3828 6216
392 322 491 378 931

1053 310 1325 369 EUSEBI‘I
1370 304 1858 365 CIESARIENSIS
1894 302 2048 363 OPP.
2081 303 2286 360 PARS.
2325 301 2397 360 ll.
2433 331 2511 351 σι-
2544 297 3047 358 APOLOGETICA.

3571 291 3675 350 232

393 449 580 491 vocas.
614 428 891 501 Numquid
928 429 1096 500 igitur
1121 425 1334 498 primus
1363 422 1456 478 ille
1479 430 1536 478 et
1573 421 1727 477 solus
1757 418 1991 488 hujusce

2119 416 2187 470 ιαί
2217 415 2377 487 μόνος
2408 414 2638 487 εὑρετὴς
2670 413 2909 484 κατέστη
2942 410 3039 466 τοῦ
3081 411 3439 482 πράγματος;
3479 407 3514 480 ἢ
3546 408 3678 463 πάν-

392 527 474 581 rei
521 524 775 577 inventor
805 519 1039 583 exstitit,
1090 531 1161 570 an
1207 527 1340 570 vero
1380 512 1451 568 de
1493 525 1667 574 more,
1711 509 1778 563 ad
1832 512 1983 579 ipsos

393 626 763 688 praeceptores
811 613 965 667 initia
1008 608 1217 665 referre
1252 604 1509 678 oportet?
1537 603 1674 658 Nam
1731 603 1780 658 si
1831 602 1984 657 nullo

396 708 631 763 docente
673 706 791 775 ipse
836 704 1048 775 primus
1078 702 1340 770 solusque
1381 700 1634 754 inventor
1675 694 1841 764 hujus
1876 694 1985 747 fuit

398 800 647 870 incmpti,
681 800 755 853 ila
789 807 847 853 ut
891 797 1023 852 nihil
1064 809 1292 866 prorsus
1322 795 1392 849 ab
1421 794 1543 847 aliis
1578 806 1809 861 usquam
1842 788 1986 844 didi-

397 889 559 951 cerit,
592 903 770 958 neque
797 887 866 941 ab
901 885 1144 955 antiquis
1173 882 1574 953 compilaverit,
1613 895 1714 935 cur
1751 896 1860 934 non
1897 880 1982 934 dio

396 982 584 1056 vinam
618 978 696 1033 illi
745 986 999 1033 naturam
1029 976 1269 1031 tribuere
1305 981 1577 1045 oporteat,
1607 973 1701 1044 qui
1728 972 1897 1027 nullis
1919 972 1987 1026 li-

397 1071 537 1136 bris,
558 1071 726 1126 nullis
751 1069 1060 1141 praeceptis,
1079 1084 1176 1123 seu
1205 1066 1655 1139 praeceptoribus.
1674 1080 1773 1121 sua
1792 1077 1988 1136 sponte

396 1164 630 1220 edoctus
662 1178 761 1233 per
802 1162 1068 1232 seipsum,
1113 1162 1294 1216 omnis
1339 1161 1645 1231 disciplinae
1670 1175 1865 1230 capax,
1901 1167 1988 1214 ta.

399 1256 534 1309 lium
565 1270 752 1309 rerum
784 1254 1045 1309 inventor
1076 1252 1384 1309 exstiterit?
1412 1252 1578 1323 Atqui
1604 1267 1783 1322 neque
1808 1249 1989 1306 sordi-

401 1347 485 1402 dae
512 1347 748 1415 alicujus
779 1347 936 1408 artis,
968 1361 1146 1415 neque
1170 1345 1455 1401 rationalis
1476 1345 1783 1415 cujuspiam
1807 1344 1988 1399 scien-

400 1441 510 1504 tite,
541 1454 605 1495 ac
630 1456 700 1495 ne
730 1440 1032 1510 primorum
1063 1437 1285 1508 quidem
1319 1437 1713 1491 elementorum
1735 1433 1985 1504 discipli-

401 1549 528 1588 nam
573 1543 635 1587 ut
686 1533 979 1603 percipias,
1020 1532 1139 1587 sine
1166 1530 1307 1585 duce
1347 1545 1413 1584 ac
1437 1539 1773 1600 praeceptore
1804 1530 1987 1599 aliquo

400 1626 516 1683 fieri
556 1634 754 1696 potest,
804 1626 1003 1680 nedum
1044 1640 1111 1679 ea
1153 1640 1276 1694 qua:
1325 1632 1577 1679 naturam
1639 1639 1987 1679 communem

401 1729 681 1789 superant.
705 1716 901 1771 Nullus
931 1726 1080 1772 certe
1100 1732 1340 1786 unquam
1367 1731 1464 1786 per
1495 1731 1556 1771 se
1582 1715 1779 1771 doetus
1807 1730 1989 1786 gram-

400 1812 617 1867 matica:
639 1819 944 1881 praeceptor
972 1809 1131 1863 nobis
1153 1810 1418 1875 occurrit,
1448 1824 1628 1878 neque
1654 1807 1863 1871 rhetor,
1894 1807 1989 1877 qni

404 1918 513 1958 non
544 1902 613 1956 ab
645 1903 831 1971 aliquo
865 1900 1142 1967 didicerit,
1183 1915 1362 1971 neque
1393 1901 1486 1970 qui
1532 1912 1726 1970 suopte
1771 1899 1990 1969 ingenio

402 1994 652 2049 medicus
688 1993 945 2056 evaserit,
1003 2008 1182 2061 neque
1241 1992 1599 2056 architectus,
1634 2007 1812 2062 neque
1856 1993 1993 2046 alte-

401 2089 521 2143 rius
551 2088 856 2158 cujuspiam
888 2087 963 2141 rei
1011 2086 1207 2141 artifex
1245 2105 1260 2142 :
1294 2094 1349 2141 et
1395 2086 1510 2141 haec
1542 2086 1761 2157 quidem
1793 2085 1991 2156 exigua

403 2181 589 2234 omnia
618 2188 781 2251 atque
805 2180 1061 2233 humana.
1092 2176 1247 2233 Vera:
1268 2186 1447 2233 autem
1481 2179 1699 2249 pietatis
1728 2179 1868 2233 inter
1896 2179 1994 2232 ho-

404 2273 582 2326 mines
609 2270 912 2332 doctorem,
962 2268 1146 2323 dicere
1184 2269 1476 2339 praestigiis
1506 2267 1834 2339 quibusdam
1860 2267 1993 2323 talia

406 2364 803 2430 introduxisse,
837 2377 904 2416 eo
937 2375 1046 2430 quo
1085 2361 1221 2414 vixit
1266 2369 1531 2431 tempore.
1564 2360 1833 2429 ejusmodi
1867 2375 1995 2430 pro-

407 2457 622 2527 digiosa
670 2455 1124 2524 admirabiliaque
1181 2452 1326 2507 facta
1371 2453 1632 2516 edidisse,
1681 2452 1992 2522 cujusmodi

409 2564 585 2619 nuper
647 2548 752 2618 ipsi
807 2548 1181 2617 exposuimus,
1248 2545 1523 2617 talemque
1588 2546 1741 2601 illum
1802 2552 1996 2614 suapte

414 2640 569 2710 131
607 2647 804 2693 natura
854 2653 1063 2708 suaque
1115 2643 1313 2707 sponte
1359 2636 1664 2701 exstitisse,
1712 2652 1892 2706 neque
1926 2637 1995 2690 ab

408 2731 653 2802 antiquis
682 2731 1029 2801 compilasse,
1062 2747 1239 2802 neque
1266 2746 1297 2786 a
1329 2731 1485 2786 novis
1528 2730 1808 2801 magistris
1839 2729 1997 2799 adju-

409 2836 529 2883 tum
576 2828 768 2892 fuisse,
806 2829 900 2899 qui
946 2829 1097 2899 paria
1135 2843 1199 2883 ac
1234 2827 1434 2884 similia
1461 2808 1587 2882 ante
1620 2825 1801 2897 ipsum
1832 2840 1994 2881 exer-

410 2920 646 2986 cuerint,
689 2920 820 2991 quid
868 2920 1040 2984 aliud,
1076 2932 1284 2990 quaeso,
1315 2925 1422 2982 est,
1456 2917 1565 2972 nisi
1609 2915 1895 2972 testificari
1944 2924 1998 2970 et

413 3013 595 3075 fateri,
635 3013 881 3067 divinum
935 3014 1096 3083 plane
1130 3012 1391 3083 quiddam
1444 3011 1635 3074 fuisse,
1667 3022 1998 3077 omnemque

2084 526 2184 573 τας
2224 525 2329 562 που
2368 507 2509 561 κατά
2541 507 2603 560 τὸ
2634 504 2926 560 ἀκόλουθον
2956 505 3037 567 εἰς
3066 498 3421 565 διδασκάλους
3441 499 3679 572 ἀναπέμ-

2086 618 2209 655 πειν
2242 600 2350 673 χρὴ
2391 600 2460 654 τὰ
2496 598 2680 664 αῖτια;
2710 598 2775 651 Εἰ
2801 597 2899 669 μὲν
2923 595 3055 668 γὰρ,
3090 594 3318 667 μηδενὸς
3346 591 3675 659 διδάξαντος,

2086 695 2249 759 αὐτὸς
2278 694 2496 768 πρῶτος
2529 692 2626 747 καὶ
2661 691 2821 762 μόνος
2861 687 3091 760 εὑρετὴς
3126 686 3319 756 γέγονε
3350 684 3453 755 τῆς
3484 687 3681 756 ἐπιχεο-

2089 791 2321 862 ρήσεως,
2362 786 2527 859 μηδὲν
2581 784 2847 857 μηδαμῶς
2880 783 3011 854 παρ’
3058 780 3262 852 ἐτέρων
3300 776 3506 849 μαθὼν,
3546 775 3682 849 μηδὲ

2087 886 2153 936 ἐκ
2184 879 2428 936 παλαιῶν
2449 879 2863 951 ὲρανισάμενος,
2882 878 3000 940 πῶς
3026 876 3087 928 οὐ
3116 873 3266 937 θείας
3297 870 3515 940 φύσεως
3543 867 3682 940 χρῆν

2086 974 2367 1046 ὁμολογεῖν
2399 973 2585 1039 αὐτὸν,
2618 971 2677 1034 ὃς
2701 966 2769 1042 ἦν
2802 970 2931 1025 ἄνευ
2972 967 3191 1039 βίϐλων,
3224 964 3321 1018 καὶ
3357 962 3555 1031 λόγων,
3590 958 3685 1014 καὶ

2086 1066 2447 1128 διδασκάλων,
2495 1064 2898 1127 αὐτοδίδακτος,
2939 1062 3035 1115 καὶ
3071 1055 3387 1128 αὐτομαθὴς
3426 1052 3684 1107 τοιούτων

2089 1160 2434 1232 πραγμάτων
2464 1158 2694 1230 εὑρετὴς
2727 1155 3106 1224 ἀναπέφηνεν;
3141 1150 3254 1205 Καὶ
3287 1147 3394 1219 μὴν
3424 1144 3551 1199 οὐτε
3584 1142 3683 1214 βα-

2088 1256 2289 1311 ναύσου
2307 1256 2524 1325 τέχνης,
2545 1251 2673 1306 οὐτε
2704 1247 2928 1318 λογικῆς
2961 1244 3296 1314 ἐπιστήμης,
3327 1238 3450 1292 οὐδέ
3481 1253 3547 1307 γε
3569 1234 3681 1288 τῶν

2090 1349 2323 1422 πρώτων
2357 1345 2638 1417 στοιχείων
2668 1340 2769 1413 τὴν
2806 1339 3042 1412 μάθησιν
3066 1335 3192 1404 δίχα
3221 1327 3458 1402 ποδηγοῦ
3486 1327 3583 1382 καί⁵
3604 1327 3687 1383 δι-

2090 1442 2362 1498 δασκάλου
2394 1439 2539 1500 τινὸς
2571 1433 2861 1489 ἀναλαϐεῖν
2902 1428 3147 1492 δυνατὸν,
3185 1427 3259 1500 μὴ
3301 1424 3422 1496 οὐχὶ
3443 1423 3544 1495 τὴν
3568 1438 3688 1475 κοι-

2090 1534 2188 1606 νὴν
2220 1530 2563 1602 ἐκϐεϐηκότα
2597 1526 2780 1596 φύσιν.
2808 1523 3000 1587 Οὐδεὶς
3031 1521 3163 1590 γοῦν
3193 1519 3303 1573 τῶν
3339 1516 3563 1571 πώποτε
3588 1514 3689 1569 αὐ-

2087 1624 2396 1687 τοδίδακτος
2436 1624 2569 1693 ἡμῖν
2633 1615 3033 1691 γραμματικῆς
3065 1610 3314 1685 παρῆλθε
3343 1608 3687 1673 διδάσκαλος,

2090 1717 2211 1773 οὐδέ
2233 1732 2299 1786 γε
2330 1715 2513 1787 ῥήτωρ
2536 1712 2611 1784 μὴ
2641 1706 3002 1782 μεμαθηκὼς,
3023 1704 3146 1759 οὐδὲ
3168 1700 3447 1773 αὐτοφυής
3478 1697 3689 1770 ἰατρὸς,

2096 1810 2218 1865 οὐδὲ
2254 1809 2485 1870 τέκτων,
2514 1805 2622 1859 οὐδ’
2659 1803 2852 1875 ἐτέρας
2888 1797 3223 1872 δημιουργὸς
3251 1796 3466 1866 τέχνης.
3493 1792 3691 1847 Καίτοι

2102 1900 2277 1974 μικρά
2302 1897 2478 1954 ταῦτα
2512 1896 2606 1951 καὶ
2627 1892 2960 1966 ἀνθρώπεια.
2997 1889 3143 1944 Τὸδὲ
3178 1888 3342 1958 φάναι
3368 1881 3694 1974 τὸν

2099 1973 2216 2046 πων
2243 1988 2524 2051 εὐσεϐείας
2544 1984 2779 2056 ἀληθοῦς
2803 1978 3124 2037 διδάσκαλον
3152 1974 3378 2031 τοιαῦτα
3415 1973 3695 2044 τεθαυμα-

2098 2081 2436 2155 τουργηκότα
2474 2078 2596 2133 καθ’
2639 2076 2698 2130 δν
2754 2073 3019 2145 ἐπεδήμει
3062 2067 3140 2140 τῷ
3181 2068 3281 2140 βίῳ
3328 2067 3544 2140 χρόνον,
3592 2063 3693 2119 καὶ

2099 2176 2353 2241 τοιαύτας
2387 2171 2727 2245 παραδόξους
2768 2165 3054 2239 τερατείας
3089 2161 3449 2233 πεποιηκότα,
3485 2161 3553 2223 ἃς
3590 2160 3695 2229 ἀρ-

2099 2270 2230 2334 τίως
2307 2265 2654 2339 διεξήλθομεν
2683 2302 2699 2327 ,
2775 2264 2841 2316 ἐκ
2909 2258 3006 2313 τοῦ
3076 2255 3387 2326 αὐτομάτου
3444 2250 3693 2305 τοιοῦτον

2102 2362 2289 2433 φῆναι,
2333 2361 2471 2432 μήτε
2516 2357 2667 2429 παρά
2700 2351 2946 2408 παλαιῶν
2993 2346 3415 2422 ἐρανισάμενον,
3465 2345 3590 2415 μήτ’
3621 2344 3698 2395 ἐκ

2100 2455 2238 2510 νέων
2269 2451 2605 2507 διδασκάλων
2668 2443 3020 2515 ὠφελημένον
3042 2481 3057 2507 ,
3115 2439 3185 2493 τά
3229 2439 3390 2509 ὅμοια
3446 2435 3544 2490 καὶ
3585 2433 3698 2506 πρὸ

2102 2546 2267 2606 αὐτοῦ
2314 2543 2696 2613 πεποιηκότων
2720 2579 2734 2606 ,
2766 2537 2819 2592 τί
2865 2534 3053 2605 ἄλλοῆ
3107 2528 3527 2605 μαρτυρούντων
3575 2526 3699 2581 ἐστὶ

2103 2643 2197 2696 καὶ
2222 2636 2626 2711 ὁμολογούντων
2649 2633 2790 2687 θεῖον
2813 2626 3029 2698 άληθῶς
3057 2626 3246 2697 χρῆμα
3269 2621 3574 2692 γεγονέναι,
3600 2619 3698 2674 καὶ

2104 2736 2285 2789 πᾶσαν
2330 2729 2617 2802 ἀνθρώπου
2676 2725 2837 2795 φύσιν
2887 2717 3324 2793 ὑπερϐεϐηκέναι
3356 2715 3447 2769 τὸν
3499 2711 3699 2783 δηλού-

2108 2840 2300 2895 μενον;
2346 2818 2507 2875 Ἀλλά
2532 2815 2873 2877 διδασκάλοις
2905 2811 3068 2865 αὐτὸν
3112 2810 3220 2880 φῂς
3260 2802 3696 2895 προσεσχηκέναι

2107 2890 2348 2973 πλάνοις,
2384 2907 2521 2979 μηδέ
2555 2904 2736 2959 λαθεῖν
2766 2901 2928 2956 αὐτὸν
2957 2898 3025 2953 τὰ
3050 2897 3190 2967 σοφά
3218 2895 3327 2950 τῶν
3356 2890 3697 2962 Αἰγυπτίων,

2105 3004 2200 3058 καὶ
2230 3002 2339 3056 τῶν
2370 3000 2537 3054 πάλαι
2573 2998 2704 3067 παρ’
2742 2996 2927 3058 αὐτοῖς
2953 2989 3259 3062 λεγομένων
3288 2986 3357 3040 τά
3385 2984 3697 3055 ἀπόρρητα,

412 3104 697 3159 hominum
744 3114 997 3159 naturam
1048 3118 1341 3174 superasse
1371 3102 1524 3156 illum
1559 3100 1628 3157 de
1659 3114 1769 3171 quo
1797 3099 1998 3170 quaeri-

2119 3098 2237 3170 παρ⁹
2268 3089 2344 3150 ὧν
2378 3091 2774 3161 συλλεξάμενον
2791 3128 2807 3152 ,
2853 3086 3023 3152 ἄνδρα
3060 3081 3301 3136 τοιοῦτον
3331 3076 3443 3133 οἷον
3473 3080 3503 3131 ὁ
3538 3075 3699 3145 λόγος

2225 3188 2237 3194 -
2495 3185 2507 3194 ι
2598 3182 2621 3194 α
2713 3180 2769 3194 Λι-
2914 3176 2978 3194 mi
3013 3176 3141 3194 διε-μη
3177 3168 3287 3194 -Ϊ..-
3313 3166 3343 3194 1
3380 3186 3525 3194 --η-ρ
3554 3168 3699 3194 ΕἹῚΑ.

414 3196 574 3251 mus?
602 3196 669 3250 At
700 3196 846 3251 enim
895 3196 1189 3266 magistros
1238 3195 1391 3249 illum
1433 3193 1573 3248 dicis
1606 3192 1866 3247 habuisse
1898 3191 2001 3244 im-

414 3298 686 3361 postores,
705 3305 805 3345 nec
829 3290 897 3344 ab
919 3287 1301 3361 Egyptiorum
1331 3286 1601 3358 sapientia
1629 3283 2000 3351 abhorruisse,

417 3397 520 3438 nec
537 3397 657 3451 quae
678 3381 896 3436 illorum
926 3382 1229 3451 antiquitas
1251 3379 1441 3434 habuit
1465 3393 1667 3451 arcana
1695 3378 2000 3447 ignorasse,

417 3489 448 3529 a
480 3450 682 3545 quibus
709 3488 836 3528 cum
869 3450 1204 3545 collegisset,
1238 3450 1640 3542 qualem'l‘ama
1689 3467 1795 3523 fert
1839 3466 2004 3520 talem

415 3565 685 3623 evasisse.
747 3564 861 3620 Cur
912 3565 1080 3637 igitur
1120 3565 1214 3620 alii
1272 3563 1410 3619 nulli
1457 3563 1550 3617 illo
1594 3559 2005 3632 praestantiores

418 3659 691 3730 magistri,
726 3658 819 3728 qui
853 3664 909 3712 et
954 3658 1106 3712 illum
1151 3664 1314 3712 aetate
1365 3653 1783 3716 antecesserint,
1822 3660 1878 3706 et
1905 3664 2006 3706 sua

417 3750 671 3806 doctrina
717 3749 1077 3813 instituerint,
1110 3755 1205 3803 aut
1256 3747 1314 3803 in
1349 3746 1608 3818 Egypto,
1635 3752 1730 3798 aut
1772 3757 2006 3813 usquam

389 3865 392 3869 ~
418 3841 574 3907 alibi,
609 3840 714 3896 visi
747 3841 909 3896 sunt?
932 3840 1046 3894 Cur
1074 3839 1241 3910 igitur
1268 3853 1376 3893 non
1409 3837 1478 3893 de
1501 3836 1612 3891 illis
1639 3849 1858 3906 quoque
1883 3841 2010 3889 ante

422 3933 588 4003 hujus
631 3931 1062 3996 accusationem,
1095 3931 1153 3985 in
1185 3944 1379 3985 omnes
1409 3927 1661 3983 homines
1700 3925 1846 3980 fama
1884 3940 2010 3995 per-

421 4023 605 4079 venit?
645 4038 745 4078 cur
782 4038 892 4077 non
942 4022 1067 4077 item
1113 4020 1335 4075 illorum
1389 4019 1532 4075 sicut
1592 4017 1764 4072 nostri
1821 4014 2009 4083 hujus,

423 4116 590 4169 etiam
621 4129 770 4170 nunc
797 4112 972 4185 gloria
1000 4109 1407 4177 canitur?Quis
1432 4123 1562 4166 vero
1584 4121 1826 4177 unquam
1872 4120 2012 4175 prae-

425 4207 677 4278 stigiator
727 4220 919 4261 eorum
960 4204 1056 4275 qui
1109 4203 1338 4267 fuerint,
1373 4217 1442 4257 ex
1476 4214 1586 4271 quo
1630 4214 1725 4254 res
1760 4197 2013 4251 humanae

423 4313 663 4368 coepere,
698 4307 790 4352 aut
814 4295 959 4367 apud
992 4295 1281 4358 barbaros,
1312 4300 1406 4348 aut
1431 4291 1576 4363 apud
1602 4290 1846 4352 Grzecos,
1875 4287 2013 4342 tales

427 4387 666 4444 instituit
719 4386 1042 4458 discipulos,
1089 4390 1184 4439 aut
1230 4382 1423 4439 talium
1480 4381 1662 4451 legum
1710 4377 2013 4444 taliumque

2104 3166 2453 3261 παρίστησιν,
2484 3180 2890 3251 ἀποδειχθῆναι.
2914 3176 2978 3231 Τί
3009 3176 3146 3247 δῆτα
3172 3166 3348 3244 οὗν;ἦ
3379 3186 3525 3233 τινες
3550 3168 3704 3224 ἄλλος

2104 3283 2385 3355 κρείττους
2425 3275 2589 3332 αὐτοῦ
2636 3274 2931 3345 πεφήνασι,
2960 3268 3055 3324 καὶ
3096 3266 3350 3340 πρότεροι
3392 3262 3698 3355 τῷνχρόνῳ,

2106 3352 2202 3429 καὶ
2237 3370 2401 3427 αὐτοῦ
2449 3367 2796 3429 διδάσκαλοι,
2847 3363 2945 3417 εἰτ’
2977 3362 3065 3414 ἐπ’
3103 3356 3414 3425 Αἰγύπτου,
3446 3352 3551 3407 εἷθ’
3591 3354 3703 3423 ὅπη

2105 3461 2203 3531 δή;
2232 3459 2296 3512 Τί
2325 3453 2418 3511 οὖν
2439 3454 2558 3526 οὐχὶ
2584 3453 2854 3508 κάκείνων
2881 3449 2986 3522 πρὸ
3015 3448 3116 3518 τῆς
3142 3445 3331 3500 τούτου
3359 3440 3707 3514 κατηγορίας

2107 3550 2342 3620 ἔφθασεν
2366 3551 2447 3612 εἰς
2469 3548 2678 3610 πάντας
2704 3542 3026 3615 ἀνθρώπους
3044 3543 3079 3612 ή
3109 3540 3266 3612 φήμη
3288 3554 3303 3604 ;
3329 3537 3364 3609 ἢ
3390 3536 3445 3589 τί
3477 3535 3554 3606 μὴ
3582 3534 3708 3605 οὐχὶ

2107 3644 2376 3699 κάκείνων
2418 3642 2587 3696 εἰσέτι
2639 3639 2735 3694 νῦν
2768 3637 2838 3699 ,τὸ
2893 3634 3051 3697 κλέος
3086 3633 3274 3704 ᾅδεται
3318 3628 3399 3699 τῷ
3448 3626 3710 3699 ἡμετέρῳ

2111 3734 2538 3807 παραπλησίως;
2572 3729 2670 3794 Τίς
2698 3729 2756 3782 δὲ
2796 3726 2907 3780 τῶν
2941 3725 3036 3779 ἀπ’
3074 3723 3272 3785 αἰῶνος
3299 3719 3521 3774 πώποτε
3546 3719 3709 3788 γόης,

2113 3824 2388 3897 βάρϐαρος
2432 3822 2466 3893 ἢ
2499 3818 2735 3890 Ἕλλην,
2785 3815 3043 3871 τοιούτων
3081 3813 3323 3883 κατέστη
3380 3808 3710 3869 διδάσκαλος

2111 3915 2400 3988 φοιτητῶν,
2432 3914 2526 3968 καὶ
2561 3911 2818 3966 τοιούτων
2851 3910 3031 3980 νόμων
3059 3909 3154 3962 καὶ
3184 3907 3361 3975 λόγων
3394 3901 3668 3970 αὐθέντης
3693 3937 3710 3963 ,

2111 4010 2238 4063 οἴων
2288 4010 2322 4079 ή
2355 4004 2450 4060 τοῦ
2506 4004 2758 4075 Σωτῆρος
2819 4000 2975 4072 ἡμῶν
3024 3997 3389 4052 ἐπιδέδεικται
3436 3992 3709 4061 δύναμιςς

2125 4101 2317 4164 ’ἰάσεις
2335 4098 2393 4152 δὲ
2412 4095 2637 4151 τοσάσδε
2657 4094 2751 4148 καὶ
2771 4091 3111 4167 παραδόξους
3129 4085 3450 4159 εὐεργεσίας
3467 4082 3712 4143 τοιάσδε,

2113 4196 2231 4258 οἵας
2256 4195 2285 4247 ὁ
2326 4191 2598 4264 ἡμέτερος
2637 4185 2954 4257 πεποιηκὼς
3001 4180 3423 4256 μνημονεύεται,
3463 4177 3551 4242 τίς
3592 4174 3714 4229 πῶ-

2114 4303 2245 4340 ποτε
2283 4280 2722 4355 διαπραξάμενος
2752 4280 3075 4351 ἰστορεῖται;
3100 4274 3256 4338 Τίνος
3282 4273 3341 4327 δὲ
3368 4274 3417 4326 οἱ
3438 4268 3717 4342 γνώριμοι

2116 4381 2209 4435 καὶ
2235 4378 2345 4433 τῶν
2371 4376 2714 4450 πραγμάτων
2739 4373 3029 4435 αὐτόπται,
3046 4369 3135 4424 διά
3155 4367 3329 4439 πυρὸς
3353 4365 3453 4419 καὶ
3486 4364 3715 4435 σιδήρου

425 4488 821 4551 praceptorum
852 4451 1049 4533 auctor
1079 4476 1200 4541 fuit,
1227 4474 1475 4546 qualium
1513 4472 1685 4527 fuisse
1713 4469 2005 4524 Salvatoris

2119 4469 2344 4540 δοκιμῆς
2370 4467 2471 4539 τὴν
2503 4466 2644 4538 ὑπὲρ
2671 4458 2746 4520 ὧν
2764 4460 3151 4536 ἐμαρτύρησαν
3183 4457 3442 4530 ἀλήθειαν
3470 4451 3717 4508 ἐπιστώ-

427 4574 604 4630 nostri
653 4574 829 4628 virtus
883 4569 1226 4628 ostenditur?
1276 4575 1372 4623 aut
1419 4566 1546 4638 quis
1598 4577 1842 4634 unquam
1902 4567 2015 4615 tam

429 4666 617 4721 multis
646 4664 895 4728 medelis,
926 4672 1037 4718 tam
1063 4660 1415 4717 mirabilibus
1440 4656 2016 4725 beneﬁcentiis,quam

430 4758 520 4813 hic
560 4766 750 4813 noster
781 4754 1002 4810 functus
1035 4752 1403 4809 memoratur?
1431 4750 1602 4820 Cujus
1635 4757 1817 4803 autem
1862 4745 2020 4799 fami-

432 4849 598 4905 liares
635 4848 778 4919 ignis
811 4847 1056 4916 ferrique
1084 4844 1410 4915 probatione
1441 4856 1630 4898 earum
1662 4853 1846 4895 rerum
1881 4851 2019 4907 quas

435 4941 865 4998 testificarentur
888 4940 1173 4994 veritatem
1205 4937 1282 4991 ita
1311 4935 1732 4998 confirmarunt,
1756 4939 1815 4986 nt
1846 4928 2020 4985 nostri

435 5032 742 5089 Salvatoris
770 5030 1049 5103 discipuli,
1081 5030 1175 5101 qui
1203 5028 1388 5085 omnia
1419 5025 1641 5098 quidem
1675 5024 1876 5097 probra
1898 5037 2023 5093 per-

434 5123 704 5190 tulerunt,
728 5123 911 5179 omnia
962 5136 1095 5178 vero
1143 5127 1546 5175 tormentorum
1583 5129 1784 5187 genera
1822 5114 2025 5169 tolera-

438 5223 590 5282 runt,
610 5221 665 5270 et
692 5212 927 5284 denique
953 5212 1237 5283 proprium
1263 5209 1587 5281 sanguinem
1614 5204 1945 5266 eﬁuderunt,
1966 5210 2027 5257 ut

440 5324 561 5380 qua:
608 5308 712 5377 ipsi
770 5307 1048 5363 testificati
1083 5314 1269 5362 essent
1298 5297 1729 5358 conlirmarent?
1756 5297 2026 5353 Prmterea

437 5398 758 5469 quicunque
799 5396 929 5451 huic
978 5404 1180 5451 nostrae
1222 5392 1423 5448 rationi
1478 5392 1819 5455 adversatur,
1855 5386 2025 5450 dicat,

439 5505 650 5562 quaeso,
679 5488 807 5560 quis
854 5502 1097 5559 unquam
1146 5486 1513 5557 praestigiator
1567 5482 1762 5538 saltem
1813 5478 1870 5533 in
1902 5478 2025 5531 ani-

442 5597 592 5637 mum
623 5579 860 5647 induxit,
879 5579 948 5635 de
982 5579 1207 5650 proprio
1258 5577 1484 5633 nomine
1540 5586 1601 5628 se
1651 5586 1807 5627 novze
1838 5569 2029 5641 cujus-

443 5673 571 5728 dam
626 5672 807 5744 gentis
858 5672 1150 5726 factionem
1216 5665 1708 5739 comparaturum?
1759 5662 1874 5717 Hoc
1930 5675 2031 5714 au-

444 5770 555 5821 tem
608 5765 787 5837 ipsum
845 5760 1156 5834 quempiam
1221 5774 1335 5816 non
1393 5758 1556 5815 modo
1600 5755 1897 5828 cogitasse,
1932 5752 2030 5809 sed

2118 4577 2302 4626 σαντο,
2341 4556 2627 4630 ὡσπεροῦν
2683 4557 2734 4610 οἰ
2779 4555 2875 4609 τοῦ
2936 4553 3187 4624 Σωτῆρος
3236 4547 3396 4621 ἡμῶν
3443 4545 3716 4618 μαθηταὶ,

2118 4653 2298 4715 πάσας
2334 4650 2432 4722 μὲν
2478 4649 2663 4713 αἰκίας
2711 4646 3070 4708 ἀνατλάντες,
3106 4643 3288 4706 πάσας
3343 4640 3405 4694 δὲ
3460 4638 3721 4709 βασάνων

2122 4746 2267 4808 ἰδέας
2298 4742 2713 4813 ὑπομείναντες,
2737 4740 2832 4794 καὶ
2860 4737 3014 4801 τέλος
3038 4734 3126 4789 διὰ
3159 4733 3254 4787 τοῦ
3291 4732 3423 4786 ἰδίου
3457 4730 3720 4801 αἵματος,

2120 4836 2188 4890 τά
2227 4835 2356 4906 περὶ
2383 4832 2546 4887 αὐτοῦ
2583 4830 3007 4903 μαρτυρηθέντα
3034 4828 3224 4889 αὐτοῖς
3269 4823 3723 4894 πιστωσάμενοις

2125 4928 2247 4980 Ἔτι
2276 4924 2416 4996 πρὸς
2447 4923 2677 4988 τούτοις,
2705 4925 2734 4976 ό
2758 4922 2835 4994 τῷ
2862 4920 2929 4974 δι’
2959 4917 3208 4982 ἐναντίας
3229 4919 3363 4989 ήμῖν
3399 4915 3547 4986 λόγῳ
3579 4931 3726 4986 παρ-

2123 5019 2412 5091 ιστάμενος
2460 5016 2690 5087 λεγέτω,
2737 5016 2823 5079 τίς
2867 5015 2977 5069 τῶν
3008 5012 3228 5066 πώποτε
3258 5011 3476 5082 γοήτων
3502 5006 3611 5062 κᾶν
3644 5007 3725 5067 εἰς

2123 5110 2248 5165 νοῦν
2274 5109 2498 5164 ἐϐάλετο
2519 5109 2643 5164 νέου
2677 5106 2865 5172 ἔθνους
2903 5105 2996 5159 ἐπί
3027 5103 3215 5172 οἰκείῳ
3250 5102 3480 5172 ὀνόματι
3518 5099 3721 5153 σύστα-

2127 5220 2211 5256 σιν
2235 5201 2592 5274 ποιήσασθαι;
2621 5199 2696 5254 Τὸ
2719 5198 2775 5252 δὲ
2806 5196 2882 5269 μὴ
2912 5196 3070 5268 μόνον
3090 5195 3340 5266 ἐννοῆσαι
3369 5191 3552 5255 τοῦτο,
3587 5189 3723 5245 ἀλλὰ

2126 5297 2221 5350 καλ¹
2253 5294 2600 5367 κατορθῶσαι
2626 5293 2687 5346 τὸ
2722 5289 3005 5363 βουληθὲν,
3040 5288 3158 5351 πῶς
3202 5287 3263 5340 οὐ
3292 5286 3479 5338 πᾶσαν
3504 5281 3703 5354 ἀνθρώ

2127 5404 2230 5441 που
2265 5387 2526 5441 καλύπτοι
2575 5384 2643 5438 ἂν
2674 5381 2873 5452 relicui;
2914 5379 3187 5441 Βασιλέων
3219 5377 3276 5431 δὲ
3322 5376 3587 5446 δόγμασι,
3632 5373 3727 5426 καὶ

2130 5477 2374 5531 παλαιῶν
2405 5474 2731 5547 νομοθετῶν,
2767 5472 3074 5544 φιλοσόφων
3106 5488 3167 5524 τε
3195 5468 3289 5523 καὶ
3332 5466 3608 5537 ποιητῶν,
3635 5463 3729 5516 καὶ

2131 5564 2398 5636 θεολόγων
2419 5566 2480 5631 ἐξ
2507 5565 2756 5628 ἐναντίας
2783 5563 2972 5618 θέσθαι
2990 5561 3189 5632 νόμους
3208 5558 3336 5622 τοὺς
3360 5558 3489 5611 κατ’
3507 5553 3731 5608 εἰδωλο-

2130 5659 2384 5732 λατρείας
2408 5699 2423 5722 ,
2479 5659 2574 5712 καὶ
2605 5657 2830 5722 τούτους
2881 5653 3185 5728 κρατῦναι.
3228 5651 3480 5722 ἀμάχους
3520 5663 3588 5699 τε
3639 5642 3734 5697 καὶ

2132 5751 2435 5826 ἀηττήτους
2465 5752 2544 5815 εἰς
2588 5749 2798 5825 μακρὸν
2832 5735 3093 5812 ἐπιδεῖξαι
3133 5743 3326 5810 αἰῶνα,
3369 5743 3460 5806 τίς
3504 5736 3731 5794 mimo“
