3828 6216
183 303 272 358 233
1045 303 1702 362 DEMONSTRATIONIS
1742 304 2210 364 EVANGEIJCE
2264 305 2395 364 LIB.
2434 307 2528 365 Ill.

3302 312 3411 371 238

180 427 360 498 γοήτων
388 424 749 495 διανενόηταις
791 424 850 480 ’0
881 427 941 481 δὲ
964 428 1158 500 Σωτὴρ
1190 429 1286 482 καὶ
1325 428 1533 499 Κύριος
1570 427 1717 500 ήμῶι

1832 433 1996 487 etiam
2026 430 2325 501 perfecisse
2366 446 2467 488 suo
2501 412 2795 498 arbitratu,
2831 446 2932 487 cur
2960 447 3069 487 non
3100 439 3267 488 totam
3311 435 3411 490 ho-

179 524 263 574 οὐκ
286 520 519 591 ἐνενόησε
554 522 675 592 μὲν,
703 523 764 576 οὐ
793 523 1098 593 τετόλμηκε
1123 524 1181 577 δὲ
1207 525 1583 596 ἐπιχειρῆσαι·
1606 524 1722 579 ἀλλ’

178 616 280 669 οὐδέ
296 614 606 686 ἐπεχείρησε
634 615 756 686 μὲν,
780 616 841 670 ού
864 616 1194 688 κατώρθωσε
1221 616 1280 670 δέ
1295 634 1308 647 ⁸
1332 618 1414 671 ἐνὶ
1438 618 1496 671 δὲ
1520 620 1724 690 ῥήματι

181 708 261 761 καὶ
302 709 391 778 μιᾷ
432 710 579 778 φωνῇ
621 709 800 779 φήσας
833 709 966 778 πρὸς
1021 710 1149 772 τοὺς
1199 710 1394 763 ἐαυτοῦ
1437 709 1719 780 μαθητάς·

187 816 203 849 ι
229 798 566 868 Πορευθέντες
622 798 1000 869 μαθητεύσατε
1048 799 1229 855 πάντα
1272 800 1340 854 τὰ
1377 800 1503 873 ἔθνη
1544 802 1602 855 ἐν
1647 800 1725 872 τῷ

178 888 369 959 ὀνόματί
401 906 500 961 μου
520 929 535 954 ,
573 888 916 954 διδάσκοντες
950 891 1146 956 αὐτοὺς
1177 895 1367 961 τηρεῖν
1407 893 1583 947 πάντα
1623 894 1725 946 ὃσα

178 981 495 1051 ἐνετειλάμην
536 982 686 1052 ὑμῖν,
713 1001 733 1033 ι
782 981 943 1053 ἔργον
974 984 1148 1054 ἐπῆγε
1191 984 1272 1055 τῷ
1312 985 1476 1056 λόγῳ,
1524 985 1725 1040 αὐτίκα

175 1090 225 1126 τε
257 1073 608 1143 ἐμαθητεύετο
639 1076 698 1129 ἐν
740 1076 905 1147 ὀλίγῳ
943 1078 1052 1130 πᾶν
1083 1077 1240 1147 γένος
1273 1079 1538 1151 Ἑλλήνων
1585 1078 1722 1150 ὁμοῦ

176 1167 255 1219 κειί⁵
284 1167 592 1240 βαρϐάρων,
642 1169 740 1223 καὶ
789 1169 944 1240 νόμοι
990 1171 1126 1223 πᾶσι
1172 1173 1286 1235 τοῖς
1327 1171 1507 1225 ἔθνεσι
1565 1188 1725 1225 κατε-

176 1258 454 1330 σπείροντο,
502 1259 735 1314 ἐναντίοι
774 1262 840 1332 τῇ
875 1261 987 1315 τῶν
1021 1262 1268 1317 παλαιῶν
1296 1264 1718 1336 δεισιδαιμονίᾳ·

175 1349 305 1420 νόμοι
331 1351 596 1422 δαιμόνων
636 1354 885 1425 πολέμιοι
912 1356 1007 1409 καὶ
1034 1359 1216 1427 πάσης
1243 1355 1428 1428 ἐχθροὶ
1461 1355 1721 1411 πολυθέΟυ

175 1441 353 1512 πλάνης
375 1458 391 1472 ο
418 1442 573 1514 νόμοι
607 1444 852 1509 Σκυθῶν,
880 1447 977 1501 καὶ
1007 1445 1254 1517 Περσῶν,
1289 1446 1383 1501 καὶ
1410 1445 1518 1499 τῶν
1548 1446 1723 1502 ἄλλων

176 1529 429 1606 βαρϐάρων
458 1538 843 1608 σωφρονισταὶ,
874 1538 1267 1611 ἀποτρεπτικοί
1306 1555 1368 1591 τε
1409 1538 1591 1610 πάσης
1627 1540 1721 1592 ἐκ-

171 1623 348 1697 θέσμου
378 1630 470 1681 καὶ
496 1628 797 1700 θηριώδους
816 1631 1029 1703 διαίτης
1052 1648 1066 1662 ·
1104 1631 1258 1703 νόμοι
1292 1630 1402 1684 τῶν
1435 1630 1495 1696 ἐξ
1526 1631 1721 1696 αἰῶνος

172 1719 283 1789 παρ’
309 1720 482 1785 αὐτοῖς
517 1721 773 1792 Ἕλλησιν
804 1722 942 1776 ἐθῶν
991 1724 1404 1794 άνατρεπτικοὶ,
1437 1721 1634 1793 καινῆς
1663 1722 1722 1775 δὲ

174 1810 251 1863 καὶ
275 1810 495 1880 ἀληθοῦς
539 1813 818 1878 εὐσεϐείας
864 1814 1305 1884 καταγγελτικοί.
1348 1814 1414 1868 Τί
1453 1814 1589 1887 δῆτα
1629 1811 1723 1870 οὖν

172 1906 266 1968 τοῖς
289 1904 447 1959 πάλαι
476 1906 637 1977 γόησι
674 1906 781 1980 πρὸ
811 1907 921 1960 τῶν
948 1908 1042 1961 τοῦ
1079 1907 1253 1979 Ἰησοῦ
1300 1908 1526 1978 χρόνων,
1552 1907 1586 1978 ἢ
1628 1909 1723 1961 καὶ

173 1994 289 2064 μετὰ
312 1997 475 2051 ταῦτα
498 1997 760 2062 τοιοῦτον,
783 1997 817 2068 ἦ
841 1998 935 2051 καὶ
961 1996 1345 2069 παραπλήσιον
1370 1995 1718 2067 τετόλμηται,

168 2086 233 2150 ὡς
250 2089 457 2152 εἰκότως
492 2089 855 2158 φάναι.αὑτὸν
894 2089 1024 2161 παρ’
1061 2089 1266 2160 ἐτέρων
1290 2088 1605 2159 ὠφελῆσθαι
1650 2088 1721 2143 τὰ

167 2179 252 2249 τῆς
270 2183 546 2253 γοητείας;
590 2184 654 2236 Εἰ
684 2183 729 2236 δ’
771 2184 961 2237 οὐδένα
988 2184 1054 2238 ἄν
1085 2200 1170 2246 τις
1210 2181 1325 2252 ἔχοι
1366 2180 1543 2250 λέγειν
1572 2180 1721 2252 αὐτῷ

165 2273 415 2341 γεγονέναι
459 2276 648 2346 ὅμοιον
686 2275 898 2345 (οὐδεὶς
934 2275 1044 2347 γὰρ
1082 2271 1150 2346 ἦν
1209 2272 1360 2345 αὐτῷ
1402 2273 1576 2338 αἴτιος
1619 2274 1721 2345 τῆς

164 2366 402 2438 τοσαύτης
431 2368 704 2439 ἀρετῆς),
738 2367 855 2440 ῶρα
902 2367 1196 2440 τοιγαροῦν
1232 2368 1513 2440 ὁμολογεῖν
1562 2368 1718 2440 ξένην

162 2457 268 2511 τινὰ
289 2461 376 2512 καὶ
405 2460 560 2514 θείαν
586 2460 747 2529 φύσιν
772 2461 1230 2531 ἐπιδεδημηκέναι
1251 2459 1329 2530 τῷ
1367 2460 1487 2530 βίῳ,
1580 2462 1717 2534 μόνῃ

164 2549 244 2601 καὶ
272 2549 456 2624 πρώτῃ
487 2552 560 2605 τὰ
602 2551 963 2623 μηδεπώποτε
998 2552 1129 2623 παρ’
1168 2550 1477 2624 ἀνθρώποις
1513 2570 1721 2623 μνημο-

159 2639 389 2694 νευθέντα
407 2640 790 2715 κατώρθωται.
819 2643 978 2697 Ἀλλὰ
1008 2643 1295 2698 καὶταῦτα
1321 2644 1420 2715 μὲν
1443 2638 1547 2698 ὧδε
1570 2643 1722 2708 τέλος

160 2730 326 2800 ἐχέτω.

1827 524 1995 578 minis
2056 531 2310 578 naturam
2358 523 2619 596 effugiat?
2652 523 2896 581 Decretis
2947 540 3076 581 vero
3107 532 3162 581 et
3196 540 3407 597 regum,

1825 621 1880 669 et
1916 630 2107 670 eorum
2157 616 2251 686 qui
2296 616 2444 688 leges
2493 615 2709 687 priscas
2745 616 3111 678 condiderint,
3144 624 3201 672 et
3232 616 3412 689 philo-

1826 706 2146 777 sophorum,
2179 717 2234 763 et
2261 715 2569 778 poetarum,
2599 715 2654 764 et
2685 708 3062 778 theologorum
3105 707 3411 763 contrarias

1826 798 1973 869 leges
2001 813 2222 868 ponere,
2251 815 2374 869 qua:
2393 800 2817 856 simulacrorum
2839 801 3045 856 cultum
3071 808 3407 873 oppugnent.

1826 906 2055 962 quaeque
2090 892 2236 963 quod
2264 893 2457 948 volunt
2483 893 2789 961 obtineant,
2818 892 3151 964 easdemque
3179 894 3412 966 inexpu-

1825 983 2093 1054 gnabiles.
2119 992 2175 1038 et
2204 983 2437 1040 invictas
2468 984 2524 1039 in
2555 992 2880 1055 perpetuum
2907 984 3271 1053 constituere,
3286 985 3413 1057 quis

1825 1092 1891 1132 ex
1930 1077 2187 1133 omnibus
2236 1079 2331 1148 qui
2374 1093 2618 1148 unquam
2668 1078 2892 1142 fuerint,
2924 1077 3291 1149 praestigiator
3316 1092 3412 1133 co—

1824 1169 2055 1242 gitavit?
2080 1171 2148 1224 At
2195 1170 2344 1227 enim
2396 1168 2650 1225 Salvator
2680 1184 2745 1226 ac
2788 1170 3054 1226 Dominus
3084 1177 3273 1227 noster
3298 1186 3410 1228 non

1825 1263 1908 1319 sic
1941 1261 2160 1333 quidem
2202 1262 2464 1333 cogitavit
2492 1262 2617 1323 hoc,
2652 1271 2713 1317 ut
2737 1270 2928 1332 postea
2958 1262 3181 1334 aggredi
3203 1276 3313 1318 non
3340 1264 3413 1320 sit

1826 1369 2028 1420 ausus;
2060 1368 2240 1424 neque
2266 1367 2396 1409 vero
2423 1355 2505 1408 sic
2532 1367 2826 1425 aggressus
2853 1361 2958 1420 est,
2985 1363 3045 1409 ut
3081 1361 3271 1425 postea
3296 1370 3413 1411 non

1824 1443 2112 1516 perfecerit
2144 1464 2157 1499 :
2189 1443 2286 1502 sed
2313 1460 2425 1500 uno
2452 1446 2621 1501 verbo
2650 1460 2868 1517 unaque
2897 1459 3031 1501 voce
3074 1460 3200 1501 cum
3233 1444 3411 1504 dixis-

1825 1546 1910 1592 set
1967 1536 2036 1592 ad
2095 1550 2229 1593 suos
2290 1536 2644 1607 discipulos:
2684 1536 2843 1606 132
2900 1555 2920 1588 ι
2974 1534 3074 1602 Ite,
3137 1537 3413 1594 instituite

1823 1643 2016 1684 omnes
2040 1636 2232 1699 gentes
2271 1628 2330 1684 in
2368 1629 2591 1685 nomine
2640 1644 2784 1697 meo,
2827 1628 3090 1685 docentes
3144 1645 3240 1687 eas
3291 1645 3413 1699 ser-

1824 1732 1954 1772 vare
1977 1733 2318 1788 quaecunque
2342 1716 2597 1773 mandavi
2616 1717 2775 1774 vobis
2788 1718 2856 1784 ⁸⁸,
2880 1738 2899 1771 ι
2919 1719 3088 1775 verbo
3102 1734 3218 1775 rem
3248 1727 3414 1791 atque

1756 1778 1798 1833 Β
1828 1778 2125 1864 eﬁicaciam
2186 1778 2433 1879 adjecit:
2465 1814 2632 1880 atque
2666 1778 2933 1881 evestigio
2972 1809 3029 1864 in
3061 1778 3414 1881 disciplinam

1828 1899 1979 1954 venit
2033 1898 2188 1954 brevi
2244 1906 2492 1970 tempore
2528 1915 2694 1956 omne
2724 1914 2899 1971 genus
2936 1907 2991 1955 et
3016 1899 3331 1957 Graecorum
3357 1909 3415 1958 et

1827 1988 2185 2042 barbarorum
2221 2005 2236 2042 :
2269 1995 2324 2042 et
2370 1988 2519 2060 leges
2549 1990 2606 2044 in
2643 1997 2874 2046 cunctas
2896 1990 3146 2047 nationes
3165 1990 3418 2048 dissemi-

1828 2089 1974 2137 nata:
1997 2087 2146 2148 sunt,
2175 2082 2417 2152 antiquae
2430 2083 2811 2153 superstitioni
2833 2084 3191 2141 adversantes
3222 2103 3237 2140 :
3268 2085 3414 2160 leges

1826 2174 2136 2231 daemonum
2178 2176 2625 2248 oppugnatrices,
2678 2184 2734 2233 et
2779 2178 2962 2233 omnis
3004 2177 3064 2233 in
3111 2178 3413 2234 multorum

1825 2265 2054 2321 deorum
2087 2268 2240 2323 cultu
2277 2268 2486 2324 erroris
2518 2268 2755 2323 inimicae
2782 2286 2796 2322 :
2825 2268 2974 2339 leges
3004 2266 3338 2341 Scytharum
3360 2276 3416 2325 et

1824 2358 2119 2415 Persarum
2147 2365 2202 2415 et
2229 2360 2465 2414 aliorum
2516 2359 2876 2415 barbarorum
2914 2359 3329 2425 moderatrices,
3359 2368 3416 2416 et

1824 2467 1948 2522 qua:
1989 2451 2373 2507 damnaverint
2421 2467 2639 2507 omnem
2695 2452 2766 2509 ab
2793 2453 2943 2508 omni
2996 2453 3122 2523 jure
3172 2453 3413 2510 alierum

1826 2558 1891 2599 ac
1918 2543 2155 2599 ferinum
2181 2543 2388 2599 victum
2414 2562 2427 2597 :
2454 2543 2603 2613 leges
2646 2559 2771 2614 quae
2809 2544 3108 2601 everterint
3152 2559 3416 2614 quaecun-

1825 2654 1935 2709 que
1981 2637 2234 2693 instituta
2283 2636 2577 2692 habuerint
2631 2635 2807 2693 Graeci
2858 2637 2929 2692 ab
2978 2636 3136 2693 initio
3184 2638 3411 2707 humani

1831 2730 2088 2804 generis,
2139 2736 2196 2787 et
2250 2744 2451 2785 novam
2502 2744 2799 2801 veramque
2862 2730 3116 2800 pietatem
3183 2728 3409 2785 induxe-

161 2824 274 2880 rint.
305 2826 413 2882 Cur
465 2829 639 2901 igitur
701 2832 942 2903 antiquis
993 2829 1489 2901 praestigiatorihus
1550 2837 1677 2883 ante
1705 2826 1838 2883 Jesu
1866 2835 2136 2898 tempora,
2191 2830 2288 2880 aut
2336 2823 2501 2879 etiam
2547 2830 2692 2895 post,
2754 2822 2891 2877 nihil
2948 2822 3056 2878 tale
3093 2827 3189 2877 aut
3232 2820 3410 2877 simile

159 2916 432 2989 inemptum
462 2930 570 2984 est,
610 2929 670 2975 ut
699 2923 1059 2993 probabiliter
1088 2921 1360 2977 alIirmare
1396 2920 1697 2991 possimus,
1719 2920 1873 2974 illum
1905 2918 1978 2973 ab
2006 2918 2129 2973 aliis
2163 2917 2219 2972 in
2254 2918 2322 2974 iis
2375 2933 2499 2989 quae
2558 2916 2626 2971 ad
2658 2915 2962 2987 praestigias
2997 2915 3273 2987 pertinent
3312 2915 3409 2970 ad-

156 3007 314 3076 jutum
352 3012 563 3068 fuisse?
603 3014 759 3081 Quod
790 3017 836 3070 si
902 3029 1064 3069 nemo
1120 3013 1199 3068 illi
1266 3013 1499 3068 similem
1530 3011 1842 3082 quempiam
1872 3007 2119 3080 proferre
2149 3010 2324 3080 possit
2355 3009 2564 3081 (nullus
2601 3009 2746 3064 enim
2778 3008 2855 3062 illi
2880 3017 3043 3064 tanta:
3072 3017 3265 3063 auctor
3292 3007 3404 3063 vir—

162 3103 319 3174 tutis),
345 3104 457 3173 jam
492 3123 628 3176 ergo
670 3106 949 3163 fatendum
980 3109 1071 3173 sit,
1125 3107 1443 3163 inusitatam
1491 3104 1786 3175 quamdam
1828 3103 2181 3173 divinamque
2230 3109 2485 3157 naturam
2541 3103 2684 3157 inter
2742 3102 2995 3157 homines
3040 3115 3164 3155 esse
3210 3114 3398 3156 versa-

153 3197 275 3259 tam,
340 3210 458 3265 quae
519 3195 639 3251 sola
679 3202 734 3251 et
771 3197 948 3267 prima
980 3212 1043 3251 ea
1077 3211 1199 3267 quae
1243 3210 1528 3267 nunquam
1571 3193 1828 3248 humanis
1880 3193 2111 3248 auribus
2171 3192 2361 3247 audita
2398 3193 2531 3258 sint,
2566 3193 2876 3264 perfecerit.
2913 3192 2980 3246 Et
3028 3192 3145 3247 haec
3190 3192 3409 3264 quidem

158 3284 417 3344 hactenus.

217 3379 370 3433 Πάλιν
398 3381 455 3435 δὲ
486 3381 585 3434 ἐπὶ
611 3381 702 3435 τὸν
730 3381 796 3434 δι’
819 3381 1070 3447 ἐναντίας
1105 3382 1267 3448 ἰτέον,
1298 3383 1601 3455 ἐρωτητέον
1630 3401 1711 3451 τε,

1889 3381 2045 3439 Nune
2097 3399 2293 3440 rursus
2354 3383 2751 3439 contradicenti
2814 3384 3132 3441 adversario
3192 3383 3408 3439 obviam

156 3474 316 3529 εἴποτε
341 3476 642 3548 ὀφθαλμοῖς
674 3473 833 3541 οἶδεν,
869 3478 904 3550 ἢ
942 3480 1079 3551 ἀκοῇ
1111 3478 1252 3549 ἔγνω
1288 3482 1492 3552 γόητάς
1532 3499 1593 3535 τε
1622 3481 1717 3536 καὶ

156 3569 458 3638 φαρμακέας
484 3570 613 3640 δίχα
642 3570 881 3625 σπονδῶν
907 3572 1002 3624 καὶ
1039 3571 1295 3644 θυμάτων
1327 3574 1423 3628 καὶ
1450 3574 1718 3646 δαιμόνων

154 3658 471 3733 turmam;
501 3679 565 3715 τε
590 3663 685 3715 καὶ
714 3664 1017 3735 παρουσίας
1046 3664 1424 3737 γοητεύοντας.
1444 3668 1590 3739 Μήτι
1623 3663 1716 3721 οῦν

153 3753 235 3805 καί
282 3754 417 3808 κατὰ
468 3753 567 3810 τοῦ
609 3756 861 3827 Σωτῆρος
904 3756 1085 3828 ἡμῶν,
1133 3758 1168 3829 ἢ
1212 3758 1354 3813 κατὰ
1400 3757 1510 3813 τῶν
1550 3761 1714 3814 αὐτοῦ

153 3840 378 3917 λόγων,ῆ
410 3844 557 3899 κατὰ
586 3845 696 3899 τῶν
737 3846 907 3900 εἰσέτι
946 3847 1042 3901 νῦν
1077 3845 1383 3919 ζηλούντων
1422 3850 1515 3904 τὸν
1548 3850 1713 3905 αὑτοῦ

154 3930 270 4000 βίον,
293 3935 402 4007 ἔχει
433 3954 522 4000 τις
548 3935 804 4007 τοιαύτην
831 3937 1116 4010 ἐπιφέρειν
1148 3939 1432 4013 διαϐολήν;
1460 3943 1595 4013 Οὐχὶ
1622 3945 1715 3997 καὶ

152 4025 313 4097 τυφλῷ
339 4028 519 4099 δῆλον,
549 4027 627 4092 ὡς
665 4030 773 4081 πᾶν
800 4028 1105 4083 τούναντίον
1135 4030 1346 4095 τούτοις
1365 4034 1523 4104 ἡμεῖς
1558 4035 1605 4087 οἰ
1646 4035 1715 4090 τὰ

161 4116 313 4190 Ἰησοῦ
350 4122 679 4193 φρονοῦντες
707 4122 1118 4194 ἐπιτηδεύομεν,
1150 4124 1345 4179 θᾶττον
1378 4126 1475 4197 μὲν
1501 4126 1715 4199 θανάτῳ

149 4209 234 4280 τὴν
272 4212 448 4285 ψυχὴν
499 4214 536 4284 ἥ
574 4213 792 4285 δαίμοσι
825 4214 1017 4268 θυσίαν
1060 4213 1322 4287 προέσθαι
1371 4215 1710 4287 τολμῶντες,

149 4300 321 4358 θᾶττον
348 4305 406 4359 δὲ
432 4307 537 4376 τῆς
563 4305 709 4377 ζωῆς
741 4305 1085 4377 ἐξιστάμενοι
1113 4308 1146 4379 ἢ
1175 4310 1285 4372 τοῖς
1309 4312 1568 4379 πονηροῖς
1601 4310 1715 4363 δαί-

151 4412 260 4465 μοσι
314 4398 655 4470 δουλωθῆναι
703 4399 1098 4470 ὑπομένοντες;
1156 4400 1254 4465 Τίς
1294 4400 1352 4454 δὲ
1407 4402 1508 4455 οὐκ
1551 4397 1710 4466 οἶδεν,

145 4487 278 4554 ὅπως
316 4493 412 4546 σὺν
464 4494 605 4565 αὐτῇ
640 4495 706 4565 τῇ
749 4492 844 4546 τοῦ
873 4492 1050 4564 Ἰησοῦ
1096 4493 1441 4565 προσηγορίᾳ
1483 4495 1577 4547 καὶ
1615 4495 1712 4548 σὺν

144 4580 315 4653 εὐχαῖς
359 4586 781 4658 καθαρωτάταις
811 4587 921 4638 πᾶν
963 4585 1026 4639 τὸ
1055 4585 1328 4656 δαιμόνων
1368 4585 1530 4657 ἔργον
1574 4587 1711 4639 ἀπε-

142 4672 339 4732 λαύνειν
375 4682 513 4751 ἡμῖν
550 4678 703 4749 φίλον
737 4678 917 4743 ἐστίν;
954 4670 1123 4741 Οὗτος
1153 4680 1183 4731 ὁ
1224 4677 1318 4731 τοῦ
1350 4676 1527 4750 Ἰησοῦ
1558 4677 1713 4747 λόγος

144 4771 228 4824 καὶ
271 4772 303 4843 η
507 4745 673 4827 αύτοῦ
723 4772 1041 4826 διδασκαλία
1088 4771 1223 4828 πολὺ
1279 4745 1561 4843 κρείττους
1609 4745 1711 4841 τῆς
1745 4745 1787 4801 D

143 4863 355 4934 ἀοράτου
418 4866 629 4936 ταύτης
684 4864 967 4936 δυνάμεως
1030 4865 1241 4928 πάντας
1299 4866 1450 4935 ἡμᾶς
1514 4864 1708 4935 ἀπειρ-

142 4955 364 5022 γάσατο,
391 4956 622 5031 ἐχθρούς
668 4974 731 5010 τε
768 4956 1036 5027 δαιμόνων
1089 4956 1185 5009 καὶ
1235 4954 1560 5025 πολεμίους,
1595 4954 1708 5008 ἀλλ’

143 5048 196 5098 οὐ
223 5048 423 5117 φίλους,
490 5049 614 5103 ούδέ
667 5048 953 5122 συνήθεις,
1020 5047 1219 5102 πολλοῦ
1276 5046 1358 5101 δεῖ
1434 5047 1711 5119 ὑπηκόους

143 5142 228 5194 καὶ
271 5143 618 5215 ὑποχειρίους
651 5138 791 5197 εἶναι
842 5140 1267 5215 παρεσκεύασεν.
1316 5141 1377 5193 ’0
1434 5140 1500 5210 δὴ
1530 5139 1710 5193 τοιού-

142 5247 252 5296 τους
273 5238 420 5306 ἡμᾶς
467 5234 824 5306 προαγαγὼν,
872 5233 989 5297 πῶς
1042 5232 1109 5287 ἂν
1155 5230 1316 5297 αὐτὸς
1356 5229 1539 5295 δοῦλος
1586 5232 1709 5300 ἐγε-

143 5326 275 5393 γόνει
319 5327 629 5399 δαιμόνων;
694 5327 811 5393 πῶς
860 5327 905 5380 δ’
960 5325 1026 5380 ἂν
1066 5327 1181 5389 τοῖς
1240 5325 1494 5396 πονηροῖς
1543 5323 1708 5377 πνεύ-

146 5434 294 5487 μασιν
342 5420 571 5487 εθυσεν;
611 5421 646 5493 ἢ
684 5420 802 5484 πῶς
849 5418 1077 5491 βοηθοὺς
1134 5417 1395 5489 δαίμονας
1442 5415 1709 5470 ἐπεκαλέ-

146 5527 263 5565 σατο
307 5516 364 5566 ἐν
415 5517 540 5577 ταῖς
577 5514 1081 5586 παραδοξοποιίαις,
1114 5513 1276 5566 ὁπότε
1322 5512 1490 5565 εἰσέτι
1552 5510 1713 5582 δεῦρο

146 5606 240 5669 πρὶς
268 5606 475 5679 δαίμων
520 5608 612 5662 καί
655 5609 764 5661 πᾶν
794 5606 1103 5678 ἀκάθαρτον
1147 5604 1387 5678 πνεῦμα,
1419 5604 1493 5669 ῶς
1518 5622 1571 5659 τι
1602 5602 1711 5657 τῶν

207 5765 249 5797 ⁸⁸
304 5765 496 5819 Matth.
539 5780 730 5831 xxviii,
757 5763 948 5827 19,20.

328 5864 599 5921 ΡΑτιιοι..
646 5861 766 5922 Gn.
815 5858 1022 5922 XXII.

1819 3475 2085 3538 eundum,
2105 3475 2263 3546 isque
2289 3475 2713 3546 interrogandus
2739 3494 2752 3530 :
2775 3477 3060 3546 ecquando
3090 3478 3206 3532 suis
3230 3483 3405 3540 oculis

1818 3567 2014 3623 viderit
2048 3568 2344 3624 auribusve
2391 3567 2719 3639 perceperit,
2750 3570 3178 3640 praestigiatores
3207 3584 3272 3624 ac
3300 3586 3397 3625 ve-

1817 3662 2024 3718 neficos
2082 3661 2354 3728 homines,
2406 3662 2525 3717 sine
2575 3661 2928 3718 libatiouibus
2977 3673 3031 3718 et
3079 3663 3393 3725 sacrificiis.

1817 3756 2233 3824 daamonumque
2265 3755 2612 3810 invocatione
2665 3768 2732 3809 ac
2761 3756 3074 3824 praesentia,
3104 3756 3421 3826 quidquam,

1816 3847 2110 3918 Operatos?
2150 3846 2407 3917 Nunquid
2464 3847 2632 3917 igitur
2674 3852 2769 3901 aut
2814 3853 3012 3901 contra
3067 3844 3408 3902 Salvatorem

1816 3949 2088 4008 nostrum,
2143 3947 2238 3995 aut
2292 3947 2487 3994 contra
2545 3939 2695 3994 illius
2743 3948 3040 4010 praecepta,
3089 3947 3185 3993 aut
3239 3938 3405 3994 etiam

1815 4039 2007 4087 contra
2035 4047 2131 4088 eos
2163 4031 2258 4102 qui
2286 4031 2449 4087 hodie
2476 4045 2697 4101 quoque
2726 4030 2875 4085 illius
2900 4031 3068 4085 vitam
3096 4029 3402 4091 imitantur,

1816 4124 1991 4194 possit
2020 4124 2219 4195 aliquis
2251 4124 2414 4179 talem
2443 4123 2657 4194 jactare
2690 4122 3062 4177 calumniam?
3098 4121 3292 4179 Nonne
3329 4127 3413 4179 vel

1816 4218 2123 4273 caecutienti
2148 4216 2500 4288 perspicuum
2532 4231 2634 4272 nos
2666 4218 2982 4287 quicunque
3009 4213 3199 4271 Jesum
3228 4224 3407 4273 secta-

1815 4326 1960 4378 mur,
2001 4311 2123 4367 istis
2178 4310 2339 4381 plane
2392 4309 2668 4365 contraria
2728 4311 2913 4365 omnia
2964 4310 3181 4381 operari
3241 4319 3406 4381 atque

1815 4404 2091 4474 amplecti,
2123 4410 2178 4459 et
2211 4403 2375 4459 citius
2401 4402 2515 4473 pati
2552 4408 2613 4457 ut
2654 4402 2817 4456 morti
2847 4401 3110 4466 animam,
3143 4416 3306 4473 quam
3345 4411 3407 4455 ut

1814 4495 2155 4551 daemonibus
2177 4494 2509 4550 sacrificium
2530 4491 2828 4549 oli‘eramus
2858 4512 2873 4548 :
2903 4493 3069 4547 citius
3090 4509 3220 4547 vero
3245 4495 3407 4548 susti-

1814 4606 1946 4645 nere
1974 4588 2042 4645 de
2073 4588 2183 4643 vita
2213 4588 2501 4657 excedere,
2528 4602 2691 4659 quam
2726 4586 2918 4657 pravis
2959 4585 3301 4643 daemonibus
3348 4587 3402 4642 in

1816 4681 2133 4736 servitutem
2183 4678 2335 4733 dari?
2375 4677 2512 4745 Quis
2561 4685 2743 4733 autem
2787 4677 3004 4748 ignorat
3048 4684 3252 4733 nostrae
3282 4693 3406 4734 esse

1816 4772 2255 4837 consuetudinis,
2280 4772 2401 4843 ipso
2422 4769 2554 4827 Jesu
2585 4768 2829 4832 nomine,
2852 4777 2908 4825 et
2942 4770 3257 4840 purissimis
3281 4783 3405 4841 pre—

1817 4868 1999 4931 cibus,
2052 4880 2271 4921 omnem
2312 4863 2621 4919 daemonum
2645 4861 2992 4919 vexationem
3034 4861 3288 4931 abigere?
3310 4859 3403 4916 Sic

1817 4958 1991 5030 ipsius
2038 4956 2169 5014 Jesu
2233 4952 2485 5022 vel'bum,
2541 4955 2901 5025 ejusdemque
2958 4952 3232 5021 doctrina,
3292 4952 3403 5008 isto

1817 5048 2106 5121 potestatis
2160 5046 2421 5103 invisibili
2470 5060 2692 5118 genere,
2726 5051 2787 5099 ut
2835 5058 3029 5100 omnes
3081 5057 3187 5099 nos
3240 5042 3403 5114 longe

1814 5141 2151 5213 potentiores
2212 5153 2498 5204 essemus,
2562 5136 2776 5202 eﬂ‘ecit,
2842 5135 3157 5191 dmmonum
3209 5135 3403 5206 utique

1818 5235 2007 5291 hostes
2062 5242 2229 5305 atque
2294 5231 2568 5296 inimicos,
2618 5245 2731 5286 non
2788 5236 2973 5285 autem
3041 5229 3250 5285 amicos
3305 5236 3401 5283 aut

1818 5326 2116 5384 familiares
2199 5342 2305 5383 nos
2376 5325 2652 5392 reddens;
2721 5333 2931 5394 quanto
3011 5338 3143 5395 ergo
3217 5323 3400 5378 minus

1817 5435 2008 5475 eorum
2056 5419 2206 5474 dicto
2257 5418 2564 5485 audientes,
2585 5423 2682 5473 aut
2719 5417 3002 5487 subjectos
3041 5414 3403 5485 comparavit?

1823 5510 1980 5581 133
2012 5508 2117 5576 Qui
2147 5509 2315 5580 igitur
2341 5509 2465 5564 nos'
2487 5509 2628 5564 tales
2656 5506 2943 5579 produxit,
2964 5506 3058 5578 qui
3079 5505 3197 5563 ﬁeri
3221 5512 3402 5576 potest

1821 5609 1882 5658 ut
1914 5603 2031 5673 ipse
2072 5600 2419 5658 daemonibus
2472 5599 2636 5656 fuerit
2686 5599 2984 5657 addictus?
3028 5598 3203 5664 Quam
3233 5609 3403 5669 porro
