  <div class='ocr_page' id='page_1' title='image "/cluster/home/n/w/nwhite01/storage/ocr_20150623/22/nnc1.0046978372/133.png"; bbox 0 0 3828 6216; ppageno 0'>
   <div class='ocr_carea' id='block_1_1' title="bbox 385 240 506 298">
    <p class='ocr_par' dir='ltr' id='par_1_1' title="bbox 385 240 506 298">
     <span class='ocr_line' id='line_1_1' title="bbox 385 240 506 298; baseline -0.017 0"><span class='ocrx_word' id='word_1_1' title='bbox 385 240 506 298; x_wconf 66' lang='lat'><strong>235</strong></span> 
     </span>
    </p>
   </div>
   <div class='ocr_carea' id='block_1_2' title="bbox 1033 240 3017 308">
    <p class='ocr_par' dir='ltr' id='par_1_2' title="bbox 1033 240 3017 308">
     <span class='ocr_line' id='line_1_2' title="bbox 1033 240 3017 308; baseline 0.006 -13"><span class='ocrx_word' id='word_1_2' title='bbox 1033 240 1303 299; x_wconf 82' lang='lat' dir='ltr'><strong>EUSEBH</strong></span> <span class='ocrx_word' id='word_1_3' title='bbox 1341 243 1816 304; x_wconf 66' lang='lat' dir='ltr'><strong>CAESARIENSIS</strong></span> <span class='ocrx_word' id='word_1_4' title='bbox 1863 246 2012 303; x_wconf 89' lang='lat' dir='ltr'><strong>OPP.</strong></span> <span class='ocrx_word' id='word_1_5' title='bbox 2059 248 2260 304; x_wconf 76' lang='lat' dir='ltr'><strong>PARS.</strong></span> <span class='ocrx_word' id='word_1_6' title='bbox 2304 250 2371 305; x_wconf 88' lang='lat' dir='ltr'><strong>Il.</strong></span> <span class='ocrx_word' id='word_1_7' title='bbox 2414 283 2482 292; x_wconf 81' lang='lat'><strong>——</strong></span> <span class='ocrx_word' id='word_1_8' title='bbox 2523 250 3017 308; x_wconf 75' lang='lat' dir='ltr'><strong>APOLOGETICA.</strong></span> 
     </span>
    </p>
   </div>
   <div class='ocr_carea' id='block_1_3' title="bbox 3548 252 3650 307">
    <p class='ocr_par' dir='ltr' id='par_1_3' title="bbox 3548 252 3650 307">
     <span class='ocr_line' id='line_1_3' title="bbox 3548 252 3650 307; baseline 0 0"><span class='ocrx_word' id='word_1_9' title='bbox 3548 252 3650 307; x_wconf 69' lang='lat'><strong>2&#39;56</strong></span> 
     </span>
    </p>
   </div>
   <div class='ocr_carea' id='block_1_4' title="bbox 395 352 1953 439">
    <p class='ocr_par' dir='ltr' id='par_1_4' title="bbox 395 352 1953 430">
     <span class='ocr_line' id='line_1_4' title="bbox 395 352 1953 430; baseline 0.005 -21"><span class='ocrx_word' id='word_1_10' title='bbox 395 353 657 410; x_wconf 90' lang='lat' dir='ltr'><strong>credibile</strong></span> <span class='ocrx_word' id='word_1_11' title='bbox 688 353 759 409; x_wconf 90' lang='lat' dir='ltr'><strong>sit</strong></span> <span class='ocrx_word' id='word_1_12' title='bbox 787 352 965 419; x_wconf 91' lang='lat' dir='ltr'><strong>illum,</strong></span> <span class='ocrx_word' id='word_1_13' title='bbox 1011 364 1106 410; x_wconf 87' lang='lat' dir='ltr'><strong>aut</strong></span> <span class='ocrx_word' id='word_1_14' title='bbox 1158 358 1423 428; x_wconf 83' lang='lat' dir='ltr'><strong>improbis</strong></span> <span class='ocrx_word' id='word_1_15' title='bbox 1477 361 1764 430; x_wconf 78' lang='lat' dir='ltr'><strong>spiritibus</strong></span> <span class='ocrx_word' id='word_1_16' title='bbox 1814 378 1953 417; x_wconf 80' lang='lat' dir='ltr'><strong>sacr:</strong></span> 
     </span>
    </p>
   </div>
   <div class='ocr_carea' id='block_1_5' title="bbox 2061 352 3649 439">
    <p class='ocr_par' dir='ltr' id='par_1_5' title="bbox 2076 365 3649 439">
     <span class='ocr_line' id='line_1_5' title="bbox 2076 365 3649 439; baseline 0.001 -21"><span class='ocrx_word' id='word_1_17' title='bbox 2076 365 2412 419; x_wconf 89' lang='grc' dir='ltr'>κολαστικῶν</span> <span class='ocrx_word' id='word_1_18' title='bbox 2455 369 2546 422; x_wconf 73' lang='grc' dir='ltr'><strong>καὶ</strong></span> <span class='ocrx_word' id='word_1_19' title='bbox 2592 368 2991 439; x_wconf 85' lang='grc' dir='ltr'>βασανιστικῶν</span> <span class='ocrx_word' id='word_1_20' title='bbox 3041 366 3141 438; x_wconf 85' lang='grc' dir='ltr'><strong>τῆς</strong></span> <span class='ocrx_word' id='word_1_21' title='bbox 3183 366 3387 430; x_wconf 78' lang='grc' dir='ltr'><strong>οἰκείας</strong></span> <span class='ocrx_word' id='word_1_22' title='bbox 3416 365 3649 435; x_wconf 79' lang='grc' dir='ltr'>φύσεως,</span> 
     </span>
    </p>
   </div>
   <div class='ocr_carea' id='block_1_6' title="bbox 396 446 1967 518">
    <p class='ocr_par' dir='ltr' id='par_1_6' title="bbox 396 446 1967 518">
     <span class='ocr_line' id='line_1_6' title="bbox 396 446 1967 518; baseline 0.003 -15"><span class='ocrx_word' id='word_1_23' title='bbox 396 447 612 509; x_wconf 85' lang='lat' dir='ltr'><strong>fecisse,</strong></span> <span class='ocrx_word' id='word_1_24' title='bbox 653 454 746 501; x_wconf 90' lang='lat' dir='ltr'><strong>aut</strong></span> <span class='ocrx_word' id='word_1_25' title='bbox 800 446 1075 503; x_wconf 71' lang='lat' dir='ltr'><strong>dminonas</strong></span> <span class='ocrx_word' id='word_1_26' title='bbox 1133 449 1198 503; x_wconf 90' lang='lat' dir='ltr'><strong>ad</strong></span> <span class='ocrx_word' id='word_1_27' title='bbox 1256 451 1519 505; x_wconf 79' lang='lat' dir='ltr'><strong>auxilium</strong></span> <span class='ocrx_word' id='word_1_28' title='bbox 1558 469 1806 518; x_wconf 90' lang='lat' dir='ltr'><strong>vocasse,</strong></span> <span class='ocrx_word' id='word_1_29' title='bbox 1838 455 1967 509; x_wconf 91' lang='lat' dir='ltr'><strong>dum</strong></span> 
     </span>
    </p>
   </div>
   <div class='ocr_carea' id='block_1_7' title="bbox 395 540 1969 616">
    <p class='ocr_par' dir='ltr' id='par_1_7' title="bbox 395 540 1969 616">
     <span class='ocr_line' id='line_1_7' title="bbox 395 540 1969 616; baseline 0.005 -21"><span class='ocrx_word' id='word_1_30' title='bbox 395 541 659 595; x_wconf 87' lang='lat' dir='ltr'><strong>miracula</strong></span> <span class='ocrx_word' id='word_1_31' title='bbox 683 540 887 604; x_wconf 90' lang='lat' dir='ltr'><strong>ederet,</strong></span> <span class='ocrx_word' id='word_1_32' title='bbox 917 543 1138 611; x_wconf 83' lang='lat' dir='ltr'><strong>quando</strong></span> <span class='ocrx_word' id='word_1_33' title='bbox 1189 544 1351 598; x_wconf 81' lang='lat' dir='ltr'><strong>hodie</strong></span> <span class='ocrx_word' id='word_1_34' title='bbox 1397 560 1615 616; x_wconf 92' lang='lat' dir='ltr'><strong>quoque</strong></span> <span class='ocrx_word' id='word_1_35' title='bbox 1647 549 1828 602; x_wconf 91' lang='lat' dir='ltr'><strong>omnis</strong></span> <span class='ocrx_word' id='word_1_36' title='bbox 1860 550 1969 603; x_wconf 64' lang='lat' dir='ltr'><strong>daa-</strong></span> 
     </span>
    </p>
   </div>
   <div class='ocr_carea' id='block_1_8' title="bbox 393 634 1966 707">
    <p class='ocr_par' dir='ltr' id='par_1_8' title="bbox 393 634 1966 707">
     <span class='ocr_line' id='line_1_8' title="bbox 393 634 1966 707; baseline 0.006 -21"><span class='ocrx_word' id='word_1_37' title='bbox 393 648 548 698; x_wconf 91' lang='lat' dir='ltr'><strong>mon,</strong></span> <span class='ocrx_word' id='word_1_38' title='bbox 579 634 873 703; x_wconf 80' lang='lat' dir='ltr'><strong>omnisque</strong></span> <span class='ocrx_word' id='word_1_39' title='bbox 914 635 1161 704; x_wconf 88' lang='lat' dir='ltr'><strong>impurus</strong></span> <span class='ocrx_word' id='word_1_40' title='bbox 1191 637 1445 707; x_wconf 78' lang='lat' dir='ltr'><strong>spiritus,</strong></span> <span class='ocrx_word' id='word_1_41' title='bbox 1482 641 1557 692; x_wconf 88' lang='lat' dir='ltr'><strong>ita</strong></span> <span class='ocrx_word' id='word_1_42' title='bbox 1593 638 1723 693; x_wconf 80' lang='lat' dir='ltr'><strong>Jesu</strong></span> <span class='ocrx_word' id='word_1_43' title='bbox 1769 656 1966 696; x_wconf 82' lang='lat' dir='ltr'><strong>nomen</strong></span> 
     </span>
    </p>
   </div>
   <div class='ocr_carea' id='block_1_9' title="bbox 390 728 1965 801">
    <p class='ocr_par' dir='ltr' id='par_1_9' title="bbox 390 728 1965 801">
     <span class='ocr_line' id='line_1_9' title="bbox 390 728 1965 801; baseline 0.003 -19"><span class='ocrx_word' id='word_1_44' title='bbox 390 728 671 791; x_wconf 78' lang='lat' dir='ltr'><strong>exhorret,</strong></span> <span class='ocrx_word' id='word_1_45' title='bbox 708 735 767 781; x_wconf 93' lang='lat' dir='ltr'><strong>ut</strong></span> <span class='ocrx_word' id='word_1_46' title='bbox 791 743 959 782; x_wconf 89' lang='lat' dir='ltr'><strong>unum</strong></span> <span class='ocrx_word' id='word_1_47' title='bbox 995 728 1199 798; x_wconf 88' lang='lat' dir='ltr'><strong>aliquid</strong></span> <span class='ocrx_word' id='word_1_48' title='bbox 1230 744 1420 784; x_wconf 90' lang='lat' dir='ltr'><strong>eorum</strong></span> <span class='ocrx_word' id='word_1_49' title='bbox 1450 746 1570 799; x_wconf 70' lang='lat' dir='ltr'><strong>quae</strong></span> <span class='ocrx_word' id='word_1_50' title='bbox 1600 731 1776 801; x_wconf 88' lang='lat' dir='ltr'><strong>ipsius</strong></span> <span class='ocrx_word' id='word_1_51' title='bbox 1801 740 1965 787; x_wconf 87' lang='lat' dir='ltr'><strong>natu-</strong></span> 
     </span>
    </p>
   </div>
   <div class='ocr_carea' id='block_1_10' title="bbox 390 820 1966 891">
    <p class='ocr_par' dir='ltr' id='par_1_10' title="bbox 390 820 1966 891">
     <span class='ocr_line' id='line_1_10' title="bbox 390 820 1966 891; baseline 0.003 -16"><span class='ocrx_word' id='word_1_52' title='bbox 390 833 509 875; x_wconf 86' lang='lat' dir='ltr'><strong>ram</strong></span> <span class='ocrx_word' id='word_1_53' title='bbox 541 820 842 890; x_wconf 75' lang='lat' dir='ltr'><strong>castigandi</strong></span> <span class='ocrx_word' id='word_1_54' title='bbox 876 836 941 875; x_wconf 86' lang='lat' dir='ltr'><strong>ac</strong></span> <span class='ocrx_word' id='word_1_55' title='bbox 970 822 1261 891; x_wconf 89' lang='lat' dir='ltr'><strong>torquendi</strong></span> <span class='ocrx_word' id='word_1_56' title='bbox 1311 823 1419 876; x_wconf 88' lang='lat' dir='ltr'><strong>vim</strong></span> <span class='ocrx_word' id='word_1_57' title='bbox 1457 822 1715 886; x_wconf 81' lang='lat' dir='ltr'><strong>habeant,</strong></span> <span class='ocrx_word' id='word_1_58' title='bbox 1761 824 1966 880; x_wconf 88' lang='lat' dir='ltr'><strong>aufert-</strong></span> 
     </span>
    </p>
   </div>
   <div class='ocr_carea' id='block_1_11' title="bbox 390 912 1966 982">
    <p class='ocr_par' dir='ltr' id='par_1_11' title="bbox 390 912 1966 982">
     <span class='ocr_line' id='line_1_11' title="bbox 390 912 1966 982; baseline 0.006 -17"><span class='ocrx_word' id='word_1_59' title='bbox 390 927 500 982; x_wconf 87' lang='lat' dir='ltr'><strong>que</strong></span> <span class='ocrx_word' id='word_1_60' title='bbox 530 927 589 967; x_wconf 93' lang='lat' dir='ltr'><strong>se</strong></span> <span class='ocrx_word' id='word_1_61' title='bbox 619 912 789 977; x_wconf 90' lang='lat' dir='ltr'><strong>illico,</strong></span> <span class='ocrx_word' id='word_1_62' title='bbox 814 921 870 967; x_wconf 91' lang='lat' dir='ltr'><strong>et</strong></span> <span class='ocrx_word' id='word_1_63' title='bbox 900 914 1152 969; x_wconf 85' lang='lat' dir='ltr'><strong>concedit</strong></span> <span class='ocrx_word' id='word_1_64' title='bbox 1179 932 1195 969; x_wconf 90' lang='lat'><strong>:</strong></span> <span class='ocrx_word' id='word_1_65' title='bbox 1224 921 1432 969; x_wconf 82' lang='lat' dir='ltr'><strong>tantam</strong></span> <span class='ocrx_word' id='word_1_66' title='bbox 1466 917 1637 970; x_wconf 86' lang='lat' dir='ltr'><strong>sentit</strong></span> <span class='ocrx_word' id='word_1_67' title='bbox 1670 918 1819 973; x_wconf 87' lang='lat' dir='ltr'><strong>illius</strong></span> <span class='ocrx_word' id='word_1_68' title='bbox 1870 934 1966 974; x_wconf 89' lang='lat' dir='ltr'><strong>no-</strong></span> 
     </span>
    </p>
   </div>
   <div class='ocr_carea' id='block_1_12' title="bbox 391 1002 1965 1075">
    <p class='ocr_par' dir='ltr' id='par_1_12' title="bbox 391 1002 1965 1075">
     <span class='ocr_line' id='line_1_12' title="bbox 391 1002 1965 1075; baseline 0.006 -20"><span class='ocrx_word' id='word_1_69' title='bbox 391 1002 553 1057; x_wconf 87' lang='lat' dir='ltr'><strong>minis</strong></span> <span class='ocrx_word' id='word_1_70' title='bbox 588 1004 717 1057; x_wconf 88' lang='lat' dir='ltr'><strong>vim.</strong></span> <span class='ocrx_word' id='word_1_71' title='bbox 754 1002 846 1057; x_wconf 91' lang='lat' dir='ltr'><strong>Sic</strong></span> <span class='ocrx_word' id='word_1_72' title='bbox 868 1020 1002 1058; x_wconf 86' lang='lat' dir='ltr'><strong>sane</strong></span> <span class='ocrx_word' id='word_1_73' title='bbox 1024 1005 1153 1058; x_wconf 92' lang='lat' dir='ltr'><strong>olim</strong></span> <span class='ocrx_word' id='word_1_74' title='bbox 1187 1019 1426 1075; x_wconf 88' lang='lat' dir='ltr'><strong>quoque,</strong></span> <span class='ocrx_word' id='word_1_75' title='bbox 1453 1022 1578 1061; x_wconf 91' lang='lat' dir='ltr'><strong>cum</strong></span> <span class='ocrx_word' id='word_1_76' title='bbox 1609 1009 1755 1063; x_wconf 91' lang='lat' dir='ltr'><strong>inter</strong></span> <span class='ocrx_word' id='word_1_77' title='bbox 1787 1010 1965 1065; x_wconf 85' lang='lat' dir='ltr'><strong>homi-</strong></span> 
     </span>
    </p>
   </div>
   <div class='ocr_carea' id='block_1_13' title="bbox 387 1094 1963 1169">
    <p class='ocr_par' dir='ltr' id='par_1_13' title="bbox 387 1094 1963 1169">
     <span class='ocr_line' id='line_1_13' title="bbox 387 1094 1963 1169; baseline 0.006 -21"><span class='ocrx_word' id='word_1_78' title='bbox 387 1109 489 1149; x_wconf 91' lang='lat' dir='ltr'><strong>nes</strong></span> <span class='ocrx_word' id='word_1_79' title='bbox 534 1094 772 1165; x_wconf 78' lang='lat' dir='ltr'><strong>degeret,</strong></span> <span class='ocrx_word' id='word_1_80' title='bbox 820 1111 929 1150; x_wconf 91' lang='lat' dir='ltr'><strong>non</strong></span> <span class='ocrx_word' id='word_1_81' title='bbox 963 1095 1201 1152; x_wconf 83' lang='lat' dir='ltr'><strong>ferentes</strong></span> <span class='ocrx_word' id='word_1_82' title='bbox 1233 1098 1381 1153; x_wconf 88' lang='lat' dir='ltr'><strong>illius</strong></span> <span class='ocrx_word' id='word_1_83' title='bbox 1416 1102 1787 1169; x_wconf 73' lang='lat' dir='ltr'><strong>praesentiam,</strong></span> <span class='ocrx_word' id='word_1_84' title='bbox 1821 1103 1963 1159; x_wconf 91' lang='lat' dir='ltr'><strong>alius</strong></span> 
     </span>
    </p>
   </div>
   <div class='ocr_carea' id='block_1_14' title="bbox 388 1186 1962 1261">
    <p class='ocr_par' dir='ltr' id='par_1_14' title="bbox 388 1186 1962 1261">
     <span class='ocr_line' id='line_1_14' title="bbox 388 1186 1962 1261; baseline 0.006 -20"><span class='ocrx_word' id='word_1_85' title='bbox 388 1186 627 1249; x_wconf 89' lang='lat' dir='ltr'><strong>aliunde,</strong></span> <span class='ocrx_word' id='word_1_86' title='bbox 660 1189 972 1243; x_wconf 89' lang='lat' dir='ltr'><strong>clamabant</strong></span> <span class='ocrx_word' id='word_1_87' title='bbox 997 1208 1011 1243; x_wconf 77' lang='grc' dir='ltr'><strong>ι</strong></span> <span class='ocrx_word' id='word_1_88' title='bbox 1059 1207 1078 1240; x_wconf 87' lang='grc'><em>‹</em></span> <span class='ocrx_word' id='word_1_89' title='bbox 1121 1190 1252 1261; x_wconf 83' lang='lat' dir='ltr'><strong>Age,</strong></span> <span class='ocrx_word' id='word_1_90' title='bbox 1281 1191 1412 1260; x_wconf 90' lang='lat' dir='ltr'><strong>quid</strong></span> <span class='ocrx_word' id='word_1_91' title='bbox 1436 1193 1594 1248; x_wconf 89' lang='lat' dir='ltr'><strong>nobis</strong></span> <span class='ocrx_word' id='word_1_92' title='bbox 1614 1201 1668 1248; x_wconf 86' lang='lat' dir='ltr'><strong>et</strong></span> <span class='ocrx_word' id='word_1_93' title='bbox 1692 1194 1809 1257; x_wconf 91' lang='lat' dir='ltr'><strong>tibi,</strong></span> <span class='ocrx_word' id='word_1_94' title='bbox 1830 1194 1962 1251; x_wconf 86' lang='lat' dir='ltr'><strong>Jesu</strong></span> 
     </span>
    </p>
   </div>
   <div class='ocr_carea' id='block_1_15' title="bbox 385 1271 1964 1351">
    <p class='ocr_par' dir='ltr' id='par_1_15' title="bbox 385 1271 1964 1351">
     <span class='ocr_line' id='line_1_15' title="bbox 385 1271 1964 1351; baseline 0.008 -22"><span class='ocrx_word' id='word_1_95' title='bbox 385 1271 489 1330; x_wconf 84' lang='lat' dir='ltr'><strong>Fili</strong></span> <span class='ocrx_word' id='word_1_96' title='bbox 514 1275 640 1331; x_wconf 88' lang='lat' dir='ltr'><strong>Dei?</strong></span> <span class='ocrx_word' id='word_1_97' title='bbox 671 1278 863 1331; x_wconf 86' lang='lat' dir='ltr'><strong>venisti</strong></span> <span class='ocrx_word' id='word_1_98' title='bbox 892 1287 1019 1333; x_wconf 89' lang='lat' dir='ltr'><strong>ante</strong></span> <span class='ocrx_word' id='word_1_99' title='bbox 1051 1287 1266 1349; x_wconf 90' lang='lat' dir='ltr'><strong>tempus</strong></span> <span class='ocrx_word' id='word_1_100' title='bbox 1286 1288 1542 1351; x_wconf 90' lang='lat' dir='ltr'><strong>torquere</strong></span> <span class='ocrx_word' id='word_1_101' title='bbox 1564 1298 1666 1340; x_wconf 93' lang='lat' dir='ltr'><strong>nos</strong></span> <span class='ocrx_word' id='word_1_102' title='bbox 1690 1284 1734 1317; x_wconf 70' lang='grc'><strong>⁸³</strong></span> <span class='ocrx_word' id='word_1_103' title='bbox 1761 1285 1784 1338; x_wconf 90' lang='lat'><strong>?</strong></span> <span class='ocrx_word' id='word_1_104' title='bbox 1825 1306 1843 1338; x_wconf 84' lang='grc'>›</span> <span class='ocrx_word' id='word_1_105' title='bbox 1869 1285 1964 1340; x_wconf 83' lang='lat' dir='ltr'><strong>Vir</strong></span> 
     </span>
    </p>
   </div>
   <div class='ocr_carea' id='block_1_16' title="bbox 386 1368 1961 1447">
    <p class='ocr_par' dir='ltr' id='par_1_16' title="bbox 386 1368 1961 1447">
     <span class='ocr_line' id='line_1_16' title="bbox 386 1368 1961 1447; baseline 0.007 -25"><span class='ocrx_word' id='word_1_106' title='bbox 386 1375 569 1422; x_wconf 88' lang='lat' dir='ltr'><strong>autem</strong></span> <span class='ocrx_word' id='word_1_107' title='bbox 605 1368 897 1439; x_wconf 59' lang='lat' dir='ltr'><strong>praestigiis</strong></span> <span class='ocrx_word' id='word_1_108' title='bbox 924 1384 1154 1439; x_wconf 85' lang='lat' dir='ltr'><strong>prorsus</strong></span> <span class='ocrx_word' id='word_1_109' title='bbox 1184 1372 1452 1438; x_wconf 88' lang='lat' dir='ltr'><strong>intentus,</strong></span> <span class='ocrx_word' id='word_1_110' title='bbox 1479 1380 1534 1428; x_wconf 88' lang='lat' dir='ltr'><strong>et</strong></span> <span class='ocrx_word' id='word_1_111' title='bbox 1574 1376 1734 1444; x_wconf 88' lang='lat' dir='ltr'><strong>plane</strong></span> <span class='ocrx_word' id='word_1_112' title='bbox 1767 1376 1961 1447; x_wconf 87' lang='lat' dir='ltr'><strong>despe-</strong></span> 
     </span>
    </p>
   </div>
   <div class='ocr_carea' id='block_1_17' title="bbox 385 1460 1963 1536">
    <p class='ocr_par' dir='ltr' id='par_1_17' title="bbox 385 1460 1963 1536">
     <span class='ocr_line' id='line_1_17' title="bbox 385 1460 1963 1536; baseline 0.007 -22"><span class='ocrx_word' id='word_1_113' title='bbox 385 1461 521 1516; x_wconf 86' lang='lat' dir='ltr'><strong>ratis</strong></span> <span class='ocrx_word' id='word_1_114' title='bbox 550 1460 718 1516; x_wconf 90' lang='lat' dir='ltr'><strong>rcbus</strong></span> <span class='ocrx_word' id='word_1_115' title='bbox 745 1477 908 1516; x_wconf 91' lang='lat' dir='ltr'><strong>omne</strong></span> <span class='ocrx_word' id='word_1_116' title='bbox 937 1478 1096 1517; x_wconf 91' lang='lat' dir='ltr'><strong>suum</strong></span> <span class='ocrx_word' id='word_1_117' title='bbox 1124 1464 1367 1518; x_wconf 86' lang='lat' dir='ltr'><strong>studium</strong></span> <span class='ocrx_word' id='word_1_118' title='bbox 1401 1466 1747 1536; x_wconf 89' lang='lat' dir='ltr'><strong>impendens,</strong></span> <span class='ocrx_word' id='word_1_119' title='bbox 1780 1486 1963 1525; x_wconf 92' lang='lat' dir='ltr'><strong>nonne</strong></span> 
     </span>
    </p>
   </div>
   <div class='ocr_carea' id='block_1_18' title="bbox 382 1552 1962 1630">
    <p class='ocr_par' dir='ltr' id='par_1_18' title="bbox 382 1552 1962 1630">
     <span class='ocr_line' id='line_1_18' title="bbox 382 1552 1962 1630; baseline 0.007 -24"><span class='ocrx_word' id='word_1_120' title='bbox 382 1552 468 1607; x_wconf 85' lang='lat' dir='ltr'><strong>vel</strong></span> <span class='ocrx_word' id='word_1_121' title='bbox 497 1552 818 1624; x_wconf 84' lang='lat' dir='ltr'><strong>imprudens</strong></span> <span class='ocrx_word' id='word_1_122' title='bbox 854 1555 971 1625; x_wconf 92' lang='lat' dir='ltr'><strong>ipse</strong></span> <span class='ocrx_word' id='word_1_123' title='bbox 1014 1555 1081 1609; x_wconf 92' lang='lat' dir='ltr'><strong>de</strong></span> <span class='ocrx_word' id='word_1_124' title='bbox 1124 1557 1307 1625; x_wconf 85' lang='lat' dir='ltr'><strong>seipse</strong></span> <span class='ocrx_word' id='word_1_125' title='bbox 1338 1557 1544 1612; x_wconf 89' lang='lat' dir='ltr'><strong>indicio</strong></span> <span class='ocrx_word' id='word_1_126' title='bbox 1575 1560 1667 1624; x_wconf 89' lang='lat' dir='ltr'><strong>sit,</strong></span> <span class='ocrx_word' id='word_1_127' title='bbox 1695 1564 1841 1630; x_wconf 91' lang='lat' dir='ltr'><strong>quod</strong></span> <span class='ocrx_word' id='word_1_128' title='bbox 1874 1563 1962 1616; x_wconf 84' lang='lat' dir='ltr'><strong>in-</strong></span> 
     </span>
    </p>
   </div>
   <div class='ocr_carea' id='block_1_19' title="bbox 384 1643 1957 1720">
    <p class='ocr_par' dir='ltr' id='par_1_19' title="bbox 384 1643 1957 1720">
     <span class='ocr_line' id='line_1_19' title="bbox 384 1643 1957 1720; baseline 0.009 -24"><span class='ocrx_word' id='word_1_129' title='bbox 384 1643 563 1699; x_wconf 81' lang='lat' dir='ltr'><strong>fandis</strong></span> <span class='ocrx_word' id='word_1_130' title='bbox 610 1646 879 1710; x_wconf 89' lang='lat' dir='ltr'><strong>moribus,</strong></span> <span class='ocrx_word' id='word_1_131' title='bbox 931 1646 1077 1716; x_wconf 90' lang='lat' dir='ltr'><strong>quod</strong></span> <span class='ocrx_word' id='word_1_132' title='bbox 1129 1649 1416 1713; x_wconf 90' lang='lat' dir='ltr'><strong>scelestus,</strong></span> <span class='ocrx_word' id='word_1_133' title='bbox 1467 1651 1613 1720; x_wconf 92' lang='lat' dir='ltr'><strong>quod</strong></span> <span class='ocrx_word' id='word_1_134' title='bbox 1664 1654 1957 1719; x_wconf 88' lang='lat' dir='ltr'><strong>obscenus,</strong></span> 
     </span>
    </p>
   </div>
   <div class='ocr_carea' id='block_1_20' title="bbox 381 1737 1963 1816">
    <p class='ocr_par' dir='ltr' id='par_1_20' title="bbox 381 1737 1963 1816">
     <span class='ocr_line' id='line_1_20' title="bbox 381 1737 1963 1816; baseline 0.008 -27"><span class='ocrx_word' id='word_1_135' title='bbox 381 1737 527 1806; x_wconf 84' lang='lat' dir='ltr'><strong>quod</strong></span> <span class='ocrx_word' id='word_1_136' title='bbox 560 1738 809 1809; x_wconf 82' lang='lat' dir='ltr'><strong>religioni</strong></span> <span class='ocrx_word' id='word_1_137' title='bbox 852 1740 1129 1803; x_wconf 90' lang='lat' dir='ltr'><strong>inimicus,</strong></span> <span class='ocrx_word' id='word_1_138' title='bbox 1167 1742 1311 1811; x_wconf 90' lang='lat' dir='ltr'><strong>quod</strong></span> <span class='ocrx_word' id='word_1_139' title='bbox 1348 1744 1608 1813; x_wconf 87' lang='lat' dir='ltr'><strong>injustus,</strong></span> <span class='ocrx_word' id='word_1_140' title='bbox 1658 1749 1805 1816; x_wconf 90' lang='lat' dir='ltr'><strong>quod</strong></span> <span class='ocrx_word' id='word_1_141' title='bbox 1865 1748 1963 1802; x_wconf 89' lang='lat' dir='ltr'><strong>im-</strong></span> 
     </span>
    </p>
   </div>
   <div class='ocr_carea' id='block_1_21' title="bbox 381 1829 1960 1909">
    <p class='ocr_par' dir='ltr' id='par_1_21' title="bbox 381 1829 1960 1909">
     <span class='ocr_line' id='line_1_21' title="bbox 381 1829 1960 1909; baseline 0.007 -26"><span class='ocrx_word' id='word_1_142' title='bbox 381 1829 539 1898; x_wconf 89' lang='lat' dir='ltr'><strong>pius?</strong></span> <span class='ocrx_word' id='word_1_143' title='bbox 571 1829 674 1896; x_wconf 86' lang='lat' dir='ltr'><strong>Qui</strong></span> <span class='ocrx_word' id='word_1_144' title='bbox 707 1846 838 1886; x_wconf 90' lang='lat' dir='ltr'><strong>vero</strong></span> <span class='ocrx_word' id='word_1_145' title='bbox 865 1833 989 1888; x_wconf 87' lang='lat' dir='ltr'><strong>talis</strong></span> <span class='ocrx_word' id='word_1_146' title='bbox 1022 1833 1114 1899; x_wconf 88' lang='lat' dir='ltr'><strong>sit,</strong></span> <span class='ocrx_word' id='word_1_147' title='bbox 1158 1834 1301 1889; x_wconf 91' lang='lat' dir='ltr'><strong>unde</strong></span> <span class='ocrx_word' id='word_1_148' title='bbox 1325 1844 1418 1889; x_wconf 87' lang='lat' dir='ltr'><strong>aut</strong></span> <span class='ocrx_word' id='word_1_149' title='bbox 1443 1838 1720 1906; x_wconf 92' lang='lat' dir='ltr'><strong>quomodo</strong></span> <span class='ocrx_word' id='word_1_150' title='bbox 1750 1854 1813 1893; x_wconf 91' lang='lat' dir='ltr'><strong>ea</strong></span> <span class='ocrx_word' id='word_1_151' title='bbox 1838 1855 1960 1909; x_wconf 67' lang='lat' dir='ltr'><strong>quae</strong></span> 
     </span>
    </p>
   </div>
   <div class='ocr_carea' id='block_1_22' title="bbox 380 1921 1960 1997">
    <p class='ocr_par' dir='ltr' id='par_1_22' title="bbox 380 1921 1960 1997">
     <span class='ocr_line' id='line_1_22' title="bbox 380 1921 1960 1997; baseline 0.006 -21"><span class='ocrx_word' id='word_1_152' title='bbox 380 1921 451 1977; x_wconf 87' lang='lat' dir='ltr'><strong>ad</strong></span> <span class='ocrx_word' id='word_1_153' title='bbox 498 1921 818 1991; x_wconf 86' lang='lat' dir='ltr'><strong>religionem</strong></span> <span class='ocrx_word' id='word_1_154' title='bbox 854 1925 1147 1993; x_wconf 82' lang='lat' dir='ltr'><strong>pertinent,</strong></span> <span class='ocrx_word' id='word_1_155' title='bbox 1205 1927 1346 1982; x_wconf 91' lang='lat' dir='ltr'><strong>alios</strong></span> <span class='ocrx_word' id='word_1_156' title='bbox 1393 1929 1624 1986; x_wconf 87' lang='lat' dir='ltr'><strong>doceat?</strong></span> <span class='ocrx_word' id='word_1_157' title='bbox 1673 1931 1960 1997; x_wconf 86' lang='lat' dir='ltr'><strong>Quomodo</strong></span> 
     </span>
    </p>
   </div>
   <div class='ocr_carea' id='block_1_23' title="bbox 381 2014 1959 2092">
    <p class='ocr_par' dir='ltr' id='par_1_23' title="bbox 381 2014 1959 2092">
     <span class='ocr_line' id='line_1_23' title="bbox 381 2014 1959 2092; baseline 0.006 -26"><span class='ocrx_word' id='word_1_158' title='bbox 381 2014 510 2069; x_wconf 88' lang='lat' dir='ltr'><strong>item</strong></span> <span class='ocrx_word' id='word_1_159' title='bbox 553 2030 676 2085; x_wconf 63' lang='lat' dir='ltr'><strong>quae</strong></span> <span class='ocrx_word' id='word_1_160' title='bbox 716 2015 785 2069; x_wconf 88' lang='lat' dir='ltr'><strong>ad</strong></span> <span class='ocrx_word' id='word_1_161' title='bbox 831 2018 1275 2087; x_wconf 87' lang='lat' dir='ltr'><strong>temperantiam,</strong></span> <span class='ocrx_word' id='word_1_162' title='bbox 1309 2036 1430 2090; x_wconf 75' lang='lat' dir='ltr'><strong>quae</strong></span> <span class='ocrx_word' id='word_1_163' title='bbox 1462 2022 1529 2077; x_wconf 89' lang='lat' dir='ltr'><strong>ad</strong></span> <span class='ocrx_word' id='word_1_164' title='bbox 1562 2021 1658 2077; x_wconf 93' lang='lat' dir='ltr'><strong>Dei</strong></span> <span class='ocrx_word' id='word_1_165' title='bbox 1690 2023 1959 2092; x_wconf 53' lang='lat' dir='ltr'><strong>cognitio.</strong></span> 
     </span>
    </p>
   </div>
   <div class='ocr_carea' id='block_1_24' title="bbox 379 2109 1957 2185">
    <p class='ocr_par' dir='ltr' id='par_1_24' title="bbox 379 2109 1957 2185">
     <span class='ocr_line' id='line_1_24' title="bbox 379 2109 1957 2185; baseline 0.006 -26"><span class='ocrx_word' id='word_1_166' title='bbox 379 2122 527 2175; x_wconf 92' lang='lat' dir='ltr'><strong>nem,</strong></span> <span class='ocrx_word' id='word_1_167' title='bbox 587 2124 709 2177; x_wconf 72' lang='lat' dir='ltr'><strong>quze</strong></span> <span class='ocrx_word' id='word_1_168' title='bbox 757 2110 825 2165; x_wconf 89' lang='lat' dir='ltr'><strong>ad</strong></span> <span class='ocrx_word' id='word_1_169' title='bbox 858 2109 1104 2165; x_wconf 90' lang='lat' dir='ltr'><strong>divinum</strong></span> <span class='ocrx_word' id='word_1_170' title='bbox 1141 2111 1317 2167; x_wconf 88' lang='lat' dir='ltr'><strong>forum</strong></span> <span class='ocrx_word' id='word_1_171' title='bbox 1358 2129 1422 2170; x_wconf 92' lang='lat' dir='ltr'><strong>ac</strong></span> <span class='ocrx_word' id='word_1_172' title='bbox 1455 2114 1727 2185; x_wconf 88' lang='lat' dir='ltr'><strong>judicium</strong></span> <span class='ocrx_word' id='word_1_173' title='bbox 1757 2116 1957 2170; x_wconf 89' lang='lat' dir='ltr'><strong>summi</strong></span> 
     </span>
    </p>
   </div>
   <div class='ocr_carea' id='block_1_25' title="bbox 382 2197 1952 2276">
    <p class='ocr_par' dir='ltr' id='par_1_25' title="bbox 382 2197 1952 2276">
     <span class='ocr_line' id='line_1_25' title="bbox 382 2197 1952 2276; baseline 0.006 -25"><span class='ocrx_word' id='word_1_174' title='bbox 382 2197 514 2254; x_wconf 87' lang='lat' dir='ltr'><strong>Dei?</strong></span> <span class='ocrx_word' id='word_1_175' title='bbox 539 2199 732 2256; x_wconf 84' lang='lat' dir='ltr'><strong>Nonne</strong></span> <span class='ocrx_word' id='word_1_176' title='bbox 760 2202 846 2257; x_wconf 88' lang='lat' dir='ltr'><strong>his</strong></span> <span class='ocrx_word' id='word_1_177' title='bbox 870 2204 1127 2259; x_wconf 91' lang='lat' dir='ltr'><strong>omnibus</strong></span> <span class='ocrx_word' id='word_1_178' title='bbox 1156 2206 1433 2260; x_wconf 86' lang='lat' dir='ltr'><strong>contraria</strong></span> <span class='ocrx_word' id='word_1_179' title='bbox 1460 2207 1644 2276; x_wconf 88' lang='lat' dir='ltr'><strong>potius</strong></span> <span class='ocrx_word' id='word_1_180' title='bbox 1673 2222 1952 2263; x_wconf 90' lang='lat' dir='ltr'><strong>commen-</strong></span> 
     </span>
    </p>
   </div>
   <div class='ocr_carea' id='block_1_26' title="bbox 378 2288 1955 2366">
    <p class='ocr_par' dir='ltr' id='par_1_26' title="bbox 378 2288 1955 2366">
     <span class='ocr_line' id='line_1_26' title="bbox 378 2288 1955 2366; baseline 0.007 -23"><span class='ocrx_word' id='word_1_181' title='bbox 378 2288 470 2344; x_wconf 90' lang='lat' dir='ltr'><strong>det</strong></span> <span class='ocrx_word' id='word_1_182' title='bbox 499 2305 565 2345; x_wconf 90' lang='lat' dir='ltr'><strong>ac</strong></span> <span class='ocrx_word' id='word_1_183' title='bbox 602 2290 876 2360; x_wconf 59' lang='lat' dir='ltr'><strong>praferat,</strong></span> <span class='ocrx_word' id='word_1_184' title='bbox 925 2309 1038 2349; x_wconf 76' lang='lat' dir='ltr'><strong>sua:</strong></span> <span class='ocrx_word' id='word_1_185' title='bbox 1079 2295 1255 2365; x_wconf 90' lang='lat' dir='ltr'><strong>ipsius</strong></span> <span class='ocrx_word' id='word_1_186' title='bbox 1307 2296 1561 2366; x_wconf 73' lang='lat' dir='ltr'><strong>nequitia:</strong></span> <span class='ocrx_word' id='word_1_187' title='bbox 1590 2306 1955 2353; x_wconf 86' lang='lat' dir='ltr'><strong>consentanea</strong></span> 
     </span>
    </p>
   </div>
   <div class='ocr_carea' id='block_1_27' title="bbox 381 2384 1957 2459">
    <p class='ocr_par' dir='ltr' id='par_1_27' title="bbox 381 2384 1957 2459">
     <span class='ocr_line' id='line_1_27' title="bbox 381 2384 1957 2459; baseline 0.007 -23"><span class='ocrx_word' id='word_1_188' title='bbox 381 2384 744 2452; x_wconf 87' lang='lat' dir='ltr'><strong>perpetrans?</strong></span> <span class='ocrx_word' id='word_1_189' title='bbox 772 2384 965 2441; x_wconf 85' lang='lat' dir='ltr'><strong>Nonne</strong></span> <span class='ocrx_word' id='word_1_190' title='bbox 996 2387 1187 2450; x_wconf 90' lang='lat' dir='ltr'><strong>Deum,</strong></span> <span class='ocrx_word' id='word_1_191' title='bbox 1227 2387 1433 2458; x_wconf 86' lang='lat' dir='ltr'><strong>Deique</strong></span> <span class='ocrx_word' id='word_1_192' title='bbox 1462 2389 1862 2459; x_wconf 87' lang='lat' dir='ltr'><strong>providentiam</strong></span> <span class='ocrx_word' id='word_1_193' title='bbox 1893 2406 1957 2447; x_wconf 89' lang='lat' dir='ltr'><strong>ac</strong></span> 
     </span>
    </p>
   </div>
   <div class='ocr_carea' id='block_1_28' title="bbox 380 2474 1956 2547">
    <p class='ocr_par' dir='ltr' id='par_1_28' title="bbox 380 2474 1956 2547">
     <span class='ocr_line' id='line_1_28' title="bbox 380 2474 1956 2547; baseline 0.004 -21"><span class='ocrx_word' id='word_1_194' title='bbox 380 2474 474 2530; x_wconf 90' lang='lat' dir='ltr'><strong>Dei</strong></span> <span class='ocrx_word' id='word_1_195' title='bbox 503 2475 773 2545; x_wconf 89' lang='lat' dir='ltr'><strong>judicium</strong></span> <span class='ocrx_word' id='word_1_196' title='bbox 803 2477 1000 2547; x_wconf 82' lang='lat' dir='ltr'><strong>neget?</strong></span> <span class='ocrx_word' id='word_1_197' title='bbox 1034 2477 1227 2533; x_wconf 89' lang='lat' dir='ltr'><strong>Nonne</strong></span> <span class='ocrx_word' id='word_1_198' title='bbox 1267 2480 1451 2533; x_wconf 88' lang='lat' dir='ltr'><strong>omnia</strong></span> <span class='ocrx_word' id='word_1_199' title='bbox 1488 2479 1556 2533; x_wconf 90' lang='lat' dir='ltr'><strong>de</strong></span> <span class='ocrx_word' id='word_1_200' title='bbox 1586 2479 1810 2544; x_wconf 90' lang='lat' dir='ltr'><strong>virtute,</strong></span> <span class='ocrx_word' id='word_1_201' title='bbox 1836 2496 1956 2533; x_wconf 92' lang='lat' dir='ltr'><strong>om-</strong></span> 
     </span>
    </p>
   </div>
   <div class='ocr_carea' id='block_1_29' title="bbox 376 2569 1953 2639">
    <p class='ocr_par' dir='ltr' id='par_1_29' title="bbox 376 2569 1953 2639">
     <span class='ocr_line' id='line_1_29' title="bbox 376 2569 1953 2639; baseline 0.004 -16"><span class='ocrx_word' id='word_1_202' title='bbox 376 2570 467 2623; x_wconf 70' lang='lat' dir='ltr'><strong>nia</strong></span> <span class='ocrx_word' id='word_1_203' title='bbox 494 2569 562 2624; x_wconf 91' lang='lat' dir='ltr'><strong>de</strong></span> <span class='ocrx_word' id='word_1_204' title='bbox 604 2569 1019 2625; x_wconf 87' lang='lat' dir='ltr'><strong>immortalitate</strong></span> <span class='ocrx_word' id='word_1_205' title='bbox 1054 2571 1251 2625; x_wconf 81' lang='lat' dir='ltr'><strong>animae</strong></span> <span class='ocrx_word' id='word_1_206' title='bbox 1282 2572 1444 2625; x_wconf 87' lang='lat' dir='ltr'><strong>verba</strong></span> <span class='ocrx_word' id='word_1_207' title='bbox 1496 2572 1763 2627; x_wconf 85' lang='lat' dir='ltr'><strong>irrideat?</strong></span> <span class='ocrx_word' id='word_1_208' title='bbox 1795 2572 1953 2639; x_wconf 83' lang='lat' dir='ltr'><strong>Quod</strong></span> 
     </span>
    </p>
   </div>
   <div class='ocr_carea' id='block_1_30' title="bbox 376 2659 1954 2732">
    <p class='ocr_par' dir='ltr' id='par_1_30' title="bbox 376 2659 1954 2732">
     <span class='ocr_line' id='line_1_30' title="bbox 376 2659 1954 2732; baseline 0.003 -17"><span class='ocrx_word' id='word_1_209' title='bbox 376 2659 425 2715; x_wconf 92' lang='lat' dir='ltr'><strong>si</strong></span> <span class='ocrx_word' id='word_1_210' title='bbox 455 2660 588 2732; x_wconf 91' lang='lat' dir='ltr'><strong>quid</strong></span> <span class='ocrx_word' id='word_1_211' title='bbox 617 2661 727 2716; x_wconf 89' lang='lat' dir='ltr'><strong>tale</strong></span> <span class='ocrx_word' id='word_1_212' title='bbox 754 2661 918 2716; x_wconf 90' lang='lat' dir='ltr'><strong>etiam</strong></span> <span class='ocrx_word' id='word_1_213' title='bbox 950 2661 1007 2714; x_wconf 90' lang='lat' dir='ltr'><strong>in</strong></span> <span class='ocrx_word' id='word_1_214' title='bbox 1040 2661 1107 2717; x_wconf 90' lang='lat' dir='ltr'><strong>iis</strong></span> <span class='ocrx_word' id='word_1_215' title='bbox 1137 2678 1260 2732; x_wconf 66' lang='lat' dir='ltr'><strong>quae</strong></span> <span class='ocrx_word' id='word_1_216' title='bbox 1287 2662 1353 2717; x_wconf 82' lang='lat' dir='ltr'><strong>ad</strong></span> <span class='ocrx_word' id='word_1_217' title='bbox 1389 2663 1726 2719; x_wconf 86' lang='lat' dir='ltr'><strong>Salvatorem</strong></span> <span class='ocrx_word' id='word_1_218' title='bbox 1768 2663 1954 2719; x_wconf 90' lang='lat' dir='ltr'><strong>Domi-</strong></span> 
     </span>
    </p>
   </div>
   <div class='ocr_carea' id='block_1_31' title="bbox 368 2753 1953 2822">
    <p class='ocr_par' dir='ltr' id='par_1_31' title="bbox 368 2753 1953 2822">
     <span class='ocr_line' id='line_1_31' title="bbox 368 2753 1953 2822; baseline 0.003 -17"><span class='ocrx_word' id='word_1_219' title='bbox 368 2765 622 2820; x_wconf 75' lang='lat' dir='ltr'><strong>namque</strong></span> <span class='ocrx_word' id='word_1_220' title='bbox 653 2759 907 2807; x_wconf 85' lang='lat' dir='ltr'><strong>nostrum</strong></span> <span class='ocrx_word' id='word_1_221' title='bbox 938 2753 1235 2822; x_wconf 89' lang='lat' dir='ltr'><strong>pertinent,</strong></span> <span class='ocrx_word' id='word_1_222' title='bbox 1270 2753 1471 2808; x_wconf 89' lang='lat' dir='ltr'><strong>intueri</strong></span> <span class='ocrx_word' id='word_1_223' title='bbox 1514 2754 1786 2820; x_wconf 90' lang='lat' dir='ltr'><strong>licuisset,</strong></span> <span class='ocrx_word' id='word_1_224' title='bbox 1816 2756 1953 2810; x_wconf 92' lang='lat' dir='ltr'><strong>nihil</strong></span> 
     </span>
    </p>
   </div>
   <div class='ocr_carea' id='block_1_32' title="bbox 376 2842 1952 2917">
    <p class='ocr_par' dir='ltr' id='par_1_32' title="bbox 376 2842 1952 2917">
     <span class='ocr_line' id='line_1_32' title="bbox 376 2842 1952 2917; baseline 0.003 -20"><span class='ocrx_word' id='word_1_225' title='bbox 376 2858 509 2898; x_wconf 90' lang='lat' dir='ltr'><strong>sane</strong></span> <span class='ocrx_word' id='word_1_226' title='bbox 542 2842 737 2899; x_wconf 84' lang='lat' dir='ltr'><strong>fuisset</strong></span> <span class='ocrx_word' id='word_1_227' title='bbox 769 2843 1086 2899; x_wconf 89' lang='lat' dir='ltr'><strong>dicendum.</strong></span> <span class='ocrx_word' id='word_1_228' title='bbox 1124 2852 1194 2898; x_wconf 85' lang='lat' dir='ltr'><strong>At</strong></span> <span class='ocrx_word' id='word_1_229' title='bbox 1223 2860 1353 2899; x_wconf 86' lang='lat' dir='ltr'><strong>vero</strong></span> <span class='ocrx_word' id='word_1_230' title='bbox 1375 2861 1499 2900; x_wconf 90' lang='lat' dir='ltr'><strong>eum</strong></span> <span class='ocrx_word' id='word_1_231' title='bbox 1524 2845 1581 2900; x_wconf 90' lang='lat' dir='ltr'><strong>in</strong></span> <span class='ocrx_word' id='word_1_232' title='bbox 1613 2845 1844 2917; x_wconf 81' lang='lat' dir='ltr'><strong>singulis</strong></span> <span class='ocrx_word' id='word_1_233' title='bbox 1866 2862 1952 2901; x_wconf 90' lang='lat' dir='ltr'><strong>re-</strong></span> 
     </span>
    </p>
   </div>
   <div class='ocr_carea' id='block_1_33' title="bbox 374 2935 1953 3008">
    <p class='ocr_par' dir='ltr' id='par_1_33' title="bbox 374 2935 1953 3008">
     <span class='ocr_line' id='line_1_33' title="bbox 374 2935 1953 3008; baseline 0.001 -17"><span class='ocrx_word' id='word_1_234' title='bbox 374 2936 479 2991; x_wconf 84' lang='lat' dir='ltr'><strong>bus</strong></span> <span class='ocrx_word' id='word_1_235' title='bbox 508 2941 563 2991; x_wconf 86' lang='lat' dir='ltr'><strong>et</strong></span> <span class='ocrx_word' id='word_1_236' title='bbox 599 2936 806 3001; x_wconf 79' lang='lat' dir='ltr'><strong>verbis,</strong></span> <span class='ocrx_word' id='word_1_237' title='bbox 836 2936 1078 2992; x_wconf 89' lang='lat' dir='ltr'><strong>universi</strong></span> <span class='ocrx_word' id='word_1_238' title='bbox 1109 2937 1358 3008; x_wconf 82' lang='lat' dir='ltr'><strong>opificem</strong></span> <span class='ocrx_word' id='word_1_239' title='bbox 1416 2936 1584 2991; x_wconf 88' lang='lat' dir='ltr'><strong>Deum</strong></span> <span class='ocrx_word' id='word_1_240' title='bbox 1621 2935 1838 2993; x_wconf 88' lang='lat' dir='ltr'><strong>Patrem</strong></span> <span class='ocrx_word' id='word_1_241' title='bbox 1866 2939 1953 2992; x_wconf 91' lang='lat' dir='ltr'><strong>in-</strong></span> 
     </span>
    </p>
   </div>
   <div class='ocr_carea' id='block_1_34' title="bbox 373 3027 1952 3100">
    <p class='ocr_par' dir='ltr' id='par_1_34' title="bbox 373 3027 1952 3100">
     <span class='ocr_line' id='line_1_34' title="bbox 373 3027 1952 3100; baseline 0.001 -19"><span class='ocrx_word' id='word_1_242' title='bbox 373 3042 570 3083; x_wconf 83' lang='lat' dir='ltr'><strong>vocare</strong></span> <span class='ocrx_word' id='word_1_243' title='bbox 599 3027 818 3083; x_wconf 80' lang='lat' dir='ltr'><strong>solitum</strong></span> <span class='ocrx_word' id='word_1_244' title='bbox 853 3036 1091 3091; x_wconf 88' lang='lat' dir='ltr'><strong>constet,</strong></span> <span class='ocrx_word' id='word_1_245' title='bbox 1133 3029 1383 3099; x_wconf 90' lang='lat' dir='ltr'><strong>talesque</strong></span> <span class='ocrx_word' id='word_1_246' title='bbox 1427 3044 1568 3099; x_wconf 91' lang='lat' dir='ltr'><strong>quos</strong></span> <span class='ocrx_word' id='word_1_247' title='bbox 1616 3031 1672 3084; x_wconf 93' lang='lat' dir='ltr'><strong>in</strong></span> <span class='ocrx_word' id='word_1_248' title='bbox 1705 3029 1952 3100; x_wconf 88' lang='lat' dir='ltr'><strong>discipli-</strong></span> 
     </span>
    </p>
   </div>
   <div class='ocr_carea' id='block_1_35' title="bbox 2075 456 3652 531">
    <p class='ocr_par' dir='ltr' id='par_1_35' title="bbox 2075 456 3652 531">
     <span class='ocr_line' id='line_1_35' title="bbox 2075 456 3652 531; baseline 0.026 -22"><span class='ocrx_word' id='word_1_249' title='bbox 2075 456 2169 510; x_wconf 86' lang='grc' dir='ltr'><strong>τοῦ</strong></span> <span class='ocrx_word' id='word_1_250' title='bbox 2198 459 2371 528; x_wconf 75' lang='grc' dir='ltr'>’ῖησοῦ</span> <span class='ocrx_word' id='word_1_251' title='bbox 2387 460 2447 511; x_wconf 77' lang='grc' dir='ltr'>τὸ</span> <span class='ocrx_word' id='word_1_252' title='bbox 2470 460 2637 529; x_wconf 71' lang='grc' dir='ltr'>ὄνομα</span> <span class='ocrx_word' id='word_1_253' title='bbox 2656 462 2888 531; x_wconf 79' lang='grc' dir='ltr'>φρίττει,</span> <span class='ocrx_word' id='word_1_254' title='bbox 2911 459 3262 526; x_wconf 74' lang='grc' dir='ltr'>ὑπεξίσταταί</span> <span class='ocrx_word' id='word_1_255' title='bbox 3283 477 3339 512; x_wconf 71' lang='grc' dir='ltr'>τε</span> <span class='ocrx_word' id='word_1_256' title='bbox 3362 461 3455 514; x_wconf 56' lang='grc' dir='ltr'>καὶ</span> <span class='ocrx_word' id='word_1_257' title='bbox 3476 477 3652 531; x_wconf 42' lang='grc' dir='ltr'>παρῶ</span> 
     </span>
    </p>
   </div>
   <div class='ocr_carea' id='block_1_36' title="bbox 2076 553 3651 625">
    <p class='ocr_par' dir='ltr' id='par_1_36' title="bbox 2076 553 3651 625">
     <span class='ocr_line' id='line_1_36' title="bbox 2076 553 3651 625; baseline 0.001 -21"><span class='ocrx_word' id='word_1_258' title='bbox 2076 555 2242 623; x_wconf 90' lang='grc' dir='ltr'>χωρεῖ</span> <span class='ocrx_word' id='word_1_259' title='bbox 2266 556 2331 624; x_wconf 80' lang='grc' dir='ltr'>τῇ</span> <span class='ocrx_word' id='word_1_260' title='bbox 2375 554 2473 624; x_wconf 80' lang='grc' dir='ltr'><strong>τῆς</strong></span> <span class='ocrx_word' id='word_1_261' title='bbox 2510 554 2879 625; x_wconf 79' lang='grc' dir='ltr'>προσηγορίας</span> <span class='ocrx_word' id='word_1_262' title='bbox 2910 555 2970 607; x_wconf 89' lang='grc' dir='ltr'><strong>δυ</strong></span> <span class='ocrx_word' id='word_1_263' title='bbox 2987 554 3167 625; x_wconf 60' lang='lat' dir='ltr'><strong>rapat;</strong></span> <span class='ocrx_word' id='word_1_264' title='bbox 3205 553 3501 625; x_wconf 87' lang='grc' dir='ltr'>Ὠσπεροῦν</span> <span class='ocrx_word' id='word_1_265' title='bbox 3555 555 3651 607; x_wconf 81' lang='grc' dir='ltr'><strong>καὶ</strong></span> 
     </span>
    </p>
   </div>
   <div class='ocr_carea' id='block_1_37' title="bbox 2075 645 3651 718">
    <p class='ocr_par' dir='ltr' id='par_1_37' title="bbox 2075 645 3651 718">
     <span class='ocr_line' id='line_1_37' title="bbox 2075 645 3651 718; baseline 0.001 -22"><span class='ocrx_word' id='word_1_266' title='bbox 2075 646 2240 699; x_wconf 69' lang='grc' dir='ltr'>πάλαι</span> <span class='ocrx_word' id='word_1_267' title='bbox 2270 645 2391 698; x_wconf 82' lang='grc' dir='ltr'>καθ’</span> <span class='ocrx_word' id='word_1_268' title='bbox 2416 646 2473 698; x_wconf 80' lang='grc' dir='ltr'>ὃν</span> <span class='ocrx_word' id='word_1_269' title='bbox 2504 646 2761 718; x_wconf 78' lang='grc' dir='ltr'><strong>ἐπεδήμει</strong></span> <span class='ocrx_word' id='word_1_270' title='bbox 2802 647 2880 716; x_wconf 79' lang='grc' dir='ltr'>τῷ</span> <span class='ocrx_word' id='word_1_271' title='bbox 2907 646 3006 716; x_wconf 79' lang='grc' dir='ltr'><strong>βίῳ</strong></span> <span class='ocrx_word' id='word_1_272' title='bbox 3033 647 3243 717; x_wconf 84' lang='grc' dir='ltr'>χρόνον,</span> <span class='ocrx_word' id='word_1_273' title='bbox 3280 646 3353 717; x_wconf 83' lang='grc' dir='ltr'>μὴ</span> <span class='ocrx_word' id='word_1_274' title='bbox 3396 646 3651 716; x_wconf 85' lang='grc' dir='ltr'>φέροντες</span> 
     </span>
    </p>
   </div>
   <div class='ocr_carea' id='block_1_38' title="bbox 2074 736 3650 808">
    <p class='ocr_par' dir='ltr' id='par_1_38' title="bbox 2074 736 3650 808">
     <span class='ocr_line' id='line_1_38' title="bbox 2074 736 3650 808; baseline 0 -19"><span class='ocrx_word' id='word_1_275' title='bbox 2074 737 2238 789; x_wconf 81' lang='grc' dir='ltr'>αὐτοῦ</span> <span class='ocrx_word' id='word_1_276' title='bbox 2267 736 2363 808; x_wconf 84' lang='grc' dir='ltr'>τὴν</span> <span class='ocrx_word' id='word_1_277' title='bbox 2394 738 2715 807; x_wconf 73' lang='grc' dir='ltr'>παρουσίαν,</span> <span class='ocrx_word' id='word_1_278' title='bbox 2753 739 2909 801; x_wconf 84' lang='grc' dir='ltr'>ἄλλος</span> <span class='ocrx_word' id='word_1_279' title='bbox 2952 738 3174 791; x_wconf 85' lang='grc' dir='ltr'>ἄλλοθεν</span> <span class='ocrx_word' id='word_1_280' title='bbox 3208 738 3367 791; x_wconf 61' lang='grc' dir='ltr'>ἐϐόων</span> <span class='ocrx_word' id='word_1_281' title='bbox 3398 759 3416 788; x_wconf 70' lang='grc' dir='ltr'>ς</span> <span class='ocrx_word' id='word_1_282' title='bbox 3450 740 3573 801; x_wconf 84' lang='grc' dir='ltr'>Ἔα,</span> <span class='ocrx_word' id='word_1_283' title='bbox 3599 738 3650 790; x_wconf 85' lang='grc' dir='ltr'><strong>τί</strong></span> 
     </span>
    </p>
   </div>
   <div class='ocr_carea' id='block_1_39' title="bbox 2074 827 3647 902">
    <p class='ocr_par' dir='ltr' id='par_1_39' title="bbox 2074 827 3647 902">
     <span class='ocr_line' id='line_1_39' title="bbox 2074 827 3647 902; baseline 0.001 -22"><span class='ocrx_word' id='word_1_284' title='bbox 2074 830 2201 898; x_wconf 74' lang='grc' dir='ltr'>ἡμῖν</span> <span class='ocrx_word' id='word_1_285' title='bbox 2230 830 2324 881; x_wconf 72' lang='grc' dir='ltr'><strong>καὶ</strong></span> <span class='ocrx_word' id='word_1_286' title='bbox 2352 830 2452 892; x_wconf 71' lang='grc' dir='ltr'>σοὶ,</span> <span class='ocrx_word' id='word_1_287' title='bbox 2491 829 2663 899; x_wconf 86' lang='grc' dir='ltr'>Ἰησοῦ</span> <span class='ocrx_word' id='word_1_288' title='bbox 2688 831 2781 882; x_wconf 79' lang='grc' dir='ltr'><strong>Υἱὲ</strong></span> <span class='ocrx_word' id='word_1_289' title='bbox 2803 832 2895 884; x_wconf 89' lang='grc' dir='ltr'><strong>τοῦ</strong></span> <span class='ocrx_word' id='word_1_290' title='bbox 2924 830 3057 883; x_wconf 79' lang='grc' dir='ltr'>Θεοῦ</span> <span class='ocrx_word' id='word_1_291' title='bbox 3084 849 3098 895; x_wconf 89' lang='grc'>;</span> <span class='ocrx_word' id='word_1_292' title='bbox 3137 827 3297 901; x_wconf 80' lang='grc' dir='ltr'>ἦλθες</span> <span class='ocrx_word' id='word_1_293' title='bbox 3320 831 3425 902; x_wconf 81' lang='grc' dir='ltr'><strong>πρὸ</strong></span> <span class='ocrx_word' id='word_1_294' title='bbox 3456 828 3647 901; x_wconf 79' lang='grc' dir='ltr'>καιροῦ</span> 
     </span>
    </p>
   </div>
   <div class='ocr_carea' id='block_1_40' title="bbox 2075 921 3649 994">
    <p class='ocr_par' dir='ltr' id='par_1_40' title="bbox 2075 921 3649 994">
     <span class='ocr_line' id='line_1_40' title="bbox 2075 921 3649 994; baseline 0 -21"><span class='ocrx_word' id='word_1_295' title='bbox 2075 921 2364 991; x_wconf 81' lang='grc' dir='ltr'>βασανίσαι</span> <span class='ocrx_word' id='word_1_296' title='bbox 2387 923 2573 992; x_wconf 81' lang='grc' dir='ltr'>ἡμᾶς;</span> <span class='ocrx_word' id='word_1_297' title='bbox 2614 942 2633 971; x_wconf 72' lang='grc' dir='ltr'><strong>ι</strong></span> <span class='ocrx_word' id='word_1_298' title='bbox 2681 923 2844 994; x_wconf 84' lang='grc' dir='ltr'>Ἀνὴρ</span> <span class='ocrx_word' id='word_1_299' title='bbox 2872 923 2915 975; x_wconf 85' lang='grc' dir='ltr'>δ’</span> <span class='ocrx_word' id='word_1_300' title='bbox 2956 924 3092 987; x_wconf 86' lang='grc' dir='ltr'><strong>ὅλως</strong></span> <span class='ocrx_word' id='word_1_301' title='bbox 3114 922 3334 994; x_wconf 75' lang='grc' dir='ltr'>γοητείᾳ</span> <span class='ocrx_word' id='word_1_302' title='bbox 3367 922 3649 993; x_wconf 78' lang='grc' dir='ltr'>προσέχων</span> 
     </span>
    </p>
   </div>
   <div class='ocr_carea' id='block_1_41' title="bbox 2071 1011 3649 1082">
    <p class='ocr_par' dir='ltr' id='par_1_41' title="bbox 2071 1011 3649 1082">
     <span class='ocr_line' id='line_1_41' title="bbox 2071 1011 3649 1082; baseline -0.001 -18"><span class='ocrx_word' id='word_1_303' title='bbox 2071 1012 2159 1064; x_wconf 83' lang='grc' dir='ltr'><strong>τὸν</strong></span> <span class='ocrx_word' id='word_1_304' title='bbox 2181 1012 2325 1078; x_wconf 89' lang='grc' dir='ltr'>νοῦν,</span> <span class='ocrx_word' id='word_1_305' title='bbox 2360 1013 2455 1067; x_wconf 74' lang='grc' dir='ltr'><strong>καὶ</strong></span> <span class='ocrx_word' id='word_1_306' title='bbox 2493 1017 2710 1076; x_wconf 84' lang='grc' dir='ltr'>πάντως</span> <span class='ocrx_word' id='word_1_307' title='bbox 2740 1013 2803 1081; x_wconf 85' lang='grc' dir='ltr'><strong>γέ</strong></span> <span class='ocrx_word' id='word_1_308' title='bbox 2828 1030 2929 1066; x_wconf 82' lang='grc' dir='ltr'><strong>που</strong></span> <span class='ocrx_word' id='word_1_309' title='bbox 2958 1012 3349 1082; x_wconf 87' lang='grc' dir='ltr'>ἀπειρημένοις</span> <span class='ocrx_word' id='word_1_310' title='bbox 3387 1011 3649 1082; x_wconf 80' lang='grc' dir='ltr'>πράγμα-</span> 
     </span>
    </p>
   </div>
   <div class='ocr_carea' id='block_1_42' title="bbox 2073 1101 3647 1178">
    <p class='ocr_par' dir='ltr' id='par_1_42' title="bbox 2073 1101 3647 1178">
     <span class='ocr_line' id='line_1_42' title="bbox 2073 1101 3647 1178; baseline -0.002 -22"><span class='ocrx_word' id='word_1_311' title='bbox 2073 1119 2155 1157; x_wconf 90' lang='grc' dir='ltr'><strong>σιν</strong></span> <span class='ocrx_word' id='word_1_312' title='bbox 2197 1105 2482 1176; x_wconf 76' lang='grc' dir='ltr'>ἐγχειρῶν,</span> <span class='ocrx_word' id='word_1_313' title='bbox 2537 1103 2626 1178; x_wconf 84' lang='grc' dir='ltr'><strong>ἆρ’</strong></span> <span class='ocrx_word' id='word_1_314' title='bbox 2663 1107 2761 1159; x_wconf 82' lang='grc' dir='ltr'><strong>ούκ</strong></span> <span class='ocrx_word' id='word_1_315' title='bbox 2802 1104 2867 1158; x_wconf 84' lang='grc' dir='ltr'><strong>ἂν</strong></span> <span class='ocrx_word' id='word_1_316' title='bbox 2900 1105 2986 1173; x_wconf 79' lang='grc' dir='ltr'><strong>εἴη</strong></span> <span class='ocrx_word' id='word_1_317' title='bbox 3011 1104 3167 1174; x_wconf 80' lang='grc' dir='ltr'>δῆλος</span> <span class='ocrx_word' id='word_1_318' title='bbox 3204 1103 3414 1165; x_wconf 87' lang='grc' dir='ltr'>ἀνόσιος</span> <span class='ocrx_word' id='word_1_319' title='bbox 3446 1101 3522 1154; x_wconf 86' lang='grc' dir='ltr'><strong>ῶν</strong></span> <span class='ocrx_word' id='word_1_320' title='bbox 3553 1101 3647 1154; x_wconf 81' lang='grc' dir='ltr'><strong>τὸν</strong></span> 
     </span>
    </p>
   </div>
   <div class='ocr_carea' id='block_1_43' title="bbox 2068 1195 3647 1271">
    <p class='ocr_par' dir='ltr' id='par_1_43' title="bbox 2068 1195 3647 1271">
     <span class='ocr_line' id='line_1_43' title="bbox 2068 1195 3647 1271; baseline 0 -23"><span class='ocrx_word' id='word_1_321' title='bbox 2068 1197 2290 1266; x_wconf 87' lang='grc' dir='ltr'>τρόπον,</span> <span class='ocrx_word' id='word_1_322' title='bbox 2339 1199 2432 1251; x_wconf 77' lang='grc' dir='ltr'>καὶ</span> <span class='ocrx_word' id='word_1_323' title='bbox 2488 1200 2703 1271; x_wconf 82' lang='grc' dir='ltr'>μιαρὸς,</span> <span class='ocrx_word' id='word_1_324' title='bbox 2775 1200 2870 1252; x_wconf 73' lang='grc' dir='ltr'><strong>καὶ</strong></span> <span class='ocrx_word' id='word_1_325' title='bbox 2924 1197 3165 1269; x_wconf 76' lang='grc' dir='ltr'>αἰσχρὸς,</span> <span class='ocrx_word' id='word_1_326' title='bbox 3215 1197 3307 1249; x_wconf 73' lang='grc' dir='ltr'><strong>καὶ</strong></span> <span class='ocrx_word' id='word_1_327' title='bbox 3342 1196 3517 1260; x_wconf 85' lang='grc' dir='ltr'>ἄθεος,</span> <span class='ocrx_word' id='word_1_328' title='bbox 3550 1195 3647 1248; x_wconf 74' lang='grc' dir='ltr'>καὶ</span> 
     </span>
    </p>
   </div>
   <div class='ocr_carea' id='block_1_44' title="bbox 2070 1286 3641 1359">
    <p class='ocr_par' dir='ltr' id='par_1_44' title="bbox 2070 1286 3641 1359">
     <span class='ocr_line' id='line_1_44' title="bbox 2070 1286 3641 1359; baseline -0.001 -20"><span class='ocrx_word' id='word_1_329' title='bbox 2070 1287 2300 1358; x_wconf 90' lang='grc' dir='ltr'>ἀσεϐής;</span> <span class='ocrx_word' id='word_1_330' title='bbox 2335 1288 2584 1354; x_wconf 82' lang='grc' dir='ltr'>Τοιοῦτος</span> <span class='ocrx_word' id='word_1_331' title='bbox 2614 1290 2669 1343; x_wconf 83' lang='grc' dir='ltr'><strong>δὲ</strong></span> <span class='ocrx_word' id='word_1_332' title='bbox 2695 1289 2790 1353; x_wconf 86' lang='grc' dir='ltr'><strong>ῶν,</strong></span> <span class='ocrx_word' id='word_1_333' title='bbox 2822 1289 2982 1342; x_wconf 83' lang='grc' dir='ltr'>πόθεν</span> <span class='ocrx_word' id='word_1_334' title='bbox 3019 1290 3052 1359; x_wconf 83' lang='grc' dir='ltr'>ἢ</span> <span class='ocrx_word' id='word_1_335' title='bbox 3085 1288 3201 1351; x_wconf 87' lang='grc' dir='ltr'><strong>πῶς</strong></span> <span class='ocrx_word' id='word_1_336' title='bbox 3228 1287 3298 1340; x_wconf 85' lang='grc' dir='ltr'><strong>τά</strong></span> <span class='ocrx_word' id='word_1_337' title='bbox 3324 1288 3452 1358; x_wconf 70' lang='grc' dir='ltr'>περὶ</span> <span class='ocrx_word' id='word_1_338' title='bbox 3489 1286 3641 1338; x_wconf 79' lang='grc' dir='ltr'>εὐσε-</span> 
     </span>
    </p>
   </div>
   <div class='ocr_carea' id='block_1_45' title="bbox 2069 1375 3644 1450">
    <p class='ocr_par' dir='ltr' id='par_1_45' title="bbox 2069 1375 3644 1450">
     <span class='ocr_line' id='line_1_45' title="bbox 2069 1375 3644 1450; baseline 0.001 -23"><span class='ocrx_word' id='word_1_339' title='bbox 2069 1375 2217 1440; x_wconf 89' lang='grc' dir='ltr'>ϐείας</span> <span class='ocrx_word' id='word_1_340' title='bbox 2262 1377 2493 1442; x_wconf 80' lang='grc' dir='ltr'><strong>διδάξειν</strong></span> <span class='ocrx_word' id='word_1_341' title='bbox 2555 1379 2797 1450; x_wconf 80' lang='grc' dir='ltr'>ἐτέρους,</span> <span class='ocrx_word' id='word_1_342' title='bbox 2863 1378 2994 1447; x_wconf 53' lang='lat' dir='ltr'><strong>me</strong></span> <span class='ocrx_word' id='word_1_343' title='bbox 3029 1380 3157 1449; x_wconf 77' lang='grc' dir='ltr'>περὶ</span> <span class='ocrx_word' id='word_1_344' title='bbox 3199 1376 3571 1448; x_wconf 83' lang='grc' dir='ltr'>σωφροσύνης,</span> <span class='ocrx_word' id='word_1_345' title='bbox 3607 1375 3644 1446; x_wconf 80' lang='grc' dir='ltr'>ἢ</span> 
     </span>
    </p>
   </div>
   <div class='ocr_carea' id='block_1_46' title="bbox 2069 1467 3646 1543">
    <p class='ocr_par' dir='ltr' id='par_1_46' title="bbox 2069 1467 3646 1543">
     <span class='ocr_line' id='line_1_46' title="bbox 2069 1467 3646 1543; baseline -0.001 -20"><span class='ocrx_word' id='word_1_346' title='bbox 2069 1469 2136 1523; x_wconf 72' lang='grc' dir='ltr'>τὰ</span> <span class='ocrx_word' id='word_1_347' title='bbox 2166 1473 2294 1542; x_wconf 75' lang='grc' dir='ltr'>περὶ</span> <span class='ocrx_word' id='word_1_348' title='bbox 2325 1472 2460 1525; x_wconf 83' lang='grc' dir='ltr'>Θεοῦ</span> <span class='ocrx_word' id='word_1_349' title='bbox 2493 1472 2765 1541; x_wconf 84' lang='grc' dir='ltr'>γνώσεως,</span> <span class='ocrx_word' id='word_1_350' title='bbox 2793 1473 2825 1543; x_wconf 80' lang='grc' dir='ltr'>ἢ</span> <span class='ocrx_word' id='word_1_351' title='bbox 2855 1472 2923 1526; x_wconf 78' lang='grc' dir='ltr'><strong>τὰ</strong></span> <span class='ocrx_word' id='word_1_352' title='bbox 2958 1473 3086 1543; x_wconf 82' lang='grc' dir='ltr'>περὶ</span> <span class='ocrx_word' id='word_1_353' title='bbox 3136 1471 3516 1540; x_wconf 80' lang='grc' dir='ltr'>δικαιωτηρίου</span> <span class='ocrx_word' id='word_1_354' title='bbox 3545 1467 3646 1522; x_wconf 77' lang='grc' dir='ltr'>καὶ</span> 
     </span>
    </p>
   </div>
   <div class='ocr_carea' id='block_1_47' title="bbox 2075 1561 3647 1633">
    <p class='ocr_par' dir='ltr' id='par_1_47' title="bbox 2075 1561 3647 1633">
     <span class='ocr_line' id='line_1_47' title="bbox 2075 1561 3647 1633; baseline -0.001 -18"><span class='ocrx_word' id='word_1_355' title='bbox 2075 1563 2312 1633; x_wconf 87' lang='grc' dir='ltr'>κρίσεως</span> <span class='ocrx_word' id='word_1_356' title='bbox 2349 1563 2442 1617; x_wconf 88' lang='grc' dir='ltr'><strong>τοῦ</strong></span> <span class='ocrx_word' id='word_1_357' title='bbox 2486 1566 2577 1617; x_wconf 76' lang='grc' dir='ltr'><strong>ἐπὶ</strong></span> <span class='ocrx_word' id='word_1_358' title='bbox 2629 1566 2846 1619; x_wconf 80' lang='grc' dir='ltr'>πάντων</span> <span class='ocrx_word' id='word_1_359' title='bbox 2880 1561 3046 1630; x_wconf 88' lang='grc' dir='ltr'>Θεοῦ;</span> <span class='ocrx_word' id='word_1_360' title='bbox 3074 1564 3208 1633; x_wconf 78' lang='grc' dir='ltr'>Οὐχὶ</span> <span class='ocrx_word' id='word_1_361' title='bbox 3240 1562 3444 1615; x_wconf 85' lang='grc' dir='ltr'>τούτων</span> <span class='ocrx_word' id='word_1_362' title='bbox 3466 1561 3647 1615; x_wconf 78' lang='grc' dir='ltr'>ἁπάν-</span> 
     </span>
    </p>
   </div>
   <div class='ocr_carea' id='block_1_48' title="bbox 2065 1651 3643 1727">
    <p class='ocr_par' dir='ltr' id='par_1_48' title="bbox 2065 1651 3643 1727">
     <span class='ocr_line' id='line_1_48' title="bbox 2065 1651 3643 1727; baseline -0.001 -21"><span class='ocrx_word' id='word_1_363' title='bbox 2065 1672 2172 1707; x_wconf 89' lang='grc' dir='ltr'><strong>των</strong></span> <span class='ocrx_word' id='word_1_364' title='bbox 2194 1654 2262 1707; x_wconf 81' lang='grc' dir='ltr'><strong>τὰ</strong></span> <span class='ocrx_word' id='word_1_365' title='bbox 2278 1657 2495 1709; x_wconf 77' lang='grc' dir='ltr'>ἐναντία</span> <span class='ocrx_word' id='word_1_366' title='bbox 2523 1656 2835 1727; x_wconf 81' lang='grc' dir='ltr'>πρεσϐεύει,</span> <span class='ocrx_word' id='word_1_367' title='bbox 2861 1655 3128 1710; x_wconf 83' lang='grc' dir='ltr'><strong>ἀκόλουθα</strong></span> <span class='ocrx_word' id='word_1_368' title='bbox 3154 1658 3221 1726; x_wconf 81' lang='grc' dir='ltr'>τῇ</span> <span class='ocrx_word' id='word_1_369' title='bbox 3249 1652 3412 1706; x_wconf 82' lang='grc' dir='ltr'>αὑτοῦ</span> <span class='ocrx_word' id='word_1_370' title='bbox 3431 1651 3643 1723; x_wconf 84' lang='grc' dir='ltr'>μοχθη-</span> 
     </span>
    </p>
   </div>
   <div class='ocr_carea' id='block_1_49' title="bbox 2065 1742 3644 1819">
    <p class='ocr_par' dir='ltr' id='par_1_49' title="bbox 2065 1742 3644 1819">
     <span class='ocr_line' id='line_1_49' title="bbox 2065 1742 3644 1819; baseline -0.002 -22"><span class='ocrx_word' id='word_1_371' title='bbox 2065 1746 2155 1816; x_wconf 74' lang='grc' dir='ltr'>ρίᾳ</span> <span class='ocrx_word' id='word_1_372' title='bbox 2189 1746 2475 1815; x_wconf 83' lang='grc' dir='ltr'>πράττων;</span> <span class='ocrx_word' id='word_1_373' title='bbox 2505 1749 2596 1800; x_wconf 76' lang='grc' dir='ltr'><strong>καὶ</strong></span> <span class='ocrx_word' id='word_1_374' title='bbox 2616 1747 2745 1800; x_wconf 77' lang='grc' dir='ltr'>Θεὸν</span> <span class='ocrx_word' id='word_1_375' title='bbox 2770 1749 2865 1818; x_wconf 86' lang='grc' dir='ltr'><strong>μὲν</strong></span> <span class='ocrx_word' id='word_1_376' title='bbox 2893 1748 3207 1819; x_wconf 88' lang='grc' dir='ltr'>ἀρνήσεται,</span> <span class='ocrx_word' id='word_1_377' title='bbox 3242 1746 3336 1799; x_wconf 73' lang='grc' dir='ltr'><strong>καὶ</strong></span> <span class='ocrx_word' id='word_1_378' title='bbox 3354 1743 3488 1798; x_wconf 83' lang='grc' dir='ltr'>Θεοῦ</span> <span class='ocrx_word' id='word_1_379' title='bbox 3510 1742 3644 1813; x_wconf 82' lang='grc' dir='ltr'>πρό-</span> 
     </span>
    </p>
   </div>
   <div class='ocr_carea' id='block_1_50' title="bbox 2065 1832 3642 1909">
    <p class='ocr_par' dir='ltr' id='par_1_50' title="bbox 2065 1832 3642 1909">
     <span class='ocr_line' id='line_1_50' title="bbox 2065 1832 3642 1909; baseline -0.003 -21"><span class='ocrx_word' id='word_1_380' title='bbox 2065 1853 2210 1888; x_wconf 85' lang='grc' dir='ltr'>νοιαν</span> <span class='ocrx_word' id='word_1_381' title='bbox 2236 1877 2251 1900; x_wconf 97' lang='grc'><strong>,</strong></span> <span class='ocrx_word' id='word_1_382' title='bbox 2281 1836 2375 1889; x_wconf 71' lang='grc' dir='ltr'><strong>καὶ</strong></span> <span class='ocrx_word' id='word_1_383' title='bbox 2404 1837 2538 1891; x_wconf 83' lang='grc' dir='ltr'>Θεοῦ</span> <span class='ocrx_word' id='word_1_384' title='bbox 2568 1840 2769 1909; x_wconf 82' lang='grc' dir='ltr'>κρίσιν,</span> <span class='ocrx_word' id='word_1_385' title='bbox 2792 1837 3044 1908; x_wconf 86' lang='grc' dir='ltr'>χλευάσει</span> <span class='ocrx_word' id='word_1_386' title='bbox 3060 1836 3116 1890; x_wconf 84' lang='grc' dir='ltr'>δὲ</span> <span class='ocrx_word' id='word_1_387' title='bbox 3139 1835 3263 1898; x_wconf 80' lang='grc' dir='ltr'>τοὺς</span> <span class='ocrx_word' id='word_1_388' title='bbox 3288 1835 3412 1905; x_wconf 76' lang='grc' dir='ltr'>περὶ</span> <span class='ocrx_word' id='word_1_389' title='bbox 3432 1832 3642 1904; x_wconf 81' lang='grc' dir='ltr'>ἀρετῆς</span> 
     </span>
    </p>
   </div>
   <div class='ocr_carea' id='block_1_51' title="bbox 2061 1922 3642 1999">
    <p class='ocr_par' dir='ltr' id='par_1_51' title="bbox 2061 1922 3642 1999">
     <span class='ocr_line' id='line_1_51' title="bbox 2061 1922 3642 1999; baseline 0 -25"><span class='ocrx_word' id='word_1_390' title='bbox 2061 1923 2307 1986; x_wconf 76' lang='grc' dir='ltr'>καὶτοὺς</span> <span class='ocrx_word' id='word_1_391' title='bbox 2358 1925 2485 1994; x_wconf 74' lang='grc' dir='ltr'>περὶ</span> <span class='ocrx_word' id='word_1_392' title='bbox 2507 1925 2686 1996; x_wconf 72' lang='grc' dir='ltr'>ψυχῆς</span> <span class='ocrx_word' id='word_1_393' title='bbox 2733 1924 3029 1989; x_wconf 78' lang='grc' dir='ltr'>ἀθανασίας</span> <span class='ocrx_word' id='word_1_394' title='bbox 3075 1925 3295 1999; x_wconf 54' lang='grc' dir='ltr'>λόγουςλ</span> <span class='ocrx_word' id='word_1_395' title='bbox 3327 1925 3391 1976; x_wconf 86' lang='grc' dir='ltr'><strong>Εἰ</strong></span> <span class='ocrx_word' id='word_1_396' title='bbox 3432 1922 3531 1993; x_wconf 83' lang='grc' dir='ltr'>μὲν</span> <span class='ocrx_word' id='word_1_397' title='bbox 3573 1922 3642 1992; x_wconf 77' lang='grc' dir='ltr'>δὴ</span> 
     </span>
    </p>
   </div>
   <div class='ocr_carea' id='block_1_52' title="bbox 2056 2012 3642 2090">
    <p class='ocr_par' dir='ltr' id='par_1_52' title="bbox 2056 2012 3642 2090">
     <span class='ocr_line' id='line_1_52' title="bbox 2056 2012 3642 2090; baseline -0.001 -23"><span class='ocrx_word' id='word_1_398' title='bbox 2056 2014 2282 2068; x_wconf 88' lang='grc' dir='ltr'>τοιαῦτὰ</span> <span class='ocrx_word' id='word_1_399' title='bbox 2301 2033 2422 2070; x_wconf 91' lang='grc' dir='ltr'>τινα</span> <span class='ocrx_word' id='word_1_400' title='bbox 2446 2012 2514 2087; x_wconf 73' lang='grc' dir='ltr'>ἦν</span> <span class='ocrx_word' id='word_1_401' title='bbox 2551 2018 2679 2070; x_wconf 80' lang='grc' dir='ltr'>ἰδεῖν</span> <span class='ocrx_word' id='word_1_402' title='bbox 2714 2018 2808 2071; x_wconf 73' lang='grc' dir='ltr'>καὶ</span> <span class='ocrx_word' id='word_1_403' title='bbox 2835 2018 2965 2090; x_wconf 77' lang='grc' dir='ltr'>περὶ</span> <span class='ocrx_word' id='word_1_404' title='bbox 2992 2018 3084 2071; x_wconf 75' lang='grc' dir='ltr'>τὸν</span> <span class='ocrx_word' id='word_1_405' title='bbox 3118 2018 3346 2088; x_wconf 80' lang='grc' dir='ltr'>Σωτῆρα</span> <span class='ocrx_word' id='word_1_406' title='bbox 3392 2016 3486 2070; x_wconf 78' lang='grc' dir='ltr'><strong>καὶ</strong></span> <span class='ocrx_word' id='word_1_407' title='bbox 3518 2014 3642 2067; x_wconf 83' lang='grc' dir='ltr'><strong>Κύ-</strong></span> 
     </span>
    </p>
   </div>
   <div class='ocr_carea' id='block_1_53' title="bbox 2060 2106 3645 2182">
    <p class='ocr_par' dir='ltr' id='par_1_53' title="bbox 2060 2106 3645 2182">
     <span class='ocr_line' id='line_1_53' title="bbox 2060 2106 3645 2182; baseline -0.001 -20"><span class='ocrx_word' id='word_1_408' title='bbox 2060 2108 2363 2181; x_wconf 81' lang='grc' dir='ltr'>ριονήμῶν,</span> <span class='ocrx_word' id='word_1_409' title='bbox 2392 2110 2544 2163; x_wconf 82' lang='grc' dir='ltr'>οὐδὲν</span> <span class='ocrx_word' id='word_1_410' title='bbox 2572 2110 2635 2164; x_wconf 86' lang='grc' dir='ltr'><strong>ἂν</strong></span> <span class='ocrx_word' id='word_1_411' title='bbox 2661 2106 2728 2182; x_wconf 79' lang='grc' dir='ltr'>ἦν</span> <span class='ocrx_word' id='word_1_412' title='bbox 2754 2114 2925 2163; x_wconf 84' lang='grc' dir='ltr'>εἰπεῖν</span> <span class='ocrx_word' id='word_1_413' title='bbox 2945 2128 2957 2140; x_wconf 93' lang='grc'><strong>·</strong></span> <span class='ocrx_word' id='word_1_414' title='bbox 2992 2112 3040 2163; x_wconf 88' lang='grc' dir='ltr'><strong>εί</strong></span> <span class='ocrx_word' id='word_1_415' title='bbox 3066 2111 3110 2164; x_wconf 78' lang='grc' dir='ltr'>δ’</span> <span class='ocrx_word' id='word_1_416' title='bbox 3133 2112 3217 2181; x_wconf 77' lang='grc' dir='ltr'><strong>ἐφ’</strong></span> <span class='ocrx_word' id='word_1_417' title='bbox 3252 2109 3465 2179; x_wconf 77' lang='grc' dir='ltr'>ἑκάστῳ</span> <span class='ocrx_word' id='word_1_418' title='bbox 3494 2108 3645 2178; x_wconf 76' lang='grc' dir='ltr'>πρά-</span> 
     </span>
    </p>
   </div>
   <div class='ocr_carea' id='block_1_54' title="bbox 2056 2200 3642 2274">
    <p class='ocr_par' dir='ltr' id='par_1_54' title="bbox 2056 2200 3642 2274">
     <span class='ocr_line' id='line_1_54' title="bbox 2056 2200 3642 2274; baseline 0.001 -21"><span class='ocrx_word' id='word_1_419' title='bbox 2056 2217 2229 2270; x_wconf 88' lang='grc' dir='ltr'>γματι</span> <span class='ocrx_word' id='word_1_420' title='bbox 2262 2204 2357 2255; x_wconf 77' lang='grc' dir='ltr'><strong>καὶ</strong></span> <span class='ocrx_word' id='word_1_421' title='bbox 2377 2201 2520 2273; x_wconf 83' lang='grc' dir='ltr'>λόγῳ</span> <span class='ocrx_word' id='word_1_422' title='bbox 2540 2204 2632 2256; x_wconf 86' lang='grc' dir='ltr'><strong>τὸν</strong></span> <span class='ocrx_word' id='word_1_423' title='bbox 2658 2204 2875 2257; x_wconf 88' lang='grc' dir='ltr'>πάντων</span> <span class='ocrx_word' id='word_1_424' title='bbox 2898 2203 3227 2274; x_wconf 80' lang='grc' dir='ltr'>δημιουργὸν</span> <span class='ocrx_word' id='word_1_425' title='bbox 3257 2202 3475 2272; x_wconf 80' lang='grc' dir='ltr'>Πατέρα</span> <span class='ocrx_word' id='word_1_426' title='bbox 3500 2200 3642 2254; x_wconf 73' lang='grc' dir='ltr'>Θεὸν</span> 
     </span>
    </p>
   </div>
   <div class='ocr_carea' id='block_1_55' title="bbox 2054 2288 3641 2362">
    <p class='ocr_par' dir='ltr' id='par_1_55' title="bbox 2054 2288 3641 2362">
     <span class='ocr_line' id='line_1_55' title="bbox 2054 2288 3641 2362; baseline 0.001 -20"><span class='ocrx_word' id='word_1_427' title='bbox 2054 2288 2490 2362; x_wconf 80' lang='grc' dir='ltr'>ἀνακαλούμενος</span> <span class='ocrx_word' id='word_1_428' title='bbox 2556 2292 2974 2357; x_wconf 83' lang='grc' dir='ltr'>ἀποδείκνυται,</span> <span class='ocrx_word' id='word_1_429' title='bbox 3030 2293 3125 2345; x_wconf 74' lang='grc' dir='ltr'>καὶ</span> <span class='ocrx_word' id='word_1_430' title='bbox 3183 2292 3310 2355; x_wconf 81' lang='grc' dir='ltr'>τοὺς</span> <span class='ocrx_word' id='word_1_431' title='bbox 3373 2290 3641 2361; x_wconf 71' lang='grc' dir='ltr'>φοιτητὰς</span> 
     </span>
    </p>
   </div>
   <div class='ocr_carea' id='block_1_56' title="bbox 2054 2382 3643 2457">
    <p class='ocr_par' dir='ltr' id='par_1_56' title="bbox 2054 2382 3643 2457">
     <span class='ocr_line' id='line_1_56' title="bbox 2054 2382 3643 2457; baseline 0.002 -24"><span class='ocrx_word' id='word_1_432' title='bbox 2054 2382 2324 2448; x_wconf 77' lang='grc' dir='ltr'>τοιούτους</span> <span class='ocrx_word' id='word_1_433' title='bbox 2357 2382 2495 2439; x_wconf 76' lang='grc' dir='ltr'>εἶναι</span> <span class='ocrx_word' id='word_1_434' title='bbox 2526 2386 2979 2457; x_wconf 81' lang='grc' dir='ltr'>παρασκευάζων,</span> <span class='ocrx_word' id='word_1_435' title='bbox 3010 2386 3108 2439; x_wconf 71' lang='grc' dir='ltr'><strong>καὶ</strong></span> <span class='ocrx_word' id='word_1_436' title='bbox 3141 2388 3189 2439; x_wconf 83' lang='grc' dir='ltr'><strong>εί</strong></span> <span class='ocrx_word' id='word_1_437' title='bbox 3211 2386 3441 2456; x_wconf 85' lang='grc' dir='ltr'>σώφρων</span> <span class='ocrx_word' id='word_1_438' title='bbox 3471 2383 3643 2447; x_wconf 71' lang='grc' dir='ltr'>αὐτὸς</span> 
     </span>
    </p>
   </div>
   <div class='ocr_carea' id='block_1_57' title="bbox 2053 2476 3640 2548">
    <p class='ocr_par' dir='ltr' id='par_1_57' title="bbox 2053 2476 3640 2548">
     <span class='ocr_line' id='line_1_57' title="bbox 2053 2476 3640 2548; baseline 0.001 -21"><span class='ocrx_word' id='word_1_439' title='bbox 2053 2476 2149 2527; x_wconf 69' lang='grc' dir='ltr'><strong>καὶ</strong></span> <span class='ocrx_word' id='word_1_440' title='bbox 2174 2477 2467 2548; x_wconf 84' lang='grc' dir='ltr'>σωφρόνων</span> <span class='ocrx_word' id='word_1_441' title='bbox 2506 2478 2682 2546; x_wconf 84' lang='grc' dir='ltr'>λόγων</span> <span class='ocrx_word' id='word_1_442' title='bbox 2709 2477 3048 2541; x_wconf 80' lang='grc' dir='ltr'>διδάσκαλος,</span> <span class='ocrx_word' id='word_1_443' title='bbox 3080 2478 3175 2530; x_wconf 77' lang='grc' dir='ltr'><strong>καὶ</strong></span> <span class='ocrx_word' id='word_1_444' title='bbox 3196 2478 3244 2529; x_wconf 81' lang='grc' dir='ltr'>εἰ</span> <span class='ocrx_word' id='word_1_445' title='bbox 3271 2476 3497 2546; x_wconf 82' lang='grc' dir='ltr'>ποιητὴς</span> <span class='ocrx_word' id='word_1_446' title='bbox 3538 2477 3640 2529; x_wconf 73' lang='grc' dir='ltr'><strong>καὶ</strong></span> 
     </span>
    </p>
   </div>
   <div class='ocr_carea' id='block_1_58' title="bbox 2054 2563 3637 2638">
    <p class='ocr_par' dir='ltr' id='par_1_58' title="bbox 2054 2563 3637 2638">
     <span class='ocr_line' id='line_1_58' title="bbox 2054 2563 3637 2638; baseline -0.003 -19"><span class='ocrx_word' id='word_1_447' title='bbox 2054 2567 2227 2638; x_wconf 85' lang='grc' dir='ltr'>κήρυξ</span> <span class='ocrx_word' id='word_1_448' title='bbox 2247 2566 2612 2636; x_wconf 84' lang='grc' dir='ltr'>δικαιοσύνης,</span> <span class='ocrx_word' id='word_1_449' title='bbox 2640 2568 2733 2620; x_wconf 77' lang='grc' dir='ltr'><strong>καὶ</strong></span> <span class='ocrx_word' id='word_1_450' title='bbox 2769 2566 3043 2637; x_wconf 83' lang='grc' dir='ltr'>ἀληθείας,</span> <span class='ocrx_word' id='word_1_451' title='bbox 3074 2567 3167 2618; x_wconf 80' lang='grc' dir='ltr'>καὶ</span> <span class='ocrx_word' id='word_1_452' title='bbox 3200 2563 3637 2634; x_wconf 82' lang='grc' dir='ltr'>φιλανθρωπίας,</span> 
     </span>
    </p>
   </div>
   <div class='ocr_carea' id='block_1_59' title="bbox 2053 2649 3638 2728">
    <p class='ocr_par' dir='ltr' id='par_1_59' title="bbox 2053 2649 3638 2728">
     <span class='ocr_line' id='line_1_59' title="bbox 2053 2649 3638 2728; baseline -0.004 -19"><span class='ocrx_word' id='word_1_453' title='bbox 2053 2658 2148 2710; x_wconf 70' lang='grc' dir='ltr'>καὶ</span> <span class='ocrx_word' id='word_1_454' title='bbox 2195 2656 2396 2728; x_wconf 84' lang='grc' dir='ltr'>ἀρετῆς</span> <span class='ocrx_word' id='word_1_455' title='bbox 2457 2655 2695 2725; x_wconf 79' lang='grc' dir='ltr'>ἀπάσης,</span> <span class='ocrx_word' id='word_1_456' title='bbox 2742 2657 2836 2708; x_wconf 75' lang='grc' dir='ltr'><strong>καὶ</strong></span> <span class='ocrx_word' id='word_1_457' title='bbox 2862 2654 3167 2716; x_wconf 86' lang='grc' dir='ltr'>θεοσεϐείας</span> <span class='ocrx_word' id='word_1_458' title='bbox 3212 2649 3503 2721; x_wconf 84' lang='grc' dir='ltr'>εἰσηγητὴς</span> <span class='ocrx_word' id='word_1_459' title='bbox 3536 2649 3638 2702; x_wconf 83' lang='grc' dir='ltr'>τοῦ</span> 
     </span>
    </p>
   </div>
   <div class='ocr_carea' id='block_1_60' title="bbox 2053 2740 3640 2820">
    <p class='ocr_par' dir='ltr' id='par_1_60' title="bbox 2053 2740 3640 2820">
     <span class='ocr_line' id='line_1_60' title="bbox 2053 2740 3640 2820; baseline -0.004 -17"><span class='ocrx_word' id='word_1_460' title='bbox 2053 2749 2440 2820; x_wconf 85' lang='grc' dir='ltr'>παμϐασιλέως</span> <span class='ocrx_word' id='word_1_461' title='bbox 2459 2748 2594 2803; x_wconf 82' lang='grc' dir='ltr'>Θεοῦ</span> <span class='ocrx_word' id='word_1_462' title='bbox 2615 2766 2629 2780; x_wconf 87' lang='grc'><strong>·</strong></span> <span class='ocrx_word' id='word_1_463' title='bbox 2662 2748 2776 2812; x_wconf 88' lang='grc' dir='ltr'><strong>πῶς</strong></span> <span class='ocrx_word' id='word_1_464' title='bbox 2806 2750 2903 2818; x_wconf 83' lang='grc' dir='ltr'><strong>οὐχ</strong></span> <span class='ocrx_word' id='word_1_465' title='bbox 2932 2740 3349 2807; x_wconf 77' lang='grc' dir='ltr'>ἕπεταιτούτοις</span> <span class='ocrx_word' id='word_1_466' title='bbox 3372 2743 3432 2796; x_wconf 80' lang='grc' dir='ltr'><strong>τὸ</strong></span> <span class='ocrx_word' id='word_1_467' title='bbox 3460 2741 3640 2813; x_wconf 82' lang='grc' dir='ltr'>μηθὲν</span> 
     </span>
    </p>
   </div>
   <div class='ocr_carea' id='block_1_61' title="bbox 2056 2832 3636 2911">
    <p class='ocr_par' dir='ltr' id='par_1_61' title="bbox 2056 2832 3636 2911">
     <span class='ocr_line' id='line_1_61' title="bbox 2056 2832 3636 2911; baseline -0.006 -19"><span class='ocrx_word' id='word_1_468' title='bbox 2056 2840 2153 2911; x_wconf 82' lang='grc' dir='ltr'><strong>μὲν</strong></span> <span class='ocrx_word' id='word_1_469' title='bbox 2186 2838 2436 2910; x_wconf 81' lang='grc' dir='ltr'>ἡγεῖσθαι</span> <span class='ocrx_word' id='word_1_470' title='bbox 2493 2839 2634 2893; x_wconf 84' lang='grc' dir='ltr'>κατὰ</span> <span class='ocrx_word' id='word_1_471' title='bbox 2689 2837 2943 2909; x_wconf 88' lang='grc' dir='ltr'>γοητείαν</span> <span class='ocrx_word' id='word_1_472' title='bbox 2970 2837 3131 2891; x_wconf 82' lang='grc' dir='ltr'>αὐτὸν</span> <span class='ocrx_word' id='word_1_473' title='bbox 3164 2835 3273 2887; x_wconf 88' lang='grc' dir='ltr'><strong>τῶν</strong></span> <span class='ocrx_word' id='word_1_474' title='bbox 3311 2832 3636 2903; x_wconf 77' lang='grc' dir='ltr'>παραδόξων</span> 
     </span>
    </p>
   </div>
   <div class='ocr_carea' id='block_1_62' title="bbox 2054 2927 3636 3003">
    <p class='ocr_par' dir='ltr' id='par_1_62' title="bbox 2054 2927 3636 3003">
     <span class='ocr_line' id='line_1_62' title="bbox 2054 2927 3636 3003; baseline -0.004 -18"><span class='ocrx_word' id='word_1_475' title='bbox 2054 2933 2431 3003; x_wconf 81' lang='grc' dir='ltr'>πεποιηκέναι,</span> <span class='ocrx_word' id='word_1_476' title='bbox 2482 2932 2706 3003; x_wconf 82' lang='grc' dir='ltr'>δυνάμει</span> <span class='ocrx_word' id='word_1_477' title='bbox 2753 2932 2798 2984; x_wconf 82' lang='grc' dir='ltr'>δ’</span> <span class='ocrx_word' id='word_1_478' title='bbox 2830 2932 3147 3002; x_wconf 72' lang='grc' dir='ltr'>ἀπορρήτῳ,</span> <span class='ocrx_word' id='word_1_479' title='bbox 3180 2929 3274 2982; x_wconf 72' lang='grc' dir='ltr'><strong>καὶ</strong></span> <span class='ocrx_word' id='word_1_480' title='bbox 3301 2929 3378 2991; x_wconf 83' lang='grc' dir='ltr'><strong>ὡς</strong></span> <span class='ocrx_word' id='word_1_481' title='bbox 3412 2927 3636 2996; x_wconf 77' lang='grc' dir='ltr'>ἀληθῶς</span> 
     </span>
    </p>
   </div>
   <div class='ocr_carea' id='block_1_63' title="bbox 2053 3023 3635 3099">
    <p class='ocr_par' dir='ltr' id='par_1_63' title="bbox 2053 3023 3635 3099">
     <span class='ocr_line' id='line_1_63' title="bbox 2053 3023 3635 3099; baseline -0.004 -19"><span class='ocrx_word' id='word_1_482' title='bbox 2053 3027 2219 3099; x_wconf 83' lang='grc' dir='ltr'>ὲνθέῳ</span> <span class='ocrx_word' id='word_1_483' title='bbox 2242 3026 2646 3096; x_wconf 85' lang='grc' dir='ltr'>συνομολογεϊν;</span> <span class='ocrx_word' id='word_1_484' title='bbox 2677 3025 2815 3079; x_wconf 84' lang='grc' dir='ltr'>Ἀλλ’</span> <span class='ocrx_word' id='word_1_485' title='bbox 2840 3027 2920 3089; x_wconf 85' lang='grc' dir='ltr'><strong>είς</strong></span> <span class='ocrx_word' id='word_1_486' title='bbox 2948 3024 3200 3078; x_wconf 85' lang='grc' dir='ltr'>τοσοῦτον</span> <span class='ocrx_word' id='word_1_487' title='bbox 3221 3023 3462 3086; x_wconf 81' lang='grc' dir='ltr'>ἐλαύνεις</span> <span class='ocrx_word' id='word_1_488' title='bbox 3484 3023 3635 3092; x_wconf 84' lang='grc' dir='ltr'>ἀπη-</span> 
     </span>
    </p>
   </div>
   <div class='ocr_carea' id='block_1_64' title="bbox 373 3110 1953 3211">
    <p class='ocr_par' dir='ltr' id='par_1_64' title="bbox 373 3119 1949 3193">
     <span class='ocr_line' id='line_1_64' title="bbox 373 3119 1949 3193; baseline 0.003 -21"><span class='ocrx_word' id='word_1_489' title='bbox 373 3134 499 3173; x_wconf 88' lang='lat' dir='ltr'><strong>nam</strong></span> <span class='ocrx_word' id='word_1_490' title='bbox 525 3119 820 3188; x_wconf 87' lang='lat' dir='ltr'><strong>acciperet,</strong></span> <span class='ocrx_word' id='word_1_491' title='bbox 847 3134 1200 3189; x_wconf 90' lang='lat' dir='ltr'><strong>comparasse</strong></span> <span class='ocrx_word' id='word_1_492' title='bbox 1227 3138 1239 3173; x_wconf 90' lang='lat'><strong>:</strong></span> <span class='ocrx_word' id='word_1_493' title='bbox 1267 3134 1391 3174; x_wconf 91' lang='lat' dir='ltr'><strong>cum</strong></span> <span class='ocrx_word' id='word_1_494' title='bbox 1420 3128 1476 3176; x_wconf 90' lang='lat' dir='ltr'><strong>et</strong></span> <span class='ocrx_word' id='word_1_495' title='bbox 1501 3121 1615 3191; x_wconf 92' lang='lat' dir='ltr'><strong>ipse</strong></span> <span class='ocrx_word' id='word_1_496' title='bbox 1639 3132 1949 3193; x_wconf 76' lang='lat' dir='ltr'><strong>temperans</strong></span> 
     </span>
    </p>
   </div>
   <div class='ocr_carea' id='block_1_65' title="bbox 2061 3110 3637 3211">
    <p class='ocr_par' dir='ltr' id='par_1_65' title="bbox 2061 3110 3637 3188">
     <span class='ocr_line' id='line_1_65' title="bbox 2061 3110 3637 3188; baseline -0.007 -15"><span class='ocrx_word' id='word_1_497' title='bbox 2061 3118 2218 3183; x_wconf 81' lang='grc' dir='ltr'>νείας,</span> <span class='ocrx_word' id='word_1_498' title='bbox 2253 3118 2328 3182; x_wconf 86' lang='grc' dir='ltr'>ὡς</span> <span class='ocrx_word' id='word_1_499' title='bbox 2361 3119 2435 3188; x_wconf 85' lang='grc' dir='ltr'>μὴ</span> <span class='ocrx_word' id='word_1_500' title='bbox 2467 3118 2747 3188; x_wconf 79' lang='grc' dir='ltr'>λογισμοῖς</span> <span class='ocrx_word' id='word_1_501' title='bbox 2772 3115 3034 3186; x_wconf 82' lang='grc' dir='ltr'>σώφροσι,</span> <span class='ocrx_word' id='word_1_502' title='bbox 3062 3114 3236 3182; x_wconf 87' lang='grc' dir='ltr'>λόγων</span> <span class='ocrx_word' id='word_1_503' title='bbox 3262 3130 3320 3165; x_wconf 85' lang='grc' dir='ltr'><strong>τε</strong></span> <span class='ocrx_word' id='word_1_504' title='bbox 3339 3110 3637 3183; x_wconf 77' lang='grc' dir='ltr'>ἀκολουθίᾳ</span> 
     </span>
    </p>
   </div>
   <div class='ocr_carea' id='block_1_66' title="bbox 373 3210 1949 3286">
    <p class='ocr_par' dir='ltr' id='par_1_66' title="bbox 373 3210 1949 3286">
     <span class='ocr_line' id='line_1_66' title="bbox 373 3210 1949 3286; baseline 0.003 -21"><span class='ocrx_word' id='word_1_505' title='bbox 373 3210 562 3274; x_wconf 91' lang='lat' dir='ltr'><strong>fuerit,</strong></span> <span class='ocrx_word' id='word_1_506' title='bbox 614 3219 669 3265; x_wconf 89' lang='lat' dir='ltr'><strong>et</strong></span> <span class='ocrx_word' id='word_1_507' title='bbox 713 3212 1005 3267; x_wconf 83' lang='lat' dir='ltr'><strong>verborum</strong></span> <span class='ocrx_word' id='word_1_508' title='bbox 1055 3230 1175 3283; x_wconf 72' lang='lat' dir='ltr'><strong>quae</strong></span> <span class='ocrx_word' id='word_1_509' title='bbox 1215 3213 1280 3267; x_wconf 89' lang='lat' dir='ltr'><strong>ad</strong></span> <span class='ocrx_word' id='word_1_510' title='bbox 1317 3216 1733 3284; x_wconf 89' lang='lat' dir='ltr'><strong>temperantiam</strong></span> <span class='ocrx_word' id='word_1_511' title='bbox 1780 3216 1949 3286; x_wconf 86' lang='lat' dir='ltr'><strong>perti-</strong></span> 
     </span>
    </p>
   </div>
   <div class='ocr_carea' id='block_1_67' title="bbox 372 3306 1948 3378">
    <p class='ocr_par' dir='ltr' id='par_1_67' title="bbox 372 3306 1948 3378">
     <span class='ocr_line' id='line_1_67' title="bbox 372 3306 1948 3378; baseline 0.003 -20"><span class='ocrx_word' id='word_1_512' title='bbox 372 3310 503 3358; x_wconf 86' lang='lat' dir='ltr'><strong>nent</strong></span> <span class='ocrx_word' id='word_1_513' title='bbox 526 3310 867 3373; x_wconf 64' lang='lat' dir='ltr'><strong>prreceptor:</strong></span> <span class='ocrx_word' id='word_1_514' title='bbox 900 3319 1024 3358; x_wconf 85' lang='lat' dir='ltr'><strong>cum</strong></span> <span class='ocrx_word' id='word_1_515' title='bbox 1067 3314 1279 3368; x_wconf 88' lang='lat' dir='ltr'><strong>auctor,</strong></span> <span class='ocrx_word' id='word_1_516' title='bbox 1322 3306 1759 3378; x_wconf 62' lang='lat' dir='ltr'><strong>praedicatorque</strong></span> <span class='ocrx_word' id='word_1_517' title='bbox 1783 3306 1948 3376; x_wconf 89' lang='lat' dir='ltr'><strong>justi-</strong></span> 
     </span>
    </p>
   </div>
   <div class='ocr_carea' id='block_1_68' title="bbox 368 3394 1944 3462">
    <p class='ocr_par' dir='ltr' id='par_1_68' title="bbox 368 3394 1944 3462">
     <span class='ocr_line' id='line_1_68' title="bbox 368 3394 1944 3462; baseline 0.003 -14"><span class='ocrx_word' id='word_1_518' title='bbox 368 3394 481 3458; x_wconf 75' lang='lat' dir='ltr'><strong>tite,</strong></span> <span class='ocrx_word' id='word_1_519' title='bbox 509 3395 779 3462; x_wconf 88' lang='lat' dir='ltr'><strong>veritatis,</strong></span> <span class='ocrx_word' id='word_1_520' title='bbox 802 3395 1188 3460; x_wconf 88' lang='lat' dir='ltr'><strong>humanitatis,</strong></span> <span class='ocrx_word' id='word_1_521' title='bbox 1222 3398 1441 3452; x_wconf 88' lang='lat' dir='ltr'><strong>virtutis</strong></span> <span class='ocrx_word' id='word_1_522' title='bbox 1468 3399 1735 3454; x_wconf 64' lang='lat' dir='ltr'><strong>universa:</strong></span> <span class='ocrx_word' id='word_1_523' title='bbox 1768 3418 1782 3455; x_wconf 92' lang='lat'>:</span> <span class='ocrx_word' id='word_1_524' title='bbox 1819 3415 1944 3454; x_wconf 86' lang='lat' dir='ltr'><strong>cum</strong></span> 
     </span>
    </p>
   </div>
   <div class='ocr_carea' id='block_1_69' title="bbox 369 3486 1943 3561">
    <p class='ocr_par' dir='ltr' id='par_1_69' title="bbox 369 3486 1943 3561">
     <span class='ocr_line' id='line_1_69' title="bbox 369 3486 1943 3561; baseline 0.003 -22"><span class='ocrx_word' id='word_1_525' title='bbox 369 3486 653 3556; x_wconf 83' lang='lat' dir='ltr'><strong>religionis</strong></span> <span class='ocrx_word' id='word_1_526' title='bbox 702 3487 811 3540; x_wconf 79' lang='lat' dir='ltr'><strong>dux</strong></span> <span class='ocrx_word' id='word_1_527' title='bbox 856 3494 910 3542; x_wconf 89' lang='lat' dir='ltr'><strong>et</strong></span> <span class='ocrx_word' id='word_1_528' title='bbox 959 3487 1242 3556; x_wconf 82' lang='lat' dir='ltr'><strong>magister,</strong></span> <span class='ocrx_word' id='word_1_529' title='bbox 1292 3505 1414 3559; x_wconf 73' lang='lat' dir='ltr'><strong>qua:</strong></span> <span class='ocrx_word' id='word_1_530' title='bbox 1460 3490 1707 3545; x_wconf 90' lang='lat' dir='ltr'><strong>omnium</strong></span> <span class='ocrx_word' id='word_1_531' title='bbox 1761 3506 1943 3561; x_wconf 84' lang='lat' dir='ltr'><strong>regem</strong></span> 
     </span>
    </p>
   </div>
   <div class='ocr_carea' id='block_1_70' title="bbox 369 3576 1943 3654">
    <p class='ocr_par' dir='ltr' id='par_1_70' title="bbox 369 3576 1943 3654">
     <span class='ocr_line' id='line_1_70' title="bbox 369 3576 1943 3654; baseline 0.005 -24"><span class='ocrx_word' id='word_1_532' title='bbox 369 3576 539 3635; x_wconf 89' lang='lat' dir='ltr'><strong>Deum</strong></span> <span class='ocrx_word' id='word_1_533' title='bbox 580 3580 714 3634; x_wconf 91' lang='lat' dir='ltr'><strong>colit</strong></span> <span class='ocrx_word' id='word_1_534' title='bbox 745 3599 758 3634; x_wconf 92' lang='lat'><strong>:</strong></span> <span class='ocrx_word' id='word_1_535' title='bbox 794 3595 894 3634; x_wconf 89' lang='lat' dir='ltr'><strong>cur</strong></span> <span class='ocrx_word' id='word_1_536' title='bbox 917 3594 1026 3634; x_wconf 92' lang='lat' dir='ltr'><strong>non</strong></span> <span class='ocrx_word' id='word_1_537' title='bbox 1048 3581 1137 3636; x_wconf 84' lang='lat' dir='ltr'><strong>his</strong></span> <span class='ocrx_word' id='word_1_538' title='bbox 1169 3591 1598 3638; x_wconf 89' lang='lat' dir='ltr'><strong>consentaneum</strong></span> <span class='ocrx_word' id='word_1_539' title='bbox 1625 3584 1697 3640; x_wconf 88' lang='lat' dir='ltr'><strong>sit</strong></span> <span class='ocrx_word' id='word_1_540' title='bbox 1727 3592 1943 3654; x_wconf 89' lang='lat' dir='ltr'><strong>putare,</strong></span> 
     </span>
    </p>
   </div>
   <div class='ocr_carea' id='block_1_71' title="bbox 2054 3206 3637 3282">
    <p class='ocr_par' dir='ltr' id='par_1_71' title="bbox 2054 3206 3637 3282">
     <span class='ocr_line' id='line_1_71' title="bbox 2054 3206 3637 3282; baseline -0.003 -18"><span class='ocrx_word' id='word_1_541' title='bbox 2054 3212 2340 3282; x_wconf 76' lang='grc' dir='ltr'>προσέχειν</span> <span class='ocrx_word' id='word_1_542' title='bbox 2390 3210 2480 3264; x_wconf 86' lang='grc' dir='ltr'><strong>τὸν</strong></span> <span class='ocrx_word' id='word_1_543' title='bbox 2539 3210 2698 3274; x_wconf 91' lang='grc' dir='ltr'>νοῦν,</span> <span class='ocrx_word' id='word_1_544' title='bbox 2757 3208 2890 3279; x_wconf 81' lang='grc' dir='ltr'>μηδὲ</span> <span class='ocrx_word' id='word_1_545' title='bbox 2949 3206 3232 3261; x_wconf 83' lang='grc' dir='ltr'>πείθεσθαι</span> <span class='ocrx_word' id='word_1_546' title='bbox 3292 3209 3404 3270; x_wconf 87' lang='grc' dir='ltr'>τοῖς</span> <span class='ocrx_word' id='word_1_547' title='bbox 3454 3206 3637 3259; x_wconf 76' lang='grc' dir='ltr'>εἰκόσι</span> 
     </span>
    </p>
   </div>
   <div class='ocr_carea' id='block_1_72' title="bbox 2049 3297 3629 3372">
    <p class='ocr_par' dir='ltr' id='par_1_72' title="bbox 2049 3297 3629 3372">
     <span class='ocr_line' id='line_1_72' title="bbox 2049 3297 3629 3372; baseline -0.004 -17"><span class='ocrx_word' id='word_1_548' title='bbox 2049 3301 2390 3372; x_wconf 82' lang='grc' dir='ltr'>τεκμηρίοις,</span> <span class='ocrx_word' id='word_1_549' title='bbox 2441 3299 2683 3353; x_wconf 83' lang='grc' dir='ltr'>ὑπονοῶν</span> <span class='ocrx_word' id='word_1_550' title='bbox 2712 3300 2853 3369; x_wconf 83' lang='grc' dir='ltr'>τάχα</span> <span class='ocrx_word' id='word_1_551' title='bbox 2877 3316 2980 3351; x_wconf 89' lang='grc' dir='ltr'><strong>που</strong></span> <span class='ocrx_word' id='word_1_552' title='bbox 3019 3298 3145 3361; x_wconf 82' lang='grc' dir='ltr'>τοὺς</span> <span class='ocrx_word' id='word_1_553' title='bbox 3164 3297 3423 3365; x_wconf 86' lang='grc' dir='ltr'>λέγοντας</span> <span class='ocrx_word' id='word_1_554' title='bbox 3455 3297 3629 3368; x_wconf 72' lang='grc' dir='ltr'>ἡμᾶς.</span> 
     </span>
    </p>
   </div>
   <div class='ocr_carea' id='block_1_73' title="bbox 2062 3387 3632 3461">
    <p class='ocr_par' dir='ltr' id='par_1_73' title="bbox 2062 3387 3632 3461">
     <span class='ocr_line' id='line_1_73' title="bbox 2062 3387 3632 3461; baseline -0.004 -14"><span class='ocrx_word' id='word_1_555' title='bbox 2062 3394 2221 3447; x_wconf 82' lang='grc' dir='ltr'>Ἀλλά</span> <span class='ocrx_word' id='word_1_556' title='bbox 2249 3393 2311 3446; x_wconf 89' lang='grc' dir='ltr'><strong>σύ</strong></span> <span class='ocrx_word' id='word_1_557' title='bbox 2337 3411 2397 3461; x_wconf 90' lang='grc' dir='ltr'><strong>γε</strong></span> <span class='ocrx_word' id='word_1_558' title='bbox 2420 3393 2523 3446; x_wconf 59' lang='grc' dir='ltr'>κᾶν</span> <span class='ocrx_word' id='word_1_559' title='bbox 2552 3392 2658 3444; x_wconf 89' lang='grc' dir='ltr'><strong>τῶν</strong></span> <span class='ocrx_word' id='word_1_560' title='bbox 2694 3389 2892 3443; x_wconf 88' lang='grc' dir='ltr'>σαυτοῦ</span> <span class='ocrx_word' id='word_1_561' title='bbox 2918 3390 3208 3460; x_wconf 87' lang='grc' dir='ltr'>δαιμόνων,</span> <span class='ocrx_word' id='word_1_562' title='bbox 3233 3389 3411 3441; x_wconf 81' lang='grc' dir='ltr'>αὐτῶν</span> <span class='ocrx_word' id='word_1_563' title='bbox 3433 3387 3497 3460; x_wconf 84' lang='grc' dir='ltr'>δὴ</span> <span class='ocrx_word' id='word_1_564' title='bbox 3517 3387 3632 3440; x_wconf 81' lang='grc' dir='ltr'><strong>τῶν</strong></span> 
     </span>
    </p>
   </div>
   <div class='ocr_carea' id='block_1_74' title="bbox 2046 3479 3634 3559">
    <p class='ocr_par' dir='ltr' id='par_1_74' title="bbox 2046 3479 3634 3559">
     <span class='ocr_line' id='line_1_74' title="bbox 2046 3479 3634 3559; baseline -0.006 -19"><span class='ocrx_word' id='word_1_565' title='bbox 2046 3485 2387 3559; x_wconf 81' lang='grc' dir='ltr'>χρησμῳδῶν</span> <span class='ocrx_word' id='word_1_566' title='bbox 2404 3484 2559 3549; x_wconf 88' lang='grc' dir='ltr'>θεῶν,</span> <span class='ocrx_word' id='word_1_567' title='bbox 2586 3484 2771 3547; x_wconf 81' lang='grc' dir='ltr'>ἄκουε,</span> <span class='ocrx_word' id='word_1_568' title='bbox 2795 3482 2874 3554; x_wconf 80' lang='grc' dir='ltr'>τῷ</span> <span class='ocrx_word' id='word_1_569' title='bbox 2902 3480 3285 3553; x_wconf 80' lang='grc' dir='ltr'>Σωτῆριήμῶν</span> <span class='ocrx_word' id='word_1_570' title='bbox 3318 3481 3416 3550; x_wconf 79' lang='grc' dir='ltr'><strong>οὐχ</strong></span> <span class='ocrx_word' id='word_1_571' title='bbox 3436 3479 3634 3551; x_wconf 70' lang='grc' dir='ltr'>ὥσπερ</span> 
     </span>
    </p>
   </div>
   <div class='ocr_carea' id='block_1_75' title="bbox 2046 3572 3631 3648">
    <p class='ocr_par' dir='ltr' id='par_1_75' title="bbox 2046 3572 3631 3648">
     <span class='ocr_line' id='line_1_75' title="bbox 2046 3572 3631 3648; baseline -0.005 -17"><span class='ocrx_word' id='word_1_572' title='bbox 2046 3579 2109 3632; x_wconf 86' lang='grc' dir='ltr'><strong>σὺ</strong></span> <span class='ocrx_word' id='word_1_573' title='bbox 2147 3578 2418 3648; x_wconf 86' lang='grc' dir='ltr'>γοητείαν,</span> <span class='ocrx_word' id='word_1_574' title='bbox 2446 3576 2557 3629; x_wconf 81' lang='grc' dir='ltr'>ἀλλ’</span> <span class='ocrx_word' id='word_1_575' title='bbox 2587 3575 2866 3628; x_wconf 78' lang='grc' dir='ltr'>εὐσέϐειαν</span> <span class='ocrx_word' id='word_1_576' title='bbox 2890 3577 2983 3628; x_wconf 74' lang='grc' dir='ltr'>καὶ</span> <span class='ocrx_word' id='word_1_577' title='bbox 3014 3574 3203 3642; x_wconf 83' lang='grc' dir='ltr'>σοφίαν</span> <span class='ocrx_word' id='word_1_578' title='bbox 3231 3574 3325 3626; x_wconf 75' lang='grc' dir='ltr'><strong>καὶ</strong></span> <span class='ocrx_word' id='word_1_579' title='bbox 3350 3575 3430 3636; x_wconf 83' lang='grc' dir='ltr'>εξς</span> <span class='ocrx_word' id='word_1_580' title='bbox 3456 3572 3631 3642; x_wconf 81' lang='grc' dir='ltr'>ούρα-</span> 
     </span>
    </p>
   </div>
   <div class='ocr_carea' id='block_1_76' title="bbox 368 3664 1953 3745">
    <p class='ocr_par' dir='ltr' id='par_1_76' title="bbox 368 3671 1947 3745">
     <span class='ocr_line' id='line_1_76' title="bbox 368 3671 1947 3745; baseline 0.003 -20"><span class='ocrx_word' id='word_1_581' title='bbox 368 3671 506 3725; x_wconf 84' lang='lat' dir='ltr'><strong>nihil</strong></span> <span class='ocrx_word' id='word_1_582' title='bbox 538 3686 731 3725; x_wconf 89' lang='lat' dir='ltr'><strong>eorum</strong></span> <span class='ocrx_word' id='word_1_583' title='bbox 761 3688 884 3741; x_wconf 65' lang='lat' dir='ltr'><strong>quae</strong></span> <span class='ocrx_word' id='word_1_584' title='bbox 908 3674 962 3727; x_wconf 93' lang='lat' dir='ltr'><strong>in</strong></span> <span class='ocrx_word' id='word_1_585' title='bbox 1002 3673 1097 3727; x_wconf 94' lang='lat' dir='ltr'><strong>illo</strong></span> <span class='ocrx_word' id='word_1_586' title='bbox 1123 3673 1482 3738; x_wconf 87' lang='lat' dir='ltr'><strong>admiramur,</strong></span> <span class='ocrx_word' id='word_1_587' title='bbox 1517 3675 1586 3730; x_wconf 90' lang='lat' dir='ltr'><strong>ab</strong></span> <span class='ocrx_word' id='word_1_588' title='bbox 1611 3675 1706 3729; x_wconf 89' lang='lat' dir='ltr'><strong>illo</strong></span> <span class='ocrx_word' id='word_1_589' title='bbox 1736 3691 1833 3745; x_wconf 93' lang='lat' dir='ltr'><strong>per</strong></span> <span class='ocrx_word' id='word_1_590' title='bbox 1853 3675 1947 3729; x_wconf 84' lang='lat' dir='ltr'><strong>do-</strong></span> 
     </span>
    </p>
   </div>
   <div class='ocr_carea' id='block_1_77' title="bbox 2061 3664 3630 3745">
    <p class='ocr_par' dir='ltr' id='par_1_77' title="bbox 2061 3664 3630 3741">
     <span class='ocr_line' id='line_1_77' title="bbox 2061 3664 3630 3741; baseline -0.001 -22"><span class='ocrx_word' id='word_1_591' title='bbox 2061 3673 2166 3735; x_wconf 76' lang='grc' dir='ltr'>ιοὺς</span> <span class='ocrx_word' id='word_1_592' title='bbox 2192 3670 2377 3724; x_wconf 78' lang='grc' dir='ltr'>ἄνοδον</span> <span class='ocrx_word' id='word_1_593' title='bbox 2411 3668 2850 3741; x_wconf 84' lang='grc' dir='ltr'>μαρτυρούντων.</span> <span class='ocrx_word' id='word_1_594' title='bbox 2870 3668 2964 3731; x_wconf 89' lang='grc' dir='ltr'>Τίς</span> <span class='ocrx_word' id='word_1_595' title='bbox 2996 3666 3040 3720; x_wconf 75' lang='grc' dir='ltr'>δ’</span> <span class='ocrx_word' id='word_1_596' title='bbox 3069 3665 3135 3719; x_wconf 84' lang='grc' dir='ltr'><strong>ἂν</strong></span> <span class='ocrx_word' id='word_1_597' title='bbox 3158 3667 3367 3734; x_wconf 85' lang='grc' dir='ltr'>γένοιτό</span> <span class='ocrx_word' id='word_1_598' title='bbox 3393 3683 3475 3719; x_wconf 90' lang='grc' dir='ltr'><strong>σοι</strong></span> <span class='ocrx_word' id='word_1_599' title='bbox 3498 3664 3630 3718; x_wconf 78' lang='grc' dir='ltr'>τού-</span> 
     </span>
    </p>
   </div>
   <div class='ocr_carea' id='block_1_78' title="bbox 366 3759 1953 3833">
    <p class='ocr_par' dir='ltr' id='par_1_78' title="bbox 366 3760 1945 3833">
     <span class='ocr_line' id='line_1_78' title="bbox 366 3760 1945 3833; baseline 0 -18"><span class='ocrx_word' id='word_1_600' title='bbox 366 3761 482 3816; x_wconf 90' lang='lat' dir='ltr'><strong>lum</strong></span> <span class='ocrx_word' id='word_1_601' title='bbox 519 3760 943 3831; x_wconf 69' lang='lat' dir='ltr'><strong>praestigiarum,</strong></span> <span class='ocrx_word' id='word_1_602' title='bbox 985 3769 1079 3815; x_wconf 89' lang='lat' dir='ltr'><strong>aut</strong></span> <span class='ocrx_word' id='word_1_603' title='bbox 1127 3777 1223 3830; x_wconf 94' lang='lat' dir='ltr'><strong>per</strong></span> <span class='ocrx_word' id='word_1_604' title='bbox 1253 3761 1526 3816; x_wconf 79' lang='lat' dir='ltr'><strong>fallaciam</strong></span> <span class='ocrx_word' id='word_1_605' title='bbox 1558 3762 1813 3833; x_wconf 86' lang='lat' dir='ltr'><strong>gestum?</strong></span> <span class='ocrx_word' id='word_1_606' title='bbox 1845 3777 1945 3815; x_wconf 91' lang='lat' dir='ltr'><strong>cur</strong></span> 
     </span>
    </p>
   </div>
   <div class='ocr_carea' id='block_1_79' title="bbox 2061 3759 3630 3833">
    <p class='ocr_par' dir='ltr' id='par_1_79' title="bbox 2061 3759 3630 3833">
     <span class='ocr_line' id='line_1_79' title="bbox 2061 3759 3630 3833; baseline -0.004 -16"><span class='ocrx_word' id='word_1_607' title='bbox 2061 3782 2148 3817; x_wconf 76' lang='grc' dir='ltr'>των</span> <span class='ocrx_word' id='word_1_608' title='bbox 2178 3764 2490 3830; x_wconf 81' lang='grc' dir='ltr'>ἀξιόπιστος</span> <span class='ocrx_word' id='word_1_609' title='bbox 2533 3761 2794 3833; x_wconf 79' lang='grc' dir='ltr'>ὁμολογία</span> <span class='ocrx_word' id='word_1_610' title='bbox 2846 3760 3043 3831; x_wconf 80' lang='grc' dir='ltr'>μᾶλλον</span> <span class='ocrx_word' id='word_1_611' title='bbox 3062 3762 3160 3831; x_wconf 82' lang='grc' dir='ltr'><strong>τῆς</strong></span> <span class='ocrx_word' id='word_1_612' title='bbox 3186 3759 3281 3813; x_wconf 83' lang='grc' dir='ltr'><strong>τοῦ</strong></span> <span class='ocrx_word' id='word_1_613' title='bbox 3311 3759 3433 3812; x_wconf 88' lang='grc' dir='ltr'>καθ’</span> <span class='ocrx_word' id='word_1_614' title='bbox 3462 3763 3497 3829; x_wconf 83' lang='grc' dir='ltr'><strong>ἡ</strong></span> <span class='ocrx_word' id='word_1_615' title='bbox 3508 3759 3630 3829; x_wconf 85' lang='grc' dir='ltr'><strong>μῶν</strong></span> 
     </span>
    </p>
   </div>
   <div class='ocr_carea' id='block_1_80' title="bbox 366 3841 1953 3923">
    <p class='ocr_par' dir='ltr' id='par_1_80' title="bbox 366 3853 1940 3923">
     <span class='ocr_line' id='line_1_80' title="bbox 366 3853 1940 3923; baseline 0.001 -16"><span class='ocrx_word' id='word_1_616' title='bbox 366 3867 478 3907; x_wconf 91' lang='lat' dir='ltr'><strong>non</strong></span> <span class='ocrx_word' id='word_1_617' title='bbox 501 3853 695 3923; x_wconf 77' lang='lat' dir='ltr'><strong>potius</strong></span> <span class='ocrx_word' id='word_1_618' title='bbox 725 3867 926 3907; x_wconf 86' lang='lat' dir='ltr'><strong>arcana</strong></span> <span class='ocrx_word' id='word_1_619' title='bbox 957 3854 1193 3923; x_wconf 90' lang='lat' dir='ltr'><strong>quadam</strong></span> <span class='ocrx_word' id='word_1_620' title='bbox 1230 3854 1304 3919; x_wconf 91' lang='lat' dir='ltr'><strong>vi,</strong></span> <span class='ocrx_word' id='word_1_621' title='bbox 1334 3869 1571 3923; x_wconf 89' lang='lat' dir='ltr'><strong>vereque</strong></span> <span class='ocrx_word' id='word_1_622' title='bbox 1601 3853 1782 3908; x_wconf 90' lang='lat' dir='ltr'><strong>divina</strong></span> <span class='ocrx_word' id='word_1_623' title='bbox 1807 3870 1940 3909; x_wconf 88' lang='lat' dir='ltr'><strong>con-</strong></span> 
     </span>
    </p>
   </div>
   <div class='ocr_carea' id='block_1_81' title="bbox 2061 3841 3631 3923">
    <p class='ocr_par' dir='ltr' id='par_1_81' title="bbox 2061 3841 3631 3923">
     <span class='ocr_line' id='line_1_81' title="bbox 2061 3841 3631 3923; baseline -0.005 -18"><span class='ocrx_word' id='word_1_624' title='bbox 2061 3852 2301 3923; x_wconf 72' lang='grc' dir='ltr'>πολεμίου</span> <span class='ocrx_word' id='word_1_625' title='bbox 2357 3852 2595 3922; x_wconf 78' lang='grc' dir='ltr'>γραφῆς,</span> <span class='ocrx_word' id='word_1_626' title='bbox 2634 3849 2701 3920; x_wconf 80' lang='grc' dir='ltr'>ἢν</span> <span class='ocrx_word' id='word_1_627' title='bbox 2732 3852 2789 3903; x_wconf 80' lang='grc' dir='ltr'>ἐν</span> <span class='ocrx_word' id='word_1_628' title='bbox 2821 3844 2902 3912; x_wconf 76' lang='grc' dir='ltr'><strong>οἷς</strong></span> <span class='ocrx_word' id='word_1_629' title='bbox 2947 3847 3225 3919; x_wconf 77' lang='grc' dir='ltr'>ἐπέγραψε</span> <span class='ocrx_word' id='word_1_630' title='bbox 3256 3847 3384 3919; x_wconf 82' lang='grc' dir='ltr'>περὶ</span> <span class='ocrx_word' id='word_1_631' title='bbox 3405 3845 3507 3915; x_wconf 80' lang='grc' dir='ltr'>τῆς</span> <span class='ocrx_word' id='word_1_632' title='bbox 3532 3841 3631 3899; x_wconf 80' lang='grc' dir='ltr'>Ἐκ</span> 
     </span>
    </p>
   </div>
   <div class='ocr_carea' id='block_1_82' title="bbox 366 3939 1953 4016">
    <p class='ocr_par' dir='ltr' id='par_1_82' title="bbox 366 3943 1940 4016">
     <span class='ocr_line' id='line_1_82' title="bbox 366 3943 1940 4016; baseline 0.002 -18"><span class='ocrx_word' id='word_1_633' title='bbox 366 3944 547 3999; x_wconf 82' lang='lat' dir='ltr'><strong>ﬁteri?</strong></span> <span class='ocrx_word' id='word_1_634' title='bbox 573 3943 729 4011; x_wconf 83' lang='lat' dir='ltr'><strong>Quod</strong></span> <span class='ocrx_word' id='word_1_635' title='bbox 778 3944 826 4001; x_wconf 89' lang='lat' dir='ltr'><strong>si</strong></span> <span class='ocrx_word' id='word_1_636' title='bbox 871 3960 936 3999; x_wconf 91' lang='lat' dir='ltr'><strong>eo</strong></span> <span class='ocrx_word' id='word_1_637' title='bbox 986 3946 1253 4001; x_wconf 59' lang='lat' dir='ltr'><strong>vecordiae</strong></span> <span class='ocrx_word' id='word_1_638' title='bbox 1292 3947 1634 4015; x_wconf 89' lang='lat' dir='ltr'><strong>proveheris,</strong></span> <span class='ocrx_word' id='word_1_639' title='bbox 1669 3955 1727 3999; x_wconf 93' lang='lat' dir='ltr'><strong>ut</strong></span> <span class='ocrx_word' id='word_1_640' title='bbox 1762 3962 1940 4016; x_wconf 87' lang='lat' dir='ltr'><strong>neque</strong></span> 
     </span>
    </p>
   </div>
   <div class='ocr_carea' id='block_1_83' title="bbox 2061 3939 3625 4016">
    <p class='ocr_par' dir='ltr' id='par_1_83' title="bbox 2061 3939 3625 4013">
     <span class='ocr_line' id='line_1_83' title="bbox 2061 3939 3625 4013; baseline -0.003 -18"><span class='ocrx_word' id='word_1_641' title='bbox 2061 3944 2268 4012; x_wconf 64' lang='lat' dir='ltr'><strong>iorlwr</strong></span> <span class='ocrx_word' id='word_1_642' title='bbox 2286 3942 2652 4012; x_wconf 60' lang='grc' dir='ltr'>φιλοσοφίας</span> <span class='ocrx_word' id='word_1_643' title='bbox 2676 3943 2732 3994; x_wconf 80' lang='grc' dir='ltr'><strong>έν</strong></span> <span class='ocrx_word' id='word_1_644' title='bbox 2756 3941 2924 4013; x_wconf 84' lang='grc' dir='ltr'>τρίτῳ</span> <span class='ocrx_word' id='word_1_645' title='bbox 2945 3939 3337 4012; x_wconf 85' lang='grc' dir='ltr'>συγγράμματι</span> <span class='ocrx_word' id='word_1_646' title='bbox 3359 3939 3625 4002; x_wconf 77' lang='grc' dir='ltr'>τέθειται,</span> 
     </span>
    </p>
   </div>
   <div class='ocr_carea' id='block_1_84' title="bbox 362 4028 1953 4109">
    <p class='ocr_par' dir='ltr' id='par_1_84' title="bbox 362 4039 1936 4109">
     <span class='ocr_line' id='line_1_84' title="bbox 362 4039 1936 4109; baseline 0.001 -17"><span class='ocrx_word' id='word_1_647' title='bbox 362 4039 606 4095; x_wconf 83' lang='lat' dir='ltr'><strong>rationes</strong></span> <span class='ocrx_word' id='word_1_648' title='bbox 636 4039 1005 4109; x_wconf 89' lang='lat' dir='ltr'><strong>incorruptas,</strong></span> <span class='ocrx_word' id='word_1_649' title='bbox 1030 4054 1207 4108; x_wconf 89' lang='lat' dir='ltr'><strong>neque</strong></span> <span class='ocrx_word' id='word_1_650' title='bbox 1234 4041 1522 4095; x_wconf 90' lang='lat' dir='ltr'><strong>verborum</strong></span> <span class='ocrx_word' id='word_1_651' title='bbox 1553 4040 1936 4094; x_wconf 86' lang='lat' dir='ltr'><strong>necessitatem</strong></span> 
     </span>
    </p>
   </div>
   <div class='ocr_carea' id='block_1_85' title="bbox 2061 4028 2927 4109">
    <p class='ocr_par' dir='ltr' id='par_1_85' title="bbox 2061 4029 2927 4106">
     <span class='ocr_line' id='line_1_85' title="bbox 2061 4029 2927 4106; baseline -0.002 -18"><span class='ocrx_word' id='word_1_652' title='bbox 2061 4029 2143 4088; x_wconf 71' lang='grc' dir='ltr'><strong>ὒδέ</strong></span> <span class='ocrx_word' id='word_1_653' title='bbox 2175 4054 2291 4098; x_wconf 86' lang='grc' dir='ltr'><strong>πως</strong></span> <span class='ocrx_word' id='word_1_654' title='bbox 2332 4035 2560 4106; x_wconf 76' lang='grc' dir='ltr'>ἱστορῶν</span> <span class='ocrx_word' id='word_1_655' title='bbox 2588 4033 2727 4087; x_wconf 85' lang='grc' dir='ltr'><strong>κατά</strong></span> <span class='ocrx_word' id='word_1_656' title='bbox 2758 4032 2927 4097; x_wconf 81' lang='grc' dir='ltr'>λέξιν.</span> 
     </span>
    </p>
   </div>
   <div class='ocr_carea' id='block_1_86' title="bbox 361 4124 3629 4202">
    <p class='ocr_par' dir='ltr' id='par_1_86' title="bbox 361 4124 3629 4202">
     <span class='ocr_line' id='line_1_86' title="bbox 361 4124 3629 4202; baseline -0.002 -17"><span class='ocrx_word' id='word_1_657' title='bbox 361 4131 499 4187; x_wconf 86' lang='lat' dir='ltr'><strong>velis</strong></span> <span class='ocrx_word' id='word_1_658' title='bbox 533 4130 853 4195; x_wconf 83' lang='lat' dir='ltr'><strong>attendere,.</strong></span> <span class='ocrx_word' id='word_1_659' title='bbox 902 4147 1079 4200; x_wconf 90' lang='lat' dir='ltr'><strong>neque</strong></span> <span class='ocrx_word' id='word_1_660' title='bbox 1113 4146 1243 4186; x_wconf 86' lang='lat' dir='ltr'><strong>vero</strong></span> <span class='ocrx_word' id='word_1_661' title='bbox 1307 4132 1682 4202; x_wconf 85' lang='lat' dir='ltr'><strong>probabilibus</strong></span> <span class='ocrx_word' id='word_1_662' title='bbox 1741 4128 2079 4185; x_wconf 69' lang='lat' dir='ltr'><strong>argumentis</strong></span> <span class='ocrx_word' id='word_1_663' title='bbox 2109 4129 2443 4191; x_wconf 89' lang='lat' dir='ltr'><strong>auscultare,</strong></span> <span class='ocrx_word' id='word_1_664' title='bbox 2506 4128 2633 4197; x_wconf 85' lang='lat' dir='ltr'><strong>quia</strong></span> <span class='ocrx_word' id='word_1_665' title='bbox 2685 4127 2919 4183; x_wconf 78' lang='lat' dir='ltr'><strong>fortasse</strong></span> <span class='ocrx_word' id='word_1_666' title='bbox 2953 4141 3055 4181; x_wconf 86' lang='lat' dir='ltr'><strong>nos</strong></span> <span class='ocrx_word' id='word_1_667' title='bbox 3092 4125 3249 4195; x_wconf 84' lang='lat' dir='ltr'><strong>quasi</strong></span> <span class='ocrx_word' id='word_1_668' title='bbox 3282 4139 3507 4180; x_wconf 88' lang='lat' dir='ltr'><strong>causam</strong></span> <span class='ocrx_word' id='word_1_669' title='bbox 3539 4124 3629 4179; x_wconf 85' lang='lat' dir='ltr'><strong>di-</strong></span> 
     </span>
    </p>
   </div>
   <div class='ocr_carea' id='block_1_87' title="bbox 362 4218 3627 4291">
    <p class='ocr_par' dir='ltr' id='par_1_87' title="bbox 362 4218 3627 4291">
     <span class='ocr_line' id='line_1_87' title="bbox 362 4218 3627 4291; baseline -0.002 -14"><span class='ocrx_word' id='word_1_670' title='bbox 362 4230 548 4278; x_wconf 89' lang='lat' dir='ltr'><strong>centes</strong></span> <span class='ocrx_word' id='word_1_671' title='bbox 587 4221 756 4277; x_wconf 88' lang='lat' dir='ltr'><strong>habes</strong></span> <span class='ocrx_word' id='word_1_672' title='bbox 785 4227 1095 4290; x_wconf 87' lang='lat' dir='ltr'><strong>suspectos,</strong></span> <span class='ocrx_word' id='word_1_673' title='bbox 1131 4232 1187 4274; x_wconf 88' lang='lat' dir='ltr'><strong>at</strong></span> <span class='ocrx_word' id='word_1_674' title='bbox 1221 4230 1278 4275; x_wconf 91' lang='lat' dir='ltr'><strong>tu</strong></span> <span class='ocrx_word' id='word_1_675' title='bbox 1350 4222 1460 4277; x_wconf 89' lang='lat' dir='ltr'><strong>tuis</strong></span> <span class='ocrx_word' id='word_1_676' title='bbox 1499 4222 1692 4283; x_wconf 84' lang='lat' dir='ltr'><strong>saltem</strong></span> <span class='ocrx_word' id='word_1_677' title='bbox 1757 4220 2120 4283; x_wconf 61' lang='lat' dir='ltr'><strong>daemonibus,</strong></span> <span class='ocrx_word' id='word_1_678' title='bbox 2179 4220 2335 4290; x_wconf 83' lang='lat' dir='ltr'><strong>ipsis,</strong></span> <span class='ocrx_word' id='word_1_679' title='bbox 2373 4219 2620 4289; x_wconf 89' lang='lat' dir='ltr'><strong>inquam,</strong></span> <span class='ocrx_word' id='word_1_680' title='bbox 2662 4218 2820 4291; x_wconf 65' lang='lat'><strong>134</strong></span> <span class='ocrx_word' id='word_1_681' title='bbox 2854 4219 3075 4273; x_wconf 88' lang='lat' dir='ltr'><strong>oracula</strong></span> <span class='ocrx_word' id='word_1_682' title='bbox 3130 4218 3485 4273; x_wconf 81' lang='lat' dir='ltr'><strong>reddentibus</strong></span> <span class='ocrx_word' id='word_1_683' title='bbox 3512 4218 3627 4273; x_wconf 89' lang='lat' dir='ltr'><strong>diis</strong></span> 
     </span>
    </p>
   </div>
   <div class='ocr_carea' id='block_1_88' title="bbox 260 4313 3626 4387">
    <p class='ocr_par' dir='ltr' id='par_1_88' title="bbox 260 4313 3626 4387">
     <span class='ocr_line' id='line_1_88' title="bbox 260 4313 3626 4387; baseline -0 -18"><span class='ocrx_word' id='word_1_684' title='bbox 260 4344 269 4351; x_wconf 70' lang='grc' dir='ltr'><em>ο</em></span> <span class='ocrx_word' id='word_1_685' title='bbox 361 4316 632 4380; x_wconf 87' lang='lat' dir='ltr'><strong>ausculta,</strong></span> <span class='ocrx_word' id='word_1_686' title='bbox 685 4315 779 4385; x_wconf 93' lang='lat' dir='ltr'><strong>qui</strong></span> <span class='ocrx_word' id='word_1_687' title='bbox 833 4313 1101 4369; x_wconf 88' lang='lat' dir='ltr'><strong>Salvatori</strong></span> <span class='ocrx_word' id='word_1_688' title='bbox 1151 4325 1380 4379; x_wconf 88' lang='lat' dir='ltr'><strong>_.nostro,</strong></span> <span class='ocrx_word' id='word_1_689' title='bbox 1432 4332 1543 4371; x_wconf 90' lang='lat' dir='ltr'><strong>non</strong></span> <span class='ocrx_word' id='word_1_690' title='bbox 1597 4324 1658 4371; x_wconf 92' lang='lat' dir='ltr'><strong>ut</strong></span> <span class='ocrx_word' id='word_1_691' title='bbox 1712 4325 1771 4371; x_wconf 91' lang='lat' dir='ltr'><strong>tu</strong></span> <span class='ocrx_word' id='word_1_692' title='bbox 1825 4317 2224 4387; x_wconf 67' lang='lat' dir='ltr'><strong>praestigiarum</strong></span> <span class='ocrx_word' id='word_1_693' title='bbox 2275 4314 2569 4379; x_wconf 89' lang='lat' dir='ltr'><strong>fallaciam,</strong></span> <span class='ocrx_word' id='word_1_694' title='bbox 2607 4316 2703 4370; x_wconf 91' lang='lat' dir='ltr'><strong>sed</strong></span> <span class='ocrx_word' id='word_1_695' title='bbox 2754 4316 3009 4385; x_wconf 88' lang='lat' dir='ltr'><strong>pietatem</strong></span> <span class='ocrx_word' id='word_1_696' title='bbox 3062 4322 3114 4369; x_wconf 90' lang='lat' dir='ltr'><strong>et</strong></span> <span class='ocrx_word' id='word_1_697' title='bbox 3184 4314 3537 4385; x_wconf 88' lang='lat' dir='ltr'><strong>sapientiam,</strong></span> <span class='ocrx_word' id='word_1_698' title='bbox 3566 4321 3626 4370; x_wconf 86' lang='lat' dir='ltr'><strong>et</strong></span> 
     </span>
    </p>
   </div>
   <div class='ocr_carea' id='block_1_89' title="bbox 360 4408 3625 4480">
    <p class='ocr_par' dir='ltr' id='par_1_89' title="bbox 360 4408 3625 4480">
     <span class='ocr_line' id='line_1_89' title="bbox 360 4408 3625 4480; baseline -0.001 -17"><span class='ocrx_word' id='word_1_699' title='bbox 360 4423 654 4465; x_wconf 85' lang='lat' dir='ltr'><strong>ascensum</strong></span> <span class='ocrx_word' id='word_1_700' title='bbox 709 4410 766 4463; x_wconf 90' lang='lat' dir='ltr'><strong>in</strong></span> <span class='ocrx_word' id='word_1_701' title='bbox 814 4410 1012 4463; x_wconf 72' lang='lat' dir='ltr'><strong>coelum</strong></span> <span class='ocrx_word' id='word_1_702' title='bbox 1066 4424 1167 4464; x_wconf 91' lang='lat' dir='ltr'><strong>suo</strong></span> <span class='ocrx_word' id='word_1_703' title='bbox 1216 4411 1531 4465; x_wconf 84' lang='lat' dir='ltr'><strong>testimonio</strong></span> <span class='ocrx_word' id='word_1_704' title='bbox 1577 4411 1844 4466; x_wconf 90' lang='lat' dir='ltr'><strong>tribuunt.</strong></span> <span class='ocrx_word' id='word_1_705' title='bbox 1886 4410 2130 4476; x_wconf 90' lang='lat' dir='ltr'><strong>Quorum</strong></span> <span class='ocrx_word' id='word_1_706' title='bbox 2193 4410 2412 4480; x_wconf 90' lang='lat' dir='ltr'><strong>quidem</strong></span> <span class='ocrx_word' id='word_1_707' title='bbox 2474 4410 2752 4480; x_wconf 88' lang='lat' dir='ltr'><strong>quodnam</strong></span> <span class='ocrx_word' id='word_1_708' title='bbox 2811 4410 2908 4464; x_wconf 92' lang='lat' dir='ltr'><strong>tibi</strong></span> <span class='ocrx_word' id='word_1_709' title='bbox 2942 4409 3161 4479; x_wconf 87' lang='lat' dir='ltr'><strong>dignius</strong></span> <span class='ocrx_word' id='word_1_710' title='bbox 3207 4408 3295 4463; x_wconf 92' lang='lat' dir='ltr'><strong>cui</strong></span> <span class='ocrx_word' id='word_1_711' title='bbox 3341 4408 3503 4463; x_wconf 82' lang='lat' dir='ltr'><strong>fidem</strong></span> <span class='ocrx_word' id='word_1_712' title='bbox 3530 4408 3625 4462; x_wconf 86' lang='lat' dir='ltr'><strong>ba.</strong></span> 
     </span>
    </p>
   </div>
   <div class='ocr_carea' id='block_1_90' title="bbox 358 4499 3625 4572">
    <p class='ocr_par' dir='ltr' id='par_1_90' title="bbox 358 4499 3625 4572">
     <span class='ocr_line' id='line_1_90' title="bbox 358 4499 3625 4572; baseline -0.001 -16"><span class='ocrx_word' id='word_1_713' title='bbox 358 4501 490 4556; x_wconf 87' lang='lat' dir='ltr'><strong>beas</strong></span> <span class='ocrx_word' id='word_1_714' title='bbox 537 4500 912 4555; x_wconf 88' lang='lat' dir='ltr'><strong>testimonium</strong></span> <span class='ocrx_word' id='word_1_715' title='bbox 966 4500 1049 4556; x_wconf 90' lang='lat' dir='ltr'><strong>vis</strong></span> <span class='ocrx_word' id='word_1_716' title='bbox 1099 4500 1240 4563; x_wconf 88' lang='lat' dir='ltr'><strong>dari,</strong></span> <span class='ocrx_word' id='word_1_717' title='bbox 1291 4518 1453 4570; x_wconf 88' lang='lat' dir='ltr'><strong>quam</strong></span> <span class='ocrx_word' id='word_1_718' title='bbox 1490 4502 1697 4557; x_wconf 89' lang='lat' dir='ltr'><strong>inimici</strong></span> <span class='ocrx_word' id='word_1_719' title='bbox 1756 4502 1928 4559; x_wconf 90' lang='lat' dir='ltr'><strong>nostri</strong></span> <span class='ocrx_word' id='word_1_720' title='bbox 1968 4501 2394 4567; x_wconf 85' lang='lat' dir='ltr'><strong>confessionem,</strong></span> <span class='ocrx_word' id='word_1_721' title='bbox 2468 4516 2633 4572; x_wconf 90' lang='lat' dir='ltr'><strong>quam</strong></span> <span class='ocrx_word' id='word_1_722' title='bbox 2674 4501 2729 4555; x_wconf 92' lang='lat' dir='ltr'><strong>in</strong></span> <span class='ocrx_word' id='word_1_723' title='bbox 2762 4504 2925 4556; x_wconf 88' lang='lat' dir='ltr'><strong>tertio</strong></span> <span class='ocrx_word' id='word_1_724' title='bbox 2990 4500 3266 4555; x_wconf 89' lang='lat' dir='ltr'><strong>volumine</strong></span> <span class='ocrx_word' id='word_1_725' title='bbox 3312 4499 3498 4569; x_wconf 89' lang='lat' dir='ltr'><strong>posuit</strong></span> <span class='ocrx_word' id='word_1_726' title='bbox 3526 4515 3625 4554; x_wconf 83' lang='lat' dir='ltr'><strong>eo-</strong></span> 
     </span>
    </p>
   </div>
   <div class='ocr_carea' id='block_1_91' title="bbox 357 4597 2651 4668">
    <p class='ocr_par' dir='ltr' id='par_1_91' title="bbox 357 4597 2651 4668">
     <span class='ocr_line' id='line_1_91' title="bbox 357 4597 2651 4668; baseline 0.001 -17"><span class='ocrx_word' id='word_1_727' title='bbox 357 4611 481 4652; x_wconf 89' lang='lat' dir='ltr'><strong>rum</strong></span> <span class='ocrx_word' id='word_1_728' title='bbox 511 4611 633 4668; x_wconf 75' lang='lat' dir='ltr'><strong>quae</strong></span> <span class='ocrx_word' id='word_1_729' title='bbox 663 4597 967 4668; x_wconf 88' lang='lat' dir='ltr'><strong>inscripsit,</strong></span> <span class='ocrx_word' id='word_1_730' title='bbox 1000 4597 1078 4651; x_wconf 88' lang='lat' dir='ltr'><strong>De</strong></span> <span class='ocrx_word' id='word_1_731' title='bbox 1099 4598 1426 4668; x_wconf 80' lang='lat' dir='ltr'><strong>philosophia</strong></span> <span class='ocrx_word' id='word_1_732' title='bbox 1455 4600 1802 4665; x_wconf 89' lang='lat' dir='ltr'><strong>selectorum,</strong></span> <span class='ocrx_word' id='word_1_733' title='bbox 1828 4599 1923 4653; x_wconf 91' lang='lat' dir='ltr'><strong>ubi</strong></span> <span class='ocrx_word' id='word_1_734' title='bbox 1963 4599 2080 4654; x_wconf 69' lang='lat' dir='ltr'><strong>haec</strong></span> <span class='ocrx_word' id='word_1_735' title='bbox 2112 4599 2179 4653; x_wconf 90' lang='lat' dir='ltr'><strong>ad</strong></span> <span class='ocrx_word' id='word_1_736' title='bbox 2208 4600 2434 4655; x_wconf 88' lang='lat' dir='ltr'><strong>verbum</strong></span> <span class='ocrx_word' id='word_1_737' title='bbox 2460 4597 2651 4655; x_wconf 87' lang='lat' dir='ltr'><strong>refert.</strong></span> 
     </span>
    </p>
   </div>
   <div class='ocr_carea' id='block_1_92' title="bbox 359 4731 1953 4806">
    <p class='ocr_par' dir='ltr' id='par_1_92' title="bbox 359 4733 1926 4805">
     <span class='ocr_line' id='line_1_92' title="bbox 359 4733 1926 4805; baseline 0.003 -19"><span class='ocrx_word' id='word_1_738' title='bbox 359 4733 513 4801; x_wconf 84' lang='lat' dir='ltr'><strong>Quod</strong></span> <span class='ocrx_word' id='word_1_739' title='bbox 540 4735 768 4805; x_wconf 76' lang='lat' dir='ltr'><strong>eﬂicacia</strong></span> <span class='ocrx_word' id='word_1_740' title='bbox 794 4736 907 4798; x_wconf 81' lang='lat' dir='ltr'><strong>ipsa</strong></span> <span class='ocrx_word' id='word_1_741' title='bbox 938 4744 1091 4805; x_wconf 87' lang='lat' dir='ltr'><strong>atque</strong></span> <span class='ocrx_word' id='word_1_742' title='bbox 1118 4735 1395 4797; x_wconf 80' lang='lat' dir='ltr'><strong>evidentia,</strong></span> <span class='ocrx_word' id='word_1_743' title='bbox 1419 4738 1564 4791; x_wconf 79' lang='lat' dir='ltr'><strong>illius</strong></span> <span class='ocrx_word' id='word_1_744' title='bbox 1601 4739 1789 4792; x_wconf 73' lang='lat' dir='ltr'><strong>divina:</strong></span> <span class='ocrx_word' id='word_1_745' title='bbox 1817 4741 1926 4793; x_wconf 85' lang='lat' dir='ltr'><strong>vir—</strong></span> 
     </span>
    </p>
   </div>
   <div class='ocr_carea' id='block_1_93' title="bbox 2061 4731 3622 4806">
    <p class='ocr_par' dir='ltr' id='par_1_93' title="bbox 2061 4731 3622 4806">
     <span class='ocr_line' id='line_1_93' title="bbox 2061 4731 3622 4806; baseline -0.003 -16"><span class='ocrx_word' id='word_1_746' title='bbox 2061 4739 2137 4803; x_wconf 87' lang='grc' dir='ltr'>Ως</span> <span class='ocrx_word' id='word_1_747' title='bbox 2192 4738 2310 4792; x_wconf 78' lang='grc' dir='ltr'><strong>ἀπὸ</strong></span> <span class='ocrx_word' id='word_1_748' title='bbox 2370 4738 2482 4805; x_wconf 80' lang='grc' dir='ltr'>τῆς</span> <span class='ocrx_word' id='word_1_749' title='bbox 2537 4737 2840 4806; x_wconf 74' lang='grc' dir='ltr'>ἐνεργείας</span> <span class='ocrx_word' id='word_1_750' title='bbox 2890 4732 3080 4806; x_wconf 75' lang='grc' dir='ltr'>αὐτῆς</span> <span class='ocrx_word' id='word_1_751' title='bbox 3115 4731 3448 4806; x_wconf 61' lang='grc' dir='ltr'>σιονορᾶτιιι</span> <span class='ocrx_word' id='word_1_752' title='bbox 3497 4736 3622 4801; x_wconf 78' lang='grc' dir='ltr'>τοῖς</span> 
     </span>
    </p>
   </div>
   <div class='ocr_carea' id='block_1_94' title="bbox 431 4805 1925 4872">
    <p class='ocr_par' dir='ltr' id='par_1_94' title="bbox 431 4805 1925 4872">
     <span class='ocr_line' id='line_1_94' title="bbox 431 4805 1925 4872; baseline 0.006 -16"><span class='ocrx_word' id='word_1_753' title='bbox 431 4806 559 4859; x_wconf 79' lang='lat' dir='ltr'><strong>tutis</strong></span> <span class='ocrx_word' id='word_1_754' title='bbox 596 4806 699 4859; x_wconf 87' lang='lat' dir='ltr'><strong>vim</strong></span> <span class='ocrx_word' id='word_1_755' title='bbox 728 4806 999 4872; x_wconf 77' lang='lat' dir='ltr'><strong>perspicue</strong></span> <span class='ocrx_word' id='word_1_756' title='bbox 1044 4805 1270 4858; x_wconf 79' lang='lat' dir='ltr'><strong>ostendit</strong></span> <span class='ocrx_word' id='word_1_757' title='bbox 1309 4811 1636 4863; x_wconf 75' lang='lat' dir='ltr'><strong>amatoribus</strong></span> <span class='ocrx_word' id='word_1_758' title='bbox 1669 4813 1925 4865; x_wconf 72' lang='lat' dir='ltr'><strong>veritatis.</strong></span> 
     </span>
    </p>
   </div>
   <div class='ocr_carea' id='block_1_95' title="bbox 430 4873 1018 4931">
    <p class='ocr_par' dir='ltr' id='par_1_95' title="bbox 430 4873 1018 4931">
     <span class='ocr_line' id='line_1_95' title="bbox 430 4873 1018 4931; baseline -0.005 -1"><span class='ocrx_word' id='word_1_759' title='bbox 430 4873 670 4931; x_wconf 78' lang='lat' dir='ltr'><strong>Oracula</strong></span> <span class='ocrx_word' id='word_1_760' title='bbox 694 4875 757 4929; x_wconf 84' lang='lat' dir='ltr'><strong>de</strong></span> <span class='ocrx_word' id='word_1_761' title='bbox 784 4874 1018 4931; x_wconf 79' lang='lat' dir='ltr'><strong>Christo.</strong></span> 
     </span>
    </p>
   </div>
   <div class='ocr_carea' id='block_1_96' title="bbox 426 5010 1930 5083">
    <p class='ocr_par' dir='ltr' id='par_1_96' title="bbox 426 5010 1930 5083">
     <span class='ocr_line' id='line_1_96' title="bbox 426 5010 1930 5083; baseline 0.007 -19"><span class='ocrx_word' id='word_1_762' title='bbox 426 5011 772 5070; x_wconf 73' lang='lat' dir='ltr'><strong>Vll.¢Mirum</strong></span> <span class='ocrx_word' id='word_1_763' title='bbox 792 5010 1016 5066; x_wconf 89' lang='lat' dir='ltr'><strong>forsitan</strong></span> <span class='ocrx_word' id='word_1_764' title='bbox 1037 5010 1307 5075; x_wconf 90' lang='lat' dir='ltr'><strong>nonnullis</strong></span> <span class='ocrx_word' id='word_1_765' title='bbox 1336 5012 1630 5075; x_wconf 68' lang='lat' dir='ltr'><strong>videbitur.</strong></span> <span class='ocrx_word' id='word_1_766' title='bbox 1663 5013 1809 5083; x_wconf 88' lang='lat' dir='ltr'><strong>quod</strong></span> <span class='ocrx_word' id='word_1_767' title='bbox 1843 5014 1930 5067; x_wconf 85' lang='lat' dir='ltr'><strong>di-</strong></span> 
     </span>
    </p>
   </div>
   <div class='ocr_carea' id='block_1_97' title="bbox 351 5097 1932 5170">
    <p class='ocr_par' dir='ltr' id='par_1_97' title="bbox 351 5097 1932 5170">
     <span class='ocr_line' id='line_1_97' title="bbox 351 5097 1932 5170; baseline 0.001 -17"><span class='ocrx_word' id='word_1_768' title='bbox 351 5099 499 5153; x_wconf 86' lang='lat' dir='ltr'><strong>cturi</strong></span> <span class='ocrx_word' id='word_1_769' title='bbox 544 5114 759 5155; x_wconf 90' lang='lat' dir='ltr'><strong>sumus.</strong></span> <span class='ocrx_word' id='word_1_770' title='bbox 819 5097 1100 5170; x_wconf 91' lang='lat' dir='ltr'><strong>Siquidem</strong></span> <span class='ocrx_word' id='word_1_771' title='bbox 1146 5103 1423 5159; x_wconf 88' lang='lat' dir='ltr'><strong>Christum</strong></span> <span class='ocrx_word' id='word_1_772' title='bbox 1455 5103 1531 5158; x_wconf 91' lang='lat' dir='ltr'><strong>dii</strong></span> <span class='ocrx_word' id='word_1_773' title='bbox 1563 5118 1774 5158; x_wconf 88' lang='lat' dir='ltr'><strong>summe</strong></span> <span class='ocrx_word' id='word_1_774' title='bbox 1807 5103 1932 5158; x_wconf 85' lang='lat' dir='ltr'><strong>reli-</strong></span> 
     </span>
    </p>
   </div>
   <div class='ocr_carea' id='block_1_98' title="bbox 353 5191 1930 5265">
    <p class='ocr_par' dir='ltr' id='par_1_98' title="bbox 353 5191 1930 5265">
     <span class='ocr_line' id='line_1_98' title="bbox 353 5191 1930 5265; baseline 0.003 -21"><span class='ocrx_word' id='word_1_775' title='bbox 353 5191 569 5262; x_wconf 88' lang='lat' dir='ltr'><strong>giosum</strong></span> <span class='ocrx_word' id='word_1_776' title='bbox 604 5191 1079 5264; x_wconf 89' lang='lat' dir='ltr'><strong>immortalemque</strong></span> <span class='ocrx_word' id='word_1_777' title='bbox 1120 5193 1290 5251; x_wconf 91' lang='lat' dir='ltr'><strong>fuisse</strong></span> <span class='ocrx_word' id='word_1_778' title='bbox 1342 5194 1722 5265; x_wconf 88' lang='lat' dir='ltr'><strong>prodiderunt,</strong></span> <span class='ocrx_word' id='word_1_779' title='bbox 1755 5195 1930 5264; x_wconf 91' lang='lat' dir='ltr'><strong>deque</strong></span> 
     </span>
    </p>
   </div>
   <div class='ocr_carea' id='block_1_99' title="bbox 353 5284 1929 5355">
    <p class='ocr_par' dir='ltr' id='par_1_99' title="bbox 353 5284 1929 5355">
     <span class='ocr_line' id='line_1_99' title="bbox 353 5284 1929 5355; baseline 0.003 -18"><span class='ocrx_word' id='word_1_780' title='bbox 353 5284 450 5339; x_wconf 93' lang='lat' dir='ltr'><strong>illo</strong></span> <span class='ocrx_word' id='word_1_781' title='bbox 480 5298 603 5337; x_wconf 88' lang='lat' dir='ltr'><strong>cum</strong></span> <span class='ocrx_word' id='word_1_782' title='bbox 643 5284 804 5339; x_wconf 83' lang='lat' dir='ltr'><strong>laude</strong></span> <span class='ocrx_word' id='word_1_783' title='bbox 832 5286 1163 5341; x_wconf 88' lang='lat' dir='ltr'><strong>mentionem</strong></span> <span class='ocrx_word' id='word_1_784' title='bbox 1206 5287 1459 5355; x_wconf 88' lang='lat' dir='ltr'><strong>faciunt;</strong></span> <span class='ocrx_word' id='word_1_785' title='bbox 1500 5306 1518 5338; x_wconf 75' lang='grc' dir='ltr'><strong>ι</strong></span> <span class='ocrx_word' id='word_1_786' title='bbox 1574 5296 1628 5343; x_wconf 91' lang='lat' dir='ltr'><strong>et</strong></span> <span class='ocrx_word' id='word_1_787' title='bbox 1676 5300 1929 5342; x_wconf 89' lang='lat' dir='ltr'><strong>sermone</strong></span> 
     </span>
    </p>
   </div>
   <div class='ocr_carea' id='block_1_100' title="bbox 352 5373 1927 5449">
    <p class='ocr_par' dir='ltr' id='par_1_100' title="bbox 352 5373 1927 5449">
     <span class='ocr_line' id='line_1_100' title="bbox 352 5373 1927 5449; baseline 0.004 -20"><span class='ocrx_word' id='word_1_788' title='bbox 352 5390 676 5445; x_wconf 84' lang='lat' dir='ltr'><strong>progressus</strong></span> <span class='ocrx_word' id='word_1_789' title='bbox 707 5373 957 5446; x_wconf 78' lang='lat' dir='ltr'><strong>adiungit</strong></span> <span class='ocrx_word' id='word_1_790' title='bbox 991 5395 1004 5432; x_wconf 93' lang='lat'>:</span> <span class='ocrx_word' id='word_1_791' title='bbox 1065 5395 1084 5428; x_wconf 74' lang='grc' dir='ltr'><strong>ε</strong></span> <span class='ocrx_word' id='word_1_792' title='bbox 1143 5378 1311 5449; x_wconf 87' lang='lat' dir='ltr'><strong>Igitur</strong></span> <span class='ocrx_word' id='word_1_793' title='bbox 1334 5378 1403 5434; x_wconf 90' lang='lat' dir='ltr'><strong>de</strong></span> <span class='ocrx_word' id='word_1_794' title='bbox 1431 5378 1657 5435; x_wconf 88' lang='lat' dir='ltr'><strong>Christo</strong></span> <span class='ocrx_word' id='word_1_795' title='bbox 1686 5379 1927 5435; x_wconf 88' lang='lat' dir='ltr'><strong>interro-</strong></span> 
     </span>
    </p>
   </div>
   <div class='ocr_carea' id='block_1_101' title="bbox 350 5468 1484 5541">
    <p class='ocr_par' dir='ltr' id='par_1_101' title="bbox 350 5468 1484 5541">
     <span class='ocr_line' id='line_1_101' title="bbox 350 5468 1484 5541; baseline 0.006 -22"><span class='ocrx_word' id='word_1_796' title='bbox 350 5468 624 5536; x_wconf 82' lang='lat' dir='ltr'><strong>gantibus,</strong></span> <span class='ocrx_word' id='word_1_797' title='bbox 652 5476 833 5522; x_wconf 92' lang='lat' dir='ltr'><strong>utrum</strong></span> <span class='ocrx_word' id='word_1_798' title='bbox 861 5469 932 5523; x_wconf 92' lang='lat' dir='ltr'><strong>sit</strong></span> <span class='ocrx_word' id='word_1_799' title='bbox 967 5468 1128 5537; x_wconf 91' lang='lat' dir='ltr'><strong>Deus,</strong></span> <span class='ocrx_word' id='word_1_800' title='bbox 1154 5471 1439 5541; x_wconf 89' lang='lat' dir='ltr'><strong>respondit</strong></span> <span class='ocrx_word' id='word_1_801' title='bbox 1471 5488 1484 5526; x_wconf 90' lang='lat'>:</span> 
     </span>
    </p>
   </div>
   <div class='ocr_carea' id='block_1_102' title="bbox 422 5668 955 5739">
    <p class='ocr_par' dir='ltr' id='par_1_102' title="bbox 422 5668 955 5739">
     <span class='ocr_line' id='line_1_102' title="bbox 422 5668 955 5739; baseline 0.013 -21"><span class='ocrx_word' id='word_1_802' title='bbox 422 5670 463 5700; x_wconf 81' lang='grc' dir='ltr'><strong>ἰ</strong></span> <span class='ocrx_word' id='word_1_803' title='bbox 495 5668 680 5724; x_wconf 73' lang='lat' dir='ltr'><strong>Matth.</strong></span> <span class='ocrx_word' id='word_1_804' title='bbox 719 5686 840 5739; x_wconf 78' lang='lat' dir='ltr'><strong>vin,</strong></span> <span class='ocrx_word' id='word_1_805' title='bbox 866 5670 955 5728; x_wconf 77' lang='grc'><strong>29.</strong></span> 
     </span>
    </p>
   </div>
   <div class='ocr_carea' id='block_1_103' title="bbox 2107 4803 3623 4876">
    <p class='ocr_par' dir='ltr' id='par_1_103' title="bbox 2107 4803 3623 4876">
     <span class='ocr_line' id='line_1_103' title="bbox 2107 4803 3623 4876; baseline 0.009 -19"><span class='ocrx_word' id='word_1_806' title='bbox 2107 4803 2515 4876; x_wconf 61' lang='grc' dir='ltr'>φιλαλήθεὸέιν</span> <span class='ocrx_word' id='word_1_807' title='bbox 2565 4809 2603 4875; x_wconf 73' lang='grc' dir='ltr'>ἢ</span> <span class='ocrx_word' id='word_1_808' title='bbox 2633 4803 2746 4875; x_wconf 60' lang='grc' dir='ltr'>τῆς</span> <span class='ocrx_word' id='word_1_809' title='bbox 2775 4806 2906 4874; x_wconf 80' lang='grc' dir='ltr'>περὶ</span> <span class='ocrx_word' id='word_1_810' title='bbox 2934 4803 3122 4876; x_wconf 69' lang='grc' dir='ltr'><strong>αὐτὸν</strong></span> <span class='ocrx_word' id='word_1_811' title='bbox 3150 4804 3363 4876; x_wconf 52' lang='grc' dir='ltr'><strong>ἐνθέου</strong></span> <span class='ocrx_word' id='word_1_812' title='bbox 3401 4805 3623 4875; x_wconf 77' lang='grc' dir='ltr'>ἀρετῆς</span> 
     </span>
    </p>
   </div>
   <div class='ocr_carea' id='block_1_104' title="bbox 2109 4874 3332 4955">
    <p class='ocr_par' dir='ltr' id='par_1_104' title="bbox 2109 4874 3332 4955">
     <span class='ocr_line' id='line_1_104' title="bbox 2109 4874 3332 4955; baseline -0.002 -25"><span class='ocrx_word' id='word_1_813' title='bbox 2109 4874 2381 4955; x_wconf 24' lang='grc' dir='ltr'>δύζαμιίς.</span> <span class='ocrx_word' id='word_1_814' title='bbox 2442 4874 2725 4948; x_wconf 78' lang='grc' dir='ltr'>Χρησμοὶ</span> <span class='ocrx_word' id='word_1_815' title='bbox 2751 4877 2881 4946; x_wconf 79' lang='grc' dir='ltr'>περὶ</span> <span class='ocrx_word' id='word_1_816' title='bbox 2907 4875 3012 4929; x_wconf 82' lang='grc' dir='ltr'><strong>τοῦ</strong></span> <span class='ocrx_word' id='word_1_817' title='bbox 3052 4874 3332 4942; x_wconf 81' lang='grc' dir='ltr'>Χριστοῦ.</span> 
     </span>
    </p>
   </div>
   <div class='ocr_carea' id='block_1_105' title="bbox 2089 5008 3622 5088">
    <p class='ocr_par' dir='ltr' id='par_1_105' title="bbox 2089 5008 3622 5088">
     <span class='ocr_line' id='line_1_105' title="bbox 2089 5008 3622 5088; baseline -0.006 -15"><span class='ocrx_word' id='word_1_818' title='bbox 2089 5017 2513 5088; x_wconf 79' lang='grc' dir='ltr'>Ζ’.εΠαράδοξον</span> <span class='ocrx_word' id='word_1_819' title='bbox 2532 5016 2661 5081; x_wconf 79' lang='grc' dir='ltr'>ἴσως</span> <span class='ocrx_word' id='word_1_820' title='bbox 2673 5015 2877 5081; x_wconf 78' lang='grc' dir='ltr'>δόξειεν</span> <span class='ocrx_word' id='word_1_821' title='bbox 2906 5014 2971 5068; x_wconf 84' lang='grc' dir='ltr'>ἄν</span> <span class='ocrx_word' id='word_1_822' title='bbox 2994 5029 3138 5066; x_wconf 90' lang='grc' dir='ltr'>τισιν</span> <span class='ocrx_word' id='word_1_823' title='bbox 3170 5008 3310 5065; x_wconf 79' lang='grc' dir='ltr'>εἶναι</span> <span class='ocrx_word' id='word_1_824' title='bbox 3334 5011 3397 5064; x_wconf 79' lang='grc' dir='ltr'>τὸ</span> <span class='ocrx_word' id='word_1_825' title='bbox 3427 5010 3622 5080; x_wconf 85' lang='grc' dir='ltr'>μέλλον</span> 
     </span>
    </p>
   </div>
   <div class='ocr_carea' id='block_1_106' title="bbox 2037 5103 3620 5176">
    <p class='ocr_par' dir='ltr' id='par_1_106' title="bbox 2037 5103 3620 5176">
     <span class='ocr_line' id='line_1_106' title="bbox 2037 5103 3620 5176; baseline -0.002 -17"><span class='ocrx_word' id='word_1_826' title='bbox 2037 5105 2287 5175; x_wconf 88' lang='grc' dir='ltr'>λέγεσθαι</span> <span class='ocrx_word' id='word_1_827' title='bbox 2341 5108 2429 5176; x_wconf 82' lang='grc' dir='ltr'>ὑφ’</span> <span class='ocrx_word' id='word_1_828' title='bbox 2483 5106 2657 5176; x_wconf 75' lang='grc' dir='ltr'>ἡμῶν.</span> <span class='ocrx_word' id='word_1_829' title='bbox 2682 5106 2785 5159; x_wconf 82' lang='grc' dir='ltr'><strong>Τὸν</strong></span> <span class='ocrx_word' id='word_1_830' title='bbox 2828 5105 2936 5175; x_wconf 86' lang='grc' dir='ltr'>γὰρ</span> <span class='ocrx_word' id='word_1_831' title='bbox 2964 5103 3197 5175; x_wconf 82' lang='grc' dir='ltr'>Χριστὸν</span> <span class='ocrx_word' id='word_1_832' title='bbox 3219 5106 3266 5157; x_wconf 88' lang='grc' dir='ltr'>οἱ</span> <span class='ocrx_word' id='word_1_833' title='bbox 3305 5104 3422 5157; x_wconf 71' lang='grc' dir='ltr'>θεοὶ</span> <span class='ocrx_word' id='word_1_834' title='bbox 3465 5105 3620 5156; x_wconf 69' lang='grc' dir='ltr'>εύσει</span> 
     </span>
    </p>
   </div>
   <div class='ocr_carea' id='block_1_107' title="bbox 2037 5194 3615 5266">
    <p class='ocr_par' dir='ltr' id='par_1_107' title="bbox 2037 5194 3615 5266">
     <span class='ocr_line' id='line_1_107' title="bbox 2037 5194 3615 5266; baseline -0.001 -18"><span class='ocrx_word' id='word_1_835' title='bbox 2037 5196 2297 5250; x_wconf 85' lang='grc' dir='ltr'>ϐέστατον</span> <span class='ocrx_word' id='word_1_836' title='bbox 2322 5197 2669 5266; x_wconf 82' lang='grc' dir='ltr'>ἀπεφήναντο</span> <span class='ocrx_word' id='word_1_837' title='bbox 2710 5195 2805 5248; x_wconf 73' lang='grc' dir='ltr'><strong>καὶ</strong></span> <span class='ocrx_word' id='word_1_838' title='bbox 2842 5194 3109 5248; x_wconf 86' lang='grc' dir='ltr'>ἀθάνατον</span> <span class='ocrx_word' id='word_1_839' title='bbox 3138 5194 3426 5262; x_wconf 84' lang='grc' dir='ltr'>γεγονότα,</span> <span class='ocrx_word' id='word_1_840' title='bbox 3457 5196 3615 5264; x_wconf 73' lang='grc' dir='ltr'>εὐφή-</span> 
     </span>
    </p>
   </div>
   <div class='ocr_carea' id='block_1_108' title="bbox 2039 5283 3611 5357">
    <p class='ocr_par' dir='ltr' id='par_1_108' title="bbox 2039 5283 3611 5357">
     <span class='ocr_line' id='line_1_108' title="bbox 2039 5283 3611 5357; baseline -0.003 -17"><span class='ocrx_word' id='word_1_841' title='bbox 2039 5304 2157 5357; x_wconf 88' lang='grc' dir='ltr'><strong>μως</strong></span> <span class='ocrx_word' id='word_1_842' title='bbox 2175 5304 2234 5339; x_wconf 89' lang='grc' dir='ltr'><strong>τε</strong></span> <span class='ocrx_word' id='word_1_843' title='bbox 2262 5285 2424 5339; x_wconf 82' lang='grc' dir='ltr'>αὐτοῦ</span> <span class='ocrx_word' id='word_1_844' title='bbox 2458 5286 2868 5356; x_wconf 81' lang='grc' dir='ltr'>μνημονεύουσι.</span> <span class='ocrx_word' id='word_1_845' title='bbox 2901 5303 2920 5335; x_wconf 72' lang='grc' dir='ltr'><strong>ι</strong></span> <span class='ocrx_word' id='word_1_846' title='bbox 2961 5284 3070 5336; x_wconf 76' lang='grc' dir='ltr'>Καὶ</span> <span class='ocrx_word' id='word_1_847' title='bbox 3104 5283 3311 5347; x_wconf 79' lang='grc' dir='ltr'>ὑποϐὰς</span> <span class='ocrx_word' id='word_1_848' title='bbox 3340 5283 3611 5352; x_wconf 83' lang='grc' dir='ltr'>ἐπιλέγει·</span> 
     </span>
    </p>
   </div>
   <div class='ocr_carea' id='block_1_109' title="bbox 2038 5376 3613 5450">
    <p class='ocr_par' dir='ltr' id='par_1_109' title="bbox 2038 5376 3613 5450">
     <span class='ocr_line' id='line_1_109' title="bbox 2038 5376 3613 5450; baseline 0.002 -21"><span class='ocrx_word' id='word_1_849' title='bbox 2038 5396 2057 5428; x_wconf 76' lang='grc' dir='ltr'><strong>ι</strong></span> <span class='ocrx_word' id='word_1_850' title='bbox 2101 5379 2237 5448; x_wconf 73' lang='grc' dir='ltr'>Περὶ</span> <span class='ocrx_word' id='word_1_851' title='bbox 2265 5378 2394 5449; x_wconf 89' lang='grc' dir='ltr'>γοῦν</span> <span class='ocrx_word' id='word_1_852' title='bbox 2424 5378 2518 5431; x_wconf 85' lang='grc' dir='ltr'><strong>τοῦ</strong></span> <span class='ocrx_word' id='word_1_853' title='bbox 2559 5377 2796 5450; x_wconf 86' lang='grc' dir='ltr'>Χριστοῦ</span> <span class='ocrx_word' id='word_1_854' title='bbox 2826 5376 3219 5448; x_wconf 81' lang='grc' dir='ltr'>έρωτησάντων</span> <span class='ocrx_word' id='word_1_855' title='bbox 3247 5379 3297 5431; x_wconf 82' lang='grc' dir='ltr'><strong>εί</strong></span> <span class='ocrx_word' id='word_1_856' title='bbox 3320 5376 3439 5432; x_wconf 79' lang='grc' dir='ltr'>ἐστι</span> <span class='ocrx_word' id='word_1_857' title='bbox 3462 5378 3613 5441; x_wconf 76' lang='grc' dir='ltr'>Θεὸς,</span> 
     </span>
    </p>
   </div>
   <div class='ocr_carea' id='block_1_110' title="bbox 1954 5469 2240 5541">
    <p class='ocr_par' dir='ltr' id='par_1_110' title="bbox 1954 5469 2240 5541">
     <span class='ocr_line' id='line_1_110' title="bbox 1954 5469 2240 5541; baseline 0.003 -19"><span class='ocrx_word' id='word_1_858' title='bbox 1954 5500 1957 5503; x_wconf 60' lang='grc'>‹</span> <span class='ocrx_word' id='word_1_859' title='bbox 2034 5469 2200 5541; x_wconf 82' lang='grc' dir='ltr'>φησίν</span> <span class='ocrx_word' id='word_1_860' title='bbox 2223 5485 2240 5502; x_wconf 81' lang='lat'><strong><em>°</em></strong></span> 
     </span>
    </p>
   </div>
  </div>
