3828 6216
201 350 287 406 257

211 466 355 532 '0ttt
363 461 473 532 μὲν
486 458 750 532 ἀθανάτη
776 456 946 528 ψυχὴ
970 459 1121 532 μετὰ
1137 457 1307 532 σῶμα
1325 460 1662 532 προϐαίνει,

200 528 494 626 ζιτνώέτκεε
513 531 700 653 αἰδοίῃ
729 528 1146 615 τετιμημένος·
1178 528 1341 584 ἀλλά
1361 546 1427 598 γε
1452 530 1627 599 ψυχὴ

212 603 408 653 Αγέοορ
434 617 547 653 ευσ
616 601 680 653 in
703 613 1149 653 προφερεστάτη
1175 600 1350 653 ἐστὶν
1372 600 1627 653 ἐκείνου.

212 600 408 671 Άκέρος
434 600 680 668 εὐσεϐίῃ
703 600 1149 669 προφερεστάτη
1175 600 1350 653 ἐστὶν
1372 600 1630 655 ἐκείνου.
1676 618 1695 651 ι

194 713 563 770 Εὐσεϐέστατον
600 712 710 783 ἄρα
756 711 859 783 ἔφη
886 711 1069 777 αὑτὸν,
1092 711 1187 765 καὶ
1215 711 1314 782 τὴν
1344 710 1520 782 ψυχὴν
1547 711 1732 776 αὐτοῦ,

192 807 413 877 καθάπερ
456 804 552 858 καὶ
596 803 706 857 τῶν
772 803 966 867 ἄλλων,
1016 803 1152 873 μετὰ
1188 802 1417 857 θάνατον
1461 803 1735 857 ἀπαθανα-

190 896 442 967 τισθῆναι,
490 896 558 966 ἢν
598 894 775 948 σέϐειν
828 894 1157 963 ἀγνοοῦντας
1198 897 1326 958 τοὺς
1352 894 1730 965 Χριστιανούς.

200 986 663 1060 Ἐπερωτησάντων
690 987 749 1040 δὲ
771 985 858 1039 διὰ
875 986 927 1038 τί
949 985 1238 1057 ἐκολάσθη,
1263 986 1497 1059 ἔχρησεν
1514 1004 1527 1016 ·

183 1209 335 1278 Σῶμα
352 1208 463 1276 μὲν
492 1207 821 1278 ἀδρανέσιν
838 1206 1140 1278 βασάνοις
1165 1204 1281 1278 αἰεί
1295 1203 1724 1278 προϐέϐληται·

187 1272 421 1348 ιιύάῆσ
455 1272 753 1332 εὐσεϐέων
774 1272 861 1344 εἰς
891 1275 1174 1346 οὐράνιον
1205 1274 1392 1330 πέδον
1413 1272 1538 1334 ἵζει.

181 1393 274 1447 Καὶ
318 1392 553 1460 ἐπιλέγει
594 1391 729 1463 μετὰ
746 1391 843 1445 ’τὸν
888 1390 1134 1463 χρησμὸν
1165 1389 1291 1461 ἑξῆς
1319 1407 1333 1420 ·
1374 1409 1392 1441 ι
1432 1389 1604 1452 Αὐτὸς
1635 1383 1727 1444 οῦν

177 1483 397 1555 εὐσεϐὴς,
425 1485 522 1537 καὶ
563 1484 645 1546 εἰς
677 1483 941 1555 οὐρανοὺς
982 1481 1169 1554 ὥσπερ
1201 1484 1249 1534 οἱ
1278 1481 1521 1543 εὐσεϐεῖς
1549 1483 1728 1553 χωρή-

178 1592 279 1639 σας.
313 1576 464 1628 Ὥστε
517 1574 705 1629 τοῦτον
740 1575 837 1646 μὲν
872 1576 934 1628 οὐ
992 1574 1437 1646 βλασφημήσεις,
1483 1573 1727 1643 ἐλεήσεις

173 1668 222 1720 δὲ
248 1666 345 1721 τῶν
399 1665 705 1739 ἀνθρώπων
747 1667 845 1739 τὴν
899 1665 1108 1721 ἄνοιαν,
1143 1686 1161 1718 ι
1197 1666 1381 1720 Ταῦτα
1443 1664 1536 1718 καὶ
1574 1664 1668 1718 νῦν
1695 1665 1725 1717 ὁ

172 1757 474 1830 Πορφύριος.
501 1754 630 1831 'Ap‘
659 1754 752 1812 οῦν
786 1758 1054 1820 ἀπατεὼν,
1092 1751 1137 1811 ὦ
1158 1752 1330 1822 οὗτος
1363 1755 1464 1810 κᾶν
1497 1755 1567 1809 τὰ
1593 1755 1720 1826 φίλα

174 1867 223 1904 σε
240 1849 544 1903 δυσωπείτω
565 1850 675 1903 τῶν
704 1850 918 1903 οἰκείων
949 1851 1190 1920 ῥήματα.
1223 1848 1410 1918 Ἔχεις
1437 1847 1722 1920 τοιγαροῦν

169 1943 246 1997 τὸν
265 1942 523 2014 ἡμέτερον
551 1942 780 2013 Σωτῆρα
830 1940 1035 2012 Ἰησοῦν
1061 1940 1152 1993 τὸν
1175 1940 1411 2012 Χριστὸν
1436 1940 1531 1993 τοῦ
1563 1939 1720 2006 Θεοῦ,

168 2035 251 2088 καὶ
275 2034 417 2107 παρὰ
468 2037 586 2097 τοῖς
609 2032 799 2087 ἐαυτοῦ
829 2032 1245 2104 ὡμολογημένον
1291 2032 1351 2085 ού
1396 2033 1570 2104 γόητα
1602 2032 1722 2087 οὐδὲ

168 2125 461 2196 φαρμακέα,
488 2122 607 2177 ἀλλ’
634 2122 829 2195 εὐσεϐῆ
851 2122 1292 2176 καὶδικαιότατον
1311 2122 1406 2176 καὶ
1435 2124 1596 2193 σοφὸν
1630 2126 1724 2180 καὶ

164 2216 406 2288 οὐρανίων
461 2215 671 2285 ἀψίδων
721 2216 1000 2286 οἰκήτορα.
1042 2215 1100 2267 Ὁ
1125 2213 1189 2286 δὴ
1219 2209 1309 2268 οὖν
1331 2215 1570 2279 τοιοῦτος
1606 2216 1722 2278 πῶς

160 2306 219 2361 ἂν
265 2306 430 2371 ἄλλως
488 2306 601 2360 τῶν
649 2305 970 2380 παραδόξων
1012 2305 1189 2376 ἔργων
1221 2305 1410 2374 γέγονε
1434 2306 1717 2379 ποιητὴςῆ

160 2398 365 2469 δυνάμει
413 2398 580 2470 θείαξ
632 2400 699 2469 ἢν
747 2397 842 2451 καὶ
880 2397 950 2451 τὰ
997 2396 1118 2468 ἱερὰ
1164 2396 1322 2465 λόγια
1356 2397 1721 2468 μαρτυροῦσιν

156 2491 307 2563 αὐτῷ,
332 2491 467 2545 Θεοῦ
523 2490 683 2560 λόγον
708 2491 802 2544 κεπιί¹
830 2490 965 2545 Θεοῦ
992 2490 1219 2562 δύναμιν
1253 2489 1349 2560 τὴν
1379 2490 1638 2543 ἀνωτάτω
1663 2492 1720 2542 ἐν

156 2582 425 2655 ἀνθρώπου
489 2586 677 2657 μορφῇ
724 2584 819 2636 καὶ
864 2584 1123 2654 σχήματι,
1157 2582 1356 2654 μᾶλλον
1396 2584 1441 2637 δ’
1482 2585 1538 2636 ἐν
1580 2584 1718 2655 αὐτῇ

155 2676 303 2747 σαρκί
350 2677 446 2730 καὶ
498 2676 716 2747 σώματι
766 2675 1111 2746 κατοικῆσαι,
1161 2674 1256 2727 καὶ
1312 2675 1493 2728 πᾶσαν
1534 2674 1631 2746 τὴν
1662 2676 1719 2728 ἐν

150 2766 442 2840 ἀνθρώποις
520 2768 833 2838 οἰκονομίαν
928 2765 1240 2820 ἐπιτελέσαι
1315 2766 1715 2837 μαρτυροῦντα.

150 2860 248 2913 Καὶ
274 2861 336 2913 σὺ
379 2860 425 2913 δ’
466 2860 539 2913 ἂν
581 2860 744 2923 αὐτὸς
786 2857 1123 2929 καταμάθοις
1153 2859 1213 2912 τὸ
1251 2858 1430 2911 ἔνθεον
1460 2858 1559 2928 τῆς
1592 2859 1720 2931 περὶ

147 2948 297 3003 αὐτοῦ
324 2950 633 3022 δυνάμεως,
678 2952 726 3003 εἰ
774 2949 1015 3017 λογίσαιο
1062 2949 1146 3013 τίς
1183 2965 1314 3002 ποτε
1356 2946 1431 3000 ὢν
1477 2948 1586 3019 ἂρα
1621 2948 1719 3019 τὴν

148 3040 294 3111 φύσιν
339 3043 435 3095 καὶ
490 3041 724 3113 πηλίκος
775 3041 975 3112 ἄνδρας
1020 3040 1259 3103 εὐτελεῖς
1294 3039 1354 3105 ἐξ
1395 3040 1579 3105 ἀλείχς
1625 3041 1719 3094 καὶ⁹

146 3134 382 3189 ταπεινοῦ
417 3135 543 3205 βίου
590 3133 1169 3206 προσοικειωσάμενος,
1205 3131 1413 3196 τούτοις
1449 3133 1715 3204 κέχρηται
1743 3160 1786 3216 C

146 3226 396 3291 διακόνοις
447 3227 549 3281 ἐπὶ
596 3224 929 3297 κατορθώσει
953 3225 1300 3296 .πράγματος
1335 3225 1510 3278 πάντα
1554 3224 1718 3279 καλύ-

148 3337 352 3384 πτοντος
381 3320 570 3389 λόγον.
598 3315 907 3388 Διανοηθεὶς
932 3316 1037 3386 γὰρ
1069 3316 1098 3369 ὃ
1133 3315 1321 3388 μηδεὶς
1363 3314 1607 3381 πώποτε,
1631 3317 1717 3369 νό-

145 3428 268 3481 μους
296 3412 535 3476 οἰκείους
565 3412 657 3465 καὶ
683 3409 837 3481 ξένην
869 3408 1214 3462 διδασκαλίαν
1246 3409 1324 3472 είς
1351 3409 1529 3462 πάντα
1556 3426 1716 3463 κατα-

141 3506 343 3575 σπεῖραι
379 3503 450 3557 τὰ
480 3502 637 3573 ἔθνη,
670 3501 762 3554 καὶ
792 3500 997 3565 ’παντὸς
1030 3499 1218 3568 γένους
1246 3497 1547 3571 ἀνθρώπων
1579 3499 1715 3553 διδά-

141 3594 318 3649 σκαλον
349 3594 644 3657 εὐσεϐείας
685 3595 802 3657 ἐνὸς
839 3592 933 3646 τοῦ
982 3593 1075 3647 ἐπὶ
1109 3594 1323 3647 πάντων
1356 3594 1489 3647 Θεοῦ
1523 3594 1711 3648 ἐαυτὸν

139 3686 418 3758 ἀποφῆναι,
442 3689 566 3751 τοῖς
598 3685 813 3739 πάντων
847 3686 1254 3755 ἁγροικοτάτοις
1283 3687 1373 3738 καὶ
1407 3685 1712 3740 εὐτελεστά-

134 3794 235 3842 τοις
258 3780 508 3851 ήγήσατο
543 3776 776 3849 χρῆσθαι
807 3777 905 3848 τῆς
928 3777 1133 3841 οἰκείας
1166 3776 1358 3848 βουλῆς
1387 3779 1705 3849 ὑπηρέταις.

136 3866 281 3931 εἰκός
314 3886 437 3921 τινα
468 3865 908 3939 παραλογώτατα
933 3864 1103 3919 ταῦτα
1145 3866 1305 3919 αὑτὸν
1351 3867 1707 3939 πεποιηκέναι

135 3959 351 4029 νομίσαι.
396 3960 529 4023 Πῶς
558 3958 668 4029 γὰρ
707 3959 756 4010 οἱ
791 3957 921 4026 μηδέ
954 3957 1135 4029 διᾶραι
1178 3957 1463 4028 δυνάμενοι
1512 3958 1704 4028 στόμα,

137 4048 227 4102 κᾶν
247 4052 360 4116 ἑνός
381 4069 536 4115 τινος
561 4049 868 4103 διδάσκαλοι
894 4051 1251 4118 κατέστησαν,
1271 4048 1390 4118 ούχί
1411 4066 1474 4118 γε
1498 4049 1707 4120 ἀνδρῶν

136 4142 405 4212 συλλόγους
439 4141 568 4206 πῶς
613 4141 657 4194 δ’
698 4140 762 4194 ἂν
794 4140 989 4211 πλήθει
1035 4138 1404 4210 διειλέχθησαν
1444 4141 1492 4193 οἱ
1525 4140 1706 4212 πάσης

130 4232 273 4298 ἐκτὸς
313 4236 607 4304 γεγονότες
656 4231 936 4296 παιδείας;
980 4230 1137 4284 Ἀλλὰ
1191 4230 1332 4284 τοῦτ’
1380 4226 1448 4302 ἦν
1495 4232 1601 4303 ἄρα
1644 4233 1705 4285 τὸ

127 4327 215 4396 τῆς
254 4328 438 4381 ἐνθέου
502 4327 722 4398 βουλῆς,
762 4326 855 4379 καὶ
903 4325 1002 4396 τῆς
1047 4324 1374 4396 ἐνεργούσης
1423 4326 1481 4377 ἐν
1522 4326 1705 4388 αὐτοῖς

127 4416 264 4482 θείας
307 4419 600 4490 δυνάμεως
662 4416 1088 4488 παραστατικὸν.
1152 4414 1511 4479 Ἀνακαλέσας
1570 4414 1702 4484 γοῦν

1057 339 1713 398 DEMONSTRATIONIS
1749 339 2225 414 EVANGELICE‘
2251 341 2379 397 LIB.
2422 342 2513 400 Ill.

1765 462 1810 520 Α
1843 456 2207 535 ζιηηιονιαίεηι
2243 460 2475 513 animam
2502 471 2621 535 post
2657 478 2867 535 cassum
2915 462 3149 535 incedere
3172 448 3403 535 corpus,

3297 351 3404 407 258

1841 527 2073 599 ᾼΙοδσενε
2102 529 2415 583 honoratam
2446 527 2697 599 sapientis
2721 535 2851 597 luce,
2877 533 2967 586 sed
2992 534 3143 587 illam

1839 595 2070 668 Insignis
2096 600 2286 666 pietate
2314 601 2416 654 viri
2453 595 2677 656 mentem
2702 618 2814 656 esse
2840 595 3109 658 decoram.
3137 623 3155 655 ι

1839 709 2059 767 Summe
2097 727 2229 783 ergo
2279 713 2592 785 religiosum
2622 714 2771 770 illum
2803 716 2962 781 dixit.
2986 725 3041 772 et
3069 718 3308 774 animam
3340 720 3406 775 il-

1834 804 1942 859 lius
1987 805 2149 860 sicuti
2199 805 2452 871 aliorum,
2486 815 2610 878 post
2641 816 2870 864 mortem
2914 810 3276 868 immortalem
3310 812 3394 868 fa-

1834 905 2002 961 ctam,
2058 912 2286 968 eamque
2355 900 2559 966 colere,
2623 901 2939 971 ignorantes
3013 903 3403 973 Christianos;

1833 988 2028 1044 deinde
2048 989 2515 1061 interrogantibus
2548 1007 2647 1047 cur
2677 993 2948 1065 supplicio
2975 994 3202 1052 all‘eetus
3231 1005 3400 1063 esset,

1831 1079 2116 1151 respondit
2146 1100 2160 1133 :

1832 1193 1965 1264 Esse
1983 1193 2193 1263 quidem
2223 1210 2423 1264 semper
2451 1195 2657 1251 modico
2685 1198 3006 1253 cruciamina
3040 1208 3238 1254 tortum

1831 1263 2056 1335 Corpus,
2085 1275 2141 1319 at
2178 1263 2413 1321 (et/terei:
2443 1277 2665 1320 mentem
2692 1269 2976 1323 clarescere
3004 1273 3226 1340 campis.

1829 1373 1897 1429 Et
1923 1383 2048 1445 post
2071 1377 2355 1431 oraculum
2409 1376 2658 1447 adj'ungit
2688 1378 2946 1449 deinceps
2984 1399 2997 1435 :
3034 1399 3054 1433 ι
3082 1381 3203 1452 Ipse
3236 1382 3402 1456 igitur

1827 1466 1973 1538 pius,
1996 1475 2049 1522 et
2076 1467 2133 1522 in
2166 1469 2387 1535 coelum,
2422 1475 2481 1523 ut
2512 1469 2587 1540 pii
2622 1470 2819 1535 solent,
2846 1473 3163 1529 subvectus.
3214 1473 3399 1542 Quare

1838 1562 1985 1618 hunc
2032 1563 2252 1634 quidem
2295 1579 2406 1619 non
2438 1565 2835 1633 exsecraberis,
2885 1568 3233 1624 miseraberis
3266 1585 3397 1625 vero

1826 1653 2107 1708 hominum
2130 1653 2528 1723 ignorantiam?
2564 1673 2585 1706 ιι
2616 1652 2748 1710 Haec
2777 1655 2943 1710 etiam
2977 1673 3125 1713 nunc
3152 1657 3397 1732 Porphy-

1834 1745 1976 1800 rius.
2014 1743 2211 1811 Quaaso
2252 1745 2436 1816 igitur,
2465 1747 2715 1817 nunquid
2742 1747 3009 1819 impostor
3033 1751 3161 1805 ille?
3204 1760 3259 1805 at
3287 1753 3398 1808 sal-

1825 1846 1933 1892 tem
1965 1844 2187 1892 tuorum
2230 1838 2530 1893 amicorum
2566 1840 2732 1895 verba
2782 1841 2880 1896 tibi
2931 1842 3285 1911 blandientis,
3341 1853 3396 1901 te

1823 1925 2065 1982 ﬂectant.
2096 1926 2277 1984 Habes
2308 1928 2474 2000 igitur
2513 1939 2763 1985 nostrum
2812 1929 3149 1989 Salvatorem
3181 1933 3391 2002 Jesum,

1823 2020 1916 2090 qui
1964 2018 2220 2075 Christus
2266 2030 2350 2077 est
2395 2020 2514 2087 Dei,
2561 2024 2726 2078 etiam
2781 2024 3024 2080 virorum
3051 2012 3396 2085 ‘testimonio

1823 2112 2261 2181 comprobatum,
2291 2121 2349 2167 ut
2378 2130 2489 2168 non
2534 2115 3010 2186 praestigiatorem,
3065 2130 3160 2174 aut
3189 2121 3394 2177 veneﬁ-

1822 2218 1966 2267 cum,
2013 2205 2106 2259 sed
2161 2212 2220 2257 ut
2259 2205 2430 2275 pium,
2479 2214 2534 2260 et
2573 2207 2961 2276 justissimum,
2993 2217 3046 2266 et
3073 2211 3394 2283 sapientem,

1821 2294 2147 2365 orbiumque
2194 2297 2502 2351 emlestium
2563 2299 2820 2355 incolam.
2877 2301 2984 2368 Qui
3044 2303 3213 2374 igitur
3268 2305 3396 2362 talis

1823 2382 1947 2448 fuit,
1979 2400 2212 2454 quanam
2247 2387 2353 2441 alia
2399 2389 2613 2446 ratione
2665 2391 3066 2448 admirabilium
3118 2392 3391 2452 factorum

1822 2484 2013 2531 auctor
2045 2492 2167 2533 esse
2194 2480 2391 2548 potuit,
2427 2480 2535 2536 nisi
2567 2481 2768 2539 virtute
2792 2484 3018 2541 divina?
3046 2502 3207 2557 quam
3228 2489 3392 2545 etiam

1822 2584 1980 2625 saera
2005 2573 2227 2627 oracula
2253 2574 2585 2631 testimoniis
2602 2576 2718 2631 suis
2741 2576 2817 2630 illi
2836 2577 3108 2644 tribuunt,
3132 2594 3252 2649 qua:
3280 2582 3398 2651 qui-

1820 2659 1944 2717 dem
1966 2660 2062 2717 Dei
2081 2664 2304 2719 verbum
2321 2663 2524 2735 Deique
2535 2666 2790 2722 virtutem
2808 2684 3140 2739 supremam,
3158 2673 3214 2726 in
3227 2672 3398 2728 homi-

1818 2751 1907 2807 nis
1929 2751 2102 2808 forma
2118 2763 2280 2825 atque
2302 2755 2511 2824 habitu,
2537 2773 2601 2812 ac
2623 2759 2808 2829 potius
2827 2761 2883 2814 in
2901 2761 3019 2831 ipsa
3037 2776 3226 2829 carne,
3244 2763 3395 2836 ipso-

1820 2857 1925 2911 que
1935 2857 2163 2914 corpore
2176 2844 2468 2909 habitasse,
2495 2860 2822 2919 omnemque
2838 2848 3131 2904 humanam
3164 2850 3397 2922 disposi-

1822 2934 2044 3001 tionem,
2077 2938 2644 3011 gubernationemque
2664 2940 2989 3006 absolvisse,
3009 2942 3395 3002 testificantut.

1824 3025 1980 3096 135
2006 3025 2084 3082 Tu
2118 3044 2336 3100 quoque
2366 3030 2526 3087 facile
2561 3032 2746 3088 discas
2772 3032 3116 3089 divinitatem
3160 3035 3387 3091 virtutis

1819 3132 1940 3186 quae
1983 3116 2051 3173 de
2086 3117 2180 3173 illo
2210 3116 2404 3185 fertur,
2439 3121 2487 3177 si
2518 3122 2726 3192 cogites
2766 3138 2889 3192 -qua
2934 3122 3028 3178 ille
3079 3131 3300 3191 natura,
3334 3132 3392 3181 et

1818 3208 2125 3279 cujusmodi
2154 3214 2417 3281 praeditus
2439 3253 2454 3279 ,
2484 3215 2635 3270 viros
2685 3215 2954 3286 ignobiles
2986 3215 3053 3271 de
3092 3217 3391 3286 piscatorio

1816 3306 1981 3368 atque
2007 3300 2199 3355 humili
2227 3303 2371 3356 victu
2420 3304 2717 3374 acceperit,
2778 3303 2994 3376 sibique
3052 3306 3388 3377 adjunxerit.

1816 3385 2018 3442 Deinde
2050 3389 2118 3444 iis
2154 3406 2288 3446 usus
2328 3392 2400 3447 sit
2427 3392 2771 3450 administris
2800 3394 2866 3449 ad
2904 3395 3037 3450 illud
3088 3397 3386 3467 inemptum

1813 3479 2223 3549 perliciendum,
2255 3484 2400 3553 quod
2428 3499 2645 3540 omnem
2677 3484 2899 3556 ell'ugiat
2929 3486 3219 3541 rationem.
3249 3486 3385 3542 Cum

1813 3573 1956 3627 enim
2019 3576 2313 3647 cogitasset
2379 3578 2434 3631 id
2461 3578 2608 3649 quod
2658 3579 2843 3634 nullus
2887 3595 3126 3650 unquam
3175 3579 3386 3651 cogita-

1812 3667 1888 3720 vit
1919 3686 1930 3721 :
1966 3668 2217 3739 proprias
2246 3669 2391 3739 leges
2414 3685 2721 3742 novamque
2746 3670 3053 3726 doctrinam
3106 3670 3163 3726 in
3193 3687 3383 3728 omnes

1811 3759 2170 3817 disseminare
2215 3764 2489 3830 nationes,
2551 3779 2823 3835 omneque
2878 3764 3160 3820 hominum
3208 3780 3383 3836 genus

1808 3866 1929 3906 eam
1958 3850 2155 3906 docere
2202 3852 2482 3921 pietatem,
2512 3869 2633 3924 quae
2662 3869 2831 3908 unum
2855 3869 3174 3925 supremum
3205 3854 3377 3910 Deum

1808 3958 2178 4013 veneraretur,
2206 3947 2339 4017 huju
2363 3963 2485 4019 que
2532 3949 2613 4005 rei
2655 3963 2716 4004 se
2749 3949 3076 4019 magistrum
3100 3948 3378 4014 exhibere,

1808 4041 2048 4095 omnium
2078 4041 2315 4096 maxime
2337 4043 2645 4113 agrestibus
2676 4045 3024 4113 maximeque
3048 4041 3380 4114 ignobilibus

1806 4132 2017 4203 putavit
2044 4132 2145 4188 sibi
2168 4134 2427 4188 utendum
2441 4149 2562 4190 esse
2583 4134 2812 4204 hujusce
2839 4134 3053 4192 consilii
3078 4132 3378 4189 ministris:

1806 4232 1995 4295 utpote
2022 4241 2146 4279 cum
2199 4225 2496 4281 verisimile
2524 4227 2595 4281 sit
2628 4227 2779 4281 illum
2833 4227 3150 4290 censuisse,
3183 4231 3381 4295 praeter

1805 4330 2020 4370 omnem
2071 4315 2338 4368 rationem
2371 4314 2486 4369 haec
2520 4331 2578 4370 se
2626 4314 2917 4369 faeturum.
2945 4311 3066 4379 Quo
3106 4313 3250 4368 enim
3281 4326 3381 4382 po-

1804 4416 1913 4471 eto.
1950 4407 2042 4477 qui
2070 4423 2140 4461 ne
2176 4405 2436 4461 diducere
2468 4406 2686 4476 quidem
2739 4421 2804 4462 os
2833 4404 3015 4460 idonei
3046 4410 3225 4469 erant,
3269 4404 3380 4459 sal-

124 4510 326 4575 αὐτοὺς,
374 4511 444 4564 τὰ
492 4510 599 4581 μὲν
636 4508 828 4580 πρῶτά
879 4523 1045 4579 φησι·
1087 4526 1105 4556 ι
1142 4504 1326 4571 Δεῦτε,
1365 4506 1704 4560 ἀκολουθεῖτέ

1814 4506 1918 4552 tem
1943 4498 2108 4551 unius
2129 4497 2437 4566 cujuspiam
2478 4495 2716 4550 hominis
2747 4501 3114 4566 praeceptores
3143 4494 3258 4550 ﬁeri
3279 4493 3402 4565 po;

124 4620 224 4671 μοι,
262 4604 355 4657 καὶ
399 4605 624 4674 ποιήσω
668 4602 811 4672 ὑμᾶς
853 4600 1025 4663 ἁλιεῖς
1067 4596 1388 4669 ἀνθρώπων.
1428 4617 1445 4648 ι
1483 4598 1697 4671 Ἐπειδὴ

121 4692 171 4745 δὲ
206 4692 385 4747 λοιπὸν
424 4692 633 4754 αὐτοὺς
676 4689 1002 4752 ἀκολούθους
1053 4688 1347 4759 ἐκτήσατο,
1389 4685 1699 4756 ἐμπνεύσας

119 4786 289 4850 αὐτοῖς
329 4787 623 4850 δυνάμεως
662 4784 828 4848 θείας,
879 4782 1071 4853 μένους
1108 4799 1169 4834 τε
1203 4780 1296 4834 καὶ
1336 4780 1570 4850 θάρσους
1600 4779 1700 4849 ἐμ-

122 4878 341 4947 πλήσας,
372 4879 472 4932 καὶ
506 4877 577 4948 δὴ
607 4876 698 4930 οἰά
719 4893 798 4939 τις
828 4875 1043 4945 ἀληθῶς
1067 4874 1201 4928 Θεοῦ
1220 4873 1378 4942 λόγος
1410 4872 1503 4926 καὶ
1535 4871 1698 4935 αὐτὸς

117 4969 257 5035 Θεὸς,
286 4969 631 5040 τηλικούτων
663 4966 952 5038 θαυμάτων
972 4968 1225 5038 ποιητὴς,
1266 4964 1466 5035 νοερῶν
1496 4964 1696 5026 αὐτοὺς

115 5063 201 5116 καὶ
228 5062 463 5132 λογικῶν
487 5059 681 5131 ψυχῶν
706 5057 972 5131 θηρευτὰς
1007 5061 1259 5128 ποιήσας,
1287 5056 1449 5128 ἔργον
1479 5072 1539 5108 τε
1577 5056 1697 5109 ἐπι-

115 5152 217 5216 θεὶς
238 5157 302 5224 τῇ
323 5156 505 5224 φωνῇ,
528 5155 619 5222 τῇ,
641 5170 659 5202 ι
681 5150 865 5214 Δεῦτε,
889 5148 1229 5204 ἀκολουθεῖτέ
1247 5165 1355 5219 μοι,
1374 5147 1470 5200 καὶ
1486 5148 1696 5218 ποιήσω

116 5244 248 5316 ὑμᾶς
279 5247 453 5311 ἁλιεῖς
485 5244 815 5316 ἀνθρώπων,
865 5263 883 5295 ι
915 5241 1156 5313 φησάσῃ,
1194 5240 1327 5310 ὁμοῦ
1361 5257 1419 5293 τε
1458 5238 1696 5310 ἐργάτας

116 5340 199 5391 καὶ
244 5339 614 5400 διδασκάλους
657 5338 852 5400 αὐτοὺς
908 5333 1190 5396 εὐσεϐείας
1233 5331 1692 5402 ἀπειργασμένος,

113 5429 205 5501 ἢδη
248 5433 342 5485 καὶ
380 5433 465 5495 εἰς
520 5429 700 5483 πάντα
744 5427 813 5481 τὰ
862 5426 986 5499 ἔθνη
1037 5410 1392 5496 διεπέμπετο,
1446 5425 1694 5495 κήρυκας

114 5513 384 5584 ἀναδείξας
409 5520 517 5590 τῆς
548 5516 714 5571 αὑτοῦ
745 5515 1114 5578 διδασκαλίας.
1149 5514 1258 5567 Καὶ
1284 5514 1368 5577 τίς
1395 5514 1493 5566 οὐκ
1518 5511 1581 5566 ἂν
1607 5511 1695 5576 ἐξ·

113 5609 333 5681 επλάγη,
357 5609 456 5664 καὶ
488 5607 798 5678 ἠπίστησεν
825 5608 889 5663 ἂν
924 5607 1147 5668 εἰκότως
1179 5602 1257 5674 τῷ
1289 5602 1571 5674 παραδόξῳ
1597 5602 1691 5655 τοῦ

114 5700 395 5774 θαύματος,
417 5704 513 5756 ὅτε
548 5700 736 5771 μηδεὶς
768 5700 866 5773 μὲν
899 5698 1004 5753 τῶν
1038 5695 1263 5776 πώποτε⁸
1302 5697 1358 5749 ἐν
1387 5693 1693 5778 ἀνθριέποις

184 5836 444 5895 ".Matth.
491 5852 573 5901 ιν,
601 5833 683 5889 18.

1801 4598 2045 4655 tuerunt,
2070 4591 2270 4645 nedum
2296 4589 2540 4643 virorum
2559 4595 2863 4644 conventus
2901 4587 2925 4640 ?
2969 4587 3245 4658 quomodo
3273 4601 3374 4641 au—

1799 4693 1907 4737 tem
1961 4681 2364 4735 multitudinem
2426 4678 2631 4749 alloqui
2684 4677 3121 4753 autinstruere,
3158 4678 3251 4748 qui
3303 4677 3376 4734 ab

1799 4771 1946 4826 omni
1973 4771 2281 4827 eruditione
2301 4770 2670 4826 abhorrebant
2702 4768 2727 4823 ?
2752 4767 2823 4821 At
2856 4768 2959 4822 hoc
2986 4766 3206 4836 quidem
3248 4764 3375 4832 fuit,

1800 4862 1948 4932 quod
1973 4871 2027 4918 et
2058 4863 2303 4917 divinum
2334 4862 2650 4923 consilium,
2686 4865 2740 4914 et
2769 4859 2879 4914 vim
2901 4858 3143 4913 divinam
3174 4871 3297 4929 qua:
3317 4857 3373 4910 in

1799 4956 1928 5019 illis,
1960 4960 2014 5010 et
2039 4969 2162 5009 cum
2182 4953 2290 5009 illis
2307 4953 2483 5023 ipsum
2508 4967 2646 5023 opus
2672 4950 2878 5011 obibat,
2896 4948 3218 5004 declararet.
3234 4948 3378 5019 Ergo

1798 5062 1922 5102 cum
1946 5046 2071 5102 illos
2101 5052 2372 5114 vocasset,
2410 5055 2526 5099 tum
2583 5044 2820 5115 primum
2854 5043 2996 5098 dixit
3025 5059 3041 5097 :
3104 5062 3122 5095 ι
3157 5040 3373 5106 Venite,

1799 5138 2092 5209 sequimini
2111 5153 2198 5192 me
2215 5145 2296 5193 :et
2313 5136 2510 5192 faciam
2527 5151 2625 5192 vos
2644 5135 2951 5207 piscatores
2968 5134 3251 5189 hominum
3265 5133 3332 5187 δ’.
3348 5153 3369 5186 ι

1797 5231 1934 5285 Cum
1968 5244 2097 5285 vero
2121 5229 2235 5298 jam
2266 5229 2391 5283 illos
2424 5232 2725 5283 sectatores
2767 5236 2915 5282 esset
2947 5226 3198 5296 adeptus,
3230 5224 3372 5279 :livi—

1797 5335 1977 5390 naque
2003 5334 2102 5374 sua
2129 5319 2176 5372 vi
2204 5319 2460 5381 alllasset,
2509 5318 2814 5387 roboreque
2854 5327 3020 5388 atque
3050 5315 3220 5370 animi
3244 5329 3376 5369 con-

1798 5413 2019 5468 ﬁdentia
2052 5413 2400 5484 complesset,
2416 5412 2639 5482 jamque
2664 5410 2828 5465 veluti
2849 5408 3121 5480 quoddam
3137 5422 3262 5463 vere
3280 5405 3373 5461 Dei

1796 5507 2046 5568 verbum,
2102 5506 2329 5574 ipseque
2358 5503 2503 5560 Deus
2535 5510 2813 5558 tantorum
2863 5513 3053 5559 auctor
3079 5503 3375 5558 miraculo-

1795 5614 1941 5663 rum,
1990 5596 2412 5667 intelligentium
2448 5596 2913 5667 rationaliumque
2953 5596 3258 5649 animarum
3288 5611 3367 5648 ve-

1795 5698 2017 5747 natores
2047 5689 2172 5746 illos
2188 5687 2568 5746 constituisset
2597 5701 2858 5758 :remque
2891 5687 3070 5757 ipsam
3104 5692 3268 5756 atque
3299 5682 3372 5739 ef-
