3828 6216
353 331 459 389 259

988 320 1256 378 EUSEBII
1294 312 1774 373 CAESARIENSIS
1808 309 1962 366 OPP.
2002 305 2204 363 PARS.
2250 302 2317 361 ll.
2357 334 2429 347 —
2465 300 2969 360 APOLOGETICA.

3506 296 3612 354 2W

354 452 598 509 ticaciam
616 447 957 519 adjunsisset
982 445 1102 498 voci
1128 442 1226 506 illi,
1257 454 1366 511 qua
1387 437 1599 494 dixerat
1625 454 1638 492 :
1671 453 1689 486 ι
1719 432 1931 497 Venite,

2047 424 2341 497 γενομένων
2384 421 2679 492 διαφανῶν,
2718 420 2794 494 μὴ
2840 417 3113 491 βασιλεὺς,
3172 417 3245 490 μὴ
3294 413 3615 488 νομοθέτης.

355 541 647 615 sequimini
678 555 786 603 me,
818 546 880 592 et.-
899 536 1093 590 faciam
1126 548 1223 588 vos
1253 533 1557 602 piscatores
1586 525 1924 585 hominum,»

354 636 628 704 simulque
653 639 706 686 ct
735 630 1017 700 operarios
1041 636 1095 682 et
1126 625 1423 696 magistros
1453 619 1673 692 pietatis
1696 618 1820 671 illos
1854 615 1933 670 fe-

355 732 544 792 cisset,
583 731 696 778 tum
723 724 776 775 in
804 737 998 776 omnes
1031 726 1219 790 gentes
1279 714 1519 775 dimisit,
1549 725 1770 781 suaeque
1817 709 1921 763 do-

367 819 558 874 ctrinae
574 830 852 888 praecones
882 812 1201 869 declaravit.
1220 809 1355 876 Quis
1382 814 1563 862 autem
1595 820 1707 858 non
1737 801 1933 856 obstu-

360 917 568 980 pescat,
622 909 747 978 quis
779 922 889 961 non
942 901 1265 980 incredibile
1312 898 1511 953 merito
1556 894 1834 955 existimet
1877 888 1934 943 id

356 1000 505 1071 quod
558 1013 775 1053 omnem
818 996 980 1051 ﬁdem
1039 973 1260 1062 superat
1310 985 1690 1043 miraculum?
1741 981 1935 1036 Nullus

356 1103 505 1148 certe
533 1104 742 1151 eorum,
786 1090 880 1158 qui
927 1097 1165 1154 unquam
1218 1080 1454 1148 alicujus
1493 1074 1762 1131 claritatis
1795 1072 1937 1125 inter

359 1187 610 1244 homines
643 1182 888 1244 fuerunt,
908 1194 1017 1235 non
1043 1192 1161 1242 rex,
1192 1189 1303 1228 non
1326 1173 1504 1241 legum
1536 1171 1936 1233 inventor,non

356 1279 735 1352 philosophus,
761 1290 869 1330 non
900 1272 1144 1333 Graecus,
1166 1283 1275 1322 non
1300 1266 1594 1329 barbarus,
1623 1257 1937 1331 hujusmodi

359 1372 657 1445 quidquam
687 1367 961 1439 cogitasse
994 1369 1274 1426 narratur,
1313 1374 1377 1414 ac
1405 1372 1473 1413 ne
1496 1352 1938 1423 somniassequi-

358 1471 483 1526 dem
504 1468 708 1539 aliquid
723 1464 868 1536 quod
880 1462 949 1517 ad
968 1463 1071 1516 hoc
1087 1459 1336 1530 proxime
1356 1454 1600 1509 accedat.
1629 1450 1776 1507 Satis
1791 1448 1936 1505 enim

361 1576 637 1634 superque
664 1556 1043 1626 unusquisque
1069 1551 1260 1606 talium
1291 1562 1510 1631 semper
1540 1545 1751 1609 habuit,
1778 1542 1940 1597 dum-

360 1656 524 1709 modo
554 1654 611 1707 in
639 1667 737 1706 sua
765 1649 986 1720 regione
1025 1643 1335 1699 institutum
1368 1621 1527 1695 suum
1568 1635 1939 1707 propositum-

361 1763 470 1818 que
490 1744 789 1814 complcret
831 1759 847 1809 ;
878 1747 933 1795 et
962 1753 1085 1809 quae
1111 1737 1268 1790 bona:
1302 1733 1574 1800 utilesque
1604 1730 1735 1783 visae
1757 1735 1941 1781 essent

2041 518 2116 590 μὴ
2147 517 2453 587 φιλόσοφος,
2486 514 2560 586 μὴ
2589 513 2809 585 Ἕλλην,
2845 512 2919 585 μὴ
2955 511 3249 584 βάρϐαρος,
3295 507 3537 563 τοιοῦτόν
3568 525 3619 561 τι

2037 610 2334 682 διανοηθεὶς
2371 610 2686 681 ἱστορεῖται,
2728 606 2842 659 ἀλλ’
2880 605 2988 659 οὐδ’
3013 606 3093 667 εἰς
3124 602 3422 673 φαντασίαν
3455 598 3623 655 ἐλθὼν

2038 703 2133 757 τοῦ
2168 702 2586 774 παραπλησίου;
2618 699 2897 769 ἀγαπητὸν
2926 697 3035 768 γάρ
3078 697 3292 766 ἑκάστῳ
3317 690 3407 765 ἦν,
3448 695 3496 746 εἰ
3531 692 3623 746 καὶ

2040 797 2133 849 ἐπὶ
2164 796 2330 866 μόνης
2348 794 2453 862 τῆς
2469 793 2673 856 οἰκείας
2699 792 2800 863 γῆς
2826 790 2888 845 τὸ
2919 792 3118 844 οἰκεῖον
3152 786 3481 855 ἐπάγγελμα
3512 801 3627 838 συν-

2041 888 2323 958 εστήσατο,
2365 886 2460 940 καὶ
2504 886 2630 946 τοὺς
2673 881 2854 945 καλῶς
2898 881 3042 952 ἔχειν
3090 877 3357 950 φανέντας
3404 875 3624 946 νόμους,

2042 956 2266 1048 κᾶντὲφ’
2296 978 2414 1042 ἐνὸς
2448 977 2538 1031 τοῦ
2568 976 2766 1029 οἰκείου
2795 972 2981 1036 Εθνους
3004 970 3273 1043 κρατῦναι
3299 964 3411 1033 οἷός
3438 985 3497 1020 τε
3525 956 3621 1037 ἦν’·

2042 1073 2069 1124 ό
2101 1071 2156 1124 δὲ
2205 1069 2369 1142 μηδὲν
2422 1068 2614 1139 θνητὸν
2658 1068 2751 1121 καὶ
2807 1063 3149 1136 ἀνθρώπινον
3188 1059 3494 1131 διανοηθεὶς
3526 1060 3629 1130 ὅρα

2042 1164 2091 1215 εί
2129 1161 2204 1232 μὴ
2236 1161 2312 1225 ὡς
2336 1159 2551 1231 ἀληθῶς
2581 1156 2715 1211 Θεοῦ
2741 1157 2899 1212 πάλιν
2926 1158 3203 1228 προήκατο
3229 1152 3435 1224 φωνὴν,
3469 1152 3628 1232 adto-

2042 1230 2201 1320 λεξ-εἱ-
2219 1253 2398 1323 φήσας
2423 1230 2536 1314 τοῖς
2563 1248 2966 1323 εὐτελεστάτοις
3002 1247 3231 1310 ἐκείνοις
3258 1242 3422 1297 αὑτοῦ
3456 1230 3632 1315 μαθη-

2042 1348 2194 1411 ταῖς·
2236 1364 2254 1397 ι
2294 1342 2656 1417 Πορευθέντες
2693 1339 3067 1412 μαθητεύσατε
3110 1337 3287 1391 πάντα
3316 1334 3383 1388 τὰ
3416 1333 3565 1403 ἔθνη.
3607 1351 3625 1382 ι

2043 1436 2153 1490 Καὶ
2190 1435 2329 1500 πῶς,
2364 1430 2516 1487 εἶπον
2546 1433 2611 1487 ἂν
2641 1435 2688 1485 oi
2719 1430 2960 1504 μαθηταὶ
2979 1429 3056 1501 τῷ
3078 1426 3392 1496 Διδασκάλῳ
3415 1424 3632 1484 πάντως

2046 1547 2149 1583 που
2185 1527 2636 1599 ἀποκρινάμενοι,
2673 1523 2820 1577 τοῦθ’
2858 1516 2988 1594 ημῖν
3041 1521 3195 1575 ἔσται
3227 1517 3478 1582 δυνατόν;
3508 1514 3634 1579 Πῶς

2044 1620 2154 1691 γὰρ
2195 1618 2506 1689 Ῥωμαίοις,
2534 1617 2688 1688 φέρε,
2721 1614 3060 1688 κηρύξομεν;
3089 1612 3204 1676 πῶς
3226 1611 3283 1665 δὲ
3313 1608 3635 1678 Αἰγυπτίοις

2044 1709 2541 1782 διαλεχθησόμεθα;
2574 1709 2703 1781 ποίᾳ
2736 1707 2792 1761 δὲ
2827 1704 3142 1780 χρησόμεθα
3178 1704 3319 1769 λέξει
3354 1703 3490 1775 πρὸς
3518 1700 3637 1755 ’Ἐλ-

379 1798 466 1818 ιπ-
619 1798 639 1814 .
686 1798 691 1799 κ
833 1798 846 1809 ,
980 1798 995 1809 .
1484 1798 1501 1800 _

279 1829 303 1841 ’
362 1843 531 1912 leges,
555 1854 650 1895 eas
672 1838 728 1892 in
758 1850 866 1891 una
900 1834 1093 1890 saltem
1142 1845 1241 1884 sua
1274 1827 1449 1898 ipsius
1501 1831 1680 1894 gente,
1728 1828 1946 1876 sancire

2047 1806 2231 1877 ληνας,
2269 1805 2459 1875 ἄνδρες
2504 1807 2569 1875 τῇ
2621 1805 2809 1875 Σύρων
2851 1799 3208 1873 ἐντραφέντες
3256 1798 3393 1871 μόνῃ
3440 1798 3637 1867 φωνῇ;

364 1952 429 1991 ac
459 1935 602 1989 tueri
638 1937 844 2002 posset.
896 1927 966 1981 At
992 1926 1084 1981 hic
1113 1929 1300 1978 noster
1335 1961 1350 1985 ,
1402 1918 1539 1973 nihil
1586 1915 1817 1970 mortale
1850 1920 1944 1967 ant

364 2029 669 2083 humanum
703 2023 946 2085 molitus,
1008 2018 1166 2089 136
1212 2014 1523 2079 considera,
1553 2024 1764 2081 quaeso,
1814 2021 1943 2061 num

366 2133 564 2174 rursus
586 2124 846 2185 tanquam
878 2125 1001 2166 vere
1035 2110 1180 2164 Deus
1210 2120 1397 2162 vocem
1424 2101 1693 2163 emiserit,
1718 2099 1809 2154 ubi
1828 2097 1944 2152 suis

367 2213 479 2269 illis
513 2212 649 2265 adeo
694 2205 1031 2278 ignobilibus
1065 2200 1134 2257 ad
1165 2201 1389 2256 verbum
1426 2195 1565 2250 dixit
1611 2193 1941 2263 discipulis:

373 2327 393 2361 ι
425 2305 651 2369 Euntes,
696 2304 887 2356 docete
919 2313 1110 2353 omnes
1142 2304 1334 2368 gentes
1364 2292 1435 2347 ⁸³.
1474 2313 1492 2345 ι
1529 2290 1724 2357 Quid?
1766 2288 1815 2344 si
1856 2286 1945 2341 di-

370 2399 591 2471 scipuli,
614 2407 672 2451 ut
704 2395 784 2458 ﬁt,
814 2407 916 2449 suo
931 2389 1262 2461 Praeceptori
1294 2386 1736 2458 respondissent,
1771 2396 1834 2436 ac
1859 2381 1945 2436 di-

368 2496 579 2551 xissent
608 2509 621 2546 :
662 2486 782 2556 Quo
813 2485 1031 2541 tandem
1054 2482 1218 2539 modo
1268 2480 1415 2537 istud
1443 2494 1474 2533 a
1509 2479 1669 2533 nobis
1704 2475 1818 2531 ﬁeri
1851 2489 1948 2544 po—

370 2589 497 2643 terit
522 2586 546 2640 ‘3
573 2582 860 2652 Quomodo
888 2580 1188 2643 Romanos,
1242 2575 1472 2645 exempli
1502 2573 1699 2643 gratia,
1732 2570 1949 2641 publice

370 2673 1014 2746 docebimus?quomodo
1038 2679 1218 2724 autem
1253 2668 1539 2740 IEgyptios
1569 2659 1950 2733 alloquemur?

371 2789 480 2846 qua
511 2786 640 2828 vero
694 2772 878 2841 lingua
905 2809 920 2833 ,
962 2766 1210 2821 homines
1240 2778 1404 2818 unam
1447 2760 1729 2832 Syriacam
1759 2769 1947 2811 vocem

373 2867 563 2923 audire
595 2863 767 2929 soliti,
791 2861 934 2933 apud
965 2858 1185 2915 Graecos
1208 2855 1471 2912 utemur?
1500 2868 1609 2924 qua
1648 2850 1789 2923 apud
1817 2847 1951 2902 Per-

373 2974 486 3024 sas,
514 2956 825 3020 Armenios,
857 2953 1166 3016 Chaldaeos,
1204 2948 1457 3020 Scythas,
1484 2944 1666 3006 Indos,
1705 2956 1769 2995 ac
1791 2938 1952 2994 deni-

373 3066 481 3123 que
538 3064 731 3106 omnes
806 3058 1166 3118 quascunque
1224 3039 1565 3094 oﬁendemus
1633 3032 1953 3089 barbaricas

375 3154 565 3219 gentes
589 3144 613 3196 ?
640 3140 928 3209 Quomodo
950 3138 1059 3193 illis
1081 3133 1537 3207 persuadebimus
1562 3139 1622 3185 ut
1654 3128 1788 3185 deos
1827 3126 1953 3197 qui-

376 3243 499 3298 dem
555 3237 766 3309 patrios
802 3236 1085 3297 deserant,
1144 3245 1312 3287 unum
1343 3243 1471 3283 vero
1525 3224 1769 3280 omnium
1804 3236 1955 3293 quaa—

379 3348 602 3406 cunque
631 3336 762 3387 sunt
783 3327 1033 3399 opiﬁcem
1064 3324 1233 3380 Deum
1255 3324 1440 3378 colant
1474 3320 1500 3374 ?
1529 3333 1637 3389 qua
1674 3330 1839 3388 porro
1872 3314 1959 3370 di-

379 3405 537 3483 cendi
571 3423 625 3479 vi
658 3420 804 3485 freti,
829 3426 1045 3473 tantum
1094 3415 1312 3471 facinus
1362 3408 1788 3484 aggrediemur?
1827 3405 1961 3474 Quae

381 3527 563 3574 autem
596 3512 912 3587 perﬁciendi
943 3526 1070 3582 spes
1116 3508 1291 3564 aderit
1321 3505 1637 3561 hominibus
1686 3503 1780 3573 qui
1813 3500 1962 3570 leges

382 3612 548 3684 ﬁgere
574 3607 833 3671 audeant,
869 3605 1185 3659 contrarias
1211 3601 1425 3673 legibus
1454 3610 1816 3670 quascunque
1841 3609 1962 3650 om-

382 3718 483 3758 nes
514 3708 706 3773 gentes
754 3699 822 3755 de
849 3697 1043 3770 patriis
1089 3695 1197 3751 diis
1251 3709 1280 3747 a
1314 3692 1537 3747 condito
1567 3704 1682 3744 aevo
1709 3702 1965 3742 servave-

383 3793 542 3848 rint?
563 3792 773 3857 Quibus
798 3790 1013 3844 tandem
1040 3786 1239 3859 copiis,
1277 3797 1372 3840 aut
1401 3800 1508 3855 qua
1535 3783 1589 3838 vi
1617 3781 1773 3836 nobis
1802 3780 1965 3833 liceat

386 3885 476 3941 isti
502 3884 746 3939 audaciae
773 3882 1107 3954 superesse?
1154 3879 1280 3934 ﬂare
1316 3895 1385 3933 ne
1409 3878 1675 3939 dicerent,
1700 3871 1965 3944 quemad-

387 3979 611 4034 modum
639 3978 888 4033 dicturos
912 3973 1083 4029 fuisse
1137 3972 1399 4028 credibile
1422 3977 1528 4036 est,
1564 3976 1659 4022 aut
1681 3968 1848 4021 etiam
1878 3980 1967 4020 co-

388 4070 626 4141 gitarent
672 4066 802 4123 Jesu
848 4064 1128 4134 discipuli,
1161 4077 1267 4115 una
1305 4061 1454 4116 verbi
1506 4058 1815 4129 adjectione
1850 4057 1968 4127 ipse

387 4160 699 4230 Pratceptor
726 4159 850 4213 illos
883 4158 1032 4212 omni
1076 4156 1396 4210 dillicullate
1427 4152 1698 4216 liberavit,
1730 4165 1855 4204 cum
1885 4148 1970 4205 di-

390 4253 493 4318 xit,
521 4252 648 4308 illos
677 4252 734 4306 in
770 4251 991 4305 nomine
1022 4264 1123 4303 suo
1144 4248 1258 4303 voti
1293 4252 1574 4317 compotes
1602 4240 1969 4297 futuros.Non

391 4346 537 4400 enim
573 4345 895 4415 simpliciter
925 4349 1019 4395 aut
1049 4338 1333 4395 indeﬁnite
1361 4346 1421 4393 ut
1470 4336 1731 4393 docerent
1779 4349 1971 4391 omnes

393 4445 585 4508 gentes
616 4434 926 4506 imperavit,
979 4433 1073 4488 sed
1105 4447 1229 4486 cum
1257 4430 1611 4500 adjunctione
1634 4425 1968 4490 necessaria,

2050 1899 2263 1971 Πέρσας
2289 1897 2345 1951 δὲ
2384 1898 2479 1951 καὶ
2518 1896 2854 1968 Ἀρμενίους,
2884 1896 2978 1948 καί¹
3015 1892 3335 1953 Χαλδαίους,
3361 1890 3456 1944 καὶ
3497 1888 3638 1943 Exi:-

2051 1989 2170 2054 θας,
2194 1990 2288 2042 καὶ⁹
2319 1987 2535 2053 Ἰνδοὺς,
2561 1988 2654 2040 καὶ
2686 1987 2738 2040 εί
2766 2002 2888 2038 τινα
2916 1983 3203 2055 βαρϐάρων
3231 1980 3439 2050 γένοιτο
3465 1977 3592 2048 ἔθνη
3624 1994 3640 2041 ;

2051 2074 2175 2145 πῶς’
2215 2080 2472 2151 πείσομεν
2506 2078 2614 2132 τῶν
2667 2078 2764 2149 μὲν
2813 2076 3057 2149 πατρίων
3102 2073 3241 2129 θεῶν
3282 2070 3641 2143 ἀφίστασθαι,

2050 2171 2147 2224 ἓνα
2174 2171 2229 2224 δὲ
2263 2171 2351 2224 τὸν
2376 2171 2591 2223 πάντων
2620 2168 2949 2241 δημιουργὸν
2980 2165 3191 2232 σέϐειν;
3225 2164 3358 2236 ποίᾳ
3384 2163 3441 2216 δὲ
3466 2162 3644 2231 λόγων

2054 2265 2326 2335 ἱκανότητι
2359 2260 2709 2334 θαρσοῦντες,
2739 2261 2831 2313 ἐπὶ
2873 2258 3031 2313 τοῦτο
3061 2254 3542 2329 παρελευσόμεθας
3572 2255 3644 2306 ’Π

2052 2358 2136 2421 τίς
2172 2359 2302 2427 ἡμῖν
2341 2355 2497 2418 ἐλπὶς
2531 2354 2683 2407 ἔσται
2725 2352 2820 2407 τοῦ
2860 2350 3306 2423 κατορθώματος,
3357 2349 3649 2419 ἀντινομοο

2055 2451 2225 2503 θετεῖν
2260 2447 2497 2518 τολμῶσι
2525 2448 2636 2509 τοῖς
2670 2447 2885 2500 πάντων
2919 2443 3087 2498 ἐθνῶν
3128 2442 3257 2514 περὶ
3290 2440 3398 2495 τῶν
3425 2441 3648 2496 οἰκείων

2055 2539 2194 2593 θεῶν
2238 2539 2297 2604 ἐξ
2334 2538 2530 2601 αίῶνος
2571 2530 2842 2608 κειμένοις
2873 2536 3087 2606 νόμοις;
3143 2534 3235 2587 ἐπὶ
3286 2533 3417 2603 ποίᾳ
3452 2533 3510 2585 δὲ
3551 2532 3649 2585 καὶ

2054 2630 2277 2700 δυνάμει
2305 2626 2652 2700 περιέσεσθαί
2694 2628 2812 2678 ἐστι
2844 2624 2938 2700 τος)
2978 2623 3360 2693 τολμήματος;
3397 2618 3585 2672 Ταῦτα
3614 2619 3650 2688 ἢ

2057 2725 2346 2795 φησάντων
2401 2720 2467 2774 ἂν
2515 2718 2656 2784 κατὰ
2703 2717 2762 2771 τὸ
2804 2717 2970 2780 εἰκὸς,
3022 2716 3054 2785 ἢ
3102 2711 3493 2782 διανοηθέντων
3543 2710 3654 2763 τῶν

2054 2815 2149 2868 τοῦ
2188 2811 2362 2884 Ἰησοῦ
2403 2808 2679 2882 μαθητῶν,
2728 2807 2854 2878 μιᾶς
2897 2803 3184 2874 προσθήκῃ
3235 2800 3434 2864 λέξεως
3466 2798 3656 2860 αὐτοῖς

2057 2909 2086 2959 ὁ
2119 2903 2447 2967 Διδάσκαλος
2472 2901 2625 2955 λύσιν
2648 2899 2756 2954 τῶν
2786 2896 3173 2968 ἀπορηθέντων
3196 2892 3446 2954 ὑπέθετο,
3472 2893 3657 2962 φήσας

2059 2997 2416 3065 κατόρθωσιν,
2449 3013 2468 3046 ι
2498 2996 2553 3047 ἐν
2575 2991 2652 3064 τῷ
2674 2990 2892 3062 ὀνόματί
2928 3006 3049 3060 μου.
3073 3007 3093 3040 ι
3123 2987 3197 3040 Οὐ
3231 2984 3340 3056 γὰρ
3370 2984 3434 3054 δὴ
3466 2981 3658 3045 ἁπλῶς

2060 3091 2154 3144 καὶ
2207 3085 2522 3159 ἀδιορίστως
2594 3079 2930 3154 μαθητεῦσαι
2988 3077 3166 3130 πάντα
3197 3073 3269 3128 τὰ
3302 3072 3435 3143 ἔθνη
3480 3086 3656 3143 προσ-

1979 3175 2022 3234 C
2055 3180 2268 3240 έταττε,
2304 3175 2441 3248 μετὰ
2486 3161 2805 3247 προσθήκης
2831 3169 2887 3222 δὲ
2917 3167 3241 3237 ἀναγκαίας,
3284 3168 3406 3239 τῆς,
3439 3184 3456 3216 ι
3484 3165 3547 3216 ἐν
3580 3162 3660 3233 τῷ

2063 3270 2286 3341 ὀνόματι
2311 3264 2500 3320 αὐτοῦ.
2541 3284 2559 3317 ι
2601 3262 2818 3333 Ἐπειδὴ
2853 3260 3020 3334 γάρὴ
3065 3259 3292 3331 δύναμις
3336 3259 3438 3329 τῆς
3485 3256 3659 3310 αὑτοῦ

2061 3358 2431 3434 προσηγορίας
2464 3353 2701 3424 τοσαύτη
2727 3370 2811 3416 τις
2843 3348 2934 3425 ἦν,
2967 3351 3042 3414 ὡς
3077 3349 3242 3420 φάναι
3271 3349 3361 3404 τὸν
3398 3348 3659 3402 Ἀτοόστο-

2059 3452 2170 3517 λον,
2186 3452 2266 3505 ὅτι
2292 3449 2357 3520 δὴ
2378 3466 2397 3499 ι
2420 3446 2743 3519 Ἐχαρίσατο
2762 3442 2911 3514 αὐτῷ
2926 3443 2954 3495 ὁ
2977 3441 3109 3505 Θεὸς
3128 3440 3189 3494 τὸ
3208 3440 3398 3511 ὄνομα,
3421 3439 3482 3492 τὸ
3516 3438 3665 3511 ὑπὲρ

2063 3543 2170 3597 πᾶν
2192 3539 2382 3611 ὄνομα,
2407 3537 2495 3591 ἵνα
2519 3538 2576 3590 ὲν
2607 3533 2686 3607 τῷ
2707 3532 2930 3604 ὀνόματι
2963 3529 3139 3601 Ἰησοῦ
3166 3532 3274 3584 πᾶν
3306 3529 3435 3597 γόνυ
3459 3529 3667 3602 κάμψῃ

2064 3631 2398 3707 ἐπουρανίων
2432 3628 2525 3683 καὶ
2564 3626 2821 3696 ἐπιγείων
2864 3625 2959 3678 καὶ
3009 3622 3411 3695 καταχθονίων·
3453 3641 3471 3670 ι
3515 3622 3668 3675 εἰκό-

2064 3742 2211 3789 τως,
2269 3722 2368 3793 τῆς
2422 3720 2549 3782 τοὺς
2592 3718 2818 3779 πολλοὺς
2875 3714 3238 3785 λανθανούσης
3288 3716 3348 3766 ὲν
3405 3712 3485 3784 τῷ
3537 3713 3669 3766 ὀνό-

2071 3831 2198 3886 ματι
2257 3811 2424 3864 αὐτοῦ
2481 3808 2769 3877 δυνάμεως
2816 3804 2913 3876 τὴν
2958 3802 3157 3875 ἀρετὴν
3207 3802 3509 3873 ἐμφαίνων,
3552 3804 3670 3865 τοῖς

2069 3905 2233 3962 αὑτοῦ
2287 3903 2556 3976 μαθηταῖς
2600 3899 2792 3971 ἔφησε
2827 3918 2845 3948 ι
2883 3895 3245 3969 Πορευθέντες
3286 3894 3671 3966 μαθητεύσατε

2072 4001 2254 4054 πάντα
2280 3997 2348 4050 τὰ
2375 3995 2504 4065 ἔθνη
2526 3996 2585 4046 ὲν
2608 3991 2687 4063 τῷ
2713 3990 2934 4062 ὀνόματί
2972 4007 3095 4060 μου.
3143 4008 3160 4039 ι
3187 3985 3322 4042 Εἶτα
3359 3992 3454 4041 καὶ
3487 3986 3682 4042 θεσπί-

2070 4092 2149 4159 ζει
2183 4086 2239 4146 εὖ
2285 4088 2428 4160 μάλα
2483 4085 2727 4159 ἀκριϐῶς
2764 4084 2826 4136 τὸ
2875 4082 3085 4154 μέλλον,
3121 4080 3324 4135 εἰπών’
3363 4101 3381 4131 ι
3419 4081 3513 4133 Δεῖ
3558 4079 3673 4151 γάρ

2070 4181 2411 4255 κηρυχθῆναι
2429 4179 2490 4233 τὸ
2514 4175 2845 4247 Εὑαγγέλιον
2875 4174 3034 4229 τοῦτο
3056 4176 3114 4228 ἐν
3138 4173 3233 4247 ὅλῃ
3273 4175 3338 4244 τῇ
3372 4171 3677 4246 οἰκουμένῃ

2071 4278 2151 4338 είς
2185 4273 2488 4345 μαρτύριον
2520 4271 2653 4323 πᾶσι
2688 4270 2798 4332 τοῖς
2829 4267 3056 4321 ἔθνεσιν.
3088 4286 3107 4318 ι
3141 4268 3199 4320 '0
3223 4265 3455 4335 δὲλόγος
3482 4266 3681 4336 εἴρητο

2077 4365 2175 4439 μὲν
2200 4366 2257 4419 ὲν
2285 4363 2458 4434 γωνία
2477 4361 2582 4432 γῆς
2605 4360 2748 4427 τότε,
2778 4359 2873 4412 καὶ
2893 4360 2942 4412 οξ
2969 4357 3235 4430 παρόντες
3257 4357 3456 4427 ἧκουον
3491 4356 3675 4427 μόνοι.

2074 4455 2202 4520 Πῶς
2230 4452 2323 4510 οὖν
2357 4453 2467 4526 ἄρα
2487 4452 2677 4515 πιστὸς
2703 4447 2772 4521 ἦν
2804 4451 2988 4514 αὐτοῖς
3017 4447 3174 4501 τοῦτο
3204 4446 3397 4516 λέγων,
3421 4448 3470 4500 εί
3506 4447 3585 4518 μὴ
3615 4446 3682 4511 ἐξ

399 4544 421 4580 ι
455 4527 512 4581 in
548 4527 791 4591 nomine,
825 4524 1024 4594 inquit,
1063 4537 1184 4578 meo
1210 4522 1276 4576 ⁸⁸.
1321 4539 1339 4572 ι
1377 4518 1511 4575 Cum
1542 4519 1689 4573 enim
1714 4517 1795 4572 vis
1827 4516 1957 4571 illiu:

2047 4516 2282 4622 ’ἑτέρων
2315 4516 2424 4602 τῶν
2462 4547 2555 4600 ὑπ’
2601 4516 2767 4599 αὐτοῦ
2809 4540 3215 4616 πεπραγμένων
3262 4540 3460 4594 ἐνθέων
3494 4516 3682 4612 ἔργων

397 4617 640 4678 nominis
689 4625 837 4670 tanta
874 4616 967 4679 sit,
1004 4620 1066 4667 ut
1112 4613 1408 4683 Apostolus
1460 4608 1710 4664 dixerit:
1754 4625 1773 4658 ι
1818 4605 1978 4674 Quod

399 4709 685 4767 donaverit
734 4707 813 4762 illi
858 4704 1004 4760 Deus
1036 4719 1256 4770 nomen,
1303 4703 1448 4773 quod
1497 4712 1584 4759 est
1619 4717 1785 4771 super
1817 4716 1979 4756 omne

401 4816 622 4864 nomen,
669 4806 728 4854 ut
783 4798 837 4852 in
867 4796 1092 4853 nomine
1123 4794 1253 4850 Jesu
1304 4811 1466 4850 omne
1515 4810 1658 4864 genu
1702 4793 1977 4857 ﬁectatur,

402 4894 731 4956 cmlestium,
767 4890 1130 4955 terrestrium,
1163 4899 1217 4944 et
1250 4889 1591 4944 infernorum
1622 4888 1690 4951 ⁸⁵,
1724 4906 1742 4937 ι
1787 4887 1981 4942 merito

404 4984 784 5042 excellentiam
817 4981 1037 5036 virtutis
1061 4982 1300 5037 nominis
1337 4981 1445 5044 sui,
1480 4996 1601 5052 quae
1622 4980 1825 5036 multos
1856 4980 1987 5033 latet

405 5080 771 5142 indicaturus,
809 5075 876 5129 ad
911 5091 1042 5131 suos
1072 5075 1211 5130 dixit
1238 5075 1577 5145 discipulos:
1616 5093 1634 5124 ι
1670 5072 1770 5139 Ite,
1796 5073 1987 5130 docete

404 5187 598 5230 omnes
629 5178 820 5241 gentes
860 5170 914 5223 in
943 5170 1166 5224 nomine
1193 5184 1336 5225 meo.
1374 5189 1394 5223 ι
1431 5167 1634 5224 Deinde
1664 5169 1814 5222 canit
1849 5168 1987 5223 bene

408 5263 700 5320 admodum
734 5269 881 5317 certe
911 5270 1077 5332 atque
1104 5262 1376 5333 exquisite
1401 5266 1545 5334 quod
1601 5261 1845 5316 futurum
1870 5268 1991 5316 erat

410 5355 601 5411 dicens
630 5371 645 5410 :
689 5372 708 5405 ι
738 5354 961 5423 Oportet
1011 5352 1158 5408 enim
1188 5354 1477 5425 praedicari
1504 5355 1857 5427 Evangelium
1885 5352 1988 5408 hoc

413 5449 468 5501 in
514 5455 629 5501 toto
657 5445 810 5510 orbe,
847 5444 901 5499 in
934 5446 1306 5502 testimonium
1332 5454 1544 5507 cunctis
1579 5450 1831 5523 gentibus
1859 5447 1927 5502 ⁸⁸.
1964 5465 1983 5499 ι

413 5539 584 5595 Porro
604 5554 729 5595 cum
749 5538 910 5594 verba
945 5539 1165 5610 quidem
1192 5545 1326 5610 haec,
1361 5546 1558 5601 tuncin
1596 5545 1795 5615 angulo
1828 5549 1992 5598 terrae

416 5632 559 5687 dieta
614 5634 747 5703 sint,
794 5642 849 5689 et
873 5635 967 5704 Qui
1011 5643 1141 5692 tunc
1172 5640 1402 5695 aderant
1431 5640 1534 5696 soli
1569 5641 1865 5703 audierint,
1900 5641 1993 5712 qui

2083 4640 2183 4710 τῆς
2214 4642 2271 4692 ὲν
2303 4641 2415 4701 τοῖς
2444 4635 2620 4705 λόγοις
2644 4633 2898 4706 ἀληθείας
2920 4632 3084 4686 αὐτοῦ
3108 4631 3207 4703 τὴν
3233 4633 3426 4703 πεῖραν
3460 4630 3685 4702 εἰλήφε-

2087 4750 2189 4787 σαν
2212 4748 2227 4798 ;
2257 4732 2379 4783 Ὅτι
2398 4728 2507 4801 γὰρ
2528 4727 2853 4782 ἐπίστευσαν
2876 4725 3109 4795 λέγοντι,
3135 4723 3574 4796 συλλογιζομένῳ
3598 4742 3683 4778 σοι

2085 4823 2365 4896 ὁμολογεῖν
2400 4821 2614 4891 ἀνάγκη
2633 4860 2647 4874 .
2681 4817 3053 4890 Προστάξαντι
3092 4816 3202 4887 γάρ
3232 4814 3406 4879 οὐδεὶς
3426 4815 3679 4886 ἠπείθειο

2086 4914 2222 4971 ἀλλὰ
2272 4912 2742 4985 πειθαρχήσαντες
2788 4907 2952 4963 αὑτοῦ
2998 4906 3077 4976 τῷ
3121 4906 3373 4977 νεύματι.
3409 4906 3560 4960 κατὰ
3610 4908 3683 4961 τὰ

2087 5004 2515 5080 παρηγγελμένα
2549 5003 2657 5056 πᾶν
2689 5001 2847 5070 γένος
2876 4997 3179 5070 ἀνθρώπων
3212 4996 3581 5068 ὲμαθήτευον,
3617 5000 3682 5051 ἐγ

2087 5099 2189 5170 τῆς
2232 5098 2439 5161 οἰκείας
2470 5095 2574 5166 γῆς
2608 5095 2700 5148 ἐπὶ
2745 5095 2923 5149 πάντα
2958 5094 3297 5163 στειλάμενοι
3328 5090 3396 5144 τὰ
3425 5090 3559 5162 ἔθνη
3578 5109 3593 5121 ·
3625 5094 3679 5147 ἐκ

2089 5190 2254 5260 ὀλίγῳ
2281 5206 2342 5242 τε
2367 5185 2435 5259 ἦν
2469 5187 2606 5259 ἔργα
2639 5186 2916 5259 θεωρῆσαι
2945 5187 3070 5250 τοὺς
3114 5186 3324 5254 λόγους.
3355 5186 3680 5258 Κεκήρυκττ

2093 5280 2225 5349 γοῦν
2256 5280 2319 5334 τὸ
2346 5277 2678 5348 Εὐαγγέλιον
2702 5278 2759 5330 ἐν
2794 5277 2988 5351 βραχεῖ
3005 5278 3181 5350 χρόνῳ
3205 5279 3263 5330 ἐν
3285 5276 3381 5348 ὅλῃ
3406 5279 3475 5349 τῇ
3505 5280 3683 5331 οἰκουο

2098 5372 2236 5443 μένῃ
2282 5373 2359 5435 εἰς
2400 5368 2700 5442 μαρτύριον
2730 5371 2842 5433 τοῖς
2891 5370 3102 5435 ἔθνεσι·
3139 5369 3231 5423 καὶ
3271 5367 3544 5442 βάρϐαροι
3596 5371 3689 5423 καὶ

2099 5462 2360 5533 ’Έλληνες
2392 5461 2490 5527 τὰς
2529 5461 2659 5534 περὶ
2703 5462 2796 5515 τοῦ
2844 5462 3018 5534 Ἰησοῦ
3054 5460 3272 5536 γραφὰς
3300 5460 3559 5532 πατρίοις
3589 5479 3690 5532 χα-

2105 5552 2371 5626 ρακτῆρσι
2420 5554 2514 5606 καὶ
2560 5553 2773 5626 πατρίῳ
2826 5556 2977 5624 φωνῇ
3032 5551 3460 5624 μετελάμϐανον.
3495 5552 3691 5606 Καίτοι

2102 5643 2185 5708 τίς
2215 5644 2315 5698 οὐκ
2346 5644 2412 5699 ἃν
2462 5646 2791 5718 ἀπορήσειεν
2836 5645 3093 5714 εὐλόγως,
3128 5644 3211 5709 τίς
3253 5638 3322 5714 ἦν
3365 5645 3477 5717 ἄρα
3517 5645 3550 5698 ὁ
3592 5645 3691 5714 τῆς

489 5788 536 5819 ⁸³
566 5787 755 5843 Mati-li.
789 5805 980 5858 xavnt,
1019 5791 1104 5847 19.
1186 5792 1377 5850 “ibid.
1454 5794 1500 5827 ”
1528 5794 1762 5867 Philipp.
1798 5812 1858 5866 ιι,
1892 5797 1957 5852 10

2053 5797 2099 5830 ⁸³
2132 5795 2303 5854 Marc.
2332 5806 2452 5862 xm,
2486 5796 2569 5856 10,
