3828 6216
208 345 293 400 ιιι
1074 327 1732 410 DEMONSTRATIONIS
1767 353 2228 413 EVANGELICE
2265 356 2392 413 LlB.
2437 358 2525 414 ιιι.

3317 370 3432 423 ’κίὲ

208 461 301 516 τῶν
330 460 576 532 μαθητῶν
614 462 707 514 τοῦ
749 460 923 534 Ἰησοῦ
958 465 1307 532 διδασκαλίας
1351 471 1581 542 τρόπο;;
1610 468 1741 543 *Αρο

1859 473 1975 528 fieri
2025 482 2204 546 potest
2254 484 2315 531 ut
2370 476 2475 532 hoc
2522 475 2724 533 dicenti
2790 478 2869 533 illi
2940 479 3266 547 crederent,
3317 487 3426 539 nisi

206 552 301 624 γὰρ
345 554 417 614 εἰς
462 551 634 623 μέσην
679 555 1039 625 παρελθόντες
1083 557 1257 623 πόλιν,
1288 561 1455 615 ἔπειτ’
1487 564 1546 615 ὲν
1579 565 1754 638 ἀγορᾷ

207 645 420 706 στάντες,
447 643 542 696 καὶ
567 641 662 714 βοῇ
689 645 893 714 μείζονι
916 649 1249 720 χρησάμενοι
1280 652 1603 708 συνεκάλουν
1628 657 1753 722 τοὺς

209 733 495 804 παριόντας,
536 733 771 790 κᾶπειτα
819 738 1231 812 ὲδημηγόρουν;
1267 744 1376 797 Καὶ
1407 745 1491 809 τίς
1536 740 1603 816 ἦν
1644 747 1753 820 ἄρα

205 826 365 890 αὐτοῖς
405 826 503 896 τῆς
547 826 886 902 δημηγορίας
921 834 949 884 ὁ
997 832 1175 902 λόγος,
1203 829 1247 903 ᾧ
1281 836 1567 891 πεπεῖσθαι
1606 840 1755 904 εἰκὸς

201 912 260 988 ἦν
284 919 396 982 τοὺς
412 919 811 991 ἀκροωμένους
842 922 967 987 Πῶς
990 925 1046 978 δὲ
1064 927 1156 979 καὶ⁹
1174 927 1543 1000 ἐδημηγόρουν
1562 931 1752 1003 ἄνδρες

201 1007 351 1078 λόγων
380 1011 610 1083 ἄπειροι,
646 1015 741 1067 καὶ
772 1016 949 1087 πάσης
979 1019 1233 1090 ἀμέτοχοι
1265 1022 1547 1087 παιδείαςς
1590 1024 1752 1079 Ἀλλὰ

203 1100 293 1173 μὴν
318 1103 373 1156 οὐ
400 1105 539 1158 κατά
568 1105 788 1177 πλῆθος,
814 1110 953 1162 κατά
980 1112 1144 1182 μέρος
1166 1112 1221 1164 δὲ
1252 1116 1364 1176 τοῖς
1390 1116 1750 1186 προστυχοῦσι

198 1193 489 1263 διελέγοντο.
526 1199 679 1251 Τίσιν
707 1196 800 1254 οὐν
833 1203 926 1255 καὶ
948 1203 1150 1266 ὁποίοις
1184 1204 1421 1275 ἐχρῶντο
1451 1206 1628 1275 λόγοις
1658 1210 1750 1263 ἐπὶ

199 1284 348 1338 πειθὼ
388 1287 496 1340 τῶν
524 1291 862 1357 ἀκουόντωνς
906 1295 1030 1346 ἐπεὶ
1066 1294 1200 1366 μηδὲ
1238 1298 1432 1368 μικρὸς
1467 1294 1534 1369 ἦν
1565 1301 1746 1365 αὐτοῖς

195 1376 221 1428 ὸ
252 1376 404 1445 ἀγὼν,
451 1379 529 1451 μὴ
574 1380 924 1453 ἀρνουμένοις
970 1385 1061 1437 τὸν
1112 1387 1474 1443 ἐπονείδιστον
1521 1389 1749 1445 θάνατον

193 1468 270 1521 τοῦ
309 1470 828 1543 καταγγελλομένου.
866 1477 929 1529 Εἰ
966 1478 1062 1548 μὲν
1093 1477 1200 1549 γάρ
1230 1479 1416 1533 τοῦτον
1444 1484 1749 1554 ἐπικρυψά-

194 1579 345 1631 μενοι,
370 1563 459 1616 καὶ
487 1565 562 1637 μὴ
594 1567 978 1636 ὁμολογοῦντες
1002 1573 1081 1636 εἰς
1110 1573 1317 1637 πάντας
1347 1570 1435 1629 οἷα
1459 1577 1553 1630 καὶ
1575 1579 1749 1633 ὁπόσα

192 1651 430 1705 πέπονθεν
463 1654 572 1708 ὑπὸ
616 1656 906 1723 Ἰουδαίων,
941 1660 1009 1713 τὰ
1057 1661 1230 1732 σεμνά
1270 1662 1407 1733 μόνα
1444 1665 1539 1718 καὶ
1565 1664 1748 1732 ἔνδοξα

190 1747 559 1818 πρηκόμιζον
579 1765 594 1779 ·
627 1749 770 1819 λέγω
801 1752 855 1804 δὲ
896 1751 995 1817 τὰς
1022 1751 1488 1827 θαυματουργίας,
1524 1758 1617 1811 καὶ⁹
1648 1757 1746 1823 τάς

1856 582 1922 620 ex
1978 567 2103 622 aliis
2157 567 2407 639 ejusdem
2460 568 2663 625 divinis
2710 570 2902 641 gestis,
2972 586 3223 628 veracem
3270 573 3424 628 illum

1857 656 1912 711 in
1964 657 2146 714 verbis
2204 659 2415 730 experti
2460 661 2698 717 essent?
2753 661 2902 734 quod
2933 665 3080 719 enim
3134 665 3320 721 verbis
3356 666 3426 720 ιι-

1822 749 1961 825 lius
2008 748 2316 815 crederent,
2373 753 2722 825 ratiocinanti
2785 754 2883 810 tibi
2939 756 3188 812 confiteri
3235 771 3426 813 neces-

1855 855 1914 897 se
1958 849 2063 898 est.
2112 842 2402 915 Imperanti
2465 847 2609 901 enim
2659 847 2737 901 illi
2781 848 2966 904 nullus
3020 865 3129 906 non
3186 850 3420 923 paruit;

1857 935 2017 1006 137
2056 935 2149 1005 sed
2177 939 2425 1008 protinus
2454 941 2826 996 auscultantes
2847 942 2992 998 illius
3041 943 3199 997 nutui
3237 958 3425 1014 quem-

1853 1026 2142 1081 admodum
2176 1029 2310 1098 ipsis
2346 1038 2676 1100 praeceptum
2707 1030 2908 1097 fuerat,
2934 1048 2998 1089 ac
3021 1033 3088 1089 de
3113 1034 3306 1106 patriis
3334 1050 3424 1092 se-

1852 1118 2014 1176 dibus
2060 1120 2127 1175 ad
2176 1137 2366 1178 omnes
2415 1133 2604 1193 gentes
2648 1126 2897 1195 profecti,
2931 1141 3092 1181 omne
3139 1127 3420 1183 hominum

1851 1226 2023 1281 genus
2067 1211 2392 1278 docuerunt,
2432 1215 2689 1286 brevique
2730 1225 2976 1287 tempore
3021 1218 3223 1274 intueri
3266 1221 3419 1276 licuit

1850 1305 2237 1375 respondentia
2270 1306 2451 1362 verbis
2483 1305 2646 1363 facta.
2690 1305 3051 1363 Prredicatum
3107 1310 3291 1381 itaque
3336 1320 3419 1368 est

1851 1395 1903 1448 in
1925 1397 2122 1466 exiguo
2151 1399 2411 1468 temporis
2448 1400 2624 1468 spatio
2656 1399 2709 1453 in
2740 1408 2855 1455 toto
2886 1401 3019 1456 orbe
3045 1399 3418 1473 Evangelium,

1849 1487 1905 1541 in
1957 1488 2327 1543 testimonium
2390 1491 2603 1546 cunctis
2648 1492 2932 1561 gentibus;
2981 1498 3034 1546 et
3089 1492 3307 1548 barbari
3363 1499 3420 1550 et

1849 1575 2023 1632 Graeci
2049 1594 2171 1649 quae
2203 1579 2270 1633 de
2304 1577 2436 1645 Jesu
2494 1581 2698 1651 scripta
2752 1590 2930 1647 erant,
2969 1583 3161 1653 patriis
3220 1585 3420 1643 litteris

1850 1671 2135 1741 patriaque
2196 1685 2327 1727 voce
2383 1681 2737 1744 exceperunt.
2797 1673 3086 1741 Caeterum,
3134 1678 3258 1746 quis
3306 1692 3419 1734 non

1850 1762 2045 1815 merito
2068 1762 2309 1833 ambigat
2344 1779 2593 1834 quaenam
2644 1766 2806 1821 fuerit
2855 1764 2985 1822 Jesu
3019 1767 3416 1840 discipulorum

189 1839 622 1908 παραδοξοποιίας
655 1843 843 1907 αὐτοῦ,
872 1846 972 1908 τὰς
1012 1864 1073 1900 τε
1119 1848 1443 1919 φιλοσόφους
1490 1849 1741 1905 διδασκα-

1847 1852 2080 1909 docendi
2128 1832 2288 1919 ratio,
2322 1832 2449 1925 quis
2490 1858 2725 1912 modus?
2755 1856 3028 1929 'Nunquid
3081 1861 3137 1915 in
3162 1832 3417 1917 “mediam

187 1927 291 1991 λίας
333 1931 495 1984 αὐτοῦ
521 1949 535 1962 ·
571 1934 680 1987 οὐδ’
722 1934 896 1999 οὕτως
937 1930 1005 2007 ἦν
1037 1938 1223 2001 αὐτοῖς
1269 1938 1500 2011 εὐχερὴς
1527 1941 1555 1993 ὀ
1588 1940 1745 2009 λόγος

188 2019 305 2090 πρὸς
324 2021 382 2073 τὸ
407 2022 635 2092 ποιῆσαι
665 2025 863 2095 ῥαδίως
903 2028 1341 2094 συγκαταθέσθαι
1365 2032 1490 2094 τούς
1518 2032 1743 2088 ἀκούον-

183 2128 266 2174 τας
294 2111 808 2185 ξενοᾳωνουμένους,
848 2119 941 2171 καὶ
982 2119 1106 2192 ἄρτι
1133 2120 1348 2193 πρῶτον
1379 2123 1745 2188 ἐπακούοντας

183 2205 362 2257 καινῶν
422 2209 688 2277 ῥημάτων
751 2209 844 2262 ὑπ’
908 2211 1117 2284 ἀνδρῶν
1175 2213 1327 2266 οὐδὲν
1388 2215 1745 2286 ἐπαγομένων

178 2297 467 2363 ἀξιόπιστον
494 2300 598 2371 τὴν
618 2299 727 2354 τῶν
757 2302 1063 2374 λεγομένων
1099 2305 1424 2378 μαρτυρίαν.
1460 2307 1605 2379 Πλὴν
1630 2308 1744 2361 ἀλλ’

179 2387 337 2452 ἔδοξεν
365 2391 430 2445 ἂν
463 2393 837 2466 πιθανώτερον
862 2395 1118 2464 λέγεσθαι
1140 2397 1208 2451 τὰ
1241 2400 1522 2470 εἰρημένα.
1552 2399 1665 2454 Νῦν
1687 2401 1745 2455 δὲ

173 2483 281 2535 τοτὲ
305 2483 401 2553 μὲν
429 2484 523 2536 τὸν
554 2487 991 2557 πρεσϐευόμενον
1021 2488 1151 2542 Θεὸν
1182 2493 1238 2543 ὲν
1266 2490 1553 2562 ἀνθρώπου
1586 2510 1744 2562 γεγο-

174 2571 308 2625 νέναι
338 2573 573 2644 σώματι,
610 2575 705 2628 καὶ
737 2576 886 2629 οὐδὲν
911 2577 1039 2631 ἄλλο
1071 2579 1166 2651 τὴν
1202 2580 1362 2649 φύσιν
1388 2578 1525 2635 εἶναι
1554 2583 1740 2654 ἢΘεοῦ

171 2664 346 2732 Λόγοι,
378 2666 458 2719 διδ
491 2668 590 2719 καὶ
621 2671 875 2733 τοιαύτας
905 2671 1194 2742 τεραστίας
1219 2672 1477 2744 δυνάμεις
1510 2692 1740 2746 πεποιη-

171 2756 309 2811 κέναι
338 2753 426 2811 οἷα
454 2760 625 2816 Θεόν·
652 2761 774 2814 τοτὲ
805 2762 862 2814 δὲ
895 2762 1105 2825 τούτοις
1138 2763 1397 2828 ἐναντίως
1428 2763 1613 2836 ὕϐρεις
1643 2767 1741 2819 αὐ-

168 2849 250 2902 τὸν
275 2851 364 2904 καὶ
395 2853 623 2933 ἀτιμίας
649 2855 959 2925 ὑπομεῖναι,
993 2858 1088 2909 καὶ
1132 2857 1285 2921 τέλος
1317 2858 1414 2930 τὴν
1459 2858 1741 2930 αἰσχίστην

170 2942 254 2995 καὶ
277 2946 385 3007 τοῖς
422 2945 646 2999 πάντων
675 2946 979 3018 ἀνθρώπων
1006 2951 1463 3022 κακουργοτάτοις
1496 2952 1739 3023 ἐπηρτη-

170 3034 324 3104 μένην
354 3036 440 3090 διά
471 3038 711 3110 σταυροῦ
740 3041 1032 3111 τιμωρίαν,
1068 3043 1152 3107 τίς
1182 3044 1282 3096 οὐκ
1314 3045 1379 3098 ἂν
1410 3045 1486 3110 ὡς
1525 3045 1740 3099 ἐναντία

1846 1946 2123 2015 progressi
2146 1947 2445 2013 civitatem,
2477 1948 2675 2004 deinde
2700 1958 2912 2005 stantes
2941 1951 3000 2006 in
3025 1951 3165 2016 foro,
3196 1968 3418 2009 vocem-

1848 2052 1951 2107 que
1975 2039 2304 2109 attollentes,
2323 2042 2695 2097 convocabant
2716 2059 2813 2099 eos
2834 2044 2927 2115 qui
2961 2046 3332 2102 accedebant?
3361 2052 3417 2104 et

1846 2144 1967 2200 quae
1992 2129 2210 2185 tandem
2245 2131 2354 2186 illis
2377 2133 2740 2191 concionandi
2772 2137 2931 2203 ratio,
2959 2138 3047 2193 cui
3070 2138 3291 2208 quidem
3319 2155 3415 2195 ve-

1846 2220 2074 2275 risimile
2106 2221 2179 2277 sit
2210 2221 2554 2282 auscultasse
2580 2226 2901 2284 audientes?
2934 2227 3207 2298 quomodo
3235 2236 3415 2285 autem

1846 2314 2321 2369 concionabantur
2354 2316 2460 2371 viri
2508 2319 2781 2375 sermonis
2829 2321 3090 2392 imperiti,
3120 2327 3175 2377 et
3225 2335 3417 2378 omnes

1845 2416 2098 2476 expertes
2118 2407 2485 2464 eruditionis?
2517 2412 2665 2479 atqui
2695 2428 2804 2466 non
2846 2413 3275 2479 multitudinem,
3320 2414 3416 2471 sed

1846 2498 2093 2568 singulos
2116 2498 2383 2555 adeuntes
2415 2502 2856 2575 alloquebantur.
2888 2504 3007 2570 Qua
3036 2505 3201 2576 igitur
3233 2513 3288 2560 et
3318 2520 3418 2560 cu-

1840 2591 2085 2663 jusmodi
2117 2592 2369 2647 oratione
2397 2594 2714 2660 utebantur,
2744 2603 2804 2651 ut
2822 2596 3169 2653 audientibus
3191 2613 3418 2669 persua-

1844 2682 2072 2739 derent?
2118 2698 2230 2736 non
2289 2682 2434 2736 enim
2484 2698 2709 2753 parvum
2758 2686 2867 2740 illis
2920 2687 3257 2757 propositum
3297 2693 3417 2743 erat

1844 2787 2167 2840 certamen,
2223 2789 2333 2829 non
2389 2774 2870 2833 dissimulantibus
2927 2779 3247 2848 probrosam
3294 2779 3415 2849 ejus

1843 2876 2075 2924 mortem
2120 2882 2284 2939 quem
2329 2874 2391 2922 ut
2438 2866 2608 2923 Deum
2648 2871 3122 2924 commendabant.
3176 2868 3310 2923 Nam
3366 2871 3415 2925 si

1843 2960 1985 3015 hanc
2014 2960 2478 3023 dissimulassent,
2511 2975 2689 3029 neque
2723 2961 2907 3030 qualia
2945 2969 3259 3030 quantaque
3284 2976 3414 3031 pas-

1843 3065 1939 3105 sus
1988 3050 2061 3105 sit
2092 3064 2121 3103 a
2161 3048 2364 3104 Iudaeis
2416 3047 2559 3118 apud
2593 3064 2785 3105 omnes
2812 3050 3052 3117 confessi
3083 3057 3290 3112 essent,
3316 3050 3413 3108 sed

165 3124 418 3194 λεγόντων
463 3131 811 3187 κατέπτυσεν
841 3135 1101 3200 είκότως;
1130 3136 1224 3201 Τίς
1254 3136 1298 3197 δ’
1327 3137 1500 3202 οὕτως
1534 3137 1739 3207 ἠλίθιος

1845 3155 1963 3210 [μιαί
1991 3139 2355 3195 reverentiam
2387 3138 2595 3192 homini
2636 3139 2976 3209 gloriamque
3032 3139 3316 3204 adderent,
3348 3154 3413 3194 ea

166 3218 415 3292 ὑπῆρχεν,
450 3222 533 3285 ὡς
559 3225 802 3296 εὐχερῶς
836 3226 1121 3282 πιστεῦσαι
1151 3228 1399 3298 λέγουσιν
1433 3229 1736 3302 ἑωρακέναι

168 3313 293 3379 μετά
315 3314 408 3366 τὸν
434 3314 671 3370 θάνατον
701 3319 765 3370 ὲκ
795 3318 1005 3390 νεκρῶν
1031 3319 1458 3386 ἀναϐεϐιωκότα,
1484 3322 1573 3375 τὸν
1604 3322 1736 3393 μηδὲ

162 3402 322 3457 ὃτεέν
354 3405 526 3470 ζῶσιν
562 3402 629 3478 ἦν
673 3409 951 3479 ἐπαμῦναι
994 3410 1170 3482 ἑαυτῷ
1212 3410 1606 3484 δεδυνημένον;
1642 3414 1735 3478 Τίς

161 3493 212 3547 δὲ
239 3499 346 3561 τοῖς
382 3498 627 3563 ἰδιώταις
661 3503 754 3554 καὶ
782 3502 1050 3557 εὐτελέσιν
1098 3505 1324 3570 ἐκείνοις
1358 3505 1583 3578 ἐπείσθη
1620 3505 1735 3560 ποτ’

161 3585 221 3641 ἂν
248 3587 487 3658 λέγουσι,
537 3592 738 3662 χρῆναι
771 3594 881 3647 τῶν
927 3594 1026 3665 μὲν
1070 3595 1342 3667 πατρῴων
1390 3595 1528 3649 θεῶν
1570 3613 1738 3651 κατα-

161 3684 435 3753 φρονῆσαι,
479 3686 580 3739 καὶ
612 3686 824 3758 μωρίαν
861 3688 956 3757 μὲν
981 3687 1089 3741 τῶν
1127 3687 1186 3752 ἐξ
1219 3687 1415 3752 αἰῶνος
1455 3688 1738 3757 καταγνῶ-

161 3789 239 3827 ναι
266 3777 512 3840 πάντων,
546 3778 728 3848 μόνοις
753 3778 811 3832 δὲ
842 3780 1023 3844 αὐτοῖς
1058 3779 1338 3833 πείθεσθαι
1372 3781 1466 3833 καὶ
1497 3784 1609 3845 τοῖς
1633 3780 1737 3833 ὑπὸ

161 3865 243 3918 τοῦ
276 3869 685 3940 παυρωϐέντος
715 3870 1220 3942 παρηγγελμένοις;
1252 3871 1439 3924 τοῦτον
1462 3874 1570 3944 γὰρ
1600 3868 1737 3926 εἶναι

159 3960 244 4013 τοῦ
278 3962 442 4033 μόνου
473 3962 575 4016 καὶ
612 3963 704 4015 ἐπὶ
737 3962 953 4016 πάντων
980 3962 1115 4017 Θεοῦ
1142 3964 1300 4035 μόνον
1336 3964 1616 4035 ἀγαπητὸν
1644 3966 1738 4019 καὶ

162 4056 416 4126 μονογενῆ
485 4053 685 4107 Παῖδα.
759 4054 899 4123 Ἐγὼ
960 4055 1058 4126 μὲν
1123 4052 1216 4110 οὖν
1281 4055 1547 4121 ἐξετάζων
1607 4056 1737 4128 παρ’

160 4145 370 4215 ἐμαυτῷ
417 4134 737 4215 φιλαλήθως
786 4145 878 4198 τὸν
924 4144 1102 4213 λόγον,
1146 4145 1402 4216 οὐδεμίαν
1453 4144 1737 4216 πειστικὴν

161 4235 375 4309 δύναμιν
418 4239 480 4289 ὲν
530 4236 703 4307 αὐτῷ,
747 4237 867 4290 οὐδέ
911 4254 962 4290 τι
1010 4237 1226 4308 σεμνὸν,
1261 4237 1369 4290 οὐδ’
1403 4237 1735 4302 ἀξιόπιστον,

160 4329 264 4381 ἀλλ’
295 4331 419 4384 οὐδὲ
454 4330 686 4384 πιθανὸν
726 4331 802 4394 είς
836 4329 897 4383 τὸ
941 4330 1045 4383 κᾶν
1088 4330 1183 4384 ἕνα
1227 4329 1349 4384 τινά
1376 4329 1483 4383 τῶν
1515 4328 1737 4398 ἠλιθίων

159 4424 332 4477 πεεσαι
363 4422 631 4477 δύνασθαι
665 4421 921 4495 εὑρίσκω.
966 4423 1127 4477 Ἀλλά
1177 4423 1337 4476 πάλιν
1386 4423 1606 4495 ἀφορῶν
1657 4425 1737 4487 είς

1842 3231 1958 3286 sola
1988 3230 2346 3301 protulissent
2374 3247 2386 3283 :
2418 3228 2544 3282 dico
2579 3239 2756 3283 autem
2792 3228 3032 3300 prodigia
3069 3236 3125 3285 et
3152 3230 3415 3284 miracula

1843 3324 1912 3378 ab
1944 3325 2038 3378 illo
2068 3323 2237 3388 edita,
2272 3338 2486 3378 necnon
2527 3322 2906 3394 philosophica
2953 3321 3200 3392 ejusdem
3239 3322 3413 3377 docu-

1842 3423 2024 3469 menta
2063 3432 2075 3467 :
2111 3427 2178 3467 ne
2228 3413 2309 3468 sic
2356 3413 2574 3483 quidem
2605 3412 2715 3465 illis
2746 3411 2951 3466 exitum
2997 3411 3229 3464 celerem
3260 3409 3414 3464 inve-

1842 3507 2017 3561 nisset
2047 3504 2245 3568 oratio,
2284 3512 2343 3560 ut
2388 3504 2548 3560 facile
2587 3516 2916 3560 consensum
2949 3500 3286 3555 audientium
3319 3501 3418 3555 eli-

1842 3606 2064 3665 cerent;
2096 3598 2190 3668 qui
2214 3597 2433 3668 quidem
2458 3597 2745 3651 audientes
2781 3594 2958 3648 aliena
2986 3594 3172 3663 lingua
3196 3592 3419 3647 uteban-

1843 3699 1950 3750 tur,
1981 3704 2046 3743 ac
2091 3696 2225 3743 tunc
2254 3687 2490 3759 primum
2544 3688 2613 3742 ab
2646 3685 2959 3740 hominibus
2998 3684 3133 3738 nihil
3177 3683 3283 3739 fide
3331 3683 3417 3738 di-

1843 3796 2009 3851 gnum
2037 3779 2414 3846 aﬂ‘erentihus,
2453 3778 2696 3833 inaudita
2728 3777 2831 3832 sibi
2862 3778 3012 3847 prius
3042 3779 3203 3830 verba
3236 3775 3402 3844 perci-

1845 3874 2091 3945 piebant,
2124 3872 2194 3928 ad
2224 3888 2287 3928 ea
2320 3888 2439 3941 quae
2469 3870 2547 3924 illi
2577 3870 2823 3924 dicerent
2855 3865 3280 3937 comprobanda.
3314 3864 3418 3921 Ve-

1844 3976 2150 4021 rumtamen
2184 3965 2231 4021 si
2273 3966 2405 4019 talia
2440 3964 2731 4025 dixissent,
2766 3961 3047 4030 aliquanto
3080 3958 3417 4029 probabilius

1843 4057 2028 4113 dicere
2058 4058 2158 4112 visi
2185 4064 2393 4113 essent.
2431 4054 2590 4109 Nunc
2624 4064 2807 4108 autem
2836 4067 2962 4107 cum
2995 4051 3241 4105 dicerent
3263 4049 3417 4104 illum

1844 4165 2004 4221 quem
2038 4158 2097 4204 ut
2146 4150 2315 4205 Deum
2365 4146 2847 4205 commendabant,
2883 4143 3046 4198 modo
3097 4142 3154 4198 in
3187 4156 3418 4213 corpore

1844 4245 2085 4297 humano
2102 4249 2402 4305 versatum,
2443 4240 2690 4310 nihilque
2722 4236 2871 4291 aliud
2902 4244 3100 4290 natura
3130 4249 3295 4304 quam
3322 4232 3417 4288 Dei

1845 4332 2085 4389 Verbum
2112 4348 2256 4398 esse,
2283 4332 2541 4402 quocirca
2593 4328 2759 4385 etiam
2796 4327 2926 4381 talia
2979 4327 3245 4381 miracula
3296 4333 3419 4379 tan-

1843 4443 2006 4499 quam
2039 4428 2208 4484 Deum
2252 4429 2416 4483 edere
2448 4428 2715 4497 potuisse,
2758 4424 2920 4479 modo
2975 4422 3061 4478 his
3117 4418 3419 4481 contraria,

156 4523 247 4586 την
274 4516 368 4569 τοῦ
393 4515 563 4584 λόγου
592 4514 817 4586 δύναμιν
847 4515 922 4580 ὡς
957 4515 1127 4588 μυρία
1156 4514 1335 4586 πλήθη
1364 4516 1618 4578 πέπεικε,
1645 4515 1741 4568 καὶ

1845 4520 2074 4591 injurias
2109 4519 2262 4574 illum
2320 4518 2793 4587 contumeliasque
2830 4514 3058 4578 tulisse,
3089 4519 3144 4568 et
3181 4511 3421 4581 denique

156 4605 228 4670 ὡς
269 4608 617 4680 συνέστησαν
672 4609 990 4680 μυρίανδροι
1036 4608 1355 4678 Ἐκκλησίαι
1391 4609 1526 4680 πρὸς
1562 4607 1743 4661 αὐτῶν

156 4696 369 4751 ἐκείνων
413 4697 528 4751 τῶν
576 4697 971 4750 εὐτελεστάτων
1005 4698 1096 4750 καὶ
1127 4698 1404 4769 ἀγροίκων
1430 4697 1522 4751 τοῦ
1566 4695 1740 4768 Ἰησοῦ

160 4789 432 4861 μαθητῶν,
481 4792 588 4843 οὐκ
635 4792 692 4842 ὲν
739 4790 953 4862 ἀδήλοις
985 4807 1087 4843 που
1136 4790 1230 4844 καὶ
1271 4790 1502 4860 ἀφανέσι
1533 4792 1738 4856 τόποις,

158 4880 264 4934 ἀλλ’
288 4883 347 4935 ὲν
390 4886 520 4946 ταῖς
557 4882 789 4953 μάλιστα
818 4883 1312 4955 διαπρεπεστάταις
1343 4882 1559 4935 πόλεσιν
1593 4881 1740 4954 ἰδρυ-

158 4971 346 5037 Dabat,
376 4975 467 5027 ἐπ’
499 4975 673 5045 αὐτῆς
703 4974 848 5042 λέγω
874 4976 969 5045 τῆς
1013 4973 1302 5044 Ῥωμαίων
1332 4973 1737 5045 βασιλευούσης,

156 5063 243 5117 ὲπί
272 5081 331 5116 τε
354 5065 458 5136 τῆς
505 5064 903 5137 Ἀλεξανδρέων
952 5065 1046 5118 καὶ⁵
1091 5064 1426 5136 Ἀντιοχέων,
1460 5063 1581 5117 καθ’
1611 5065 1739 5135 ὅλης

153 5170 213 5207 τε
240 5156 340 5226 τῆς
362 5156 647 5224 Αἰγύπτου
672 5156 766 5209 καὶ
787 5154 1010 5223 Λιϐύης,
1034 5155 1306 5227 Εὐρώπης
1322 5172 1381 5208 τε
1401 5156 1496 5209 καὶ
1528 5156 1734 5220 Ἀσίας,

156 5246 209 5301 ἐν
250 5265 307 5302 τε
342 5249 572 5320 κώμαις
607 5265 667 5300 τε
715 5250 807 5301 καὶ
847 5247 1055 5320 χώραις
1097 5249 1191 5302 καὶ
1232 5248 1507 5312 παντοίοις
1538 5246 1734 5311 ἔθνεσι,

156 5339 310 5393 πάλιν
357 5340 422 5405 ἐξ
472 5340 725 5410 ἀνάγκης
774 5340 1093 5411 ἀνατρέχειν
1140 5336 1464 5410 ὲκδιὰζομαι
1508 5340 1602 5392 ἐπὶ
1640 5338 1737 5410 τὴν

155 5429 243 5485 τοῦ
264 5432 445 5486 αίτίηυ
489 5432 742 5503 ζήτησιν,
776 5433 869 5485 καὶ
913 5430 1290 5502 συνομολογεῖν
1328 5431 1402 5502 μὴ
1435 5430 1608 5494 ἄλλως
1641 5432 1738 5484 αὐ-

154 5525 274 5587 τοὺς
317 5525 731 5595 κεκρατηκέναι
761 5521 853 5578 τοῦ
890 5523 1236 5594 τολμήματος
1280 5522 1313 5594 ἢ
1346 5522 1594 5594 θειοτέρα
1644 5524 1739 5576 καὶ

156 5612 291 5685 ὕτὲρ
335 5613 635 5686 ἄνθρωπον
661 5614 883 5684 δυνάμει
916 5615 1009 5666 καὶ
1046 5613 1306 5686 συνεργίᾳ
1338 5612 1432 5666 τοῦ
1467 5615 1738 5684 φήσαντος

159 5706 334 5770 αὐτοῖς
350 5725 363 5737 ·
379 5725 423 5759 Ἰ
456 5705 856 5777 Μαθητεύσατε
882 5709 1059 5761 πάντα
1084 5705 1152 5760 τά
1184 5706 1311 5779 ἔθνη
1335 5707 1393 5760 ὲν
1417 5706 1494 5776 τῷ
1515 5705 1737 5776 ὀνόματί

163 5818 274 5869 μου.
322 5821 342 5853 ι
387 5800 572 5855 Ἰιόῦτο
600 5799 644 5853 δ’
684 5795 777 5855 οὖν
806 5798 974 5855 εἰπὼν
1014 5798 1345 5870 ἐπισυνῆψεν
1383 5798 1734 5869 ἐπαγγελίαν,

1849 4613 2367 4684 probrosissimum,
2430 4618 2485 4667 et
2537 4611 2781 4665 omnium
2842 4608 3125 4664 hominum
3185 4606 3422 4662 scelera-

1846 4706 2078 4761 tissimis
2112 4704 2326 4774 injungi
2360 4703 2584 4758 solitum
2638 4700 2827 4756 crucis
2873 4698 3200 4770 supplicium
3236 4715 3250 4750 :
3293 4696 3419 4766 quis

1844 4814 1953 4852 non
2004 4798 2199 4852 merito
2230 4797 2355 4850 illos
2389 4801 2448 4849 ut
2501 4793 2782 4848 contraria
2831 4791 2935 4847 sibi
2981 4790 3118 4860 ipsis
3172 4788 3422 4856 dicentes

1842 4886 2328 4953 delusisset‘iQuis
2372 4894 2553 4941 autem
2600 4899 2774 4953 usque
2807 4883 2943 4938 adeo
2983 4880 3169 4935 fatuus
3202 4878 3418 4944 fuisset,

1845 4986 1905 5032 ut
1938 4978 2099 5033 facile
2148 4978 2399 5032 crederet
2439 4976 2754 5031 dicentibus
2786 4981 2950 5044 atque
2998 4970 3418 5033 afﬁrmantibus,

1841 5068 2045 5123 vidisse
2076 5083 2134 5123 se
2158 5075 2284 5138 post
2314 5073 2547 5121 mortem
2584 5067 2737 5119 illum
2763 5081 2794 5119 a
2825 5063 3063 5120 mortuis
3103 5061 3338 5118 rediisse
3356 5076 3423 5115 ac

1841 5159 2128 5225 revixisse,
2157 5158 2250 5228 qui
2280 5172 2350 5211 ne
2385 5166 2515 5210 tunc
2536 5156 2756 5225 quidem
2780 5152 3072 5224 cum-apud
3095 5153 3249 5208 vivos
3276 5158 3424 5206 esset

1842 5252 2080 5320 seipsum
2109 5249 2279 5303 tutari
2310 5247 2618 5319 potuisset?
2644 5247 2805 5317 138
2829 5244 2965 5312 Quis
2987 5259 3117 5300 vero
3153 5242 3424 5313 imperitis

1843 5342 1972 5406 illis,
2004 5349 2168 5411 atque
2200 5339 2530 5410 ignobilibus
2583 5353 2827 5408 unquam
2881 5337 3160 5407 paruisset
3188 5333 3426 5389 dicenti-

1839 5434 1965 5498 bus,
2014 5440 2268 5503 oportere
2319 5430 2452 5487 deos
2508 5430 2730 5501 quidem
2781 5429 2993 5500 patrios
3046 5433 3420 5492 contemnere,

1838 5535 1893 5581 et
1925 5525 2214 5582 stultitiam
2238 5524 2508 5587 omnium,
2537 5524 2631 5595 qui
2657 5538 2900 5593 unquam
2932 5522 3001 5575 ab
3033 5519 3191 5575 initio
3223 5518 3421 5571 huma-

1840 5619 1895 5673 ni
1929 5617 2146 5688 generis
2188 5615 2441 5679 fuissent,
2476 5616 2739 5671 damnare
2777 5635 2790 5669 :
2822 5615 2955 5670 solis
2986 5628 3119 5669 vero
3161 5610 3265 5667 sibi
3322 5624 3421 5680 pa-

1842 5722 1983 5772 rere,
2014 5713 2063 5762 et
2102 5706 2171 5762 iis
2205 5722 2326 5776 qua:
2362 5704 2658 5760 crucilixus
2695 5703 3080 5774 praecepisset?
3105 5701 3254 5755 hunc
3271 5699 3419 5752 enim

1842 5813 1963 5853 esse
2028 5797 2201 5852 solius
2262 5794 2503 5867 supremi
2560 5792 2655 5849 Dei
2705 5794 2883 5873 solum
2940 5792 3199 5849 dilectum
3256 5798 3420 5857 atque
