3828 6216
389 287 495 344 2ιὸ

1052 291 1322 350 EUSEBII
1353 291 1834 349 CJESARIENSIS
1870 293 2019 349 OPP.
2061 293 2243 350 PARS
2279 293 2344 349 ll.
2383 327 2456 337 —
2493 294 2993 352 APOLOGETICA.

3540 296 3644 351 ΞΗ

391 421 610 462 unicum
646 405 866 462 Filium.
904 405 1046 465 Sane
1068 413 1197 465 dum
1221 426 1322 482 ego
1356 427 1568 466 mecum
1597 411 1780 468 studio
1814 412 1928 467 veri

2035 413 2132 477 _6t’
2201 410 2287 487 ἧς·
2320 414 2543 486 ἔμελλον
2600 416 2916 485 ἐπιθαρῤεἴν
2983 413 3075 467 καὶ
3131 411 3420 483 προθύμως
3481 414 3646 466 ἐπιδι-

388 503 518 556 tatis
560 500 792 571 hujusce
838 502 915 557 rei
966 502 1235 557 rationem
1283 504 1527 573 exploro,
1558 504 1762 557 nullam
1799 504 1962 576 plane

386 591 447 647 in
478 607 545 647 ea
592 593 699 646 vim
748 593 818 648 ad
877 594 1221 664 probandum
1268 595 1542 659 idoneam,
1571 611 1746 666 neque
1795 611 1960 667 grave

384 682 684 755 quidquam
717 690 813 739 aut
844 685 950 740 fide
1000 685 1222 756 dignum
1275 685 1514 751 invenio,
1551 700 1615 740 ac
1663 701 1732 740 ne
1762 687 1963 757 proba-

386 779 493 834 bile
528 779 750 850 quidem
793 795 969 851 usque
998 780 1155 845 adeo,
1195 790 1257 835 ut
1296 781 1506 836 fatuum
1540 781 1731 836 saltem
1761 794 1957 850 quem~

383 872 527 942 piam
578 870 655 925 illi
688 872 743 927 in
783 887 937 928 suam
978 873 1303 929 sententiam
1339 874 1556 928 trahere
1588 878 1833 943 possent.
1887 868 1957 924 At

383 977 599 1028 rursus,
633 962 761 1017 dum
792 963 859 1018 ad
892 964 1067 1035 ipsius
1097 966 1247 1021 verbi
1279 965 1578 1036 potentiam
1607 963 1864 1035 respicio,
1896 971 1956 1016 ut

382 1052 877 1110 innumerabilibus
909 1055 1186 1110 hominum
1211 1056 1572 1111 conventibus
1593 1044 1961 1125 persuaserit.

379 1152 544 1217 atque
589 1153 646 1200 ut
691 1146 761 1201 ab
787 1146 922 1217 ipsis
969 1147 1078 1202 illis
1116 1148 1528 1218 ignobilissimis
1566 1155 1619 1201 et
1645 1147 1952 1217 agrestibus

377 1237 504 1293 Jesu
526 1238 832 1309 discipulis,
862 1242 1328 1296 numerosissimae
1360 1239 1617 1296 Ecclesiae
1640 1240 1952 1295 constitutae

2072 505 2223 559 δόναι
2280 509 2419 573 σφᾶς
2454 508 2651 570 αὐτοὺς
2681 510 2792 568 τοῖς
2824 504 3311 574 παρηγγελμένοις.
3346 505 3483 575 Φησὶ
3512 505 3644 574 γοῦν

2067 598 2250 662 αὐτοῖς
2275 616 2287 628 ·
2329 618 2345 650 ι
2380 600 2490 652 Καὶ
2524 600 2630 653 ἰδοὺ
2660 600 2770 665 ἐγὼ
2805 599 2923 670 μεθ’
2973 598 3127 668 ὑμῶν
3158 599 3272 670 εἰμι
3318 599 3499 661 πάσας
3544 599 3643 663 τὰς

2066 690 2280 761 ἡμέρας
2317 690 2426 753 ἕως
2448 691 2548 760 τῆς
2579 690 2887 753 συντελείας
2915 688 3009 743 τοῦ
3051 689 3266 754 αἰῶνος.
3304 709 3322 741 ι
3362 689 3523 743 Ἀλλὰ
3546 692 3642 743 καὶ

2065 778 2381 849 Πνεῦματος
2429 780 2613 843 αὐτοῖς
2667 779 2970 849 ἐμπνεῦσαι
3023 779 3241 847 λέγεται
3289 778 3454 843 θείου,
3506 778 3642 833 ἀλλὰ

2063 877 2158 930 ml.
2204 875 2433 947 δύναμιν
2478 876 2659 939 αὐτοῖς
2707 874 2887 929 ἔνθεον
2933 876 3028 930 ml.
3083 873 3508 947 παραδοξοποιδν
3540 891 3641 928 πει·

2063 967 2368 1037 ποιηκέναι,
2388 967 2509 1020 τοτὲ
2536 967 2633 1038 μὲν
2659 967 2855 1036 φήσας·
2886 984 2904 1016 ι
2938 965 3145 1019 Λάϐετε
3171 966 3397 1037 Πνεῦμα
3416 966 3590 1035 ἅγιον·
3614 987 3633 1017 ι

2060 1060 2180 1112 τοτὲ
2209 1059 2265 1111 δὲ
2299 1057 2466 1113 εἰπών
2487 1075 2500 1088 ·
2544 1077 2563 1109 ι
2614 1055 2998 1120 Ἀσθενοῦντας
3022 1057 3373 1128 θεραπεύετε,
3405 1058 3639 1129 λεπροὺς

2060 1148 2414 1219 καθαρίζετε,
2463 1148 2723 1219 δαίμονας
2773 1147 3082 1201 ἐκϐάλλετε·
3131 1148 3337 1220 δωρεὰν
3390 1147 3635 1210 ἐλάϐετε,

2059 1239 2269 1309 δωρεὰν
2298 1239 2436 1292 δότε.
2476 1258 2494 1290 ι

377 1330 507 1395 sin‘t,
542 1347 649 1387 non
675 1332 728 1386 in
753 1333 1076 1402 quibusdam
1107 1334 1307 1405 ignotis
1336 1341 1499 1402 atque
1546 1333 1798 1387 obscuris
1826 1332 1984 1398 locis,
2025 1331 2120 1387 sed
2185 1331 2236 1384 in
2292 1330 2615 1386 clarissimis
2658 1329 2970 1386 civitatibus
3013 1338 3227 1393 erectae,
3273 1333 3327 1387 in
3370 1331 3511 1401 ipsa,
3543 1331 3636 1386 in-

376 1436 561 1493 quam,
612 1423 842 1479 aliarum
892 1424 1109 1479 urbium
1164 1424 1376 1494 regina,
1414 1423 1663 1481 Romana
1706 1425 1861 1489 urbe,
1899 1424 1955 1477 in
1993 1423 2382 1486 Alexandrina,
2453 1422 2508 1477 in
2558 1423 2934 1487 Antiochensi,
2986 1438 3082 1493 per
3127 1430 3295 1478 totam
3333 1423 3634 1496 Egyptum

373 1530 438 1570 ac
469 1513 716 1586 Lyciam,
750 1532 849 1587 per
887 1515 1160 1588 Europam
1218 1525 1382 1587 atque
1425 1518 1632 1583 Asiam,
1694 1518 1748 1572 in
1813 1518 1949 1573 vicis
1979 1524 2033 1572 et
2070 1516 2407 1587 regionibus,
2440 1515 2698 1585 omnique
2744 1516 2905 1571 modo
2963 1516 3126 1572 variis
3153 1516 3405 1589 gentibus
3436 1537 3450 1571 :
3484 1525 3637 1572 retro

373 1625 543 1682 cogor
586 1618 915 1669 necessitate
947 1614 1201 1683 quadam,
1246 1612 1313 1667 ad
1354 1614 1526 1684 ipsius
1576 1614 1655 1668 rei
1715 1628 1939 1668 causam
1980 1611 2362 1683 inquirendam
2397 1625 2705 1675 recurrere,
2778 1610 3045 1681 faterique
3118 1628 3229 1667 non
3275 1612 3434 1667 aliter
3477 1612 3634 1682 ipsos

372 1704 588 1763 facinus
619 1716 727 1763 tam
762 1708 940 1763 audax
1001 1709 1326 1770 obtinuisse,
1366 1724 1528 1778 quam
1562 1709 1818 1764 diviniori
1885 1707 2119 1778 quadam
2173 1708 2441 1778 longeque
2498 1705 2792 1760 humanam
2817 1720 3108 1776 superante
3135 1706 3395 1775 potentia,
3417 1721 3633 1776 opeque

372 1810 535 1873 atque
593 1803 797 1857 auxilio
854 1801 1025 1865 illius,
1088 1801 1181 1872 qui
1217 1801 1472 1858 dixerat:
1510 1823 1528 1854 ι
1567 1801 1765 1871 Docele
1796 1818 1988 1858 omnes
2024 1809 2213 1873 gentes
2271 1802 2327 1856 in
2358 1800 2579 1857 nomine
2610 1815 2752 1855 meo.
2789 1819 2808 1851 ι
2843 1798 3120 1868 Siquidem
3156 1813 3279 1853 cum
3314 1798 3419 1853 hoc
3455 1800 3634 1857 dixis-

370 1902 474 1960 set,
528 1895 777 1965 adjunxit
835 1895 1185 1966 promissum,
1241 1910 1349 1965 quo
1417 1903 1604 1951 essent
1662 1895 1937 1965 accepturi
1976 1894 2389 1959 conﬁdentiam,
2426 1901 2480 1948 et
2518 1899 2767 1963 prompte
2831 1892 3087 1947 tradituri
3130 1892 3340 1963 seipsos
3397 1893 3466 1948 iis
3502 1909 3633 1964 quae

367 1987 688 2043 denuntiata
738 1988 874 2058 ipsis
926 1989 1182 2055 fuerant;
1225 1988 1364 2043 dixit
1425 1978 1591 2056 igitur
1642 1988 1710 2043 ad
1765 1988 1934 2043 illos:
1981 2006 1999 2039 ι
2043 1987 2108 2040 Et
2136 2001 2265 2042 ecce
2325 2001 2425 2056 ego
2492 1985 2775 2040 vobiscum
2810 1999 2931 2038 sum
2964 1999 3156 2038 omnes
3181 1983 3321 2048 dies,
3346 2001 3521 2056 usque
3549 1988 3623 2041 ad

367 2081 896 2137 consummationem
932 2082 1203 2136 saeculi".
1273 2101 1292 2134 ι
1343 2080 1486 2147 Quin
1523 2082 1688 2135 etiam
1726 2079 1938 2135 amasse
1976 2079 2100 2133 illos
2159 2078 2344 2133 divino
2376 2078 2585 2147 Spiritu
2616 2077 2839 2140 dicitur,
2908 2092 3121 2132 necnon
3160 2077 3401 2132 divinam
3430 2094 3627 2148 quam-

365 2170 513 2236 dam,
545 2178 599 2227 et
650 2186 758 2241 qua
788 2186 877 2226 res
899 2171 1249 2227 admirabiles
1307 2169 1600 2235 edicerent,
1639 2171 1934 2241 potentiam
1971 2170 2079 2225 illis
2112 2172 2483 2240 ingenerasse,
2520 2184 2668 2223 nunc
2697 2170 2915 2240 quidem
2950 2171 3083 2225 illud
3137 2171 3325 2227 dicens
3359 2190 3372 2225 :
3410 2190 3429 2222 ι
3463 2171 3627 2225 Acci-

366 2266 478 2336 pite
523 2263 787 2336 Spiritum
857 2276 1105 2321 sanctum
1159 2266 1253 2330 ⁸⁸,
1332 2284 1353 2317 ι
1416 2281 1564 2320 nunc
1620 2280 1750 2321 vero
1791 2266 1925 2321 illud
1988 2282 2003 2319 :

363 2359 567 2431 ejicite,
598 2359 769 2429 gratis
790 2358 1103 2429 accepistis,
1129 2360 1300 2429 gratis
1319 2359 1445 2415 date
1459 2359 1526 2411 ⁸³.
1562 2379 1580 2411 ι

2052 2284 2069 2313 ι
2111 2263 2359 2319 lnlirmos
2413 2273 2622 2329 curate,
2691 2264 2937 2334 leprosos
3005 2265 3296 2331 mundate,
3344 2266 3626 2323 daemonas

433 2450 601 2508 Vides
636 2451 803 2520 igitur
829 2453 943 2521 jam
993 2459 1052 2505 tu
1097 2467 1335 2522 quoque,
1373 2467 1612 2523 quonam
1651 2451 1813 2506 modo
1845 2468 1930 2506 su-

2117 2449 2355 2518 Συνορᾷς
2392 2445 2677 2518 τοιγαροῦν
2729 2446 2823 2500 ml.
2854 2447 3014 2511 αὐτὸς
3041 2448 3190 2512 ὅπως
3221 2450 3565 2522 κεκράτηκεν
3593 2454 3625 2506 ὁ

362 2543 633 2612 peraverit
667 2542 881 2595 illorum
902 2542 1041 2595 ratio
1064 2541 1315 2611 :quando
1348 2544 1512 2596 etiam
1544 2543 1703 2605 liber,
1728 2541 1941 2612 quiAc-

362 2647 416 2688 ta
432 2634 648 2688 il10rum
678 2633 939 2697 continet,
959 2634 1290 2692 conveniens
1314 2633 1399 2688 his
1432 2641 1485 2688 et
1510 2642 1938 2688 consentaneum

363 2720 571 2794 profert
594 2720 1010 2777 testimonium:
1054 2723 1144 2778 ubi
1185 2724 1288 2793 ipsi
1314 2738 1532 2794 quoque
1568 2729 1940 2777 memorantur

361 2816 479 2886 ipsa
514 2833 698 2876 rerum
743 2815 1147 2872 admirabilium
1188 2814 1476 2870 efﬁcientia
1502 2856 1518 2882 ,
1559 2830 1724 2886 quam
1774 2815 1940 2871 bene-

359 2907 480 2963 ficio
559 2909 801 2967 nominis
831 2908 963 2968 .lesu
1028 2908 1387 2971 obtinebant,
1454 2922 1551 2963 eos
1608 2908 1701 2977 qui
1767 2908 1937 2962 inter-

356 3006 515 3055 erant
601 3012 767 3075 atque
844 2999 1168 3070 spectabant
1249 2998 1513 3054 attonitos
1605 2997 1932 3055 reddidisse.

363 3091 523 3162 139
548 3090 793 3147 Primum
821 3092 966 3147 enim
1008 3092 1306 3147 verisimile
1330 3099 1435 3156 est,
1483 3107 1578 3147 eos
1604 3092 1697 3162 qui
1742 3108 1935 3147 cerne-

355 3185 509 3249 bant,
546 3184 711 3239 rebus
744 3184 878 3255 ipsis
912 3183 967 3239 et
997 3183 1157 3240 factis
1190 3186 1246 3237 in
1276 3194 1553 3255 stuporem
1583 3184 1651 3238 ab
1679 3184 1788 3240 illis
1812 3199 1933 3240 esse

355 3286 674 3336 conversos,
725 3272 802 3325 ita
850 3273 1046 3328 deinde
1090 3274 1310 3329 eosdem
1342 3275 1552 3330 alacres
1585 3282 1931 3346 comparatos

353 3364 421 3418 ad
448 3364 919 3436 interrogandum,
940 3365 1194 3435 quisnam
1226 3365 1315 3420 ille
1345 3374 1514 3431 esset,
1545 3365 1704 3435 cujus
1731 3367 1933 3422 virtute

351 3464 406 3515 et
439 3457 660 3513 nomine
705 3458 1031 3513 miraculum
1061 3458 1312 3514 effectum
1357 3467 1521 3515 esset.
1579 3459 1785 3515 Deinde
1833 3459 1931 3514 do-

352 3550 527 3606 cendo
569 3551 735 3607 iidem
785 3551 855 3606 ab
929 3551 1120 3609 iisdem
1176 3553 1719 3623 deprehendebantur
1787 3553 1925 3618 ﬁde,

352 3644 596 3713 ipsorum
646 3643 954 3699 doctrinam
1001 3647 1361 3700 antevenisse.
1404 3643 1525 3700 Non
1568 3644 1714 3699 enim
1746 3644 1928 3700 verbis

351 3736 621 3805 persuasi,
657 3737 754 3792 sed
789 3738 955 3793 rebus
982 3745 1038 3793 et
1067 3736 1228 3792 factis
1275 3738 1555 3807 praeventi,
1589 3735 1656 3790 ad
1689 3736 1744 3789 id
1779 3737 1926 3807 quod

2044 2542 2110 2594 δι’
2136 2541 2313 2593 αὐτῶν
2338 2539 2495 2608 λόγος
2513 2557 2526 2569 ’
2560 2541 2682 2593 ἐπεὶ
2710 2540 2806 2593 καὶ
2843 2540 3020 2593 αὐτῶν
3050 2543 3082 2612 ἡ
3119 2541 3299 2611 βίϐλος
3327 2543 3435 2598 τῶν
3473 2546 3629 2616 Πρά-

2042 2631 2176 2698 ξεων
2206 2631 2412 2703 συνῳδὶι
2453 2631 2662 2695 τούτοις
2706 2632 2802 2685 καὶ
2843 2631 3107 2703 σύμφωνα
3152 2638 3455 2706 μαρτυρεῖ·
3492 2636 3627 2693 ἔνθα

2044 2721 2381 2792 ἱστοροῦνται
2424 2721 2518 2774 καὶ
2551 2722 2703 2775 αὐτοὶ
2746 2725 2811 2792 τῇ
2843 2722 2952 2777 τῶν
2996 2722 3315 2795 παραδόξων
3366 2728 3626 2800 ἐνεργείᾳ.

2038 2811 2106 2864 δι’
2156 2811 2417 2882 ὀνόματος
2446 2814 2540 2865 τοῦ
2601 2813 2774 2884 Ἰησοῦ
2822 2813 2959 2885 πρὸς
3003 2814 3183 2867 αὐτῶν
3224 2817 3625 2892 ἐπιτελουμένῃ

2038 2904 2162 2966 τοὺς
2243 2903 2524 2973 παρόντας
2596 2905 2690 2957 ml.
2765 2904 2890 2967 τοῦς
2961 2902 3268 2976 Θεωμένους
3324 2906 3619 2977 ἐκπλῆξαι.

2051 2993 2401 3065 Ἐξέπληττον
2458 2994 2587 3066 γὰρ,
2649 2995 2724 3058 ὡς
2773 2996 2939 3061 εἰκὸς,
2993 2997 3081 3051 διὰ
3118 2997 3229 3050 τῶν
3269 2997 3446 3068 ἔργων
3488 3001 3621 3064 τοὺς

2038 3084 2343 3156 θεωμένους
2404 3087 2702 3158 πρότερον·
2751 3084 2850 3142 εἶθ’
2880 3089 3053 3153 οὕτως
3111 3089 3426 3162 προθύμους
3468 3087 3620 3162 εἶχον

2035 3179 2232 3241 αὐτοὺς
2284 3180 2376 3231 ἐπὶ
2407 3179 2466 3232 τὸ
2493 3179 2889 3249 φιλοπευστεῖν,
2918 3181 3003 3244 τίς
3042 3184 3159 3235 ποτ’
3179 3179 3246 3254 ἦν
3283 3177 3437 3247 οὗτος
3453 3179 3515 3238 οὗ
3547 3188 3615 3257 τῇ

2032 3270 2257 3341 δυνάμει
2297 3272 2391 3323 καὶ
2423 3272 2764 3343 προσηγορίᾳ
2795 3272 2856 3325 τὸ
2890 3271 3076 3344 θαῦμα
3105 3273 3346 3342 γέγονεν.
3377 3270 3513 3328 Εἶτα
3534 3275 3619 3329 δι-

2031 3363 2318 3426 δάσκοντες
2370 3364 2630 3436 ηὕρισκον
2683 3368 2747 3437 τῇ
2796 3366 2976 3419 πίστει
3012 3365 3313 3436 φθάνοντας
3344 3368 3445 3439 τὴν
3477 3369 3614 3441 παρ’

2030 3456 2209 3509 αὐτῶν
2249 3454 2616 3510 διδασκαλίαν.
2660 3457 2734 3509 Οὐ
2779 3456 2889 3528 γὰρ
2916 3460 3026 3520 τοῖς
3055 3456 3234 3527 λόγοις
3273 3458 3612 3525 πεισθέντες,

2028 3547 2163 3601 ἀλλὰ
2178 3550 2289 3611 τοῖς
2313 3546 2493 3619 ἔργοις
2528 3548 3127 3620 προσκαταληφθέντες,
3163 3549 3340 3622 ῥᾴδιον
3361 3551 3613 3604 ἐποιοῦν-

2026 3657 2089 3693 το
2149 3641 2248 3710 τὴν
2283 3642 2341 3693 ὲν
2374 3644 2486 3703 τοῖς
2535 3640 2712 3709 λόγοις
2743 3640 3000 3695 διάθεσιν.
3036 3642 3299 3710 Λέγονται
3341 3642 3472 3712 γοῦν
3504 3645 3612 3716 ἤδη

2026 3733 2166 3796 τινὲς
2218 3732 2508 3803 βουθυσίας
2559 3734 2653 3787 ml.
2703 3733 2931 3798 σπονδὰς
2974 3736 3051 3800 ὡς
3082 3736 3146 3790 ἂν
3180 3736 3279 3807 ἤδη
3318 3737 3461 3802 θεοῖς
3486 3734 3611 3791 οὖσι

347 3825 529 3881 verbis
565 3825 699 3896 ipsis
732 3827 1092 3883 obtinendum
1123 3835 1260 3893 erat,
1308 3826 1495 3882 faciles
1528 3828 1924 3898 comparaban-

2035 3831 2135 3890 τοῖς
2157 3828 2251 3880 τοῦ
2290 3828 2464 3900 Ἰησοῦ
2492 3830 2931 3902 προσαγηοχέναι
2951 3848 2963 3860 ·
3002 3832 3094 3884 ml.
3129 3830 3250 3884 τινὰ
3294 3830 3394 3902 μὲν
3426 3831 3611 3885 αὐτῶν

349 3925 457 3971 tur.
475 3915 594 3971 Jam
613 3917 820 3973 idcirco
838 3919 1099 3974 dicuntur
1129 3920 1409 3974 nonnullis
1438 3919 1573 3989 ipsis
1606 3917 1735 3974 Jesu
1761 3918 1923 3975 disci-

346 4008 490 4078 pulis
522 4019 780 4081 tanquam
810 4010 878 4067 iis
901 4011 996 4080 qui
1029 4011 1103 4065 dii
1133 4018 1319 4067 essent
1343 4011 1594 4066 victimas
1626 4019 1680 4066 et
1705 4012 1922 4067 libatio-

348 4117 444 4158 nes
474 4103 761 4171 obtulisse,
799 4110 853 4157 et
881 4105 1049 4158 alium
1080 4104 1299 4174 quidem
1328 4119 1394 4158 ex
1427 4102 1536 4158 illis
1569 4102 1919 4165 Mercurium,

343 4196 511 4251 alium
542 4212 673 4251 vero
699 4194 887 4252 Jovem
921 4196 1291 4257 existimasse,
1326 4211 1501 4266 usque
1544 4197 1680 4252 adeo
1702 4197 1920 4251 illorum

342 4295 556 4344 mentes
586 4296 809 4358 stupore
840 4288 1096 4344 affecerat
1134 4290 1251 4359 ipsa
1284 4288 1672 4342 miraculorum
1700 4289 1923 4345 eviden-

344 4382 455 4447 tia;
492 4396 556 4437 ac
571 4383 824 4451 protinus
854 4381 929 4434 ita
947 4379 1156 4436 all‘eetis
1189 4382 1554 4447 auditoribus,
1582 4397 1921 4453 quaecunque

339 4475 417 4528 illi
464 4474 531 4529 de
564 4473 1053 4530 Jesu’nuntiabant
1099 4474 1295 4529 merito
1333 4490 1461 4530 vera
1521 4491 1645 4531 esse
1689 4477 1919 4545 posthac

337 4565 741 4632 censebantur;
771 4565 1027 4634 illiusque
1060 4571 1185 4634 post
1214 4573 1440 4619 mortem
1474 4566 1710 4620 reditum
1743 4566 1798 4619 in
1835 4567 1918 4620 vi-

338 4666 489 4721 tam,
554 4673 664 4712 non
717 4657 1058 4726 simplicibus
1103 4664 1266 4726 atque
1332 4658 1914 4714 indemonstrabilibus

338 4749 522 4804 verbis
555 4749 1012 4814 testificabantur,
1048 4750 1142 4803 sed
1178 4752 1293 4818 ipsa
1322 4748 1593 4804 factorum
1640 4752 1913 4807 evidentia

338 4841 796 4911 eomprobabant;
823 4841 1026 4910 quippe
1052 4856 1175 4895 cum
1206 4842 1438 4897 viventis
1470 4844 1617 4897 illius
1653 4843 1795 4897 facta
1820 4844 1914 4900 de-

336 4940 725 4988 monstrarent.
750 4932 908 4999 Quod
940 4933 986 4986 si
1018 4939 1073 4986 et
1110 4931 1277 4986 Deum
1311 4933 1484 4997 illum,
1517 4942 1571 4989 et
1595 4932 1686 4989 Dei
1716 4933 1911 4988 Filium

334 5031 463 5078 ante
511 5039 804 5079 ascensum
830 5025 884 5078 in
918 5024 1117 5077 caelum
1167 5024 1454 5092 degentem
1500 5026 1643 5095 apud
1697 5025 1911 5080 Patrem

332 5118 702 5179 nuntiassent,
730 5130 829 5169 cur
862 5132 971 5170 non
1013 5118 1139 5171 huic
1185 5119 1418 5174 orationi
1450 5119 1666 5175 facilius
1699 5121 1912 5175 assensi

331 5216 537 5271 essent,
574 5208 669 5279 qui
709 5208 830 5277 ejus
872 5210 955 5264 rei
992 5212 1330 5265 contrarium
1355 5250 1370 5275 ,
1408 5220 1523 5266 tum
1570 5212 1910 5277 incredibile,

333 5307 445 5353 tum
477 5309 673 5369 praeter
716 5308 972 5354 naturam
1004 5303 1198 5357 merito
1225 5304 1648 5369 arbitrarentur,
1684 5306 1911 5373 ipsaque

330 5392 542 5447 ratione
575 5393 911 5463 colligerent,
941 5410 1049 5448 non
1074 5410 1236 5465 posse
1270 5394 1446 5465 putari
1475 5397 1722 5451 mortalis
1746 5404 1910 5450 natu-

334 5498 404 5537 rte
437 5484 528 5538 illa
563 5499 728 5554 Opera
776 5501 899 5540 esse
926 5503 1048 5557 quae
1101 5488 1318 5551 fiebant,
1375 5487 1471 5542 sed
1517 5486 1613 5542 Dei
1654 5488 1908 5557 alicujus,

330 5577 493 5630 etiam
524 5578 570 5632 si
600 5593 759 5632 nemo
781 5578 1024 5633 diceret?
1051 5577 1163 5634 Hoc
1188 5579 1353 5649 igitur
1374 5587 1512 5645 erat,
1545 5595 1722 5649 neque
1752 5580 1911 5650 quid-

1364 5736 1407 5766 ”
1444 5734 1629 5789 Matth.
1671 5752 1721 5801 Χ,
1759 5736 1811 5789 8.

399 5736 441 5765 ⁸⁷
475 5731 607 5789 ibid.
634 5735 723 5788 20.
803 5736 845 5767 ⁸⁸⁸
879 5734 1037 5789 Joan.
1070 5751 1159 5800 xx,
1196 5734 1284 5787 9.2.

2028 3917 2118 3969 τὸν
2160 3918 2366 3990 Ἑρμῆν
2400 3917 2559 3986 εἶναι,
2603 3921 2725 3974 τινὰ
2758 3921 2814 3974 δὲ
2846 3922 2935 3975 τὸν
2970 3922 3067 3974 Δία
3100 3921 3470 3992 νενομικέναι·
3521 3938 3612 3973 το-

2029 4007 2217 4063 σοῦτον
2237 4008 2414 4062 αὐτῶν
2443 4011 2541 4075 τάς
2566 4012 2803 4075 διανοίας
2829 4010 3151 4083 ἐξέπληττεν
3176 4013 3209 4082 ή
3230 4010 3338 4064 τῶν
3368 4011 3612 4082 παραδό-

2027 4101 2132 4165 ξων
2162 4102 2336 4175 ἔργων
2363 4105 2638 4170 ἐπίδειξις.
2673 4107 2780 4159 Καὶ
2807 4104 2869 4177 δὴ
2890 4104 3033 4159 οὕτω
3057 4103 3422 4175 διακειμένοις
3446 4102 3609 4155 πάνθ’

2023 4195 2123 4247 ὅσα
2158 4198 2286 4267 περὶ
2320 4198 2412 4251 τοῦ
2451 4199 2624 4270 Ἰησοῦ
2659 4198 3046 4270 κατήγγελλον,
3095 4198 3193 4269 ἤδη
3244 4196 3429 4250 λοιπὸν
3470 4197 3613 4268 ἁλη-

2024 4286 2201 4340 θεύειν
2234 4289 2468 4357 εὐλόγως
2496 4289 2839 4362 ἐνομίζοντο·
2876 4290 2971 4343 ml
3002 4292 3067 4360 τῇ
3096 4288 3239 4342 κατὰ
3266 4289 3357 4343 τὸν
3376 4288 3609 4342 θάνατον

2024 4377 2316 4433 ἀναϐιώσει
2344 4379 2508 4434 αὐτοῦ
2542 4382 2639 4452 οὐχ
2660 4381 2849 4444 ἁπλοῖς
2868 4381 2975 4434 οὐδ’
3001 4380 3406 4443 ἀναποδείκτοις
3429 4381 3610 4453 ἐμαρ-

2021 4473 2216 4545 τύρουν
2244 4472 2442 4542 λόγοις,
2478 4474 2543 4527 δι’
2561 4474 2731 4542 αὐτῆς
2755 4474 2797 4526 δ’
2832 4473 3110 4544 ἐνεργείας
3135 4472 3369 4535 ἔπειθον,
3401 4472 3610 4537 ζῶντος

2021 4564 2156 4636 ἔργα
2192 4566 2583 4637 παριστῶντες.
2606 4567 2682 4618 Ἐἰ
2725 4565 2781 4618 δὲ
2819 4567 2915 4619 καὶ
2953 4565 3085 4619 Θεὸν
3125 4565 3287 4618 αὐτὸν
3325 4565 3419 4618 καὶ
3463 4563 3605 4618 Θεοῦ

2020 4659 2188 4710 Παῖδα
2224 4658 2328 4730 πρὸ
2355 4659 2451 4729 τῆς
2481 4661 2561 4722 εἰς
2594 4659 2910 4731 ἀνθρώπους
2940 4658 3169 4728 ὲφίξεως
3198 4656 3353 4728 παρὰ
3380 4656 3460 4727 τῷ
3491 4658 3607 4710 Πα-

2017 4750 2107 4820 τρὶ
2151 4750 2483 4820 τυγχάνοντα
2512 4750 2896 4821 κατήγγελλον,
2932 4751 3025 4803 καὶ
3065 4750 3237 4821 τούτῳ
3261 4750 3380 4814 πῶς
3404 4752 3504 4805 οὐκ
3537 4753 3604 4805 ἂν

2020 4843 2347 4912 προσέθεντο
2397 4842 2616 4914 μᾶλλον,
2665 4842 2728 4896 τὸ
2772 4843 3012 4896 ἐναντίον
3059 4842 3287 4897 ἄπιστον
3334 4840 3476 4897 εἶναι
3504 4845 3602 4898 ml.

2018 4934 2276 4988 ἀδύνατον
2326 4935 2617 5006 ἡγούμενοι
2656 4935 2899 4999 εἰκότως,
2945 4935 3289 5006 λογισάμενοι
3341 4935 3416 5007 μὴ
3440 4936 3603 4991 δύνα-

2021 5027 2145 5081 σθαι
2177 5027 2373 5098 θνητῆς
2399 5027 2534 5098 ἔργα
2563 5026 2776 5094 φύσεως
2802 5024 2941 5080 εἶναι
2963 5026 3203 5098 νομίζειν
3235 5028 3301 5081 τὰ
3321 5027 3601 5099 δρώμενα,

2018 5118 2154 5172 ἀλλὰ
2185 5118 2341 5181 Θεοῦ,
2370 5118 2473 5171 κᾶν
2511 5119 2583 5190 μὴ
2617 5118 2750 5189 λέγῃ
2780 5134 2897 5183 τις;
2947 5116 3102 5170 Τοῦτ’
3135 5113 3202 5188 ἦν
3231 5118 3343 5189 ἄρα
3380 5119 3476 5172 καὶ
3507 5120 3600 5171 οὐ.

2016 5212 2104 5265 δὲν
2128 5211 2254 5266 ἄλλο
2277 5212 2336 5264 τὸ
2370 5210 2600 5282 ζητηθέν
2622 5210 2754 5263 αὐτὸ
2773 5212 2971 5274 ἐκεῖνο,
2999 5211 3160 5281 ὁποίᾳ
3191 5210 3419 5281 δυνάμει
3440 5229 3600 5282 περι-

2016 5303 2270 5373 γεγόνασι
2309 5304 2416 5356 τῶν
2457 5303 2514 5354 ὲν
2548 5302 2742 5372 ἀρχαῖς
2775 5303 3139 5373 ἀκροωμένων
3183 5303 3232 5355 οἱ
3280 5302 3374 5355 τοῦ
3422 5304 3598 5373 Ἰησοῦ

2017 5397 2275 5469 μαθηταὶ,
2323 5397 2417 5449 καὶ
2461 5397 2608 5460 ὅπως
2640 5395 2907 5465 Ἕλληνας
2948 5394 3084 5465 ὁμοῦ
3133 5396 3226 5447 ml
3282 5395 3596 5466 βαρϐάρους

2013 5487 2086 5550 ὡς
2108 5480 2231 5551 περὶ
2253 5482 2426 5551 Λόγου
2448 5486 2581 5539 Θεοῦ
2600 5504 2728 5557 περι
2754 5485 2918 5539 αὐτοῦ
2947 5488 3159 5557 φρονεῖν
3185 5486 3431 5549 ἔπεισαν,
3448 5486 3598 5547 ὅπως

2013 5597 2070 5631 τε
2115 5579 2169 5632 ἐν
2210 5578 2398 5648 μέσαις
2430 5581 2547 5640 ταῖς
2581 5578 2763 5631 πόλεσι
2817 5578 2910 5631 καὶ
2945 5575 3047 5631 ἀνὰ
3085 5576 3181 5639 τὰς
3213 5574 3400 5647 χώρας
3442 5575 3598 5628 εὐσε-
