3828 6216
197 321 286 376 2ιὸ

1068 308 1723 365 DEMONSTRATIONIS
1763 306 2224 362 EVANGELICA‘.
2261 305 2369 362 LIB
2410 305 2473 359 Ill

3318 301 3425 357 Ήϐ

198 434 322 495 ϐείας
352 432 458 495 ἐνὸς
487 430 583 484 τοῦ
617 430 709 483 ἐπὶ
736 430 950 483 πάντων
978 427 1114 481 Θεοῦ
1170 427 1564 496 συνεστήσαντο
1591 424 1735 477 διδα-

1840 439 2004 495 quam
2046 423 2216 485 aliud,
2252 421 2431 491 ipsum
2474 419 2659 489 utique
2689 417 2821 473 illud
2864 415 3011 488 quod
3052 421 3423 487 quaerebatur.

199 525 408 579 σκαλεία.

1840 530 2076 589 quanam
2121 516 2174 570 vi
2218 513 2473 582 discipuli
2517 511 2671 577 Jesu,
2704 525 2893 566 eorum
2924 509 3017 581 qui
3046 510 3115 564 ab
3139 510 3294 565 initio
3325 526 3426 567 au-

195 620 383 675 diebant
413 617 646 672 victores
687 614 908 680 fuerint,
943 623 998 671 et
1029 612 1305 685 quomodo
1353 618 1463 666 tam
1500 609 1722 665 Graecos
1761 623 1925 681 quam
1954 608 2239 673 barbaros,
2273 614 2334 660 ut
2384 606 2453 662 de
2481 605 2574 662 illo
2603 614 2864 675 tanquam
2913 602 2981 657 de
3002 601 3111 657 Deo
3159 602 3427 658 sentirent

193 714 512 779 adduxerim,
556 721 611 770 et
644 714 918 785 quomodo
951 714 1006 767 in
1052 711 1248 767 mediis
1287 705 1516 763 urbibus
1548 718 1611 758 ac
1638 718 1736 773 per
1772 717 1964 758 omnes
1995 703 2268 771 regiones,
2294 701 2573 773 religionis
2597 717 2705 773 qua
2761 716 2906 757 unus
2946 715 3235 772 supremus
3278 696 3425 753 Deus

194 807 378 871 colitur,
411 805 623 861 scholas
674 812 838 875 atque
869 803 1141 859 auditoria
1185 798 1592 856 constituerint.

249 898 420 952 Καίτοι
447 897 530 961 τίς
557 898 659 950 οὐκ
685 895 753 950 ἂν
777 895 1093 967 θαυμάσειε,
1130 893 1266 965 πρὸς
1296 890 1474 963 ἐαυτῷ
1495 889 1737 957 ἐπιλογι-

193 993 394 1063 σάμενος
442 989 536 1044 καὶ
569 988 913 1061 ἐνθυμηθεὶς,
957 988 1036 1053 ὡς
1080 989 1179 1043 οὐκ
1207 985 1547 1057 ἀνθρώπινον
1577 978 1646 1053 ἦν
1675 980 1737 1033 τὸ

194 1084 295 1156 μηδ’
321 1082 497 1137 ἄλλοτε
544 1081 650 1135 ὑπὸ
705 1080 834 1152 μίαν
879 1080 977 1151 τὴν
1041 1077 1326 1149 Ῥωμαίων
1374 1073 1626 1144 γενέσθαι
1667 1070 1738 1123 τὰ

194 1175 386 1228 πλεῖστα
407 1174 504 1243 τῆς
530 1172 855 1245 οἰκουμένης
880 1172 1029 1242 ἔθνη,
1075 1171 1190 1225 ἀλλ’
1220 1170 1328 1224 ἀπὸ
1361 1167 1470 1221 τῶν
1501 1165 1596 1220 τοῦ
1634 1166 1738 1236 ἰη-

191 1267 268 1321 σοῦ
301 1265 529 1338 χρόνων;
563 1264 714 1335 ’Ἅμα
747 1262 857 1335 γὰρ
883 1265 950 1333 τῇ
981 1265 1062 1326 είς
1085 1260 1403 1333 ἀνθρώπους
1429 1257 1594 1311 αὐτοῦ
1636 1272 1741 1310 πα-

189 1356 364 1430 ραδόξῳ
390 1355 650 1427 ἐπιδημίᾳ
685 1356 779 1409 καὶ
801 1354 872 1408 τὰ
905 1354 1193 1426 Ῥωμαίων
1226 1351 1473 1422 ἀκμάσαι
1508 1348 1737 1419 συνηνέ-

186 1447 291 1519 χθη,
323 1447 435 1500 τότε
489 1447 705 1521 πρῶτον
745 1446 1056 1515 Αὐγούστου
1098 1444 1209 1497 τῶν
1256 1444 1521 1497 πλείστων
1564 1440 1733 1494 ἐθνῶν

186 1541 619 1612 μοναρχήσαντος,
676 1539 801 1593 καθτ
840 1538 921 1603 ὃν,
974 1538 1332 1609 Κλεοπάτρας
1390 1535 1644 1607 ἀλούσης,
1697 1535 1731 1604 ή

181 1630 283 1683 κατ’
313 1631 577 1701 Αἴγυπτον
617 1630 727 1684 τῶν
758 1630 1110 1702 Πτολεμαίων
1148 1628 1368 1701 διαδοχὴ
1401 1628 1590 1682 λέλυτο
1609 1645 1623 1658 ·
1672 1626 1734 1691 ἐξ

180 1724 363 1778 ἐκείνου
403 1741 460 1776 τε
508 1724 603 1777 καὶ
629 1725 710 1787 είς
739 1722 901 1796 δεῦρο
931 1723 992 1776 τὺ
1016 1723 1109 1776 ἀπ’
1136 1722 1354 1786 αἰῶνος,
1386 1723 1478 1776 καὶ
1509 1723 1603 1776 ἀπ’
1630 1722 1733 1774 αὐ-

182 1811 283 1881 τῆς,
305 1810 375 1874 ὡς
397 1813 591 1875 εἰπεῖν,
613 1812 714 1882 τῆς
735 1794 959 1884 πρώτης
984 1812 1327 1885 ἀνθρωπείας
1349 1812 1548 1865 συστὰν
1568 1811 1734 1880 Λίγύ-
1766 1794 1807 1849 Β

178 1921 293 1958 πτου
320 1903 582 1975 βασίλειον
623 1904 903 1976 καθῄρητο
926 1922 939 1935 ο
978 1904 1039 1969 ἐξ
1066 1905 1275 1958 ἐκείνου
1303 1920 1363 1956 τε
1397 1904 1491 1957 καὶ
1516 1903 1578 1956 τὸ
1612 1904 1737 1956 Ἰου-

177 1996 318 2050 δαίων
362 1995 513 2061 ἐθνος
553 1997 839 2067 Ῥωμαίων
869 1996 1053 2050 δοῦλον
1083 1997 1294 2065 γέγονε,
1330 1996 1422 2049 κα)⁸
1455 1995 1517 2048 τὸ
1550 1994 1736 2067 Σύρων

176 2088 426 2153 ὡσαύτως,
450 2089 837 2143 Καππαδόκων
856 2107 915 2142 τε
946 2090 1042 2143 καὶ
1072 2089 1418 2151 Μακεδόνων,
1449 2089 1543 2141 καὶ
1574 2087 1734 2141 Βιθυ-

179 2181 287 2244 νῶν,
311 2182 401 2234 xui
446 2181 739 2253 Ἑλλήνων,
771 2182 865 2235 καὶ
889 2181 1162 2234 συνελόντι
1196 2182 1360 2249 φάναι
1392 2179 1500 2233 τῶν
1532 2180 1736 2235 λοιπῶν

172 2274 266 2328 τῶν
288 2274 385 2328 ὑπὸ
410 2275 513 2347 τὴν
550 2275 836 2345 Ῥωμαίων
865 2274 1041 2346 ἀρχὴν
1073 2274 1346 2327 ἁπάντων.
1384 2273 1555 2326 Τοῦτο
1577 2273 1633 2325 δὲ
1653 2274 1735 2326 ὅτι

175 2367 239 2439 μὴ
269 2368 407 2423 ἀθεεὶ
431 2372 500 2440 τῇ
534 2369 663 2439 περὶ
696 2366 789 2420 τοῦ
820 2368 1073 2440 Σωτῆρος
1098 2366 1253 2438 ἡμῶν
1277 2365 1593 2437 διδασκαλίᾳ
1621 2382 1747 2418 συν-

171 2456 416 2526 εισῆλθεν,
450 2459 539 2522 τίς
574 2458 675 2511 ούκ
707 2456 773 2510 ἂν
798 2457 1174 2528 ὁμολογήσειε,
1211 2455 1533 2525 διανοηθεὶς,
1564 2456 1639 2518 ώς
1672 2472 1732 2507 ου

172 2552 330 2623 ῥᾴδιον
355 2547 422 2623 ἦν
443 2555 562 2615 τοῖς
594 2548 862 2623 μαθηταῖς
888 2548 1055 2602 αὐτοῦ
1089 2548 1314 2620 πορείαν
1345 2548 1440 2601 ἐπὶ
1465 2547 1564 2617 τῆς
1590 2546 1736 2599 ἀλλο-

167 2642 322 2714 δαπῆς
384 2643 699 2697 στείλασθαι
722 2682 738 2706 ,
802 2639 1104 2695 διεστώτων
1169 2640 1306 2712 πρὸς
1367 2638 1573 2710 ἄλληλα
1626 2639 1734 2693 τῶν

166 2736 334 2801 ἐθνῶν,
378 2738 471 2791 καὶ
508 2736 779 2808 μηδεμιᾶς
825 2733 992 2805 οὔσης
1030 2734 1088 2786 ἐν
1122 2733 1303 2796 αὐτοῖς
1336 2730 1614 2802 ἐπιμιξίας
1647 2729 1737 2783 διὰ

164 2828 252 2891 τὰς
291 2827 492 2893 πολλὰς
537 2826 863 2898 ἐθναρχίαςο
899 2820 976 2879 ὧν
1020 2825 1466 2898 περιῃρημένων,
1518 2822 1736 2891 ἀφόϐως

165 2921 252 2991 ἠδη
276 2921 366 2975 καὶ
382 2923 473 2977 ἐπ’
506 2921 694 2984 ἀδείας
722 2921 785 2975 τὸ
809 2920 1168 2992 προκείμενον
1186 2920 1365 2990 ἤνυον,
1390 2920 1490 2991 τὴν
1510 2918 1733 2989 πορείαν

168 3014 330 3078 αὐτοῖς
360 3013 928 3086 προεξευμαρίσαντος
957 3011 1052 3065 τοῦ
1080 3013 1173 3065 ἐπὶ
1205 3011 1422 3065 πάντων
1452 3010 1610 3077 Θεοῦ,
1639 3012 1733 3066 καὶ

162 3107 277 3169 τοὺς
325 3105 535 3178 θυμοὺς
592 3106 705 3159 τῶν
751 3105 895 3160 κατά
927 3105 1110 3168 πόλεις
1145 3104 1553 3177 δεισιδαιμόνων
1582 3106 1733 3177 φόϐῳ
1760 3147 1802 3204 C

163 3196 251 3266 τῆς
303 3199 551 3269 μείζονος
606 3200 782 3271 ἀρχῆς
810 3196 1299 3264 καταστείλαντος;
1333 3198 1559 3267 Λόγισαι
1602 3197 1731 3270 γὰρ,

161 3288 245 3352 ὡς,
276 3293 322 3344 εἰ
374 3292 546 3363 μηδὲν
586 3292 647 3344 τὸ
677 3291 885 3349 κωλῦον
923 3287 992 3364 ἦν
1031 3293 1159 3357 τοὺς
1199 3292 1326 3364 περὶ
1350 3291 1449 3362 τὴν
1479 3290 1735 3344 πολύθεον

164 3381 351 3453 τὸάνην
396 3382 774 3454 ἐπτοημένους
820 3386 887 3454 τῇ
942 3383 1038 3437 τοῦ
1082 3382 1319 3455 Χριστοῦ
1368 3382 1622 3453 πολεμεῖν
1658 3381 1737 3435 δι-

160 3476 426 3549 δασκαλία,
486 3477 661 3531 πάλαι
702 3477 767 3531 ἂν
812 3477 989 3551 ἐώρας
1041 3478 1184 3533 κατά
1236 3479 1421 3543 πόλεις
1470 3479 1563 3532 καὶ
1594 3478 1736 3532 κατά

162 3570 349 3640 ἀγροὺς
365 3569 672 3641 ἐμφυλίους
694 3569 932 3634 στάσεις,
961 3570 1235 3642 διωγμούς
1254 3588 1313 3623 τε
1346 3571 1441 3624 καὶ
1466 3570 1735 3642 πολέμους

159 3661 211 3712 ού
237 3661 357 3725 τοὺς
375 3662 768 3732 τυγχάνοντας,
803 3664 852 3715 εί
880 3663 943 3734 δὴ
969 3664 1054 3732 ἐφ’
1077 3665 1304 3728 ἑαυτοὺς
1330 3659 1474 3733 εἶχον
1494 3664 1543 3716 οἱ
1573 3663 1736 3716 δεισι-

158 3751 392 3823 δαίμονες
423 3757 530 3827 τὴν
564 3756 653 3808 ἐπ’
688 3754 868 3809 αὐτῶν
908 3755 1178 3823 ἐξουσίαν.
1223 3755 1337 3809 Νῦν
1361 3756 1416 3808 δὲ
1451 3757 1544 3809 καὶ
1575 3754 1735 3808 τοῦτο

159 3844 281 3897 Θεοῦ
304 3846 398 3899 τοῦ
433 3847 532 3902 ἐπὶ
568 3846 785 3901 πάντων
811 3846 972 3917 ἔργον
996 3843 1085 3918 ἦν,
1115 3848 1175 3900 τὸ
1209 3846 1414 3919 μείζονι
1457 3847 1608 3918 φόϐῳ
1636 3848 1734 3919 τῆς

159 3933 399 3989 ἀνωτάτω
424 3935 628 4008 ἀρχῆς,
649 3937 777 3999 τοὺς
801 3935 1028 4007 ἐχθροὺς
1046 3934 1140 3988 τοῦ
1167 3935 1367 3988 οἰκείου
1389 3933 1549 4002 λόγου
1574 3950 1737 3987 κατα-

159 4023 421 4081 δουλῶσαι.
470 4028 813 4099 Προκόπτειν
851 4027 961 4099 γὰρ
1006 4027 1167 4080 αὐτὸν
1194 4028 1484 4098 ὁσημέραι,
1527 4026 1620 4080 καὶ
1655 4028 1735 4089 είς

162 4117 356 4182 πάντας
386 4117 717 4190 ἀνθρώπους
746 4117 931 4182 αὔξειν
969 4117 1233 4187 βούλεται.
1268 4116 1435 4170 Πάλιν
1470 4133 1530 4169 τε
1559 4110 1626 4169 αὖ
1660 4115 1734 4178 ῶς

161 4208 227 4278 μὴ
247 4209 528 4282 νομισθείη
552 4209 697 4263 κατά
725 4209 1068 4281 συγχώρησιν
1095 4209 1203 4263 τῶν
1223 4208 1566 4281 κρατούντων
1586 4207 1737 4278 διαρ-

158 4300 346 4365 κέσειν,
398 4301 589 4355 εἴποτέ
641 4319 726 4366 τις
770 4301 973 4355 τούτων
1017 4302 1252 4374 πονηρίᾳ
1285 4301 1508 4369 ληφθεὶς
1538 4300 1613 4372 τῷ
1639 4300 1734 4353 τοῦ

156 4392 382 4464 Χριστοῦ
408 4394 561 4465 λόγῳ
583 4393 839 4465 πολεμεῖν
863 4393 1149 4466 προῦθετο,
1168 4395 1262 4447 καὶ
1289 4393 1446 4447 τοῦτο
1472 4393 1736 4465 πράττειν

1909 880 2203 946 Caeterum,
2236 881 2361 952 quis
2400 896 2511 937 non
2542 882 2919 952 Obstupescat,
2946 896 3133 938 secum
3173 883 3422 954 cogitans

1841 982 2005 1047 atque
2051 976 2236 1029 animo
2275 989 2523 1037 versans,
2571 990 2684 1028 non
2737 974 3034 1029 humanum
3088 974 3194 1030 hoc
3251 974 3424 1033 fuisse

1840 1084 1999 1139 opus,
2029 1068 2115 1122 vel
2139 1082 2208 1122 ex
2232 1082 2299 1121 eo
2325 1067 2471 1137 quod
2490 1081 2766 1136 nunquam
2792 1066 2928 1122 alias
2956 1066 3060 1122 sub
3085 1081 3194 1121 uno
3228 1065 3426 1122 Roma-

1840 1174 2037 1215 norum
2088 1158 2318 1229 imperio
2358 1158 2606 1227 plurimae
2648 1159 2800 1213 orbis
2848 1165 3036 1228 gentes
3069 1174 3193 1215 esse
3224 1165 3419 1230 potuc-

1840 1259 1990 1317 runt,
2025 1252 2131 1307 nisi
2166 1250 2468 1306 secundum
2511 1249 2642 1305 Jesu
2673 1251 2962 1320 tempora?
2993 1249 3129 1306 Nam
3163 1251 3327 1308 simul
3355 1266 3420 1306 ac

1835 1346 1927 1401 ille
1952 1344 2353 1399 admirabiliter
2379 1346 2445 1400 ad
2485 1342 2735 1399 homines
2768 1344 2937 1409 venit,
2963 1353 3126 1415 atque
3153 1344 3297 1400 inter
3321 1344 3453 1407 ho-.

1834 1440 2013 1495 mines
2040 1448 2289 1497 versatus
2312 1449 2419 1506 est,
2443 1439 2607 1494 etiam
2641 1455 2729 1495 res
2753 1439 3028 1495 Romanas
3049 1437 3119 1493 ad
3142 1453 3419 1494 summum

1834 1531 2154 1603 pervenisse
2201 1532 2455 1601 contigit,
2491 1545 2601 1601 quo
2632 1531 2865 1601 primum
2895 1539 3138 1600 tempore
3169 1528 3421 1586 videlicet

1835 1625 2138 1695 Augustus,
2167 1625 2531 1694 plurimarum
2561 1626 2806 1693 gentium
2835 1623 3091 1679 dominus
3122 1622 3317 1678 evasit.
3359 1621 3420 1677 ld

1832 1732 1963 1773 vero
1983 1714 2085 1771 fuit
2128 1731 2256 1770 cum
2288 1723 2342 1770 et
2370 1714 2658 1784 Clcopatra
2688 1723 2846 1785 capta
2874 1722 2980 1779 est,
3007 1723 3061 1770 et
3089 1712 3419 1770 Ptolemaeo-

1838 1827 1957 1866 rum
1978 1810 2260 1865 successio
2275 1809 2331 1863 in
2362 1808 2601 1879 Egypto
2630 1807 2921 1871 dissoluta,
2955 1817 3121 1877 atque
3139 1822 3206 1862 ex
3243 1806 3339 1862 illo
3363 1806 3418 1862 in

1837 1904 1984 1960 hunc
2023 1918 2198 1973 usque
2222 1903 2388 1970 diem,
2424 1901 2570 1973 quod
2593 1901 2661 1955 ab
2693 1901 2852 1955 initio
2873 1901 3046 1964 orbis,
3090 1898 3252 1971 140
3267 1910 3321 1954 et
3348 1900 3425 1954 ab

1836 2000 1978 2069 ipsa,
2013 2006 2074 2051 ut
2093 1997 2168 2051 ita
2196 1995 2399 2060 dicam,
2434 1995 2718 2049 hominum
2739 1992 2972 2063 origine,
2998 1999 3226 2047 steterat
3250 1989 3420 2061 [Egy-

1836 2090 1911 2161 pti
1943 2103 2193 2159 regnum,
2222 2101 2476 2143 eversum
2500 2092 2607 2142 est.
2637 2083 2716 2139 Ex
2742 2084 2836 2143 illo
2863 2081 3174 2138 Iudaeorum
3202 2096 3420 2151 quoque

1836 2183 1987 2238 natio
2018 2197 2049 2235 a
2092 2179 2356 2235 Romanis
2404 2179 2459 2234 in
2498 2178 2817 2233 servitutem
2861 2175 3105 2241 redacta,
3153 2170 3419 2244 Syrorum

1836 2274 1987 2339 item,
2023 2279 2078 2327 et
2116 2269 2522 2342 Cappadocum,
2560 2277 2616 2324 et
2655 2267 3035 2345 Macedonum,
3067 2272 3122 2321 et
3154 2264 3419 2336 Bithyno-

1837 2380 1982 2428 rum,
2012 2372 2066 2419 et
2094 2363 2429 2429 Graecorum,
2458 2377 2522 2417 ac
2551 2360 2789 2430 denique
2810 2360 3150 2430 reliquorum
3173 2356 3420 2412 omnium

1835 2457 1932 2528 qui
1963 2456 2210 2512 Romano
2245 2456 2475 2527 imperio
2503 2462 2810 2510 cesserunt.
2842 2451 2957 2507 Hoc
2984 2458 3167 2506 autem
3193 2466 3305 2506 non
3337 2450 3419 2506 si-

1835 2566 1906 2606 ne
1936 2550 2068 2613 Deo,
2101 2563 2206 2603 una
2235 2564 2362 2603 cum
2392 2547 2644 2602 doctrina
2677 2561 2799 2616 quae
2822 2544 2892 2599 de
2922 2543 3203 2598 Salvatore
3230 2551 3421 2599 nostra

1838 2642 2095 2706 ferretur,
2126 2640 2406 2697 introiisse
2429 2640 2486 2693 in
2517 2639 2730 2702 orbem,
2761 2638 2887 2708 quis
2912 2651 3020 2691 non
3053 2635 3307 2702 fateatur,
3339 2650 3423 2691 rc-

1836 2741 2038 2804 putans
2065 2748 2177 2788 non
2216 2731 2430 2787 facilem
2460 2730 2589 2789 Jesu
2628 2729 2914 2800 discipulis
2957 2736 3308 2783 externarum
3339 2742 3422 2783 re-

1836 2826 2058 2898 gionum
2093 2826 2534 2896 peragrationem
2563 2823 2800 2878 futuram
2830 2820 3021 2886 fuisse,
3050 2820 3097 2876 si
3118 2826 3309 2891 gentes
3335 2819 3420 2873 in-

1836 2927 1920 2975 ter
1958 2934 2019 2974 se
2057 2918 2245 2973 divisa:
2277 2916 2671 2986 discordesque
2718 2914 2970 2972 fuissent.
3020 2927 3198 2981 neque
3248 2911 3419 2966 ullum

1836 3026 2086 3083 prorsus,
2113 3010 2185 3066 ob
2215 3010 2545 3081 multiplices
2570 3008 2932 3079 principatus,
2964 3006 3106 3061 inter
3126 3005 3250 3060 illas
3275 3019 3422 3059 com-

1838 3102 2133 3168 mercium;
2182 3100 2381 3172 quibus
2434 3114 2566 3155 sane
2594 3098 2826 3156 sublatis
2860 3095 3281 3169 principatibus,
3332 3095 3421 3150 in-

1836 3193 2047 3265 trepide
2098 3192 2211 3265 jam
2261 3200 2425 3263 atque
2471 3192 2693 3262 impune
2744 3191 3019 3261 negotium
3077 3188 3418 3259 propositum

1837 3286 2270 3356 compleverunt,
2304 3300 2430 3340 cum
2464 3298 2758 3355 supremus
2790 3282 2937 3338 Deus
2968 3290 3023 3339 et
3052 3283 3158 3338 iter
3185 3280 3294 3337 illis
3325 3295 3423 3336 ex-

1837 3377 2080 3447 peditum
2111 3393 2176 3432 ac
2210 3376 2369 3432 facile
2413 3383 2778 3447 compararet,
2821 3384 2876 3431 et
2909 3375 3421 3446 superstitiosorum

1838 3471 1894 3525 in
1926 3469 2244 3525 civitatibus
2282 3468 2497 3524 animos
2520 3476 2730 3525 terrore
2766 3468 2993 3538 majoris
3019 3464 3237 3537 imperii
3266 3463 3423 3519 cohi-

1837 3562 2031 3617 heret?
2062 3560 2276 3633 Reputa
2310 3561 2457 3617 enim
2498 3570 2677 3617 tecum
2701 3575 2997 3632 parumper
3029 3579 3043 3615 :
3072 3558 3120 3614 si
3156 3559 3306 3614 nulla
3332 3571 3424 3614 res

1837 3653 2229 3724 impedimento
2272 3654 2468 3710 fuisset
2503 3654 2571 3710 iis
2601 3655 2695 3727 qui
2723 3668 2913 3709 errore
2960 3651 3175 3708 colendi
3218 3651 3424 3706 multos

1836 3747 1969 3801 deos
2016 3747 2366 3813 tenebantur,
2423 3761 2492 3801 ne
2543 3746 2853 3801 doctrinam
2884 3742 3089 3799 Christi
3140 3756 3425 3814 oppugna-

1836 3848 1980 3905 rent,
2005 3858 2168 3912 quam
2202 3842 2402 3896 multas
2430 3842 2666 3897 antehac
2700 3841 2890 3896 civiles
2945 3838 3263 3904 seditiones,
3287 3845 3343 3893 et
3365 3837 3424 3893 in

1837 3935 2067 3991 urbibus
2099 3935 2231 3990 etin
2253 3937 2400 4006 agris
2435 3935 2670 3992 vidisses
2705 3955 2718 3990 :
2751 3944 2885 4005 quot
2909 3934 3249 3999 vexationes,
3284 3938 3418 4003 quot

1838 4027 1979 4082 bella
2017 4043 2129 4082 non
2165 4028 2466 4083 mediocria
2493 4028 2586 4082 illa
2620 4027 2867 4098 quidem,
2934 4027 2980 4084 si
3048 4025 3417 4098 superstitiosi

1837 4117 1916 4172 illi
1967 4133 2081 4173 suae
2134 4118 2378 4188 ipsorum
2429 4121 2717 4190 potestatis
2767 4119 3023 4184 fuissent,
3057 4134 3121 4174 ac
3168 4132 3426 4189 penesse

1832 4211 1926 4281 jus
1958 4208 2174 4282 imperii
2204 4211 2721 4268 habuissent.Nunc
2751 4221 2933 4269 autem
2963 4212 3068 4268 hoc
3089 4226 3308 4283 quoque
3329 4226 3425 4268 su-

1838 4304 2014 4375 premi
2042 4303 2141 4359 Dei
2187 4302 2293 4359 fuit
2322 4318 2481 4376 opus,
2513 4305 2710 4375 majori
2739 4305 2977 4375 quodam
3008 4313 3217 4361 terrore
3242 4318 3427 4374 supre-

1838 4413 1942 4452 mae
1962 4398 2200 4468 alicujus
2227 4400 2501 4470 potentiae,
2526 4399 2736 4471 proprii
2755 4399 2909 4455 verbi
2938 4397 3192 4455 inimicos
3222 4397 3427 4453 habere

157 4484 374 4539 ἐνεδίδου
407 4487 472 4540 τὸ
503 4485 839 4557 καταθύμιον
865 4503 878 4515 ·
910 4485 1049 4558 ὁμοῦ
1109 4487 1205 4557 μὲν
1250 4488 1331 4549 είς
1362 4485 1585 4551 ἔνδειξιν
1628 4485 1736 4540 τῶν

1839 4490 1950 4563 jam
1994 4490 2233 4547 domitos
2266 4511 2280 4546 :
2312 4491 2366 4546 id
2401 4492 2546 4547 enim
2599 4491 2863 4563 proﬁcere
2916 4491 2971 4546 in
3020 4491 3158 4555 dies,
3190 4498 3245 4547 et
3278 4490 3423 4561 apud

154 4579 246 4647 τῆς
274 4579 560 4642 εὐσεϐείας
585 4577 856 4649 ἀθλητῶν,
886 4577 1023 4649 ὁμοῦ
1050 4579 1107 4631 δὲ
1131 4579 1226 4631 καὶ
1256 4580 1337 4642 εἰς
1368 4577 1429 4631 τὸ
1459 4581 1572 4642 τοῖς
1601 4579 1734 4631 πᾶσι

155 4671 376 4741 φανερὸν
431 4671 799 4742 καταστῆναι,
830 4672 912 4724 ὅτι
961 4672 1043 4743 μὴ
1080 4670 1138 4737 ἐξ
1171 4669 1474 4743 ἀνθρώπων
1505 4667 1574 4742 ἦν
1611 4671 1736 4741 βου-

154 4759 265 4832 λῆς,
318 4763 436 4817 ἀλλ’
479 4765 548 4817 ἐκ
590 4764 692 4835 τῆς
748 4764 843 4817 τοῦ
896 4763 1032 4818 Θεοῦ
1078 4762 1360 4834 δυνάμεως
1413 4765 1446 4834 ἡ
1502 4762 1597 4817 τοῦ
1653 4764 1738 4817 λό-

154 4870 244 4921 γου
293 4855 580 4921 σύστασις.
644 4856 854 4911 Αὐτίκα
904 4857 986 4921 τίς
1042 4858 1144 4910 οὐκ
1189 4856 1256 4910 ἂν
1306 4856 1604 4928 θαυμάσειε
1670 4856 1739 4910 τὰ

156 4948 469 5019 συμϐαίνειν
512 4949 657 5003 κατά
687 4950 814 5014 τοὺς
851 4950 1090 5003 τοιούσδε
1121 4951 1347 5022 καιροὺς
1375 4948 1637 5014 είωΟὸτα;
1674 4951 1737 5003 Oi

158 5039 253 5108 μὲν
290 5040 402 5113 γὰρ
437 5044 539 5114 τῆς
569 5043 851 5107 εὐσεϐείας
875 5042 1106 5114 ἀθληταὶ
1132 5044 1191 5096 τὺ
1220 5043 1350 5115 πρὶν
1378 5042 1739 5113 ἀνθρωπίνοις

153 5148 213 5200 γε
243 5139 357 5199 τοῖς
398 5138 537 5189 πᾶσι
574 5135 812 5207 διάδηλοι
850 5137 946 5190 καὶ
987 5136 1307 5208 διαπρεπεῖς
1333 5135 1594 5204 ἐγίνοντο,
1628 5136 1738 5190 τῶν

154 5229 298 5300 παρά
350 5228 435 5299 τῷ
478 5229 599 5300 Θεῷ
639 5229 1036 5301 κατηξιωμένοι
1081 5229 1397 5299 βασιλείων·
1448 5232 1497 5283 οἱ
1544 5231 1601 5283 δὲ
1639 5233 1738 5301 τῆς

153 5319 433 5384 εὐσεϐείας
482 5321 731 5392 πολέμιοι
790 5322 891 5386 τὰς
943 5323 1327 5394 προσηκούσας
1379 5321 1613 5388 ἐξέτινον
1662 5323 1739 5374 δί-

154 5425 269 5473 κας,
317 5411 605 5482 θεηλάτοις
663 5412 913 5483 μάστιξιν
967 5412 1360 5484 οἰστρούμενοι,
1403 5414 1498 5467 καὶ
1534 5413 1643 5466 πᾶν
1678 5414 1739 5466 τὸ

156 5502 309 5573 σῶμα
358 5505 556 5569 δεινοῖς
596 5507 693 5559 καὶ
744 5506 987 5575 ἀνιαροῖς
1034 5504 1228 5558 πάθεσι
1276 5504 1735 5576 διαφθειρόμενοι⁸

156 5592 289 5650 ὥστε
321 5598 427 5669 ἤδη
473 5598 566 5651 καὶ
599 5599 679 5661 εἰς
706 5598 994 5668 ὁμολογίαν
1022 5597 1121 5665 τῆς
1164 5597 1306 5649 κατά
1338 5596 1574 5668 Χριστοῦ
1610 5596 1737 5649 δυσ-

160 5686 368 5751 σεϐείας
408 5690 565 5759 ἥκειν
605 5688 1014 5759 περιελαθῆναι.
1053 5689 1115 5739 Οἱ
1150 5686 1207 5740 δέ
1236 5703 1299 5756 γε
1329 5686 1506 5740 λοιποὶ
1540 5686 1739 5751 πάντες

158 5778 251 5850 τῆς
302 5779 493 5834 ἐνοέω
527 5778 897 5853 προσηγορίας
948 5777 1262 5850 ἠξιωμένοι,
1313 5778 1453 5833 κατά
1502 5778 1736 5851 Χριστοῦ

1840 4592 2069 4642 cunctos
2126 4584 2376 4641 homines
2422 4601 2673 4642 crescere
2721 4586 2935 4641 volebat
2975 4602 2989 4638 :
3023 4599 3218 4641 rursus
3243 4595 3424 4641 autem

1840 4692 1911 4732 ne
1936 4684 2223 4748 putaretur
2257 4692 2322 4731 ex
2350 4675 2713 4731 concessione
2741 4690 2806 4729 ac
2837 4675 2996 4730 venia
3025 4675 3425 4731 dominantium

1838 4783 2211 4838 perseverare,
2256 4768 2302 4823 si
2350 4767 2574 4837 quando
2623 4767 2820 4822 horum
2874 4770 3115 4838 ipsorum
3150 4766 3423 4838 quispiam

1839 4861 2180 4931 malignitate
2228 4863 2463 4932 quadam
2518 4871 2839 4935 correptus,
2894 4862 3161 4917 adversus
3219 4859 3426 4916 Christi

1840 4953 2068 5007 verbum
2125 4969 2369 5024 pugnare
2425 4954 2784 5012 deliberatum
2838 4954 2894 5009 in
2941 4954 3124 5008 animo
3167 4952 3424 5019 habebat,

1841 5043 2004 5098 etiam
2037 5044 2142 5099 hoc
2169 5062 2271 5100 suo
2301 5046 2475 5117 ipsius
2502 5049 2772 5103 arbitratu
2801 5048 2956 5102 illum
2988 5047 3170 5102 facere
3197 5046 3418 5118 permit-

1842 5136 2010 5203 tebat,
2048 5138 2213 5192 simul
2244 5146 2305 5191 ut
2337 5155 2526 5194 eorum
2560 5140 2820 5196 virtutem
2856 5138 3173 5195 ostenderet
3196 5138 3289 5208 qui
3325 5153 3426 5209 pro

1840 5226 2043 5296 pietate
2083 5230 2417 5299 pugnabant,
2456 5231 2620 5286 simul
2650 5234 2810 5287 etiam
2848 5243 2907 5287 ut
2933 5233 3150 5288 cunctis
3181 5232 3423 5288 homini-

1840 5317 1944 5373 bus
1998 5319 2220 5389 planum
2280 5318 2504 5386 faceret,
2537 5322 2683 5392 quod
2732 5337 2841 5376 non
2891 5323 3133 5377 humano
3165 5321 3421 5386 consilio,

1842 5412 1940 5468 sed
1991 5412 2087 5467 Dei
2138 5413 2338 5469 virtute
2383 5414 2651 5470 niteretur
2684 5415 2804 5486 ipsa
2831 5416 2987 5471 verbi
3034 5416 3421 5487 propugnatio.

1841 5504 2055 5561 Etenim
2082 5506 2206 5575 quis
2239 5520 2349 5561 non
2376 5508 2640 5562 continuo
2664 5508 3015 5578 Obstupescat
3037 5524 3122 5571 ea,
3159 5524 3282 5579 quae
3313 5508 3425 5564 illis

1842 5595 2184 5664 temporibus
2233 5595 2483 5651 accidere
2549 5599 2755 5669 passim
2821 5599 3235 5658 cernebantur?
3284 5598 3423 5653 Nam

1843 5685 1947 5754 ipsi
1998 5687 2218 5757 pictatis
2275 5688 2636 5757 defensores,
2702 5691 2937 5762 primum
2997 5691 3142 5762 apud
3195 5701 3424 5747 cunctos

1843 5778 2093 5835 homines
2157 5780 2292 5836 clari
2352 5782 2703 5856 illustresque
2769 5783 3005 5853 ﬁebant,
3069 5791 3123 5841 et
3168 5781 3426 5840 certami-
