3828 6216
365 279 472 337 247

1030 279 1302 338 EUSEBII
1327 280 1804 341 CIESARIENSIS
1836 284 1986 342 OPP.
2022 285 2206 342 PARS
2239 288 2307 346 Il.
2340 317 2415 328 -—
2443 286 2944 347 APOLOGETICA.

3511 293 3613 350 248

365 411 500 455 num
529 396 751 470 pramia
784 397 931 467 apud
959 397 1128 453 Deum
1161 402 1673 471 consequebantur;
1719 402 1922 474 pietati:

2044 407 2261 478 φρονεῖν
2302 406 2617 477 αὐχοῦντες,
2664 409 2752 462 ἐπ’
2795 409 2976 478 ὀλίγον
3015 406 3455 482 γεγυμνασμένοι
3501 414 3615 475 τοῖς

366 504 499 546 vero
525 492 743 556 hostes,
777 487 1040 546 divinitus
1090 490 1217 546 caesi
1263 498 1427 562 atque
1482 493 1693 564 agitati,
1746 508 1813 549 ac
1855 502 1942 548 to-

368 591 430 637 to
471 596 700 652 corpore
734 580 991 652 gravibus
1034 581 1389 654 molestisque
1431 584 1716 641 doloribus
1762 586 1942 656 impli-

351 673 461 731 citi
492 681 655 743 atque
702 673 1031 742 consumpti,
1066 672 1246 729 debita
1289 674 1557 746 supplicia
1605 676 1936 746 pendebant,

371 765 525 838 14],
557 763 694 819 adeo
737 765 953 834 quidem
996 774 1055 820 ut
1098 764 1379 835 profanam
1424 773 1616 822 contra
1654 766 1938 823 Christum

364 857 702 912 voluntatem
734 855 984 912 conﬁteri
1004 895 1020 920 ,
1050 855 1162 926 jam
1192 863 1308 910 tum
1342 865 1709 928 cogerentur:
1743 868 1800 913 at
1841 874 1939 914 Ciﬁ-

366 949 473 1004 teri
506 962 700 1004 omnes
730 949 826 1019 qui
868 950 1231 1021 appellatione
1271 960 1625 1008 sacrosancta
1672 952 1821 1023 digni
1852 953 1939 1007 in-

364 1040 515 1095 venti
559 1041 813 1106 fuerant,
862 1048 919 1097 et
963 1057 1023 1096 se
1055 1043 1306 1112 partibus
1337 1042 1546 1099 Christi
1578 1059 1703 1100 esse
1735 1044 1938 1115 gloria-

364 1131 588 1197 bantur,
648 1148 775 1188 cum
829 1133 900 1187 ad
948 1133 1113 1188 breve
1158 1140 1375 1203 tempus
1420 1136 1702 1191 exercitati
1750 1144 1937 1191 essent

365 1223 657 1292 molestiis,
687 1235 853 1295 atque
883 1224 1277 1296 ingenuitatem
1308 1226 1793 1296 sinceritatemque
1823 1226 1936 1282 ani-

362 1316 438 1370 mi
474 1330 586 1386 prze
624 1331 684 1372 se
729 1316 1021 1381 tulissent,
1049 1320 1331 1390 propriam
1362 1334 1558 1375 rursus
1591 1319 1937 1390 recipiebant

361 1409 669 1464 libertatem
695 1448 710 1474 ,
741 1424 807 1465 ac
838 1412 1082 1467 salutare
1113 1413 1325 1468 interea
1352 1413 1584 1468 verbum
1626 1412 1837 1480 majore
1879 1412 1934 1466 in

360 1500 477 1555 dies
505 1498 758 1555 claritate
789 1501 1034 1565 nitebat,
1077 1511 1243 1574 atque
1283 1505 1340 1559 in
1386 1504 1522 1574 ipsis
1569 1504 1763 1559 mediis
1834 1503 1936 1557 ho-

358 1590 538 1647 stibus
585 1591 993 1660 dominabatur,
1035 1610 1101 1650 ac
1141 1611 1253 1650 non
1298 1595 1463 1651 modo
1499 1597 1555 1650 in
1604 1596 1672 1651 iis
1705 1596 1795 1666 qui
1831 1595 1935 1651 sub

2046 499 2443 576 πειρατηρίοις,
2478 500 2541 554 τὸ
2572 500 2630 554 δὲ
2661 502 2884 573 γνήσιον
2921 503 3015 557 καὶ
3045 502 3334 574 εἰλικρινὲς
3360 501 3455 557 τοῦ
3487 521 3615 575 φρο-

2043 593 2283 664 νήματος
2327 592 2747 664 ἐπιδειξάμενοι,
2795 594 2895 665 τὴν
2933 593 3139 648 οἰκείαν
3172 591 3328 658 αὖθις
3364 595 3612 665 ἀπελάμ-

2043 686 2204 739 ϐανον
2250 685 2580 757 ἐλευθερίαν,
2638 688 2719 750 είς
2772 686 2954 757 μεῖζον
3014 685 3282 758 ὁσημέραι
3324 684 3391 738 δι’
3434 686 3612 738 αὐτῶν

2041 776 2411 847 ἐκλάμποντος
2458 776 2550 830 τοῦ
2601 778 2870 849 σωτηρίου
2907 778 3089 846 λόγου,
3120 779 3214 831 καὶ
3254 779 3312 830 ἐν
3334 777 3518 842 αὐτοῖς
3548 794 3613 845 γε

2044 867 2230 938 μέσοις
2261 868 2373 931 τοῖς
2423 866 2640 939 ἐχθροῖς
2684 867 3185 938 κατακρατοῦντος·
3226 867 3301 939 μὴ
3347 867 3507 938 μόνον
3550 884 3612 921 τε

2039 958 2149 1011 τῶν
2211 959 2424 1030 ὁρατῶν
2489 959 2763 1029 πολεμίων
2833 958 3404 1030 κατεξανισταμένους,
3475 959 3614 1015 ἀλλὰ

2039 1050 2133 1102 καὶ
2170 1048 2279 1102 τῶν
2311 1050 2587 1121 ἀοράτωνο
2625 1048 2680 1102 εί
2711 1066 2857 1113 τινες
2889 1050 2996 1120 ἄρα
3024 1045 3133 1102 εἷεν
3172 1050 3315 1119 ἀμφὶ
3343 1050 3436 1102 τὸν
3481 1049 3613 1121 περὶ

2037 1140 2142 1211 γῆν
2190 1140 2326 1211 ἀέρα
2383 1139 2596 1210 ζοφώδη
2648 1139 2879 1211 πονηροὶ
2924 1139 3176 1211 δαίμονες
3217 1142 3310 1194 κα)⁸
3354 1141 3614 1212 ἄρχοντες

2036 1232 2262 1295 τούτων,
2295 1231 2387 1296 οὓς
2418 1233 2511 1286 καὶ
2538 1233 2738 1296 αὐτοὺς
2774 1233 2825 1284 οὶ
2857 1234 3068 1304 γνήσιοι
3108 1231 3200 1286 τοῦ
3231 1234 3469 1304 Χριστοῦ
3508 1250 3614 1304 μα-

2038 1320 2195 1391 θηταὶ
2217 1321 2284 1374 δι’
2315 1321 2537 1390 ἁγνείας
2570 1321 2708 1391 βίου,
2735 1323 2828 1376 καὶ
2850 1323 2958 1375 τῶν
2988 1322 3122 1393 πρὸς
3145 1322 3237 1376 τὸν
3263 1322 3397 1376 Θεὸν
3412 1322 3612 1393 εὐχῶν,

2036 1414 2124 1466 διά
2154 1431 2213 1467 τε
2245 1413 2346 1484 τῆς
2387 1413 2554 1467 αὑτοῦ
2585 1414 2770 1467 ἐνθέου
2813 1414 3183 1486 προσηγορίας
3214 1414 3613 1481 ἐξελαύνοντες,

2038 1503 2276 1575 σημείων
2306 1501 2412 1555 τῶν
2446 1502 2612 1555 πάλαι
2648 1502 3042 1573 ἱστορουμένων
3081 1502 3172 1554 ὑπ’
3202 1500 3366 1554 αὑτοῦ
3395 1500 3617 1570 γεγονὲ-

2035 1612 2124 1650 ναι
2170 1584 2508 1666 παραδόξων,
2536 1594 2632 1648 καὶ
2670 1597 2727 1647 ὲν
2755 1592 2930 1665 τούτῳ
2959 1595 3071 1656 τοῖς
3114 1593 3340 1664 συνορᾷν
3377 1591 3611 1661 δυναμέ-

358 1684 536 1739 visum
563 1697 816 1742 nostrum
847 1688 1119 1761 cadentes.
1141 1688 1614 1754 adversabantur,,
1637 1689 1733 1745 sed
1766 1688 1821 1741 in
1866 1687 1922 1743 iis

2039 1705 2146 1751 νοις
2177 1687 2248 1740 τὰ
2283 1688 2557 1759 τεκμήρια
2601 1687 2700 1757 τῆς
2750 1685 2932 1739 ἐνθέου
2972 1685 3173 1758 ἀρετῆς
3209 1683 3376 1738 αὑτοῦ
3413 1683 3617 1737 διαδει-

357 1791 576 1847 quoque
609 1778 707 1848 qui
735 1780 914 1836 visum
948 1782 1233 1837 mortalem
1261 1782 1556 1853 eﬂ‘ugiunt,
1587 1782 1635 1837 si
1667 1782 1761 1851 qui
1794 1780 1922 1836 forte

2039 1779 2277 1842 κνύντες.
2314 1778 2472 1833 Ἀλλὰ
2500 1778 2609 1850 γὰρ
2627 1778 2734 1832 τῶν
2758 1779 2817 1831 δὲ
2847 1778 2987 1831 κατὰ
3012 1778 3200 1849 καιρὸν
3230 1791 3620 1848 προγεγυμνα-

357 1874 514 1919 erant
545 1866 600 1920 in
632 1868 738 1923 hoc
765 1870 859 1940 qui
888 1877 1093 1925 terram
1121 1873 1441 1943 complexus
1468 1881 1554 1929 est
1580 1872 1783 1928 nebulo
1808 1887 1922 1928 aere

2040 1871 2275 1942 σμένων,
2320 1871 2513 1943 καιρὸς
2540 1870 2642 1942 ἤδη
2685 1869 2840 1923 καλεί
2884 1869 2981 1940 τῆς
3026 1869 3436 1940 μυπικωτέρας
3482 1863 3619 1939 περὶ

355 1955 666 2024 damones,
719 1961 816 2030 qui
875 1962 1065 2018 alteris
1114 1964 1225 2019 illis
1276 1964 1629 2035 imperarent.
1687 1962 1922 2033 Namque

2039 1962 2200 2016 αὑτοῦ
2222 1961 2496 2031 θεολογίας
2520 1960 2853 2030 ἐφάψασθαι,
2871 1959 3070 2015 καὶτὸν
3094 1958 3224 2012 Θεὸν
3249 1959 3440 2027 Λόγον,
3467 1957 3620 2021 ὅστις

355 2052 522 2106 etiam
575 2052 678 2110 hos
726 2055 879 2125 ipsos
923 2057 1042 2111 ver-i
1092 2055 1301 2111 Christi
1353 2057 1648 2128 discipuli,
1697 2063 1755 2112 et
1807 2056 1922 2111 vitae

2040 2055 2158 2107 ποτ’
2181 2048 2250 2124 ἦν
2276 2055 2304 2106 ὁ
2328 2052 2418 2105 διὰ
2443 2051 2536 2105 τοῦ
2572 2050 2897 2123 φαινομένου
2921 2049 3112 2121 ἀνδρὸς
3139 2049 3238 2113 τὰς
3270 2048 3622 2119 θαυματουρ-

354 2144 625 2213 puritate,
660 2154 714 2202 et
745 2147 814 2202 ad
843 2146 1015 2203 Deum
1045 2149 1271 2205 directis
1305 2150 1592 2220 precibus,
1639 2156 1694 2205 et
1740 2164 1922 2206 sacro-

2039 2146 2165 2216 γίας
2200 2145 2454 2210 ἐκτελῶν,
2484 2144 2836 2198 ἐποπτεῦσαι.

355 2245 546 2292 sancta
576 2239 724 2295 illius
757 2241 1125 2313 appellatione
1154 2240 1451 2312 fugabant,
1484 2241 1542 2295 in
1566 2241 1672 2296 hoc
1703 2256 1923 2312 quoque
1959 2238 2361 2294 admirabilium
2392 2238 2674 2308 signorum
2704 2252 2826 2307 quae
2851 2236 2920 2292 ab
2950 2236 3044 2291 illo
3072 2235 3216 2291 edita
3244 2250 3371 2291 esse
3402 2248 3619 2290 memo—

353 2341 568 2398 rantur,
600 2349 665 2390 ac
695 2334 895 2391 divinae
922 2352 1046 2407 quae
1078 2337 1134 2391 in
1163 2337 1256 2393 illo
1285 2344 1402 2392 erat
1433 2337 1654 2393 virtutis
1685 2346 2003 2409 argumenta
2035 2334 2343 2391 certissima
2373 2348 2484 2402 prae.
2522 2348 2581 2388 se
2616 2332 2874 2388 ferentes.
2915 2331 3188 2387 Caeterum
3208 2368 3224 2395 ,
3264 2343 3391 2384 cum
3428 2327 3485 2382 in
3527 2326 3619 2383 bis

352 2441 454 2497 pro
482 2437 726 2498 tempore
756 2430 858 2500 ipsi
889 2447 999 2485 non
1034 2430 1184 2503 ipsos
1217 2431 1448 2487 antehac
1474 2436 1917 2494 exercuerimus.
1949 2430 2086 2486 ordo
2120 2429 2236 2499 ipse
2267 2429 2382 2499 jam
2420 2427 2694 2498 postulat,
2757 2434 2817 2482 ut
2849 2426 3202 2481 occultiorem
3230 2423 3299 2478 de
3331 2421 3425 2477 illo
3456 2422 3622 2476 theo-

351 2519 549 2590 logiam
581 2524 933 2594 attingamus,
968 2524 1247 2596 Deumque
1278 2526 1456 2597 ipsum
1491 2523 1732 2581 Verbum
1754 2562 1770 2589 ,
1806 2523 2083 2595 quodnam
2117 2522 2315 2589 fuerit,
2345 2520 2490 2592 quod
2520 2536 2618 2592 per
2651 2520 2805 2575 illum
2834 2520 3111 2576 hominem
3131 2557 3147 2584 ,
3180 2517 3275 2589 qui
3299 2517 3620 2582 videbatur,

350 2611 596 2684 prodigia
625 2622 681 2670 et
711 2615 973 2672 miracula
1005 2616 1303 2684 eﬂiciebat,
1336 2617 1791 2689 contemplemur.

1427 2991 2522 3165 ΕΥΣΕΒΙΟΥ

1527 3271 1756 3359 ΤΟΥ
1828 3269 2433 3362 ΠΑΜΦΙΛΟΥ

798 3455 1979 3595 ΕΥΑΓΓΕΛΙΚΗΣ
2053 3453 3147 3596 ΑΠΟΔΕΙΞΕΩΣ

1425 3704 1866 3789 ΒΙΒΛΙΟΝ
1921 3704 2522 3789 ΤΕΤΑΡΤΟΝ.

1085 4064 1839 4222 EUSEBII
1952 4062 2868 4220 PAMPHILI

643 4356 2148 4487 DEMONSTRATIONIS
2242 4354 3302 4507 EVANGELICfE

1446 4614 1813 4701 LIBER
1901 4613 2495 4719 QUARTUS.

347 4916 932 5042 ιέθῶίέἕωὲἓ
943 4915 1095 5041 ⁸ἔὲ
1138 4913 1915 5042 ἐξιθγίέιίέίὸῧιέθλνϐέξῖξὲ

2039 4912 2198 4968 mae
2225 4911 2548 4965 ENESTIN
2589 4912 2691 4964 EN
2730 4912 2811 4982 Τῼ
2851 4910 3170 4981 rerum
3223 4909 3602 4966 :rrrpazu-

2088 4986 2193 5036 MA
2204 4983 2270 5036 TI
2337 4983 2473 5034 ΤΗΣ
2543 4983 2713 5034 ΠΕΡι
2795 4983 2937 5035 ΤοΥ
2997 4982 3091 5035 Σο
3100 4981 3335 5035 meo:
3386 4979 3602 5035 HMQN

478 4979 923 5043 VANGELICAE
991 4987 1087 5041 DE
1138 4979 1576 5042 SALVATORIS
1618 4985 1912 5042 NOSTRO

2088 4983 2270 5036 MATI
2337 4983 2473 5034 ΤΗΣ
2543 4983 2713 5034 ΠΕΡΙ
2777 4979 2937 5035 ΤΟΥ
2997 4979 3335 5035 ΣΩΤΗΡΟΣ
3386 4979 3611 5035 ΗΜΩΝ

412 5056 1006 5114 DEMONSTRATIO
1020 5056 1166 5114 NIS.

2085 5054 2130 5105 E
2146 5052 2609 5107 ΥΑΓΓΕΛΙΚΗΣ
2650 5050 3115 5107 ΑΠΟΔΕῙΞΕΩΣ.

345 5171 395 5228 1.
433 5171 511 5227 De
541 5173 826 5227 occultiore
857 5172 1142 5227 secundum
1178 5170 1510 5227 Salvatorem
1540 5189 1603 5226 ac
1632 5173 1915 5228 Dominum

2039 5172 2093 5219 ι’.
2127 5169 2267 5234 Περὶ
2291 5165 2401 5233 τῆς
2428 5165 2577 5219 κατὰ
2635 5167 2741 5219 τὸν
2765 5165 3006 5234 Σωτῆρα
3042 5168 3146 5222 καὶ
3168 5162 3388 5234 Κύριον
3426 5165 3602 5234 ἡμῶν

414 5255 688 5309 nostrum,
724 5243 815 5315 qui
847 5242 1095 5298 Christus
1122 5254 1201 5298 est
1229 5243 1362 5310 Dei,
1395 5243 1809 5312 dispensatione.

2106 5236 2353 5359 Ἰηιῖοῦν
2380 5236 2487 5289 τὸν
2513 5237 2773 5304 Χριστὸν
2793 5237 2900 5291 τοῦ
2932 5237 3081 5291 Θεοῦ
3101 5235 3411 5306 μυστικῆς
3432 5239 3601 5291 σιω.

2089 5324 2205 5359 νοιι
2229 5324 2323 5359 ac.

2089 5324 2323 5375 νομιας.

341 5399 398 5453 2.
438 5397 894 5463 Quemadmodum
924 5399 1077 5453 illum
1105 5410 1226 5455 ante
1254 5415 1462 5455 omnem
1489 5410 1787 5454 creaturam
1820 5397 1915 5453 Fi-

416 5471 546 5522 lium
582 5470 676 5524 Dei
709 5470 873 5540 fuisse
904 5471 1153 5526 dicimus.

340 5558 392 5614 5.
435 5557 588 5623 Quod
620 5576 723 5613 non
752 5559 929 5629 plures
962 5561 1195 5628 supremi
1226 5560 1324 5614 Dei
1349 5559 1513 5621 Filii,
1537 5560 1627 5615 sed
1659 5578 1794 5615 unus
1823 5578 1912 5616 so-

412 5630 497 5683 lus
529 5630 592 5685 de
623 5629 730 5685 Deo
763 5631 902 5686 Deus
926 5669 940 5696 ,
965 5631 1091 5702 jure
1123 5649 1156 5686 ο
1182 5630 1331 5687 nobis
1368 5633 1653 5701 pmdicari
1681 5634 1870 5689 soleat.

2014 5401 2096 5465 β’.
2142 5399 2341 5464 Ὅπως
2371 5399 2558 5454 αὐτὸν
2583 5399 2699 5468 πρὸ
2729 5397 2934 5467 πάσης
2969 5399 3224 5465 κτίσεως
3272 5397 3413 5455 Υιὸν
3444 5399 3598 5457 Θεοί

2094 5469 2403 5540 γεγονέναι
2430 5471 2643 5540 φαμέν.

2015 5566 2086 5631 γ’.
2136 5560 2266 5615 Ὅτι
2301 5559 2387 5630 μὴ
2421 5561 2670 5631 πλείους
2703 5559 2818 5615 υἱοὶ
2847 5561 2952 5616 τοῦ
2989 5562 3087 5615 ἐπὶ
3132 5562 3376 5617 πάντων
3419 5564 3596 5631 Θεοῦ,

2083 5631 2274 5771 ξένος
2302 5626 2384 5683 ’δὲ
2405 5626 2492 5697 εἷς
2519 5630 2587 5685 ἐκ
2627 5632 2775 5685 Θεοῦ
2801 5631 2945 5700 Θεὸς
2974 5633 3239 5702 εὐλόγως
3270 5633 3415 5705 ἡμῖν
3443 5626 3598 5705 diu;

2152 5717 2379 5769 ρευται.
