3828 6216
429 303 530 357 251

1112 304 1379 360 EUSEBII
1424 305 1904 362 CIESARII‘INSIS
1942 308 1997 363 Oi

2136 309 2318 364 PARS
2358 310 2426 365 ll.
2459 341 2531 353 ——
2569 307 3067 364 APOLOGETICA.

3588 310 3688 365 252

426 425 608 473 autem
640 424 710 471 ab
743 417 935 473 eodem
994 420 1187 490 procul
1241 420 1501 475 labuntur
1523 459 1538 485 ,
1596 423 1798 492 quippe
1834 424 1927 493 qui
1957 433 1997 480 el

2114 427 2211 498 τὴν
2250 426 2479 494 θεότητα
2527 426 2859 497 συνορῶντες
2901 425 3086 489 αὐτοῦ,
3137 427 3272 497 μήτε
3315 435 3383 481 τα
3419 429 3568 481 αἴτια
3594 427 3688 498 τῆς

423 512 665 568 divinam
696 512 845 567 illius
872 520 1127 567 naturam
1172 513 1444 583 ignorent,
1493 530 1671 585 neque
1693 531 1890 573 causas
1919 518 2016 573 ad—

422 614 619 659 ventus
649 604 1005 674 perspiciam,
1053 619 1230 674 neque
1265 606 1395 659 item
1427 607 1626 676 quibus
1675 610 2014 679 temporibus

420 704 714 749 venturum
749 696 900 749 illum
934 697 1214 767 prophetae
1238 698 1609 766 prmdixerint,
1657 701 2015 771 comprehen-

419 785 577 840 dant.
605 784 741 840 Nam
774 786 852 840 illi
881 788 1103 857 quidem
1136 789 1289 843 illum
1323 792 1489 844 etiam
1545 808 1692 847 nunc
1720 801 2011 848 venturum

419 884 775 947 exspectant:
808 894 911 934 nos
936 887 1117 934 autem
1164 881 1277 950 jam
1310 884 1477 937 semel
1502 884 1767 939 duntaxat
1797 886 2014 941 venisse

419 969 822 1039 contendimus,
840 986 1052 1026 necnon
1074 973 1303 1027 alterum
1327 974 1571 1043 ejusdem
1587 992 1708 1029 cum
1729 976 2013 1047 majestate

421 1063 740 1125 adventum,
772 1070 826 1118 et
866 1066 1107 1120 oraculis
1159 1074 1213 1121 et
1256 1068 1545 1137 praeceptis
1596 1069 2009 1138 prophetarum,

418 1153 516 1223 qui
551 1153 817 1209 divinitus
873 1155 1037 1209 alllati
1090 1157 1334 1223 fuerunt,
1387 1160 1761 1216 auscultantes
1810 1162 2013 1218 intueri

420 1253 767 1316 exoptamus.
803 1246 939 1301 Cum
975 1258 1155 1303 autem
1201 1249 1270 1306 de
1295 1251 1389 1307 illo
1411 1252 1611 1323 duplex
1645 1254 1717 1309 sit
1745 1255 1907 1321 ratio,
1933 1256 2013 1309 al-

422 1345 541 1392 tera
599 1338 818 1407 quidem
851 1342 1127 1395 recentior
1160 1340 1365 1407 fuerit,
1401 1346 1603 1414 quippe
1637 1362 1760 1416 qua:
1792 1346 1907 1401 heri
1945 1362 2010 1402 ac

420 1443 594 1498 nuper
612 1428 678 1483 ad
707 1429 956 1487 homines
995 1433 1308 1488 introducta
1339 1435 1411 1489 sit
1448 1454 1461 1490 :
1500 1437 1673 1491 altera
1706 1454 1840 1492 vero
1859 1441 2011 1494 omni

418 1526 684 1589 tempore,
709 1524 1075 1594 omnibusque
1128 1526 1344 1581 saeculis
1385 1528 1684 1599 antiquior.
1715 1529 1850 1584 Nam
1883 1547 2009 1585 cum

419 1608 565 1666 Deus
590 1614 772 1679 vellet,
813 1624 1001 1685 utpote
1031 1617 1123 1687 qui
1156 1618 1307 1673 solus
1362 1619 1435 1674 sit
1482 1621 1680 1685 bonus,
1721 1623 2010 1693 omnisque

418 1701 551 1758 boni
582 1714 637 1760 et
658 1709 993 1778 principium
1024 1721 1078 1765 et
1110 1710 1251 1777 fons,
1287 1710 1605 1767 divitiarum
1631 1729 1854 1769 suarum
1885 1716 2004 1770 the-

2118 518 2424 589 παρουσίας
2466 517 2687 583 εἰδότες,
2729 524 2866 590 μήτε
2912 516 3018 590 μὴν
3048 519 3172 580 τοὺς
3200 517 3423 589 χρόνους
3449 517 3569 571 καθ’
3599 518 3687 581 οὒς

2115 608 2264 679 ἥξειν
2302 610 2583 682 ἀνείρηται
2616 614 2697 674 είς
2725 610 3044 683 ἀνθρώπους
3078 610 3580 682 περιδρασσόμενοι.
3627 613 3688 664 Οἱ

2118 701 2215 770 μὲν
2264 702 2374 773 γὰρ
2419 702 2498 755 ἔτι
2546 702 2640 757 κοιλ⁸
2669 702 2764 756 νῦν
2796 703 2946 774 ἥξειν
2994 702 3254 774 μέλλοντα
3300 702 3685 776 προσδοκῶσιν,

2113 792 2272 860 ἡμεῖς
2295 791 2340 843 δ’
2378 791 2475 862 ἤδη
2509 792 2608 862 μὲν
2646 793 2879 856 εἰσάπαξ
2907 793 3300 863 ἀποδείκνυμεν
3322 793 3562 847 ἐλθόντα·
3597 792 3687 846 καὶ

2111 881 2371 952 δευτέραν
2413 883 2459 937 δ’
2494 883 2659 937 αὑτοῦ
2695 884 2830 954 μετά
2861 885 2961 955 τῆς
2987 884 3171 939 ἐνθέου
3201 884 3357 953 δόξης
3389 883 3688 957 παρουσίαν

2110 975 2231 1035 ταῖς
2264 973 2372 1026 τῶν
2405 974 2676 1047 θεοφόρων
2712 976 3006 1048 προφητῶν
3040 977 3374 1049 προρρήσεσι
3404 993 3465 1029 τε
3496 976 3592 1029 καὶ
3611 975 3690 1028 δι-

2114 1064 2436 1130 δασκαλίαις
2463 1067 2771 1137 πειθόμενοι
2799 1068 2927 1121 ἰδεῖν
2955 1068 3246 1138 εὐχόμεθα.
3267 1066 3454 1121 Διττοῦ
3474 1067 3518 1120 δ’
3538 1067 3689 1130 ὄντος

2110 1154 2204 1207 τοῦ
2239 1156 2357 1208 κατ’
2393 1156 2552 1209 αὑτὸν
2591 1156 2770 1225 λόγου,
2816 1157 2844 1208 6
2879 1158 2976 1228 μὲν
3008 1154 3272 1227 νεώτερος
3306 1154 3371 1207 ἂν
3410 1154 3516 1223 εἴη,
3565 1152 3689 1224 χθὲς

2111 1247 2205 1299 καὶ
2234 1246 2423 1318 πρώην
2457 1252 2535 1312 εἰς
2583 1247 2899 1321 ἀνθρώπους
2941 1248 3285 1319 εἰσηγμένος,
3320 1248 3349 1299 6
3388 1246 3446 1299 δὲ
3487 1245 3688 1308 παντὸς

2111 1341 2303 1411 χρόνου
2344 1342 2439 1394 καὶ
2482 1342 2701 1396 πάντων
2735 1341 2943 1395 αἰώνων
2974 1340 3362 1412 πρεσϐύτερος.
3396 1337 3688 1409 Βουληθεὶς

2112 1433 2219 1503 γὰρ
2250 1435 2277 1487 6
2309 1433 2461 1501 Θεὸς,
2498 1435 2592 1488 ἅτε
2625 1435 2781 1506 μόνος
2814 1435 2889 1499 ὡς
2919 1434 3121 1503 ἀγαθὸς
3155 1432 3361 1502 ἀγαθοῦ
3391 1449 3452 1484 τε
3486 1431 3690 1495 παντὸς

2109 1523 2249 1592 ἁρχὴ
2287 1523 2380 1576 καὶ
2415 1525 2585 1595 πηγὴ,
2631 1523 2738 1578 τῶν
2779 1524 2943 1578 αὑτοῦ
2974 1524 3262 1596 θησαυρῶν
3300 1521 3517 1585 πλείους
3551 1522 3690 1575 ἀπο-

2111 1612 2273 1681 φῦναι
2299 1614 2606 1677 κοινωνούς
2636 1615 2758 1686 ἄρτι
2797 1631 2857 1667 τε
2901 1615 3107 1686 μέλλων
3131 1615 3227 1686 τὴν
3255 1613 3478 1685 λογικὴν
3505 1615 3692 1665 πᾶσαν

2113 1703 2508 1774 προϐάλλεσθαι
2554 1707 2750 1771 κτίσιν,
2801 1706 3123 1777 ἀσωμάτους
3163 1708 3313 1770 τινάς
3359 1706 3554 1779 νοεράς
3594 1706 3691 1759 καὶ

418 1811 614 1853 sauros
647 1798 898 1868 pluribus
932 1802 1229 1870 impertiri,
1269 1791 1524 1873 esset-que
1579 1805 1692 1874 jam
1719 1806 1832 1875 jam
1885 1823 1997 1862 om-

2108 1794 2257 1858 θείας
2288 1795 2565 1866 δυνάμεις,
2603 1797 2866 1865 ἀγγέλους
2904 1816 2963 1851 τε
2994 1800 3087 1850 καὶ
3118 1778 3513 1868 ἀρχαγγέλους,
3550 1796 3691 1850 ἇῦλα

417 1906 542 1945 nem
569 1893 893 1948 rationalem
928 1903 1236 1950 creaturam
1291 1897 1345 1951 in
1384 1899 1558 1953 lucem
1610 1901 2003 1969 producturus,

418 1982 775 2052 incorporeas
809 1985 1063 2041 videlicet
1112 1986 1377 2057 quasdam
1413 1997 1579 2058 atque
1640 1989 2003 2060 intelligentes

418 2082 473 2128 et
502 2074 717 2129 divinas
748 2083 1065 2145 potestates,
1096 2080 1431 2151 angelosque
1446 2087 1607 2150 atque
1625 2082 2000 2152 archangelos,

418 2166 769 2235 materiaeque
802 2177 1076 2238 expertes,
1120 2178 1173 2225 et
1205 2172 1275 2226 ab
1298 2172 1448 2227 omni
1507 2184 1661 2242 parte
1687 2190 1852 2243 puros
1892 2177 2004 2247 spi-

416 2258 589 2323 ritus,
653 2259 867 2315 animas
923 2273 1184 2330 praeterea
1226 2263 1506 2318 hominum
1534 2306 1548 2330 ,
1589 2282 1712 2336 quae
1766 2268 2001 2322 solutam

417 2364 482 2404 ac
533 2349 762 2405 liberam
791 2351 1091 2407 voluntatis
1147 2363 1309 2423 atque
1331 2355 1565 2422 arbitrii,
1616 2364 1728 2409 tam
1790 2357 1858 2412 ad
1904 2358 2003 2414 bo-

415 2458 549 2497 num
588 2459 752 2514 quam
814 2444 882 2498 ad
939 2445 1070 2501 boni
1129 2447 1500 2512 contrarium,
1555 2457 1809 2503 naturam
1857 2450 2004 2504 acci-

414 2545 608 2606 perent
643 2542 737 2590 :et
785 2551 1124 2607 quaecunque
1154 2537 1240 2593 his
1299 2538 1434 2608 ipsis
1463 2540 1842 2595 convenientia
1880 2557 2003 2596 coro

414 2640 609 2696 porum
646 2626 1030 2692 instrumenta,
1067 2627 1245 2683 varias
1278 2629 1495 2685 vivendi
1551 2629 1757 2705 formas
1802 2631 2003 2688 educe-

412 2723 560 2783 rent,
589 2716 745 2789 145
774 2717 1041 2789 sedesque
1065 2719 1151 2774 his
1181 2721 1459 2786 omnibus,
1494 2722 1755 2793 locosque
1790 2725 2000 2779 tribue-

413 2821 474 2863 re
502 2810 755 2879 pr0prios
790 2810 940 2880 (nam
968 2810 1036 2864 iis
1067 2810 1163 2880 qui
1195 2811 1325 2865 boni
1377 2815 1782 2882 permanserint
1813 2855 1828 2880 ,
1887 2830 1999 2871 me-

410 2900 617 2958 liores:
653 2910 846 2958 contra
881 2910 1089 2968 autem,
1122 2904 1326 2974 alioqui
1350 2906 1767 2976 convenientes,
1794 2909 1849 2962 in
1870 2910 1998 2979 qui-

413 2993 519 3050 bus
547 2994 802 3050 videlicet
848 2996 1217 3066 proclivitatis
1247 2995 1314 3050 ad
1343 2998 1625 3052 contraria
1659 3013 1853 3068 ptenas
1903 3000 1999 3054 da-

414 3088 558 3160 rent)
585 3108 599 3157 ;
633 3105 871 3161 cumque
906 3091 959 3146 id
976 3090 1122 3161 quod
1147 3090 1387 3145 futurum
1406 3100 1547 3157 erat,
1580 3100 1839 3164 tanquam
1855 3093 1998 3149 Deus

414 3181 727 3253 cognitione
786 3182 1140 3254 praeciperet,
1190 3185 1528 3255 sentiretque
1583 3186 1699 3241 haec
1742 3187 1998 3243 universa

415 3282 709 3344 antequam
744 3275 937 3329 tierent
963 3314 978 3339 ,
1017 3282 1279 3346 tanquam
1307 3276 1362 3330 in
1390 3292 1588 3347 magno
1643 3293 1874 3349 corpore
1898 3278 2001 3333 ali-

415 3363 562 3435 quod
584 3372 748 3435 caput
771 3367 1134 3435 postulatura,
1163 3383 1330 3420 unum
1354 3368 1531 3421 omnis
1562 3368 2000 3439 Opiﬁciidispen-

417 3465 675 3521 satorem,
704 3457 1065 3527 eumdemque
1096 3467 1149 3513 et
1182 3459 1377 3514 ducem
1428 3470 1482 3515 et
1528 3476 1711 3531 regem
1756 3462 1999 3541 universi

415 3547 822 3617 praeﬁciendum
840 3551 1077 3621 putavit:
1095 3551 1401 3620 cuiusmodi
1419 3554 1766 3608 oraculorum
1782 3570 1999 3626 quoque

417 3640 751 3706 divinorum,
779 3657 901 3712 quae
925 3641 991 3696 ab
1020 3644 1261 3713 antiquis
1290 3646 1433 3715 apud
1454 3645 1736 3711 Hebraeos,
1767 3656 1821 3703 et
1842 3649 1998 3704 theo-

416 3733 559 3803 logis
592 3739 648 3788 et
711 3735 996 3805 prophetis
1049 3736 1262 3790 reddita
1308 3746 1458 3805 sunt,
1492 3738 1770 3793 institutio
1807 3749 1891 3794 est
1925 3762 1936 3794 :
1966 3755 1997 3793 a

405 3824 615 3893 quibus
643 3824 861 3894 quidem
907 3823 1123 3880 discere
1150 3834 1332 3896 potest
1357 3828 1450 3897 qui
1481 3829 1627 3893 vult,
1669 3845 1836 3883 unum
1874 3844 1997 3885 esse

415 3919 658 3972 omnium
686 3933 867 3972 rerum
898 3920 1251 3989 principium,
1276 3937 1340 3974 ac
1372 3922 1557 3990 potius
1594 3921 1869 3993 principio
1902 3938 1999 3976 su-

416 4008 601 4078 perius
630 4014 684 4062 et
715 4009 889 4078 prius,
923 4010 1212 4079 primoque
1263 4013 1566 4081 antiquius,
1602 4020 1655 4067 et
1706 4012 1997 4082 gignendis

415 4100 584 4156 rebus
614 4100 731 4170 ipsa
759 4100 970 4156 unitate
1002 4103 1299 4167 vetustius,
1338 4103 1601 4174 omnique
1631 4105 1997 4174 appellatione

415 4194 786 4262 praestantius,
815 4193 960 4264 quod
984 4210 1163 4264 neque
1195 4196 1325 4259 dici,
1355 4211 1533 4266 neque
1561 4196 1860 4262 enuntiari,
1895 4212 1994 4251 ne-

414 4300 521 4354 que
558 4285 858 4356 excogitari
890 4294 1069 4356 potest
1100 4305 1112 4340 :
1159 4287 1361 4341 bonum
1386 4288 1534 4358 quod
1560 4303 1728 4343 causa
1760 4295 1844 4343 est
1880 4304 1996 4343 om-

414 4378 565 4430 nium
615 4392 821 4444 rerum,
876 4380 1023 4448 quod
1056 4380 1167 4433 vim
1199 4379 1489 4445 elﬁciendi,
1520 4379 1772 4449 juvaudi,
1810 4380 1995 4449 provi-

2104 1905 2164 1940 τε
2207 1890 2300 1942 καὶ
2345 1891 2520 1960 πάντη
2569 1892 2785 1964 καθαρά
2828 1891 3134 1961 πνεύματα,
3166 1891 3388 1962 προσέτι
3422 1890 3478 1943 δὲ
3510 1889 3691 1960 ψυχὰς

2104 1981 2406 2053 ἀνθρώπων
2461 1983 2657 2051 ἄφετον
2706 1983 2801 2036 καὶ
2850 1983 3132 2054 ἐλεύθερον
3186 1983 3283 2052 τῆς
3332 1982 3690 2035 αὐθεκουσίου

2106 2074 2235 2143 περὶ
2265 2074 2326 2126 τὸ
2358 2075 2519 2128 καλὸν
2551 2076 2583 2145 ἣ
2613 2076 2918 2129 τούναντίον
2948 2075 3209 2147 αἱρέσεως
3234 2076 3333 2146 τὴν
3359 2073 3519 2142 φύσιν
3550 2075 3693 2127 ἐπα-

2103 2169 2363 2239 γομένας,
2420 2171 2522 2223 ὅσα
2571 2188 2629 2223 τε
2679 2171 2887 2233 τούτοις
2938 2171 3144 2242 ὄργανα
3203 2169 3471 2239 σωμάτων
3522 2166 3689 2238 ἐμελ-

2105 2262 2189 2314 λεν
2247 2260 2466 2314 ἔσεσθαι
2491 2301 2504 2324 ,
2573 2261 2831 2314 ποικίλων
2896 2262 3086 2332 ἀγωγῇ
3154 2260 3465 2329 κατάλληλα
3522 2259 3687 2330 βίων,

2102 2353 2287 2424 χώρας
2323 2372 2382 2411 τε
2415 2354 2622 2417 τούτοις
2675 2354 2844 2406 ἅπασι
2896 2354 2988 2407 καὶ
3030 2354 3229 2416 τόπους
3273 2353 3555 2423 διανέμειν
3610 2355 3690 2406 ol-

2104 2445 2304 2507 κείους·
2358 2445 2597 2515 (μείνασι
2650 2445 2746 2515 μὲν
2792 2444 2900 2515 γὰρ
2928 2445 3149 2514 ἀγαθοῖς
3187 2446 3312 2507 τοὺς
3343 2443 3685 2517 κρείττονας,

2102 2535 2333 2607 ἔμπαλιν
2363 2537 2421 2590 δὲ
2450 2537 2577 2601 τοὺς
2616 2540 3010 2608 προσήκοντας,
3047 2537 3148 2606 τῆς
3178 2537 3273 2590 ἐπὶ
3296 2535 3562 2590 τάναντία
3598 2538 3689 2608 ῥο-

2104 2628 2213 2697 πῆς
2252 2628 2320 2681 τὰ
2368 2629 2849 2700 σωφρονιστήριον)
2893 2626 3180 2698 προλαϐὼν
3220 2627 3283 2680 τὸ
3339 2626 3557 2697 μέλλον,
3600 2623 3689 2680 οἶα

2100 2720 2252 2785 Θεὸς,
2285 2723 2352 2792 τῇ
2409 2718 2732 2790 προγνώσει,
2770 2720 2997 2774 συνιδών
3040 2738 3097 2774 τε
3122 2761 3137 2784 ,
3185 2719 3388 2773 τούτων
3428 2720 3689 2774 ἁπάντων

2104 2814 2229 2885 περὶ
2276 2814 2542 2883 γενέσεως
2587 2813 2645 2867 ὲν
2692 2812 2913 2883 μεγάλῳ
2957 2811 3168 2882 σώματι
3209 2811 3455 2882 κεφαλῆς
3492 2811 3690 2883 δεησο-

2104 2907 2299 2974 μένων,
2340 2904 2436 2957 ἐνα
2474 2902 2564 2955 τὸν
2606 2902 2704 2973 τῆς
2749 2901 3108 2972 δημιουργίας
3139 2903 3358 2972 ἁπάσης
3400 2902 3689 2971 οἰκονόμον

2101 2994 2344 3065 ἡγεμόνα
2361 3010 2421 3045 τε
2448 2991 2542 3045 καὶ
2571 2990 2797 3061 βασιλέα
2829 2991 2937 3045 τῶν
2962 2991 3098 3045 ὅλων
3143 2991 3523 3064 προτάξασθαι
3553 2993 3690 3065 ᾤετο

2025 3124 2067 3180 C
2100 3086 2231 3149 δεῖν,
2320 3086 2415 3138 καὶ
2439 3084 2508 3137 τὰ
2538 3083 2657 3138 θεῖα
2691 3088 3042 3155 μυσταγωγεῖ
3069 3084 3225 3153 λόγια
3257 3085 3394 3156 πρὸς
3412 3085 3527 3139 τῶν
3550 3086 3691 3139 ἄνω-

2102 3179 2191 3234 θεν
2221 3181 2348 3250 παρ’
2382 3178 2649 3249 Ἑϐραίοις
2674 3177 2936 3246 θεολόγων
2958 3195 3015 3230 τε
3040 3179 3133 3232 καὶ
3156 3178 3451 3250 προφητῶν
3475 3178 3691 3253 ἀνδρῶν

2097 3270 2518 3341 τεθεσπισμένα·
2567 3270 2696 3339 παρ’
2745 3262 2818 3322 ὧν
2867 3268 2929 3340 δὴ
2976 3271 3166 3339 μαθεῖν
3209 3268 3437 3335 ἔνεστιν,
3469 3268 3554 3333 ὡς
3584 3272 3693 3342 ἄρα

2102 3362 2202 3432 μία
2238 3361 2337 3432 μὲν
2369 3361 2453 3432 εἴη
2489 3359 2597 3414 τῶν
2626 3360 2761 3414 ὅλων
2787 3361 2947 3432 ἀρχὴ,
2983 3360 3185 3431 μᾶλλον
3212 3360 3269 3414 δὲ
3302 3361 3365 3413 τὸ
3392 3363 3487 3415 καὶ
3508 3363 3692 3434 ἀρχῆς

2098 3453 2389 3523 ἀνώτερον,
2422 3453 2517 3506 καὶ
2560 3453 2776 3525 πρώτου
2822 3455 3270 3526 προγενέστερον,
3321 3455 3418 3507 καὶ¹
3456 3456 3694 3526 μονάδος

2097 3544 2558 3617 ὰρχεγονώτερον,
2617 3546 2711 3598 καὶ
2759 3547 2939 3617 πάσης
2989 3549 3236 3619 κρεῖττον
3286 3547 3691 3619 προσηγορίας,

2097 3638 2353 3710 ἄρρητον,
2380 3638 2771 3709 ἀνέκφραστον,
2803 3638 3178 3710 ἀπερινόητον,
3207 3639 3432 3708 ἀγαθὸν,
3465 3638 3533 3692 τὸ
3555 3640 3696 3693 πάν-

2097 3747 2204 3783 των
2238 3730 2429 3794 αἴτιον,
2464 3730 2523 3783 τὸ
2555 3729 2856 3799 ποιητικὸν,
2883 3730 2945 3782 τὸ
2971 3732 3338 3800 εὐεργετικὸν,
3368 3732 3432 3784 τὸ
3457 3748 3696 3803 προνοη-

2096 3822 2268 3886 τικὸν,
2317 3823 2378 3875 τὸ
2425 3824 2712 3894 σωτήριον,
2751 3823 2912 3886 αὐτὸς
2939 3822 3015 3877 ὢν
3042 3826 3071 3876 6
3103 3819 3184 3901 εἷς
3210 3824 3303 3876 καὶ
3337 3824 3497 3889 μόνος
3529 3824 3693 3887 Θεὸς,

2098 3915 2157 3980 ἐξ
2204 3907 2265 3969 οὗ
2304 3916 2372 3969 τὰ
2410 3917 2606 3980 πάντα,
2649 3916 2715 3969 δι’
2762 3917 2820 3969 ὃν
2867 3917 2936 3970 τὰ
2990 3915 3169 3970 πάντα
3212 3916 3393 3968 ἐστίν’
3436 3918 3493 3971 ὲν
3537 3916 3696 3989 αὐτῷ

2096 4009 2205 4079 γὰρ
2232 4008 2413 4079 ζῶμεν
2441 4011 2533 4062 καὶ
2557 4009 2857 4079 κινούμεθα
2879 4011 2973 4062 καὶ
3000 4009 3188 4079 ἐσμέν.
3231 4010 3299 4062 Ὅ
3322 4027 3375 4062 τι
3401 4010 3467 4081 δὴ
3515 4010 3693 4073 θέλει,

2096 4100 2249 4154 τοῦτο
2277 4102 2407 4169 γοῦν
2433 4101 2630 4173 καὶεἰή
2656 4102 2721 4155 ἂν
2735 4101 2796 4154 τὸ
2824 4101 2982 4172 μόνον
3004 4102 3101 4172 τῆς
3112 4100 3220 4154 τῶν
3238 4100 3482 4174 γενητῶν
3502 4102 3698 4157 ἁπάν-

2096 4210 2204 4247 των
2256 4193 2565 4258 οὐσιώσεώς
2602 4212 2661 4246 τε
2724 4196 2820 4248 καὶ
2858 4195 3147 4267 ὑπάρξεως
3189 4195 3382 4249 αἴτιον’
3433 4194 3697 4260 θέλοντος

2098 4284 2204 4355 γάρ
2235 4287 2370 4337 ἐστι.
2400 4285 2554 4338 Θέλει
2586 4286 2661 4349 δὲ,
2699 4286 2780 4338 ὅτι
2809 4285 2905 4356 τὴν
2933 4287 3094 4355 φύσιν
3123 4287 3325 4355 ἀγαθὸς
3367 4286 3445 4340 ῶν
3476 4289 3701 4359 τυγχά-

2096 4392 2195 4427 νει.
2239 4376 2452 4446 Ἀγαθῷ
2492 4377 2548 4430 δὲ
2587 4377 2759 4444 οὐδὲν,
2800 4377 2884 4430 ὃτι
2935 4378 3009 4448 μὴ
3054 4378 3116 4430 τὸ
3155 4378 3328 4431 θέλειν
3379 4379 3448 4431 τὰ
3500 4380 3698 4448 ἀγαθὰ

414 4467 599 4531 dendi,
629 4470 908 4536 servandi,
931 4471 986 4525 in
1003 4487 1063 4527 sc
1081 4472 1244 4527 habet
1273 4473 1397 4541 :qui
1423 4489 1568 4527 unus
1595 4473 1711 4542 ipse
1740 4487 1804 4527 ac
1840 4472 1991 4528 solus

2108 4467 2392 4537 προσφυὲς.
2430 4468 2608 4520 Θέλων
2640 4468 2696 4521 δὲ
2727 4467 2918 4531 ταῦτα,
2951 4468 3043 4521 καὶ
3075 4467 3319 4522 δύναταιο
3353 4468 3435 4521 διὸ
3460 4470 3563 4522 καὶ⁵
3607 4470 3700 4523 θέ-

414 4568 496 4612 est
518 4558 684 4624 Deus,
720 4579 786 4617 ex
822 4577 931 4632 quo
952 4565 1161 4629 omnia,
1198 4580 1294 4634 per
1314 4581 1475 4635 quem
1496 4567 1678 4620 omnia
1711 4577 1841 4621 sunt
1874 4587 1887 4621 :
1937 4568 1995 4622 in

417 4651 509 4706 illo
547 4654 693 4706 enim
742 4654 978 4711 vivimus
1028 4664 1083 4710 et
1135 4673 1418 4713 movemur
1445 4668 1500 4713 et
1534 4674 1745 4715 sumus.
1807 4659 1994 4730 Itaque

414 4744 777 4816 quodcunque
806 4749 944 4811 vult,
980 4748 1033 4802 id
1058 4748 1222 4804 etiam
1254 4760 1338 4805 est
1363 4752 1651 4816 continuo,
1682 4766 1746 4807 ex
1767 4768 1875 4821 qua
1901 4768 1992 4807 so-

416 4838 464 4889 la
490 4853 678 4902 causa,
712 4842 897 4895 omnia
929 4857 1050 4911 qua:
1096 4842 1277 4913 genita
1306 4852 1453 4911 sunt,
1488 4844 1539 4898 id
1579 4856 1909 4913 acceperunt
1935 4854 1994 4900 ut

415 4937 619 4991 essent,
651 4939 818 4999 utque
850 4932 1201 4996 exsisterent,
1235 4948 1299 4987 ac
1326 4934 1609 5000 durarent,
1671 4943 1802 4990 sunt
1845 4937 1989 4991 enim

415 5020 506 5073 illo
530 5022 763 5079 volente.
797 5022 923 5078 Vult
948 5033 1128 5080 autem
1156 5027 1361 5081 idcirco
1386 5029 1534 5097 quod
1565 5037 1761 5100 suapte
1794 5041 1993 5084 natura

415 5112 590 5169 bonus
619 5123 722 5169 est.
762 5114 912 5172 Bono
943 5133 1071 5173 vero
1110 5119 1245 5173 nihil
1284 5128 1480 5174 natura
1504 5122 1865 5191 conjunctum
1896 5124 1993 5177 ad-

416 5221 723 5275 nexumque
752 5215 857 5271 est,
891 5209 998 5264 nisi
1045 5220 1104 5263 ut
1146 5226 1209 5264 ea
1250 5226 1371 5279 quae
1401 5213 1542 5265 bona
1577 5223 1706 5267 sunt
1734 5215 1882 5269 velit.
1921 5216 1990 5269 At

411 5299 557 5352 enim
582 5314 704 5352 cum
728 5298 844 5355 haac
867 5301 1025 5366 velit,
1054 5302 1195 5357 idem
1222 5304 1386 5358 etiam
1418 5312 1630 5373 potest:
1664 5322 1835 5375 quare
1866 5323 1990 5361 cum

413 5389 545 5444 velit
578 5391 742 5446 simul
772 5391 918 5447 idem
953 5400 1007 5447 et
1052 5396 1249 5463 possit,
1286 5397 1437 5450 nulla
1475 5412 1535 5451 re
1566 5413 1745 5467 neque
1802 5401 1992 5468 prohi-

412 5480 597 5546 bente,
623 5498 797 5553 neque
820 5484 1166 5554 impediente,
1192 5489 1453 5560 quidquid
1478 5492 1766 5561 pulchrum
1786 5501 1839 5547 et
1863 5475 1992 5549 utile

410 5582 517 5642 est,
543 5585 653 5630 tam
682 5578 736 5631 in
768 5577 836 5633 iis
866 5594 988 5647 qua:
1021 5579 1124 5634 sub
1174 5590 1455 5649 aspectum
1491 5584 1715 5646 cadunt,
1745 5599 1907 5654 quam
1934 5586 1988 5639 in

413 5665 616 5737 iisquae
644 5685 755 5724 non
789 5670 1014 5735 cadunt,
1039 5670 1156 5740 ipse
1185 5673 1289 5727 sibi
1323 5674 1427 5744 ipsi
1455 5674 1692 5731 confecit
1728 5696 1740 5731 :
1789 5678 1991 5747 quippe

411 5759 506 5832 qui
540 5762 999 5835 quasimateriam
1034 5765 1323 5834 quamdam
1357 5776 1518 5839 atque
1559 5771 1855 5827 essentiam
1897 5787 1990 5842 gc~

2093 4560 2199 4614 λων
2231 4558 2364 4630 ὁμοῦ
2396 4560 2490 4611 καὶ
2525 4559 2840 4629 δυνάμενος,
2885 4559 3180 4624 ἀκωλύτως
3217 4561 3312 4615 καὶ
3336 4561 3699 4633 ἁπαραποδί-

2095 4670 2235 4714 στως
2265 4653 2374 4704 πᾶν
2410 4653 2438 4704 ὅ
2478 4669 2531 4704 τι
2572 4651 2734 4705 καλὸν
2767 4653 2860 4705 καὶ
2901 4651 3178 4724 συμφέρον
3205 4651 3262 4704 έν
3285 4669 3347 4704 τε
3382 4654 3699 4724 ὁρωμένοις

2093 4744 2187 4797 καὶ
2224 4745 2488 4812 ἀφανέσιν
2514 4744 2674 4807 αὐτὸς
2697 4743 2876 4814 ἐαυτῷ
2899 4746 3288 4816 συνεστήσατο,
3326 4744 3462 4816 ὓλην
3491 4745 3656 4798 ῶσπε
3666 4763 3697 4817 ρ

2090 4837 2211 4891 τινὰ
2238 4839 2332 4890 καὶ
2356 4837 2540 4889 οὐσίαν
2568 4837 2664 4907 τῆς
2694 4837 2803 4891 τῶν
2825 4837 2961 4890 ὅλων
2984 4835 3250 4904 γενέσεώς
3271 4854 3331 4890 τε
3361 4839 3461 4891 καὶ
3494 4839 3700 4890 συστά-

2093 4950 2230 4995 σεως
2252 4932 2347 5003 τὴν
2378 4930 2572 4984 ἑαυτοῦ
2602 4931 2795 4999 βουλὴν
2830 4931 2925 4983 καὶ
2954 4930 3185 5001 δύναμιν
3213 4930 3693 5002 προϐεϐλημένις,

2090 5025 2165 5089 ὡς
2203 5025 2402 5097 μηκέτι
2434 5023 2670 5092 εὐλόγως
2699 5027 2863 5092 φάναι
2893 5026 3002 5078 δεῖν
3033 5024 3092 5088 ἐξ
3125 5024 3225 5076 οὐκ
3257 5023 3431 5077 ὄντων
3461 5019 3611 5077 εἷναί
3639 5041 3695 5075 τι

2092 5132 2197 5186 τῶν
2226 5132 2412 5187 ὄντων.
2439 5132 2574 5185 Οὐδὲ
2599 5133 2706 5204 γὰρ
2736 5133 2801 5185 ἂν
2829 5131 2914 5199 εἴη
2940 5149 2990 5183 τι
3027 5131 3088 5183 τὸ
3120 5131 3184 5183 ἐκ
3231 5130 3306 5201 μὴ
3350 5131 3527 5195 ὄντος.
3559 5131 3694 5195 Πῶς

2091 5237 2199 5307 γάρ
2229 5238 2289 5289 τὸ
2322 5238 2394 5308 μὴ
2428 5236 2485 5290 ὃν
2520 5237 2689 5307 ἑτέρῳ
2710 5236 2802 5289 τοῦ
2837 5234 2974 5290 εἶναι
3004 5236 3200 5304 γένοιτ’
3224 5234 3290 5289 ἂν
3328 5235 3541 5301 αῖτιον;
3579 5239 3695 5289 πᾶν

2091 5339 2147 5392 δὲ
2180 5341 2206 5392 ὃ
2227 5359 2279 5392 τι
2315 5341 2444 5393 ποτε
2474 5340 2565 5392 καὶ
2607 5340 2774 5405 ἔστιν,
2819 5340 2878 5405 ἐξ
2912 5341 3029 5404 ἑνὸς
3072 5340 3163 5393 τοῦ
3204 5340 3368 5410 μόνου
3402 5340 3562 5399 ὄντος
3596 5342 3697 5394 καὶ

2091 5440 2197 5510 πρὸ
2229 5440 2402 5503 ὄντος,
2436 5440 2528 5493 τοῦ
2560 5441 2623 5511 δὴ
2652 5442 2745 5494 ml.
2774 5443 3065 5513 φήσαντος,
3104 5459 3122 5491 ι
3148 5438 3287 5508 Ἐγὼ
3314 5440 3436 5510 εἰμὶ
3462 5441 3490 5493 6
3512 5438 3624 5503 ὢν,
3670 5460 3688 5492 ι

2089 5543 2149 5595 τὸ
2179 5540 2316 5596 εἶναι
2345 5544 2506 5598 λαϐὸν
2530 5544 2661 5615 ἔχει·
2696 5546 2776 5598 ὅτι
2802 5545 2865 5616 δη
2898 5545 3057 5615 μόνος
3084 5542 3182 5606 ὢν,
3207 5544 3314 5596 καῖ’
3331 5544 3422 5597 ἀεὶ
3461 5542 3565 5610 ὢν,
3592 5546 3694 5598 αὐ-

2092 5646 2180 5709 τὸς
2218 5648 2350 5699 πᾶσι
2382 5651 2494 5711 τοῖς
2530 5647 2590 5712 ἐξ
2632 5647 2796 5701 αὐτοῦ
2834 5648 2896 5701 τὸ
2940 5643 3078 5701 εἶναι
3114 5645 3480 5717 κτησαμένοις
3504 5646 3695 5712 0.52m;

2091 5749 2182 5802 τοῦ
2211 5745 2345 5804 εἶναι
2388 5750 2644 5820 κατέστη,
2696 5750 2770 5821 τῷ
2809 5749 2980 5804 θέλειν
3015 5749 3107 5804 καὶ
3262 5749 3551 5803 δύνασθαι·
3596 5751 3691 5801 καὶ
