3828 6216
128 303 237 362 253

1063 304 1726 362 DEMONSTRATIONIS
1761 303 2225 362 EVANGELICJE
2257 305 2387 363 LIB.
2424 305 2514 363 Ν.

3291 308 3399 363 254

126 420 227 490 τὴν
252 418 444 474 οὐσίαν
471 422 586 483 τοῖς
623 421 779 485 πᾶσι,
813 420 906 473 καὶ
935 418 1035 483 τὰς
1071 420 1349 492 δυνάμεις,
1386 420 1482 475 καὶ
1505 418 1573 474 τὰ
1602 419 1717 491 εἴδη
1748 422 1800 480 Α,

1826 419 2123 477 nerationis
2153 420 2672 492 constitutionisque
2719 419 2984 485 universi,
3022 436 3181 475 suum
3216 425 3401 479 consi-

128 512 399 577 πλουσίως
425 513 519 566 καὶ
545 512 918 583 ἀνεπιφθόνως
945 513 1003 580 ἐξ
1028 513 1194 567 αὑτοῦ
1228 514 1644 586 κεχαρισμένος.

1823 513 1957 568 Ιίιιιιι
2000 528 2268 584 suamque
2295 513 2593 584 potentiam
2648 513 2990 584 praetulerit,
3022 520 3083 568 ut
3113 514 3263 570 nulla
3284 515 3400 585 jam

127 604 342 657 ratione
362 601 472 657 dici
502 605 698 672 possit,
729 603 796 657 de
816 603 990 657 nihilo
1020 618 1144 659 esse
1173 604 1473 674 quidquam
1514 619 1704 659 eorum
1740 618 1863 673 quae
1910 611 2064 667 sunt,
2111 620 2291 674 neque
2356 606 2502 660 enim
2558 621 2682 660 esse
2721 604 3002 676 quidpiam
3035 614 3216 677 potest
3243 624 3309 664 ex
3334 623 3403 664 eo

126 695 274 767 quod
325 696 512 765 ipsum
546 710 654 750 non
688 696 778 750 sit.
810 695 1100 761 Quomodo
1131 696 1277 752 enim
1312 696 1369 750 id
1397 696 1543 766 quod
1601 711 1710 750 non
1749 705 1853 759 est,
1886 695 2044 749 alteri
2079 700 2137 749 ut
2191 697 2263 749 sit
2284 710 2452 751 causa
2484 695 2639 750 erit?
2700 695 2874 750 Omne
2909 704 3091 752 autem
3113 699 3402 768 quodcun-

125 809 235 862 que
265 801 374 856 est,
403 807 470 847 ex
497 807 610 846 uno
641 791 735 861 qui
783 791 934 846 solus
977 801 1084 856 est,
1151 799 1206 846 et
1263 798 1390 845 ante
1431 791 1620 845 omnia
1669 797 1776 855 est,
1817 790 2022 860 quique
2054 789 2185 844 olim
2233 790 2396 843 etiam
2429 787 2562 844 illud
2601 790 2907 860 respondit,
2943 810 2962 844 ι
2997 790 3111 863 Ego
3147 809 3271 849 sum
3304 793 3400 864 qui

125 902 273 953 sum,
301 905 321 938 ι
351 894 414 940 ut
436 894 587 942 esset
618 894 674 941 et
705 887 916 957 accepit
936 894 992 941 et
1021 886 1217 941 habet.
1266 887 1469 958 quippe
1488 902 1613 941 eum
1634 887 1727 958 qui
1766 888 1917 942 solus
1954 892 2057 951 est,
2114 893 2169 941 et
2223 900 2440 956 semper
2465 893 2584 951 est,
2615 886 2663 941 is
2686 887 2943 943 omnibus
2970 904 3311 960 quaecunque
3335 906 3403 945 ex

125 984 246 1053 ipso
266 982 321 1036 id
350 982 500 1053 quod
532 991 661 1038 sunt
698 988 1051 1052 acceperunt,
1086 989 1147 1036 ut
1195 990 1382 1038 essent
1411 990 1605 1038 auctor
1660 983 1937 1038 exstiterit

1998 1002 2017 1037 ε
2074 989 2239 1052 atque
2271 996 2337 1035 ex
2387 996 2452 1036 eo
2512 982 2657 1050 quod
2688 990 2742 1036 et
2770 982 2898 1037 velit
2926 991 2982 1038 et
3010 985 3207 1053 possit,
3237 987 3403 1042 rebus

126 1070 404 1126 universis
432 1076 487 1125 et
519 1071 840 1135 essentiam,
894 1077 949 1123 et
1010 1078 1311 1140 potestates
1335 1112 1349 1135 ,
1385 1078 1441 1125 et
1487 1071 1715 1136 formas,
1750 1072 2026 1127 luculente
2054 1079 2110 1127 ct
2145 1071 2367 1139 copiose
2390 1071 2460 1126 de
2490 1072 2674 1140 seipso
2704 1072 2937 1143 largitus
2964 1074 3056 1129 sit.

882 1164 958 1217 B’.

170 1257 370 1322 Ὅπως
408 1254 600 1310 αὐτὸν
646 1255 762 1323 πρὸ
810 1254 1015 1324 πάσης
1046 1257 1300 1323 κτίσεως
1335 1257 1474 1311 Υἱὸν
1499 1256 1648 1311 Θεοῦ

644 1325 953 1395 γεγονέναι
977 1326 1194 1396 φαμέν.

193 1420 307 1471 Καὶ
330 1418 396 1491 δὴ
431 1417 539 1471 τῶν
571 1419 741 1472 ὄντων
776 1420 1034 1473 ἁπάντων
1058 1419 1275 1491 πρῶτον
1303 1420 1591 1491 ὑφίστησιν
1625 1420 1718 1473 αύ-

119 1512 215 1566 τοῦ
240 1512 491 1583 γέννημα
513 1511 614 1583 τὴν
636 1513 977 1584 πρωτότοκον
998 1514 1211 1583 σοφίαν,
1227 1512 1354 1585 ὅλην
1378 1514 1443 1567 δι’
1457 1514 1580 1566 ὅλου
1602 1530 1719 1566 νοε-

122 1606 244 1677 ρὰν,
278 1605 377 1658 καὶ
403 1604 648 1676 λογικὴν,
676 1606 770 1658 καὶ
803 1607 1098 1674 πάνσοφον,
1131 1606 1329 1678 μᾶλλον
1357 1607 1412 1659 δὲ
1436 1605 1712 1670 αύτονοῦν,

2491 1163 2651 1235 143
2678 1162 2743 1218 ιι.

1822 1255 2279 1323 Quemadmodum
2309 1254 2464 1309 illum
2521 1264 2644 1310 ante
2691 1272 2897 1310 omnem
2947 1266 3249 1313 creaturam
3297 1258 3399 1315 Fi-

2243 1328 2375 1380 lium
2409 1326 2507 1380 Dei
2542 1326 2706 1391 fuisse
2735 1326 2987 1381 dicimus.

1891 1419 2080 1492 Itaque
2139 1421 2384 1476 omnium
2431 1436 2772 1491 quaecunque
2820 1428 2970 1489 sunt,
3021 1420 3188 1476 fetum
3238 1436 3398 1477 suum

1794 1515 2057 1586 .primum
2083 1514 2468 1570 subministrat
2494 1527 2518 1579 ,°
2541 1514 2720 1584 primo
2750 1515 2989 1585 genitam
3018 1514 3275 1571 videlicet
3311 1532 3400 1571 sa-

1823 1605 2105 1676 pientiam,
2142 1615 2309 1660 totam
2344 1620 2738 1677 usquequaque
2767 1605 3183 1676 intelligentem,
3225 1612 3280 1660 et
3311 1622 3400 1660 ra-

121 1700 217 1752 καὶ
250 1698 569 1767 αὐτολὸγον,
605 1699 700 1752 καὶ
738 1699 1084 1769 αὑτοσοφίαν·
1113 1701 1206 1754 καὶ
1238 1698 1291 1752 εἴ
1315 1716 1368 1751 τι
1392 1698 1449 1752 δὲ
1479 1700 1715 1753 αύτόκα-
1752 1735 1793 1793 Β

1826 1699 2080 1754 tionalem
2135 1706 2190 1753 et
2240 1699 2457 1769 penitus
2507 1697 2840 1767 sapientem,
2871 1712 2937 1752 ac
2990 1697 3175 1767 potius
3222 1699 3398 1769 ipsam

119 1788 211 1842 λον
239 1789 338 1843 καὶ
360 1786 698 1859 αὐτοὰγαθον
721 1790 955 1843 ἐπινοεῖν
977 1793 1034 1843 ὲν
1053 1792 1332 1862 γεννητοῖς
1348 1790 1527 1861 θέμις,
1557 1787 1717 1843 τοῦτο

123 1881 343 1954 πρῶτον
365 1882 528 1946 αὐτὸς
550 1881 611 1949 ἐξ
638 1881 804 1936 αὐτοῦ
841 1881 1090 1954 θεμέλιον
1112 1883 1219 1937 τῶν
1257 1882 1396 1954 μετὰ
1419 1882 1594 1936 ταῦτα
1621 1898 1709 1951 γε-

122 1976 444 2046 νησομένων
476 1975 860 2049 προϐάλλεται,
901 1976 962 2028 τὸ
988 1976 1192 2029 τέλειον
1213 1975 1419 2028 τελείου
1452 1974 1716 2046 δημιούρ-

121 2083 301 2136 γημα,
332 2066 429 2120 καί
457 2066 622 2135 σοφοῦ
658 2067 820 2135 σοφὸν
855 2066 1317 2137 ἁρχιτεκτὸνημα,
1361 2062 1568 2133 ἀγαθοῦ
1611 2081 1716 2117 πα-

120 2159 251 2229 τρὸς
280 2159 488 2228 ἀγαθὸν
512 2160 781 2231 γέννημα.
814 2161 924 2213 Καὶ
947 2159 1000 2212 τί
1026 2159 1135 2231 γὰρ
1163 2159 1312 2225 ἄλλο,
1347 2158 1380 2230 ἦ
1412 2157 1520 2212 τῶν
1558 2157 1716 2229 μετέ-

120 2268 287 2304 πειτα
310 2252 373 2305 τὸ
393 2247 532 2306 εἶναι
557 2252 624 2305 δι’
657 2251 824 2305 αὐτοῦ
846 2253 1140 2321 λαϐόντων,
1170 2254 1481 2324 προστάτην
1507 2253 1600 2306 καὶ
1626 2270 1718 2322 κη-

118 2344 345 2416 δεμόνα,
380 2346 603 2417 σωτῆρα
640 2362 699 2396 τε
737 2346 834 2397 καὶ
871 2347 1075 2418 ἰατρὸν,
1108 2347 1202 2399 καὶ
1240 2344 1584 2417 κυϐερνήτην
1614 2344 1716 2414 τῆς

118 2437 231 2491 τῶν
259 2438 400 2492 ὅλων
428 2437 789 2510 δημιουργίας
817 2440 946 2502 τοὺς
968 2438 1160 2502 οἴακας
1186 2438 1713 2511 περιδεδραγμένονς

123 2529 291 2583 Ὅθεν
323 2529 556 2593 εἰκότως
585 2531 635 2583 οἱ
663 2531 901 2601 χρησμοὶ
929 2530 1307 2599 θεολογούντες
1346 2530 1477 2584 Θεὸν
1526 2548 1719 2602 γεννη-

119 2621 213 2673 τὸν
244 2621 412 2674 αὐτὸν
434 2620 849 2690 ἀποφαίνουσιν,
884 2621 960 2684 ὡς
991 2621 1057 2675 ἂν
1094 2621 1195 2690 τῆς
1222 2621 1598 2693 ἀνεκφράστου
1625 2622 1719 2675 καὶ

117 2713 492 2784 ἁπερινοήτου
525 2711 780 2784 θεότητος
824 2712 983 2784 μόνον
1025 2714 1082 2764 ὲν
1128 2711 1277 2783 αὑτῴ
1330 2712 1566 2783 φέροντα
1618 2712 1718 2783 τὴν

117 2802 330 2866 εἰκόνα,
365 2803 435 2856 δι’
462 2804 528 2872 ἢν
563 2803 660 2857 xui.
684 2802 815 2855 Θεὸν
858 2798 998 2857 εἶναι
1041 2820 1099 2855 τε
1133 2803 1294 2857 αὑτὸν
1326 2804 1420 2857 καὶ
1462 2802 1719 2872 λέγεσθαι

114 2893 220 2965 τῆς
254 2895 396 2965 πρὸς
442 2895 503 2948 τὸ
543 2895 759 2967 πρῶτον
796 2892 1170 2964 ὲξομοιώσεως
1209 2895 1392 2966 χάριν,
1439 2896 1615 2969 ταύτῃ
1657 2912 1719 2949 τε

116 2989 286 3042 αὐτὸν
310 2989 516 3058 ἀγαθόν
537 3007 697 3059 φασιν
722 2990 1003 3061 ὑπηρέτην
1034 2990 1171 3061 πρὸς
1192 2990 1286 3043 τοῦ
1316 2992 1567 3064 Σωτῆρος
1589 2994 1720 3045 ὑπο-

1822 1788 2263 1859 intelligentiam,
2296 1788 2469 1858 ipsam
2496 1789 2791 1851 rationem,
2820 1788 3344 1859 ipsamsapientiam
3381 1807 3397 1845 :

1818 1896 2037 1935 necnon
2062 1880 2109 1935 si
2141 1878 2274 1950 quid
2300 1880 2478 1949 ipsum
2505 1879 2820 1950 pulchrum,
2853 1880 3144 1951 ipsumque
3194 1880 3398 1934 bonum

1819 1973 2134 2044 excogitare
2166 1973 2220 2026 in
2240 1973 2309 2029 iis
2342 1987 2465 2043 quae
2491 1973 2674 2044 genita
2693 1973 2919 2029 suntfas
2941 1982 3046 2034 est.
3078 1975 3132 2030 id
3160 1974 3398 2045 primum

1820 2066 1936 2137 ipse
1972 2081 2038 2120 ex
2070 2080 2130 2120 se
2163 2065 2285 2135 ipso
2318 2080 2509 2119 eorum
2553 2080 2673 2135 qua:
2725 2065 2957 2134 posthac
3007 2065 3192 2121 futura
3242 2076 3402 2122 erant

1820 2158 2236 2214 fundamentum
2253 2157 2493 2229 praefert,
2512 2157 2816 2230 perfectum
2838 2156 3067 2227 perfecti
3095 2158 3399 2228 opiﬁcium,

1819 2250 2083 2321 sapientis
2139 2250 2442 2320 sapientem
2493 2249 2933 2315 fabricationem,
2967 2250 3096 2305 boni
3152 2250 3400 2320 parentis

1818 2349 2016 2405 bonam
2036 2348 2302 2414 sobolem,
2320 2355 2374 2402 et
2390 2346 2649 2417 quidnam
2678 2343 2826 2399 aliud
2857 2344 3024 2398 fuerit
3048 2343 3396 2413 prmlaturus,

1819 2456 1983 2511 quam
2006 2440 2160 2495 illum
2193 2441 2370 2512 ipsum
2393 2453 2583 2494 eorum
2604 2453 2726 2509 quae
2760 2432 2988 2507 posthac
3011 2450 3108 2505 per
3134 2435 3312 2505 ipsum
3343 2433 3402 2491 id

1817 2531 1963 2602 quod
1996 2538 2125 2585 sunt
2154 2528 2491 2600 acceperint,
2532 2528 2860 2600 perfectum,
2895 2533 3234 2592 curatorem,
3265 2540 3400 2580 con-

1820 2629 2179 2686 servatorem,
2210 2622 2506 2687 medieum,
2558 2620 2987 2692 gubernatorem
3020 2619 3043 2672 ?
3092 2633 3219 2673 eum
3244 2617 3400 2673 vide-

1821 2709 1947 2768 licet
1997 2712 2091 2783 qui
2129 2714 2428 2769 ereationis
2456 2711 2699 2767 universi
2749 2710 3119 2782 gubernacula
3159 2723 3405 2779 compre-

1818 2802 1991 2858 hensa
2043 2804 2298 2859 teneret?
2331 2804 2515 2874 itaque
2552 2817 2662 2858 non
2692 2801 2968 2857 immerito
2990 2800 3215 2854 oracula
3245 2800 3403 2854 theo-

1817 2895 1993 2966 logice
2037 2897 2353 2968 loquentia,
2406 2896 2575 2952 Deum
2609 2894 2853 2966 genitum
2895 2894 3047 2949 illum
3087 2892 3398 2956 enuntiant,

1819 2997 2078 3060 tanquam
2103 3007 2227 3046 eum
2258 2990 2352 3061 qui
2381 2989 2746 3045 elocutionem
2773 3003 2993 3043 omnem
3019 3026 3034 3050 ,
3069 3000 3403 3056 omnemque

115 3082 443 3154 ϐεϐλῆσθαι,
471 3082 579 3148 ἵνα,
608 3081 797 3156 ὥσπερ
834 3085 899 3138 δι’
933 3085 1051 3148 ἐνὸς
1081 3083 1356 3152 πανσόφου
1386 3086 1481 3138 καὶ
1517 3082 1718 3149 ζῶντος
1745 3091 1788 3150 C

1826 3083 2205 3153 cogitationem
2257 3082 2567 3153 efl‘ugientis
2618 3083 2817 3137 divinae
2873 3090 3085 3136 naturae
3138 3081 3292 3137 solus
3344 3081 3402 3135 in

114 3176 380 3247 ὀργάνου,
407 3175 660 3246 τεχνικοῦ
694 3193 753 3229 τε
788 3177 884 3230 καὶ
912 3174 1336 3247 ἐπιστημονικοῦ
1368 3177 1611 3241 κανόνος,
1649 3176 1721 3231 τὰ

116 3267 301 3321 πάντα
329 3265 482 3337 αύτῷ
501 3265 876 3331 ἁπευθύνοιτο,
905 3266 1133 3337 σώματα
1157 3267 1294 3339 ὁμοῦ
1312 3269 1406 3321 καὶ
1428 3267 1717 3340 ἀσώματα,

117 3357 344 3427 ἔμψυχὰ
376 3375 436 3410 τε
498 3358 593 3412 καὶ
638 3358 838 3428 ἄψυχα,
885 3358 1079 3427 λογικὰ
1122 3359 1219 3412 σὺν
1257 3359 1493 3427 ἀλόγοις,
1549 3359 1719 3430 θνητὰ

118 3452 217 3503 σὺν
242 3449 559 3513 ἀθανάτοις,
594 3451 690 3504 καὶ
722 3451 851 3504 εἴτι
892 3449 1101 3514 τούτοις
1129 3451 1317 3523 ἕτερον
1345 3451 1718 3522 συνυφέστηκέ

114 3559 175 3594 τε
206 3542 308 3596 καὶ
348 3543 706 3612 συνύφανται,
744 3545 839 3598 καὶ
888 3546 964 3607 ὡς
998 3545 1099 3615 μιᾷ
1125 3542 1234 3596 τῶν
1274 3542 1411 3597 δλων
1464 3545 1714 3614 δυνάμει,

117 3637 200 3690 ἐνί
224 3654 285 3690 τε
313 3636 476 3701 ζῶντι
501 3637 595 3691 καὶ
625 3636 853 3709 ἐμψύχῳ
885 3637 1034 3708 νόμῳ
1069 3654 1130 3689 τε
1164 3637 1257 3690 καὶ
1283 3637 1426 3708 λόγῳ
1460 3639 1518 3689 ὲν
1549 3638 1717 3691 πᾶσιν

115 3728 233 3782 ὄντι
256 3730 357 3783 καί
385 3728 476 3782 διὰ
507 3722 725 3783 πάντων
765 3730 953 3800 ἥκοντι
1000 3727 1069 3782 τὰ
1108 3728 1283 3781 πάντα
1331 3727 1720 3800 συναρμόζοιτο

119 3820 209 3888 ὑφ’
245 3819 331 3871 ἑνὶ
360 3819 623 3889 πανσὸφῳ
648 3818 852 3890 δεσμῷ,
879 3817 1029 3889 αὐτῷ
1069 3817 1134 3889 δὴ
1162 3817 1241 3886 τῷ
1271 3817 1367 3870 τοῦ
1405 3817 1540 3870 Θεοῢ
1574 3818 1717 3889 λόγῳ

117 3929 177 3965 τε
200 3914 301 3965 καὶ
329 3912 502 3983 νόμῳ,
538 3912 881 3984 συναγόμενα
903 3930 961 3965 τε
991 3912 1087 3965 καὶ
1115 3908 1470 3980 συνδούμενα.

119 4010 233 4056 tam
267 4000 744 4070 rationaliaquam
773 4000 956 4064 bruta,
989 4008 1100 4055 tam
1130 3999 1383 4055 mortalia
1426 4013 1589 4069 quam
1626 3999 1976 4065 immortalia,

1822 3173 2004 3243 seipso
2032 3174 2210 3228 fuerat
2243 3175 2559 3245 imaginem,
2590 3182 2815 3246 prepter
2844 3188 3009 3244 quam
3063 3173 3232 3229 Deum
3263 3189 3405 3244 quo;

1821 3280 1927 3336 que
1952 3274 2006 3320 et
2032 3280 2154 3321 esse
2183 3266 2337 3321 illum
2367 3277 2421 3321 et
2451 3266 2583 3332 dici,
2625 3266 2747 3336 ejus
2787 3267 3061 3335 videlicet,
3091 3282 3212 3337 qua;
3254 3268 3403 3337 quod

1819 3358 2057 3427 primum
2099 3368 2186 3415 est
2219 3359 2409 3425 refert,
2442 3375 2720 3431 expressae
2780 3359 3160 3417 similitudinis
3204 3361 3402 3431 gratia.

1825 3448 2095 3515 Quocirca
2128 3451 2282 3505 illum
2311 3451 2515 3505 bonum
2550 3452 2708 3506 aiunt
2756 3451 3143 3506 administrum
3182 3466 3212 3504 a
3243 3449 3406 3506 Patre

1824 3540 2269 3607 suffectumesse,
2300 3553 2361 3598 ut
2392 3543 2552 3613 quasi
2578 3559 2675 3615 per
2703 3559 2873 3598 unum
2907 3543 3126 3613 penitus
3158 3543 3403 3613 sapiens,

1826 3636 2125 3706 vivensque
2159 3637 2619 3703 instrumentum,
2651 3635 3102 3706 artiﬁcialenique
3126 3649 3192 3690 ac
3224 3634 3405 3691 omnis

1826 3724 2069 3781 scientiae
2094 3726 2205 3782 vim
2236 3726 2292 3781 in
2310 3742 2370 3783 se
2398 3727 2688 3783 habentem
2716 3725 2984 3797 regulam,
3038 3725 3297 3782 universa
3335 3726 3405 3780 ab

1823 3817 1944 3888 ipso
1975 3830 2320 3889 regerentur,
2354 3827 2466 3874 tam
2496 3834 2732 3891 corpora
2763 3819 2904 3890 ipsa,
2928 3835 3092 3891 quam
3128 3834 3251 3889 quae
3286 3832 3408 3872 cor-

1826 3913 1977 3982 poris
2015 3913 2263 3982 expertia
2294 3920 2445 3979 sunt,
2476 3920 2587 3968 tam
2613 3914 2913 3969 animantia
2941 3928 3104 3983 quam
3137 3911 3403 3976 inanima,

2052 4016 2117 4055 ac
2156 4001 2204 4056 si
2257 4002 2391 4072 quid
2433 4002 2577 4057 aliud
2612 4019 2719 4057 una
2752 4018 2877 4058 cum
2904 4003 2991 4058 his
3019 4003 3154 4059 exiit
3194 4001 3253 4056 in
3307 4016 3404 4056 na-

119 4103 327 4159 turam,
357 4108 576 4163 unaque
596 4094 754 4163 quasi
771 4101 1089 4147 contextum
1115 4103 1200 4147 est
1226 4111 1239 4147 :
1266 4107 1481 4147 necnon
1513 4099 1574 4145 ut
1607 4092 1700 4144 uni
1739 4106 1921 4146 rerum
1975 4092 2223 4146 omnium
2254 4094 2534 4164 potestati,
2572 4096 2775 4165 unique
2797 4095 3001 4149 viventi
3067 4100 3231 4164 atque
3285 4092 3406 4146 ani-

124 4198 289 4245 mata
356 4190 483 4260 legi,
527 4204 592 4243 ac
664 4189 868 4243 rationi
917 4205 1038 4259 qua:
1089 4190 1143 4243 in
1210 4189 1465 4244 omnibus
1526 4195 1692 4253 esset,
1732 4204 1936 4259 perque
1982 4191 2169 4245 omnia
2232 4198 2567 4260 penetraret,
2637 4194 2822 4248 omnia
2878 4189 3255 4253 convenirent,
3304 4185 3408 4241 sub

124 4296 298 4335 unum
329 4280 521 4350 utique
554 4279 794 4351 perfecte
822 4283 1042 4350 sapiens
1072 4281 1374 4344 vinculum,
1410 4280 1588 4350 ipsum
1630 4281 1842 4335 scilicet
1880 4278 1976 4336 Dei
2019 4282 2243 4337 verbum
2275 4283 2564 4353 ipsamque
2586 4283 2782 4354 legem,
2823 4292 3010 4339 coacta
3035 4290 3089 4337 et
3127 4281 3405 4351 colligata.

820 4392 823 4395 “
890 4395 965 4447 I".

126 4511 249 4563 Ὀτι
301 4508 391 4577 μὴ
440 4509 693 4577 πλείους
742 4508 860 4562 υἱοὶ
921 4507 1028 4562 τοῦ
1073 4509 1171 4561 ἐπὶ
1227 4507 1470 4562 πάντων
1523 4508 1671 4561 Θεοῦ
1701 4551 1716 4574 ,

187 4576 385 4650 μόνος
405 4579 473 4631 δὲ
503 4576 593 4644 εἷς
628 4580 695 4633 ἐκ
722 4579 871 4634 Θεοῦ
907 4579 1050 4644 Θεὸς
1090 4580 1356 4648 εὐλόγως
1387 4578 1532 4647 ἡμῖν
1572 4580 1721 4648 ἀνη-

196 4651 504 4721 τόρευται.

205 4741 363 4803 Ἐνὸς
385 4740 444 4793 δὲ
465 4738 622 4802 ὄντος
659 4738 753 4791 τοῦ
775 4739 1010 4811 Πατρὸς,
1046 4739 1143 4793 ἕνα
1174 4741 1281 4811 χρὴ
1322 4741 1417 4794 καὶ
1448 4740 1540 4795 τὸν
1569 4742 1720 4809 Υἱὸν,

124 4834 265 4887 ἀλλὰ
295 4835 356 4885 οὐ
390 4832 621 4894 πολλοὺς
648 4828 807 4893 εἶναι,
838 4833 934 4885 καὶ
969 4833 1064 4885 ἕνα
1105 4832 1310 4885 τέλειον
1345 4833 1503 4903 μόνον
1539 4850 1725 4906 γεννη-

123 4926 216 4978 τὸν
249 4925 389 4977 Θεὸν
428 4926 493 4976 ὲκ
519 4922 675 4987 Θεοῦ,
708 4924 821 4977 ἀλλ’
848 4925 909 4977 οὐ
941 4924 1178 4989 πλείους.
1220 4926 1307 4978 Ἐν
1341 4924 1450 4997 γὰρ
1482 4925 1723 4981 πλείοσιν

125 5018 388 5088 ἑτερότης
424 5016 581 5070 ἔσται
611 5017 703 5069 καὶ
752 5017 987 5088 διαφορὰ
1033 5020 1129 5071 καὶ
1174 5017 1269 5071 τοῦ
1304 5019 1543 5089 χείρονος
1576 5023 1722 5074 εἰσα-

126 5111 306 5179 γωγή.
345 5109 437 5161 Διὸ
458 5108 522 5179 δὴ
558 5102 639 5173 εἷς
678 5108 834 5175 Θεὸς,
865 5109 984 5174 ἐνὸς
1020 5109 1153 5163 Υἱοῢ
1182 5109 1384 5164 τελείου
1424 5111 1519 5164 καὶ
1561 5128 1720 5182 μονο-

124 5200 356 5269 γενοῦς,
394 5199 509 5253 ἀλλ’
541 5202 604 5254 οὐ
652 5201 912 5254 πλειόνων
977 5200 1115 5255 θεῶν
1165 5201 1276 5256 οὐδ’
1329 5202 1467 5256 υἱῶν.
1507 5203 1719 5274 πατήρ·

125 5292 254 5345 ἐπεὶ
282 5292 382 5344 καὶ
419 5291 548 5361 μιᾶς
578 5289 746 5361 οὔσης
786 5289 962 5358 φωτὸς
989 5289 1197 5354 οὐσίας,
1242 5290 1371 5360 μίαν
1405 5290 1500 5344 καὶ
1532 5289 1630 5360 τὴν
1663 5290 1722 5356 ἐξ

127 5382 295 5437 αὐτοῦ
329 5383 678 5453 γεννωμένην
706 5381 916 5436 τελείαν
948 5381 1116 5453 αὐτὴν
1149 5383 1301 5435 πᾶσα
1333 5382 1545 5453 ἀνάγκη
1578 5381 1724 5436 τίθε-

131 5477 279 5529 σθαι.
312 5476 379 5527 Τί
414 5474 526 5545 γὰρ
578 5475 643 5528 ἂν
687 5476 781 5529 καὶ
824 5474 951 5528 ἄλλο
984 5475 1230 5545 γέννημα
1266 5474 1441 5544 φωτὸς
1489 5475 1724 5527 ἐπινοεῖν

128 5564 377 5629 δυνατὸν,
418 5564 494 5634 μὴ
520 5565 639 5635 οὐχὶ
672 5565 842 5635 μόνην
868 5565 969 5637 τὴν
1000 5565 1059 5630 ἐξ
1093 5563 1257 5616 αὐτοῦ
1284 5564 1351 5617 τὰ
1386 5564 1563 5620 πάντα
1589 5563 1726 5634 πλη-

133 5654 330 5725 ροῦσαν
380 5655 476 5708 καὶ
527 5654 989 5726 καταλάμπουσαν
1037 5654 1284 5721 ἀκτῖνα;
1338 5656 1447 5708 πᾶν
1503 5655 1612 5727 γὰρ
1662 5656 1723 5709 τὸ

133 5746 338 5817 ταύτης
371 5746 652 5820 ἀλλότριον
693 5747 883 5811 σκότος
917 5747 981 5803 ἂν
1019 5747 1104 5820 εἴη
1138 5747 1233 5801 καὶ
1273 5748 1332 5800 ού
1365 5747 1500 5817 φῶς.
1537 5748 1722 5822 Ταύτῃ

2484 4397 2642 4470 147
2676 4397 2760 4454 ιιι.

1830 4507 1987 4580 Quod
2019 4525 2121 4561 non
2167 4508 2344 4577 plures
2395 4511 2625 4576 supremi
2655 4511 2752 4563 Dei
2783 4511 2905 4580 filii,
2943 4508 3032 4562 sed
3081 4524 3217 4561 unus
3263 4508 3410 4568 solus
3470 4490 3476 4496 ’

1954 4578 2018 4633 de
2048 4580 2157 4634 Deo
2189 4580 2352 4646 Deus,
2385 4580 2510 4650 jure
2536 4599 2569 4634 a
2602 4580 2750 4636 nobis
2773 4578 3053 4651 ιιι-(καίεαή
3084 4583 3273 4634 soleat.

1894 4733 2187 4800 Caeterum,
2220 4752 2346 4790 cum
2401 4753 2544 4792 unus
2596 4737 2668 4790 sit
2730 4736 2911 4801 Pater,
2950 4734 3146 4790 Filium
3191 4750 3410 4804 quoque

1828 4843 2022 4891 unum,
2055 4845 2165 4882 non
2184 4829 2369 4898 plures
2385 4845 2508 4885 esse
2533 4834 2767 4899 oportet,
2800 4844 3077 4898 unumque
3108 4826 3409 4897 perfectum

1827 4921 2004 4975 solum
2036 4922 2280 4992 genitum
2308 4920 2478 4976 Deum
2509 4920 2576 4976 de
2596 4920 2728 4987 Deo,
2758 4934 2872 4974 non
2901 4928 3080 4974 autem
3108 4920 3312 4989 plures.
3347 4917 3409 4972 In

1825 5014 2077 5085 pluribus
2109 4998 2254 5070 enim
2282 5012 2572 5069 diversitas
2605 5012 2709 5067 crit
2733 5026 2798 5066 ae
2820 5010 3145 5077 diﬂ‘crentia,
3172 5009 3412 5065 deterio-

1826 5110 2012 5176 risque
2039 5106 2394 5161 introductio.
2444 5104 2627 5171 Quare
2682 5120 2827 5159 unus
2873 5105 3033 5168 Deus,
3085 5103 3250 5159 unius
3280 5100 3411 5158 Filii

1826 5198 2055 5269 perfecti
2090 5206 2254 5268 atque
2286 5197 2457 5261 unici,
2495 5212 2606 5251 non
2662 5197 2903 5268 plurium
2962 5196 3194 5250 deorum
3232 5209 3414 5265 neque

1828 5290 2065 5344 ﬁliorum
2102 5295 2285 5358 pater;
2317 5286 2577 5358 quoniam
2611 5302 2736 5341 eum
2773 5285 2998 5341 luminis
3035 5300 3256 5356 quoque
3302 5299 3411 5338 una

1827 5383 1899 5436 sit
1926 5380 2182 5443 essentia,
2226 5379 2399 5448 ipsam
2429 5379 2557 5434 item
2596 5393 2717 5447 qua:
2747 5392 2810 5432 ex
2843 5393 2909 5433 co
2939 5384 3251 5448 generetur,
3287 5389 3412 5445 per-

1828 5473 2023 5527 fectam
2053 5486 2215 5525 unam
2249 5486 2470 5540 ponere,
2499 5471 2679 5527 omnis
2710 5471 2854 5541 cogit
2883 5471 3205 5527 necessitas.
3236 5467 3410 5535 Quam

1826 5564 1972 5618 enim
2003 5563 2162 5615 aliam
2186 5568 2447 5630 praeterea
2475 5561 2716 5617 sobolem
2756 5561 2978 5616 luminis
3006 5560 3245 5631 cogitare
3280 5573 3409 5628 pos-

1828 5670 2041 5721 sumus,
2080 5653 2184 5709 nisi
2212 5667 2380 5707 unum
2426 5651 2628 5721 ipsum,
2652 5652 2746 5722 qui
2776 5667 2843 5706 ex
2878 5651 3000 5721 ipso
3024 5647 3409 5720 proficiscitur,

1830 5748 2121 5819 omniaque
2172 5745 2407 5816 complet
2458 5752 2622 5815 atque
2673 5745 2929 5811 illustrat,
2963 5742 3214 5799 radium?
3245 5740 3412 5821 Quid-
