3828 6216
382 284 490 340 255

1058 282 1331 340 EUSEBII
1363 282 1853 340 C/ESARIENSIS
1888 280 2041 338 OPP.
2090 279 2270 336 PARS
2309 281 2374 335 ll.
2416 311 2487 321 —
2520 275 3023 335 APOLOGETICA.

3546 274 3653 327 256

379 404 509 474 quid
548 404 694 458 enim
735 403 807 459 ab
839 403 944 459 hoc
979 404 1217 459 alienum
1270 406 1453 469 fuerit.
1484 406 1721 462 tenebrae
1770 412 1955 471 erunt,

2093 421 2141 457 οι
2176 404 2270 458 καὶ
2294 403 2385 457 τοῦ
2418 404 2633 456 πάντων
2668 400 2943 454 ἀνωτάτου
2981 398 3215 468 Πατρὸς,
3255 396 3494 466 ἀρρήτου
3539 412 3651 463 φω-

381 512 488 551 non
520 497 723 552 lumen.
755 497 965 553 Idcirco
990 500 1154 555 etiam
1212 501 1457 571 supremi
1485 501 1727 555 omnium
1761 498 1967 553 Paren-

381 587 452 641 tis
486 602 612 641 cum
660 587 844 643 lumen
873 591 965 654 sit,
989 592 1132 660 quod
1167 593 1329 647 nullis
1359 593 1540 647 verbis
1579 590 1968 661 comprehendi

382 685 582 746 potest.
624 694 692 733 ne
724 680 905 735 simile
936 681 1155 751 quidem
1184 684 1354 736 ullum
1393 683 1741 752 propriumve
1784 696 1967 736 exem-

382 771 501 840 plar
539 770 727 833 fuerit,
759 781 957 842 praeter
988 775 1166 843 ipsum
1199 776 1304 830 hoc
1344 777 1544 839 solum,
1574 775 1717 844 quod
1748 773 1968 844 quidem

383 863 562 932 ipsum
608 864 814 931 dicere,
848 867 976 922 item
1000 868 1068 923 de
1091 867 1249 929 Filio,
1281 866 1363 923 las
1391 879 1509 935 est;
1539 865 1799 937 Splendor
1821 865 1968 920 enim

382 963 467 1010 est
494 956 717 1012 luminis
751 960 1095 1028 sempiterni,
1121 961 1514 1030 speculumque
1557 957 1968 1012 immaculatum

384 1046 582 1101 divina:
619 1050 927 1113 evidentiae,
962 1058 1015 1105 et
1045 1052 1223 1122 imago
1266 1051 1527 1106 bonitatis
1577 1050 1720 1120 ejus.
1746 1048 1825 1102 Ex
1862 1064 1972 1118 quo

386 1135 517 1190 illud
547 1138 750 1193 dictum
783 1150 866 1195 est
902 1160 913 1194 :
954 1160 974 1191 ‹
1014 1142 1115 1207 Qui
1147 1157 1272 1196 cum
1302 1143 1373 1195 sit
1399 1140 1660 1212 splendor
1688 1140 1893 1211 gloriae,
1920 1147 1973 1193 et

386 1227 557 1299 ﬁgura
610 1232 929 1287 substantiae
977 1233 1179 1302 ejus".
1235 1252 1254 1285 ι
1301 1234 1570 1288 Caeterum
1636 1246 1666 1285 a
1724 1229 1973 1285 sensibili

378 1321 603 1391 quidem
648 1323 852 1378 lumine
880 1324 1139 1393 splendor
1170 1324 1413 1394 separari
1465 1340 1574 1377 non
1614 1330 1796 1393 potest
1833 1342 1844 1375 :
1879 1320 1974 1375 Fi-

383 1413 491 1468 lius
532 1421 715 1468 autem
759 1431 1008 1471 seorsum
1043 1433 1073 1471 a
1114 1415 1274 1470 Patre
1320 1431 1416 1486 per
1449 1418 1689 1485 seipsum
1720 1414 1977 1470 subsistit

382 1512 437 1560 et
470 1505 691 1559 luminis
723 1507 940 1575 quidem
986 1507 1242 1576 splendor
1273 1494 1464 1560 locum
1495 1505 1797 1560 ellicienlia:
1833 1501 1977 1557 obti-

382 1605 507 1666 net;
544 1605 599 1651 at
626 1597 797 1653 Filius
829 1600 976 1653 aliud
1021 1600 1276 1669 quiddam
1311 1613 1476 1668 quam
1526 1596 1830 1652 secundum
1864 1593 1974 1650 elli-

383 1690 640 1744 cientiam
692 1700 795 1758 est,
829 1706 937 1745 non
1000 1708 1095 1761 per
1146 1692 1387 1763 seipsnm
1435 1690 1625 1761 utique
1677 1689 1972 1745 essentiam

2068 498 2160 562 τὸς
2181 497 2352 561 ὄντος,
2388 497 2539 549 οὐδὲν
2582 495 2680 566 μὲν
2709 493 3016 566 προσφερὲς
3047 488 3196 560 αὐτῷ
3229 489 3336 542 οὐδ’
3364 490 3563 544 οἰκεῖον
3590 488 3654 541 ἂν

2067 589 2277 659 γένοιτο
2308 589 2677 660 παράδειγμα,
2711 586 2851 657 πλὴν
2884 588 3007 639 ὅσον
3036 585 3168 638 αὐτὸ
3208 583 3364 636 τοῦτο
3413 584 3594 652 μόνον,
3627 581 3656 634 6

2067 681 2132 753 δὴ
2163 682 2257 735 καὶ¹
2289 683 2455 750 φάναι
2509 680 2640 749 περ)⁵
2693 679 2823 732 Υίού
2864 674 2976 731 οἶόν
3018 694 3108 730 τε·
3160 674 3505 744 ἀπαύγασμα
3546 675 3657 744 γάρ

2069 774 2183 826 ἐστι
2212 771 2387 842 φωτὸς
2415 771 2609 837 ἀϊδίου,
2646 772 2740 825 καὶ
2773 769 3034 841 ἔσοπτρον
3067 767 3400 839 ἀκηλίδωτον
3428 765 3529 835 τῆς
3561 764 3657 819 τοῦ

2068 864 2205 917 Θεοῦ
2258 863 2559 935 ἐνεργείας,
2604 862 2696 916 καὶ
2733 859 2899 915 εἰκὼν
2935 861 3035 931 τῆς
3091 858 3428 929 ἀγαθότητος
3466 855 3655 911 αὑτοῦ.

2070 958 2161 1011 Διὸ
2195 957 2440 1028 εἴρηται·
2477 974 2496 1006 ι
2529 956 2624 1016 Ὃς
2655 952 2730 1007 ὢν
2755 952 3096 1023 ἀπαύγασμα
3120 952 3219 1019 τῆς
3248 949 3407 1020 δόξης
3439 953 3535 1004 καὶ
3562 967 3662 1019 χα-

2075 1052 2285 1124 ρακτὴρ
2314 1051 2413 1121 τῆς
2445 1048 2795 1113 ὑποστάσεως
2830 1046 3012 1101 αὑτοῦ.
3042 1066 3060 1098 ι
3098 1045 3259 1099 Ἀλλά
3288 1046 3383 1100 τοῦ
3421 1046 3521 1117 μὲν
3576 1048 3665 1099 αἰ-

2074 1142 2272 1213 σθητοῦ
2298 1142 2475 1211 φωτὸς
2527 1140 2895 1213 ἀχώριστοςή
2940 1140 3123 1211 αὐγὴ,
3160 1142 3188 1194 6
3236 1139 3279 1193 δ’
3332 1140 3459 1202 Υἱὸς
3518 1139 3665 1202 ἰδίως

2073 1236 2224 1306 παρὰ
2248 1235 2340 1287 τὸν
2373 1233 2592 1304 Πατέρα
2624 1232 2746 1286 καθ’
2776 1233 2964 1286 ἑαυτὸν
3008 1232 3296 1303 ἐφέστηκε.
3332 1231 3442 1284 Καὶ
3485 1230 3667 1299 φωτὸς

2079 1328 2176 1398 μὲν
2201 1329 2232 1397 ἡ
2270 1325 2412 1396 αὐγὴ
2447 1324 2631 1396 χώραν
2658 1325 2943 1396 ἐνεργείας
2966 1324 3173 1395 ἐπέχει,
3195 1327 3224 1377 6
3245 1324 3301 1376 δὲ
3324 1322 3453 1386 Υἱὸς
3477 1321 3672 1394 ἕτερόν

2072 1435 2126 1473 τι
2167 1417 2199 1490 ἢ
2230 1416 2371 1472 κατὰ
2410 1417 2692 1489 ἐνέργειαν
2728 1416 3019 1487 τυγχάνει,
3055 1414 3177 1468 καθ’
3230 1413 3422 1467 ἑαυτὸν
3468 1413 3673 1467 οὐσιω-

2078 1509 2256 1582 μένος.
2294 1510 2403 1562 Καὶ
2435 1508 2655 1579 πάλινὴ
2692 1508 2790 1579 μὲν
2828 1507 2970 1578 αὐγὴ
3008 1507 3342 1576 συνυπάρχει
3375 1504 3455 1576 τῷ
3502 1505 3671 1574 quid,

2077 1600 2296 1671 συμπλη
2309 1602 2509 1672 ρωτική
2537 1616 2622 1663 τις
2652 1595 2787 1652 οὖσα
2822 1598 2985 1652 αὐτοῦ
3007 1614 3021 1629 ο
3051 1597 3177 1652 ἄνευ
3216 1598 3327 1668 γάρ
3359 1597 3536 1667 αὐγῆς
3564 1596 3674 1649 οὐκ

2077 1689 2142 1743 ἂν
2176 1691 2446 1760 ὑποσταίη
2474 1690 2608 1759 φῶς,
2632 1688 2766 1761 ὁμοῦ
2800 1707 2859 1742 τε
2896 1690 2991 1743 καὶ
3021 1687 3139 1743 καθ’
3171 1689 3301 1741 αὑτὸ
3330 1688 3677 1758 συνυφέστη-

385 1787 602 1847 nactus,
636 1779 732 1835 sed
764 1796 793 1834 a
835 1780 1014 1835 Patre.
1057 1779 1270 1836 Rursus
1321 1780 1581 1850 splendor
1625 1779 1789 1836 simul
1827 1779 1972 1833 exsi-

2092 1800 2191 1837 ιεν.
2228 1783 2286 1835 '0
2320 1782 2376 1835 δὲ
2408 1783 2598 1854 Πατὴρ
2634 1782 2975 1854 προὺπάρχει
3007 1779 3101 1833 τοῦ
3136 1778 3285 1833 Υίοῦ.
3322 1780 3418 1833 καὶ
3446 1780 3546 1851 τῆς
3576 1795 3675 1847 γε·

379 1871 479 1925 Stit
520 1887 645 1926 cum
705 1872 938 1933 lumine,
993 1872 1239 1942 illudque
1289 1871 1693 1943 quodammodo
1737 1870 1972 1938 complet

380 1966 535 2036 (nam
571 1966 689 2020 sine
725 1965 1014 2035 splendore
1061 1981 1170 2019 non
1223 1966 1479 2021 consistit
1522 1962 1747 2032 lumen),
1779 1962 1976 2019 simul-

384 2073 495 2128 que
552 2074 676 2113 eum
740 2060 855 2123 illo,
910 2070 965 2113 et
1013 2060 1314 2114 secundum
1347 2060 1481 2114 illud
1523 2058 1824 2115 subsistit:
1859 2064 1913 2110 at
1944 2069 1977 2109 a

390 2149 552 2206 Patre
581 2150 752 2205 Filius
784 2151 1051 2222 procedit,
1083 2159 1138 2205 et
1173 2151 1325 2205 illum
1352 2159 1597 2221 generat,
1632 2157 1688 2202 at
1720 2149 1837 2218 ipse
1867 2163 1977 2201 non

388 2243 606 2310 genitus
638 2251 724 2297 est
755 2260 769 2297 :
810 2253 862 2297 et
895 2245 986 2298 ille
1008 2242 1228 2314 quidem
1261 2259 1358 2314 per
1390 2258 1450 2297 se
1480 2241 1663 2313 ipsum
1700 2238 1978 2312 perlectus

386 2342 466 2387 ac'
500 2334 709 2404 primus
761 2343 1018 2406 tanquam
1052 2335 1234 2400 Pater,
1265 2345 1319 2390 et
1349 2334 1443 2405 qui
1480 2342 1675 2389 auctor
1703 2333 1775 2389 sit
1802 2340 1861 2387 ut
1892 2329 1978 2385 Fi-

391 2423 497 2478 lius
545 2425 836 2491 consistat,
869 2427 1006 2480 nihil
1059 2440 1089 2479 a
1140 2424 1277 2481 Filio
1329 2426 1627 2495 accipiens,
1657 2439 1767 2495 quo
1821 2438 1977 2478 suam

388 2524 643 2571 naturam
694 2532 802 2587 qua
850 2517 993 2574 Deus
1042 2525 1125 2573 est
1168 2519 1437 2589 compleat
1475 2537 1489 2574 :
1522 2519 1612 2573 hic
1642 2528 1821 2572 autem
1856 2527 1981 2572 tan-

388 2624 553 2680 quam
590 2627 655 2665 ex
690 2626 856 2666 causa
887 2611 1166 2681 profectus
1196 2610 1387 2679 Filius,
1424 2612 1565 2667 alius
1600 2613 1669 2667 ab
1704 2613 1797 2666 illo
1821 2611 1980 2680 cujus

390 2709 476 2757 est
512 2701 685 2757 Filius
722 2704 958 2769 exsistit,
997 2705 1199 2774 quippe
1228 2703 1323 2775 qui
1357 2718 1387 2757 a
1417 2702 1580 2759 Patre
1622 2711 1683 2758 ut
1723 2712 1777 2760 et
1821 2704 1894 2759 sit
1927 2711 1982 2759 et

390 2795 517 2850 talis
551 2797 623 2851 sit
656 2798 947 2867 acceperit.
983 2796 1143 2869 148
1173 2795 1386 2852 Rursus
1439 2797 1700 2867 splendor
1756 2796 1977 2867 quidem

392 2900 503 2940 non
535 2902 603 2942 ex
637 2889 921 2959 preposito
958 2898 1011 2942 et
1036 2887 1316 2942 voluntate
1348 2887 1574 2943 luminis
1599 2885 1983 2959 splendet,sed

393 2980 694 3034 secundum
739 2980 996 3050 quiddam
1037 2979 1183 3049 quod
1213 2979 1281 3033 ad
1312 2980 1612 3034 essentiam
1658 2978 1806 3034 illius
1837 2978 1985 3033 inse-

393 3071 715 3142 parabiliter
744 3071 945 3125 accidit
978 3089 992 3124 :
1020 3070 1191 3125 Filius
1225 3086 1355 3125 vero
1383 3087 1447 3127 ex
1478 3071 1749 3125 sententia
1775 3078 1830 3126 et
1863 3085 1986 3140 pro-

395 3164 576 3234 posito
604 3163 781 3232 imago
802 3161 979 3217 Patris
1010 3164 1244 3219 exsistit.
1273 3161 1472 3219 Volens
1501 3164 1647 3218 enim
1683 3161 1827 3219 Deus
1859 3160 1982 3216 Filii

394 3253 560 3310 Pater
610 3252 846 3313 exsistit,
890 3259 944 3306 et
994 3255 1225 3306 alterum
1265 3253 1447 3307 lumen
1487 3253 1544 3306 in
1587 3253 1844 3308 omnibus
1880 3252 1985 3308 sibi

397 3345 505 3418 ipsi
533 3344 712 3400 simile
738 3343 1024 3398 substituit
1054 3364 1067 3397 :
1105 3359 1229 3398 cum
1261 3358 1407 3414 ergo.
1426 3360 1536 3398 non
1574 3346 1815 3414 genitum
1843 3361 1987 3401 scm-

400 3440 785 3509 piternumque
807 3436 989 3490 lumen
1022 3452 1190 3490 unum
1222 3438 1311 3498 sit,
1336 3437 1428 3506 qui
1455 3436 1570 3491 ﬁeri
1597 3443 1777 3506 potest
1801 3448 1859 3492 ut
1886 3438 1989 3493 hoc

399 3532 679 3586 diversum
718 3530 791 3585 sit
821 3530 891 3585 ab
926 3530 1019 3583 illo
1052 3530 1223 3585 veluti
1256 3530 1434 3601 imago
1466 3530 1754 3600 quaedam?
1783 3547 1847 3586 ac
1877 3546 1987 3586 non

402 3624 587 3695 potius
633 3622 892 3692 splendor
934 3638 1174 3694 quoque,
1222 3621 1364 3691 quod
1406 3637 1560 3692 teque
1590 3623 1776 3676 lumen
1809 3622 1901 3689 sit,
1932 3623 1990 3677 in

403 3715 658 3770 omnibus
702 3716 1117 3771 similitudinem
1169 3715 1327 3785 primi
1378 3715 1713 3785 exemplaris
1762 3729 1988 3769 conser-

403 3809 575 3865 vans?
614 3809 901 3876 Quomodo
960 3826 1089 3865 vero
1147 3810 1295 3865 illius
1346 3809 1474 3866 item
1511 3808 1659 3880 quod
1707 3824 1877 3862 unum
1908 3817 1994 3864 est

404 3896 584 3969 Imago
632 3898 829 3965 luerit;
860 3902 908 3954 si
952 3915 1059 3953 non
1092 3916 1200 3953 una
1239 3902 1353 3969 ipsa
1389 3915 1607 3969 quoque
1637 3899 1730 3961 sit,
1758 3906 1816 3950 ut
1843 3897 1994 3951 vide-

408 3993 532 4047 licet
562 4009 669 4047 non
704 3995 880 4050 solum
908 3997 1164 4051 essentia:
1186 3996 1307 4064 ejus
1328 3996 1471 4066 quod
1500 3995 1736 4064 primUm
1764 4001 1866 4059 est,
1896 3993 1993 4048 sed

406 4081 574 4137 etiam
625 4084 746 4153 ejus
800 4087 895 4156 qui
940 4086 1010 4140 ad
1064 4088 1426 4157 quantitatem
1480 4085 1736 4154 pertinet,
1778 4083 1993 4137 numeri

407 4174 821 4230 similitudinem
847 4176 1110 4231 inducat?
1142 4177 1216 4231 ita
1244 4175 1464 4246 quidem
1499 4182 1559 4228 ut
1594 4174 1759 4229 unius
1786 4172 1993 4243 scrupi-

408 4268 547 4323 terni
572 4268 797 4325 luminis
820 4286 986 4325 unum
1022 4272 1095 4327 sit
1125 4270 1425 4342 perfectum
1458 4271 1662 4333 lumen,
1683 4284 1791 4324 non
1813 4277 1995 4323 autem

408 4361 625 4418 diversa
659 4370 714 4418 et
744 4364 921 4434 plura,
951 4366 1005 4419 id
1051 4363 1197 4434 quod
1238 4363 1475 4433 primum
1500 4370 1554 4417 et
1586 4363 1809 4416 unicum
1837 4360 1994 4432 geni-

2076 1874 2277 1937 νέσεως
2318 1873 2481 1927 αὐτοῦ
2512 1873 2928 1945 προύφέστηκεν
2951 1913 2965 1938 ,
3074 1873 3234 1943 μόνος
3278 1873 3549 1944 ἀγένητος
3577 1865 3671 1941 ἦν.

2077 1968 2188 2020 Καὶ
2213 1968 2241 2018 6
2271 1967 2367 2037 μὲν
2392 1965 2512 2019 καθ’
2532 1966 2723 2019 ἑαυτὸν
2743 1965 2948 2029 τέλειος
2972 1967 3066 2018 καὶ
3090 1964 3328 2036 πρῶτος,
3355 1963 3431 2027 ὡς
3452 1961 3674 2034 Πατὴρ,

2077 2057 2172 2109 καὶ
2204 2057 2302 2126 τῆς
2356 2055 2449 2108 τοῦ
2486 2054 2614 2108 Υἱοῦ
2639 2055 2950 2119 συστάσεως
2992 2055 3193 2117 αἴτιος,
3231 2053 3382 2106 οὐδὲν
3415 2054 3497 2116 εἰς
3532 2069 3679 2123 συμ-

2079 2150 2362 2221 πλήρωσιν
2393 2148 2490 2218 τῆς
2518 2145 2712 2200 ἑαυτοῦ
2747 2146 2998 2217 θεότητος
3031 2145 3180 2217 παρὰ
3214 2144 3308 2198 τοῦ
3358 2144 3493 2198 Υἱού
3527 2144 3676 2215 λαμ-

2080 2243 2259 2296 ϐάνων
2279 2258 2292 2272 ·
2328 2244 2357 2295 ὁ
2378 2241 2434 2293 δὲ
2464 2240 2539 2303 ώς
2573 2236 2632 2304 ἐξ
2666 2239 2839 2291 αἰτίου
2872 2236 3112 2307 γεγονὼς
3147 2237 3295 2301 Υἱὸς,
3327 2236 3583 2307 δεύτερος
3612 2228 3678 2290 οὗ

2080 2340 2228 2390 ἐστιν
2257 2335 2384 2399 Υἱὸς
2408 2333 2734 2403 καθέστηκε,
2759 2331 2910 2403 παρά
2941 2330 3034 2383 τοῦ
3069 2331 3279 2402 Πατρδς
3305 2330 3398 2382 καὶ
3431 2329 3495 2382 τὸ
3534 2326 3680 2383 εἶναι

2081 2431 2176 2484 καὶ
2208 2427 2411 2481 τοιόσδε
2441 2422 2578 2479 εἶναι
2613 2424 2869 2495 εἰληφώς.
2905 2424 3014 2476 Καὶ
3042 2422 3203 2476 πάλιν
3232 2424 3264 2493 ἡ
3290 2422 3389 2493 μὲν
3419 2422 3568 2493 αὐγὴ
3612 2421 3679 2475 οὐ

3615 2511 3645 2523 ~

2081 2522 2225 2573 κατά
2252 2517 2571 2590 προαίρεσιν
2603 2514 2697 2569 τοῦ
2716 2515 2891 2585 φωτὸς
2922 2514 3213 2584 ἐκλάμπει,
3236 2512 3379 2565 κατά
3410 2528 3462 2565 τι
3484 2511 3545 2564 δὲ
3577 2511 3680 2582 τῆς

2061 2612 2271 2676 ὀὐσίας
2307 2609 2653 2682 συμϐεϐηκὸς
2674 2607 2977 2681 ἀχώριστον
2997 2624 3010 2637 ·
3045 2609 3073 2660 ὁ
3105 2607 3161 2660 δὲ
3198 2606 3323 2670 Υἱὸς
3356 2604 3502 2658 κατὰ
3532 2603 3679 2672 γνώ-

2087 2723 2194 2778 μην
2232 2705 2326 2758 καὶ
2361 2702 2682 2776 προαίρεσιν
2716 2699 2879 2753 εἰκὼν
2909 2699 3117 2771 ὑπέστη
3157 2697 3248 2752 τοῦ
3280 2698 3516 2770 Πατρός.
3550 2697 3684 2751 Βου-

2082 2801 2267 2871 ληθεὶς
2297 2800 2406 2869 γὰρ
2430 2799 2457 2850 6
2479 2796 2612 2858 Θεὸς
2641 2794 2863 2864 γέγονεν
2889 2791 3020 2846 Υἱού
3042 2794 3254 2864 Πατὴρ,
3277 2793 3370 2845 καὶ
3407 2791 3527 2861 φῶς
3559 2791 3682 2844 δεύ-

2082 2911 2238 2965 τερον
2273 2891 2414 2946 κατὰ
2436 2892 2611 2944 πάντα
2635 2887 2812 2959 ἑαυτῷ
2843 2886 3273 2958 ἀφωμοιωμένον
3306 2886 3679 2957 ὑπεστήσατο.

2096 2988 2387 3057 Ἀγενήτου
2433 2980 2721 3053 τοιγαροῦν
2763 2981 2850 3034 καὶ
2894 2979 3067 3029 ἀτδίου
3113 2979 3289 3049 φωτὸς
3331 2978 3485 3041 ὄντος
3534 2980 3681 3045 ἐνὸς,

2088 3080 2206 3145 πῶς
2238 3079 2302 3133 ἂν
2330 3078 2538 3147 γένοιτο
2562 3075 2690 3130 ἀλλο
2716 3070 2910 3137 οἶάτις
2944 3075 3127 3137 εἰκὼν,
3154 3073 3274 3143 οὐχὶ
3294 3071 3351 3124 δὲ
3378 3071 3524 3142 αὐγὴ
3545 3067 3604 3124 οὗ
3616 3089 3682 3125 σα

2091 3174 2206 3245 φώς
2231 3172 2372 3227 κατὰ
2392 3171 2571 3224 πάντα
2590 3169 2651 3222 τὸ
2673 3169 2909 3240 ἐμφερὲς
2935 3166 3007 3237 τῷ
3030 3165 3369 3238 πρωτοτύπῳ
3394 3164 3683 3230 σώζουσα;

2091 3266 2209 3330 πῶς
2240 3265 2283 3318 δ’
2321 3265 2386 3318 ἂν
2432 3265 2526 3317 καὶ
2571 3261 2737 3316 αὐτοῦ
2768 3259 2862 3314 τοῦ
2896 3260 3014 3322 ἐνὸς
3043 3259 3126 3329 εἴη
3158 3256 3342 3323 εἰκὼν,
3384 3258 3433 3309 εἰ
3470 3257 3549 3327 μὴ
3584 3255 3687 3326 μία

2089 3360 2183 3413 καὶ
2233 3359 2265 3429 ἡ
2324 3356 2461 3427 αὐτὴ
2507 3350 2671 3419 οὖσα;
2705 3355 2852 3415 ὅπως
2892 3351 2966 3422 μὴ
3002 3351 3163 3422 μόνον
3220 3348 3321 3418 τῆς
3364 3348 3558 3410 οὐσίας
3587 3347 3685 3399 τοῦ

2090 3452 2329 3526 πρώτου,
2375 3450 2510 3505 ἀλλὰ
2545 3451 2640 3503 καὶ
2681 3448 2774 3503 τοῦ
2821 3446 2960 3501 κατὰ
3003 3446 3064 3498 τὸ
3100 3443 3264 3497 ποσὸν
3312 3441 3550 3515 ἀριθμοῦ
3583 3441 3688 3514 τὴν

2091 3548 2348 3618 ὁμοίωσιν
2379 3545 2657 3613 ἐπάγοιτο,
2695 3541 2826 3595 ὥσθ’
2858 3542 2976 3604 ἐνὸς
2996 3537 3132 3593 εἶναι
3162 3537 3254 3591 τοῦ
3299 3536 3470 3590 ἀϊδίου
3505 3536 3689 3606 φωτὸς

2092 3640 2149 3694 ἐν
2178 3640 2238 3694 τὸ
2267 3639 2493 3704 τέλειον,
2524 3635 2639 3689 ἀλλ’
2671 3636 2733 3689 οὐ
2778 3634 3010 3705 διάφορα
3041 3631 3140 3685 καὶ
3167 3629 3336 3683 πολλὰ
3363 3628 3426 3680 τὸ
3463 3628 3690 3699 πρῶτον

2093 3736 2188 3789 καὶ
2217 3732 2505 3805 μονογενὲς
2547 3729 2799 3799 ἔκγονον,
2845 3727 2975 3781 αὐτὸ
3015 3725 3079 3797 δὴ
3121 3726 3297 3778 ἐκεῖνο
3330 3723 3390 3775 τὸ
3421 3720 3520 3775 καὶ
3551 3723 3693 3791 ἡμῖν

2095 3826 2309 3898 πρῶτον
2339 3822 2479 3895 μετά
2509 3823 2609 3895 τὴν
2642 3820 2876 3892 ἄναρχον
2910 3819 3004 3872 καὶ
3050 3817 3313 3887 ἀγένητον
3341 3813 3532 3868 οὐσίαν
3567 3812 3694 3866 θεο-

2092 3919 2419 3990 λογούμενον
2446 3917 2648 3970 τέλειον
2678 3913 2903 3984 ἀγαθόν.
2946 3912 3084 3966 Ἕνα
3111 3909 3241 3980 γοῦν
3279 3909 3384 3980 χρὴ
3425 3907 3547 3970 ὲνδς
3576 3906 3694 3959 Πα-

2094 4012 2219 4084 τρδς
2252 4009 2466 4064 καὶτὸν
2510 4007 2639 4061 Υἱδν
2671 4003 2827 4060 εἶναι.
2875 4004 2986 4058 Καὶ
3030 4003 3140 4074 γάρ
3185 4004 3313 4074 μιᾶς
3350 4000 3586 4065 εὐωδίας
3633 4000 3694 4067 ἐξ

2096 4104 2465 4175 ὑποκειμένης
2506 4102 2648 4164 τινὸς
2699 4098 2994 4171 προϊούσης
3025 4095 3214 4158 οὐσίας
3265 4094 3393 4166 μίαν
3444 4094 3541 4146 καὶ
3590 4094 3696 4165 τὴν

2098 4198 2269 4265 αὐτὴν
2297 4193 2672 4267 προχεομένην
2698 4193 2882 4264 ἡδεῖαν
2905 4191 2983 4254 εἰς
3017 4188 3225 4250 πάντας
3253 4186 3447 4257 ὀδμὴν,
3480 4184 3602 4238 ἀλλ’
3633 4186 3694 4238 οὐ

2099 4289 2388 4362 διαφόρους
2428 4288 2522 4341 καὶ
2564 4282 2766 4348 πολλὰς
2819 4284 3086 4357 προσήκοι
3127 4281 3194 4335 ἂν
3235 4279 3545 4351 ὁμολογεῖν.
3582 4279 3696 4333 Τοῦ

2099 4383 2236 4452 δῆτα
2260 4380 2478 4453 πρώτου
2513 4380 2608 4433 καὶ
2636 4379 2796 4450 μόνου
2835 4373 3066 4445 ἀγαθοῦ,
3100 4375 3129 4428 6
3162 4376 3307 4427 ἐστιν
3349 4375 3377 4426 6
3410 4371 3697 4443 παμϐασι-

409 4462 546 4519 tum,
573 4453 889 4524 editumque
929 4466 1034 4522 est,
1073 4455 1252 4524 ipsum
1295 4453 1485 4523 utique
1530 4452 1664 4505 illud
1696 4451 1985 4522 perfectum

2098 4451 2222 4538 λεύς
2245 4451 2397 4537 Θεὸς,
2425 4472 2499 4543 νῷ
2528 4474 2623 4526 καὶ
2642 4470 2848 4543 διανοίᾳ
2869 4468 3082 4541 ληπτὴν
3118 4467 3299 4521 ἔνθεον
3325 4466 3421 4519 καὶ
3453 4464 3698 4537 ζωτικὴν

412 4545 634 4609 bonum,
670 4546 739 4601 de
787 4561 897 4616 quo
939 4562 1051 4600 uno
1096 4560 1197 4600 nos
1228 4558 1469 4615 quoque,
1502 4550 1625 4614 post
1647 4558 1766 4598 eam
1790 4559 1912 4612 quae
1943 4552 1998 4597 et

408 4638 698 4708 principio,
722 4644 777 4692 et
804 4645 929 4692 ortu
960 4646 1109 4693 caret
1130 4636 1455 4700 essentiam,
1492 4644 1552 4689 ut
1583 4634 1652 4689 de
1680 4633 1790 4688 Deo
1821 4634 1999 4703 loqui-

413 4748 553 4787 mur.
596 4732 771 4789 Unius
817 4748 948 4803 ergo
979 4732 1356 4787 Patris-unum
1392 4745 1515 4786 esse
1536 4727 1734 4783 Filium
1760 4736 1994 4800 oportet.

413 4824 549 4881 Nam
594 4825 641 4882 si
697 4825 1009 4895 fragrantia:
1039 4838 1210 4895 genus
1238 4838 1408 4876 unum
1436 4838 1504 4877 ex
1533 4822 1716 4893 aliqua
1746 4822 1999 4892 subjecta

412 4935 474 4977 re
506 4918 909 4991 proﬁciscatur,
944 4930 1110 4971 unum
1156 4929 1374 4986 quoque
1406 4922 1461 4969 et
1495 4915 1771 4979 eumdem,
1796 4914 1890 4983 qui
1942 4914 1998 4967 iu

410 5028 603 5068 omnes
633 5010 973 5066 diﬂ‘undatur
1002 5022 1224 5063 suavem
1258 5008 1504 5068 odorem,
1535 5020 1644 5060 non
1673 5006 1922 5062 diversos
1944 5008 2000 5060 et

414 5104 601 5172 plures
642 5099 800 5154 fateri
839 5114 936 5170 par
966 5107 1071 5154 est.
1099 5097 1237 5152 Cum
1277 5096 1445 5167 igitur
1474 5096 1710 5166 primum
1741 5095 1874 5150 illud
1908 5110 2000 5150 so-

416 5194 638 5263 lumque
677 5192 903 5255 bonum,
931 5190 1024 5261 qui
1052 5198 1134 5246 est
1161 5189 1405 5243 omnium
1436 5200 1692 5259 regnator
1722 5187 1886 5251 Deus.
1919 5189 2001 5244 di-

419 5287 598 5340 vinam
624 5286 959 5354 vitalemque
989 5282 1366 5353 fragrantiam,
1407 5298 1527 5354 quae
1546 5282 1732 5337 animo
1761 5288 1818 5336 et
1849 5280 2002 5350 COgi-

416 5378 622 5433 tatione
668 5377 934 5431 duntaxat
985 5376 1373 5446 comprehendi
1422 5383 1622 5448 potest,
1659 5373 1999 5444 produxerit,

422 5486 586 5526 unam
608 5471 751 5525 banc
804 5469 889 5526 fas
934 5479 1018 5526 est
1053 5470 1375 5542 intelligere,
1419 5472 1605 5542 plures
1649 5469 1827 5526 nefas.
1858 5468 2002 5535 Quid

410 5566 564 5623 enim
589 5582 714 5622 esse
745 5573 944 5637 potest,
973 5565 1116 5638 quod
1143 5565 1362 5639 quidem
1387 5566 1455 5623 ab
1475 5565 1579 5621 bac
1606 5564 1883 5622 diversum
1908 5562 2002 5633 sit,

492 5770 540 5805 θ’
568 5768 731 5828 Hebr.
762 5786 799 5838 ι,
822 5771 875 5826 5.

2100 4566 2329 4621 εὐωδίαν
2345 4564 2816 4636 ὑποστησαμένου,
2839 4561 2965 4634 μίαν
2985 4560 3210 4631 ταύτην,
3234 4558 3350 4611 ἀλλ’
3379 4558 3440 4612 οὐ
3471 4558 3700 4623 πλείους

2100 4660 2338 4714 ἐπινοεῖν
2367 4658 2541 4730 θέμις.
2579 4657 2644 4711 Τί
2668 4657 2780 4728 γὰρ
2808 4656 2873 4709 ἂν
2911 4655 3006 4708 καὶ
3041 4654 3251 4723 γένοιτο
3279 4651 3486 4721 ταύτης
3505 4651 3699 4721 ἕτερον

2102 4750 2245 4805 κατὰ
2285 4751 2464 4804 πάντα
2494 4749 2572 4820 τῷ
2604 4749 2782 4821 Πατρὶ
2809 4745 3269 4818 ἀφωμοιωμένης,
3306 4747 3354 4797 εί
3390 4746 3465 4816 μή
3495 4761 3552 4796 τι
3591 4744 3699 4815 ἄρα

2103 4841 2446 4912 ὑποϐεϐηκὺς
2478 4841 2574 4894 καὶ
2622 4843 2836 4911 χεῖρον;
2870 4838 2898 4890 ὃ
2938 4836 3191 4907 οὐδαμῶς
3230 4839 3366 4909 ἡμῖν
3399 4837 3460 4888 ἐν
3604 4834 3697 4889 τοῦ

2102 4933 2235 4988 Υἱού
2271 4933 2520 5005 θεολογίᾳ.
2563 4931 2983 5005 παρεισαχτέον.
3046 4931 3237 5002 Ἀτμὶς
3274 4931 3384 5004 γάρ
3429 4932 3555 4985 ἐστι
3600 4930 3699 5001 τῆς

2102 5028 2196 5081 τοῦ
2224 5027 2359 5081 Θεοῦ
2381 5028 2682 5098 δυνάμεως,
2714 5028 2808 5081 καὶ
2841 5026 3111 5098 ἀπόρροια
3136 5026 3233 5095 τῆς
3258 5023 3354 5077 τοῦ
3384 5022 3697 5096 παντοκρά-

2103 5138 2260 5193 τορος
2287 5120 2445 5192 δόξης
2479 5119 2796 5193 εἰλικρινής.
2830 5119 2917 5185 Ἐξ
2962 5116 3195 5181 εὐώδους
3231 5117 3330 5188 μὲν
3359 5116 3473 5188 γὰρ
3509 5116 3696 5187 σώμα-

2104 5232 2216 5278 τος,
2245 5213 2418 5285 μύρου
2447 5213 2590 5275 τινὸς
2623 5212 2778 5284 φέρε,
2812 5211 2843 5283 ἢ
2878 5211 2973 5264 καὶ
3000 5209 3108 5262 τῶν
3142 5208 3252 5265 ἀπὸ
3290 5209 3394 5281 γῆς
3421 5208 3696 5279 ἀκμαζόν-

2106 5324 2235 5371 των,
2265 5304 2470 5376 εὐώδης
2501 5322 2583 5369 τις
2619 5303 2795 5357 ἀνθῶν
2827 5320 2886 5356 τε
2916 5303 3012 5356 καὶ
3033 5302 3344 5375 ἀρωμάτων
3376 5302 3517 5371 πνοὴ
3550 5300 3694 5371 παρὰ

2108 5398 2168 5452 τὸ
2202 5397 2417 5470 πρῶτον
2459 5397 2816 5468 ὑποκείμενον
2849 5398 2928 5461 εἰς
2968 5396 3113 5450 ἆπαν
3151 5394 3213 5447 τὸ
3240 5394 3401 5457 ἐκτὸς
3441 5392 3695 5464 περιέχον

2111 5491 2418 5559 προχεῖται,
2449 5491 2542 5543 καὶ
2593 5489 2791 5561 πληροῖ
2824 5505 2889 5557 γε
2920 5489 3015 5542 καὶ
3060 5486 3152 5540 τὸν
3199 5486 3341 5558 ἀέρα
3384 5488 3468 5549 εἰς
3499 5485 3696 5547 sum;

2110 5582 2480 5654 ἀναχεομένη,
2530 5581 2648 5636 οὐτι
2683 5600 2769 5636 πω
2808 5581 2949 5636 κατὰ
2993 5578 3312 5653 στέρησινῆ
3352 5578 3615 5650 μείωσιν,
3661 5575 3693 5647 ἢ
