3828 6216
150 304 249 360 257

1026 301 1685 358 DEMONSTRATIONIS
1720 299 2184 358 EVANGELICE
2226 302 2357 358 LIB.
2402 302 2498 359 IV.

3288 302 3397 359 258

146 425 334 495 τομὴν,
364 422 399 494 ἢ
430 422 698 495 διαίρεσιν
724 422 816 478 τοῦ
857 421 1345 494 προῦποκειμένου.
1374 420 1576 474 Τούτου
1607 420 1717 493 γὰρ

1819 435 1939 491 (ποτε
1961 420 2016 475 in
2050 420 2306 476 omnibus
2332 419 2482 476 Patri
2507 420 2702 478 similis
2723 428 2828 487 est,
2858 419 3002 493 quod
3035 435 3143 475 non
3160 419 3407 477 submis-

146 518 203 569 ἐν
248 515 425 587 οἰκεία
462 514 617 586 χώρᾳ
657 514 924 585 μένοντος,
976 515 1071 568 καὶ
1123 515 1221 585 τὴν
1248 514 1551 584 ταυτότητα
1582 513 1718 586 πρὸς

145 606 298 661 ἓαυτὸ
325 604 605 671 σώζοντος.
638 607 738 677 τήν
759 623 815 659 τε
837 605 1008 676 εὐώδη
1031 604 1259 677 δύναμιν
1292 604 1717 674 ἀπογεννῶντος,

145 698 294 751 οὐδὲν
315 696 408 750 τοῦ
440 696 709 767 προτέρου
737 698 936 769 χεῖρον,
958 696 1051 750 καὶ
1071 697 1133 749 τὸ
1154 695 1493 767 γεννώμενον
1522 695 1722 760 εὐῶδες

144 787 345 842 οἰκείαν
358 786 481 858 ἕχον
507 789 826 851 ὑπόστασιν,
849 788 925 852 ὼς
946 789 1030 841 ὅτι
1049 787 1282 860 μάλιστα
1304 787 1363 840 τὸ
1408 787 1720 857 ὁμοιότατον

144 883 208 952 τῇ
228 879 323 933 τοῦ
355 881 716 950 γεννήσαντος
744 878 922 950 φύσει,
955 879 1044 933 διὰ
1079 880 1178 950 τῆς
1214 879 1421 943 οἰκείας
1444 879 1721 950 ἀπομεμι-

146 990 329 1044 μηται.
349 972 494 1042 Πλὴν
521 973 637 1026 ἀλλ’
654 972 733 1025 ἔτι
752 972 922 1025 ταῦτα
940 969 1117 1043 γεώδη
1143 971 1236 1025 καὶ
1266 970 1433 1042 θνητὰ
1455 973 1549 1025 καὶ
1579 971 1718 1042 μέρη

142 1064 239 1134 τῆς
258 1065 407 1116 κάτω
435 1062 758 1133 φθοροποιοῦ
790 1063 884 1116 καὶ
911 1062 1146 1132 γεώδους
1169 1062 1400 1133 φύσεως.
1419 1063 1499 1117 Τά
1525 1080 1588 1131 γε
1613 1064 1718 1134 μὴν

142 1157 238 1225 τῆς
282 1156 651 1227 προκειμένης
710 1158 844 1227 ἡμῖν
895 1154 1173 1225 θεολογίας
1215 1155 1470 1209 ἐπέκεινα
1518 1157 1717 1221 παντὸς

141 1246 266 1298 ὄντα
300 1244 742 1316 παραδείγματος
782 1244 937 1298 οὐδὲν
974 1244 1072 1316 μὲν
1099 1239 1211 1298 οἷον
1243 1246 1311 1299 τὰ
1351 1248 1416 1299 ὲκ
1449 1247 1717 1316 σωμάτων

142 1340 426 1407 ἐπάγεται,
444 1337 677 1411 ὀξυτάτῃ
697 1339 753 1391 δὲ
779 1338 989 1408 διανοίᾳ
1022 1338 1352 1408 φαντάζεται
1373 1340 1499 1393 Υἰὸν
1521 1357 1715 1411 γεννη-

141 1429 261 1493 τὸν,
288 1431 349 1482 οὖ
384 1430 597 1501 χρόνοις
635 1430 734 1500 μέν
764 1448 904 1485 τισιν
932 1431 1032 1484 οὐκ
1064 1431 1191 1485 ὄντα
1209 1471 1223 1492 ,
1253 1429 1476 1503 ὕστερον
1500 1433 1557 1485 δέ
1586 1448 1716 1486 ποτε

141 1521 422 1588 γεγονότα,
454 1520 589 1575 ἀλλὰ
624 1521 729 1592 πρὸ
764 1521 970 1593 χρόνων
1000 1522 1233 1576 αίωνίων
1261 1523 1409 1588 ὄντα,
1442 1524 1538 1577 καὶ
1579 1542 1714 1595 προ-

140 1615 286 1676 ὄντα,
310 1613 406 1665 καὶ
430 1612 509 1683 τῷ
537 1614 714 1684 Πατρὶ
740 1614 816 1677 ὡς
842 1614 970 1667 Υἰὺν
992 1613 1078 1667 διὰ
1108 1614 1309 1678 παντὸς
1338 1616 1583 1681 συνόντα,
1621 1619 1716 1672 καὶ

139 1704 236 1759 οὐκ
266 1705 559 1775 ἀγέννητον
586 1706 734 1768 ὄντα,
763 1704 1098 1777 γεννώμενον
1126 1706 1170 1759 δ’
1200 1707 1259 1771 ἐξ
1281 1708 1578 1779 ἀγεννήτου
1606 1710 1715 1763 Πα-

1824 511 1942 565 sius
1977 509 2049 565 sit
2077 524 2142 564 ac
2168 510 2445 567 deterius?
2469 512 2613 582 quod
2642 513 2958 585 neutiquam
2999 512 3159 567 nobis
3189 512 3244 565 in
3278 510 3400 568 Filii

1822 600 2096 671 theologia
2122 600 2610 670 introducendum;
2640 619 2810 675 vapor
2862 605 3007 659 enim
3051 610 3137 660 est
3178 604 3399 659 virtutis

1822 690 1941 755 Dei,
1968 678 2043 744 ac
2083 688 2378 745 deﬂuentia
2417 707 2565 747 mera
2592 693 2781 764 gloriae
2810 692 3233 763 Omnipotentis.
3262 693 3400 751 Nam

1820 797 1885 837 ex
1936 782 2074 836 bene
2122 782 2287 837 olenti
2333 798 2584 852 corpore,
2619 785 2767 839 verbi
2792 786 2989 855 gratia,
3022 801 3086 839 ex
3121 793 3400 855 unguento

1821 875 2023 944 aliquo,
2057 881 2152 927 aut
2205 874 2368 928 etiam
2418 890 2487 930 ex
2530 875 2757 932 ﬂoribus
2806 885 2969 947 atque
2995 878 3394 944 odoramentis,

1820 979 1941 1034 qua:
1969 964 2037 1019 de
2064 970 2211 1017 terra
2240 976 2565 1029 nascuntur,
2595 968 2734 1023 bene
2766 968 2921 1023 olens
2949 968 3173 1038 quidam
3212 966 3396 1033 ﬂatus,

1818 1062 2016 1126 prmter
2063 1054 2196 1110 illud
2244 1058 2478 1126 primum
2538 1058 2847 1127 subjectum
2899 1076 3120 1131 corpus.
3151 1062 3206 1115 in
3237 1076 3400 1116 omne

1819 1147 1964 1218 quod
1983 1147 2326 1205 extrinsecus
2357 1152 2548 1216 ambit,
2578 1151 2957 1220 profunditur;
2987 1168 3052 1208 ac
3079 1154 3208 1209 dum
3235 1154 3402 1208 latius

1817 1242 2148 1308 refunditur,
2182 1245 2358 1314 ipsum
2394 1262 2613 1317 quoque
2634 1263 2814 1303 aerem
2844 1250 3100 1320 complet,
3124 1266 3231 1305 non
3266 1264 3398 1306 sane

1817 1336 2124 1405 privatione
2174 1336 2379 1406 aliqua,
2429 1346 2524 1392 aut
2559 1338 2939 1401 diminutione,
2988 1348 3083 1394 aut
3135 1342 3397 1404 sectione,

1819 1430 1914 1478 aut
1952 1423 2223 1478 divisione
2266 1426 2411 1494 ejus,
2470 1425 2616 1495 quod
2669 1426 2904 1495 primum
2961 1427 3281 1503 subjectum
3314 1432 3403 1481 est

1817 1516 2087 1586 corporis.
2129 1514 2233 1571 Sed
2284 1517 2379 1571 illo
2425 1525 2681 1574 manente
2748 1517 2804 1571 in
2868 1518 3090 1588 propria
3145 1520 3295 1584 sede,
3346 1528 3401 1573 et

1817 1607 2064 1662 eamdem
2112 1621 2279 1675 penes
2331 1623 2392 1664 se
2432 1615 2797 1664 conservante
2841 1617 3117 1672 naturam,
3151 1609 3400 1679 fragran-

1819 1697 2061 1767 tiamque
2117 1699 2262 1752 illam
2322 1709 2643 1769 procreante
2685 1717 2697 1753 :
2740 1699 2912 1753 nihilo
2970 1699 3211 1754 deterius
3252 1700 3400 1769 prio-

139 1798 298 1869 τρὺς,
341 1799 603 1868 μονογενῆ
635 1798 794 1861 ὄντα,
829 1798 1003 1867 Λόγον
1046 1799 1141 1852 καὶ
1181 1799 1313 1852 Θεὸν
1346 1801 1411 1852 ὲκ
1440 1800 1575 1854 Θεοῦ
1596 1818 1609 1831 ο
1648 1802 1709 1855 οὐ

1819 1813 1892 1861 re,
1935 1799 2113 1868 ipsum
2171 1813 2391 1870 quoque
2453 1798 2627 1867 quod
2667 1806 2986 1867 procreatur
3051 1798 3190 1853 bene
3245 1798 3404 1852 olens

139 1889 281 1943 κατὰ
304 1890 586 1943 διάστασιν
614 1889 647 1960 ἦ
674 1890 846 1959 τομὴν
876 1889 910 1961 ἢ
939 1889 1201 1961 διαίρεσιν
1238 1891 1303 1943 ὲκ
1336 1890 1438 1960 τῆς
1469 1891 1562 1944 τοῦ
1598 1893 1712 1945 Πα-

139 1981 264 2053 τρδς
295 1982 487 2044 οὐσίας
512 1980 979 2052 προϐεϐλημένον,
1019 1983 1276 2053 ἀρρήτως
1305 1981 1362 2035 δὲ
1395 1981 1489 2035 καὶ
1524 1983 1711 2037 ἀνεπι-

137 2072 401 2140 λογίστως
421 2073 555 2143 ἡμῖν
575 2072 637 2136 ἐξ
661 2071 875 2136 αἰῶνος,
904 2071 1101 2142 μᾶλλον
1123 2072 1180 2126 δὲ
1202 2072 1308 2145 πρὸ
1340 2072 1557 2126 πάντων
1584 2072 1715 2127 αίώ-

138 2180 279 2224 νων,
327 2164 394 2215 ὲκ
441 2162 539 2232 τῆς
583 2161 676 2215 τοῦ
725 2162 940 2231 Πατρὸς
975 2162 1353 2233 ἀνεκφράστου
1392 2163 1486 2215 καὶ
1518 2163 1715 2235 ἀπερι-

137 2256 330 2324 νοήτου
390 2254 586 2324 βουλῆς
635 2271 697 2306 τε
754 2255 849 2307 καὶ
908 2253 1189 2324 δυνάμεως
1237 2252 1588 2324 οὐσιούμενον
1636 2253 1715 2306 δι-

137 2345 425 2399 δάσκοντα.
480 2346 633 2417 «Τὴν
676 2345 867 2413 γενεὰν
908 2344 1018 2415 γὰρ
1060 2344 1258 2409 αὐτοῦ,
1290 2364 1310 2395 ι
1366 2346 1530 2415 φησὶ,
1584 2364 1603 2396 ‹
1630 2345 1715 2409 τίς

134 2439 489 2509 διηγήσεται;
521 2457 541 2490 ι
576 2439 692 2501 καὶ,
729 2456 747 2489 t
780 2438 951 2490 Ὤσπε
961 2453 992 2508 ρ
1013 2436 1190 2501 οὐδεὶς
1218 2436 1360 2506 ἔγνω
1378 2437 1472 2490 τὸν
1494 2436 1714 2508 Πατέρα

139 2534 184 2586 εἰ
220 2532 298 2603 μὴ
340 2535 372 2586 ό
400 2533 562 2598 Υἱὸς,
589 2532 732 2586 οὕτω
763 2535 859 2586 καὶ
884 2532 974 2587 τὸν
1017 2532 1145 2585 Υίὸν
1186 2532 1359 2595 οὐδεὶς
1389 2531 1530 2601 ἔγνω
1560 2534 1609 2585 εί
1640 2531 1716 2604 μὴ

138 2624 299 2692 μόνος
327 2625 359 2677 ὁ
386 2626 652 2695 γεννήσας
675 2624 838 2678 αὑτὸν
868 2624 1076 2695 Πατήρ.
1112 2642 1133 2673 ι

1815 1898 1870 1945 οι
1922 1890 2172 1961 fragrans
2209 1905 2416 1961 genus,
2453 1904 2577 1944 cum
2616 1891 2891 1960 propriam
2956 1890 3155 1944 haheat
3214 1890 3402 1946 sedem

1818 1991 1981 2053 atque
2012 1992 2286 2045 naturam,
2310 1983 2413 2038 hac
2443 1982 2582 2051 ipsa,
2602 1997 2765 2052 quam
2798 1982 3035 2037 maxime
3060 1982 3173 2037 ﬁeri
3199 1988 3401 2051 potest,

1824 2077 1879 2131 id
1897 2076 2041 2145 quod
2070 2076 2407 2130 simillimum
2439 2074 2508 2129 sit
2536 2082 2743 2126 natura:
2760 2073 3117 2141 pruereantis,
3138 2074 3401 2127 imitatur.

1825 2170 1987 2242 15,9
2017 2168 2215 2224 Verum
2252 2169 2364 2222 haec
2397 2166 2614 2237 quidem
2646 2172 2861 2219 terrena
2912 2172 2969 2218 et
3024 2166 3275 2220 mortalia
3295 2204 3311 2229 ,
3344 2172 3403 2219 et

1818 2260 2097 2315 inferioris
2128 2266 2334 2313 naturae
2362 2273 2485 2327 quae
2516 2253 2905 2325 corrumpendi
2947 2253 3054 2308 vim
3100 2254 3299 2320 habet,
3339 2269 3407 2310 ac

1819 2360 2034 2406 terrena
2065 2360 2169 2411 est,
2200 2351 2479 2419 particulae
2501 2349 2770 2419 quaedam.
2809 2345 2942 2412 Qua:
2961 2354 3143 2401 autem
3176 2346 3242 2400 ad
3276 2362 3406 2416 pro-

1819 2442 2053 2514 positam
2077 2457 2107 2495 a
2138 2442 2299 2498 nobis
2330 2441 2652 2509 theologiam
2687 2438 2980 2507 pertinent,
3017 2450 3141 2491 eum
3187 2449 3404 2490 omnem

1821 2534 2054 2604 exempli
2118 2533 2581 2603 comparationem
2633 2538 2998 2598 exsuperent,
3067 2527 3204 2583 nihil
3237 2529 3403 2591 tale,

1824 2625 1985 2694 quale
2011 2640 2076 2679 ex
2112 2623 2435 2693 corporibus
2471 2628 2677 2686 manat,
2708 2637 2819 2691 prae
2850 2635 2909 2675 se
2937 2621 3152 2686 ferunt;
3185 2618 3281 2674 sed
3308 2622 3420 2674 eoo‘

134 2716 389 2788 gitationi
445 2718 817 2774 solertissime
863 2717 1205 2783 intuendum,
1272 2716 1430 2787 quasi
1468 2717 1522 2771 in
1562 2718 1784 2786 speculo
1817 2721 2079 2787 prtehent,
2120 2717 2428 2787 doceatque
2458 2730 2580 2771 esse
2628 2714 2866 2779 Filium,
2908 2714 2999 2784 qui
3047 2714 3264 2783 genitus
3298 2713 3402 2775 sit.

135 2826 247 2866 non
283 2812 439 2864 illum
487 2810 708 2879 quidem
729 2849 745 2874 ,
779 2810 874 2880 qui
916 2811 1083 2865 certis
1140 2809 1477 2879 temporibus
1538 2824 1646 2862 non
1677 2808 1862 2874 fuerit,
1890 2810 2166 2879 posterius
2196 2817 2376 2862 autem
2427 2807 2500 2863 sit
2530 2815 2709 2872 natus,
2731 2806 2825 2861 sed
2872 2806 2965 2876 qui
3013 2806 3086 2860 sit
3114 2812 3242 2860 ante
3268 2812 3405 2861 tem-

135 2918 270 2974 pora
296 2909 523 2965 aeterna,
580 2909 744 2971 atque
786 2909 1035 2966 anteeat,
1065 2908 1119 2955 et
1156 2909 1413 2970 tanquam
1452 2898 1622 2957 Filius
1648 2914 1755 2953 una
1793 2915 1918 2954 cum
1966 2898 2127 2955 Patre
2168 2914 2383 2968 semper
2430 2899 2627 2968 degat;
2675 2911 2852 2969 neque
2882 2912 3010 2952 vero
3066 2896 3158 2966 qui
3184 2912 3295 2951 non
3334 2895 3406 2950 sit

134 2996 381 3068 genitus,
410 2994 505 3050 sed
529 3010 595 3050 ex
632 2993 794 3050 Patre
830 3010 940 3048 non
990 2994 1190 3063 genito,
1227 2993 1443 3064 genitus
1469 3013 1483 3048 :
1509 2994 1601 3063 qui
1653 2994 1850 3049 unicus
1898 2995 1993 3055 sit,
2036 2994 2128 3063 qui
2163 2990 2425 3055 Verbum,
2479 2993 2571 3061 qui
2616 2989 2760 3047 Deus
2802 2990 2869 3046 de
2912 2989 3043 3056 Deo,
3069 3005 3177 3044 non
3204 2989 3407 3044 direm-

136 3091 328 3161 ptione
387 3089 605 3157 aliqua,
648 3096 743 3142 aut
789 3089 1052 3151 sectione,
1101 3096 1196 3142 aut
1245 3088 1514 3143 divisione
1556 3089 1624 3144 de
1678 3090 1987 3145 substantia
2016 3087 2196 3143 Patris
2247 3087 2565 3158 productus,
2600 3087 2695 3142 sed
2746 3086 2838 3156 qui
2868 3086 2935 3142 de
2970 3085 3150 3141 Patris
3176 3087 3407 3142 consilio

136 3196 202 3235 ae
231 3181 458 3243 virtute,
482 3194 696 3234 omnem
727 3181 1110 3243 elocutionem,
1160 3195 1488 3250 omnemque
1534 3182 1919 3253 cogitationem
1954 3192 2249 3253 superante
2294 3180 2364 3235 ab
2390 3195 2527 3242 aevo,
2581 3194 2647 3234 ac
2672 3181 2854 3251 potius
2883 3186 3009 3234 ante
3036 3195 3199 3234 omne
3229 3194 3405 3233 aevum

135 3273 436 3328 essentiam
484 3274 555 3327 sit
592 3282 817 3336 nactus,
853 3273 1014 3327 modo
1063 3273 1339 3343 quodam,
1396 3276 1488 3345 qui
1534 3291 1711 3347 neque
1749 3277 1932 3332 verbis
1987 3274 2398 3345 comprehendi,
2458 3289 2636 3345 neque
2678 3275 2893 3330 ratione
2948 3274 3132 3344 colligi
3177 3288 3209 3327 a
3247 3274 3408 3329 nobis

136 3367 335 3437 possit.
404 3365 459 3421 Si
493 3367 709 3436 quidem
743 3385 762 3418 ι
800 3368 1206 3437 generationem
1254 3368 1395 3438 ejus,
1432 3370 1628 3441 inquit,
1668 3374 1791 3444 quis
1828 3372 2108 3428 enarrabit
2129 3372 2213 3425 "?
2249 3391 2268 3424 ι
2306 3377 2361 3425 et
2394 3369 2851 3441 quemadmodum
2874 3387 2893 3420 ε
2924 3385 3086 3425 nemo
3117 3369 3267 3425 novit
3298 3366 3400 3423 Pa-

132 3466 278 3514 trem
311 3459 422 3514 nisi
452 3456 647 3527 Filius,
676 3460 757 3515 sie
790 3459 985 3515 Filium
1014 3477 1229 3533 quoque
1251 3479 1411 3519 nemo
1433 3465 1584 3519 novit
1608 3466 1716 3520 nisi
1753 3481 1917 3531 unus,
1953 3465 2046 3536 qui
2070 3464 2260 3536 genuit
2292 3463 2469 3518 illum.
2499 3461 2661 3518 Pater
2685 3462 2751 3516 ".
2796 3480 2816 3514 ι

900 3602 973 3657 Δ¹.

2531 3601 2623 3659 IV.

1824 3721 1978 3790 Quod
2029 3720 2098 3775 ad
2147 3719 2575 3790 constitutionem
2608 3714 2840 3790 πιπίνεινδί
2857 3754 2883 3790 ._
2909 3712 3206 3766 necessaria
3262 3713 3406 3767 unici

144 3716 249 3783 Ὠς
270 3716 574 3795 diminuta
596 3714 673 3795 τῇ
684 3713 803 3795 τξῦν
813 3717 971 3795 ἔλων
984 3718 1345 3795 οςυστιίσειῄ
1362 3721 1724 3795 τοῦᾲμονογε-
1824 3721 1978 3790 Quod
2029 3720 2098 3775 ad
2136 3719 2575 3795 constitutionem
2608 3714 2840 3795 univcrsi
2857 3754 2883 3795 ._

2124 3791 2220 3845 Dei
2249 3789 2382 3845 Filii
2417 3788 2739 3852 antecessio,
2774 3788 3088 3854 assignetur.

199 3786 356 3852 νοῦς
392 3786 529 3840 Υίοῦ
556 3785 665 3840 τοῦ
698 3787 846 3841 Θεοῦ
878 3790 1248 3857 προῦπαρξις
1274 3785 1643 3848 ἀποδίδοται.

206 3923 361 3994 Πλὴν
388 3922 503 3976 ἀλλ’
528 3922 624 3975 ἕνα
652 3923 935 3994 Μονογενῆ
972 3925 1066 3978 καὶ
1092 3927 1373 3996 ἀγαπητὸν
1398 3927 1523 3982 Υἰὸν
1549 3928 1720 3984 ἐδόκει

1898 3921 2283 3980 Verumtamen
2318 3922 2559 3991 optimus
2586 3919 2749 3975 Pater
2782 3933 2951 3973 unum
2978 3916 3246 3987 judicavit
3268 3913 3401 3970 Uni—

130 4016 216 4089 τῷ
250 4014 556 4086 παναγάθῳ
583 4016 762 4087 Πατρὶ
797 4016 901 4087 τῆς
927 4017 1036 4069 τῶν
1068 4019 1311 4089 γενητῶν
1344 4020 1599 4074 ἁπάντων
1628 4022 1723 4094 δη-

1821 4020 2060 4089 genitum
2107 4031 2173 4072 ac
2212 4017 2468 4072 dilectum
2504 4015 2732 4080 Filium,
2778 4011 3021 4068 omnium
3066 4025 3250 4064 rerum
3282 4023 3405 4079 quae

138 4107 440 4179 μιουργίας
468 4107 906 4177 προϋφίστασθαι
931 4107 1041 4161 δεῖν
1060 4125 1075 4139 ·
1106 4110 1227 4162 ἐπεὶ
1258 4111 1353 4163 καὶ
1375 4111 1579 4182 κόσμον
1602 4114 1717 4180 ἕνα,

1821 4109 2071 4164 ετοοηᾶαξ
2094 4118 2298 4172 essent,
2314 4106 2532 4177 opiﬁcio
2555 4105 2754 4176 praefici
2782 4111 3056 4173 Oportere,
3086 4101 3288 4172 quippe
3308 4101 3403 4168 qui

134 4199 332 4271 ὥσπερ
367 4198 427 4253 ἓν
460 4198 553 4251 καὶ
584 4196 728 4268 μέγα
754 4197 914 4268 σῶμα
942 4200 1007 4252 ἐκ
1039 4197 1300 4254 πλειόνων
1327 4202 1422 4254 καὶ
1450 4201 1720 4274 διαφόρων

1824 4216 1993 4255 unum
2025 4216 2244 4271 quoque
2265 4200 2551 4261 mundum,
2586 4198 2743 4269 quasi
2774 4212 2944 4251 unum
2984 4196 3261 4265 quoddam
3316 4202 3403 4248 at-

136 4291 324 4364 μελῶν
373 4307 434 4343 τε
476 4291 571 4343 καὶ
616 4289 832 4361 μερῶν,
866 4290 1097 4361 ἡμελλεν
1128 4292 1250 4345 ὅσον
1297 4292 1414 4346 οὐδέ
1458 4312 1546 4348 πω
1588 4312 1722 4367 προσ

1821 4311 1930 4365 que
1959 4301 2153 4364 ingens
2182 4308 2404 4363 corpus,
2432 4308 2499 4347 ex
2529 4292 2777 4362 pluribus
2830 4290 3180 4360 diversisque
3230 4304 3405 4344 mem-

132 4379 458 4444 ϐάλλεσθαι,
481 4380 581 4433 οὐκ
612 4380 923 4433 ἐπιστατεῖν
955 4381 1055 4450 μὲν
1082 4381 1250 4452 αὐτὴν
1278 4382 1503 4449 ἄνωθεν,
1531 4383 1720 4456 ὥσπερ

1821 4392 1937 4447 bris
1969 4404 2033 4443 ac
2063 4389 2330 4459 partibus.
2351 4387 2576 4458 jamjam
2607 4393 2754 4442 esset
2791 4383 3179 4455 producturus,
3211 4389 3406 4450 caput-

133 4471 396 4543 μείζονος
426 4470 671 4541 κεφαλῆς
694 4471 794 4541 τῆς
824 4472 920 4525 τοῦ
946 4472 1162 4543 Πατρδς
1192 4472 1446 4546 θεότητος
1476 4476 1719 4547 ἐξημμέ-

1821 4498 1930 4554 que
1957 4482 2062 4537 hoc
2087 4497 2195 4536 non
2232 4494 2470 4551 praeesse
2518 4480 2698 4550 ipsum
2740 4477 2983 4549 quidem,
3008 4476 3077 4531 de
3130 4473 3402 4544 superiori

128 4582 234 4636 νην
267 4564 504 4636 (κεφαλὴ
552 4566 664 4637 γὰρ
708 4564 799 4617 τοῦ
827 4565 1064 4636 Χριστοῦ
1092 4569 1120 4620 ό
1146 4566 1379 4638 Πατήρ),
1413 4568 1722 4639 ἡγουμένην

1821 4578 2027 4648 aliquo,
2057 4586 2314 4645 tanquam
2350 4575 2417 4629 de
2440 4575 2610 4629 altero
2638 4572 2833 4642 majori
2875 4573 3079 4642 capite,
3115 4569 3402 4624 divinitate

127 4659 188 4710 δὲ
239 4658 342 4710 καὶ
384 4656 846 4728 προϋπάρχουσαν
886 4657 996 4709 τῶν
1030 4656 1169 4728 μετὰ
1192 4658 1396 4728 ταύτην
1427 4657 1681 4712 ἁπάντων
1703 4698 1718 4723 ,

1821 4671 1939 4741 ipsa
1961 4669 2139 4724 Patris
2179 4682 2506 4738 suspensum
2548 4665 2734 4736 (caput
2760 4666 2904 4719 enim
2944 4663 3148 4719 Christi
3193 4661 3398 4727 Pater),

125 4749 193 4801 οὑ
231 4747 346 4819 μὴν
390 4747 526 4801 ἀλλὰ
558 4750 653 4801 καὶ
681 4748 1010 4819 διαρκοῦσαν
1048 4749 1126 4811 είς
1158 4766 1219 4802 τε
1247 4748 1346 4818 τὴν
1380 4750 1471 4803 τοῦ
1506 4750 1721 4822 Πατρὸς

1823 4761 1918 4816 sed
1943 4761 2086 4831 quod
2114 4760 2365 4821 anteiret,
2386 4768 2620 4827 anteque
2652 4757 2832 4811 omnia
2859 4761 2984 4826 post
3017 4755 3195 4825 ipsum
3219 4753 3401 4824 genita

126 4843 489 4896 ἑπικέλευσιν
510 4843 607 4896 καὶ
629 4844 709 4907 εἰς
734 4844 831 4913 τὴν
853 4843 962 4896 τῶν
989 4843 1127 4913 μετὰ
1148 4844 1319 4897 ταῦτα
1338 4846 1715 4917 δημιουργίαν.

1821 4857 1969 4905 esset
1995 4867 2008 4903 :
2041 4856 2278 4903 attamen
2304 4848 2447 4902 idem
2475 4854 2676 4917 praesto
2704 4854 2850 4901 esset
2879 4854 2997 4899 tum
3020 4845 3089 4898 ad
3113 4843 3401 4913 imperium

125 4935 226 4987 Διὸ
258 4934 329 5005 δὴ
363 4935 458 4987 καὶ
504 4934 713 5005 ἔφαμεν
762 4935 923 4989 αὐτὸν
976 4935 1191 5006 πρῶτον
1225 4938 1441 4991 πάντων
1474 4938 1579 4991 ὑπὸ
1623 4939 1715 4991 τοῦ

1821 4939 2023 5002 Patris,
2058 4949 2172 4995 tum
2213 4940 2280 4993 ad
2338 4938 2616 5009 opificium
2652 4952 2844 4993 earum
2879 4951 3061 4991 rerum
3090 4950 3212 5006 quae
3250 4941 3404 5005 post—

127 5024 359 5095 Πατρὺς
392 5018 503 5078 οἷόν
548 5042 601 5077 τι
637 5025 905 5094 μονοειδὲς
946 5025 1127 5095 πάσης
1169 5025 1357 5089 οὐσίας
1381 5025 1475 5078 καὶ
1504 5026 1718 5095 φύσεως

1822 5033 1927 5086 hac
1948 5030 2212 5085 faciendae
2237 5036 2412 5085 erant.
2441 5028 2622 5095 Quare
2662 5027 2776 5097 jam
2807 5026 3066 5091 diximus,
3097 5027 3250 5081 illum
3282 5040 3403 5080 om-

124 5115 547 5191 προϐεϐλῆσθαι
569 5116 797 5187 ὄργανον
823 5115 1062 5185 ἔμψυχον
1090 5117 1183 5169 καὶ
1207 5117 1333 5180 ζῶν,
1357 5115 1552 5187 μᾶλλον
1574 5116 1620 5169 δ’
1642 5115 1722 5169 ἐν·

1823 5124 1977 5179 nium
2014 5122 2251 5191 primum
2297 5137 2327 5175 a
2374 5119 2565 5182 Patre,
2611 5118 2769 5189 quasi
2798 5119 3073 5188 quoddam
3126 5118 3403 5189 singulare

125 5211 256 5266 θεον
287 5210 386 5264 καὶ
414 5210 672 5274 (tuomth
699 5209 792 5263 καὶ
821 5210 1113 5279 πάνσοφον,
1138 5208 1358 5277 ἀγαθῶν
1377 5208 1715 5278 γεννητικὸν,

1825 5216 2250 5270 instrumentum
2276 5212 2457 5267 omnis
2480 5209 2736 5267 essentia;
2763 5218 2819 5263 et
2841 5219 3050 5263 natura-
3074 5208 3402 5279 productum

125 5303 316 5372 φωτὸς
346 5300 604 5374 χορηγὸν,
636 5298 864 5373 οὐρανοῦ
887 5300 1298 5371 δημιουργικὸν,
1323 5301 1529 5370 κόσμου
1553 5316 1719 5353 κατα-

1825 5320 1948 5361 esse
1977 5324 1989 5357 :
2022 5304 2470 5365 instrumentum,
2506 5303 2750 5370 inquam,
2773 5300 3079 5354 animatum
3108 5310 3162 5356 et
3188 5300 3400 5363 vivens,

128 5394 522 5457 σκευαστικὸν,
550 5393 798 5462 ἀγγέλων
828 5392 1131 5464 ποιητικὸν,
1163 5394 1491 5462 πνευμάτων
1520 5393 1717 5463 ἀρχον-

1824 5412 1889 5451 ac
1910 5396 2093 5466 potius
2111 5396 2378 5456 divinum,
2410 5394 2742 5461 vitalemque
2763 5392 2871 5447 vim
2903 5392 2957 5447 in
2988 5407 3047 5448 se
3085 5391 3314 5455 habens,
3345 5395 3404 5444 et

125 5490 307 5553 τικδν,
329 5488 564 5560 ὄργανον
587 5486 774 5557 ψυχῶν
802 5490 1085 5557 σωτήριον,
1116 5486 1382 5557 σωμάτων
1403 5483 1714 5555 αὐξητικὸν,

1825 5483 2328 5553 sapientissimum;
2361 5482 2521 5552 150
2544 5481 2690 5552 quod
2725 5482 2866 5536 bona
2894 5482 3076 5537 omnia
3111 5481 3402 5551 gigneret,

128 5583 355 5633 πάντων
396 5577 783 5649 προνοητικὸν,
829 5576 1255 5647 κυϐερνητικὸν,
1288 5575 1721 5647 θεραπευτικὸν*

1820 5575 1966 5645 quod
1999 5575 2181 5631 lumen
2214 5575 2494 5645 praeberet,
2523 5572 2668 5644 quod
2699 5574 2898 5631 cmlutn
2927 5573 3232 5640 moliretur,
3249 5569 3404 5645 quod

209 5739 249 5769 "
285 5736 400 5794 lsa.
464 5751 586 5801 ιιιι,
631 5735 684 5790 8.
762 5736 807 5767 ⁹¹
843 5731 1036 5789 Matth.
1069 5748 1146 5791 τι.
1176 5731 1267 5787 27.
