3828 6216
458 282 564 339 259

1119 285 1388 342 EUSEBII
1427 283 1907 342 CAESARIENSIS
1933 284 2084 339 OPP.
2123 284 2305 340 PARS
2338 286 2403 340 ll.
2441 316 2514 328 -
2550 238 3050 343 APDLOGETICA.

3619 287 3719 342 200

456 404 719 460 mundum
744 412 1110 472 construeret,
1142 406 1286 475 quod
1330 407 1554 477 angelos
1594 405 1859 470 etlieeret,
1892 420 1992 474 quo

2145 404 2441 475 βασιλικὸν,
2466 407 2731 478 κριτικὸν,
2749 408 2964 479 Πατρὸς
2994 406 3273 470 εὐσεϐείας
3296 406 3713 475 ἀπαγγελτικόν.

455 497 742 567 spiritibus
790 497 1124 566 imperaret:
1159 496 1587 551 instrumentum
1634 494 1783 565 quod
1831 495 2044 548 animas

452 599 837 655 conservaret,
895 591 1042 661 quod
1074 608 1305 662 corpora
1353 599 1612 662 augeret,
1668 589 1814 660 quod
1882 588 2064 643 omnia
2105 590 2451 659 provideret,
2484 591 2838 660 gubernaret,
2905 599 3143 652 curaret,
3176 589 3323 659 quod
3351 588 3462 642 vim
3494 586 3717 646 haberet

450 684 734 755 regnandi,
764 685 909 754 quod
960 685 1277 755 iudicandi.
1311 687 1455 755 quod
1505 683 1685 739 Patris
1723 684 1932 738 cultum
1981 688 2035 736 et
2075 685 2435 737 reverentiam
2470 684 2851 739 denuntiandi.

1207 799 1273 854 V.

448 910 603 977 Quod
628 904 1037 966 innumerabiles
1067 913 1274 982 quidem
1302 914 1533 981 fatemur
1560 931 1672 969 esse
1714 925 1920 969 creatas
1945 915 2029 968 di-

514 983 663 1035 vinas
692 993 996 1051 potestates,
1022 1000 1184 1036 uuam
1218 1001 1334 1037 vero
1361 986 1627 1039 duntaxat
1661 987 1826 1053 ipsius
1854 985 2021 1049 Filii,

511 1062 724 1125 propter
747 1070 902 1122 quam
932 1053 1224 1112 inducitur.
1253 1056 1537 1125 imaginem
1562 1057 1659 1109 Dei
1691 1056 1875 1110 Patris
1889 1074 2025 1122 esse,

516 1123 796 1194 theologica
823 1125 1268 1178 dcmonstramus.

511 1233 693 1301 Quare
715 1236 768 1289 in
792 1237 1109 1291 universum
1142 1252 1307 1306 supra
1339 1251 1501 1291 omne
1532 1238 1830 1308 opificium,
1859 1254 2024 1293 unam

442 1343 580 1397 opus
611 1335 695 1382 est
728 1328 967 1383 divinam
1008 1337 1334 1398 potestatem
1367 1329 1666 1395 admirari,
1699 1346 1807 1385 non
1840 1333 2024 1401 plures

438 1422 790 1477 existimare:
830 1437 938 1475 una
984 1422 1128 1476 enim
1160 1422 1383 1475 omnino
1412 1422 1601 1476 mundi
1639 1423 1883 1477 effectrix
1916 1439 2020 1493 po-

436 1521 630 1577 testas,
695 1522 749 1569 et
806 1529 976 1568 unum
1030 1513 1407 1570 universitatis
1464 1514 1647 1585 opifex
1675 1514 1913 1571 Verbum
1966 1519 2023 1570 in

433 1604 705 1673 principio
756 1604 899 1674 apud
934 1604 1130 1660 Deum.
1192 1604 1517 1674 Siquidem:
1568 1623 1586 1656 ι
1637 1605 1695 1659 1η
1748 1607 2020 1677 principio

430 1705 548 1749 erat
575 1695 847 1761 Verbum,
894 1705 947 1751 et
980 1696 1219 1752 Verbum
1254 1706 1371 1753 erat
1399 1698 1540 1768 apud
1571 1696 1761 1763 Deum,
1786 1709 1840 1755 et
1877 1700 2018 1756 Deus

429 1796 548 1841 erat
582 1787 824 1844 Verbum
866 1790 948 1856 ⁹³;
988 1809 1005 1841 ι
1046 1791 1191 1859 quod
1237 1791 1458 1860 quidem
1514 1801 1729 1862 oportet
1778 1809 1837 1847 re
1885 1809 2015 1847 vera

428 1895 539 1932 non
575 1880 829 1949 ignorare
851 1922 864 1946 ,
900 1882 1083 1936 colere
1111 1889 1290 1936 autem
1323 1891 1378 1935 et
1400 1883 1607 1938 honore
1639 1885 1895 1954 prosequi
1915 1900 2014 1954 pro

427 1972 692 2042 dignitate
729 1991 744 2027 :
799 1974 1244 2043 quandoquidem
1297 1975 1482 2029 omnia
1543 1991 1641 2045 per
1686 1977 1819 2030 illud
1847 2018 1860 2040 ,
1900 1992 2012 2031 non

426 2063 589 2118 modo
641 2064 710 2118 ab
760 2065 919 2119 initio
945 2081 1128 2120 rerum
1164 2067 1409 2121 omnium
1460 2068 1760 2131 exstitere,
1821 2085 2010 2123 verum

423 2156 588 2210 etiam
611 2157 666 2210 in
693 2165 1013 2227 perpetuum
1047 2173 1265 2229 semper
1316 2170 1370 2214 et
1402 2159 1543 2214 facta
1575 2168 1726 2226 sunt,
1753 2168 1805 2215 et
1837 2160 2010 2216 fiunt:

429 2264 450 2298 ‹
485 2256 540 2301 et
578 2248 696 2304 sine
724 2251 816 2303 illo
860 2249 1061 2304 factum
1091 2258 1176 2306 est
1219 2252 1356 2305 nihil
1389 2252 1456 2305 ⁸⁸.
1500 2272 1518 2303 ›
1553 2251 1679 2308 Sive
1711 2254 1857 2309 enim
1899 2257 2011 2309 vita

424 2338 669 2407 quaedam
706 2348 791 2394 est
842 2342 898 2394 in
938 2342 1007 2397 iis
1031 2357 1153 2411 quae
1183 2349 1352 2397 sunt:
1388 2344 1535 2414 quod
1586 2343 1788 2399 factum
1820 2354 1923 2411 est,
1954 2346 2007 2402 in

422 2430 517 2483 illo
547 2431 655 2484 vita
688 2439 825 2485 erat.
878 2430 956 2485 Ex
993 2432 1088 2486 illo
1117 2434 1264 2487 enim
1297 2449 1360 2489 ac
1392 2450 1490 2504 per
1523 2435 1656 2489 illud
1678 2477 1693 2501 ,
1751 2437 2009 2493 universa

420 2528 474 2575 et
509 2522 677 2576 vitam
698 2533 751 2585 et
779 2524 1015 2578 animam
1057 2527 1351 2596 accipiunt.
1405 2527 1531 2584 Sive
1564 2545 1847 2596 numerus,
1892 2531 2009 2587 sive

420 2612 792 2681 pulchritudo,
820 2614 935 2669 sive
957 2618 1359 2683 convenientia,
1382 2618 1497 2674 sive
1526 2621 1684 2686 ordo,
1718 2621 1832 2676 sive
1868 2629 2009 2677 tem-

418 2715 697 2773 peratura,
731 2706 846 2762 sive
868 2708 1106 2763 essentia
1127 2748 1141 2773 ,
1176 2710 1292 2765 sive
1322 2711 1591 2781 qualitas,
1632 2713 1747 2768 sive
1796 2715 2007 2784 magni-

417 2796 593 2852 tudo:
625 2808 825 2853 cuncta
869 2816 1036 2854 unum
1076 2816 1260 2855 rerum
1322 2806 1565 2858 omnium
1612 2805 1883 2871 continet,
1939 2820 2003 2860 ac

414 2887 659 2958 disponit
694 2889 957 2954 Verbum,
990 2900 1045 2946 et
1067 2908 1174 2946 una
1201 2891 1297 2947 Dei
1324 2895 1514 2950 mundi
1544 2895 1787 2951 effectrix
1804 2898 2000 2965 virtus,

412 2980 669 3035 omnibus
693 2989 910 3051 praeest.
962 2980 1117 3036 Sicut
1145 2983 1292 3038 enim
1318 2984 1373 3038 in
1400 2993 1592 3041 nostro
1616 3001 1847 3056 corpore
1880 2987 2004 3057 plu-

2896 803 2974 855 E'.

2134 913 2208 965 E'.
2263 914 2354 979 Ὡς
2391 916 2610 986 μυρίας
2646 915 2765 984 μὲν
2812 916 3225 985 ὁμολογοῦμεν
3273 917 3426 970 εἶναι
3465 914 3713 986 γενητὰς

2200 986 2363 1049 θείας
2392 985 2676 1053 δυνάμεις
2700 1028 2714 1051 ,
2743 988 2941 1054 μόνην
2964 987 3033 1039 δὲ
3063 988 3177 1053 τὴν
3207 987 3316 1041 τοῦ
3356 985 3511 1048 Tim"),
3532 987 3608 1039 δι’
3634 986 3713 1052 ἦν

2202 1054 2481 1123 ἐπάγεται
2497 1060 2703 1109 εἰκόνα
2726 1057 2831 1111 τοῦ
2848 1057 2994 1111 Θεοῦ
3012 1058 3265 1125 Πατρός,
3286 1057 3709 1127 θεολογοῦμεν.

2201 1232 2293 1285 Διὸ
2328 1233 2421 1286 καὶ
2447 1234 2540 1288 ἐπὶ
2571 1233 2787 1287 πάντων
2813 1233 3039 1287 καθόλου
3080 1236 3188 1289 τῶν
3211 1236 3710 1307 δημιουργημάτων

2134 1325 2262 1395 μίαν
2302 1324 2478 1395 χρεὼν
2522 1326 2670 1378 θείαν
2713 1328 2941 1399 δύναμιν
2989 1328 3433 1397 ἀποθαυμάζειν,
3483 1328 3599 1382 ἀλλ’
3649 1330 3710 1381 ού

2130 1415 2328 1479 πολλὰς
2351 1416 2596 1487 ἡγεῖσθαι
2618 1435 2631 1447 ο
2669 1418 2769 1488 μία
2800 1420 2908 1491 γὰρ
2938 1422 2971 1491 ἡ
3001 1419 3228 1473 καθόλου
3256 1420 3587 1490 κοσμοποιὸς
3613 1419 3709 1472 δύ-

2127 1527 2307 1579 ναμις,
2334 1510 2427 1562 καὶ
2454 1505 2533 1572 εἷς
2560 1513 2587 1563 6
2612 1510 2719 1564 τῶν
2742 1511 2878 1564 ὅλων
2905 1512 3235 1583 δημιουργὸς
3265 1512 3437 1580 Λόγος
3472 1514 3531 1565 ἑν
3562 1513 3706 1583 ἀρχῇ

2127 1599 2263 1668 πρὸς
2300 1600 2390 1651 τὸν
2435 1599 2587 1652 Θεόν.
2634 1619 2653 1650 ι
2688 1603 2809 1655 ’Ὁτι
2859 1603 2915 1655 ὲν
2954 1604 3096 1673 ἀρχῇ
3145 1597 3213 1671 ἦν
3246 1604 3275 1655 6
3315 1603 3524 1670 Λόγος,
3557 1604 3710 1655 καὶὸ

2127 1688 2297 1755 Λόγος
2334 1684 2401 1759 ἧν
2438 1690 2573 1761 πρὸς
2601 1690 2692 1744 τὸν
2720 1692 2853 1747 Θεὸν
2871 1731 2887 1757 ,
2915 1694 3008 1746 καὶ
3035 1694 3168 1758 Θεὸς
3203 1690 3270 1766 ἦν
3298 1696 3326 1747 6
3352 1694 3523 1762 Λόγος
3543 1711 3557 1723 ·
3593 1712 3610 1744 ι
3651 1693 3709 1747 ὃν

2119 1780 2197 1832 δεῖ
2229 1781 2444 1852 ἀληθῶς
2470 1783 2543 1854 μὴ
2568 1784 2803 1851 ἀγνοεῖν,
2837 1785 3015 1839 σέϐειν
3044 1788 3101 1840 δὲ
3130 1788 3224 1841 καὶ
3250 1788 3415 1858 τιμᾷν
3441 1786 3706 1851 emata);-

2116 1870 2196 1922 ὅτι
2226 1871 2289 1943 δὴ
2324 1872 2502 1926 πάντα
2534 1874 2600 1927 δι’
2635 1876 2801 1930 αὑτοῦ
2831 1878 2890 1931 ού
2922 1878 3080 1949 μόνον
3109 1880 3167 1933 ἑν
3195 1879 3394 1949 ἀρχαῖς
3419 1877 3528 1930 τῶν
3561 1877 3706 1930 ὅλων

2118 1961 2368 2033 συνέστη,
2400 1963 2536 2018 ἀλλά
2564 1966 2659 2019 καὶ
2686 1967 2859 2021 εἰσαεὶ
2891 1968 3081 2036 γέγονέ
3099 1986 3157 2021 τε
3176 1970 3269 2023 καὶ
3300 1970 3534 2037 γίνεται,
3564 1988 3583 2020 ι
3604 1969 3706 2023 καὶ

2113 2054 2281 2125 χωρὶς
2306 2055 2470 2108 αὑτοῦ
2499 2058 2715 2125 ἐγένετο
2738 2060 2860 2113 οὐδὲ
2887 2061 2961 2113 ἒν.
2988 2079 3008 2112 ι
3041 2061 3166 2113 Εἴτε
3180 2061 3289 2132 γὰρ
3309 2061 3419 2133 ζωή
3437 2079 3521 2125 τις
3553 2061 3703 2115 ἔστιν

2113 2148 2171 2199 ὲν
2195 2149 2306 2211 τοῖς
2334 2143 2485 2201 οὖσιν
2505 2189 2520 2213 ,
2554 2150 2582 2203 ὂ
2614 2151 2836 2221 γέγονεν
2870 2156 2926 2207 ἑν
2955 2154 3104 2225 αὐτῷ
3136 2153 3249 2225 ζωὴ
3284 2150 3351 2226 ἦν
3376 2172 3390 2185 ο
3435 2155 3496 2219 ἑξ
3528 2154 3700 2209 αὐτοῦ

2112 2239 2220 2311 γὰρ
2248 2241 2340 2295 καὶ
2367 2241 2434 2295 δι’
2464 2243 2630 2296 αὐτοῦ
2672 2246 2705 2315 ἡ
2739 2244 2848 2297 τῶν
2879 2246 3016 2299 ὅλων
3050 2246 3260 2310 ζώωσίς
3286 2264 3346 2299 τε
3382 2247 3475 2300 καὶ
3506 2246 3701 2317 ψύχω-

2113 2349 2195 2396 σις
2214 2349 2228 2363 °
2260 2334 2367 2386 εἴτε
2399 2333 2624 2404 ῥυθμὸς,
2654 2334 2763 2388 εἴτε
2809 2336 3023 2403 κάλλος,
3051 2338 3160 2391 εἴτε
3189 2338 3445 2410 ἁρμονία,
3473 2340 3583 2391 εἴτε
3606 2341 3701 2393 τάο

2110 2422 2194 2490 ξις
2214 2465 2229 2487 ,
2259 2424 2369 2477 εἴτε
2402 2424 2743 2498 σύγκρασις,
2792 2428 2904 2481 εἴτε
2928 2429 3087 2483 οὐσία
3110 2469 3124 2493 ,
3156 2429 3266 2482 εἴτε
3296 2430 3515 2500 ποιότης
3537 2472 3553 2496 ,
3586 2432 3698 2484 εἴτε

2112 2512 2358 2584 μέγεθος,
2388 2515 2564 2568 πάντα
2595 2515 2675 2581 εἷς
2703 2519 2731 2570 ὁ
2759 2518 2867 2571 τῶν
2888 2519 3022 2573 ὅλων
3049 2520 3260 2591 συνέχει
3285 2520 3376 2573 καὶ
3406 2520 3701 2593 διακοσμεῖ

2105 2606 2299 2675 Λόγος,
2329 2609 2423 2661 καὶ
2458 2610 2556 2680 μία
2585 2610 2722 2666 Θεοῦ
2756 2611 2985 2683 δύναμις
3013 2612 3342 2684 κοσμοποιὸς
3383 2614 3605 2684 ἡγεῖται
3637 2615 3699 2667 ἁ-

2106 2703 2343 2759 πάντων.
2385 2706 2474 2769 Ὠς
2500 2707 2609 2779 γὰρ
2641 2709 2736 2762 ἑπὶ
2786 2708 2882 2762 τοῦ
2912 2709 3033 2763 καθ’
3058 2711 3209 2780 ἡμᾶς
3238 2707 3489 2779 σώματος
3520 2709 3694 2781 πολλὴ

2107 2795 2207 2866 μὲν
2234 2797 2492 2867 τυγχάνει
2521 2800 2617 2853 καὶ
2646 2800 2863 2873 ποικίλη
2897 2801 3004 2855 τῶν
3040 2801 3221 2875 μερῶν
3245 2805 3278 2873 ή
3308 2802 3571 2873 διαφορὰ,
3599 2802 3696 2874 μία

2102 2886 2159 2940 δὲ
2184 2889 2216 2958 ἡ
2244 2887 2337 2942 τοῦ
2368 2890 2569 2955 παντὸς
2607 2891 2837 2964 δύναμις
2881 2893 3213 2965 δημιουργὸς
3257 2894 3352 2965 (οὐ
3394 2894 3507 2965 γάρ
3558 2893 3693 2966 ἄλλῃ

2106 2978 2206 3047 μὲν
2245 2978 2381 3032 Θεοῦ
2425 2980 2654 3053 δυνάμει
2700 2983 2940 3055 κεφαλῆς
2977 2985 3184 3056 ὑπέστη
3222 2985 3421 3055 φύσις,
3453 2985 3596 3055 ἄλλῃ
3636 2985 3693 3038 δὲ

412 3086 502 3128 res
532 3082 661 3128 sunt
689 3082 742 3128 et
768 3076 935 3130 varia:
968 3077 1200 3146 partium
1235 3076 1589 3144 differentiae,
1653 3094 1761 3134 una
1815 3087 1992 3134 autem

2135 3070 2396 3142 φθαλμῶν
2417 3115 2430 3139 ,
2458 3075 2621 3148 ἑτέρᾳ
2654 3075 2709 3128 δὲ
2749 3074 2923 3144 ὢτων,
2970 3077 3134 3149 ἑτέρᾳ
3173 3078 3229 3131 δὲ
3267 3078 3518 3149 ποδῶν),
3547 3078 3689 3133 οὕτω

412 3165 657 3220 universi
695 3166 876 3236 opifex
908 3168 990 3223 vis
1020 3169 1152 3238 (non
1197 3171 1343 3224 enim
1376 3170 1484 3225 alia
1529 3171 1749 3241 quidem
1800 3170 1895 3225 Dei
1942 3171 1995 3225 vi

409 3257 607 3326 capitis
638 3260 847 3314 exstitit
878 3269 1097 3327 natura,
1133 3264 1239 3318 alia
1270 3279 1400 3319 vero
1428 3264 1753 3329 oculorum,
1784 3271 1839 3319 et
1889 3265 1996 3320 alia

409 3351 649 3409 aurium.
674 3351 873 3420 pedum
901 3352 1029 3407 item
1060 3356 1210 3427 alia),
1233 3356 1307 3409 ita
1335 3371 1552 3426 quoque
1580 3371 1706 3411 cum
1738 3357 1995 3430 universo

407 3446 636 3508 mundo,
662 3458 768 3497 una
796 3445 1018 3502 omnino
1043 3446 1226 3502 divina
1243 3449 1419 3505 virtus
1444 3450 1649 3520 priesit,
1673 3449 1861 3505 eadem
1889 3451 1994 3505 erit

405 3541 461 3589 et
483 3535 630 3600 cmli,
659 3544 711 3591 et
740 3546 1040 3604 astrorum,
1062 3547 1116 3594 et
1156 3542 1474 3595 animalium
1500 3557 1863 3615 quaecunque,
1897 3553 1992 3597 aut

406 3632 461 3685 in
492 3646 639 3694 aere,
673 3640 767 3685 aut
790 3632 845 3685 in
868 3637 1036 3699 terra,
1059 3640 1153 3687 aut
1178 3634 1234 3687 in
1262 3635 1400 3688 mari
1428 3634 1654 3705 degunt,
1682 3643 1737 3690 et
1760 3637 1992 3691 elemen-

403 3724 582 3771 torum
603 3728 712 3772 tam
730 3720 973 3774 omnium
987 3721 1338 3793 simul,quam
1356 3724 1696 3795 singulorum
1713 3741 1985 3782 seorsum:

407 3809 560 3880 151
585 3818 843 3880 praeterea
878 3824 1195 3869 naturarum
1228 3816 1542 3871 omnimodo
1574 3818 1847 3872 variarum
1874 3825 1984 3872 tam

402 3917 524 3973 quae
568 3918 767 3973 genere
811 3904 996 3974 aliquo
1038 3907 1409 3973 continentur,
1444 3924 1608 3977 quam
1650 3925 1771 3979 qua:
1803 3912 1984 3981 specie

398 3996 833 4067 distinguuntur,
865 3997 1069 4067 cpifex.
1101 3997 1288 4068 Neque
1316 4015 1445 4054 vero
1485 4001 1590 4054 alia
1621 4010 1706 4057 est
1734 4004 1894 4072 ignis,
1930 4013 1984 4060 et

397 4091 503 4145 alia
554 4107 728 4162 aquae,
767 4100 1035 4162 ternaque
1069 4107 1265 4147 rursus
1305 4092 1432 4157 alia,
1477 4102 1640 4163 atque
1673 4096 1818 4149 aeris
1852 4095 1981 4151 item

397 4184 503 4237 alia
540 4183 779 4240 effectrix
829 4187 1028 4250 virtus,
1067 4184 1163 4241 sed
1211 4200 1318 4238 una
1367 4193 1530 4254 atque
1573 4186 1763 4241 eadem
1797 4203 1979 4242 rerum

394 4275 777 4329 universarum
828 4274 1024 4328 artifex
1062 4273 1350 4343 sapientia,
1411 4273 1665 4342 quodque
1711 4274 1977 4328 mundum

392 4363 591 4428 etIecit,
633 4365 739 4419 hoc
768 4366 965 4434 ipsum,
998 4365 1064 4419 de
1092 4380 1200 4434 quo
1230 4379 1331 4418 nos
1355 4372 1414 4417 ut
1445 4364 1512 4419 de
1544 4363 1653 4420 Deo
1678 4365 1973 4435 loquimur,

2100 3163 2192 3217 καὶ
2249 3165 2342 3217 τοῦ
2405 3165 2720 3237 σύμπαντος
2768 3168 2973 3237 κόσμου
3018 3168 3117 3239 μία
3164 3168 3390 3223 καθόλου
3435 3170 3561 3224 θεία
3600 3170 3689 3224 δύ-

2097 3273 2259 3326 ναμις
2297 3258 2663 3313 ὲπιστατοῦσα
2684 3301 2699 3327 ,
2735 3262 2768 3332 ή
2799 3260 2936 3333 αὐτὴ
2965 3261 3032 3315 ἂν
3059 3262 3145 3332 εἴη
3188 3264 3283 3317 καὶ
3313 3264 3555 3335 ούρανοῦ
3596 3264 3690 3319 καὶ

2096 3347 2340 3419 ἀστέρων
2360 3389 2374 3413 ,
2411 3350 2519 3404 τῶν
2545 3368 2605 3403 τε
2633 3352 2690 3405 ἐν
2714 3352 2860 3424 ἀέρι,
2889 3353 2984 3406 καὶ
3007 3355 3099 3424 γῇ,
3124 3354 3218 3406 καὶ
3240 3353 3479 3428 θαλάττῃ
3504 3355 3687 3420 ζώων,

2097 3442 2372 3512 στοιχείων
2420 3460 2482 3496 τε
2531 3444 2640 3498 τῶν
2689 3444 2915 3498 καθόλου
2963 3447 3059 3499 καὶ
3100 3445 3210 3500 τῶν
3261 3445 3404 3499 κατὰ
3467 3446 3646 3518 μέρος
3669 3485 3689 3515 ,

2093 3532 2188 3586 καὶ
2218 3532 2299 3585 ἔτι
2329 3533 2545 3603 φύσεων
2592 3536 2858 3590 παντοίων
2894 3537 3127 3606 γενικῶν
3160 3555 3218 3591 τε
3267 3539 3362 3593 καὶ
3408 3537 3523 3590 τῶν
3561 3541 3685 3592 κατ’

2091 3619 2229 3687 εἶδος
2258 3623 2588 3695 δημιουργός
2612 3642 2625 3654 ·
2664 3626 2758 3679 καὶ
2788 3627 2888 3681 οὐκ
2913 3626 3043 3698 ἄλλη
3081 3627 3178 3697 μὲν
3208 3627 3400 3699 πυρὸς,
3432 3628 3605 3699 ἑτέρα
3629 3628 3685 3681 δὲ

2092 3714 2284 3779 ὓδατος
2308 3734 2320 3745 ·
2365 3716 2459 3769 καὶ
2498 3718 2602 3787 γῆς
2649 3717 2810 3771 πάλιν
2854 3717 2988 3788 ἄλλη
3014 3759 3028 3782 ,
3072 3719 3165 3772 καὶ
3203 3720 3365 3789 ἀέρος
3413 3719 3684 3789 ποιητικὴ

2087 3807 2352 3878 δύναμις·
2402 3807 2539 3861 ἀλλά
2590 3808 2688 3879 μία
2728 3809 2822 3862 καὶ
2870 3812 2902 3880 ή
2940 3809 3079 3881 αὑτὴ
3110 3809 3217 3863 τῶν
3262 3810 3399 3863 ὅλων
3441 3813 3685 3881 τεχνῖτις

2090 3901 2273 3968 σοφία,
2305 3902 2401 3954 καὶ
2432 3902 2761 3972 κοσμοποιὸς
2790 3902 2954 3966 αὐτὸς
2980 3896 3135 3965 οὗτος
3167 3903 3298 3973 ἡμῖν
3326 3904 3354 3955 6
3387 3901 3683 3971 θεολογοῦ-

2088 4008 2247 4061 μενος
2278 3991 2386 4044 τῶν
2419 3992 2554 4045 ὅλων
2583 3994 2611 4045 6
2640 3992 2969 4065 δημιουργὸς
2994 3992 3087 4046 τοῦ
3121 3992 3256 4046 Θεοῦ
3295 3993 3485 4062 Λόγος.
3518 3994 3685 4061 Μαρ-

2082 4090 2237 4155 τυρεῖ
2263 4086 2319 4139 δὲ
2349 4085 2559 4149 τούτοις
2588 4088 2621 4157 ἡ
2658 4085 2796 4157 πρὸς
2820 4083 3024 4156 ἄλληλα
3054 4084 3163 4137 τῶν
3192 4084 3469 4153 στοιχείων
3493 4082 3679 4151 φιλία,

2081 4182 2147 4250 τῇ
2200 4179 2308 4233 τῶν
2343 4178 2698 4250 συγκράσεων
2732 4177 2982 4248 ἐπιμιξίᾳ
3026 4177 3260 4247 συγγενῆ
3305 4175 3399 4229 καὶ
3430 4174 3680 4246 ἀδελφὴν

2082 4273 2175 4325 καὶ
2219 4271 2408 4343 ὥσπερ
2448 4272 2566 4335 ἑνὸς
2611 4270 2989 4343 ἀρχιτέκτονος
3028 4268 3188 4340 ἔργον
3225 4267 3323 4339 τὴν
3373 4266 3487 4320 τῶν
3535 4267 3679 4320 ὅλων

2080 4364 2240 4433 φύσιν
2262 4364 2659 4435 ἀπελέγχουσα.
2690 4362 2767 4433 Γῆ
2796 4379 2855 4415 τε
2889 4360 2996 4433 γὰρ
3028 4360 3090 4413 τὺ
3120 4360 3257 4431 βαρὺ
3292 4362 3562 4430 στοιχεῖον
3588 4360 3680 4428 ἐφ’

393 4455 637 4511 universi
678 4456 861 4527 Opifex
903 4456 1000 4510 Dei
1044 4455 1307 4511 Verbum.
1342 4454 1530 4510 Fidem
1569 4456 1654 4512 his
1698 4456 1827 4511 facit
1864 4459 1974 4513 ele-

2135 4456 2291 4510 ἰάτων
2338 4456 2608 4527 ὀχουμὲνη
2637 4495 2651 4517 ,
2679 4455 2775 4507 καὶ
2821 4452 2896 4525 μὴ
2955 4452 3258 4525 στερεμνίῳ
3300 4451 3401 4522 τῆς
3447 4451 3677 4519 φύσεως

393 4555 698 4602 mentorum
744 4547 884 4601 inter
918 4562 977 4601 se
1004 4547 1268 4610 amicitia,
1300 4561 1422 4616 quae
1449 4562 1514 4600 ex
1542 4561 1608 4600 eo
1631 4548 1774 4616 quod
1805 4548 1973 4602 certis

389 4640 831 4709 temperamentis
875 4639 1165 4692 commista
1199 4646 1346 4702 sunt,
1397 4645 1691 4707 cognatum
1734 4653 1799 4693 ac
1850 4655 1973 4709 ger-

389 4745 633 4793 manum,
665 4738 720 4785 et
748 4738 1008 4798 tanquam
1053 4730 1218 4785 unius
1259 4730 1546 4783 architecti
1590 4745 1752 4800 opus,
1784 4746 1969 4786 rerum

387 4830 639 4877 naturam
669 4822 931 4877 ostendit.
955 4820 1090 4876 Nam
1118 4829 1174 4876 et
1203 4829 1372 4888 terra,
1407 4837 1527 4891 quae
1559 4837 1723 4892 grave
1751 4832 1833 4878 est
1859 4824 1969 4879 ele-

385 4919 651 4974 mentum,
670 4928 794 4965 eum
812 4912 970 4981 aquis
1004 4913 1232 4974 innatet,
1262 4927 1438 4981 neque
1466 4912 1739 4967 soliditate
1762 4924 1968 4968 natura:

384 5004 439 5058 in
465 5003 791 5074 profondum
814 5006 1087 5067 trahatur,
1111 5005 1204 5059 sed
1228 5004 1434 5059 feratur
1456 5021 1670 5076 semper
1690 5005 1962 5071 sublimis,

382 5112 559 5166 neque
590 5096 992 5166 submergatur,
1026 5096 1122 5151 Dei
1169 5095 1348 5152 Verbo
1392 5096 1597 5167 Deique
1633 5098 1865 5153 consilio
1895 5099 1962 5151 ti-

380 5187 504 5242 dem
532 5187 680 5242 facit.
705 5187 953 5242 liumidae
981 5189 1107 5243 item
1140 5198 1350 5243 naturae
1380 5204 1505 5243 cum
1537 5190 1691 5244 arida
1713 5204 1962 5245 commu-

379 5280 603 5347 nicatio,
633 5298 755 5351 qua:
781 5282 918 5337 nihil
956 5283 1322 5352 corruptionis
1350 5298 1460 5352 pra:
1508 5299 1567 5338 se
1608 5282 1733 5347 fert,
1783 5297 1961 5351 neque

377 5374 669 5430 confertim
712 5376 967 5432 universa
997 5383 1299 5446 restagnat,
1331 5374 1427 5430 sed
1461 5373 1557 5430 Dei
1596 5382 1735 5428 nutu
1771 5375 1958 5429 occul-

378 5466 590 5524 tissimo
621 5469 873 5539 colligata
914 5475 1151 5533 tenetur,
1182 5482 1351 5521 unum
1380 5482 1574 5521 rursus
1613 5473 1777 5535 atque
1810 5464 1953 5537 idem

375 5556 469 5613 Dei
495 5557 729 5615 Verbum
758 5575 881 5616 esse
905 5560 1268 5617 demonstrat.
1292 5557 1434 5627 Quid
1455 5571 1621 5629 porro
1650 5555 1830 5630 ignis?
1858 5554 1952 5625 qui

446 5721 492 5753 ⁸³
519 5717 673 5775 Joan.
707 5737 743 5787 ι,
778 5721 826 5776 l.
905 5721 950 5754 ’δ
977 5719 1109 5775 ibid.
1143 5721 1197 5775 5.

2076 4549 2218 4602 κατά
2260 4549 2455 4619 βάθους
2494 4548 2783 4618 ἑλκομένη,
2829 4545 3101 4619 μετέωρος
3145 4545 3191 4598 δ’
3229 4544 3316 4598 ἀεὶ
3359 4544 3669 4615 φερομένη,

2074 4643 2168 4695 καὶ
2195 4641 2268 4712 μὴ
2301 4640 2695 4710 καταδυομένη,
2730 4638 2865 4692 Θεοῦ
2900 4638 3057 4709 Λόγῳ
3085 4637 3180 4691 καὶ
3210 4634 3344 4690 Θεοῦ
3370 4634 3541 4708 βουλῇ
3575 4638 3673 4690 καὶ

2070 4734 2297 4804 δυνάμει
2356 4735 2642 4803 μαρτυρεῖ.
2697 4731 2900 4804 Ὑγρᾶς
2947 4747 3005 4783 τε
3054 4726 3122 4783 αὖ
3170 4728 3331 4781 πάλιν
3380 4728 3582 4793 οὐσίας
3634 4730 3667 4797 ἡ

2071 4826 2207 4895 πρὸς
2244 4824 2304 4877 τὸ
2354 4824 2515 4896 ξηρὸν
2558 4823 2811 4876 κοινωνία
2863 4821 3026 4893 μηδὲν
3078 4820 3305 4891 στερρὸν
3346 4818 3669 4872 ἐπιδεικνυ-

2071 4916 2229 4988 μένη,
2267 4916 2399 4987 μηδὲ
2444 4915 2654 4985 ἀθρόως
2684 4914 2745 4967 τὸ
2790 4914 2899 4967 πᾶν
2941 4911 3391 4982 ὲπιλιμνάζουσα,
3425 4911 3667 4981 νεύματι

2066 5009 2108 5060 δ’
2136 5010 2359 5079 ἀρρήτῳ
2392 5007 2527 5060 Θεοῦ
2551 5007 2923 5078 πεπεδημένη,
2943 5005 3038 5058 ἕνα
3063 5002 3221 5057 πάλιν
3236 5003 3333 5056 καὶ
3361 5002 3458 5055 τὸν
3492 5003 3666 5055 αὐτὸν

2064 5103 2234 5171 Λόγον
2244 5100 2336 5154 τοῦ
2349 5099 2483 5153 Θεοῦ
2498 5098 2735 5171 παρίστη
2743 5098 2885 5151 σι.Τί
2901 5097 2957 5151 δὲ
2969 5096 3030 5150 τὸ
3043 5096 3175 5167 πῦρ,
3190 5096 3366 5150 καίτοι
3381 5096 3664 5165 καυτικῆς

2064 5194 2158 5247 καὶ
2204 5193 2472 5263 φθατικῆς
2503 5192 2736 5261 φύσεως,
2770 5191 2959 5244 ἔπειτα
2992 5189 3168 5255 ξύλοις
3206 5188 3530 5260 ἑμφωλεῦον
3563 5190 3663 5243 καὶ

2063 5289 2337 5349 παντοίοις
2370 5285 2525 5350 ζώων
2566 5284 2810 5356 σώμασιν
2836 5282 3305 5355 ἀνακεκραμένον,
3336 5285 3409 5353 γῇ
3443 5300 3504 5335 τε
3560 5283 3661 5337 καὶ

2061 5379 2213 5432 ὔδατι
2241 5379 2333 5432 καὶ
2356 5379 2478 5450 ἀέρι
2512 5377 3076 5448 συνέστοιχειωμενον,
3112 5374 3349 5429 κᾶπειτα
3376 5375 3525 5446 λόγῳ
3559 5374 3658 5427 καὶ

2062 5472 2245 5544 μέτρῳ
2291 5474 2400 5534 τοῖς
2446 5474 2579 5525 πᾶσι
2625 5471 2685 5524 τὸ
2728 5471 2868 5534 δέον,
2908 5470 3031 5523 ὅσον
3069 5469 3135 5524 ἂν
3185 5468 3404 5539 ἑκάστῳ
3437 5468 3657 5537 γένοιτο

2057 5564 2193 5635 πρὸς
2242 5564 2526 5634 ὡφελείας,
2574 5561 2959 5634 ἑπιχορηγοῦν,
3005 5561 3107 5632 τῆς
3151 5561 3194 5614 δ’
3239 5559 3446 5624 οἰκείας
3487 5559 3655 5614 δυνά-
