3828 6216
149 282 245 340 261

1041 277 1702 336 DEMONSTRATIONIS
1736 277 2195 337 EVANGELICIE
2240 282 2368 338 LIB.
2410 282 2503 337 IV.

151 418 294 474 μεως
336 398 780 470 ἐπιλελησμένον,
819 399 881 452 οὐ
925 398 1009 451 σοὶ
1037 399 1186 453 δοκεῖ
1218 398 1377 452 πάλιν
1407 398 1543 451 Θεοῦ
1590 398 1747 467 Λόγῳ
1776 401 1820 457 Α
1854 397 1978 452 licet
2006 399 2381 456 comburentis
2424 416 2503 457 θοι

1854 397 1978 452 licet
2006 399 2381 456 comburentis
2424 400 2943 473 corrumpentisque
2986 413 3192 459 naturae
3217 405 3309 469 sit,
3345 415 3431 461 ta-

145 495 239 546 καὶ
262 492 493 563 δυνάμει
533 491 834 557 δουλεύειν,
877 492 1120 563 Ἡμέρας
1146 492 1200 544 δὲ
1234 493 1326 545 καὶ
1358 493 1549 557 νυκτὸς
1576 496 1737 563 ἀμοι-

143 582 298 645 δαίας
328 582 528 653 ὁρῶντι
562 586 829 653 κινήσεις,
854 583 1015 655 ώρῶν
1041 601 1099 636 τε
1131 585 1226 636 καὶ
1252 584 1460 655 καιρῶν
1484 585 1605 637 τοτὲ
1642 586 1739 654 μὲν

140 673 422 744 ist-351335;;
457 673 578 726 τοτὲ
607 673 665 726 δὲ
702 673 975 744 μειώσεις,
1013 675 1246 737 κύκλους
1273 693 1332 727 τε
1363 675 1624 728 ἐνιαυτῶν
1646 678 1739 729 καὶ

140 765 423 835 περιόδους
470 765 698 836 χρόνων,
730 766 945 838 ἄστρων
984 785 1043 819 τε
1072 767 1460 838 περιδινήσεις,
1494 766 1644 838 ἡλίου
1679 785 1737 820 τε

137 861 395 932 δρόμους,
443 860 539 913 καὶ
584 859 813 931 σελήνης
853 859 1097 932 τροπὰς,
1139 859 1485 930 συμπαθείας
1531 876 1590 912 τε
1643 858 1738 912 καὶ

135 951 497 1014 ἀντιπαθείας
554 952 831 1014 ἀπάντων,
883 953 977 1005 καὶ
1034 953 1238 1022 κόσμον
1293 951 1391 1005 ἕνα
1445 951 1624 1004 αὐτῶν
1679 950 1736 1018 ἐξ

134 1046 419 1109 ἁπάντων,
452 1042 563 1117 ἆρά
606 1063 690 1100 σοι
728 1046 831 1117 τήν
870 1044 1097 1115 ἀλογίαν
1137 1046 1233 1098 καὶ
1271 1046 1330 1099 τὸ
1369 1045 1493 1116 εἰκῆ
1539 1046 1633 1099 καὶ
1660 1046 1737 1109 ὡς

133 1137 325 1209 ἔτυχεν
356 1139 538 1193 αἰτίαν
575 1136 714 1192 εἶναι
748 1139 859 1191 τῶν
884 1139 1022 1192 ὅλων
1059 1136 1279 1208 θεμιτὸν
1315 1137 1733 1206 ἀποφαίνεσθαι,

132 1231 165 1302 ἢ
190 1233 366 1301 Λόγον
406 1232 483 1296 ὡς
506 1231 722 1302 ἀληθῶς
746 1229 903 1295 Θεοῦ,
930 1231 1026 1285 καὶ
1049 1229 1185 1283 Θεοῦ
1221 1231 1435 1300 σοφίαν,
1471 1233 1565 1285 καὶ
1598 1232 1733 1286 Θεοῦ

131 1326 387 1396 δύναμιν,
424 1325 520 1378 καλ⁸
546 1324 753 1396 ταύτην
790 1325 941 1395 μίαν,
969 1324 1085 1378 ἀλλ’
1107 1327 1169 1379 ού
1205 1324 1404 1388 πολλὰς
1435 1326 1731 1396 ἀνυμνεῖν;

132 1419 256 1471 ἐπὶ
286 1420 383 1471 καὶ
416 1420 475 1471 ἐν
510 1417 784 1489 ἀνθρώπῳ
822 1417 917 1488 μία
946 1417 1117 1491 ψυχὴ.
1161 1419 1256 1471 καὶ
1288 1419 1385 1489 μία
1418 1417 1611 1489 λογικὴ
1643 1418 1734 1471 δύ-

130 1529 296 1580 ναμις
350 1511 621 1564 πλείστων
670 1511 806 1581 ὁμοῦ
837 1511 1034 1579 γένοιτ’
1066 1511 1132 1565 ἂν
1182 1511 1536 1584 δημιουργὸς,
1567 1513 1600 1583 ἢ
1638 1511 1733 1565 καὶ

126 1606 394 1673 γεωργεῖν
409 1605 442 1673 ἡ
461 1602 618 1674 αὑτὴ,
638 1604 731 1655 καὶ
743 1606 1043 1675 ναυπηγεῖν
1061 1604 1155 1657 καὶ
1172 1603 1300 1657 κυόε
1309 1606 1460 1676 ρνᾷν,
1477 1604 1572 1657 καὶ
1587 1606 1733 1658 οἰκο-

123 1693 312 1764 δομεῖν
353 1695 523 1748 πολλά
570 1694 818 1766 μαθοῦσα
862 1696 1208 1750 ὲπιὸάλλοιτο
1232 1714 1245 1726 ο
1282 1697 1376 1750 καὶ
1405 1691 1486 1759 εἷς
1517 1696 1642 1759 νοῦς
1670 1697 1729 1748 ἐν

124 1785 404 1857 ἀνθρώπῳ
437 1788 533 1840 καὶ
559 1787 820 1858 λογισμὸς
855 1786 1054 1853 δέξαιτ’
1089 1788 1155 1842 ἄν
1190 1805 1319 1841 ποτε
1355 1789 1564 1859 μυρίων
1606 1791 1727 1842 ὲπις

124 1880 364 1948 στήμας,
414 1884 796 1953 γεωμετρήσει
829 1899 887 1932 τε
928 1884 956 1934 ὁ
986 1881 1150 1944 αὐτὸς
1178 1881 1274 1934 καὶ
1303 1882 1723 1953 ἀστρονομήσει,

120 1973 220 2025 καὶ
260 1972 459 2041 λόγους
489 1975 883 2046 γραμματικῆς
932 1973 1246 2047 παραδώσει
1301 1976 1394 2028 καὶ
1450 1976 1722 2047 ἰατρικῆς,

120 2062 179 2117 ἑν
221 2082 282 2117 τε
329 2065 617 2137 μαθήμασι
655 2069 747 2119 καὶ
777 2069 891 2130 τοῖς
924 2066 1067 2121 κατὰ
1094 2070 1283 2139 χεῖρας
1320 2070 1719 2140 προστήσεται·

120 2158 216 2212 καὶ
264 2158 423 2213 οὔπω
452 2176 516 2228 γε
558 2160 731 2223 οὐδεὶς
785 2158 1004 2213 πώποτε
1032 2161 1253 2223 πλείους
1301 2161 1359 2213 ἐν
1397 2160 1477 2212 ἐνὶ
1509 2159 1722 2231 σώματι

118 2251 301 2321 ψυχάς
329 2254 578 2323 ἡγήσατο
606 2246 767 2312 εἶναι,
799 2252 919 2305 οὐδὲ
944 2250 1147 2315 πολλὰς
1176 2252 1487 2323 ἐθαύμασεν
1519 2249 1724 2323 ἀνθρώ-

118 2360 223 2396 που
258 2343 524 2414 δυνάμεις
554 2343 640 2397 διά
686 2343 786 2414 τὴν
816 2343 927 2397 τῶν
957 2343 1169 2398 πολλῶν
1213 2343 1555 2415 μαθημάτων
1586 2345 1721 2397 ὑπο-

115 2438 304 2509 δοῇν.
341 2439 405 2491 Εἰ
455 2438 513 2492 δὲ
557 2439 650 2491 καὶ
700 2437 948 2508 ἄμορφον
998 2436 1131 2507 ὓλην
1178 2435 1352 2506 πηλοῦ
1406 2453 1488 2500 τις
1521 2435 1717 2508 εὑρὼν,

113 2534 362 2588 κᾶπειτα.
408 2534 599 2605 χερσὶν
640 2531 950 2594 ἀπολεάνας
997 2530 1253 2598 ἐπιθήσει
1294 2529 1435 2595 ξώου
1481 2531 1717 2603 μορφὴν,

111 2626 264 2696 ἄλλῳ
312 2626 413 2697 μὲν
454 2627 692 2696 σχήματι
737 2625 1020 2697 κεφαλὴν,
1066 2628 1257 2696 χεῖρας
1308 2624 1366 2678 δὲ
1417 2624 1512 2678 καὶ
1555 2624 1721 2688 πόδας

112 2720 344 2791 ἑτέρως,
395 2722 493 2773 καὶ
528 2719 842 2791 ὀφθαλμοὺς
888 2720 1050 2774 πάλιν
1095 2718 1293 2783 ἄλλως,
1343 2720 1437 2773 καὶ
1485 2720 1720 2791 παρειὰς

110 2812 406 2876 ὡσαύτως,
446 2805 564 2865 ὦτά
601 2829 661 2865 τε
702 2812 797 2865 καὶ
841 2811 1035 2882 στόμα,
1073 2811 1166 2864 καὶ
1214 2813 1388 2882 ῥῖνας,
1434 2810 1631 2883 στέρνα
1657 2828 1717 2863 τε

110 2904 208 2956 καὶ
234 2901 426 2974 ὤμους
449 2902 952 2974 ύποτυπωσάμενος
972 2902 1138 2975 τέχνῃ
1163 2906 1228 2974 τῇ
1257 2903 1526 2974 πλαστικῇ
1545 2920 1557 2931 ’
1586 2899 1714 2974 ἆρα,

109 2996 239 3048 ἐπεὶ
275 2995 453 3048 πολλὰ
486 2997 741 3067 σχήματα
794 2999 887 3051 καὶ
933 2996 1072 3067 μέλη
1109 2997 1203 3050 καὶ
1236 2995 1376 3068 μέρη
1406 2997 1457 3049 ὑ⁹
1500 2998 1580 3049 ἐνί
1609 2995 1717 3048 σώ-

1844 505 1967 543 men
2001 505 2125 544 cum
2172 493 2227 546 in
2281 494 2444 563 lignis
2477 496 2661 561 lateat,
2693 505 2748 552 et
2778 498 2957 554 omnis
2979 497 3196 570 generis
3221 500 3429 553 anima-

1842 579 1974 633 lium
2022 584 2348 653 corporibus
2416 595 2564 641 certa
2611 595 2982 658 temperatura
3032 604 3316 644 connexus
3360 591 3433 647 sit

1844 681 2129 743 terraeque,
2192 684 2356 746 atque
2394 664 2601 748 aqum,
2668 690 2832 749 atque
2876 681 2987 735 acri
3041 680 3431 744 consociatus,

1843 767 2037 821 deinde
2062 769 2276 823 ratione
2299 785 2363 823 ac
2402 786 2660 826 mensura
2690 781 2956 842 quantum
2980 774 3276 843 unicuique
3291 789 3434 843 opus

1841 859 1932 918 sit.
1949 866 2321 931 quantumque
2338 862 2546 917 utilitas
2568 865 2825 934 postulet,
2849 865 3107 920 omnibus
3131 865 3430 934 sufliciens,

1840 956 2186 1023 prOpriarum
2223 955 2419 1009 virium
2450 956 2812 1011 obliviscatur
2844 976 2858 1012 :
2892 972 3076 1012 nonne
3108 959 3205 1012 tibi
3235 962 3434 1015 rursus

1841 1041 1933 1097 Dei
1966 1042 2164 1108 Verbo,
2192 1060 2255 1098 ac
2291 1048 2550 1116 potestati
2579 1048 2846 1103 inservire
2864 1050 3120 1104 videtur?
3142 1049 3255 1105 Diei
3288 1065 3431 1121 prae-

1840 1151 1985 1194 terra
2017 1141 2304 1211 noctisque
2340 1142 2777 1207 vicissitudines,
2811 1159 2932 1213 qua:
2967 1143 3277 1200 terminatis
3311 1158 3430 1199 mo-

1838 1232 1984 1284 tibus
2013 1240 2287 1296 constant,
2326 1231 2699 1303 horarumque
2731 1248 2793 1287 ac
2820 1243 3227 1305 tempestatum,
3283 1250 3431 1289 nunc

1836 1324 2057 1392 quidem
2086 1333 2404 1395 augmenta,
2437 1342 2585 1380 nunc
2611 1336 2791 1381 autem
2828 1328 3239 1392 diminutiones,
3266 1328 3431 1384 orbes

1835 1414 1962 1469 item
1982 1430 2215 1484 annuos,
2244 1432 2306 1471 ac
2323 1418 2590 1473 circuitus
2617 1429 2945 1489 temporum,
2962 1431 3346 1491 astrorumque
3370 1421 3430 1476 in

1835 1509 2023 1563 orbem
2051 1521 2250 1576 motus,
2277 1519 2393 1565 tum
2420 1513 2555 1567 solis
2586 1528 2807 1578 cursus,
2832 1515 3080 1584 lunaeque
3111 1515 3429 1570 conversio-

1834 1614 1955 1663 nes,
1976 1608 2087 1653 tum
2102 1616 2411 1658 consensus
2427 1604 2566 1657 inter
2582 1619 2641 1658 se
2657 1605 2900 1658 omnium
2926 1620 2989 1659 ac
3010 1606 3423 1675 repugnantias,

1836 1707 2115 1762 unumque
2134 1708 2199 1747 ex
2222 1693 2290 1747 iis
2304 1694 2559 1749 omnibus
2575 1695 2858 1759 mundum,
2874 1712 2998 1749 cum
3017 1695 3269 1761 intueris,
3291 1713 3429 1751 nun-

1837 1784 1971 1854 quid
2005 1784 2101 1839 tibi
2127 1800 2248 1840 esse
2279 1785 2361 1839 fas
2382 1794 2566 1856 ptttas,
2590 1787 3033 1858 imprudentiam,
3059 1789 3175 1844 sive
3201 1790 3424 1845 temeri-

1833 1883 2023 1942 tatem,
2045 1876 2161 1933 sive
2185 1877 2465 1931 fortuitam
2485 1878 2724 1948 aliquam
2742 1894 2990 1943 causam,
3011 1888 3288 1936 auctorem
3310 1883 3427 1935 uni-

1836 1970 1980 2024 versi
2025 1970 2348 2037 enuntiare;
2375 1985 2445 2025 an
2476 1970 2568 2027 Dei
2605 1970 2844 2026 Verbum
2892 1987 3101 2037 revera,
3138 1981 3193 2029 et
3224 1973 3318 2028 Dei
3344 1990 3426 2030 sa-

1830 2064 2115 2135 pientiam,
2135 2072 2189 2118 et
2219 2063 2313 2118 Dei
2334 2063 2617 2128 virtutem,
2645 2072 2699 2120 et
2726 2064 2867 2118 hanc
2897 2066 3069 2135 ipsam
3093 2081 3281 2131 unam,
3314 2082 3424 2120 non

1829 2155 2034 2226 plures.
2054 2154 2247 2210 efferre
2262 2156 2517 2212 laudibus
2534 2156 2557 2209 ?
2572 2155 2776 2228 Nempe
2792 2157 2954 2211 etiam
2974 2158 3030 2212 in
3049 2157 3288 2222 homine,
3315 2155 3431 2213 ani-

1828 2262 1916 2301 ma
1940 2259 2312 2318 una,unaque
2353 2248 2435 2303 vis
2468 2248 2773 2311 rationalis,
2810 2249 3170 2319 plurimarum
3217 2251 3427 2321 pariter

1826 2355 2011 2395 rerum
2028 2348 2209 2410 potest
2231 2356 2354 2396 esse
2376 2343 2463 2411 Opi
2473 2341 2577 2397 fex.
2596 2339 2731 2396 Nam
2746 2351 3000 2412 etagrum
3019 2343 3198 2399 colere
3208 2342 3422 2411 eadem,

1824 2440 1878 2486 et
1901 2446 2031 2487 aves
2048 2441 2451 2498 construere,et
2468 2433 2794 2504 gubernare,
2814 2441 2867 2487 et
2889 2433 3159 2490 aediﬁcare
3178 2435 3420 2503 audebit,

1825 2531 2119 2595 postquam
2149 2525 2280 2578 talia
2313 2526 2487 2578 multa
2515 2525 2727 2580 didicit.
2761 2525 2853 2580 Sic
2885 2542 2997 2581 una
3031 2542 3186 2581 mens
3226 2527 3282 2581 in
3323 2527 3422 2581 ho-

1824 2614 1992 2678 mine,
2028 2630 2244 2685 unaque
2278 2616 2514 2671 rationis
2546 2617 2788 2671 versatio
2818 2618 3299 2673 innumerabilium
3329 2634 3420 2674 re-

1822 2722 1944 2763 rum
1977 2709 2237 2764 scientias
2268 2709 2558 2779 percipiet,
2613 2717 2777 2779 atque
2822 2709 2963 2763 idem
3000 2710 3166 2765 homo
3204 2718 3260 2766 et
3288 2726 3422 2782 geo-

1822 2800 2093 2865 metriam,
2129 2809 2182 2856 et
2222 2802 2619 2857 astronomiam
2650 2802 2949 2867 exercebit,
2985 2802 3417 2873 disputationes-

1804 2908 1927 2963 .que
1958 2901 2013 2948 et
2058 2892 2127 2948 ale
2170 2893 2529 2964 grammatica
2582 2901 2637 2948 et
2688 2894 2755 2948 de
2809 2893 3083 2949 medicina
3153 2894 3417 2965 proferet,

1824 2984 1982 3055 152
2017 3001 2118 3039 nec
2146 3002 2257 3040 non
2291 2986 2344 3039 in
2382 2986 2689 3057 dis‘ciplinis
2720 2993 2775 3041 et
2805 2987 2859 3041 in
2889 2986 2957 3043 iis
2987 3001 3109 3057 qua:
3156 3002 3420 3053 manuum

112 3106 248 3158 ματι
283 3088 768 3161 δεδημιούργηται,
813 3089 1100 3153 τοσούτους
1131 3089 1237 3162 χρὴ
1268 3090 1361 3142 καὶ
1404 3089 1531 3152 τοὺς
1560 3105 1715 3159 ποιη-
1746 3105 1788 3163 C
1824 3075 2132 3130 ηιίιιίείθτίο
2178 3074 2503 3129 εοηίῖοίυηιι

1824 3075 2132 3130 ministerio
2178 3074 2567 3142 conﬁciuntur,
2601 3076 2828 3130 excellet
2861 3094 2874 3131 :
2907 3091 3009 3130 nec
3049 3092 3292 3147 unquam
3336 3086 3419 3131 tae

109 3180 211 3243 τὰς
230 3180 490 3250 ἡγεῖσθαι
514 3199 528 3245 ;
552 3183 585 3253 ἦ
608 3181 700 3235 τὸν
718 3181 813 3235 τοῦ
837 3182 1038 3246 παντὸς
1057 3182 1271 3254 ἀθρόως
1289 3181 1539 3253 τεχνίτην
1560 3183 1718 3236 ἐπαι-

107 3272 226 3324 νεῖν
271 3273 355 3324 ἐνὶ
389 3272 638 3345 λογισμῷ
668 3275 764 3328 καὶ
799 3276 897 3346 μιᾷ
929 3275 1159 3346 δυνάμει
1206 3274 1268 3327 τὸ
1310 3276 1418 3327 πᾶν
1458 3274 1721 3346 τεκτηνά-

111 3381 313 3433 pavoni;
347 3365 414 3417 Τί
445 3365 583 3436 δῆτα
630 3367 917 3439 τοιγαροῦν
951 3369 1045 3421 ἐπὶ
1078 3367 1172 3420 τοῦ
1204 3367 1428 3431 παντὸς,
1471 3367 1590 3431 ἑνὸς
1619 3368 1717 3438 μὲν

104 3457 285 3521 ὄντος,
314 3460 381 3510 ἐκ
406 3459 592 3529 μερῶν
614 3460 671 3513 δὲ
700 3460 968 3514 πλείστων
994 3460 1325 3530 ὑφεστῶτος,
1350 3459 1551 3523 πολλὰς
1576 3460 1715 3531 χρῆν

104 3550 472 3604 ὑποτίθεσθαι
494 3552 894 3624 δημιουργικὰς
920 3553 1200 3624 δυνάμεις,
1232 3553 1327 3606 καὶ
1351 3551 1581 3614 πολλοὺς
1605 3552 1716 3605 ὀνο-

105 3643 311 3714 μάζειν
344 3644 524 3708 θεοὺς,
559 3644 681 3714 οὐχὶ
707 3646 764 3698 δὲ
804 3645 931 3715 μίαν
959 3645 1241 3717 ὁμολογεῖν
1272 3644 1370 3716 τὴν
1391 3645 1467 3708 ὡς
1495 3643 1714 3714 άληθῶς

100 3736 243 3789 Θεοῦ
300 3737 536 3808 δύναμιν
587 3737 680 3790 καὶ
738 3737 873 3791 Θεοῦ
928 3738 1140 3807 σοφίαν,
1181 3739 1279 3809 μιᾷ
1332 3737 1560 3808 δυνάμει
1617 3737 1710 3790 καὶ

98 3828 280 3900 ἀρετῇ
319 3832 421 3900 μιᾷ
456 3830 594 3900 ὁμοῦ
626 3829 694 3883 τὰ
721 3830 895 3883 πάντα
922 3829 1297 3901 ὑφισταμένην
1322 3846 1381 3882 τε
1410 3830 1504 3883 καὶ
1541 3826 1711 3892 ζωοῦ-

104 3938 231 3986 σαν,
265 3924 364 3976 καὶ
403 3926 519 3987 τοῖς
558 3925 691 3977 πᾶσι
732 3923 982 3993 ποικίλην
1011 3922 1109 3994 τήν
1154 3922 1215 3987 ἐξ
1241 3924 1411 3993 αὐτῆς
1442 3922 1706 3991 ἐπιχορη-

99 4012 233 4081 γίαν
276 4014 650 4085 ποιουμένηνς
678 4012 833 4066 Οῦτω
877 4015 972 4067 καὶ
1026 4013 1201 4083 φωτὸς
1234 4012 1384 4083 ἡλίου
1421 4012 1521 4083 μία
1550 4012 1643 4065 καὶ
1671 4012 1705 4081 ἡ

99 4104 245 4177 αὕτη
294 4105 573 4177 προσϐολὴ
620 4104 755 4176 ὁμοῦ
795 4106 891 4159 καὶ
932 4105 1074 4159 κατὰ
1104 4106 1164 4159 τὸ
1193 4106 1325 4159 αὐτὸ
1369 4102 1703 4173 καταυγάζει

104 4197 207 4267 μὲν
230 4196 401 4269 ἀέρα,
431 4197 656 4264 ςωτίςει
686 4197 743 4250 δὲ
770 4197 1100 4268 ὀφθαλμοὺς,
1130 4197 1272 4268 ἁφὴν
1300 4196 1356 4249 δὲ
1399 4196 1700 4267 θερμαίνει,

99 4285 315 4339 πιαίνει
341 4285 401 4338 δὲ
424 4287 551 4357 γῆν,
570 4285 723 4352 αὔξει
753 4287 916 4356 φυτὰ,
937 4287 1127 4360 χρόνον
1154 4288 1464 4357 ὑφίστησιν,
1488 4286 1701 4357 ἄστρων

99 4378 348 4449 ἡγεῖται,
378 4378 610 4449 οὐρανὸν
654 4378 957 4450 περιπολεῖ,
993 4379 1197 4449 κόσμον
1234 4377 1533 4449 φαιδρύνει,
1563 4376 1699 4430 Θεοῦ

1825 3182 1950 3222 men
1996 3169 2289 3238 quisquam
2335 3167 2517 3223 adhuc
2567 3169 2754 3238 plures
2793 3172 2846 3223 in
2884 3186 2997 3225 uno
3027 3186 3259 3242 corpore
3289 3185 3417 3228 esse

1824 3261 2034 3315 animas
2063 3261 2296 3323 censuit,
2331 3277 2509 3331 neque
2559 3277 2690 3317 vero
2746 3263 2935 3333 plures
2984 3264 3289 3321 admiratus
3319 3274 3409 3323 est

1820 3353 1892 3407 ob
1918 3352 2213 3407 multarum
2249 3353 2670 3423 disciplinarum
2706 3355 3137 3426 perceptionem,
3168 3355 3411 3414 hominis

1820 3443 2130 3501 facultates.
2149 3445 2305 3513 Quod
2330 3447 2378 3502 si
2398 3446 2525 3517 quis
2548 3446 2640 3502 ubi
2659 3447 2953 3503 informem
2987 3448 3100 3502 limi
3119 3451 3409 3505 materiam

1816 3546 2013 3594 nactus
2043 3548 2227 3604 est,ac
2259 3540 2457 3597 deinde
2494 3541 2750 3596 manibus
2770 3541 3019 3607 mollivit,
3050 3549 3167 3596 tum
3198 3538 3413 3597 animai

1816 3632 1885 3689 lis
1921 3632 2149 3688 formam
2184 3633 2466 3705 adiungat.
2504 3643 2563 3689 ut
2601 3635 2708 3689 alio
2736 3633 2958 3704 quidem
2994 3634 3183 3691 habitu
3220 3644 3411 3706 caput,

1815 3742 2122 3798 manusque
2155 3736 2209 3783 et
2230 3728 2399 3797 pedes
2425 3728 2553 3791 alio,
2589 3735 2643 3782 et
2678 3727 2788 3782 alio
2828 3742 3025 3782 rursus
3053 3726 3266 3792 oculos,
3298 3735 3412 3782 tum

1812 3835 1981 3890 genas
2028 3820 2236 3888 itidem,
2267 3835 2540 3890 auresque
2591 3827 2647 3875 et
2676 3834 2760 3882 os,
2796 3826 2851 3874 ct
2898 3834 3083 3885 nares,
3106 3827 3414 3889 pectusque

1811 3922 1976 3982 atque
2005 3913 2264 3967 humeros
2294 3912 2555 3967 informet
2586 3926 2689 3968 suo
2728 3911 2821 3966 illo
2856 3910 3089 3981 ﬁngendi
3124 3909 3362 3965 artiﬁcio
3400 3926 3414 3961 :

1809 4023 1940 4062 num
1988 4016 2273 4078 pr0pterea
2316 4006 2464 4077 quod
2510 4007 2712 4061 multos
2745 4004 2989 4066 habitus,
3024 4011 3080 4058 et
3132 4005 3411 4067 membra,

1807 4108 1861 4153 et
1887 4109 2072 4169 partes
2104 4082 2208 4154 sub
2232 4114 2340 4153 uno
2371 4113 2603 4169 corpore
2635 4096 2945 4157 fabricavit,
2982 4094 3207 4151 totidem
3233 4109 3399 4165 opor-

1810 4197 1886 4245 tet
1933 4191 2293 4247 fabricatores
2326 4189 2631 4245 arbitrari?
2662 4203 2730 4242 an
2772 4190 2954 4257 potius
2985 4188 3232 4243 universi
3262 4187 3403 4242 arti-

1806 4285 1963 4339 ﬁcem
2010 4285 2158 4338 illico
2190 4293 2245 4338 et
2274 4282 2589 4345 confertim,
2622 4282 2716 4351 qui
2765 4295 2873 4335 uno
2914 4279 3151 4335 consilio
3184 4296 3404 4350 unaque

1805 4374 2064 4447 facultate
2115 4383 2289 4429 totum
2341 4381 2428 4429 est
2472 4373 2905 4433 architectatus,
2955 4371 3256 4426 extollere?
3287 4372 3405 4426 Cur

100 4470 339 4541 δύναμιν
381 4472 587 4542 ἐναργῆ
621 4471 720 4542 τήν
766 4472 822 4524 ἐν
859 4471 936 4542 τῷ
970 4472 1132 4525 παντὶ
1173 4472 1489 4541 συνίστησι·
1525 4470 1700 4524 πάντα
1733 4468 1780 4526 D
1809 4469 1979 4539 igitur
2016 4468 2070 4522 in
2116 4468 2221 4522 hoc
2272 4466 2503 4521 universi

1820 4469 1979 4539 igitur
2016 4468 2070 4522 in
2116 4468 2221 4522 hoc
2272 4466 2530 4521 universo
2568 4464 2714 4535 quod
2758 4478 2927 4517 unum
2973 4471 3090 4527 est,
3136 4465 3389 4533 quamvis

94 4582 161 4618 τε
212 4563 393 4617 ταῦτα
448 4567 550 4636 μιᾷ
602 4567 742 4635 ῥοπῇ
796 4565 1010 4634 φύσεως
1064 4565 1324 4617 συντελεῖ.
1378 4563 1489 4617 Καὶ
1533 4563 1705 4634 πυρὸς

100 4657 274 4728 φύσις
304 4657 509 4728 χρυσὸν
558 4657 656 4726 μὲν
686 4656 963 4727 καθαίρει,
1002 4654 1262 4727 μόλυϐδον
1294 4654 1349 4706 δὲ
1390 4655 1548 4724 τήκει
1571 4671 1584 4684 ⁸
1614 4655 1707 4707 καὶ

102 4750 286 4822 κηρὸν
334 4750 436 4820 μὲν
467 4748 608 4811 λύει,
646 4747 818 4818 πηλὸν
843 4747 900 4800 δὲ
936 4746 1205 4819 ξηραίνει,
1237 4745 1368 4817 ὓλην
1396 4745 1452 4799 δὲ
1486 4745 1704 4817 φρύγει,

103 4842 209 4913 μιᾷ
250 4843 320 4912 τῇ
370 4843 639 4911 καυστικῇ
692 4839 920 4911 δυνάμει
969 4838 1037 4891 τὰ
1085 4838 1324 4891 τοσαῦτα
1372 4836 1707 4909 κατεργαζο-

103 4934 271 5005 μένη.
302 4933 491 5007 Ταύτῃ
524 4951 605 4986 τοι
639 4932 733 4986 καὶ
764 4931 1016 5004 οὐράνιος
1043 4930 1135 4984 τοῦ
1168 4931 1305 4983 Θεοῦ
1330 4929 1521 4998 Λόγος,
1552 4930 1579 4980 ὁ
1613 4927 1708 4979 καὶ

97 5025 286 5096 ἡλίου,
313 5026 411 5077 καὶ
438 5025 695 5096 ούρανοῦ,
728 5024 823 5077 καὶ
856 5024 949 5077 τοῦ
986 5025 1302 5094 σύμπαντος
1350 5021 1560 5089 κόσμου
1610 5017 1705 5086 δη-

100 5118 453 5191 ριιουργικδς,
481 5117 744 5189 δραστικῇ
784 5117 1011 5187 δυνάμει
1052 5119 1165 5179 τοῖς
1207 5115 1374 5166 πᾶσιν
1420 5109 1706 5181 ἐπιπαρών

98 5215 196 5269 καὶ
234 5213 330 5268 διὰ
370 5214 591 5267 πάντων
637 5215 811 5279 ἥκων,
859 5211 994 5283 ἡλίῳ
1041 5211 1160 5282 μὲν,
1210 5208 1302 5261 καὶ
1348 5207 1568 5278 σελήνῃ,
1614 5202 1707 5256 καὶ

99 5307 329 5379 ἄστροις
354 5306 415 5372 ἐξ
442 5306 650 5368 οἰκείας
686 5305 788 5374 τῆς
817 5303 1046 5357 ἀεννάου
1079 5300 1364 5370 δυνάμεως
1387 5295 1503 5367 φῶς
1534 5295 1709 5364 ἐπομ-

101 5399 244 5473 ϐρεῖ,
294 5397 528 5471 οὐρανὸν
576 5398 633 5450 δὲ
688 5396 890 5450 οἰκείου
945 5393 1211 5467 μεγέθους
1246 5387 1706 5462 προσφυεστάτην

104 5493 291 5546 εἰκόνα
326 5493 426 5561 τὴν
466 5490 642 5563 ἀρχὴν
675 5488 1147 5558 ὑποστησάμενος,
1176 5488 1255 5548 εἰς
1283 5484 1455 5537 αἰῶνα
1479 5481 1707 5550 διακρα-

104 5587 213 5639 τεῖ·
264 5584 365 5648 τὰς
414 5584 474 5637 δὲ
536 5584 793 5636 ἐπέκεινα
848 5579 1080 5652 οὐρανοῦ
1136 5579 1232 5632 καὶ
1289 5576 1497 5646 κόσμου
1549 5572 1707 5625 δυνά-

111 5697 229 5749 μεις
273 5678 523 5748 ἀγγέλων
573 5678 667 5730 καὶ
709 5675 1055 5745 πνευμάτων,
1095 5670 1297 5743 νοερῶν
1337 5686 1395 5721 τε
1431 5668 1526 5721 καὶ
1555 5665 1705 5734 λογι-

111 5773 216 5825 κῶν
272 5774 494 5838 ουσιῶν,
538 5772 685 5841 ζωῆς
738 5770 896 5842 όμοῦ,
945 5770 1038 5822 καὶ
1096 5765 1293 5836 φωτὸς,
1343 5762 1439 5817 καὶ
1490 5760 1701 5829 σοφίας,

1810 4558 1999 4612 multis
2034 4557 2280 4627 partibus
2312 4562 2559 4618 constet,
2598 4554 2802 4609 multos
2849 4562 3066 4621 oportet
3095 4554 3409 4626 conﬁngere

1808 4647 2055 4717 opiﬁces,
2103 4656 2158 4702 et
2210 4648 2414 4701 multos
2451 4645 2585 4701 deos
2628 4645 2939 4708 nominare,
2984 4659 3049 4699 ac
3079 4659 3190 4699 non
3222 4646 3407 4716 potius

1811 4756 1973 4796 unam
2000 4741 2159 4795 fateri
2182 4755 2373 4795 revera
2402 4737 2499 4794 Dei
2530 4739 2810 4802 virtutem,
2842 4746 2896 4793 et
2919 4736 3015 4792 Dei
3046 4738 3401 4809 sapientiam,

1810 4849 1931 4902 qure
1963 4848 2070 4885 una
2097 4830 2355 4885 facultate
2392 4844 2609 4899 unaque
2641 4828 2866 4884 solertia
2900 4828 3118 4883 cunctis
3164 4828 3396 4887 rebuset

1810 4933 2063 4979 naturam
2098 4938 2202 4992 qua
2233 4928 2362 4977 sunt
2403 4930 2457 4977 et
2497 4921 2661 4975 vitam
2695 4920 2949 4989 largitur,
2977 4933 3193 4975 necnon
3220 4923 3403 4975 omni~

1811 5016 1914 5070 bus
1957 5016 2167 5069 varium
2204 5013 2273 5069 de
2319 5013 2501 5083 seipsa
2549 5012 2821 5068 ubertatis
2866 5010 3071 5065 fontem
3130 5010 3402 5065 submini-

1810 5109 1988 5165 strat?
2022 5108 2112 5163 Sic
2142 5108 2307 5162 etiam
2344 5105 2543 5174 solacis
2590 5106 2816 5160 luminis
2856 5119 2965 5158 una
2995 5112 3051 5158 et
3082 5103 3274 5158 eadem
3308 5117 3403 5158 ac-

1810 5201 2014 5266 cessio,
2054 5199 2218 5255 simul
2250 5196 2553 5265 eodemque
2586 5204 2828 5267 tempore
2861 5211 3039 5255 aerem
3073 5195 3295 5265 quidem
3326 5194 3403 5248 ir-

1808 5295 2010 5359 radiat,
2059 5294 2335 5348 illuminat
2368 5306 2499 5345 vero
2543 5290 2756 5351 oculos,
2795 5296 2960 5359 atque
2999 5286 3163 5342 afficit
3192 5293 3398 5341 tactum

1809 5387 2013 5449 calore,
2054 5394 2370 5453 terramque
2419 5380 2653 5437 fertilem
2699 5380 2902 5442 reddit,
2954 5378 3172 5450 plantas
3214 5385 3396 5446 auget.

1811 5487 2030 5547 tempus
2058 5474 2336 5546 producit,
2383 5477 2583 5541 praeest
2638 5469 2939 5532 sideribus,
2971 5468 3172 5523 cmlum
3201 5467 3395 5530 ambit,

1809 5570 2074 5626 mundum
2129 5568 2420 5630 exbilarat,
2462 5564 2556 5620 Dei
2610 5565 2717 5618 vim
2769 5559 3116 5621 manifestam
3169 5575 3293 5631 quae
3341 5559 3396 5614 in

1810 5661 2069 5714 universo
2120 5656 2285 5717 ineSt,
2340 5651 2735 5706 commendat:
2784 5660 2836 5705 et
2885 5648 3068 5703 omnia
3118 5647 3235 5701 lucc
3284 5660 3397 5701 uno

1809 5757 2086 5809 momento
2117 5756 2325 5803 naturae
2355 5743 2703 5799 administrat
2738 5758 2801 5798 ac
2832 5741 3062 5812 perﬁcit.
3096 5738 3243 5812 Ignis
3263 5753 3395 5811 quo-

3328 289 3436 344 26‘2
3496 328 3505 337 .
