3828 6216
342 260 545 318 ,863

1068 260 1340 318 EUSEBII
1376 262 1858 321 CESABIENSIS
1893 264 2045 321 OPP.
2088 266 2273 323 PARS
2308 269 2375 323 ll.
2410 302 2480 311 —
2516 269 3020 329 APOLOGETICA.

3581 284 3688 339 264

432 389 541 447 que
562 380 756 429 natura
786 381 840 429 et
870 388 1064 429 aurum
1091 384 1289 447 purgat
1316 383 1370 432 et
1394 377 1673 448 plumbum
1702 377 1997 448 liquefacit,

2112 383 2201 436 καὶ
2232 400 2411 455 πασης
2429 385 2649 458 ἀρετῆς,
2674 389 2770 442 καὶ
2792 389 2958 444 καλοῦ
2985 389 3229 460 κάγαθοῦ
3243 389 3443 460 παντὸς
3477 399 3542 451 ὲκ
3567 399 3677 453 τῶν

431 476 487 524 et
515 477 641 522 ’cum
674 479 859 521 ceram
885 467 1169 532 dissolvat,
1212 468 1401 522 limum
1432 475 1612 522 tamen
1645 468 1909 530 exsiccat,
1950 476 2005 524 et

432 558 720 613 materiam
756 558 940 613 adurit
974 578 988 612 :
1023 568 1076 613 et
1110 559 1225 614 haec
1253 566 1363 613 tam
1394 560 1586 623 multa,
1612 574 1719 613 una
1744 559 2007 614 duntaxat

435 653 489 707 vi
533 652 888 707 comburendi
920 652 1104 708 ellieit.
1140 651 1339 707 Eadem
1388 654 1601 708 ratione
1644 654 1868 709 cmleste
1910 653 2006 709 Dei

435 741 693 806 Verbum,
723 744 869 813 quod
902 754 957 799 et
983 745 1153 800 solem
1184 748 1384 815 ipsum,
1416 752 1469 799 et
1500 746 1726 809 caelum,
1768 755 1820 799 et
1847 761 2008 799 mun-

436 837 563 892 dum
591 839 906 893 universum
939 837 1239 901 fabricavit,
1270 851 1393 890 cum
1418 834 1619 890 ellicaci
1657 837 1707 890 vi
1733 836 1849 891 suis
1871 851 2007 891 cun-

436 932 539 987 ctis
564 932 728 987 rebus
757 930 993 993 intersit,
1025 939 1078 984 et
1112 945 1211 999 per
1240 930 1423 984 omnia
1457 937 1725 999 penetret,
1760 930 1861 984 soli
1884 930 2006 999 qui—

431 1023 552 1076 dem
598 1039 663 1079 ac
707 1024 850 1078 luna:
886 1031 1050 1092 atque
1092 1022 1280 1083 astris,
1313 1022 1382 1075 de
1410 1022 1629 1091 propria
1672 1038 1887 1091 semper
1919 1023 2004 1077 af-

428 1113 614 1168 ﬂuenti
639 1115 917 1174 facultate,
952 1115 1127 1167 instar
1156 1113 1351 1182 pluvim
1381 1113 1561 1167 lumen
1589 1111 1859 1180 infundit;
1893 1130 2007 1169 cm-

431 1205 541 1258 lum
572 1214 772 1271 autem,
810 1222 930 1261 cum
980 1222 1092 1261 suae
1132 1205 1523 1274 magnitudinis
1551 1204 1618 1258 ab
1651 1205 1808 1260 initio
1838 1221 2006 1276 appo-

431 1297 748 1352 sitissimam
798 1297 1088 1367 imaginem
1147 1295 1474 1366 protulerit,
1516 1295 1569 1347 in
1623 1308 1783 1348 omne
1830 1310 2003 1350 aevum

428 1386 622 1441 sufﬁcit
673 1389 1027 1457 continetque
1076 1405 1091 1455 ;
1143 1402 1265 1457 qua:
1316 1394 1496 1441 autem
1560 1400 1727 1455 supra
1777 1388 2001 1452 cmlum,

427 1495 703 1550 supraque
732 1481 995 1561 mundum
1031 1482 1232 1551 degunt
1295 1487 1594 1551 potestates
1626 1519 1641 1543 ,
1689 1480 2001 1550 angelorum

425 1572 619 1641 utique
650 1587 714 1626 ac
762 1574 1050 1642 spirituum
1086 1573 1449 1642 iutelligentes
1477 1572 1879 1638 ralionalesque
1907 1584 2007 1624 na-

425 1650 594 1725 turae,
634 1679 729 1719 eas
775 1672 829 1719 et
897 1666 1006 1718 vita
1055 1665 1218 1719 simul
1256 1674 1310 1719 et
1350 1664 1572 1726 lumine,
1606 1671 1661 1716 et
1691 1662 1957 1733 sapientia
1986 1700 2002 1725 ,

2111 477 2240 547 παρ’
2270 476 2437 531 αὑτοῦ
2464 477 2755 551 θησαυρῶν
2789 483 3163 555 ἐμπίμπλησι,
3202 488 3304 557 μιᾷ
3331 488 3427 541 καὶ
3458 491 3524 560 τῇ
3550 491 3687 562 αὐτῇ

2107 564 2424 638 δημιουργῷ
2454 570 2620 643 τέχνῃ
2643 588 2656 600 ο
2692 572 2786 626 καὶ
2819 574 3097 645 στοιχείων
3127 576 3316 641 οὐσίας
3345 577 3543 633 οὔποτε
3575 581 3689 636 δια-

2108 654 2385 725 λιμπάνει,
2430 660 2688 731 παρέχων
2707 663 2801 716 καὶ
2823 663 3000 733 μίξεις
3029 666 3123 718 καὶ
3149 667 3394 737 κράσεις.
3429 670 3524 724 καὶ
3550 671 3687 741 εἴδη,

2108 745 2203 797 καὶ
2238 748 2471 818 μορφὰς,
2501 749 2595 801 καὶ
2627 752 2904 822 σχήματα,
2957 755 3250 825 ποιότητας
3287 774 3346 809 τε
3384 760 3605 830 μυρίας,
3630 761 3686 814 ἐν

2105 850 2166 885 τε
2189 831 2347 898 ζώοις
2375 837 2470 890 καὶ
2499 841 2707 905 φυτοῖς,
2736 841 2829 894 καὶ
2873 840 3092 912 ψυχαῖς,
3129 847 3225 898 καὶ
3262 844 3501 917 σώμασι,
3535 848 3686 919 λογι-

2108 928 2223 988 κοῖς
2250 943 2312 978 τε
2357 928 2452 980 καὶ
2502 929 2737 998 ἀλόγοις,
2778 931 2968 986 ἄλλοτε
3007 933 3181 999 ἄλλως
3232 940 3686 1006 καταποικίλλων,

2107 1022 2201 1074 καὶ
2236 1024 2400 1075 πᾶσιν
2430 1022 2564 1093 ὁμοῦ
2597 1025 2775 1078 πάντα
2807 1026 2907 1096 μιᾷ
2928 1025 3152 1097 δυνάμει
3198 1032 3568 1102 ἐπιχορηγῶν,
3595 1035 3691 1089 καὶ

2106 1113 2231 1166 νοῦν
2257 1115 2349 1166 ἐπὶ
2374 1116 2537 1168 πᾶσιν
2589 1115 2894 1188 ἀνθρώποις
2924 1119 3271 1191 ὲπιγνώμονα
3304 1124 3399 1176 καὶ
3422 1124 3688 1197 θεωρητι-

2107 1205 2202 1259 κὸν
2229 1206 2329 1276 τῆς
2356 1206 2519 1260 αὑτοῦ
2544 1208 2737 1277 σοφίας
2756 1209 3117 1280 δωρούμενος,
3148 1212 3412 1286 ἄντικρύς
3442 1233 3501 1269 τε
3544 1234 3691 1288 παρ-

2110 1295 2262 1359 ιστὰς
2299 1299 2411 1360 τοῖς
2471 1299 2605 1350 πᾶσι
2662 1297 2757 1350 καὶ
2789 1297 3121 1370 διαρρήδην,
3161 1301 3261 1354 ἕνα
3306 1302 3511 1372 κόσμον
3565 1306 3688 1357 ἑπι-

2105 1385 2371 1439 δείκνυσιν
2403 1387 2519 1450 ἑνὸς
2550 1387 2723 1456 Λόγου
2750 1389 3078 1459 κοσμοποιοῦ
3118 1390 3299 1461 ἔργον.
3346 1393 3601 1447 Τοιοῦτον
3621 1395 3687 1466 δὴ

2106 1480 2460 1552 καλλιτέχναν
2509 1482 2637 1534 Υἱδν
2671 1484 2934 1554 μονογενῆ
2987 1484 3088 1554 τῆς
3137 1485 3301 1538 αὑτοῦ
3356 1485 3554 1557 βουλῆς
3593 1488 3692 1541 καί

2103 1570 2430 1643 δημιουργὸν
2465 1574 2493 1625 ό
2542 1574 2761 1627 πάντων
2790 1575 3051 1630 ἀνωτάτω
3091 1577 3183 1630 καὶ⁴
3226 1578 3391 1630 αὑτοῦ
3420 1578 3691 1651 δημιουρ-

2105 1664 2201 1733 γοῦ
2226 1665 2357 1728 Θεὸς
2378 1665 2471 1719 καὶ
2498 1665 2688 1738 Πατὴρ
2705 1666 2921 1740 πρῶτον
2960 1669 3212 1721 ἁπάντων
3239 1670 3452 1736 ὲγέννα,
3480 1670 3551 1722 δι’
3583 1672 3687 1724 αὐ-

426 1755 581 1826 153
628 1764 683 1811 et
727 1758 995 1811 universae
1024 1757 1316 1825 probitatis
1354 1763 1517 1826 atque
1551 1755 1856 1810 honestatis
1878 1753 1997 1806 uni-

2112 1758 2198 1811 τοῦ
2234 1760 2327 1811 καὶ
2364 1760 2421 1811 ὲν
2463 1757 2611 1828 αὐτῷ
2644 1760 2771 1823 τοὺς
2828 1759 2935 1812 τῶν
2989 1759 3288 1830 μελλόντων
3336 1761 3561 1815 ἔσεσθαι
3590 1762 3692 1832 δη-

419 1863 577 1901 versa
608 1849 831 1914 virtute,
867 1849 934 1903 de
979 1849 1095 1903 suis
1145 1849 1333 1917 implet
1367 1848 1662 1910 thesauris,
1697 1846 1861 1916 idque
1891 1860 2001 1899 uno

419 1938 720 2008 eodemque
782 1940 917 1994 artis
963 1939 1203 2009 opiﬁcio,
1260 1938 1547 1994 elementis
1595 1953 1726 1992 vero
1773 1944 2000 1991 naturas

417 2030 618 2099 quibus
665 2030 792 2092 sint,
824 2029 1063 2099 praabere
1106 2045 1383 2099 nunquam
1440 2028 1684 2093 desistit;
1732 2029 1997 2083 misturas

418 2131 599 2175 autem
649 2128 704 2176 et
739 2130 1191 2192 temperamenta,
1220 2129 1274 2175 et
1308 2121 1543 2191 species,
1594 2127 1648 2174 et
1686 2119 1913 2183 formas,
1942 2126 1998 2174 et

418 2213 660 2276 habitus,
706 2214 1104 2283 qualitatesque
1151 2213 1598 2273 innumerabiles,
1628 2219 1739 2264 tam
1798 2211 1853 2264 in
1883 2210 2005 2265 aui-

418 2308 653 2361 malibus
680 2323 842 2377 quam
879 2306 931 2359 in
962 2307 1187 2376 plantis,
1224 2313 1335 2359 tam
1390 2305 1444 2360 in
1496 2305 1697 2359 animis
1731 2318 1898 2373 quam
1942 2304 1999 2358 in

416 2399 883 2479 corporibus,tam
913 2398 967 2451 in
999 2398 1356 2451 rationalibus
1375 2412 1537 2468 quam
1561 2397 1613 2451 in
1646 2398 1844 2461 brutis,
1862 2395 1999 2451 alias

417 2490 576 2543 aliter
619 2493 855 2554 varians,
888 2498 941 2546 et
966 2491 1181 2545 cunctis
1210 2491 1374 2545 simul
1405 2490 1589 2544 omnia
1625 2504 1732 2544 una
1765 2490 1817 2543 vi
1866 2489 1999 2545 sub-

416 2581 760 2643 ministrans.
809 2590 865 2636 et
911 2597 1076 2653 super
1124 2581 1307 2635 omnia
1367 2589 1602 2636 mentem
1659 2580 1996 2643 hominibus,

416 2691 529 2731 scre
546 2675 717 2746 ipsius
746 2674 1100 2745 cognitricem
1132 2673 1749 2743 contemplatricetnque
1780 2672 2000 2742 sapien-

416 2768 505 2825 tiae
531 2768 764 2832 donans,
814 2768 1210 2837 perspicueque
1256 2772 1419 2835 atque
1449 2764 1731 2820 evidenter
1781 2765 1998 2820 cunctis

414 2860 700 2923 assistens,
732 2874 899 2914 unum
952 2858 1213 2913 mundum
1268 2857 1509 2913 ostendit
1560 2857 1726 2911 unius
1770 2856 1999 2912 artificis

414 2948 575 3006 Verbi
606 2965 761 3021 opus.
792 2949 976 3005 Talem
1020 2950 1185 3021 igitur
1228 2950 1447 3003 unicum
1480 2946 1700 3012 Filium,
1734 2950 1819 3003 sui
1858 2964 1996 3003 con-

2108 1850 2461 1921 μιουργικοὺς
2504 1849 2694 1914 λόγους
2742 1851 3128 1921 ὑφιστάμενος,
3159 1853 3252 1905 καὶ
3287 1854 3355 1906 τὰ
3391 1853 3695 1924 σπέρματά

2103 1958 2166 2010 γε
2199 1942 2299 2011 τῆς
2338 1941 2446 1994 τῶν
2498 1940 2635 1993 ὅλων
2700 1941 3013 2003 συστάσεώς
3043 1958 3102 1994 τε
3150 1942 3244 1995 καὶ
3276 1942 3602 2012 διοικήσεως
3632 1948 3692 1999 ὲν

2102 2031 2249 2101 αύτῷ
2272 2030 2763 2100 καταϐαλλόμενος.
2798 2032 2909 2101 Οὐχ
2942 2032 3071 2104 ὁρᾷς
3101 2031 3393 2102 ὀφθαλμοῖς
3419 2034 3511 2087 τὸν
3546 2039 3692 2105 σύμ-

2103 2140 2281 2176 παντα
2327 2123 2551 2191 κόσμον,
2578 2121 2636 2173 ὃν
2677 2121 2903 2193 οὐρανὸς
2932 2117 3013 2183 εἷς
3040 2120 3455 2192 περιλαμϐάνει,
3486 2124 3695 2195 μυρίας

2068 2231 2160 2268 ,τε
2204 2214 2349 2286 ἀμφὶ
2386 2212 2576 2267 τοῦτον
2607 2214 2826 2283 χορείας
2864 2213 2956 2267 καὶ
2984 2213 3199 2284 ἄστρων
3225 2214 3691 2286 περιπολεύσειςς

2104 2306 2273 2361 Πάλιν
2288 2300 2367 2369 εἷς
2378 2305 2545 2376 ἥλιος.
2566 2306 2677 2360 ἀλλ’
2695 2307 2754 2359 ού
2774 2306 3011 2373 πλείους,
3029 2307 3127 2370 τὰς
3140 2308 3390 2361 ἁπάντων
3409 2309 3511 2362 ὑπε
3520 2308 3693 2381 ρϐολῇ

2104 2399 2281 2468 φωτὸς
2314 2398 2581 2452 καλύπτει
2606 2399 2992 2470 μαρμαρυγὰς.
3030 2399 3188 2452 Οὕτω
3236 2400 3372 2469 δῆτα
3394 2401 3513 2465 ἐνὸς
3531 2402 3694 2465 ὄντος

2104 2491 2336 2562 Πατρὸς,
2394 2491 2488 2544 ἕνα
2526 2491 2664 2562 χρῆν
2690 2492 2784 2544 καὶ
2813 2491 2903 2544 τὸν
2929 2491 3054 2544 Υἰὸν
3084 2486 3247 2545 εἶναι.
3278 2493 3342 2545 Εἰ
3374 2492 3444 2556 δ’,
3482 2494 3568 2546 ὅτι
3611 2494 3691 2565 μὴ

2102 2582 2196 2634 καὶ
2224 2580 2459 2645 πλείους,
2488 2579 2861 2651 ὲπιμέμψαιτό
2894 2597 2998 2644 τις,
3035 2580 3156 2653 ὥρα
3186 2580 3278 2635 τὸν
3318 2576 3583 2647 τοιοῦτον,
3604 2583 3692 2636 ὅτι

2107 2671 2182 2743 μὴ
2217 2673 2310 2727 καὶ
2365 2672 2549 2742 ἡλίους
2595 2671 2817 2743 συνίστη
2879 2672 3116 2736 πλείους,
3164 2674 3259 2727 καὶ
3302 2673 3556 2746 σελήνας,
3594 2675 3695 2729 καὶ

2103 2766 2358 2836 κόσμους,
2384 2766 2479 2819 καὶ⁵
2501 2764 2669 2837 μυρία
2696 2765 2851 2828 ἄττα,
2880 2764 3176 2828 αἰτιᾶσθαι,
3214 2767 3542 2837 μαινομένου
3564 2767 3693 2838 τρό-

2103 2874 2203 2910 πον
2234 2856 2303 2909 τὰ
2338 2856 2476 2927 ὀρθά
2503 2858 2598 2910 καὶ
2635 2852 2696 2911 εὖ
2725 2855 2916 2928 ἔχοντα
2958 2857 3057 2927 τῆς
3090 2857 3306 2926 φύσεως
3337 2856 3693 2928 διαστρέφειν

2102 2950 2527 3021 ἐπιχειροῦντος.

413 3045 520 3102 silii
555 3045 864 3101 eﬂectorem
895 3060 959 3100 ac
987 3046 1331 3115 magistrum,
1392 3052 1447 3101 et
1505 3051 1829 3099 cunctarum
1876 3060 2061 3099 rerum
2100 3045 2370 3115 opilicem,
2430 3059 2722 3115 supremus
2772 3051 2938 3115 atque
2988 3044 3160 3115 ipsius
3197 3044 3406 3114 opilicis
3444 3043 3591 3100 Deus
3633 3054 3693 3099 et

413 3156 612 3210 parens
647 3142 881 3211 primum
911 3141 1152 3195 omnium
1183 3126 1389 3210 genuit,
1420 3157 1513 3210 per
1570 3140 1721 3194 illum
1748 3146 1803 3195 et
1832 3140 1886 3194 in
1918 3140 2011 3194 illo
2047 3156 2235 3196 eorum
2290 3157 2410 3211 qua:
2446 3140 2629 3195 futura
2660 3149 2815 3195 erant
2870 3140 3094 3211 epilices
3117 3140 3359 3193 rationes
3383 3137 3687 3203 sulliciens,

414 3232 733 3301 seminaque
797 3234 1206 3289 constitutionis
1278 3234 1802 3304 gubernationisque
1867 3235 2111 3289 universi
2169 3234 2225 3289 in
2275 3236 2368 3289 illo
2424 3234 2672 3305 conjecta
2738 3234 2965 3289 habens.
3038 3232 3231 3287 Nonne
3293 3233 3471 3287 oculis
3506 3233 3692 3288 intue-

414 3327 492 3383 ris
541 3327 804 3384 mundum
867 3329 1206 3393 universum,
1253 3345 1417 3399 quem
1477 3329 1679 3384 caelum
1736 3345 1905 3383 unum
1948 3330 2348 3399 complectitur,
2407 3329 2934 3398 innumerabiliaque
2988 3329 3193 3382 circum
3243 3327 3389 3380 hunc
3440 3327 3691 3396 tripudia

411 3428 467 3474 et
491 3428 763 3477 astrorum
790 3424 1211 3479 conversiones?
1244 3422 1338 3479 Sol
1357 3424 1486 3480 item
1515 3441 1659 3479 unus
1721 3423 2007 3489 duntaxat,
2072 3442 2179 3479 non
2220 3424 2452 3496 plures,‘
2483 3425 2816 3480 abundantia
2860 3423 3084 3478 luminis
3143 3424 3386 3476 omnium
3441 3423 3695 3477 occultat

414 3513 749 3584 splendores.
787 3512 879 3569 Sic
937 3529 1069 3570 sane
1122 3529 1248 3569 cum
1305 3531 1450 3571 unus
1485 3516 1557 3570 sit
1603 3514 1785 3578 Pater,
1823 3534 1993 3573 unum
2029 3520 2196 3573 etiam
2251 3516 2448 3571 Filium
2500 3532 2622 3571 esse
2666 3522 2900 3586 oportet.
2958 3513 3115 3580 Quod
3170 3515 3215 3568 si
3250 3514 3375 3584 quis
3415 3513 3469 3567 id
3500 3529 3694 3584 repre-

412 3609 616 3665 hendat
658 3609 803 3679 quod
850 3609 1035 3680 plures
1082 3625 1191 3666 non
1237 3612 1507 3681 genuerit,
1562 3610 1653 3666 bic
1698 3612 1811 3682 jam
1867 3613 2001 3667 illud
2039 3628 2254 3683 quoque
2297 3626 2558 3667 accusare
2610 3611 2828 3681 poterit,
2894 3609 3041 3679 quod
3115 3623 3226 3663 non
3279 3608 3463 3676 plures
3513 3607 3689 3667 soles,

410 3715 467 3760 et
518 3706 698 3769 lunas,
744 3713 799 3760 et
851 3704 1107 3770 mundos,
1184 3713 1239 3761 et
1282 3706 1389 3760 alia
1438 3706 1821 3761 inumerabilia
1883 3708 2211 3770 condiderit,
2260 3713 2316 3763 et
2368 3722 2523 3762 more
2571 3705 2897 3761 insanientis
2974 3701 3302 3772 cujuspiam,
3350 3717 3472 3771 qua:
3531 3710 3693 3755 recta

412 3808 562 3859 sunt.
616 3801 862 3870 beneque
920 3801 977 3855 in
1039 3809 1237 3854 natura
1295 3815 1356 3857 se
1415 3800 1647 3869 habent,
1685 3811 1997 3871 pervertere
2031 3802 2232 3858 moliri.

1156 3921 1247 3979 VI.

412 4011 565 4079 Quod
596 4028 627 4065 a
655 4012 829 4083 prima
862 4013 1232 4067 constitutione
1262 4013 1515 4075 universi,
1536 4010 1741 4065 occulta
1758 4012 1990 4083 quadam

479 4088 757 4153 ignotaque
806 4085 1030 4144 ratione,
1076 4083 1320 4139 Christus
1355 4085 1446 4139 Dei
1479 4083 1741 4153 religiosis
1778 4084 1987 4154 Deoque

475 4155 646 4223 gratis
676 4154 868 4207 animis
906 4154 1177 4222 praesidet.

479 4242 593 4300 llac
628 4246 794 4315 igitur
827 4246 1061 4307 ratione,
1093 4244 1551 4315 quemadmodum
1584 4244 1636 4298 in
1666 4243 1829 4299 rebus
1869 4258 1991 4313 qua:

405 4336 515 4394 sub
554 4345 833 4407 aspectum
869 4336 1092 4403 cadunt,
1125 4337 1208 4393 sol
1240 4351 1384 4391 unus
1411 4336 1727 4391 universum
1756 4335 1994 4388 illustrat

2106 4012 2199 4080 Ὠς
2223 4012 2342 4067 ἀπὸ
2380 4010 2619 4080 πρώτης
2665 3923 3019 4074 avari-trem
3072 4006 3192 4062 τῶν
3216 4006 3393 4080 Αὸλων
3433 4002 3695 4080 (ignara);-

2166 4075 2198 4138 ὅ
2222 4075 2480 4164 Χριστός
2510 4075 2617 4137 τοῦ
2662 4080 2812 4135 Θεοῦ
2843 4080 2961 4135 τῶν
2992 4076 3287 4147 θεοφιλῶν
3308 4075 3530 4145 ψυχῶν
3556 4076 3693 4127 ἐπι-

2165 4171 2389 4209 στατει.

2165 4246 2351 4318 Ταύτῃ
2371 4245 2413 4297 δ’
2444 4239 2537 4298 οῦν
2563 4218 2641 4306 ὡς
2664 4245 2720 4296 ὲν
2751 4243 2964 4311 ὁρατοῖς
3002 4240 3154 4311 ἥλιος
3186 4234 3266 4302 εἷς
3302 4237 3394 4290 τὸν
3425 4234 3695 4306 αἰσθητὸν

2095 4338 2312 4393 ᾶπαντα
2339 4334 2686 4404 καταλάμπει
2729 4332 2954 4403 κόσμον,
2989 4329 3133 4385 οὕτω
3163 4329 3299 4400 δῆτα
3339 4328 3435 4381 καὶ
3460 4328 3519 4380 ὲν
3553 4342 3688 4396 νοη-

409 4429 558 4483 bunc
597 4430 912 4485 sensibilem
937 4431 1226 4494 mundum,
1252 4430 1324 4483 ita
1359 4430 1413 4483 in
1437 4430 1506 4485 iis
1532 4446 1653 4499 quae
1691 4429 1996 4499 intelligen—

2112 4432 2207 4492 τοῖς
2239 4427 2337 4491 τὰς
2356 4427 2656 4488 ἀθανάτους
2687 4424 2783 4478 καὶ
2816 4422 3138 4493 ἀσωμάτους
3167 4419 3446 4489 δυνάμεις.
3489 4417 3695 4486 νοτερᾶς

407 4523 486 4578 tia
528 4523 645 4578 sola
674 4523 991 4592 capiuntur,
1023 4522 1364 4577 immortales
1394 4529 1449 4575 et
1480 4522 1835 4591 incorporeas
1888 4536 1991 4592 po—

404 4623 657 4679 testates,
688 4622 742 4671 et
766 4615 1130 4685 intelligentes
1152 4629 1215 4669 ac
1239 4614 1534 4669 rationales
1560 4625 1810 4678 naturas,
1834 4614 1993 4684 quasi

408 4707 832 4763 innumerabiles
887 4707 1074 4762 stellas
1131 4706 1380 4777 lucisque
1430 4706 1627 4771 fontes,
1663 4723 1833 4761 unum
1896 4706 1991 4762 Dei

406 4798 708 4868 perfectum
741 4797 1015 4852 illuminat
1044 4796 1305 4852 Verbum.
1340 4796 1500 4869 154
1522 4796 1801 4867 Siquidem
1831 4812 1993 4866 opor-

406 4892 510 4944 tuit
539 4906 703 4945 unam
737 4905 956 4960 quoque
986 4906 1151 4960 super
1180 4891 1365 4945 omnia
1394 4905 1517 4945 esse
1546 4889 1771 4944 omnino
1792 4889 1988 4957 legem,

400 4989 568 5051 atque
606 4982 660 5035 in
691 4981 946 5037 omnibus
977 4991 1030 5035 et
1063 4996 1157 5050 per
1193 4982 1375 5035 omnia
1406 4990 1699 5050 penetrans
1738 4978 1830 5034 Dei
1868 4994 1991 5032 ver-

402 5071 556 5135 bum,
582 5071 825 5126 utetiam
857 5071 912 5126 in
934 5072 1037 5127 hoc
1071 5071 1327 5143 imaginis
1349 5072 1653 5127 similitudo
1680 5085 1802 5124 cum
1830 5068 1991 5124 Patre

399 5177 793 5232 usquequaque
825 5174 1090 5226 servetur,
1131 5170 1241 5216 tam
1269 5162 1323 5216 in
1346 5178 1412 5217 eo
1446 5160 1589 5231 quod
1619 5161 1686 5216 ad
1711 5162 1986 5225 virtutem,

398 5253 656 5323 quodque
705 5252 773 5307 ad
817 5261 1137 5322 potestatem
1196 5261 1359 5323 atque
1387 5254 1684 5308 essentiam
1727 5251 1985 5321 pertinet,

395 5359 563 5411 «luam
597 5343 652 5398 in
686 5358 752 5398 eo
792 5345 938 5414 quod
980 5345 1046 5398 ad
1082 5345 1308 5399 unitatis
1342 5343 1853 5414 singularitatisque
1887 5358 1989 5394 nu-

399 5449 631 5490 merum.
667 5433 805 5489 Cum
856 5443 1034 5490 autem
1079 5435 1281 5506 alioqui
1313 5434 1665 5488 multiformis
1695 5448 1760 5487 ac
1798 5432 1979 5485 mutti-

399 5525 559 5581 moda
586 5526 980 5597 gignendarum
1006 5543 1187 5582 rerum
1218 5536 1436 5589 natura,
1462 5523 1988 5579 innumerabilibus-

398 5634 506 5689 que
554 5633 619 5673 ac
667 5620 836 5674 variis
880 5620 1017 5675 alias
1068 5621 1191 5676 aliis
1246 5620 1664 5679 mutationibus.
1706 5618 1778 5672 ob
1831 5632 1983 5671 suam

401 5711 575 5784 ipsius
602 5712 1028 5770 imbecillitatem
1050 5713 1284 5769 obnoxia
1316 5712 1495 5770 futura
1533 5719 1700 5777 esset,
1736 5726 1837 5766 nec
1872 5726 1979 5764 non

2093 4536 2154 4573 τε
2180 4521 2273 4573 καὶ⁵
2296 4518 2523 4587 λογικὰς
2561 4515 2744 4578 οὐσίας
2786 4516 3033 4587 μυρίους,
3073 4514 3260 4584 ὥσπερ
3304 4510 3549 4582 ἀστέρας
3592 4509 3697 4563 καὶ

2095 4616 2405 4686 φωστῆρας,
2462 4606 2542 4674 εἷς
2573 4611 2602 4662 ὁ
2629 4608 2723 4663 τοῦ
2755 4607 2891 4662 Θεοῦ
2934 4605 3270 4676 καταυγάςει
3310 4603 3484 4670 Λόγος
3509 4618 3527 4632 ο
3564 4600 3695 4654 ἐπεὶ

2092 4707 2189 4762 καὶ
2217 4707 2354 4777 χρῆν
2374 4705 2471 4758 ἕνα
2496 4704 2585 4757 τὸν
2612 4702 2705 4755 ἐπὶ
2734 4702 2869 4754 πᾶσι
2898 4700 3022 4753 καθ’
3047 4700 3205 4762 δλων,
3236 4698 3331 4751 καὶ
3350 4697 3442 4750 τὸν
3458 4698 3519 4749 ὲν
3550 4697 3690 4749 πᾶσι

2092 4800 2187 4853 καὶ
2208 4799 2298 4854 διὰ
2324 4798 2540 4852 πάντων
2588 4797 2794 4866 ἥκοντα
2821 4792 2916 4847 τοῦ
2954 4792 3090 4846 Θεοῦ
3125 4791 3319 4858 Λόγον,
3364 4789 3442 4853 ὡς
3480 4788 3554 4843 ἂν
3585 4790 3690 4841 κάν

2091 4893 2263 4960 τούτῳ
2316 4891 2377 4943 τὸ
2424 4891 2521 4960 τῆς
2577 4887 2784 4949 εἰκόνος
2817 4884 3057 4956 ἐμφερὲς
3084 4881 3164 4952 τῷ
3205 4880 3383 4954 Πατρὶ
3412 4880 3512 4934 καὶ
3544 4878 3691 4932 κατὰ

2092 4983 2271 5035 πάντα
2295 4978 2650 5043 ἀποσώζοιτο,
2685 4978 2826 5031 κατά
2859 4994 2918 5030 τε
2939 4976 3039 5047 τὴν
3069 4973 3289 5045 ἀρετὴν,
3325 4972 3473 5026 κατά
3492 4989 3557 5025 τε
3590 4972 3691 5042 τὴν

2090 5074 2337 5145 δύναμιν,
2364 5074 2458 5127 καὶ
2476 5073 2575 5145 τὴν
2611 5071 2820 5136 οὐσίαν,
2849 5069 2991 5124 κατά
3004 5086 3066 5121 τε
3097 5068 3188 5120 τὸν
3212 5066 3313 5135 τῆς
3341 5065 3576 5136 μονάδος
3593 5064 3687 5117 καὶ

2090 5163 2276 5226 ὲνάδος
2301 5163 2425 5234 ἁριθ
2435 5163 2555 5233 μὸν,
2590 5159 2903 5224 πολυειδοῦς
2928 5161 2984 5213 δὲ
3012 5160 3188 5222 ἄλλως
3213 5159 3309 5211 καὶ
3337 5158 3688 5230 πολυτρόπου

2090 5254 2184 5308 καὶ
2199 5254 2296 5323 τῆς
2317 5253 2422 5304 τῶν
2440 5251 2714 5323 γεννητῶν
2736 5251 3034 5323 μελλούσης
3049 5247 3457 5319 ὑποστήσεσθαι
3472 5248 3685 5310 οὐσίας,

2093 5343 2313 5415 μυρίαις
2338 5359 2398 5394 τε
2432 5343 2526 5395 καὶ
2576 5340 2846 5402 ποικίλαις
2878 5338 3066 5392 ἄλλοτε
3117 5336 3306 5399 ἄλλαις
3359 5333 3685 5406 μεταϐολαῖς

2088 5435 2153 5487 δι’
2188 5434 2392 5487 οἰκείαν
2416 5433 2696 5486 ἀσθένειαν
2721 5430 3170 5501 ὑποκεισομένης,
3196 5429 3298 5498 τῆς
3324 5445 3386 5480 τε
3419 5427 3686 5481 ἀνωτάτω

2088 5524 2181 5578 τοῦ
2213 5524 2422 5596 Ιῐατρὸς
2444 5523 2725 5595 δυνάμεως
2746 5523 2813 5575 δι’
2835 5523 2936 5575 ύπε
2947 5520 3140 5594 ρῆολὴν
3168 5520 3268 5589 τῆς
3296 5517 3683 5587 ἀνεκςράστου

2090 5615 2183 5668 καὶ
2219 5615 2319 5685 τῆς
2374 5617 2537 5668 πᾶσιν
2602 5614 3069 5688 ἁπειρομεγέθους
3125 5612 3345 5681 φύσεως
3394 5607 3683 5677 άπολειᾲο-

2096 5706 2280 5779 μένης,
2318 5708 2592 5771 ἀδυνάτως
2623 5725 2681 5760 τε
2701 5706 2928 5779 ἑξούσης
2960 5696 3059 5778 τῆς
3086 5704 3388 5775 ἁγεννήτου
3410 5704 3505 5756 καὶ
3528 5703 3679 5773 ἀχω-
