3828 6216
211 269 320 327 265

1103 260 1761 321 DEMONSTRATIONIS
1798 257 2261 316 EVANGELICE
2294 260 2423 318 LIB.
2469 261 2556 317 IV.

3368 261 3477 317 266

217 390 378 460 ρήτου
414 387 685 460 θεότητος,
705 387 842 460 αὐτή
874 404 937 457 γε
970 386 1203 458 γεννητὴ
1222 381 1359 440 οὖσα
1391 385 1636 457 μετέχειν
1672 384 1801 438 ἀντ·
1828 416 1836 440 Α

1906 393 1934 433 a
1961 379 2205 450 supremi
2244 380 2425 436 Patris
2474 380 2676 437 virtute
2707 377 3069 446 declinatura,
3101 377 3171 432 oh
3202 376 3348 434 illius
3382 393 3481 433 na—

211 484 382 537 ωπεϊν
418 499 478 536 τε
516 482 650 543 ἄνω,
677 482 773 535 καὶ
821 481 1163 539 ἀντιϐλέπειν
1195 482 1316 544 ταῖς
1345 478 1797 551 ἀποστιλϐούσαις

210 575 306 629 τοῦ
342 575 515 629 ἀϊδίου
544 575 722 644 φωτὸς
746 575 1004 647 ἀρρήτοις
1024 575 1434 646 μαρμαρυγαῖς,
1462 572 1599 645 χρῆν
1624 572 1797 644 δήπου

212 667 442 731 εἰκότως
488 668 579 721 τὸν
639 666 952 735 πανάγαθον
991 667 1214 738 Πατέρα
1264 666 1360 720 καὶ
1413 665 1640 737 Σωτῆρα
1688 664 1798 720 τῶν

212 759 371 822 ὅλων,
412 759 489 823 ὡς
516 759 584 814 ἂν
626 760 700 831 μὴ
740 757 1018 822 παντελῶς
1049 760 1083 830 ὴ
1121 757 1229 811 τῶν
1259 757 1384 828 ἄρτι
1419 756 1798 829 γενησομένων

214 850 399 920 φύσις,
442 850 648 923 ἔρημος
687 845 825 903 οὖσα
848 834 1139 920 τῆςαύτοῠ
1170 848 1476 912 κοινωνίας,
1501 848 1609 901 τῶν
1644 848 1801 919 μεγί-

213 959 356 1009 στων
384 941 605 1010 ἀγαθῶν
638 943 899 1013 οτεροῖτο,
923 941 1094 1012 μέσην
1126 939 1248 994 τινὰ
1270 938 1673 1012 παρεμϐάλλειν
1699 939 1798 1010 τὴν

209 1033 307 1088 τοῦ
357 1032 697 1101 Μονογενοῦς
746 1032 911 1087 αὐτοῦ
975 1033 1071 1087 καὶ
1120 1031 1463 1104 πρωτοτόκου
1507 1030 1657 1086 θείαν
1702 1031 1799 1086 καὶ

210 1124 466 1195 παναλκῆ
502 1124 596 1177 καὶ
633 1123 937 1196 πανάρετον
985 1123 1235 1195 δύναμιν,
1288 1122 1656 1193 ἀκριϐέστατα
1698 1121 1798 1193 μὲν

210 1217 309 1285 καὶ
341 1217 425 1269 ὅτι
453 1215 691 1287 μάλιστα
721 1215 1006 1284 ἐγγυτάτω
1038 1214 1117 1286 τῷ
1156 1215 1330 1287 Πατρὶ
1359 1213 1798 1288 προσομιλοῦσαν

212 1305 347 1370 ἴσως
374 1321 437 1358 τε
468 1304 634 1359 αὐτοῦ
680 1304 787 1359 τῶν
830 1305 1154 1377 ἀπορρήτων
1184 1303 1592 1359 ἀπολαύουσαν·
1625 1304 1798 1375 πραό-

207 1411 347 1449 τατα
377 1397 436 1450 δὲ
469 1397 999 1467 ωγκατιοῦσαν,καὶ
1028 1398 1377 1469 ἀμωσγέπως
1402 1413 1571 1469 συσχη
1583 1397 1802 1469 ματιζο·

209 1488 385 1560 μένην
413 1493 527 1555 τοῖς
546 1490 647 1560 τῆς
673 1491 847 1563 ἄκρας
894 1488 1450 1561 ἀπολιμπανομένοις,
1482 1490 1571 1544 διά
1603 1507 1660 1543 τε
1702 1489 1800 1560 τὴν

212 1578 368 1648 σφῶν
398 1580 683 1634 ἀσθένειαν
731 1581 832 1651 τῆς
862 1581 927 1635 ἐκ
960 1580 1054 1635 τοῦ
1097 1581 1351 1653 δευτέρου
1376 1579 1708 1651 βελτιώσεως
1736 1598 1798 1635 τε

208 1674 308 1726 καὶ
333 1672 601 1743 ὠφελείας
622 1672 962 1747 ὲνχρῇζουσι,
986 1674 1085 1739 τὰς
1106 1675 1257 1746 ἡλίου
1276 1676 1646 1748 μαρμαρυγὰς
1672 1676 1799 1746 θεᾷν

211 1764 401 1836 ἠρέμα
429 1765 525 1819 καλ¹
547 1765 737 1838 πράως
769 1765 1165 1835 συγκατιούσας
1189 1766 1341 1837 ἡμῖν,
1367 1766 1471 1836 οὐκ
1494 1765 1669 1829 ἄλλως
1701 1765 1799 1834 τῆς

207 1853 307 1908 τοῦ
340 1856 520 1925 φωτὸς
554 1857 793 1930 ἀκράτου
829 1858 1113 1931 δυνάμεως
1140 1859 1274 1922 οἵοις
1310 1875 1370 1911 τε
1401 1855 1692 1912 ἀπολαύειν
1709 1858 1798 1912 διὰ

207 1948 311 2021 τὴν
346 1949 599 2022 σώματος
647 1950 950 2007 ἀσθένειαν.
1000 1951 1065 2005 Et
1110 1951 1263 2020 γοῦν,
1319 1950 1395 2014 ὡς
1439 1951 1499 2003 ὲν
1544 1949 1797 2004 ὑποθέσει

207 2040 398 2110 λόγου,
447 2043 633 2107 καθεὶς
677 2044 965 2116 οὐρανόθεν
1011 2044 1175 2108 αὐτὸς
1230 2042 1423 2097 ἑαυτὸν
1454 2044 1484 2096 ό
1530 2042 1800 2114 παμφαὴς

206 2133 364 2204 ἥλιος
426 2136 526 2191 σὺν
572 2135 881 2208 ἀνθρώποις
919 2136 1014 2190 ἐπὶ
1052 2136 1158 2207 γῆς
1209 2133 1560 2198 πολιτεύοιτο,
1611 2133 1800 2187 οὐδένα

209 2229 325 2282 τῶν
351 2228 447 2284 ἐπὶ
498 2229 600 2300 γῆς
661 2233 840 2301 μεῖναι
881 2230 948 2284 ἂν
1001 2228 1292 2300 ἀδιάφορον
1317 2267 1333 2291 ,
1400 2225 1619 2280 πάντων
1678 2225 1801 2280 συλ-

209 2318 420 2392 λήϐδην
481 2320 742 2392 ἐμψύχων
794 2320 930 2391 όμοῦ
978 2319 1073 2374 καὶ
1112 2319 1336 2391 ἀψύχων
1378 2318 1553 2392 ἀθρόα
1601 2321 1669 2391 τῇ
1705 2316 1799 2372 τοῦ

209 2411 395 2480 φωτὸς
452 2412 725 2485 προσϐολῇ
786 2412 1307 2485 διαφθαρησομένων
1328 2429 1342 2442 ·
1407 2412 1602 2467 θᾶττον
1668 2410 1801 2481 γοῦν

207 2503 313 2557 καὶ
365 2504 602 2573 τυφλοὺς
644 2504 1036 2577 ἀπεργάσαιτ’
1083 2503 1150 2559 ἂν
1200 2504 1329 2568 τοὺς
1378 2503 1487 2558 τῶν
1547 2503 1800 2577 ὁρώντων

203 2595 549 2668 ὀφθαλμοὺς,
566 2597 770 2671 βλάϐης
804 2597 899 2651 καὶ
923 2596 1129 2668 φθορᾶς
1175 2595 1309 2650 πολὺ
1359 2595 1561 2667 μᾶλλον
1593 2595 1626 2669 ἢ
1666 2594 1804 2665 ὠφε-

208 2686 369 2749 λείας
395 2686 637 2757 γεγονὼς
656 2691 769 2753 τοῖς
796 2690 961 2743 πᾶσιν
993 2688 1186 2752 αἴτιος,
1224 2688 1285 2740 οὐ
1312 2685 1410 2758 τὴν
1440 2685 1600 2756 φύσιν
1639 2686 1801 2750 αὐτὸς

210 2777 295 2832 ῶν
349 2780 611 2845 τοιοῦτος,
646 2783 760 2845 τοῖς
806 2781 865 2835 δὲ
917 2781 1207 2852 ἀφορήτως
1254 2778 1439 2851 ἔχουσι
1490 2777 1558 2832 δι’
1592 2777 1802 2831 οἰκείαν

206 2867 504 2923 ἀσθένειαν
568 2869 671 2940 τῆς
733 2869 1177 2942 ὑπερϐαλλούσης
1242 2870 1418 2940 αὐγῆς
1486 2868 1799 2935 ἀπολαύειν,

208 2960 423 3015 τοιόσδε
451 2979 537 3026 τις
566 2961 1017 3035 ἀποτελούμενος.
1047 2963 1112 3016 Τί
1144 2961 1321 3016 τοίνυν
1350 2962 1419 3016 τὰ
1456 2963 1621 3036 ὃμοια
1663 2980 1801 3034 μαν-

212 3050 396 3106 θάνων
421 3054 556 3125 περὶ
585 3052 721 3108 Θεοῦ
748 3054 1083 3127 θαυμάζειςς
1113 3046 1176 3108 οὗ
1202 3054 1270 3127 δὴ
1298 3054 1398 3127 τῆς
1429 3055 1670 3128 ἀρρήτου
1705 3055 1801 3109 καὶ

211 3144 601 3215 ἀνεκφράστου
630 3145 912 3217 δυνάμεώς
939 3162 1001 3200 τε
1034 3146 1130 3199 καὶ
1156 3144 1346 3209 οὐσίας
1370 3144 1547 3199 οὐδενὶ
1579 3146 1801 3217 μέτεστι

211 3235 327 3288 τῶν
362 3235 553 3301 ὄντων,
603 3236 741 3309 πλὴν
784 3237 867 3291 ἐνὶ
914 3237 1082 3310 μόνῳ,
1114 3238 1441 3303 κοινωνίας,
1471 3236 1532 3290 ὃν
1569 3237 1728 3301 αὐτὸς
1773 3239 1804 3292 ό

212 3328 411 3400 Πατὴρ
457 3329 688 3402 προνοίᾳ
727 3329 837 3385 τῶν
870 3331 1007 3386 ὅλων
1045 3331 1152 3404 πρὸ
1183 3331 1291 3385 τῶν
1332 3330 1509 3385 ἄλλων
1542 3330 1803 3385 ἁπάντων

212 3422 610 3494 συνεστήσατο,
650 3423 726 3488 ὡς
768 3424 836 3479 ἂν
877 3423 953 3495 μὴ
989 3423 1271 3487 παντελῶς
1314 3424 1348 3495 ἡ
1386 3422 1495 3477 τῶν
1530 3422 1804 3494 γεννητῶν

210 3511 489 3565 ἁποπέσοι
532 3512 692 3582 φύσις
735 3513 801 3567 δι’
839 3513 1047 3567 οἰκείαν
1087 3513 1305 3567 ἀτονίαν
1350 3512 1446 3567 καὶ
1479 3511 1802 3584 ἀδυναμίαν,

211 3604 318 3674 τῆς
358 3604 657 3676 ἀγεννητου
689 3607 783 3660 καὶ
820 3606 1105 3678 ἀχωρήτου
1141 3607 1426 3678 Πατρικῆς
1462 3606 1649 3671 οὐσίας
1693 3606 1804 3660 διε-

216 3694 434 3749 στῶσα·
476 3695 627 3767 μένοι
655 3696 711 3751 δὲ
739 3699 833 3752 καὶ
876 3697 1029 3766 αὐξοι
1061 3698 1154 3753 καὶ
1198 3699 1455 3771 τρέφοιτο
1490 3698 1593 3769 τῆς
1632 3699 1805 3771 μέσης

212 3786 565 3841 ἀπολαύουσα
589 3790 876 3860 χορηγίας,
900 3791 967 3861 ἢν
985 3793 1014 3847 ό
1038 3789 1334 3863 μονογενὴς
1355 3789 1449 3844 τοῦ
1477 3789 1614 3845 Θεοῦ
1635 3791 1807 3860 Λόγος

215 3876 423 3932 οὔποτε
464 3882 577 3944 τοῖς
610 3882 775 3934 πᾶσιν
820 3881 1077 3954 ἐπαρκῶν
1119 3881 1491 3953 διαλιμπάνει,
1527 3882 1701 3955 πάντη
1748 3883 1806 3938 δὲ

215 3968 440 4038 χωρῶν,
467 3969 563 4022 καὶ
588 3969 678 4023 διά
699 3968 918 4025 πάντων
952 3971 1470 4043 περιπορευόμενος,
1499 3973 1717 4027 πάντων
1747 3974 1807 4040 ἐξ

221 4058 348 4129 ῐσης
366 4058 467 4131 τῆς
489 4060 762 4132 σωτηρίας
782 4064 1020 4134 προνοεῖ,
1046 4061 1280 4132 λογικῶν
1301 4063 1437 4135 όμοῦ
1460 4066 1552 4119 καὶ
1573 4066 1803 4135 ἀλόγων,

214 4148 437 4220 θνητῶν
467 4168 527 4205 τε
555 4153 650 4207 καὶ
674 4152 978 4220 ἀθανάτων,
1009 4155 1274 4226 οὐρανίων
1303 4174 1364 4210 τε
1400 4158 1495 4212 καὶ
1518 4159 1798 4228 ἐπιγείων,

216 4238 383 4294 θείων
408 4258 469 4294 τε
503 4243 598 4297 καὶ
642 4244 892 4317 ἀοράτων
919 4244 1221 4317 δυνάμεων,
1267 4247 1361 4302 καὶ
1391 4248 1690 4320 συλλήϐδην
1726 4251 1806 4303 εί-

219 4332 369 4394 πεῖν,
401 4330 656 4386 ἁπάντων
692 4334 792 4387 ὅσα
821 4333 887 4405 δὴ
915 4333 1009 4387 τοῦ
1036 4331 1175 4390 εἶναι
1197 4336 1265 4389 δι’
1295 4336 1459 4390 αὐτοῦ
1485 4338 1769 4410 μετείληχε
1788 4356 1801 4369 °

1903 477 2043 525 tura:
2070 471 2516 542 superlationem,
2541 485 2663 540 quae
2690 485 2792 527 nec
2820 468 2929 525 dici
2963 476 3163 541 potest,
3184 478 3238 525 et
3258 471 3481 526 omnino

1905 561 2129 618 inﬁnitae
2174 561 2568 633 magnitudinis
2619 568 2725 627 est,
2774 576 2953 632 neque
3002 575 3246 631 unquam
3294 561 3371 614 ad
3421 561 3480 616 id

1902 652 2182 708 facultatis
2222 662 2571 723 perventura,
2612 658 2672 705 ut
2721 651 2840 722 ipsa
2888 656 3069 705 ortum
3114 649 3344 714 habens,
3389 658 3485 704 aut

1904 743 2052 801 illius
2089 745 2392 800 divinitatis
2440 744 2715 815 particeps
2765 742 2939 807 ﬁeret,
2982 755 3104 813 quae
3151 756 3253 797 nec
3299 749 3484 798 ortum

1904 834 2088 901 habet,
2114 851 2214 891 nec
2243 836 2364 906 capi
2396 834 2851 906 comprehendive
2884 840 3085 905 potest,
3120 843 3215 888 aut
3242 833 3486 889 intuere-

1906 934 1997 981 tur
2042 943 2285 992 sursum,
2320 928 2734 999 intenderetque
2756 927 2929 982 aciem
2955 926 3287 982 contraillos
3322 926 3485 980 lumi-

1905 1019 1994 1075 nis
2055 1021 2372 1090 sempiterni
2420 1020 2628 1086 radios,
2676 1020 2769 1091 qui
2813 1019 2983 1076 nullis
3031 1018 3216 1075 verbis
3250 1015 3485 1088 exprimi

1905 1122 2157 1184 possunt,
2174 1115 2434 1168 nimirum
2464 1128 2690 1169 necesse
2720 1112 2845 1180 fuit,
2871 1127 2976 1168 nec
3005 1111 3233 1184 injuria,
3254 1117 3315 1164 ut
3340 1109 3485 1179 opti-

1904 1221 2028 1261 mus
2079 1221 2276 1276 parens
2323 1214 2378 1262 et
2428 1206 2672 1262 universi
2718 1214 3097 1269 conservator,
3140 1218 3210 1258 ne
3258 1201 3484 1257 omnino

1906 1313 2087 1352 rerum
2129 1299 2381 1367 protinus
2426 1296 2821 1369 gignendarum
2850 1303 3080 1360 natura,
3123 1294 3168 1352 si
3199 1310 3325 1350 cum
3361 1294 3484 1365 ipso

1905 1388 2042 1443 nihil
2073 1404 2304 1459 prorsus
2331 1390 2782 1453 communicaret,
2816 1388 3072 1444 maximis
3110 1387 3271 1443 bonis
3300 1385 3485 1457 priva-

1906 1489 2075 1548 retur,
2109 1481 2343 1537 mediam
2372 1483 2663 1553 quamdam
2698 1483 2860 1538 unice
2892 1482 2977 1537 sui
3004 1481 3288 1552 primoque
3316 1479 3480 1551 geniti

1905 1571 2027 1628 Filii
2057 1572 2321 1639 divinam,
2352 1581 2407 1630 et
2435 1573 2888 1644 omnipotentem,
2919 1579 2972 1629 et
3017 1571 3272 1627 omnibus
3309 1572 3484 1627 virtu-

1906 1665 2053 1722 tibus
2078 1666 2466 1722 exuberantem
2492 1666 2604 1720 vim
2628 1666 3000 1735 interponere,
3024 1678 3145 1734 qua:
3176 1662 3485 1718 certissime

1902 1767 1956 1812 et
1994 1774 2159 1829 quam
2189 1759 2436 1829 proxime
2470 1766 2525 1814 et
2558 1773 2723 1829 quam
2753 1751 3179 1812 familiarissime
3208 1770 3333 1810 cum
3364 1756 3485 1826 ipso

1902 1848 2065 1904 Patre
2093 1857 2410 1906 versaretur
2437 1858 2493 1905 et
2514 1850 2938 1919 colloqueretur,
2955 1848 3340 1919 aequaliterque
3357 1862 3485 1903 cum

1903 1943 2094 1998 eodem
2125 1942 2345 2000 arcanis
2375 1941 2669 2007 frueretur,
2698 1940 3089 2013 benignissime
3119 1956 3251 1996 vero
3281 1940 3485 1996 demit-

1905 2042 2044 2090 teret
2070 2049 2160 2101 se,
2189 2040 2244 2088 et
2270 2032 2658 2105 quoquomodo
2703 2031 2819 2088 ﬁeri
2855 2042 3077 2104 posset,
3110 2031 3487 2088 conformaret

1907 2125 1972 2181 ad
1997 2140 2094 2195 eos
2119 2125 2214 2196 qui
2242 2139 2274 2179 a
2302 2139 2517 2180 summo
2542 2123 2825 2187 deﬁciunt,
2845 2122 3050 2194 quique
3080 2131 3300 2193 propter
3328 2138 3487 2179 suam

1904 2217 2281 2287 impotentiam
2329 2217 2489 2288 quasi
2528 2216 2755 2271 alteram
2799 2230 3022 2270 manum
3064 2214 3397 2279 desiderant,
3431 2221 3488 2268 et

1906 2308 2155 2379 profectu
2185 2314 2350 2379 atque
2373 2308 2691 2376 adiumento
2718 2306 2984 2378 indigent,
3011 2321 3123 2377 quo
3152 2306 3285 2362 solis
3308 2307 3489 2376 Splen-

1906 2400 2096 2456 dorem
2149 2400 2357 2457 sensim
2390 2415 2455 2456 ac
2495 2401 2729 2470 benigne
2757 2415 2817 2455 se
2851 2397 2919 2454 ad
2954 2414 3056 2455 nos
3112 2398 3486 2454 demittentem

1909 2491 2109 2547 intueri
2154 2497 2358 2562 queant
2403 2510 2418 2547 :
2457 2490 2661 2562 alioqui
2710 2507 2861 2563 purae
2910 2507 3182 2562 meraaque
3233 2491 3372 2545 lucis
3406 2490 3480 2554 vi,

1907 2593 2126 2657 propter
2152 2584 2522 2640 inﬁrmitatem
2553 2588 2801 2655 corporis
2830 2584 2937 2639 frui
2967 2600 3076 2639 non
3102 2583 3334 2654 possint.
3355 2580 3485 2636 Fin-

1907 2692 2101 2748 gamus
2138 2677 2305 2743 enim,
2365 2675 2704 2732 invenienda:
2756 2677 3005 2732 veritatis
3042 2676 3236 2747 gratia,
3264 2673 3487 2729 nitidis-

1909 2769 2107 2824 simum
2142 2768 2294 2823 illum
2334 2768 2506 2824 solem
2545 2768 2724 2839 ipsum
2757 2768 3000 2838 seipsum
3029 2767 3097 2822 de
3124 2766 3267 2821 coelo
3289 2764 3488 2820 demit—

1908 2870 2043 2926 tere,
2070 2868 2125 2917 et
2153 2875 2280 2916 cum
2308 2860 2622 2916 hominibus
2647 2862 2699 2915 in
2731 2868 2877 2916 terra
2909 2860 3118 2915 versari
3152 2877 3167 2912 :
3197 2874 3327 2913 num
3360 2857 3489 2912 libe-

1909 2968 2030 3007 rum
2081 2952 2154 3008 sit
2199 2958 2362 3021 atque
2416 2951 2736 3009 indifferens
2780 2968 2968 3007 earum
3023 2966 3232 3013 rerum,
3265 2965 3387 3020 qua:
3418 2947 3489 3003 ad

1908 3053 2109 3101 terram
2160 3046 2456 3117 pertinent,
2489 3044 2729 3114 cuipiam
2778 3043 3134 3114 permanere?
3175 3041 3396 3096 Minime
3433 3041 3490 3095 id

1904 3134 2125 3207 quidem
2156 3154 2169 3189 :
2206 3149 2331 3188 nam
2387 3145 2639 3205 correpta
2682 3133 2866 3189 omnia
2900 3134 3138 3190 animata
3169 3132 3333 3187 simul
3361 3146 3489 3186 cum

1905 3225 2205 3291 inanimis,
2255 3224 2477 3279 assidua
2521 3226 2799 3296 nimiaque
2852 3226 2992 3281 lucis
3048 3224 3315 3280 immi'ssio
3367 3238 3491 3277 coro

1904 3324 2203 3390 rumperet,
2245 3316 2519 3387 citiusque
2585 3318 2780 3373 oculos
2828 3317 3156 3372 intuentium
3220 3322 3486 3380 caecaret,

1905 3412 2173 3482 longeque
2251 3411 2425 3482 magis
2493 3427 2652 3467 noxae
2722 3419 2780 3467 et
2843 3411 3214 3483 corruptionis
3294 3419 3491 3467 auctor

1905 3502 2162 3558 omnibus
2186 3502 2370 3569 ﬁeret,
2397 3518 2561 3573 quam
2583 3502 2798 3572 juvaret
2847 3507 3183 3578 quempiam,
3229 3506 3325 3577 qui
3372 3506 3491 3577 ipse

1905 3595 2125 3666 quidem
2150 3604 2346 3651 natura
2414 3597 2544 3651 talis
2597 3611 2708 3651 non
2763 3605 2869 3661 est,
2938 3604 3319 3653 verumtamen
3358 3612 3490 3668 erga

1904 3687 2105 3756 eosqui
2128 3695 2349 3758 propter
2397 3687 2825 3743 imbecillitatem
2875 3687 3122 3758 ipsorum
3169 3688 3487 3759 prepriam,

1911 3777 2067 3850 155
2096 3779 2276 3835 minus
2308 3778 2490 3835 idonei
2523 3787 2710 3835 essent
2740 3778 2809 3832 ad
2844 3777 3131 3834 ferendum
3164 3819 3179 3845 ,
3217 3787 3388 3849 atque
3416 3778 3488 3834 ob

1907 3872 1961 3926 id
1995 3872 2149 3926 nimii
2174 3874 2595 3944 superantisque
2624 3872 2935 3942 splendoris
2962 3870 3187 3926 minime
3216 3886 3450 3942 capaces
3468 3910 3487 3935 ,

1907 3961 2034 4017 talis
2076 3962 2353 4018 evaderet.
2403 3962 2516 4017 Cur
2559 3977 2692 4033 ergo
2732 3962 2934 4017 similia
2985 3960 3053 4016 de
3101 3959 3215 4016 Deo
3256 3961 3489 4019 audiens

1908 4052 2233 4117 admiraris,
2265 4052 2424 4123 cujus
2455 4052 2675 4125 quidem
2704 4061 2758 4107 et
2787 4052 2869 4108 sol
2897 4059 2982 4108 est
3014 4067 3173 4123 opus,
3204 4060 3257 4107 et
3282 4052 3487 4107 calum

1908 4142 2263 4207 universum,
2304 4150 2359 4197 et
2401 4141 2693 4198 mundus?
2737 4141 3017 4214 Siquidem
3069 4143 3218 4198 illius
3265 4143 3487 4197 virtutis

1908 4240 2073 4301 atque
2114 4233 2399 4298 essentiae,
2436 4248 2559 4303 quae
2587 4233 2754 4288 nullis
2784 4233 2968 4289 verbis
3011 4233 3271 4303 nullaque
3302 4233 3489 4287 elocu-

1907 4326 2057 4380 tione
2093 4326 2325 4396 exprimi
2372 4333 2590 4397 potest,
2642 4325 2781 4381 nihil
2827 4340 3020 4380 eorum
3059 4341 3181 4395 qua:
3218 4332 3382 4388 sunt,
3428 4325 3487 4378 in

217 4421 360 4476 πολύ
385 4438 451 4487 γε
486 4423 592 4495 μὴν
622 4425 805 4479 πλεῖον
838 4426 1199 4498 διαφερόντως
1224 4425 1324 4497 τῆς
1361 4429 1553 4498 νοερᾶς
1598 4429 1693 4483 καὶ
1719 4429 1806 4482 λο-

1913 4429 2125 4489 partem
2159 4426 2254 4473 aut
2285 4419 2842 4474 communicationem
2872 4421 3054 4484 venit,
3088 4427 3282 4490 praeter
3315 4433 3485 4473 unum

213 4513 388 4583 γικῆς
417 4512 654 4583 φύσεως,
698 4514 765 4567 δι’
797 4514 863 4586 ἢν
897 4515 1017 4568 οὐδὲ
1041 4516 1102 4568 τὸ
1128 4513 1466 4585 ἀνθρώπινον
1498 4515 1805 4587 ὑπερεφρό-

215 4621 307 4657 νει
355 4604 535 4673 γένος·
586 4605 751 4676 ἐτίμα
795 4605 852 4658 δὲ
900 4599 959 4659 εὖ
994 4604 1140 4676 μάλα
1188 4605 1282 4659 καὶ
1312 4605 1534 4676 ὲκήδετο
1578 4605 1678 4676 τῆς
1710 4604 1804 4659 τοῦ

215 4698 385 4767 λόγου
408 4699 567 4770 χάριν
584 4701 721 4769 πρὸς
742 4700 932 4754 ἑαυτὸν
953 4698 1279 4763 οίκειώσεώς
1303 4717 1362 4753 τε
1387 4702 1480 4755 καὶ
1506 4701 1805 4772 συνεχείας,

218 4785 257 4865 ᾗ
294 4791 393 4843 καὶ
426 4791 547 4845 κατ’
575 4792 759 4845 είκόνα
788 4791 952 4847 αὐτοῦ
988 4790 1380 4864 μεμορφῶσθαι
1412 4793 1469 4843 ἐν
1501 4794 1613 4856 τοῖς
1644 4794 1808 4865 ἱεροῖς

216 4880 429 4948 λογίοις
460 4882 766 4954 ἀνείρηται.
813 4882 950 4935 Ἀλλ’
984 4885 1013 4937 ό
1043 4883 1144 4953 μὲν
1178 4883 1278 4956 τὴν
1305 4882 1489 4937 εἰκόνα
1515 4883 1613 4956 τὴν
1641 4884 1805 4938 αὑτοῦ

218 4971 303 5034 ὡς
341 4970 410 5024 ἂν
443 4970 580 5025 Θεοῦ
623 4973 796 5041 Λόγος
836 4971 932 5043 τὴν
962 4971 1156 5042 νοεράν
1196 4972 1414 5026 ἃπασαν
1457 4973 1551 5026 καὶ
1583 4971 1807 5044 λογικὴν

219 5063 490 5132 ὐφίστησι
543 5064 975 5137 καταρχὰς-τῆς
1026 5064 1121 5117 τοῦ
1177 5063 1379 5128 παντὸς
1426 5062 1804 5136 δημιουργίας,

218 5152 458 5226 ἀρχικόν
498 5171 559 5207 τε
600 5132 1047 5209 διάῃταύῖτατκαὶ
1082 5154 1358 5225 βασιλικὸν
1401 5132 1511 5208 τῶν
1559 5132 1808 5225 έπιγῆς

220 5246 489 5301 ἁπάντων
521 5244 658 5311 ζῶον
692 5245 927 5318 καθίστη
961 5246 1053 5300 τὸν
1096 5245 1399 5318 ἄνθρωπον,
1432 5244 1717 5318 ἐλεύθερόν
1747 5262 1807 5298 τε

222 5339 326 5393 καὶ
366 5334 717 5402 αὐτεξούσιον
757 5338 858 5407 τῆς
891 5339 974 5402 είς
1010 5338 1073 5392 τὸ
1113 5338 1278 5405 καλὸν
1310 5337 1345 5409 ἢ
1387 5338 1468 5400 είς
1497 5337 1808 5391 τούναντίον

222 5428 383 5499 ἠφίει
406 5429 573 5483 αὐτὸν
596 5429 789 5501 ῥοπῆς·
823 5431 852 5482 ὁ
873 5429 953 5493 δὲ,
978 5429 1040 5483 οὐ
1072 5427 1251 5493 καλῶς
1275 5431 1342 5500 τῇ
1375 5427 1810 5497 αὐτεξουσιότητι

224 5522 599 5593 χρησάμενος,
618 5520 720 5592 τῆς
742 5521 908 5593 ὀρθῆς
934 5521 1279 5592 διεκτραπεὶς
1297 5519 1441 5586 ὁδοῦ,
1454 5519 1551 5592 τὴν
1566 5519 1810 5573 ἐναντίαν

226 5614 481 5684 ὡρμᾶτο,
511 5614 647 5685 μήτε
671 5614 804 5668 Θεδν
831 5615 968 5685 μήτε
998 5614 1223 5686 Κύριον,
1254 5613 1379 5686 μήτ’
1407 5612 1487 5666 ἔτι
1510 5611 1620 5665 τῶν
1648 5603 1810 5666 ὁσίων

231 5704 326 5755 καὶ
364 5702 606 5758 εὐσεϐῶν
633 5702 1090 5775 ἐπιλογιζόμενος,
1132 5703 1315 5778 θηρῶν
1352 5703 1408 5759 δὲ
1443 5703 1641 5775 τρόπον
1688 5702 1812 5758 ἀλό-

518 5799 787 5863 Ριτειοι.
820 5798 937 5862 Gn.
968 5797 1165 5861 ΧΧΠ.

1906 4511 2210 4576 duntaxat,
2239 4527 2403 4582 quem
2436 4512 2554 4583 ipse
2593 4511 2781 4577 Pater,
2832 4512 3050 4567 cunctis
3086 4511 3253 4566 rebus
3299 4509 3488 4579 provi-

1907 4603 2044 4659 dens
2067 4642 2082 4667 ,
2107 4611 2232 4658 ante
2266 4603 2372 4657 alia
2394 4614 2592 4659 cuncta
2619 4604 2948 4670 constituit,
2971 4618 3039 4658 ne
3063 4603 3308 4657 omnium
3339 4616 3488 4673 quae—

1907 4710 2125 4765 cunque
2151 4693 2294 4749 facta
2326 4703 2513 4752 essent
2543 4696 2761 4766 penitus
2795 4703 2992 4749 natura
3021 4703 3330 4760 corruerct,
3365 4708 3487 4763 quae

1906 4795 2132 4857 propter
2161 4786 2537 4842 inﬁrmitatem
2565 4795 2730 4857 atque
2758 4788 3134 4858 impotentiam
3168 4787 3445 4857 propriam
3467 4827 3483 4851 ,

1910 4879 2070 4949 longe
2109 4879 2318 4934 recedit
2358 4879 2427 4934 ab
2463 4880 2554 4934 illa
2594 4879 2775 4935 Patris
2815 4880 3055 4936 essentia
3079 4918 3094 4942 ,
3137 4894 3261 4949 quae
3308 4894 3489 4949 neque

1910 4971 2093 5040 genita
2152 4978 2280 5034 est,
2340 4985 2520 5040 neque
2569 4972 2693 5040 capi
2743 4969 3201 5040 comprehendive
3255 4976 3437 5038 potest
3469 5009 3482 5030 ,

1913 5061 2009 5116 sed
2040 5070 2100 5116 ut
2137 5069 2420 5126 maneret,
2463 5070 2777 5128 cresceret,
2818 5063 3126 5117 nutriretur
3166 5062 3345 5117 media
3389 5062 3485 5115 illa

1910 5152 2102 5210 fruens
2136 5153 2461 5224 largitione,
2498 5169 2660 5224 quam
2698 5154 2923 5208 unicum
2955 5152 3196 5224 genitum
3228 5151 3323 5207 Dei
3353 5151 3489 5207 Ver-

1910 5247 2038 5302 bum
2059 5286 2074 5312 ,
2107 5261 2388 5316 nunquam
2419 5245 2692 5301 universis
2724 5244 2972 5302 euincere
3003 5244 3204 5300 desinit
3228 5283 3244 5308 ,
3274 5242 3341 5297 ad
3368 5257 3488 5297 om-

1910 5339 2006 5392 nia
2045 5346 2191 5392 γονον
2215 5318 2514 5407 penetrans
2557 5341 2614 5390 et
2651 5334 2894 5405 undique
2930 5334 3113 5390 omnia
3147 5347 3483 5405 peragrans,

1913 5430 2144 5485 salutem
2181 5429 2427 5483 omnium
2447 5427 2731 5499 aequaliter
2758 5426 3030 5497 providet,
3048 5436 3104 5482 et
3129 5424 3480 5481 rationalium

1910 5530 1967 5578 et
2018 5522 2346 5581 hrutorum.
2395 5526 2450 5574 et
2498 5521 2811 5576 mortalium
2855 5527 2911 5583 et
2956 5518 3386 5577 immortalium.
3430 5520 3487 5570 et

1913 5610 2226 5665 caelestium
2258 5617 2311 5663 et
2337 5607 2684 5664 terrestrium
2708 5647 2724 5674 ,
2767 5607 3081 5664 divinarum
3122 5622 3343 5679 quoque
3383 5620 3487 5677 po-

1914 5708 2174 5759 testatum
2198 5739 2212 5767 ,
2248 5707 2411 5771 atque
2439 5714 2627 5758 earum
2653 5715 2773 5771 qua:
2797 5707 3053 5772 aspectus
3094 5707 3314 5754 nostros
3347 5696 3486 5752 effu-

3172 5795 3210 5854 9
