  <div class='ocr_page' id='page_1' title='image "/cluster/home/n/w/nwhite01/storage/ocr_20150623/22/nnc1.0046978372/149.png"; bbox 0 0 3828 6216; ppageno 0'>
   <div class='ocr_carea' id='block_1_1' title="bbox 358 196 467 251">
    <p class='ocr_par' dir='ltr' id='par_1_1' title="bbox 358 196 467 251">
     <span class='ocr_line' id='line_1_1' title="bbox 358 196 467 251; baseline -0.009 0"><span class='ocrx_word' id='word_1_1' title='bbox 358 196 467 251; x_wconf 75' lang='lat'><strong>267</strong></span> 
     </span>
    </p>
   </div>
   <div class='ocr_carea' id='block_1_2' title="bbox 1023 186 2938 249">
    <p class='ocr_par' dir='ltr' id='par_1_2' title="bbox 1023 186 2938 249">
     <span class='ocr_line' id='line_1_2' title="bbox 1023 186 2938 249; baseline 0.001 -3"><span class='ocrx_word' id='word_1_2' title='bbox 1023 190 1297 249; x_wconf 78' lang='lat' dir='ltr'><strong>EUSEBII</strong></span> <span class='ocrx_word' id='word_1_3' title='bbox 1334 186 1814 246; x_wconf 61' lang='lat' dir='ltr'><strong>CESARIENSIS</strong></span> <span class='ocrx_word' id='word_1_4' title='bbox 1852 188 2002 245; x_wconf 86' lang='lat' dir='ltr'><strong>OPP.</strong></span> <span class='ocrx_word' id='word_1_5' title='bbox 2041 187 2223 244; x_wconf 75' lang='lat' dir='ltr'><strong>PARS</strong></span> <span class='ocrx_word' id='word_1_6' title='bbox 2254 187 2296 242; x_wconf 87' lang='grc' dir='ltr'><strong>ἰ.</strong></span> <span class='ocrx_word' id='word_1_7' title='bbox 2332 221 2400 230; x_wconf 89' lang='grc'><strong><em>-</em></strong></span> <span class='ocrx_word' id='word_1_8' title='bbox 2439 189 2938 247; x_wconf 79' lang='lat' dir='ltr'><strong>APOLOGETICA.</strong></span> 
     </span>
    </p>
   </div>
   <div class='ocr_carea' id='block_1_3' title="bbox 3511 196 3613 252">
    <p class='ocr_par' dir='ltr' id='par_1_3' title="bbox 3511 196 3613 252">
     <span class='ocr_line' id='line_1_3' title="bbox 3511 196 3613 252; baseline 0 0"><span class='ocrx_word' id='word_1_9' title='bbox 3511 196 3613 252; x_wconf 77' lang='lat'><strong>268</strong></span> 
     </span>
    </p>
   </div>
   <div class='ocr_carea' id='block_1_4' title="bbox 357 308 1896 390">
    <p class='ocr_par' dir='ltr' id='par_1_4' title="bbox 357 308 1893 390">
     <span class='ocr_line' id='line_1_4' title="bbox 357 308 1893 390; baseline -0.008 -17"><span class='ocrx_word' id='word_1_10' title='bbox 357 320 546 390; x_wconf 76' lang='lat' dir='ltr'><strong>giunt,</strong></span> <span class='ocrx_word' id='word_1_11' title='bbox 594 314 831 385; x_wconf 78' lang='lat' dir='ltr'><strong>denique</strong></span> <span class='ocrx_word' id='word_1_12' title='bbox 878 314 1122 368; x_wconf 89' lang='lat' dir='ltr'><strong>omnium</strong></span> <span class='ocrx_word' id='word_1_13' title='bbox 1168 325 1513 382; x_wconf 68' lang='lat' dir='ltr'><strong>quaecunque</strong></span> <span class='ocrx_word' id='word_1_14' title='bbox 1547 324 1644 379; x_wconf 91' lang='lat' dir='ltr'><strong>per</strong></span> <span class='ocrx_word' id='word_1_15' title='bbox 1688 308 1838 363; x_wconf 91' lang='lat' dir='ltr'><strong>illum</strong></span> <span class='ocrx_word' id='word_1_16' title='bbox 1879 309 1893 361; x_wconf 92' lang='lat' dir='ltr'><strong>i</strong></span> 
     </span>
    </p>
   </div>
   <div class='ocr_carea' id='block_1_5' title="bbox 2039 308 3613 390">
    <p class='ocr_par' dir='ltr' id='par_1_5' title="bbox 2039 308 3613 385">
     <span class='ocr_line' id='line_1_5' title="bbox 2039 308 3613 385; baseline 0.004 -23"><span class='ocrx_word' id='word_1_17' title='bbox 2039 325 2149 377; x_wconf 87' lang='grc' dir='ltr'><strong>γων</strong></span> <span class='ocrx_word' id='word_1_18' title='bbox 2201 308 2404 373; x_wconf 80' lang='grc' dir='ltr'>πάσαις</span> <span class='ocrx_word' id='word_1_19' title='bbox 2456 309 2761 382; x_wconf 82' lang='grc' dir='ltr'><strong>ἀνημέροις</strong></span> <span class='ocrx_word' id='word_1_20' title='bbox 2828 311 2924 363; x_wconf 76' lang='grc' dir='ltr'><strong>καὶ</strong></span> <span class='ocrx_word' id='word_1_21' title='bbox 2974 310 3297 376; x_wconf 79' lang='grc' dir='ltr'><strong>ἀκολάστοις</strong></span> <span class='ocrx_word' id='word_1_22' title='bbox 3350 313 3613 385; x_wconf 81' lang='grc' dir='ltr'><strong>πράξεσιν</strong></span> 
     </span>
    </p>
   </div>
   <div class='ocr_carea' id='block_1_6' title="bbox 355 404 1931 482">
    <p class='ocr_par' dir='ltr' id='par_1_6' title="bbox 355 404 1931 482">
     <span class='ocr_line' id='line_1_6' title="bbox 355 404 1931 482; baseline -0.004 -17"><span class='ocrx_word' id='word_1_23' title='bbox 355 410 501 482; x_wconf 87' lang='lat' dir='ltr'><strong>quod</strong></span> <span class='ocrx_word' id='word_1_24' title='bbox 547 414 677 465; x_wconf 86' lang='lat' dir='ltr'><strong>sunt</strong></span> <span class='ocrx_word' id='word_1_25' title='bbox 720 420 1011 476; x_wconf 87' lang='lat' dir='ltr'><strong>accepere,</strong></span> <span class='ocrx_word' id='word_1_26' title='bbox 1058 405 1219 476; x_wconf 89' lang='lat' dir='ltr'><strong>longe</strong></span> <span class='ocrx_word' id='word_1_27' title='bbox 1259 412 1440 459; x_wconf 89' lang='lat' dir='ltr'><strong>tamen</strong></span> <span class='ocrx_word' id='word_1_28' title='bbox 1486 404 1723 474; x_wconf 83' lang='lat' dir='ltr'><strong>amplius</strong></span> <span class='ocrx_word' id='word_1_29' title='bbox 1765 411 1931 473; x_wconf 87' lang='lat' dir='ltr'><strong>atque</strong></span> 
     </span>
    </p>
   </div>
   <div class='ocr_carea' id='block_1_7' title="bbox 351 496 1930 568">
    <p class='ocr_par' dir='ltr' id='par_1_7' title="bbox 351 496 1930 568">
     <span class='ocr_line' id='line_1_7' title="bbox 351 496 1930 568; baseline -0.006 -9"><span class='ocrx_word' id='word_1_30' title='bbox 351 500 712 559; x_wconf 73' lang='lat' dir='ltr'><strong>excellentius</strong></span> <span class='ocrx_word' id='word_1_31' title='bbox 739 497 1092 568; x_wconf 84' lang='lat' dir='ltr'><strong>intelligentis</strong></span> <span class='ocrx_word' id='word_1_32' title='bbox 1117 496 1513 566; x_wconf 87' lang='lat' dir='ltr'><strong>rationalisque</strong></span> <span class='ocrx_word' id='word_1_33' title='bbox 1543 505 1773 559; x_wconf 72' lang='lat' dir='ltr'><strong>naturae,</strong></span> <span class='ocrx_word' id='word_1_34' title='bbox 1799 510 1930 566; x_wconf 87' lang='lat' dir='ltr'><strong>pro-</strong></span> 
     </span>
    </p>
   </div>
   <div class='ocr_carea' id='block_1_8' title="bbox 351 586 1931 665">
    <p class='ocr_par' dir='ltr' id='par_1_8' title="bbox 351 586 1931 665">
     <span class='ocr_line' id='line_1_8' title="bbox 351 586 1931 665; baseline -0.004 -20"><span class='ocrx_word' id='word_1_35' title='bbox 351 605 470 663; x_wconf 85' lang='lat' dir='ltr'><strong>pter</strong></span> <span class='ocrx_word' id='word_1_36' title='bbox 492 608 654 665; x_wconf 91' lang='lat' dir='ltr'><strong>quam</strong></span> <span class='ocrx_word' id='word_1_37' title='bbox 683 606 753 646; x_wconf 88' lang='lat' dir='ltr'><strong>ne</strong></span> <span class='ocrx_word' id='word_1_38' title='bbox 780 589 1081 644; x_wconf 89' lang='lat' dir='ltr'><strong>humanum</strong></span> <span class='ocrx_word' id='word_1_39' title='bbox 1113 586 1331 658; x_wconf 83' lang='lat' dir='ltr'><strong>quidem</strong></span> <span class='ocrx_word' id='word_1_40' title='bbox 1361 593 1688 656; x_wconf 76' lang='lat' dir='ltr'><strong>aspernatus</strong></span> <span class='ocrx_word' id='word_1_41' title='bbox 1717 593 1803 641; x_wconf 90' lang='lat' dir='ltr'><strong>est</strong></span> <span class='ocrx_word' id='word_1_42' title='bbox 1836 600 1931 655; x_wconf 83' lang='lat' dir='ltr'><strong>ge-</strong></span> 
     </span>
    </p>
   </div>
   <div class='ocr_carea' id='block_1_9' title="bbox 349 678 1924 752">
    <p class='ocr_par' dir='ltr' id='par_1_9' title="bbox 349 678 1924 752">
     <span class='ocr_line' id='line_1_9' title="bbox 349 678 1924 752; baseline -0.007 -9"><span class='ocrx_word' id='word_1_43' title='bbox 349 703 487 750; x_wconf 89' lang='lat' dir='ltr'><strong>nus,</strong></span> <span class='ocrx_word' id='word_1_44' title='bbox 526 685 619 743; x_wconf 91' lang='lat' dir='ltr'><strong>sed</strong></span> <span class='ocrx_word' id='word_1_45' title='bbox 652 686 862 739; x_wconf 78' lang='lat' dir='ltr'><strong>honbre</strong></span> <span class='ocrx_word' id='word_1_46' title='bbox 891 680 1075 752; x_wconf 79' lang='lat' dir='ltr'><strong>potius</strong></span> <span class='ocrx_word' id='word_1_47' title='bbox 1101 689 1155 735; x_wconf 91' lang='lat' dir='ltr'><strong>et</strong></span> <span class='ocrx_word' id='word_1_48' title='bbox 1183 693 1315 733; x_wconf 88' lang='lat' dir='ltr'><strong>cura</strong></span> <span class='ocrx_word' id='word_1_49' title='bbox 1344 678 1547 748; x_wconf 80' lang='lat' dir='ltr'><strong>ingenti</strong></span> <span class='ocrx_word' id='word_1_50' title='bbox 1574 684 1924 749; x_wconf 87' lang='lat' dir='ltr'><strong>prosecutus,</strong></span> 
     </span>
    </p>
   </div>
   <div class='ocr_carea' id='block_1_10' title="bbox 307 771 1925 851">
    <p class='ocr_par' dir='ltr' id='par_1_10' title="bbox 307 771 1925 851">
     <span class='ocr_line' id='line_1_10' title="bbox 307 771 1925 851; baseline -0.008 -12"><span class='ocrx_word' id='word_1_51' title='bbox 307 782 315 817; x_wconf 73' lang='grc'><strong><em>⁵</em></strong></span> <span class='ocrx_word' id='word_1_52' title='bbox 347 784 420 838; x_wconf 89' lang='lat' dir='ltr'><strong>ob</strong></span> <span class='ocrx_word' id='word_1_53' title='bbox 453 779 759 851; x_wconf 87' lang='lat' dir='ltr'><strong>appositam</strong></span> <span class='ocrx_word' id='word_1_54' title='bbox 804 774 1157 847; x_wconf 80' lang='lat' dir='ltr'><strong>peculiariter</strong></span> <span class='ocrx_word' id='word_1_55' title='bbox 1205 772 1272 826; x_wconf 91' lang='lat' dir='ltr'><strong>ad</strong></span> <span class='ocrx_word' id='word_1_56' title='bbox 1314 772 1557 841; x_wconf 89' lang='lat' dir='ltr'><strong>seipsum</strong></span> <span class='ocrx_word' id='word_1_57' title='bbox 1598 771 1832 826; x_wconf 82' lang='lat' dir='ltr'><strong>rationis</strong></span> <span class='ocrx_word' id='word_1_58' title='bbox 1862 776 1925 826; x_wconf 79' lang='lat' dir='ltr'><strong>&#39;et</strong></span> 
     </span>
    </p>
   </div>
   <div class='ocr_carea' id='block_1_11' title="bbox 345 861 1922 933">
    <p class='ocr_par' dir='ltr' id='par_1_11' title="bbox 345 861 1922 933">
     <span class='ocr_line' id='line_1_11' title="bbox 345 861 1922 933; baseline -0.006 -7"><span class='ocrx_word' id='word_1_59' title='bbox 345 872 501 928; x_wconf 81' lang='lat' dir='ltr'><strong>verbi</strong></span> <span class='ocrx_word' id='word_1_60' title='bbox 553 867 1015 925; x_wconf 82' lang='lat' dir='ltr'><strong>necessitudinem</strong></span> <span class='ocrx_word' id='word_1_61' title='bbox 1064 872 1119 919; x_wconf 92' lang='lat' dir='ltr'><strong>et</strong></span> <span class='ocrx_word' id='word_1_62' title='bbox 1166 863 1652 933; x_wconf 91' lang='lat' dir='ltr'><strong>conjunctionem,</strong></span> <span class='ocrx_word' id='word_1_63' title='bbox 1702 861 1759 915; x_wconf 94' lang='lat' dir='ltr'><strong>in</strong></span> <span class='ocrx_word' id='word_1_64' title='bbox 1812 876 1922 931; x_wconf 90' lang='lat' dir='ltr'><strong>qua</strong></span> 
     </span>
    </p>
   </div>
   <div class='ocr_carea' id='block_1_12' title="bbox 341 952 1918 1031">
    <p class='ocr_par' dir='ltr' id='par_1_12' title="bbox 341 952 1918 1031">
     <span class='ocr_line' id='line_1_12' title="bbox 341 952 1918 1031; baseline -0.009 -12"><span class='ocrx_word' id='word_1_65' title='bbox 341 965 509 1020; x_wconf 88' lang='lat' dir='ltr'><strong>etiam</strong></span> <span class='ocrx_word' id='word_1_66' title='bbox 556 961 625 1016; x_wconf 90' lang='lat' dir='ltr'><strong>ad</strong></span> <span class='ocrx_word' id='word_1_67' title='bbox 672 958 848 1031; x_wconf 87' lang='lat' dir='ltr'><strong>ipsius</strong></span> <span class='ocrx_word' id='word_1_68' title='bbox 890 958 1216 1028; x_wconf 87' lang='lat' dir='ltr'><strong>imaginem,</strong></span> <span class='ocrx_word' id='word_1_69' title='bbox 1265 954 1495 1009; x_wconf 81' lang='lat' dir='ltr'><strong>formam</strong></span> <span class='ocrx_word' id='word_1_70' title='bbox 1540 952 1821 1022; x_wconf 86' lang='lat' dir='ltr'><strong>accepisse</strong></span> <span class='ocrx_word' id='word_1_71' title='bbox 1861 952 1918 1005; x_wconf 90' lang='lat' dir='ltr'><strong>in</strong></span> 
     </span>
    </p>
   </div>
   <div class='ocr_carea' id='block_1_13' title="bbox 343 1044 1919 1114">
    <p class='ocr_par' dir='ltr' id='par_1_13' title="bbox 343 1044 1919 1114">
     <span class='ocr_line' id='line_1_13' title="bbox 343 1044 1919 1114; baseline -0.01 -2"><span class='ocrx_word' id='word_1_72' title='bbox 343 1055 520 1112; x_wconf 92' lang='lat' dir='ltr'><strong>sacris</strong></span> <span class='ocrx_word' id='word_1_73' title='bbox 549 1053 791 1109; x_wconf 88' lang='lat' dir='ltr'><strong>oraculis</strong></span> <span class='ocrx_word' id='word_1_74' title='bbox 826 1050 1034 1105; x_wconf 91' lang='lat' dir='ltr'><strong>dictum</strong></span> <span class='ocrx_word' id='word_1_75' title='bbox 1064 1055 1167 1104; x_wconf 76' lang='lat' dir='ltr'><strong>est.</strong></span> <span class='ocrx_word' id='word_1_76' title='bbox 1206 1044 1314 1102; x_wconf 88' lang='lat' dir='ltr'><strong>Sed</strong></span> <span class='ocrx_word' id='word_1_77' title='bbox 1356 1045 1449 1100; x_wconf 91' lang='lat' dir='ltr'><strong>ille</strong></span> <span class='ocrx_word' id='word_1_78' title='bbox 1497 1044 1718 1114; x_wconf 88' lang='lat' dir='ltr'><strong>quidem</strong></span> <span class='ocrx_word' id='word_1_79' title='bbox 1763 1058 1919 1099; x_wconf 88' lang='lat' dir='ltr'><strong>suam</strong></span> 
     </span>
    </p>
   </div>
   <div class='ocr_carea' id='block_1_14' title="bbox 341 1135 1919 1219">
    <p class='ocr_par' dir='ltr' id='par_1_14' title="bbox 341 1135 1919 1219">
     <span class='ocr_line' id='line_1_14' title="bbox 341 1135 1919 1219; baseline -0.009 -16"><span class='ocrx_word' id='word_1_80' title='bbox 341 1149 518 1219; x_wconf 90' lang='lat' dir='ltr'><strong>ipsius</strong></span> <span class='ocrx_word' id='word_1_81' title='bbox 562 1145 892 1216; x_wconf 86' lang='lat' dir='ltr'><strong>imaginem,</strong></span> <span class='ocrx_word' id='word_1_82' title='bbox 936 1148 1198 1211; x_wconf 87' lang='lat' dir='ltr'><strong>tanquam</strong></span> <span class='ocrx_word' id='word_1_83' title='bbox 1241 1137 1335 1194; x_wconf 88' lang='lat' dir='ltr'><strong>Dei</strong></span> <span class='ocrx_word' id='word_1_84' title='bbox 1386 1135 1621 1192; x_wconf 81' lang='lat' dir='ltr'><strong>Verbum</strong></span> <span class='ocrx_word' id='word_1_85' title='bbox 1664 1144 1919 1191; x_wconf 87' lang='lat' dir='ltr'><strong>cunctam</strong></span> 
     </span>
    </p>
   </div>
   <div class='ocr_carea' id='block_1_15' title="bbox 340 1226 1919 1309">
    <p class='ocr_par' dir='ltr' id='par_1_15' title="bbox 340 1226 1919 1309">
     <span class='ocr_line' id='line_1_15' title="bbox 340 1226 1919 1309; baseline -0.008 -16"><span class='ocrx_word' id='word_1_86' title='bbox 340 1237 716 1309; x_wconf 63' lang='lat' dir='ltr'><strong>intelligentia</strong></span> <span class='ocrx_word' id='word_1_87' title='bbox 747 1244 802 1291; x_wconf 89' lang='lat' dir='ltr'><strong>et</strong></span> <span class='ocrx_word' id='word_1_88' title='bbox 830 1232 1063 1288; x_wconf 87' lang='lat' dir='ltr'><strong>rationis</strong></span> <span class='ocrx_word' id='word_1_89' title='bbox 1093 1245 1350 1301; x_wconf 87' lang='lat' dir='ltr'><strong>capacem</strong></span> <span class='ocrx_word' id='word_1_90' title='bbox 1381 1236 1637 1283; x_wconf 88' lang='lat' dir='ltr'><strong>naturam</strong></span> <span class='ocrx_word' id='word_1_91' title='bbox 1658 1266 1674 1294; x_wconf 84' lang='lat'><strong>,</strong></span> <span class='ocrx_word' id='word_1_92' title='bbox 1707 1227 1777 1281; x_wconf 90' lang='lat' dir='ltr'><strong>ab</strong></span> <span class='ocrx_word' id='word_1_93' title='bbox 1810 1226 1919 1280; x_wconf 89' lang='lat' dir='ltr'><strong>ini-</strong></span> 
     </span>
    </p>
   </div>
   <div class='ocr_carea' id='block_1_16' title="bbox 2039 401 3614 476">
    <p class='ocr_par' dir='ltr' id='par_1_16' title="bbox 2039 401 3614 476">
     <span class='ocr_line' id='line_1_16' title="bbox 2039 401 3614 476; baseline 0.006 -22"><span class='ocrx_word' id='word_1_94' title='bbox 2039 401 2325 474; x_wconf 79' lang='grc' dir='ltr'><strong>ἐγχειρῶν.</strong></span> <span class='ocrx_word' id='word_1_95' title='bbox 2381 402 2583 456; x_wconf 84' lang='grc' dir='ltr'>Εἰκότα</span> <span class='ocrx_word' id='word_1_96' title='bbox 2627 403 2758 471; x_wconf 80' lang='grc' dir='ltr'>γοῦν</span> <span class='ocrx_word' id='word_1_97' title='bbox 2802 402 2983 475; x_wconf 76' lang='grc' dir='ltr'>ἑαυτῷ</span> <span class='ocrx_word' id='word_1_98' title='bbox 3032 404 3200 459; x_wconf 84' lang='grc' dir='ltr'>ποιῶν</span> <span class='ocrx_word' id='word_1_99' title='bbox 3230 407 3259 458; x_wconf 83' lang='grc' dir='ltr'>ὁ</span> <span class='ocrx_word' id='word_1_100' title='bbox 3303 409 3614 476; x_wconf 84' lang='grc' dir='ltr'>πανάγαθος</span> 
     </span>
    </p>
   </div>
   <div class='ocr_carea' id='block_1_17' title="bbox 2038 495 3613 567">
    <p class='ocr_par' dir='ltr' id='par_1_17' title="bbox 2038 495 3613 567">
     <span class='ocr_line' id='line_1_17' title="bbox 2038 495 3613 567; baseline 0.004 -18"><span class='ocrx_word' id='word_1_101' title='bbox 2038 495 2134 549; x_wconf 75' lang='grc' dir='ltr'>καὶ</span> <span class='ocrx_word' id='word_1_102' title='bbox 2173 495 2551 567; x_wconf 77' lang='grc' dir='ltr'>παμϐασιλεὺς</span> <span class='ocrx_word' id='word_1_103' title='bbox 2602 496 2765 560; x_wconf 79' lang='grc' dir='ltr'>αὐτὸς</span> <span class='ocrx_word' id='word_1_104' title='bbox 2813 499 2843 550; x_wconf 88' lang='grc' dir='ltr'>ὀ</span> <span class='ocrx_word' id='word_1_105' title='bbox 2891 495 3153 566; x_wconf 73' lang='grc' dir='ltr'>’Υψιστος</span> <span class='ocrx_word' id='word_1_106' title='bbox 3195 498 3292 553; x_wconf 74' lang='grc' dir='ltr'><strong>καὶ</strong></span> <span class='ocrx_word' id='word_1_107' title='bbox 3328 500 3460 565; x_wconf 77' lang='grc' dir='ltr'>Θεὸς</span> <span class='ocrx_word' id='word_1_108' title='bbox 3507 499 3613 555; x_wconf 80' lang='grc' dir='ltr'>τῶν</span> 
     </span>
    </p>
   </div>
   <div class='ocr_carea' id='block_1_18' title="bbox 2036 588 3615 665">
    <p class='ocr_par' dir='ltr' id='par_1_18' title="bbox 2036 588 3615 665">
     <span class='ocr_line' id='line_1_18' title="bbox 2036 588 3615 665; baseline 0.001 -23"><span class='ocrx_word' id='word_1_109' title='bbox 2036 588 2193 654; x_wconf 78' lang='grc' dir='ltr'>ὅλων,</span> <span class='ocrx_word' id='word_1_110' title='bbox 2226 588 2302 652; x_wconf 81' lang='grc' dir='ltr'>ὡς</span> <span class='ocrx_word' id='word_1_111' title='bbox 2336 588 2403 643; x_wconf 89' lang='grc' dir='ltr'><strong>ἂν</strong></span> <span class='ocrx_word' id='word_1_112' title='bbox 2440 588 2514 660; x_wconf 83' lang='grc' dir='ltr'>μὴ</span> <span class='ocrx_word' id='word_1_113' title='bbox 2544 588 2769 659; x_wconf 83' lang='grc' dir='ltr'>ἄναρχοι</span> <span class='ocrx_word' id='word_1_114' title='bbox 2795 589 2890 643; x_wconf 73' lang='grc' dir='ltr'>καὶ</span> <span class='ocrx_word' id='word_1_115' title='bbox 2919 590 3341 662; x_wconf 85' lang='grc' dir='ltr'>ἀνεπιστάτητοι</span> <span class='ocrx_word' id='word_1_116' title='bbox 3368 591 3615 665; x_wconf 83' lang='grc' dir='ltr'>θρεμμά-</span> 
     </span>
    </p>
   </div>
   <div class='ocr_carea' id='block_1_19' title="bbox 2034 675 3612 753">
    <p class='ocr_par' dir='ltr' id='par_1_19' title="bbox 2034 675 3612 753">
     <span class='ocr_line' id='line_1_19' title="bbox 2034 675 3612 753; baseline 0.001 -21"><span class='ocrx_word' id='word_1_117' title='bbox 2034 696 2142 732; x_wconf 87' lang='grc' dir='ltr'><strong>των</strong></span> <span class='ocrx_word' id='word_1_118' title='bbox 2175 679 2332 749; x_wconf 85' lang='grc' dir='ltr'>δίκην</span> <span class='ocrx_word' id='word_1_119' title='bbox 2371 679 2583 748; x_wconf 78' lang='grc' dir='ltr'><strong>ἀλόγων</strong></span> <span class='ocrx_word' id='word_1_120' title='bbox 2613 675 2722 733; x_wconf 79' lang='grc' dir='ltr'>εἷεν</span> <span class='ocrx_word' id='word_1_121' title='bbox 2770 682 2819 733; x_wconf 80' lang='grc' dir='ltr'><strong>οἱ</strong></span> <span class='ocrx_word' id='word_1_122' title='bbox 2849 680 2943 734; x_wconf 76' lang='grc' dir='ltr'>ἐπὶ</span> <span class='ocrx_word' id='word_1_123' title='bbox 2979 682 3082 752; x_wconf 84' lang='grc' dir='ltr'>γῆς</span> <span class='ocrx_word' id='word_1_124' title='bbox 3132 680 3427 751; x_wconf 78' lang='grc' dir='ltr'>ἄνθρωποι,</span> <span class='ocrx_word' id='word_1_125' title='bbox 3477 698 3612 753; x_wconf 86' lang='grc' dir='ltr'>προ-</span> 
     </span>
    </p>
   </div>
   <div class='ocr_carea' id='block_1_20' title="bbox 2033 772 3613 846">
    <p class='ocr_par' dir='ltr' id='par_1_20' title="bbox 2033 772 3613 846">
     <span class='ocr_line' id='line_1_20' title="bbox 2033 772 3613 846; baseline 0 -20"><span class='ocrx_word' id='word_1_126' title='bbox 2033 773 2232 837; x_wconf 87' lang='grc' dir='ltr'>στάτας</span> <span class='ocrx_word' id='word_1_127' title='bbox 2265 773 2443 827; x_wconf 78' lang='grc' dir='ltr'>αὐτῶν</span> <span class='ocrx_word' id='word_1_128' title='bbox 2476 774 2571 827; x_wconf 77' lang='grc' dir='ltr'>καὶ</span> <span class='ocrx_word' id='word_1_129' title='bbox 2604 772 2940 845; x_wconf 75' lang='grc' dir='ltr'>ἐπιμελητὰς</span> <span class='ocrx_word' id='word_1_130' title='bbox 2972 773 3160 846; x_wconf 81' lang='grc' dir='ltr'>ὥσπερ</span> <span class='ocrx_word' id='word_1_131' title='bbox 3202 774 3354 838; x_wconf 83' lang='grc' dir='ltr'>τινὰς</span> <span class='ocrx_word' id='word_1_132' title='bbox 3380 773 3613 846; x_wconf 84' lang='grc' dir='ltr'>ἀγελάρ-</span> 
     </span>
    </p>
   </div>
   <div class='ocr_carea' id='block_1_21' title="bbox 2028 866 3610 939">
    <p class='ocr_par' dir='ltr' id='par_1_21' title="bbox 2028 866 3610 939">
     <span class='ocr_line' id='line_1_21' title="bbox 2028 866 3610 939; baseline 0.001 -20"><span class='ocrx_word' id='word_1_133' title='bbox 2028 884 2129 938; x_wconf 86' lang='grc' dir='ltr'>χας</span> <span class='ocrx_word' id='word_1_134' title='bbox 2186 866 2280 920; x_wconf 83' lang='grc' dir='ltr'>καὶ</span> <span class='ocrx_word' id='word_1_135' title='bbox 2328 866 2618 937; x_wconf 85' lang='grc' dir='ltr'><strong>ποιμένας,</strong></span> <span class='ocrx_word' id='word_1_136' title='bbox 2670 866 2850 930; x_wconf 86' lang='grc' dir='ltr'>θείους</span> <span class='ocrx_word' id='word_1_137' title='bbox 2900 867 3165 936; x_wconf 82' lang='grc' dir='ltr'><strong>ἀγγέλους</strong></span> <span class='ocrx_word' id='word_1_138' title='bbox 3213 870 3610 939; x_wconf 82' lang='grc' dir='ltr'><strong>κατεστήσατο,</strong></span> 
     </span>
    </p>
   </div>
   <div class='ocr_carea' id='block_1_22' title="bbox 2027 947 3614 1030">
    <p class='ocr_par' dir='ltr' id='par_1_22' title="bbox 2027 947 3614 1030">
     <span class='ocr_line' id='line_1_22' title="bbox 2027 947 3614 1030; baseline 0.002 -21"><span class='ocrx_word' id='word_1_139' title='bbox 2027 955 2303 1027; x_wconf 79' lang='grc' dir='ltr'>προτάξας</span> <span class='ocrx_word' id='word_1_140' title='bbox 2334 957 2589 1010; x_wconf 85' lang='grc' dir='ltr'>ἁπάντων</span> <span class='ocrx_word' id='word_1_141' title='bbox 2625 957 2718 1010; x_wconf 79' lang='grc' dir='ltr'>καὶ</span> <span class='ocrx_word' id='word_1_142' title='bbox 2740 959 2852 1020; x_wconf 86' lang='grc' dir='ltr'>τοῖς</span> <span class='ocrx_word' id='word_1_143' title='bbox 2875 959 3040 1030; x_wconf 80' lang='grc' dir='ltr'>πᾶσιν</span> <span class='ocrx_word' id='word_1_144' title='bbox 3067 959 3370 1030; x_wconf 75' lang='grc' dir='ltr'>ἐπιστήσας</span> <span class='ocrx_word' id='word_1_145' title='bbox 3393 959 3486 1012; x_wconf 84' lang='grc' dir='ltr'><strong>τὸν</strong></span> 
     </span>
    </p>
   </div>
   <div class='ocr_carea' id='block_1_23' title="bbox 2024 1029 3613 1122">
    <p class='ocr_par' dir='ltr' id='par_1_23' title="bbox 2024 1029 3613 1122">
     <span class='ocr_line' id='line_1_23' title="bbox 2024 1029 3613 1122; baseline 0.001 -20"><span class='ocrx_word' id='word_1_146' title='bbox 2024 1048 2218 1118; x_wconf 85' lang='grc' dir='ltr'>νογενῆ</span> <span class='ocrx_word' id='word_1_147' title='bbox 2249 1048 2342 1101; x_wconf 78' lang='grc' dir='ltr'>καὶ</span> <span class='ocrx_word' id='word_1_148' title='bbox 2369 1048 2713 1120; x_wconf 80' lang='grc' dir='ltr'>πρωτότοκον</span> <span class='ocrx_word' id='word_1_149' title='bbox 2755 1048 2920 1102; x_wconf 81' lang='grc' dir='ltr'>αὑτοῦ</span> <span class='ocrx_word' id='word_1_150' title='bbox 2951 1029 3144 1119; x_wconf 76' lang='grc' dir='ltr'>λόγον.</span> <span class='ocrx_word' id='word_1_151' title='bbox 3182 1029 3369 1121; x_wconf 80' lang='grc' dir='ltr'>Τούτῳ</span> <span class='ocrx_word' id='word_1_152' title='bbox 3393 1051 3450 1104; x_wconf 82' lang='grc' dir='ltr'>δὲ</span> <span class='ocrx_word' id='word_1_153' title='bbox 3482 1029 3613 1122; x_wconf 81' lang='grc' dir='ltr'>κλῆ-</span> 
     </span>
    </p>
   </div>
   <div class='ocr_carea' id='block_1_24' title="bbox 2026 1137 3614 1212">
    <p class='ocr_par' dir='ltr' id='par_1_24' title="bbox 2026 1137 3614 1212">
     <span class='ocr_line' id='line_1_24' title="bbox 2026 1137 3614 1212; baseline 0.004 -22"><span class='ocrx_word' id='word_1_154' title='bbox 2026 1156 2119 1209; x_wconf 91' lang='grc' dir='ltr'><strong>ρον</strong></span> <span class='ocrx_word' id='word_1_155' title='bbox 2140 1137 2440 1209; x_wconf 74' lang='grc' dir='ltr'>ἐξαίρετον,</span> <span class='ocrx_word' id='word_1_156' title='bbox 2463 1140 2662 1203; x_wconf 82' lang='grc' dir='ltr'>αὐτοὺς</span> <span class='ocrx_word' id='word_1_157' title='bbox 2691 1139 2959 1208; x_wconf 79' lang='grc' dir='ltr'><strong>ἀγγέλους</strong></span> <span class='ocrx_word' id='word_1_158' title='bbox 2980 1141 3075 1193; x_wconf 73' lang='grc' dir='ltr'><strong>καὶ</strong></span> <span class='ocrx_word' id='word_1_159' title='bbox 3094 1142 3489 1212; x_wconf 83' lang='grc' dir='ltr'>ἀρχαγγέλους,</span> <span class='ocrx_word' id='word_1_160' title='bbox 3515 1144 3614 1196; x_wconf 79' lang='grc' dir='ltr'><strong>καὶ</strong></span> 
     </span>
    </p>
   </div>
   <div class='ocr_carea' id='block_1_25' title="bbox 2022 1229 3607 1304">
    <p class='ocr_par' dir='ltr' id='par_1_25' title="bbox 2022 1229 3607 1304">
     <span class='ocr_line' id='line_1_25' title="bbox 2022 1229 3607 1304; baseline 0.004 -22"><span class='ocrx_word' id='word_1_161' title='bbox 2022 1229 2172 1293; x_wconf 83' lang='grc' dir='ltr'>θείας</span> <span class='ocrx_word' id='word_1_162' title='bbox 2202 1231 2481 1301; x_wconf 86' lang='grc' dir='ltr'>δυνάμεις,</span> <span class='ocrx_word' id='word_1_163' title='bbox 2515 1230 2655 1284; x_wconf 82' lang='grc' dir='ltr'><strong>ἇῦλά</strong></span> <span class='ocrx_word' id='word_1_164' title='bbox 2683 1248 2743 1284; x_wconf 89' lang='grc' dir='ltr'><strong>τε</strong></span> <span class='ocrx_word' id='word_1_165' title='bbox 2781 1231 2877 1284; x_wconf 66' lang='grc' dir='ltr'>καὶ</span> <span class='ocrx_word' id='word_1_166' title='bbox 2901 1233 3272 1304; x_wconf 76' lang='grc' dir='ltr'>ὑπερουράνια</span> <span class='ocrx_word' id='word_1_167' title='bbox 3294 1233 3607 1304; x_wconf 76' lang='grc' dir='ltr'>πνεύματα,</span> 
     </span>
    </p>
   </div>
   <div class='ocr_carea' id='block_1_26' title="bbox 340 1318 1896 1396">
    <p class='ocr_par' dir='ltr' id='par_1_26' title="bbox 340 1318 1896 1389">
     <span class='ocr_line' id='line_1_26' title="bbox 340 1318 1896 1389; baseline -0.01 -4"><span class='ocrx_word' id='word_1_168' title='bbox 340 1334 416 1386; x_wconf 92' lang='lat' dir='ltr'><strong>tio</strong></span> <span class='ocrx_word' id='word_1_169' title='bbox 447 1328 827 1385; x_wconf 78' lang='lat' dir='ltr'><strong>fabricationis</strong></span> <span class='ocrx_word' id='word_1_170' title='bbox 857 1323 1103 1380; x_wconf 79' lang='lat' dir='ltr'><strong>universi</strong></span> <span class='ocrx_word' id='word_1_171' title='bbox 1135 1322 1457 1385; x_wconf 88' lang='lat' dir='ltr'><strong>substituit,</strong></span> <span class='ocrx_word' id='word_1_172' title='bbox 1503 1328 1667 1389; x_wconf 85' lang='lat' dir='ltr'><strong>atque</strong></span> <span class='ocrx_word' id='word_1_173' title='bbox 1707 1318 1896 1374; x_wconf 64' lang='lat' dir='ltr'><strong>idcircc</strong></span> 
     </span>
    </p>
   </div>
   <div class='ocr_carea' id='block_1_27' title="bbox 2039 1318 3612 1396">
    <p class='ocr_par' dir='ltr' id='par_1_27' title="bbox 2039 1320 3612 1396">
     <span class='ocr_line' id='line_1_27' title="bbox 2039 1320 3612 1396; baseline 0.003 -23"><span class='ocrx_word' id='word_1_174' title='bbox 2039 1320 2114 1375; x_wconf 81' lang='grc' dir='ltr'><strong>ιαὶ</strong></span> <span class='ocrx_word' id='word_1_175' title='bbox 2150 1321 2254 1393; x_wconf 87' lang='grc' dir='ltr'>μὴν</span> <span class='ocrx_word' id='word_1_176' title='bbox 2286 1320 2507 1375; x_wconf 73' lang='grc' dir='ltr'>καὶτῶν</span> <span class='ocrx_word' id='word_1_177' title='bbox 2541 1322 2636 1374; x_wconf 74' lang='grc' dir='ltr'><strong>ἐπὶ</strong></span> <span class='ocrx_word' id='word_1_178' title='bbox 2664 1322 2769 1392; x_wconf 78' lang='grc' dir='ltr'>γῆς</span> <span class='ocrx_word' id='word_1_179' title='bbox 2791 1322 2888 1386; x_wconf 82' lang='grc' dir='ltr'><strong>τὰς</strong></span> <span class='ocrx_word' id='word_1_180' title='bbox 2920 1325 2978 1377; x_wconf 79' lang='grc' dir='ltr'>ἐν</span> <span class='ocrx_word' id='word_1_181' title='bbox 3008 1323 3313 1396; x_wconf 83' lang='grc' dir='ltr'>ἀνθρώποις</span> <span class='ocrx_word' id='word_1_182' title='bbox 3342 1324 3612 1394; x_wconf 72' lang='grc' dir='ltr'>θεοφιλεῖς</span> 
     </span>
    </p>
   </div>
   <div class='ocr_carea' id='block_1_28' title="bbox 338 1412 1896 1495">
    <p class='ocr_par' dir='ltr' id='par_1_28' title="bbox 338 1412 1896 1495">
     <span class='ocr_line' id='line_1_28' title="bbox 338 1412 1896 1495; baseline -0.01 -15"><span class='ocrx_word' id='word_1_183' title='bbox 338 1423 640 1495; x_wconf 86' lang='lat' dir='ltr'><strong>principem</strong></span> <span class='ocrx_word' id='word_1_184' title='bbox 670 1434 962 1490; x_wconf 81' lang='lat' dir='ltr'><strong>regemque</strong></span> <span class='ocrx_word' id='word_1_185' title='bbox 993 1414 1240 1470; x_wconf 91' lang='lat' dir='ltr'><strong>omnium</strong></span> <span class='ocrx_word' id='word_1_186' title='bbox 1288 1427 1631 1485; x_wconf 63' lang='lat' dir='ltr'><strong>quaecunque</strong></span> <span class='ocrx_word' id='word_1_187' title='bbox 1675 1412 1728 1466; x_wconf 91' lang='lat' dir='ltr'><strong>in</strong></span> <span class='ocrx_word' id='word_1_188' title='bbox 1771 1419 1896 1466; x_wconf 84' lang='lat' dir='ltr'><strong>terr:</strong></span> 
     </span>
    </p>
   </div>
   <div class='ocr_carea' id='block_1_29' title="bbox 2039 1412 3611 1495">
    <p class='ocr_par' dir='ltr' id='par_1_29' title="bbox 2039 1413 3611 1489">
     <span class='ocr_line' id='line_1_29' title="bbox 2039 1413 3611 1489; baseline 0.003 -23"><span class='ocrx_word' id='word_1_189' title='bbox 2039 1413 2200 1485; x_wconf 61' lang='grc' dir='ltr'>[κυχὰς</span> <span class='ocrx_word' id='word_1_190' title='bbox 2261 1413 2599 1484; x_wconf 74' lang='grc' dir='ltr'>ἀφωρίσατο,</span> <span class='ocrx_word' id='word_1_191' title='bbox 2659 1413 2853 1468; x_wconf 82' lang='grc' dir='ltr'>Ἰακὼὸ</span> <span class='ocrx_word' id='word_1_192' title='bbox 2902 1415 2996 1470; x_wconf 73' lang='grc' dir='ltr'>καὶ</span> <span class='ocrx_word' id='word_1_193' title='bbox 3058 1416 3277 1489; x_wconf 81' lang='grc' dir='ltr'>Ἰσραὴλ</span> <span class='ocrx_word' id='word_1_194' title='bbox 3339 1416 3611 1489; x_wconf 78' lang='grc' dir='ltr'>Ἐϐραίων</span> 
     </span>
    </p>
   </div>
   <div class='ocr_carea' id='block_1_30' title="bbox 336 1506 1896 1579">
    <p class='ocr_par' dir='ltr' id='par_1_30' title="bbox 336 1506 1896 1576">
     <span class='ocr_line' id='line_1_30' title="bbox 336 1506 1896 1576; baseline -0.008 -3"><span class='ocrx_word' id='word_1_195' title='bbox 336 1525 465 1573; x_wconf 87' lang='lat' dir='ltr'><strong>sunt</strong></span> <span class='ocrx_word' id='word_1_196' title='bbox 497 1514 816 1571; x_wconf 86' lang='lat' dir='ltr'><strong>animalium</strong></span> <span class='ocrx_word' id='word_1_197' title='bbox 838 1552 853 1576; x_wconf 90' lang='lat'><strong>,</strong></span> <span class='ocrx_word' id='word_1_198' title='bbox 883 1510 1168 1566; x_wconf 87' lang='lat' dir='ltr'><strong>constituit</strong></span> <span class='ocrx_word' id='word_1_199' title='bbox 1211 1508 1490 1563; x_wconf 78' lang='lat' dir='ltr'><strong>hominem</strong></span> <span class='ocrx_word' id='word_1_200' title='bbox 1512 1546 1529 1573; x_wconf 90' lang='lat'><strong>,</strong></span> <span class='ocrx_word' id='word_1_201' title='bbox 1570 1521 1809 1575; x_wconf 86' lang='lat' dir='ltr'><strong>eumque</strong></span> <span class='ocrx_word' id='word_1_202' title='bbox 1847 1506 1896 1560; x_wconf 88' lang='lat' dir='ltr'><strong>li-</strong></span> 
     </span>
    </p>
   </div>
   <div class='ocr_carea' id='block_1_31' title="bbox 2039 1506 2851 1579">
    <p class='ocr_par' dir='ltr' id='par_1_31' title="bbox 2039 1506 2851 1579">
     <span class='ocr_line' id='line_1_31' title="bbox 2039 1506 2851 1579; baseline 0.002 -20"><span class='ocrx_word' id='word_1_203' title='bbox 2039 1507 2366 1579; x_wconf 66' lang='grc' dir='ltr'>προσηγορίᾳ</span> <span class='ocrx_word' id='word_1_204' title='bbox 2390 1509 2653 1560; x_wconf 82' lang='grc' dir='ltr'>ὲπικαλου</span> <span class='ocrx_word' id='word_1_205' title='bbox 2662 1506 2851 1578; x_wconf 77' lang='grc' dir='ltr'>μένας.</span> 
     </span>
    </p>
   </div>
   <div class='ocr_carea' id='block_1_32' title="bbox 334 1600 3613 1677">
    <p class='ocr_par' dir='ltr' id='par_1_32' title="bbox 334 1600 3613 1677">
     <span class='ocr_line' id='line_1_32' title="bbox 334 1600 3613 1677; baseline -0.001 -11"><span class='ocrx_word' id='word_1_206' title='bbox 334 1612 526 1667; x_wconf 87' lang='lat' dir='ltr'><strong>berum</strong></span> <span class='ocrx_word' id='word_1_207' title='bbox 559 1617 613 1664; x_wconf 91' lang='lat' dir='ltr'><strong>et</strong></span> <span class='ocrx_word' id='word_1_208' title='bbox 644 1623 757 1664; x_wconf 68' lang='lat' dir='ltr'><strong>sua:</strong></span> <span class='ocrx_word' id='word_1_209' title='bbox 790 1608 966 1677; x_wconf 89' lang='lat' dir='ltr'><strong>ipsius</strong></span> <span class='ocrx_word' id='word_1_210' title='bbox 997 1603 1285 1675; x_wconf 83' lang='lat' dir='ltr'><strong>potestatis</strong></span> <span class='ocrx_word' id='word_1_211' title='bbox 1317 1602 1555 1667; x_wconf 88' lang='lat' dir='ltr'><strong>dimisit,</strong></span> <span class='ocrx_word' id='word_1_212' title='bbox 1591 1617 1701 1673; x_wconf 86' lang='lat' dir='ltr'><strong>qua</strong></span> <span class='ocrx_word' id='word_1_213' title='bbox 1741 1609 1797 1657; x_wconf 91' lang='lat' dir='ltr'><strong>et</strong></span> <span class='ocrx_word' id='word_1_214' title='bbox 1835 1600 1902 1655; x_wconf 89' lang='lat' dir='ltr'><strong>ad</strong></span> <span class='ocrx_word' id='word_1_215' title='bbox 1937 1602 2140 1656; x_wconf 90' lang='lat' dir='ltr'><strong>bonum</strong></span> <span class='ocrx_word' id='word_1_216' title='bbox 2162 1641 2177 1666; x_wconf 89' lang='lat'><strong>,</strong></span> <span class='ocrx_word' id='word_1_217' title='bbox 2220 1612 2274 1657; x_wconf 91' lang='lat' dir='ltr'><strong>et</strong></span> <span class='ocrx_word' id='word_1_218' title='bbox 2301 1602 2369 1656; x_wconf 86' lang='lat' dir='ltr'><strong>ad</strong></span> <span class='ocrx_word' id='word_1_219' title='bbox 2406 1602 2536 1657; x_wconf 89' lang='lat' dir='ltr'><strong>boni</strong></span> <span class='ocrx_word' id='word_1_220' title='bbox 2566 1605 2904 1659; x_wconf 89' lang='lat' dir='ltr'><strong>contrarium</strong></span> <span class='ocrx_word' id='word_1_221' title='bbox 2939 1603 3067 1660; x_wconf 81' lang='lat' dir='ltr'><strong>ferri</strong></span> <span class='ocrx_word' id='word_1_222' title='bbox 3099 1613 3305 1675; x_wconf 89' lang='lat' dir='ltr'><strong>posset.</strong></span> <span class='ocrx_word' id='word_1_223' title='bbox 3347 1604 3451 1661; x_wconf 82' lang='lat' dir='ltr'><strong>Hic</strong></span> <span class='ocrx_word' id='word_1_224' title='bbox 3476 1621 3613 1662; x_wconf 82' lang='lat' dir='ltr'><strong>vero</strong></span> 
     </span>
    </p>
   </div>
   <div class='ocr_carea' id='block_1_33' title="bbox 332 1696 3610 1772">
    <p class='ocr_par' dir='ltr' id='par_1_33' title="bbox 332 1696 3610 1772">
     <span class='ocr_line' id='line_1_33' title="bbox 332 1696 3610 1772; baseline -0.001 -11"><span class='ocrx_word' id='word_1_225' title='bbox 332 1721 442 1761; x_wconf 89' lang='lat' dir='ltr'><strong>non</strong></span> <span class='ocrx_word' id='word_1_226' title='bbox 472 1706 611 1760; x_wconf 86' lang='lat' dir='ltr'><strong>bene</strong></span> <span class='ocrx_word' id='word_1_227' title='bbox 644 1719 742 1758; x_wconf 86' lang='lat' dir='ltr'><strong>sua</strong></span> <span class='ocrx_word' id='word_1_228' title='bbox 784 1701 960 1772; x_wconf 89' lang='lat' dir='ltr'><strong>ipsius</strong></span> <span class='ocrx_word' id='word_1_229' title='bbox 999 1705 1268 1769; x_wconf 86' lang='lat' dir='ltr'><strong>potestate</strong></span> <span class='ocrx_word' id='word_1_230' title='bbox 1309 1712 1479 1766; x_wconf 90' lang='lat' dir='ltr'><strong>usus,</strong></span> <span class='ocrx_word' id='word_1_231' title='bbox 1519 1704 1575 1753; x_wconf 90' lang='lat' dir='ltr'><strong>et</strong></span> <span class='ocrx_word' id='word_1_232' title='bbox 1608 1712 1638 1751; x_wconf 87' lang='lat' dir='ltr'><strong>a</strong></span> <span class='ocrx_word' id='word_1_233' title='bbox 1670 1705 1820 1751; x_wconf 91' lang='lat' dir='ltr'><strong>recto</strong></span> <span class='ocrx_word' id='word_1_234' title='bbox 1850 1697 2047 1752; x_wconf 88' lang='lat' dir='ltr'><strong>itinere</strong></span> <span class='ocrx_word' id='word_1_235' title='bbox 2076 1696 2267 1753; x_wconf 88' lang='lat' dir='ltr'><strong>abiens</strong></span> <span class='ocrx_word' id='word_1_236' title='bbox 2296 1698 2550 1768; x_wconf 79' lang='lat' dir='ltr'><strong>diversus</strong></span> <span class='ocrx_word' id='word_1_237' title='bbox 2570 1738 2586 1763; x_wconf 92' lang='lat'><strong>,</strong></span> <span class='ocrx_word' id='word_1_238' title='bbox 2616 1699 2672 1753; x_wconf 92' lang='lat' dir='ltr'><strong>in</strong></span> <span class='ocrx_word' id='word_1_239' title='bbox 2714 1700 3057 1755; x_wconf 86' lang='lat' dir='ltr'><strong>contrarium</strong></span> <span class='ocrx_word' id='word_1_240' title='bbox 3084 1701 3300 1757; x_wconf 90' lang='lat' dir='ltr'><strong>delatus</strong></span> <span class='ocrx_word' id='word_1_241' title='bbox 3337 1709 3454 1768; x_wconf 85' lang='lat' dir='ltr'><strong>est,</strong></span> <span class='ocrx_word' id='word_1_242' title='bbox 3496 1718 3610 1758; x_wconf 89' lang='lat' dir='ltr'><strong>non</strong></span> 
     </span>
    </p>
   </div>
   <div class='ocr_carea' id='block_1_34' title="bbox 331 1787 3609 1869">
    <p class='ocr_par' dir='ltr' id='par_1_34' title="bbox 331 1787 3609 1869">
     <span class='ocr_line' id='line_1_34' title="bbox 331 1787 3609 1869; baseline -0.002 -14"><span class='ocrx_word' id='word_1_243' title='bbox 331 1804 595 1869; x_wconf 69' lang='lat' dir='ltr'><strong>reputans</strong></span> <span class='ocrx_word' id='word_1_244' title='bbox 629 1793 761 1865; x_wconf 89' lang='lat' dir='ltr'><strong>quid</strong></span> <span class='ocrx_word' id='word_1_245' title='bbox 793 1792 937 1848; x_wconf 91' lang='lat' dir='ltr'><strong>Deus</strong></span> <span class='ocrx_word' id='word_1_246' title='bbox 967 1802 1020 1846; x_wconf 89' lang='lat' dir='ltr'><strong>et</strong></span> <span class='ocrx_word' id='word_1_247' title='bbox 1052 1789 1342 1854; x_wconf 91' lang='lat' dir='ltr'><strong>Dominus,</strong></span> <span class='ocrx_word' id='word_1_248' title='bbox 1377 1804 1487 1844; x_wconf 92' lang='lat' dir='ltr'><strong>non</strong></span> <span class='ocrx_word' id='word_1_249' title='bbox 1515 1788 1647 1859; x_wconf 92' lang='lat' dir='ltr'><strong>quid</strong></span> <span class='ocrx_word' id='word_1_250' title='bbox 1674 1788 1768 1858; x_wconf 89' lang='lat' dir='ltr'><strong>jus</strong></span> <span class='ocrx_word' id='word_1_251' title='bbox 1795 1796 1850 1843; x_wconf 90' lang='lat' dir='ltr'><strong>et</strong></span> <span class='ocrx_word' id='word_1_252' title='bbox 1884 1787 2000 1853; x_wconf 76' lang='lat' dir='ltr'><strong>fus,</strong></span> <span class='ocrx_word' id='word_1_253' title='bbox 2039 1805 2150 1843; x_wconf 85' lang='lat' dir='ltr'><strong>non</strong></span> <span class='ocrx_word' id='word_1_254' title='bbox 2182 1790 2313 1859; x_wconf 89' lang='lat' dir='ltr'><strong>quid</strong></span> <span class='ocrx_word' id='word_1_255' title='bbox 2345 1791 2520 1860; x_wconf 87' lang='lat' dir='ltr'><strong>pietas</strong></span> <span class='ocrx_word' id='word_1_256' title='bbox 2547 1792 2887 1862; x_wconf 85' lang='lat' dir='ltr'><strong>postularet,</strong></span> <span class='ocrx_word' id='word_1_257' title='bbox 2927 1792 3023 1848; x_wconf 91' lang='lat' dir='ltr'><strong>sed</strong></span> <span class='ocrx_word' id='word_1_258' title='bbox 3053 1795 3229 1849; x_wconf 88' lang='lat' dir='ltr'><strong>instar</strong></span> <span class='ocrx_word' id='word_1_259' title='bbox 3261 1794 3570 1850; x_wconf 89' lang='lat' dir='ltr'><strong>belluarum</strong></span> <span class='ocrx_word' id='word_1_260' title='bbox 3592 1838 3609 1863; x_wconf 88' lang='lat'><strong>,</strong></span> 
     </span>
    </p>
   </div>
   <div class='ocr_carea' id='block_1_35' title="bbox 329 1881 3614 1961">
    <p class='ocr_par' dir='ltr' id='par_1_35' title="bbox 329 1881 3614 1961">
     <span class='ocr_line' id='line_1_35' title="bbox 329 1881 3614 1961; baseline -0 -16"><span class='ocrx_word' id='word_1_261' title='bbox 329 1905 452 1961; x_wconf 65' lang='lat' dir='ltr'><strong>quae</strong></span> <span class='ocrx_word' id='word_1_262' title='bbox 482 1888 715 1944; x_wconf 75' lang='lat' dir='ltr'><strong>rationis</strong></span> <span class='ocrx_word' id='word_1_263' title='bbox 760 1891 1014 1955; x_wconf 79' lang='lat' dir='ltr'><strong>expertes</strong></span> <span class='ocrx_word' id='word_1_264' title='bbox 1053 1890 1215 1948; x_wconf 90' lang='lat' dir='ltr'><strong>sunt,</strong></span> <span class='ocrx_word' id='word_1_265' title='bbox 1249 1897 1440 1938; x_wconf 87' lang='lat' dir='ltr'><strong>omnes</strong></span> <span class='ocrx_word' id='word_1_266' title='bbox 1489 1881 1821 1938; x_wconf 89' lang='lat' dir='ltr'><strong>inhumanas</strong></span> <span class='ocrx_word' id='word_1_267' title='bbox 1867 1889 2032 1951; x_wconf 88' lang='lat' dir='ltr'><strong>atque</strong></span> <span class='ocrx_word' id='word_1_268' title='bbox 2081 1882 2439 1939; x_wconf 89' lang='lat' dir='ltr'><strong>immodestas</strong></span> <span class='ocrx_word' id='word_1_269' title='bbox 2479 1890 2724 1941; x_wconf 84' lang='lat' dir='ltr'><strong>actiones</strong></span> <span class='ocrx_word' id='word_1_270' title='bbox 2766 1886 3114 1957; x_wconf 84' lang='lat' dir='ltr'><strong>aggrediens.</strong></span> <span class='ocrx_word' id='word_1_271' title='bbox 3146 1885 3401 1960; x_wconf 83' lang='lat' dir='ltr'><strong>Optimus</strong></span> <span class='ocrx_word' id='word_1_272' title='bbox 3443 1890 3614 1959; x_wconf 80' lang='lat' dir='ltr'><strong>igitur</strong></span> 
     </span>
    </p>
   </div>
   <div class='ocr_carea' id='block_1_36' title="bbox 328 1976 3612 2057">
    <p class='ocr_par' dir='ltr' id='par_1_36' title="bbox 328 1976 3612 2057">
     <span class='ocr_line' id='line_1_36' title="bbox 328 1976 3612 2057; baseline -0.001 -16"><span class='ocrx_word' id='word_1_273' title='bbox 328 1996 491 2057; x_wconf 82' lang='lat' dir='ltr'><strong>atque</strong></span> <span class='ocrx_word' id='word_1_274' title='bbox 532 1983 775 2040; x_wconf 90' lang='lat' dir='ltr'><strong>omnium</strong></span> <span class='ocrx_word' id='word_1_275' title='bbox 817 1988 1097 2053; x_wconf 76' lang='lat' dir='ltr'><strong>regnator,</strong></span> <span class='ocrx_word' id='word_1_276' title='bbox 1147 1993 1265 2050; x_wconf 79' lang='lat' dir='ltr'><strong>ipse</strong></span> <span class='ocrx_word' id='word_1_277' title='bbox 1307 1978 1664 2043; x_wconf 83' lang='lat' dir='ltr'><strong>Altissimus,</strong></span> <span class='ocrx_word' id='word_1_278' title='bbox 1715 1976 1860 2033; x_wconf 81' lang='lat' dir='ltr'><strong>Deus</strong></span> <span class='ocrx_word' id='word_1_279' title='bbox 1883 1978 2162 2044; x_wconf 86' lang='lat' dir='ltr'><strong>universi,</strong></span> <span class='ocrx_word' id='word_1_280' title='bbox 2215 1979 2311 2050; x_wconf 87' lang='lat' dir='ltr'><strong>qui</strong></span> <span class='ocrx_word' id='word_1_281' title='bbox 2354 1995 2573 2050; x_wconf 86' lang='lat' dir='ltr'><strong>semper</strong></span> <span class='ocrx_word' id='word_1_282' title='bbox 2611 1996 2677 2036; x_wconf 87' lang='lat' dir='ltr'><strong>ea</strong></span> <span class='ocrx_word' id='word_1_283' title='bbox 2716 1996 2839 2052; x_wconf 71' lang='lat' dir='ltr'><strong>qua:</strong></span> <span class='ocrx_word' id='word_1_284' title='bbox 2882 1982 3124 2053; x_wconf 89' lang='lat' dir='ltr'><strong>seipsum</strong></span> <span class='ocrx_word' id='word_1_285' title='bbox 3164 1983 3393 2038; x_wconf 76' lang='lat' dir='ltr'><strong>deceant</strong></span> <span class='ocrx_word' id='word_1_286' title='bbox 3435 1982 3612 2050; x_wconf 77' lang='lat' dir='ltr'><strong>facit,</strong></span> 
     </span>
    </p>
   </div>
   <div class='ocr_carea' id='block_1_37' title="bbox 327 2074 3614 2151">
    <p class='ocr_par' dir='ltr' id='par_1_37' title="bbox 327 2074 3614 2151">
     <span class='ocr_line' id='line_1_37' title="bbox 327 2074 3614 2151; baseline -0.001 -16"><span class='ocrx_word' id='word_1_287' title='bbox 327 2096 397 2136; x_wconf 89' lang='lat' dir='ltr'><strong>ne</strong></span> <span class='ocrx_word' id='word_1_288' title='bbox 448 2080 654 2149; x_wconf 86' lang='lat' dir='ltr'><strong>absque</strong></span> <span class='ocrx_word' id='word_1_289' title='bbox 708 2077 876 2133; x_wconf 90' lang='lat' dir='ltr'><strong>certis</strong></span> <span class='ocrx_word' id='word_1_290' title='bbox 928 2075 1271 2148; x_wconf 83' lang='lat' dir='ltr'><strong>principibus</strong></span> <span class='ocrx_word' id='word_1_291' title='bbox 1325 2089 1390 2128; x_wconf 89' lang='lat' dir='ltr'><strong>ac</strong></span> <span class='ocrx_word' id='word_1_292' title='bbox 1428 2074 1723 2145; x_wconf 68' lang='lat' dir='ltr'><strong>prmfectis,</strong></span> <span class='ocrx_word' id='word_1_293' title='bbox 1760 2074 1939 2130; x_wconf 87' lang='lat' dir='ltr'><strong>instar</strong></span> <span class='ocrx_word' id='word_1_294' title='bbox 1962 2074 2338 2145; x_wconf 87' lang='lat' dir='ltr'><strong>jumentorum</strong></span> <span class='ocrx_word' id='word_1_295' title='bbox 2369 2077 2774 2132; x_wconf 77' lang='lat' dir='ltr'><strong>irrationalium</strong></span> <span class='ocrx_word' id='word_1_296' title='bbox 2810 2088 3018 2144; x_wconf 88' lang='lat' dir='ltr'><strong>essent,</strong></span> <span class='ocrx_word' id='word_1_297' title='bbox 3060 2080 3157 2151; x_wconf 89' lang='lat' dir='ltr'><strong>qui</strong></span> <span class='ocrx_word' id='word_1_298' title='bbox 3197 2081 3251 2135; x_wconf 91' lang='lat' dir='ltr'><strong>in</strong></span> <span class='ocrx_word' id='word_1_299' title='bbox 3294 2088 3441 2137; x_wconf 89' lang='lat' dir='ltr'><strong>terra</strong></span> <span class='ocrx_word' id='word_1_300' title='bbox 3484 2096 3614 2137; x_wconf 83' lang='lat' dir='ltr'><strong>ver-</strong></span> 
     </span>
    </p>
   </div>
   <div class='ocr_carea' id='block_1_38' title="bbox 326 2169 3610 2247">
    <p class='ocr_par' dir='ltr' id='par_1_38' title="bbox 326 2169 3610 2247">
     <span class='ocr_line' id='line_1_38' title="bbox 326 2169 3610 2247; baseline 0.001 -18"><span class='ocrx_word' id='word_1_301' title='bbox 326 2174 592 2229; x_wconf 85' lang='lat' dir='ltr'><strong>sabantur</strong></span> <span class='ocrx_word' id='word_1_302' title='bbox 629 2172 881 2227; x_wconf 89' lang='lat' dir='ltr'><strong>homines</strong></span> <span class='ocrx_word' id='word_1_303' title='bbox 902 2211 917 2236; x_wconf 93' lang='lat'><strong>,</strong></span> <span class='ocrx_word' id='word_1_304' title='bbox 951 2177 1160 2226; x_wconf 88' lang='lat' dir='ltr'><strong>tutores</strong></span> <span class='ocrx_word' id='word_1_305' title='bbox 1190 2169 1299 2224; x_wconf 91' lang='lat' dir='ltr'><strong>illis</strong></span> <span class='ocrx_word' id='word_1_306' title='bbox 1332 2179 1387 2224; x_wconf 89' lang='lat' dir='ltr'><strong>et</strong></span> <span class='ocrx_word' id='word_1_307' title='bbox 1425 2177 1711 2225; x_wconf 87' lang='lat' dir='ltr'><strong>curatores</strong></span> <span class='ocrx_word' id='word_1_308' title='bbox 1741 2170 1902 2240; x_wconf 87' lang='lat' dir='ltr'><strong>quasi</strong></span> <span class='ocrx_word' id='word_1_309' title='bbox 1931 2170 2200 2241; x_wconf 89' lang='lat' dir='ltr'><strong>quosdam</strong></span> <span class='ocrx_word' id='word_1_310' title='bbox 2235 2181 2613 2228; x_wconf 88' lang='lat' dir='ltr'><strong>armentorum</strong></span> <span class='ocrx_word' id='word_1_311' title='bbox 2646 2173 2818 2231; x_wconf 90' lang='lat' dir='ltr'><strong>duces</strong></span> <span class='ocrx_word' id='word_1_312' title='bbox 2857 2182 3023 2247; x_wconf 89' lang='lat' dir='ltr'><strong>atque</strong></span> <span class='ocrx_word' id='word_1_313' title='bbox 3061 2185 3345 2246; x_wconf 85' lang='lat' dir='ltr'><strong>pastores,</strong></span> <span class='ocrx_word' id='word_1_314' title='bbox 3387 2178 3610 2234; x_wconf 88' lang='lat' dir='ltr'><strong>divinos</strong></span> 
     </span>
    </p>
   </div>
   <div class='ocr_carea' id='block_1_39' title="bbox 324 2265 3614 2347">
    <p class='ocr_par' dir='ltr' id='par_1_39' title="bbox 324 2265 3614 2347">
     <span class='ocr_line' id='line_1_39' title="bbox 324 2265 3614 2347; baseline 0.002 -24"><span class='ocrx_word' id='word_1_315' title='bbox 324 2270 548 2340; x_wconf 85' lang='lat' dir='ltr'><strong>angelos</strong></span> <span class='ocrx_word' id='word_1_316' title='bbox 580 2268 765 2333; x_wconf 72' lang='lat' dir='ltr'><strong>dedit,</strong></span> <span class='ocrx_word' id='word_1_317' title='bbox 798 2268 1044 2338; x_wconf 90' lang='lat' dir='ltr'><strong>principe</strong></span> <span class='ocrx_word' id='word_1_318' title='bbox 1084 2269 1332 2323; x_wconf 90' lang='lat' dir='ltr'><strong>omnium</strong></span> <span class='ocrx_word' id='word_1_319' title='bbox 1373 2265 1684 2331; x_wconf 87' lang='lat' dir='ltr'><strong>declarato,</strong></span> <span class='ocrx_word' id='word_1_320' title='bbox 1726 2267 1888 2339; x_wconf 75' lang='lat'><strong>156</strong></span> <span class='ocrx_word' id='word_1_321' title='bbox 1914 2269 2281 2340; x_wconf 90' lang='lat' dir='ltr'><strong>omnibusque</strong></span> <span class='ocrx_word' id='word_1_322' title='bbox 2322 2271 2583 2342; x_wconf 71' lang='lat' dir='ltr'><strong>praefecto</strong></span> <span class='ocrx_word' id='word_1_323' title='bbox 2610 2272 2810 2341; x_wconf 90' lang='lat' dir='ltr'><strong>unico,</strong></span> <span class='ocrx_word' id='word_1_324' title='bbox 2840 2274 3129 2345; x_wconf 89' lang='lat' dir='ltr'><strong>primoque</strong></span> <span class='ocrx_word' id='word_1_325' title='bbox 3160 2275 3346 2346; x_wconf 88' lang='lat' dir='ltr'><strong>genito</strong></span> <span class='ocrx_word' id='word_1_326' title='bbox 3385 2292 3488 2331; x_wconf 89' lang='lat' dir='ltr'><strong>suo</strong></span> <span class='ocrx_word' id='word_1_327' title='bbox 3523 2276 3614 2347; x_wconf 82' lang='lat' dir='ltr'><strong>ip-</strong></span> 
     </span>
    </p>
   </div>
   <div class='ocr_carea' id='block_1_40' title="bbox 323 2359 3608 2443">
    <p class='ocr_par' dir='ltr' id='par_1_40' title="bbox 323 2359 3608 2443">
     <span class='ocr_line' id='line_1_40' title="bbox 323 2359 3608 2443; baseline 0.002 -24"><span class='ocrx_word' id='word_1_328' title='bbox 323 2363 441 2419; x_wconf 88' lang='lat' dir='ltr'><strong>sius</strong></span> <span class='ocrx_word' id='word_1_329' title='bbox 471 2361 673 2419; x_wconf 86' lang='lat' dir='ltr'><strong>Verbo.</strong></span> <span class='ocrx_word' id='word_1_330' title='bbox 696 2359 960 2432; x_wconf 71' lang='lat' dir='ltr'><strong>Iluicque</strong></span> <span class='ocrx_word' id='word_1_331' title='bbox 985 2360 1091 2431; x_wconf 86' lang='lat' dir='ltr'><strong>ipsi</strong></span> <span class='ocrx_word' id='word_1_332' title='bbox 1139 2368 1347 2415; x_wconf 88' lang='lat' dir='ltr'><strong>sortem</strong></span> <span class='ocrx_word' id='word_1_333' title='bbox 1393 2360 1724 2431; x_wconf 81' lang='lat' dir='ltr'><strong>praecipuam</strong></span> <span class='ocrx_word' id='word_1_334' title='bbox 1747 2400 1762 2426; x_wconf 90' lang='lat'><strong>,</strong></span> <span class='ocrx_word' id='word_1_335' title='bbox 1795 2361 2017 2430; x_wconf 81' lang='lat' dir='ltr'><strong>angelos</strong></span> <span class='ocrx_word' id='word_1_336' title='bbox 2047 2363 2199 2433; x_wconf 91' lang='lat' dir='ltr'><strong>ipsos</strong></span> <span class='ocrx_word' id='word_1_337' title='bbox 2228 2371 2394 2443; x_wconf 90' lang='lat' dir='ltr'><strong>atque</strong></span> <span class='ocrx_word' id='word_1_338' title='bbox 2434 2366 2826 2438; x_wconf 79' lang='lat' dir='ltr'><strong>arcliangelos,</strong></span> <span class='ocrx_word' id='word_1_339' title='bbox 2869 2367 3197 2439; x_wconf 88' lang='lat' dir='ltr'><strong>divinasque</strong></span> <span class='ocrx_word' id='word_1_340' title='bbox 3255 2379 3561 2440; x_wconf 85' lang='lat' dir='ltr'><strong>potestates</strong></span> <span class='ocrx_word' id='word_1_341' title='bbox 3590 2410 3608 2438; x_wconf 89' lang='lat'><strong>,</strong></span> 
     </span>
    </p>
   </div>
   <div class='ocr_carea' id='block_1_41' title="bbox 324 2456 3609 2537">
    <p class='ocr_par' dir='ltr' id='par_1_41' title="bbox 324 2456 3609 2537">
     <span class='ocr_line' id='line_1_41' title="bbox 324 2456 3609 2537; baseline 0.002 -22"><span class='ocrx_word' id='word_1_342' title='bbox 324 2458 680 2529; x_wconf 82' lang='lat' dir='ltr'><strong>materiaeque</strong></span> <span class='ocrx_word' id='word_1_343' title='bbox 719 2458 900 2513; x_wconf 90' lang='lat' dir='ltr'><strong>omnis</strong></span> <span class='ocrx_word' id='word_1_344' title='bbox 925 2465 1199 2527; x_wconf 78' lang='lat' dir='ltr'><strong>expertes,</strong></span> <span class='ocrx_word' id='word_1_345' title='bbox 1241 2470 1307 2511; x_wconf 89' lang='lat' dir='ltr'><strong>ac</strong></span> <span class='ocrx_word' id='word_1_346' title='bbox 1348 2456 1472 2527; x_wconf 92' lang='lat' dir='ltr'><strong>ipso</strong></span> <span class='ocrx_word' id='word_1_347' title='bbox 1512 2458 1654 2512; x_wconf 66' lang='lat' dir='ltr'><strong>coelo</strong></span> <span class='ocrx_word' id='word_1_348' title='bbox 1700 2458 2017 2527; x_wconf 88' lang='lat' dir='ltr'><strong>superiores</strong></span> <span class='ocrx_word' id='word_1_349' title='bbox 2058 2460 2325 2529; x_wconf 89' lang='lat' dir='ltr'><strong>spiritus,</strong></span> <span class='ocrx_word' id='word_1_350' title='bbox 2374 2478 2589 2519; x_wconf 88' lang='lat' dir='ltr'><strong>necnon</strong></span> <span class='ocrx_word' id='word_1_351' title='bbox 2637 2479 2705 2520; x_wconf 76' lang='lat' dir='ltr'><strong>ex</strong></span> <span class='ocrx_word' id='word_1_352' title='bbox 2752 2464 2822 2519; x_wconf 90' lang='lat' dir='ltr'><strong>iis</strong></span> <span class='ocrx_word' id='word_1_353' title='bbox 2864 2480 2987 2535; x_wconf 63' lang='lat' dir='ltr'><strong>quae</strong></span> <span class='ocrx_word' id='word_1_354' title='bbox 3024 2465 3081 2518; x_wconf 91' lang='lat' dir='ltr'><strong>in</strong></span> <span class='ocrx_word' id='word_1_355' title='bbox 3108 2475 3252 2520; x_wconf 90' lang='lat' dir='ltr'><strong>terra</strong></span> <span class='ocrx_word' id='word_1_356' title='bbox 3282 2477 3609 2537; x_wconf 82' lang='lat' dir='ltr'><strong>versantur,</strong></span> 
     </span>
    </p>
   </div>
   <div class='ocr_carea' id='block_1_42' title="bbox 320 2552 3611 2634">
    <p class='ocr_par' dir='ltr' id='par_1_42' title="bbox 320 2552 3611 2634">
     <span class='ocr_line' id='line_1_42' title="bbox 320 2552 3611 2634; baseline 0.004 -29"><span class='ocrx_word' id='word_1_357' title='bbox 320 2552 608 2623; x_wconf 88' lang='lat' dir='ltr'><strong>religiosas</strong></span> <span class='ocrx_word' id='word_1_358' title='bbox 654 2552 937 2608; x_wconf 89' lang='lat' dir='ltr'><strong>hominum</strong></span> <span class='ocrx_word' id='word_1_359' title='bbox 972 2552 1191 2607; x_wconf 79' lang='lat' dir='ltr'><strong>animas</strong></span> <span class='ocrx_word' id='word_1_360' title='bbox 1230 2567 1483 2608; x_wconf 87' lang='lat' dir='ltr'><strong>seorsum</strong></span> <span class='ocrx_word' id='word_1_361' title='bbox 1534 2552 1820 2622; x_wconf 87' lang='lat' dir='ltr'><strong>attribuit,</strong></span> <span class='ocrx_word' id='word_1_362' title='bbox 1872 2568 1994 2625; x_wconf 70' lang='lat' dir='ltr'><strong>qua:</strong></span> <span class='ocrx_word' id='word_1_363' title='bbox 2043 2556 2212 2611; x_wconf 87' lang='lat' dir='ltr'><strong>etiam</strong></span> <span class='ocrx_word' id='word_1_364' title='bbox 2255 2559 2722 2629; x_wconf 86' lang='lat' dir='ltr'><strong>appellationibus</strong></span> <span class='ocrx_word' id='word_1_365' title='bbox 2765 2559 3161 2627; x_wconf 67' lang='lat' dir='ltr'><strong>Hebraeorum,</strong></span> <span class='ocrx_word' id='word_1_366' title='bbox 3212 2559 3384 2618; x_wconf 83' lang='lat' dir='ltr'><strong>Jacob</strong></span> <span class='ocrx_word' id='word_1_367' title='bbox 3433 2570 3611 2634; x_wconf 86' lang='lat' dir='ltr'><strong>atque</strong></span> 
     </span>
    </p>
   </div>
   <div class='ocr_carea' id='block_1_43' title="bbox 320 2644 897 2701">
    <p class='ocr_par' dir='ltr' id='par_1_43' title="bbox 320 2644 897 2701">
     <span class='ocr_line' id='line_1_43' title="bbox 320 2644 897 2701; baseline 0 -2"><span class='ocrx_word' id='word_1_368' title='bbox 320 2644 489 2701; x_wconf 85' lang='lat' dir='ltr'><strong>Israel</strong></span> <span class='ocrx_word' id='word_1_369' title='bbox 520 2646 897 2701; x_wconf 87' lang='lat' dir='ltr'><strong>nominantur.</strong></span> 
     </span>
    </p>
   </div>
   <div class='ocr_carea' id='block_1_44' title="bbox 1044 2760 1159 2816">
    <p class='ocr_par' dir='ltr' id='par_1_44' title="bbox 1044 2760 1159 2816">
     <span class='ocr_line' id='line_1_44' title="bbox 1044 2760 1159 2816; baseline 0 0"><span class='ocrx_word' id='word_1_370' title='bbox 1044 2760 1159 2816; x_wconf 77' lang='lat' dir='ltr'><strong>VH.</strong></span> 
     </span>
    </p>
   </div>
   <div class='ocr_carea' id='block_1_45' title="bbox 2753 2766 2816 2817">
    <p class='ocr_par' dir='ltr' id='par_1_45' title="bbox 2753 2766 2816 2817">
     <span class='ocr_line' id='line_1_45' title="bbox 2753 2766 2816 2817; baseline 0 -23"><span class='ocrx_word' id='word_1_371' title='bbox 2753 2766 2816 2817; x_wconf 78' lang='grc' dir='ltr'><strong>ΖΙ</strong></span> 
     </span>
    </p>
   </div>
   <div class='ocr_carea' id='block_1_46' title="bbox 318 2853 1896 2926">
    <p class='ocr_par' dir='ltr' id='par_1_46' title="bbox 318 2854 1896 2926">
     <span class='ocr_line' id='line_1_46' title="bbox 318 2854 1896 2926; baseline 0.001 -14"><span class='ocrx_word' id='word_1_372' title='bbox 318 2856 474 2926; x_wconf 80' lang='lat' dir='ltr'><strong>Quod</strong></span> <span class='ocrx_word' id='word_1_373' title='bbox 502 2857 630 2913; x_wconf 74' lang='lat' dir='ltr'><strong>solis</strong></span> <span class='ocrx_word' id='word_1_374' title='bbox 674 2856 914 2912; x_wconf 71' lang='lat' dir='ltr'><strong>Hebrm’:</strong></span> <span class='ocrx_word' id='word_1_375' title='bbox 946 2856 1241 2926; x_wconf 73' lang='lat' dir='ltr'><strong>qutiquitus</strong></span> <span class='ocrx_word' id='word_1_376' title='bbox 1271 2856 1504 2926; x_wconf 82' lang='lat' dir='ltr'><strong>cognitio</strong></span> <span class='ocrx_word' id='word_1_377' title='bbox 1541 2854 1635 2910; x_wconf 81' lang='lat' dir='ltr'><strong>Dei</strong></span> <span class='ocrx_word' id='word_1_378' title='bbox 1666 2857 1896 2913; x_wconf 73' lang='lat' dir='ltr'><strong>universi</strong></span> 
     </span>
    </p>
   </div>
   <div class='ocr_carea' id='block_1_47' title="bbox 2039 2853 3609 2926">
    <p class='ocr_par' dir='ltr' id='par_1_47' title="bbox 2039 2855 3609 2926">
     <span class='ocr_line' id='line_1_47' title="bbox 2039 2855 3609 2926; baseline 0.003 -14"><span class='ocrx_word' id='word_1_379' title='bbox 2039 2857 2109 2922; x_wconf 77' lang='grc' dir='ltr'>Ως</span> <span class='ocrx_word' id='word_1_380' title='bbox 2140 2857 2351 2926; x_wconf 78' lang='grc' dir='ltr'>μόνοις</span> <span class='ocrx_word' id='word_1_381' title='bbox 2422 2855 2704 2924; x_wconf 77' lang='grc' dir='ltr'>Ἑϐραίοις</span> <span class='ocrx_word' id='word_1_382' title='bbox 2769 2856 2837 2910; x_wconf 83' lang='grc' dir='ltr'>τὸ</span> <span class='ocrx_word' id='word_1_383' title='bbox 2900 2857 3162 2911; x_wconf 81' lang='grc' dir='ltr'>παλαιὸν</span> <span class='ocrx_word' id='word_1_384' title='bbox 3219 2859 3259 2926; x_wconf 75' lang='grc' dir='ltr'>ἡ</span> <span class='ocrx_word' id='word_1_385' title='bbox 3321 2858 3430 2913; x_wconf 80' lang='grc' dir='ltr'>τοῦ</span> <span class='ocrx_word' id='word_1_386' title='bbox 3476 2860 3609 2917; x_wconf 71' lang='grc' dir='ltr'><strong>τῶν</strong></span> 
     </span>
    </p>
   </div>
   <div class='ocr_carea' id='block_1_48' title="bbox 384 2924 1900 2999">
    <p class='ocr_par' dir='ltr' id='par_1_48' title="bbox 384 2924 1900 2999">
     <span class='ocr_line' id='line_1_48' title="bbox 384 2924 1900 2999; baseline 0.001 -17"><span class='ocrx_word' id='word_1_387' title='bbox 384 2928 598 2999; x_wconf 80' lang='lat' dir='ltr'><strong>prodita</strong></span> <span class='ocrx_word' id='word_1_388' title='bbox 635 2928 743 2993; x_wconf 77' lang='lat' dir='ltr'><strong>sit,</strong></span> <span class='ocrx_word' id='word_1_389' title='bbox 776 2944 893 2999; x_wconf 79' lang='lat' dir='ltr'><strong>quw</strong></span> <span class='ocrx_word' id='word_1_390' title='bbox 931 2924 1144 2982; x_wconf 71' lang='lat' dir='ltr'><strong>Christo</strong></span> <span class='ocrx_word' id='word_1_391' title='bbox 1202 2924 1431 2997; x_wconf 69' lang='lat' dir='ltr'><strong>seipsum</strong></span> <span class='ocrx_word' id='word_1_392' title='bbox 1471 2926 1747 2983; x_wconf 74' lang='lat' dir='ltr'><strong>exhibeute</strong></span> <span class='ocrx_word' id='word_1_393' title='bbox 1779 2946 1900 2999; x_wconf 86' lang='lat' dir='ltr'><strong>per-</strong></span> 
     </span>
    </p>
   </div>
   <div class='ocr_carea' id='block_1_49' title="bbox 384 3000 663 3069">
    <p class='ocr_par' dir='ltr' id='par_1_49' title="bbox 384 3000 663 3069">
     <span class='ocr_line' id='line_1_49' title="bbox 384 3000 663 3069; baseline -0.004 -15"><span class='ocrx_word' id='word_1_394' title='bbox 384 3000 663 3069; x_wconf 78' lang='lat' dir='ltr'><strong>ciperetur.</strong></span> 
     </span>
    </p>
   </div>
   <div class='ocr_carea' id='block_1_50' title="bbox 385 3108 1899 3181">
    <p class='ocr_par' dir='ltr' id='par_1_50' title="bbox 385 3108 1899 3181">
     <span class='ocr_line' id='line_1_50' title="bbox 385 3108 1899 3181; baseline 0 -15"><span class='ocrx_word' id='word_1_395' title='bbox 385 3110 502 3166; x_wconf 79' lang='lat' dir='ltr'><strong>Hoc</strong></span> <span class='ocrx_word' id='word_1_396' title='bbox 532 3125 665 3166; x_wconf 82' lang='lat' dir='ltr'><strong>sane</strong></span> <span class='ocrx_word' id='word_1_397' title='bbox 691 3108 1079 3181; x_wconf 87' lang='lat' dir='ltr'><strong>mysteriorum</strong></span> <span class='ocrx_word' id='word_1_398' title='bbox 1106 3108 1353 3164; x_wconf 86' lang='lat' dir='ltr'><strong>omnium</strong></span> <span class='ocrx_word' id='word_1_399' title='bbox 1389 3108 1659 3175; x_wconf 79' lang='lat' dir='ltr'><strong>maximo,</strong></span> <span class='ocrx_word' id='word_1_400' title='bbox 1688 3112 1899 3181; x_wconf 89' lang='lat' dir='ltr'><strong>primus</strong></span> 
     </span>
    </p>
   </div>
   <div class='ocr_carea' id='block_1_51' title="bbox 309 3200 1897 3274">
    <p class='ocr_par' dir='ltr' id='par_1_51' title="bbox 309 3200 1897 3274">
     <span class='ocr_line' id='line_1_51' title="bbox 309 3200 1897 3274; baseline 0.001 -15"><span class='ocrx_word' id='word_1_401' title='bbox 309 3203 698 3274; x_wconf 79' lang='lat' dir='ltr'><strong>theologorum</strong></span> <span class='ocrx_word' id='word_1_402' title='bbox 730 3201 947 3273; x_wconf 82' lang='lat' dir='ltr'><strong>Moyses</strong></span> <span class='ocrx_word' id='word_1_403' title='bbox 976 3203 1031 3256; x_wconf 93' lang='lat' dir='ltr'><strong>in</strong></span> <span class='ocrx_word' id='word_1_404' title='bbox 1078 3202 1297 3256; x_wconf 86' lang='lat' dir='ltr'><strong>arcanis</strong></span> <span class='ocrx_word' id='word_1_405' title='bbox 1318 3241 1332 3266; x_wconf 90' lang='lat'><strong>,</strong></span> <span class='ocrx_word' id='word_1_406' title='bbox 1381 3200 1642 3258; x_wconf 70' lang='lat' dir='ltr'><strong>llebrteos</strong></span> <span class='ocrx_word' id='word_1_407' title='bbox 1683 3211 1897 3261; x_wconf 86' lang='lat' dir='ltr'><strong>veteres</strong></span> 
     </span>
    </p>
   </div>
   <div class='ocr_carea' id='block_1_52' title="bbox 314 3291 1898 3366">
    <p class='ocr_par' dir='ltr' id='par_1_52' title="bbox 314 3291 1898 3366">
     <span class='ocr_line' id='line_1_52' title="bbox 314 3291 1898 3366; baseline 0.003 -18"><span class='ocrx_word' id='word_1_408' title='bbox 314 3295 588 3355; x_wconf 84' lang='lat' dir='ltr'><strong>initiavit,</strong></span> <span class='ocrx_word' id='word_1_409' title='bbox 627 3294 709 3350; x_wconf 89' lang='lat' dir='ltr'><strong>sic</strong></span> <span class='ocrx_word' id='word_1_410' title='bbox 742 3293 936 3350; x_wconf 90' lang='lat' dir='ltr'><strong>dicens</strong></span> <span class='ocrx_word' id='word_1_411' title='bbox 969 3313 983 3348; x_wconf 86' lang='lat'><strong>:</strong></span> <span class='ocrx_word' id='word_1_412' title='bbox 1016 3312 1033 3345; x_wconf 82' lang='grc' dir='ltr'><strong>ι</strong></span> <span class='ocrx_word' id='word_1_413' title='bbox 1067 3291 1352 3366; x_wconf 87' lang='lat' dir='ltr'><strong>Interroga</strong></span> <span class='ocrx_word' id='word_1_414' title='bbox 1391 3303 1603 3365; x_wconf 87' lang='lat' dir='ltr'><strong>patrem</strong></span> <span class='ocrx_word' id='word_1_415' title='bbox 1645 3303 1801 3351; x_wconf 91' lang='lat' dir='ltr'><strong>tuum</strong></span> <span class='ocrx_word' id='word_1_416' title='bbox 1844 3305 1898 3353; x_wconf 90' lang='lat' dir='ltr'><strong>et</strong></span> 
     </span>
    </p>
   </div>
   <div class='ocr_carea' id='block_1_53' title="bbox 313 3384 1898 3456">
    <p class='ocr_par' dir='ltr' id='par_1_53' title="bbox 313 3384 1898 3456">
     <span class='ocr_line' id='line_1_53' title="bbox 313 3384 1898 3456; baseline 0.002 -14"><span class='ocrx_word' id='word_1_417' title='bbox 313 3386 661 3442; x_wconf 88' lang='lat' dir='ltr'><strong>annuntiabit</strong></span> <span class='ocrx_word' id='word_1_418' title='bbox 682 3385 803 3449; x_wconf 88' lang='lat' dir='ltr'><strong>tibi,</strong></span> <span class='ocrx_word' id='word_1_419' title='bbox 835 3384 1071 3453; x_wconf 88' lang='lat' dir='ltr'><strong>majores</strong></span> <span class='ocrx_word' id='word_1_420' title='bbox 1100 3393 1224 3441; x_wconf 91' lang='lat' dir='ltr'><strong>tuos</strong></span> <span class='ocrx_word' id='word_1_421' title='bbox 1249 3393 1303 3440; x_wconf 90' lang='lat' dir='ltr'><strong>et</strong></span> <span class='ocrx_word' id='word_1_422' title='bbox 1329 3385 1515 3442; x_wconf 90' lang='lat' dir='ltr'><strong>dicent</strong></span> <span class='ocrx_word' id='word_1_423' title='bbox 1539 3387 1636 3443; x_wconf 89' lang='lat' dir='ltr'><strong>tibi</strong></span> <span class='ocrx_word' id='word_1_424' title='bbox 1664 3407 1677 3444; x_wconf 93' lang='lat'>:</span> <span class='ocrx_word' id='word_1_425' title='bbox 1708 3388 1898 3456; x_wconf 82' lang='lat' dir='ltr'><strong>Quan-</strong></span> 
     </span>
    </p>
   </div>
   <div class='ocr_carea' id='block_1_54' title="bbox 310 3476 1897 3548">
    <p class='ocr_par' dir='ltr' id='par_1_54' title="bbox 310 3476 1897 3548">
     <span class='ocr_line' id='line_1_54' title="bbox 310 3476 1897 3548; baseline 0.003 -15"><span class='ocrx_word' id='word_1_426' title='bbox 310 3479 384 3533; x_wconf 92' lang='lat' dir='ltr'><strong>do</strong></span> <span class='ocrx_word' id='word_1_427' title='bbox 433 3476 712 3533; x_wconf 84' lang='lat' dir='ltr'><strong>dividebat</strong></span> <span class='ocrx_word' id='word_1_428' title='bbox 758 3476 1077 3533; x_wconf 90' lang='lat' dir='ltr'><strong>Altissimus</strong></span> <span class='ocrx_word' id='word_1_429' title='bbox 1125 3485 1352 3548; x_wconf 85' lang='lat' dir='ltr'><strong>gentes,</strong></span> <span class='ocrx_word' id='word_1_430' title='bbox 1408 3489 1468 3533; x_wconf 91' lang='lat' dir='ltr'><strong>ut</strong></span> <span class='ocrx_word' id='word_1_431' title='bbox 1517 3479 1897 3539; x_wconf 88' lang='lat' dir='ltr'><strong>disseminavit</strong></span> 
     </span>
    </p>
   </div>
   <div class='ocr_carea' id='block_1_55' title="bbox 314 3568 1896 3643">
    <p class='ocr_par' dir='ltr' id='par_1_55' title="bbox 314 3568 1896 3643">
     <span class='ocr_line' id='line_1_55' title="bbox 314 3568 1896 3643; baseline 0.003 -19"><span class='ocrx_word' id='word_1_432' title='bbox 314 3569 456 3625; x_wconf 78' lang='lat' dir='ltr'><strong>filios</strong></span> <span class='ocrx_word' id='word_1_433' title='bbox 488 3568 660 3624; x_wconf 80' lang='lat' dir='ltr'><strong>Adam</strong></span> <span class='ocrx_word' id='word_1_434' title='bbox 683 3608 697 3633; x_wconf 91' lang='lat'><strong>,</strong></span> <span class='ocrx_word' id='word_1_435' title='bbox 727 3568 1015 3625; x_wconf 89' lang='lat' dir='ltr'><strong>constituit</strong></span> <span class='ocrx_word' id='word_1_436' title='bbox 1044 3570 1309 3625; x_wconf 89' lang='lat' dir='ltr'><strong>terminos</strong></span> <span class='ocrx_word' id='word_1_437' title='bbox 1337 3571 1579 3640; x_wconf 90' lang='lat' dir='ltr'><strong>gentium</strong></span> <span class='ocrx_word' id='word_1_438' title='bbox 1609 3574 1765 3643; x_wconf 81' lang='lat' dir='ltr'><strong>juxta</strong></span> <span class='ocrx_word' id='word_1_439' title='bbox 1794 3590 1896 3628; x_wconf 90' lang='lat' dir='ltr'><strong>nu-</strong></span> 
     </span>
    </p>
   </div>
   <div class='ocr_carea' id='block_1_56' title="bbox 310 3659 1893 3736">
    <p class='ocr_par' dir='ltr' id='par_1_56' title="bbox 310 3659 1893 3736">
     <span class='ocr_line' id='line_1_56' title="bbox 310 3659 1893 3736; baseline 0.003 -20"><span class='ocrx_word' id='word_1_440' title='bbox 310 3676 523 3717; x_wconf 89' lang='lat' dir='ltr'><strong>merum</strong></span> <span class='ocrx_word' id='word_1_441' title='bbox 554 3662 870 3733; x_wconf 85' lang='lat' dir='ltr'><strong>angelorum</strong></span> <span class='ocrx_word' id='word_1_442' title='bbox 905 3659 1040 3726; x_wconf 89' lang='lat' dir='ltr'><strong>Dei,</strong></span> <span class='ocrx_word' id='word_1_443' title='bbox 1084 3672 1137 3716; x_wconf 92' lang='lat' dir='ltr'><strong>et</strong></span> <span class='ocrx_word' id='word_1_444' title='bbox 1168 3662 1311 3716; x_wconf 80' lang='lat' dir='ltr'><strong>facta</strong></span> <span class='ocrx_word' id='word_1_445' title='bbox 1347 3673 1430 3718; x_wconf 90' lang='lat' dir='ltr'><strong>est</strong></span> <span class='ocrx_word' id='word_1_446' title='bbox 1464 3665 1642 3736; x_wconf 89' lang='lat' dir='ltr'><strong>portio</strong></span> <span class='ocrx_word' id='word_1_447' title='bbox 1676 3664 1893 3721; x_wconf 85' lang='lat' dir='ltr'><strong>Domini</strong></span> 
     </span>
    </p>
   </div>
   <div class='ocr_carea' id='block_1_57' title="bbox 308 3751 1895 3827">
    <p class='ocr_par' dir='ltr' id='par_1_57' title="bbox 308 3751 1895 3827">
     <span class='ocr_line' id='line_1_57' title="bbox 308 3751 1895 3827; baseline 0.004 -20"><span class='ocrx_word' id='word_1_448' title='bbox 308 3753 548 3825; x_wconf 81' lang='lat' dir='ltr'><strong>pOpulus</strong></span> <span class='ocrx_word' id='word_1_449' title='bbox 577 3753 699 3824; x_wconf 88' lang='lat' dir='ltr'><strong>ejus</strong></span> <span class='ocrx_word' id='word_1_450' title='bbox 724 3751 896 3808; x_wconf 82' lang='lat' dir='ltr'><strong>Jacob</strong></span> <span class='ocrx_word' id='word_1_451' title='bbox 916 3793 932 3817; x_wconf 86' lang='lat'><strong>,</strong></span> <span class='ocrx_word' id='word_1_452' title='bbox 967 3754 1245 3827; x_wconf 84' lang='lat' dir='ltr'><strong>funiculus</strong></span> <span class='ocrx_word' id='word_1_453' title='bbox 1272 3755 1610 3811; x_wconf 72' lang='lat' dir='ltr'><strong>hrereditatis</strong></span> <span class='ocrx_word' id='word_1_454' title='bbox 1652 3756 1774 3827; x_wconf 81' lang='lat' dir='ltr'><strong>ejus</strong></span> <span class='ocrx_word' id='word_1_455' title='bbox 1815 3758 1895 3814; x_wconf 89' lang='lat' dir='ltr'><strong>ls-</strong></span> 
     </span>
    </p>
   </div>
   <div class='ocr_carea' id='block_1_58' title="bbox 307 3846 1893 3920">
    <p class='ocr_par' dir='ltr' id='par_1_58' title="bbox 307 3846 1893 3920">
     <span class='ocr_line' id='line_1_58' title="bbox 307 3846 1893 3920; baseline 0.003 -19"><span class='ocrx_word' id='word_1_456' title='bbox 307 3849 423 3902; x_wconf 87' lang='lat' dir='ltr'><strong>rael</strong></span> <span class='ocrx_word' id='word_1_457' title='bbox 447 3847 516 3902; x_wconf 56' lang='grc' dir='ltr'><strong>οξ.</strong></span> <span class='ocrx_word' id='word_1_458' title='bbox 548 3868 567 3900; x_wconf 76' lang='grc' dir='ltr'><strong>ι</strong></span> <span class='ocrx_word' id='word_1_459' title='bbox 595 3846 693 3903; x_wconf 85' lang='lat' dir='ltr'><strong>His</strong></span> <span class='ocrx_word' id='word_1_460' title='bbox 714 3847 932 3917; x_wconf 88' lang='lat' dir='ltr'><strong>quidem</strong></span> <span class='ocrx_word' id='word_1_461' title='bbox 958 3848 1139 3903; x_wconf 85' lang='lat' dir='ltr'><strong>verbis</strong></span> <span class='ocrx_word' id='word_1_462' title='bbox 1165 3865 1179 3901; x_wconf 92' lang='lat'><strong>:</strong></span> <span class='ocrx_word' id='word_1_463' title='bbox 1204 3847 1546 3904; x_wconf 85' lang='lat' dir='ltr'><strong>Altissimum</strong></span> <span class='ocrx_word' id='word_1_464' title='bbox 1573 3864 1720 3913; x_wconf 88' lang='lat' dir='ltr'><strong>eum,</strong></span> <span class='ocrx_word' id='word_1_465' title='bbox 1746 3850 1893 3920; x_wconf 89' lang='lat' dir='ltr'><strong>quod</strong></span> 
     </span>
    </p>
   </div>
   <div class='ocr_carea' id='block_1_59' title="bbox 305 3938 1889 4011">
    <p class='ocr_par' dir='ltr' id='par_1_59' title="bbox 305 3938 1889 4011">
     <span class='ocr_line' id='line_1_59' title="bbox 305 3938 1889 4011; baseline -0.001 -17"><span class='ocrx_word' id='word_1_466' title='bbox 305 3938 472 3996; x_wconf 86' lang='lat' dir='ltr'><strong>Pater</strong></span> <span class='ocrx_word' id='word_1_467' title='bbox 520 3946 638 4004; x_wconf 88' lang='lat' dir='ltr'><strong>est,</strong></span> <span class='ocrx_word' id='word_1_468' title='bbox 692 3939 894 4011; x_wconf 89' lang='lat' dir='ltr'><strong>quique</strong></span> <span class='ocrx_word' id='word_1_469' title='bbox 935 3954 1102 4008; x_wconf 90' lang='lat' dir='ltr'><strong>supra</strong></span> <span class='ocrx_word' id='word_1_470' title='bbox 1155 3939 1378 4003; x_wconf 89' lang='lat' dir='ltr'><strong>omnia,</strong></span> <span class='ocrx_word' id='word_1_471' title='bbox 1429 3939 1602 3993; x_wconf 90' lang='lat' dir='ltr'><strong>Deum</strong></span> <span class='ocrx_word' id='word_1_472' title='bbox 1649 3940 1889 3994; x_wconf 90' lang='lat' dir='ltr'><strong>universi</strong></span> 
     </span>
    </p>
   </div>
   <div class='ocr_carea' id='block_1_60' title="bbox 305 4029 1891 4101">
    <p class='ocr_par' dir='ltr' id='par_1_60' title="bbox 305 4029 1891 4101">
     <span class='ocr_line' id='line_1_60' title="bbox 305 4029 1891 4101; baseline -0.001 -13"><span class='ocrx_word' id='word_1_473' title='bbox 305 4032 557 4089; x_wconf 87' lang='lat' dir='ltr'><strong>nominat</strong></span> <span class='ocrx_word' id='word_1_474' title='bbox 588 4050 600 4087; x_wconf 90' lang='lat'><strong>:</strong></span> <span class='ocrx_word' id='word_1_475' title='bbox 631 4029 924 4086; x_wconf 89' lang='lat' dir='ltr'><strong>Dominum</strong></span> <span class='ocrx_word' id='word_1_476' title='bbox 961 4046 1092 4086; x_wconf 87' lang='lat' dir='ltr'><strong>vero</strong></span> <span class='ocrx_word' id='word_1_477' title='bbox 1119 4031 1353 4101; x_wconf 86' lang='lat' dir='ltr'><strong>hujusce</strong></span> <span class='ocrx_word' id='word_1_478' title='bbox 1379 4029 1645 4096; x_wconf 81' lang='lat' dir='ltr'><strong>Verbum,</strong></span> <span class='ocrx_word' id='word_1_479' title='bbox 1674 4030 1729 4085; x_wconf 92' lang='lat' dir='ltr'><strong>id</strong></span> <span class='ocrx_word' id='word_1_480' title='bbox 1757 4045 1891 4086; x_wconf 88' lang='lat' dir='ltr'><strong>sane</strong></span> 
     </span>
    </p>
   </div>
   <div class='ocr_carea' id='block_1_61' title="bbox 2074 2926 3609 2998">
    <p class='ocr_par' dir='ltr' id='par_1_61' title="bbox 2074 2926 3609 2998">
     <span class='ocr_line' id='line_1_61' title="bbox 2074 2926 3609 2998; baseline 0.005 -18"><span class='ocrx_word' id='word_1_481' title='bbox 2074 2926 2233 2981; x_wconf 77' lang='grc' dir='ltr'><strong>ὅλων</strong></span> <span class='ocrx_word' id='word_1_482' title='bbox 2263 2928 2412 2982; x_wconf 78' lang='grc' dir='ltr'>Θεοῦ</span> <span class='ocrx_word' id='word_1_483' title='bbox 2435 2927 2657 2993; x_wconf 70' lang='grc' dir='ltr'>γνῶσις</span> <span class='ocrx_word' id='word_1_484' title='bbox 2689 2929 3176 2985; x_wconf 79' lang='grc' dir='ltr'>ἀποκεκὰλυπτο.</span> <span class='ocrx_word' id='word_1_485' title='bbox 3206 2929 3304 2982; x_wconf 87' lang='grc' dir='ltr'><strong>διὰ</strong></span> <span class='ocrx_word' id='word_1_486' title='bbox 3326 2928 3437 2998; x_wconf 82' lang='grc' dir='ltr'>τῆς</span> <span class='ocrx_word' id='word_1_487' title='bbox 3463 2932 3609 2990; x_wconf 61' lang='grc' dir='ltr'>ἐπι-</span> 
     </span>
    </p>
   </div>
   <div class='ocr_carea' id='block_1_62' title="bbox 2071 2998 3280 3070">
    <p class='ocr_par' dir='ltr' id='par_1_62' title="bbox 2071 2998 3280 3070">
     <span class='ocr_line' id='line_1_62' title="bbox 2071 2998 3280 3070; baseline 0.002 -19"><span class='ocrx_word' id='word_1_488' title='bbox 2071 2999 2327 3069; x_wconf 70' lang='grc' dir='ltr'>φανειας</span> <span class='ocrx_word' id='word_1_489' title='bbox 2356 2998 2461 3057; x_wconf 84' lang='grc' dir='ltr'>τοῦ</span> <span class='ocrx_word' id='word_1_490' title='bbox 2495 2999 2757 3068; x_wconf 83' lang='grc' dir='ltr'>Χριστοῦ</span> <span class='ocrx_word' id='word_1_491' title='bbox 2802 2999 3280 3070; x_wconf 76' lang='grc' dir='ltr'>τιγγωσκομένη.</span> 
     </span>
    </p>
   </div>
   <div class='ocr_carea' id='block_1_63' title="bbox 2072 3111 3609 3186">
    <p class='ocr_par' dir='ltr' id='par_1_63' title="bbox 2072 3111 3609 3186">
     <span class='ocr_line' id='line_1_63' title="bbox 2072 3111 3609 3186; baseline 0.004 -21"><span class='ocrx_word' id='word_1_492' title='bbox 2072 3111 2244 3165; x_wconf 80' lang='grc' dir='ltr'>Τοῦτο</span> <span class='ocrx_word' id='word_1_493' title='bbox 2285 3112 2603 3184; x_wconf 81' lang='grc' dir='ltr'>μυστηρίων</span> <span class='ocrx_word' id='word_1_494' title='bbox 2647 3111 2709 3165; x_wconf 80' lang='grc' dir='ltr'>τὸ</span> <span class='ocrx_word' id='word_1_495' title='bbox 2755 3111 3034 3182; x_wconf 86' lang='grc' dir='ltr'>μέγιστον,</span> <span class='ocrx_word' id='word_1_496' title='bbox 3075 3112 3292 3184; x_wconf 79' lang='grc' dir='ltr'>πρῶτος</span> <span class='ocrx_word' id='word_1_497' title='bbox 3326 3113 3609 3186; x_wconf 79' lang='grc' dir='ltr'>θεολόγων</span> 
     </span>
    </p>
   </div>
   <div class='ocr_carea' id='block_1_64' title="bbox 1999 3204 3607 3278">
    <p class='ocr_par' dir='ltr' id='par_1_64' title="bbox 1999 3204 3607 3278">
     <span class='ocr_line' id='line_1_64' title="bbox 1999 3204 3607 3278; baseline 0.003 -20"><span class='ocrx_word' id='word_1_498' title='bbox 1999 3204 2239 3277; x_wconf 82' lang='grc' dir='ltr'><strong>Μωῦσῆς</strong></span> <span class='ocrx_word' id='word_1_499' title='bbox 2264 3207 2320 3258; x_wconf 81' lang='grc' dir='ltr'>ὲν</span> <span class='ocrx_word' id='word_1_500' title='bbox 2344 3206 2675 3278; x_wconf 74' lang='grc' dir='ltr'>ἀπορρήτοις</span> <span class='ocrx_word' id='word_1_501' title='bbox 2707 3205 2991 3276; x_wconf 74' lang='grc' dir='ltr'>Ἐϐραίους</span> <span class='ocrx_word' id='word_1_502' title='bbox 3013 3205 3137 3268; x_wconf 78' lang='grc' dir='ltr'>τοὺς</span> <span class='ocrx_word' id='word_1_503' title='bbox 3156 3205 3324 3260; x_wconf 84' lang='grc' dir='ltr'>πάλαι</span> <span class='ocrx_word' id='word_1_504' title='bbox 3349 3209 3607 3278; x_wconf 77' lang='grc' dir='ltr'>ὲμυσταο</span> 
     </span>
    </p>
   </div>
   <div class='ocr_carea' id='block_1_65' title="bbox 1997 3295 3604 3371">
    <p class='ocr_par' dir='ltr' id='par_1_65' title="bbox 1997 3295 3604 3371">
     <span class='ocr_line' id='line_1_65' title="bbox 1997 3295 3604 3371; baseline 0.004 -21"><span class='ocrx_word' id='word_1_505' title='bbox 1997 3295 2167 3367; x_wconf 87' lang='grc' dir='ltr'>γὼγει</span> <span class='ocrx_word' id='word_1_506' title='bbox 2223 3297 2415 3367; x_wconf 76' lang='grc' dir='ltr'>λέγων’</span> <span class='ocrx_word' id='word_1_507' title='bbox 2471 3316 2489 3350; x_wconf 83' lang='grc' dir='ltr'><strong>ι</strong></span> <span class='ocrx_word' id='word_1_508' title='bbox 2552 3297 2932 3369; x_wconf 84' lang='grc' dir='ltr'>Ἐπερὼτησον</span> <span class='ocrx_word' id='word_1_509' title='bbox 2970 3298 3063 3350; x_wconf 84' lang='grc' dir='ltr'><strong>τὸν</strong></span> <span class='ocrx_word' id='word_1_510' title='bbox 3106 3301 3321 3371; x_wconf 81' lang='grc' dir='ltr'>πατέρα</span> <span class='ocrx_word' id='word_1_511' title='bbox 3363 3317 3458 3353; x_wconf 88' lang='grc' dir='ltr'><strong>σου</strong></span> <span class='ocrx_word' id='word_1_512' title='bbox 3498 3303 3604 3356; x_wconf 78' lang='grc' dir='ltr'><strong>καὶ</strong></span> 
     </span>
    </p>
   </div>
   <div class='ocr_carea' id='block_1_66' title="bbox 1998 3389 3599 3463">
    <p class='ocr_par' dir='ltr' id='par_1_66' title="bbox 1998 3389 3599 3463">
     <span class='ocr_line' id='line_1_66' title="bbox 1998 3389 3599 3463; baseline 0.004 -21"><span class='ocrx_word' id='word_1_513' title='bbox 1998 3389 2291 3458; x_wconf 81' lang='grc' dir='ltr'>ἀναγγελεῖ</span> <span class='ocrx_word' id='word_1_514' title='bbox 2313 3407 2417 3455; x_wconf 90' lang='grc' dir='ltr'>σοι,</span> <span class='ocrx_word' id='word_1_515' title='bbox 2439 3391 2563 3454; x_wconf 83' lang='grc' dir='ltr'>τοὺς</span> <span class='ocrx_word' id='word_1_516' title='bbox 2589 3389 2997 3462; x_wconf 80' lang='grc' dir='ltr'>πρεσϐυτέρους</span> <span class='ocrx_word' id='word_1_517' title='bbox 3028 3407 3120 3443; x_wconf 92' lang='grc' dir='ltr'><strong>σου</strong></span> <span class='ocrx_word' id='word_1_518' title='bbox 3146 3392 3240 3445; x_wconf 80' lang='grc' dir='ltr'>καὶ</span> <span class='ocrx_word' id='word_1_519' title='bbox 3262 3392 3447 3463; x_wconf 79' lang='grc' dir='ltr'>ὲροῦσί</span> <span class='ocrx_word' id='word_1_520' title='bbox 3470 3409 3563 3448; x_wconf 84' lang='grc' dir='ltr'><strong>σοι</strong></span> <span class='ocrx_word' id='word_1_521' title='bbox 3582 3410 3599 3425; x_wconf 80' lang='grc'><strong><em>⁸</em></strong></span> 
     </span>
    </p>
   </div>
   <div class='ocr_carea' id='block_1_67' title="bbox 1995 3479 3603 3553">
    <p class='ocr_par' dir='ltr' id='par_1_67' title="bbox 1995 3479 3603 3553">
     <span class='ocr_line' id='line_1_67' title="bbox 1995 3479 3603 3553; baseline 0.004 -20"><span class='ocrx_word' id='word_1_522' title='bbox 1995 3480 2085 3533; x_wconf 84' lang='grc' dir='ltr'>ὅτε</span> <span class='ocrx_word' id='word_1_523' title='bbox 2112 3479 2416 3552; x_wconf 75' lang='grc' dir='ltr'>διεμέριζεν</span> <span class='ocrx_word' id='word_1_524' title='bbox 2442 3481 2472 3532; x_wconf 84' lang='lat'><strong>6</strong></span> <span class='ocrx_word' id='word_1_525' title='bbox 2505 3480 2767 3550; x_wconf 72' lang='grc' dir='ltr'>Ὕψιστος</span> <span class='ocrx_word' id='word_1_526' title='bbox 2798 3479 2948 3552; x_wconf 84' lang='grc' dir='ltr'>έθνη,</span> <span class='ocrx_word' id='word_1_527' title='bbox 2984 3480 3062 3544; x_wconf 86' lang='grc' dir='ltr'>ὡς</span> <span class='ocrx_word' id='word_1_528' title='bbox 3095 3480 3403 3553; x_wconf 83' lang='grc' dir='ltr'>διέσπειρεν</span> <span class='ocrx_word' id='word_1_529' title='bbox 3439 3485 3603 3548; x_wconf 79' lang='grc' dir='ltr'>υἱοὺς</span> 
     </span>
    </p>
   </div>
   <div class='ocr_carea' id='block_1_68' title="bbox 2008 3570 3607 3645">
    <p class='ocr_par' dir='ltr' id='par_1_68' title="bbox 2008 3570 3607 3645">
     <span class='ocr_line' id='line_1_68' title="bbox 2008 3570 3607 3645; baseline 0.004 -20"><span class='ocrx_word' id='word_1_530' title='bbox 2008 3570 2199 3642; x_wconf 84' lang='grc' dir='ltr'>Ἀδὰμ,</span> <span class='ocrx_word' id='word_1_531' title='bbox 2244 3570 2473 3641; x_wconf 77' lang='grc' dir='ltr'>ἔστησεν</span> <span class='ocrx_word' id='word_1_532' title='bbox 2516 3572 2642 3643; x_wconf 84' lang='grc' dir='ltr'>ὅρια</span> <span class='ocrx_word' id='word_1_533' title='bbox 2681 3570 2852 3626; x_wconf 81' lang='grc' dir='ltr'>ἐθνῶν</span> <span class='ocrx_word' id='word_1_534' title='bbox 2890 3572 3013 3625; x_wconf 82' lang='grc' dir='ltr'>κατ’</span> <span class='ocrx_word' id='word_1_535' title='bbox 3069 3572 3302 3645; x_wconf 76' lang='grc' dir='ltr'>ἀριθμὸν</span> <span class='ocrx_word' id='word_1_536' title='bbox 3339 3575 3607 3643; x_wconf 84' lang='grc' dir='ltr'>ἀγγέλων</span> 
     </span>
    </p>
   </div>
   <div class='ocr_carea' id='block_1_69' title="bbox 1994 3659 3600 3732">
    <p class='ocr_par' dir='ltr' id='par_1_69' title="bbox 1994 3659 3600 3732">
     <span class='ocr_line' id='line_1_69' title="bbox 1994 3659 3600 3732; baseline 0.003 -18"><span class='ocrx_word' id='word_1_537' title='bbox 1994 3659 2153 3725; x_wconf 75' lang='grc' dir='ltr'>Θεοῦ,</span> <span class='ocrx_word' id='word_1_538' title='bbox 2178 3660 2273 3714; x_wconf 71' lang='grc' dir='ltr'>καὶ</span> <span class='ocrx_word' id='word_1_539' title='bbox 2297 3661 2531 3732; x_wconf 75' lang='grc' dir='ltr'>ἐγενήθη</span> <span class='ocrx_word' id='word_1_540' title='bbox 2573 3660 2732 3732; x_wconf 77' lang='grc' dir='ltr'>μερὶς</span> <span class='ocrx_word' id='word_1_541' title='bbox 2772 3660 2978 3732; x_wconf 85' lang='grc' dir='ltr'>Κυρίου</span> <span class='ocrx_word' id='word_1_542' title='bbox 3003 3659 3129 3726; x_wconf 81' lang='grc' dir='ltr'>λαὸς</span> <span class='ocrx_word' id='word_1_543' title='bbox 3164 3663 3328 3717; x_wconf 81' lang='grc' dir='ltr'>αὐτοῦ</span> <span class='ocrx_word' id='word_1_544' title='bbox 3367 3664 3600 3730; x_wconf 78' lang='grc' dir='ltr'>Ἰακὼϐ,</span> 
     </span>
    </p>
   </div>
   <div class='ocr_carea' id='block_1_70' title="bbox 1995 3754 3604 3827">
    <p class='ocr_par' dir='ltr' id='par_1_70' title="bbox 1995 3754 3604 3827">
     <span class='ocr_line' id='line_1_70' title="bbox 1995 3754 3604 3827; baseline 0.004 -20"><span class='ocrx_word' id='word_1_545' title='bbox 1995 3754 2280 3826; x_wconf 86' lang='grc' dir='ltr'>σχοίνισμα</span> <span class='ocrx_word' id='word_1_546' title='bbox 2314 3754 2680 3826; x_wconf 79' lang='grc' dir='ltr'>κληρονομίας</span> <span class='ocrx_word' id='word_1_547' title='bbox 2702 3754 2867 3808; x_wconf 80' lang='grc' dir='ltr'>αὐτοῦ</span> <span class='ocrx_word' id='word_1_548' title='bbox 2916 3755 3153 3827; x_wconf 80' lang='grc' dir='ltr'>Ἰσραήλ.</span> <span class='ocrx_word' id='word_1_549' title='bbox 3197 3776 3217 3808; x_wconf 74' lang='grc' dir='ltr'><strong>ι</strong></span> <span class='ocrx_word' id='word_1_550' title='bbox 3254 3756 3354 3809; x_wconf 71' lang='grc' dir='ltr'><strong>Διὰ</strong></span> <span class='ocrx_word' id='word_1_551' title='bbox 3377 3756 3604 3813; x_wconf 79' lang='grc' dir='ltr'>τούτων</span> 
     </span>
    </p>
   </div>
   <div class='ocr_carea' id='block_1_71' title="bbox 1992 3848 3601 3920">
    <p class='ocr_par' dir='ltr' id='par_1_71' title="bbox 1992 3848 3601 3920">
     <span class='ocr_line' id='line_1_71' title="bbox 1992 3848 3601 3920; baseline 0.002 -18"><span class='ocrx_word' id='word_1_552' title='bbox 1992 3849 2122 3918; x_wconf 84' lang='grc' dir='ltr'>γοῦν</span> <span class='ocrx_word' id='word_1_553' title='bbox 2151 3849 2410 3920; x_wconf 74' lang='grc' dir='ltr'>Ὕψιστον</span> <span class='ocrx_word' id='word_1_554' title='bbox 2454 3849 2553 3920; x_wconf 85' lang='grc' dir='ltr'>μὲν</span> <span class='ocrx_word' id='word_1_555' title='bbox 2581 3848 2672 3902; x_wconf 74' lang='grc' dir='ltr'>τδν</span> <span class='ocrx_word' id='word_1_556' title='bbox 2702 3850 2984 3914; x_wconf 85' lang='grc' dir='ltr'>ἀνωτάτω,</span> <span class='ocrx_word' id='word_1_557' title='bbox 3016 3849 3111 3904; x_wconf 59' lang='grc' dir='ltr'><strong>καὶ¹</strong></span> <span class='ocrx_word' id='word_1_558' title='bbox 3136 3850 3229 3903; x_wconf 76' lang='grc' dir='ltr'>ἐπὶ</span> <span class='ocrx_word' id='word_1_559' title='bbox 3263 3850 3419 3915; x_wconf 72' lang='grc' dir='ltr'>πᾶσι,</span> <span class='ocrx_word' id='word_1_560' title='bbox 3449 3850 3601 3905; x_wconf 80' lang='grc' dir='ltr'>Θεὸν</span> 
     </span>
    </p>
   </div>
   <div class='ocr_carea' id='block_1_72' title="bbox 1991 3936 3600 4009">
    <p class='ocr_par' dir='ltr' id='par_1_72' title="bbox 1991 3936 3600 4009">
     <span class='ocr_line' id='line_1_72' title="bbox 1991 3936 3600 4009; baseline 0 -15"><span class='ocrx_word' id='word_1_561' title='bbox 1991 3939 2098 3994; x_wconf 83' lang='grc' dir='ltr'>τῶν</span> <span class='ocrx_word' id='word_1_562' title='bbox 2131 3940 2268 3994; x_wconf 86' lang='grc' dir='ltr'>ὅλων</span> <span class='ocrx_word' id='word_1_563' title='bbox 2299 3938 2574 4009; x_wconf 74' lang='grc' dir='ltr'>ὀνομάζει·</span> <span class='ocrx_word' id='word_1_564' title='bbox 2612 3936 2815 4008; x_wconf 80' lang='grc' dir='ltr'>Κύριον</span> <span class='ocrx_word' id='word_1_565' title='bbox 2843 3938 2900 3992; x_wconf 78' lang='grc' dir='ltr'>δὲ</span> <span class='ocrx_word' id='word_1_566' title='bbox 2927 3939 3021 3993; x_wconf 85' lang='grc' dir='ltr'><strong>τὸν</strong></span> <span class='ocrx_word' id='word_1_567' title='bbox 3051 3937 3241 3992; x_wconf 81' lang='grc' dir='ltr'>τούτου</span> <span class='ocrx_word' id='word_1_568' title='bbox 3268 3939 3464 4007; x_wconf 83' lang='grc' dir='ltr'>Λόγον,</span> <span class='ocrx_word' id='word_1_569' title='bbox 3492 3940 3600 3993; x_wconf 79' lang='grc' dir='ltr'><strong>τὸν</strong></span> 
     </span>
    </p>
   </div>
   <div class='ocr_carea' id='block_1_73' title="bbox 1989 4031 3600 4106">
    <p class='ocr_par' dir='ltr' id='par_1_73' title="bbox 1989 4031 3600 4106">
     <span class='ocr_line' id='line_1_73' title="bbox 1989 4031 3600 4106; baseline 0.001 -19"><span class='ocrx_word' id='word_1_570' title='bbox 1989 4033 2054 4106; x_wconf 80' lang='grc' dir='ltr'><strong>δὴ</strong></span> <span class='ocrx_word' id='word_1_571' title='bbox 2081 4034 2176 4087; x_wconf 75' lang='grc' dir='ltr'><strong>καὶ</strong></span> <span class='ocrx_word' id='word_1_572' title='bbox 2207 4033 2476 4106; x_wconf 86' lang='grc' dir='ltr'>δευτέρως</span> <span class='ocrx_word' id='word_1_573' title='bbox 2523 4034 2656 4103; x_wconf 84' lang='grc' dir='ltr'>ἡμῖν</span> <span class='ocrx_word' id='word_1_574' title='bbox 2695 4031 2833 4103; x_wconf 82' lang='grc' dir='ltr'>μετὰ</span> <span class='ocrx_word' id='word_1_575' title='bbox 2863 4032 2955 4086; x_wconf 84' lang='grc' dir='ltr'><strong>τὸν</strong></span> <span class='ocrx_word' id='word_1_576' title='bbox 2997 4031 3107 4085; x_wconf 83' lang='grc' dir='ltr'><strong>τῶν</strong></span> <span class='ocrx_word' id='word_1_577' title='bbox 3149 4032 3286 4085; x_wconf 78' lang='grc' dir='ltr'>ὅλων</span> <span class='ocrx_word' id='word_1_578' title='bbox 3315 4032 3447 4087; x_wconf 81' lang='grc' dir='ltr'>Θεὸν</span> <span class='ocrx_word' id='word_1_579' title='bbox 3487 4051 3600 4087; x_wconf 87' lang='grc' dir='ltr'><strong>κυ-</strong></span> 
     </span>
    </p>
   </div>
   <div class='ocr_carea' id='block_1_74' title="bbox 303 4121 1896 4198">
    <p class='ocr_par' dir='ltr' id='par_1_74' title="bbox 303 4121 1885 4197">
     <span class='ocr_line' id='line_1_74' title="bbox 303 4121 1885 4197; baseline -0.003 -16"><span class='ocrx_word' id='word_1_580' title='bbox 303 4126 452 4197; x_wconf 86' lang='lat' dir='ltr'><strong>quod</strong></span> <span class='ocrx_word' id='word_1_581' title='bbox 500 4140 603 4180; x_wconf 88' lang='lat' dir='ltr'><strong>nos</strong></span> <span class='ocrx_word' id='word_1_582' title='bbox 650 4139 681 4178; x_wconf 90' lang='lat' dir='ltr'><strong>a</strong></span> <span class='ocrx_word' id='word_1_583' title='bbox 732 4121 899 4178; x_wconf 90' lang='lat' dir='ltr'><strong>Patre</strong></span> <span class='ocrx_word' id='word_1_584' title='bbox 941 4123 1216 4193; x_wconf 84' lang='lat' dir='ltr'><strong>genitum,</strong></span> <span class='ocrx_word' id='word_1_585' title='bbox 1262 4124 1624 4194; x_wconf 87' lang='lat' dir='ltr'><strong>appellatione</strong></span> <span class='ocrx_word' id='word_1_586' title='bbox 1670 4121 1885 4177; x_wconf 91' lang='lat' dir='ltr'><strong>Domini</strong></span> 
     </span>
    </p>
   </div>
   <div class='ocr_carea' id='block_1_75' title="bbox 2039 4121 3603 4198">
    <p class='ocr_par' dir='ltr' id='par_1_75' title="bbox 2039 4124 3603 4198">
     <span class='ocr_line' id='line_1_75' title="bbox 2039 4124 3603 4198; baseline -0.001 -18"><span class='ocrx_word' id='word_1_587' title='bbox 2039 4126 2425 4197; x_wconf 76' lang='grc' dir='ltr'>ιολογούμενον.</span> <span class='ocrx_word' id='word_1_588' title='bbox 2470 4124 2630 4179; x_wconf 84' lang='grc' dir='ltr'><strong>Ἀλλά</strong></span> <span class='ocrx_word' id='word_1_589' title='bbox 2664 4125 2774 4196; x_wconf 81' lang='grc' dir='ltr'>γὰρ</span> <span class='ocrx_word' id='word_1_590' title='bbox 2804 4128 2916 4190; x_wconf 87' lang='grc' dir='ltr'>τοῖς</span> <span class='ocrx_word' id='word_1_591' title='bbox 2953 4126 3051 4197; x_wconf 84' lang='grc' dir='ltr'><strong>μὲν</strong></span> <span class='ocrx_word' id='word_1_592' title='bbox 3079 4126 3187 4179; x_wconf 82' lang='grc' dir='ltr'>τῶν</span> <span class='ocrx_word' id='word_1_593' title='bbox 3214 4125 3385 4179; x_wconf 80' lang='grc' dir='ltr'>ἐθνῶν</span> <span class='ocrx_word' id='word_1_594' title='bbox 3414 4127 3603 4198; x_wconf 75' lang='grc' dir='ltr'>ἀορά-</span> 
     </span>
    </p>
   </div>
   <div class='ocr_carea' id='block_1_76' title="bbox 302 4214 1886 4285">
    <p class='ocr_par' dir='ltr' id='par_1_76' title="bbox 302 4214 1886 4285">
     <span class='ocr_line' id='line_1_76' title="bbox 302 4214 1886 4285; baseline 0 -14"><span class='ocrx_word' id='word_1_595' title='bbox 302 4232 654 4274; x_wconf 84' lang='lat' dir='ltr'><strong>vcneramur.</strong></span> <span class='ocrx_word' id='word_1_596' title='bbox 679 4214 950 4271; x_wconf 65' lang='lat' dir='ltr'><strong>Cmterum</strong></span> <span class='ocrx_word' id='word_1_597' title='bbox 978 4214 1252 4285; x_wconf 63' lang='lat' dir='ltr'><strong>praefectis</strong></span> <span class='ocrx_word' id='word_1_598' title='bbox 1276 4216 1495 4285; x_wconf 89' lang='lat' dir='ltr'><strong>quidem</strong></span> <span class='ocrx_word' id='word_1_599' title='bbox 1522 4230 1586 4270; x_wconf 91' lang='lat' dir='ltr'><strong>ac</strong></span> <span class='ocrx_word' id='word_1_600' title='bbox 1609 4214 1886 4271; x_wconf 84' lang='lat' dir='ltr'><strong>tutoribus</strong></span> 
     </span>
    </p>
   </div>
   <div class='ocr_carea' id='block_1_77' title="bbox 300 4306 1886 4381">
    <p class='ocr_par' dir='ltr' id='par_1_77' title="bbox 300 4306 1886 4381">
     <span class='ocr_line' id='line_1_77' title="bbox 300 4306 1886 4381; baseline -0.003 -16"><span class='ocrx_word' id='word_1_601' title='bbox 300 4311 546 4381; x_wconf 81' lang='lat' dir='ltr'><strong>gentium</strong></span> <span class='ocrx_word' id='word_1_602' title='bbox 565 4348 582 4375; x_wconf 95' lang='lat'><strong>,</strong></span> <span class='ocrx_word' id='word_1_603' title='bbox 607 4309 787 4365; x_wconf 90' lang='lat' dir='ltr'><strong>visum</strong></span> <span class='ocrx_word' id='word_1_604' title='bbox 808 4314 1060 4363; x_wconf 87' lang='lat' dir='ltr'><strong>nostrum</strong></span> <span class='ocrx_word' id='word_1_605' title='bbox 1088 4306 1474 4376; x_wconf 76' lang='lat' dir='ltr'><strong>eil&#39;ugientibus</strong></span> <span class='ocrx_word' id='word_1_606' title='bbox 1494 4346 1509 4370; x_wconf 92' lang='lat'><strong>,</strong></span> <span class='ocrx_word' id='word_1_607' title='bbox 1538 4306 1674 4378; x_wconf 90' lang='lat' dir='ltr'><strong>ipsis</strong></span> <span class='ocrx_word' id='word_1_608' title='bbox 1697 4307 1886 4377; x_wconf 91' lang='lat' dir='ltr'><strong>utique</strong></span> 
     </span>
    </p>
   </div>
   <div class='ocr_carea' id='block_1_78' title="bbox 300 4397 1886 4472">
    <p class='ocr_par' dir='ltr' id='par_1_78' title="bbox 300 4397 1886 4472">
     <span class='ocr_line' id='line_1_78' title="bbox 300 4397 1886 4472; baseline -0.003 -15"><span class='ocrx_word' id='word_1_609' title='bbox 300 4402 513 4472; x_wconf 79' lang='lat' dir='ltr'><strong>angelis</strong></span> <span class='ocrx_word' id='word_1_610' title='bbox 535 4441 551 4465; x_wconf 92' lang='lat'><strong>,</strong></span> <span class='ocrx_word' id='word_1_611' title='bbox 584 4407 818 4456; x_wconf 86' lang='lat' dir='ltr'><strong>cunctas</strong></span> <span class='ocrx_word' id='word_1_612' title='bbox 853 4406 1046 4472; x_wconf 78' lang='lat' dir='ltr'><strong>gentes</strong></span> <span class='ocrx_word' id='word_1_613' title='bbox 1073 4407 1130 4453; x_wconf 91' lang='lat' dir='ltr'><strong>et</strong></span> <span class='ocrx_word' id='word_1_614' title='bbox 1159 4398 1303 4453; x_wconf 78' lang='lat' dir='ltr'><strong>ﬁlios</strong></span> <span class='ocrx_word' id='word_1_615' title='bbox 1330 4397 1616 4453; x_wconf 91' lang='lat' dir='ltr'><strong>hominum</strong></span> <span class='ocrx_word' id='word_1_616' title='bbox 1650 4413 1791 4468; x_wconf 89' lang='lat' dir='ltr'><strong>quos</strong></span> <span class='ocrx_word' id='word_1_617' title='bbox 1820 4397 1886 4452; x_wconf 80' lang='lat' dir='ltr'><strong>li-</strong></span> 
     </span>
    </p>
   </div>
   <div class='ocr_carea' id='block_1_79' title="bbox 297 4487 1883 4562">
    <p class='ocr_par' dir='ltr' id='par_1_79' title="bbox 297 4487 1883 4562">
     <span class='ocr_line' id='line_1_79' title="bbox 297 4487 1883 4562; baseline -0.004 -13"><span class='ocrx_word' id='word_1_618' title='bbox 297 4495 403 4549; x_wconf 86' lang='lat' dir='ltr'><strong>lios</strong></span> <span class='ocrx_word' id='word_1_619' title='bbox 449 4493 627 4548; x_wconf 85' lang='lat' dir='ltr'><strong>Adam</strong></span> <span class='ocrx_word' id='word_1_620' title='bbox 670 4501 868 4557; x_wconf 83' lang='lat' dir='ltr'><strong>vocat,</strong></span> <span class='ocrx_word' id='word_1_621' title='bbox 902 4492 1079 4562; x_wconf 89' lang='lat' dir='ltr'><strong>ipsius</strong></span> <span class='ocrx_word' id='word_1_622' title='bbox 1118 4489 1378 4545; x_wconf 89' lang='lat' dir='ltr'><strong>altissimi</strong></span> <span class='ocrx_word' id='word_1_623' title='bbox 1413 4487 1511 4544; x_wconf 90' lang='lat' dir='ltr'><strong>Dei</strong></span> <span class='ocrx_word' id='word_1_624' title='bbox 1551 4489 1796 4559; x_wconf 89' lang='lat' dir='ltr'><strong>judicio,</strong></span> <span class='ocrx_word' id='word_1_625' title='bbox 1827 4498 1883 4545; x_wconf 91' lang='lat' dir='ltr'><strong>et</strong></span> 
     </span>
    </p>
   </div>
   <div class='ocr_carea' id='block_1_80' title="bbox 295 4580 1885 4646">
    <p class='ocr_par' dir='ltr' id='par_1_80' title="bbox 295 4580 1885 4646">
     <span class='ocr_line' id='line_1_80' title="bbox 295 4580 1885 4646; baseline -0.003 -4"><span class='ocrx_word' id='word_1_626' title='bbox 295 4586 460 4642; x_wconf 86' lang='lat' dir='ltr'><strong>nobis</strong></span> <span class='ocrx_word' id='word_1_627' title='bbox 491 4584 892 4640; x_wconf 88' lang='lat' dir='ltr'><strong>occultissimis</strong></span> <span class='ocrx_word' id='word_1_628' title='bbox 919 4582 1254 4646; x_wconf 88' lang='lat' dir='ltr'><strong>rationibus,</strong></span> <span class='ocrx_word' id='word_1_629' title='bbox 1278 4581 1356 4636; x_wconf 80' lang='lat' dir='ltr'><strong>ait</strong></span> <span class='ocrx_word' id='word_1_630' title='bbox 1384 4580 1722 4637; x_wconf 83' lang='lat' dir='ltr'><strong>distributos</strong></span> <span class='ocrx_word' id='word_1_631' title='bbox 1751 4581 1885 4637; x_wconf 76' lang='lat' dir='ltr'><strong>fuis-</strong></span> 
     </span>
    </p>
   </div>
   <div class='ocr_carea' id='block_1_81' title="bbox 294 4674 1880 4745">
    <p class='ocr_par' dir='ltr' id='par_1_81' title="bbox 294 4674 1880 4745">
     <span class='ocr_line' id='line_1_81' title="bbox 294 4674 1880 4745; baseline -0.004 -10"><span class='ocrx_word' id='word_1_632' title='bbox 294 4693 355 4735; x_wconf 81' lang='lat' dir='ltr'><strong>se</strong></span> <span class='ocrx_word' id='word_1_633' title='bbox 383 4678 690 4734; x_wconf 85' lang='lat' dir='ltr'><strong>:-omnium</strong></span> <span class='ocrx_word' id='word_1_634' title='bbox 732 4692 866 4732; x_wconf 78' lang='lat' dir='ltr'><strong>vero</strong></span> <span class='ocrx_word' id='word_1_635' title='bbox 908 4674 1350 4732; x_wconf 87' lang='lat' dir='ltr'><strong>eminentissimo</strong></span> <span class='ocrx_word' id='word_1_636' title='bbox 1391 4676 1610 4745; x_wconf 71' lang='lat' dir='ltr'><strong>praesidi</strong></span> <span class='ocrx_word' id='word_1_637' title='bbox 1653 4690 1719 4731; x_wconf 90' lang='lat' dir='ltr'><strong>ac</strong></span> <span class='ocrx_word' id='word_1_638' title='bbox 1764 4675 1880 4745; x_wconf 81' lang='lat' dir='ltr'><strong>regi</strong></span> 
     </span>
    </p>
   </div>
   <div class='ocr_carea' id='block_1_82' title="bbox 294 4768 1880 4842">
    <p class='ocr_par' dir='ltr' id='par_1_82' title="bbox 294 4768 1880 4842">
     <span class='ocr_line' id='line_1_82' title="bbox 294 4768 1880 4842; baseline -0.003 -15"><span class='ocrx_word' id='word_1_639' title='bbox 294 4772 585 4840; x_wconf 82' lang='lat' dir='ltr'><strong>universi,</strong></span> <span class='ocrx_word' id='word_1_640' title='bbox 627 4771 731 4842; x_wconf 85' lang='lat' dir='ltr'><strong>ipsi</strong></span> <span class='ocrx_word' id='word_1_641' title='bbox 773 4771 966 4840; x_wconf 90' lang='lat' dir='ltr'><strong>utique</strong></span> <span class='ocrx_word' id='word_1_642' title='bbox 1005 4769 1250 4833; x_wconf 80' lang='lat' dir='ltr'><strong>Christo,</strong></span> <span class='ocrx_word' id='word_1_643' title='bbox 1294 4776 1561 4841; x_wconf 86' lang='lat' dir='ltr'><strong>tanquam</strong></span> <span class='ocrx_word' id='word_1_644' title='bbox 1592 4769 1759 4825; x_wconf 88' lang='lat' dir='ltr'><strong>unico</strong></span> <span class='ocrx_word' id='word_1_645' title='bbox 1787 4768 1880 4823; x_wconf 91' lang='lat' dir='ltr'><strong>Fi-</strong></span> 
     </span>
    </p>
   </div>
   <div class='ocr_carea' id='block_1_83' title="bbox 293 4859 1880 4934">
    <p class='ocr_par' dir='ltr' id='par_1_83' title="bbox 293 4859 1880 4934">
     <span class='ocr_line' id='line_1_83' title="bbox 293 4859 1880 4934; baseline -0.003 -16"><span class='ocrx_word' id='word_1_646' title='bbox 293 4865 397 4928; x_wconf 87' lang='lat' dir='ltr'><strong>lio,</strong></span> <span class='ocrx_word' id='word_1_647' title='bbox 431 4880 499 4920; x_wconf 79' lang='lat' dir='ltr'><strong>ex</strong></span> <span class='ocrx_word' id='word_1_648' title='bbox 531 4862 670 4934; x_wconf 81' lang='lat' dir='ltr'><strong>ipsis</strong></span> <span class='ocrx_word' id='word_1_649' title='bbox 694 4861 1014 4918; x_wconf 79' lang='lat' dir='ltr'><strong>hominibus</strong></span> <span class='ocrx_word' id='word_1_650' title='bbox 1038 4859 1215 4917; x_wconf 83' lang='lat' dir='ltr'><strong>Jacob</strong></span> <span class='ocrx_word' id='word_1_651' title='bbox 1239 4868 1404 4932; x_wconf 90' lang='lat' dir='ltr'><strong>atque</strong></span> <span class='ocrx_word' id='word_1_652' title='bbox 1434 4860 1598 4917; x_wconf 88' lang='lat' dir='ltr'><strong>Israel</strong></span> <span class='ocrx_word' id='word_1_653' title='bbox 1616 4901 1632 4926; x_wconf 91' lang='lat'><strong>,</strong></span> <span class='ocrx_word' id='word_1_654' title='bbox 1662 4861 1767 4917; x_wconf 92' lang='lat' dir='ltr'><strong>hoc</strong></span> <span class='ocrx_word' id='word_1_655' title='bbox 1792 4868 1880 4916; x_wconf 88' lang='lat' dir='ltr'><strong>est</strong></span> 
     </span>
    </p>
   </div>
   <div class='ocr_carea' id='block_1_84' title="bbox 292 4953 1878 5027">
    <p class='ocr_par' dir='ltr' id='par_1_84' title="bbox 292 4953 1878 5027">
     <span class='ocr_line' id='line_1_84' title="bbox 292 4953 1878 5027; baseline -0.003 -16"><span class='ocrx_word' id='word_1_656' title='bbox 292 4970 457 5011; x_wconf 88' lang='lat' dir='ltr'><strong>omne</strong></span> <span class='ocrx_word' id='word_1_657' title='bbox 513 4954 885 5027; x_wconf 89' lang='lat' dir='ltr'><strong>quodcunque</strong></span> <span class='ocrx_word' id='word_1_658' title='bbox 921 4961 976 5009; x_wconf 90' lang='lat' dir='ltr'><strong>et</strong></span> <span class='ocrx_word' id='word_1_659' title='bbox 1012 4955 1136 5009; x_wconf 87' lang='lat' dir='ltr'><strong>visu</strong></span> <span class='ocrx_word' id='word_1_660' title='bbox 1176 4953 1383 5024; x_wconf 90' lang='lat' dir='ltr'><strong>percipi</strong></span> <span class='ocrx_word' id='word_1_661' title='bbox 1420 4961 1633 5024; x_wconf 82' lang='lat' dir='ltr'><strong>potest,</strong></span> <span class='ocrx_word' id='word_1_662' title='bbox 1675 4961 1730 5008; x_wconf 89' lang='lat' dir='ltr'><strong>et</strong></span> <span class='ocrx_word' id='word_1_663' title='bbox 1759 4953 1878 5008; x_wconf 86' lang='lat' dir='ltr'><strong>cul-</strong></span> 
     </span>
    </p>
   </div>
   <div class='ocr_carea' id='block_1_85' title="bbox 291 5044 1871 5118">
    <p class='ocr_par' dir='ltr' id='par_1_85' title="bbox 291 5044 1871 5118">
     <span class='ocr_line' id='line_1_85' title="bbox 291 5044 1871 5118; baseline -0.003 -14"><span class='ocrx_word' id='word_1_664' title='bbox 291 5057 408 5104; x_wconf 87' lang='lat' dir='ltr'><strong>tum</strong></span> <span class='ocrx_word' id='word_1_665' title='bbox 449 5047 544 5104; x_wconf 89' lang='lat' dir='ltr'><strong>Dei</strong></span> <span class='ocrx_word' id='word_1_666' title='bbox 584 5047 897 5118; x_wconf 81' lang='lat' dir='ltr'><strong>amplexum</strong></span> <span class='ocrx_word' id='word_1_667' title='bbox 945 5056 1060 5113; x_wconf 88' lang='lat' dir='ltr'><strong>est,</strong></span> <span class='ocrx_word' id='word_1_668' title='bbox 1117 5044 1382 5101; x_wconf 87' lang='lat' dir='ltr'><strong>traditum</strong></span> <span class='ocrx_word' id='word_1_669' title='bbox 1432 5045 1607 5102; x_wconf 87' lang='lat' dir='ltr'><strong>fuisse</strong></span> <span class='ocrx_word' id='word_1_670' title='bbox 1652 5060 1871 5115; x_wconf 82' lang='lat' dir='ltr'><strong>genus:</strong></span> 
     </span>
    </p>
   </div>
   <div class='ocr_carea' id='block_1_86' title="bbox 290 5137 1874 5211">
    <p class='ocr_par' dir='ltr' id='par_1_86' title="bbox 290 5137 1874 5211">
     <span class='ocr_line' id='line_1_86' title="bbox 290 5137 1874 5211; baseline -0.002 -16"><span class='ocrx_word' id='word_1_671' title='bbox 290 5156 419 5195; x_wconf 92' lang='lat' dir='ltr'><strong>nam</strong></span> <span class='ocrx_word' id='word_1_672' title='bbox 455 5140 549 5211; x_wconf 86' lang='lat' dir='ltr'><strong>qui</strong></span> <span class='ocrx_word' id='word_1_673' title='bbox 587 5140 658 5195; x_wconf 86' lang='lat' dir='ltr'><strong>ad</strong></span> <span class='ocrx_word' id='word_1_674' title='bbox 694 5140 954 5195; x_wconf 84' lang='lat' dir='ltr'><strong>virtutem</strong></span> <span class='ocrx_word' id='word_1_675' title='bbox 988 5139 1274 5209; x_wconf 88' lang='lat' dir='ltr'><strong>proposito</strong></span> <span class='ocrx_word' id='word_1_676' title='bbox 1308 5137 1614 5194; x_wconf 85' lang='lat' dir='ltr'><strong>certamine</strong></span> <span class='ocrx_word' id='word_1_677' title='bbox 1649 5153 1874 5193; x_wconf 80' lang='lat' dir='ltr'><strong>exerce-</strong></span> 
     </span>
    </p>
   </div>
   <div class='ocr_carea' id='block_1_87' title="bbox 289 5229 1873 5302">
    <p class='ocr_par' dir='ltr' id='par_1_87' title="bbox 289 5229 1873 5302">
     <span class='ocr_line' id='line_1_87' title="bbox 289 5229 1873 5302; baseline 0.001 -18"><span class='ocrx_word' id='word_1_678' title='bbox 289 5241 401 5295; x_wconf 88' lang='lat' dir='ltr'><strong>tur,</strong></span> <span class='ocrx_word' id='word_1_679' title='bbox 439 5241 605 5301; x_wconf 87' lang='lat' dir='ltr'><strong>atque</strong></span> <span class='ocrx_word' id='word_1_680' title='bbox 638 5231 820 5286; x_wconf 88' lang='lat' dir='ltr'><strong>adhuc</strong></span> <span class='ocrx_word' id='word_1_681' title='bbox 859 5237 1069 5301; x_wconf 84' lang='lat' dir='ltr'><strong>pugnat</strong></span> <span class='ocrx_word' id='word_1_682' title='bbox 1106 5238 1161 5286; x_wconf 92' lang='lat' dir='ltr'><strong>et</strong></span> <span class='ocrx_word' id='word_1_683' title='bbox 1190 5229 1451 5285; x_wconf 87' lang='lat' dir='ltr'><strong>luctatur&#39;</strong></span> <span class='ocrx_word' id='word_1_684' title='bbox 1471 5230 1528 5284; x_wconf 92' lang='lat' dir='ltr'><strong>in</strong></span> <span class='ocrx_word' id='word_1_685' title='bbox 1566 5230 1873 5302; x_wconf 80' lang='lat' dir='ltr'><strong>gymnasiis</strong></span> 
     </span>
    </p>
   </div>
   <div class='ocr_carea' id='block_1_88' title="bbox 287 5319 1866 5390">
    <p class='ocr_par' dir='ltr' id='par_1_88' title="bbox 287 5319 1866 5390">
     <span class='ocr_line' id='line_1_88' title="bbox 287 5319 1866 5390; baseline 0 -15"><span class='ocrx_word' id='word_1_686' title='bbox 287 5322 548 5390; x_wconf 87' lang='lat' dir='ltr'><strong>pietatis,</strong></span> <span class='ocrx_word' id='word_1_687' title='bbox 590 5320 681 5376; x_wconf 90' lang='lat' dir='ltr'><strong>hic</strong></span> <span class='ocrx_word' id='word_1_688' title='bbox 714 5320 1073 5377; x_wconf 62' lang='lat' dir='ltr'><strong>Hebraeorum</strong></span> <span class='ocrx_word' id='word_1_689' title='bbox 1109 5321 1380 5377; x_wconf 87' lang='lat' dir='ltr'><strong>vocabulo</strong></span> <span class='ocrx_word' id='word_1_690' title='bbox 1417 5320 1622 5376; x_wconf 91' lang='lat' dir='ltr'><strong>dicitur</strong></span> <span class='ocrx_word' id='word_1_691' title='bbox 1652 5319 1866 5375; x_wconf 82' lang='lat' dir='ltr'><strong>Jacob:</strong></span> 
     </span>
    </p>
   </div>
   <div class='ocr_carea' id='block_1_89' title="bbox 284 5411 1870 5485">
    <p class='ocr_par' dir='ltr' id='par_1_89' title="bbox 284 5411 1870 5485">
     <span class='ocr_line' id='line_1_89' title="bbox 284 5411 1870 5485; baseline 0.001 -17"><span class='ocrx_word' id='word_1_692' title='bbox 284 5413 380 5485; x_wconf 86' lang='lat' dir='ltr'><strong>qui</strong></span> <span class='ocrx_word' id='word_1_693' title='bbox 408 5428 541 5469; x_wconf 82' lang='lat' dir='ltr'><strong>vero</strong></span> <span class='ocrx_word' id='word_1_694' title='bbox 562 5414 680 5484; x_wconf 80' lang='lat' dir='ltr'><strong>jam</strong></span> <span class='ocrx_word' id='word_1_695' title='bbox 707 5414 957 5470; x_wconf 72' lang='lat' dir='ltr'><strong>victoriae</strong></span> <span class='ocrx_word' id='word_1_696' title='bbox 989 5430 1052 5469; x_wconf 90' lang='lat' dir='ltr'><strong>ac</strong></span> <span class='ocrx_word' id='word_1_697' title='bbox 1083 5413 1433 5485; x_wconf 61' lang='lat' dir='ltr'><strong>praemiorum</strong></span> <span class='ocrx_word' id='word_1_698' title='bbox 1495 5412 1641 5484; x_wconf 91' lang='lat' dir='ltr'><strong>apud</strong></span> <span class='ocrx_word' id='word_1_699' title='bbox 1697 5411 1870 5469; x_wconf 91' lang='lat' dir='ltr'><strong>Deum</strong></span> 
     </span>
    </p>
   </div>
   <div class='ocr_carea' id='block_1_90' title="bbox 281 5504 1870 5584">
    <p class='ocr_par' dir='ltr' id='par_1_90' title="bbox 281 5504 1870 5584">
     <span class='ocr_line' id='line_1_90' title="bbox 281 5504 1870 5584; baseline 0 -21"><span class='ocrx_word' id='word_1_700' title='bbox 281 5521 510 5580; x_wconf 82' lang='lat' dir='ltr'><strong>compos</strong></span> <span class='ocrx_word' id='word_1_701' title='bbox 536 5517 623 5566; x_wconf 81' lang='lat' dir='ltr'><strong>est</strong></span> <span class='ocrx_word' id='word_1_702' title='bbox 656 5507 873 5576; x_wconf 75' lang='lat' dir='ltr'><strong>factus,</strong></span> <span class='ocrx_word' id='word_1_703' title='bbox 917 5508 1456 5584; x_wconf 11' lang='lat' dir='ltr'><strong>lsraelgappellatur,</strong></span> <span class='ocrx_word' id='word_1_704' title='bbox 1496 5506 1682 5580; x_wconf 81' lang='lat' dir='ltr'><strong>qualis</strong></span> <span class='ocrx_word' id='word_1_705' title='bbox 1717 5504 1870 5563; x_wconf 84' lang='lat' dir='ltr'><strong>vide-</strong></span> 
     </span>
    </p>
   </div>
   <div class='ocr_carea' id='block_1_91' title="bbox 355 5673 957 5750">
    <p class='ocr_par' dir='ltr' id='par_1_91' title="bbox 355 5673 957 5750">
     <span class='ocr_line' id='line_1_91' title="bbox 355 5673 957 5750; baseline 0.003 -14"><span class='ocrx_word' id='word_1_706' title='bbox 355 5673 402 5707; x_wconf 85' lang='lat'>”</span> <span class='ocrx_word' id='word_1_707' title='bbox 433 5680 592 5739; x_wconf 88' lang='lat' dir='ltr'><strong>Deut.</strong></span> <span class='ocrx_word' id='word_1_708' title='bbox 626 5696 801 5750; x_wconf 76' lang='lat' dir='ltr'><strong>xu&quot;,</strong></span> <span class='ocrx_word' id='word_1_709' title='bbox 833 5678 957 5738; x_wconf 78' lang='lat'><strong>7-9.</strong></span> 
     </span>
    </p>
   </div>
   <div class='ocr_carea' id='block_1_92' title="bbox 1986 4214 3599 4289">
    <p class='ocr_par' dir='ltr' id='par_1_92' title="bbox 1986 4214 3599 4289">
     <span class='ocr_line' id='line_1_92' title="bbox 1986 4214 3599 4289; baseline -0.001 -20"><span class='ocrx_word' id='word_1_710' title='bbox 1986 4233 2100 4280; x_wconf 87' lang='grc' dir='ltr'>τοις</span> <span class='ocrx_word' id='word_1_711' title='bbox 2148 4217 2501 4288; x_wconf 87' lang='grc' dir='ltr'>προστάταις,</span> <span class='ocrx_word' id='word_1_712' title='bbox 2542 4216 2726 4278; x_wconf 81' lang='grc' dir='ltr'>αὐτοῖς</span> <span class='ocrx_word' id='word_1_713' title='bbox 2770 4215 2827 4268; x_wconf 80' lang='grc' dir='ltr'><strong>δὲ</strong></span> <span class='ocrx_word' id='word_1_714' title='bbox 2861 4218 2976 4279; x_wconf 89' lang='grc' dir='ltr'>τοῖς</span> <span class='ocrx_word' id='word_1_715' title='bbox 3022 4215 3295 4284; x_wconf 87' lang='grc' dir='ltr'>ἀγγέλοις,</span> <span class='ocrx_word' id='word_1_716' title='bbox 3334 4214 3406 4269; x_wconf 83' lang='grc' dir='ltr'><strong>τά</strong></span> <span class='ocrx_word' id='word_1_717' title='bbox 3448 4215 3599 4289; x_wconf 73' lang='grc' dir='ltr'>ἔθνη</span> 
     </span>
    </p>
   </div>
   <div class='ocr_carea' id='block_1_93' title="bbox 1987 4308 3600 4381">
    <p class='ocr_par' dir='ltr' id='par_1_93' title="bbox 1987 4308 3600 4381">
     <span class='ocr_line' id='line_1_93' title="bbox 1987 4308 3600 4381; baseline 0.001 -17"><span class='ocrx_word' id='word_1_718' title='bbox 1987 4310 2165 4365; x_wconf 87' lang='grc' dir='ltr'>πάντα</span> <span class='ocrx_word' id='word_1_719' title='bbox 2207 4312 2302 4365; x_wconf 76' lang='grc' dir='ltr'><strong>καὶ</strong></span> <span class='ocrx_word' id='word_1_720' title='bbox 2344 4311 2469 4375; x_wconf 75' lang='grc' dir='ltr'>τοὺς</span> <span class='ocrx_word' id='word_1_721' title='bbox 2509 4310 2659 4374; x_wconf 75' lang='grc' dir='ltr'>υἱοὺς</span> <span class='ocrx_word' id='word_1_722' title='bbox 2700 4308 2808 4363; x_wconf 84' lang='grc' dir='ltr'><strong>τῶν</strong></span> <span class='ocrx_word' id='word_1_723' title='bbox 2856 4308 3160 4380; x_wconf 83' lang='grc' dir='ltr'>ἀνθρώπων</span> <span class='ocrx_word' id='word_1_724' title='bbox 3204 4309 3354 4373; x_wconf 73' lang='grc' dir='ltr'>υἱοὺς</span> <span class='ocrx_word' id='word_1_725' title='bbox 3405 4309 3600 4381; x_wconf 70' lang='grc' dir='ltr'><strong>Ἀδὰμ</strong></span> 
     </span>
    </p>
   </div>
   <div class='ocr_carea' id='block_1_94' title="bbox 1985 4400 3597 4474">
    <p class='ocr_par' dir='ltr' id='par_1_94' title="bbox 1985 4400 3597 4474">
     <span class='ocr_line' id='line_1_94' title="bbox 1985 4400 3597 4474; baseline 0 -20"><span class='ocrx_word' id='word_1_726' title='bbox 1985 4400 2466 4473; x_wconf 79' lang='grc' dir='ltr'>ἐπικαλουμένους,</span> <span class='ocrx_word' id='word_1_727' title='bbox 2507 4401 2685 4474; x_wconf 81' lang='grc' dir='ltr'>κρίσει</span> <span class='ocrx_word' id='word_1_728' title='bbox 2724 4401 2820 4455; x_wconf 84' lang='grc' dir='ltr'>τοῦ</span> <span class='ocrx_word' id='word_1_729' title='bbox 2864 4402 3089 4471; x_wconf 73' lang='grc' dir='ltr'>ὑψίστου</span> <span class='ocrx_word' id='word_1_730' title='bbox 3113 4400 3250 4455; x_wconf 82' lang='grc' dir='ltr'>Θεοῦ</span> <span class='ocrx_word' id='word_1_731' title='bbox 3278 4401 3374 4455; x_wconf 64' lang='grc' dir='ltr'><strong>κα)⁸</strong></span> <span class='ocrx_word' id='word_1_732' title='bbox 3398 4401 3597 4470; x_wconf 84' lang='grc' dir='ltr'>λόγοις</span> 
     </span>
    </p>
   </div>
   <div class='ocr_carea' id='block_1_95' title="bbox 1984 4493 3595 4568">
    <p class='ocr_par' dir='ltr' id='par_1_95' title="bbox 1984 4493 3595 4568">
     <span class='ocr_line' id='line_1_95' title="bbox 1984 4493 3595 4568; baseline -0.001 -17"><span class='ocrx_word' id='word_1_733' title='bbox 1984 4496 2245 4568; x_wconf 74' lang='grc' dir='ltr'>ἀρρήτοις</span> <span class='ocrx_word' id='word_1_734' title='bbox 2297 4495 2428 4566; x_wconf 81' lang='grc' dir='ltr'>ἡμῖν</span> <span class='ocrx_word' id='word_1_735' title='bbox 2481 4511 2613 4566; x_wconf 85' lang='grc' dir='ltr'>φησι</span> <span class='ocrx_word' id='word_1_736' title='bbox 2653 4493 3068 4566; x_wconf 74' lang='grc' dir='ltr'>διανεμηθῆναν</span> <span class='ocrx_word' id='word_1_737' title='bbox 3119 4493 3198 4564; x_wconf 80' lang='grc' dir='ltr'>τῷ</span> <span class='ocrx_word' id='word_1_738' title='bbox 3242 4493 3300 4547; x_wconf 83' lang='grc' dir='ltr'><strong>δὲ</strong></span> <span class='ocrx_word' id='word_1_739' title='bbox 3354 4495 3595 4549; x_wconf 76' lang='grc' dir='ltr'>πάντων</span> 
     </span>
    </p>
   </div>
   <div class='ocr_carea' id='block_1_96' title="bbox 1985 4583 3596 4657">
    <p class='ocr_par' dir='ltr' id='par_1_96' title="bbox 1985 4583 3596 4657">
     <span class='ocr_line' id='line_1_96' title="bbox 1985 4583 3596 4657; baseline -0.001 -18"><span class='ocrx_word' id='word_1_740' title='bbox 1985 4586 2326 4657; x_wconf 83' lang='grc' dir='ltr'>ὲξοχωτάτῳ,</span> <span class='ocrx_word' id='word_1_741' title='bbox 2366 4585 2598 4657; x_wconf 78' lang='grc' dir='ltr'>ἡγεμόνι</span> <span class='ocrx_word' id='word_1_742' title='bbox 2639 4601 2698 4639; x_wconf 89' lang='grc' dir='ltr'><strong>τε</strong></span> <span class='ocrx_word' id='word_1_743' title='bbox 2729 4586 2825 4639; x_wconf 77' lang='grc' dir='ltr'>καὶ</span> <span class='ocrx_word' id='word_1_744' title='bbox 2864 4584 3075 4656; x_wconf 83' lang='grc' dir='ltr'>βασιλεῖ</span> <span class='ocrx_word' id='word_1_745' title='bbox 3097 4584 3205 4638; x_wconf 84' lang='grc' dir='ltr'>τῶν</span> <span class='ocrx_word' id='word_1_746' title='bbox 3231 4583 3389 4650; x_wconf 85' lang='grc' dir='ltr'>ὅλων,</span> <span class='ocrx_word' id='word_1_747' title='bbox 3422 4584 3596 4655; x_wconf 76' lang='grc' dir='ltr'>αὐτῷ</span> 
     </span>
    </p>
   </div>
   <div class='ocr_carea' id='block_1_97' title="bbox 1981 4675 3595 4750">
    <p class='ocr_par' dir='ltr' id='par_1_97' title="bbox 1981 4675 3595 4750">
     <span class='ocr_line' id='line_1_97' title="bbox 1981 4675 3595 4750; baseline -0.001 -19"><span class='ocrx_word' id='word_1_748' title='bbox 1981 4678 2045 4749; x_wconf 85' lang='grc' dir='ltr'><strong>δὴ</strong></span> <span class='ocrx_word' id='word_1_749' title='bbox 2076 4677 2155 4749; x_wconf 86' lang='grc' dir='ltr'>τῷ</span> <span class='ocrx_word' id='word_1_750' title='bbox 2179 4677 2423 4749; x_wconf 85' lang='grc' dir='ltr'>Χριστῷ,</span> <span class='ocrx_word' id='word_1_751' title='bbox 2451 4677 2527 4742; x_wconf 85' lang='grc' dir='ltr'>ὡς</span> <span class='ocrx_word' id='word_1_752' title='bbox 2560 4677 2627 4732; x_wconf 82' lang='grc' dir='ltr'><strong>ἂν</strong></span> <span class='ocrx_word' id='word_1_753' title='bbox 2659 4680 2940 4750; x_wconf 88' lang='grc' dir='ltr'>μονογενεί</span> <span class='ocrx_word' id='word_1_754' title='bbox 2968 4677 3105 4749; x_wconf 83' lang='grc' dir='ltr'>Υίῷ,</span> <span class='ocrx_word' id='word_1_755' title='bbox 3127 4676 3238 4731; x_wconf 85' lang='grc' dir='ltr'>τῶν</span> <span class='ocrx_word' id='word_1_756' title='bbox 3266 4677 3325 4731; x_wconf 82' lang='grc' dir='ltr'>ὲν</span> <span class='ocrx_word' id='word_1_757' title='bbox 3356 4675 3595 4748; x_wconf 80' lang='grc' dir='ltr'>ἀνθρώ-</span> 
     </span>
    </p>
   </div>
   <div class='ocr_carea' id='block_1_98' title="bbox 1981 4768 3591 4843">
    <p class='ocr_par' dir='ltr' id='par_1_98' title="bbox 1981 4768 3591 4843">
     <span class='ocr_line' id='line_1_98' title="bbox 1981 4768 3591 4843; baseline 0.001 -21"><span class='ocrx_word' id='word_1_758' title='bbox 1981 4787 2125 4834; x_wconf 89' lang='grc' dir='ltr'>ποις,</span> <span class='ocrx_word' id='word_1_759' title='bbox 2158 4769 2249 4824; x_wconf 82' lang='grc' dir='ltr'><strong>τὸν</strong></span> <span class='ocrx_word' id='word_1_760' title='bbox 2292 4768 2486 4825; x_wconf 84' lang='grc' dir='ltr'><strong>Ἰακὼὸ</strong></span> <span class='ocrx_word' id='word_1_761' title='bbox 2517 4770 2613 4823; x_wconf 78' lang='grc' dir='ltr'>καὶ</span> <span class='ocrx_word' id='word_1_762' title='bbox 2670 4770 2908 4843; x_wconf 81' lang='grc' dir='ltr'>Ἰσραὴλ,</span> <span class='ocrx_word' id='word_1_763' title='bbox 2939 4770 3188 4824; x_wconf 85' lang='grc' dir='ltr'>τουτέστι</span> <span class='ocrx_word' id='word_1_764' title='bbox 3226 4771 3336 4823; x_wconf 78' lang='grc' dir='ltr'>πᾶν</span> <span class='ocrx_word' id='word_1_765' title='bbox 3370 4769 3433 4823; x_wconf 81' lang='grc' dir='ltr'><strong>τὸ</strong></span> <span class='ocrx_word' id='word_1_766' title='bbox 3457 4769 3591 4824; x_wconf 81' lang='grc' dir='ltr'>διο-</span> 
     </span>
    </p>
   </div>
   <div class='ocr_carea' id='block_1_99' title="bbox 1984 4861 3586 4935">
    <p class='ocr_par' dir='ltr' id='par_1_99' title="bbox 1984 4861 3586 4935">
     <span class='ocr_line' id='line_1_99' title="bbox 1984 4861 3586 4935; baseline 0.001 -21"><span class='ocrx_word' id='word_1_767' title='bbox 1984 4862 2203 4934; x_wconf 83' lang='grc' dir='ltr'>ρατικὸν</span> <span class='ocrx_word' id='word_1_768' title='bbox 2252 4862 2347 4917; x_wconf 60' lang='grc' dir='ltr'><strong>καὶ⁵</strong></span> <span class='ocrx_word' id='word_1_769' title='bbox 2389 4862 2639 4927; x_wconf 78' lang='grc' dir='ltr'>θεοσεϐὲς</span> <span class='ocrx_word' id='word_1_770' title='bbox 2670 4862 3043 4935; x_wconf 81' lang='grc' dir='ltr'>παραδοθῆναι</span> <span class='ocrx_word' id='word_1_771' title='bbox 3081 4862 3259 4931; x_wconf 85' lang='grc' dir='ltr'>γένος.</span> <span class='ocrx_word' id='word_1_772' title='bbox 3296 4861 3486 4916; x_wconf 81' lang='grc' dir='ltr'>Εἱσέτι</span> <span class='ocrx_word' id='word_1_773' title='bbox 3515 4878 3586 4915; x_wconf 79' lang='grc' dir='ltr'><strong>τι</strong></span> 
     </span>
    </p>
   </div>
   <div class='ocr_carea' id='block_1_100' title="bbox 1978 4954 3581 5031">
    <p class='ocr_par' dir='ltr' id='par_1_100' title="bbox 1978 4954 3581 5031">
     <span class='ocr_line' id='line_1_100' title="bbox 1978 4954 3581 5031; baseline 0 -22"><span class='ocrx_word' id='word_1_774' title='bbox 1978 4954 2158 5010; x_wconf 85' lang='grc' dir='ltr'>ἀθλῶν</span> <span class='ocrx_word' id='word_1_775' title='bbox 2199 4957 2292 5011; x_wconf 78' lang='grc' dir='ltr'>καὶ</span> <span class='ocrx_word' id='word_1_776' title='bbox 2332 4955 2579 5020; x_wconf 83' lang='grc' dir='ltr'>παλαίων</span> <span class='ocrx_word' id='word_1_777' title='bbox 2616 4958 2674 5010; x_wconf 84' lang='grc' dir='ltr'>ὲν</span> <span class='ocrx_word' id='word_1_778' title='bbox 2714 4959 2827 5022; x_wconf 84' lang='grc' dir='ltr'>τοῖς</span> <span class='ocrx_word' id='word_1_779' title='bbox 2869 4958 2991 5011; x_wconf 87' lang='grc' dir='ltr'>κατ’</span> <span class='ocrx_word' id='word_1_780' title='bbox 3034 4955 3317 5031; x_wconf 75' lang='grc' dir='ltr'>εὐσέϐειαν</span> <span class='ocrx_word' id='word_1_781' title='bbox 3351 4972 3581 5026; x_wconf 78' lang='grc' dir='ltr'>γυμνα-</span> 
     </span>
    </p>
   </div>
   <div class='ocr_carea' id='block_1_101' title="bbox 1980 5046 3586 5120">
    <p class='ocr_par' dir='ltr' id='par_1_101' title="bbox 1980 5046 3586 5120">
     <span class='ocr_line' id='line_1_101' title="bbox 1980 5046 3586 5120; baseline 0.001 -19"><span class='ocrx_word' id='word_1_782' title='bbox 1980 5047 2135 5115; x_wconf 86' lang='grc' dir='ltr'>σίοις,</span> <span class='ocrx_word' id='word_1_783' title='bbox 2182 5047 2450 5120; x_wconf 78' lang='grc' dir='ltr'>Ἐϐραίων</span> <span class='ocrx_word' id='word_1_784' title='bbox 2490 5048 2832 5120; x_wconf 77' lang='grc' dir='ltr'>προσηγορίᾳ</span> <span class='ocrx_word' id='word_1_785' title='bbox 2863 5047 3128 5119; x_wconf 82' lang='grc' dir='ltr'>κέκληται</span> <span class='ocrx_word' id='word_1_786' title='bbox 3179 5046 3415 5101; x_wconf 70' lang='grc' dir='ltr'><strong>ἰακὼϐσ</strong></span> <span class='ocrx_word' id='word_1_787' title='bbox 3443 5049 3474 5102; x_wconf 83' lang='grc' dir='ltr'><strong>ὁ</strong></span> <span class='ocrx_word' id='word_1_788' title='bbox 3509 5048 3586 5103; x_wconf 70' lang='grc' dir='ltr'><strong>δὲ</strong></span> 
     </span>
    </p>
   </div>
   <div class='ocr_carea' id='block_1_102' title="bbox 1976 5138 3587 5212">
    <p class='ocr_par' dir='ltr' id='par_1_102' title="bbox 1976 5138 3587 5212">
     <span class='ocr_line' id='line_1_102' title="bbox 1976 5138 3587 5212; baseline 0 -20"><span class='ocrx_word' id='word_1_789' title='bbox 1976 5138 2076 5211; x_wconf 73' lang='grc' dir='ltr'>ήδη</span> <span class='ocrx_word' id='word_1_790' title='bbox 2109 5139 2264 5208; x_wconf 80' lang='grc' dir='ltr'>νίκης</span> <span class='ocrx_word' id='word_1_791' title='bbox 2310 5139 2403 5194; x_wconf 78' lang='grc' dir='ltr'><strong>καὶ</strong></span> <span class='ocrx_word' id='word_1_792' title='bbox 2442 5139 2551 5193; x_wconf 83' lang='grc' dir='ltr'>τῶν</span> <span class='ocrx_word' id='word_1_793' title='bbox 2591 5139 2742 5212; x_wconf 85' lang='grc' dir='ltr'><strong>παρά</strong></span> <span class='ocrx_word' id='word_1_794' title='bbox 2780 5138 2901 5210; x_wconf 79' lang='grc' dir='ltr'>Θεῷ</span> <span class='ocrx_word' id='word_1_795' title='bbox 2946 5138 3216 5210; x_wconf 77' lang='grc' dir='ltr'>βραδείων</span> <span class='ocrx_word' id='word_1_796' title='bbox 3260 5138 3587 5209; x_wconf 76' lang='grc' dir='ltr'>ἠξιωμένος</span> 
     </span>
    </p>
   </div>
   <div class='ocr_carea' id='block_1_103' title="bbox 1988 5226 3581 5305">
    <p class='ocr_par' dir='ltr' id='par_1_103' title="bbox 1988 5226 3581 5305">
     <span class='ocr_line' id='line_1_103' title="bbox 1988 5226 3581 5305; baseline -0.003 -19"><span class='ocrx_word' id='word_1_797' title='bbox 1988 5228 2205 5305; x_wconf 80' lang='grc' dir='ltr'>Ἰσραὴλ</span> <span class='ocrx_word' id='word_1_798' title='bbox 2235 5231 2645 5304; x_wconf 85' lang='grc' dir='ltr'>ἀναγορεύεται·</span> <span class='ocrx_word' id='word_1_799' title='bbox 2678 5226 2789 5296; x_wconf 74' lang='grc' dir='ltr'>οἷος</span> <span class='ocrx_word' id='word_1_800' title='bbox 2819 5232 2982 5296; x_wconf 82' lang='grc' dir='ltr'>αὐτὸς</span> <span class='ocrx_word' id='word_1_801' title='bbox 3010 5226 3079 5302; x_wconf 86' lang='grc' dir='ltr'>ἦν</span> <span class='ocrx_word' id='word_1_802' title='bbox 3118 5233 3328 5295; x_wconf 81' lang='grc' dir='ltr'>ἐκεῖνος</span> <span class='ocrx_word' id='word_1_803' title='bbox 3365 5229 3397 5282; x_wconf 84' lang='grc' dir='ltr'>ὀ</span> <span class='ocrx_word' id='word_1_804' title='bbox 3426 5228 3581 5299; x_wconf 77' lang='grc' dir='ltr'><strong>βοώ-</strong></span> 
     </span>
    </p>
   </div>
   <div class='ocr_carea' id='block_1_104' title="bbox 1978 5316 3583 5394">
    <p class='ocr_par' dir='ltr' id='par_1_104' title="bbox 1978 5316 3583 5394">
     <span class='ocr_line' id='line_1_104' title="bbox 1978 5316 3583 5394; baseline -0.006 -16"><span class='ocrx_word' id='word_1_805' title='bbox 1978 5339 2136 5394; x_wconf 83' lang='grc' dir='ltr'>μενος</span> <span class='ocrx_word' id='word_1_806' title='bbox 2164 5321 2259 5377; x_wconf 82' lang='grc' dir='ltr'>τοῦ</span> <span class='ocrx_word' id='word_1_807' title='bbox 2293 5322 2493 5385; x_wconf 83' lang='grc' dir='ltr'>παντὸς</span> <span class='ocrx_word' id='word_1_808' title='bbox 2544 5319 2810 5393; x_wconf 77' lang='grc' dir='ltr'>Ἐὅραίων</span> <span class='ocrx_word' id='word_1_809' title='bbox 2841 5319 3026 5383; x_wconf 79' lang='grc' dir='ltr'>ἔθνους</span> <span class='ocrx_word' id='word_1_810' title='bbox 3066 5317 3393 5390; x_wconf 82' lang='grc' dir='ltr'>προπάτωρ,</span> <span class='ocrx_word' id='word_1_811' title='bbox 3422 5316 3479 5368; x_wconf 80' lang='grc' dir='ltr'>οἴ</span> <span class='ocrx_word' id='word_1_812' title='bbox 3503 5331 3583 5369; x_wconf 69' lang='grc' dir='ltr'><strong>τε</strong></span> 
     </span>
    </p>
   </div>
   <div class='ocr_carea' id='block_1_105' title="bbox 1972 5411 3583 5486">
    <p class='ocr_par' dir='ltr' id='par_1_105' title="bbox 1972 5411 3583 5486">
     <span class='ocr_line' id='line_1_105' title="bbox 1972 5411 3583 5486; baseline -0.004 -19"><span class='ocrx_word' id='word_1_813' title='bbox 1972 5413 2164 5468; x_wconf 81' lang='grc' dir='ltr'>τούτου</span> <span class='ocrx_word' id='word_1_814' title='bbox 2191 5416 2402 5486; x_wconf 86' lang='grc' dir='ltr'>γνήσιοι</span> <span class='ocrx_word' id='word_1_815' title='bbox 2433 5414 2621 5478; x_wconf 85' lang='grc' dir='ltr'>παῖδες</span> <span class='ocrx_word' id='word_1_816' title='bbox 2647 5412 2903 5482; x_wconf 76' lang='grc' dir='ltr'>ἀπόγονοι</span> <span class='ocrx_word' id='word_1_817' title='bbox 2934 5429 2992 5466; x_wconf 87' lang='grc' dir='ltr'><strong>τε</strong></span> <span class='ocrx_word' id='word_1_818' title='bbox 3024 5411 3254 5474; x_wconf 80' lang='grc' dir='ltr'>τούτων,</span> <span class='ocrx_word' id='word_1_819' title='bbox 3297 5411 3396 5464; x_wconf 78' lang='grc' dir='ltr'>καὶ</span> <span class='ocrx_word' id='word_1_820' title='bbox 3428 5425 3583 5479; x_wconf 74' lang='grc' dir='ltr'>προ-</span> 
     </span>
    </p>
   </div>
   <div class='ocr_carea' id='block_1_106' title="bbox 1979 5500 3583 5581">
    <p class='ocr_par' dir='ltr' id='par_1_106' title="bbox 1979 5500 3583 5581">
     <span class='ocr_line' id='line_1_106' title="bbox 1979 5500 3583 5581; baseline -0.003 -22"><span class='ocrx_word' id='word_1_821' title='bbox 1979 5505 2233 5579; x_wconf 83' lang='grc' dir='ltr'>πάτορες,</span> <span class='ocrx_word' id='word_1_822' title='bbox 2264 5506 2539 5581; x_wconf 79' lang='grc' dir='ltr'>προφῆται</span> <span class='ocrx_word' id='word_1_823' title='bbox 2571 5506 2773 5571; x_wconf 81' lang='grc' dir='ltr'>πάντες</span> <span class='ocrx_word' id='word_1_824' title='bbox 2798 5507 2895 5567; x_wconf 73' lang='grc' dir='ltr'>καὶ</span> <span class='ocrx_word' id='word_1_825' title='bbox 2922 5503 3190 5575; x_wconf 80' lang='grc' dir='ltr'>θεοφιλεῖς</span> <span class='ocrx_word' id='word_1_826' title='bbox 3225 5502 3441 5577; x_wconf 83' lang='grc' dir='ltr'>ἄνδρες.</span> <span class='ocrx_word' id='word_1_827' title='bbox 3468 5500 3583 5574; x_wconf 71' lang='grc' dir='ltr'><strong>Μὴ</strong></span> 
     </span>
    </p>
   </div>
  </div>
