3828 6216
195 307 308 361 269
1089 305 1699 363 DEMONSTRATIONI

1945 308 2250 367 ωειλῦῶ
2284 309 2412 365 LIB.
2446 311 2536 367 iV.
3350 308 3457 363 270

194 428 313 497 γάρ
359 444 449 497 μοι
494 425 555 480 τὸ
611 426 880 480 Ἰουδαίων
913 425 1114 498 πλῆθος
1146 425 1322 499 ταύτῃ
1362 424 1552 497 νόμιζε
1592 426 1706 498 δηλι

1948 434 2016 483 :et
2050 427 2151 483 fuit
2180 428 2271 483 ille
2303 429 2419 498 ipse
2450 425 2775 481 notissimus
2810 425 2979 481 totius
3017 422 3299 479 Hebraicae
3327 440 3460 496 gen-

198 518 349 581 σθαι,
382 519 574 591 μόνους
609 536 671 574 τε
702 521 828 582 τοὺς
864 519 1032 573 πάλαι
1062 519 1325 592 πρότερον
1365 519 1532 591 ἀρετῇ
1561 518 1656 572 καὶ
1688 535 1710 571 ε

1951 537 1959 575 ι
1994 528 2206 585 auctor,
2241 521 2470 591 ejusque
2501 520 2613 574 veri
2646 534 2710 574 ac
2736 517 2963 590 legitimi
2995 517 3127 587 ﬁlii,
3174 526 3339 589 atque
3368 519 3463 573 bo-

200 609 393 682 σεεείᾳ
430 612 900 682 τετελειωμένους.
950 611 1186 675 Τούτους
1215 612 1282 682 δὴ
1315 608 1408 666 οὖν
1446 609 1712 682 παραλαϐι

1947 626 2008 663 un
2035 618 2261 682 nepotes
2289 630 2303 666 :
2335 617 2548 665 veteres
2571 611 2696 665 item
2727 608 3003 680 prophetae
3030 623 3249 671 omnes,
3285 615 3339 663 et
3366 609 3459 678 qui

196 703 228 755 ὁ
257 703 591 775 καθηγεμὼν
634 707 729 759 καὶ
760 705 1070 777 προστάτης
1103 705 1357 759 ἁπάντων
1385 705 1477 759 τοῦ
1501 702 1636 757 Θεοῦ
1676 703 1708 755 Λ

1941 719 1999 757 eo
2021 703 2161 774 grati
2193 702 2414 758 fuerunt
2440 703 2545 756 viri
2576 725 2588 758 :
2627 702 2785 773 157
2808 701 2920 771 noli
2943 700 3097 764 mihi,
3124 715 3329 770 quaeso,
3357 716 3453 771 pu-

196 809 319 860 γος,
346 795 441 847 ἐπὶ
481 794 580 865 τὴν
609 795 771 866 μόνου
800 795 893 848 τοῦ
923 796 1159 867 Πατρὸς,
1190 794 1352 849 αὐτοῦ
1391 795 1455 867 δὴ
1490 794 1582 849 τοῦ
1628 795 1708 861 ’Υι

1949 811 2007 850 re
2039 794 2357 852 Judaeorum
2395 804 2723 851 conventum
2759 794 2862 849 hac
2889 794 3253 864 appellatione
3284 793 3458 864 signi-

197 902 354 947 στου,
385 884 682 960 θρησκείαν
718 888 1031 941 ἀνεκαλεῖτο
1065 887 1171 941 τῶν
1198 887 1493 960 ὁρωμένων
1526 886 1709 941 ἁπάντη

1950 885 2077 947 :ari,
2120 892 2173 940 et
2212 900 2307 940 eos
2347 884 2495 940 solos
2530 884 2623 956 qui
2661 884 2803 955 apud
2845 886 3057 954 priores
3095 884 3223 938 olim
3260 883 3462 939 virtute

197 977 485 1045 ἀνωτάτω,
529 980 785 1034 ὲπέκεινά
822 997 883 1034 τε
920 980 1150 1052 ούρανοῦ
1191 981 1287 1034 καὶ
1326 981 1509 1052 πάσης
1549 997 1709 1051 γενητ

1950 1002 1953 1027 ι
2007 978 2205 1047 pietate
2260 977 2486 1048 perfecti
2525 977 2889 1033 exstiterunt:
2927 977 3029 1033 hos
3069 976 3252 1046 itaque
3302 991 3462 1031 assu-

194 1069 411 1135 οὐσίας,
443 1071 570 1135 τοὺς
608 1071 879 1143 ὑπηκόους
908 1073 1091 1143 ἡρέμα
1124 1072 1219 1126 καὶ
1253 1073 1445 1144 πράως
1479 1071 1706 1126 ἀνακαλι

1948 1084 2042 1124 eus
2094 1068 2291 1124 ductor
2352 1071 2597 1125 omnium
2632 1086 2696 1126 ac
2732 1071 2988 1141 princeps
3043 1068 3139 1125 Dei
3177 1068 3416 1124 Verbum
3442 1107 3460 1133 ,

199 1176 386 1229 μενος,
417 1160 578 1232 μόνον
610 1179 669 1215 τε
695 1164 879 1227 αὐτοῖς
911 1165 1005 1218 τὸν
1032 1164 1349 1235 ἀγέννητον,
1388 1165 1482 1219 καὶ
1506 1163 1615 1217 τῶν
1643 1163 1711 1217 ὅλΑ

1949 1163 1957 1217 |
2002 1163 2168 1218 unius
2209 1161 2425 1227 Patris,
2474 1164 2648 1235 ipsius
2684 1161 2950 1221 Altissimi
2998 1164 3209 1220 scilicet
3251 1163 3461 1218 cultum

194 1256 433 1326 τωιητὴν
460 1255 592 1310 Θεδν
617 1257 708 1310 τὸν
739 1256 963 1328 ὕψιστον
997 1259 1325 1331 παραδιδοὺς
1354 1258 1619 1312 εὐσεϐεῖν.

1949 1255 2175 1309 vocabat
2197 1255 2582 1324 supra,omnia
2617 1270 2739 1325 quae
2772 1256 2875 1310 sub
2907 1255 3083 1310 visum
3115 1254 3346 1316 cadunt,
3377 1259 3460 1306 at-

191 1358 307 1412 que
344 1345 485 1399 ultra
513 1342 710 1399 coelum
731 1385 746 1411 ,
777 1346 1030 1416 ultraque
1061 1361 1278 1402 omnem
1310 1363 1649 1420 quaecunque
1685 1344 1827 1400 facta
1861 1346 1934 1400 sit
1977 1352 2264 1410 naturam,
2294 1360 2388 1400 eos
2437 1344 2530 1415 qui
2570 1346 2674 1401 sibi
2719 1345 2931 1415 jubenti
2976 1346 3286 1417 paruissent
3334 1360 3458 1400 sen-

194 1437 303 1495 sim
349 1441 691 1511 benigneque
738 1440 976 1496 inritans
996 1482 1012 1508 ,
1059 1440 1349 1512 solumque
1401 1440 1510 1497 illis
1540 1455 1664 1497 eum
1685 1479 1701 1505 ,
1735 1438 1830 1510 qui
1861 1438 2078 1510 genitus
2118 1452 2227 1492 non
2257 1444 2374 1503 est,
2405 1437 2647 1494 universi
2676 1439 3012 1495 conditorem
3046 1437 3217 1494 Deum
3255 1439 3463 1496 altissi-

194 1547 349 1587 mum
381 1530 669 1587 colendum
699 1530 941 1587 tradens.

950 1649 1032 1702 H’.

2609 1642 2742 1698 Vill.

201 1739 304 1806 Ὠς
318 1740 716 1819 μόνρρς-τοὺς
736 1738 863 1819 κατ’
882 1739 1141 1819 adipate-or
1160 1738 1578 1819 φωστῆραςτά
1597 1742 1713 1795 dou

1949 1736 2040 1819 rod
2086 1737 2205 1819 sol‘a
2245 1735 2359 1791 cali
2417 1736 2594 1792 sidera
2644 1746 2695 1792 et
2759 1736 2960 1819 lumine
3016 1738 3245 1819 reliquie
3288 1748 3461 1819 gentes

265 1802 621 1935 ἑῶνένὲθνῖῶν
672 1802 888 1866 ἔσεϐον
931 1802 1211 1882 ἆγγέλοὶς
1268 1802 1434 1866 τισῆν
1455 1802 1777 1881 ’ἐγκεχωρι-

269 1898 358 1950 σμ
433 1900 493 1936 α.

1951 1807 2210 1890 colerent,
2257 1823 2372 1878 qua
2411 1824 2647 1862 seorsum
2703 1806 3019 1879 quibusdam
3071 1802 3463 1880 angelis'assi-

1951 1888 2133 1949 gnata!
2155 1888 2283 1932 sint.

265 1977 333 2031 Οἱ
363 1976 423 2029 δέ
452 1993 519 2045 γε
551 1974 660 2029 τῶν
687 1975 864 2031 ἄλλων
896 1974 1067 2031 ἐθνῶν
1116 1974 1403 2030 ἐπιστάται
1431 1972 1651 2043 ἄγγελοι
1683 1973 1777 2028 καὶ

1949 1969 2195 2023 Aliarum
2229 1983 2359 2024 vero
2392 1967 2634 2040 gentium
2674 1967 2917 2039 praefecti
2951 1969 3127 2041 angeli
3173 1976 3336 2040 atque
3364 1985 3460 2042 pa-

194 2068 456 2139 ποιμένες
470 2069 598 2132 τοὺς
619 2067 694 2139 μὴ
708 2068 853 2132 οἴους
873 2085 933 2122 τε
955 2066 1032 2139 νῷ
1054 2067 1146 2121 τὸν
1167 2068 1397 2140 ἀόρατον
1423 2066 1706 2121 ἐποπτεύει

1949 2077 2058 2117 πρε
2079 2103 2095 2129 ,
2125 2076 2221 2118 eos
2243 2061 2337 2132 qui
2365 2067 2567 2126 mente,
2597 2060 2748 2115 illum
2781 2061 2875 2131 qui
2901 2060 3024 2117 visu
3065 2061 3281 2117 mortali
3309 2060 3461 2118 cerul

196 2163 333 2235 μηδὲ
359 2163 674 2218 ἀναϐαίνειν
700 2161 953 2217 τοσοῦτον
978 2163 1046 2217 δι’
1078 2162 1285 2216 οἰκείαν
1317 2160 1601 2215 ἀσθένειαν
1626 2202 1641 2225 ,
1666 2178 1708 2213 τι

1952 2155 2087 2224 quit,
2113 2152 2313 2208 intueri
2336 2168 2448 2207 non
2478 2159 2749 2223 poterant,
2777 2166 2955 2222 neque
2979 2157 3092 2207 tam
3143 2152 3250 2208 alte
3273 2152 3346 2208 ob
3363 2154 3464 2207 do-

189 2254 491 2325 ὁρωμένοις
527 2256 646 2309 κατ’
676 2254 903 2326 οὐρανὸν
938 2253 1227 2327 προσέχειν
1258 2253 1476 2324 ἠξίουν,
1510 2253 1645 2324 ἡλίῳ
1685 2271 1701 2306 2

1951 2247 2165 2302 asticam
2193 2245 2622 2301 imbecillitatem
2648 2245 2964 2310 ascendere,
2993 2260 3059 2301 ea
3087 2260 3209 2314 quae
3242 2245 3298 2300 in
3321 2246 3463 2301 caelo

193 2344 396 2417 σελήνῃ
437 2346 533 2399 καὶ
568 2345 808 2417 ἄστροιςο
843 2345 880 2400 ἃ.
922 2345 986 2417 δὴ
1027 2346 1121 2398 ml.
1150 2347 1209 2397 ὲν
1240 2347 1305 2416 τῇ
1342 2343 1642 2415 φαινομένῃ
1671 2360 1705 2395 τη

1948 2346 2197 2394 ectantur
2221 2338 2582 2409 contemplari
2607 2338 2930 2404 suadebant,
2953 2339 3148 2404 solem,
3175 2345 3230 2395 et
3252 2338 3460 2402 lunam,

189 2437 333 2491 ὅλων
358 2437 519 2507 φύσει
543 2437 911 2509 διαπρέποντα
929 2478 945 2502 ,
979 2437 1092 2491 ἀνω
1122 2438 1216 2491 καὶ
1241 2437 1323 2490 ὅτι
1352 2436 1586 2508 μάλιστα
1617 2437 1701 2504 ὲγγ

1958 2430 2164 2485 stellas.
2197 2427 2331 2496 Quae
2362 2429 2582 2499 quidem
2628 2445 2755 2484 cum
2790 2430 2876 2486 vel
2907 2432 2963 2485 in
2998 2431 3226 2488 cadente
3254 2431 3357 2487 sub
3381 2431 3433 2485 vi
3452 2461 3464 2473 -

190 2527 344 2579 τάτω
374 2526 453 2590 ὡς
483 2525 551 2579 ἂν
574 2528 635 2580 ὲν
674 2526 969 2598 προθύροις
998 2525 1093 2581 τοῦ
1123 2525 1513 2598 παμϐασιλέως
1542 2525 1640 2589 τάς
1671 2542 1700 2577 τ

1950 2535 2001 2573 m
2035 2527 2284 2575 nostrum
2314 2520 2556 2577 universi
2598 2527 2797 2575 natura
2826 2522 3186 2591 praniteant,
3240 2537 3462 2579 sursum

187 2616 449 2687 ὁρώντων
489 2616 641 2687 ὄψεις
684 2617 1029 2682 ἀνεκαλεῖτο,
1071 2619 1136 2671 ἐκ
1189 2615 1452 2688 μεγέθους
1498 2616 1593 2669 καὶ
1644 2631 1699 2667 κε

1948 2628 2042 2682 que
2074 2611 2276 2683 oppido
2305 2627 2469 2683 quam
2509 2621 2733 2684 propter
2780 2621 3037 2685 tanquam
3078 2615 3135 2669 in
3170 2615 3307 2686 ipsis
3338 2631 3460 2671 om-

185 2706 355 2779 λονῆς
377 2709 486 2764 τῶν
503 2711 798 2782 ὁρωμένων
820 2711 1135 2781 κτισμάτων
1153 2709 1430 2777 ἀναλόγως
1449 2708 1543 2761 τοῦ
1561 2707 1697 2762 πάντ

1954 2719 2030 2757 1m
2056 2704 2199 2774 regis
2229 2703 2536 2768 vestibulis,
2561 2704 2711 2775 ipsos
2742 2704 3071 2759 intuentium
3107 2712 3363 2776 aspectus
3385 2706 3466 2760 al-

187 2799 579 2869 γενεσιουργοῦ
623 2800 722 2869 τὴν
770 2798 1005 2869 θεωρίαν
1049 2797 1433 2868 ἐμφανίζοντα.
1476 2816 1496 2848 ‹
1540 2796 1623 2851 Τά
1669 2814 1699 2866 γ

1956 2795 2094 2861 iunt,
2117 2803 2280 2867 atque
2313 2811 2378 2851 ex
2407 2810 2596 2851 earum
2620 2811 2802 2851 rerum
2831 2796 3207 2869 magnitudine
3234 2811 3298 2851 ac
3339 2813 3466 2868 spe-

190 2888 407 2958 ἀόρατα
450 2886 651 2954 αὐτοῦ,
697 2908 714 2940 ι
821 2905 984 2960 φησιν
1007 2890 1036 2942 ό
1063 2887 1205 2951 θεῖος
1245 2887 1583 2953 Ἀπόστολος,
1619 2907 1638 2940 ι
1673 2888 1702 2942 ἁ

1953 2903 1984 2952 ι,
2022 2902 2143 2958 quae
2167 2902 2293 2941 cum
2323 2884 2487 2942 factae
2518 2889 2630 2943 sint
2657 2897 2962 2944 cernuntur
2992 2888 3168 2944 oculis
3187 2931 3203 2956 ,
3234 2904 3465 2962 proper-

188 2982 428 3045 κτίσεως
458 2982 665 3052 κόσμου
697 2985 811 3047 τοῖς
843 2983 1111 3053 ποιήμασι
1140 2980 1404 3052 νοούμενα
1443 2981 1700 3055 καθορᾶτε

1953 2994 2029 3034 ine
2065 2979 2323 3050 quadam,
2355 2980 2595 3035 auctoris
2623 2981 2976 3051 parentisque
3001 2982 3244 3037 omnium
3280 2984 3465 3054 cogni-

186 3072 223 3140 ἢ
251 3088 311 3125 τε
336 3072 510 3136 ἀΐδιος
542 3072 707 3125 αὑτοῦ
723 3072 950 3143 δύναμις
978 3073 1071 3125 καὶ
1104 3070 1335 3143 θειότης.
1368 3090 1386 3124 δ
1414 3073 1525 3126 Καὶ
1545 3071 1698 3127 τοῦτο

1951 3087 2111 3136 mem,
2137 3071 2762 3142 contemplationemque
2797 3088 2910 3143 prae
2945 3088 3005 3128 se
3049 3073 3272 3129 ferunt:
3313 3093 3334 3126 ι
3370 3074 3463 3130 lu-

186 3165 355 3219 πάλιν
374 3167 404 3219 ό
448 3166 620 3237 μέγας
646 3164 881 3236 Μωῦσῆς
909 3167 1274 3236 μυσταγωγεῖ.
1306 3165 1409 3219 Τὸν
1437 3167 1546 3238 γάρ
1570 3184 1652 3220 τοι
1683 3185 1698 3218 π

1953 3164 2114 3219 sibilia
2137 3164 2282 3220 enim
2312 3164 2482 3234 ipsius
2501 3203 2516 3229 ,
2561 3170 2622 3218 ut
2646 3165 2721 3218 ait
2750 3163 2970 3221 divinus
2999 3164 3297 3236 Apostolus
3319 3167 3386 3231 ",
3433 3182 3465 3221 τι

186 3257 398 3328 Κυρίου
420 3257 626 3328 κλῆρον
644 3257 721 3328 νῷ
745 3258 958 3323 διαυγεῖ
978 3261 1072 3315 καὶ
1093 3261 1236 3333 ψυχῇ
1261 3259 1648 3331 κεκαθαρμένη
1672 3277 1698 3313 τ

1953 3263 2137 3311 eatura
2161 3255 2370 3321 mundi,
2407 3271 2504 3326 per
2530 3271 2594 3311 ea
2624 3272 2745 3327 quae
2779 3256 2922 3311 facta
2957 3266 3087 3313 sunt
3149 3260 3423 3314 intellecta
3444 3296 3465 3326 ,

187 3349 398 3419 νοητῶν
426 3351 521 3403 καὶ
551 3351 856 3421 ἀσωμάτων
889 3351 1202 3424 ἐριγνᾶσθαι
1227 3352 1572 3423 προτρέπων,
1605 3349 1699 3422 εῖρ·

1955 3348 2319 3418 nspiciuntur,
2353 3347 2793 3419 sempiternaque
2815 3349 2935 3419 ejus
2963 3350 3160 3414 virtus,
3186 3358 3241 3405 et
3266 3351 3467 3405 divini-

184 3438 286 3508 τῆς
339 3439 453 3493 τῶν
504 3442 795 3511 ὁρωμένων
849 3443 969 3497 κατ’
1023 3444 1249 3515 οὐρανὸν
1278 3432 1614 3514 ἐκπλήξεως,
1659 3443 1696 3494 ὲκ

1956 3456 1988 3496 ς.
2034 3459 2054 3492 ι
2090 3438 2204 3494 Hoc
2243 3454 2461 3511 quoque
2489 3454 2718 3510 magnus
2751 3439 2967 3513 Moyses
2999 3457 3195 3497 rursus
3228 3450 3287 3496 ut
3310 3457 3468 3497 arca-

183 3529 395 3598 λέγων,
425 3531 511 3583 ὅτι
542 3530 605 3601 δὴ
640 3550 659 3584 ι
707 3532 892 3586 Ταῦτα
926 3532 1189 3603 ἀπένειμε
1218 3532 1424 3604 Κύριος
1458 3533 1487 3584 ὁ
1517 3531 1649 3595 Θεός
1684 3549 1695 3583 ι

1956 3545 2017 3583 χιιι
2049 3539 2103 3585 et
2133 3544 2352 3586 sacrum
2380 3529 2612 3596 inducit,
2642 3544 2768 3585 nam
2801 3530 3014 3586 Domini
3048 3540 3250 3588 sortem
3274 3532 3468 3587 adhor-

184 3624 322 3676 πᾶσι
358 3624 475 3686 τοῖς
514 3622 743 3679 ἔθνεσιν.
772 3643 792 3677 ι
821 3623 922 3678 Διά
951 3624 1005 3678 τί
1030 3625 1076 3678 δ’
1107 3623 1545 3696 ἀπονενεμῆσθαι
1568 3625 1696 3694 ἔφης

1956 3637 2028 3687 ιε,
2060 3629 2120 3676 ut
2165 3629 2348 3677 mente
2391 3620 2570 3676 lucida
2597 3621 2890 3692 animoque
2945 3632 3177 3693 purgato
3225 3638 3291 3679 ea
3345 3640 3468 3695 qua:

188 3714 421 3767 συνιδεῖν
463 3714 779 3784 ἀναγκαῖον⁴
815 3714 1195 3780 Πολυπλανοῦς
1233 3715 1585 3788 ὑπαρχούσης
1612 3717 1700 3786 ἀοι

1955 3714 2003 3768 la
2041 3714 2399 3780 intelligentia
2431 3713 2756 3783 capiuntur,
2816 3720 2871 3768 et
2929 3715 3178 3784 corporis
3221 3717 3467 3786 expertia

185 3822 293 3869 τως
322 3807 461 3878 ἡμῖν
484 3806 627 3877 ἀμφὶ
651 3806 741 3860 τὸν
763 3808 891 3879 περὶ
912 3809 1015 3880 γῆν
1037 3808 1176 3880 ἀέρα
1204 3808 1541 3879 πωτωμένης
1565 3807 1690 3879 χθον

1962 3811 2034 3869 nt,
2063 3806 2457 3875 concupiscat:
2498 3806 2749 3876 prohibet
2799 3821 2863 3861 ea
2897 3821 3018 3877 quae
3057 3806 3115 3861 in
3165 3808 3306 3862 ctelo
3350 3823 3474 3878 spe--

186 3900 281 3952 καὶ
311 3898 642 3969 δαιμονικῆς
671 3899 891 3963 οὐσίας,
925 3898 1205 3969 ἀγνώστου
1238 3917 1300 3953 τε
1335 3901 1429 3954 καὶ
1460 3900 1698 3970 ἀδιακρίιι

1956 3907 2103 3953 untur
2131 3898 2596 3968 admirari,supra
2627 3912 2658 3952 a
2691 3913 2751 3954 se
2765 3898 2929 3954 dictis
2964 3898 3290 3970 adjungens,
3321 3899 3468 3970 quod

185 3990 531 4062 ἀνθρώποις,
566 3992 668 4062 τῆς
701 3991 811 4047 τῶν
846 3991 1066 4060 ἀγαθῶν
1110 3993 1435 4063 πνευμάτων
1479 3992 1572 4046 καὶ
1616 3992 1697 4046 δυι

1957 4005 1999 4044 :c
2040 3989 2318 4046 distribuit
2367 3988 2632 4044 Dominus
2660 3988 2804 4046 Deus
2831 3997 2960 4045 tuus
2993 4006 3013 4039 ι
3043 3990 3258 4046 cunctis
3292 3990 3469 4062 genti-

189 4098 337 4154 μεων
356 4121 374 4146 ,
415 4083 511 4136 καὶ
546 4083 724 4138 αὐτῶν
766 4084 831 4155 δὴ
877 4085 987 4137 τῶν
1025 4083 1186 4138 θείων
1234 4084 1478 4163 ἀγγέλων
1514 4082 1662 4156 πρὸς

1958 4097 1987 4138 s
2016 4082 2084 4114 ’θ’
2111 4101 2124 4136 :
2169 4100 2189 4133 ι
2221 4096 2321 4137 cur
2346 4090 2527 4138 autem
2556 4082 2852 4138 distributa
2885 4080 3056 4137 fuisse
3092 4081 3322 4146 dixerit,
3373 4097 3470 4138 co-

184 4174 358 4245 χείρω
388 4173 648 4247 διαφόρου
679 4172 1035 4247 καθεστώσης
1056 4214 1072 4239 ,
1106 4176 1208 4229 οὐκ
1235 4175 1409 4239 άλλως
1436 4170 1496 4230 εὖ
1530 4173 1642 4247 εἶχε
1664 4192 1695 4228 τ

1956 4191 2146 4234 escere
2174 4192 2354 4248 opera:
2379 4178 2612 4247 pretium
2640 4184 2744 4233 est.
2789 4176 2924 4233 Cum
2956 4176 3242 4247 multiplici
3282 4192 3468 4232 errore

183 4266 281 4336 τῆς
310 4265 581 4320 ἀνωτάτω
602 4265 697 4319 τοῦ
719 4267 1111 4339 παμϐασιλέως
1129 4268 1412 4332 εὐσεϐείας
1433 4269 1695 4323 ἀποπίπτι

1956 4274 2144 4339 getur,
2178 4276 2232 4323 et
2268 4269 2429 4325 nobis
2458 4269 2605 4324 haud
2660 4268 3016 4325 cernentibus
3061 4268 3271 4323 circum
3319 4267 3468 4322 hunc

184 4375 270 4413 σιν
313 4358 349 4430 ἢ
386 4358 499 4412 τῶν
533 4359 826 4431 ὁρωμένων
862 4360 982 4415 κατ’
1015 4360 1242 4431 οὐρανὸν
1281 4360 1351 4415 τά
1387 4361 1651 4432 κράτιστα
1694 4392 1696 4410 ι

1955 4376 2060 4416 rem
2085 4362 2178 4433 qui
2207 4369 2409 4416 terram
2440 4361 2630 4425 ambit,
2662 4360 2943 4415 terrestris
2996 4358 3246 4430 quaedam
3275 4358 3467 4414 volitet

187 4451 426 4524 ρεῖσθαι.
459 4451 589 4514 Δέος
618 4451 726 4523 γάρ
757 4453 819 4505 οὐ
844 4451 906 4505 τὸ
938 4452 1098 4523 τυχὸν
1124 4448 1214 4524 ἦν,
1248 4453 1456 4524 μήποτε
1475 4493 1490 4518 ,
1518 4453 1652 4507 Θεὸν
1680 4452 1699 4517 ζ

1995 4455 2294 4510 daemonica
2351 4461 2569 4518 natura,
2620 4452 2782 4524 158
2812 4467 2974 4524 quam
3004 4452 3257 4509 homines
3289 4467 3466 4523 neque

181 4523 410 4609 τοῦντες
446 4545 543 4598 καὶ
583 4544 654 4599 τὰ
682 4546 887 4618 ἀόρατα
923 4546 1538 4619 πολυπραγμονοῦντες,
1569 4548 1693 4620 ἀπογ

1953 4562 2233 4619 gnoscere,
2271 4562 2447 4617 neque
2479 4546 2796 4603 discernere
2836 4544 3019 4600 idonei
3050 4552 3201 4608 sunt,
3226 4560 3465 4614 cumque

183 4636 293 4691 τῶν
336 4636 567 4705 ἀφανῶν
607 4638 702 4690 καὶ
736 4638 947 4708 ἀδήλων
985 4639 1067 4703 είς
1103 4637 1349 4702 ἐναντίας
1381 4638 1637 4710 δυνάμεις
1681 4657 1695 4693 1

1959 4654 2152 4694 norum
2172 4639 2302 4694 item
2334 4639 2628 4710 spirituum
2661 4652 2727 4692 ac
2756 4645 3110 4708 potestatum,
3140 4646 3195 4692 et
3224 4638 3468 4706 ipsorum

180 4727 509 4800 ὼιμονικάς
529 4732 935 4800 περιτραπεῖεν.
952 4729 1071 4782 Τῶν
1089 4730 1382 4801 ὁρωμένων
1404 4725 1497 4784 οὖν
1512 4730 1579 4784 τὰ
1598 4730 1692 4784 πάι

1955 4733 2118 4802 nique
2149 4731 2462 4786 divinorum
2491 4732 2809 4802 angelorum
2837 4740 3057 4795 natura,
3081 4731 3149 4786 ab
3174 4744 3238 4786 ea
3270 4745 3392 4801 quae
3411 4730 3466 4784 iu

181 4821 467 4893 διαπρεπῆ
493 4820 588 4876 τοῦ
605 4821 742 4876 Θεοῦ
762 4822 1219 4893 δημιουργήματα
1242 4824 1354 4886 τοῖς
1385 4823 1461 4894 μὴ
1483 4822 1575 4877 τοῦ
1600 4840 1693 4895 κρε

1956 4824 2126 4879 terius
2161 4824 2314 4893 lapsa
2342 4830 2449 4888 est,
2472 4823 2819 4878 continenter
2844 4822 3111 4879 dissideat
3136 4838 3150 4872 :
3176 4837 3284 4876 non
3307 4822 3468 4879 aliter

179 4931 336 4977 mo;
374 4913 687 4984 ἐφιεμένοις
721 4913 1149 4985 παραδεδόσθαι,
1183 4914 1534 4985 ἀμωσγέπως
1566 4914 1691 4967 ὲνθέπ

1951 4956 1952 4963 η
1984 4915 2075 4986 qui
2105 4931 2134 4969 a
2165 4915 2407 4985 supremi
2431 4915 2673 4970 omnium
2703 4913 2868 4985 Regis
2895 4915 3045 4970 cultu
3075 4913 3463 4978 declinassent,

179 5007 282 5076 τῆς
310 5005 411 5061 τοῦ
442 5006 679 5078 ἀοράτου
705 5006 939 5076 θεωρίας
958 5042 975 5067 .
998 5007 1075 5072 ὡς
1102 5005 1169 5060 ἂν
1200 5006 1291 5060 διά
1312 5025 1455 5072 τινος
1486 5007 1691 5080 ὲσόπτρ

1953 5007 2138 5063 sbene
2166 5014 2382 5077 poterat
2420 5006 2617 5063 cedere
2641 5047 2658 5071 ,
2705 5021 2869 5076 quam
2907 5007 2956 5061 si
3003 5020 3193 5061 eorum
3238 5020 3362 5076 quas
3407 5006 3465 5060 in

180 5097 739 5171 παρεμφαινομένης.

1952 5099 2026 5154 alo
2073 5107 2411 5170 spectantur,
2446 5115 2570 5169 qua:
2602 5098 3054 5170 praestantissima
3088 5105 3237 5162 sunt,
3266 5099 3464 5170 elegis-

179 5198 350 5246 sent:
388 5188 694 5261 periculum
731 5190 878 5247 enim
922 5206 1032 5248 non
1081 5192 1355 5250 mediocre
1391 5199 1512 5250 erat
1534 5235 1550 5260 ,
1597 5193 1800 5249 necubi
1840 5193 2011 5250 Deum
2052 5203 2358 5265 quaerentes
2381 5232 2397 5257 ,
2437 5199 2494 5249 et
2523 5192 2799 5248 curiosius
2820 5206 2942 5261 qua:
2964 5192 3031 5247 ad
3052 5200 3332 5262 aspectum
3353 5207 3466 5249 non

177 5287 417 5340 veniunt
485 5284 840 5356 indagantes,
879 5286 1198 5343 diiiieultate
1227 5304 1415 5344 earum
1472 5304 1654 5345 rerum
1684 5304 1806 5358 quae
1846 5290 2017 5345 latent
2042 5289 2403 5359 obscuraque
2466 5296 2618 5354 sunt,
2666 5286 2735 5341 ad
2765 5284 3071 5344 contrarias
3107 5286 3469 5344 daemonicas-

178 5397 288 5450 que
317 5386 630 5452 potestates
656 5391 1039 5439 verterentur:
1070 5398 1140 5440 ex
1187 5383 1256 5440 iis
1309 5385 1477 5455 igitur
1505 5401 1628 5456 quae
1684 5392 1988 5441 cernuntur
2037 5385 2215 5440 oculis
2281 5384 2464 5440 omnia
2492 5382 2611 5453 Dei.
2638 5397 2844 5455 opera,
2886 5382 3046 5439 valde
3106 5382 3467 5439 conveniebat

177 5475 271 5537 iis,
331 5475 436 5546 qui
492 5474 628 5531 nihil
672 5479 1028 5547 praestantius
1066 5480 1558 5551 concupiscerent,
1612 5482 1809 5554 quavis
1849 5480 2063 5537 ratione
2096 5481 2478 5537 commendata
2520 5493 2667 5543 esse,
2729 5479 2930 5553 quippe
2962 5492 3087 5535 etim
3133 5494 3198 5535 ex
3230 5478 3303 5535 iis
3331 5477 3464 5543 ille,

174 5569 273 5640 qui
299 5571 491 5626 oculis
520 5571 672 5627 σεινιί
700 5586 809 5628 non
840 5579 1043 5643 potest,
1066 5574 1227 5644 quasi
1261 5574 1319 5631 in
1358 5574 1595 5649 quodam
1647 5576 1872 5648 speculo
1900 5572 2355 5649 contemplandus
2383 5586 2660 5648 appareat.

320 5750 372 5783 ”
407 5747 568 5803 Rom.
598 5764 637 5815 t,
669 5748 761 5805 20.
833 5750 901 5783 ’θ’
936 5749 1092 5807 Deut.
1116 5766 1186 5821 Ir,
1217 5752 1301 5808 19.
