3846 6218
339 326 437 382 271

1040 426 1130 481 IX.

342 548 416 605 De
461 545 674 601 inimica
735 559 796 596 ac
856 542 957 609 ipsi
997 539 1107 593 Deo
1163 537 1473 591 adversante
1522 540 1809 609 potestate,
1861 540 1911 582 et

408 635 467 673 eo
497 617 587 687 qui
632 615 687 667 in
714 612 810 687 hac
859 604 1195 687 dominatur,
1237 615 1288 661 et
1339 604 1775 676 quemadmodum
1822 613 1913 669 per

411 678 544 742 hanc
580 700 731 739 omne
756 683 1024 736 hominum
1054 678 1325 734 seductum
1355 684 1433 731 est
1459 690 1641 745 genus.

409 823 477 877 Et
504 822 618 877 haec
646 818 864 892 quidem
892 815 972 871 sic
1000 829 1059 871 se
1079 811 1352 868 habebant
1378 829 1391 864 :
1428 804 1767 863 adversantis
1785 816 1915 859 vero

342 930 406 970 ac
430 913 648 969 rebellis
678 907 965 983 potestatis
1005 904 1187 969 factio,
1218 903 1335 958 sive
1375 899 1681 955 daemonum
1712 911 1778 952 ea
1808 895 1913 962 sit,

344 1004 458 1060 sive
484 1003 714 1058 aliorum
744 1001 907 1055 etiam
933 996 1369 1067 depravatiorum
1397 992 1710 1063 spirituum,
1732 989 1824 1060 qui
1859 995 1917 1067 et

344 1096 467 1161 plus
492 1103 545 1148 et
584 1092 765 1147 minus
785 1090 852 1145 de
882 1087 1085 1143 malitia
1113 1090 1416 1157 reportant,
1446 1082 1627 1154 gravis
1654 1089 1917 1152 praeterea

343 1184 628 1253 cujusdam
657 1182 947 1253 magnique
993 1177 1278 1240 daemonis,
1314 1176 1408 1246 qui
1436 1174 1681 1230 omnium
1708 1171 1916 1243 princi-

344 1286 534 1347 patum
567 1274 707 1329 inter
738 1287 833 1327 eos
877 1271 1107 1334 obtinet,
1137 1267 1230 1339 qui
1257 1266 1417 1337 primi
1459 1265 1516 1320 in
1543 1265 1730 1319 divino
1764 1264 1917 1317 cultu

344 1370 696 1424 nulaverunt.
725 1371 887 1431 atque
916 1359 987 1415 ob
1011 1357 1063 1413 id
1096 1357 1379 1428 proprium
1409 1354 1732 1410 vocabulum
1776 1353 1920 1407 ami-

343 1473 484 1524 sere,
527 1455 693 1531 saluti
720 1452 1002 1508 hominum
1046 1450 1317 1513 invidens,
1349 1448 1401 1502 in
1428 1444 1759 1502 contrariam
1792 1458 1920 1514 par-

343 1558 451 1623 tem
493 1546 766 1610 trahebat,
796 1544 1082 1612 omnisque
1110 1540 1328 1612 generis
1356 1538 1577 1593 malitiae
1609 1535 1877 1590 machinis
1901 1573 1916 1598 ,

342 1641 556 1696 cunctis
584 1639 859 1710 gentibus,
887 1636 1099 1707 ipsique
1138 1634 1300 1688 etiam
1358 1631 1495 1687 sorti
1547 1629 1800 1694 Domini,
1852 1643 1919 1684 ex

344 1731 548 1787 invidia
591 1730 892 1792 bonorum,
949 1723 1337 1789 insidiabatur;
1382 1718 1611 1791 proinde
1660 1717 1771 1774 Deo
1823 1717 1920 1772 ad-

343 1836 558 1878 versam
594 1819 926 1889 impiamque
952 1815 1133 1886 magni
1166 1815 1312 1869 illius
1339 1811 1603 1867 daemonis
1632 1811 1919 1882 cogitatio-

342 1927 491 1973 nem,
519 1909 870 1981 propheticus
915 1906 1140 1976 spiritus
1171 1905 1226 1957 in
1256 1904 1395 1958 Isaia
1423 1902 1503 1957 sic
1528 1900 1918 1972 propemodum

342 2003 714 2075 reprehendit,
754 2000 943 2054 dicens
979 2016 992 2052 :
1032 2014 1052 2047 ι
1094 1994 1240 2049 Dixit
1268 1994 1449 2058 enim,
1503 1993 1560 2046 in
1600 1990 1921 2047 fortitudine

344 2095 565 2158 faciam,
590 2101 644 2147 et
672 2091 729 2144 in
764 2088 1030 2161 sapientia
1053 2087 1364 2141 intellectus
1393 2083 1638 2139 auferam
1657 2082 1919 2138 terminos

344 2170 606 2258 gentium,
630 2189 682 2236 et
693 2181 859 2236 robur
872 2193 1059 2235 earum
1077 2176 1444 2248 depraedabor,
1464 2176 1767 2246 etqnatiam
1784 2175 1921 2230 civi-

345 2286 486 2332 tates
513 2289 633 2347 quae
655 2273 991 2335 habitantur,
1006 2278 1060 2325 et
1077 2270 1263 2324 orbem
1282 2276 1551 2323 terrarum
1586 2275 1760 2322 totum
1779 2281 1922 2321 eom-

346 2361 680 2433 prehendam
708 2374 873 2413 manu
896 2358 1052 2429 quasi
1074 2356 1283 2421 nidum,
1298 2363 1352 2411 et
1368 2356 1521 2425 quasi
1542 2371 1646 2410 ova
1661 2355 1923 2411 derelicta

347 2455 554 2519 tollam,
574 2460 628 2507 et
648 2466 754 2505 non
767 2451 870 2506 erit
885 2450 978 2520 qui
998 2448 1219 2520 effugiat
1236 2454 1443 2513 me,aut
1459 2447 1798 2502 contradicat
1820 2447 1922 2500 mi-

349 2548 488 2602 hi".
505 2544 697 2616 ιι59
722 2542 815 2600 Hae
840 2558 971 2599 sane
993 2542 1137 2597 illius
1163 2541 1312 2612 impii
1339 2547 1392 2596 et
1416 2548 1606 2595 contra
1629 2537 1799 2594 Deum
1822 2554 1920 2609 pu-

348 2640 565 2711 gnantis
595 2651 780 2701 voces,
813 2636 983 2706 quiin
1015 2635 1213 2688 robore
1249 2632 1471 2686 malitiae
1517 2631 1780 2703 gloriatur
1804 2670 1820 2696 ,
1867 2636 1924 2686 et

350 2732 556 2800 angelis
599 2731 669 2787 ab
716 2729 1000 2783 Altissimo
1046 2726 1279 2783 traditos
1330 2725 1574 2796 gentium
1634 2724 1920 2788 terminos,

348 2828 688 2900 direptarum
716 2842 776 2883 se
800 2833 855 2880 et
885 2824 1242 2879 confusurum
1275 2824 1520 2876 minatur
1544 2862 1560 2888 ,
1625 2820 1925 2890 orbemque

348 2917 812 2990 depraedaturum,
840 2922 895 2970 et
917 2929 1078 2969 omne
1113 2927 1286 2984 genus
1320 2910 1604 2965 hominum
1652 2923 1924 2964 excussu-

349 3026 495 3076 rum,
532 3011 763 3081 ejusque
793 3007 1029 3079 priorem
1064 3005 1312 3059 ordinem
1362 3009 1701 3056 mutaturum
1728 3000 1922 3070 jactat.

354 3102 412 3158 Si
434 3118 562 3159 vero
592 3117 701 3173 quo
732 3101 915 3154 animo
947 3098 1076 3151 talia
1108 3097 1176 3151 de
1202 3096 1383 3165 seipso
1404 3094 1751 3157 mentiretur,
1782 3092 1923 3147 scire

350 3195 460 3256 vis,
497 3193 625 3247 audi
659 3189 905 3247 eamdem
938 3186 1283 3257 prophetiam
1334 3184 1417 3240 sic
1469 3198 1665 3239 rursus
1710 3180 1779 3239 de
1832 3175 1926 3236 illo

354 3284 623 3339 dicentem
654 3301 667 3337 :
707 3299 725 3333 ι
764 3268 1051 3347 Quomodo
1079 3276 1278 3333 cecidit
1312 3276 1380 3331 de
1407 3275 1548 3330 coelo
1573 3273 1811 3340 Lucifer,
1835 3272 1928 3343 qui

353 3387 516 3428 mane
548 3370 826 3425 oriebatur
851 3368 875 3421 ?
915 3367 1182 3423 contritus
1213 3374 1299 3421 est
1338 3365 1395 3418 in
1425 3371 1651 3430 terram,
1681 3363 1775 3434 qui
1802 3363 1930 3416 mit-

355 3463 506 3517 tebat
541 3460 609 3515 ad
651 3474 842 3515 omnes
872 3465 1082 3530 gentes.
1133 3457 1216 3511 Tu
1264 3470 1395 3512 vero
1426 3455 1614 3511 dixisti
1648 3456 1705 3509 in
1753 3461 1932 3510 mente

356 3563 451 3608 tua
476 3572 490 3607 :
529 3551 591 3606 In
624 3552 825 3607 coelum
864 3551 1178 3614 ascendam,
1204 3563 1371 3620 super
1401 3556 1550 3603 astra
1578 3547 1703 3602 caeli
1732 3560 1932 3617 ponam

358 3643 545 3701 sedem
578 3657 776 3698 meam.
814 3632 1123 3697 'Ascendam
1169 3655 1336 3710 supra
1366 3639 1560 3702 nubes,
1595 3653 1692 3693 ero
1738 3638 1933 3693 similis

360 3737 667 3792 Altissimo.
702 3733 859 3789 Nunc
889 3740 1070 3788 autem
1102 3732 1169 3787 ad
1213 3731 1487 3786 infernum
1530 3728 1851 3793 descendas,
1880 3735 1935 3784 et

360 3830 427 3883 ad
462 3827 819 3883 fundamenta
852 3833 1015 3881 terrae
1043 3825 1109 3878 ⁸⁸.
1152 3842 1170 3875 ›
1206 3822 1351 3879 Sane
1380 3823 1614 3894 plurima
1649 3823 1813 3877 simul
1850 3823 1935 3878 his

1019 310 1286 368 EUSEBII
1324 303 1801 364 CIESARIENSIS
1841 301 1995 358 OPP.
2032 297 2213 355 PARS
2249 295 2291 353 ῐ.
2328 327 2394 338 -
2435 290 2937 350 APOLOGETICA.

1934 419 1983 476 A

3482 278 3590 332 27‘!

2757 405 2835 460 ϐ’.

2012 528 2150 596 Περί
2186 523 2292 594 τῆς
2316 522 2533 604 ἐχθρᾶς
2567 522 2668 604 καί
2705 510 3226 604 ἀντιξιξιμέῂηςτῷ

2076 577 2528 668 ᾗὲώξξκὰἰὶορ
2560 593 2803 668 ταύτῃςῄ
2829 577 3224 668 ὲξᾶρχοςλτος,
3259 583 3357 635 καί
3379 581 3465 668 ῶς
3496 577 3594 631 διὰ

2083 649 2305 735 ταῦἓής
2325 663 2392 719 τὸ
2423 662 2666 718 πάντων
2691 649 3016 727 ἁὶίθρώπίυῖνῖ
3039 653 3302 724 ὑπήγετο
3329 649 3523 721 γένος.

2082 781 2193 835 Καὶ
2215 780 2283 833 τὰ
2316 779 2414 851 μὲν
2437 771 2539 831 ὧδε
2570 775 2802 830 διέκειτο
2819 791 2833 804 ·
2858 771 3014 826 eat-ae
3043 770 3142 841 τῆς
3171 765 3470 823 ἀντιπάλου
3499 763 3597 817 καὶ

2013 872 2385 943 ἀποστατικῆς
2418 869 2728 941 δυνάμεως,
2762 865 2873 920 εἴτε
2906 863 3175 934 δαιμόνων
3206 858 3317 912 εἴτε
3353 858 3448 911 καὶ⁵
3470 873 3597 926 ,χει-

2019 967 2186 1039 ρόνων
2214 964 2388 1020 ἀλλων
2422 961 2744 1033 πνευμάτων
2761 961 2821 1012 ἐν
2849 956 3017 1028 κακία
3045 955 3106 1008 τὸ
3130 952 3292 1006 πλέον
3315 950 3409 1004 καὶ
3432 943 3597 1019 ἦττον

2016 1038 2458 1128 ἀποφερομένων,
2490 1051 2568 1106 ἐτι
2601 1068 2662 1106 τε
2692 1050 2787 1105 καὶ
2809 1047 2904 1102 τοῦ
2937 1047 3154 1101 πάντων
3182 1045 3239 1096 ἐν
3261 1040 3471 1102 τούτοις
3499 1038 3601 1109 ἀρ-

2016 1165 2201 1219 χοντος
2231 1145 2406 1201 δεινοῦ
2445 1161 2591 1208 τινος
2625 1139 3079 1214 μεγαλοδαίμονος
3098 1177 3113 1201 ,
3148 1136 3198 1190 οἳ
3217 1177 3234 1204 ,
3263 1133 3471 1205 πρῶτοι
3499 1129 3602 1198 τῆς

2017 1247 2097 1308 εἰς
2148 1242 2208 1297 τὸ
2248 1242 2403 1295 Θείον
2458 1236 2739 1300 εὐσεϐείας
2794 1232 3188 1293 σαλεύσαντες,
3244 1228 3343 1298 τῆς
3393 1221 3603 1284 οἰκείας

2017 1335 2222 1407 λήξεως
2258 1330 2689 1388 ἀποπεπτώκασι
2713 1368 2728 1393 ,
2759 1326 2938 1397 φθόνῳ
2970 1325 3069 1395 τῆς
3100 1321 3400 1392 ἀνθρώπων
3426 1333 3606 1384 σωτη-

2021 1427 2142 1502 ρίας
2178 1428 2276 1499 τὴν
2320 1424 2571 1479 ἐναντίαν
2611 1417 2761 1475 εἷλκε
2794 1417 3070 1480 παντοίαις
3104 1413 3299 1477 κακίας
3335 1410 3608 1482 μηχαναῖς

2019 1501 2155 1572 πᾶσι
2194 1519 2308 1581 τοῖς
2344 1515 2555 1579 ἔθνεσι,
2590 1513 2685 1566 καὶ
2726 1510 2877 1581 αὐτῷ
2916 1507 2996 1579 τῷ
3034 1505 3127 1560 τοῦ
3166 1502 3372 1575 Κυρίου
3414 1501 3609 1571 κλήρῳ

2024 1608 2291 1680 βασκανίᾳ
2316 1606 2424 1662 τῶν
2456 1605 2676 1675 ἀγαθῶν
2702 1600 3135 1658 ἐπιδουλεύοντα.
3168 1596 3272 1651 Τὸν
3300 1594 3365 1667 δὴ
3388 1591 3483 1648 οὖν
3511 1590 3611 1646 τοῦ

2026 1700 2478 1773 μεγαλοδαίμονος
2504 1697 2662 1753 ἄθεον
2691 1696 2783 1750 καὶ
2809 1692 2978 1762 ἀσεϐῆ
3007 1690 3264 1760 λογισμὸν
3300 1687 3364 1740 τὸ
3388 1683 3615 1754 πνεῦμα

1953 1768 1993 1823 Β
2017 1768 2079 1846 τὸ
2109 1768 2446 1865 προφητικὸν
2473 1791 2532 1843 ἐν
2565 1786 2764 1859 Ἡσαΐᾳ
2798 1780 2900 1840 ὧδέ
2928 1801 3044 1848 πως
3075 1780 3367 1850 ἀπελέγχει
3386 1778 3568 1845 λέγων
3592 1790 3609 1806 ⁸

2025 1904 2043 1937 ι
2065 1879 2199 1937 Εἶπε
2219 1881 2345 1954 γάρ·
2373 1882 2462 1934 Ἐν
2479 1883 2545 1952 τῇ
2563 1878 2705 1950 ἰσχύϊ
2725 1878 2955 1949 ποιήσω,
2975 1875 3067 1929 καὶ
3079 1876 3144 1945 τῇ
3162 1872 3323 1943 σοφίᾳ
3338 1871 3436 1942 τῆς
3458 1869 3617 1922 συνέ-

2021 1995 2158 2039 σεως
2186 1974 2369 2046 ἀφελῶ
2392 1975 2514 2045 ὅρια
2544 1971 2743 2036 ἐθνῶν,
2767 1971 2861 2023 καὶ
2896 1968 2994 2041 τὴν
3027 1968 3180 2038 ἰσχὺν
3208 1964 3387 2019 αὐτῶν
3415 1979 3620 2034 προνο-

2023 2067 2224 2141 μεύσω,
2251 2067 2346 2122 καὶ
2370 2066 2533 2119 σείσω
2565 2064 2747 2128 πόλεις
2786 2058 3212 2130 κατοικουμένας
3234 2073 3249 2087 ο
3284 2055 3381 2109 καὶ
3404 2055 3505 2124 τὴν
3538 2055 3592 2106 oi
3610 2084 3623 2094 -

2020 2160 2287 2232 κουμένην
2304 2159 2432 2229 ὅλην
2450 2155 2835 2227 καταλήψομαι
2852 2156 2920 2225 τῇ
2945 2151 3090 2223 χειρὶ
3127 2149 3203 2213 ὡς
3242 2146 3484 2209 νοσσιὰν,
3518 2145 3621 2198 καὶ

2018 2253 2094 2317 ὡς
2116 2249 2585 2321 καταλελειμμένα
2605 2248 2688 2301 ώά
2718 2244 2857 2319 ἀρῶ,
2883 2245 2978 2297 καὶ
3008 2243 3108 2295 οὐκ
3136 2240 3292 2293 ἐσται
3313 2239 3371 2302 ὃς
3391 2235 3622 2307 διαφεύ-

2022 2343 2169 2409 ξεταί
2194 2360 2281 2415 με,
2309 2343 2342 2414 ἢ
2375 2341 2603 2412 ἀντείπῃ
2630 2357 2740 2411 μοι.
2766 2358 2783 2389 ι
2819 2330 2990 2390 Αὗται
3015 2336 3069 2388 αί
3094 2330 3190 2386 τοῦ
3205 2329 3476 2402 θεομάχου
3504 2346 3625 2397 φω-

2020 2437 2129 2499 ναὶ,
2161 2435 2252 2488 ἐπὶ
2270 2432 2471 2496 κακίας
2492 2430 2636 2502 ἰσχύϊ
2661 2426 3195 2499 μεγαλαυχουμένου,
3226 2422 3321 2476 καὶ
3346 2421 3449 2484 τὰς
3477 2418 3624 2491 πρὸς

2018 2525 2112 2580 τοῦ
2144 2524 2400 2593 Ὑψίστου
2441 2524 2554 2584 τοῖς
2598 2518 2851 2588 ἀγγέλοις
2885 2514 3281 2587 παραδοθείσας
3306 2511 3415 2564 τῶν
3446 2510 3626 2564 ἐθνῶν

2020 2617 2300 2688 ὁροθεσίας
2313 2614 2633 2687 διαρπάσαι,
2655 2612 2752 2665 καὶ
2777 2611 2999 2680 συγχεῖν
3020 2605 3394 2668 ἀπειλοῦντος,
3419 2619 3627 2675 προνο-

2025 2710 2245 2782 μεύσειν
2269 2725 2331 2761 τε
2355 2708 2454 2779 τὴν
2475 2704 2821 2776 οἰκουμένην,
2847 2703 2941 2756 καὶ
2966 2702 3074 2754 πᾶν
3095 2700 3157 2753 τὸ
3178 2698 3287 2752 τῶν
3312 2696 3410 2751 ἀνθ
3420 2696 3627 2768 ρώπων

2022 2801 2177 2870 γένος
2195 2798 2537 2861 διεκσείσειν,
2555 2797 2649 2850 καὶ
2670 2787 3029 2867 ’μεταστήσειν
3051 2792 3148 2862 τῆς
3169 2789 3444 2862 προτέρας
3464 2787 3629 2840 εὐταδ

2024 2893 2143 2961 ξίας
2162 2889 2719 2961 ἀπαυθαδιαζομένου.
2747 2889 2937 2941 Ὁποῖα
2950 2885 3008 2938 δὲ
3025 2881 3239 2956 φρονῶν
3275 2898 3341 2934 πε
3351 2882 3401 2952 pi.
3424 2878 3629 2933 ἐαυτοῦ

2023 2985 2093 3039 τὰ
2118 2983 2340 3039 τοιαῦτα
2355 2981 2730 3055 ἠλαζονεύετο,
2761 2979 2928 3041 ἀκουε
2959 2977 3061 3047 τῆς
3087 2974 3258 3045 αὐτῆς
3283 2973 3632 3044 προφητείας

2025 3070 2128 3132 ὦδε
2156 3076 2317 3130 πάλιν
2358 3076 2488 3147 περὶ
2537 3072 2702 3128 αὐτοῦ
2752 3069 3097 3143 φραζούσης*
3138 3086 3157 3119 ε
3202 3065 3327 3129 Πῶς
3362 3065 3633 3129 ἐξέπεσεν

2028 3172 2092 3223 ἐκ
2139 3167 2235 3222 τοῦ
2266 3165 2499 3239 οὐρανοῦ
2533 3168 2562 3220 ό
2608 3165 2956 3235 Ἑωσφόρος,
3002 3165 3032 3216 ὁ
3079 3159 3227 3233 πρωῒ
3275 3158 3632 3225 ἀνατέλλων;

2029 3259 2317 3331 συνετρίϐη
2353 3260 2434 3322 είς
2462 3258 2562 3329 τὴν
2591 3258 2695 3328 γῆν
2725 3259 2755 3310 ὁ
2786 3255 3135 3310 ἀποστέλλων
3169 3253 3308 3324 πρὸς
3341 3253 3527 3306 πάντα
3559 3252 3637 3306 τὰ

2029 3353 2177 3425 ἔθνη.
2214 3353 2286 3407 Σὺ
2313 3352 2369 3406 δέ
2392 3349 2550 3415 εἶπας
2574 3352 2631 3404 ἐν
2649 3352 2717 3421 τῇ
2750 3348 2959 3420 διανοίᾳ
2983 3364 3077 3401 σου
3102 3363 3115 3376 ’
3160 3347 3257 3410 Εἰς
3281 3346 3373 3399 τὸν
3398 3345 3635 3418 οὐρανὸν

2029 3449 2391 3522 ἀναϐήσομαι,
2427 3445 2614 3499 ἐπάνω
2632 3444 2742 3497 τῶν
2765 3444 2981 3514 ἄστρων
3004 3439 3098 3494 τοῦ
3119 3438 3350 3511 οὐρανοῦ
3385 3439 3636 3511 θήσομαι

2030 3542 2122 3596 τὸν
2166 3542 2358 3612 θρόνον
2405 3556 2528 3611 μου.
2573 3535 2945 3606 Ἀναϐήσομαι
2989 3532 3175 3586 ἐπάνω
3210 3531 3319 3585 τῶν
3350 3530 3636 3600 νεφελῶν,

2033 3633 2226 3706 ἔσομαι
2273 3632 2454 3704 ὅμοιος
2485 3629 2564 3701 τῷ
2603 3628 2864 3699 Ὑψίστῳ.
2899 3626 3014 3680 Νῦν
3064 3625 3121 3678 δὲ
3154 3626 3234 3688 εἰς
3263 3624 3398 3696 ᾅδην
3452 3641 3639 3677 κατα-

2034 3726 2198 3799 δήσῃ,
2220 3725 2317 3779 καὶ
2348 3724 2429 3786 είς
2450 3721 2519 3775 τὰ
2546 3720 2773 3792 θεμέλια
2794 3718 2895 3789 τῆς
2914 3719 3034 3791 γῆς.
3060 3738 3080 3771 ι
3111 3717 3279 3788 Ὁμοῦ
3304 3717 3367 3786 δὴ
3402 3717 3641 3771 πλεῖστα

2034 3817 2121 3871 διὰ
2154 3817 2360 3870 τούτων
2401 3818 2429 3870 ὁ
2477 3815 2635 3884 λόγος
2666 3812 2957 3885 ἐμφαίνει,
3006 3812 3106 3884 τὴν
3154 3809 3249 3863 τοῦ
3292 3809 3638 3881 δηλουμένου

359 3918 544 3974 verbis
564 3919 807 3973 declarat
835 3917 1156 3983 oraculum;
1202 3930 1329 3969 nam
1353 3923 1407 3970 et
1439 3915 1587 3970 illius
1618 3915 1686 3970 de
1717 3929 1827 3984 quo
1856 3914 1928 3968 lo-

2038 3907 2485 3980 φρενοὸλάὁειαν,
2507 3908 2607 3984 τῂν
2635 3905 2743 3960 ἀπὸ
2770 3905 2881 3958 τῶν
2907 3903 3238 3977 κρειττόνων
3258 3902 3353 3954 ἐπὶ
3373 3902 3443 3955 τὰ
3460 3904 3645 3973 χείρω

362 4014 550 4083 quitur
576 4010 893 4072 amentiam,
918 4016 971 4064 et
1001 4006 1246 4077 ejusdem
1282 4021 1312 4061 a
1339 4007 1551 4061 meliori
1581 4014 1727 4061 statu
1751 4005 1817 4060 ad
1842 4006 1928 4061 de-

2039 4003 2406 4066 κατάπτωσιν,
2436 4000 2497 4054 τὸ
2526 4000 2625 4071 τῆς
2652 3997 2980 4061 ἐκπτώσεως
3003 3995 3175 4060 τέλος.
3208 3994 3366 4047 Δεινά
3394 3994 3453 4046 δὲ
3486 3993 3641 4047 κατὰ

362 4104 536 4159 terius
566 4102 802 4165 ruinam,
834 4108 888 4156 et
916 4100 1088 4170 ipsius
1117 4101 1291 4153 ruinae
1317 4099 1544 4154 exitum.
1583 4096 1689 4163 Qui
1717 4095 1928 4161 quidem

2038 4096 2145 4150 τῶν
2178 4094 2348 4149 ἐθνῶν
2380 4092 2636 4147 ἁπάντων
2665 4089 2989 4161 ἀπειλήσας,
3017 4087 3221 4159 θάτερα
3247 4085 3487 4157 ληπτοὺς
3518 4087 3643 4148 τοῖς

364 4211 489 4250 cum
519 4195 705 4267 gravia
743 4201 906 4263 atque
943 4192 1133 4248 odiosa
1164 4192 1381 4246 cunctis
1411 4191 1662 4261 gentibus
1693 4191 1928 4246 minatus.

2041 4186 2383 4261 προϐουλίοις
2435 4183 2759 4256 ἀνθρώπους
2788 4181 3010 4253 εὕρατο,
3056 4178 3347 4251 πρόχειρον
3408 4177 3504 4229 καὶ
3575 4175 3645 4242 ἐξ

366 4295 535 4352 esset,
587 4287 694 4341 alia
743 4287 958 4340 ratione
1003 4285 1125 4356 capi
1174 4296 1338 4355 posse
1385 4283 1655 4348 homines,
1702 4282 1758 4337 in
1805 4283 1928 4353 ipsis

2042 4280 2251 4343 οἰκείας
2278 4277 2502 4348 γνώμης
2521 4276 2621 4344 τὴν
2650 4275 2744 4329 ἐπὶ
2759 4273 2820 4327 τὸ
2849 4272 3018 4327 κακὸν
3037 4271 3316 4343 ἔμπτωσιν
3349 4269 3417 4322 δι’
3438 4269 3645 4336 αὐτεξ-

367 4377 717 4432 maehinandi
745 4376 987 4433 exordiis
1017 4374 1374 4445 deprehendit
1402 4391 1416 4427 :
1452 4374 1653 4444 quippe
1678 4374 1772 4445 qui
1805 4372 1928 4440 faci:

2044 4371 2226 4424 ούσιον
2276 4368 2597 4442 προαίρεσιν
2648 4365 3044 4438 κεκτημένους.
3093 4364 3275 4417 Ἔσειε
3337 4362 3474 4433 δῆτα
3534 4362 3649 4431 τῆς

368 4475 474 4527 lem
498 4481 660 4542 atque
690 4486 756 4525 ex
779 4484 877 4525 sua
904 4470 1149 4538 ipsorum
1181 4466 1454 4521 sententia
1484 4466 1698 4536 lapsum
1728 4466 1794 4521 ad
1818 4481 1928 4519 ma-

2047 4463 2156 4517 ἀπὺ
2179 4462 2287 4515 τῶν
2318 4460 2642 4533 κρειττόνων
2677 4458 2921 4520 στάσεως
2939 4456 3041 4520 τὰς
3061 4454 3263 4519 πόλεις,
3286 4455 3509 4517 καὶτοῖς
3538 4453 3653 4523 τῆς

368 4564 506 4626 lum,
539 4569 761 4632 propter
791 4560 1098 4615 libertatem
1125 4559 1360 4622 arbitrii,
1392 4556 1755 4627 possiderent.
1792 4556 1928 4624 Qua-

2050 4554 2248 4627 ἡδονῆς
2278 4553 2521 4607 δελέασιν
2550 4546 2645 4607 ἐπὶ⁷
2694 4552 2802 4605 πᾶν
2838 4547 2981 4613 εἶδος
3014 4547 3349 4619 φαυλότητος
3396 4547 3498 4609 τὰς
3526 4546 3650 4598 τῶν

371 4664 489 4710 tere
520 4654 689 4724 igitur
717 4668 748 4706 a
788 4651 1003 4707 meliori
1037 4657 1182 4705 statu
1215 4650 1490 4714 civitates,
1538 4650 1928 4720 voluptatisque

2052 4647 2262 4701 πολλῶν
2290 4645 2539 4700 κατέσπα
2568 4642 2780 4715 ψυχὰς,
2817 4642 3009 4696 οὐδένα
3050 4658 3127 4724 τε,
3165 4639 3412 4712 μηχανῆς
3463 4654 3651 4690 κατα-

371 4747 659 4803 hlanditiis
683 4745 981 4800 multorum
1013 4745 1227 4800 animas
1254 4744 1475 4799 trahere
1502 4743 1558 4797 in
1590 4758 1750 4799 omne
1770 4759 1928 4815 genus

2052 4738 2225 4794 λιπὼν
2254 4739 2479 4808 τρόπον,
2518 4710 2709 4808 μάθοις
2733 4736 2862 4807 περὶ
2879 4735 3021 4788 θεῶν
3038 4710 3286 4805 αἰσχροῖς
3319 4732 3415 4784 καὶ
3446 4729 3651 4801 διηγή-

374 4839 655 4909 nequitiae,
681 4852 983 4906 omnesque
1011 4835 1271 4890 adhibere
1301 4834 1608 4898 machinas,
1650 4841 1928 4906 turpesqm

2048 4847 2220 4903 ¹μασιν
2247 4829 2570 4893 ἀκολάστοις
2595 4829 2664 4883 τὰ
2699 4829 2829 4900 φίλα
2860 4829 2956 4881 καί⁵
2981 4826 3118 4896 πρὸς
3153 4823 3348 4897 ἡδονὴν
3380 4820 3492 4874 τῶν
3525 4821 3653 4873 ἀλι-

370 4931 445 4986 ‘de
472 4931 578 4986 diis
612 4929 826 4985 fabulas
861 4939 1024 4998 atque
1042 4928 1316 4983 obscenas
1347 4925 1693 4981 narrationes
1723 4928 1951 4981 commi-

379 5022 543 5086 nisci,
574 5028 630 5076 et
650 5020 891 5091 jucunda
924 5023 1108 5074 omnia
1138 5033 1203 5073 ac
1230 5018 1562 5086 voluptatem
1587 5014 1865 5072 afferentia
1885 5018 1953 5073 iis

381 5128 521 5185 quos
542 5120 782 5183 caperet,
806 5111 1017 5166 artibus
1055 5126 1119 5166 ac
1156 5109 1389 5165 fallaciis
1414 5109 1725 5164 daemonum
1759 5108 1951 5178 injice-

368 5222 444 5261 ‘re
475 5224 487 5260 :
526 5212 689 5274 atque
713 5202 801 5257 his
823 5202 1151 5268 rationibus,
1179 5204 1364 5259 orbem
1390 5203 1707 5258 universum
1734 5208 1956 5270 captum

386 5314 451 5353 ac
480 5296 768 5353 subactum
800 5295 1101 5359 continere,
1135 5303 1298 5365 atque
1320 5296 1404 5361 ita
1431 5295 1614 5351 delere
1643 5304 1699 5349 et
1722 5291 1958 5347 confun-

386 5392 516 5446 dere
547 5390 812 5445 terminos
842 5388 1104 5460 gentium,
1155 5389 1301 5459 quod
1351 5388 1517 5445 etiam
1571 5401 1631 5442 se
1683 5385 1959 5440 facturum

386 5485 628 5539 minatus
687 5482 864 5537 fuerat
918 5481 1100 5536 verbis
1144 5480 1301 5537 illis:
1351 5499 1372 5534 ι
1406 5479 1663 5535 Auferam
1692 5480 1959 5534 terminos

391 5578 654 5649 gentium,
682 5583 737 5632 et
782 5575 952 5631 robur
984 5589 1180 5631 earum
1211 5573 1582 5644 depradabor,
1616 5579 1672 5629 et
1712 5569 1960 5644 quatiam

462 5758 507 5792 ’⁷
538 5754 642 5816 lsa.
670 5772 726 5825 Χ,
761 5757 849 5826 15,
872 5756 960 5813 Η.
1032 5755 1078 5791 ⁸⁸
1098 5753 1203 5812 lsa.
1226 5751 1570 5822 xsv,i2.15,
1606 5736 1607 5743 “

2055 4923 2336 4993 σκομένων
2356 4922 2424 4976 δι’
2448 4922 2694 4992 ἐντέχνου
2717 4920 2985 4992 δαιμόνων
3005 4918 3223 4988 ἀπάτης
3244 4912 3651 4987 προύϐάλλετον

2058 5015 2238 5088 ταύτῃ
2270 5032 2332 5068 τε
2372 5015 2472 5086 τὴν
2510 5013 2837 5084 οἰκουμένην
2881 5011 3097 5067 ἀπασαν
3145 5009 3282 5062 ἐλὼν
3327 5006 3649 5077 ὑποχείριον

2060 5110 2296 5177 συνεῖχε,
2332 5106 2426 5159 καὶ
2452 5106 2682 5176 ἠφάνιζε
2722 5104 2792 5159 τὰ
2822 5104 2932 5159 τῶν
2973 5101 3142 5156 ἐθνῶν
3176 5102 3338 5173 ὅρια,
3372 5100 3510 5169 ὅπερ
3546 5098 3651 5151 καὶ

2062 5201 2308 5271 ποιήσειν
2339 5199 2554 5269 ήπείλει
2596 5198 2765 5252 είπών
2789 5214 2804 5228 ·
2841 5217 2858 5249 ι
2893 5194 3103 5266 Ἀφελῶ
3136 5195 3260 5266 ὅρια
3306 5193 3513 5256 ἐθνῶν,
3549 5193 3653 5246 καὶ

2060 5289 2159 5361 τὴν
2191 5291 2344 5361 ίσχὺν
2371 5290 2551 5343 αὐτῶν
2586 5289 2958 5362 προνομεύσω,
2989 5291 3082 5343 καὶ
3102 5288 3268 5342 σείσω
3293 5286 3479 5350 πόλεις
3510 5302 3659 5338 κατ-

2064 5383 2424 5454 οικουμένας,
2471 5382 2568 5436 καὶ
2606 5383 2703 5454 τὴν
2731 5382 3055 5454 οἰκουμένην
3085 5381 3215 5451 ὅλην
3257 5378 3659 5450 καταλήψομαι

2061 5477 2128 5547 τῇ
2157 5475 2299 5547 χειρὶ
2330 5475 2406 5539 ὡς
2441 5476 2712 5530 νοσσιὰν.»
2735 5477 2926 5530 Ἔνθεν
2955 5476 3057 5547 ήδη
3090 5474 3276 5527 λοιπὸν
3307 5471 3526 5525 πάντων
3558 5469 3661 5521 ἀν-

2063 5567 2297 5642 θρώπων
2319 5569 2645 5641 κατεκρὰτει
2674 5568 2872 5644 πλάνῃ,
2889 5566 3144 5640 δαίμονές
3168 5582 3228 5619 τε
3256 5561 3485 5634 πονηροὶ
3503 5560 3662 5613 κατὰ
