3846 6218
247 371 362 430 373

1177 370 1840 432 DEMONSTRATIONIS
1870 368 2337 427 EVANGELICE
2376 368 2507 429 LIB.
2544 366 2634 425 IV.

3406 365 3514 422 274

248 494 436 547 πάντα
464 491 659 556 τόπον,
689 494 785 547 καὶ
820 492 992 558 πόλιν,
1031 492 1127 547 καὶ
1167 493 1352 565 χώραν
1398 492 1506 548 ὑπὸ
1543 493 1622 565 τῷ
1652 492 1838 563 οἰκείῳ
1866 545 1872 555 ,

1943 491 2193 546 civitates
2220 503 2341 560 quae
2369 487 2710 551 habitantur,
2750 492 2806 541 et
2832 480 3020 542 orbem
3057 488 3233 540 totum
3264 497 3515 553 compre-

246 585 474 657 ἄρχοντι
506 585 896 640 κατειπάττοντο
918 602 932 617 ’
979 587 1077 641 καὶ⁵
1124 587 1260 658 δῆτα
1303 587 1564 658 δυνάμεσι
1597 585 1834 657 χθονίαις

247 681 347 733 καὶ
370 682 629 752 πονηροῖς
658 679 961 751 πνεύμασιν
987 681 1107 735 ἀντὶ
1139 680 1248 736 τῶν
1270 681 1552 754 προτέρων
1583 680 1678 734 τοῦ
1697 676 1833 732 Θεοῦ

246 772 582 845 λειτουργῶν
599 776 629 827 ό
648 775 757 837 πᾶς
778 773 887 827 τῶν
910 775 1007 828 ἀνθ
1015 773 1213 845 ρώπων
1235 774 1350 846 βίος
1381 772 1832 837 καταδεδούλωτο,

246 866 473 919 πάντων
500 865 713 937 ἀθρόως
744 867 837 919 καὶ
869 867 1189 940 ἐπιρῤεπῶς
1225 870 1339 935 τοῖς
1367 867 1470 938 τῆς
1498 866 1694 939 ὴδονῆς
1722 864 1833 918 ὀλί-

246 958 402 1021 σθοις
427 958 833 1012 ἐπιδεδωκότων
852 975 867 989 ο
894 959 1035 1012 ὥστε
1065 960 1164 1032 ήδη
1192 961 1404 1032 καὶτῆς
1427 959 1642 1030 φύσεως
1663 960 1834 1031 ὑπερ-

245 1048 461 1103 ϐαίνειν
487 1051 682 1122 ὄρους,
719 1051 812 1104 καὶ
839 1051 959 1105 τοτέ
994 1053 1093 1122 μὲν
1136 1052 1558 1124 ἀλληλοφθορεῖν
1577 1093 1593 1120 ,
1626 1052 1747 1107 τοτὲ
1778 1052 1836 1106 δὲ

242 1142 668 1215 ἀρῤητοποιεϊν,
701 1144 798 1197 καὶ
832 1142 870 1198 ἀ
923 1144 1056 1215 μηδὲ
1097 1143 1344 1215 λογισμῷ
1391 1144 1549 1215 θέμις
1602 1145 1833 1210 ἐννοεῖν,

242 1233 424 1286 ταῦτα
453 1234 515 1287 ού
560 1235 720 1306 μόνον
756 1235 1017 1306 πράττειν
1039 1276 1055 1301 ,
1099 1237 1236 1291 ἀλλὰ
1270 1239 1362 1293 καὶ
1393 1242 1515 1303 ταῖς
1553 1241 1682 1311 περὶ
1725 1238 1836 1293 τῶν

242 1325 468 1378 οἰκείων
500 1324 638 1379 θεῶν
682 1327 863 1393 δόξαις
894 1327 1241 1394 ἀνατιθέναι,
1272 1331 1367 1385 καὶ
1412 1330 1493 1385 ἔτι
1528 1331 1727 1404 μᾶλλον
1759 1330 1837 1396 ὡς

246 1413 318 1467 ἂν
351 1414 495 1478 θεοῖς
523 1417 653 1486 φίλα
685 1416 756 1470 τὰ
786 1417 1063 1472 ἀκόλαστα
1093 1421 1190 1474 σὺν
1213 1421 1463 1494 ῥᾳστώνῃ
1493 1422 1698 1477 πλείονι
1722 1422 1839 1477 δια-

245 1506 609 1575 πράττεσθαι.
645 1507 929 1571 Ἐντεῦθεν
954 1510 1078 1583 ἤδη,
1109 1512 1249 1566 κατά
1266 1514 1359 1568 τὸν
1392 1514 1539 1587 ἱερὸν
1587 1515 1840 1569 ’Δπόστο-

244 1597 341 1651 λον
360 1639 374 1663 ,
418 1600 528 1653 οὐδ’
560 1602 653 1655 ἐπὶ
705 1606 819 1669 τοῖς
861 1606 981 1658 κατ’
1028 1606 1257 1677 οὐρανὸν
1308 1605 1388 1659 ἔτι
1421 1605 1693 1678 λαμπροῖς
1740 1606 1835 1661 τοῦ

244 1690 387 1744 Θεοῦ
416 1692 894 1766 δημιουργήμασιν
922 1698 1221 1769 ἱστάμενοι,
1245 1716 1264 1750 ι
1301 1698 1752 1771 Ἐματαιώθησαν
1780 1702 1837 1754 ἐν

241 1786 363 1844 τοῖς
393 1784 766 1857 διαλογισμοῖς
803 1788 1008 1857 αὐτῶν,
1044 1791 1140 1843 καὶ
1179 1790 1466 1861 ἐσκοτίσθη
1510 1792 1544 1862 ἡ
1579 1790 1838 1856 ἀσύνετος

241 1876 431 1929 αὐτῶν
464 1878 682 1949 καρδία.
709 1881 1016 1943 Φάσκοντες
1046 1875 1185 1933 εἶναι
1216 1880 1389 1950 σοφοὶ,
1419 1879 1835 1955 ἐμωράνθησαν,

244 1969 348 2021 καὶ
405 1969 712 2038 ἠλλάξαντο
757 1975 858 2045 τὴν
908 1973 1067 2041 δόξαν
1112 1972 1208 2027 τοῦ
1264 1972 1545 2044 ἀφθάρτου
1592 1972 1729 2027 Θεοῦ
1779 1976 1839 2028 ἐν

244 2060 559 2133 ὁμοιώματι
590 2064 801 2128 εἰκόνος
836 2064 1082 2136 φθαρτοῦ
1110 2064 1422 2138 ἀνθρώπω,
1448 2066 1543 2119 καὶ⁸
1574 2064 1839 2120 πετεινῶν

243 2154 344 2206 καὶ
374 2155 721 2225 τετραπόδων
752 2157 847 2210 καὶ
877 2155 1146 2228 ἑρπετῶν.
1178 2175 1198 2207 ι
1222 2157 1343 2210 Ὅτι
1376 2157 1433 2212 δὲ
1466 2157 1611 2211 κατὰ
1639 2157 1701 2210 τὸ
1730 2173 1838 2211 πα-

242 2244 530 2300 λαιότατον
554 2250 670 2311 τοῖς
695 2248 966 2321 οὐρανίοις
999 2250 1285 2324 φωστῆρσι
1319 2250 1501 2323 μόνοις
1532 2250 1582 2304 οί
1615 2250 1710 2304 ἐπὶ
1726 2250 1839 2321 γῆς

244 2340 609 2408 προσανεῖχον
657 2339 812 2393 οὐδὲν
860 2340 1079 2395 εἴδωλον
1126 2342 1516 2412 ἐπιστάμενοι,
1551 2339 1676 2394 οὔτε
1710 2341 1840 2412 περὶ⁹

238 2429 346 2500 τὴν
372 2429 483 2482 τῶν
511 2428 783 2500 δαιμόνων
818 2431 1027 2503 πλάνην
1058 2433 1475 2505 καταγινόμενοι
1497 2473 1513 2499 ,
1545 2432 1705 2505 ἱκανὴ
1746 2432 1840 2502 γέ-

241 2538 393 2575 νοιτο
426 2522 495 2576 ἂν
535 2523 813 2592 ἀπόδειξις
852 2527 886 2598 ή
922 2525 1031 2579 τῶν
1078 2526 1375 2599 ἀλλοτρίων
1401 2525 1496 2580 τοῦ
1540 2526 1660 2581 καθ’
1692 2527 1840 2598 ἡμᾶς

237 2610 407 2679 λόγου
445 2613 754 2686 μαρτυρία,
784 2616 851 2688 ἦν
883 2615 1027 2671 κατά
1068 2617 1132 2670 τὸ
1184 2617 1399 2686 πρῶτον
1448 2617 1550 2688 τῆς
1597 2621 1838 2687 Προστα-

230 2702 557 2772 ρασκευῆς
597 2705 706 2777 πρὸ
748 2707 847 2778 τῆς
892 2708 1174 2781 παρούσης
1228 2707 1614 2780 πραγματείας
1660 2707 1841 2776 ἐξεϐέ-

243 2812 389 2867 μην,
424 2796 614 2866 σαφῶς
639 2798 953 2867 ἀποδείξας,
991 2803 1074 2856 ὄτι
1110 2802 1185 2873 μὴ
1214 2802 1598 2875 χειροκμήτοις
1629 2800 1839 2869 ξοάνοις

238 2889 304 2955 ἐξ
338 2887 474 2961 ὕλης
508 2889 721 2961 ἀψύχου
749 2892 1306 2968 δεδημιουργημένας
1326 2935 1341 2961 ,
1379 2895 1495 2950 ἀλλ’
1525 2894 1637 2948 οὐδ’
1669 2897 1837 2970 ἀορά-

238 2997 363 3044 τοις
378 2981 631 3053 δαίμοσιν
650 2989 701 3040 oi
722 2986 1044 3042 παλαίτατοι
1065 2988 1180 3061 ,τῶν
1204 2988 1507 3060 ἀνθρώπων
1530 2988 1804 3043 ἐδούλευον
1819 3006 1833 3020 ο

244 3072 435 3141 μόνοις
462 3073 523 3127 δὲ
548 3077 779 3144 τούτοις,
802 3078 852 3131 οἳ
879 3079 976 3133 καὶ
1003 3078 1143 3151 πρὸς
1168 3080 1269 3152 τῆς
1294 3078 1445 3145 θείας
1476 3080 1698 3153 Γραφῆς
1724 3082 1840 3145 τοῖς

1937 581 2174 638 hendam
2224 595 2390 635 manu
2413 579 2570 650 quasi
2614 575 2827 633 nidum.
2869 596 2889 629 ι
2928 575 3058 633 Inde
3084 577 3197 648 jam
3227 576 3320 632 ille
3362 583 3515 645 post.

1935 676 2041 732 hac
2097 691 2196 746 per
2251 688 2496 731 errorem
2520 712 2536 737 ,
2592 672 2649 728 in
2702 684 2895 726 omnes
2929 668 3179 725 homines
3223 666 3515 738 imperium

1937 768 2211 835 obtinuit;
2243 781 2309 822 ac
2354 765 2487 820 mali
2532 764 2810 820 daemones
2844 764 2899 819 in
2937 763 3087 817 omni
3122 761 3265 826 loco,
3297 758 3513 814 et-civi-

1936 868 2070 926 tate,
2125 867 2180 916 et
2229 858 2475 930 regione,
2520 856 2626 913 sub
2653 865 2802 912 certo
2854 854 3105 927 principe
3142 853 3392 925 dispositi
3427 852 3515 907 in-

1938 953 2249 1023 structique
2279 957 2410 1007 sunt
2454 967 2470 1005 :
2520 948 2706 1021 itaque
2740 947 3099 1005 terrestribus
3153 944 3514 1017 potestatibus

1937 1062 2004 1102 ac
2062 1043 2349 1116 spiritibus
2397 1041 2579 1108 malis,
2621 1056 2721 1112 pro
2772 1040 3052 1112 prioribus
3100 1037 3197 1095 Dei
3247 1037 3515 1095 ministris

1937 1135 2118 1193 omnis
2153 1135 2263 1190 vita
2286 1134 2569 1190 hominum
2602 1134 2817 1190 addicta
2841 1139 2947 1197 est,
2976 1130 3235 1186 omnibus
3260 1129 3514 1186 certatim
3627 1190 3632 1195 ,

1938 1242 2005 1284 ac
2055 1228 2284 1299 proclivi
2333 1227 2618 1282 alacritate
2653 1226 2711 1282 in
2746 1226 2960 1281 lubrico
3006 1222 3306 1295 voluptatis
3348 1221 3516 1293 proii-

1938 1318 2230 1382 cientibus,
2259 1319 2397 1373 adeo
2445 1317 2688 1388 quidem,
2739 1325 2800 1371 ut
2823 1315 2933 1386 jam
2973 1322 3186 1369 naturae
3218 1312 3376 1382 160
3404 1319 3516 1366 ter-

1937 1411 2118 1466 minos
2148 1410 2509 1475 transilirent,
2545 1415 2599 1465 et
2638 1409 2804 1464 modo
2833 1423 2893 1464 se
2921 1413 3113 1462 mutuo
3162 1404 3362 1459 ardore
3403 1417 3518 1457 cor-

1938 1510 2277 1573 rumperent,
2306 1501 2469 1557 modo
2493 1516 2613 1572 qua}
2633 1499 2864 1556 dicenda
2891 1513 3001 1554 non
3032 1504 3181 1562 sunt,
3211 1502 3513 1567 patrarent,

1937 1599 1994 1649 et
2042 1608 2166 1665 quae
2214 1609 2285 1649 ne
2323 1593 2655 1665 cogitatione
2694 1590 2916 1663 quidem
2958 1589 3249 1660 concipere
3294 1586 3377 1642 fas
3409 1593 3516 1651 est,

1939 1700 2005 1741 ea
2049 1699 2160 1741 non
2191 1686 2368 1741 solum
2399 1684 2665 1752 facerent,
2718 1698 2906 1739 verum
2941 1682 3109 1739 etiam
3162 1678 3516 1751 opinionibus

1940 1794 2079 1849 quas
2127 1778 2196 1835 de
2235 1779 2342 1834 diis
2384 1778 2502 1835 suis
2531 1777 2829 1845 habebant,
2855 1780 3270 1839 consecrarent,
3305 1772 3519 1842 hocque

1938 1872 2107 1928 etiam
2142 1872 2380 1942 amplius
2416 1879 2676 1942 tanquam
2711 1870 2817 1925 diis
2867 1877 3020 1941 grata
3051 1878 3106 1923 et
3148 1867 3413 1938 jucunda,
3439 1866 3521 1919 la-

1941 1963 2093 2018 sciva
2122 1962 2307 2016 omnia
2328 1976 2454 2017 cum
2487 1960 2702 2018 deliciis
2726 1960 2981 2032 plurimis
3007 1958 3355 2031 perlicerent.
3386 1953 3520 2011 Inde

1935 2053 2071 2126 jam,
2110 2051 2568 2125 quemadmodum
2618 2052 2812 2108 scribit
2858 2065 3015 2109 sacer
3059 2048 3373 2120 Apostolus.
3407 2061 3521 2101 non

1938 2144 2182 2199 contenti
2237 2143 2307 2200 iis
2349 2141 2445 2200 Dei
2498 2143 2760 2214 operibus
2809 2156 2932 2213 quae
2979 2140 3037 2197 in
3088 2139 3231 2196 ctelo
3282 2139 3521 2194 illustria

1940 2246 2089 2301 sunt,
2127 2255 2146 2289 ι
2180 2236 2539 2294 Evanuerunt
2587 2237 2645 2292 in
2677 2232 3107 2309 cogitationibus
3146 2233 3284 2301 suis,
3328 2238 3383 2287 et
3420 2230 3520 2286 ob-

1938 2335 2220 2384 scuratum
2250 2337 2335 2384 est
2362 2328 2632 2400 insipiens
2656 2342 2753 2383 cor
2781 2341 2997 2394 eorum,
3040 2324 3284 2380 dicentes
3311 2336 3370 2377 se
3394 2334 3519 2377 esse

1905 2494 1913 2499 _
1941 2423 2240 2492 sapientes,
2274 2423 2428 2479 stulti
2467 2422 2599 2479 facti
2628 2430 2779 2489 sunt,
2820 2432 2875 2479 et
2902 2426 3254 2477 mutaverunt
3286 2416 3517 2489 gloriam

1938 2514 2375 2586 incorruptibilis
2404 2514 2526 2582 Dei,
2571 2515 2631 2571 in
2681 2512 3041 2571 similitudine
3085 2510 3341 2582 imaginis
3392 2522 3519 2562 cor—

1938 2607 2216 2679 ruptibilis
2246 2607 2507 2674 hominis,
2546 2614 2601 2663 et
2648 2606 2959 2670 volucrum,
2991 2610 3046 2660 et
3076 2586 3518 2674 quadrupedum,

1938 2706 1995 2757 et
2023 2699 2360 2771 serpentium
2388 2702 2457 2757 θ’.
2503 2718 2523 2753 ι
2564 2697 2722 2767 Quod
2744 2704 2926 2753 autem
2952 2693 3356 2767 antiquissimis
3378 2701 3521 2746 tem-

1938 2793 2187 2865 poribus,
2212 2794 2329 2850 sola
2353 2794 2599 2851 ctelestia
2627 2792 2835 2849 lumina
2859 2789 3124 2846 mortales
3151 2784 3519 2848 attenderem,

1939 2900 2119 2957 neque
2145 2886 2259 2941 ulla
2288 2887 2587 2944 simulacra
2634 2887 2855 2958 cognita
2899 2883 3188 2949 haberent,
3237 2893 3417 2950 neque
3458 2876 3521 2932 in

1937 2992 2129 3044 errore
2171 2994 2237 3035 ac
2289 2977 2509 3034 fallacia
2552 2977 2862 3034 daemonum
2890 2979 3265 3038 versarentur,
3301 2968 3522 3025 abunde

1939 3072 2078 3129 satis
2107 3071 2568 3128 demonstraverit
2595 3069 2969 3127 testimonium
2999 3080 3189 3123 eorum
3213 3063 3307 3135 qui
3331 3062 3398 3116 ab
3418 3061 3521 3115 hac

238 3163 460 3219 ἔθνεσιν
505 3167 949 3242 ἀπονενεμῆσθαι
984 3150 1453 3245 μεμαρτύρηνται.
1491 3150 1631 3248 Ὦρα
1746 3169 1838 3229 οὖν
1866 3198 1872 3233 ‹

1939 3163 2154 3219 ratione
2183 3170 2374 3219 nostra
2406 3162 2569 3218 alieni
2599 3169 2729 3218 sunt
2760 3179 2774 3216 :
2810 3158 2957 3230 quod
2990 3159 3048 3212 in
3087 3155 3267 3228 primo
3298 3150 3523 3220 Praepa-

237 3256 342 3310 καὶ
371 3259 555 3324 αὐτοῖς
580 3261 857 3333 Ἕλλησιν,
884 3257 960 3318 ὧν
980 3264 1081 3329 τὰς
1106 3266 1288 3335 φωνὰς
1315 3268 1372 3321 ἐν
1406 3267 1635 3331 ἐκείνοις
1662 3283 1837 3339 παρα-

237 3347 521 3419 τέθειμαι,
545 3352 947 3424 συνομολογεῖν,
971 3356 1244 3429 νεωτέραν
1265 3358 1360 3411 καὶ
1393 3356 1549 3428 ξένην
1577 3358 1707 3430 περὶ
1732 3358 1835 3430 τὴν

236 3440 356 3494 τῶν
380 3442 626 3497 παλαιῶν
653 3444 906 3517 λατρείαν
931 3448 1183 3519 είσῆχθαι
1213 3450 1398 3513 αὐτοῖς
1421 3449 1520 3521 τὴν
1547 3449 1656 3504 τῶν
1681 3448 1838 3504 εἰδώ-

234 3532 357 3586 λων
389 3533 814 3609 δεισιδαιμονίαν
854 3540 950 3593 καὶ
980 3541 1081 3613 τὴν
1110 3542 1221 3597 τῶν
1250 3542 1473 3613 ἀφανῶν
1510 3543 1838 3615 πνευμάτων

238 3628 593 3699 περιεργίαν.
631 3631 803 3686 Τοῦτο
835 3633 893 3687 δέ
923 3634 1033 3687 πᾶν
1065 3634 1432 3689 ἐπιϐουλεύων
1463 3638 1577 3700 τοῖς
1607 3636 1701 3689 ἐπὶ
1736 3638 1839 3708 γῆς

237 3721 415 3772 πᾶσιν
456 3719 766 3792 όδηλωθεὶς
803 3723 1072 3795 θεομάχος
1111 3724 1417 3796 εἰργάζετο.
1461 3726 1731 3798 Συνήργει
1781 3726 1839 3781 δὲ

236 3810 396 3882 αύτῷ
427 3811 523 3864 καί
560 3814 670 3867 πᾶν
702 3813 766 3866 τὸ
810 3814 921 3868 τῶν
966 3815 1295 3889 ἀκαθάρτων
1333 3816 1603 3887 δαιμόνων
1651 3816 1835 3888 φῦλον.

236 3902 420 3966 Αὐτός
451 3919 518 3972 γε
563 3904 670 3975 μὴν
699 3905 730 3957 ό
755 3905 858 3977 τῆς
887 3908 1085 3972 κακίας
1124 3910 1370 3981 ἐξάρχων
1418 3910 1571 3964 ταῦτ’
1602 3908 1838 3982 ἔπραττε

244 3993 421 4065 μανίᾳ.
450 3998 800 4068 φρονήματος
848 4000 1080 4054 ἐκτόπου
1100 4041 1115 4066 ,
1149 4001 1253 4066 τὰς
1299 4003 1441 4056 κατὰ
1480 4001 1700 4057 πάντων
1740 4003 1838 4057 ἀν-

242 4087 486 4159 θρώπων
517 4088 665 4160 ἔργῳ
704 4090 929 4163 πληρῶν
970 4092 1228 4158 ἀπειλὰς,
1272 4094 1367 4149 καὶ
1398 4096 1527 4168 τήν·
1557 4115 1576 4148 ι
1604 4097 1839 4167 Ἔσομαι

238 4180 435 4249 ὅμοιος
473 4180 553 4252 τῷ
587 4181 848 4254 Ὑψίστῳ,
881 4202 901 4234 ο
944 4184 1103 4239 ἄθεον
1151 4185 1437 4240 ἐπιτείνων
1468 4186 1685 4259 φωνὴν,
1718 4189 1838 4251 ταῖς

237 4284 304 4320 τε
331 4265 448 4322 τῶν
490 4269 819 4341 ἀκαθάρτων
864 4272 959 4325 καὶ
1006 4272 1259 4345 πονηρῶν
1305 4273 1577 4346 δαιμόνων
1626 4276 1838 4347 ὑπηρε-

241 4356 415 4422 σίαις,
450 4362 735 4431 χρησμοὺς
770 4362 869 4415 καί
897 4360 1213 4432 θεραπείας,
1241 4364 1337 4417 καὶ
1372 4362 1444 4417 τὰ
1464 4363 1688 4419 τοιαῦτα
1718 4368 1839 4430 ταῖς

237 4448 355 4502 τῶν
378 4449 685 4521 ἀνθρώπων
714 4452 992 4524 γοητείαις
1029 4455 1444 4527 προϊσχόμενος.

1938 3255 2189 3321 rationis,
2225 3263 2353 3310 ante
2381 3254 2488 3309 hoc
2533 3254 2717 3325 ipsum
2762 3267 2903 3324 opus
2951 3248 3202 3321 exposui,
3236 3244 3328 3301 ubi
3360 3244 3521 3314 plane

1936 3347 2308 3405 demonstravi
2342 3362 2454 3403 non
2500 3361 2669 3400 manu
2718 3343 3015 3401 elaboratis
3046 3339 3241 3412 signis,
3278 3351 3403 3408 qua:
3453 3350 3521 3390 cx

1939 3440 2186 3497 inanima
2233 3439 2418 3511 aliqua
2452 3438 2682 3494 materia
2733 3436 2839 3508 ipsi
2888 3433 3279 3499 fabricassent,
3337 3442 3401 3482 ac
3450 3440 3523 3481 ne

1938 3528 2279 3585 daemonibus
2315 3527 2536 3598 quidem
2595 3526 2776 3583 visum
2829 3532 3081 3581 nostrum
3134 3517 3523 3591 cil‘ugientibus

1938 3622 2359 3695 antiquissimos
2388 3620 2638 3677 homines
2669 3618 2877 3677 servire
2911 3616 3128 3680 solitos,
3162 3615 3261 3670 sed
3296 3614 3406 3669 illis
3431 3628 3522 3668 so-
3612 3636 3619 3645 -

1938 3716 2007 3772 lis
2042 3730 2182 3786 quos
2216 3712 2470 3786 gentibus
2501 3710 2830 3767 distributos
2858 3707 3031 3764 fuisse
3078 3706 3278 3762 divinae
3325 3705 3523 3759 litterae

1936 3805 2229 3862 afﬁrmant.
2260 3803 2442 3871 Quare
2464 3802 2579 3874 jam
2609 3808 2830 3872 tempus
2871 3806 2979 3865 est,
3006 3806 3064 3853 ut
3094 3796 3267 3852 Graeci
3302 3809 3522 3867 quoque

1938 3899 2067 3970 ipsi,
2104 3912 2342 3970 quorum
2371 3910 2538 3951 voces
2567 3894 2680 3948 illic
2714 3892 2967 3963 exposui,
3019 3888 3296 3944 fateantur
3329 3901 3520 3942 recen-

1937 3991 2134 4046 tiorem
2171 4004 2237 4045 ac
2272 3988 2647 4059 peregrinam,
2677 3986 3024 4054 alienamque
3052 3997 3084 4035 a
3111 3981 3377 4051 religione
3419 3993 3520 4032 an-

1937 4084 2242 4156 tiquorum,
2274 4080 2646 4136 introductam
2683 4093 2808 4135 esse
2833 4078 2902 4132 ab
2929 4074 3067 4147 ipsis
3094 4072 3519 4129 simulacrorum

1938 4175 2407 4249 superstitionem,
2443 4182 2497 4229 et
2517 4172 2698 4228 visum
2732 4177 2983 4226 nostrum
3006 4165 3383 4238 effugientium
3407 4163 3520 4235 spi-

1937 4270 2144 4325 rituum
2173 4264 2506 4338 superfluam
2546 4261 2972 4320 observantiam.
3033 4258 3092 4314 ld
3145 4264 3327 4312 autem
3356 4271 3521 4311 omne

1938 4362 2054 4428 ille,
2085 4361 2153 4417 de
2174 4375 2287 4430 quo
2335 4358 2544 4412 dictum
2588 4364 2695 4419 est,
2742 4352 2838 4408 Dei
2873 4351 3151 4415 inimicus,
3178 4350 3311 4405 dum
3341 4349 3523 4402 omni-

1862 4452 1914 4510 D
1940 4458 2067 4522 bus,
2100 4454 2195 4526 qui
2226 4453 2283 4507 in
2314 4461 2463 4506 terra
2498 4454 2650 4511 sunt,
2684 4446 2917 4502 insidias
2961 4443 3112 4509 facit,
3161 4442 3386 4497 molitus
3412 4448 3518 4496 est.

238 4537 559 4607 Adiuvabat
588 4548 772 4597 autem
806 4543 962 4598 illum
1011 4558 1176 4600 omne
1221 4545 1566 4615 impurorum
1618 4544 1927 4603 daemonum
1954 4561 2148 4618 genus.
2191 4543 2263 4597 At
2312 4555 2443 4597 vero
2486 4540 2605 4610 ipse
2644 4536 2867 4591 malitiae
2929 4535 3188 4609 princeps
3256 4534 3373 4588 haac
3429 4530 3515 4585 fa-

239 4632 450 4695 ciebat,
502 4635 742 4691 amentia
777 4637 1034 4694 immensi
1067 4637 1245 4696 fastus
1272 4640 1568 4709 adductus,
1610 4649 1668 4696 ut
1696 4658 1818 4713 quae
1856 4643 2075 4698 cunctis
2105 4637 2423 4695 hominibus
2491 4634 2734 4689 minatus
2793 4630 2973 4687 fuerat
3005 4645 3066 4687 re
3110 4630 3230 4700 ipsa
3283 4626 3522 4697 comple-

237 4735 350 4790 ret,
420 4741 489 4780 ac
549 4726 820 4781 nefariam
872 4729 1019 4783 illam
1050 4744 1263 4797 vocem,
1308 4749 1328 4784 ι
1369 4730 1481 4787 Ero
1507 4733 1704 4789 similis
1744 4732 2051 4798 Altissimo,
2089 4751 2109 4785 ι
2148 4728 2526 4786 vehementius
2574 4724 2904 4788 intenderet,
2948 4731 3111 4794 atque
3151 4722 3518 4791 impurorum.

238 4817 629 4887 malorumque
648 4818 957 4875 daemonum
983 4821 1328 4888 ministeriis,
1359 4823 1586 4878 oracula
1642 4830 1699 4879 et
1739 4824 1922 4882 cultus
1975 4832 2032 4881 et
2099 4823 2206 4878 alia
2270 4818 2565 4892 ejusmodi,
2606 4816 2900 4889 praestigiis
2947 4828 3013 4869 ac
3058 4811 3294 4868 fallaciis
3342 4811 3523 4867 homi-

236 4927 377 4966 num
406 4910 691 4980 obiiceret.

248 5118 349 5184 Ὡς
381 5119 721 5200 ἀναγκαίως
749 5124 804 5200 ,ό
836 5124 1171 5200 μονογενὴς
1206 5126 1338 5194 Υἱὸς
1373 5129 1500 5200 τοῦ,
1533 5128 1681 5185 Θεοῦ
1722 5130 1837 5200 τὴν

457 5192 546 5256 είς
576 5190 928 5259 ἀνθρώπους
962 5190 1288 5263 ἐποιήσατο
1311 5190 1604 5268 πάροδον.

325 5280 421 5333 Ἐν
451 5281 691 5354 τοσαύτῃ
724 5283 861 5354 δῆτα
900 5288 1099 5352 κακίας
1136 5291 1279 5361 φορᾷ
1324 5291 1491 5361 μηδὲν
1530 5292 1834 5363 ἐπαμύνειν

2595 5024 2749 5097 161
2793 5021 2866 5078 Χ·

2492 5118 2786 5173 necessario
2831 5115 3018 5169 unicus
3060 5112 3163 5168 Dei
3203 5111 3381 5168 Filius
3412 5111 3482 5166 ad

2470 5191 2702 5244 homines
2748 5187 2983 5241 transiit.

2009 5289 2149 5344 Cum
2181 5287 2348 5357 igitur
2377 5283 2432 5337 in
2463 5289 2616 5337 tanto
2645 5281 2868 5336 malitiae
2900 5285 3203 5350 proventu,
3238 5277 3334 5348 qui
3365 5277 3519 5347 prius

1985 5122 2439 5195 Quemadmodum

231 5372 350 5427 τῶν
370 5372 506 5445 πρὶν
530 5374 852 5444 ἐφεστώτων
876 5378 1121 5446 ἀγγέλων
1150 5382 1266 5444 τοῖς
1298 5382 1629 5454 ὑποχειρίοις
1651 5383 1829 5439 ἔθνεσι

1940 5379 2120 5452 angeli
2148 5376 2387 5449 prafecti
2406 5375 2672 5447 gentibus
2702 5373 2941 5435 fuerant,
2968 5370 3105 5425 nihil
3136 5370 3253 5426 suis
3285 5371 3520 5440 quisque

231 5463 638 5536 δεδυνημένων,
680 5466 818 5520 ἀλλά
848 5468 945 5538 τῆς
980 5470 1077 5539 μὲν
1102 5469 1295 5542 λοιπῆς
1324 5471 1553 5537 κτίσεως
1578 5473 1833 5545 ἐπιμελο-

1939 5472 2131 5529 auxilii
2157 5472 2300 5527 ferre
2322 5478 2569 5542 possent,
2593 5482 2656 5522 ac
2674 5466 2946 5536 reliquum
2971 5464 3191 5545 quidem
3217 5478 3369 5534 opus.
3385 5479 3519 5517 con-

235 5556 447 5624 μένων,
492 5561 606 5620 τοῖς
646 5575 705 5612 τε
741 5558 837 5613 τοῦ
883 5562 1087 5633 κόσμου
1122 5563 1345 5634 μέρεσιν
1374 5565 1829 5631 ἐπιστατούντων,

1939 5564 2136 5621 ditoris
2186 5563 2284 5619 Dei
2344 5566 2634 5625 curarent,
2690 5559 2965 5628 certisque
3023 5540 3214 5614 mundi
3273 5558 3521 5628 partibus

231 5646 334 5698 καὶ
358 5645 437 5717 τῷ
458 5646 553 5711 τοῦ
577 5648 797 5703 πάντων
820 5649 1153 5725 δημιουργοῦ
1177 5654 1313 5709 Θεοῦ
1337 5654 1567 5726 νεύματι
1590 5656 1832 5730 συνήθως

1941 5664 2261 5729 praeessent,
2309 5663 2475 5726 atque
2503 5653 2746 5710 omnium
2781 5651 2961 5723 opitiri
2993 5650 3127 5720 Deo,
3163 5650 3229 5706 de
3264 5664 3415 5705 more
3450 5648 3520 5703 ad

311 5802 360 5834 ”
388 5798 551 5859 Rom.
592 5820 629 5870 ι,
663 5803 853 5862 21-25.
