3846 6218
353 352 460 408 275

1029 351 1303 409 EUSEBII
1340 352 1822 411 CESARIENSIS
1859 352 2010 411 OPP.
2048 353 2251 413 PARS.
2284 355 2307 410 Ι
2347 386 2417 396 -
2451 352 2957 430 APOLOGETICA.

3510 351 3619 412 ετ

357 477 554 524 nutum
581 474 786 539 praesto
813 475 1020 538 essent,
1048 471 1364 526 mortalium
1392 485 1523 527 vero
1550 471 1764 525 ruinam
1796 486 1900 527 neu

2039 470 2496 543 διακονουμένων,
2529 472 2629 544 τῆς
2656 471 2715 526 δὲ
2741 474 2850 527 τῶν
2883 472 3095 546 θνητῶν
3128 472 3388 539 πτώσεως
3425 474 3489 529 ού
3521 494 3620 530 πε-

357 565 567 634 tiquam
601 561 1093 634 apprehenderent,
1128 570 1350 634 propter
1382 562 1628 633 ipsorum
1651 562 1936 617 hominum

359 655 415 710 in
457 655 619 712 malis
651 654 915 727 eligendis
960 656 1187 711 liberam
1237 662 1587 726 potestatem,
1641 655 1936 710 diuturnus

359 747 582 818 quidam
617 756 782 817 atque
818 748 1236 805 immedicabilis
1267 764 1483 813 omnes,
1506 749 1600 819 qui
1629 755 1833 803 terram
1859 749 1939 803 in-

356 842 601 897 colerent
650 829 967 913 possidebat
1023 842 1271 905 morbus,
1340 850 1639 913 gentesque
1696 842 1935 899 stimulis

355 934 491 989 alias
522 934 668 1000 aliis,
714 935 839 989 mali
886 934 1113 1005 spiritus
1153 936 1211 991 in
1242 934 1413 991 furias
1446 935 1701 1006 agebant,
1732 936 1933 1005 quibus

354 1025 463 1080 illa:
496 1027 711 1096 agitatae
750 1027 804 1081 in
829 1027 1161 1097 profundum
1190 1027 1515 1084 insanabilis
1558 1027 1781 1082 malitiae
1812 1027 1934 1082 vol-

355 1119 639 1174 vebantur.
664 1119 783 1176 Jam
804 1121 948 1176 enim
970 1121 1193 1191 quidam
1220 1138 1372 1178 more
1389 1122 1719 1185 belluarum,
1742 1136 1864 1192 qua:
1878 1129 1933 1177 et

350 1211 554 1267 crudas
591 1219 645 1267 et
680 1212 949 1270 humanas
981 1228 1177 1272 carnes
1210 1215 1474 1272 devorare
1504 1223 1929 1279 consueverunt,

348 1304 498 1360 vesci
528 1306 981 1363 charissimorum
1017 1309 1121 1363 sibi
1146 1310 1405 1365 carnibus
1430 1309 1718 1380 pulchrum
1742 1310 1934 1365 existi-

348 1398 593 1463 mabant,
636 1402 897 1470 omnique
937 1402 1146 1473 pudore
1188 1402 1421 1472 abjecto,
1461 1410 1517 1459 et
1552 1403 1842 1467 matribus,
1877 1410 1931 1458 et

346 1491 648 1557 sororibus,
691 1502 747 1549 et
789 1495 1003 1551 filiabus
1049 1496 1426 1560 commisceri,
1474 1502 1638 1566 atque
1684 1510 1780 1552 eos
1834 1499 1929 1567 qui

345 1585 766 1641 consenuissent
828 1588 1204 1658 strangulare,
1270 1594 1325 1643 et
1394 1596 1641 1644 mortuos
1701 1588 1930 1644 canibus

342 1676 767 1748 volucribusque
816 1678 1104 1749 projicere.
1158 1678 1277 1734 Jam
1314 1695 1442 1736 vero
1472 1679 1604 1751 quid
1650 1679 1750 1736 tibi
1779 1696 1930 1735 com-

341 1786 668 1835 memorem,
730 1783 786 1827 et
842 1772 1080 1829 maxime
1140 1772 1401 1840 deorum,
1442 1772 1686 1842 ipsorum
1744 1776 1929 1843 utique

2041 564 2480 636 ριδρασσομένων
2507 565 2594 620 διὰ
2620 565 2719 638 τὴν
2753 565 2861 620 τῶν
2893 566 3077 621 κακῶν
3121 566 3477 622 αὐθεκούσιον
3511 570 3619 622 τῶν

2038 655 2338 728 ἀνθρώπων
2366 657 2597 731 αἵρεσιν,
2629 658 2816 731 μακρά
2837 676 2923 722 τις
2941 659 3037 713 καὶ
3057 658 3488 731 δυσθεράπευτος
3509 662 3618 715 τῶν

2036 748 2130 800 ἐπὶ
2152 750 2253 819 γῆς
2274 750 2530 804 ἁπάντων
2556 752 2883 823 κατεκράτει
2909 753 3085 816 νόσος,
3112 752 3286 807 ἄλλων
3310 751 3485 815 άλλως
3507 752 3615 806 τῶν

2038 839 2206 894 ἐθνῶν
2239 841 2343 895 ὑπὸ
2366 841 2475 896 τῶν
2498 842 2752 915 πονηρῶν
2778 844 3101 915 πνευμάτων
3130 843 3406 915 ἐξοιστρου
3414 844 3613 913 μένων,

2036 934 2130 988 καὶ
2155 936 2235 998 είς
2267 936 2561 1007 ἀνήκεστον
2592 935 2751 1006 βυθὸν
2773 938 2971 1001 κακίας
3004 936 3441 990 ἀποπιπτὸντων.
3472 935 3609 1006 Ἤδη

2034 1024 2164 1094 γοῦν
2205 1026 2516 1097 ὼμοφάγων
2558 1027 2653 1081 καὶ
2693 1027 3125 1102 ἀνθρωποὸόρων
3168 1026 3374 1099 θηρίων
3411 1026 3612 1098 τρόπον

2036 1119 2244 1190 σάρκας
2269 1118 2415 1182 τινὲς
2436 1119 2544 1174 τῶν
2569 1120 2843 1190 φιλτάτων
2864 1120 3142 1175 θοινᾶσθαι
3164 1120 3328 1175 καλὸν
3354 1118 3611 1191 ἡγοῦντο,

2032 1210 2127 1261 καὶ
2162 1210 2429 1283 μητράσιν
2466 1212 2713 1285 ἀναίδην,
2754 1212 2850 1267 καὶ
2876 1212 3152 1281 ἀδελφαῖς,
3184 1213 3278 1266 καὶ
3308 1211 3613 1284 θυγατράσι

2035 1304 2349 1374 μίγνυσθαι,
2378 1304 2581 1376 ἀγχόνῃ
2614 1322 2675 1359 τε
2699 1304 3043 1378 περιϐάλλειν
3061 1305 3188 1368 τοὺς
3209 1306 3610 1378 γεγηρακότας,

2032 1396 2124 1449 καὶ
2148 1396 2276 1449 κυσὶ
2306 1397 2399 1450 καὶ
2429 1398 2638 1461 οἰωνοῖς
2661 1398 2786 1462 τοὺς
2811 1397 3057 1470 νεκρούς.
3092 1397 3157 1450 Τί
3188 1397 3251 1469 δή
3282 1414 3365 1450 σοι
3401 1415 3613 1470 μνημο-

2030 1487 2329 1559 νευσαίμην
2365 1488 2475 1542 τῶν
2505 1488 2666 1560 δῆθεν
2701 1488 2860 1553 θεῶν,
2907 1489 3087 1544 αὐτῶν
3128 1490 3193 1562 δὴ
3236 1490 3350 1543 τῶν
3388 1492 3609 1560 φαύλων

2028 1578 2315 1650 δαιμόνων,
2336 1578 2436 1643 τὰς
2459 1579 2616 1651 ὠμὰς
2631 1581 2724 1634 καὶ
2746 1580 3011 1645 ἐκτόπους
3027 1580 3499 1654 ἀνθρωποθυσίας,
3528 1586 3611 1647 εἰς

2027 1670 2095 1736 ἃς
2121 1672 2182 1726 τὸ
2215 1672 2550 1745 ἀνθρώπειον
2589 1673 2746 1742 γένος
2786 1673 3084 1746 ἐξέμηνανς
3120 1675 3230 1729 Καὶ
3262 1675 3433 1729 ταῦτα
3474 1675 3609 1745 γοῦν

2028 1768 2088 1821 ἐν
2134 1769 2246 1831 τοῖς
2281 1766 2715 1839 προηγουμένοις
2751 1767 2854 1837 τῆς
2896 1768 3036 1839 μετὰ
3072 1771 3258 1839 χεῖρας
3297 1768 3609 1832 ὑποθέσεως

340 1863 607 1918 malorum
643 1865 975 1928 daemonum,
1013 1866 1162 1919 omni
1192 1864 1512 1920 crudelitate
1543 1870 1706 1935 atque
1738 1864 1907 1918 immal

2029 1858 2659 1930 προπαρεσκευασάμην.
2691 1858 2850 1913 Ἀλλά
2868 1857 2976 1931 γὰρ
3001 1857 3267 1912 τοσούτων
3286 1858 3475 1911 κακῶν
3499 1858 3608 1913 ὑπὸ

340 1955 513 2010 nitate
553 1955 785 2013 refertas
823 1957 1089 2013 humanas
1124 1958 1408 2022 victimas,
1457 1956 1513 2012 in
1545 1972 1684 2027 quas
1721 1956 1917 2011 huma-

339 2062 470 2100 num
493 2063 665 2117 genus
704 2049 949 2104 insanire
982 2050 1305 2121 coegerant?
1353 2048 1481 2105 Haec
1533 2051 1700 2121 igitur
1740 2050 1797 2105 in
1827 2050 1917 2112 iis,

340 2153 463 2207 qua:
491 2155 632 2210 opus
666 2141 767 2196 hoc
790 2150 1205 2198 antecesserunt
1229 2143 1375 2214 quod
1403 2159 1557 2199 nunc
1578 2146 1632 2199 in
1663 2144 1917 2200 manibus

338 2238 443 2294 est,
485 2231 601 2301 ipse
633 2235 954 2304 prmparavi.
985 2234 1201 2290 Etenim
1233 2251 1358 2290 cum
1385 2243 1464 2291 tot
1494 2237 1636 2291 mala
1665 2250 1697 2290 a
1731 2236 1918 2307 perni-

335 2323 505 2380 ciosis
533 2334 587 2379 et
614 2327 801 2396 pravis
833 2328 1140 2399 spiritibus,
1177 2344 1397 2385 necnon
1429 2330 1498 2386 ab
1525 2346 1611 2395 eo,
1642 2331 1738 2401 qui
1764 2331 1819 2385 in
1848 2330 1915 2388 iis

332 2418 505 2474 totius
530 2419 681 2475 orbis
696 2421 1047 2492 tyrannidem
1068 2431 1389 2493 occuparat,
1409 2422 1691 2492 proposita
1706 2432 1912 2490 essent,

333 2509 627 2580 nullusque
666 2526 857 2566 eorum
904 2512 1224 2582 angelorum
1257 2512 1352 2582 qui
1386 2511 1627 2582 praefecti
1670 2512 1910 2581 fuerant,

331 2604 490 2659 malis
538 2603 828 2659 subvenire
881 2612 1028 2660 esset
1079 2605 1339 2670 idoneus,
1390 2606 1586 2661 merito
1629 2606 1763 2661 illud
1816 2606 1913 2662 Dei

334 2695 593 2762 Verbum,
628 2696 719 2750 ille
749 2694 1001 2752 Salvator
1023 2699 1287 2764 universi,
1311 2699 1539 2755 salutari
1566 2706 1705 2755 nutu
1728 2698 1910 2758 Patris

330 2789 424 2859 qni
448 2789 673 2844 humani
694 2789 914 2861 generis
939 2800 1022 2846 est
1042 2790 1475 2855 amantissimus,
1504 2807 1572 2847 ne
1601 2791 1705 2847 hoc
1730 2793 1908 2864 ipsum

331 2883 408 2937 illi
434 2890 543 2938 tam
574 2882 802 2937 charum
835 2899 1032 2954 genus,
1064 2884 1120 2938 in
1152 2883 1451 2954 impietatis
1482 2884 1757 2955 profundo
1786 2901 1911 2941 ver-

327 2985 566 3039 saretur,
592 2984 752 3029 antea
790 2975 1008 3045 quidem
1042 2977 1272 3048 exiguos
1297 2976 1585 3047 quosdam,
1621 2984 1785 3047 atque
1812 2978 1910 3033 ob-

322 3084 519 3125 scuros
535 3070 769 3139 propria:
788 3070 928 3125 lucis
947 3069 1152 3135 radios,
1178 3085 1274 3141 per
1299 3068 1617 3142 prophetam
1643 3068 1905 3140 Moysem,

323 3177 535 3233 perque
564 3175 659 3217 eos
688 3161 785 3215 Dei
812 3161 1021 3217 amicos
1049 3162 1220 3226 viros,
1252 3162 1346 3232 qui
1378 3170 1432 3217 et
1472 3170 1599 3218 ante
1637 3162 1814 3227 illum,
1849 3169 1904 3218 et
1948 3188 1957 3198 -

323 3263 450 3325 post
491 3254 644 3308 illum
677 3254 1004 3317 floruerunt,
1049 3253 1253 3317 emisit,
1286 3253 1367 3309 sic
1397 3257 1587 3325 utique
1615 3246 1905 3308 hominum
1930 3280 1971 3338 ο

320 3348 483 3403 malis
514 3344 840 3414 remedium,
876 3346 933 3400 in
970 3346 1335 3401 sacrosanctis
1379 3345 1593 3418 legibus
1643 3345 1898 3402 afferens.

318 3438 562 3493 Proinde
591 3438 673 3494 sic
702 3439 864 3510 plane
898 3438 1077 3507 ipsum
1125 3435 1220 3492 Dei
1258 3436 1517 3503 Verbum,
1560 3437 1630 3493 ad
1672 3437 1905 3495 Hebrai-

319 3547 439 3588 cam
468 3537 684 3603 gentem
720 3529 875 3597 dicit,
923 3530 1015 3585 ubi
1068 3545 1164 3600 per
1208 3528 1447 3601 Moysem
1469 3531 1627 3601 leges
1666 3531 1745 3585 illi
1782 3529 1899 3595 dat,

230 3614 240 3623 ’
322 3618 483 3690 162
531 3604 881 3674 «secundum
935 3617 1188 3672 instituta
1224 3625 1383 3673 terrae
1414 3617 1637 3690 Egypti
1687 3619 1744 3674 in
1791 3634 1901 3690 qua

321 3710 634 3775 habitastis,
691 3724 802 3763 non
854 3707 1067 3763 facietis
1119 3726 1133 3763 :
1179 3714 1234 3763 et
1292 3708 1594 3763 secundum
1645 3708 1900 3764 instituta

317 3808 479 3854 terra:
505 3800 763 3855 Chanaan
790 3839 805 3863 ,
839 3798 907 3853 ad
937 3813 1099 3869 quam
1133 3813 1234 3868 ego
1268 3798 1610 3854 introducam
1641 3815 1759 3863 vos,
1788 3816 1899 3855 non

318 3889 536 3945 facietis
577 3909 594 3945 :
636 3901 692 3945 et
740 3889 795 3943 in
832 3889 1041 3959 legibus
1089 3887 1307 3942 illorum
1362 3903 1473 3945 non
1521 3890 1894 3946 ambulabitis.

315 3980 530 4037 Judicia
563 3995 682 4036 mea
716 3979 954 4044 facietis,
992 3988 1048 4035 et
1087 3989 1356 4050 praecepta
1395 3996 1515 4036 mea
1554 3983 1846 4038 servabitis
1878 4002 1893 4038 :

313 4089 416 4145 ego
452 4089 574 4129 sum
606 4072 871 4128 Dominus
905 4071 1052 4128 Deus
1076 4079 1258 4127 vester
1281 4072 1323 4128 ί.
1362 4090 1383 4123 ›
1420 4071 1627 4130 Deinde
1664 4075 1755 4129 ubi
1777 4091 1897 4129 om-

319 4166 412 4219 nia
440 4162 744 4227 interdixit,
776 4170 831 4219 et
862 4160 1118 4217 infandas
1157 4163 1401 4233 nuptias,
1445 4172 1498 4218 et
1524 4178 1687 4220 omne
1716 4165 1896 4236 impu-

314 4257 500 4311 dicum
543 4255 781 4319 facinus,
814 4269 887 4337 ne
918 4252 1135 4309 feminae
1194 4269 1320 4309 cum
1364 4253 1605 4321 feminis,
1647 4271 1895 4315 maresve

311 4364 437 4405 cum
474 4346 720 4401 maribus
759 4346 1142 4411 miscerentur,
1181 4345 1426 4417 adjungit
1462 4366 1475 4401 :
1512 4365 1531 4397 ι
1566 4346 1645 4403 Ne
1677 4349 1892 4419 pollua-

309 4444 447 4498 mini
482 4443 536 4497 in
568 4437 825 4498 omnibus
855 4442 963 4497 his.
993 4441 1131 4495 Nam
1170 4442 1224 4495 in
1258 4441 1518 4497 omnibus
1550 4441 1637 4497 bis
1671 4443 1891 4512 polluta:

311 4543 442 4591 sunt
473 4543 686 4606 gentes,
727 4550 867 4605 quas
911 4549 1013 4605 ego
1042 4534 1307 4604 expellam
1343 4549 1373 4588 a
1404 4533 1543 4589 facie
1568 4542 1753 4590 vestra
1785 4554 1799 4590 :
1834 4543 1892 4590 et

2023 1951 2133 2005 τῶν
2153 1950 2371 2020 φαύλων
2396 1950 2491 2003 καὶ
2519 1949 2629 2004 τῶν
2659 1949 2949 2023 μοχθηρῶν
2976 1949 3323 2022 πνευμάτων,
3353 1948 3448 2003 τοῦ
3476 1951 3525 2001 τ’
3547 1952 3608 2003 ἐν

2020 2043 2232 2107 τούτοις
2262 2044 2551 2115 τυράννου,
2589 2042 2711 2097 καθ’
2745 2042 2874 2115 ὅλης
2909 2044 3011 2114 τῆς
3041 2043 3365 2114 οἰκουμένης
3403 2041 3605 2114 προδε-

2020 2134 2120 2205 ὅλη
2129 2134 2335 2205 μένων,
2363 2135 2455 2188 καὶ
2487 2133 2715 2206 μηδενὸς
2736 2133 2843 2187 τῶν
2867 2133 3188 2203 ἐφεστώτων
3213 2132 3459 2202 ἀγγέλων
3489 2132 3606 2186 οἴου

2018 2244 2076 2282 τε
2108 2227 2261 2292 ὄντος
2297 2230 2411 2290 τοῖς
2459 2229 2647 2290 κακοῖς
2679 2226 3002 2297 ἐπαμύνειν,
3047 2226 3273 2292 εἰκότως
3320 2229 3529 2290 ἐκεῖνος
3573 2228 3605 2281 6

2017 2319 2151 2385 Θεδς
2179 2322 2372 2391 Λόγος,
2407 2321 2436 2374 6
2469 2319 2577 2375 τῶν
2602 2319 2740 2374 ὅλων
2767 2320 2981 2392 Σωτὴρ,
3022 2320 3212 2392 ἀγαθῷ
3243 2323 3475 2393 νεύματι
3501 2320 3602 2390 τῆς

2015 2412 2110 2467 τοῦ
2152 2414 2367 2485 Πατρὸς
2403 2411 2831 2484 φιλανθρωπίας,
2862 2413 2938 2477 ὼς
2965 2412 3032 2467 ἃν
3072 2414 3145 2484 μὴ
3180 2412 3242 2467 τὸ
3271 2414 3425 2483 φίλον
3452 2414 3611 2483 αὐτῷ

2015 2503 2171 2573 γένος
2192 2506 2250 2558 ἐν
2271 2503 2526 2567 ἀσεϐείας
2552 2502 2697 2573 βυθῷ
2716 2502 3035 2568 καλινδοῖτο,
3059 2503 3197 2569 τέως
3223 2504 3322 2575 μὲν
3340 2504 3602 2576 βραχείας

2014 2597 2167 2662 τινὰς
2196 2598 2291 2651 καὶ
2329 2596 2577 2671 ἀμυδρὰς
2601 2596 2694 2651 τοῦ
2724 2596 2855 2650 ἰδίου
2886 2598 3063 2665 φωτὸς
3083 2597 3328 2662 ἀκτῖνας,
3350 2596 3442 2651 διὰ
3468 2614 3605 2671 προ-

2014 2692 2183 2762 φήτου
2199 2691 2499 2755 Μωῡσέως,
2517 2689 2626 2743 τῶν
2649 2706 2707 2742 τε
2732 2689 2837 2761 πρὸ
2858 2688 3024 2742 αὐτοῦ
3049 2689 3271 2743 καὶτῶν
3297 2690 3413 2760 μετ’
3436 2690 3603 2744 αὑτὸν

2013 2782 2277 2853 θεοφιλῶν
2300 2781 2509 2854 ἀνδρῶν
2537 2781 2835 2851 ἐξέλαμπε,
2858 2782 2969 2835 τῶν
2992 2782 3050 2835 ἐν
3076 2779 3389 2852 ἀνθρώποις
3412 2781 3602 2835 κακῶν

2010 2873 2109 2945 τὴν
2140 2874 2283 2927 ἴασιν
2313 2875 2372 2927 ἐν
2409 2876 2531 2937 ταῖς
2559 2875 2733 2944 ἱεραῖς
2764 2873 3108 2947 νομοθεσίαις
3134 2872 3605 2945 προϐαλλόμενος..

2011 2968 2175 3036 Λέγει
2203 2967 2247 3021 δ’
2278 2962 2371 3021 οὖν
2414 2967 2671 3041 ἄντικρυς
2712 2967 2874 3031 αὐτὸς
2913 2968 2942 3020 6
2978 2967 3151 3035 Λόγος
3191 2965 3270 3036 τῷ
3328 2966 3611 3037 Ἐϐραίων

2010 3059 2153 3115 ἔθνει
2179 3059 2484 3133 νομοθετῶν
2518 3059 2607 3112 διὰ
2638 3059 2936 3123 Μωῦσέως·
2971 3077 2991 3111 ι
3023 3057 3182 3113 Κατά
3209 3057 3278 3111 τὰ
3308 3057 3603 3129 ἐπιτηδεύ-

2014 3171 2160 3225 ματα
2182 3154 2279 3225 τῆς
2303 3153 2408 3223 γῆς
2430 3152 2732 3222 Αἰγύπτου,
2763 3153 2821 3205 ἐν
2906 3152 3268 3222 κατῳκήσατε
3289 3150 3378 3203 ἐπ’
3398 3150 3607 3220 αὐτῆς,

2009 3249 2071 3301 οὐ
2106 3248 2382 3319 ποιήσετε
2414 3245 2508 3299 καὶ
2527 3244 2669 3301 κατά
2704 3244 2773 3298 τὰ
2800 3244 3207 3315 ἐπιτηδεύματα
3237 3242 3344 3312 γῆς
3373 3243 3605 3297 Χαναὰν

2005 3340 2086 3402 εἰς
2124 3338 2192 3408 ἣν
2223 3335 2334 3406 ἐγὼ
2368 3336 2577 3406 εἰσάγω
2614 3337 2782 3408 ὑμᾶς,
2832 3338 2950 3390 ἐκεῖ
2978 3336 3039 3389 ού
3074 3335 3362 3407 ποιήσετε’
3408 3334 3507 3388 καὶ
3536 3336 3599 3388 ἐν

2003 3434 2116 3495 τοῖς
2153 3430 2338 3501 νόμοις
2380 3428 2560 3484 αὐτῶν
2597 3430 2657 3482 οὺ
2698 3428 3051 3501 πορεύσεσθε.
3086 3427 3167 3481 Τά
3200 3427 3457 3499 κρίματάι
3488 3445 3603 3498 μου

2002 3525 2284 3597 ποιήσετε,
2333 3524 2429 3578 καὶ
2472 3523 2543 3577 τὰ
2589 3520 2990 3595 προστάγματά
3025 3538 3126 3593 μου
3156 3518 3453 3590 φυλάξετε⁸
3481 3518 3599 3587 ἐγὼ

2001 3617 2119 3688 εἰμὶ
2147 3616 2350 3689 Κύριος
2371 3618 2400 3670 6
2427 3616 2559 3680 Θεὸς
2588 3614 2763 3687 ὑμῶν.
2802 3633 2821 3666 ι
2846 3609 2980 3667 Εἶτα
3009 3614 3185 3668 πάντα
3205 3611 3599 3684 ἀπαγορεύσας

2000 3710 2260 3782 ἀθέμιτον
2292 3709 2491 3779 γάμον,
2520 3708 2617 3760 καὶ
2642 3708 2821 3761 πᾶσαν
2848 3706 3133 3777 ἀσχήμονα
3161 3704 3382 3777 πρᾶξιν,
3408 3720 3599 3774 γυναι-

2000 3802 2114 3857 κῶν
2156 3818 2215 3855 τε
2265 3801 2401 3873 πρὸς
2443 3802 2737 3869 γυναῖκας,
2774 3800 2873 3852 καὶ
2902 3797 3147 3870 ἀρρένων
3180 3797 3317 3869 πρὸς
3351 3797 3595 3868 ἄρρενας

2004 3896 2205 3967 μίξεις,
2229 3893 2489 3962 ἐπιλέγει·
2524 3911 2543 3944 ι
2567 3892 2658 3963 Μὴ
2687 3891 2964 3963 μιαίνεσθε
2986 3892 3045 3943 ἐν
3067 3891 3203 3943 πᾶσι
3226 3888 3461 3953 τούτοις.
3499 3888 3593 3941 Ἐν

1999 3989 2135 4041 πᾶσι
2168 3987 2277 4057 γάρ
2304 3985 2514 4048 τούτοις
2543 3984 2879 4056 ἐμιάνθησαν
2906 3982 2974 4036 τὰ
3002 3982 3150 4054 ἔθνη,
3178 3981 3214 4036 ἃ
3239 3982 3351 4051 ἐγὼ
3383 3982 3589 4048 ἐξαπο-

2000 4079 2170 4133 στελῶ
2195 4079 2300 4152 πρδ
2331 4077 2621 4150 προσώπου
2649 4077 2804 4148 ὑμῶν
2821 4093 2835 4107 ·
2878 4076 2972 4131 καὶ
2994 4073 3288 4146 ἐξεμιάνθη
3313 4076 3347 4146 ἡ
3370 4074 3465 4145 γῆ.
3490 4074 3590 4127 καὶ

1997 4171 2358 4226 ἀνταπέδωκα
2405 4170 2617 4225 ἀδικίαν
2659 4170 2826 4241 αὐτῇο
2876 4169 2971 4223 καὶ
3006 4167 3383 4241 προσώχθισεν
3428 4168 3462 4238 ὴ
3509 4168 3589 4239 γῆ

1995 4268 2109 4329 τοῖς
2156 4265 2554 4337 ἐγκαθημένοις
2599 4264 2689 4316 ἐπ’
2732 4263 2923 4334 αὐτῆς.
2966 4280 2986 4315 ι
3025 4262 3137 4316 Καὶ
3185 4261 3347 4316 πάλιν
3393 4261 3585 4331 φησίν

2001 4378 2019 4409 ι
2067 4356 2194 4410 Ἐὰν
2222 4357 2283 4410 δέ
2313 4356 2377 4409 σὺ
2407 4354 2655 4429 εἰσέλθῃς
2683 4356 2763 4419 εἰς
2790 4355 2890 4427 τὴν
2912 4354 3039 4425 γῆν,
3067 4353 3136 4425 ἣν
3168 4352 3374 4425 Κύριος
3399 4354 3428 4405 ὁ
3448 4352 3591 4416 Θεός

1997 4467 2090 4504 σου
2120 4449 2301 4503 δίδωσί
2336 4466 2438 4513 σοι,
2469 4448 2530 4501 ού
2566 4446 2640 4519 μὴ
2670 4447 2890 4521 μαθήσῃ
2920 4449 3094 4501 ποιεῖν
3117 4444 3261 4500 κατά
3289 4446 3360 4499 τὰ
3394 4444 3586 4514 βδελύ-

1993 4559 2181 4614 γματα
2217 4540 2326 4595 τῶν
2368 4538 2540 4593 ἐθνῶν
2569 4538 2815 4593 ἐκείνων·
2852 4539 2951 4609 οὐχ
2997 4536 3351 4609 εὑρεθήσεται
3395 4539 3455 4590 ἐν
3498 4535 3588 4589 σοὶ

308 4630 513 4700 polluta
564 4634 644 4683 est
696 4634 868 4691 terra,
912 4634 969 4681 et
1016 4626 1243 4681 retribui
1293 4625 1617 4695 injustitiam
1668 4626 1793 4682 illi:
1835 4636 1889 4682 et

2011 4634 2271 4706 ιαθαίρων
2304 4633 2396 4686 τὸν
2425 4632 2537 4686 υἱὸν
2568 4629 2757 4695 αὑτοῦ,
2794 4631 2828 4701 ἦ
2871 4630 2970 4701 τὴν
3012 4627 3289 4700 θυγατέρα
3327 4628 3492 4682 αὐτοῦ
3521 4630 3584 4681 ἐν

306 4722 622 4777 abominata
670 4728 756 4776 est
807 4730 951 4774 terra
989 4720 1246 4775 sedentes
1278 4718 1335 4773 in
1373 4719 1491 4790 ipsa
1517 4720 1561 4775 ⁸.
1605 4738 1625 4772 ι
1658 4720 1725 4774 Et
1758 4721 1889 4776 alibi

307 4830 503 4870 rursus
535 4813 671 4868 dicit
703 4831 716 4868 :
753 4831 775 4864 ι
804 4812 944 4868 Cum
988 4828 1119 4866 vero
1162 4812 1446 4883 ingressus
1482 4812 1653 4867 fueris
1687 4812 1743 4867 in
1779 4822 1891 4869 ter-

308 4921 425 4960 ram
455 4921 620 4976 quam
665 4905 928 4960 Dominus
963 4903 1106 4961 Deus
1136 4912 1263 4959 tuus
1287 4904 1381 4957 dat
1412 4904 1534 4970 tibi,
1568 4921 1679 4959 non
1708 4905 1888 4962 disces

308 4998 490 5053 facere
526 4995 828 5054 secundum
859 4996 1296 5051 abominationcs
1328 4996 1573 5067 gentium
1608 4996 1824 5051 illarum
1870 5016 1883 5053 :

304 5106 417 5145 non
453 5088 765 5143 invenietur
798 5088 855 5141 in
893 5095 948 5142 te
977 5086 1070 5158 qui
1121 5088 1316 5142 lustret
1356 5087 1526 5142 filium
1573 5103 1735 5143 suum
1791 5096 1886 5143 aut

306 5184 469 5237 tiliam
519 5196 674 5235 suam
729 5180 785 5235 in
840 5180 989 5251 igne,
1048 5179 1304 5235 divinans
1353 5180 1743 5248 divinationes,
1792 5192 1887 5237 aut

303 5275 570 5338 hariolus,
615 5280 711 5328 aut
739 5288 935 5344 augur,
967 5274 1261 5341 veneficus,
1295 5274 1626 5341 incantator,
1680 5275 1880 5347 pytho-

299 5366 423 5420 niea
470 5366 690 5429 mulier,
746 5364 1119 5436 prodigiorum
1171 5366 1472 5436 inspector,
1504 5376 1599 5422 aut
1625 5370 1718 5438 qui
1751 5384 1880 5438 per-

299 5465 554 5512 contetur
590 5464 900 5512 mortuos:
945 5465 1030 5511 est
1075 5459 1221 5511 enim
1268 5458 1605 5514 abominatio
1650 5460 1879 5515 Domino

298 5548 412 5604 Deo
444 5563 557 5602 uno
588 5550 769 5605 omnis
809 5550 901 5618 qui
949 5547 1079 5603 facit
1127 5548 1261 5603 hmo.
1312 5548 1446 5604 Nam
1481 5559 1704 5621 propter
1741 5551 1878 5607 istas

298 5641 760 5706 abominationcs,
807 5640 1077 5697 Dominus
1122 5640 1267 5699 Deus
1302 5652 1431 5699 tuus
1461 5644 1664 5701 delebit
1699 5644 1822 5701 illos
1845 5659 1877 5700 a

371 5797 388 5827 ⁸
418 5795 589 5852 Levit.
635 5797 873 5866 "111,5,
901 5798 953 5853 Δ.
1032 5801 1050 5831 ’
1078 5798 1208 5854 ibid.
1240 5798 1330 5864 ΞΗ,
1367 5798 1457 5853 25.

1988 4726 2153 4797 πυρὶ,
2198 4722 2595 4796 μαντευόμενος
2641 4720 2919 4791 μαντείας,
2971 4718 3066 4773 καὶ
3107 4718 3580 4791 κλῃδονιζόμενος,

1986 4817 2491 4887 καὶοίωνιζόμενος,
2512 4813 2823 4886 φαρμακὸς,
2850 4812 3085 4883 ἐπᾴδων,
3113 4809 3579 4882 ἐγγαστρίμυθος,

1986 4908 2080 4961 καὶ
2104 4905 2525 4979 τερατοσκόπος,
2549 4904 2645 4958 καὶ
2669 4901 2962 4975 ἐπερωτῶν
2982 4902 3109 4964 τοὺς
3134 4899 3384 4972 νεκρούς.
3420 4901 3583 4954 Ἔστι

1985 5001 2095 5073 γὰρ
2130 5000 2403 5071 βδέλυγμα
2435 4998 2625 5070 Κυρίῳ
2652 4997 2730 5068 τῷ
2760 4995 2882 5067 Θεῷ
2916 5012 3007 5049 σου
3039 4996 3147 5059 πᾶς
3179 4993 3349 5048 ποιῶν
3377 4992 3574 5048 ταῦτα.

1990 5094 2193 5146 Ἕνεκα
2223 5092 2331 5162 γὰρ
2358 5090 2466 5144 τῶν
2498 5088 2880 5161 βδελυγμάτων
2909 5087 3114 5141 τούτων
3144 5085 3351 5158 Κύριος
3380 5087 3410 5139 6
3442 5086 3580 5150 Θεός

1988 5203 2081 5239 σου
2116 5183 2485 5255 ἐξολοθρεύσει
2520 5184 2718 5245 αὐτοὺς
2751 5182 2860 5235 ἀπὸ
2886 5180 3178 5253 προσώπου
3210 5197 3324 5233 σου.
3356 5179 3577 5243 Τέλειος

1986 5276 2085 5350 ἔσῃ
2113 5275 2351 5329 ἐναντίον
2374 5274 2575 5345 Κυρίου
2596 5272 2690 5326 τοῦ
2714 5271 2850 5326 Θεοῦ
2884 5289 2999 5325 σου.
3035 5290 3053 5322 ι
3082 5270 3321 5324 Τοιαῦτα
3353 5271 3455 5341 μὲν
3478 5270 3576 5327 καὶ

1988 5370 2155 5441 μυρία
2187 5368 2320 5422 ἄλλα
2344 5367 2569 5437 θεοσεϐῆ
2598 5364 2902 5436 διδάγματά
2922 5382 2982 5418 τε
3010 5365 3104 5418 καὶ
3133 5361 3576 5433 παραγγέλματα

1985 5461 2070 5515 διὰ
2095 5460 2375 5523 Μωῦσέως
2404 5460 2588 5522 αὐτοῖς
2606 5459 2635 5510 6
2652 5457 2785 5521 Θεὸς
2807 5458 2977 5526 Λόγος
2999 5456 3060 5509 τὸ
3082 5455 3211 5528 πρὶν
3233 5454 3571 5525 ἐνομοθέτει,

1984 5554 2060 5617 ὡς
2091 5556 2150 5607 ἐν
2182 5555 2511 5622 εἰσαγωγαῖς
2544 5551 2637 5607 τοῦ
2672 5551 2816 5607 κατὰ
2853 5551 3135 5605 εὐσέϐειαν
3180 5550 3298 5621 βίου
3335 5547 3572 5621 παραδι-

1982 5643 2107 5707 δοὺς
2134 5644 2319 5709 αὐτοῖς
2347 5646 2607 5717 στοιχεῖα,
2653 5643 2743 5698 διὰ
2775 5643 3043 5715 συμϐόλου
3077 5641 3170 5695 καί
3212 5658 3362 5707 τινος
3406 5638 3575 5696 σκιώ-
