3846 6218
280 275 395 330 2·ιῖ

1218 272 1880 332 DEMONSTRATIONIS
1915 272 2373 331 EVANGELICJE
2404 272 2534 329 LIB.
2573 271 2665 328 IV.

3444 269 3552 327 278

280 382 413 458 δούς
442 395 536 449 καὶ
561 395 881 467 σωματικῆς
918 394 1170 467 λατρείας
1209 396 1268 448 ἐν
1301 393 1552 465 σώματος
1582 392 1870 465 περιτομῇ,
1904 406 1946 458 Α

1978 392 2117 450 facie
2161 399 2303 447 tua:
2351 389 2626 462 perlectus
2686 387 2795 442 eris
2858 386 2913 440 in
2979 395 3277 456 conspectu
3339 383 3556 441 Domim

280 489 381 542 καί
414 505 577 543 τινων
608 489 785 544 ἄλλων
827 487 1260 559 τοιουτοτρόπων
1295 487 1388 543 ἐπὶ
1427 488 1527 558 τῆς
1552 487 1657 557 γῆς
1687 504 1876 542 συντεο

277 579 581 652 λουμένων·
614 580 691 644 ὼς
713 579 792 645 δὲ,
817 578 914 634 τοῦ
944 579 1137 651 χρόνου
1174 574 1478 652 προϊόντος,
1512 580 1665 634 οὐδὲν
1692 579 1875 634 τοσοῦ-

275 689 376 727 τον
405 674 502 727 καὶ
528 673 639 727 τῶν
674 673 792 744 μετ’
819 673 982 726 αὑτὸν
1007 671 1305 745 προφητῶν
1335 674 1415 737 είς
1434 671 1624 726 ἄκεσιν
1644 672 1752 726 τῶν
1776 673 1871 727 τοῦ

278 762 400 834 βίου
440 763 627 816 κακῶν
656 763 722 816 δι’
756 761 1060 833 ὑπερϐολὴν
1090 763 1289 826 κακίας
1320 761 1559 826 ἔσθενεν,
1591 761 1788 834 ήλαυνέ
1812 780 1873 816 τε

274 856 553 929 ὁσημέραι
580 857 660 920 εἰς
693 857 914 927 μείζονα
953 854 1023 909 τὰ
1061 855 1164 925 τῆς
1203 855 1527 926 δαιμονικῆς
1568 856 1869 927 ἐνεργείας,

274 948 358 1012 ὡς
385 949 482 1003 καὶ
514 948 647 1003 αὐτὸ
672 949 734 1001 τὸ
771 947 1038 1020 Ἑϐραίων
1057 946 1211 1011 ἔθνος
1234 950 1302 1019 τῇ
1331 945 1441 1000 τῶν
1457 946 1635 1001 ἀθέων
1660 963 1869 1001 συναπ-

272 1041 516 1112 αχθῆναι
556 1041 751 1112 φθορᾷ·
794 1041 958 1105 αὑτὸς
994 1040 1099 1113 ἤδη
1135 1040 1322 1094 λοιπὸν
1384 1042 1414 1094 ὁ
1450 1040 1643 1112 Σωτὴρ
1666 1042 1761 1093 καὶ
1790 1041 1872 1094 ία-

269 1133 409 1204 cpe;
450 1132 560 1186 τῶν
600 1133 737 1186 ὅλων
786 1133 1033 1187 κάτεισιν
1085 1135 1166 1198 είς
1214 1132 1556 1206 ἀνθρώπους,
1611 1136 1706 1189 καὶ
1756 1137 1872 1199 τοῖς

268 1226 501 1289 οἰκείοις
543 1224 797 1294 ἀγγέλοις
846 1225 1142 1297 ἐπαμύνων
1187 1226 1329 1298 ὑπὲρ
1374 1226 1476 1297 τῆς
1511 1226 1623 1281 τῶν
1657 1226 1869 1298 ἀνθρώ-

267 1333 395 1372 πων
430 1319 726 1391 σωτηρίας,
777 1318 925 1373 τοῦτ’
949 1319 1099 1391 αὑτῷ
1134 1318 1230 1373 τοῦ
1267 1319 1483 1391 Πατρὸς
1524 1320 1868 1393 δωρήσεσθαι

267 1410 760 1481 προὺποσχομὲνου
783 1451 799 1476 ,
877 1410 1165 1484 ὠσπεροῦν
1249 1413 1415 1479 αὐτὸς
1484 1416 1543 1468 ἐν
1618 1416 1870 1488 Ψαλμοῖς

264 1502 519 1558 διδάσκει
559 1504 754 1573 λέγων·
821 1523 840 1556 ι
871 1503 1076 1577 Κύριος
1107 1501 1231 1558 εἷπε
1271 1505 1411 1578 πρὸς
1448 1506 1545 1578 μέο
1590 1506 1718 1571 Υἰός
1765 1525 1866 1579 μου

265 1591 322 1650 εἰ
366 1597 454 1663 σὺ,
500 1596 614 1667 ἐγὼ
652 1599 894 1671 σήμερον
948 1598 1259 1671 γεγέννηκά
1315 1616 1396 1654 σε.
1449 1598 1681 1671 Αίτησαι
1736 1602 1867 1672 παρ’

264 1689 440 1761 ἐμοῦ,
500 1691 597 1745 καὶ
653 1690 811 1746 δώσω
872 1708 956 1746 σοι
1007 1690 1137 1764 ἐθνη
1179 1691 1279 1765 τὴν
1324 1693 1693 1766 κληρονομίαν
1736 1710 1864 1760 σου,

1975 482 2069 537 Dei
2118 482 2197 536 tui
2222 482 2264 534 ³.
2304 500 2323 533 ι
2387 479 2515 534 Haec
2572 476 2814 546 quidem,
2875 475 3088 544 aliaque
3132 473 3555 528 innumerabilia

1973 571 2252 644 religionis
2324 572 2653 626 documenta
2717 574 2771 623 et
2824 572 3115 637 pmcepta,
3171 579 3268 635 per
3314 563 3555 635 Moysem

1973 664 2082 719 illis
2116 664 2260 720 Deus
2289 661 2551 726 Verbum,
2591 668 2753 715 antea
2807 660 2863 713 in
2920 657 3131 727 legibus
3162 656 3347 719 dabat,
3392 666 3557 725 atque

1972 766 2034 812 ut
2086 757 2142 812 in
2201 756 2526 811 rudimentis
2571 754 2686 809 ﬁeri
2749 752 2909 815 solet,
2962 749 3235 819 religiosa
3282 748 3391 802 illis
3428 747 3558 803 vitae

1970 849 2260 913 elementa,
2312 863 2409 919 per
2447 847 2603 917 signa
2657 851 2711 899 et
2742 842 3086 898 umbratilem
3115 840 3408 911 quamdam
3441 854 3558 893 cor-

1970 941 2324 1013 poralemque
2398 938 2772 993 adorationem
2852 934 2908 989 in
2990 933 3239 1003 corporis
3316 932 3557 986 circum-

1971 1033 2212 1100 cisione,
2267 1046 2472 1102 perque
2539 1029 2645 1083 alia
2695 1027 2946 1098 quaedam
3011 1023 3282 1095 ejusmodi
3325 1039 3449 1094 quae
3496 1024 3555 1079 in

1970 1133 2118 1180 terra
2177 1122 2578 1185 conﬁciuntur,
2637 1119 2888 1175 tradebat
2936 1139 2951 1175 :
2997 1134 3122 1175 cum
3167 1131 3297 1177 vero
3358 1130 3554 1187 proce-

1970 1216 2134 1271 dente
2165 1222 2412 1283 tempore
2440 1212 2625 1268 nullus
2655 1218 2766 1265 tam
2806 1218 3024 1281 potens,
3062 1227 3130 1267 ne
3160 1208 3554 1283 prophetarum

1970 1308 2191 1380 quidem
2254 1308 2349 1379 qui
2395 1316 2520 1378 post
2573 1306 2725 1361 illum
2782 1304 3118 1369 exstiterint,
3150 1310 3211 1358 ut
3248 1299 3552 1358 remedium

1971 1401 2132 1457 malis
2185 1399 2311 1455 vitae
2364 1398 2603 1463 alierret,
2651 1398 2723 1453 ob
2774 1397 2938 1454 nimis
2983 1391 3555 1451 abundantemmali-

1969 1494 2135 1559 tiam,
2198 1499 2345 1548 esset
2396 1512 2409 1548 :
2456 1507 2520 1548 ac
2570 1491 2873 1547 daemonica
2911 1488 3152 1545 ellicacia
3194 1487 3440 1559 quotidie
3494 1485 3553 1540 in

1971 1585 2150 1655 majus
2177 1586 2501 1656 impelleret,
2534 1600 2708 1656 usque
2743 1583 2880 1640 adeo
2927 1591 2990 1638 ut
3014 1584 3138 1653 ipsa
3164 1596 3384 1653 quoque
3444 1577 3554 1634 He-

1970 1677 2158 1732 braica
2204 1693 2371 1749 gens,
2432 1677 2623 1733 eadem
2680 1691 2808 1731 cum
2869 1675 3053 1747 impiis
3098 1673 3403 1745 perditione
3460 1686 3552 1726 ra-

265 1754 366 1838 καὶ
416 1784 519 1854 τὴν
575 1783 906 1856 κατάσχεσίν
967 1801 1062 1839 σου
1121 1754 1192 1839 τὰ
1235 1754 1466 1858 ’πέρατα
1519 1754 1622 1857 ei);
1671 1786 1794 1857 γῆς.
1898 1754 1942 1809 Β

1967 1778 2191 1840 peretur
2228 1788 2251 1828 ι
2284 1777 2400 1824 tum
2434 1770 2671 1841 denique
2712 1767 2965 1824 Salvator
3019 1784 3084 1823 ac
3137 1767 3386 1823 medicus
3424 1765 3551 1821 uni-

265 1876 472 1930 υὺκέτι
538 1876 672 1946 γοῦν
739 1877 899 1948 μόνον
963 1877 1056 1931 τὸν
1116 1876 1326 1932 δίκαιον
1392 1877 1488 1934 καὶ
1553 1878 1862 1951 διορατικδν

276 1951 524 2038 Ἰσραὴλ,
566 1967 691 2022 οὑδέ
733 1985 799 2037 γε
844 1969 1006 2039 μόνον
1051 1968 1143 2023 τὸν
1180 1972 1378 2024 οἰκεῖον
1416 1969 1641 2043 κλῆρον,
1684 1972 1863 2026 πάντα

262 2058 324 2112 δέ
366 2058 436 2112 τά
468 2061 562 2113 ἐπὶ
597 2059 704 2130 γῆς
736 2060 896 2131 ἔθνη,
925 2060 997 2115 τὰ
1026 2063 1291 2135 πρότερον
1324 2061 1565 2117 πλείοσιν
1606 2063 1862 2133 ἀγγέλοις

262 2150 687 2224 κεκληρωμένα,
730 2154 825 2207 καὶ
866 2154 1149 2218 παντοίαις
1199 2154 1479 2220 ἀσεϐείαις
1540 2155 1863 2227 κεκαλινδη-

263 2242 431 2313 μένα,
469 2242 576 2296 ὑπὸ
609 2243 711 2314 τὴν
748 2242 959 2298 οἰκείαν
1008 2242 1294 2298 ὑποϐαλὼν
1350 2242 1623 2309 ἐξουσίαν,
1675 2244 1859 2315 παρῆν

256 2338 379 2399 τοῖς
420 2337 557 2390 πᾶσι
600 2337 702 2408 τὴν
749 2338 887 2409 πρὸς
928 2336 1022 2391 τὸν
1076 2335 1245 2392 αὑτοῦ
1295 2337 1518 2409 Πατέρα
1554 2336 1757 2406 γνῶσίν
1799 2353 1860 2389 τε

260 2423 365 2477 καὶ
413 2423 1207 2500 φιλίανοέπικηρυκευόμενος,
1246 2427 1400 2481 λύσιν
1439 2446 1499 2482 τε
1541 2430 1635 2482 καὶ
1664 2427 1858 2498 ἄφεσιν

254 2513 373 2568 τῶν
414 2516 544 2587 πρὶν
581 2516 949 2589 ἀγνοημάτων
982 2521 1080 2574 καὶ
1112 2520 1526 2592 ἁμαρτημάτων
1569 2519 1859 2592 ὑπισχνού-

259 2621 453 2676 μενος,
485 2606 516 2659 ὃ
548 2607 644 2661 καὶ
698 2609 886 2679 σαφῶς
935 2611 1206 2681 ἐκήρυττε
1256 2610 1463 2680 λέγων·
1501 2629 1520 2663 ι
1553 2611 1631 2665 Οὑ
1663 2612 1858 2683 χρείαν

252 2695 481 2766 ἔχουσιν
526 2700 578 2752 οἰ
625 2699 902 2771 ἰσχύοντες
951 2700 1168 2774 ἰατροῦ,
1209 2700 1347 2756 ἀλλὰ
1393 2704 1442 2756 οἱ
1488 2701 1677 2767 κακῶς
1710 2702 1856 2773 ἕχον-

252 2801 384 2850 τες·
421 2788 525 2842 οὑκ
555 2784 721 2862 ἦλθον
759 2792 988 2847 καλέσαι
1023 2793 1301 2858 δικαίους,
1353 2794 1469 2848 ἀλλ’
1497 2795 1856 2867 ἁμαρτωλοὺς

140 2864 149 2875 ’
252 2879 341 2941 είς
377 2881 691 2950 μετάνοιαν.
725 2902 744 2935 ι
804 2883 916 2937 Καὶ
961 2883 1029 2956 δὴ
1058 2885 1240 2957 παρῆν
1273 2888 1389 2950 τοῖς
1428 2864 1650 2952 οἰκείοις
1691 2887 1857 2957 ἀγγέ-

250 2967 373 3034 lat;
391 3009 407 3033 ,
440 2971 624 3035 αὑτοῖς
654 2973 725 3047 δὴ
756 2975 871 3038 τοῖς
901 2974 1031 3046 πρὶν
1060 2973 1329 3044 ἐφεστῶσι
1353 2975 1462 3031 τῶν
1501 2975 1694 3042 ἐθνῶν,
1731 2977 1854 3031 ἐπι·

252 3060 673 3134 θεωρούμενος’
723 3066 775 3119 οἱ
810 3065 900 3130 δέ,
948 3065 1148 3120 αὐτίκα
1187 3065 1278 3119 τὸν
1323 3068 1473 3134 σφῶν
1520 3067 1711 3139 βοηθὸν
1758 3069 1854 3122 καὶ

250 3153 467 3227 Κύριον
515 3151 575 3210 εὖ
628 3155 774 3228 μάλα
822 3157 1068 3231 ἀκριϐῶς
1123 3160 1470 3229 ἐπιγνόντες,
1530 3164 1850 3232 περιχαρεῖς

250 3245 566 3317 προσῆλθον
616 3248 712 3302 καὶ
764 3248 1047 3322 διηκόνουν
1100 3251 1268 3324 αὐτῷ,
1314 3252 1502 3322 ὥσπερ
1530 3256 1564 3325 ή
1602 3253 1724 3326 ίερά
1753 3255 1850 3309 τοῦ

246 3333 595 3405 Εὐαγγελίου
628 3337 872 3394 διδάσκει
903 3340 1117 3414 Γραφὴ,
1154 3344 1297 3397 «Καὶ
1342 3344 1649 3416 προσῆλθον
1693 3346 1852 3415 ἀγγε-

247 3427 362 3494 λοι,
396 3430 492 3482 καὶ
523 3429 806 3501 διηκόνουν
833 3432 1004 3505 αὑτῷ,
1032 3453 1052 3486 ι
1098 3436 1350 3506 φήσασα’
1395 3437 1485 3491 ὅτε
1518 3439 1610 3493 καὶ
1647 3438 1849 3511 πλῆθος

245 3522 518 3591 στρατιᾶς
550 3521 804 3595 οὐρανίου
837 3524 1133 3582 αἰνούντων
1159 3527 1252 3581 τὸν
1272 3527 1402 3582 Θεὸν
1436 3527 1642 3598 ἔλεγον,
1682 3528 1849 3595 «Δόξα

245 3612 309 3664 ἐν
340 3609 590 3681 ὑψίστοις
616 3612 757 3684 Θεῷ,
790 3616 883 3668 καὶ
924 3617 1017 3670 ἐπὶ
1042 3617 1148 3688 γῆς
1174 3619 1398 3691 εἰρήνη,
1441 3621 1499 3673 ἐν
1537 3618 1846 3692 ἀνθρώποις

243 3702 495 3759 εὐδοκία.
541 3725 564 3759 ι
631 3706 869 3771 Τούτους
916 3709 1015 3779 μὲν
1052 3704 1147 3763 οὖν
1183 3710 1259 3775 ὡς
1305 3712 1541 3777 οἰκείους
1580 3711 1847 3782 ἀγγέλους

241 3794 349 3866 τῆς
381 3796 550 3851 αὑτοῦ
598 3796 887 3870 δεομένους
936 3803 1255 3874 συμμαχίας
1286 3802 1459 3876 ταύτῃ
1501 3822 1576 3877 πη
1608 3804 1849 3877 ἀνελάμ-

243 3887 421 3944 ϐανεο
469 3892 599 3955 τοὺς
635 3891 694 3946 δέ
739 3909 805 3962 γε
849 3893 1019 3948 πάλαι
1060 3895 1206 3967 ἀμφὶ
1245 3896 1346 3961 τὰς
1389 3897 1694 3971 ἀνθρώπων
1726 3900 1845 3955 δια-

239 3982 447 4055 τριϐάς
495 3985 884 4056 πωτωμένους,
936 3987 1161 4057 ἀφανῶς
1201 4006 1260 4042 τε
1304 3990 1398 4044 καὶ
1443 3992 1701 4063 ἐμφανῶς
1736 3993 1845 4048 τῶν

243 4074 342 4128 ἐπὶ
398 4075 506 4145 γῆς
562 4076 1128 4144 καταδυναστεύοντας
1188 4080 1449 4153 δαίμονας
1503 4083 1841 4157 ἀλιτηρίους,

238 4164 343 4217 καὶ
374 4164 705 4235 πνευμάτων
734 4166 943 4237 ἀγρίων
981 4167 1075 4220 καὶ
1105 4167 1329 4238 ἀπηνῶν
1362 4169 1524 4241 γένη,
1563 4169 1656 4224 τόν
1697 4188 1756 4224 τε
1785 4174 1844 4225 ἐν

236 4256 459 4321 τούτοις
503 4257 606 4327 τῆς
652 4259 854 4322 κακίας
902 4257 1229 4331 ἐξάρχοντα,
1276 4260 1370 4314 τὸν
1415 4262 1587 4316 δεινὸν
1635 4264 1842 4318 ἐκεῖνον

238 4348 343 4402 καὶ
388 4348 665 4422 ἀλάστορα
700 4349 913 4423 μεγάλῃ
966 4353 1062 4408 καὶ
1111 4350 1280 4424 ἐνθέῳ
1321 4353 1552 4425 δυνάμει
1606 4354 1842 4427 τροπού-

1966 1865 2108 1921 versi
2153 1864 2439 1919 descendit
2480 1862 2549 1917 ad
2602 1862 2875 1927 homines,
2937 1868 2998 1916 ut
3049 1860 3135 1917 vel
3188 1860 3398 1931 angelis
3432 1859 3550 1915 suis

1964 1972 2064 2028 pro
2104 1956 2389 2012 hominum
2432 1956 2609 2012 salute
2651 1969 2811 2025 opem
2846 1953 3036 2018 ferret,
3080 1969 3206 2007 cum
3240 1952 3344 2007 hoc
3379 1951 3458 2006 illi
3489 1965 3549 2006 se

1963 2048 2287 2121 largiturum
2309 2047 2472 2104 Pater
2487 2055 2646 2103 antea
2663 2046 3032 2118 promisisset,
3053 2052 3107 2101 et
3123 2045 3340 2116 quidem
3362 2059 3550 2114 quem-

1962 2141 2256 2197 admodum
2283 2142 2401 2212 ipse
2428 2142 2482 2195 in
2509 2138 2741 2197 Psalmis
2763 2139 2944 2205 docet,
2975 2138 3071 2193 ubi
3094 2137 3171 2191 ait
3198 2155 3211 2191 :
3238 2155 3256 2187 ι
3282 2135 3548 2191 Dominus

1960 2233 2098 2289 dixit
2130 2234 2198 2289 ad
2230 2249 2347 2289 me:
2378 2231 2555 2288 Filius
2574 2247 2727 2288 meus
2752 2246 2813 2288 es
2842 2239 2924 2296 tu,
2954 2245 3056 2301 ego
3085 2228 3247 2284 hodie
3274 2228 3439 2299 genui
3467 2236 3541 2284 te.

1959 2325 2185 2381 Postula
2233 2340 2263 2380 a
2310 2340 2418 2392 me,
2473 2337 2527 2380 et
2572 2324 2718 2379 dabo
2772 2323 2871 2379 tibi
2925 2329 3116 2394 gentes
3169 2321 3546 2377 haereditatem

1960 2426 2132 2483 tivam,
2179 2426 2235 2473 et
2275 2417 2682 2489 possessionem
2730 2423 2883 2470 tuam
2924 2416 3190 2472 terminos
3246 2424 3406 2472 terra:
3431 2414 3474 2469 ⁵.
3521 2434 3540 2466 ι

1963 2509 2119 2582 163
2152 2506 2271 2565 Non
2296 2509 2465 2580 igitur
2504 2508 2593 2564 ille
2624 2508 2859 2579 amplius
2907 2517 2965 2563 ut
3005 2524 3131 2564 eum
3167 2509 3346 2565 solum
3374 2508 3544 2564 Israel

1957 2600 2256 2669 quijustus
2297 2599 2516 2670 quidem
2569 2603 2736 2664 esset,
2776 2597 2873 2654 sed
2913 2599 3055 2654 idem
3111 2599 3236 2655 visu
3291 2614 3545 2669 compre-

1956 2689 2122 2745 hendi
2179 2698 2398 2761 posset,
2452 2705 2632 2761 neque
2686 2698 2746 2745 ut
2798 2691 2969 2746 solam
3004 2690 3280 2761 propriam
3313 2698 3541 2759 sortem,

1956 2782 2051 2837 sed
2077 2790 2134 2835 ut
2157 2797 2350 2837 omnes
2381 2782 2436 2835 in
2477 2782 2638 2838 terris
2671 2787 2884 2853 gentes,
2929 2796 3050 2852 quae
3099 2787 3258 2834 antea
3288 2779 3543 2850 pluribus

1955 2874 2164 2945 angelis
2203 2873 2480 2929 attributa:
2504 2882 2687 2941 erant,
2716 2875 2843 2930 etin
2876 2873 3059 2929 omnis
3084 2873 3304 2943 generis
3341 2871 3541 2943 impie-

1954 2967 2161 3024 tatlbus
2189 2974 2423 3022 versata:
2479 2974 2645 3038 atque
2702 2965 3003 3037 implicitae,
3056 2966 3160 3020 sub
3193 2980 3351 3020 suam
3385 2972 3542 3036 pote-

1957 3066 2157 3114 statem
2192 3060 2485 3131 redigeret,
2546 3068 2713 3130 atque
2757 3059 3015 3114 omnibus
3047 3058 3299 3114 notitiam
3323 3064 3378 3113 et
3403 3058 3542 3112 ami-

1956 3151 2141 3206 citiam
2176 3167 2299 3207 cum
2338 3168 2440 3208 suo
2489 3151 2651 3207 Patre
2684 3152 3052 3216 denuntiaret,
3103 3150 3543 3221 solutionemquo

1955 3260 2020 3300 ac
2056 3246 2436 3301 remissionem
2482 3245 2916 3317 ignorantiarum
2965 3259 3029 3300 ac
3073 3253 3424 3316 peccatorum
3480 3258 3542 3300 se

1953 3335 2326 3393 exhibiturum
2380 3338 2745 3408 promitteret,
2798 3336 2970 3402 venit,
3029 3336 3175 3408 quod
3207 3337 3425 3408 quidem
3452 3336 3541 3392 vel

1954 3428 2184 3500 ipsemet
2211 3431 2501 3501 perspicue
2558 3429 2745 3485 docuit
2775 3429 2966 3485 dicens
3017 3445 3031 3481 :
3076 3447 3096 3481 ι
3138 3427 3257 3484 Non
3292 3428 3540 3499 indigent

1949 3520 2089 3577 bene
2107 3521 2352 3577 valentes
2374 3520 2610 3586 medico,
2651 3521 2746 3577 sed
2770 3521 2909 3576 male
2940 3520 3241 3576 habentes:
3263 3535 3382 3600 pou
3413 3519 3539 3576 veni

1950 3621 2011 3668 ut
2058 3628 2312 3669 vocarem
2353 3613 2557 3683 justos,
2616 3614 2712 3671 sed
2780 3622 3097 3686 peccatores
3150 3613 3218 3669 ad
3262 3613 3538 3685 poeniten—

1948 3705 2082 3759 tiam
2109 3706 2152 3759 ⁸.
2175 3724 2196 3759 ι
2231 3704 2368 3762 Cum
2403 3706 2588 3777 itaque
2626 3721 2871 3778 praesens
2920 3722 2950 3761 a
3003 3707 3244 3778 propriis
3302 3707 3553 3778 angelis,,

1948 3797 2057 3854 illis
2083 3797 2330 3868 inquam,
2368 3799 2463 3870 qui
2493 3799 2648 3870 prius
2692 3799 2947 3870 gentibus
2995 3798 3236 3870 praefecti
3295 3798 3549 3865 fuerant,

1947 3889 2100 3946 visus
2133 3899 2300 3958 esset,
2326 3890 2403 3946 illi
2429 3891 2693 3946 continuo
2736 3907 2895 3947 suum
2929 3893 3236 3962 adjutorem
3266 3907 3547 3963 suumque

1947 3981 2242 4037 Dominum
2275 3982 2475 4053 oppido
2503 3999 2667 4054 quam
2691 3990 2843 4039 certe
2874 3992 3040 4054 atque
3066 3986 3346 4055 explorate
3369 4001 3543 4056 agno:

1946 4078 2183 4136 scentes,
2214 4072 2453 4128 maxima
2484 4087 2609 4127 cum
2648 4073 2833 4129 laatitia
2857 4083 3231 4141 accesserunt,
3252 4075 3412 4146 eique
3431 4078 3549 4132 mis

1945 4164 2185 4220 nistrare
2204 4172 2513 4233 cmperunt,
2543 4164 3007 4235 quemadmodum
3055 4167 3140 4222 vel
3166 4182 3325 4223 sacra
3358 4166 3547 4227 Evam

1945 4255 2071 4326 gelii
2103 4256 2264 4312 docet
2297 4253 2584 4328 Scriptura
2605 4256 2699 4312 ubi
2732 4257 2810 4312 ait
2839 4257 3173 4330 °:«Angelos
3205 4260 3536 4329 accessisse,

1943 4352 2105 4421 eique
2133 4351 2512 4406 ministrasse:
2542 4369 2561 4403 ι
2585 4350 2714 4404 item
2755 4349 2849 4405 ubi
2872 4361 3266 4406 commemorat
3301 4353 3535 4407 (multi-

242 4455 411 4511 μενος
458 4440 766 4512 ἐχειροῦτο,
823 4441 901 4507 ὥς
945 4460 1100 4507 τινας
1153 4444 1613 4517 συναισθομένους
1661 4447 1841 4502 αὐτῶν
1875 4451 1953 4521 Dl

1956 4443 2193 4497 tudinem
2252 4441 2460 4496 militiae
2509 4441 2774 4505 cmlestis,
2841 4441 3184 4496 laudantium
3234 4441 3406 4500 Deum
3464 4458 3539 4501 ac

235 4532 456 4602 λέγειν’
514 4550 533 4585 ι
568 4534 705 4599 Ἔα,
758 4535 811 4588 τί
858 4538 993 4608 ἡμῖν
1046 4538 1140 4591 καὶ
1188 4539 1306 4602 σοὶ,
1356 4538 1454 4592 Υἱὲ
1514 4538 1610 4593 τοῦ
1660 4538 1828 4607 Θεοῦ;

232 4616 410 4692 ἦλθες
438 4623 545 4695 πρὸ
580 4624 777 4697 καιροῦ
812 4624 1098 4696 βασανίσαι
1128 4630 1310 4701 ήμᾶς;
1347 4649 1366 4681 ι
1419 4631 1513 4683 καὶ
1559 4630 1618 4684 δέ
1645 4631 1833 4685 τούσδε

240 4714 371 4785 μὲν,
429 4714 525 4768 καὶ⁵
572 4714 643 4769 δι’
694 4709 768 4769 ὧν
817 4716 1057 4790 ἔπραττε
1104 4720 1200 4773 καὶ
1246 4720 1547 4788 ἐδίδασκεν,
1599 4724 1835 4796 ἰσχυρῶς

235 4805 500 4878 ᾐκίζετο·
554 4809 665 4861 πᾶν
720 4807 776 4862 δὲ
825 4809 887 4863 τὺ
936 4809 1281 4882 ἀνθρώπινον
1334 4812 1526 4882 γένος,
1580 4819 1694 4880 τοῖς
1752 4816 1843 4871 διὰ

235 4897 420 4967 λόγων
455 4898 682 4971 ἡμέρων
741 4900 836 4955 καὶ
889 4904 1184 4975 προσηνέσι
1236 4905 1569 4976 φαρμάκοις,
1613 4910 1736 4972 ταῖς
1778 4925 1839 4962 τε

236 4990 448 5061 πραέσι
484 4992 579 5043 καὶ
616 4997 1046 5065 προτρεπτικαῖς
1091 4994 1257 5049 αὑτοῦ
1290 4996 1680 5065 διδασκαλίαις,
1717 5001 1833 5056 ίᾶτο

236 5084 337 5136 καὶ
377 5081 703 5154 ἐθεράπευε,
750 5086 921 5141 νόσων
959 5104 1018 5141 τε
1060 5089 1331 5143 παντοίων
1374 5090 1469 5145 καὶ
1511 5092 1701 5149 παθῶν
1733 5096 1833 5169 οὐχ

233 5171 406 5249 ἦττον
462 5175 732 5246 σωμάτων
782 5179 817 5251 ἢ
862 5178 1050 5250 ψυχῶν
1112 5181 1451 5253 ἀπήλλαττε,
1484 5184 1721 5251 παλαιᾶς
1770 5204 1833 5243 τε

234 5268 665 5341 δεισιδαιμονίας
698 5272 792 5325 καὶ
821 5271 1092 5343 δειμάτων
1141 5273 1403 5328 πολυθέου
1455 5274 1692 5347 πλάνης,
1731 5278 1832 5349 τῆς

233 5377 298 5415 τε
358 5361 594 5432 αἰσχρᾶς
658 5363 753 5417 καὶ
794 5364 1095 5420 ἀκολάστου
1146 5364 1392 5438 διαίτης,
1435 5367 1644 5433 πάντας
1704 5370 1830 5435 τοὺς

235 5452 570 5524 προσιόντας
611 5453 932 5528 ἐλευθέρους
956 5457 1145 5526 ἀφεὶς,
1191 5456 1462 5527 μεθιστῶν
1496 5477 1557 5513 τε
1596 5461 1692 5514 καὶ
1728 5477 1827 5532 με-

234 5543 527 5599 ταϐάλλων
582 5548 713 5611 τοὺς
757 5548 906 5620 αὑτῷ
956 5549 1387 5622 προσανέχοντας
1441 5552 1512 5607 ἐκ
1552 5552 1652 5623 μὲν
1699 5555 1830 5609 ἀκο-

234 5636 432 5700 λασίας
462 5638 559 5692 ἐπὶ
585 5638 840 5712 σώφρονα
875 5640 1010 5712 βίον,
1050 5643 1116 5695 ἐκ
1154 5642 1212 5696 δὲ
1255 5643 1511 5709 ἀσεϐείας
1548 5645 1641 5698 ἐπὶ
1679 5645 1833 5699 εὐσέ-

316 5790 338 5823 ³
363 5789 521 5849 Deut.
550 5802 866 5861 xvm,9-l5.
940 5798 959 5831 ⁵
991 5796 1136 5855 Psal.
1174 5814 1234 5866 ιι,
1271 5799 1399 5865 7,8.
1483 5801 1502 5833 ⁸
1528 5799 1661 5856 Luc.
1699 5817 1752 5867 v,
1783 5800 1871 5868 31,
1905 5800 1974 5856 52

1941 4532 2497 4591 dicentiuszloria
2552 4534 2607 4589 in
2663 4534 2949 4590 altissimis
2982 4533 3116 4598 Deo,
3178 4544 3233 4592 et
3278 4539 3335 4593 in
3385 4547 3535 4597 terra

1944 4643 2074 4699 pax,
2114 4625 2171 4681 in
2217 4624 2534 4681 hominibus
2586 4625 2731 4682 bona
2788 4627 3046 4684 voluntas
3079 4628 3122 4684 ⁷.
3150 4648 3191 4683 ι.
3230 4627 3342 4685 Hos
3368 4631 3535 4701 igitur

1943 4727 2204 4790 tanquam
2254 4718 2507 4789 proprios
2546 4718 2790 4787 angelos,
2845 4719 2933 4774 sui
2988 4719 3163 4790 ipsius
3223 4721 3532 4793 indigentes

1940 4811 2131 4866 auxilii
2161 4812 2241 4866 sic
2281 4826 2413 4869 sane
2450 4809 2697 4880 recepit:
2724 4810 2818 4882 qui
2842 4824 2972 4866 vero
2993 4810 3109 4880 jam
3134 4811 3227 4866 diu
3255 4812 3311 4866 in
3333 4813 3531 4869 mediis

1942 4902 2263 4959 hominibus
2293 4901 2658 4958 versabantur
2689 4901 3084 4967 etvolitabant,
3114 4902 3319 4973 quique
3352 4912 3406 4958 et
3429 4905 3529 4960 ob-
3632 4911 3649 4923 ‘

1941 5011 2105 5054 scure
2139 4994 2575 5051 etevidenterin
2605 5001 2752 5050 terra
2774 5033 2789 5057 ,
2818 4995 3122 5065 potentiam
3166 5004 3329 5067 atque
3355 4998 3528 5068 impe-

1940 5089 2085 5144 rium
2106 5087 2448 5155 obtinebant,
2493 5103 2590 5145 eos
2648 5088 2857 5160 ingenti
2910 5088 3206 5160 divinaque
3254 5099 3528 5160 potestate

1941 5181 2158 5252 fugatos
2193 5181 2430 5252 subegit,
2484 5181 2761 5238 daemones
2804 5184 2994 5254 utique
3038 5184 3403 5255 perniciosos,
3460 5201 3527 5241 ac

1941 5275 2232 5345 spirituum
2264 5274 2560 5345 agrestium
2599 5281 2763 5345 atque
2818 5275 3110 5329 immitium
3145 5291 3370 5346 genera,
3414 5293 3526 5331 una

1939 5382 2062 5421 cum
2103 5382 2169 5422 eo
2199 5369 2291 5437 qui
2316 5368 2459 5423 inter
2490 5366 2590 5423 hos
2612 5367 2832 5421 malitiae
2889 5366 3255 5437 principatum
3287 5366 3520 5429 obtinet,

1938 5459 2295 5516 callidissimo
2335 5460 2589 5517 videlicet
2620 5459 2733 5521 illo.
2791 5468 2954 5531 atque
3005 5458 3382 5530 impurissimo
3412 5459 3524 5514 dae-

1938 5568 2121 5621 mone,
2157 5555 2301 5610 sicut
2333 5569 2522 5610 eorum
2583 5553 2830 5607 nonnulli
2886 5552 3185 5608 sentientes
3217 5552 3516 5607 dixerunt:

1947 5665 1965 5699 ί
1991 5645 2132 5713 Quid
2162 5646 2320 5703 nobis
2344 5654 2398 5703 et
2431 5645 2552 5713 tibi,
2584 5643 2687 5699 Fili
2729 5644 2862 5701 Dei?
2894 5644 3091 5701 venisti
3150 5651 3276 5701 ante
3303 5654 3523 5719 tempus

2076 5803 2095 5833 °
2125 5803 2320 5859 Matth.
2358 5820 2431 5869 Iv,
2455 5803 2538 5858 ll.
2619 5812 2638 5844 τ
2667 5802 2803 5860 Luc.
2835 5820 2895 5872 ll,
2927 5803 3012 5867 l5,
3068 5802 3154 5857 Η.
