3846 6218
322 327 429 384 279
993 327 1265 385 EUSEBII
1303 327 1790 385 CAESABIENSlS
1828 323 1979 382 OPP.
2017 324 2218 382 PARS.
2260 327 2303 384 l.
2343 359 2413 369 —
2449 325 2955 384 APOLOGETICA.
3477 323 3581 377 280

321 452 581 511 torquere
610 459 710 500 nos
729 444 788 497 '?
818 465 836 496 ι
866 452 921 500 et
952 443 1053 498 hos
1081 444 1301 514 quidem
1328 460 1425 514 per
1453 458 1517 499 ea
1570 459 1693 514 quae
1719 451 1775 498 et
1818 441 1893 495 fe-

2002 439 2183 506 6ειαν,
2236 442 2328 496 καὶ
2378 440 2437 508 ἐξ
2484 440 2696 506 ἀδικίας
2753 441 2847 497 ἐπὶ
2905 438 3283 511 δικαιοσύνην,
3335 437 3425 492 val.
3475 441 3581 512 μὴν

320 535 398 590 cit
422 544 476 590 et
504 535 691 590 docuit
718 534 1055 590 validissime
1093 535 1292 591 cecidit
1325 551 1339 588 :
1369 551 1529 592 omne
1572 545 1754 592 autem
1786 535 1890 588 bu-

319 640 547 679 manum
578 641 749 695 genus
776 626 1169 681 allocutionum
1220 626 1523 682 mansuetis
1550 642 1614 682 ac
1643 624 1896 696 placidis,

318 719 477 788 quasi
508 717 946 780 medicamentis,
983 721 1209 789 suisque
1241 718 1419 789 ipsius
1449 719 1664 774 blandis
1693 719 1898 774 exhor-

318 808 623 865 tationibus
656 825 720 864 ac
748 809 1093 865 documentis
1124 812 1360 875 sanavit,
1406 820 1461 866 et
1507 812 1576 866 ab
1598 812 1779 867 omnis
1809 827 1901 882 ge-

318 903 467 959 neris
517 904 724 960 morbis
756 919 819 958 ac
869 905 1395 976 perturbationibus,
1420 921 1529 960 non
1553 906 1734 959 minus
1770 920 1898 960 cer-

317 1011 510 1065 porum
538 1011 701 1065 quam
744 995 1051 1052 animorum
1106 996 1397 1051 liberavit:
1434 1012 1670 1066 cumque
1695 996 1767 1050 ab
1800 1012 1901 1050 an-

316 1088 469 1158 tiqua
501 1089 909 1158 superstitione,
933 1103 998 1142 ae
1028 1088 1330 1144 terroribus
1363 1104 1502 1160 quos
1542 1104 1702 1144 error
1756 1088 1899 1142 mul-

317 1178 570 1232 titudinis
613 1177 841 1234 deorum
872 1177 1151 1244 aﬂerebat,
1194 1183 1359 1248 atque
1386 1193 1418 1233 a
1455 1178 1603 1248 turpi
1643 1179 1900 1249 petulan-

316 1271 466 1340 tique
497 1271 665 1334 victu,
709 1286 901 1326 omnes
931 1286 992 1326 se
1036 1270 1302 1326 adeuntes
1334 1271 1547 1327 solutos
1576 1270 1894 1335 dimitteret,

313 1363 736 1433 traduceretque
769 1378 834 1417 ac
863 1370 1102 1418 mutaret
1149 1378 1267 1428 eos,
1308 1364 1403 1434 qui
1437 1365 1676 1433 seipsum
1707 1363 1896 1417 obser-

311 1463 523 1521 varent,
561 1470 590 1509 a
622 1455 753 1510 luxu
782 1454 849 1508 ad
880 1455 1227 1520 modestiam,
1261 1456 1329 1510 ab
1371 1456 1651 1526 impietate
1681 1454 1747 1510 ad
1782 1454 1898 1524 pie-

313 1554 500 1612 tatem,
525 1546 593 1601 ab
623 1546 889 1617 injustitia
930 1545 1089 1618 165.
1109 1545 1176 1601 ad
1207 1546 1504 1616 justitiam,
1542 1562 1607 1601 ac
1636 1555 1897 1618 prmterea

309 1652 342 1691 a
364 1637 668 1693 crudelium
698 1638 1008 1693 daemonum
1039 1644 1330 1708 potestate,
1385 1638 1453 1693 ad
1487 1640 1726 1694 divinam
1757 1655 1897 1695 vera:

307 1729 529 1800 pietatis
558 1731 1126 1801 comprehensionem,
1161 1740 1439 1802 postremo
1487 1734 1728 1788 cmlestis
1749 1732 1892 1795 vitm,

2010 533 2204 598 καὶ,ἐκ
2240 533 2342 603 τῆς
2390 533 2500 588 τῶν
2530 533 2764 605 ,πικρῶν
2813 533 3082 605 δαιμόνων
3129 531 3445 595 δυναστείας
3490 532 3582 584 ἐπὶ

2008 624 2107 695 τὴν
2146 624 2326 677 ἔνθεον
2370 625 2672 696 κατάληψιν
2708 627 2808 697 τῆς
2845 624 3081 696 ἀληθοῦς
3127 622 3441 687 εὐσεϐείας·
3488 624 3582 677 καὶ

2008 716 2231 788 προσέτι
2261 716 2469 782 τούτοις
2506 717 2679 781 πύλας
2708 718 2958 790 οὐρανίου
2997 716 3141 791 ζωῆς
3159 758 3175 784 ,
3210 718 3303 772 καὶ
3332 718 3431 788 τῆς
3461 719 3583 771 κατ’

2006 809 2286 863 εὐσέϐειαν
2317 810 2662 875 διδασκαλίας
2688 815 2801 875 τοῖς
2834 811 2955 865 καθ’
2987 811 3113 883 ὅλης
3138 813 3237 884 τῆς
3262 812 3584 883 οἰκουμένης

2007 899 2184 954 ἔθνεσι
2224 903 2645 974 προϊσχόμενος’
2693 905 2788 958 καὶ
2812 906 2891 968 εἰς
2927 903 3178 957 τοσοῦτόν
3214 920 3280 971 γε
3316 903 3583 968 κάτεισιν,

2006 991 2081 1056 ώς
2117 994 2190 1065 μὴ
2226 995 2385 1064 μόνον
2423 996 2691 1066 κάμνουσι
2727 997 2820 1049 καὶ
2854 994 3107 1067 χαλεπῶς
3142 995 3587 1066 νοσηλευομένοις

2005 1084 2104 1149 τὰς
2144 1085 2323 1155 ψυχὰς
2381 1087 2481 1157 τὴν
2542 1088 2810 1159 σωτήριον
2874 1086 3060 1158 ὀρέξαι
3120 1087 3340 1155 δεξιάν,
3385 1089 3487 1158 ῆδη
3527 1087 3587 1141 δὲ

2005 1176 2099 1228 καὶ⁴
2138 1175 2198 1240 ἐξ
2244 1175 2422 1229 αὐτῶν
2462 1176 2571 1231 τῶν
2617 1176 2801 1231 πυλῶν
2852 1177 2947 1230 τοῦ
2994 1176 3225 1231 θανάτου
3273 1178 3400 1240 τοὺς
3447 1179 3587 1248 ἡμι-

2006 1267 2235 1338 θνῆτας,
2279 1269 2311 1339 ἢ
2354 1268 2448 1322 καὶ
2493 1269 2726 1339 πάμπαν
2768 1268 3116 1333 ἀπολωλότας
3161 1270 3225 1322 ἐκ
3266 1268 3479 1339 μακροῦ
3524 1284 3588 1321 τε

2004 1359 2528 1431 κατορωρυγμένους
2554 1359 2661 1413 τῶν
2690 1360 2921 1417 θανάτου
2955 1358 3113 1413 λῦσαι
3148 1359 3387 1430 δεσμῶνο
3414 1359 3482 1411 δι’
3515 1359 3587 1431 ῆν

2008 1450 2241 1521 μάλιστα
2285 1452 2465 1505 αἰτίαν
2495 1453 2590 1505 καὶ
2626 1453 2787 1524 μέχρι
2825 1451 2934 1507 τῶν
2966 1451 3153 1505 αὐτόθι
3186 1451 3402 1524 χωρίων
3434 1451 3587 1522 seen.

2006 1560 2096 1595 σεν
2130 1542 2280 1613 αὐτῷ
2320 1544 2622 1615 ἐνεργείας,
2661 1543 2736 1608 ὡς
2768 1543 2834 1598 ἂν
2869 1542 2942 1614 μὴ
2979 1544 3138 1614 μόνον
3174 1542 3414 1608 ζώντων,
3449 1542 3597 1596 ἀλλά.

2004 1636 2097 1689 καὶ
2148 1638 2357 1709 νεκρῶν
2411 1636 2772 1709 κυριεύσειεν.
2822 1636 2952 1691 Ὅτε
3006 1637 3103 1707 μὲν
3141 1631 3236 1690 οὖν
3279 1635 3360 1707 τῷ
3410 1636 3591 1708 Πατρὶ

2006 1727 2243 1791 σύνεστι,
2287 1727 2383 1780 καὶ
2416 1727 2515 1799 τὴν
2559 1727 2668 1782 τῶν
2701 1728 2838 1781 ὅλων
2867 1729 3122 1800 πρόνοιαν
3160 1727 3330 1799 ἐνθέῳ
3356 1727 3589 1799 δυνάμει

308 1823 685 1894 doctrinaeque
717 1826 938 1897 pietatis
968 1833 1179 1896 portas,
1206 1827 1462 1897 gentibus
1483 1842 1580 1897 per
1606 1834 1778 1880 totum
1805 1842 1893 1881 or-

1998 1818 2358 1891 διακυόερνᾷ,
2403 1819 2634 1892 οὐρανοῦ
2676 1818 2840 1873 αὐτοῦ
2891 1820 2985 1873 καί
3026 1820 3130 1891 γῆς
3173 1818 3311 1891 ὁμοῦ
3345 1821 3440 1873 καὶ
3475 1819 3591 1872 τῶν

308 1913 430 1970 bem
460 1924 680 1986 apertas
708 1917 1042 1984 ostenderet,
1075 1932 1250 1986 usque
1272 1917 1408 1972 adeo
1428 1918 1668 1988 seipsum
1701 1918 1898 1973 demit—

308 2006 480 2073 tebat,
513 2014 572 2060 ut
591 2022 700 2061 non
719 2008 895 2063 solum
917 2008 1317 2073 laborantibus,
1343 2011 1691 2080 graviterque
1714 2011 1898 2067 animo

309 2097 706 2165 aegrotantibus
735 2098 1032 2153 salutarem
1068 2099 1318 2155 dextram
1350 2100 1678 2171 porrigeret,
1707 2118 1897 2157 verum

308 2189 473 2243 etiam
512 2188 579 2246 de
610 2191 745 2261 ipsis
771 2192 885 2261 jam
919 2194 1097 2264 portis
1127 2193 1325 2248 mortis
1375 2196 1782 2261 semimortuus,
1812 2198 1898 2253 vel

307 2293 403 2334 eos
425 2295 645 2351 quoque
702 2282 797 2352 qui
860 2284 1080 2353 penitus
1115 2284 1490 2351 interiissent,
1539 2285 1763 2356 jamque
1802 2287 1896 2342 diu

307 2370 508 2439 sepulti
537 2382 744 2439 essent,
780 2388 810 2427 a
841 2377 1036 2431 mortis
1067 2376 1305 2431 vinculis
1353 2376 1620 2432 solveret:
1675 2389 1899 2449 propter

305 2476 472 2532 quam
502 2465 739 2519 maxime
763 2482 1009 2532 causam,
1064 2467 1142 2521 illi
1167 2467 1272 2522 fuit
1310 2483 1450 2539 opus
1487 2469 1555 2523 ad
1580 2470 1671 2524 illa
1722 2487 1899 2541 usque

306 2556 428 2609 loca
465 2555 762 2611 efﬁcaciam
795 2559 991 2630 agendi
1040 2575 1364 2631 propagare,
1416 2569 1478 2615 ut
1500 2561 1754 2617 videlicet
1785 2580 1897 2619 non

306 2649 482 2704 solum
504 2651 558 2704 in
586 2650 745 2717 vivis,
773 2667 960 2707 verum
982 2653 1147 2708 etiam
1169 2657 1223 2708 in
1246 2656 1480 2712 mortuis
1497 2655 1895 2717 dominaretur.

303 2739 444 2794 Dum
476 2742 640 2812 igitur
667 2757 792 2797 cum
821 2742 983 2800 Patre
1008 2753 1112 2813 est,
1145 2754 1309 2816 atque
1338 2747 1578 2803 universi
1603 2748 1897 2818 providen-

302 2831 439 2886 tiam
466 2832 651 2888 divina
695 2835 897 2891 virtute
930 2837 1316 2903 administrat,
1348 2839 1548 2894 caelum
1579 2839 1760 2910 ipsum
1788 2856 1895 2895 una

304 2941 433 2982 eum
467 2935 634 2994 terra,
670 2935 724 2985 et
753 2936 980 2986 naturas
1010 2947 1132 3002 qua:
1159 2932 1217 2986 in
1262 2928 1374 2987 illis
1411 2934 1782 2999 continentur,
1815 2944 1897 2988 at-

304 3034 412 3089 que
444 3034 536 3075 eas
564 3035 686 3092 quae
710 3036 879 3092 supra
906 3023 1107 3077 coelum
1142 3022 1545 3094 intelliguntur,
1581 3023 1798 3079 divinas
1841 3030 1896 3079 et

306 3108 661 3182 incorporeas
715 3120 902 3168 tuetur
947 3121 1001 3169 et
1055 3121 1235 3179 curat,
1268 3113 1365 3170 Dei
1396 3113 1658 3180 Verbum,
1714 3126 1770 3172 et
1797 3114 1893 3171 Dei
1921 3137 1970 3201 ο

308 3203 600 3273 sapientia,
644 3214 700 3260 et
748 3204 845 3261 Dei
881 3206 1077 3270 virtus,
1139 3214 1195 3262 et
1249 3208 1528 3278 princeps.
1567 3218 1622 3265 et
1672 3209 1805 3273 dux,
1839 3215 1894 3263 et

305 3308 425 3348 rex.
446 3294 590 3359 Quin
616 3295 778 3349 etiam
803 3302 858 3350 et
889 3294 1035 3351 Deus
1055 3305 1108 3352 et
1138 3294 1405 3354 Dominus
1435 3300 1491 3353 in
1538 3297 1737 3354 divinis
1769 3313 1895 3353 ora-

305 3383 448 3440 culis
476 3399 603 3440 cum
633 3385 794 3440 laude
819 3394 873 3442 et
900 3387 1072 3457 gloria
1102 3391 1441 3454 nominatur,
1474 3399 1528 3445 et
1557 3390 1895 3447 illuminator

305 3475 527 3545 quidem
586 3476 1037 3547 incorporearum
1095 3480 1622 3551 intelligentiumque
1667 3492 1893 3537 natura-

305 3583 450 3622 rum.
489 3566 592 3622 Sol»
612 3583 746 3623 vero
762 3569 989 3641 justitiae
1019 3585 1083 3625 ac
1106 3571 1288 3627 lumen
1311 3573 1558 3628 veritatis
1580 3582 1665 3629 est
1684 3574 1889 3639 dictus,

304 3661 399 3730 qui
451 3658 727 3715 subservit
796 3670 959 3731 atque
1011 3678 1231 3732 operam
1267 3679 1425 3720 suam
1479 3665 1750 3721 immiscet
1799 3683 1894 3738 pa-

303 3752 478 3807 ternis
508 3751 981 3822 dispositionibus,
1014 3769 1081 3808 ex
1106 3770 1217 3825 quo
1252 3765 1306 3811 et
1336 3754 1519 3813 Patris
1548 3756 1800 3812 minister
1839 3768 1893 3814 et

305 3841 487 3913 opifex
520 3853 887 3914 nuncupatur.
939 3843 1103 3899 Solus
1134 3860 1265 3901 vero
1319 3853 1474 3902 certo
1515 3846 1709 3902 ordine
1740 3848 1893 3903 novit

306 3932 419 3989 Deo
448 3934 847 4005 obtemperare,
906 3934 1001 4005 qui
1056 3935 1222 3990 etiam
1279 3936 1528 3991 medicus
1576 3937 1886 4003 intercedit,

305 4029 451 4083 inter
476 4026 651 4083 Deum
668 4028 757 4097 qui
773 4028 991 4097 genitus
1013 4043 1123 4083 non
1153 4034 1258 4092 est,
1288 4038 1342 4083 et
1375 4042 1469 4084 eas
1494 4044 1585 4085 res
1612 4044 1735 4100 quae
1767 4041 1891 4100 post

306 4121 486 4190 ipsum
511 4118 706 4190 genita:
730 4127 878 4184 sunt,
922 4120 1017 4191 qui
1046 4120 1641 4177 universicurationem
1675 4136 1891 4178 assum-

306 4212 439 4283 psit,
470 4221 525 4266 et
555 4212 709 4266 Patri
740 4228 837 4283 pro
864 4213 1122 4269 omnibus
1171 4213 1265 4284 qui
1304 4212 1383 4267 illi
1415 4221 1607 4284 parent
1628 4221 1714 4269 est
1754 4229 1891 4269 con-

307 4308 557 4358 secratus
575 4289 834 4373 solusque
864 4303 1016 4357 illum
1047 4304 1303 4358 omnibus
1327 4303 1513 4358 mitem
1566 4302 1891 4374 propitium-

305 4411 415 4465 que
461 4394 662 4462 reddit,
718 4395 812 4466 qui
876 4393 1128 4451 Pontifex
1189 4403 1448 4459 aeternus,
1507 4410 1573 4450 ac
1622 4402 1888 4466 prazterea

1999 1914 2057 1965 ἐν
2097 1910 2308 1975 τούτοις
2351 1911 2757 1984 περιεχομένων
2803 1911 3018 1981 φύσεων
3072 1910 3179 1965 τῶν
3216 1927 3277 1962 τε
3325 1909 3591 1962 ἐπέκεινα

1997 2004 2227 2076 οὐρανοῦ
2271 2005 2431 2058 θείων
2464 2006 2558 2059 καὶ
2589 2005 2896 2076 ἀσωμάτων
2931 2003 3128 2057 οὐσιῶν
3171 2005 3465 2057 ἐπισκοπεῖ
3490 2004 3591 2057 καὶ

1999 2095 2320 2167 ἐπιμέλεται
2357 2095 2494 2150 Θεοῦ
2529 2096 2736 2165 Λόγος,
2782 2097 2878 2150 καὶ
2905 2096 3040 2150 Θεοῦ
3081 2098 3278 2167 σοφία,
3323 2100 3420 2151 καὶ
3448 2096 3587 2151 Θεοῦ

1997 2186 2227 2257 δύναμις
2279 2186 2462 2257 ἄρχων
2522 2203 2583 2239 τε
2636 2186 2728 2240 καὶ
2781 2186 3084 2259 ἡγούμενος
3151 2189 3248 2242 καὶ
3306 2187 3584 2259 βασιλεύς.

2002 2277 2140 2347 Ἤδη
2173 2276 2230 2329 δὲ
2256 2278 2351 2330 καὶ
2380 2276 2511 2341 Θεὸς
2543 2277 2637 2332 καὶ
2661 2276 2863 2349 Κύριος
2890 2279 2949 2331 ὲν
2978 2281 3094 2343 τοῖς
3121 2278 3289 2343 θείοις
3315 2282 3590 2352 χρησμοῖς

1999 2370 2394 2441 ἀνευφημεῖται
2421 2410 2436 2434 ,
2488 2371 2586 2425 καὶ
2639 2370 2889 2440 φωτίζων
2947 2372 3045 2443 μὲν
3102 2372 3203 2436 τάς
3257 2374 3590 2445 ἀσωμάτους

1998 2460 2091 2512 καὶ
2130 2459 2323 2530 νοεράς
2362 2459 2572 2529 φύσεις.
2620 2459 2810 2523 ’Ἥλιος
2858 2460 2915 2513 δέ
2953 2461 3297 2533 δικαιοσύνης
3334 2464 3430 2517 καὶ
3468 2464 3591 2534 φῶς

1998 2544 2255 2615 ἀληθινὸν
2322 2547 2641 2618 ἀνείρηται,
2697 2548 2989 2620 ὑπουργῶν
3043 2550 3102 2604 δὲ
3150 2552 3246 2605 καὶ
3305 2553 3591 2623 συνεργῶν

1997 2639 2117 2701 ταῖς
2145 2636 2240 2690 τοῦ
2270 2639 2485 2710 Πατρὸς
2538 2638 2866 2706 διατάξεσιν,
2923 2642 3196 2713 ὑπουργὸς
3240 2643 3335 2696 τοῦ
3368 2644 3591 2717 Πατρὸς

1998 2730 2093 2783 καὶ
2136 2730 2470 2801 δημιουργὸς
2512 2732 2861 2804 χρηματίζει.
2922 2734 3082 2788 Ἀλλά
3122 2736 3216 2789 καὶ
3252 2737 3413 2807 μόνος
3444 2737 3593 2791 κατά

1996 2822 2150 2889 τάξιν
2192 2822 2349 2887 εἰδὼς
2379 2822 2703 2897 θεραπεύειν
2733 2826 2888 2891 Θεὸν,
2926 2827 3091 2898 μέσος
3129 2845 3190 2881 τε
3231 2828 3404 2892 ἑστὼς
3447 2829 3587 2883 Θεοῦ

1996 2914 2089 2967 τοῦ
2136 2915 2432 2987 ἀγεννήτου
2471 2916 2566 2969 καὶ
2600 2916 2709 2970 τῶν
2739 2918 2858 2989 μετ’
2889 2918 3050 2973 αὐτὸν
3094 2919 3357 2989 γενητῶν,
3386 2922 3490 2993 τήν
3526 2938 3590 2974 τε

1996 3006 2105 3061 τῶν
2152 3006 2291 3061 ὅλων
2333 3005 2759 3079 ἀναδεδεγμένος
2807 3010 3100 3082 φροντίδα,
3142 3012 3239 3065 καὶ
3288 3011 3433 3083 ὑπὲρ
3472 3012 3590 3067 τῶν

1998 3099 2254 3172 ὑπηκόων
2297 3101 2553 3156 ἁπάντων
2596 3102 2889 3175 ἱερώμενος
2928 3103 3008 3175 τῷ
3042 3105 3249 3176 Ila-cpi,
3283 3106 3377 3159 καὶ
3425 3106 3591 3176 μόνος

1997 3193 2160 3247 αὐτὸν
2188 3196 2303 3258 τοῖς
2334 3195 2501 3248 πᾶσιν
2535 3196 2738 3267 εὐμενῆ
2776 3197 2872 3250 καὶ
2900 3196 3058 3250 ἵλεων
3090 3196 3370 3268 παρέχων,
3396 3197 3591 3269 ἀρχιε-

1999 3288 2127 3360 ρεὺς
2157 3285 2396 3353 αἰώνιος,
2441 3290 2535 3343 καὶ
2570 3289 2635 3362 δὴ
2665 3290 2900 3361 Χριστὸς
2933 3289 3030 3343 τοῦ
3061 3290 3278 3363 Πατρὸς
3311 3307 3591 3361 προσαγο-

1999 3379 2235 3451 ρεύεται,
2265 3378 2408 3433 οὕτω
2436 3382 2533 3435 καὶ
2560 3381 2832 3454 Ἑὸραίοις
2855 3366 3107 3453 Χριστῶν
3136 3382 3589 3453 ἐπικαλουμένων

1996 3475 2164 3528 πάλαι
2206 3474 2316 3528 τῶν
2361 3474 2460 3546 τὴν
2499 3475 2686 3529 εἰκόνα
2740 3474 2836 3528 τοῦ
2893 3474 3112 3548 πρώτου
3160 3475 3251 3529 διὰ
3295 3476 3590 3547 συμϐόλων

1996 3568 2408 3623 ἐπιτελούντων.
2460 3570 2572 3622 Kal.
2627 3569 2718 3623 ὅτε
2774 3569 2872 3639 μὲν
2946 3568 3201 3638 ἀγγέλοις
3270 3568 3591 3641 ταξιαρχῶν

1995 3661 2293 3724 ἐπιστατεῖ,
2352 3660 2598 3732 μεγάλης
2653 3659 2852 3731 βουλῆς
2891 3659 3122 3729 ἄγγελος
3159 3660 3589 3732 ἀναγορεύεται,

1994 3752 2089 3804 καὶ
2108 3750 2216 3805 τῶν
2245 3753 2366 3805 κατ’
2389 3751 2618 3824 οὐρανὸν
2641 3749 2909 3822 στρατιῶν
2932 3750 3067 3821 ὴγού
3077 3767 3259 3821 μενος,
3284 3751 3591 3822 ἀρχιστρά-

1992 3859 2158 3913 τηγος
2185 3843 2467 3914 δυνάμεως
2509 3842 2713 3913 Κυρίου
2745 3838 2911 3895 εἶναι’
2959 3841 3061 3914 ἠδη
3084 3841 3143 3895 δὲ
3170 3841 3372 3896 κατιὼν
3393 3843 3487 3895 ἐπὶ
3518 3844 3591 3896 τά

1993 3937 2139 4007 τῇδε,
2180 3936 2339 4008 ἡμῶν
2365 3953 2426 3989 τε
2451 3936 2631 3990 αὐτῶν
2661 3935 2762 4007 τῆς
2796 3935 3024 4005 λογικῆς
3074 3934 3317 4004 φύσεως,
3376 3936 3477 4005 τῆς
3524 3952 3587 3988 τε

1997 4029 2131 4093 ίδίας
2161 4028 2350 4093 αὐτοῦ,
2379 4029 2540 4102 χάριν
2569 4029 2799 4096 εἰκόνος,
2832 4027 3217 4100 φιλανθρωπίᾳ
3241 4027 3336 4081 τοῦ
3366 4028 3588 4099 Πατρὸς

1994 4120 2546 4193 ἀντιλαμϐανόμενος,
2600 4119 2737 4174 καθὸ
2780 4120 2883 4192 μὲν
2922 4119 3068 4174 ἔοικε
3109 4120 3321 4192 νηπίων
3366 4119 3584 4191 ἄρχειν,

1992 4212 2088 4265 καὶ
2145 4212 2309 4266 οἱονεὶ
2361 4213 2726 4285 βοσκημάτων
2747 4253 2762 4278 ,
2815 4214 3020 4285 ποιμὴν
3074 4213 3386 4285 ὠνόμασται
3446 4229 3590 4285 προ-

1993 4304 2203 4360 ϐάτων·
2260 4306 2407 4360 καθὸ
2451 4306 2508 4360 δὲ
2566 4305 2754 4378 ψυχῶν
2817 4306 3077 4379 ἐμπαθῶν
3132 4306 3231 4379 τὴν
3280 4305 3589 4376 θεραπείαν

1996 4397 2412 4467 ἐπαγγέλλεται,
2435 4398 2623 4470 Σωτὴρ
2649 4399 2744 4452 καὶ
2775 4399 2958 4471 ἰατρὸς
2994 4398 3221 4462 εἰκότως
3259 4396 3325 4451 ἂν
3347 4397 3581 4466 λέγοιτο.

305 4484 560 4543 Christus
599 4485 778 4543 Patris
834 4494 1083 4542 vocatur.
1144 4485 1236 4541 Sic
1288 4487 1433 4541 enim
1455 4485 1599 4558 apud
1631 4485 1887 4543 Hebr-«eos

1998 4488 2166 4543 Τοῦτο
2208 4489 2405 4561 γοῦνή
2446 4491 2579 4561 παρ’
2630 4488 2902 4561 Ἑϐραίοις
2947 4487 3041 4543 τοῦ
3099 4489 3274 4560 Ἰησοῦ
3321 4491 3589 4561 σημαίνει

307 4578 437 4632 olim
478 4579 914 4649 appellabantur,
946 4576 1041 4646 qui
1072 4576 1367 4646 imaginem
1405 4577 1569 4647 primi
1614 4593 1712 4648 per
1741 4593 1892 4647 quaa-

307 4671 432 4725 dam
466 4674 622 4743 signa
652 4670 985 4737 referebant,
1026 4685 1091 4725 ac
1139 4671 1271 4725 dum
1324 4672 1641 4743 angelorum
1672 4671 1892 4742 quidem

308 4764 597 4821 ordinibus
636 4766 890 4834 imperat,
919 4773 1079 4833 atque
1120 4763 1187 4820 iis
1236 4773 1453 4835 praeest,
1489 4765 1670 4835 magni
1710 4765 1894 4820 consi-

306 4854 365 4907 lii
425 4856 653 4924 angelus
679 4869 801 4911 esse
829 4853 1054 4918 dicitur,
1116 4861 1171 4909 et
1232 4855 1442 4909 militiae
1478 4854 1722 4910 caelestis
1754 4854 1887 4919 dux,

309 4958 374 4999 ac
433 4946 707 5001 maximus
757 4945 1041 5015 capiarum
1097 4945 1312 5001 Domini
1372 4948 1689 5017 imperator.
1751 4946 1891 5002 Dum

322 5052 451 5092 vero
483 5039 551 5092 ad
589 5038 707 5093 haec
739 5045 929 5093 nostra
990 5038 1296 5104 descendit,
1337 5048 1694 5111 nostramque
1741 5041 1892 5112 ipso—

309 5144 433 5185 rum
460 5129 782 5184 rationalem
815 5136 1087 5195 naturam,
1148 5141 1200 5186 et
1244 5148 1359 5187 sua:
1412 5133 1668 5205 imaginis
1698 5148 1886 5198 causa,

309 5228 364 5274 ct
396 5220 638 5276 bonitate
677 5219 854 5277 Patris
880 5222 1133 5287 assumit,
1193 5239 1260 5278 ex
1295 5240 1404 5294 quo
1458 5240 1591 5281 sane
1646 5226 1895 5296 parvulis

310 5319 476 5380 atque
552 5311 983 5381 insipientibus,
1068 5327 1133 5367 ac
1211 5317 1603 5385 propemodum
1677 5319 1891 5386 pecori-

310 5402 413 5456 bus
464 5401 735 5473 imperare
760 5403 992 5469 videtur,
1050 5414 1239 5473 pastor
1294 5407 1481 5462 ovium
1538 5408 1720 5465 dictus
1780 5418 1885 5467 est.

311 5484 593 5559 Quatenus
648 5510 779 5550 vero
844 5496 1150 5551 animarum
1192 5500 1569 5567 :egrotantium
1621 5502 1887 5558 medelam

308 5584 623 5653 pollicetur,
676 5586 873 5643 merito
939 5585 1193 5643 Salvator
1247 5604 1310 5643 ac
1378 5591 1625 5649 medicus
1663 5591 1886 5650 dicitur.

382 5720 615 5813 ‘llatth.
655 5776 773 5827 vm,
810 5761 901 5817 29.

1999 4580 2357 4654 προσηγορία.
2415 4581 2569 4634 Ἐπεὶ
2612 4581 2671 4635 δὲ
2710 4581 2818 4634 ἔδει
2854 4580 2983 4634 ποτὲ
3033 4582 3128 4636 καὶ
3160 4581 3311 4652 αὐτῷ
3342 4583 3581 4652 ὀργάνου

1995 4671 2357 4744 ἀνθρωπίνου,
2405 4670 2481 4734 ὡς
2523 4670 2590 4724 ἂν
2630 4670 2725 4725 καὶ
2772 4670 3079 4743 ἀνθρώποις
3125 4673 3315 4726 ἐαυτὸν
3367 4677 3581 4745 φήνειε,

1994 4764 2090 4818 καὶ
2125 4766 2224 4836 τῆς
2263 4765 2358 4818 τοῦ
2391 4763 2608 4835 Πατρὸς
2639 4761 2987 4832 ἐπιγνώσεως
3026 4765 3122 4818 καὶ
3153 4765 3442 4828 εὐσεϐείας
3488 4766 3581 4819 τὸν

1992 4859 2167 4930 ἀληθῆ
2196 4858 2353 4929 λόγον
2375 4857 2627 4923 διδάξειε,
2658 4862 2753 4914 καὶ
2786 4858 2974 4913 τοῦτον
3003 4859 3104 4912 οὐκ
3131 4859 3459 4930 ἀπαρνείται
3486 4860 3580 4914 τὸν

1991 4951 2222 5023 τρόπον’
2263 4951 2457 5015 ἐπιϐὰς
2487 4950 2543 5004 δέ
2575 4947 2635 5005 εὖ
2670 4952 2814 5024 μάλα
2842 4955 2907 5024 τῇ
2937 4953 3183 5023 ἡμετέρᾳ
3204 4951 3387 5021 φύσει,
3436 4952 3579 5024 πάρ-

1993 5058 2131 5094 εισιν
2154 5042 2235 5105 είς
2270 5041 2613 5112 ἀνθρώπους,
2660 5042 2793 5096 Θεὸν
2815 5043 2881 5097 δι’
2906 5042 3194 5114 ἀνθρώπου
3220 5044 3364 5114 μέγα
3384 5045 3579 5116 θαῦμα

1990 5135 2102 5196 τοῖς
2132 5134 2297 5186 πᾶσιν
2327 5132 2799 5204 ἐπιδεικνύμενος*
2830 5135 2906 5199 ὡς
2943 5134 3010 5189 ἂν
3048 5134 3311 5207 μὴ.μόνον
3343 5135 3405 5201 ἐξ
3446 5138 3580 5206 ἀφα-

1990 5222 2114 5286 νοῦς
2146 5223 2240 5276 καὶ
2272 5223 2469 5293 ἀδήλου
2515 5223 2754 5294 ἄσαρκος
2784 5225 2860 5288 ὡς
2897 5224 2991 5279 καὶ
3031 5223 3322 5295 ἀσώματος
3352 5228 3579 5279 ἐπιστα-

1989 5313 2133 5384 τοίη,
2160 5316 2342 5378 αὐτοῖς
2364 5314 2419 5368 δέ
2446 5315 2651 5387 σαρκὸς
2675 5314 2918 5387 ὄμμασιν
2939 5313 3237 5386 ὁρώμενος,
3267 5316 3575 5390 ἀνθρώπων

1988 5424 2048 5460 τε
2103 5406 2401 5477 ὀφθαλμοῖς
2450 5408 2544 5460 καὶ
2597 5408 2740 5478 ὑπὲρ
2789 5408 3078 5480 ἄνθρωπον
3123 5408 3574 5484 θαυματουργίας

1990 5499 2247 5570 παρέχων
2279 5501 2431 5571 ὁρᾷν,
2464 5499 2560 5554 καὶ
2589 5501 2813 5572 προσέτι
2856 5501 3106 5573 σώματος
3133 5503 3327 5568 ἀκοαῖς
3354 5504 3457 5568 τάς
3484 5504 3574 5558 διὰ

1989 5589 2235 5663 γλώττης
2266 5592 2362 5645 καὶ
2401 5593 2584 5664 φωνῆς
2631 5592 2894 5665 ἐνάρθρου
2936 5593 3265 5665 παραδιδοὺς
3312 5595 3569 5651 διδασκα-
