3846 6218
170 318 284 377 93!

1105 318 1766 377 DEMONSTRATIONIS
1804 321 2267 379 EVANGELICA‘I
2300 323 2431 381 LIB.
2464 323 2557 381 ιν.

3335 321 3444 374 23⁸3

168 437 323 525 ita,
370 435 515 491 θεῖόν
559 452 618 490 τε
660 434 736 500 ὡς
776 435 993 507 ἀληθῶς
1042 439 1139 492 καὶ
1192 439 1495 511 παράδοξον
1548 440 1759 525 χρῆμα,

1869 439 2027 512 165
2066 439 2181 496 Hoc
2218 441 2366 497 enim
2406 441 2550 511 apud
2574 438 2832 495 Hebraeos
2871 436 3005 493 Jesu
3038 437 3330 509 appellatio
3363 440 3441 494 si-

168 522 289 579 οἷον
318 527 434 579 οὐδ’
460 526 590 580 ἄλλο
625 545 711 581 πω
738 529 903 597 φανὲν
937 530 1370 601 μνημονεύεται,
1403 522 1670 603 σωτήριόν
1700 548 1760 585 τε

167 616 315 687 ὁμοῦ
355 618 455 672 καὶ
499 619 847 690 εὐεργετικὸν
886 624 999 684 τοῖς
1042 623 1210 676 πᾶσιν
1246 624 1410 688 αὐτὸς
1446 625 1639 678 ἑαυτὸν
1671 627 1759 678 ὲν-

164 712 546 783 δεικνύμενος.
578 712 736 767 Οὕτω
764 715 899 785 δῆτα
934 718 962 768 ὁ
994 715 1126 779 Θεὸς
1153 719 1181 770 ὁ
1206 717 1378 786 Λόγος
1412 717 1526 783 υίὸς
1553 718 1761 790 ἀνθρώ-

166 815 278 851 που
319 800 561 868 ἐλέγετο,
591 802 687 854 καὶ
733 803 941 874 Ἰησοῦς
975 805 1306 876 ὠνομάζετο,
1339 811 1470 881 παρ’
1498 810 1622 862 ὅσον
1659 809 1760 880 τῆς

161 891 282 943 τῶν
324 889 683 960 ἀνθρωπίνων
728 892 915 962 ψυχῶν
969 894 1164 958 ἰάσεώς
1213 913 1273 949 τε
1322 897 1417 950 καὶ
1464 897 1759 969 θεραπείας

164 980 337 1050 χάριν
364 981 465 1051 τὴν
496 980 727 1050 πάροδον
759 985 839 1046 είς
866 984 1014 1053 ἡμᾶς
1048 986 1304 1040 ἐποιεῖτο.
1352 988 1543 1060 Σωτὴρ
1592 989 1635 1042 δ’
1667 985 1758 1043 οὖν

165 1069 265 1138 καὶ
298 1071 433 1141 παρ’
475 1071 749 1142 Ἑϐραίοις
790 1073 1210 1146 ἑρμηνεύεταιή
1249 1075 1343 1129 τοῦ
1381 1077 1554 1148 Ἰησοῦ
1591 1095 1760 1150 προσ-

163 1161 393 1231 ηγορία.
467 1162 578 1226 Τάς
623 1180 682 1217 τε
736 1164 923 1229 κοινάς
968 1168 1097 1237 ἡμῖν
1149 1168 1409 1237 ὑπέμεινε
1458 1169 1754 1241 διατριϐὰς,

161 1254 422 1324 οὐδαμῶς
460 1256 557 1326 μὲν
594 1256 688 1310 τοῦ
732 1252 872 1311 εἶναι
917 1258 977 1322 ὃς
1010 1255 1078 1330 ἦν
1115 1260 1486 1332 ἐξιστάμενος,
1518 1262 1653 1333 ὁμοῦ
1698 1263 1758 1317 δὲ

160 1348 225 1400 ἐν
258 1347 341 1417 τῷ
372 1348 645 1419 ἀνθρώπῳ
682 1350 962 1420 φυλάττων
999 1352 1091 1405 τὸν
1127 1353 1280 1407 Θεόν.
1324 1354 1501 1417 Εὐθὺς
1534 1371 1758 1425 τοιγαρ-

161 1434 259 1488 οῦν
306 1437 403 1489 ἐπὶ
440 1438 540 1508 τῆς
582 1439 809 1511 πρώτης
840 1442 920 1504 εἰς
958 1440 1279 1512 ἀνθρώπους
1332 1444 1638 1516 καταϐολῆς
1677 1443 1756 1516 τῷ

163 1526 287 1598 Θεῷ
315 1529 418 1599 τῆς
443 1530 718 1602 ἡμετέρας
740 1533 1006 1601 γενέσεως
1041 1536 1139 1606 τὴν
1168 1535 1346 1589 ἔνθεον
1373 1537 1639 1608 ἀνακιρνᾷ
1667 1554 1758 1606 με·

157 1620 520 1692 γαλουργίαν,
545 1623 865 1694 τικτόμενος
894 1626 991 1696 μὲν
1022 1628 1153 1698 ἡμῖν
1179 1627 1401 1698 ὁμοίως,
1432 1628 1526 1680 καὶ
1558 1627 1753 1699 θνητοῦ

156 1708 318 1782 δίκην
350 1711 637 1784 ἄνθρωπον
664 1716 1118 1788 ἀμφιεννύμενος,
1146 1718 1222 1783 ὡς
1256 1719 1312 1771 δ’
1334 1719 1517 1772 οὐκέτι
1542 1719 1754 1791 ἄνθρω-

157 1819 283 1865 πος,
312 1802 451 1856 ἀλλὰ
476 1804 627 1870 Θεὸς,
651 1808 709 1874 ἐξ
733 1809 1004 1880 ἀχράντου
1032 1812 1129 1863 καὶ
1153 1812 1531 1882 ἀπειρογάμου
1558 1812 1748 1883 κόρης,

156 1893 285 1962 οὐχὶ
328 1894 388 1948 δὲ
426 1896 493 1948 ἐκ
539 1897 737 1967 μίξεως
765 1902 859 1955 καὶ
900 1900 1110 1973 φθορᾶς
1150 1901 1249 1975 τὴν
1282 1902 1375 1956 τοῦ
1424 1904 1749 1974 φαινομένου

154 1984 379 2050 γένεσιν
404 1987 799 2060 ὑφιστάμενος.

1862 535 2104 606 gniﬁcat.
2128 533 2419 599 Caeterum,
2447 549 2575 591 cum
2595 533 2699 605 ipsi
2722 533 2965 588 humano
2992 547 3211 603 quoque
3230 534 3440 588 instru-

1861 634 2047 680 mento
2078 640 2219 698 opus
2255 637 2422 690 esset,
2455 641 2569 695 quo
2637 626 2803 682 etiam
2837 626 3151 683 hominibus
3199 627 3438 695 seipsum

1861 715 2196 780 ostenderet,
2227 714 2521 787 Patrisque
2549 717 2632 773 sui
2657 718 2988 789 agnoscendi
3020 725 3075 772 et
3104 717 3318 772 colendi
3342 732 3439 771 ve-

1861 820 1978 859 ram
2007 807 2273 861 rationem
2310 806 2559 874 doceret,
2595 822 2662 861 ne
2706 807 2854 862 hunc
2901 806 3120 877 quidem
3165 805 3437 860 recusavit

1860 897 2104 961 modum,
2135 896 2228 953 sed
2265 897 2645 954 strenuissime
2677 907 2928 952 naturam
2952 908 3193 952 nostram
3224 897 3437 967 ingres-

1862 1003 1978 1051 sus,
2010 987 2077 1042 ad
2108 988 2357 1044 homines
2383 990 2637 1056 accessit,
2668 1004 2733 1043 ac
2760 988 2929 1043 Deum
2973 987 3208 1041 hominis
3232 986 3436 1057 specie,

1860 1078 2054 1149 ingens
2097 1079 2423 1133 miraculum
2463 1080 2724 1143 ostendit,
2762 1086 2821 1133 ut
2850 1094 2960 1133 non
2995 1079 3171 1134 solum
3203 1078 3440 1133 obscure

1860 1185 1924 1225 ac
1946 1170 2196 1235 latenter,
2228 1169 2348 1226 sine
2378 1186 2543 1226 carne
2561 1180 2615 1225 et
2645 1171 2765 1226 sine
2787 1184 3015 1240 corpore
3039 1174 3316 1238 praeesset,
3344 1182 3440 1222 ve.-

1858 1277 1980 1317 rum
2009 1262 2146 1331 ipsis
2177 1278 2394 1333 quoque
2431 1263 2712 1332 corporeis
2760 1249 3040 1318 obtutibus
3077 1270 3286 1332 patens,
3340 1258 3440 1313 ho-

1856 1355 2180 1424 minumque
2221 1355 2399 1410 oculis
2452 1356 2717 1410 miracula
2762 1368 2885 1425 quae
2937 1367 3104 1423 supra
3156 1350 3438 1429 hominem

1859 1452 1989 1501 sunt
2039 1446 2307 1501 exhibens
2351 1445 2642 1510 intuenda,
2689 1446 2771 1500 sic
2814 1444 3034 1516 quidem
3075 1442 3144 1497 ad
3185 1441 3438 1512 corporis

1858 1537 2027 1592 etiam
2058 1553 2241 1602 aures,
2298 1537 2518 1608 linguae,
2559 1537 2820 1607 vocisque
2865 1536 3168 1590 articulatae
3204 1534 3438 1605 fungens

1858 1629 2057 1695 oliicio,
2102 1631 2430 1685 documenta
2475 1629 2790 1684 hominibus
2834 1629 3120 1698 praeberet,
3163 1627 3440 1683 divinum-

1856 1735 1963 1789 que
2008 1733 2200 1774 revera
2238 1726 2402 1789 atque
2455 1717 2776 1773 admirabile
2824 1719 3229 1787 spectaculum,
3275 1717 3441 1785 quale

1857 1811 2068 1866 nullum
2094 1811 2239 1865 aliud
2271 1809 2451 1864 adhuc
2483 1808 2658 1863 visum
2688 1824 2813 1864 esse
2852 1816 3205 1870 memoratur,
3238 1807 3440 1877 quippe

1859 1904 2004 1975 quod
2037 1911 2092 1959 et
2127 1904 2385 1969 salutare,
2415 1911 2469 1958 et
2506 1902 2649 1958 idem
2677 1900 3000 1956 beneﬁcium
3024 1900 3281 1955 omnibus
3313 1915 3440 1954 sen-

1857 1998 2077 2063 tiretur,
2112 1996 2230 2066 ipse
2260 1995 2502 2065 seipsum
2530 1994 2859 2049 ostenderet.
2888 1990 3086 2062 Sicque
3101 1992 3266 2046 etiam
3293 1989 3439 2045 Deus

156 2075 431 2144 Verbum,
504 2082 652 2139 lilius
696 2084 937 2142 hominis
976 2087 1284 2156 dicebatur,
1351 2096 1406 2144 et
1451 2097 1725 2159 quatenus
1760 2089 1829 2145 ad
1862 2091 2112 2146 homines
2155 2098 2401 2153 venerat,
2449 2097 2511 2143 ut
2555 2088 2754 2143 animis
2794 2087 3052 2141 humanis
3088 2084 3436 2149 medicinam,

154 2172 568 2247 sanitatemque
616 2178 864 2248 aﬁ‘erret,
921 2180 1084 2238 Jesus
1143 2185 1555 2239 nominabatur.
1614 2183 1751 2239 Nam
1788 2186 1964 2256 ipsius
2009 2183 2141 2240 Jesu
2209 2184 2354 2251 apud
2403 2182 2663 2239 Hebraeos
2708 2181 3038 2252 appellatio,
3099 2177 3440 2233 Saivatorem

154 2265 335 2334 plane
380 2267 674 2338 signiﬁcat.
741 2270 1244 2344 Itaque-communi
1292 2292 1446 2333 more
1480 2292 1550 2332 ne
1585 2278 1796 2333 versari
1830 2279 2050 2348 quidem
2096 2277 2407 2341 nobiscum,
2447 2276 2595 2332 haud
2644 2276 2926 2345 indignum
2998 2288 3100 2337 sua
3150 2272 3442 2338 maiestate

143 2358 450 2426 judicavit,
496 2362 716 2419 interim
764 2376 949 2421 tamen
1022 2383 1296 2439 nusquam
1346 2369 1609 2425 desinens
1638 2385 1762 2425 esse
1797 2368 1944 2440 quod
1998 2376 2138 2433 erat,
2168 2368 2262 2424 sed
2312 2369 2368 2423 in
2398 2368 2618 2423 homine
2648 2369 2852 2437 pariter
2872 2364 3041 2420 Deum
3077 2378 3434 2419 conservans.

154 2448 355 2522 Itaque
388 2453 573 2507 statim
610 2455 665 2508 in
707 2458 883 2524 primo
914 2456 980 2512 ad
1015 2456 1266 2513 homines
1292 2458 1588 2527 descensu,
1653 2474 1778 2515 cum
1815 2457 1926 2514 Deo
1957 2458 2206 2513 divinam
2275 2458 2599 2513 commiscet
2644 2458 2819 2511 nostri
2855 2464 3011 2510 ortus
3041 2455 3441 2510 admirabilita-
3496 2528 3501 2531 1

155 2557 270 2601 tem
314 2565 331 2602 :
375 2551 596 2620 quippe,
654 2553 750 2622 qui
799 2568 951 2608 more
986 2563 1178 2609 nostro
1233 2555 1306 2610 sit
1380 2555 1585 2620 editus,
1652 2562 1708 2611 et
1748 2555 1996 2610 mortalis
2042 2556 2241 2620 instar,
2280 2554 2559 2609 hominem
2597 2552 2844 2615 indutus,
2892 2550 2987 2606 sed
3022 2565 3134 2605 non
3175 2557 3438 2618 tanquam

148 2640 348 2706 homo,
380 2659 571 2698 verum
605 2651 665 2698 ut
704 2644 847 2701 Deus
878 2645 946 2701 de
977 2645 1298 2716 purissima,
1346 2647 1641 2719 nullasque
1705 2657 1932 2719 experta
1991 2642 2214 2717 nuptias
2259 2645 2507 2717 Virgine,
2546 2657 2892 2715 nequaquam
2930 2657 3062 2698 vero
3101 2655 3169 2696 ex
3227 2654 3435 2696 concu-

148 2736 276 2791 bitu
333 2744 432 2790 aut
473 2737 827 2805 corruptione
855 2743 1037 2792 ortum
1069 2738 1215 2808 ejus,
1245 2739 1339 2809 qui
1363 2739 1482 2810 ipse
1510 2738 1828 2810 apparebat,
1855 2738 2148 2809 acceperit.

899 2901 1003 2955 IA'.

302 3037 507 3104 Ὅπως
538 3037 648 3092 τὸν
683 3037 755 3093 ἐν
780 3038 1113 3108 ἀνθρώποις
1142 3039 1424 3110 διεξῆλθε
1439 3041 1617 3106 βίον.

222 3151 341 3204 Καὶ
372 3150 466 3203 τὸν
496 3151 624 3223 ἑξῆς
659 3150 719 3205 δὲ
757 3149 1048 3222 σύμπαντα
1081 3151 1218 3224 βίον,
1251 3152 1425 3227 ταύτῃ
1458 3171 1534 3225 πη
1574 3152 1746 3208 διετέ-

144 3242 255 3305 λει,
282 3241 412 3294 τοτὲ
438 3241 538 3311 μὲν
552 3242 652 3311 τὴν
668 3242 804 3313 πρὸς
824 3243 973 3313 ἡμᾶς
991 3242 1403 3313 ὁμοιοπάθειαν,
1426 3242 1547 3295 τοτὲ
1574 3241 1632 3295 δὲ
1654 3242 1747 3296 τὸν

145 3331 290 3384 Θεοῦ
342 3331 519 3399 Λόγον
554 3331 901 3401 ὑποφαίνων,
943 3333 1336 3405 μεγαλουργῶν
1377 3335 1474 3387 καὶ
1510 3332 1747 3405 παραδο-

148 3424 390 3489 ξοποιῶν
421 3424 498 3486 ὠς
528 3422 681 3488 Θεὸς,
732 3424 827 3478 καὶ
852 3423 962 3478 τῶν
998 3422 1298 3493 μελλόντων
1335 3423 1554 3478 ἔσεσθαι
1584 3441 1747 3495 προα-

145 3512 420 3585 ναφωνῶν
456 3513 556 3577 τὰς
592 3515 949 3587 προρρήσεις,
1000 3515 1096 3567 καὶ
1134 3514 1226 3568 τὸν
1265 3515 1338 3586 μὴ
1374 3517 1490 3578 τοῖς
1531 3514 1745 3579 πολλοῖς

142 3604 434 3677 ὁρώμενον
472 3604 605 3658 Θεὸν
644 3606 818 3675 Λόγον
870 3609 984 3670 τοῖς
1013 3607 1193 3680 ἔργοις
1240 3606 1499 3679 ἄντικρυς
1546 3607 1741 3661 ἐπιδει-

144 3696 421 3768 κνύμενος
447 3694 674 3771 [εἰκότα
708 3698 767 3751 δὲ
797 3698 893 3751 καὶ
928 3698 1089 3769 ὅμοια
1117 3701 1237 3763 ταῖς
1265 3699 1512 3773 ἀρχαῖς].

892 3896 994 3950 IB’.

184 3990 286 4056 Ὦς
315 3989 611 4059 καὶμέχρι
638 3989 779 4062 τῶνᾷ
794 3990 980 4045 πάλαι
1015 3992 1455 4062 κατοιχομένων
1480 3992 1744 4049 ἐκάλουν

403 4063 593 4115 αὑτὸν
621 4063 675 4114 οἱ
705 4060 818 4129 τῆς
850 4060 1298 4131 φιλανθρωπίας
1333 4064 1525 4132 νόμοι.

212 4176 332 4229 Καὶ
375 4177 447 4231 τὰ
495 4176 622 4248 τέλη
657 4177 808 4248 αὐτῷ
850 4177 949 4248 τῆς
992 4178 1052 4243 ἐξ
1083 4177 1386 4251 ἀνθρώπων
1424 4178 1742 4250 ἀπαλλαγῆς

143 4270 498 4340 ἑνεχειρεῖτο.
532 4271 643 4323 Καὶ
675 4269 784 4341 γὰρ
827 4271 987 4342 μέχρι
1031 4270 1286 4337 θανάτου,
1315 4271 1411 4326 καὶ
1440 4272 1621 4326 αὐτῶν
1659 4289 1741 4325 νε-

1768 3064 1816 3126 C

2596 2896 2686 2954 X‘l.

1988 3036 2443 3105 Quemadmodum
2475 3037 2615 3091 inter
2654 3036 2889 3090 homines
2917 3035 3077 3090 vitam
3110 3036 3292 3104 egerit.

1920 3152 2189 3222 Deinceps
2210 3168 2340 3207 vero
2370 3151 2638 3222 reliquam
2668 3150 2836 3203 vitam
2866 3163 3083 3205 omnem
3116 3149 3306 3204 eadem
3343 3164 3437 3202 ra»

1845 3244 1998 3299 tione
2027 3245 2256 3314 peregit,
2288 3257 2435 3297 nunc
2463 3242 2684 3312 quidem
2724 3239 2958 3295 similem
2994 3248 3205 3294 natura:
3227 3249 3431 3293 nostrae

1846 3334 2243 3398 inﬁrmitatem,
2278 3349 2425 3388 nunc
2458 3348 2589 3387 vero
2621 3332 2798 3401 ipsum
2832 3330 2927 3387 Dei
2958 3330 3197 3388 Verbum
3234 3350 3346 3403 prae
3374 3349 3434 3389 se

1846 3425 2051 3495 ferens,
2097 3427 2226 3482 dum
2277 3426 2521 3496 ingentia
2569 3425 2819 3496 quaedam
2871 3434 3037 3496 atque
3088 3425 3434 3481 admirabilia

1844 3526 2109 3588 tanquam
2153 3518 2297 3574 Deus
2324 3517 2506 3585 eﬁicit,
2538 3531 2602 3571 ac
2652 3532 2775 3587 quae
2815 3515 2997 3570 futura
3049 3527 3235 3572 essent
3280 3527 3433 3571 tanto

1843 3618 1971 3663 ante
2008 3608 2283 3677 praedicit,
2325 3616 2380 3662 et
2411 3609 2503 3678 qui
2543 3623 2574 3661 a
2603 3607 2764 3678 166
2799 3609 2986 3663 multis
3023 3625 3132 3663 non
3185 3611 3433 3663 cernitur

1843 3697 1990 3754 Deus
2023 3695 2289 3763 Verbum,
2315 3714 2439 3753 eum
2466 3698 2645 3768 ipsum
2677 3698 2833 3753 factis
2858 3698 3178 3769 planissime
3206 3697 3435 3754 demon-

1843 3798 1982 3847 strat
2011 3789 2188 3863 [paria
2211 3799 2263 3845 et
2291 3790 2493 3845 similia
2526 3790 2751 3864 initiis].

2577 3906 2691 3961 XII.

1844 3997 2000 4068 Quod
2032 4014 2195 4068 usque
2226 3997 2295 4052 ad
2316 4015 2402 4052 eos
2431 3997 2521 4067 qui
2552 3998 2845 4066 antiquitus
2869 3997 3067 4050 mortui
3091 4003 3264 4062 erant,
3294 3996 3432 4066 leges

2205 4068 2553 4123 humanitatis
2588 4068 2739 4120 illum
2774 4070 3049 4121 vocabant.

1912 4184 2052 4241 Vitae
2083 4185 2248 4242 etiam
2280 4182 2442 4237 ﬁnem
2476 4191 2804 4245 extremum,
2838 4196 2962 4237 cum
3009 4182 3079 4236 ab
3112 4179 3435 4236 hominibus

1842 4274 2120 4338 discessit,
2148 4273 2308 4327 initio
2353 4271 2601 4342 ejusdem
2638 4286 2822 4341 parem
2856 4285 2920 4323 ac
2944 4269 3177 4325 similem
3207 4270 3426 4341 prasti-

143 4362 300 4434 κρῶν
329 4363 382 4415 οί
412 4362 515 4432 τῆς
549 4362 959 4433 φιλανθρωπίας
985 4361 1148 4417 αὑτὸν
1181 4364 1411 4419 ἐκάλουν
1449 4366 1625 4436 νόμοι,
1663 4364 1739 4428 ὡς
1772 4409 1784 4464 Ι

1851 4366 1928 4421 tit.
1950 4364 2160 4420 Etenim
2182 4379 2368 4433 usque
2403 4362 2471 4416 ad
2502 4370 2754 4425 mortem,
2776 4372 2936 4432 atque
2968 4376 3143 4430 usque
3177 4361 3243 4414 ad
3278 4363 3431 4431 ipsos

143 4453 213 4507 ἂν
256 4455 358 4507 καὶ
400 4453 512 4507 τῶν
562 4455 729 4509 πάλαι
762 4455 1072 4509 τεθνεώτων
1113 4456 1211 4521 τὰς
1248 4457 1427 4528 ψυχὰς
1470 4458 1739 4512 ἀναωλὲ-
1772 4453 1784 4464 ’

1851 4464 2112 4521 mortuos,
2156 4457 2304 4527 leges
2348 4469 2476 4524 erga
2530 4454 2780 4509 homines
2813 4453 3099 4508 charitatis
3124 4453 3302 4522 ipsum
3333 4468 3428 4507 vo-

143 4561 316 4599 σοιτο’
363 4545 448 4598 an
480 4545 542 4616 δὴ
569 4545 676 4599 τῶν
717 4544 777 4611 ἐξ
803 4547 1000 4611 αἰῶνος
1036 4547 1289 4601 ἁπάντων
1322 4547 1471 4619 αὐτῷ
1500 4549 1602 4620 τῆς
1636 4566 1740 4603 σω-

138 4639 348 4711 τηρίας
373 4637 557 4708 ἔμελε,
600 4638 695 4691 κα)⁵
720 4639 875 4703 ὅπως·
902 4640 991 4694 διὰ
1019 4640 1113 4695 τοῦ
1146 4640 1379 4694 θανάτου
1412 4643 1738 4715 καταργήσῃ

137 4732 234 4784 τὸν
258 4732 322 4783 τὸ
353 4730 555 4802 κράτος
577 4729 769 4801 ἔχοντα
795 4732 889 4785 τοῦ
916 4732 1169 4797 θανάτου,
1251 4731 1319 4786 τὰ
1348 4732 1465 4786 θεῖα
1494 4733 1736 4787 παιδεύει

140 4821 328 4890 λόγια.
378 4820 491 4873 Καὶ
524 4820 698 4874 ταῦτα
741 4820 903 4875 πάλιν
936 4820 1141 4890 ἀναμὶξ
1183 4819 1346 4891 ὑπῄει
1392 4821 1492 4891 τὴν
1536 4821 1738 4874 οἰκονο-

144 4914 275 4985 μίαν
307 4913 387 4977 ὡς
429 4913 526 4985 μὲν
569 4913 875 4984 ἄνθρωπος,
920 4913 981 4965 τὸ
1011 4913 1170 4984 σῶμα
1204 4915 1269 4984 τῇ
1308 4913 1526 4984 συνήθει
1558 4927 1737 4984 παρα-
1758 4984 1779 4991 _

140 5006 344 5078 χωρῶν
380 5008 548 5077 ταφῇ,
580 4998 877 5078 ἀναχωρῶν
911 5005 968 5059 δὲ
1000 5003 1164 5058 αὑτοῦ
1190 5005 1265 5068 ὡς
1294 5004 1446 5067 Θεός.
1473 5005 1735 5075 Φωνήσας

140 5099 275 5167 γοῦν
356 5097 522 5169 μέγα,
582 5098 677 5152 καὶ
743 5097 822 5168 τῷ
886 5098 1084 5170 Πατρὶ,
1148 5116 1166 5149 ι
1240 5095 1620 5167 Παρατίθεμαι
1673 5095 1735 5149 τὸ

141 5189 392 5260 πνεῦμα,
450 5207 469 5241 ι
510 5189 709 5252 εἰπὼν,
744 5189 945 5260 ἄφετος
993 5187 1258 5260 ἀνεχώρει
1308 5188 1402 5242 τοῦ
1442 5186 1691 5259 σώματος
1715 5206 1728 5219 ο

139 5280 406 5352 οὐδαμῶς
454 5282 777 5352 περιμείνας
820 5284 1102 5353 προσεῖναι
1141 5280 1291 5353 αὐτῷ
1341 5281 1434 5334 τὸν
1479 5280 1729 5344 θάνατον,

145 5371 417 5441 μέλλοντα
448 5369 507 5421 δὲ
538 5370 633 5422 καὶ
662 5369 850 5441 ὥσπερ
883 5369 1226 5425 ἀποκνοῦντα
1245 5412 1260 5436 ,
1293 5369 1491 5441 μᾶλλον
1528 5369 1587 5422 δὲ
1628 5368 1733 5422 ὑπὸ

142 5462 286 5517 πόδα
312 5461 599 5533 χωροῦντα
628 5462 725 5515 καὶ
751 5463 1154 5532 ἀποφεύγοντα,
1181 5460 1390 5517 διώκων
1430 5463 1591 5526 αὐτὸς
1618 5462 1734 5516 ὄπι-

145 5555 275 5609 σθεν
307 5554 407 5609 καὶ
437 5554 701 5620 ἐλαύνων,
733 5554 832 5620 τάς
870 5572 931 5609 τε
958 5554 1017 5624 ἐξ
1045 5555 1238 5620 αίῶνος
1269 5554 1444 5621 πύλας
1478 5553 1589 5610 τῶν
1614 5571 1734 5608 σκο-

212 5704 240 5738 ⁹
267 5704 410 5763 Luc.
449 5720 613 5774 xxiii,
640 5704 729 5762 ιδ.

1839 4548 2058 4613 cabant,
2098 4554 2159 4601 ut
2187 4561 2376 4602 eorum
2415 4559 2655 4614 quoque,
2684 4544 2777 4614 qui
2819 4553 2977 4597 antea
3010 4544 3208 4596 mortui
3245 4551 3430 4609 erant,

1839 4639 2053 4692 animas
2084 4643 2405 4691 revocaret:
2433 4633 2876 4704 quandoquidem
2911 4633 3156 4686 omnium
3192 4634 3434 4702 quicun-

1836 4746 1945 4800 que
1967 4745 1996 4783 a
2026 4729 2247 4785 condito
2278 4742 2394 4782 aevo
2430 4726 2690 4790 fuissent,
2721 4726 2951 4779 salutem
2988 4726 3105 4794 ipse
3145 4724 3370 4777 curabat
3405 4738 3425 4777 :

1837 4836 2073 4886 necnon,
2105 4829 2165 4874 ut
2210 4833 2311 4875 sua
2346 4828 2519 4872 morte
2559 4816 2766 4872 deleret
2800 4832 2946 4881 eum,
2987 4816 3081 4886 qui
3130 4815 3422 4885 imperium

1836 4913 2029 4967 mortis
2063 4912 2316 4976 habebat,
2377 4910 2832 4981 quemadmodum
2866 4908 3048 4963 divina
3072 4906 3269 4961 docent
3299 4920 3426 4959 ora-

1837 5005 1982 5059 cula.
2014 5002 2192 5073 Atque
2237 5003 2291 5056 in
2325 5002 2429 5056 hoc
2464 5017 2685 5071 quoque
2723 5001 3039 5071 promiscue
3077 5013 3273 5051 rursus
3306 4998 3425 5052 dis-

1837 5096 2211 5166 pensationem
2253 5095 2466 5149 obivit:
2502 5095 2726 5163 quippe,
2773 5093 2864 5161 qui
2950 5099 3208 5160 tanquam
3260 5090 3427 5143 homo

1834 5202 2037 5258 corpus
2071 5188 2139 5241 de
2180 5193 2355 5241 morte
2391 5185 2761 5253 sepeliendum
2800 5183 3102 5253 reliquerit,
3128 5183 3197 5236 ab
3227 5180 3422 5236 eodem

1833 5295 1965 5335 vero
1994 5293 2225 5348 corpore
2263 5287 2523 5348 tanquam
2561 5276 2706 5331 Deus
2736 5276 3073 5331 discesserit.
3108 5274 3243 5330 Cum
3269 5273 3421 5328 enim

1834 5369 2000 5424 altius
2048 5383 2238 5423 vocem
2285 5369 2581 5430 emisisset,
2618 5374 2672 5421 et
2722 5364 2867 5419 Patri
2913 5365 3166 5428 dixisset,
3210 5382 3229 5416 ι
3264 5378 3419 5417 com—

1834 5459 2033 5513 mendo
2067 5456 2378 5528 spiritum’,
2410 5475 2429 5508 ι
2456 5457 2671 5511 solutus
2699 5470 2729 5509 a
2763 5469 2993 5524 corpore
3020 5454 3155 5507 abiit
3182 5469 3195 5505 :
3233 5451 3420 5507 neuti-

1831 5565 1995 5621 quam
2017 5559 2343 5622 exspectans
2362 5548 2490 5605 dum
2520 5563 2670 5604 mors
2696 5547 2762 5603 ad
2790 5547 2967 5620 ipsum
2997 5545 3300 5610 accederet,
3321 5543 3420 5601 sed
