3846 6218
386 312 496 371 283

1065 314 1337 371 EUSEBII
1368 315 1855 373 CESAHIENSIS
1890 316 2043 374 OPP.
2080 316 2285 375 PARS.
2324 318 2366 374 1.
2407 347 2477 359 -—
2508 317 3010 375 APOLOGETICA.

3542 321 3651 377 286

390 430 539 484 illam
582 437 931 485 cunctantem
980 445 1045 485 ac
1093 432 1261 487 veluti
1310 441 1642 497 cessantem,
1677 447 1744 488 ac
1786 434 1970 504 potius

2080 434 2201 488 τίων
2232 434 2416 505 μυχῶν
2444 434 2798 507 διαρρηγνὺς,
2820 435 2914 489 καὶ
2939 438 3054 498 τοῖς
3076 435 3263 490 αὐτόθι
3291 439 3505 508 νεκροῖς
3536 455 3652 491 σει-

390 520 778 590 conjicientem
806 536 867 575 se
885 521 939 575 in
968 521 1136 592 pedes
1156 529 1211 577 et
1239 521 1582 592 fugitantem,
1611 523 1729 593 ipse
1756 540 1787 578 a
1815 532 1971 595 tergo

389 610 685 679 insequens
715 618 879 681 atque
917 612 1222 683 impellens,
1254 621 1595 684 atternasque
1638 616 1970 671 abditiorum

391 702 741 756 tenebrarum
784 714 972 772 portas
996 704 1326 774 refringens,
1360 718 1416 761 et
1456 707 1688 763 mortuis
1721 708 1815 778 qui
1860 710 1972 765 illic

391 794 603 849 catenis
633 798 830 849 mortis
875 796 1124 866 impliciti
1156 805 1336 861 erant,
1371 801 1650 855 remeandi
1701 801 1771 855 ad
1804 803 1971 857 vitam

391 883 497 939 iter
546 894 850 941 retrorsum
894 889 1170 959 aperiens.
1223 888 1336 945 llac
1378 905 1512 946 sane
1539 892 1755 949 ratione
1798 894 1973 964 ipsius

389 977 556 1032 etiam
585 994 788 1050 corpus
818 991 1092 1036 mortuum
1117 984 1415 1037 excitatum
1439 992 1544 1050 est,
1570 995 1625 1041 et
1647 988 1817 1040 multa
1849 1002 1975 1042 cor-

392 1085 527 1139 pora
572 1088 786 1135 eorum.
819 1076 911 1145 qui
949 1075 1285 1130 dormierant
1329 1087 1670 1146 sanctorum,
1720 1095 1975 1136 surrexe-

390 1174 519 1217 runt
551 1183 566 1220 :
608 1180 826 1237 unaque
858 1183 982 1222 cum
1014 1170 1132 1239 ipso
1156 1171 1212 1225 in
1258 1179 1508 1226 sanctam
1541 1188 1606 1227 ac
1644 1189 1771 1229 vere
1803 1176 1974 1229 cccle-

392 1264 532 1309 stem
574 1258 851 1316 civitatem
881 1262 1130 1332 ingressa
1168 1273 1318 1326 sunt,
1351 1277 1410 1321 ut
1452 1269 1648 1323 merito
1676 1284 1741 1323 ex
1784 1269 1889 1323 hac
1918 1270 1975 1325 in

392 1347 568 1401 sacris
607 1346 833 1404 Litteris
875 1350 1083 1406 dictum
1116 1355 1228 1409 sit:
1268 1374 1287 1407 ι
1322 1356 1619 1427 Absorpsit
1660 1373 1811 1415 mors
1853 1375 1978 1429 qua:

393 1437 699 1493 invaluerat
724 1441 787 1494 ¹⁰.
826 1461 846 1494 ι
880 1441 943 1497 Ει
974 1460 1169 1501 rursus
1199 1466 1211 1501 :
1255 1465 1274 1498 ι
1305 1448 1548 1504 Abstulit
1581 1448 1727 1505 Deus
1757 1465 1974 1506 omnem

389 1526 685 1597 lacrynam
705 1530 774 1585 ab
804 1534 954 1587 omni
982 1533 1203 1589 facie“.
1236 1554 1255 1588 ι
1283 1535 1403 1607 Ipse
1430 1554 1560 1594 vero
1589 1540 1830 1597 universi
1858 1542 1978 1596 Sal-

390 1626 547 1672 vator
573 1634 638 1673 ac
670 1619 934 1680 Dominus
964 1636 1189 1693 noster,
1224 1631 1319 1699 qui
1347 1630 1604 1688 Christus
1628 1642 1711 1689 est
1745 1633 1860 1701 Dei,
1894 1635 1978 1689 vi-

391 1710 687 1781 ctoriaeque
708 1724 1017 1784 reportator
1035 1720 1256 1785 dicitur,
1274 1721 1328 1776 in
1347 1724 1683 1794 propheticis
1700 1728 1976 1783 vaticiniis

393 1809 624 1856 mortem
645 1804 946 1876 objurgans
969 1810 1268 1878 inducitur,
1292 1823 1346 1868 et
1362 1817 1574 1872 animas
1594 1819 1834 1882 solvens,
1858 1834 1981 1890 qua:
2012 1801 2052 1855 Β

394 1894 506 1948 illic
526 1897 723 1951 vincta:
751 1900 1159 1969 detinebantur,
1180 1906 1272 1960 ubi
1303 1908 1549 1964 victoriae
1566 1910 1829 1982 hymnum
1849 1928 1979 1982 pro-

392 1990 630 2054 nuntiat,
672 1992 787 2061 ipsa
816 1994 931 2050 bzec
968 1998 1128 2065 plane
1161 1998 1348 2056 dicens
1376 2017 1388 2052 :
1418 2019 1437 2053 ι
1470 2000 1547 2057 De
1582 2018 1747 2058 manu
1780 2004 1981 2060 inferni

393 2083 622 2150 eripiam
640 2099 757 2149 eos,
782 2096 838 2141 et
868 2105 898 2140 a
933 2099 1108 2145 morte
1127 2091 1371 2148 liberabo
1394 2109 1583 2150 eorum
1611 2097 1845 2154 animas.
1874 2097 1976 2154 Ubi

402 2190 520 2242 tua,
559 2195 727 2245 mors,
763 2183 1028 2239 victoria?
1056 2187 1145 2241 ubi
1176 2197 1322 2251 tuus,
1350 2205 1517 2257 mors,
1557 2193 1811 2250 stimulus
1849 2195 1926 2249 ιιι
1959 2215 1980 2249 ι

405 2267 668 2325 Slimulus
692 2283 871 2328 autem
900 2277 1090 2331 mortis
1113 2287 1196 2333 est
1217 2288 1517 2347 peceatum,
1544 2292 1782 2350 potestas
1797 2294 1981 2340 autem

401 2362 627 2426 peccati,
647 2365 748 2417 lex.
781 2365 934 2436 167
956 2365 1101 2422 Talis
1122 2385 1251 2425 sane
1275 2371 1419 2426 illius
1442 2372 1522 2425 vel
1543 2389 1716 2443 usque
1744 2376 1809 2429 ad
1836 2390 1986 2430 mor-

407 2459 514 2502 tem
561 2450 663 2505 fuit
704 2453 1060 2523 dispensatio,
1093 2457 1251 2526 cujus
1293 2475 1399 2515 non
1429 2476 1590 2515 unam
1632 2476 1852 2518 causam
1889 2464 1985 2534 qui

408 2541 639 2595 voluerit
663 2559 926 2613 quaerere,
951 2549 1043 2601 sed
1069 2550 1251 2617 plures
1273 2551 1510 2606 inveniet
1536 2569 1549 2606 :
1579 2555 1808 2622 primam
1834 2570 1984 2609 nam-

404 2646 511 2701 que
540 2634 686 2688 illam
724 2636 900 2704 ipsum
936 2637 1172 2695 Verbum
1203 2642 1384 2709 docet,
1432 2654 1491 2699 ut
1519 2657 1627 2698 tam
1662 2646 1714 2698 in
1750 2649 1982 2703 mortuis

402 2738 566 2791 quam
591 2723 645 2777 in
672 2726 807 2779 vivis
833 2728 1205 2784 dominaretur
1233 2748 1247 2783 :
1281 2733 1504 2788 alteram
1536 2745 1594 2788 ut
1620 2747 1834 2791 nostras
1859 2739 1985 2793 abs-

400 2822 637 2882 tergeret
667 2819 906 2874 maculas
935 2831 1307 2889 peccatorum,
1331 2826 1422 2894 qui
1450 2841 1548 2894 pro
1591 2827 1749 2883 nobis
1772 2830 1982 2885 sacrifi-

400 2914 576 2968 catus,
599 2915 653 2959 et
683 2922 778 2972 pro
815 2910 973 2964 nobis
998 2915 1302 2968 exsecratio
1329 2914 1506 2972 factus
1537 2918 1607 2973 sit
1632 2934 1644 2969 :
1675 2920 1889 2974 tertiam
1919 2932 1981 2977 ut

402 3005 662 3070 tanquam
690 3000 785 3059 Dei
813 3006 1032 3063 victima
1061 3018 1223 3080 atque
1251 3013 1445 3083 ingens
1470 3016 1827 3083 sacriﬁcium,
1870 3019 1975 3090 ipsi

2076 528 2197 595 ραίς
2227 525 2454 580 θανάτου
2488 525 2691 598 πεπεδη
2701 526 2883 597 μένοις
2915 527 3277 599 παλίντροπον
3301 528 3401 599 τῆς
3428 528 3520 582 ἐπὶ
3548 531 3654 601 τὴν

2075 614 2219 688 ζωὴν
2266 618 2457 671 ἀνόδου
2511 619 2611 691 τὴν
2657 618 2882 689 πορείαν
2928 619 3269 690 ποιούμενος.
3329 619 3516 693 Ταύτῃ
3561 637 3655 674 τοι

2073 709 2222 780 αὐτῷ
2259 711 2354 764 καὶ
2386 713 2414 762 6
2447 709 2678 774 τεθνεὼς
2711 712 3055 782 ἀνηγείρετο,
3083 711 3176 764 καὶ
3214 710 3387 764 πολλά
3420 711 3657 782 σώματα

2071 800 2181 854 τῶν
2210 803 2626 875 κεκοιμημένων
2649 804 2819 871 ἁγίων
2841 803 3149 866 ἀνίσταντο,
3178 803 3657 856 συνεισελαύνοντα

2075 892 2222 963 αύτῷ
2251 895 2329 956 είς
2364 894 2462 963 τὴν
2494 894 2656 961 ἁγίαν
2695 893 2789 946 καὶ
2817 892 2892 956 ὡς
2931 892 3145 964 ἀληθῶς
3171 892 3543 965 οὺρανόπολιν,
3577 891 3659 956 ὡς

2074 987 2300 1050 εἰκότως
2348 988 2405 1040 ἐν
2445 990 2566 1050 ταῖς
2620 985 2790 1048 θείαις
2838 986 3156 1058 ἀνειρῆσθαι
3202 989 3425 1055 φωναῖς·
3457 1004 3478 1035 ι
3507 987 3663 1039 Κατ-

2074 1079 2227 1132 έπιεν
2270 1081 2299 1131 6
2340 1077 2570 1141 θάνατος
2649 1078 2896 1148 ἰσχύσας.
2949 1097 2968 1129 ι
3024 1079 3131 1132 Καὶ
3168 1078 3351 1132 πάλιν·
3396 1097 3415 1129 ι
3473 1079 3661 1147 ’Δφεί-

2075 1170 2165 1223 λεν
2211 1173 2240 1224 6
2277 1170 2411 1234 Θεὸς
2450 1172 2560 1224 πᾶν
2593 1169 2827 1241 δάκρυον
2873 1171 2983 1224 ἀπὸ
3024 1171 3225 1235 παντὸς
3258 1169 3575 1234 προσώπου.
3632 1189 3655 1222 ι

2077 1263 2189 1315 Καὶ
2228 1261 2391 1324 αὐτὸς
2416 1261 2472 1314 δὲ
2506 1262 2536 1314 6
2578 1261 2684 1313 τῶν
2716 1260 2852 1314 ὅλων
2885 1261 3076 1331 Σωτὴρ
3115 1261 3219 1315 καὶ
3240 1259 3443 1332 Κύριος
3472 1260 3658 1330 ἡμῶν,

2076 1356 2105 1406 6
2164 1336 2400 1426 Χριστὸς
2460 1352 2556 1405 τοῦ
2609 1352 2781 1417 Θεοῦ,
2851 1353 3145 1425 νικηφόρος
3212 1352 3539 1422 λεγόμενος,
3599 1354 3671 1405 ἐν

2075 1449 2197 1510 ταῖς
2241 1448 2603 1516 προφητικαίς
2640 1446 3008 1517 προρρήσεσιν
3032 1444 3410 1515 ἐπικερτομῶν
3448 1446 3668 1514 εἰσάγε-

2076 1554 2168 1592 ται
2223 1536 2303 1609 τῷ
2351 1537 2587 1608 θανάτῳ,
2631 1538 2727 1591 καὶ
2776 1537 2877 1601 τὰς
2919 1536 3105 1591 αὐτόθι
3159 1536 3301 1590 λύων
3347 1536 3668 1609 πεπεδημέ-

2077 1648 2178 1696 νας
2216 1629 2428 1702 ψυχὰς,
2489 1631 2557 1684 δι’
2601 1624 2676 1684 ὧν
2719 1630 2810 1683 τὸν
2853 1629 3118 1683 ἐπινίκιον
3172 1628 3340 1699 ὕμνον
3388 1629 3671 1699 προφέρε-

2079 1742 2190 1788 ται,
2233 1723 2375 1779 αύτά
2418 1722 2483 1794 δὴ
2525 1722 2696 1776 ταῦτα
2733 1721 2940 1791 λέγων⁹
2987 1738 3006 1773 ι
3057 1722 3153 1774 Ἐκ
3190 1720 3369 1791 χειρὸς
3403 1718 3530 1791 ᾅδου
3573 1718 3671 1792 ῥύ-

2082 1832 2245 1887 σομαι
2290 1816 2509 1879 αὐτοὺς,
2559 1814 2653 1867 καὶ
2697 1815 2763 1866 ἐκ
2809 1812 3041 1867 θανάτου
3085 1810 3433 1883 λυτρώσομαι
3479 1810 3675 1865 αὐτῶν

2080 1908 2180 1972 τὰς
2216 1908 2411 1978 ψυχάς.
2446 1905 2556 1960 Ποῦ
2604 1923 2718 1971 σου,
2765 1904 2996 1969 θάνατε,
3043 1902 3104 1957 τὺ
3155 1906 3337 1968 νῖκος;
3388 1901 3494 1985 ποῦ
3541 1919 3667 1968 σου,

2083 2000 2303 2064 θάνατε,
2334 1999 2396 2053 τὸ
2424 1999 2678 2070 κέντρον;
2700 1998 2762 2050 τὸ
2798 1997 2855 2050 δὲ
2888 1996 3111 2069 κέντρον
3135 1994 3230 2047 τοῦ
3254 1994 3487 2047 θανάτου
3514 1994 3673 2047 ἐστὶν

2081 2098 2113 2166 ἡ
2150 2094 2414 2167 ἁμαρτία,
2450 2096 2483 2165 ἡ
2517 2093 2575 2147 δὲ,
2618 2092 2847 2164 δύναμις
2889 2093 2989 2162 τῆς
3037 2090 3332 2160 ἁμαρτίας,
3364 2090 3393 2141 6
3422 2088 3609 2158 νόμος,
3644 2106 3664 2137 ι

2084 2186 2316 2259 Τοιαύτη
2348 2204 2433 2250 τις
2469 2185 2617 2256 αὐτῷ
2642 2185 2922 2256 καὶμέχρι
2963 2181 3056 2236 τοῦ
3091 2182 3321 2236 θανάτου
3367 2180 3590 2248 ἐγένετο
3632 2180 3669 2250 ἡ

2081 2279 2379 2350 οἰκονομία,
2413 2274 2481 2349 ἦς
2507 2278 2567 2330 ού
2600 2278 2728 2349 μίαν
2755 2277 2955 2340 αἰτίαν,
2984 2275 3120 2330 ἀλλά
3147 2275 3242 2328 καὶ
3265 2274 3482 2339 πλείους
3510 2274 3680 2347 εὖροι

2081 2376 2145 2430 ἄν
2183 2392 2269 2437 τις
2293 2372 2558 2443 ἐθελήσας
2593 2369 2797 2441 ζητεῖν.
2836 2369 3067 2441 Πρώτην
3120 2369 3219 2439 μὲν
3254 2369 3363 2440 γὰρ
3415 2371 3444 2421 6
3488 2369 3671 2437 Λόγος

2081 2464 2344 2526 διδάσκει,
2383 2463 2468 2515 ἵνα
2498 2462 2592 2515 καὶ
2616 2460 2825 2532 νεκρῶν
2848 2460 2941 2513 καὶ
2968 2458 3185 2522 ζώντων
3213 2458 3497 2530 κυριεύσῃ·
3545 2458 3675 2510 δευο

2078 2556 2245 2626 τέραν
2271 2554 2346 2618 δὲ,
2380 2554 2529 2616 ὅπως
2556 2551 2656 2616 τὰς
2690 2550 2967 2622 ἡμετέρας
2990 2549 3325 2621 ἀπομάξοιτο
3360 2547 3668 2622 ἁμαρτίας,

2080 2647 2220 2717 ὑπὲρ
2244 2644 2401 2716 ἡμῶν
2433 2643 2682 2714 τρωθεὶς,
2718 2642 2814 2695 καὶ
2840 2642 3131 2713 γενόμενος
3174 2642 3315 2713 ὑπὲρ
3351 2641 3511 2713 ἡμῶν
3531 2658 3673 2696 κατ⁸

2081 2737 2207 2809 ἀρα·
2254 2736 2466 2807 τρίτην,
2495 2735 2570 2798 ὡς
2612 2733 2677 2789 ἂν
2708 2734 2901 2806 ἱερεῖον
2933 2734 3068 2787 Θεοῦ
3106 2733 3200 2787 καὶ
3243 2732 3455 2804 μεγάλη
3506 2731 3672 2787 θυσία

2046 2816 2055 2824 ’
2080 2827 2220 2898 ὑπὲρ
2245 2825 2338 2880 τοῦ
2375 2825 2688 2896 σύμπαντος
2718 2825 2925 2894 κόσμου
2954 2823 3287 2895 προσαχθείη
3317 2822 3395 2893 τῷ
3421 2822 3517 2876 ἐπὶ
3541 2825 3673 2877 πάν-

2078 2934 2187 2971 των
2215 2916 2354 2987 Θεῷ·
2378 2915 2667 2986 τετάρτην,
2716 2913 2792 2976 ὡς
2830 2913 2896 2967 ἂν
2938 2910 3101 2974 αὐτὸς
3147 2911 3248 2981 τῆς
3288 2908 3707 2973 πολυπλανοῦς.

2079 3008 2175 3063 καὶ
2198 3006 2523 3078 δαιμονικῆς
2559 3005 2842 3077 ἐνεργείας
2874 3004 3211 3077 ἀπορρήτοις
3266 3001 3445 3070 λόγοις
3480 3000 3672 3054 καθαί-

402 3105 660 3160 supremo
690 3094 800 3151 Deo
832 3098 1118 3156 offerretur
1148 3120 1246 3173 pro
1276 3106 1531 3163 universo
1550 3109 1751 3162 mundo
1777 3126 1975 3180 :quar-

2082 3115 2231 3170 ρεσιν
2258 3097 2654 3170 ἀπεργάσαιτο·
2684 3096 2943 3167 πέμπτην
2971 3095 3064 3148 ἐπὶ
3099 3092 3292 3167 ταύτῃ,
3331 3093 3409 3156 ὡς
3556 3096 3672 3156 τοίς

401 3187 510 3232 tam
546 3190 605 3235 ut
634 3184 715 3238 sic
748 3184 1044 3244 fallaciosm
1067 3207 1130 3246 ac
1171 3193 1480 3251 daemonica:
1538 3198 1791 3254 elﬁcacia:
1820 3215 1975 3256 ever»-

400 3270 611 3324 sionem
634 3274 955 3332 moliretur:
998 3281 1247 3349 quintam
1283 3285 1349 3338 ad
1407 3285 1543 3352 haec,
1571 3298 1630 3343 ut
1675 3292 1792 3346 suis
1818 3275 1977 3346 fami-

397 3360 628 3418 liaribus
679 3380 744 3420 ac
772 3368 1059 3440 discipulis
1080 3377 1224 3438 vitae,
1256 3392 1377 3446 qua:
1423 3389 1545 3448 post
1572 3391 1798 3437 mortem
1829 3383 1981 3454 apud

291 3486 301 3501 .
398 3453 570 3509 Deum
614 3456 796 3512 futura
829 3473 913 3517 est
947 3479 1122 3534 spem,
1165 3484 1276 3522 non
1307 3472 1558 3527 oratione
1588 3489 1767 3546 neque
1793 3478 1977 3533 verbis

400 3557 495 3601 aut
529 3550 777 3618 vocibus,
812 3556 906 3610 sed
945 3556 1106 3614 factis
1137 3575 1201 3614 ac
1232 3577 1292 3617 re
1325 3562 1442 3633 ipsa
1473 3577 1896 3636 repraesentans,
1921 3577 1979 3625 ct

399 3638 545 3707 quod
565 3643 745 3697 verbis
768 3647 1046 3715 pollicitus
1074 3650 1467 3717 fucrat,oculis
1490 3658 1626 3728 ipsis
1655 3661 1975 3716 intuendum

399 3732 723 3803 subjiciens,
752 3739 1174 3801 confidentiores
1201 3761 1296 3802 eos
1327 3756 1490 3819 atque
1526 3752 1979 3824 alacrioresprae-

401 3835 593 3892 staret,
627 3829 695 3884 ad
715 3846 834 3886 eam
862 3850 984 3904 qua:
1011 3837 1077 3891 ab
1111 3837 1230 3908 ipso
1254 3839 1503 3897 instituta
1527 3842 1724 3909 fuerat,
1760 3848 1978 3919 religio-

400 3934 476 3974 sa:
521 3923 647 3977 vitae
692 3925 983 3992 rationem,
1025 3930 1283 3987 omnibus
1339 3934 1503 3988 simul
1546 3943 1601 3990 et
1644 3932 1870 4004 Graecis,
1923 3947 1978 3995 et

399 4011 650 4070 barbaris
694 4018 1054 4074 nuntiandam
1089 4037 1103 4073 :
1166 4026 1423 4093 protinus
1470 4028 1654 4099 itaque
1698 4029 1797 4085 bos
1828 4031 1977 4100 ipsos

401 4101 700 4162 familiares
760 4123 824 4163 ac
875 4111 1110 4176 sodales,
1164 4130 1303 4184 quos
1352 4118 1468 4187 ipse
1523 4120 1626 4175 sibi
1656 4120 1725 4175 de
1756 4123 1978 4191 cptimis

400 4198 574 4254 lectos
595 4199 882 4265 asciverat,
933 4205 1323 4276 apostolosque
1372 4224 1505 4265 suos
1557 4224 1623 4265 ac
1673 4211 1977 4282 discipulos

403 4291 800 4360 declaraverat,
833 4311 930 4350 sua
963 4297 1137 4367 ipsius
1180 4299 1367 4355 divina
1414 4304 1617 4358 virtute
1662 4306 1975 4375 complevit,

402 4393 460 4438 ut
483 4400 643 4454 quam
673 4386 788 4456 ipse
812 4390 1161 4445 nuntiaverat
1195 4391 1285 4446 Dei
1303 4394 1691 4463 cognitionem,
1713 4396 1790 4449 illi
1817 4412 1980 4453 omne

2077 3188 2241 3243 αὑτοῦ
2273 3189 2570 3260 γνωρίμοις
2598 3190 2691 3242 καὶ
2721 3186 2988 3258 μαθηταῖς
3020 3185 3118 3256 τῆς
3144 3184 3281 3257 μετὰ
3301 3184 3394 3238 τὸν
3436 3183 3670 3238 θάνατον

2076 3281 2227 3352 παρὰ
2258 3280 2375 3352 Θεῷ
2402 3280 2548 3351 ζωῆς
2571 3281 2669 3353 τὴν
2706 3278 2897 3333 ἐλπίδα
2940 3278 3015 3350 μὴ
3059 3278 3237 3345 λόγοις
3286 3275 3422 3347 μηδὲ
3458 3277 3672 3346 ῥήμασι

2076 3376 2170 3429 καὶ
2199 3378 2422 3445 φωναῖς,
2459 3373 2596 3428 ἀλλά
2632 3370 2813 3436 αὐτοῖς
2847 3371 3026 3443 ἔργοις
3054 3371 3434 3442 παραστήσας,
3464 3367 3673 3437 ὀφθαλ-

2080 3470 2202 3539 μοῖς
2233 3484 2293 3522 τε
2319 3466 2596 3538 παραδοὺς
2612 3465 2711 3537 τὴν
2743 3464 2834 3518 διὰ
2865 3465 2970 3517 τῶν
2994 3462 3168 3532 λόγων
3201 3462 3561 3530 ἐπαγγελίαν,
3588 3461 3675 3514 εύ-

2078 3560 2299 3632 θαρσεῖς
2325 3559 2521 3622 αὐτοὺς
2542 3559 2636 3612 καὶ
2665 3555 3107 3628 προθυμοτέρους
3135 3554 3535 3625 ἀπεργάσαιτο,
3578 3553 3677 3606 καὶ

2078 3652 2243 3704 πᾶσιν
2275 3649 2533 3720 Ἕλλησιν
2563 3647 2697 3719 ὁμοῦ
2727 3648 2822 3701 καὶ
2859 3646 3156 3720 βαρϐάροις
3192 3645 3289 3716 τὴν
3328 3643 3468 3717 πρὸς
3500 3641 3670 3696 αὐτοῦ

2077 3740 2509 3813 καταϐληθεῖσαν
2556 3739 2752 3811 εὐσεϐῆ
2793 3738 3065 3793 πολιτείαν
3100 3737 3355 3808 κηρύξαι·
3393 3736 3600 3789 αὐτίκα
3626 3735 3674 3789 δ’

2076 3830 2169 3888 οὖν
2199 3835 2396 3895 αὐτοὺς
2414 3833 2478 3905 δὴ
2508 3832 2729 3895 τούτους
2760 3832 2886 3895 τοὺς
2909 3830 3219 3902 γνωρίμους
3249 3827 3342 3880 καὶ
3370 3826 3672 3892 θιασώτας,

2077 3926 2170 3992 οὓς
2193 3926 2354 3989 αὐτὸς
2386 3924 2536 3996 αὐτῷ
2583 3923 2892 3997 ἀριστίνδην
2932 3923 3220 3994 ἐπικρίνας
3246 3921 3585 3982 ἀποστόλους
3612 3934 3674 3971 τε

2077 4019 2240 4075 αὑτοῦ
2272 4020 2366 4073 καὶ
2421 4018 2669 4091 μαθητὰς
2715 4016 3023 4083 ἀνελὲξατο,
3069 4015 3168 4084 τῆς
3209 4013 3269 4078 ἐξ
3308 4012 3476 4066 αὑτοῦ
3524 4010 3675 4079 θείας

2077 4113 2359 4183 δυνάμεως
2396 4111 2691 4182 ἐμπλῆσαι,
2727 4111 2835 4163 πᾶν
2861 4108 3016 4177 γένος
3057 4104 3359 4178 ἀνθρώπων
3393 4101 3675 4174 ἐκδιδάξαι

2077 4205 2176 4276 τὴν
2234 4203 2372 4276 πρὸς
2412 4202 2577 4257 αὐτοῦ
2625 4200 3087 4270 καταγγελθεῖσαν
3132 4197 3506 4267 θεογνωσίαν,
3577 4202 3676 4256 ἕνα

2076 4300 2189 4360 τοῖς
2222 4299 2387 4351 πᾶσιν
2422 4295 2648 4366 Ἕλλησί
2685 4313 2745 4348 τε
2775 4295 2870 4349 καὶ
2902 4294 3197 4366 βαρϐάροις
3227 4295 3515 4359 εὐσεϐείας
3536 4296 3667 4350 ὑπο-

2080 4388 2305 4459 θέμενος
2331 4387 2551 4461 τρόπον,
2583 4386 2849 4457 δαιμόνων
2874 4384 3219 4459 ἀναχώρησίν
3257 4404 3315 4440 τε
3343 4388 3441 4441 καὶ
3469 4389 3673 4460 φυγὴν,

402 4476 683 4532 hominum
704 4497 876 4550 genus
903 4483 1184 4547 docerent,
1224 4501 1388 4539 unam
1425 4486 1643 4542 interim
1696 4490 1974 4559 omnibus,

2083 4481 2177 4533 καὶ
2214 4480 2314 4551 τῆς
2356 4478 2620 4533 πολυθέου
2669 4478 2879 4551 πλάνης
2913 4480 3220 4544 ἀνάνευσιν,
3258 4480 3376 4544 ἐνὸς
3414 4480 3473 4535 δὲ
3508 4481 3673 4552 μόνου

400 4577 511 4622 tam
542 4569 749 4629 Graecis
772 4591 934 4645 quam
968 4576 1240 4643 barbaris,
1271 4578 1553 4649 religionis
1574 4580 1871 4638 instituens
1896 4599 1982 4637 ra-

402 4664 603 4721 tionem
630 4687 643 4723 :
673 4685 734 4723 ea
756 4686 919 4740 porro
942 4679 1078 4737 erat,
1099 4682 1159 4726 ut
1188 4689 1217 4726 a
1243 4674 1582 4730 dmmonibus
1607 4678 1796 4746 procul
1824 4692 1975 4732 rece-

401 4756 612 4821 derent,
647 4776 853 4831 eosque
901 4762 1173 4834 fugerent,
1234 4765 1570 4838 deorumque
1604 4768 1975 4825 multitudinis

404 4847 674 4904 fallaciam
700 4851 1057 4919 declinarent,
1089 4863 1252 4924 atque
1266 4871 1431 4910 unum
1461 4858 1637 4912 solum
1661 4874 1975 4929 supremum

402 4938 571 4997 Deum
589 4957 716 4996 vere
743 4953 1139 5012 cognoscerent
1169 4960 1181 4998 :
1217 4953 1478 5014 praeterea
1511 4946 1886 5001 liberationem
1912 4945 1981 5001 ab

2079 4569 2214 4624 Θεοῦ
2247 4569 2341 4623 τοῦ
2371 4571 2464 4624 ἐπὶ
2488 4570 2703 4624 πάντων
2744 4569 2946 4640 γνῶσιν
2986 4569 3160 4643 ἀληθῆ
3196 4570 3672 4642 προκηρύττοντα.

2077 4663 2172 4716 καὶ
2195 4662 2347 4717 λύσιν
2387 4662 2486 4734 μὲν
2511 4662 2619 4716 τῶν
2651 4662 3134 4735 προηγνοημένων,
3179 4665 3227 4715 εἰ
3262 4662 3336 4735 μὴ
3375 4662 3453 4716 ἔτ’
3485 4664 3674 4728 αὐτοῖς

2081 4756 2409 4827 ἐπιμένοιεν,
2460 4755 2589 4826 μίαν
2624 4755 2682 4808 δὲ
2733 4757 2847 4818 τοῖς
2891 4756 3023 4810 πᾶσι
3059 4755 3337 4826 σωτηρίας
3376 4754 3577 4810 ἐλπίδα
3604 4751 3672 4809 δι’

2078 4845 2147 4920 ἦς
2196 4846 2538 4902 ύποτέθειται
2596 4848 2873 4917 πανσόφου
2914 4848 3010 4901 καὶ
3045 4846 3349 4919 παναρέτου
3392 4845 3672 4910 πολιτείας

2084 4941 2345 5015 ύπισχνού
2354 4959 2535 5015 μενον.

402 5038 493 5099 iis,
517 5053 639 5108 quae
670 5040 823 5109 prius
858 5040 1172 5110 iguoranter
1217 5042 1631 5107 commiserant,
1680 5043 1978 5098 dummodo
2010 5057 2078 5097 ne
2107 5041 2165 5095 in
2186 5040 2378 5096 iisdem
2431 5046 2886 5109 perseverarent,
2915 5044 2972 5094 et
3003 5051 3165 5091 unam
3198 5035 3460 5091 omnibus
3520 5033 3671 5088 salu-

403 5135 475 5189 tis
497 5149 666 5204 spem,
700 5149 795 5205 pcr
823 5135 959 5191 illud
1002 5137 1149 5207 quod
1170 5137 1285 5207 ipse
1312 5146 1570 5208 posuerat
1611 5137 2035 5210 sapientissime,
2076 5151 2142 5190 ac
2187 5150 2311 5191 cum
2355 5133 2505 5189 omni
2545 5132 2745 5186 virtute
2786 5131 3000 5187 vivendi
3059 5130 3393 5196 institutum,
3448 5126 3671 5201 pollice-

402 5233 584 5287 batur.

1124 5326 1265 5383 XIII.

406 5413 562 5482 Quod
585 5415 640 5469 in
679 5432 743 5492 en
771 5425 988 5484 natura,
1013 5435 1130 5490 qua:
1164 5438 1257 5474 nec
1286 5423 1401 5491 pati
1431 5462 1446 5485 ,
1483 5439 1575 5478 nec
1605 5422 1731 5477 laedi
1780 5431 1975 5492 potest,

475 5502 692 5566 qua’que
714 5488 1033 5566 incorporea
1048 5500 1122 5543 est
1145 5488 1511 5561 permanserit,
1539 5496 1699 5548 etiam
1728 5488 1828 5566 quo
1852 5505 1980 5547 tem-

476 5572 607 5626 pore
635 5557 808 5626 [actus
838 5570 914 5613 est
944 5561 1118 5615 homo.

481 5649 617 5702 Cum
652 5649 822 5717 igitur
867 5649 982 5709 haec
1014 5652 1088 5706 ita
1124 5667 1184 5707 se
1212 5653 1484 5720 habeant,
1527 5670 1638 5711 non
1686 5663 1901 5724 oportet
1931 5661 1983 5710 te

488 5761 531 5794 "
564 5762 668 5819 lea.
700 5780 825 5833 xxv,
861 5766 924 5834 8;
958 5765 1082 5823 Osc.
1119 5785 1238 5833 xm,
1276 5768 1358 5825 14.
1438 5770 1476 5801 ¹¹
1510 5768 1615 5826 Isa.
1651 5785 1773 5837 xxv,
1809 5771 1862 5826 8.

2825 5317 2925 5371 II".

2076 5411 2174 5465 ll".
2228 5409 2325 5475 Ὡς
2354 5406 2612 5474 ἀπαθὴς,
2646 5408 2743 5462 καὶ
2769 5408 3055 5475 ἀϐλαϐὴς,
3082 5409 3178 5462 καὶ
3206 5406 3523 5477 ἀσώματος
3553 5407 3671 5462 6:1»

2266 5495 2434 5549 μεινε
2461 5479 2560 5532 καὶ
2587 5479 2715 5533 καθ’
2744 5478 2817 5532 ὃν
2844 5477 3205 5548 ἐγηνθρώπει
3241 5480 3470 5547 καιρόν.

2155 5654 2312 5711 Οὕτω
2344 5653 2409 5724 δὴ
2443 5653 2650 5709 τούτων
2689 5653 2943 5728 ἐχόντων,⁵
2981 5657 3042 5710 ού
3080 5653 3164 5710 δεῖ
3191 5650 3664 5727 ταράττεσθαιὼ

1946 5772 1985 5802 ”
2017 5769 2137 5827 Ose.
2182 5787 2299 5836 xm,
2345 5770 2428 5825 14.
