3846 6218
181 343 290 400 285
1110 344 1764 403 DEMONSTRATIONIS

1845 343 2278 401 IVANCELICE
2317 344 2451 402 LIB.
2494 344 2587 404 IV.
3355 345 3462 400 286

183 464 332 527 νοῦν,
365 463 583 533 γένεσιν
609 461 702 518 ml.
725 463 905 535 σῶμα,
934 462 1029 517 καὶ
1055 462 1224 532 πάθη,
1255 464 1352 518 καὶ
1383 462 1614 518 θάνατον
1642 464 1764 537 περὶ

1871 464 2055 518 animo
2065 465 2396 534 perturbari,
2418 465 2703 521 tametsiet
2713 474 2917 528 ortum,
2935 472 2992 524 et
3006 481 3228 537 corpus,
3245 472 3296 520 et
3311 464 3460 520 dolo-

179 557 274 612 τὶν
296 556 461 610 ἀῦλον
498 556 594 609 καὶ
636 553 928 625 ἀσώματον
952 555 1048 608 τοῦ
1078 554 1214 608 Θεοῦ
1262 555 1434 625 Λόγον
1484 555 1764 610 ἀκούοντα.

1873 570 1985 614 res.
2011 563 2066 610 et
2084 565 2336 620 mortem,
2368 557 2436 611 de
2457 556 2700 611 materia:
2714 558 2923 626 experti
2941 567 3104 627 atque
3131 557 3456 627 incorporeo

191 648 284 711 Ὠς
308 646 420 719 γάρ
464 647 576 701 οὐδ’
621 648 844 720 ἡλιακοῦ
887 648 1065 719 φωτὸς
1106 646 1327 702 πάθοιέν
1370 665 1425 701 τι
1464 649 1679 712 ἀκτῖνες
1703 647 1764 702 τὰ

1877 646 2039 717 168
2056 644 2150 700 Dei
2170 644 2536 702 Verboaudis.
2562 644 2633 700 Ut
2663 647 2808 701 enim
2832 648 3032 703 solaris
3050 647 3271 702 luminis
3292 646 3454 711 radii,

181 741 366 793 πάντα
397 740 725 811 πληροῦσαι,
753 741 849 795 καὶ
882 741 1150 811 σωμάτων
1182 741 1413 812 νεκρῶν,
1452 741 1547 794 καὶ
1579 742 1638 795 ού
1672 759 1764 795 κα-

1872 740 2002 794 licet
2024 739 2209 794 omnia
2229 740 2561 810 compleant,
2587 750 2637 795 et
2661 754 2891 811 corpora
2910 748 3124 795 mortua
3151 738 3457 796 sordentia-

184 830 374 902 θαρῶν
424 832 834 904 ἐφαπτόμεναιο
867 833 1000 887 πολὺ
1051 833 1213 887 πλέον
1251 836 1284 904 ἡ
1331 833 1621 903 ἀσώματος
1674 833 1764 887 τοῦ

1869 846 1978 901 que
2006 832 2297 903 attingant,
2331 832 2434 902 ipsi
2464 838 2646 887 tamen
2679 815 2816 886 nihil
2851 832 3153 903 patiuntur,
3184 832 3264 886 sic
3287 832 3452 886 etiam

175 922 317 975 θεοῦ
350 922 580 995 δύναμις
609 923 721 977 οὔτ’
743 924 810 978 ἂν
833 924 994 978 πάθοι
1020 923 1120 995 τὴν
1139 924 1348 990 οὐσίαν,
1390 922 1502 977 οὔτ’
1536 924 1605 979 ἂν
1643 924 1764 996 βλα-

1870 922 2155 991 multoque
2205 921 2380 992 magis
2434 920 2529 976 Dei
2580 922 2666 976 vis
2705 924 3033 993 incorporea
3084 931 3295 976 natum
3337 934 3453 975 suae

174 1014 323 1086 εείη,
365 1014 481 1068 οὔτ’
525 1016 591 1069 ἂν
633 1016 830 1087 χείρων
864 1017 996 1070 ποτὲ
1030 1017 1228 1087 ἑαυτῆς
1249 1016 1477 1086 γένοιτο,
1516 1015 1766 1087 σώματος

172 1106 490 1177 ἀσωμάτως
524 1109 881 1180 ὲπαφωμένη.
933 1108 998 1161 Τί
1054 1108 1198 1179 γάρ;
1238 1110 1360 1180 οὐχ).
1399 1110 1495 1162 καὶ
1527 1110 1651 1180 δίχα
1670 1109 1765 1163 τοῦ

172 1198 300 1251 καθ’
328 1198 358 1251 δ
383 1198 723 1272 ἐνηνθρὼπει
750 1198 1023 1271 σώματος,
1050 1201 1135 1253 ἀεὶ
1159 1202 1254 1255 καὶ
1281 1200 1369 1254 διά
1390 1202 1590 1264 παντὸς
1616 1202 1765 1273 ἥκων

166 1292 242 1343 δι’
263 1290 398 1363 ὅλης
435 1291 538 1361 τῆς
571 1292 681 1345 τῶν
715 1293 1013 1363 στοιχείων,
1058 1293 1154 1347 καὶ
1191 1293 1370 1347 αὐτῶν
1411 1293 1476 1365 δὴ
1521 1293 1630 1347 τῶν
1661 1310 1766 1347 σω⁴

171 1380 367 1451 μάτων
390 1380 544 1453 ῦλης,
572 1376 661 1436 οἷά
697 1398 777 1446 τις
818 1382 954 1435 Θεοῦ
989 1383 1146 1453 λόγος
1175 1383 1253 1438 ὢν
1288 1384 1637 1456 δημιουργὸς,
1661 1386 1762 1457 τῆς

165 1471 229 1539 ἑξ
262 1471 439 1525 αὑτοῦ
470 1473 663 1541 σοφίας
702 1474 760 1526 ὲν
797 1473 936 1545 αὐτῇ
970 1474 1098 1537 τοὺς
1142 1474 1333 1544 λόγους
1358 1475 1765 1546 ἀποσφραγίζε-

162 1580 282 1627 ται,
328 1563 410 1635 τῷ
450 1565 548 1635 μὲν
586 1564 778 1637 ἀψύχῳ
832 1564 997 1635 ζωὴν,
1045 1564 1124 1636 τῷ
1167 1566 1225 1619 δὲ
1256 1567 1490 1639 ἀμόρφῳ
1524 1566 1638 1620 όντι
1669 1568 1763 1620 καὶ

163 1659 345 1718 ἀειδεῖ
364 1659 463 1731 τὴν
494 1658 676 1730 φύσιν,
712 1660 926 1732 μορφὴν
958 1662 1487 1732 ὲναποτυπούμενος,
1518 1662 1587 1714 τά
1613 1677 1673 1713 τε
1704 1661 1763 1712 ἐν

1864 1652 1950 1709 fex
1982 1654 2266 1725 sapientiae
2296 1670 2418 1725 qua:
2448 1654 2519 1710 ab
2564 1656 2686 1727 ipso
2716 1656 3111 1726 proliciscitur,
3141 1656 3198 1710 in
3231 1670 3295 1711 ea
3324 1655 3444 1725 ipsa

158 1754 316 1825 αύτῷ
341 1754 516 1825 κάλλη
557 1754 652 1807 καὶ
678 1752 780 1818 τὰς
822 1754 1151 1826 ἀσωμάτους
1192 1754 1335 1819 ἰδέας
1366 1758 1485 1826 ταῖς
1507 1753 1618 1808 τῶν
1651 1771 1759 1807 σω-

1861 1745 2104 1800 rationes
2134 1753 2188 1800 et
2209 1746 2417 1800 claudit
2463 1754 2518 1802 et
2561 1747 2779 1818 signat?
2809 1748 2937 1802 dum
2977 1748 3232 1803 videlicet
3259 1748 3444 1802 inani-

162 1847 362 1917 μάτων
397 1846 677 1917 ποιότησιν
723 1848 1253 1919 ὲναποματτόμενος,
1296 1847 1461 1901 κινῶν
1496 1848 1552 1901 δὲ
1577 1847 1645 1900 τὰ
1679 1846 1756 1918 τῷ

1861 1839 1968 1894 mis
1989 1839 2181 1905 vitam,
2210 1839 2540 1896 informibus
2571 1857 2700 1897 vero
2731 1850 2787 1897 et
2809 1842 3017 1895 nullam
3073 1849 3288 1897 natura:
3317 1857 3445 1912 spe-

153 1940 356 2010 οίκείῳ
383 1938 529 2009 λόγῳ
574 1939 759 2010 ἄψυχα
795 1940 890 1992 καὶ
928 1938 1180 2009 ἀκίνητα,
1216 1939 1343 2009 γῆν,
1388 1937 1553 2010 ὕδωρ,
1594 1938 1751 2011 ἀέρα,

1859 1932 1999 1987 ciem
2055 1932 2427 1999 habentibus,
2466 1935 2699 1989 formam
2741 1935 3082 2004 ﬁguramque
3138 1935 3441 2003 imprimit;

156 2026 298 2097 πῦρ,
348 2026 624 2096 πάνσοφόν
657 2044 778 2079 τινα
831 2027 925 2080 καὶ
969 2028 1339 2099 παναρμόνιον
1382 2028 1617 2099 κίνησιν,
1661 2031 1756 2083 καὶ

1857 2045 2108 2100 quasque
2135 2031 2191 2084 in
2222 2044 2282 2085 se
2307 2030 2473 2085 habet
2503 2030 2952 2101 pulchritudines
2975 2031 3443 2099 incorporeasque

149 2120 227 2171 τὰ
261 2119 446 2173 πάντα
476 2118 537 2182 ὲξ
572 2118 844 2189 ἀκοσμίας
878 2117 1120 2189 κοσμῶν,
1154 2117 1333 2185 αὔξων
1375 2136 1435 2171 τε
1473 2119 1569 2172 καὶ
1605 2118 1755 2173 τελε-

1856 2122 2089 2191 species,
2118 2136 2409 2192 corporum
2433 2122 2791 2192 qualitatibus
2826 2121 3117 2183 immiscet,
3150 2131 3444 2193 movetque

149 2211 456 2282 σιουργῶν,
484 2211 621 2281 αὐτῇ
656 2226 717 2262 τε
754 2210 922 2281 ὲνθέῳ
945 2211 1040 2264 καὶ
1072 2210 1264 2281 λογικῇ
1295 2211 1523 2283 δυνάμει
1564 2228 1754 2282 μονον-

1854 2226 1919 2267 ea
1948 2228 2071 2284 quae
2122 2228 2224 2268 sua
2254 2212 2500 2284 ipsorum
2539 2214 2756 2269 ratione
2807 2213 3049 2268 inanima
3106 2212 3442 2285 immotaque

147 2302 278 2371 ουχὶ
327 2300 501 2353 ἐπιὼν
544 2301 612 2353 τά
642 2301 841 2363 πάντα,
879 2300 975 2353 καὶ
1003 2299 1091 2354 διὰ
1120 2300 1337 2354 πάντων
1372 2300 1566 2372 χωρῶν
1619 2300 1753 2354 πάν-

1855 2314 2003 2371 sunt,
2045 2313 2269 2369 terram,
2305 2321 2525 2377 aquam,
2556 2322 2761 2374 aerem,
2794 2306 2997 2376 ignem,
3031 2306 3440 2376 sapientissimo

145 2411 265 2447 των
297 2409 364 2446 τε
395 2393 795 2463 ἐφαπτόμενος,
841 2392 955 2446 ἀλλ’
986 2391 1105 2446 οὔτι
1146 2409 1211 2462 γε
1260 2392 1464 2464 βλάϐην
1506 2396 1572 2447 ὲκ
1605 2393 1751 2459 τινὸς

1852 2399 2088 2468 quodam
2117 2399 2377 2468 omnique
2407 2400 2778 2454 concinnitate
2809 2398 3013 2453 referto
3046 2409 3196 2453 motu
3227 2416 3242 2465 ;
3271 2408 3440 2470 atque

145 2486 521 2556 ἐπαγόμενος,
573 2484 693 2538 οὐδὲ
742 2484 840 2555 τὴν
883 2484 1045 2554 φύσιν
1108 2485 1279 2555 αὐτὴν
1346 2485 1746 2556 μολυνόμενος;

1852 2490 2072 2544 ordinat
2098 2491 2284 2545 omnia
2315 2505 2657 2562 quaecunque
2704 2491 3014 2545 inordinata
3038 2498 3191 2555 sunt,
3215 2491 3440 2547 eadem-

144 2578 300 2633 οὕτω
329 2578 396 2652 δὴ
429 2577 497 2631 τά
531 2578 673 2631 κατά
699 2576 872 2630 ταῦτα
895 2578 992 2631 καὶ
1013 2580 1073 2631 ἐν
1105 2576 1414 2649 ἀνθρώποις
1438 2579 1746 2649 γενόμενος,

1852 2598 1957 2650 que
1978 2590 2140 2653 auget
2169 2597 2232 2636 ac
2265 2582 2478 2653 perlicit
2515 2599 2531 2649 ;
2569 2597 2634 2637 ac
2666 2597 2765 2638 sua
2792 2582 2966 2653 ipsius
2987 2582 3171 2637 divina
3198 2582 3439 2637 rationa-

144 2667 327 2721 πάλαι
374 2667 474 2739 μὲν
516 2665 743 2739 βραχέσι
782 2668 879 2720 καὶ
914 2665 1131 2740 ἀριθμῷ
1168 2666 1415 2738 ληπτοῖς,
1472 2667 1655 2732 μόνοις
1692 2669 1749 2723 δὲ

1850 2674 1999 2744 lique
2033 2676 2234 2730 virtute
2263 2676 2475 2730 accedit
2509 2675 2576 2729 ad
2609 2674 2793 2729 omnia
2830 2689 2893 2728 ac
2924 2689 3020 2744 per
3052 2675 3236 2728 omnia
3269 2690 3438 2744 pene-

141 2760 265 2821 τοῖς
296 2757 675 2829 ἀπγράπτοις
711 2757 1020 2828 προφήταις
1055 2771 1115 2807 τε
1156 2756 1249 2837 καὶ
1276 2757 1502 2820 δικαίοις
1553 2757 1752 2828 ἀνδρά-

1851 2773 1981 2828 trat,
2042 2766 2340 2836 omniaque
2389 2766 2831 2836 attingit,neque
2882 2771 3064 2819 tamen
3119 2764 3436 2820 nocumenti

144 2866 264 2913 σιν,
293 2849 490 2903 ἄλλοτε
516 2849 690 2913 ἄλλως
714 2849 985 2919 ὲῳαίνετο,
1026 2849 1120 2903 ἐπὶ
1150 2850 1294 2902 τέλει
1337 2849 1394 2903 δὲ
1424 2853 1536 2915 τοῖς
1582 2852 1748 2903 πᾶσιν

141 2943 279 3013 ἥδη,
306 2942 535 3012 φαύλοις
562 2960 624 2995 τε
645 2943 741 2996 καὶ
767 2942 1040 3007 ἀσεϐέσιν,
1082 2942 1354 3013 Ἑϐραίοις
1382 2959 1441 2995 τε
1477 2941 1612 3014 ὁμοῦ
1652 2942 1747 2996 καὶ

1869 1011 2079 1065 nullum
2140 1027 2318 1081 neque
2370 1012 2781 1068 incommodum
2831 1029 3009 1083 neque
3059 1023 3450 1068 necumentum

1868 1105 2121 1175 accipiet,
2149 1121 2327 1176 neque
2359 1120 2599 1175 unquam
2632 1107 2812 1175 seipsa
2846 1106 3088 1161 deterior
3120 1106 3232 1168 ﬁet,
3253 1119 3446 1173 quam-

1865 1197 1952 1251 vis
1988 1197 2314 1267 incorporea
2368 1197 2607 1267 quadam
2656 1200 2871 1252 ratione
2934 1213 3139 1267 corpus
3187 1200 3446 1266 attingat.

1866 1287 2008 1354 Quid
2039 1289 2185 1343 enim
2211 1289 2338 1343 ?An
2369 1304 2481 1344 non
2511 1290 2718 1360 absque
2757 1304 2824 1343 eo
2852 1289 2905 1343 in
2934 1306 3047 1360 quo
3071 1290 3235 1344 homo
3266 1289 3449 1346 factus

1865 1388 1950 1434 est
1978 1393 2230 1449 corpore,
2267 1395 2483 1451 semper
2515 1389 2681 1451 atque
2708 1397 3100 1453 usquequaque
3143 1398 3241 1453 per
3274 1389 3449 1437 totam

1863 1470 2260 1526 elementorum
2286 1472 2640 1544 ipsorumque
2654 1474 2814 1545 plane
2832 1490 3126 1545 corporum
3157 1474 3445 1529 materiam

1862 1572 2178 1632 penetrans,
2201 1574 2459 1635 tanquam
2490 1566 2540 1621 is
2567 1567 2660 1635 qui
2679 1565 2771 1621 Dei
2794 1567 2867 1621 sit
2889 1567 3029 1620 ratio
3059 1566 3305 1636 quaedam
3327 1566 3449 1636 opi-

1850 2858 2149 2929 quidquam
2180 2873 2246 2912 ex
2280 2873 2469 2913 earum
2520 2872 2703 2911 rerum
2752 2857 2934 2926 aliqua
2985 2856 3196 2919 trahit,
3256 2871 3436 2926 neque

1849 2964 2004 3004 suam
2032 2949 2206 3018 ipsius
2237 2956 2491 3002 naturam
2526 2947 2881 3017 coinquinat?
2915 2947 3115 3001 Eadem
3142 2950 3323 3017 itaque
3348 2955 3436 3001 est

142 3034 389 3106 Ἕλλησι
431 3034 498 3088 δι’
548 3034 993 3105 ὑπερϐάλλουσαν
1035 3034 1129 3088 τοῦ
1172 3033 1490 3103 παναγάθου
1530 3032 1746 3105 Πατρὸς

138 3128 503 3201 χρηστότητα
550 3130 643 3182 καὶ
686 3128 1092 3201 φιλανθρωπίαν
1152 3128 1500 3200 εὐεργετικὸν
1553 3127 1745 3184 ἑαυτὸν
1773 3168 1815 3225 C

137 3223 242 3275 καὶ
276 3223 550 3293 σωτήριον
573 3219 885 3292 παρείχετο,
914 3219 1210 3291 διαρρήδην
1239 3219 1400 3273 τοῦτο
1432 3222 1747 3293 προκηρύτ-

132 3329 256 3369 cur:
279 3355 295 3369 .
339 3332 359 3363 ι
394 3313 471 3366 Οὐ
506 3311 690 3383 χρείαν
727 3311 941 3381 ἔχουσιν
972 3313 1020 3364 oi
1070 3310 1344 3381 ἰσχύοντες
1372 3310 1579 3381 ἰατροῦ,
1609 3310 1747 3365 ἀλλά

132 3406 188 3458 οί
220 3421 420 3468 κακως
450 3403 687 3474 ἔχοντες·
715 3405 818 3456 οὐκ
861 3400 1025 3475 ἦλθον
1070 3401 1294 3456 καλέσαι
1326 3401 1588 3466 δικαίους,
1628 3402 1744 3456 ἀλλ’

130 3494 514 3568 ἁμαρτωλοὺς
545 3496 625 3558 είς
654 3495 961 3565 μετάνοιαν.
995 3512 1014 3544 ι
1054 3493 1270 3547 Ἐκάλει
1296 3493 1433 3564 δῆτα
1472 3496 1501 3548 ό
1527 3494 1744 3548 πάντων

126 3587 364 3659 Σωτὴρ,
404 3605 425 3637 ς
458 3585 644 3653 Δεῦτε,
670 3585 864 3654 λέγων,
894 3584 1031 3656 πρὸς
1062 3584 1127 3655 μὲ
1152 3584 1352 3648 πάντες
1374 3586 1424 3638 oi
1448 3584 1744 3650 κοπιῶντες

129 3679 239 3733 καὶ
281 3677 735 3750 πεφορτισμένοι,
775 3674 934 3745 κάγὼ
973 3675 1277 3730 ἀναπαύσω
1300 3678 1463 3747 ὑμᾶς’
1507 3697 1526 3729 ι
1558 3678 1742 3733 ἐκάλει

127 3771 237 3825 καὶ
281 3771 405 3823 ίᾶτο
448 3767 698 3838 ἀφθόνως
734 3768 800 3821 δι’
843 3768 1098 3841 ὀργάνου,
1143 3762 1204 3822 οὗ
1239 3768 1613 3841 προὺϐέϐλητο
1643 3771 1744 3824 ἀν-

128 3864 447 3936 θρωπίνου,
480 3857 571 3916 οἶά
611 3878 695 3925 τις
736 3861 996 3933 μουσικὸς
1030 3862 1170 3935 ἀνὴρ
1194 3861 1283 3915 διὰ
1312 3862 1414 3932 τῆς
1442 3862 1612 3933 λύρας
1642 3863 1741 3935 τὴν

130 3957 345 4026 σοφίαν
399 3953 882 4023 ἐπιδεικνύμενος,
948 3953 1042 4008 καὶ
1094 3951 1379 4017 νοσούσαις
1422 3970 1486 4023 γε
1540 3953 1741 4023 ψυχαῖς

127 4053 261 4114 ταῖς
282 4050 345 4101 ὲν
369 4046 638 4119 σώμασιν,
659 4040 750 4100 οἷά
773 4065 854 4110 τις
885 4046 1086 4119 ἰατρῶν
1112 4046 1352 4118 ἀριστος,
1377 4049 1629 4115 συγγενεῖ
1648 4046 1741 4100 καὶ

128 4141 468 4212 καταλλήλῳ
543 4138 850 4210 βοηθήματι
922 4139 1015 4192 τὸν
1093 4137 1382 4209 ἄνθρωπον
1450 4138 1612 4201 αὐτός
1678 4154 1738 4190 τε

127 4235 336 4288 ἑαυτὸν
364 4231 672 4302 ὑπόδειγμα
706 4230 871 4301 σοφοῦ
897 4231 990 4285 καὶ
1023 4231 1328 4302 παναρέτου
1363 4230 1458 4285 καλ¹
1482 4230 1739 4295 εὐσεϐοῦς

128 4327 442 4399 παρείχετο
487 4324 640 4394 βίου,
698 4322 963 4377 διδάσκων
1016 4323 1116 4395 μὲν
1163 4324 1233 4377 τὰ
1271 4324 1444 4395 ἀληθῆ
1495 4324 1555 4376 οὐ
1605 4323 1734 4394 παρ’

125 4420 348 4491 ἑτέρων
409 4416 790 4489 ηρανισμένα,
847 4416 907 4483 ἐξ
965 4416 1136 4470 αὑτοῦ
1179 4417 1237 4471 δὲ
1279 4418 1373 4471 καλ⁹
1428 4417 1579 4489 παρὰ
1638 4415 1734 4469 τοῦ

1848 3039 2011 3103 ratio,
2045 3039 2176 3093 dum
2206 3038 2371 3092 etiam
2400 3038 2544 3092 inter
2575 3038 2828 3093 homines
2861 3037 3030 3108 degit.
3058 3037 3184 3091 illos
3208 3035 3433 3106 quidem

1847 3135 2007 3182 antea
2044 3142 2251 3198 paucos
2281 3135 2335 3183 et
2367 3127 2762 3189 numerabiles.
2810 3127 2959 3182 solos
2995 3127 3185 3198 utique
3217 3142 3334 3191 eos,
3362 3126 3435 3182 de

1848 3221 2049 3291 quibus
2078 3219 2344 3289 scriptum
2377 3230 2481 3284 est,
2504 3219 2797 3289 prophetas
2821 3219 3113 3290 justosque
3138 3222 3310 3285 viros,
3333 3220 3431 3277 iis-

1846 3328 1954 3383 que
1983 3313 2121 3369 alias
2172 3312 2333 3367 aliter
2360 3327 2421 3367 se
2453 3312 2695 3367 ostendit
2725 3332 2740 3366 :
2798 3303 3099 3367 novissime
3133 3328 3264 3369 vero
3311 3312 3430 3382 jam

1845 3405 2103 3460 omnibus
2133 3404 2294 3459 malis
2321 3404 2615 3474 impiisque
2646 3411 2701 3458 et
2733 3402 2974 3459 Hebraeis
3002 3404 3165 3458 simul
3194 3410 3246 3457 et
3279 3403 3433 3461 Grato

1845 3497 1948 3560 eis,
1971 3512 2039 3552 ex
2073 3496 2375 3551 abundanti
2404 3496 2597 3566 optimi
2638 3495 2819 3552 Patris
2854 3496 3101 3551 bonitate
3132 3512 3431 3568 amoreque

1844 3604 1973 3659 erga
2015 3588 2289 3653 homines,
2339 3589 2669 3644 beneﬁcium
2716 3587 2961 3659 seipsum
3018 3588 3430 3659 salutaremque

1849 3679 2108 3745 exhibet,
2158 3681 2321 3750 plane
2352 3680 2459 3735 hoc
2494 3680 2674 3750 ipsum
2703 3695 2767 3734 ac
2802 3680 3022 3752 publice
3067 3681 3425 3739 denuntians.

1847 3786 1868 3821 ι
1910 3768 2030 3824 Non
2059 3770 2324 3840 indigent,
2356 3770 2562 3840 inquit,
2614 3771 2754 3825 bene
2780 3771 3028 3827 valentes
3060 3771 3294 3834 medico,
3329 3772 3426 3826 sed

1842 3863 1984 3918 male
2014 3863 2278 3919 habentes
2311 3881 2328 3919 :
2365 3879 2476 3918 non
2507 3865 2633 3919 veni
2665 3872 2723 3920 ut
2768 3878 3023 3920 vocarem
3075 3864 3258 3934 justos
3281 3904 3296 3929 ,
3328 3864 3427 3920 sed

1842 3962 2161 4025 peccatores
2190 3955 2258 4009 ad
2290 3955 2672 4025 pomitentiam
2705 3957 2772 4012 ⁸³.
2806 3976 2825 4008 ι
2856 3954 3098 4011 Vocabat
3126 3971 3258 4026 ergo
3300 3954 3426 4011 Sai-

1841 4053 1994 4098 vator
2024 4045 2267 4100 omnium
2295 4045 2485 4100 dicens
2523 4061 2539 4097 :
2573 4062 2591 4094 ι
2624 4042 2817 4099 Venite
2857 4047 2923 4097 ad
2966 4060 3074 4108 me,
3106 4058 3298 4098 omnes
3329 4043 3427 4114 qui

1840 4137 2103 4193 laboratis
2133 4146 2186 4192 et
2225 4138 2437 4192 onerati
2476 4138 2634 4204 estis,
2675 4147 2729 4191 et
2756 4152 2857 4207 ego
2882 4136 3121 4190 reficiam
3160 4151 3254 4190 vos
3291 4134 3356 4189 “.
3398 4153 3419 4187 ι

1843 4227 2089 4283 Vocabat
2115 4243 2177 4282 ac
2208 4227 2438 4283 sanabat
2481 4227 2809 4290 liberaliter,
2836 4241 2932 4296 per
2961 4226 3093 4280 illud
3123 4226 3424 4280 humanum

1840 4322 2267 4376 instrumentum
2302 4320 2448 4389 quod
2481 4335 2593 4390 pra:
2628 4335 2689 4375 se
2708 4319 2937 4382 ferebat,
2972 4318 3140 4373 veluti
3189 4318 3417 4388 quidam

1838 4414 2087 4469 musicus
2114 4414 2220 4476 vir,
2253 4413 2346 4483 qui
2378 4429 2475 4483 per
2498 4414 2669 4485 lyram
2687 4425 2852 4482 quam
2887 4412 2960 4467 sit
2986 4413 3182 4468 doctus
3226 4421 3423 4469 osten-

125 4509 359 4582 Πατρὸς
416 4508 488 4562 τά
549 4508 718 4562 πάλαι
769 4508 864 4560 καὶ
922 4509 988 4562 ὲκ
1034 4507 1246 4579 μακροῦ
1273 4508 1365 4562 τοῦ
1400 4508 1593 4573 αἰῶνος
1622 4511 1735 4571 τοῖς

1845 4506 1937 4569 dit,
1972 4522 2076 4561 nec
2102 4523 2210 4562 non
2234 4507 2627 4578 aegrotantibus
2641 4507 2841 4562 animis
2862 4506 2951 4566 iis.
2987 4521 3109 4575 qua:
3138 4505 3194 4559 in
3225 4520 3425 4575 corpo-

124 4600 409 4656 ἀνέκαθεν
437 4597 708 4667 θεοφιλέσι
736 4597 831 4651 καὶ
869 4601 980 4661 τοῖς
1010 4599 1117 4669 πρὸ
1152 4598 1431 4661 Μωῦσέως
1464 4596 1732 4669 Ἑϐραίοις

1835 4598 1989 4655 ribus
2005 4599 2273 4669 degebant
2303 4598 2470 4654 veluti
2495 4598 2737 4668 optimus
2766 4597 3421 4668 quidammedieus,dum

122 4688 634 4761 νενομοθετημένα.
682 4687 960 4759 Σωμάτων
1006 4688 1064 4741 δὲ
1105 4688 1202 4758 οὐχ
1251 4684 1415 4758 ἦττον
1462 4687 1495 4758 ἢ
1541 4686 1733 4757 ψυχῶν

1845 4700 2060 4760 regnata
2073 4693 2505 4761 congruentique
2521 4706 2621 4761 ope
2638 4693 2816 4760 ipsum
2833 4689 3107 4744 hominem
3121 4690 3425 4759 curat,ipse

123 4782 541 4856 ἐπιμελόμενος
560 4822 574 4845 ,
615 4782 710 4836 καὶ
747 4783 1031 4853 σαρκικοῖς
1066 4782 1164 4851 μὲν
1193 4780 1498 4852 ἀνθρώπων
1529 4779 1731 4849 ὀφθαλ-

128 4879 262 4949 μοῖς
282 4875 358 4929 τὰ
379 4874 469 4928 διά
491 4874 594 4943 τῆς
615 4872 817 4945 σαρκὸς
842 4872 991 4944 αὐτῷ
1013 4871 1267 4944 δρώμενα
1293 4869 1728 4943 παρασκευάζων

121 4970 292 5041 όρᾷν.
323 4966 518 5028 ἀκοαῖς
555 4964 612 5017 δὲ
654 4963 815 5016 πάλιν
858 4963 1062 5033 σαρκὸς
1095 4962 1195 5026 τὰς
1232 4961 1321 5016 διὰ
1350 4960 1597 5033 γλώττης
1634 4962 1729 5015 καὶ

125 5059 348 5130 σαρκὸς
378 5055 606 5127 ὑπηχῶν
635 5054 1004 5119 διδασκαλίας,
1038 5056 1135 5109 καὶ
1166 5055 1344 5109 πάντα
1371 5070 1433 5123 γε
1467 5054 1729 5108 ἐπιτελῶν

121 5153 198 5205 δι’
239 5142 305 5203 οὗ
335 5148 627 5219 ἀνείληφεν
656 5146 945 5218 ἀνθρώπου
965 5187 981 5211 ,
1018 5150 1132 5211 τοῖς
1161 5149 1262 5202 οὐκ
1292 5147 1522 5219 άλλωςῆ
1556 5148 1732 5219 μόνως

122 5242 315 5304 οὕτως
340 5241 441 5310 τῆς
465 5238 630 5294 αὑτοῦ
663 5239 936 5311 θειότητος
970 5239 1351 5293 συναισθέσθαι
1385 5240 1724 5311 δυναμένοις.

126 5336 330 5390 Ταῦτα
373 5334 439 5403 δὴ
475 5328 570 5387 οὖν
613 5334 828 5388 ἅπαντα
873 5336 955 5396 είς
984 5333 1045 5386 τὸ
1077 5334 1381 5404 χρήσιμον,
1421 5338 1516 5387 καὶ
1561 5334 1727 5387 πᾶσιν

128 5432 270 5501 ἡμῖν
296 5427 576 5497 ὠφέλιμον
597 5428 625 5480 ὁ
653 5427 831 5480 πάντα
855 5425 1235 5498 φιλάνθρωπος
1263 5427 1369 5480 τοῦ·
1387 5426 1521 5481 Θεοῦ
1554 5426 1727 5495 Λόγος

130 5526 258 5587 ταῖς
293 5521 593 5592 πατρικαῖς
621 5518 835 5589 βουλαῖς
862 5518 1161 5590 διηκονεῖτο
1179 5559 1193 5583 ,
1228 5519 1407 5591 μένων
1438 5519 1599 5575 πάλιν
1628 5520 1727 5573 αὒ-

131 5613 228 5678 τὺς
259 5612 427 5675 ᾰῦλος
468 5610 566 5664 καὶ
596 5605 890 5679 ἀσώματος
907 5649 923 5675 ,
966 5605 1077 5672 οἷος
1119 5610 1214 5663 καὶ
1241 5609 1442 5683 προτοῦ
1473 5610 1624 5683 παρά
1650 5609 1729 5682 τῷ

211 5793 256 5828 ³³
291 5791 430 5847 Luc.
468 5809 520 5858 γ,
550 5791 639 5860 31,
671 5792 760 5848 32.
843 5793 885 5825 η
918 5791 1105 5849 Matth.
1137 5808 1215 5856 τι.
1244 5791 1336 5847 28.

1834 4785 2078 4854 seipsum
2118 4784 2397 4853 exemplar
2419 4783 2569 4837 omni
2625 4782 2894 4852 sapientia
2924 4782 3183 4850 omnique
3216 4781 3421 4835 virtute

1833 4877 2050 4932 referta:
2065 4877 2186 4931 vitae
2203 4874 2845 4946 praebebat,docebatque
2868 4873 3086 4928 interim
3106 4873 3417 4937 veritatem,

1841 4967 2001 5037 169
2020 4982 2127 5021 non
2162 4982 2325 5036 quam
2357 4966 2426 5020 ab
2469 4966 2593 5020 aliis
2617 4965 2991 5034 compilasset,
3025 4963 3120 5018 sed
3147 4979 3267 5019 eam
3297 4977 3421 5033 qua

1836 5068 1890 5114 et
1923 5076 1950 5113 a
1985 5061 2169 5129 seipse
2213 5065 2269 5112 et
2299 5074 2328 5112 a
2363 5060 2541 5123 Patre,
2589 5058 2788 5128 priscis
2832 5058 2963 5121 illis,
3000 5060 3092 5127 qui
3129 5066 3237 5110 tam
3275 5058 3421 5111 mul-

1839 5154 1912 5210 tis
1966 5162 2096 5209 ante
2139 5154 2356 5209 saeculis
2382 5184 2383 5187 η
2412 5169 2442 5207 a
2484 5161 2675 5209 nostra
2718 5159 2877 5207 aetate
2907 5151 3099 5221 procul
3144 5152 3417 5215 vixerant,

1835 5243 1929 5300 Dei
1953 5246 2165 5308 amicis,
2195 5246 2287 5315 qui
2318 5254 2441 5299 ante
2472 5243 2674 5299 Mosem
2703 5241 3009 5297 ﬂoruerunt
3034 5240 3297 5304 Hebraeis,
3324 5256 3418 5296 ve-

1835 5331 1936 5385 luti
1979 5334 2062 5387 lex
2112 5332 2359 5403 quaedam
2397 5333 2647 5403 exposita
2694 5341 2881 5387 esset:
2928 5339 2982 5387 et
3019 5346 3250 5403 corpora
3294 5332 3415 5400 ipsa

1833 5443 1947 5482 non
1979 5427 2161 5482 minus
2201 5426 2428 5481 curabat
2473 5442 2635 5496 quam
2682 5426 2897 5482 animas
2927 5445 2940 5480 :
2970 5439 3095 5480 nam
3131 5423 3415 5493 corporeis

1834 5519 2056 5589 quidem
2094 5519 2380 5573 hominum
2426 5519 2626 5583 oculis,
2667 5533 2787 5589 quae
2812 5533 2908 5589 per
2948 5532 3150 5587 corpus
3193 5516 3264 5571 ab
3294 5515 3415 5585 ipso

1833 5609 2058 5678 ﬁebant,
2094 5608 2357 5666 intuenda
2386 5609 2762 5684 comparabat,
2789 5623 3093 5679 rursusque
3132 5610 3415 5678 corporeis
