3846 6218
389 308 496 363 28⁸1

1066 306 1341 364 EUSEBII
1380 306 1868 364 CAESARIENSIS
1903 305 2056 361 OPP.
2098 303 2303 387 PAIiS.
2345 304 2385 358 Ι.
2426 335 2497 347 —-
2533 303 3041 362 APOLOGETICA.

3542 303 3657 360 28⁸

394 424 622 481 auribus
648 424 976 491 doctrinam,
1001 438 1099 494 per
1130 439 1452 496 corpoream
1501 426 1688 482 itidem
1729 427 1970 497 linguam

2076 423 2253 495 Πατρὶ
2278 419 2370 495 ἦν,
2393 421 2519 476 οὔτε
2566 418 2887 494 μεταϐαλὼν
2925 421 3023 493 τὴν
3057 420 3276 483 οὐσίαν,
3312 419 3423 473 οὐδ’
3453 420 3657 489 ἀφανι-

392 514 707 579 insonabat,
767 528 872 569 nec
928 530 1041 569 non
1090 516 1273 570 omnia
1337 515 1656 587 perﬁciebat
1704 532 1801 587 per
1847 532 1973 570 eum

391 621 555 676 quem
601 613 979 675 assumpserat
1038 605 1354 674 hominem,
1408 607 1478 663 iis
1507 607 1602 676 qui
1657 621 1767 660 non
1817 606 1974 661 aliter

392 710 556 765 quam
595 696 678 750 sic
706 694 975 749 duntaxat
1001 697 1178 766 ipsius
1206 695 1547 752 divinitatem
1577 697 1784 752 sentire
1804 705 1975 767 'pote-

392 794 538 840 rant.
584 785 709 842 Haec
743 802 982 858 namque
1009 772 1195 842 omnia
1244 787 1310 842 ad
1357 804 1519 843 usum
1566 796 1733 859 atque
1764 789 1975 843 utilita-

392 895 502 934 tem
525 881 770 935 omnium
799 890 1069 945 nostrum,
1097 881 1393 935 humanum
1415 898 1589 953 genus
1611 882 1758 936 omni
1785 897 1976 952 prose-

393 987 569 1041 quens
595 987 783 1028 amore
814 972 909 1028 Dei
948 971 1209 1037 Verbum,
1256 974 1499 1044 paternis
1527 975 1778 1029 consiliis
1800 973 1975 1027 admi-

394 1064 686 1130 nistrabat,
729 1064 846 1133 ipse
879 1064 1096 1117 interim
1144 1080 1339 1119 rursus
1386 1073 1441 1119 et
1479 1065 1723 1120 materiae
1752 1080 1971 1134 expers,

395 1162 452 1210 et
497 1156 854 1222 incorporeus
901 1168 1150 1220 manens,
1196 1155 1507 1223 cujusmodi
1549 1156 1715 1210 etiam
1764 1156 1972 1226 pridem

400 1245 544 1315 apud
579 1243 796 1297 Patrem
823 1249 961 1306 erat,
988 1259 1165 1312 neque
1196 1251 1417 1299 mutans
1445 1247 1762 1313 essentiam,
1796 1261 1975 1316 neque

398 1337 657 1408 perdens,
701 1333 848 1405 quod
887 1350 1002 1389 suae
1046 1335 1222 1404 ipsius
1257 1342 1471 1389 natura:
1502 1337 1785 1406 pr0prium
1830 1345 1972 1403 erat,

397 1443 576 1498 neque
610 1442 738 1482 vero
786 1434 882 1480 aut
924 1427 1175 1496 corporis
1220 1428 1455 1483 vinculis
1506 1428 1838 1499 impeditus,
1881 1439 1977 1485 aut

393 1536 425 1574 a
464 1535 565 1575 sua
598 1520 884 1574 divinitate
928 1518 1195 1588 dejectus,
1237 1534 1302 1574 ac
1338 1534 1409 1575 ne
1449 1519 1808 1577 domesticam
1847 1524 1974 1593 qui-

391 1617 514 1671 dem
548 1614 711 1670 Verbi
744 1620 1068 1684 potestatem
1104 1614 1383 1678 amittens,
1416 1614 1512 1671 sed
1550 1632 1728 1687 neque
1759 1617 1849 1681 iis,
1878 1617 1974 1688 qui

390 1708 506 1762 illic
531 1707 753 1777 quidem
779 1706 872 1759 ubi
901 1706 1002 1775 ipsi
1041 1705 1341 1759 humanum
1377 1720 1475 1761 vas
1511 1706 1722 1772 aderat,
1755 1707 1976 1778 degeret

390 1806 631 1865 tantum,
672 1798 727 1852 in
770 1797 895 1853 aliis
927 1813 1059 1852 vero
1093 1798 1337 1855 universi
1383 1800 1633 1869 partibus
1676 1814 1799 1855 esse
1838 1815 1971 1869 pro-

391 1890 690 1944 hiberetur.
731 1888 944 1946 Etenim
971 1899 1101 1947 tunc
1139 1908 1360 1963 quoque
1398 1908 1522 1947 cum
1548 1893 1693 1947 inter
1721 1893 1973 1948 homines

391 1982 734 2045 versabatur,
772 1982 1130 2039 nihilominus
1182 1984 1367 2038 omnia
1393 1984 1724 2054 complebat,
1753 1984 1973 2040 interim

390 2081 597 2127 et.cum
624 2072 786 2129 Patre
808 2084 864 2129 et
891 2075 946 2129 in
982 2074 1140 2131 Patre
1165 2076 1306 2131 idem
1341 2085 1481 2141 erat,
1516 2085 1571 2131 et
1599 2078 1845 2131 omnium
1884 2092 1975 2133 re-

393 2179 515 2218 rum
566 2167 771 2235 pariter
821 2168 878 2222 in
924 2168 1117 2224 eodem
1179 2177 1445 2240 tempore,
1505 2177 1617 2224 tam
1662 2169 1971 2225 caelestium

391 2272 554 2328 quam
583 2259 928 2314 terrestrium
967 2274 1159 2315 curam
1184 2260 1442 2331 gerebat;
1475 2276 1749 2331 nusquam
1783 2261 1852 2315 ab
1876 2260 1971 2315 illa

394 2349 707 2420 praesentia,
759 2365 869 2419 qua
919 2352 1138 2406 cunctis
1171 2352 1337 2407 rebus
1379 2352 1535 2407 adest
1581 2359 1776 2407 nostro
1819 2367 1974 2409 more

390 2440 671 2501 exclusus,
701 2454 879 2509 neque
909 2439 1117 2504 divina,
1153 2457 1223 2496 ne
1252 2451 1436 2512 ageret
1466 2457 1616 2498 more
1639 2458 1762 2507 suo,
1798 2443 1973 2513 impe-

390 2530 562 2592 ditus,
612 2529 709 2585 sed
747 2530 841 2585 illa
876 2531 1097 2601 quidem
1131 2547 1162 2586 a
1202 2533 1385 2603 seipse
1416 2534 1834 2590 communicatis
1870 2536 1972 2590 ho-

389 2621 548 2683 mini,
585 2621 699 2677 htec
721 2637 850 2677 vero
880 2636 910 2675 a
949 2624 1169 2678 mortali
1202 2624 1319 2694 ipse
1356 2640 1466 2679 non
1504 2626 1799 2696 accipiens.
1834 2627 1970 2683 Item

389 2712 610 2766 mortali
630 2713 852 2783 quidem
879 2715 989 2767 vim
1013 2715 1255 2769 divinam
1282 2717 1662 2787 suppeditans,
1695 2734 1727 2772 a
1751 2721 1971 2775 mortali

389 2817 521 2856 vero
553 2803 670 2873 ipse
702 2819 812 2858 non
843 2812 1035 2859 contra
1067 2806 1122 2858 in
1148 2813 1356 2875 partem
1392 2815 1486 2861 aut
1515 2810 1970 2865 communitatem

389 2894 683 2951 adductus.
712 2895 899 2967 Neque
927 2897 1097 2966 igitur
1126 2899 1179 2951 in
1206 2909 1364 2968 partu
1396 2915 1428 2953 a
1472 2916 1702 2971 corpore
1729 2903 1849 2972 ipse
1889 2903 1971 2957 in-

388 3003 692 3059 corporeus
735 2990 1150 3061 inquinabatur,
1193 3007 1371 3061 neque
1415 2993 1544 3047 item
1588 2994 1680 3063 qui
1729 2993 1970 3064 paﬁhilis

387 3089 601 3134 naturae
636 3095 834 3151 expers
870 3088 1012 3146 erat,
1056 3082 1263 3152 aliquid
1314 3098 1346 3137 a
1401 3086 1617 3139 mortali
1663 3087 1966 3141 secundum

389 3172 684 3226 essentiam
736 3173 1064 3242 patiebatur.
1114 3174 1250 3228 Nam
1307 3190 1521 3246 neque,
1567 3178 1719 3232 verbi
1770 3178 1969 3249 gratia,

389 3264 526 3319 dum
556 3264 670 3334 lyra
723 3268 994 3335 pulsatur,
1055 3279 1148 3322 aut
1197 3269 1350 3322 nervi
1401 3271 1804 3336 convelluntur,
1858 3274 1968 3343 pati

388 3355 688 3412 verisimile
736 3366 822 3414 est
858 3374 981 3414 eum
1025 3361 1121 3430 qui
1170 3361 1246 3415 ita
1287 3362 1572 3431 praeludit;
1618 3380 1797 3435 neque
1841 3366 1971 3421 dum

392 3450 698 3520 cuiuspiam
728 3452 832 3505 viri
855 3454 1120 3524 sapientis
1151 3469 1352 3524 corpus
1382 3465 1687 3527 torquetur,
1711 3460 1860 3515 illius
1883 3475 1973 3514 sa—

390 3541 675 3611 pientiam,
700 3553 796 3599 aut
824 3560 987 3615 quam
1016 3546 1067 3601 in
1103 3561 1334 3617 corpore
1355 3550 1497 3618 gerit
1530 3551 1793 3615 animam,
1832 3552 1970 3607 caedi

391 3641 487 3689 aut
516 3636 697 3704 puniri
735 3639 931 3692 merito
961 3637 1145 3692 dicere
1177 3654 1473 3709 possumus
1499 3662 1513 3697 :
1540 3646 1729 3698 eadem
1758 3643 1972 3699 ratione

390 3728 729 3799 neutiquam,
760 3731 1040 3802 multoque
1073 3732 1238 3786 etiam
1276 3733 1481 3797 minus,
1512 3735 1660 3804 quod
1686 3735 1847 3791 Verbi
1878 3745 1972 3791 aut

391 3826 609 3885 natura,
647 3829 742 3875 aut
768 3822 875 3885 vis,
914 3823 1225 3878 detrimenti
1255 3825 1534 3895 quidpiam
1567 3842 1634 3882 ex
1666 3829 1825 3899 170
1847 3845 1973 3884 cor-

390 3914 542 3983 poris
583 3912 965 3970 affectionibus
1011 3917 1215 3980 trahat,
1246 3916 1516 3973 allirmare
1555 3934 1653 3989 par
1701 3931 1803 3977 est.
1834 3920 1969 3978 Nam

390 4021 557 4075 supra
597 4022 669 4062 ne
701 4008 927 4063 luminis
976 4009 1198 4079 quidem
1247 4011 1380 4066 illud
1423 4013 1735 4081 appositum
1780 4029 1968 4070 exemo

390 4097 564 4167 plum,
589 4098 760 4168 pollui
790 4099 1002 4156 solares
1041 4100 1245 4166 radios,
1280 4102 1411 4157 dum
1433 4102 1654 4159 caelitus
1686 4102 1741 4157 in
1767 4112 1968 4159 terram

387 4188 773 4255 demittuntur,
803 4198 857 4246 et
893 4192 1069 4247 lutum
1106 4208 1171 4248 ac
1201 4209 1442 4259 ctenum,
1471 4202 1637 4265 atque
1665 4196 1847 4250 omnis
1871 4212 1966 4267 ge-

387 4280 540 4336 neris
571 4282 761 4338 sordes
793 4284 1088 4355 attingunt,
1114 4286 1472 4342 concedebat.
1506 4288 1809 4342 llluminari
1845 4288 1969 4358 qui-

385 4371 509 4426 dem
538 4373 701 4428 etiam
734 4374 849 4430 haec
883 4376 952 4428 ab
984 4376 1158 4446 ipsius
1189 4377 1412 4433 luminis
1442 4379 1632 4443 radiis,
1669 4379 1805 4434 nihil
1834 4396 1967 4436 sane

2074 514 2222 579 σθεὶς
2259 515 2359 585 τῆς
2392 514 2587 568 ἑαυτοῦ
2638 514 2803 577 αὐτὸς
2841 512 3091 581 φύσεως,
3137 511 3258 564 οὐδέ
3302 527 3367 581 γε
3412 512 3525 574 τοῖς
3556 511 3659 580 τῆς

2074 607 2277 677 σαρκὸς
2302 589 2521 676 δεσμοῖς
2553 605 2811 677 πεδηθεὶς
2830 644 2845 667 ,
2872 604 2993 657 οὐδὲ
3024 601 3315 657 ἀποπεσὼν
3340 603 3440 674 τῆς
3466 601 3662 672 θεότη-

2071 714 2196 761 τος,
2233 697 2347 750 άλλ’
2377 697 2501 751 οὐδὲ
2537 696 2636 768 τὴν
2681 696 2890 749 οἰκείαν
2937 693 3032 747 τοῦ
3065 693 3237 762 Λόγου
3273 692 3661 765 παραπολέσας

2071 787 2301 858 δύναμιν
2321 826 2335 851 ,
2381 788 2492 841 οὐδ’
2525 781 2627 842 ὧδε
2681 788 2778 859 μὲν
2811 786 2939 840 ἔνθα
2966 782 3033 857 ἧν
3069 784 3218 856 αὑτῷ
3259 784 3318 838 τὸ
3349 784 3661 858 ἀνθρώπιον

2076 880 2270 943 σκεῦος
2297 879 2396 943 τὰς
2427 878 2713 950 διατριϐὰς
2745 876 3085 948 ποιούμενος,
3113 878 3170 928 ὲν
3200 875 3407 947 ἑτέροις
3435 874 3491 927 δὲ
3514 870 3662 927 εἶναι

2072 971 2166 1024 τοῦ
2200 969 2401 1034 παντὸς
2434 968 2831 1040 κεκωλυμένος.
2882 967 3041 1021 Ἀλλά
3070 967 3177 1037 γὰρ
3205 966 3298 1020 καὶ
3333 968 3392 1020 ὲν
3431 965 3509 1036 τῷ
3534 967 3665 1021 τότε

2075 1061 2179 1115 καθ
2198 1063 2210 1083 ’
2232 1061 2259 1115 ὃ
2281 1065 2338 1115 ὲν
2368 1060 2674 1135 ἀνθρώποις
2704 1060 3062 1127 ἐπολιτεύετο,
3085 1060 3157 1114 τὰ
3187 1061 3363 1114 πάντα
3394 1059 3661 1130 ἐπλήρου,

2075 1154 2169 1206 καὶ
2207 1152 2285 1223 τῷ
2317 1153 2496 1224 Ilath
2539 1152 2740 1223 συνῆν,
2778 1154 2875 1206 καὶ
2918 1155 2975 1206 ἐν
3007 1151 3155 1223 αύτῷ
3191 1168 3255 1221 γε
3285 1146 3383 1223 ἧν,
3418 1151 3515 1205 καὶ
3547 1152 3662 1204 τῶν

2075 1246 2293 1300 πάντων
2322 1244 2533 1317 ἀθρόως
2571 1246 2664 1299 καὶ
2699 1247 2757 1299 ὲν
2788 1245 2865 1315 τῷ
2890 1247 3010 1299 τότε
3041 1245 3150 1299 τῶν
3174 1261 3235 1298 τε
3271 1247 3390 1298 κατ’
3427 1244 3666 1316 οὐρανὸν

2073 1338 2169 1391 καὶ
2196 1338 2289 1392 ἐπὶ
2320 1338 2424 1407 γῆς
2451 1337 2766 1408 ἐπεμέλετο,
2784 1337 3035 1407 οὐδαμῶς
3056 1338 3154 1409 τῆς
3180 1338 3488 1408 πανταχόσε
3516 1353 3667 1407 παρα

2076 1431 2263 1495 ουσίας
2318 1430 2519 1502 ὁμοίως
2556 1433 2690 1502 ⁴ἡμῖν
2724 1431 3248 1501 ἀποκεκλεισμένος,
3293 1430 3412 1483 οὐδὲ
3442 1429 3514 1482 τὰ
3544 1429 3671 1483 θεῖα

2074 1523 2333 1594 πράττειν
2389 1522 2633 1594 συνήθως
2675 1520 3210 1594 παραποδιζόμενος·
3254 1522 3390 1576 ἀλλά
3434 1522 3507 1575 τά
3563 1522 3670 1593 μὲν

2074 1615 2135 1678 ἐξ
2162 1612 2327 1667 αὑτοῦ
2365 1613 2680 1684 μεταδιδοὺς
2707 1612 2786 1683 τῷ
2808 1612 3116 1684 ἀνθρώπῳ,
3143 1613 3213 1666 τὰ
3242 1612 3287 1665 δ’
3319 1614 3383 1666 ἐκ
3410 1612 3504 1665 τοῦ
3533 1611 3672 1684 θνη-

2076 1701 2171 1756 τοῦ
2202 1702 2277 1774 μὴ
2314 1702 2731 1774 ἀντιλαμὸἀνων
2749 1719 2761 1731 ·
2792 1702 2884 1755 καὶ
2911 1702 3010 1773 τῆς
3042 1703 3141 1773 μὲν
3166 1701 3352 1756 ἐνθέου
3380 1702 3670 1772 δυνάμεως

2004 1783 2047 1841 Β
2073 1792 2152 1864 τῷ
2180 1792 2359 1864 θνητῷ
2394 1793 2645 1864 χορηγῶν
2666 1835 2681 1860 ,
2717 1795 2817 1865 τῆς
2842 1793 2898 1846 δὲ
2930 1796 2996 1846 ὲκ
3024 1795 3117 1847 τοῦ
3147 1793 3343 1865 θνητοῦ
3373 1794 3671 1864 μετουσίας

2078 1886 2179 1939 οὐκ
2217 1886 2675 1957 ἀντεπαγόμενος.
2710 1885 2836 1940 (ὥτ’
2875 1881 2970 1940 οῦν
3015 1886 3307 1958 ὲμολύνετο
3341 1888 3671 1956 τικτόμενος

2077 1977 2184 2031 ὑπὸ
2213 1976 2308 2030 τοῦ
2346 1977 2597 2049 σώματος
2625 1981 2654 2031 ό
2682 1979 2972 2049 ἀσώματος
2990 2021 3004 2045 ,
3039 1980 3160 2033 οὐδὲ
3185 1980 3283 2052 τὴν
3313 1981 3504 2035 οὐσίαν
3528 1980 3672 2033 επα-

2077 2087 2204 2142 σχεν
2229 2073 2258 2124 ὁ
2285 2071 2502 2144 ἀπαθὴς
2543 2072 2648 2125 ὑπὸ
2683 2071 2776 2125 τοῦ
2823 2072 3015 2144 θνητοῦ
3040 2089 3054 2102 ⁸
3089 2074 3213 2127 ἐπεὶ
3269 2073 3405 2144 μηδὲ
3433 2075 3537 2143 τῆς
3570 2072 3669 2125 λύ-

2080 2175 2198 2230 ρας,
2225 2162 2274 2213 εί
2304 2159 2478 2225 οὕτως
2504 2160 2677 2231 τύχοι,
2710 2162 3075 2235 κοπτομένης,
3100 2163 3133 2235 ἢ
3165 2163 3273 2217 τῶν
3302 2163 3507 2235 χορδῶν
3547 2164 3671 2217 6t:-

2078 2252 2412 2323 σπωμένων,
2456 2252 2690 2324 πάσχειν
2719 2255 2865 2318 εἰκὸς
2893 2255 2983 2310 τὸν
3029 2256 3471 2327 ἀνακρουόμενον
3493 2275 3506 2287 ·
3540 2257 3672 2312 οὐδὲ

2074 2361 2140 2413 γε
2190 2344 2355 2414 σοφοῦ
2394 2363 2541 2409 τινος
2589 2345 2780 2418 ἀνδρὸς
2807 2350 3220 2420 τιμωρουμένου
3251 2348 3346 2402 τοῦ
3375 2350 3671 2420 σώματος,

2074 2436 2175 2507 τὴν
2207 2436 2266 2489 ὲν
2302 2437 2452 2509 αὐτῷ
2483 2438 2676 2508 σοφίαν
2696 2478 2710 2503 ,
2741 2438 2774 2510 ἦ
2802 2441 2902 2512 τήν
2934 2457 2999 2509 γε
3038 2442 3098 2493 ὲν
3128 2440 3208 2511 τῷ
3238 2439 3450 2511 σώματι
3483 2434 3671 2513 ψυχὴν

2074 2527 2407 2594 κόπτεσθαι,
2451 2528 2483 2601 ἢ
2531 2529 2782 2584 καίεσθαι
2813 2531 3053 2602 φαίημεν
3086 2532 3153 2586 ἂν
3196 2534 3444 2597 εἰκότως.
3477 2534 3673 2607 Ταύτῃ

2074 2635 2156 2672 τοι
2213 2618 2348 2674 πολὺ
2421 2620 2585 2675 πλέον
2641 2621 2763 2675 οὐδὲ
2821 2622 2921 2694 τὴν
2977 2623 3074 2677 τοῦ
3129 2622 3305 2693 Λόγου
3400 2625 3567 2693 φύσιν
3634 2626 3670 2697 ἢ

2074 2711 2300 2785 δύναμιν
2362 2713 2559 2784 βλάϐος
2609 2732 2664 2768 τι
2722 2716 2788 2769 ὲκ
2837 2716 2946 2770 τῶν
3003 2719 3098 2771 τοῦ
3152 2718 3407 2789 σώματος
3475 2718 3671 2772 παθῶν

2074 2806 2471 2877 ἀποφέρεσθαι,
2503 2807 2670 2876 φάναι
2698 2805 2921 2876 εὔλογον
2941 2825 2954 2838 ο
2987 2809 3071 2862 ὅτι
3101 2809 3238 2879 μηδὲ
3263 2809 3323 2862 τὸ
3356 2809 3452 2863 τοῦ
3486 2810 3671 2879 φωτὸς

2075 2900 2207 2972 ἡμῖν
2238 2900 2544 2970 ὑπόδειγμα
2590 2900 2906 2974 χραίνεσθαί
2945 2918 2999 2955 τι
3038 2901 3139 2965 τὰς
3173 2901 3407 2973 ἡλιακὰς
3438 2903 3671 2966 ἀκτῖνας

2074 2991 2167 3044 ἐπὶ
2196 2992 2300 3063 γῆς
2324 2991 2616 3063 οὐρανόθεν
2646 2992 3096 3064 ὲκπεμπομένας,
3128 2992 3300 3065 πηλοῦ
3330 3010 3394 3045 τε
3423 2994 3522 3046 καὶ
3548 2992 3672 3066 βορ-

2076 3081 2238 3154 ϐόρου
2274 3083 2369 3136 καὶ
2399 3082 2641 3155 μιασμοῦ
2674 3083 2872 3146 παντὸς
2915 3085 3299 3155 ἐφαπτομένας
3340 3083 3669 3155 συνεχώρει.

2073 3174 2410 3240 Φωτίζεσθαι
2446 3175 2546 3246 μὲν
2572 3177 2666 3229 καὶ
2701 3174 2875 3228 ταῦτα
2918 3177 2983 3230 ὲκ
3012 3177 3119 3229 τῶν
3145 3175 3237 3229 τοῦ
3278 3176 3457 3245 φωτὸς
3481 3176 3668 3245 αὐγῶν

2073 3267 2225 3321 οὐδὲν
2256 3266 2323 3322 ἂν
2357 3268 2558 3322 κωλύοι
2596 3268 2806 3339 λέγειν·
2841 3270 2904 3322 τὸ
2944 3269 3002 3323 δέ
3032 3287 3095 3340 γε
3124 3269 3213 3323 τὸν
3244 3269 3397 3340 ἥλιον
3436 3270 3668 3340 μολύνε-

2077 3360 2200 3414 σθαι
2233 3362 2298 3415 ὲκ
2325 3361 2425 3433 τῆς
2464 3361 2575 3417 τῶν
2611 3362 2880 3433 σωμάτων
2905 3362 3185 3434 ἐπιμιξίας
3207 3404 3223 3430 ,
3257 3362 3291 3431 ἦ
3323 3362 3669 3433 πηλοῦσθαι,

2072 3453 2276 3507 ούκέτι.
2298 3454 2410 3506 Καὶ
2445 3454 2551 3524 μὴν
2579 3453 2752 3508 ταῦτά
2777 3471 2839 3522 γε
2867 3455 2966 3525 τῆς
2993 3454 3209 3524 φύσεως
3231 3455 3333 3508 οὐκ
3355 3454 3424 3511 ἂν
3445 3455 3538 3525 εἴη
3558 3455 3670 3508 τῶν

2076 3543 2345 3615 σωμάτων
2374 3543 2647 3616 ἀλλότρια.
2688 3545 2745 3599 Ὁ
2770 3545 2829 3599 δέ
2863 3563 2927 3614 γε
2953 3546 3113 3610 ἄῡλος
3137 3546 3233 3599 καὶ
3254 3544 3553 3616 ἀσώματος
3570 3547 3668 3601 τοῦ

2071 3634 2207 3688 Θεοῦ
2242 3635 2417 3705 Λόγος
2439 3675 2453 3701 ,
2487 3636 2735 3709 αύτοζωὴ
2761 3638 3045 3709 τυγχάνων
3077 3638 3170 3691 καὶ
3192 3637 3444 3706 αὑτοφῶς
3478 3640 3671 3709 νοερὸν

2073 3726 2168 3780 καὶ
2190 3728 2291 3780 ὃσα
2320 3726 2455 3782 ἄλλα
2486 3728 2961 3801 προκατείλεκται,
2984 3730 3191 3794 παντὸς
3211 3725 3272 3785 οὗ
3304 3730 3372 3783 ἂν
3402 3730 3672 3800 ὲφάψοιτο

2072 3818 2244 3890 ὲνθέῳ
2276 3820 2371 3873 καὶ
2399 3820 2676 3893 ἀσωμάτῳ
2702 3821 2963 3893 δυνάμει,
2996 3822 3095 3894 ζῇν
3125 3823 3284 3876 τοῦτο
3318 3824 3542 3895 ἀνάγκη
3570 3825 3672 3877 καὶ

2074 3912 2170 3964 σὺν
2195 3910 2401 3984 λογικῷ
2434 3912 2643 3981 διάγειν
2671 3914 2831 3983 φωτί.
2864 3914 3052 3984 Ταύτῃ
3082 3931 3166 3968 τοι
3201 3916 3295 3969 καὶ
3322 3913 3581 3987 σώματος
3604 3909 3669 3969 οὗ

2071 4003 2137 4056 ἂν
2166 4004 2449 4075 ὲφάψοιτο,
2474 4006 2732 4077 ἡγίασται
2763 4006 2923 4061 τοῦτο
2951 4008 3048 4062 καὶ
3071 4006 3412 4076 πεφωτισται
3440 4009 3668 4074 αὐτίκα,

2070 4096 2219 4150 πᾶσά
2266 4114 2326 4150 τε
2374 4098 2530 4162 νόσος
2571 4098 2722 4170 αὐτῷ
2766 4099 2862 4153 καὶ
2906 4100 3192 4172 ἀρρωστία
3231 4101 3326 4154 καὶ
3360 4101 3525 4155 πάνθ’
3564 4103 3670 4155 ὅσα

2071 4184 2423 4250 ὑπεξίσταται
2447 4204 2461 4218 °
2495 4188 2885 4259 ἀντιλαμϐάνει
2917 4189 2975 4242 δὲ
3002 4190 3103 4259 τῆς
3149 4189 3208 4256 ἐξ
3246 4190 3414 4244 αὑτοῦ
3451 4190 3672 4262 πληρώ-

2070 4291 2209 4338 σεως
2250 4276 2526 4347 στέρησις.
2580 4278 2737 4331 Οὕτω
2785 4278 2922 4348 δῆτα
2969 4280 3064 4332 καὶ
3099 4279 3161 4332 τὸ
3202 4279 3395 4349 νεκρὸν
3424 4278 3529 4349 τῆς
3568 4280 3667 4333 τοῦ

2070 4366 2245 4433 Λόγου
2273 4366 2556 4438 δυνάμεως
2575 4409 2588 4433 ,
2624 4370 2819 4442 μικρόν
2844 4388 2897 4423 τι
2920 4370 3087 4424 αὑτοῦ
3112 4369 3463 4441 ἐφαψάμενον
3488 4412 3506 4436 ,
3530 4373 3670 4442 ἀνη-

386 4480 489 4520 nos
543 4466 809 4525 allirmare
858 4470 1182 4540 prohibetur;
1231 4472 1401 4527 solem
1461 4488 1591 4529 vero
1636 4475 1817 4544 ipsum
1860 4475 1961 4530 fm-

2075 4458 2281 4530 γείρετο
2313 4460 2642 4531 ζωούμενον,
2689 4462 2784 4516 καὶ
2817 4463 2844 4514 ὁ
2880 4462 3109 4525 θάνατος
3136 4462 3234 4531 τὴν
3261 4461 3408 4532 ζωὴν
3438 4461 3666 4532 ἔφευγε,

383 4555 525 4619 dari,
562 4566 657 4612 aut
686 4560 924 4616 lutosum
949 4562 1087 4627 ﬁeri,
1111 4563 1242 4619 dum
1270 4564 1397 4634 ejus
1423 4564 1606 4620 lumen
1631 4568 1957 4637 corporibus

385 4646 768 4704 immiscetur:
804 4666 1169 4722 nequaquam.
1212 4655 1284 4707 At
1312 4655 1419 4709 ista
1455 4664 1635 4709 tamen
1677 4672 1788 4711 non
1828 4667 1958 4715 sunt

2065 4552 2254 4622 καὶτῷ
2274 4570 2338 4621 γε
2363 4555 2501 4623 φωτὶ
2526 4554 2588 4606 τὸ
2614 4554 2804 4616 σκότος
2824 4553 3091 4618 ἐξελύετο,
3110 4554 3168 4607 τό
3196 4569 3256 4606 τε
3288 4552 3536 4625 φθαρτὸν
3564 4555 3667 4626 τὴν

2064 4643 2372 4716 ἀφθαρσίαν
2389 4646 2586 4700 ὲνεδιδύ
2596 4663 2774 4713 σκετο,
2789 4648 2883 4701 καὶ¹
2910 4647 2971 4700 τὸ
2993 4646 3188 4717 θνητὸν
3207 4645 3304 4717 τὴν
3331 4645 3667 4700 ἀθανασίαν.

384 4754 416 4793 a
459 4752 655 4797 natura
688 4760 981 4816 corporum
1005 4749 1205 4803 aliena.
1235 4749 1373 4805 Illud
1408 4765 1538 4805 vero
1564 4752 1745 4808 omnis
1766 4768 1962 4823 expers
2002 4760 2245 4814 materiae
2290 4762 2786 4833 incorporeumque
2843 4763 2934 4819 Dei
2965 4762 3230 4828 Verbum,
3275 4762 3425 4832 quod
3471 4763 3596 4833 ipsa

382 4832 494 4886 vita
533 4843 639 4899 est,
675 4845 729 4892 et
773 4839 951 4909 ipsum
983 4842 1166 4896 lumen
1200 4842 1564 4916 intelligibile,
1593 4853 1646 4900 et
1678 4847 1784 4900 alia
1810 4864 2153 4920 quaecunque
2220 4855 2375 4925 prius
2434 4832 2756 4912 enumerata
2797 4868 2949 4922 sunt,
2985 4857 3254 4928 quidquid
3287 4856 3473 4911 divina
3500 4832 3595 4910 iat-

383 4930 851 5002 que-incorporea
915 4951 1015 4990 sua
1045 4939 1099 4990 vi
1135 4939 1396 5009 attigerit,
1442 4940 1629 4996 vivere
1670 4941 1724 4996 id
1787 4942 2093 5015 degereque
2132 4963 2258 5004 cum
2302 4951 2510 5008 lumine
2563 4954 2841 5020 rationali,
2891 4968 3119 5008 necesse
3154 4960 3259 5007 est.
3301 4950 3419 5007 Hac
3453 4967 3591 5007 sane

383 5026 504 5094 ipsa
535 5028 772 5092 ratione,
825 5030 1192 5102 quodcunque
1235 5034 1402 5090 etiam
1446 5051 1649 5106 corpus
1690 5038 1952 5107 attigerit,
1995 5045 2399 5100 sanctiﬁcatum
2446 5049 2701 5118 protinus
2749 5048 2806 5104 id
2843 5049 3324 5118 illuminatumque
3368 5055 3479 5110 est,
3520 5048 3594 5102 ab

381 5118 683 5190 eodemque
739 5123 1004 5193 aegritudo
1057 5127 1236 5181 omnis
1287 5129 1578 5198 omnisque
1637 5128 1961 5195 infirmitas,
1999 5133 2214 5205 aliaque
2234 5138 2482 5205 ejusdem
2523 5140 2741 5211 generis
2770 5142 3027 5195 universa
3061 5139 3365 5211 refugiunt.
3399 5138 3590 5193 Priva-

383 5214 463 5266 tio
486 5223 667 5269 autem
699 5215 1272 5288 illiusplenitudinem
1306 5222 1652 5292 adipiscitur.
1693 5222 1785 5279 Sic
1817 5241 1951 5282 sane
1989 5229 2157 5284 etiam
2202 5243 2483 5288 mortuum
2528 5235 2662 5290 illud
2692 5234 2861 5291 Verbi
2900 5251 3125 5307 corpus,
3172 5236 3267 5291 ubi
3326 5236 3592 5307 exiguum

382 5306 665 5402 quiddam,
693 5310 949 5367 virtutem
978 5314 1126 5370 illam
1156 5314 1321 5373 Verbi
1360 5318 1561 5390 attigit,
1597 5326 1714 5374 tum
1777 5322 2079 5378 excitatum
2140 5334 2226 5381 est
2274 5329 2422 5385 illico
2455 5346 2519 5386 ac
2556 5331 2774 5399 revixit,
2805 5339 2859 5387 et
2892 5306 3044 5389 mors
3075 5333 3246 5388 vitam
3275 5329 3486 5402 effugit,
3528 5336 3587 5386 et

384 5399 506 5500 ipso
535 5401 743 5460 lumine
779 5406 1097 5467 obscuritas
1125 5411 1394 5469 dissoluta
1424 5422 1543 5484 est;
1604 5422 1659 5473 et
1707 5415 1856 5488 quod
1880 5423 2256 5493 .corruptibile
2295 5424 2443 5494 erat,
2478 5427 2657 5484 induit
2694 5428 3198 5499 incorruptionem;
3249 5399 3416 5500 quod—
3444 5440 3585 5482 mor»

384 5495 513 5564 tale,
548 5497 1032 5559 immortalitatem.
