3846 6218
120 244 230 301 289
1053 240 1720 300 DEMONSTRATIONlS
1758 241 2222 298 EVANGELICJE
2263 242 2391 298 LIB.
2426 242 2518 298 IV.
3301 247 3409 303 290

888 365 983 417 ΙΝ.
1755 369 1802 425 Α
2550 359 2695 414 Χιν.

119 481 183 532 ιε
209 518 225 533 .
283 477 379 543 Ὡς
404 518 419 540 ,
461 476 571 530 τὸν
611 463 936 544 ἄνθρωπον
968 474 1489 544 ἀνανεωσάμενος,
1533 473 1638 529 πᾶ(

1902 474 1966 531 ν.
2013 474 2494 541 Quemadmodum,
2526 487 2777 532 renovato
2799 476 3027 534 homine.
3049 478 3294 534 omnibus
3316 496 3416 534 no-

189 548 347 615 ἡιιῖν
379 546 498 615 τὴν
544 546 662 602 τῶν
689 549 945 601 αἰωνίων
973 545 1216 615 ἀγαθῶν
1247 546 1587 616 παρέσχετο
1617 548 1708 602 ἐλ-

1704 576 1722 588 -
2003 547 2081 601 bis
2117 557 2434 601 wternorum
2463 547 2722 602 bonorum
2751 562 2894 617 spem
2915 548 3223 616 praebuerit.

196 618 372 671 πίδα.

193 729 313 782 Καὶ
356 730 410 783 τί
441 729 550 801 γὰρ
588 729 748 795 ἄλλο,
790 730 930 801 πλὴν
961 732 991 784 ὁ
1022 731 1130 795 πᾶς
1168 730 1455 804 ἄνθρωπος
1488 731 1594 785 ὑπὸ
1621 731 1712 802 τῆς

1895 724 2189 792 Caeterum,
2228 724 2491 796 quidnam
2553 726 2701 783 aliud
2757 726 3003 793 tandem,
3052 743 3217 797 quam
3265 730 3411 800 quod

122 819 391 891 θεότητος
436 821 757 873 κατεπίνετο
774 861 789 885 ,
829 821 924 874 καὶ
952 821 1116 876 πάλιν
1144 821 1278 884 Θεὸς
1302 820 1370 895 ἣν
1398 824 1427 875 ὁ
1460 822 1593 886 Θεὸς
1621 825 1641 877 1

1898 832 1974 872 .us
2005 817 2170 871 homo
2202 817 2272 871 ab
2302 817 2476 887 ipsius
2511 816 2603 871 Dei
2647 826 2848 873 natura
2880 820 3179 890 absorplus
3220 827 3327 883 est,
3359 828 3417 875 et

121 930 257 980 γος,
304 907 420 976 οἷος
445 914 540 966 καὶ
570 915 701 985 πρὶν
733 912 988 983 γενέσθαι
1017 914 1324 986 ἄνθρωποςδ
1360 915 1455 969 καὶ
1489 933 1640 969 συνατ

1899 924 2023 964 rsus
2059 907 2203 963 Deus
2231 907 2357 972 fuit,
2401 907 2546 965 Deus
2581 906 2848 975 Verbum,
2880 910 3191 980 cujusmodi
3237 911 3418 968 fuerat

116 1004 252 1057 θέου
296 1021 361 1071 γε
396 1004 487 1057 τὸν
531 1004 816 1075 ἄνθρωπον
856 1006 1109 1078 ἀπαρχὴν
1139 1007 1239 1077 τῆς
1276 1007 1434 1078 ἡμῶν
1471 1006 1635 1061 ἐλπίδι

1904 1016 1990 1054 am
2036 1011 2329 1070 antequam
2374 1001 2538 1055 homo
2573 1001 2746 1070 ﬁeret,
2790 1011 2848 1058 et
2889 1018 3075 1058 secum
3107 1002 3278 1060 Deum
3321 1005 3419 1059 ho-

117 1096 322 1150 τοῦτον
350 1097 516 1151 αὐτὸν
543 1099 661 1150 ἐκεῖ
687 1098 787 1168 τῆς
818 1116 877 1152 τε
908 1100 1037 1171 παρ’
1069 1098 1217 1169 αὐτῷ
1243 1100 1388 1171 ζωῆς
1411 1100 1606 1163 ἀϊδίου,
1632 1120 1636 1152 :

1894 1094 2030 1147 inem
2077 1092 2226 1159 fecit,
2267 1093 2385 1163 spei
2435 1103 2640 1149 nostra:
2684 1095 2990 1164 primitias;
3042 1098 3190 1152 hunc
3232 1101 3413 1169 ipsum

118 1189 226 1257 τῆς
261 1192 324 1243 ἐν
353 1193 421 1260 τῇ
456 1189 667 1262 θεότητι
698 1192 791 1244 καὶ
825 1192 1188 1263 μακαριότητι
1211 1192 1497 1256 κοινωνίας
1523 1193 1637 1258 ἀξιῦ

1897 1184 2047 1239 terim
2089 1184 2158 1239 ad
2194 1184 2342 1240 illius
2370 1185 2497 1241 vitae
2529 1194 2768 1254 aeternas,
2806 1203 2972 1258 quam
3008 1205 3180 1260 penes
3219 1206 3279 1246 se
3316 1191 3416 1245 ha—

123 1274 266 1350 ἦμῖν
294 1299 356 1334 τε
382 1283 584 1353 ὁμοίως
629 1281 801 1335 ἅπασι
831 1283 933 1353 τῆς
965 1284 1095 1355 παρ’
1123 1284 1275 1356 αὐτῷ
1311 1286 1407 1337 καὶ
1440 1286 1538 1338 σὺν
1575 1288 1642 1339 αὐ

1898 1284 1939 1337 t,
1975 1283 2138 1346 atque
2162 1276 2213 1331 id
2245 1276 2527 1356 dignitatis
2554 1278 2610 1333 in
2641 1277 2953 1344 divinitate,
2979 1296 3044 1335 ac
3075 1281 3416 1336 beatitudine

119 1351 437 1439 ἀθανασίας
479 1393 539 1430 τε
572 1376 668 1430 καὶ
710 1351 992 1447 βασιλείας
1018 1351 1180 1431 τοῦτο
1221 1351 1478 1450 μέγιστον
1525 1379 1638 1448 δεῖγ

1898 1369 2276 1423 inmunitatem
2296 1351 2650 1435 'assumens,
2697 1370 2965 1440 nobisque
3009 1372 3196 1426 itidem
3237 1372 3417 1427 enmi-

120 1468 411 1539 παρέχων,
1826 1457 1952 1523 bus,
1984 1457 2183 1513 futuras
2203 1459 2347 1528 apud
2382 1459 2561 1529 ipsum
2593 1469 2647 1514 et
2675 1476 2801 1515 cum
2831 1461 2953 1531 ipso
2981 1462 3417 1518 immortalitatis

1827 1566 1894 1605 ac
1919 1551 2097 1622 regni,
2131 1552 2436 1607 maximum
2475 1553 2581 1608 hoc
2608 1555 2860 1624 praebens
2886 1556 3176 1612 indicium.

878 1672 981 1726 IE'.
1753 1714 1798 1770 Β

1753 1714 1798 1770 Β
2475 1667 2629 1738 171
2666 1667 2772 1725 XV-

123 1785 193 1840 Τί
235 1786 534 1850 ,βούλεται
575 1785 808 1854 δηλοῦν
854 1788 894 1856 ἡ
937 1785 1047 1840 τοῦ
1098 1783 1358 1852 Χριστοῦ
1399 1797 1642 1854 παρουση

198 1856 305 1903 καὶ
335 1857 417 1903 dir
444 1856 591 1903 Θεόρ
617 1858 713 1903 21112
744 1858 977 1903 Kr'mmr-
1008 1857 1105 1903 καὶ
1133 1856 1446 1903 ἠονιεοεὺρ
1468 1856 1574 1903 τοῦ
1607 1874 1642 1903 τι

1896 1779 1972 1832 tid
2003 1779 2103 1834 sibi
2142 1780 2286 1843 velit,
2318 1781 2505 1903 Zuidve
2534 1782 2794 1852 signiﬁcet
2839 1784 2950 1851 ipse
2984 1782 3182 1840 Christi
3222 1782 3415 1839 adven-

1900 1860 2006 1903 tus.
2040 1861 2090 1903 et
2123 1852 2262 1903 auod
2362 1869 2476 1903 eus.
2514 1862 2561 1903 et
2611 1852 2892 1903 Dominus.
2920 1865 2968 1903 et
3017 1855 3269 1903 Pontifex
3319 1854 3415 1903 Dei

198 1856 305 1909 καί
335 1857 417 1922 ὡς
444 1856 591 1922 Θεὸς
616 1852 713 1911 καὶ
741 1852 977 1925 Κύριος,
1008 1857 1105 1909 καὶ
1133 1856 1446 1924 ἀρχιερεὺς
1468 1852 1574 1910 τοῦ
1607 1857 1717 1910 τῶν

1900 1860 2006 1925 tus,
2040 1861 2090 1905 et
2117 1852 2262 1925 Aquod
2318 1852 2476 1925 Deus,
2514 1862 2561 1906 et
2606 1852 2892 1925 Dominus,
2920 1855 3269 1925 etiPontifex
3317 1854 3419 1908 Dei

194 1927 366 1980 ὅλων
406 1927 555 1980 Θεοῦ
592 1926 691 1981 διὰ
726 1923 847 1980 τῶν
891 1928 1027 1995 παρ’
1073 1923 1359 1995 Ἑϐραίοις
1404 1925 1713 1996 προφητῶν

1899 1923 2147 1996 universi.
2175 1938 2268 1991 per
2284 1923 2566 1993 prophetas
2594 1923 2942 1979 Hebrworum
2965 1924 3209 1980 Christus
3238 1926 3418 1993 appel-

198 2000 237 2050 ὁ
269 1996 534 2065 Χριστὸς
562 1992 984 2067 ἀνηγορεύετοξ
1161 1992 1173 1995 ⁷
1304 2044 1307 2047 ,
1445 1992 1459 1995 ⁷
1522 1992 1537 1996 ⁷
1591 1992 1601 1996 ⁷

651 1992 984 2067 ηγορεύετοξ
1161 1992 1173 1995 ⁷
1304 2044 1307 2047 .
1445 1992 1459 1995 ⁷
1522 1992 1537 1996 ⁷
1591 1992 1601 1996 ⁷
1899 1992 2042 2046 latus
2069 2002 2170 2048 est.

194 2105 378 2160 Τοῦτο
415 2107 518 2177 τῆς
555 2107 635 2169 είς
665 2104 987 2178 ἀνθρώπους
1033 2104 1270 2175 ἀφίξεως
1318 2104 1470 2170 τέλος
1500 2099 1589 2178 ἦν,
1631 2105 1713 2159 τὸν

1901 2103 2015 2160 Hoc
2044 2121 2177 2162 sane
2208 2106 2309 2162 fuit
2343 2107 2491 2164 illius
2522 2106 2588 2162 ad
2635 2107 2888 2163 homines
2941 2107 3278 2164 accessionis
3320 2122 3420 2163 ex-

117 2197 300 2252 πᾶλαι
322 2196 426 2267 τῆς
446 2196 543 2250 τοῦ
573 2197 785 2268 Πατρὸς
804 2196 1062 2266 γνώσεως
1086 2194 1447 2267 ἀποπεπλανη
1457 2197 1617 2268 μένον

1901 2212 2084 2261 :mum,
2121 2204 2181 2251 ut
2212 2200 2293 2253 sic
2319 2212 2444 2253 eum
2478 2200 2573 2268 qui
2603 2198 2672 2252 ab
2708 2198 2884 2268 ipsius
2905 2196 3087 2252 Patris
3106 2198 3420 2268 cognitione

114 2288 223 2361 τὴν
260 2288 447 2342 οἰκίαν
471 2291 862 2358 ἐπαναγαγεῖν,
901 2288 1000 2342 καὶ
1026 2288 1119 2343 τὸν
1152 2289 1389 2360 συγγενῆ
1421 2288 1515 2341 καὶ
1548 2288 1633 2358 φίλ

1899 2296 2204 2353 erraverat,
2235 2289 2303 2344 ad
2340 2304 2461 2343 eam
2503 2289 2678 2360 ipsam
2711 2290 3018 2353 reduceret,
3044 2297 3097 2345 et
3120 2297 3415 2360 cognatum

112 2384 227 2454 τῆς
253 2399 319 2435 τε
350 2382 517 2437 αὐτοῦ
544 2383 952 2455 κατηξιωμένον
981 2382 1211 2449 εἰκόνος,
1238 2382 1340 2453 τῆς
1368 2382 1573 2447 οἰκείας
1595 2385 1631 2437 ἁ

1896 2394 1993 2449 que
2020 2381 2278 2436 amicum.
2307 2395 2517 2451 suaque
2538 2381 2715 2451 ipsius
2745 2381 3013 2436 donatum
3047 2391 3415 2452 ornatumque

114 2473 327 2529 λαῦσαι
365 2474 543 2547 ζωῆς⁸
590 2475 742 2544 φίλον
768 2493 827 2529 τε
860 2476 958 2529 καὶ
995 2477 1192 2529 οἰκεῖον
1223 2474 1318 2528 τοῦ
1345 2475 1561 2548 Πατρός
1585 2477 1633 2529 ἀς

1893 2475 2085 2545 ιεείιιο,
2106 2474 2343 2545 propriae
2380 2475 2506 2532 vita;
2528 2475 2745 2546 gaudiis
2774 2490 2838 2530 ac
2862 2477 3213 2545 possessione
3242 2477 3412 2532 dona-

112 2566 299 2636 φῆναι
331 2566 545 2632 τοῦτον,
572 2566 641 2620 δι’
666 2568 727 2622 ὃν
758 2567 921 2632 αὐτὸς
954 2569 984 2620 ὁ
1007 2567 1103 2620 τοῦ
1137 2566 1273 2621 Θεοῦ
1307 2567 1481 2636 Λόγος
1515 2567 1631 2621 ὑπέ‹

1898 2576 1933 2630 t,
1964 2552 2314 2636 amicumque
2363 2568 2517 2623 illum
2568 2568 2747 2638 ipsum
2780 2565 2963 2622 Patris
2993 2584 3058 2624 ac
3088 2567 3417 2624 familiarem

109 2656 388 2728 γενέσθαι
419 2657 724 2730 ἄνθρωπος.
757 2657 914 2712 Οὕτω
938 2658 1097 2729 δῆτα,
1130 2658 1207 2723 ῶς
1232 2660 1291 2713 ὲν
1323 2658 1516 2732 βραχεῖ
1538 2659 1628 2729 φάη

1903 2659 2085 2726 iceret,
2118 2660 2279 2732 cujus
2308 2676 2474 2716 causa
2507 2661 2651 2717 idem
2689 2660 2786 2716 Dei
2813 2659 3050 2716 Verbum
3081 2677 3141 2717 se
3173 2661 3290 2716 ﬁeri
3320 2662 3422 2716 ho-

112 2752 150 2822 ἠ
184 2748 344 2804 κατὰ
376 2749 471 2803 τὸν
524 2751 753 2822 Σωτῆρα
794 2752 888 2805 καὶ
932 2751 1139 2823 Κύριον
1185 2750 1344 2823 ἡμῶν
1395 2751 1601 2823 Ἰησοῦν

1895 2753 2033 2808 inem
2063 2768 2289 2823 passum
2317 2760 2423 2809 est.
2459 2751 2553 2807 Sic
2592 2767 2725 2808 sane
2745 2792 2760 2815 ,
2786 2761 2846 2806 ut
2877 2753 3069 2823 paucis
3108 2753 3414 2816 absolvam,

110 2843 368 2915 Χριστὸν
400 2842 677 2909 ὑπόθεσις,
709 2843 964 2918 διάφορον
1009 2845 1207 2917 ἔχουσα
1251 2846 1352 2919 τὴν
1391 2846 1629 2917 οίκονομί

1901 2861 1947 2900 ιο
1977 2844 2281 2901 Salvatoris
2308 2861 2373 2901 ac
2409 2845 2624 2900 Domini
2661 2846 2837 2900 nostri
2868 2843 3000 2900 Jesu
3038 2845 3245 2900 Christi
3284 2860 3420 2900 con-

113 2938 186 2990 ὲκ
236 2934 359 2988 τῶν
407 2935 539 3006 παρ’
589 2935 864 3008 Ἑϐραίοις
909 2938 1325 3009 παραστήσεται
1370 2954 1632 3011 προφητιι

1896 2936 2097 2992 ieratio
2126 2942 2180 2991 et
2202 2937 2453 3000 materia,
2485 2937 2693 2991 variam
2728 2936 2939 2992 habens
2970 2935 3415 3006 dispositionem,

110 3028 343 3096 λόγων·
385 3027 670 3103 ὠσπεροῦν
714 3029 911 3101 μικρὸν
944 3029 1171 3102 ὕστερον
1212 3032 1269 3084 αἱ
1303 3030 1363 3097 ἐξ
1402 3030 1583 3086 αὐτῶν
1620 3032 1629 3083 ε

1928 3028 2266 3100 propheticis
2298 3026 2652 3082 Hebraeorum
2690 3027 2932 3083 oraculis
2973 3026 3419 3090 conﬁrmabitur,

114 3120 281 3185 ξουσι
332 3120 655 3193 μαρτυρίαι,
701 3122 1081 3194 πιστουμένων
1116 3122 1186 3178 τὰ
1214 3122 1419 3178 παλαιὰ
1447 3123 1556 3177 τῶν
1589 3140 1633 3178 νε

1906 3137 1967 3175 ne
2017 3120 2478 3192 quemadmodum
2535 3120 2700 3190 paulo
2733 3127 2860 3190 post
2914 3126 3139 3189 accepta
3198 3119 3268 3175 ab
3309 3119 3425 3174 illis

110 3211 502 3283 γραμμάτων,
545 3212 640 3266 καὶ
673 3211 785 3268 τῶν
827 3213 1201 3285 εὐαγγελικῶν
1248 3213 1348 3279 τὰς
1379 3215 1489 3270 τῶν
1516 3233 1629 3288 προς

1901 3215 2146 3270 stimonia
2206 3214 2698 3275 demonstrabunt,
2758 3212 3161 3267 recentioribus
3216 3211 3420 3268 litteris

109 3305 297 3358 τικῶν
342 3306 653 3378 μαρτυρίας
684 3306 1253 3379 ὲπισφραγιξομένων.
1291 3308 1453 3363 Ἀλλὰ
1475 3309 1584 3382 γὰρ
1606 3327 1628 3363 1

1905 3315 2018 3363 tera
2065 3307 2599 3378 comprobantibus,
2652 3313 2707 3362 et
2766 3305 3030 3376 angelicis
3086 3304 3424 3360 testimoniis

112 3414 231 3452 των
261 3391 375 3451 ὧδε
400 3398 656 3469 ἐχόντων,
685 3398 805 3471 ῶρα
829 3401 1016 3455 λοιπὸν
1046 3403 1139 3456 καὶ
1168 3399 1300 3472 περὶ
1331 3401 1430 3473 τῆς
1456 3419 1631 3475 προση

1903 3398 2150 3469 opbetica
2176 3400 2334 3469 quasi
2365 3406 2515 3455 certa
2551 3398 2819 3468 impressa
2862 3404 2991 3452 nota
3028 3397 3422 3453 commendan-

117 3488 252 3558 ρίας
276 3487 451 3541 αὐτοῦ
475 3487 724 3554 διελθεῖν,
752 3488 878 3544 καθ’
904 3489 934 3543 ὃ
967 3491 1174 3562 Ἰησοῦς
1205 3489 1300 3543 καὶ
1329 3493 1567 3563 Χριστὸς
1593 3493 1636 3546 ἀε

1904 3505 1997 3545 sus.
2022 3489 2317 3554 Cmterum,
2351 3489 2571 3561 quando
2604 3489 2720 3544 haec
2754 3490 2828 3543 ita
2851 3504 2911 3545 se
2942 3488 3166 3550 habent,
3202 3497 3423 3559 tempus

113 3581 415 3653 γορεύετο,
441 3582 510 3636 δι’
541 3582 681 3637 ὅσων
718 3600 781 3637 τε
825 3585 1173 3656 προφητειῶν
1203 3586 1465 3659 ὀνομαστὶ
1493 3602 1627 3658 προε

1899 3582 2215 3653 tdeinceps
2274 3582 2343 3637 de
2393 3582 2763 3652 appellatione
2808 3580 3058 3649 ejusdem
3117 3579 3418 3644 disserere,

116 3673 381 3747 ρύττετο.
418 3673 623 3746 Πρῶτα
646 3675 703 3729 δὲ
737 3676 1067 3748 σκεψώμεθα
1089 3679 1143 3732 τί
1177 3678 1428 3750 βούλεται
1467 3678 1635 3752 δηλοῦ

1909 3682 2105 3731 atenus
2140 3683 2196 3730 et
2242 3673 2406 3732 Jesus
2460 3682 2515 3731 et
2560 3674 2817 3731 Christus
2847 3674 3031 3729 dictus
3063 3683 3171 3739 est,
3204 3689 3424 3730 necno-

114 3768 219 3823 τοῦ
256 3765 507 3839 Χριστοῦ
548 3770 911 3842 προσηγορία,
964 3771 1095 3842 πρὶν
1139 3770 1409 3844 ἄρξασθαι
1447 3773 1548 3844 τῆς
1589 3791 1633 3827 κ‹

1906 3783 1928 3821 r
1961 3779 2099 3837 quas
2131 3765 2449 3837 prophetias
2497 3764 2825 3820 nominatim
2863 3774 2991 3819 ante
3018 3764 3090 3820 sit
3128 3763 3425 3819 denuntia-

121 3859 303 3931 μέρος
338 3859 665 3928 συναγωγῆς
690 3858 800 3914 τῶν
840 3862 1196 3934 προφητικῶν
1226 3864 1353 3937 περὶ
1377 3863 1473 3918 τοῦ
1504 3883 1640 3938 προκ

1901 3874 1943 3914 s.
2000 3856 2359 3926 Primumque
2426 3855 2561 3911 illud
2621 3855 3102 3925 contemplemur,
3153 3854 3420 3925 quidnam

120 3953 300 4019 μένου
326 3952 649 4023 σκέμματος
670 3952 889 4022 λογίων.
917 3955 1227 4025 Ῑῐροσήκειν
1247 3955 1304 4010 δὲ
1337 3956 1577 4029 ἡγοῦμαι
1603 3977 1639 4012 π

1904 3967 2013 4006 sum
2043 3950 2251 4007 Christi
2282 3964 2480 4004 nomen
2522 3947 2816 4019 signiﬁcet,
2858 3956 3151 4018 antequam
3189 3946 3423 4017 prophe-

119 4045 304 4115 αὐτῆς
348 4043 568 4114 πρῶτον
607 4044 709 4115 τῆς
747 4045 982 4118 Χριστοῦ
1023 4046 1293 4113 διαλαϐεῖν
1337 4050 1638 4123 προσηγορί

1908 4060 1940 4099 a
1965 4044 2034 4099 de
2064 4042 2344 4115 proposita
2382 4040 2726 4111 inspectione
2752 4041 2977 4095 oracula
3006 4041 3262 4110 colligere
3292 4038 3424 4095 inci-

117 4136 477 4210 διαρθρῶσαί
501 4155 560 4191 τε
593 4139 692 4210 τὴν
722 4138 849 4210 περὶ
883 4139 1053 4210 αὐτῆς
1083 4138 1314 4207 ἔννοιαν,
1344 4141 1420 4206 ὡς
1459 4141 1525 4196 ἂν
1565 4160 1636 4214 μη

1904 4152 2068 4192 Imus.
2098 4135 2206 4189 Par
2235 4142 2417 4188 autem
2466 4148 2592 4189 esse
2641 4133 2882 4187 arbitror
2910 4132 2979 4188 de
3030 4133 3148 4202 ipsa
3182 4132 3423 4202 primum

120 4233 280 4302 ἡμᾶς
303 4230 463 4285 λάθοι
491 4229 602 4285 τῶν
636 4232 755 4285 κατ’
789 4231 960 4303 αὐτὴν
987 4231 1359 4305 ζητουμένων.
1394 4234 1586 4300 ’Ἄλλος
1631 4254 1639 4307 ι

1901 4228 2040 4284 πίειί
2091 4226 2460 4296 appellatione
2490 4232 2751 4289 tractare,
2789 4226 3052 4296 illiusque
3082 4225 3420 4281 intellectum

116 4319 246 4390 οὖν,
294 4321 534 4391 ἐγγύθεν
567 4323 662 4377 καὶ
699 4326 763 4378 ἐκ
791 4323 901 4377 τῶν
941 4324 1065 4378 καθ’
1100 4327 1248 4397 ἡμᾶς
1291 4325 1617 4397 ἀρξάμενος,

1907 4321 2193 4391 stinguere,
2230 4329 2289 4372 ut
2315 4317 2453 4371 nihil
2489 4331 2720 4386 prorsus
2750 4333 2852 4372 nos
2882 4318 3047 4371 lateat
3075 4331 3265 4372 eorum
3300 4331 3426 4387 qua:

120 4433 221 4470 ποι
250 4413 322 4469 ἂν
373 4413 613 4468 Μωῦσέα
652 4415 1009 4487 νομοθετῆσαι
1059 4416 1274 4489 πρῶτον
1319 4417 1573 4471 ἁπάντων
1602 4435 1639 4470 τι

1909 4427 1939 4467 c
1975 4412 2096 4465 loco
2119 4409 2292 4481 quaeri
2323 4409 2521 4464 solent.
2558 4409 2715 4465 Alius
2743 4410 2911 4480 igitur
2939 4411 3008 4465 ab
3042 4410 3112 4465 iis
3142 4426 3264 4481 quae
3293 4428 3425 4482 pro-

116 4504 207 4576 τῷ
239 4502 371 4574 Θεῷ
402 4504 730 4575 ίερωμὲνους
767 4505 922 4577 μύρῳ
951 4507 1238 4578 σκευαστῷ
1285 4507 1557 4579 χρίεσθαι,
1593 4509 1635 4562 εἰ

1905 4520 1992 4558 ora
2022 4513 2174 4568 sunt,
2206 4512 2259 4558 et
2292 4518 2414 4573 quas
2464 4503 2533 4558 ad
2581 4518 2685 4558 nos
2734 4503 2911 4573 magis
2954 4512 3231 4574 spectant,
3263 4506 3424 4562 initio

117 4598 251 4662 δίας
275 4596 394 4651 δεῖν
422 4597 492 4651 τὰ
519 4595 748 4668 σώματα
777 4600 870 4653 καὶ
893 4598 1098 4669 ἀγαθοῦ
1125 4618 1268 4664 τινος
1300 4603 1565 4657 ἀποπνεῖν
1591 4604 1636 4672 ήι

1906 4602 2074 4664 mpto,
2097 4592 2327 4648 dixisset
2346 4591 2587 4665 Moysem
2611 4593 2847 4664 primum
2864 4594 3109 4647 omnium
3131 4595 3186 4647 in
3210 4595 3425 4665 legibus

123 4692 377 4762 σύμενον
396 4706 410 4719 ·
449 4692 575 4744 ἐπεὶ
616 4692 724 4744 πᾶν
752 4691 814 4744 τὸ
841 4690 1076 4757 δυσῶδες
1110 4696 1334 4764 μιαραῖς
1368 4695 1460 4747 καὶ
1486 4695 1642 4750 eme:

1908 4690 2109 4752 suisse,
2151 4704 2248 4744 eos
2284 4689 2381 4759 qui
2425 4688 2536 4744 Deo
2564 4689 2875 4744 consecrati
2920 4697 3112 4745 essent
3141 4701 3425 4761 unguento

121 4798 248 4844 τοις
270 4778 570 4850 δυνάμεσιν
594 4775 732 4834 εἶναι
772 4779 945 4850 φίλον,
970 4780 1046 4845 ὡς
1075 4780 1312 4853 ἔμπαλιν
1345 4785 1465 4846 ταῖς
1500 4783 1640 4851 φιλα·

1906 4788 2157 4851 mparato
2198 4781 2329 4851 ungi
2362 4781 2578 4845 solitos,
2604 4780 2905 4851 fragrantia
2933 4781 3143 4836 scilicet
3181 4783 3421 4853 quadam

125 4872 276 4938 θοις,
326 4870 389 4925 τὸ
408 4871 609 4936 εὐῶδες
628 4888 645 4902 ⁸
669 4871 794 4926 ὅθεν
822 4873 915 4926 καὶ
944 4871 1246 4943 θυμιάματι
1275 4875 1617 4947 συγκειμένῳ

1908 4889 1974 4928 us
2008 4889 2132 4929 esse
2165 4872 2512 4943 corporibus,
2551 4888 2724 4943 eaque
2782 4873 2922 4928 bene
2970 4875 3121 4929 olere
3164 4885 3425 4945 oportere

126 4961 453 5035 ὑπερϐολὴν
477 4963 706 5027 εὐωδίας
733 4962 853 5017 καθ’
884 4964 1122 5034 ἑκάστην
1150 4965 1363 5039 ἡμέραν
1389 4970 1502 5031 τοῖς
1527 4969 1645 5041 ἱερε⁴

1905 4973 1990 5021 tus
2046 4984 2059 5020 :
2118 4966 2566 5036 quandoquidem
2642 4982 2805 5020 omne
2855 4965 3224 5036 quodcunque
3278 4968 3424 5022 male

125 5054 382 5128 χρῆσθαι
418 5057 478 5108 ὲν
506 5053 586 5125 τῷ
624 5053 755 5126 ἱερῷ
780 5054 1163 5126 νομοθετῆσαι,
1195 5056 1364 5121 ὅπως,
1394 5074 1644 5131 κατακιρπ

1904 5065 1999 5121 rat,
2033 5057 2320 5113 sceleratis
2358 5065 2524 5127 atque
2580 5057 2882 5114 immundis
2935 5059 3301 5127 potestatibus
3334 5067 3423 5115 est

131 5147 309 5218 μένου
343 5144 440 5199 τοῦ
479 5146 660 5217 ἀέρος,
702 5146 888 5200 καὶτὸ
930 5146 1164 5211 δυσῶδες
1208 5148 1579 5216 ἁφανίζοντος,
1614 5147 1650 5201 θ.

1903 5151 2097 5216 nicum,
2142 5150 2286 5205 sicut
2337 5160 2532 5206 contra
2592 5150 2856 5207 studiosis
2902 5151 3200 5213 bonitatis,
3243 5152 3422 5223 quod-

126 5258 221 5305 τις
273 5238 528 5310 ἀπορροὴ
574 5241 686 5302 τοῖς
737 5238 1052 5319 εὐχομένοις
1113 5239 1587 5313 καταμιγνύηταιο
1644 5274 1645 5283 η

1908 5260 2052 5314 nque
2080 5243 2434 5315 fragrantiam
2466 5251 2611 5299 amet
2640 5263 2653 5298 :
2689 5259 2756 5300 ex
2786 5258 2897 5314 quo
2918 5245 3106 5310 etiam,
3142 5255 3205 5301 ut
3228 5247 3422 5302 incen-

129 5332 253 5403 γὰρ
285 5327 454 5383 τοῦτο
475 5328 607 5382 αὐτὸ
631 5327 726 5382 καὶ
752 5328 962 5401 χρίσμα
992 5328 1308 5382 ἁλειπτικὺν
1366 5330 1648 5385 εὐωδέσται

1895 5353 1914 5393 s
1940 5344 1994 5393 et
2021 5335 2473 5408 tumigationibus
2497 5337 2799 5407 composite
2818 5337 2888 5393 ad
2909 5337 3283 5393 abundantem
3308 5336 3414 5394 fra-

128 5423 227 5477 διὰ
266 5417 578 5492 μυρεψικῆς
600 5419 794 5491 τέχνης
819 5420 1088 5477 συνθεῖναι
1112 5424 1187 5488 ὡς
1214 5424 1282 5479 ἂν
1302 5426 1538 5498 χρίοιντο
1558 5427 1647 5480 τού

1904 5429 2127 5493 antiam,
2150 5429 2380 5499 singulis
2401 5428 2560 5499 172
2581 5427 2776 5484 diebus
2798 5435 3083 5484 uterentur
3103 5432 3423 5488 sacerdotes

132 5516 188 5570 οἱ
211 5513 329 5568 τῶν
364 5510 559 5565 κοινῶν
590 5510 825 5584 δημοσίᾳ
856 5505 1257 5586 προστήσεσθαι
1300 5517 1603 5587 μέλλοντες,
1637 5537 1651 5572 π

1914 5507 2364 5589 ιεηῳΙοἸιιείυυε
2397 5518 2668 5583 sanxisse,
2703 5527 2763 5573 ut
2792 5518 2925 5581 dum,
2963 5519 3046 5575 sic
3094 5534 3189 5575 aer
3220 5520 3420 5577 misce-

134 5609 201 5660 τὺ
230 5605 330 5659 τοῦ
366 5604 602 5676 Χριστοῦ
639 5604 812 5674 ὄνομα
845 5602 1060 5675 πρῶτον
1086 5605 1323 5659 Μωῦσέα
1368 5609 1481 5671 τοῖς
1511 5624 1653 5679 χριοι

1901 5624 1947 5671 r,
1973 5616 2026 5663 et
2049 5608 2314 5679 quidquid
2346 5609 2487 5665 male
2514 5609 2646 5672 olet,
2674 5610 2907 5681 repellit,
2928 5609 3222 5667 deﬂuentia
3263 5628 3415 5682 quae.

136 5715 259 5762 νοις
294 5695 583 5750 ἐπιθεῖναι.
618 5694 789 5749 Τοῦτο
829 5694 885 5748 δὲ
919 5693 979 5747 τὸ
1004 5693 1207 5768 χρίσμα
1244 5697 1503 5768 μὴμόνον
1547 5698 1655 5771 ὰρχ

1926 5713 1960 5754 n
1993 5699 2178 5756 divina
2218 5701 2575 5772 precantibus
2596 5702 2973 5760 immisceatur
2999 5722 3012 5759 :
3039 5719 3166 5758 nam
3194 5715 3445 5780 [ιι-ορμη-⁴
