3846 6218
401 243 501 297 291

1075 241 1348 299 EUSEBII
1387 238 1875 298 C/ESARIENSIS
1913 238 2067 295 OPP.
2100 235 2302 292 PARS.
2344 234 2387 291 Ῑ.
2428 268 2498 278 -
2537 229 3039 289 APOLCGETICA.

3568 228 3677 283 2‘32

404 358 546 411 hanc
570 355 744 425 ipsam
786 371 1009 410 causam
1056 357 1221 411 etiam
1251 364 1593 426 unguentum
1653 352 1979 410 odoratissi-

2093 350 2235 422 ρεῦσι
2267 349 2659 423 παραδοθῆναι,
2692 346 2828 401 ἀλλὰ
2869 346 2964 401 καὶ
2995 346 3107 408 τοῖς
3143 343 3281 415 μετά
3320 341 3495 396 ταῦτα
3541 358 3670 413 προ-

404 446 662 510 mum,ad
693 448 955 516 unguenti
992 461 1152 501 usum
1189 445 1549 516 unguentaria
1588 452 1706 498 arte
1731 439 1987 511 componi

406 542 651 604 solitum,
689 547 746 594 ut
775 555 840 594 eo
878 548 1216 608 ungerentnr
1245 541 1340 609 qui
1386 537 1772 593 communibus
1818 534 1987 589 rebus

407 633 624 702 publice
656 632 984 701 priefieiendi
1015 634 1282 687 fuissent:
1326 642 1379 686 et
1407 630 1615 686 Christi
1646 646 1844 685 nomen
1879 628 1988 698 pri-

409 739 555 777 mum
584 722 822 794 Moysem
853 725 918 779 iis
941 724 1123 795 qui'rta
1148 731 1501 794 ungerentur,
1527 723 1853 793 imposuisse
1886 741 1899 776 :
1934 720 1989 774 id

407 822 590 869 autem
641 818 916 870 unctionis
965 833 1138 886 genus
1170 856 1184 880 ,
1235 831 1343 870 non
1406 818 1582 871 solum
1636 814 1988 885 pontificibus

407 905 579 961 fuisse
614 909 893 975 traditum,
944 909 1039 963 sed
1091 916 1145 964 et
1192 909 1475 978 prophetis
1528 920 1583 963 et
1630 907 1850 977 regibus
1893 905 1988 976 qui

406 1012 595 1071 postea
639 1002 860 1065 fuerint,
895 1003 1098 1072 quibus
1152 1004 1318 1057 etiam
1355 1003 1492 1072 ipsis
1543 1003 1678 1057 solis
1729 1002 1834 1056 hoc
1885 1017 1991 1054 un-

408 1101 609 1162 gucnto
637 1094 768 1163 ungi
823 1093 905 1149 fas
951 1104 1114 1149 esset.
1167 1094 1293 1149 Haec
1341 1096 1508 1166 igitur
1565 1096 1714 1149 dictu
1768 1093 1988 1164 quidem

410 1185 656 1238 faciliora
699 1186 951 1249 fuissent,
988 1187 1147 1258 longe
1177 1195 1360 1241 tamen
1401 1195 1610 1243 remota
1645 1203 1675 1240 a
1711 1187 1896 1241 divina
1936 1191 1991 1237 ct

411 1277 629 1330 sublimi
672 1279 947 1347 propheta
978 1280 1153 1351 ipsius
1183 1280 1563 1350 intelligentia.
1598 1278 1877 1349 Siquidem
1904 1275 1995 1330 ad-

410 1368 676 1422 mirabilis
708 1370 817 1430 ille,
849 1379 1012 1439 atque
1047 1370 1240 1440 ingens
1278 1385 1471 1425 revera
1504 1384 1785 1426 sacrorum
1814 1369 1991 1425 admi-

408 1457 694 1521 nistrator,
729 1460 821 1528 qui
844 1475 1059 1515 onmem
1103 1472 1371 1515 terrenam
1403 1469 1460 1516 et
1489 1475 1808 1530 corpoream
1832 1471 1991 1515 natu-

409 1564 550 1612 ram.
587 1550 640 1604 in
675 1552 808 1606 solis
848 1560 1074 1606 noverat
1104 1553 1462 1622 qualitatibus
1485 1554 1803 1615 discretam,
1837 1554 1991 1608 nullo

409 1640 574 1695 modo
605 1642 767 1695 aliam
797 1644 904 1696 alia
938 1644 1146 1698 honore
1174 1653 1268 1698 aut
1297 1645 1472 1714 pretio
1502 1643 1807 1713 digniorem
1841 1643 1991 1714 judi-

2087 445 2284 515 φήταις
2309 442 2407 496 καὶ
2438 439 2768 511 βασιλεῦσιν,
2790 434 2872 503 οἷς
2902 439 2995 493 καὶ
3017 438 3201 500 αὐτοῖς
3222 435 3397 506 τούτῳ
3422 433 3677 506 χρίεσθαι

2090 534 2272 606 μόνοις
2315 534 2433 598 ὲξδν
2463 529 2533 603 ἦν
2581 531 2658 602 τῷ
2686 533 2861 603 μύρῳ.
2893 529 3079 583 Ταῦτα
3115 529 3212 600 μὲν
3241 524 3335 581 οὖν
3383 525 3680 600 προχειρό-

2085 643 2221 698 τερα
2260 625 2325 681 ἂν
2371 626 2479 697 εἴη,
2516 624 2704 695 πόρρω
2741 639 2805 691 γε
2843 621 2947 693 μὴν
2982 618 3299 674 καθεστῶτα
3348 618 3448 689 τῆς
3492 615 3680 671 ὲνθέού

2088 721 2183 774 καὶ
2215 716 2589 791 μεγαλοφυοῦς
2616 714 2708 769 τοῦ
2741 717 3023 787 προφήτου
3064 712 3321 775 διανοίας.
3365 712 3422 763 Ὀ
3455 710 3568 779 γάρ
3597 726 3681 762 τοι

2089 812 2392 883 Θαυμάσιος
2420 812 2647 873 ἐκεῖνος,
2675 808 2770 861 καὶ
2798 805 2971 877 μέγας
2992 804 3067 870 ὡς
3091 803 3306 875 άληθῶς
3330 803 3679 874 ἱεροφάντης,

2091 906 2271 959 πᾶσαν
2295 901 2471 972 γεώδη
2509 899 2602 953 καλ⁵
2630 897 2947 969 σωματικὴν
2980 894 3167 948 ούσίαν
3202 897 3260 947 ἐν
3297 893 3487 964 μόναις
3520 890 3685 955 εἰδὼς

2088 1000 2210 1060 ταῖς
2234 995 2479 1064 ποιότησι
2508 988 2948 1060 διακεκριμένην,
2984 988 3104 1040 κατ’
3128 985 3318 1039 ούδένα
3342 982 3544 1053 τρόπον
3573 981 3684 1036 ἐτέ-

2093 1106 2191 1160 ραν
2244 1090 2341 1158 τῆς
2388 1085 2581 1157 ἐτέρας
2630 1081 3002 1153 προύτίμησεν
3054 1079 3141 1143 ἂν,
3191 1078 3262 1131 τά
3307 1077 3468 1130 πάντ’
3518 1074 3680 1138 εἰδὼς

2094 1181 2223 1252 μιᾶς
2257 1178 2387 1232 ὄντα
2415 1177 2612 1245 ἔγγονα
2646 1173 2776 1243 ὕλης
2801 1170 2860 1224 οῦ
2891 1188 3020 1223 ποτε
3054 1167 3316 1239 ἑστώσης,
3351 1166 3473 1220 ούδὲ
3504 1184 3560 1218 τι
3590 1165 3685 1236 βέ-

2092 1273 2243 1328 ϐαιον
2270 1274 2326 1324 ὲν
2367 1273 2434 1341 τῇ
2477 1269 2637 1338 φύσει
2670 1266 2920 1336 ἐχούσης,
2966 1264 3053 1316 ἀεὶ
3084 1261 3139 1313 δὲ
3177 1260 3428 1331 ῥεούσης,
3458 1259 3553 1310 καὶ
3587 1255 3685 1309 ἐπὶ

2092 1364 2191 1434 τὴν
2216 1361 2424 1415 οἰκείαν
2453 1359 2660 1430 φθοράν
2685 1355 3070 1425 ἐπειγομένης.
3100 1351 3311 1406 Οὔκουν
3353 1351 3414 1404 τὸ
3437 1350 3538 1421 ἡδὺ
3573 1348 3686 1402 τῶν

2094 1457 2360 1528 σωμάτων
2394 1454 2587 1517 εἵλετο,
2631 1452 2737 1505 οὐδ’
2779 1449 2910 1503 αὐτὸ
2948 1446 3067 1501 καθ’
3094 1445 3226 1499 αὐτὸ
3256 1443 3591 1517 προῦκρινεν
3618 1440 3688 1496 ἂν

2091 1550 2152 1602 τὸ
2175 1549 2282 1603 ἀπὸ
2306 1548 2416 1602 τῶν
2441 1545 2748 1617 αἰσθήσεων
2781 1540 3054 1614 προσηνές
3072 1557 3086 1570 ο
3117 1540 3294 1611 χαμαὶ
3321 1538 3429 1610 γάρ
3463 1538 3561 1591 καὶ
3591 1537 3690 1589 ἐπὶ

2094 1643 2360 1713 σωμάτων
2392 1640 2583 1712 ἡδονὴν
2618 1636 2889 1708 πεσούσης
2918 1634 3062 1689 τοῦτ’
3087 1633 3155 1688 ἂν
3179 1635 3264 1704 εἴη
3291 1633 3352 1687 τὸ
3382 1631 3557 1695 πάθος
3580 1631 3689 1700 ψυ-

410 1733 579 1803 cavit,
618 1742 804 1803 utpote
831 1749 960 1788 cum
990 1737 1176 1790 omnia
1203 1745 1392 1792 nosset
1416 1752 1483 1791 ex
1512 1736 1701 1791 eadem
1732 1744 1852 1791 orta
1873 1752 1991 1790 ma-

2096 1736 2216 1805 χῆςο
2252 1734 2450 1803 Μυρίοι
2484 1730 2614 1800 γοῦν
2645 1729 2755 1783 τῶν
2784 1728 2855 1782 τὰ
2891 1726 3119 1798 σώματα
3140 1724 3555 1797 τεθηλυμένων,
3582 1725 3689 1794 ἐμ-

410 1822 572 1886 teria,
626 1839 748 1893 quaa
788 1841 967 1894 neque
1018 1842 1262 1896 unquam
1327 1828 1511 1890 sistit,
1560 1841 1737 1896 neque
1795 1827 1993 1881 stabile

408 1916 706 1986 quidquam
750 1918 805 1972 in
850 1927 1047 1973 natura
1081 1920 1263 1983 habet,
1301 1936 1519 1990 semper
1549 1929 1731 1975 autem
1772 1918 1913 1984 ﬂuit,
1940 1929 1994 1975 et

410 2007 480 2061 ad
542 2010 816 2077 propriam
867 2011 1271 2080 corruptionem
1327 2010 1571 2066 festinat.
1634 2010 1754 2065 Non
1828 2012 1995 2081 igitur

411 2100 557 2170 quod
582 2116 748 2156 suave
774 2112 921 2156 esset
950 2104 1005 2156 in
1034 2104 1358 2173 corporibus
1387 2105 1571 2175 elegit,
1607 2118 1783 2173 neque
1812 2105 1991 2174 ipsum

413 2205 512 2261 per
538 2206 597 2246 se
624 2192 770 2262 quod
808 2208 1002 2249 sensus
1037 2194 1185 2263 ipsos
1214 2194 1568 2257 demulceret.
1595 2196 1865 2266 praatulit;
1891 2195 1993 2249 hoc

413 2298 649 2353 namque
678 2285 874 2339 animae
897 2278 1087 2339 vitium
1118 2286 1312 2341 fuisset
1340 2301 1462 2357 qua:
1499 2287 1553 2341 in
1583 2288 1811 2341 humum
1846 2294 1899 2340 et
1924 2285 1995 2341 ad

411 2391 706 2445 corporum
742 2379 1075 2447 voluptatem
1121 2378 1445 2435 declinaret.
1481 2379 1692 2435 Etenim
1744 2381 1993 2434 innume-

414 2465 618 2522 rabiles
640 2466 956 2522 elfeiniuata
999 2483 1231 2539 corpora
1279 2470 1564 2535 habentes,
1590 2479 1643 2524 et
1677 2471 1880 2541 alioqui
1911 2470 1994 2525 vi-

409 2557 504 2612 tiis
533 2559 777 2624 obnoxii,
834 2570 888 2615 et
938 2559 1385 2631 intemperantes,
1443 2564 1536 2633 qui
1591 2572 1991 2633 unguentorum

411 2667 643 2721 operosa
685 2652 947 2706 varietate
981 2652 1063 2706 uti
1107 2654 1305 2719 solent,
1331 2655 1541 2709 animas
1588 2655 1805 2709 interim
1844 2657 1993 2710 omni

412 2736 658 2797 foeditate
677 2744 1044 2814 omnibusque
1070 2746 1328 2801 sordibus
1360 2747 1499 2801 male
1528 2748 1739 2801 olentes
1758 2749 1996 2802 circum-

409 2832 631 2890 ferunt:
671 2836 815 2890 sicut
847 2851 879 2889 e
905 2836 1185 2891 contrario
1214 2838 1307 2906 qui
1342 2836 1435 2892 Dei
1466 2838 1626 2891 amici
1650 2846 1799 2904 sunt,
1821 2840 1993 2909 ipsam

409 2926 670 2981 virtutem
724 2927 958 2988 olentes,
1002 2935 1056 2982 et
1091 2929 1264 2983 nnilto
1304 2930 1744 2999 praestantiorem
1792 2946 1823 2984 a
1873 2947 1996 2986 mo-

409 3019 585 3072 destia
613 3031 781 3089 atque
819 3035 847 3074 a
869 3021 1087 3089 justitia
1120 3030 1174 3076 et
1208 3022 1276 3075 ab
1296 3022 1445 3075 omni
1474 3022 1676 3091 pietate
1716 3023 1992 3079 balantem

411 3111 788 3181 fragrantiam,
811 3128 974 3182 quam
1006 3114 1074 3168 de
1104 3122 1265 3168 terrae
1286 3115 1658 3170 odoramentis
1689 3116 1993 3182 trahentes,

411 3204 637 3258 odorem
700 3219 996 3273 corporum
1058 3221 1179 3276 qua:
1227 3207 1460 3260 materia
1510 3216 1788 3273 constant,
1840 3209 1996 3264 nihili

412 3309 640 3362 prorsus
666 3294 894 3349 faciunt.
927 3295 1055 3351 Haec
1083 3298 1248 3369 igitur
1282 3314 1407 3353 cum
1436 3300 1656 3370 egregie
1696 3301 1995 3356 admodum

411 3395 668 3456 percepta
698 3394 752 3441 et
780 3388 995 3458 cognita
1035 3388 1257 3444 haberet
1290 3391 1571 3460 prapheta,
1595 3403 1996 3462 unguentorum

411 3485 576 3547 atque
615 3480 972 3533 incensorum
1025 3481 1232 3533 nullam
1273 3482 1604 3551 praecipuam
1639 3484 1860 3554 gerebat
1898 3500 1998 3539 cu-

409 3585 527 3624 ram
550 3587 564 3624 :
584 3571 874 3626 meliorum
905 3587 1035 3627 vero
1065 3587 1127 3627 ac
1155 3573 1464 3628 divinarum
1497 3589 1681 3630 rerum
1704 3575 1991 3647 imagines,

408 3671 675 3734 quantum
706 3672 920 3735 poterat
959 3680 1056 3735 per
1085 3680 1317 3737 corpora
1356 3668 1425 3724 iis
1466 3668 1663 3738 quisic
1703 3670 1991 3737 duntaxat,

409 3772 586 3827 neque
615 3772 847 3827 usquam
882 3758 1041 3812 aliter
1073 3757 1289 3814 divinas
1342 3776 1432 3816 res
1485 3762 1672 3817 doceri
1720 3771 1991 3832 poterant,

408 3847 721 3902 exhibebat.
750 3846 887 3902 Nam
921 3848 1068 3918 quod
1109 3849 1288 3918 ipsum
1334 3851 1442 3906 hoc
1488 3853 1734 3907 divinum
1777 3870 1995 3925 quoque

408 3942 691 3994 oraculum
709 3941 1072 4011 responderit,
1088 3943 1266 4011 palam
1286 3942 1621 4015 descriptum
1640 3946 1892 4011 habetur,
1908 3948 1995 4005 his

408 4032 620 4087 verbis:
651 4050 669 4083 ι
694 4030 831 4087 Vide
854 4039 913 4084 ut
935 4030 1106 4087 facias
1125 4033 1310 4087 omnia
1332 4034 1398 4089 ad
1417 4036 1695 4106 exemplar
1722 4039 1865 4107 quod
1895 4040 1992 4095 tibi

409 4131 779 4178 monstratum
802 4132 887 4179 est
908 4125 964 4178 in
995 4125 1264 4179 monte".
1289 4145 1308 4177 ι
1350 4126 1523 4195 Igitur
1552 4129 1782 4182 aliarum
1807 4145 1992 4185 rerum

408 4230 532 4269 cum
551 4215 838 4286 perficeret
854 4216 968 4272 haec
980 4232 1100 4286 quae
1114 4217 1446 4286 exemplaria
1468 4219 1750 4275 nominare
1767 4236 1995 4277 consue-

409 4310 660 4371 vit,illum
678 4311 937 4380 unguenti
956 4325 1115 4364 usum
1133 4310 1391 4380 illamque
1403 4312 1715 4367 unctionem
1736 4314 1988 4371 sancivit.

2095 1827 2287 1891 παθείς
2332 1826 2505 1889 ἄλλως
2550 1824 2644 1879 καὶ
2692 1822 3002 1885 ἀκόλαστοι,
3050 1819 3237 1892 μύρων
3285 1820 3377 1873 καὶ
3417 1817 3688 1872 ποικίλων

2094 1919 2436 1993 περιεργίαις
2484 1918 2776 1990 χρώμενοι.
2812 1915 2997 1985 πάσης
3025 1914 3253 1984 αἰσχρᾶς
3291 1912 3384 1965 καὶ
3418 1909 3689 1983 ρυπώσης

2092 2011 2354 2074 δυσωδίας
2379 2010 2475 2074 τὰς
2499 2010 2676 2080 ψυχάς
2704 2007 3052 2078 ἐπιφέρονται
3076 2023 3089 2035 ·
3119 2005 3194 2069 ὡς
3221 2004 3457 2076 ἔμπαλιν
3486 2003 3534 2056 οἱ
3570 2001 3696 2055 θεο-

2096 2104 2290 2175 φιλεῖς,
2318 2103 2521 2175 ἀρετῆς
2553 2100 2900 2172 ἐμπνέοντες,
2936 2099 3034 2170 τὴν
3070 2097 3204 2151 πολὺ
3246 2095 3534 2168 κρείττονα
3576 2093 3691 2146 τῶν

2095 2195 2204 2249 ἀπὸ
2241 2196 2344 2266 γῆς
2374 2194 2680 2266 ἀρωμάτων
2708 2192 2807 2265 τὴν
2828 2190 2937 2244 ἀπὸ
2963 2188 3334 2259 σωφροσύνης,
3368 2187 3463 2241 καὶ
3485 2188 3693 2240 δικαιο-

2098 2291 2282 2361 σύνης,
2334 2288 2427 2341 καὶ
2472 2287 2655 2357 πάσης
2695 2284 2974 2349 εὐσεϐείας
3015 2281 3403 2353 ἀναδιδομένην
3453 2280 3690 2333 εὐωδίαν

2095 2382 2444 2452 ἐπαγόμενοι,
2479 2378 2578 2451 τὴν
2607 2377 2716 2431 τῶν
2743 2375 2943 2430 ὑλικῶν
2987 2376 3255 2446 σωμάτων
3291 2372 3460 2442 ὀδμὴν
3495 2373 3555 2424 ὲν
3598 2373 3694 2425 οὖν

2093 2473 2205 2526 δενὶ
2232 2471 2498 2524 τέθεινται
2532 2468 2694 2539 λόγῳ.
2738 2467 2921 2520 Ταῦτα
2945 2461 3122 2521 οὖντεῦ
3164 2465 3308 2536 μάλα
3336 2462 3638 2532 διειληφὼς
3662 2465 3693 2516 ό

2096 2566 2402 2638 προφήτης,
2450 2562 2636 2634 μύρων
2682 2563 2779 2633 μὲν
2815 2560 2847 2632 ἢ
2889 2560 2983 2614 καὶ
3019 2558 3381 2630 θυμιαμάτων
3423 2556 3693 2626 οὐδεμίαν

2097 2657 2515 2731 προηγουμένην
2549 2657 2784 2708 ἐποιεῖτο
2813 2652 3068 2726 φροντίδα
3095 2669 3107 2681 ·
3141 2649 3467 2724 κρειττόνων
3503 2648 3562 2701 δὲ
3597 2648 3693 2700 καὶ

2097 2751 2259 2805 θείων
2304 2750 2537 2813 εἰκόνας,
2583 2747 2658 2810 ὡς
2687 2746 2812 2817 ὲνῆν
2859 2744 3105 2808 δυνατὸν,
3139 2743 3226 2797 διά
3272 2740 3545 2813 σωμάτων
3577 2742 3692 2803 τοῖς

2102 2845 2278 2918 μόνως
2305 2841 2498 2906 οὕτως,
2536 2842 2630 2895 καὶ
2666 2839 2776 2892 οὐδ’
2810 2838 2988 2902 άλλως
3020 2839 3092 2891 τὰ
3137 2836 3256 2889 θεῖα
3284 2835 3417 2897 οἵοις
3452 2850 3515 2885 τε
3546 2850 3690 2903 μαν-

2099 2938 2280 2993 θάνειν
2308 2932 2614 3006 παρεδίδου.
2644 2933 2767 2985 Ὅτι
2789 2929 2852 3002 δὴ
2875 2929 3022 2982 τοῦτ’
3048 2928 3180 2982 αὐτὸ
3217 2928 3310 2981 καὶ
3333 2927 3363 2979 ό
3390 2924 3535 2986 θεῖος
3566 2925 3695 2976 ἀνα-

2098 3028 2406 3101 γέγραπται
2440 3022 2680 3097 εἰρηκὼς
2712 3023 2961 3094 χρησμὸς
2984 3022 3182 3093 φήσας,
3212 3039 3231 3070 ι
3263 3020 3406 3088 Ὅρα
3450 3017 3694 3087 ποιήσῃς

2100 3122 2278 3176 πάντα
2303 3118 2446 3173 κατὰ
2468 3118 2559 3172 τὸν
2578 3117 2747 3170 τύπον
2773 3117 2863 3170 τὸν
2889 3115 3173 3186 δειχθέντα
3205 3128 3286 3165 σοι
3319 3113 3377 3164 ἐν
3406 3109 3485 3179 τῷ
3515 3109 3688 3179 ὄρει.»

2096 3214 2346 3286 Σύμϐολα
2374 3210 2663 3283 τοιγαροῦν
2691 3211 2913 3282 ἑτέρων,
2942 3209 3086 3278 άπερ
3109 3204 3312 3267 τύπους
3349 3201 3545 3254 εἴωθεν
3570 3202 3694 3253 ovo-

2099 3306 2312 3378 μάζειν,
2329 3300 2823 3371 ὲπιτελῶν,τὴνδιά
2843 3297 2939 3352 τοῦ
2961 3295 3135 3367 μύρου
3154 3294 3334 3364 χρίσιν
3351 3290 3692 3361 ἐνομοθέτει.

2099 3401 2166 3453 ’Ὀ
2185 3414 2249 3467 γε
2269 3397 2375 3469 μὴν
2394 3394 2595 3467 ὑψηλὸς
2617 3393 2712 3447 καὶ
2729 3395 2785 3446 ἐν
2801 3392 3136 3462 ἀπορρήτοις
3156 3383 3316 3455 δηλού
3325 3400 3491 3454 μενος
3510 3382 3695 3435 αὐτῶν

2094 3489 2272 3560 λόγος,
2303 3488 2378 3552 ὡς
2408 3486 2630 3540 δυνατὸν
2655 3485 2854 3547 εἰπεῖν,
2893 3480 3153 3550 τοιαύτην
3192 3478 3306 3547 εἶχε
3332 3476 3599 3540 διάνοιαν,
3634 3475 3699 3529 τὸ

2100 3584 2259 3655 μόνον
2309 3579 2512 3651 ἀγαθὸν
2555 3579 2652 3632 καὶ¹
2686 3577 2846 3648 μόνον
2882 3575 2958 3638 ὡς
2987 3570 3202 3643 ἀληθῶς
3252 3568 3455 3632 εὑῶδες
3485 3569 3584 3621 καὶ
3614 3570 3699 3621 τί-

2100 3692 2239 3746 μιον,
2267 3674 2360 3729 καὶ
2390 3675 2572 3743 πάσης
2607 3670 2705 3740 μὲν
2730 3669 2877 3738 ζωῆς
2903 3665 3097 3730 αἴτιον,
3130 3665 3263 3717 πᾶσι
3297 3662 3354 3714 δὲ
3378 3661 3478 3714 σῦν
3509 3659 3589 3730 τῷ
3616 3656 3700 3712 εἷ-

2094 3783 2182 3821 ναι
2223 3762 2400 3818 καὶτὸ
2426 3757 2484 3815 εὖ
2514 3756 2652 3813 εἶναι
2686 3757 3083 3829 δεδωρημένον,
3110 3753 3169 3806 ἒν
3195 3750 3340 3806 τοῦθ’
3375 3753 3406 3804 ό
3437 3753 3571 3822 παρ’
3604 3751 3698 3803 Ἐς

2095 3855 2305 3929 ϐραίοις
2337 3853 2495 3921 λόγος
2519 3851 2789 3920 ἠπίστατο
2827 3846 3043 3920 πρῶτον
3075 3845 3185 3899 τῶν
3215 3843 3351 3897 ὅλων
3372 3843 3570 3906 αἴτιον,
3601 3842 3700 3895 αὑ-

2093 3952 2182 4005 τὸν
2229 3948 2294 4021 δὴ
2335 3948 2427 4001 τὸν
2471 3944 2733 4015 Ὕψιστον
2774 3941 2870 3995 καὶ
2909 3937 3261 4011 παμϐασιλέα
3294 3936 3405 3989 τῶν
3435 3936 3698 3989 ἁπάντων

2092 4040 2425 4115 δημιουργὸν
2474 4036 2627 4091 Θεόν.
2675 4033 2878 4087 Τούτου
2936 4031 3001 4103 δὴ
3050 4027 3144 4085 οὖν
3179 4028 3279 4100 τὴν
3310 4025 3568 4097 παναλκῆ
3604 4026 3700 4079 καὶ

2094 4132 2408 4201 πανάγαθον
2463 4129 2560 4184 καὶ
2593 4127 2791 4190 παντὸς
2825 4122 2990 4178 καλοῦ
3016 4120 3250 4194 χορηγὸν
3284 4119 3389 4189 τῆς
3431 4119 3702 4172 ἀνωτάτω

2093 4227 2189 4282 καὶ
2234 4225 2527 4295 άγεννήτου
2583 4220 2835 4290 θεότητος
2888 4216 3115 4287 δύναμιν
3168 4212 3229 4267 τὸ
3267 4211 3413 4265 θεῖον
3466 4209 3700 4281 Πνεῦμα

2095 4313 2507 4391 προσαγορεύει.
2560 4313 2761 4384 Διόπερ
2804 4308 3040 4382 Χριστὸν
3086 4308 3180 4361 καὶ
3218 4304 3561 4376 ὴλειμμένον
3608 4304 3701 4357 τὸν

412 4405 569 4476 173
600 4403 900 4458 Sublimior
948 4410 1135 4456 tamen
1187 4417 1376 4458 earum
1420 4419 1625 4470 rerum,
1678 4413 1733 4460 et
1776 4423 1896 4477 qua:
1923 4408 1991 4464 de

2095 4410 2262 4479 αὐτῆς
2320 4407 2545 4478 μέτοχον
2600 4401 2887 4457 ἀποκαλεῖ.
2938 4398 3157 4452 Ἕλαιον
3190 4397 3248 4450 δὲ
3278 4397 3371 4450 τὸν
3413 4391 3603 4449 οἶκτον
3638 4395 3699 4447 ἐν

407 4498 626 4552 arcanis
663 4494 894 4566 proferri
927 4496 1067 4550 solet
1091 4497 1253 4559 ratio,
1286 4511 1386 4565 pro
1418 4512 1536 4551 mea
1563 4497 1780 4554 dicendi
1820 4500 1993 4557 facul-

407 4596 538 4652 tate,
563 4589 726 4642 talem
758 4587 993 4641 habebat
1018 4602 1264 4651 sensum,
1296 4588 1440 4658 quod
1462 4591 1641 4645 solum
1678 4603 1764 4648 est
1787 4593 1991 4649 bonum

406 4682 696 4749 solumque
767 4694 960 4736 revera
1016 4678 1267 4749 fragrans
1327 4691 1381 4736 et
1439 4683 1772 4752 pretiosum,
1828 4694 1992 4756 atque

406 4774 587 4828 omnis
640 4771 863 4841 quidem
901 4771 1030 4824 vitae
1060 4771 1390 4841 principium
1426 4781 1486 4826 et
1542 4771 1685 4837 fons,
1733 4777 1990 4834 omnibus

407 4870 587 4918 autem
619 4878 726 4917 una
755 4876 880 4916 cum
910 4876 975 4916 eo
1010 4871 1069 4915 ut
1104 4861 1235 4925 sint,
1265 4863 1429 4917 etiam
1468 4862 1520 4916 id
1551 4903 1566 4926 ,
1596 4875 1655 4918 ut
1689 4866 1827 4921 bene
1853 4870 1984 4931 sint,

406 4954 665 5024 largiens,
698 4968 866 5007 unum
892 4967 1023 5007 sane
1050 4952 1182 5008 illud
1220 4952 1571 5010 Hebraeorum
1596 4956 1735 5011 ratio
1761 4968 1988 5014 noverat

406 5044 497 5113 qui
523 5044 741 5114 quidem
775 5044 1015 5097 universi
1048 5044 1256 5112 primus
1294 5054 1379 5101 est
1422 5057 1638 5114 auctor,
1669 5051 1847 5121 ipsum
1880 5051 1991 5105 uti-

406 5151 514 5206 que
538 5135 866 5190 altissimum
898 5148 963 5188 ac
986 5135 1157 5191 totius
1190 5151 1401 5207 regem,
1423 5142 1780 5213 omniumque
1802 5158 1986 5199 rerum

406 5226 656 5298 opiﬁcem
683 5225 875 5281 Deum.
931 5225 1109 5296 Hujus
1157 5228 1343 5300 itaque
1400 5248 1670 5303 supremae
1704 5244 1870 5306 atque
1905 5236 1991 5291 in-

409 5321 604 5391 genitae
636 5319 836 5375 divinae
860 5320 1114 5376 essentia:
1144 5322 1401 5378 virtutem
1425 5324 1600 5389 illam,
1630 5341 1754 5397 quae
1801 5327 1985 5383 omnia

406 5412 575 5477 valet,
603 5426 765 5467 omne
788 5411 991 5468 bonum
1014 5421 1255 5483 praestat,
1274 5429 1493 5471 omnem
1525 5416 1989 5487 pulchritudinem

409 5504 810 5569 subministrat,
850 5503 1076 5561 divinus
1128 5504 1391 5577 Spiritus,
1447 5511 1672 5581 proprio
1701 5517 1756 5566 et
1790 5525 1991 5567 conve-

410 5598 580 5655 nicnti
608 5598 858 5671 exemplo
894 5599 1185 5660 conferens
1214 5611 1377 5676 atque
1412 5607 1861 5679 accommodans,
1894 5606 1989 5666 Dei

484 5717 526 5748 “
563 5715 731 5774 Exod.
771 5734 919 5784 χιιι,
962 5719 1050 5776 50.

2090 4501 2299 4564 τούτοις
2328 4499 2513 4562 ἄκουε,
2542 4495 2677 4567 μηδὲ
2698 4494 2798 4567 τὴν
2824 4493 2916 4546 ἐπὶ
2943 4492 3056 4554 τοῖς
3090 4488 3469 4560 δυσπραγοῦσι
3494 4490 3697 4563 λύπηνν

2091 4596 2204 4650 ἀλλ’
2238 4596 2267 4648 ὅ
2300 4593 2513 4664 καρπὸς
2558 4589 2654 4645 τοῦ
2681 4587 2849 4659 φυτοῦ
2885 4587 3204 4660 παρίστησι,
3245 4586 3307 4640 τὸ
3336 4586 3526 4659 πάσης
3563 4589 3697 4660 ἀμι-

2090 4689 2185 4756 γὲς
2215 4688 2388 4758 ὑγρᾶς
2421 4684 2576 4755 ὓλης,
2613 4682 2790 4753 φωτὸς
2823 4679 3135 4751 αὐξητικὸν,
3163 4678 3344 4732 πόνων
3376 4677 3699 4751 θεραπευτιο

2092 4781 2207 4845 κον,
2240 4779 2501 4850 καμάτων
2529 4774 2956 4838 ἀπαλλακτικὸν,
2994 4772 3058 4826 τὸ
3094 4770 3201 4825 τῶν
3236 4772 3694 4844 ἐπαλειψαμένων

2095 4869 2462 4942 φαιδροποιὸν,
2493 4866 2670 4938 φωτὸς
2707 4865 2865 4936 δίκην
2896 4863 3222 4918 ἀποστίλϐον
3244 4865 3367 4926 ταῖς
3399 4881 3696 4936 μαρμαρυο

2094 4964 2240 5031 γαίς,
2284 4958 2480 5029 διαυγῆ
2529 4974 2591 5010 τε
2643 4955 2740 5010 καὶ
2771 4953 3033 5027 λαμπράν
3066 4954 3176 5007 τῶν
3212 4953 3365 5024 αύτῷ
3391 4955 3695 5025 χρωμένων

2095 5051 2392 5108 ἀποτελοῦν
2421 5051 2522 5122 τὴν
2549 5048 2692 5119 όψιν,
2728 5048 2757 5102 ὃ
2803 5063 2968 5118 φησιν
3022 5047 3057 5117 ἡ
3094 5044 3216 5099 θεία
3257 5045 3477 5116 Γραφή·
3527 5064 3548 5097 ι
3589 5043 3694 5098 Τοῦ

2099 5142 2344 5216 ἱλαρῦναι
2376 5141 2669 5214 πρόσωπον
2713 5140 2774 5191 ὲν
2820 5134 3003 5208 ἐλαίῳ.
3048 5155 3069 5188 ι
3110 5135 3299 5206 Τούτῳ
3340 5136 3635 5207 τοιγαροῦν
3664 5137 3694 5188 ὁ

2097 5237 2274 5306 λόγος,
2303 5234 2405 5306 τὴν
2433 5233 2697 5287 ἀνωτάτω
2734 5228 2830 5284 τοῦ
2861 5228 3241 5301 πανηγεμόνος
3284 5230 3384 5283 καὶ
3415 5229 3692 5299 παμϐασι-

2093 5329 2230 5403 λὲιυς
2263 5324 2400 5383 Θεοῦ
2442 5324 2669 5395 δύναμιν
2708 5320 3004 5394 συμϐαλὼν
3022 5320 3103 5392 τῷ
3130 5319 3561 5393 παραδείγματι.
3600 5317 3694 5374 τὸν

2094 5419 2313 5493 πρῶτον
2341 5417 2435 5472 καὶ
2466 5416 2625 5489 μόνον
2646 5415 2753 5486 ὅλῳ
2777 5413 2952 5486 τούτῳ
2981 5411 3295 5486 χρισθέντα,
3322 5413 3421 5466 καὶ
3450 5412 3555 5484 τῆς
3585 5410 3690 5465 θει-

2094 5514 2196 5585 κῆς
2234 5513 2329 5567 καὶ
2357 5512 2522 5565 πᾶσιν
2541 5508 2910 5578 ἀκοινωνὴτου
2944 5505 3223 5577 πατρικῆς
3251 5504 3480 5570 εὐωδίας
3511 5520 3690 5577 μετειο

2094 5605 2325 5679 ληφότα,
2355 5604 2452 5662 καὶ
2484 5602 2645 5676 μόνον
2675 5600 2735 5668 ἐξ
2765 5598 2929 5655 αὐτοῦ
2968 5597 3298 5669 γενντθέντα
3328 5595 3467 5653 Θεὸν
3495 5598 3686 5666 Λόγον,
