3846 6218
126 250 233 305 295

1055 240 1725 299 DEMONSTBATIONIS
1764 236 2230 295 EVANGELiCA‘J
2269 236 2382 292 LIB
2421 235 2511 292 IV.

3292 231 3405 287 2M

130 364 336 435 μετοχῇ
380 377 444 416 τε
484 359 579 414 τοῦ
617 358 981 430 γεννήσαντος
1027 354 1327 429 ἀγεννὴς-ου
1366 357 1461 412 καὶ
1500 355 1717 429 πρώτου
1748 362 1794 416 Α
1821 351 1917 406 olei

1830 351 2002 406 oleum
2031 351 2286 422 appellat.
2320 350 2501 418 Quare
2530 358 2586 405 et
2615 348 2894 404 Christum
2914 356 2972 403 et
2996 354 3223 403 unctum
3255 363 3402 412 eum,

127 456 224 510 καὶ
253 455 503 526 μείζονος
536 453 668 505 Θεὸν
697 453 763 505 ὲκ
789 450 923 504 Θεοῦ
949 450 1351 518 ἀποφανθέντα,
1374 449 1607 521 Χριστὸν
1627 449 1722 501 καὶ

126 547 464 619 ἠθειμμένον
494 542 822 599 ἀπεκάλεσε.
856 543 947 595 Διὸ
971 544 1066 596 καὶ
1094 545 1151 595 ὲν
1174 541 1426 613 Ψαλμοῖς
1452 542 1589 613 πρὸς
1620 541 1722 593 αὐ-

124 641 221 693 τὸν
252 640 319 711 δὴ
352 637 540 690 τοῦτον
584 636 676 691 τὸν
710 636 815 690 ὐπὸ
838 635 933 689 τοῦ
962 635 1177 708 Πατρός
1217 635 1544 706 ὴλειμμένον
1586 636 1720 688 ἀνα·
1756 704 1765 713 ⁸

126 733 303 798 φωνεῖ
359 728 422 783 τὸ
466 728 675 798 φάσκον
718 720 821 781 ὦδε
858 725 1071 796 λόγιον·
1125 746 1145 778 ‹
1196 728 1253 780 Ὀ
1294 727 1483 798 θρόνος
1528 742 1641 790 σου,
1693 726 1722 777 ὁ

125 825 286 889 Θεὸς,
313 827 398 889 είς
428 824 519 877 τὸν
552 822 723 877 αἰῶνα
755 822 850 876 τοῦ
875 821 1096 885 αἰῶνος·
1129 820 1324 892 ῥάϐδος
1359 819 1651 890 εὐθύτητος
1684 821 1718 891 ὴ

127 916 332 989 ῥάϐδος
372 915 472 987 τῆς
508 903 785 986 βασιλείας
815 929 931 965 σου.
981 912 1303 983 Ἠγάπησας
1350 911 1718 981 δικαιοσύνην,

126 1011 224 1063 καὶ
274 1008 550 1079 ἐμίσησας
588 1004 833 1060 ἀδικίαν·
885 1004 974 1057 διὰ
1011 1003 1166 1057 τοῦτο
1212 1003 1396 1076 έχρισέ
1428 1020 1488 1057 σε
1531 1003 1665 1067 Θεὸς
1692 1004 1723 1055 ὁ

124 1102 261 1166 θεός
325 1119 422 1155 σου
472 1100 650 1153 ἔλαιον
691 1097 1066 1167 ἀγαλλιάσεως
1116 1096 1270 1169 παρὰ
1306 1098 1432 1160 τοὺς
1464 1096 1720 1167 μετόχους

125 1215 245 1250 σου.
284 1214 312 1247 τ
355 1194 517 1249 Ἀλλά
544 1194 655 1265 γὰρ
688 1193 788 1264 μία
823 1192 920 1263 μὲν
954 1192 987 1263 ἡ
1020 1189 1114 1244 τοῦ
1151 1190 1331 1243 ἐλαίου
1372 1189 1565 1260 φύσις·
1598 1191 1632 1260 ή
1664 1189 1722 1242 δὲ

120 1290 218 1344 τοῦ
246 1289 424 1362 μύρου
447 1286 657 1342 πολλῶν
680 1287 776 1339 ἐπὶ
797 1285 860 1338 τὸ
876 1284 1008 1338 αὐτὸ
1033 1283 1251 1338 σύνοδον
1274 1283 1547 1355 σημαίνει.
1584 1281 1723 1336 Ταύ-

120 1402 195 1457 τῃ
220 1402 309 1438 τοι
337 1385 433 1437 καὶ
471 1386 505 1456 ἡ
542 1382 734 1454 πρώτη
765 1382 860 1437 καὶ
888 1381 1182 1452 ἀγέννητος
1211 1378 1305 1433 τοῦ
1332 1377 1722 1449 παμϐασιλέως

119 1477 263 1530 Θεοῦ
286 1476 538 1547 δύναμις,
569 1475 688 1529 καθ’
712 1474 740 1528 ὃ
769 1475 866 1546 μὲν
890 1473 1036 1544 ἁπλῆ
1071 1489 1154 1536 τις
1187 1472 1282 1525 καὶ
1306 1470 1597 1529 ἀσύνθετος
1629 1470 1723 1523 καὶ

120 1570 297 1642 ἄλλης
327 1571 511 1641 πάσης
543 1570 730 1633 οὐσίας
751 1567 956 1640 ἀμιγὴς
986 1568 1303 1632 ἐπινοεῖται,
1333 1564 1488 1635 ἁπλῷ
1525 1562 1602 1634 τῷ
1625 1561 1720 1615 τοῦ

118 1661 311 1714 ἐλαίου
348 1662 703 1733 προρρήματι
738 1658 1180 1731 παραϐέϐληταιο
1210 1657 1346 1711 καθὸ
1376 1657 1431 1710 δὲ
1452 1656 1720 1711 πλείστων

118 1757 390 1814 ἐπινοιῶν
425 1761 483 1812 ἐν
514 1757 699 1830 ταυτῷ
732 1756 1098 1830 περιληπτικὴ
1121 1755 1399 1825 τυγχάνει,
1424 1747 1534 1806 οἷον
1570 1768 1726 1822 ποιη-
1754 1802 1795 1854 Β

116 1854 287 1923 τικῆς
312 1852 347 1923 ἢ
370 1852 679 1923 βασιλικῆς,
705 1850 1062 1922 προνοητικόν
1084 1866 1145 1903 τε
1178 1850 1273 1904 καὶ
1298 1845 1564 1920 κριτικὸν,
1600 1844 1721 1915 φιλ-

125 1945 434 2017 άνθρωπόν
472 1961 533 1999 τε
572 1945 670 1998 καὶ
696 1944 987 2015 σωτήριον,
1032 1940 1209 1997 ἄλλων
1236 1958 1297 1994 τε
1333 1941 1474 1993 ὅσων
1510 1938 1723 2010 μυρίων

114 2037 350 2112 ἐπινοίᾳ
387 2037 798 2109 θεωρουμένων,
856 2035 1083 2097 εἰκότως
1137 2033 1295 2105 μύρῳ
1344 2034 1506 2087 πάλιν
1549 2033 1582 2101 ὴ
1615 2029 1723 2084 τῶν

115 2133 346 2188 πολλῶν
363 2133 459 2187 καὶ
478 2131 699 2202 ἀγαθῶν
722 2128 1092 2203 περιληπτικὴ
1116 2127 1345 2199 δύναμις
1371 2126 1721 2191 ἀπείκασται,

116 2220 167 2295 ᾧ
194 2225 495 2300 κεχρῖσθαι
536 2225 627 2280 τὸν
660 2222 839 2295 ἀληθῆ
868 2224 960 2277 καὶ
991 2221 1150 2293 μόνον
1175 2220 1437 2294 ἀρχιερέα
1467 2218 1564 2273 τοῦ
1588 2217 1722 2272 Θεοῦ

113 2321 265 2375 θεῖοι
296 2320 451 2390 λόγοι
490 2318 825 2373 παιδεύουσι.
856 2315 1081 2389 Πρῶτος
1103 2314 1168 2385 γέ
1197 2332 1278 2369 τοι
1312 2314 1474 2377 αὐτὸς
1502 2315 1531 2367 ό
1560 2314 1727 2366 Μωῦ-

114 2415 251 2485 σῆς,
303 2415 367 2467 ἐν
391 2413 742 2487 ,ἀπορρήτοις
779 2411 851 2465 τά
883 2409 1003 2463 θεῖα
1036 2407 1370 2463 ἐποπτεῦσαι
1398 2405 1722 2478 ἠξιωμένος,

109 2510 223 2563 καὶ
267 2507 375 2572 τὰς
422 2507 552 2578 περὶ
588 2505 683 2559 τοῦ
711 2504 927 2577 πρώτου
954 2505 1048 2558 καὶ
1076 2502 1236 2574 μόνου
1270 2499 1601 2571 ἡλειμμένου
1632 2497 1726 2553 καὶ

108 2601 440 2675 ἀρχιερέως
464 2599 558 2653 τοῦ
581 2598 715 2653 Θεοῦ
731 2596 953 2661 τελετὰς
978 2598 1035 2650 ὲν
1052 2597 1174 2659 ταῖς
1197 2594 1361 2648 αὐτοῦ
1385 2589 1727 2661 θεοφανείαις

107 2697 269 2768 πρὸς
294 2693 466 2749 αὐτοῦ
495 2692 907 2763 τετελεσμένας,
949 2689 1165 2753 εἰκόνας
1208 2686 1604 2760 προστάττεται
1633 2684 1727 2738 ἐπὶ

108 2790 232 2860 γῆς
262 2789 367 2841 καί
400 2786 645 2857 σύμϐολα
692 2780 1140 2854 καταστήσασθαι
1193 2782 1303 2834 τῶν
1345 2782 1405 2835 ὲν
1444 2784 1566 2844 ταῖς
1613 2779 1730 2834 θεο-

106 2881 352 2942 meiat;
380 2878 743 2950 νενοημένων,
773 2878 850 2941 ὡς
883 2876 950 2931 ἂν
973 2876 1147 2948 ἔχοιεν
1172 2872 1587 2946 προεμμελετᾷν
1613 2874 1727 2936 τοῖς

107 2972 431 3045 συμϐόλοις
468 2971 518 3024 οἱ
552 2969 704 3024 τῶνδ’
726 2969 1019 3040 ἠξιωμένοι
1056 2966 1218 3039 μέχρι
1246 2966 1345 3037 τῆς
1371 2965 1499 3036 τῶν,
1512 2964 1727 3036 ἀληθῶν

105 3067 455 3131 ἐποπτείας.
481 3065 653 3128 Αὐτὸς
675 3064 811 3137 δῆτα
839 3062 1242 3136 ἀφορισάμενος
1263 3060 1402 3124 τέως
1426 3056 1520 3112 τοῦ
1552 3057 1611 3123 ἐξ
1629 3060 1727 3113 ἀν-

105 3160 137 3213 θ
145 3159 372 3233 ρώπων
409 3158 502 3210 ἐπὶ
531 3156 634 3228 γῆς
652 3154 731 3226 τῷ
762 3153 883 3225 Θεῷ
913 3151 1287 3226 ἱερατεύεσθαι
1315 3151 1475 3223 ὲπιτή

103 3255 250 3327 δρα,
289 3250 515 3324 πρῶτος
558 3248 745 3302 τοῦτον
779 3246 1014 3318 Χριστὸν
1046 3243 1390 3315 ἐπωνόμασε,
1437 3241 1557 3295 κατ’
1591 3243 1725 3295 ἀνα-

104 3348 305 3421 φορὰν
356 3345 462 3415 τῆς
503 3347 561 3398 ὲν
590 3345 705 3405 τοῖς
726 3342 936 3412 νοητοῖς
972 3336 1224 3408 θεωρίας,
1267 3335 1362 3389 καὶ
1392 3331 1606 3398 τοῦτον,
1637 3331 1725 3385 διά

102 3457 270 3504 τινος
305 3437 545 3508 ἀλοιφῆς
569 3435 803 3499 εὐώδους
827 3432 1113 3506 κρείττονα
1144 3429 1255 3484 τῶν
1285 3426 1489 3482 λοιπῶν
1517 3423 1727 3499 ἀνθρὼ-

104 3553 242 3590 πων
267 3533 587 3602 ἀποφήνας,
620 3531 879 3599 ἄντικρυς
915 3525 1009 3580 καὶ
1038 3524 1335 3597 διαρρήδην
1368 3521 1722 3592 ἀνεκήρυξεν,

101 3627 199 3680 ὅτι
237 3624 307 3695 δὴ
343 3623 468 3675 κατ’
498 3621 669 3692 αὐτὴν
700 3620 734 3689 ή
760 3616 855 3671 τοῦ
897 3613 1155 3686 γεννητοῦ
1197 3613 1359 3683 φύσις
1392 3611 1599 3675 ἅπασα,
1632 3610 1726 3664 καὶ

103 3717 262 3773 πολῦ
306 3715 479 3771 πλέον
519 3715 553 3785 ἠ
598 3709 917 3783 ἀνθρωπεία
962 3709 1062 3780 τῆς
1096 3707 1394 3778 ἁγεννήτου
1442 3704 1727 3775 δυνάμεως

100 3808 568 3879 ἀπολειπομένη,
602 3807 771 3860 δεῖται
821 3805 920 3876 τῆς
971 3801 1080 3856 ἀπὸ
1125 3800 1221 3854 τοῦ
1254 3799 1562 3872 κρείττονος
1591 3798 1728 3850 εὐω-

100 3907 262 3968 δίας.
304 3900 478 3955 Ἀλλά
504 3896 600 3952 τοῦ
631 3898 728 3968 μὲν
750 3895 1025 3950 ἀνωτάτου
1051 3894 1146 3947 καὶ
1175 3890 1394 3964 πρώτου
1420 3888 1480 3944 οὐ
1513 3907 1620 3943 τινι
1649 3888 1728 3943 θε-

107 3998 283 4071 μιτὸν
342 3990 660 4063 ἐφικέσθαι.
706 3990 819 4043 Ἑνὶ
855 3988 965 4060 γὰρ
1008 3987 1155 4058 μόνῳ
1196 3983 1273 4055 τῷ
1297 3985 1595 4053 Μονογενεῖ
1629 3980 1725 4035 καὶ

101 4087 478 4164 Πρωτοτόκῳ
502 4084 649 4138 τοῦτ’
674 4082 925 4138 ἀνέκειτο
950 4080 1011 4135 τὸ
1038 4080 1209 4151 γέρας
1225 4095 1239 4109 °
1263 4081 1376 4142 τοῖς
1401 4077 1458 4131 δὲ
1485 4077 1601 4148 μετ’
1630 4076 1728 4130 αὐ-

100 4188 209 4240 τὸν
235 4185 350 4238 οὐκ
381 4179 559 4242 ἄλλως
598 4178 633 4250 ἢ
672 4176 761 4230 διὰ
795 4175 962 4248 μόνης
989 4173 1089 4244 τῆς
1123 4170 1216 4225 τοῦ
1248 4170 1503 4242 δευτέρου
1537 4186 1729 4241 μετου-

104 4281 247 4343 σίας
278 4276 399 4329 τῶν
425 4270 649 4342 ἀγαθῶν
680 4265 792 4324 οἷόν
820 4287 882 4322 τε
920 4264 989 4340 ἦν
1014 4264 1380 4337 ἐπαύρασθαι.
1411 4262 1728 4335 Πνεύματος

101 4375 230 4445 ἄρα
248 4368 445 4424 ἐνθέου
462 4366 524 4420 τὸ
546 4365 699 4436 παρά
719 4364 945 4416 Μωῦσεῖ
966 4359 1233 4431 σύμϐολον
1249 4354 1337 4430 ἧν.
1356 4357 1658 4429 Διαιρέσεις
1672 4355 1729 4409 δὲ

99 4464 496 4539 χαρισμάτων
513 4459 641 4523 εἰσὶ,
661 4457 722 4511 τὸ
744 4456 788 4510 δ’
813 4455 944 4509 αὐτὸ
971 4452 1209 4524 πνεῦμα,
1235 4448 1296 4507 οὗ
1328 4452 1562 4524 μάλιστα
1598 4468 1728 4522 μετ-

1823 443 1918 512 qui
1947 443 2095 498 illius
2128 443 2400 514 particeps
2452 442 2543 505 sit,
2602 448 2782 497 vocat.
2815 438 3010 496 Oleum
3050 454 3181 495 vero
3215 439 3271 493 in
3319 439 3406 493 his

1823 537 1936 590 noli
1966 536 2377 592 miserationem
2421 536 2691 607 accipere,
2720 550 2899 605 neque
2945 535 3001 589 in
3025 535 3190 588 rebus
3212 533 3395 589 adver-

1824 627 1902 683 sis
1969 643 2286 692 mterorem,
2342 629 2437 684 sed
2471 629 2523 683 id
2555 628 2703 698 quod
2746 635 2912 682 certae
2945 627 3144 697 plantae
3194 624 3406 679 fructus

1822 720 2295 790 emittit,quodex
2316 721 2542 775 humida
2583 720 2812 775 materia
2849 719 2988 773 nihil
3016 718 3181 773 habet
3232 718 3408 772 admi-

1824 821 1991 877 stum,
2030 814 2177 883 quod
2230 813 2412 867 lumen
2467 820 2648 883 auget,
2696 810 2843 883 quod
2906 810 3079 866 fessos
3132 809 3405 873 sublevat,

1824 906 1970 975 quod
2003 906 2217 961 labores
2277 905 2478 971 aufert,
2531 905 2678 975 quod
2708 921 2805 961 eos
2842 904 2936 975 qui
2971 906 3090 973 ipso
3128 909 3408 973 unguntur

1824 998 2025 1053 hilares
2054 997 2208 1063 facit,
2259 998 2407 1067 quod
2456 999 2631 1052 instar
2661 998 2884 1052 luminis
2907 995 2974 1050 de
3011 996 3194 1065 seipso
3228 993 3410 1047 vibrat

1824 1091 2163 1163 splendores,
2220 1091 2563 1161 nitidumque
2613 1106 2678 1145 ac
2734 1090 3024 1143 micantem
3086 1103 3276 1142 eormn
3312 1087 3406 1158 qui

1824 1188 1943 1256 ipso
1970 1193 2199 1240 utuntur
2235 1191 2518 1254 comparat
2560 1184 2807 1251 vultum;
2836 1182 2983 1254 quod
3014 1182 3201 1253 utique
3227 1184 3407 1253 ipsum

1823 1281 1993 1334 etiam
2029 1279 2226 1333 divinae
2252 1278 2447 1333 litterae
2487 1278 2723 1348 produnt
2758 1278 2866 1332 illis
2897 1277 3082 1333 verbis
3111 1294 3124 1330 :
3160 1295 3179 1327 ι
3209 1275 3279 1331 Ut
3310 1292 3411 1331 ex-

1823 1372 2021 1428 hilaret
2077 1373 2276 1428 faciem
2336 1372 2394 1426 in
2453 1373 2575 1427 oleo
2608 1372 2718 1426 ¹⁸.›
2756 1370 2897 1425 Huic
2924 1371 3092 1442 igitur
3156 1371 3410 1441 exemplo

1825 1480 2140 1536 supremam
2173 1465 2295 1535 ejus
2326 1463 2443 1527 Dei,
2476 1464 2569 1535 qui
2597 1465 2843 1519 omnium
2866 1473 2950 1520 cst
3006 1464 3260 1534 princeps
3285 1478 3407 1516 om-

1823 1558 2086 1627 niumque
2114 1570 2230 1620 rex,
2261 1555 2518 1610 virtutem
2545 1570 2874 1624 comparans
2909 1554 3107 1615 oratio,
3135 1568 3260 1607 eum
3311 1553 3408 1624 qui

1825 1650 1977 1704 solus
2000 1649 2103 1705 hoc
2128 1656 2249 1703 toto
2270 1654 2472 1703 unctus
2499 1654 2604 1709 est,
2624 1647 2827 1718 quique
2856 1648 3055 1702 divinae
3092 1655 3257 1717 atque
3286 1649 3407 1717 ejus

1825 1759 1947 1814 quae
1990 1758 2117 1798 cum
2167 1742 2334 1797 nullis
2364 1741 2488 1796 aliis
2538 1741 2981 1795 communicatur
3025 1748 3269 1811 paternae
3300 1740 3411 1795 fra—

1824 1837 2055 1909 grantiae
2085 1837 2359 1907 particeps
2410 1833 2611 1897 factus,
2644 1840 2700 1888 et
2729 1833 2823 1903 qui
2864 1833 3018 1887 solus
3071 1849 3137 1888 ex
3190 1833 3285 1889 illo
3318 1849 3411 1905 ge-

1825 1931 1975 1985 nitus
2016 1929 2159 1985 Deus
2190 1927 2451 1990 Verbum,
2482 1924 2982 1981 communicatione
3026 1923 3299 1995 gignentis
3327 1925 3412 1978 in-

1823 2024 2015 2097 geniti,
2045 2021 2186 2078 Deus
2216 2021 2285 2075 de
2311 2018 2424 2074 Deo
2449 2025 2535 2073 est
2561 2017 2896 2080 declaratus,
2923 2016 3205 2072 Christum
3249 2026 3413 2087 atque
3446 2046 3450 2050 -

1824 2125 2055 2171 unctum
2110 2113 2346 2169 vocavit.
2413 2108 2684 2176 Quocirca
2741 2109 2826 2164 in.
2864 2109 3101 2165 Psalmis
3152 2109 3221 2164 ad
3264 2109 3413 2164 hunc

1825 2210 2030 2280 ipsum,
2069 2208 2163 2278 qui
2200 2222 2233 2261 a
2266 2205 2428 2259 Patre
2459 2211 2660 2259 unctus
2697 2210 2803 2268 est,
2857 2203 2939 2259 sic
2962 2203 3239 2274 quoddam
3288 2217 3415 2257 ora-

1825 2304 2011 2358 culum
2053 2300 2187 2355 dicit
2213 2319 2225 2355 :
2258 2319 2276 2351 ι
2304 2298 2473 2355 Sedes
2494 2307 2610 2362 tua,
2642 2297 2808 2361 Deus,
2836 2299 2892 2352 in
2917 2298 3180 2353 saeculum
3200 2297 3410 2362 saeculi,

1825 2394 1978 2465 virga
2020 2393 2362 2458 directionis,
2415 2391 2569 2461 virga
2603 2389 2758 2461 regni
2786 2390 2894 2444 tui.
2952 2388 3204 2445 Dilexisti
3248 2389 3416 2459 justi-

1828 2489 1983 2553 tiam,
2035 2488 2089 2541 et
2149 2483 2316 2540 odisti
2375 2483 2744 2553 iniquitatem,
2812 2489 3106 2552 propterea
3159 2482 3317 2535 unxit
3359 2489 3415 2535 te

1828 2575 1974 2633 Deus
1993 2575 2277 2630 Deustuus
2299 2574 2420 2628 oleo
2448 2572 2648 2628 laetitia:
2674 2587 2784 2640 prae
2807 2572 3159 2627 consortibus
3187 2572 3410 2626 tuis".s

1828 2672 1899 2726 At
1931 2684 2059 2726 vero
2089 2683 2196 2723 una
2228 2666 2447 2735 quidem
2478 2674 2563 2721 est
2589 2667 2697 2722 olei
2756 2676 2973 2731 natura,
3011 2665 3106 2720 sed
3149 2663 3415 2736 unguenti

1828 2777 1952 2834 qua:
2005 2769 2109 2823 est,
2142 2775 2206 2815 ea
2238 2759 2533 2813 multarum
2567 2758 2623 2812 in
2652 2757 2791 2813 idem
2825 2772 3158 2813 concursum
3204 2755 3416 2827 signiﬁ—

1830 2862 1939 2910 cat.
1968 2853 2208 2908 Proinde
2236 2853 2400 2907 etiam
2448 2852 2625 2921 prima
2681 2851 2773 2905 illa
2802 2858 2858 2905 et
2888 2850 3128 2921 ingenita
3166 2851 3414 2902 omnium

1829 2949 1976 3020 regis
2010 2946 2101 3003 Dei
2158 2947 2351 3013 virtus,
2391 2952 2664 3015 quatenus
2714 2943 2935 3014 quidem
2980 2941 3207 3012 simplex
3251 2946 3417 3009 atque

1833 3040 2196 3111 incomposita
2218 3078 2233 3103 ,
2278 3038 2524 3107 nullique
2569 3037 2660 3091 alii
2693 3046 2901 3089 naturae
2936 3037 3226 3090 commista
3256 3033 3419 3087 intel-

1479 3150 1619 3203 55m
1635 3147 1730 3203 ἄν-
1757 3149 1799 3206 ο
1832 3134 2038 3204 ligitur,
2068 3131 2302 3201 simplici
2333 3130 2439 3184 olei
2466 3129 2728 3183 locutioni
2755 3129 2949 3183 collata
2986 3135 3104 3192 est;
3141 3133 3416 3196 quatenus

1835 3235 2015 3281 autem
2049 3224 2313 3295 plurimas
2346 3223 2400 3276 in
2422 3221 2614 3277 eodem
2653 3220 3129 3275 considerationes
3165 3232 3420 3288 compre-

1833 3317 2107 3373 bendendi
2141 3317 2249 3370 vim
2281 3315 2462 3381 habet,
2507 3323 2567 3368 ut
2609 3314 2755 3383 quod
2810 3313 2988 3368 facere
3035 3320 3235 3382 potest,
3268 3311 3416 3381 quod

1833 3424 2084 3482 regnare,
2115 3406 2260 3479 quod
2285 3406 2589 3477 providere,
2612 3403 2758 3475 quod
2774 3403 3045 3474 judicare,
3080 3400 3241 3475 174
3272 3402 3419 3473 quod

1834 3518 2022 3558 amore
2067 3500 2326 3572 prosequi
2384 3498 2671 3562 homines,
2708 3497 2852 3568 quod
2910 3497 3142 3551 salutem
3200 3495 3418 3561 afferre,

1836 3596 2050 3666 aliaque
2101 3591 2521 3648 innumerabilia
2590 3605 2712 3661 quae
2763 3588 3119 3660 intelligentia
3163 3585 3422 3641 conside-

1834 3695 2073 3759 rantur:
2105 3691 2384 3756 unguento
2415 3697 2610 3737 rursus
2634 3682 2749 3736 haec
2780 3681 2898 3751 ipsa
2925 3693 3048 3750 quae
3076 3685 3131 3733 ct
3162 3678 3334 3731 multa
3364 3684 3420 3731 et

1836 3783 1979 3839 bona
2010 3779 2474 3852 comprehendere
2522 3784 2700 3847 potest
2729 3774 2838 3839 vis,
2871 3772 3070 3829 merito
3101 3780 3419 3842 comparata

1834 3882 1940 3939 est,
1972 3890 2082 3944 quo
2112 3878 2392 3944 unguento
2421 3885 2543 3925 eum
2565 3869 2657 3939 qui
2686 3867 2778 3922 Dei
2799 3874 2853 3921 et
2884 3880 3049 3920 verus
3082 3875 3135 3919 et
3157 3864 3311 3919 solus
3335 3870 3423 3919 est

1834 3968 2102 4040 pontifex,
2139 3972 2364 4022 unctum
2391 3978 2515 4018 esse
2534 3962 2719 4016 divina
2766 3974 2867 4014 nos
2913 3959 3113 4013 docent
3170 3957 3420 4012 oracula.

1836 4066 1903 4118 Et
1933 4063 2143 4133 primus
2178 4059 2397 4130 quidem
2436 4058 2555 4127 ipse
2594 4054 2829 4126 Moyses,
2860 4069 2954 4122 qur
3003 4051 3056 4105 in
3090 4052 3308 4106 arcanis
3338 4049 3424 4105 di-

1837 4159 2087 4211 vinarum
2128 4166 2309 4208 rerum
2346 4148 2689 4219 inspectione
2737 4162 2802 4202 ac
2844 4145 3254 4217 mysteriorum,
3299 4158 3423 4213 qute

1837 4249 1907 4304 ab
1939 4249 2058 4318 ipso
2106 4246 2161 4300 in
2203 4244 2271 4298 iis
2317 4242 2624 4310 visionibus
2647 4240 2849 4311 quibus
2878 4237 3045 4292 Deum
3098 4243 3421 4306 praesentem

1838 4339 2216 4413 agnoscebat,
2251 4336 2319 4392 de
2348 4336 2527 4407 primo
2556 4340 2609 4389 et
2659 4333 2779 4389 solo
2843 4337 3031 4392 uncto,
3078 4336 3133 4383 et
3167 4324 3424 4396 pontifice

1840 4434 1933 4490 Dei
1961 4434 2202 4505 perfecta
2243 4439 2395 4492 sunt,
2456 4429 2656 4499 dignus
2710 4425 2932 4480 habitus
2991 4429 3095 4488 est,
3156 4420 3424 4489 imagines

99 4515 746 4633 ἒχὲινιιριλοτιμεῖσθαι
783 4553 968 4622 ἱερέας
1000 4515 1411 4617 καὶ-προφήτας
1447 4546 1542 4599 καὶ⁵
1575 4515 1730 4616 βασι·
1764 4529 1805 4584 Ι)

1830 4528 2053 4600 jubetur
2083 4527 2138 4580 in
2166 4535 2311 4580 terra
2344 4530 2398 4577 et
2450 4532 2609 4578 notas
2659 4520 2931 4576 conficere
2983 4530 3173 4571 eorum
3213 4529 3335 4583 quae
3364 4515 3422 4568 in

1840 4621 1909 4633 ...ο
1976 4621 2009 4633 η
2056 4621 2067 4632 ι
2142 4621 2153 4631 .
2193 4620 2204 4631 ο
2287 4618 2321 4633 -ι
2433 4617 2445 4629 ι
2495 4626 2506 4633 .
2548 4618 2579 4633 ιι
2668 4622 2769 4633 ﬂ--.
2822 4618 2878 4633 --ι
2931 4616 3015 4633 ..-Α
3054 4609 3253 4633 ..λιιι-η-
3279 4607 3422 4633 ..Λαζι-

97 4655 253 4716 λέας
273 4650 426 4721 ᾤετο
456 4647 591 4712 δεῖν,
616 4645 692 4708 ὡς
720 4642 787 4697 ἂν
818 4643 918 4713 οὐχ
940 4640 1083 4711 ὑπὲρ
1121 4637 1329 4693 ἑαυτῶν
1356 4638 1537 4709 μόνον,
1591 4635 1728 4690 ἀλλά

99 4746 339 4807 παντὸς
389 4740 487 4795 τοῦ
526 4739 715 4802 ἔθνους
750 4734 830 4807 τῷ
862 4734 983 4805 Θεῷ
1018 4731 1496 4803 καθωσιωμένους.
1524 4730 1645 4784 Ὅτι
1672 4730 1730 4784 δὲ

98 4845 175 4916 δὴ
204 4835 519 4909 θειατέρων
533 4829 603 4906 ἦν
622 4831 693 4885 τὰ
718 4829 872 4902 παρά
890 4831 1116 4883 Μωῦσεῖ
1136 4824 1403 4898 σύμϐολα,
1422 4824 1514 4878 καὶ
1543 4824 1618 4888 ὼς
1636 4824 1729 4877 δυ-

100 4934 286 4991 νατὸν
346 4927 422 5002 ἦν
477 4928 572 4980 καὶ
616 4926 747 4980 ἄνευ
796 4920 1031 4991 γεώδους
1079 4919 1253 4991 μύρου
1307 4919 1435 4982 τοὺς
1476 4915 1555 4987 τῷ
1600 4915 1730 4988 θείῳ

98 5026 424 5095 Πνεῦματι
471 5018 730 5087 κατόχους
767 5015 1023 5087 χριοτούς
1067 5010 1452 5083 ὀνομάζεσθαι,
1500 5010 1635 5082 φέρε
1678 5026 1730 5062 τι

100 5120 343 5195 μᾶλλον
396 5112 790 5184 ἀκριϐέστερον
841 5104 1285 5178 διασκεψώμεθα.
1342 5102 1508 5157 Δαϐὶδ
1544 5103 1604 5156 ὲν
1657 5099 1730 5173 ρδ¹

93 5192 362 5295 ψαλμῷ,
408 5206 508 5267 τὰς
541 5202 670 5273 περὶ
698 5200 790 5255 τὸν
834 5197 1106 5271 Ἀϐραὰμ,
1151 5198 1246 5251 καὶ
1271 5195 1363 5249 τὸν
1408 5192 1614 5257 Ἰσαὰκ,
1643 5193 1737 5248 καὶ

95 5308 212 5363 τὸν
256 5286 471 5355 ’ἶακὼϐ
490 5293 775 5351 ἀναλαϐὼν
806 5291 1071 5364 ἱστορίας,
1102 5289 1301 5352 αὐτοὺς
1330 5288 1575 5349 ἐκείνους
1604 5286 1731 5353 τοὺς

95 5393 414 5463 θεοφιλεῖς
432 5387 809 5459 προπάτορας,
832 5382 927 5437 καλ⁵
948 5382 1057 5454 πρὸ
1073 5381 1186 5435 τῶν
1207 5377 1488 5440 Μωῦσέως
1524 5376 1734 5463 χρόνων

94 5461 494 5560 γενομένους,
546 5475 804 5549 χριστοὺς
848 5470 1134 5536 ἀποκαλεῖ,
1188 5470 1250 5522 οὐ
1297 5467 1367 5521 δι’
1393 5466 1523 5520 ἄλλο
1565 5465 1600 5534 ἢ
1643 5461 1733 5517 διὰ

92 5556 219 5652 ⁸τὴν
281 5572 389 5629 τοῦ
442 5569 589 5625 θείου
639 5567 979 5637 Πνεύματος,
1018 5556 1081 5617 οῦ
1128 5560 1396 5631 μετεῖχον,
1447 5556 1730 5628 ἐπιρροήν.

107 5644 471 5740 ἰστορήσας
490 5660 622 5733 γοῦν
643 5662 794 5724 ὅπως
817 5653 1231 5725 ὲπεξενώθησαν
1251 5654 1365 5714 τοῖς
1391 5644 1732 5717 ἀλλοφύλοις,

182 5793 242 5824 ⁸⁸
282 5785 438 5843 Pal.
475 5798 596 5849 sin,
628 5778 714 5837 ιι.
796 5779 838 5812 ’⁷
866 5775 1014 5834 Psal.
1056 5789 1203 5839 χειν,
1234 5771 1349 5829 7-8.

1836 4621 1945 4677 illis
1976 4621 2071 4675 Dei
2104 4618 2410 4675 visionibus
2432 4617 2796 4676 intellexerat,
2822 4618 2882 4666 ut
2924 4616 3019 4681 qui
3054 4609 3257 4664 talibus
3279 4607 3425 4661 notis

1838 4732 1903 4773 ac
1942 4712 2116 4784 signis
2157 4709 2307 4781 digni
2357 4707 2529 4762 habiti
2559 4716 2735 4773 erant,
2762 4720 2826 4760 ea
2883 4707 3107 4773 possent
3159 4700 3427 4768 tantisper

1840 4807 2091 4863 meditari
2124 4805 2302 4873 iisque
2325 4817 2384 4857 se
2417 4815 2695 4862 exercere,
2754 4798 2883 4851 dum
2909 4809 3031 4865 quae
3064 4808 3192 4848 vera
3239 4798 3427 4848 essent

1837 4902 2111 4972 inspicere
2142 4913 2252 4953 non
2284 4896 2540 4951 dabatur.
2586 4892 2639 4947 ls
2668 4892 2834 4962 igitur
2884 4891 3147 4944 selectum
3203 4885 3426 4940 interim

1837 5011 1905 5052 ex
1926 4996 2014 5050 his
2048 4991 2384 5055 hominibus,
2417 4988 2513 5060 qui
2555 4987 2610 5043 in
2641 4996 2786 5041 terra
2812 4990 3123 5047 versantur,
3146 4980 3323 5032 virmn
3356 4976 3426 5030 ad

1839 5101 1997 5143 sacra
2048 5084 2158 5140 Deo
2218 5081 2468 5137 facienda
2519 5078 2801 5137 idoneum,
2861 5072 3075 5143 primus
3144 5070 3426 5127 Christum

1841 5178 2164 5240 nominavit,
2203 5173 2625 5246 appellationem
2657 5168 2723 5223 ad
2761 5182 2826 5222 ea
2873 5164 3121 5221 referens
3154 5177 3274 5233 qua:
3310 5163 3427 5217 sola

1837 5268 2194 5340 intelligentia
2217 5264 2674 5327 considerantur;
2701 5259 2795 5329 qui
2820 5273 2953 5314 sane
2970 5270 3093 5310 cum
3119 5255 3267 5309 hunc
3291 5266 3429 5323 qua-

1839 5363 1965 5418 dam
1984 5358 2252 5432 fragranti
2278 5355 2538 5411 unctione
2588 5349 3025 5424 prastantiorem
3060 5344 3276 5403 caeteris
3327 5344 3428 5399 ho-

1839 5454 2084 5510 minibus
2131 5451 2490 5515 declarasset,
2520 5445 2808 5501 verissime
2850 5446 2908 5497 et
2950 5439 3273 5514 planissime
3324 5435 3421 5491 de-

1841 5547 2137 5609 nuntiavit,
2192 5556 2411 5598 omnem
2465 5547 2720 5594 naturam
2757 5547 2880 5608 quae
2941 5538 3126 5588 creata
3155 5536 3261 5593 est,
3292 5526 3430 5582 mul-

1843 5649 2009 5712 toque
2026 5640 2190 5695 etiam
2220 5633 2396 5709 magis
2424 5631 2720 5688 humanam
2765 5643 2862 5701 per
2891 5642 2970 5694 se,
3012 5626 3141 5682 dum
3169 5637 3200 5677 ιι
3224 5621 3427 5677 virtute
