3846 6218
469 225 578 280 295

1146 221 1417 277 EUSEBII
1452 222 1939 279 CASSARIENSIS
1977 222 2126 279 OPP.
2173 223 2373 280 PARS.
2417 224 2457 279 1.
2500 252 2571 269 --
2609 227 3111 285 APOLOGETICA.
3188 190 3193 193 ἦ

3618 234 3720 292 296

471 340 715 392 increata
773 337 1118 407 relinquitur,
1146 340 1542 409 praestantioris
1597 339 1904 409 cujuspiam
1940 338 2030 393 fra-

2152 341 2245 393 καὶ
2277 341 2350 405 ὡς
2384 341 2856 407 ἐπιϐουλευθέντες
2907 344 3149 416 σωτῆρος
3195 344 3381 415 ἔτυχον
3423 344 3517 399 τοῦ
3567 345 3721 411 Θεοῦ,

469 430 699 499 grantia:
728 429 993 500 indigere,
1026 430 1122 485 sed
1177 446 1298 500 quae
1324 430 1505 487 Patris
1546 433 1765 503 quidem
1815 432 1961 486 illius
1991 438 2046 487 et

470 520 698 590 ingeniti
728 528 832 586 est,
865 535 981 575 eam
1008 522 1276 590 attingere
1304 523 1507 576 nemini
1528 520 1612 578 fas
1633 531 1737 579 est.
1773 521 1875 579 Uni
1899 525 2044 580 enim

469 613 736 665 duntaxat
769 612 934 664 unico
965 612 1251 681 primoque
1308 613 1512 683 genito,
1564 614 1669 668 hoc
1704 625 2044 670 reservatum

469 716 555 759 est
585 704 809 758 donum.
843 703 944 769 Qui
976 712 1154 758 autem
1198 712 1320 774 post
1365 705 1515 759 illum
1546 705 1841 769 exsistunt,
1874 706 1909 760 ii
1935 722 2043 761 non

469 798 630 851 aliter
651 812 811 866 quam
864 812 961 866 per
998 796 1242 866 ejusdem
1285 795 1559 867 Unigeniti
1589 799 2045 854 communicatio-

470 906 614 956 nem,
673 891 936 945 honorum
977 897 1257 958 compotes
1311 889 1425 944 ﬁeri
1471 899 1766 960 poterant:
1804 892 2041 961 Spiritus

467 998 596 1052 ergo
622 982 791 1035 divini
829 982 879 1036 id
913 982 1056 1052 quod
1088 981 1229 1051 apud
1255 979 1491 1053 Moysem
1517 983 1708 1047 fertur,
1736 993 1864 1039 nota
1895 998 2042 1054 qua:-

467 1074 593 1127 dam
647 1082 787 1128 erat.
846 1073 1154 1128 Divisiones
1206 1089 1371 1143 porro
1434 1075 1705 1129 donorum
1737 1082 1886 1138 sunt,
1944 1074 2042 1130 sed

467 1168 609 1221 idem
640 1173 724 1221 est
748 1164 1007 1235 Spiritus,
1058 1168 1216 1236 cujus
1252 1166 1486 1222 maxime
1518 1175 1579 1220 ut
1604 1165 1719 1221 [teri
1748 1168 2042 1238 participes

466 1264 769 1320 studerent.
801 1269 855 1313 et
881 1259 1193 1314 sacerdotes
1214 1266 1267 1313 et
1297 1261 1572 1328 prophetae
1601 1265 1655 1311 et
1693 1274 1878 1329 reges,
1902 1274 2041 1322 opus

463 1366 586 1406 esse
609 1352 994 1414 arbitrabatur,
1028 1360 1214 1421 utpote
1243 1352 1333 1421 qui
1360 1366 1467 1405 non
1498 1365 1596 1419 pro
1612 1349 1809 1419 seipsis
1838 1350 2037 1413 solum,

464 1460 652 1498 verum
713 1444 878 1498 etiam
939 1460 1037 1514 pro
1086 1451 1200 1497 tota
1236 1451 1395 1514 gente
1441 1443 1547 1497 Deo
1602 1443 1802 1496 sacrati
1833 1452 2037 1500 essent.

464 1535 617 1602 Quod
649 1543 830 1589 autem
880 1549 1062 1589 rerum
1109 1535 1282 1604 magis
1307 1534 1614 1588 divinarum
1665 1531 1903 1588 Mosaica
1947 1535 2038 1589 illa

462 1637 603 1681 nota:
625 1627 871 1695 quaedam
904 1634 1108 1687 essent,
1135 1632 1190 1679 et
1216 1624 1360 1693 quod
1396 1623 1513 1677 ﬁeri
1557 1631 1742 1692 posset
1783 1632 1841 1677 ut
1872 1624 2036 1679 etiam

461 1721 580 1774 sine
610 1717 856 1772 terrestri
878 1725 1154 1787 unguento
1181 1715 1368 1769 divino
1402 1713 1610 1784 Spiritu
1635 1713 1796 1768 amati
1826 1723 2033 1780 essent,

459 1810 651 1865 Christi
680 1810 1114 1872 nominarentur,
1145 1807 1373 1877 agedum
1409 1807 1690 1877 aliquanto
1721 1806 2036 1876 diligentius

406 1965 415 1974 η
458 1902 873 1957 consideremus
908 1900 1020 1968 jam
1057 1914 1223 1954 nunc.
1275 1898 1442 1953 David
1495 1898 1661 1967 igitur
1704 1898 1762 1951 in
1825 1898 2059 1967 psalmo"

456 2007 548 2048 CIV
579 1994 641 2055 ‘3,
669 1993 799 2047 dum
827 2006 947 2060 qum
975 1990 1043 2045 ad
1070 1989 1365 2053 Abraham,
1385 1996 1439 2045 et
1458 1989 1629 2053 lsaae,
1651 1997 1706 2043 et
1728 1987 1899 2044 Jacob
1924 2005 2039 2058 per-

459 2087 654 2150 tinent,
706 2085 966 2140 historias
1012 2084 1225 2153 repetit,
1285 2083 1436 2152 ipsos
1474 2082 1632 2151 plane
1655 2080 1777 2137 illos
1823 2090 2035 2137 veteres

458 2176 671 2241 Patres,
699 2184 753 2231 et
779 2177 872 2245 qui
904 2184 1028 2230 ante
1063 2174 1264 2244 Moysis
1292 2180 1505 2228 aetatem
1527 2172 1767 2237 fuerunt,
1798 2173 2035 2228 christos

458 2277 639 2333 vocat,
677 2269 882 2324 nullam
921 2270 994 2323 ob
1023 2267 1184 2321 aliam
1217 2280 1439 2320 causam
1480 2281 1642 2335 quam
1688 2272 1910 2336 propter
1951 2264 2037 2319 di-

457 2363 569 2417 vini
606 2360 868 2431 Spiritus,
917 2360 1078 2429 cujus
1121 2359 1416 2429 participes
1458 2366 1640 2419 erant,
1671 2356 2030 2412 inﬂuentiam.

462 2452 619 2524 175
651 2452 706 2507 In
744 2452 1084 2522 expositione
1130 2451 1295 2521 igitur
1340 2450 1715 2516 historiarum,
1762 2447 2034 2520 quemad-

458 2546 679 2599 modum
711 2543 951 2615 hospitio
981 2544 1048 2597 ab
1099 2543 1343 2598 externis
1368 2541 1628 2610 suscepti,
1677 2549 1733 2595 et
1770 2540 2032 2610 quemad-

457 2638 682 2693 modum
708 2637 923 2691 insidiis
944 2635 1326 2698 circumventi,
1361 2634 1591 2689 salutem
1623 2648 1653 2686 a
1686 2632 1796 2687 Deo
1833 2647 2032 2687 conse-

456 2729 568 2784 cuti
601 2736 751 2791 sunt,
783 2729 930 2784 sicut
969 2727 1206 2782 Mosaica
1255 2726 1570 2780 narratione
1616 2723 1891 2793 proditum
1921 2730 2028 2787 est,

455 2822 751 2893 prophetas
791 2822 916 2876 illos
945 2821 1108 2876 simul
1141 2830 1196 2875 et
1228 2819 1468 2873 christos
1513 2816 1780 2880 nominat,
1814 2815 2032 2870 tametsi

454 2916 699 2970 nondum
738 2914 956 2986 Moyses
982 2914 1037 2967 in
1081 2910 1394 2967 hominibus
1417 2908 1669 2979 degebat,
1707 2922 1884 2978 neque
1927 2922 2030 2961 un-

451 3018 711 3078 guentum
737 3023 801 3062 ex
841 3009 956 3077 lege
987 3004 1234 3075 ejusdem
1276 3009 1651 3073 comparatum
1689 2999 1868 3054 adhuc
1907 2999 2028 3053 fue-
2054 3025 2097 3083 ο

454 3107 560 3156 rat.
608 3100 752 3155 Audi
796 3100 963 3171 igitur
1006 3099 1138 3168 quid
1180 3096 1328 3151 dicat
1364 3095 1612 3165 psalmus
1647 3111 1661 3147 :
1696 3109 1716 3143 ι
1752 3093 2028 3146 Memento

455 3189 787 3244 mirabilium
821 3191 942 3259 ejus
973 3203 1095 3259 qua:
1120 3187 1279 3243 fecit:
1310 3186 1558 3256 prodigia
1591 3183 1805 3254 ejus,et
1822 3181 2029 3251 judicia

451 3280 568 3336 oris
600 3280 739 3350 ejus.
775 3279 972 3335 Semen
1006 3280 1303 3340 Abraham,
1337 3277 1482 3333 servi
1531 3277 1671 3345 ejus,
1734 3275 1831 3328 ﬁlii
1858 3274 2029 3329 Iacob

450 3367 611 3422 electi
642 3367 781 3436 ejus.
815 3366 933 3436 Ipse
978 3366 1243 3423 Dominus
1271 3366 1413 3421 Deus
1444 3374 1651 3433 noster,
1686 3365 1743 3419 in
1774 3365 2028 3420 universa

451 3467 600 3514 terra
639 3458 845 3529 judicia
895 3458 1035 3529 ejus.
1080 3458 1287 3514 Memor
1332 3456 1435 3511 fuit
1482 3457 1537 3510 in
1573 3458 1833 3511 saxulum
1862 3465 2023 3512 testa-

452 3551 624 3605 menti
652 3551 760 3614 sui,
795 3552 945 3608 verbi
985 3551 1131 3622 quod
1173 3550 1451 3606 mandavit
1474 3551 1530 3605 in
1553 3552 1702 3606 mille
1724 3551 2031 3621 generatio-

450 3656 571 3709 nes,
605 3643 754 3712 quod
777 3643 1051 3713 disposuit
1081 3643 1149 3698 ad
1179 3643 1453 3698 Abraham
1491 3662 1506 3698 :
1539 3652 1592 3698 et
1621 3641 1918 3713 juramenti
1942 3641 2029 3702 sui

452 3734 521 3788 ad
552 3734 722 3800 Isaac,
755 3743 809 3790 et
837 3737 1027 3790 statuit
1053 3734 1187 3790 illud
1213 3734 1281 3789 ad
1306 3733 1479 3790 Jacob
1513 3735 1567 3787 in
1601 3746 1950 3805 praeceptum,
1977 3743 2030 3789 et

450 3828 519 3882 ad
550 3826 717 3884 Israel
763 3827 818 3882 in
859 3834 1248 3883 testamentum
1291 3835 1588 3891 aeternum,
1637 3826 1826 3880 dicens
1858 3842 1871 3878 :
1906 3826 2027 3881 Tibi

449 3918 593 3974 dabo
630 3926 833 3974 terram
872 3919 1155 3984 Chanaan,
1224 3910 1528 3972 funiculum
1566 3917 1902 3972 haereditatis
1936 3933 2029 3972 ve—

451 4021 580 4066 stra:
604 4028 617 4062 :
649 4020 703 4065 et
725 4012 1064 4066 transierunt
1082 4011 1151 4065 de
1175 4018 1338 4081 gente
1356 4010 1407 4063 in
1428 4019 1666 4079 gentem,
1686 4018 1741 4063 et
1764 4009 1833 4065 de
1860 4026 2028 4081 regno

449 4103 519 4155 ad
554 4103 810 4171 populum
858 4103 1132 4157 alterum:
1166 4117 1277 4155 non
1327 4101 1579 4171 permisit
1624 4100 1897 4156 hominem
1928 4119 2029 4158 no-

449 4207 576 4247 cere
607 4192 709 4254 eis,
741 4198 796 4245 et
831 4190 1100 4260 corripuit
1130 4205 1229 4260 pro
1269 4192 1349 4245 eis
1380 4206 1536 4261 reges
1562 4204 1575 4240 :
1606 4190 1773 4243 nolite
1806 4197 2027 4261 tangere

449 4286 688 4342 christos
729 4300 914 4351 meos,
963 4293 1019 4340 et
1067 4287 1123 4338 in
1166 4285 1447 4354 prephetis
1486 4284 1622 4340 meis
1661 4285 1825 4339 nolite
1870 4286 2027 4340 mali-

2147 431 2288 484 κατὰ
2312 431 2382 485 τὰ
2422 432 2575 503 παρὰ
2599 435 2825 487 Μωῦσεί
2855 433 3178 506 δηλούμενα,
3212 437 3496 507 προφήτας
3527 439 3722 503 αὐτοὺς

2144 524 2278 595 ὁμοῦ
2306 526 2400 578 καλ⁵
2443 527 2696 597 χριστοὺς
2727 526 3003 597 ὀνομάζει,
3034 526 3184 580 οῦπω
3210 528 3330 580 τότε
3360 530 3640 594 Μωῦσέως
3669 534 3724 583 ὲν

2144 614 2470 687 ἀνθρώποις,
2505 616 2625 670 οὐδὲ
2672 616 2764 670 τοῦ
2812 619 2933 671 κατ’
2978 617 3143 671 αὐτὸν
3192 618 3494 673 σκευαστοῦ
3546 621 3720 691 μύρου

2146 707 2655 779 νενομοθετημένου.
2712 709 2909 762 Ἀκουε
2952 709 3010 762 δὲ
3055 703 3146 762 οἷά
3195 727 3359 781 φησιν
3401 712 3430 764 6
3472 710 3718 782 ψαλμός·

2150 818 2168 851 ι
2206 800 2492 872 Μνήσθητι
2536 800 2644 853 τῶν
2692 800 3011 872 θαυμασίων
3043 801 3231 865 αὐτοῦ,
3255 796 3330 856 ὧν
3372 804 3621 875 ἐποίησε·
3655 804 3723 858 τὰ

2143 892 2344 963 τέρατα
2390 892 2553 946 αὑτοῦ
2595 894 2687 947 καὶ
2719 894 2788 947 τὰ
2823 893 3065 965 κρίματα
3094 893 3187 948 τοῦ
3236 894 3502 965 πόματος
3529 896 3718 950 αὐτοῦ.

2144 984 2373 1055 Σπέρμα
2440 982 2719 1055 ’Δϐραὰμ,
2769 982 2945 1037 δοῦλοι
2994 984 3197 1037 αὐτοῦ·
3254 985 3302 1037 οἱ
3358 985 3464 1037 υἱοὶ
3523 984 3723 1039 Ἰακὼϐ

2143 1076 2388 1129 ἐκλεκτοὶ
2418 1076 2603 1129 αὐτοῦ.
2633 1074 2803 1139 Αὐτὸς
2834 1075 3036 1148 Κύριος
3066 1078 3095 1129 6
3127 1075 3257 1139 Θεὸς
3281 1075 3460 1147 ήμῶν,
3488 1078 3547 1129 ἐν
3570 1077 3721 1148 πάσῃ

2140 1168 2207 1236 τῇ
2238 1169 2308 1237 γῇ
2347 1165 2413 1219 τὰ
2453 1167 2696 1238 κρίματα
2726 1166 2912 1220 αὐτοῦ.
2972 1166 3245 1238 Ἐμνήσθη
3291 1168 3371 1230 εἰς
3415 1167 3509 1221 τὸν
3547 1167 3723 1222 αἰῶνα

2141 1256 2415 1328 Διαθήκης
2454 1257 2639 1323 αὑτοῦ,
2671 1257 2829 1327 λόγου
2863 1252 2924 1311 οὗ
2959 1256 3258 1310 ἐνετείλατο
3286 1258 3364 1320 εἰς
3407 1257 3588 1327 χιλίας
3625 1274 3722 1327 γε-

2142 1349 2288 1412 νεὰς,
2318 1350 2377 1403 ὃν
2408 1349 2616 1403 διέθετο
2643 1349 2721 1420 τῷ
2772 1348 3040 1420 Ἀϐραὰμ,
3085 1348 3180 1403 καὶ
3218 1348 3314 1402 τοῦ
3342 1350 3509 1420 ὅρκου
3549 1350 3720 1403 αὑτοῦ

2138 1441 2217 1513 τῷ
2255 1442 2468 1497 Ἰσαάκ·
2506 1442 2600 1494 καὶ
2621 1441 2844 1512 ἔστησεν
2880 1442 3048 1512 αὐτὴν
3078 1440 3156 1512 τῷ
3199 1441 3392 1496 Ἰακὼϐ
3432 1446 3513 1505 εἰς
3540 1445 3721 1514 πρόσο

2139 1551 2346 1604 ταγμα,
2391 1532 2596 1602 καὶτῷ
2655 1532 2871 1603 Ἰσραὴλ
2911 1534 2989 1596 εὶς
3030 1531 3306 1604 Διαθήκην
3349 1533 3593 1596 αἰώνιον,
3633 1535 3726 1588 λέ-

2140 1645 2283 1697 γων·
2321 1628 2411 1680 Σοὶ
2436 1626 2591 1680 δώσω
2613 1626 2711 1698 τὴν
2744 1627 2848 1696 γῆν
2880 1627 3114 1697 Χαναὰμ
3147 1627 3430 1698 σχοίνισμα
3458 1632 3726 1700 κληρονο-

2092 1682 2112 1734 ;
2141 1682 2269 1791 μίας
2297 1717 2470 1789 ὑμῶν.
2506 1720 2616 1771 Καὶ
2655 1682 2881 1788 έιῆλθοηΐ
2898 1718 2958 1782 ἐξ
2988 1682 3293 1783 ἕθνοπδς“εξς
3321 1682 3492 1785 ἔθνος,
3524 1682 3622 1777 καὶ
3656 1726 3724 1776 ἐκ

2140 1810 2412 1881 βασιλείας
2458 1811 2539 1873 εἰς
2584 1809 2709 1864 λαὸν
2764 1811 2968 1881 ἕτερον.
3003 1813 3116 1865 Ούκ
3166 1814 3374 1884 ἀφῆκεν
3425 1814 3721 1887 ἄνθρωπον

2135 1904 2387 1973 ἀδικῆσαι
2411 1904 2626 1967 αὐτοὺς,
2661 1903 2756 1957 καὶ
2797 1902 3020 1974 ἤλεγξεν
3052 1904 3189 1974 ὑπὲρ
3223 1905 3400 1959 αὐτῶν
3433 1905 3677 1977 βασιλεῖς
3699 1924 3718 1940 ·

2139 1996 2215 2068 μὴ
2258 1996 2493 2049 ἆπτεσοε
2521 1995 2630 2048 τῶν
2653 1994 2887 2068 χριστῶν
2914 2013 3038 2066 μου,
3078 1998 3172 2050 καὶ
3193 1998 3250 2051 ἐν
3275 2002 3384 2061 τοῖς
3405 2000 3720 2070 προφήταις

2140 2106 2238 2160 μου
2291 2088 2365 2158 μὴ
2411 2086 2796 2159 πονηρεύεσθε.
2839 2105 2858 2139 ›
2910 2086 3096 2142 Ταῦτα
3146 2089 3246 2159 μὲν
3284 2090 3314 2142 6
3353 2088 3541 2142 Δαϐίδ·
3593 2092 3624 2142 6
3662 2091 3722 2142 δὲ

2134 2182 2337 2251 Μωσῆς
2382 2181 2475 2234 καὶ
2521 2180 2666 2243 οἴους
2720 2178 2954 2249 βασιλεῖς
2985 2179 3208 2250 ἤλεγξεν
3250 2181 3453 2251 ἱστορεῖ
3496 2180 3719 2249 λέγων’

2139 2292 2160 2325 ι
2186 2274 2293 2327 Καὶ
2309 2274 2475 2345 ήτασε
2493 2273 2696 2343 Κύριος
2707 2270 2796 2324 τὸν
2818 2270 3015 2342 Φαραὼ
3037 2273 3291 2343 ἐτασμοῖς
3318 2271 3598 2343 μεγάλοις,
3624 2273 3723 2326 καὶ

2132 2365 2223 2418 τὸν
2242 2360 2388 2418 οἷκον
2418 2364 2579 2418 αὐτοῦ
2598 2365 2725 2434 περὶ
2748 2364 2963 2435 Σάρρας
2987 2364 3086 2432 τῆς
3106 2363 3362 2431 γυναικὸς
3392 2363 3674 2435 Ἀϐραάμ.
3699 2383 3718 2415 ι

2132 2456 2243 2510 Καὶ
2294 2455 2454 2508 πάλιν
2510 2454 2639 2525 περὶ
2690 2452 2784 2507 τοῦ
2843 2453 3108 2523 βασιλέως
3162 2453 3417 2525 Γεράρων
3464 2454 3717 2525 γράφει·

2138 2561 2159 2594 ι
2197 2544 2307 2596 Καὶ
2346 2538 2508 2614 ἦλθεν
2537 2544 2565 2596 6
2594 2540 2726 2604 Θεὸς
2773 2542 2909 2614 πρὸς
2968 2542 3256 2613 Ἀϐιμέλεχ
3304 2545 3360 2595 ὲν
3411 2541 3566 2614 ὕπνῳ
3618 2544 3721 2614 τὴν

2131 2632 2323 2695 νύκτα,
2368 2635 2459 2685 καὶ
2499 2630 2692 2686 εἶπεν⁹
2739 2632 2868 2686 Ἰδοὺ
2915 2634 2979 2687 σὺ
3026 2633 3388 2705 ἀποθνήσκεις
3438 2636 3571 2705 περὶ
3618 2637 3722 2705 τῆς

2132 2726 2407 2793 γυναικὸς,
2435 2720 2502 2797 ἧς
2532 2725 2752 2789 ἔλαϐες·
2798 2744 2817 2778 ι
2853 2724 3009 2798 (αὕτη
3059 2725 3115 2778 δὲ
3155 2720 3224 2796 ἦν
3255 2724 3348 2778 τοῦ
3396 2725 3718 2798 Ἀϐραάμ’)

2131 2815 2267 2887 Περὶ
2308 2810 2368 2870 οῦ
2414 2815 2541 2885 ἑξῆς
2586 2814 2791 2883 προϊών
2840 2830 3013 2886 φησι·
3068 2834 3088 2866 ι
3125 2815 3241 2868 Νῦν
3286 2814 3343 2868 δὲ
3384 2816 3586 2880 ἀπόδος
3617 2817 3721 2887 τὴν

2130 2909 2363 2974 γυναῖκα
2384 2906 2461 2976 τῷ
2490 2905 2780 2978 ἀνθρώπῳ,
2814 2906 2894 2959 ὅτι
2927 2907 3212 2977 προφήτης
3237 2906 3373 2969 ἐστὶ,
3410 2908 3507 2960 καὶ
3538 2925 3719 2979 προσ-

2131 2997 2345 3062 εύξεται
2394 2999 2523 3068 περὶ
2566 2997 2679 3050 σοῦ.
2741 2998 2902 3069 Ὁρᾷς
2928 2999 3075 3063 ὅπως
3104 2998 3193 3052 διὰ
3226 2999 3429 3051 τούτων
3452 3000 3583 3064 τοὺς
3614 3002 3720 3054 πά-

2129 3089 2215 3142 λαι
2249 3088 2516 3158 θεοφιλεῖς
2548 3090 2639 3142 καὶ
2675 3091 2959 3161 προφήτας
3009 3091 3262 3160 χριστοὺς
3295 3091 3323 3142 6
3350 3090 3537 3154 Aa6't6,
3573 3091 3719 3161 μᾶλ-

2129 3181 2219 3234 λον
2268 3181 2325 3233 δὲ
2357 3181 2419 3233 τὸ
2451 3180 2610 3234 ’θεῖον
2651 3180 2717 3233 δι’
2765 3180 2929 3235 αὐτοῦ
2963 3183 3228 3253 προσεῖπε
3256 3180 3505 3251 Πνεῦμα,
3537 3184 3602 3235 οῦ
3640 3182 3719 3252 τῷ

2128 3270 2319 3341 γεώδει
2381 3271 2536 3344 μύρῳ
2596 3271 3025 3343 κεχρισμένουςς
3079 3271 3193 3336 πῶς
3247 3270 3377 3342 γὰρ,
3431 3274 3719 3337 Μωῦσέως

2130 3364 2374 3435 ὑστέροις
2404 3364 2616 3436 χρόνοις
2649 3362 2791 3417 οὕτω
2831 3362 3254 3434 διαταξαμένους
3290 3364 3492 3418 Ἀκουε
3532 3364 3595 3418 δὲ
3624 3367 3721 3419 καὶ

2139 3455 2361 3510 Ἡσαΐου
2395 3456 2535 3510 οὕτω
2583 3455 2893 3525 σαφέστατα
2938 3456 3067 3527 περὶ
3105 3453 3199 3508 τοῦ
3248 3455 3489 3526 Χριστοῦ
3526 3456 3727 3510 θεσπί-

2130 3549 2333 3614 ζοντος,
2374 3548 2450 3613 ὡς
2480 3548 2988 3618 ἀποσταλησομένου
3025 3547 3130 3599 ὑπὸ
3172 3546 3268 3600 τοῦ
3302 3546 3439 3600 Θεοῦ
3473 3550 3593 3611 τοῖς
3626 3550 3722 3601 ἀν-

2129 3643 2368 3714 θρώποις
2412 3640 2683 3714 λυτρωτοῦ
2721 3642 2815 3694 καὶ
2841 3639 3106 3710 σωτῆρος,
3137 3636 3357 3709 ἦξοντός
3378 3654 3440 3689 τε
3473 3639 3721 3710 κηρύξαι

2127 3734 2240 3795 τοῖς
2282 3730 2382 3795 τὰς
2426 3729 2604 3799 ψυχὰς
2646 3726 3012 3798 αἰχμαλώτοις
3059 3727 3273 3796 ἄφεσιν,
3312 3728 3406 3780 καὶ
3446 3733 3563 3792 τοῖς
3617 3731 3722 3792 τὰς

2128 3823 2367 3885 διανοίας
2391 3821 2609 3890 τυφλοῖς
2633 3820 2943 3888 ἀνάϐλεψιν.
2965 3819 3165 3871 Τοῦτον
3188 3817 3301 3890 γὰρ
3333 3818 3501 3871 πάλιν
3529 3822 3558 3873 6
3586 3838 3723 3891 προ-

2128 3915 2303 3986 φήτης
2349 3914 2411 3967 ού
2456 3910 2738 3981 σκευαστῷ
2783 3910 2958 3981 μύρῳ,
2993 3909 3130 3964 ἀλλὰ
3172 3909 3250 3978 τῷ
3292 3910 3396 3979 τῆς
3427 3912 3723 3982 Πατρικῆς

2128 4004 2380 4075 θεότητος
2423 4000 2598 4072 νοητῷ
2645 4004 2739 4056 καὶ
2788 3999 3081 4071 θεοπρεπεῖ
3113 3999 3346 4069 Χριστὸν
3379 4001 3719 4071 γεγενῆσθαι

2126 4086 2387 4159 διδάσκει,
2418 4096 2516 4165 οὐχ
2567 4094 2660 4146 ὑπ’
2707 4091 3030 4164 ἀνθρώπων,
3067 4091 3199 4144 ἀλλὰ
3245 4092 3309 4145 ὲκ
3346 4092 3444 4145 τοῦ
3497 4093 3721 4162 Πατρὸς

2128 4190 2504 4260 κεχρισμένον.
2563 4188 2728 4256 Λέγει
2782 4186 2828 4239 δ’
2882 4181 2974 4240 οὖν
3034 4184 3092 4250 ἐξ
3150 4184 3314 4237 αὑτοῦ
3369 4186 3714 4254 προσώπου·

2134 4301 2152 4332 ι
2211 4281 2437 4351 Πνεῦμα
2475 4279 2683 4352 Κυρίου
2730 4281 2816 4332 ἐπ’
2868 4278 2988 4347 ἐμὲ,
3034 4269 3096 4329 οῦ
3148 4277 3356 4330 εἵνεκεν
3392 4277 3585 4349 ἔχρισε
3623 4296 3715 4348 με.

448 4378 684 4448 gnari".
726 4396 745 4430 ι
783 4376 1060 4432 Hactenus
1100 4378 1318 4447 quidem
1350 4375 1541 4430 David.
1609 4375 1825 4446 Moyses
1870 4392 2021 4440 vero,

2134 4371 2599 4441 Εὑαγγελίσασθαι
2656 4373 2892 4441 πτωχοῖς
2942 4369 3249 4422 ἀπέσταλκέ
3316 4387 3425 4438 με,
3473 4371 3719 4443 κηρύξαι

449 4471 611 4523 etiam
642 4485 783 4539 quos
813 4485 968 4539 reges
998 4469 1347 4537 corripuerit,
1389 4476 1596 4533 narrat,
1635 4468 1824 4522 dicens
1858 4486 1870 4522 :
1903 4486 1921 4517 ι
1960 4464 2025 4520 Et

447 4563 737 4631 castigavit
775 4560 1039 4615 Dominus
1078 4557 1421 4613 Pharaonem
1454 4559 1630 4628 plagis
1667 4559 1942 4621 maximis,
1970 4568 2025 4614 et

449 4653 670 4708 domum
696 4655 866 4717 illius,
889 4663 1112 4723 propter
1136 4652 1326 4706 Saram
1360 4666 1584 4706 uxorem
1622 4652 1898 4706 Abraham
1914 4654 2014 4706 ³ο.»

449 4746 516 4801 Et
539 4762 731 4802 rursus
757 4747 825 4801 de
849 4762 915 4800 eo
943 4761 1066 4816 rege
1099 4746 1190 4814 qui
1223 4745 1485 4814 regnabat
1513 4745 1567 4798 in
1603 4743 1846 4810 Geraris.
1882 4748 2022 4802 scri-

450 4839 573 4894 bit:
612 4856 634 4891 ι
670 4838 733 4891 Ει
759 4839 907 4893 venit
938 4837 1081 4893 Deus
1126 4838 1191 4892 ad
1229 4838 1541 4893 Abimelech
1593 4837 1650 4893 in
1688 4839 1896 4893 somnis
1926 4855 2027 4893 no-

448 4940 564 4996 ctu,
601 4940 656 4987 et
686 4930 824 4984 dixit
857 4946 877 5002 ε
908 4931 988 4984 En
1039 4929 1292 4984 morieris
1342 4937 1423 4994 tu,
1469 4937 1692 5000 propter
1734 4931 2016 4986 mulierem

448 5038 609 5091 quam
645 5023 876 5077 tulisti“
915 5041 933 5074 ι
976 5022 1112 5092 (hair
1156 5030 1337 5076 autem
1380 5030 1499 5075 erat
1523 5037 1660 5075 uxor
1691 5021 2014 5092 Abraham).

449 5115 624 5169 Porro
662 5115 950 5184 deinceps,
993 5128 1246 5169 sermone
1308 5128 1662 5183 progressus,
1712 5111 1780 5167 de
1830 5112 2020 5167 eodem

449 5209 527 5262 ait
552 5227 564 5262 :
593 5227 612 5259 ι
643 5206 800 5263 Nunc
816 5216 995 5264 autem
1022 5208 1186 5264 redde
1210 5205 1330 5262 viro
1354 5222 1456 5262 suo
1484 5222 1732 5270 uxorem,
1758 5205 2018 5275 quoniam

451 5301 713 5370 propheta
741 5308 847 5365 est,
879 5306 933 5354 et
961 5300 1138 5354 orabit
1167 5315 1265 5370 pro
1286 5307 1340 5354 te
1355 5300 1421 5353 ’³.
1452 5317 1473 5351 ι
1503 5297 1671 5353 Vides
1695 5306 1749 5351 ut
1776 5297 1877 5350 hoc
1900 5296 2019 5349 loco

452 5401 660 5448 veteres
687 5392 784 5447 Dei
816 5393 1023 5449 amicos
1055 5400 1110 5447 et
1160 5393 1458 5463 prepbetas
1496 5389 1691 5455 David,
1725 5404 1790 5443 ac
1833 5388 2017 5460 potius

451 5506 545 5559 per
595 5489 751 5543 illum
796 5485 1016 5543 divinus
1066 5485 1327 5557 Spiritus,
1383 5483 1620 5540 christos
1664 5478 2015 5553 appellaverit

2126 4463 2491 4536 αἰχμαλώτοις
2517 4464 2728 4533 ἄφεσιν,
2762 4463 2856 4516 καὶ
2882 4461 3099 4528 τυφλοῖς
3123 4461 3440 4530 ἀνάϐλεψιν.
3485 4482 3505 4513 ι
3543 4464 3723 4517 Τοῦτο

2128 4557 2226 4628 μὲν
2277 4550 2370 4608 οὖν
2424 4554 2639 4624 πρῶτον
2695 4550 3030 4622 τετηρήσθω,
3085 4548 3161 4613 ὡς
3208 4551 3301 4602 καὶ
3360 4550 3599 4615 Ἡσαΐας
3636 4552 3722 4621 τῷ

2128 4647 2292 4702 Δαϐὶδ
2324 4645 2720 4718 παραπλησίως
2752 4643 2809 4697 ὃν
2842 4641 2993 4710 ἥξειν
3025 4642 3224 4711 ἔφησεν
3257 4644 3336 4706 εἰς
3360 4642 3718 4714 ἀνθρώπους,

2129 4743 2224 4795 καὶ
2265 4739 2497 4811 κηρύξαι
2544 4734 2910 4807 αἰχμαλώτοις
2953 4733 3147 4801 ἄφεσιν
3195 4738 3287 4787 καὶ
3320 4735 3549 4804 τυφλοῖς
3580 4736 3719 4789 ἀνά-

2126 4835 2332 4905 6λεψιν,
2362 4833 2425 4885 οὐ
2456 4827 2737 4899 σκευαστῷ
2787 4826 2962 4899 μύρῳ,
2998 4825 3133 4880 ἀλλὰ
3162 4826 3238 4897 τῷ
3266 4826 3370 4903 τῆς
3409 4828 3719 4897 ἀγεννήτου

2124 4925 2407 4998 Πατρικῆς
2434 4940 2494 4976 τε
2526 4920 2622 4975 καὶ
2670 4917 2980 4986 παναγάθου
3025 4918 3305 4987 δυνάμεως
3350 4917 3595 4986 Χριστὸν
3619 4933 3722 4984 γε-

2125 5019 2338 5090 γονέναι
2376 5010 2641 5075 θεσπίζει.
2684 5009 2843 5064 Κατὰ
2880 5024 3003 5061 τινα
3033 5008 3091 5061 δὲ
3119 5004 3408 5076 συνήθειαν
3440 5021 3721 5076 προφητι-

2126 5112 2247 5183 κὴν,
2268 5109 2331 5161 τὸ
2365 5105 2554 5178 μέλλον
2580 5105 2609 5156 6
2640 5101 2924 5174 προφήτης
2952 5098 3026 5160 ὡς
3058 5098 3386 5169 παρῳχηκὸς
3412 5098 3717 5165 ἁναφωνεῖ,

2126 5204 2223 5258 καὶ
2238 5200 2328 5261 -ὼς
2357 5197 2486 5269 περὶ
2519 5193 2712 5250 ἑαυτοῦ
2753 5190 2848 5245 τοῦ
2878 5189 3311 5262 προφητεύοντος
3355 5187 3530 5261 δηλοῖ.
3562 5189 3719 5249 Τέως

2130 5293 2229 5364 μὲν
2258 5287 2350 5344 οὖν
2376 5288 2481 5342 ὑπὸ
2504 5284 2661 5349 Θεοῦ,
2686 5283 2801 5338 ἀλλ’
2826 5281 2925 5353 ούχ
2950 5282 3042 5335 ὑπ’
3063 5280 3391 5354 ἀνθρώπιον,
3420 5279 3522 5333 καλ⁸
3547 5277 3718 5332 Πνεῦ-

2127 5401 2253 5456 ματι
2276 5380 2426 5452 θείῳ,
2458 5379 2571 5433 ἀλλ’
2604 5379 2663 5432 ού
2699 5374 2985 5445 σκευαστῷ
3016 5373 3183 5445 ἐλαίῳ
3203 5373 3555 5447 χρωμένους,
3578 5373 3719 5434 sub;

2123 5474 2266 5531 κατὰ
2325 5473 2415 5527 τὸν
2483 5470 2658 5541 ἀληθῆ
2716 5470 2876 5538 λόγον
2955 5466 3211 5539 χριστοὺς
3271 5462 3716 5537 ὀνομαζομένους

523 5650 564 5680 ⁸³
596 5646 751 5709 Vers.
791 5647 876 5702 15.
921 5645 966 5678 ¹⁹
997 5641 1143 5699 Psal.
1176 5656 1284 5711 civ,
1320 5640 1467 5696 5-15.
1545 5641 1589 5673 ὀ
1622 5637 1759 5694 Gen.
1794 5651 1894 5704 ιιι,
1924 5634 2010 5690 17.

2158 5629 2294 5687 Gen.
2326 5643 2420 5697 ιτς,
2451 5628 2504 5684 '5.
2551 5628 2629 5704 ι¹²
2662 5626 2794 5683 ibid.
2822 5626 2881 5679 '7.
