3846 6218
217 326 328 382 297

1147 326 1806 386 ‘DEMONSTRATIONIS
1847 325 2304 383 EVA‘NGEUCA‘I
2342 324 2465 378 LIB.
2499 323 2586 377 lV.

3373 326 3478 380 298

218 443 492 512 ἔγνωμεν.
530 442 735 513 Καιρὸς
773 441 830 495 δὲ
872 441 1122 506 συνιδεῖν,
1153 445 1233 496 ὅτι
1267 444 1360 496 καὶ
1387 443 1533 496 θείαν
1562 443 1682 496 τινὰ
1714 442 1788 495 δύ·

1912 442 2062 494 nullo
2107 439 2353 494 terrestri
2413 443 2691 508 unguento
2732 437 2960 490 unctos?
2997 434 3101 501 Qui
3137 437 3304 499 enim,
3355 452 3479 490 cum

218 550 388 604 ναμιν
409 534 696 604 κρείττονα
725 533 757 605 ῆ
783 536 902 586 κατ’
928 533 1215 604 ἀνθρωπον
1238 534 1314 604 (l)
1342 535 1503 604 φύσιν
1524 535 1613 588 τὸν
1630 535 1803 607 ἀληθῆ

214 623 456 697 Χριστὸν
503 623 596 677 τοῦ
641 623 785 677 Θεοῦ
816 623 1104 696 τυγχάνειν
1143 627 1172 678 6
1212 627 1340 698 παρ’
1387 626 1656 698 Ἑϐραίοις
1685 628 1805 680 ἐπί-

216 733 414 770 σταται
443 715 620 784 λόγος.
656 717 856 770 Ἄκουε
887 717 930 769 δ’
958 713 1054 771 οῦν
1085 713 1240 781 αὖθις
1268 716 1360 771 τοῦ
1394 718 1556 772 Δαϐὶδ
1589 719 1803 773 αἰώνιόν

213 826 342 862 τινα
392 809 546 878 ίερέα
584 808 680 861 τοῦ
727 807 864 862 Θεοῦ
911 809 1213 878 φάσκοντος
1262 811 1478 877 εἰδέναι,
1510 811 1712 882 Κύριόν
1742 829 1801 865 τε

215 901 386 955 αὑτοῦ
407 900 596 954 τοῦτον
625 902 1070 974 ἀναγορεύοντος,
1102 903 1194 956 καὶ
1225 903 1511 975 σύνθρονον
1544 900 1684 960 εἶναι
1705 905 1801 958 τοῦ

213 993 495 1047 ἀνωτάτου
513 992 648 1046 Θεοῦ
671 993 1058 1064 ὁμολογοῦντος
1087 998 1143 1050 ὲν
1175 996 1450 1068 ἑκατοστῷ
1482 997 1574 1051 καὶ
1599 997 1802 1069 ὲννάτῳ

211 1087 441 1158 ψαλμῷ,
472 1087 593 1142 καθ’
617 1088 677 1140 ὃν
710 1083 813 1142 ὦδὲ
846 1089 963 1153 πῶς
1010 1107 1203 1162 φησιν·
1240 1109 1258 1142 ι
1307 1090 1474 1144 Εἶπεν
1522 1093 1550 1144 6
1600 1091 1802 1163 Κύριος

214 1179 298 1250 τῷ
333 1180 523 1251 Κυρίῳ
571 1196 704 1251 μου·
751 1179 934 1235 Κάθου
981 1183 1046 1234 ὲκ
1092 1180 1282 1246 δεξιῶν
1316 1200 1417 1254 μου
1465 1182 1569 1245 ἓως
1611 1181 1678 1236 ἂν
1723 1183 1801 1235 θῶ

211 1272 344 1334 τοὺς
370 1270 601 1342 ἐχθρούς
635 1288 729 1324 σου
761 1272 1050 1325 ὑποπόδιον
1076 1272 1183 1325 τῶν
1219 1271 1394 1326 ποδῶν
1428 1290 1538 1325 σου.
1579 1272 1799 1326 Ῥάϐδον

211 1362 498 1434 δυνάμεως
521 1363 870 1430 ἐξαποστελεί
896 1382 977 1418 σοι
1000 1364 1204 1436 Κύριος
1230 1367 1294 1418 ἐκ
1320 1363 1479 1427 Σιὼν,
1515 1365 1608 1418 καὶ
1635 1381 1800 1418 κατα-

209 1457 523 1528 κυριεύσεις
564 1458 621 1510 ἐν
670 1457 822 1528 μέσῳ
866 1456 974 1510 τῶν
1021 1457 1232 1529 ὲχθρῶν
1281 1473 1404 1510 σου·
1451 1456 1590 1528 μετὰ
1636 1457 1797 1528 σοῦὴ

205 1548 358 1620 ἀρχὴ
391 1551 447 1601 ὲν
476 1549 659 1620 ἡμέρᾳ
683 1549 786 1618 τῆς
817 1547 1099 1620 δυνάμεώς
1128 1565 1241 1613 σου,
1275 1551 1332 1602 ὲν
1361 1551 1426 1620 τῇ
1457 1549 1798 1620 λαμπρότητι

199 1642 322 1694 τῶν
353 1641 522 1710 ἁγίων
552 1658 644 1695 σου
666 1659 679 1672 ·
701 1645 764 1696 ἐκ
793 1642 1030 1714 γαστρὸς
1057 1641 1164 1714 πρὸ
1194 1641 1506 1712 Ἑωσφόρου
1534 1641 1799 1712 ὲγέννησά

207 1750 295 1786 σε.
350 1734 552 1803 Ὤμοσε
599 1733 804 1806 Κύριος
821 1761 840 1798 ,-
881 1735 976 1788 καὶ
1021 1733 1082 1787 οὑ
1133 1731 1672 1804 μεταμεληθήσεται,
1723 1734 1795 1786 Σὺ

1917 533 2094 589 Moses
2136 529 2536 602 posterioribus
2563 528 2900 599 temporibus
2927 529 2978 581 id
3013 528 3484 584 instituerit?Cat-—

1912 636 2108 688 terum,
2160 623 2288 678 audi
2330 637 2478 677 nunc
2531 619 2727 675 Isaiam
2769 636 2990 691 quoque
3035 621 3109 675 ita
3154 621 3222 676 de
3262 621 3485 675 Christo

1909 717 2359 774 manifestissime
2400 723 2706 778 canentem,
2755 721 3015 784 tanquam
3059 713 3132 769 de
3183 729 3250 769 eo
3290 714 3385 785 qui
3427 723 3483 770 et

1909 809 2239 880 Redemptor
2271 819 2326 865 et
2370 809 2623 864 Salvator
2654 823 2684 862 a
2710 808 2821 862 Deo
2859 807 2932 863 sit
2960 808 3258 864 mittendus
3289 808 3357 862 ad
3385 809 3485 862 ho-

1907 905 2107 968 mines,
2141 903 2346 974 quique
2369 909 2636 957 venturus
2665 910 2726 956 ut
2747 901 2989 970 captivas
3013 901 3223 955 animas
3247 907 3485 972 gerent:-

1906 997 2030 1059 bus,
2085 995 2496 1058 liberationem,
2541 1001 2754 1048 mentes
2799 1006 2932 1047 vero
2959 992 3286 1056 obcmcatas,
3328 994 3482 1048 visus

1904 1085 2374 1157 recuperationem
2392 1084 2625 1139 nuntiet.
2644 1081 2800 1136 Hunc
2830 1083 2975 1138 enim
2999 1097 3192 1137 rursus
3221 1083 3483 1153 propheta

1903 1195 2012 1233 non
2047 1185 2365 1247 comparato
2393 1182 2698 1246 unguento,
2729 1173 2824 1229 sed
2854 1188 2919 1228 eo
2954 1175 3103 1244 quod
3127 1181 3368 1244 paternae
3397 1175 3482 1230 di-

1902 1272 2144 1327 vinitatis
2174 1271 2246 1326 sit
2268 1269 2569 1341 proprium,
2595 1274 2650 1323 et
2675 1268 2793 1323 sola
2826 1267 3181 1336 intelligentia
3209 1267 3481 1338 capiatur.

1903 1363 2181 1433 Deumque
2209 1365 2386 1432 ipsum
2416 1361 2648 1414 maxime
2667 1359 2880 1424 deceat,
2905 1358 3182 1414 Christum
3206 1361 3481 1416 exstitisse

1902 1456 2083 1515 docet.
2123 1455 2217 1526 qui
2264 1469 2373 1508 nou
2415 1453 2483 1506 ab
2528 1451 2863 1514 hominibus,
2911 1450 3004 1504 sed
3051 1451 3118 1505 ab
3160 1450 3279 1520 ipso
3322 1451 3478 1507 Patre

1903 1557 2102 1605 unctus
2133 1549 2222 1604 sit.
2254 1547 2414 1618 173
2445 1545 2585 1600 Dicit
2610 1559 2740 1616 ergo
2773 1561 2836 1600 ex
2866 1545 3014 1600 illius
3039 1560 3303 1614 persona:
3325 1544 3476 1617 (Spi.

1901 1644 2044 1697 ritus
2087 1641 2305 1695 Domini
2357 1655 2522 1710 super
2564 1654 2671 1703 me,
2719 1646 2942 1707 propter
2981 1639 3126 1708 quod
3172 1640 3331 1694 unxit
3373 1656 3478 1707 me,

1901 1737 2276 1808 evangelizare
2307 1734 2641 1804 pauperibus
2669 1732 2820 1787 misit
2853 1748 2960 1798 me,
2997 1746 3192 1788 sanare
3213 1735 3479 1790 contritos

205 1824 393 1897 ἱερεὺς
436 1827 516 1888 εἰς
547 1827 637 1878 τὸν
684 1826 854 1880 αἰῶνα
888 1824 1026 1879 κατὰ
1049 1825 1149 1898 τὴν
1189 1824 1344 1890 τάξιν
1381 1825 1734 1895 Μελχισεδέκ.
1771 1845 1788 1876 ι

1897 1829 2083 1894 corde,
2116 1828 2418 1900 prmdicare
2439 1825 2673 1896 captivis
2709 1825 3112 1890 remissionem,
3135 1835 3186 1882 et
3218 1828 3380 1883 caecis
3404 1827 3480 1883 vi-

204 1913 323 1968 Καὶ
361 1913 458 1968 θέα
494 1933 578 1984 γε,
609 1916 686 1980 ὼς
719 1918 778 1969 ἐν
825 1918 1034 1980 τούτοις
1074 1915 1260 1980 Δαὸὶδ,
1301 1915 1549 1986 βασιλεὺς
1590 1914 1665 1968 ὢν
1693 1915 1786 1968 τοῦ

204 2008 413 2072 παντὸς
451 2007 719 2080 Ἐϐραίων
754 2007 959 2072 ἔθνους,
999 2008 1094 2060 καὶ
1127 2006 1266 2078 πρὸς
1295 2008 1360 2076 τῇ
1402 2004 1649 2076 βασιλείᾳ
1673 2004 1802 2075 θείῳ

202 2101 350 2155 Πνεύ
359 2120 488 2172 ματι
514 2100 925 2172 κεκοσμημένος
935 2140 948 2161 ,
967 2097 1201 2153 τοιοῦτόν
1215 2114 1333 2150 τινα
1347 2096 1518 2167 μέγαν
1533 2097 1628 2149 καὶ
1641 2097 1803 2168 ὑπερ-

195 2197 361 2264 φυῶς
389 2196 692 2266 θαυμάσιον
721 2195 815 2248 τὸν
845 2193 980 2265 πρὸς
1012 2191 1177 2246 αὑτοῦ
1207 2190 1560 2262 δηλούμενον,
1605 2190 1698 2242 καὶ
1723 2189 1801 2260 τῷ

199 2283 478 2354 πνεύματι
533 2283 906 2355 θεωρούμενον
963 2281 1222 2347 συνεῖδεν,
1257 2281 1334 2345 ὡς
1384 2280 1590 2352 Κύριον
1637 2281 1798 2336 αὑτὸν

196 2375 403 2428 ἑαυτοῦ
423 2379 762 2447 προσειπεῖν.
780 2394 798 2427 ι
822 2372 957 2433 Εἷπε
998 2394 1015 2425 ν
1035 2374 1167 2446 γὰρ,
1186 2373 1342 2444 φησι,
1372 2392 1390 2424 ι
1417 2373 1607 2444 Κυρίῳ
1623 2390 1746 2443 μου.
1773 2391 1791 2424 ι

211 2468 379 2522 Ἀλλά
401 2469 496 2521 καὶ
526 2466 740 2522 αἰώνιον
764 2468 925 2520 αὑτὸν
965 2466 1227 2540 ἀρχιερέα
1247 2463 1377 2528 οἶδε,
1409 2466 1503 2518 καὶ
1529 2465 1680 2536 ἱερέα
1699 2463 1795 2517 τοῦ

191 2560 342 2614 Θεοῦ
367 2560 460 2614 τοῦ
482 2561 729 2630 ὑψίστου,
748 2561 841 2614 καὶ
861 2560 1148 2630 σύνθρονον
1170 2557 1263 2612 τοῦ
1284 2559 1378 2611 ἐπὶ
1394 2558 1610 2611 πάντων
1635 2555 1793 2618 Θεοῦ,

187 2653 296 2706 καὶ
317 2653 566 2724 γέννημα
589 2651 776 2707 αὑτοῦ.
803 2652 937 2722 Δίχα
955 2651 1012 2704 δὲ
1030 2650 1262 2723 χρίσεως
1289 2649 1550 2704 ἀδύνατον
1574 2644 1642 2720 ἦν
1662 2648 1793 2721 παρ’

203 2745 490 2817 Ἑϐραίοις
528 2745 775 2817 ἱερᾶσθαι
826 2744 905 2815 τῷ
951 2743 1104 2814 Θεῷ·
1162 2744 1353 2816 διόπερ
1399 2744 1495 2797 καὶ
1540 2745 1794 2817 χριστοὺς

186 2836 486 2908 ὀνομάζειν
520 2838 719 2901 αὑτοὺς
768 2836 977 2900 πάντας
1014 2831 1082 2908 ἧν
1130 2837 1314 2900 αὑτοῖς
1354 2837 1527 2906 φίλον.
1557 2835 1792 2907 Χριστὸς

187 2930 308 3000 ἄρα
343 2929 438 2982 καὶ
474 2931 502 2982 6
541 2930 600 2982 ὲν
637 2929 715 3000 τῷ
761 2928 960 3000 ψαλμῷ
1000 2927 1330 2999 δηλούμενος
1362 2929 1542 2999 ἱερεὺς
1574 2928 1658 2998 εῐη
1701 2926 1786 2980 ἄν.

187 3017 328 3082 Πῶς
355 3017 464 3090 γὰρ
493 3018 847 3092 ἐμαρτυρήθη
879 3019 1058 3090 ἱερεὺς
1074 3015 1234 3082 εἶναι,
1270 3018 1344 3091 μὴ
1372 3019 1492 3088 οὐχὶ
1525 3017 1790 3090 πρότερον

185 3111 436 3182 Χριστὸς
463 3111 732 3180 γεγονὼς;
786 3111 946 3166 Ἀλλά
995 3113 1088 3166 καὶ
1117 3114 1196 3177 είς
1231 3113 1322 3166 τὸν
1364 3113 1534 3166 αἰῶνα
1574 3113 1789 3183 λέγεται

188 3203 474 3274 ἱερᾶσθαι.
527 3203 698 3256 Τοῦτο
739 3204 784 3257 δ’
819 3205 996 3258 οὐκέτ’
1049 3204 1363 3278 ἀνθρωπεία
1409 3207 1568 3275 φύσει
1613 3208 1788 3279 ἐφαρ-
1817 3240 1858 3298 c

189 3295 389 3367 μόττοι
423 3295 507 3348 ἀν.
545 3296 618 3348 οὐ
652 3295 762 3368 γὰρ
786 3295 1075 3369 ἀνθρώπου
1111 3297 1172 3350 τὸ
1203 3298 1524 3363 διαιωνίζειν
1547 3339 1562 3362 ,
1603 3301 1788 3372 ἐπειδὴ

183 3390 392 3461 θνητὸν
419 3390 513 3443 καὶ
555 3390 816 3462 ἐπίκηρον
860 3391 922 3445 τὸ
954 3391 1074 3446 καθ’
1116 3394 1265 3464 ἡμᾶς
1305 3393 1479 3462 γένος.
1514 3395 1788 3466 Κρείττων

183 3485 306 3556 ἄρα
335 3500 418 3546 τις
444 3481 476 3552 ἦ
507 3485 630 3535 κατ’
654 3483 940 3555 ἄνθρωπον
973 3486 1002 3537 6
1037 3485 1364 3556 δηλούμενος
1390 3481 1458 3557 ἦν
1485 3489 1542 3540 ὲν
1577 3487 1788 3552 τούτοις

181 3576 381 3644 ἱερεὺς
413 3573 508 3627 τοῦ
548 3573 684 3627 Θεοῦ
730 3576 866 3646 μετὰ
911 3576 1076 3647 ὅρκου
1118 3576 1552 3642 διαϐεϐαιὼσεως
1585 3579 1785 3652 διαρκῆ

183 3668 290 3721 καὶ
320 3666 550 3739 ἄπειρον
585 3666 684 3738 τὴν
726 3667 1024 3740 ἱερωσύνην
1055 3669 1207 3742 παρὰ
1233 3669 1326 3722 τοῦ
1365 3670 1500 3723 Θεοῦ
1533 3671 1786 3744 δεδεγμέ-

182 3777 314 3824 νοςο
344 3778 363 3810 ι
391 3760 594 3830 Ὠμοσε
617 3780 634 3811 ι
652 3761 785 3830 γὰρ,
810 3761 964 3832 φησὶ,
990 3779 1008 3812 ι
1038 3761 1262 3833 Κύριος,
1281 3763 1372 3815 καὶ
1393 3763 1453 3815 ού
1473 3763 1783 3836 μεταμελη-

183 3854 459 3924 θήσεται,
490 3853 561 3905 Σὺ
617 3855 796 3925 ἱερεὺς
845 3858 927 3918 εις
968 3855 1059 3907 τδν
1095 3854 1266 3908 αίῶνα
1305 3855 1446 3908 κατά
1487 3856 1584 3927 τὴν
1631 3856 1784 3922 τάξιν

185 3946 558 4015 Μελχισεδέκ.
588 3963 606 3996 ι
645 3945 862 4017 Ἐπειδὴ
885 3945 994 4018 γὰρ
1024 3945 1114 4000 τὸν
1161 3947 1500 4018 Μελχισεδὲκ
1520 3948 1549 3999 6
1577 3949 1782 4019 Μωσῆς

183 4038 350 4109 ἱερέα
383 4037 478 4090 τοῦ
509 4036 644 4091 Θεοῦ
711 4037 934 4107 ὑψίστου
965 4038 1240 4107 γεγονέναι
1274 4040 1494 4111 ἱστορεῖ,
1531 4040 1590 4092 οὑ
1625 4041 1782 4111 μύρῳ

185 4129 482 4200 σκευαστῷ
520 4131 913 4202 κεχρισμένον,
949 4129 1082 4185 πολὺ
1120 4130 1383 4203 πρότερόν
1415 4148 1474 4184 τε
1509 4133 1609 4202 τῆς
1659 4134 1778 4185 κατ’

182 4221 363 4277 αὑτὸν
391 4223 710 4294 νομοθεσίας
757 4224 1046 4294 γενόμενον
1070 4223 1219 4296 ίερέα
1238 4223 1332 4276 τοῦ
1362 4223 1498 4277 Θεοῦ
1528 4224 1775 4294 ὑψίστου,

1905 1938 2027 1978 sum
2049 1922 2112 1975 ”.
2141 1941 2159 1973 ι
2182 1919 2424 1975 Primum
2455 1919 2618 1990 igitur
2643 1917 2747 1972 hoc
2769 1926 3048 1973 teneatur:
3081 1919 3298 1984 Isaiam,
3331 1921 3476 1976 sicut

1904 2011 2099 2076 David,
2133 2027 2294 2083 quem
2330 2017 2620 2065 venturum
2648 2010 2848 2065 dixerit
2873 2009 2940 2064 ad
2970 2010 3238 2078 homines,
3261 2021 3316 2066 et
3341 2029 3470 2082 pra:-

1912 2105 2223 2160 dicaturum
2262 2105 2495 2176 captivis
2535 2102 2938 2166 remissionem,
2981 2117 3043 2157 ac
3077 2103 3238 2159 caecis
3277 2105 3478 2169 visum,

1902 2195 2050 2250 hunc
2084 2209 2194 2248 non
2234 2200 2554 2264 comparato
2592 2201 2894 2262 unguento,
2923 2192 3019 2246 sed
3048 2207 3115 2247 eo
3143 2195 3290 2263 quod
3323 2195 3478 2265 inge-

1901 2287 2029 2342 nitae
2051 2297 2401 2357 paternae-que
2429 2291 2595 2354 atque
2621 2283 2769 2338 omni
2798 2283 3042 2338 bonitate
3072 2281 3288 2342 refertae
3305 2285 3480 2339 virtu-

1899 2380 1969 2434 tis
1993 2379 2065 2434 sit
2092 2379 2395 2449 proprium,
2419 2377 2696 2433 Christum
2727 2374 3025 2439 exstitisse,
3049 2376 3364 2430 vaticinari.
3399 2375 3478 2432 Ex

1898 2469 2138 2540 quadam
2170 2485 2300 2525 vero
2329 2468 2648 2539 prophetica
2692 2467 3114 2532 consuetudine,
3153 2467 3299 2538 quod
3331 2468 3476 2522 futu-

1898 2578 2018 2616 rum
2049 2568 2156 2626 est,
2207 2561 2474 2632 propheta
2516 2559 2676 2629 quasi
2717 2559 3053 2628 praeteritum
3099 2560 3372 2624 enuntiat,
3421 2570 3476 2616 et

1896 2664 2156 2725 tanquam
2189 2655 2256 2710 de
2283 2654 2464 2723 seipso
2490 2654 2824 2709 vaticinante
2855 2653 3150 2724 signiﬁcat.
3197 2653 3475 2711 Hactenus

1895 2747 2082 2817 igitur,
2110 2761 2206 2801 eos
2246 2745 2340 2815 qui
2378 2744 2450 2799 ab
2487 2745 2607 2814 ipso
2649 2744 2760 2800 Deo
2791 2753 2846 2799 et
2878 2759 2988 2798 non
3021 2745 3090 2799 ab
3131 2744 3470 2808 hominibus.

1894 2847 1948 2892 et
1986 2838 2181 2908 spiritu
2213 2837 2422 2902 divino,
2455 2852 2565 2892 non
2589 2836 2841 2892 confecto
2881 2839 3002 2891 oleo
3032 2845 3392 2907 ungerentur,
3415 2854 3476 2894 re

1892 2947 2021 2988 vera
2055 2932 2294 2988 christos
2323 2931 2594 2985 nominari
2626 2929 2945 2989 didicimus.
2977 2929 3085 2984 Sed
3111 2930 3223 2998 jam
3259 2938 3475 3002 tempus

1893 3032 1973 3080 est
2026 3032 2086 3078 ut
2125 3023 2449 3087 videamus,
2495 3021 2959 3093 quemadmodum
3012 3021 3196 3076 divina
3239 3023 3474 3093 quadam

1891 3117 2114 3183 virtute,
2149 3126 2203 3172 et
2241 3115 2623 3186 praestantiore
2654 3130 2817 3184 quam
2845 3111 3043 3169 natura
3071 3115 3313 3169 hominis
3347 3115 3474 3178 fert,

1892 3225 2080 3265 verum
2112 3207 2203 3263 Dei
2241 3207 2523 3263 Christum
2565 3207 2853 3272 exsistere,
2887 3205 3158 3261 Hebraica
3195 3206 3337 3260 ratio
3375 3207 3474 3261 do-

1891 3309 2031 3356 ceat.
2065 3300 2208 3355 Audi
2237 3315 2370 3369 ergo
2393 3313 2592 3353 rursus
2622 3295 2817 3361 David,
2842 3297 2937 3367 qui
2975 3306 3241 3352 aeternum
3277 3313 3472 3370 quem-

1889 3393 2015 3448 dam
2051 3392 2396 3449 sacerdotem
2444 3392 2651 3448 vidisse
2692 3406 2753 3446 se
2793 3391 2896 3458 ait,
2937 3400 3102 3462 atque
3119 3393 3264 3448 hunc
3289 3392 3473 3447 Domi-

1888 3502 2019 3540 num
2073 3501 2232 3542 suum
2281 3485 2540 3556 appellat,
2575 3491 2630 3540 et
2659 3483 2856 3540 sedere
2903 3485 3156 3540 eumdem
3200 3501 3325 3539 cum
3360 3483 3473 3538 Deo

1887 3574 2048 3631 Patre
2074 3575 2388 3638 conﬁtetur,
2412 3576 2468 3628 in
2505 3576 2718 3646 psalmo
2743 3590 2856 3641 crx,
2887 3575 2980 3630 ubi
3023 3575 3104 3631 sic
3135 3576 3273 3630 ait“
3299 3595 3312 3630 :
3335 3595 3357 3628 ‹
3380 3574 3471 3628 Di-

1886 3670 1968 3722 xit
2002 3668 2280 3734 Dominus
2325 3667 2560 3722 Domino
2588 3681 2712 3722 meo
2747 3686 2760 3722 :
2801 3666 2941 3722 Sede
2985 3680 3017 3721 a
3061 3667 3270 3723 dextris
3309 3670 3469 3729 meis.

1885 3761 2062 3816 donec
2101 3776 2300 3831 ponam
2333 3761 2591 3816 inimicos
2624 3767 2752 3815 tuos
2795 3760 3095 3815 scabellum
3116 3759 3316 3830 pedum
3346 3769 3470 3816 tuo-

1886 3868 2028 3907 rum.
2064 3851 2285 3922 Virgam
2320 3851 2540 3906 virtutis
2567 3850 2782 3906 emittet
2807 3850 2904 3905 tibi
2931 3849 3197 3906 Dominus
3214 3866 3278 3906 ex
3309 3850 3464 3917 Sion,

1881 3955 1936 4002 et
1955 3946 2324 4001 dominaberis
2346 3946 2401 3999 in
2418 3945 2598 4000 medio
2630 3943 2980 3998 inimicorum
3003 3954 3252 4011 tuorum;
3286 3953 3465 4000 tecum

1883 4037 2212 4108 principium
2244 4037 2299 4091 in
2334 4038 2423 4092 die
2442 4037 2661 4092 virtutis
2692 4043 2820 4100 tuae,
2847 4035 2900 4089 in
2927 4035 3313 4106 splendoribus
3337 4053 3462 4093 san-

1881 4136 2096 4182 ctorum
2117 4137 2360 4194 tuorum,
2397 4145 2464 4183 ex
2501 4139 2658 4183 utero
2682 4136 2810 4183 ante
2840 4127 3153 4183 Luciferum
3181 4129 3340 4200 genui
3370 4139 3422 4186 te
3447 4147 3464 4186 :

1875 4220 2083 4290 juravit
2109 4220 2393 4284 Dominus,
2419 4228 2474 4275 et
2504 4236 2614 4275 non
2650 4220 2936 4289 paenitebit
2966 4239 2982 4274 :
3020 4225 3079 4274 tu
3108 4235 3169 4276 es
3205 4223 3466 4279 sacerdos

179 4315 287 4368 καὶ
313 4315 459 4368 κατὰ
492 4315 627 4369 πολὺ
662 4316 946 4386 κρείττονα
972 4316 1070 4387 τὴν
1098 4316 1298 4388 ἀρετὴν
1321 4316 1414 4370 τοῦ
1444 4316 1606 4388 βεὸοη
1615 4316 1775 4388 μένου

1892 4317 1936 4368 ιη
1979 4325 2245 4370 aeternum
2284 4316 2589 4370 secundum
2626 4313 2874 4368 ordinem
2916 4311 3298 4368 Melchisedec.
3347 4335 3365 4366 ι
3399 4314 3465 4370 Et

195 4402 492 4475 Ἀδραάμο
534 4404 680 4473 λέγει
708 4405 752 4458 δ’
788 4401 914 4460 οῦν·
958 4423 977 4456 ι
1005 4407 1115 4458 Καὶ
1153 4407 1486 4477 Μελχισεδὲκ
1525 4405 1777 4478 βασιλεὺς

1892 4420 2011 4462 sane
2054 4407 2266 4476 inspice
2311 4405 2774 4477 quemadmodum
2813 4405 2869 4459 in
2911 4405 2998 4460 his
3033 4405 3219 4463 verbis
3260 4405 3460 4468 David.

179 4495 425 4566 Σαλὴμ,
475 4497 653 4568 ἱερεὺς
710 4497 804 4550 τοῦ
852 4497 986 4550 Θεοῦ
1054 4497 1313 4569 ὑψίστου,
1371 4499 1630 4570 εὐλόγησε
1684 4501 1773 4554 τὸν

1892 4498 1973 4568 ιιιί
2017 4497 2188 4553 totius
2225 4497 2513 4552 Hebraicas
2543 4497 2722 4568 gentis
2751 4509 2850 4551 rex
2883 4503 3025 4562 erat,
3059 4505 3115 4552 et
3145 4506 3342 4568 praeter
3371 4513 3461 4552 re-

192 4587 497 4659 Ἀΰραάμο
530 4608 548 4639 ι
598 4589 768 4660 χωρὶς
813 4589 869 4643 δὲ
924 4589 1105 4662 πάσης
1160 4591 1497 4660 ἀντιλογίας,
1545 4594 1708 4664 φησὶν
1751 4595 1780 4648 6

1892 4590 2058 4660 galem
2109 4588 2432 4660 dignitatem
2494 4591 2661 4645 etiam
2717 4589 2903 4644 divino
2949 4587 3161 4660 Spiritu
3206 4599 3458 4653 ornatus,

192 4679 546 4744 ’Δπόστολος,
582 4681 642 4733 τὸ
665 4679 883 4734 ἔλαττον
909 4680 1014 4734 ὑπὸ
1053 4679 1146 4734 τοῦ
1188 4681 1493 4754 κρείττονος
1533 4683 1772 4752 εὐλογεῖ-

176 4787 310 4824 ται·
344 4770 472 4822 ἐπεὶ
508 4770 699 4828 τοίνυν,
730 4772 824 4824 καὶ
862 4773 891 4823 6
935 4771 1302 4843 Μελχισεδὲκ,
1352 4773 1502 4837 ὅστις
1544 4774 1673 4827 ποτὲ
1705 4770 1773 4845 ἦν

177 4868 420 4930 ἐκεῖνος,
441 4863 682 4926 τοιοῦτος
704 4865 972 4936 εἰσῆκταξ,
995 4868 1056 4920 οὗ
1081 4869 1369 4940 ,σκευαστῷ
1402 4870 1558 4942 μύρῳ
1588 4888 1774 4944 “19"

179 4959 411 5029 σμένος,
445 4957 738 5029 ἱερωμένος
763 4958 821 5012 δὲ
843 4959 921 5030 τῷ
956 4960 1166 5031 ὑψίστῳ
1195 4959 1332 5032 Θεῷ,
1365 4963 1589 5026 εἰκότως
1619 4965 1712 5016 καὶ
1743 4965 1772 5016 6

174 5050 275 5104 διὰ
299 5046 398 5101 τοῦ
430 5047 592 5101 Δασὶδ
614 5049 1090 5120 προφητευόμενος
1113 5049 1254 5103 κατὰ
1278 5050 1374 5122 τὴν
1393 5052 1544 5119 τάξιν
1573 5053 1772 5124 Μελχι-

178 5143 349 5197 σεδὲκ
375 5141 656 5214 ἀνείρηται
685 5142 858 5212 μέγας
886 5159 970 5205 τις
994 5141 1068 5195 ὣν
1101 5143 1194 5194 καὶ
1222 5144 1430 5208 πάντας
1460 5145 1768 5217 ὑπερϐεϐη-

178 5235 299 5300 κὼς
333 5235 435 5306 τὴν
482 5237 675 5305 φύσιν.
707 5236 783 5299 ὡς
827 5237 892 5290 ἂν
942 5235 1119 5307 ἱερεὺς
1165 5235 1238 5289 ὣν
1270 5236 1364 5290 τοῦ
1410 5238 1502 5291 ἐπὶ
1553 5239 1771 5294 πάντων

175 5328 347 5391 Θεοῦ,
378 5330 472 5382 καὶ
502 5329 600 5398 τῆς
629 5329 924 5401 ἀγεννῆτου
949 5328 1230 5400 δυνάμεως
1265 5330 1571 5402 σύνθρονος,
1593 5331 1686 5385 τοῦ
1709 5349 1767 5385 τε

178 5422 468 5494 προφήτου
528 5422 621 5474 καὶ
683 5421 946 5492 βασιλέως
987 5421 1226 5493 Κύριος·
1279 5423 1372 5475 καὶ
1436 5424 1614 5494 ἱερεὺς
1671 5424 1768 5494 οὑχ

177 5514 403 5576 ἁπλῶς,
442 5513 558 5566 ἀλλ’
600 5514 829 5577 αἰωνίως
874 5515 966 5568 τοῦ
1022 5514 1252 5586 Πατρός.
1291 5514 1454 5583 Λέγει
1496 5515 1553 5568 δὲ
1600 5517 1694 5570 καὶ
1741 5520 1770 5570 6

176 5606 324 5669 θεῖος
352 5605 670 5670 ἀπόστολος,
685 5605 953 5671 ἐξετάζων
979 5607 1045 5660 τὰ
1072 5607 1209 5661 κατά
1224 5607 1350 5672 τοὺς
1375 5609 1572 5672 τόπους
1591 5627 1602 5638 ·
1638 5629 1654 5660 ι
1680 5611 1770 5662 Ἑν

251 5703 298 5734 ³³
347 5703 456 5758 lsa.
489 5717 601 5764 ut,
631 5703 683 5756 1.
761 5704 806 5734 ³⁸
836 5702 990 5758 Vers.
1017 5705 1124 5758 14.
1545 5685 1549 5688 ί

254 5794 367 5864 (ιγ
395 5796 736 5860 Ανθρωπον.
765 5789 926 5846 Forte
958 5793 1375 5865 ἀνθρώπων,γρ1
1399 5791 1754 5865 ἀνθρώπειον,
1781 5806 1788 5842 ι

1892 5793 2032 5844 lauto
2060 5789 2226 5845 infra.
2264 5787 2421 5845 Eutr.

506 5889 780 5948 Ρλτιιοι.
824 5887 940 5948 Cu.
988 5888 1190 5948 XXII.

1881 4683 2162 4755 agnoverit
2207 4681 2496 4753 quemdam
2548 4683 2621 4736 ita
2670 4697 2949 4753 magnum,
2993 4689 3156 4752 atque
3193 4683 3270 4737 ita
3293 4699 3461 4754 supra

1880 4777 2104 4831 modum
2135 4774 2674 4841 admirabilem,eum
2697 4775 2883 4844 utique
2903 4773 2970 4828 de
2997 4789 3108 4844 quo
3136 4774 3253 4844 ipse
3280 4773 3460 4844 loqui-

1881 4876 1993 4933 tur,
2025 4876 2078 4923 et
2103 4881 2263 4938 quem
2301 4867 2356 4920 in
2386 4866 2582 4936 Spiritu
2613 4864 2845 4929 viderat,
2877 4873 2938 4920 ut
2973 4863 3263 4919 Dominum
3306 4865 3458 4921 illum

1877 4975 2037 5015 suum
2081 4959 2335 5029 appellet.
2366 4977 2385 5008 ε
2433 4957 2580 5011 Dixit
2629 4975 2648 5008 ι
2698 4957 2879 5023 enim,
2923 4957 3137 5027 inquit,
3167 4975 3188 5008 ι
3226 4957 3462 5012 Domino

1876 5067 2016 5106 meo.
2049 5070 2068 5104 ι
2092 5051 2235 5117 Quin
2255 5051 2418 5106 etiam
2440 5049 2752 5120 pontiﬁcem
2791 5059 3050 5104 aeternum
3087 5050 3338 5106 eumdem
3372 5052 3460 5106 iu-

1876 5145 2088 5215 telligit,
2120 5152 2174 5198 et
2201 5144 2540 5199 sacerdotem
2571 5143 2666 5198 Dei
2701 5141 2974 5207 altissimi,
2999 5148 3052 5197 et
3073 5157 3464 5200 consessorem

1878 5236 1974 5291 Dei
2006 5235 2186 5291 Patris
2217 5245 2272 5291 et
2299 5236 2507 5305 prolem
2544 5235 2812 5306 ejusdem.
2845 5233 3014 5305 Atqui
3045 5235 3166 5290 sine
3197 5236 3457 5291 unctione

1878 5329 1997 5384 ﬁeri
2026 5329 2287 5384 sacerdos
2328 5328 2421 5384 Dei
2454 5329 2598 5398 apud
2627 5328 2890 5384 llebraaos
2913 5341 3078 5382 nemo
3102 5341 3332 5398 prorsus
3358 5343 3457 5398 po-

1873 5429 2050 5486 terat;
2081 5421 2340 5490 quocirca
2368 5419 2492 5476 illos
2511 5436 2702 5476 omnes
2717 5419 3002 5474 nominare
3022 5419 3263 5474 christos
3291 5417 3444 5474 iidem

1877 5516 2112 5571 libenter
2170 5523 2580 5570 consueverunt
2627 5530 2640 5565 :
2687 5511 2960 5568 Christus
3003 5526 3134 5581 ergo
3191 5509 3356 5566 etiam
3407 5509 3455 5564 is

1877 5608 2064 5678 utique
2130 5607 2200 5662 de
2251 5623 2361 5677 quo
2408 5607 2649 5678 loquitur
2707 5605 2952 5676 psalmus
3017 5601 3278 5659 sacerdos
3323 5600 3448 5652 erit.

3057 5879 3136 5940 10
