  <div class='ocr_page' id='page_1' title='image "/cluster/home/n/w/nwhite01/storage/ocr_20150623/22/nnc1.0046978372/165.png"; bbox 0 0 3846 6218; ppageno 0'>
   <div class='ocr_carea' id='block_1_1' title="bbox 367 301 475 356">
    <p class='ocr_par' dir='ltr' id='par_1_1' title="bbox 367 301 475 356">
     <span class='ocr_line' id='line_1_1' title="bbox 367 301 475 356; baseline -0.019 0"><span class='ocrx_word' id='word_1_1' title='bbox 367 301 475 356; x_wconf 70' lang='grc'><strong>299</strong></span> 
     </span>
    </p>
   </div>
   <div class='ocr_carea' id='block_1_2' title="bbox 1045 297 2992 358">
    <p class='ocr_par' dir='ltr' id='par_1_2' title="bbox 1045 297 2992 358">
     <span class='ocr_line' id='line_1_2' title="bbox 1045 297 2992 358; baseline 0.003 -6"><span class='ocrx_word' id='word_1_2' title='bbox 1045 297 1316 354; x_wconf 81' lang='lat' dir='ltr'><strong>EUSEBII</strong></span> <span class='ocrx_word' id='word_1_3' title='bbox 1353 297 1836 353; x_wconf 68' lang='lat' dir='ltr'><strong>CASSAIUENSLS</strong></span> <span class='ocrx_word' id='word_1_4' title='bbox 1881 298 2030 353; x_wconf 85' lang='lat' dir='ltr'><strong>OPP.</strong></span> <span class='ocrx_word' id='word_1_5' title='bbox 2065 298 2266 354; x_wconf 78' lang='lat' dir='ltr'><strong>PARS.</strong></span> <span class='ocrx_word' id='word_1_6' title='bbox 2303 301 2450 352; x_wconf 87' lang='lat' dir='ltr'><strong>ll.-—</strong></span> <span class='ocrx_word' id='word_1_7' title='bbox 2492 300 2992 358; x_wconf 69' lang='lat' dir='ltr'><strong>APOLOGETlllA.</strong></span> 
     </span>
    </p>
   </div>
   <div class='ocr_carea' id='block_1_3' title="bbox 3527 309 3633 363">
    <p class='ocr_par' dir='ltr' id='par_1_3' title="bbox 3527 309 3633 363">
     <span class='ocr_line' id='line_1_3' title="bbox 3527 309 3633 363; baseline 0 -1"><span class='ocrx_word' id='word_1_8' title='bbox 3527 309 3633 363; x_wconf 76' lang='lat'><strong>500</strong></span> 
     </span>
    </p>
   </div>
   <div class='ocr_carea' id='block_1_4' title="bbox 378 409 1937 494">
    <p class='ocr_par' dir='ltr' id='par_1_4' title="bbox 378 415 1937 488">
     <span class='ocr_line' id='line_1_4' title="bbox 378 415 1937 488; baseline -0.002 -17"><span class='ocrx_word' id='word_1_9' title='bbox 378 418 536 488; x_wconf 80' lang='lat'><strong>177</strong></span> <span class='ocrx_word' id='word_1_10' title='bbox 567 416 852 482; x_wconf 80' lang='lat' dir='ltr'><strong>Quomodo</strong></span> <span class='ocrx_word' id='word_1_11' title='bbox 886 417 1031 471; x_wconf 88' lang='lat' dir='ltr'><strong>enim</strong></span> <span class='ocrx_word' id='word_1_12' title='bbox 1071 417 1388 471; x_wconf 89' lang='lat' dir='ltr'><strong>testimonio</strong></span> <span class='ocrx_word' id='word_1_13' title='bbox 1432 415 1714 485; x_wconf 74' lang='lat' dir='ltr'><strong>propheta:</strong></span> <span class='ocrx_word' id='word_1_14' title='bbox 1764 431 1937 470; x_wconf 86' lang='lat' dir='ltr'><strong>sacer-</strong></span> 
     </span>
    </p>
   </div>
   <div class='ocr_carea' id='block_1_5' title="bbox 2040 409 3632 494">
    <p class='ocr_par' dir='ltr' id='par_1_5' title="bbox 2050 409 3632 490">
     <span class='ocr_line' id='line_1_5' title="bbox 2050 409 3632 490; baseline 0.004 -21"><span class='ocrx_word' id='word_1_15' title='bbox 2050 409 2094 484; x_wconf 82' lang='grc' dir='ltr'><strong>ᾧ</strong></span> <span class='ocrx_word' id='word_1_16' title='bbox 2143 417 2526 490; x_wconf 86' lang='grc' dir='ltr'>περισσότερον</span> <span class='ocrx_word' id='word_1_17' title='bbox 2585 418 2908 490; x_wconf 85' lang='grc' dir='ltr'>βουλόμενος</span> <span class='ocrx_word' id='word_1_18' title='bbox 2939 420 2969 472; x_wconf 89' lang='lat'><strong>6</strong></span> <span class='ocrx_word' id='word_1_19' title='bbox 3009 419 3140 482; x_wconf 69' lang='grc' dir='ltr'>Θεὸς</span> <span class='ocrx_word' id='word_1_20' title='bbox 3198 419 3461 485; x_wconf 79' lang='grc' dir='ltr'>ἐπιδεῖξαι</span> <span class='ocrx_word' id='word_1_21' title='bbox 3517 426 3632 487; x_wconf 87' lang='grc' dir='ltr'><strong>τοίς</strong></span> 
     </span>
    </p>
   </div>
   <div class='ocr_carea' id='block_1_6' title="bbox 371 507 1948 578">
    <p class='ocr_par' dir='ltr' id='par_1_6' title="bbox 371 507 1948 578">
     <span class='ocr_line' id='line_1_6' title="bbox 371 507 1948 578; baseline -0.001 -15"><span class='ocrx_word' id='word_1_22' title='bbox 371 507 475 564; x_wconf 84' lang='lat' dir='ltr'><strong>dos</strong></span> <span class='ocrx_word' id='word_1_23' title='bbox 507 524 628 563; x_wconf 85' lang='lat' dir='ltr'><strong>esse</strong></span> <span class='ocrx_word' id='word_1_24' title='bbox 662 509 958 570; x_wconf 74' lang='lat' dir='ltr'><strong>diceretur,</strong></span> <span class='ocrx_word' id='word_1_25' title='bbox 993 507 1099 562; x_wconf 83' lang='lat' dir='ltr'><strong>nisi</strong></span> <span class='ocrx_word' id='word_1_26' title='bbox 1131 508 1273 562; x_wconf 85' lang='lat' dir='ltr'><strong>idem</strong></span> <span class='ocrx_word' id='word_1_27' title='bbox 1316 508 1470 578; x_wconf 91' lang='lat' dir='ltr'><strong>prius</strong></span> <span class='ocrx_word' id='word_1_28' title='bbox 1503 507 1759 562; x_wconf 77' lang='lat' dir='ltr'><strong>Christus</strong></span> <span class='ocrx_word' id='word_1_29' title='bbox 1782 508 1948 562; x_wconf 80' lang='lat' dir='ltr'><strong>exsti-</strong></span> 
     </span>
    </p>
   </div>
   <div class='ocr_carea' id='block_1_7' title="bbox 371 599 1948 657">
    <p class='ocr_par' dir='ltr' id='par_1_7' title="bbox 371 599 1948 657">
     <span class='ocr_line' id='line_1_7' title="bbox 371 599 1948 657; baseline -0.002 -2"><span class='ocrx_word' id='word_1_30' title='bbox 371 601 572 657; x_wconf 83' lang='lat' dir='ltr'><strong>tisset?</strong></span> <span class='ocrx_word' id='word_1_31' title='bbox 606 599 712 655; x_wconf 86' lang='lat' dir='ltr'><strong>Sed</strong></span> <span class='ocrx_word' id='word_1_32' title='bbox 741 600 904 655; x_wconf 89' lang='lat' dir='ltr'><strong>etiam</strong></span> <span class='ocrx_word' id='word_1_33' title='bbox 933 600 987 652; x_wconf 93' lang='lat' dir='ltr'><strong>in</strong></span> <span class='ocrx_word' id='word_1_34' title='bbox 1016 607 1280 653; x_wconf 80' lang='lat' dir='ltr'><strong>aeternum</strong></span> <span class='ocrx_word' id='word_1_35' title='bbox 1331 599 1589 654; x_wconf 83' lang='lat' dir='ltr'><strong>sacerdos</strong></span> <span class='ocrx_word' id='word_1_36' title='bbox 1637 614 1761 654; x_wconf 83' lang='lat' dir='ltr'><strong>esse</strong></span> <span class='ocrx_word' id='word_1_37' title='bbox 1809 599 1948 653; x_wconf 89' lang='lat' dir='ltr'><strong>dici-</strong></span> 
     </span>
    </p>
   </div>
   <div class='ocr_carea' id='block_1_8' title="bbox 373 692 1948 762">
    <p class='ocr_par' dir='ltr' id='par_1_8' title="bbox 373 692 1948 762">
     <span class='ocr_line' id='line_1_8' title="bbox 373 692 1948 762; baseline -0.002 -13"><span class='ocrx_word' id='word_1_38' title='bbox 373 701 486 750; x_wconf 92' lang='lat' dir='ltr'><strong>tur.</strong></span> <span class='ocrx_word' id='word_1_39' title='bbox 514 693 685 750; x_wconf 87' lang='lat' dir='ltr'><strong>Porro</strong></span> <span class='ocrx_word' id='word_1_40' title='bbox 716 693 821 748; x_wconf 90' lang='lat' dir='ltr'><strong>hoc</strong></span> <span class='ocrx_word' id='word_1_41' title='bbox 849 693 1086 762; x_wconf 83' lang='lat' dir='ltr'><strong>amplius</strong></span> <span class='ocrx_word' id='word_1_42' title='bbox 1110 701 1320 746; x_wconf 69' lang='lat' dir='ltr'><strong>natura:</strong></span> <span class='ocrx_word' id='word_1_43' title='bbox 1353 692 1606 746; x_wconf 66' lang='lat' dir='ltr'><strong>humanae</strong></span> <span class='ocrx_word' id='word_1_44' title='bbox 1639 706 1948 747; x_wconf 87' lang='lat' dir='ltr'><strong>accommo—</strong></span> 
     </span>
    </p>
   </div>
   <div class='ocr_carea' id='block_1_9' title="bbox 371 778 1945 854">
    <p class='ocr_par' dir='ltr' id='par_1_9' title="bbox 371 778 1945 854">
     <span class='ocr_line' id='line_1_9' title="bbox 371 778 1945 854; baseline -0.004 -13"><span class='ocrx_word' id='word_1_45' title='bbox 371 786 490 842; x_wconf 88' lang='lat' dir='ltr'><strong>dari</strong></span> <span class='ocrx_word' id='word_1_46' title='bbox 535 778 644 840; x_wconf 78' lang='lat' dir='ltr'><strong>noh</strong></span> <span class='ocrx_word' id='word_1_47' title='bbox 688 790 868 854; x_wconf 85' lang='lat' dir='ltr'><strong>potest</strong></span> <span class='ocrx_word' id='word_1_48' title='bbox 917 801 931 837; x_wconf 89' lang='lat'>:</span> <span class='ocrx_word' id='word_1_49' title='bbox 992 797 1169 851; x_wconf 88' lang='lat' dir='ltr'><strong>neque</strong></span> <span class='ocrx_word' id='word_1_50' title='bbox 1212 782 1357 836; x_wconf 89' lang='lat' dir='ltr'><strong>enim</strong></span> <span class='ocrx_word' id='word_1_51' title='bbox 1402 781 1641 854; x_wconf 84' lang='lat' dir='ltr'><strong>hominis</strong></span> <span class='ocrx_word' id='word_1_52' title='bbox 1681 789 1945 837; x_wconf 68' lang='lat' dir='ltr'><strong>aeternum</strong></span> 
     </span>
    </p>
   </div>
   <div class='ocr_carea' id='block_1_10' title="bbox 371 873 1945 947">
    <p class='ocr_par' dir='ltr' id='par_1_10' title="bbox 371 873 1945 947">
     <span class='ocr_line' id='line_1_10' title="bbox 371 873 1945 947; baseline -0.002 -16"><span class='ocrx_word' id='word_1_53' title='bbox 371 877 594 941; x_wconf 89' lang='lat' dir='ltr'><strong>durare,</strong></span> <span class='ocrx_word' id='word_1_54' title='bbox 626 876 886 947; x_wconf 90' lang='lat' dir='ltr'><strong>quoniam</strong></span> <span class='ocrx_word' id='word_1_55' title='bbox 920 874 1152 928; x_wconf 83' lang='lat' dir='ltr'><strong>mortale</strong></span> <span class='ocrx_word' id='word_1_56' title='bbox 1178 883 1233 928; x_wconf 88' lang='lat' dir='ltr'><strong>et</strong></span> <span class='ocrx_word' id='word_1_57' title='bbox 1279 873 1470 944; x_wconf 79' lang='lat' dir='ltr'><strong>fragile</strong></span> <span class='ocrx_word' id='word_1_58' title='bbox 1507 874 1668 943; x_wconf 84' lang='lat' dir='ltr'><strong>plane</strong></span> <span class='ocrx_word' id='word_1_59' title='bbox 1697 881 1945 929; x_wconf 90' lang='lat' dir='ltr'><strong>nostrum</strong></span> 
     </span>
    </p>
   </div>
   <div class='ocr_carea' id='block_1_11' title="bbox 369 966 1948 1040">
    <p class='ocr_par' dir='ltr' id='par_1_11' title="bbox 369 966 1948 1040">
     <span class='ocr_line' id='line_1_11' title="bbox 369 966 1948 1040; baseline -0.004 -14"><span class='ocrx_word' id='word_1_60' title='bbox 369 978 454 1026; x_wconf 80' lang='lat' dir='ltr'><strong>est</strong></span> <span class='ocrx_word' id='word_1_61' title='bbox 485 985 678 1040; x_wconf 87' lang='lat' dir='ltr'><strong>genus.</strong></span> <span class='ocrx_word' id='word_1_62' title='bbox 715 967 1082 1022; x_wconf 82' lang='lat' dir='ltr'><strong>Excellentior</strong></span> <span class='ocrx_word' id='word_1_63' title='bbox 1113 982 1246 1036; x_wconf 88' lang='lat' dir='ltr'><strong>ergo</strong></span> <span class='ocrx_word' id='word_1_64' title='bbox 1273 966 1544 1036; x_wconf 87' lang='lat' dir='ltr'><strong>quispiam</strong></span> <span class='ocrx_word' id='word_1_65' title='bbox 1579 981 1743 1034; x_wconf 88' lang='lat' dir='ltr'><strong>quam</strong></span> <span class='ocrx_word' id='word_1_66' title='bbox 1775 973 1835 1019; x_wconf 92' lang='lat' dir='ltr'><strong>ut</strong></span> <span class='ocrx_word' id='word_1_67' title='bbox 1870 967 1948 1020; x_wconf 92' lang='lat' dir='ltr'><strong>in-</strong></span> 
     </span>
    </p>
   </div>
   <div class='ocr_carea' id='block_1_12' title="bbox 369 1056 1946 1125">
    <p class='ocr_par' dir='ltr' id='par_1_12' title="bbox 369 1056 1946 1125">
     <span class='ocr_line' id='line_1_12' title="bbox 369 1056 1946 1125; baseline -0.003 -10"><span class='ocrx_word' id='word_1_68' title='bbox 369 1070 454 1115; x_wconf 86' lang='lat' dir='ltr'><strong>tra</strong></span> <span class='ocrx_word' id='word_1_69' title='bbox 489 1059 728 1114; x_wconf 89' lang='lat' dir='ltr'><strong>hominis</strong></span> <span class='ocrx_word' id='word_1_70' title='bbox 761 1068 1012 1112; x_wconf 86' lang='lat' dir='ltr'><strong>naturam</strong></span> <span class='ocrx_word' id='word_1_71' title='bbox 1045 1059 1317 1112; x_wconf 88' lang='lat' dir='ltr'><strong>consistat</strong></span> <span class='ocrx_word' id='word_1_72' title='bbox 1346 1058 1414 1121; x_wconf 90' lang='lat' dir='ltr'><strong>is,</strong></span> <span class='ocrx_word' id='word_1_73' title='bbox 1442 1057 1533 1125; x_wconf 90' lang='lat' dir='ltr'><strong>qui</strong></span> <span class='ocrx_word' id='word_1_74' title='bbox 1562 1057 1615 1110; x_wconf 91' lang='lat' dir='ltr'><strong>in</strong></span> <span class='ocrx_word' id='word_1_75' title='bbox 1647 1057 1731 1112; x_wconf 89' lang='lat' dir='ltr'><strong>his</strong></span> <span class='ocrx_word' id='word_1_76' title='bbox 1761 1056 1946 1111; x_wconf 83' lang='lat' dir='ltr'><strong>verbis</strong></span> 
     </span>
    </p>
   </div>
   <div class='ocr_carea' id='block_1_13' title="bbox 368 1149 1947 1222">
    <p class='ocr_par' dir='ltr' id='par_1_13' title="bbox 368 1149 1947 1222">
     <span class='ocr_line' id='line_1_13' title="bbox 368 1149 1947 1222; baseline -0.004 -14"><span class='ocrx_word' id='word_1_77' title='bbox 368 1153 734 1222; x_wconf 79' lang='lat' dir='ltr'><strong>signiﬁcatur,</strong></span> <span class='ocrx_word' id='word_1_78' title='bbox 789 1152 882 1205; x_wconf 88' lang='lat' dir='ltr'><strong>Dei</strong></span> <span class='ocrx_word' id='word_1_79' title='bbox 935 1151 1196 1206; x_wconf 85' lang='lat' dir='ltr'><strong>sacerdos</strong></span> <span class='ocrx_word' id='word_1_80' title='bbox 1243 1152 1368 1214; x_wconf 70' lang='lat' dir='ltr'><strong>erit,</strong></span> <span class='ocrx_word' id='word_1_81' title='bbox 1411 1151 1503 1220; x_wconf 87' lang='lat' dir='ltr'><strong>qui</strong></span> <span class='ocrx_word' id='word_1_82' title='bbox 1539 1163 1665 1203; x_wconf 91' lang='lat' dir='ltr'><strong>cum</strong></span> <span class='ocrx_word' id='word_1_83' title='bbox 1715 1149 1947 1218; x_wconf 83' lang='lat' dir='ltr'><strong>juristh-</strong></span> 
     </span>
    </p>
   </div>
   <div class='ocr_carea' id='block_1_14' title="bbox 367 1242 1946 1313">
    <p class='ocr_par' dir='ltr' id='par_1_14' title="bbox 367 1242 1946 1313">
     <span class='ocr_line' id='line_1_14' title="bbox 367 1242 1946 1313; baseline -0.003 -13"><span class='ocrx_word' id='word_1_84' title='bbox 367 1247 526 1302; x_wconf 88' lang='lat' dir='ltr'><strong>randi</strong></span> <span class='ocrx_word' id='word_1_85' title='bbox 555 1245 937 1307; x_wconf 79' lang='lat' dir='ltr'><strong>allirmatione,</strong></span> <span class='ocrx_word' id='word_1_86' title='bbox 981 1251 1247 1313; x_wconf 87' lang='lat' dir='ltr'><strong>perpetuo</strong></span> <span class='ocrx_word' id='word_1_87' title='bbox 1276 1242 1602 1297; x_wconf 87' lang='lat' dir='ltr'><strong>duraturum</strong></span> <span class='ocrx_word' id='word_1_88' title='bbox 1633 1251 1796 1312; x_wconf 85' lang='lat' dir='ltr'><strong>atque</strong></span> <span class='ocrx_word' id='word_1_89' title='bbox 1823 1243 1946 1296; x_wconf 88' lang='lat' dir='ltr'><strong>inli-</strong></span> 
     </span>
    </p>
   </div>
   <div class='ocr_carea' id='block_1_15' title="bbox 365 1332 1941 1400">
    <p class='ocr_par' dir='ltr' id='par_1_15' title="bbox 365 1332 1941 1400">
     <span class='ocr_line' id='line_1_15' title="bbox 365 1332 1941 1400; baseline -0.003 -10"><span class='ocrx_word' id='word_1_90' title='bbox 365 1338 540 1390; x_wconf 90' lang='lat' dir='ltr'><strong>nitum</strong></span> <span class='ocrx_word' id='word_1_91' title='bbox 560 1333 919 1390; x_wconf 83' lang='lat' dir='ltr'><strong>sacerdotium</strong></span> <span class='ocrx_word' id='word_1_92' title='bbox 942 1347 971 1385; x_wconf 88' lang='lat' dir='ltr'><strong>a</strong></span> <span class='ocrx_word' id='word_1_93' title='bbox 997 1332 1105 1386; x_wconf 87' lang='lat' dir='ltr'><strong>Deo</strong></span> <span class='ocrx_word' id='word_1_94' title='bbox 1127 1333 1415 1400; x_wconf 78' lang='lat' dir='ltr'><strong>acceperit.</strong></span> <span class='ocrx_word' id='word_1_95' title='bbox 1442 1351 1460 1383; x_wconf 70' lang='grc' dir='ltr'><strong>ι</strong></span> <span class='ocrx_word' id='word_1_96' title='bbox 1490 1332 1702 1387; x_wconf 86' lang='lat' dir='ltr'><strong>Juravit</strong></span> <span class='ocrx_word' id='word_1_97' title='bbox 1732 1354 1747 1385; x_wconf 74' lang='grc' dir='ltr'><strong><em>υ</em></strong></span> <span class='ocrx_word' id='word_1_98' title='bbox 1774 1333 1941 1395; x_wconf 91' lang='lat' dir='ltr'><strong>enim,</strong></span> 
     </span>
    </p>
   </div>
   <div class='ocr_carea' id='block_1_16' title="bbox 366 1425 1945 1498">
    <p class='ocr_par' dir='ltr' id='par_1_16' title="bbox 366 1425 1945 1498">
     <span class='ocr_line' id='line_1_16' title="bbox 366 1425 1945 1498; baseline -0.003 -15"><span class='ocrx_word' id='word_1_99' title='bbox 366 1429 565 1498; x_wconf 87' lang='lat' dir='ltr'><strong>inquit,</strong></span> <span class='ocrx_word' id='word_1_100' title='bbox 591 1447 609 1478; x_wconf 76' lang='grc' dir='ltr'>σ</span> <span class='ocrx_word' id='word_1_101' title='bbox 639 1427 924 1490; x_wconf 90' lang='lat' dir='ltr'><strong>Dominus,</strong></span> <span class='ocrx_word' id='word_1_102' title='bbox 959 1435 1014 1479; x_wconf 89' lang='lat' dir='ltr'><strong>ct</strong></span> <span class='ocrx_word' id='word_1_103' title='bbox 1048 1440 1156 1478; x_wconf 90' lang='lat' dir='ltr'><strong>non</strong></span> <span class='ocrx_word' id='word_1_104' title='bbox 1190 1425 1474 1494; x_wconf 84' lang='lat' dir='ltr'><strong>pmnitebit</strong></span> <span class='ocrx_word' id='word_1_105' title='bbox 1497 1442 1619 1482; x_wconf 88' lang='lat' dir='ltr'><strong>eum</strong></span> <span class='ocrx_word' id='word_1_106' title='bbox 1641 1443 1656 1478; x_wconf 86' lang='lat'><strong>:</strong></span> <span class='ocrx_word' id='word_1_107' title='bbox 1680 1433 1734 1480; x_wconf 90' lang='lat' dir='ltr'><strong>tu</strong></span> <span class='ocrx_word' id='word_1_108' title='bbox 1768 1441 1827 1480; x_wconf 87' lang='lat' dir='ltr'><strong>es</strong></span> <span class='ocrx_word' id='word_1_109' title='bbox 1857 1441 1945 1480; x_wconf 86' lang='lat' dir='ltr'><strong>sa-</strong></span> 
     </span>
    </p>
   </div>
   <div class='ocr_carea' id='block_1_17' title="bbox 363 1518 1945 1577">
    <p class='ocr_par' dir='ltr' id='par_1_17' title="bbox 363 1518 1945 1577">
     <span class='ocr_line' id='line_1_17' title="bbox 363 1518 1945 1577; baseline -0.001 -1"><span class='ocrx_word' id='word_1_110' title='bbox 363 1522 562 1577; x_wconf 89' lang='lat' dir='ltr'><strong>cerdos</strong></span> <span class='ocrx_word' id='word_1_111' title='bbox 593 1521 647 1574; x_wconf 89' lang='lat' dir='ltr'><strong>in</strong></span> <span class='ocrx_word' id='word_1_112' title='bbox 699 1527 963 1575; x_wconf 61' lang='lat' dir='ltr'><strong>aeternum</strong></span> <span class='ocrx_word' id='word_1_113' title='bbox 1009 1519 1310 1572; x_wconf 87' lang='lat' dir='ltr'><strong>secundum</strong></span> <span class='ocrx_word' id='word_1_114' title='bbox 1365 1518 1612 1574; x_wconf 80' lang='lat' dir='ltr'><strong>ordinem</strong></span> <span class='ocrx_word' id='word_1_115' title='bbox 1659 1520 1945 1574; x_wconf 81' lang='lat' dir='ltr'><strong>Melchise-</strong></span> 
     </span>
    </p>
   </div>
   <div class='ocr_carea' id='block_1_18' title="bbox 362 1609 1943 1683">
    <p class='ocr_par' dir='ltr' id='par_1_18' title="bbox 362 1609 1943 1683">
     <span class='ocr_line' id='line_1_18' title="bbox 362 1609 1943 1683; baseline -0.001 -16"><span class='ocrx_word' id='word_1_116' title='bbox 362 1613 515 1668; x_wconf 90' lang='lat' dir='ltr'><strong>dec.:</strong></span> <span class='ocrx_word' id='word_1_117' title='bbox 553 1632 572 1666; x_wconf 74' lang='grc' dir='ltr'><strong>ι</strong></span> <span class='ocrx_word' id='word_1_118' title='bbox 611 1613 870 1683; x_wconf 88' lang='lat' dir='ltr'><strong>quoniam</strong></span> <span class='ocrx_word' id='word_1_119' title='bbox 905 1612 1049 1666; x_wconf 90' lang='lat' dir='ltr'><strong>enim</strong></span> <span class='ocrx_word' id='word_1_120' title='bbox 1084 1609 1447 1666; x_wconf 83' lang='lat' dir='ltr'><strong>Melchisedec</strong></span> <span class='ocrx_word' id='word_1_121' title='bbox 1476 1612 1656 1669; x_wconf 83' lang='lat' dir='ltr'><strong>Moses</strong></span> <span class='ocrx_word' id='word_1_122' title='bbox 1686 1612 1943 1668; x_wconf 85' lang='lat' dir='ltr'><strong>sacerdo-</strong></span> 
     </span>
    </p>
   </div>
   <div class='ocr_carea' id='block_1_19' title="bbox 361 1703 1944 1770">
    <p class='ocr_par' dir='ltr' id='par_1_19' title="bbox 361 1703 1944 1770">
     <span class='ocr_line' id='line_1_19' title="bbox 361 1703 1944 1770; baseline -0.002 -10"><span class='ocrx_word' id='word_1_123' title='bbox 361 1715 469 1760; x_wconf 87' lang='lat' dir='ltr'><strong>tem</strong></span> <span class='ocrx_word' id='word_1_124' title='bbox 511 1704 607 1759; x_wconf 89' lang='lat' dir='ltr'><strong>Dei</strong></span> <span class='ocrx_word' id='word_1_125' title='bbox 651 1705 902 1759; x_wconf 83' lang='lat' dir='ltr'><strong>altissimi</strong></span> <span class='ocrx_word' id='word_1_126' title='bbox 952 1703 1122 1760; x_wconf 77' lang='lat' dir='ltr'><strong>l‘uisse</strong></span> <span class='ocrx_word' id='word_1_127' title='bbox 1156 1704 1459 1760; x_wconf 89' lang='lat' dir='ltr'><strong>conscribit</strong></span> <span class='ocrx_word' id='word_1_128' title='bbox 1484 1705 1553 1770; x_wconf 72' lang='grc'><strong>’⁵,</strong></span> <span class='ocrx_word' id='word_1_129' title='bbox 1590 1705 1739 1759; x_wconf 92' lang='lat' dir='ltr'><strong>nullo</strong></span> <span class='ocrx_word' id='word_1_130' title='bbox 1772 1703 1944 1759; x_wconf 89' lang='lat' dir='ltr'><strong>artiﬁ-</strong></span> 
     </span>
    </p>
   </div>
   <div class='ocr_carea' id='block_1_20' title="bbox 2051 511 3634 586">
    <p class='ocr_par' dir='ltr' id='par_1_20' title="bbox 2051 511 3634 586">
     <span class='ocr_line' id='line_1_20' title="bbox 2051 511 3634 586; baseline 0.003 -23"><span class='ocrx_word' id='word_1_131' title='bbox 2051 511 2404 582; x_wconf 79' lang='grc' dir='ltr'><strong>κληρονόμοις</strong></span> <span class='ocrx_word' id='word_1_132' title='bbox 2437 511 2497 564; x_wconf 84' lang='grc' dir='ltr'>τὸ</span> <span class='ocrx_word' id='word_1_133' title='bbox 2521 512 2853 583; x_wconf 81' lang='grc' dir='ltr'><strong>ἀμετάθετον</strong></span> <span class='ocrx_word' id='word_1_134' title='bbox 2887 513 2984 584; x_wconf 85' lang='grc' dir='ltr'>τῆς</span> <span class='ocrx_word' id='word_1_135' title='bbox 3016 512 3206 585; x_wconf 78' lang='grc' dir='ltr'>βουλῆς</span> <span class='ocrx_word' id='word_1_136' title='bbox 3227 513 3414 578; x_wconf 86' lang='grc' dir='ltr'>αὑτοῦ,</span> <span class='ocrx_word' id='word_1_137' title='bbox 3447 515 3634 586; x_wconf 74' lang='grc' dir='ltr'>ἐμεσί-</span> 
     </span>
    </p>
   </div>
   <div class='ocr_carea' id='block_1_21' title="bbox 2050 603 3629 676">
    <p class='ocr_par' dir='ltr' id='par_1_21' title="bbox 2050 603 3629 676">
     <span class='ocr_line' id='line_1_21' title="bbox 2050 603 3629 676; baseline 0.002 -22"><span class='ocrx_word' id='word_1_138' title='bbox 2050 619 2238 654; x_wconf 91' lang='grc' dir='ltr'>τευσεν</span> <span class='ocrx_word' id='word_1_139' title='bbox 2264 603 2430 674; x_wconf 82' lang='grc' dir='ltr'>ὅρκῳ,</span> <span class='ocrx_word' id='word_1_140' title='bbox 2453 603 2540 656; x_wconf 82' lang='grc' dir='ltr'>ἵνα</span> <span class='ocrx_word' id='word_1_141' title='bbox 2571 604 2658 658; x_wconf 79' lang='grc' dir='ltr'>διὰ</span> <span class='ocrx_word' id='word_1_142' title='bbox 2678 604 2770 657; x_wconf 90' lang='grc' dir='ltr'><strong>δύο</strong></span> <span class='ocrx_word' id='word_1_143' title='bbox 2803 605 3143 676; x_wconf 82' lang='grc' dir='ltr'>πραγμάτων</span> <span class='ocrx_word' id='word_1_144' title='bbox 3171 604 3540 675; x_wconf 85' lang='grc' dir='ltr'>ἀμεταθέτων,</span> <span class='ocrx_word' id='word_1_145' title='bbox 3569 607 3629 659; x_wconf 83' lang='grc' dir='ltr'>ὲν</span> 
     </span>
    </p>
   </div>
   <div class='ocr_carea' id='block_1_22' title="bbox 2048 689 3630 769">
    <p class='ocr_par' dir='ltr' id='par_1_22' title="bbox 2048 689 3630 769">
     <span class='ocr_line' id='line_1_22' title="bbox 2048 689 3630 769; baseline 0.001 -20"><span class='ocrx_word' id='word_1_146' title='bbox 2048 689 2128 760; x_wconf 75' lang='grc' dir='ltr'>οἷς</span> <span class='ocrx_word' id='word_1_147' title='bbox 2165 695 2420 750; x_wconf 88' lang='grc' dir='ltr'>ἀδύνατον</span> <span class='ocrx_word' id='word_1_148' title='bbox 2472 696 2774 765; x_wconf 73' lang='grc' dir='ltr'>ψεύσασθαι</span> <span class='ocrx_word' id='word_1_149' title='bbox 2812 697 2976 760; x_wconf 74' lang='grc' dir='ltr'>Θεὸν,</span> <span class='ocrx_word' id='word_1_150' title='bbox 3027 696 3248 768; x_wconf 84' lang='grc' dir='ltr'>ἰσχυρὰν</span> <span class='ocrx_word' id='word_1_151' title='bbox 3285 697 3630 769; x_wconf 82' lang='grc' dir='ltr'>παράκλησιν</span> 
     </span>
    </p>
   </div>
   <div class='ocr_carea' id='block_1_23' title="bbox 2049 789 3631 863">
    <p class='ocr_par' dir='ltr' id='par_1_23' title="bbox 2049 789 3631 863">
     <span class='ocr_line' id='line_1_23' title="bbox 2049 789 3631 863; baseline 0.001 -21"><span class='ocrx_word' id='word_1_152' title='bbox 2049 789 2292 862; x_wconf 78' lang='grc' dir='ltr'>ἔχωμεν·</span> <span class='ocrx_word' id='word_1_153' title='bbox 2339 811 2357 842; x_wconf 84' lang='grc'><strong>›</strong></span> <span class='ocrx_word' id='word_1_154' title='bbox 2393 792 2486 844; x_wconf 90' lang='lat' dir='ltr'><strong>xui</strong></span> <span class='ocrx_word' id='word_1_155' title='bbox 2525 792 2684 846; x_wconf 87' lang='grc' dir='ltr'>πάλιν</span> <span class='ocrx_word' id='word_1_156' title='bbox 2708 810 2721 822; x_wconf 74' lang='grc' dir='ltr'><strong><em>ο</em></strong></span> <span class='ocrx_word' id='word_1_157' title='bbox 2754 811 2771 843; x_wconf 88' lang='grc'>‹</span> <span class='ocrx_word' id='word_1_158' title='bbox 2797 794 2858 845; x_wconf 87' lang='grc' dir='ltr'>Οἱ</span> <span class='ocrx_word' id='word_1_159' title='bbox 2911 792 3009 863; x_wconf 78' lang='grc' dir='ltr'><strong>μὲν</strong></span> <span class='ocrx_word' id='word_1_160' title='bbox 3059 793 3228 863; x_wconf 67' lang='grc' dir='ltr'>χωρὶς</span> <span class='ocrx_word' id='word_1_161' title='bbox 3284 791 3631 862; x_wconf 79' lang='grc' dir='ltr'><strong>ὁρκωμοσίας</strong></span> 
     </span>
    </p>
   </div>
   <div class='ocr_carea' id='block_1_24' title="bbox 2049 883 3624 955">
    <p class='ocr_par' dir='ltr' id='par_1_24' title="bbox 2049 883 3624 955">
     <span class='ocr_line' id='line_1_24' title="bbox 2049 883 3624 955; baseline 0.001 -20"><span class='ocrx_word' id='word_1_162' title='bbox 2049 884 2186 937; x_wconf 81' lang='grc' dir='ltr'>εἰσὶν</span> <span class='ocrx_word' id='word_1_163' title='bbox 2225 885 2389 955; x_wconf 82' lang='grc' dir='ltr'><strong>ἱερεῖς</strong></span> <span class='ocrx_word' id='word_1_164' title='bbox 2429 885 2746 953; x_wconf 84' lang='grc' dir='ltr'>γεγονότες,</span> <span class='ocrx_word' id='word_1_165' title='bbox 2779 885 2806 936; x_wconf 87' lang='grc' dir='ltr'>ὁ</span> <span class='ocrx_word' id='word_1_166' title='bbox 2853 884 2908 937; x_wconf 83' lang='grc' dir='ltr'>δὲ</span> <span class='ocrx_word' id='word_1_167' title='bbox 2944 885 3036 937; x_wconf 86' lang='lat' dir='ltr'><strong>xui</strong></span> <span class='ocrx_word' id='word_1_168' title='bbox 3072 884 3211 954; x_wconf 85' lang='grc' dir='ltr'><strong>μετά</strong></span> <span class='ocrx_word' id='word_1_169' title='bbox 3244 883 3624 955; x_wconf 83' lang='grc' dir='ltr'>ὁρκωμοσίας,</span> 
     </span>
    </p>
   </div>
   <div class='ocr_carea' id='block_1_25' title="bbox 2049 975 3629 1048">
    <p class='ocr_par' dir='ltr' id='par_1_25' title="bbox 2049 975 3629 1048">
     <span class='ocr_line' id='line_1_25' title="bbox 2049 975 3629 1048; baseline -0.001 -20"><span class='ocrx_word' id='word_1_170' title='bbox 2049 976 2136 1030; x_wconf 84' lang='grc' dir='ltr'>διὰ</span> <span class='ocrx_word' id='word_1_171' title='bbox 2199 976 2292 1030; x_wconf 91' lang='grc' dir='ltr'><strong>τοῦ</strong></span> <span class='ocrx_word' id='word_1_172' title='bbox 2335 976 2585 1045; x_wconf 88' lang='grc' dir='ltr'>λέγοντος</span> <span class='ocrx_word' id='word_1_173' title='bbox 2623 977 2760 1048; x_wconf 86' lang='grc' dir='ltr'>πρὸς</span> <span class='ocrx_word' id='word_1_174' title='bbox 2802 977 2996 1029; x_wconf 82' lang='grc' dir='ltr'>αὑτὸν·</span> <span class='ocrx_word' id='word_1_175' title='bbox 3029 978 3230 1047; x_wconf 83' lang='grc' dir='ltr'>Ὤμοσε</span> <span class='ocrx_word' id='word_1_176' title='bbox 3279 975 3501 1046; x_wconf 84' lang='grc' dir='ltr'>Κύριος,</span> <span class='ocrx_word' id='word_1_177' title='bbox 3532 975 3629 1028; x_wconf 84' lang='lat' dir='ltr'><strong>xui</strong></span> 
     </span>
    </p>
   </div>
   <div class='ocr_carea' id='block_1_26' title="bbox 2047 1065 3628 1138">
    <p class='ocr_par' dir='ltr' id='par_1_26' title="bbox 2047 1065 3628 1138">
     <span class='ocr_line' id='line_1_26' title="bbox 2047 1065 3628 1138; baseline 0 -20"><span class='ocrx_word' id='word_1_178' title='bbox 2047 1067 2106 1118; x_wconf 87' lang='grc' dir='ltr'><strong>οὑ</strong></span> <span class='ocrx_word' id='word_1_179' title='bbox 2145 1067 2676 1138; x_wconf 79' lang='grc' dir='ltr'>μεταμεληθήσεται,</span> <span class='ocrx_word' id='word_1_180' title='bbox 2717 1069 2789 1121; x_wconf 76' lang='grc' dir='ltr'>Σὺ</span> <span class='ocrx_word' id='word_1_181' title='bbox 2831 1067 3008 1138; x_wconf 79' lang='grc' dir='ltr'>ἱερεὺς</span> <span class='ocrx_word' id='word_1_182' title='bbox 3039 1068 3120 1130; x_wconf 86' lang='grc' dir='ltr'><strong>εἰς</strong></span> <span class='ocrx_word' id='word_1_183' title='bbox 3151 1067 3242 1119; x_wconf 86' lang='grc' dir='ltr'><strong>τὸν</strong></span> <span class='ocrx_word' id='word_1_184' title='bbox 3283 1066 3452 1119; x_wconf 85' lang='grc' dir='ltr'>αἰῶνα</span> <span class='ocrx_word' id='word_1_185' title='bbox 3486 1065 3628 1118; x_wconf 73' lang='grc' dir='ltr'>κατὰ</span> 
     </span>
    </p>
   </div>
   <div class='ocr_carea' id='block_1_27' title="bbox 2046 1157 3626 1232">
    <p class='ocr_par' dir='ltr' id='par_1_27' title="bbox 2046 1157 3626 1232">
     <span class='ocr_line' id='line_1_27' title="bbox 2046 1157 3626 1232; baseline -0.001 -20"><span class='ocrx_word' id='word_1_186' title='bbox 2046 1159 2143 1230; x_wconf 82' lang='grc' dir='ltr'><strong>τὴν</strong></span> <span class='ocrx_word' id='word_1_187' title='bbox 2168 1159 2320 1224; x_wconf 86' lang='grc' dir='ltr'>τάξιν</span> <span class='ocrx_word' id='word_1_188' title='bbox 2353 1161 2710 1232; x_wconf 86' lang='grc' dir='ltr'>Μελχισεδέκ.</span> <span class='ocrx_word' id='word_1_189' title='bbox 2740 1163 2850 1215; x_wconf 77' lang='grc' dir='ltr'>Καὶ</span> <span class='ocrx_word' id='word_1_190' title='bbox 2889 1163 2938 1214; x_wconf 95' lang='grc' dir='ltr'>οἱ</span> <span class='ocrx_word' id='word_1_191' title='bbox 2973 1161 3072 1232; x_wconf 83' lang='grc' dir='ltr'><strong>μὲν</strong></span> <span class='ocrx_word' id='word_1_192' title='bbox 3104 1157 3345 1223; x_wconf 86' lang='grc' dir='ltr'>πλείονές</span> <span class='ocrx_word' id='word_1_193' title='bbox 3389 1160 3495 1211; x_wconf 88' lang='grc' dir='ltr'>εἰσι</span> <span class='ocrx_word' id='word_1_194' title='bbox 3528 1175 3626 1227; x_wconf 82' lang='grc' dir='ltr'>γε·-</span> 
     </span>
    </p>
   </div>
   <div class='ocr_carea' id='block_1_28' title="bbox 2047 1249 3627 1324">
    <p class='ocr_par' dir='ltr' id='par_1_28' title="bbox 2047 1249 3627 1324">
     <span class='ocr_line' id='line_1_28' title="bbox 2047 1249 3627 1324; baseline -0.001 -20"><span class='ocrx_word' id='word_1_195' title='bbox 2047 1251 2262 1320; x_wconf 88' lang='grc' dir='ltr'>γονότες</span> <span class='ocrx_word' id='word_1_196' title='bbox 2311 1255 2474 1324; x_wconf 85' lang='grc' dir='ltr'>ἱερεῖς</span> <span class='ocrx_word' id='word_1_197' title='bbox 2511 1253 2600 1307; x_wconf 77' lang='grc' dir='ltr'>διὰ</span> <span class='ocrx_word' id='word_1_198' title='bbox 2652 1255 2714 1306; x_wconf 86' lang='grc' dir='ltr'>τὸ</span> <span class='ocrx_word' id='word_1_199' title='bbox 2764 1253 2976 1324; x_wconf 85' lang='grc' dir='ltr'>θανάτῳ</span> <span class='ocrx_word' id='word_1_200' title='bbox 3024 1251 3326 1305; x_wconf 84' lang='grc' dir='ltr'>κωλύεσθαι</span> <span class='ocrx_word' id='word_1_201' title='bbox 3372 1249 3627 1321; x_wconf 80' lang='grc' dir='ltr'>παραμέ-</span> 
     </span>
    </p>
   </div>
   <div class='ocr_carea' id='block_1_29' title="bbox 2047 1342 3628 1416">
    <p class='ocr_par' dir='ltr' id='par_1_29' title="bbox 2047 1342 3628 1416">
     <span class='ocr_line' id='line_1_29' title="bbox 2047 1342 3628 1416; baseline -0.001 -20"><span class='ocrx_word' id='word_1_202' title='bbox 2047 1361 2185 1397; x_wconf 80' lang='grc' dir='ltr'>νειν’</span> <span class='ocrx_word' id='word_1_203' title='bbox 2213 1346 2242 1397; x_wconf 98' lang='lat'><strong>6</strong></span> <span class='ocrx_word' id='word_1_204' title='bbox 2272 1345 2350 1407; x_wconf 88' lang='grc' dir='ltr'><strong>δὲ,</strong></span> <span class='ocrx_word' id='word_1_205' title='bbox 2388 1345 2475 1398; x_wconf 85' lang='grc' dir='ltr'>διὰ</span> <span class='ocrx_word' id='word_1_206' title='bbox 2506 1345 2568 1398; x_wconf 80' lang='grc' dir='ltr'><strong>τὸ</strong></span> <span class='ocrx_word' id='word_1_207' title='bbox 2609 1346 2788 1416; x_wconf 89' lang='grc' dir='ltr'>μένειν</span> <span class='ocrx_word' id='word_1_208' title='bbox 2823 1345 2984 1398; x_wconf 80' lang='grc' dir='ltr'>αὑτὸν</span> <span class='ocrx_word' id='word_1_209' title='bbox 3027 1347 3106 1408; x_wconf 84' lang='grc' dir='ltr'>εἰς</span> <span class='ocrx_word' id='word_1_210' title='bbox 3145 1344 3236 1396; x_wconf 74' lang='grc' dir='ltr'><strong>τὸν</strong></span> <span class='ocrx_word' id='word_1_211' title='bbox 3270 1342 3459 1405; x_wconf 80' lang='grc' dir='ltr'>αἰῶνα,</span> <span class='ocrx_word' id='word_1_212' title='bbox 3487 1343 3628 1394; x_wconf 86' lang='grc' dir='ltr'>ἀπα-</span> 
     </span>
    </p>
   </div>
   <div class='ocr_carea' id='block_1_30' title="bbox 2049 1432 3628 1510">
    <p class='ocr_par' dir='ltr' id='par_1_30' title="bbox 2049 1432 3628 1510">
     <span class='ocr_line' id='line_1_30' title="bbox 2049 1432 3628 1510; baseline -0.001 -22"><span class='ocrx_word' id='word_1_213' title='bbox 2049 1436 2279 1507; x_wconf 80' lang='grc' dir='ltr'>ράϐατον</span> <span class='ocrx_word' id='word_1_214' title='bbox 2305 1437 2417 1508; x_wconf 75' lang='grc' dir='ltr'>ἔχει</span> <span class='ocrx_word' id='word_1_215' title='bbox 2450 1439 2549 1510; x_wconf 80' lang='grc' dir='ltr'>τὴν</span> <span class='ocrx_word' id='word_1_216' title='bbox 2589 1437 2917 1510; x_wconf 78' lang='grc' dir='ltr'>ἱερωσύνην·</span> <span class='ocrx_word' id='word_1_217' title='bbox 2951 1435 3073 1490; x_wconf 83' lang='grc' dir='ltr'>ὅθεν</span> <span class='ocrx_word' id='word_1_218' title='bbox 3103 1436 3196 1489; x_wconf 87' lang='lat' dir='ltr'><strong>xui</strong></span> <span class='ocrx_word' id='word_1_219' title='bbox 3229 1433 3417 1498; x_wconf 78' lang='grc' dir='ltr'>σώζειν</span> <span class='ocrx_word' id='word_1_220' title='bbox 3460 1435 3539 1496; x_wconf 87' lang='grc' dir='ltr'><strong>εἰς</strong></span> <span class='ocrx_word' id='word_1_221' title='bbox 3567 1432 3628 1487; x_wconf 78' lang='grc' dir='ltr'><strong>τὸ</strong></span> 
     </span>
    </p>
   </div>
   <div class='ocr_carea' id='block_1_31' title="bbox 2046 1527 3628 1603">
    <p class='ocr_par' dir='ltr' id='par_1_31' title="bbox 2046 1527 3628 1603">
     <span class='ocr_line' id='line_1_31' title="bbox 2046 1527 3628 1603; baseline 0.001 -24"><span class='ocrx_word' id='word_1_222' title='bbox 2046 1527 2306 1591; x_wconf 83' lang='grc' dir='ltr'>παντελὲς</span> <span class='ocrx_word' id='word_1_223' title='bbox 2338 1528 2559 1582; x_wconf 86' lang='grc' dir='ltr'>δύναται</span> <span class='ocrx_word' id='word_1_224' title='bbox 2586 1531 2713 1592; x_wconf 77' lang='grc' dir='ltr'>τοὺς</span> <span class='ocrx_word' id='word_1_225' title='bbox 2761 1530 3230 1603; x_wconf 76' lang='grc' dir='ltr'>προσερχομένους</span> <span class='ocrx_word' id='word_1_226' title='bbox 3263 1529 3328 1582; x_wconf 78' lang='grc' dir='ltr'>δι’</span> <span class='ocrx_word' id='word_1_227' title='bbox 3357 1527 3519 1581; x_wconf 80' lang='grc' dir='ltr'>αὑτοῦ</span> <span class='ocrx_word' id='word_1_228' title='bbox 3548 1527 3628 1597; x_wconf 76' lang='grc' dir='ltr'><strong>τῷ</strong></span> 
     </span>
    </p>
   </div>
   <div class='ocr_carea' id='block_1_32' title="bbox 2045 1617 3622 1694">
    <p class='ocr_par' dir='ltr' id='par_1_32' title="bbox 2045 1617 3622 1694">
     <span class='ocr_line' id='line_1_32' title="bbox 2045 1617 3622 1694; baseline 0.002 -25"><span class='ocrx_word' id='word_1_229' title='bbox 2045 1617 2182 1688; x_wconf 80' lang='grc' dir='ltr'>Θεῷ,</span> <span class='ocrx_word' id='word_1_230' title='bbox 2216 1619 2444 1672; x_wconf 88' lang='grc' dir='ltr'>πάντοτε</span> <span class='ocrx_word' id='word_1_231' title='bbox 2485 1618 2592 1684; x_wconf 82' lang='grc' dir='ltr'><strong>ζῶν</strong></span> <span class='ocrx_word' id='word_1_232' title='bbox 2626 1623 2704 1686; x_wconf 86' lang='grc' dir='ltr'>εἰς</span> <span class='ocrx_word' id='word_1_233' title='bbox 2741 1621 2801 1674; x_wconf 83' lang='grc' dir='ltr'>τὸ</span> <span class='ocrx_word' id='word_1_234' title='bbox 2831 1622 3175 1691; x_wconf 79' lang='grc' dir='ltr'>ἐντυγχάνειν</span> <span class='ocrx_word' id='word_1_235' title='bbox 3211 1622 3349 1694; x_wconf 81' lang='grc' dir='ltr'>ὑπὲρ</span> <span class='ocrx_word' id='word_1_236' title='bbox 3377 1621 3576 1675; x_wconf 80' lang='grc' dir='ltr'>αὑτῶν.</span> <span class='ocrx_word' id='word_1_237' title='bbox 3601 1639 3622 1672; x_wconf 71' lang='grc' dir='ltr'>δ</span> 
     </span>
    </p>
   </div>
   <div class='ocr_carea' id='block_1_33' title="bbox 2044 1708 3632 1784">
    <p class='ocr_par' dir='ltr' id='par_1_33' title="bbox 2044 1708 3632 1784">
     <span class='ocr_line' id='line_1_33' title="bbox 2044 1708 3632 1784; baseline 0.004 -23"><span class='ocrx_word' id='word_1_238' title='bbox 2044 1709 2143 1762; x_wconf 74' lang='grc' dir='ltr'>Διά</span> <span class='ocrx_word' id='word_1_239' title='bbox 2175 1710 2376 1764; x_wconf 87' lang='grc' dir='ltr'>τούτων</span> <span class='ocrx_word' id='word_1_240' title='bbox 2411 1713 2638 1784; x_wconf 76' lang='grc' dir='ltr'>συνέστη</span> <span class='ocrx_word' id='word_1_241' title='bbox 2677 1713 2774 1783; x_wconf 85' lang='grc' dir='ltr'><strong>μὲν</strong></span> <span class='ocrx_word' id='word_1_242' title='bbox 2803 1708 2938 1766; x_wconf 77' lang='grc' dir='ltr'>οὖσά</span> <span class='ocrx_word' id='word_1_243' title='bbox 2983 1730 3066 1776; x_wconf 87' lang='grc' dir='ltr'><strong>τις</strong></span> <span class='ocrx_word' id='word_1_244' title='bbox 3106 1715 3164 1767; x_wconf 82' lang='grc' dir='ltr'><strong>ἐν</strong></span> <span class='ocrx_word' id='word_1_245' title='bbox 3207 1717 3316 1777; x_wconf 82' lang='grc' dir='ltr'>τοῖς</span> <span class='ocrx_word' id='word_1_246' title='bbox 3343 1710 3482 1777; x_wconf 80' lang='grc' dir='ltr'>οὖσι,</span> <span class='ocrx_word' id='word_1_247' title='bbox 3533 1712 3632 1767; x_wconf 73' lang='grc' dir='ltr'><strong>καὶ</strong></span> 
     </span>
    </p>
   </div>
   <div class='ocr_carea' id='block_1_34' title="bbox 358 1797 1937 1877">
    <p class='ocr_par' dir='ltr' id='par_1_34' title="bbox 358 1797 1937 1868">
     <span class='ocr_line' id='line_1_34' title="bbox 358 1797 1937 1868; baseline -0.002 -15"><span class='ocrx_word' id='word_1_248' title='bbox 358 1798 514 1854; x_wconf 86' lang='lat' dir='ltr'><strong>cioso</strong></span> <span class='ocrx_word' id='word_1_249' title='bbox 555 1807 835 1867; x_wconf 90' lang='lat' dir='ltr'><strong>unguento</strong></span> <span class='ocrx_word' id='word_1_250' title='bbox 878 1798 1187 1858; x_wconf 88' lang='lat' dir='ltr'><strong>inunctum,</strong></span> <span class='ocrx_word' id='word_1_251' title='bbox 1233 1806 1286 1852; x_wconf 93' lang='lat' dir='ltr'><strong>ct</strong></span> <span class='ocrx_word' id='word_1_252' title='bbox 1316 1797 1485 1852; x_wconf 91' lang='lat' dir='ltr'><strong>multo</strong></span> <span class='ocrx_word' id='word_1_253' title='bbox 1522 1804 1648 1851; x_wconf 88' lang='lat' dir='ltr'><strong>ante</strong></span> <span class='ocrx_word' id='word_1_254' title='bbox 1692 1798 1838 1868; x_wconf 74' lang='lat' dir='ltr'><strong>leges</strong></span> <span class='ocrx_word' id='word_1_255' title='bbox 1874 1797 1937 1850; x_wconf 90' lang='lat' dir='ltr'><strong>ab</strong></span> 
     </span>
    </p>
   </div>
   <div class='ocr_carea' id='block_1_35' title="bbox 2040 1797 3629 1877">
    <p class='ocr_par' dir='ltr' id='par_1_35' title="bbox 2044 1802 3629 1877">
     <span class='ocr_line' id='line_1_35' title="bbox 2044 1802 3629 1877; baseline 0.004 -23"><span class='ocrx_word' id='word_1_256' title='bbox 2044 1802 2332 1870; x_wconf 67' lang='grc' dir='ltr'>ὑφεστῶσα</span> <span class='ocrx_word' id='word_1_257' title='bbox 2361 1805 2418 1858; x_wconf 87' lang='grc' dir='ltr'>ὲν</span> <span class='ocrx_word' id='word_1_258' title='bbox 2471 1809 2683 1876; x_wconf 83' lang='grc' dir='ltr'>νοητοῖς</span> <span class='ocrx_word' id='word_1_259' title='bbox 2728 1805 2847 1859; x_wconf 89' lang='grc' dir='ltr'>θεία</span> <span class='ocrx_word' id='word_1_260' title='bbox 2884 1807 3142 1877; x_wconf 87' lang='grc' dir='ltr'>δύναμις,</span> <span class='ocrx_word' id='word_1_261' title='bbox 3180 1810 3212 1877; x_wconf 83' lang='grc' dir='ltr'>ἡ</span> <span class='ocrx_word' id='word_1_262' title='bbox 3261 1805 3338 1877; x_wconf 82' lang='grc' dir='ltr'>τῷ</span> <span class='ocrx_word' id='word_1_263' title='bbox 3366 1805 3484 1877; x_wconf 85' lang='grc' dir='ltr'><strong>Θεῷ</strong></span> <span class='ocrx_word' id='word_1_264' title='bbox 3515 1806 3629 1860; x_wconf 84' lang='grc' dir='ltr'><strong>τῶν</strong></span> 
     </span>
    </p>
   </div>
   <div class='ocr_carea' id='block_1_36' title="bbox 359 1889 1939 1960">
    <p class='ocr_par' dir='ltr' id='par_1_36' title="bbox 359 1889 1939 1960">
     <span class='ocr_line' id='line_1_36' title="bbox 359 1889 1939 1960; baseline -0.002 -15"><span class='ocrx_word' id='word_1_265' title='bbox 359 1889 482 1960; x_wconf 91' lang='lat' dir='ltr'><strong>ipso</strong></span> <span class='ocrx_word' id='word_1_266' title='bbox 521 1890 759 1959; x_wconf 85' lang='lat' dir='ltr'><strong>scriptas</strong></span> <span class='ocrx_word' id='word_1_267' title='bbox 782 1905 847 1943; x_wconf 90' lang='lat' dir='ltr'><strong>eo</strong></span> <span class='ocrx_word' id='word_1_268' title='bbox 881 1905 1108 1944; x_wconf 86' lang='lat' dir='ltr'><strong>munere</strong></span> <span class='ocrx_word' id='word_1_269' title='bbox 1142 1889 1415 1952; x_wconf 78' lang='lat' dir='ltr'><strong>functum,</strong></span> <span class='ocrx_word' id='word_1_270' title='bbox 1453 1903 1519 1943; x_wconf 91' lang='lat' dir='ltr'><strong>ac</strong></span> <span class='ocrx_word' id='word_1_271' title='bbox 1546 1889 1748 1943; x_wconf 85' lang='lat' dir='ltr'><strong>virtute</strong></span> <span class='ocrx_word' id='word_1_272' title='bbox 1783 1890 1939 1960; x_wconf 80' lang='lat' dir='ltr'><strong>longe</strong></span> 
     </span>
    </p>
   </div>
   <div class='ocr_carea' id='block_1_37' title="bbox 357 1982 1940 2054">
    <p class='ocr_par' dir='ltr' id='par_1_37' title="bbox 357 1982 1940 2054">
     <span class='ocr_line' id='line_1_37' title="bbox 357 1982 1940 2054; baseline 0.001 -18"><span class='ocrx_word' id='word_1_273' title='bbox 357 1984 798 2054; x_wconf 65' lang='lat' dir='ltr'><strong>praestantiorem</strong></span> <span class='ocrx_word' id='word_1_274' title='bbox 859 1982 954 2035; x_wconf 87' lang='lat' dir='ltr'><strong>illo</strong></span> <span class='ocrx_word' id='word_1_275' title='bbox 1007 1989 1117 2036; x_wconf 88' lang='lat' dir='ltr'><strong>tam</strong></span> <span class='ocrx_word' id='word_1_276' title='bbox 1171 1982 1464 2036; x_wconf 88' lang='lat' dir='ltr'><strong>decantato</strong></span> <span class='ocrx_word' id='word_1_277' title='bbox 1511 1982 1789 2035; x_wconf 79' lang='lat' dir='ltr'><strong>Abraham</strong></span> <span class='ocrx_word' id='word_1_278' title='bbox 1836 1983 1940 2048; x_wconf 85' lang='lat' dir='ltr'><strong>(sic</strong></span> 
     </span>
    </p>
   </div>
   <div class='ocr_carea' id='block_1_38' title="bbox 358 2073 1940 2139">
    <p class='ocr_par' dir='ltr' id='par_1_38' title="bbox 358 2073 1940 2139">
     <span class='ocr_line' id='line_1_38' title="bbox 358 2073 1940 2139; baseline 0.001 -10"><span class='ocrx_word' id='word_1_279' title='bbox 358 2077 502 2130; x_wconf 87' lang='lat' dir='ltr'><strong>enim</strong></span> <span class='ocrx_word' id='word_1_280' title='bbox 535 2075 630 2134; x_wconf 88' lang='lat' dir='ltr'><strong>ait.</strong></span> <span class='ocrx_word' id='word_1_281' title='bbox 662 2094 680 2124; x_wconf 74' lang='grc' dir='ltr'><strong>ι</strong></span> <span class='ocrx_word' id='word_1_282' title='bbox 717 2083 772 2130; x_wconf 89' lang='lat' dir='ltr'><strong>et</strong></span> <span class='ocrx_word' id='word_1_283' title='bbox 796 2073 1158 2130; x_wconf 83' lang='lat' dir='ltr'><strong>Melchisedec</strong></span> <span class='ocrx_word' id='word_1_284' title='bbox 1192 2090 1285 2130; x_wconf 74' lang='lat' dir='ltr'><strong>rex</strong></span> <span class='ocrx_word' id='word_1_285' title='bbox 1319 2073 1521 2139; x_wconf 87' lang='lat' dir='ltr'><strong>Salem,</strong></span> <span class='ocrx_word' id='word_1_286' title='bbox 1555 2076 1814 2130; x_wconf 87' lang='lat' dir='ltr'><strong>sacerdos</strong></span> <span class='ocrx_word' id='word_1_287' title='bbox 1846 2075 1940 2131; x_wconf 89' lang='lat' dir='ltr'><strong>Dei</strong></span> 
     </span>
    </p>
   </div>
   <div class='ocr_carea' id='block_1_39' title="bbox 359 2166 1940 2237">
    <p class='ocr_par' dir='ltr' id='par_1_39' title="bbox 359 2166 1940 2237">
     <span class='ocr_line' id='line_1_39' title="bbox 359 2166 1940 2237; baseline 0.001 -16"><span class='ocrx_word' id='word_1_288' title='bbox 359 2168 614 2222; x_wconf 87' lang='lat' dir='ltr'><strong>altissimi</strong></span> <span class='ocrx_word' id='word_1_289' title='bbox 665 2167 945 2223; x_wconf 82' lang='lat' dir='ltr'><strong>benedixit</strong></span> <span class='ocrx_word' id='word_1_290' title='bbox 976 2166 1252 2221; x_wconf 84' lang='lat' dir='ltr'><strong>Abraham</strong></span> <span class='ocrx_word' id='word_1_291' title='bbox 1299 2167 1394 2222; x_wconf 77' lang='lat' dir='ltr'><strong>“z</strong></span> <span class='ocrx_word' id='word_1_292' title='bbox 1452 2185 1470 2218; x_wconf 76' lang='grc' dir='ltr'><strong>ι</strong></span> <span class='ocrx_word' id='word_1_293' title='bbox 1520 2167 1788 2237; x_wconf 89' lang='lat' dir='ltr'><strong>planeque</strong></span> <span class='ocrx_word' id='word_1_294' title='bbox 1822 2168 1940 2223; x_wconf 90' lang='lat' dir='ltr'><strong>sine</strong></span> 
     </span>
    </p>
   </div>
   <div class='ocr_carea' id='block_1_40' title="bbox 357 2260 1939 2330">
    <p class='ocr_par' dir='ltr' id='par_1_40' title="bbox 357 2260 1939 2330">
     <span class='ocr_line' id='line_1_40' title="bbox 357 2260 1939 2330; baseline 0.001 -15"><span class='ocrx_word' id='word_1_295' title='bbox 357 2260 509 2315; x_wconf 91' lang='lat' dir='ltr'><strong>omni</strong></span> <span class='ocrx_word' id='word_1_296' title='bbox 541 2262 941 2323; x_wconf 83' lang='lat' dir='ltr'><strong>controversia,</strong></span> <span class='ocrx_word' id='word_1_297' title='bbox 972 2261 1274 2330; x_wconf 90' lang='lat' dir='ltr'><strong>Apostolus</strong></span> <span class='ocrx_word' id='word_1_298' title='bbox 1303 2261 1380 2314; x_wconf 90' lang='lat' dir='ltr'><strong>ait</strong></span> <span class='ocrx_word' id='word_1_299' title='bbox 1412 2262 1476 2325; x_wconf 78' lang='grc'><strong>’⁷,</strong></span> <span class='ocrx_word' id='word_1_300' title='bbox 1522 2261 1665 2330; x_wconf 88' lang='lat' dir='ltr'><strong>quod</strong></span> <span class='ocrx_word' id='word_1_301' title='bbox 1708 2260 1939 2317; x_wconf 77' lang='lat' dir='ltr'><strong>inferius</strong></span> 
     </span>
    </p>
   </div>
   <div class='ocr_carea' id='block_1_41' title="bbox 359 2351 1942 2423">
    <p class='ocr_par' dir='ltr' id='par_1_41' title="bbox 359 2351 1942 2423">
     <span class='ocr_line' id='line_1_41' title="bbox 359 2351 1942 2423; baseline -0.001 -14"><span class='ocrx_word' id='word_1_302' title='bbox 359 2353 432 2410; x_wconf 89' lang='lat' dir='ltr'><strong>sit</strong></span> <span class='ocrx_word' id='word_1_303' title='bbox 462 2369 492 2407; x_wconf 90' lang='lat' dir='ltr'><strong>a</strong></span> <span class='ocrx_word' id='word_1_304' title='bbox 519 2353 806 2423; x_wconf 89' lang='lat' dir='ltr'><strong>superiore</strong></span> <span class='ocrx_word' id='word_1_305' title='bbox 837 2352 1110 2423; x_wconf 89' lang='lat' dir='ltr'><strong>benedici)</strong></span> <span class='ocrx_word' id='word_1_306' title='bbox 1145 2371 1158 2406; x_wconf 89' lang='lat'><strong>:</strong></span> <span class='ocrx_word' id='word_1_307' title='bbox 1197 2353 1454 2423; x_wconf 88' lang='lat' dir='ltr'><strong>quoniam</strong></span> <span class='ocrx_word' id='word_1_308' title='bbox 1487 2351 1654 2423; x_wconf 81' lang='lat' dir='ltr'><strong>igitur</strong></span> <span class='ocrx_word' id='word_1_309' title='bbox 1683 2352 1773 2408; x_wconf 89' lang='lat' dir='ltr'><strong>hic</strong></span> <span class='ocrx_word' id='word_1_310' title='bbox 1816 2353 1942 2409; x_wconf 82' lang='lat' dir='ltr'><strong>Mel-</strong></span> 
     </span>
    </p>
   </div>
   <div class='ocr_carea' id='block_1_42' title="bbox 357 2443 1939 2516">
    <p class='ocr_par' dir='ltr' id='par_1_42' title="bbox 357 2443 1939 2516">
     <span class='ocr_line' id='line_1_42' title="bbox 357 2443 1939 2516; baseline -0.001 -15"><span class='ocrx_word' id='word_1_311' title='bbox 357 2445 633 2508; x_wconf 88' lang='lat' dir='ltr'><strong>chisedec,</strong></span> <span class='ocrx_word' id='word_1_312' title='bbox 665 2444 981 2516; x_wconf 90' lang='lat' dir='ltr'><strong>quicunque</strong></span> <span class='ocrx_word' id='word_1_313' title='bbox 1015 2445 1105 2499; x_wconf 89' lang='lat' dir='ltr'><strong>ille</strong></span> <span class='ocrx_word' id='word_1_314' title='bbox 1140 2443 1326 2508; x_wconf 81' lang='lat' dir='ltr'><strong>fuerit,</strong></span> <span class='ocrx_word' id='word_1_315' title='bbox 1352 2445 1426 2499; x_wconf 87' lang='lat' dir='ltr'><strong>ita</strong></span> <span class='ocrx_word' id='word_1_316' title='bbox 1463 2445 1722 2499; x_wconf 90' lang='lat' dir='ltr'><strong>inductus</strong></span> <span class='ocrx_word' id='word_1_317' title='bbox 1743 2452 1846 2508; x_wconf 90' lang='lat' dir='ltr'><strong>cst,</strong></span> <span class='ocrx_word' id='word_1_318' title='bbox 1879 2453 1939 2500; x_wconf 92' lang='lat' dir='ltr'><strong>ut</strong></span> 
     </span>
    </p>
   </div>
   <div class='ocr_carea' id='block_1_43' title="bbox 303 2537 1935 2608">
    <p class='ocr_par' dir='ltr' id='par_1_43' title="bbox 303 2537 1935 2608">
     <span class='ocr_line' id='line_1_43' title="bbox 303 2537 1935 2608; baseline -0.001 -14"><span class='ocrx_word' id='word_1_319' title='bbox 303 2547 306 2551; x_wconf 76' lang='lat'>‘</span> <span class='ocrx_word' id='word_1_320' title='bbox 357 2539 512 2594; x_wconf 87' lang='lat' dir='ltr'><strong>nullo</strong></span> <span class='ocrx_word' id='word_1_321' title='bbox 552 2538 854 2594; x_wconf 87' lang='lat' dir='ltr'><strong>artiﬁcioso</strong></span> <span class='ocrx_word' id='word_1_322' title='bbox 881 2545 1162 2608; x_wconf 86' lang='lat' dir='ltr'><strong>unguento</strong></span> <span class='ocrx_word' id='word_1_323' title='bbox 1205 2545 1404 2593; x_wconf 90' lang='lat' dir='ltr'><strong>unctus</strong></span> <span class='ocrx_word' id='word_1_324' title='bbox 1444 2537 1806 2608; x_wconf 80' lang='lat' dir='ltr'><strong>intelligatur,</strong></span> <span class='ocrx_word' id='word_1_325' title='bbox 1840 2539 1935 2593; x_wconf 90' lang='lat' dir='ltr'><strong>scd</strong></span> 
     </span>
    </p>
   </div>
   <div class='ocr_carea' id='block_1_44' title="bbox 357 2629 1938 2700">
    <p class='ocr_par' dir='ltr' id='par_1_44' title="bbox 357 2629 1938 2700">
     <span class='ocr_line' id='line_1_44' title="bbox 357 2629 1938 2700; baseline -0.002 -14"><span class='ocrx_word' id='word_1_326' title='bbox 357 2633 630 2688; x_wconf 88' lang='lat' dir='ltr'><strong>altissimo</strong></span> <span class='ocrx_word' id='word_1_327' title='bbox 659 2631 770 2688; x_wconf 90' lang='lat' dir='ltr'><strong>Deo</strong></span> <span class='ocrx_word' id='word_1_328' title='bbox 795 2640 1178 2694; x_wconf 90' lang='lat' dir='ltr'><strong>consecratus,</strong></span> <span class='ocrx_word' id='word_1_329' title='bbox 1205 2632 1402 2686; x_wconf 88' lang='lat' dir='ltr'><strong>merito</strong></span> <span class='ocrx_word' id='word_1_330' title='bbox 1431 2631 1597 2685; x_wconf 88' lang='lat' dir='ltr'><strong>etiam</strong></span> <span class='ocrx_word' id='word_1_331' title='bbox 1629 2631 1675 2684; x_wconf 92' lang='lat' dir='ltr'><strong>is</strong></span> <span class='ocrx_word' id='word_1_332' title='bbox 1723 2629 1789 2685; x_wconf 90' lang='lat' dir='ltr'><strong>de</strong></span> <span class='ocrx_word' id='word_1_333' title='bbox 1829 2645 1938 2700; x_wconf 92' lang='lat' dir='ltr'><strong>quo</strong></span> 
     </span>
    </p>
   </div>
   <div class='ocr_carea' id='block_1_45' title="bbox 352 2721 1938 2787">
    <p class='ocr_par' dir='ltr' id='par_1_45' title="bbox 352 2721 1938 2787">
     <span class='ocr_line' id='line_1_45' title="bbox 352 2721 1938 2787; baseline -0.005 -4"><span class='ocrx_word' id='word_1_334' title='bbox 352 2725 691 2783; x_wconf 70' lang='lat' dir='ltr'><strong>vaticinatur</strong></span> <span class='ocrx_word' id='word_1_335' title='bbox 719 2723 910 2787; x_wconf 87' lang='lat' dir='ltr'><strong>David,</strong></span> <span class='ocrx_word' id='word_1_336' title='bbox 949 2741 968 2774; x_wconf 87' lang='grc'><em>‹</em></span> <span class='ocrx_word' id='word_1_337' title='bbox 1004 2722 1308 2778; x_wconf 88' lang='lat' dir='ltr'><strong>secundum</strong></span> <span class='ocrx_word' id='word_1_338' title='bbox 1353 2721 1604 2777; x_wconf 88' lang='lat' dir='ltr'><strong>ordinem</strong></span> <span class='ocrx_word' id='word_1_339' title='bbox 1650 2721 1938 2777; x_wconf 87' lang='lat' dir='ltr'><strong>Melchise-</strong></span> 
     </span>
    </p>
   </div>
   <div class='ocr_carea' id='block_1_46' title="bbox 353 2814 1938 2888">
    <p class='ocr_par' dir='ltr' id='par_1_46' title="bbox 353 2814 1938 2888">
     <span class='ocr_line' id='line_1_46' title="bbox 353 2814 1938 2888; baseline -0.004 -15"><span class='ocrx_word' id='word_1_340' title='bbox 353 2817 475 2881; x_wconf 89' lang='lat' dir='ltr'><strong>dec,</strong></span> <span class='ocrx_word' id='word_1_341' title='bbox 514 2836 534 2869; x_wconf 75' lang='grc' dir='ltr'><strong>ι</strong></span> <span class='ocrx_word' id='word_1_342' title='bbox 572 2831 804 2888; x_wconf 87' lang='lat' dir='ltr'><strong>magnus</strong></span> <span class='ocrx_word' id='word_1_343' title='bbox 834 2816 1057 2886; x_wconf 90' lang='lat' dir='ltr'><strong>quidam</strong></span> <span class='ocrx_word' id='word_1_344' title='bbox 1085 2830 1230 2878; x_wconf 86' lang='lat' dir='ltr'><strong>esse,</strong></span> <span class='ocrx_word' id='word_1_345' title='bbox 1260 2822 1315 2870; x_wconf 93' lang='lat' dir='ltr'><strong>et</strong></span> <span class='ocrx_word' id='word_1_346' title='bbox 1344 2821 1540 2868; x_wconf 87' lang='lat' dir='ltr'><strong>natura</strong></span> <span class='ocrx_word' id='word_1_347' title='bbox 1567 2814 1826 2868; x_wconf 93' lang='lat' dir='ltr'><strong>omnibus</strong></span> <span class='ocrx_word' id='word_1_348' title='bbox 1851 2830 1938 2868; x_wconf 89' lang='lat' dir='ltr'><strong>su-</strong></span> 
     </span>
    </p>
   </div>
   <div class='ocr_carea' id='block_1_47' title="bbox 353 2907 1936 2983">
    <p class='ocr_par' dir='ltr' id='par_1_47' title="bbox 353 2907 1936 2983">
     <span class='ocr_line' id='line_1_47' title="bbox 353 2907 1936 2983; baseline -0.001 -18"><span class='ocrx_word' id='word_1_349' title='bbox 353 2914 541 2983; x_wconf 89' lang='lat' dir='ltr'><strong>perior</strong></span> <span class='ocrx_word' id='word_1_350' title='bbox 568 2911 793 2972; x_wconf 86' lang='lat' dir='ltr'><strong>dicitur,</strong></span> <span class='ocrx_word' id='word_1_351' title='bbox 819 2917 1006 2980; x_wconf 90' lang='lat' dir='ltr'><strong>utpote</strong></span> <span class='ocrx_word' id='word_1_352' title='bbox 1049 2909 1142 2978; x_wconf 90' lang='lat' dir='ltr'><strong>qui</strong></span> <span class='ocrx_word' id='word_1_353' title='bbox 1182 2916 1236 2964; x_wconf 90' lang='lat' dir='ltr'><strong>et</strong></span> <span class='ocrx_word' id='word_1_354' title='bbox 1285 2908 1528 2978; x_wconf 90' lang='lat' dir='ltr'><strong>supremi</strong></span> <span class='ocrx_word' id='word_1_355' title='bbox 1561 2907 1655 2962; x_wconf 89' lang='lat' dir='ltr'><strong>Dei</strong></span> <span class='ocrx_word' id='word_1_356' title='bbox 1680 2907 1936 2963; x_wconf 88' lang='lat' dir='ltr'><strong>sacerdos</strong></span> 
     </span>
    </p>
   </div>
   <div class='ocr_carea' id='block_1_48' title="bbox 353 3001 1938 3073">
    <p class='ocr_par' dir='ltr' id='par_1_48' title="bbox 353 3001 1938 3073">
     <span class='ocr_line' id='line_1_48' title="bbox 353 3001 1938 3073; baseline -0.001 -15"><span class='ocrx_word' id='word_1_357' title='bbox 353 3003 613 3058; x_wconf 68' lang='lat' dir='ltr'><strong>inereatae</strong></span> <span class='ocrx_word' id='word_1_358' title='bbox 650 3003 943 3073; x_wconf 81' lang='lat' dir='ltr'><strong>potestatis</strong></span> <span class='ocrx_word' id='word_1_359' title='bbox 967 3016 1286 3064; x_wconf 88' lang='lat' dir='ltr'><strong>consessor,</strong></span> <span class='ocrx_word' id='word_1_360' title='bbox 1339 3008 1395 3056; x_wconf 87' lang='lat' dir='ltr'><strong>et</strong></span> <span class='ocrx_word' id='word_1_361' title='bbox 1441 3001 1618 3070; x_wconf 91' lang='lat' dir='ltr'><strong>ipsius</strong></span> <span class='ocrx_word' id='word_1_362' title='bbox 1660 3001 1938 3071; x_wconf 67' lang='lat' dir='ltr'><strong>propheta:</strong></span> 
     </span>
    </p>
   </div>
   <div class='ocr_carea' id='block_1_49' title="bbox 351 3093 1932 3166">
    <p class='ocr_par' dir='ltr' id='par_1_49' title="bbox 351 3093 1932 3166">
     <span class='ocr_line' id='line_1_49' title="bbox 351 3093 1932 3166; baseline -0.001 -14"><span class='ocrx_word' id='word_1_363' title='bbox 351 3111 420 3152; x_wconf 81' lang='lat' dir='ltr'><strong>ac</strong></span> <span class='ocrx_word' id='word_1_364' title='bbox 455 3097 600 3166; x_wconf 86' lang='lat' dir='ltr'><strong>regis</strong></span> <span class='ocrx_word' id='word_1_365' title='bbox 629 3094 896 3150; x_wconf 89' lang='lat' dir='ltr'><strong>Dominus</strong></span> <span class='ocrx_word' id='word_1_366' title='bbox 929 3100 984 3150; x_wconf 91' lang='lat' dir='ltr'><strong>et</strong></span> <span class='ocrx_word' id='word_1_367' title='bbox 1021 3093 1302 3156; x_wconf 90' lang='lat' dir='ltr'><strong>sacerdos,</strong></span> <span class='ocrx_word' id='word_1_368' title='bbox 1328 3107 1437 3146; x_wconf 92' lang='lat' dir='ltr'><strong>non</strong></span> <span class='ocrx_word' id='word_1_369' title='bbox 1468 3093 1812 3162; x_wconf 87' lang='lat' dir='ltr'><strong>simpliciter,</strong></span> <span class='ocrx_word' id='word_1_370' title='bbox 1839 3093 1932 3150; x_wconf 90' lang='lat' dir='ltr'><strong>sed</strong></span> 
     </span>
    </p>
   </div>
   <div class='ocr_carea' id='block_1_50' title="bbox 354 3183 1935 3257">
    <p class='ocr_par' dir='ltr' id='par_1_50' title="bbox 354 3183 1935 3257">
     <span class='ocr_line' id='line_1_50' title="bbox 354 3183 1935 3257; baseline -0.003 -11"><span class='ocrx_word' id='word_1_371' title='bbox 354 3190 416 3246; x_wconf 83' lang='lat' dir='ltr'><strong>in</strong></span> <span class='ocrx_word' id='word_1_372' title='bbox 445 3197 714 3244; x_wconf 67' lang='lat' dir='ltr'><strong>mternum</strong></span> <span class='ocrx_word' id='word_1_373' title='bbox 747 3186 821 3242; x_wconf 88' lang='lat' dir='ltr'><strong>sit</strong></span> <span class='ocrx_word' id='word_1_374' title='bbox 839 3185 1044 3240; x_wconf 90' lang='lat' dir='ltr'><strong>Patris.</strong></span> <span class='ocrx_word' id='word_1_375' title='bbox 1072 3185 1215 3240; x_wconf 87' lang='lat' dir='ltr'><strong>Dicit</strong></span> <span class='ocrx_word' id='word_1_376' title='bbox 1245 3192 1428 3240; x_wconf 89' lang='lat' dir='ltr'><strong>autem</strong></span> <span class='ocrx_word' id='word_1_377' title='bbox 1474 3183 1694 3241; x_wconf 91' lang='lat' dir='ltr'><strong>divinus</strong></span> <span class='ocrx_word' id='word_1_378' title='bbox 1717 3202 1935 3257; x_wconf 87' lang='lat' dir='ltr'><strong>quoque</strong></span> 
     </span>
    </p>
   </div>
   <div class='ocr_carea' id='block_1_51' title="bbox 355 3278 1935 3352">
    <p class='ocr_par' dir='ltr' id='par_1_51' title="bbox 355 3278 1935 3352">
     <span class='ocr_line' id='line_1_51' title="bbox 355 3278 1935 3352; baseline -0.001 -17"><span class='ocrx_word' id='word_1_379' title='bbox 355 3282 663 3352; x_wconf 87' lang='lat' dir='ltr'><strong>apostolus,</strong></span> <span class='ocrx_word' id='word_1_380' title='bbox 715 3280 1008 3349; x_wconf 84' lang='lat' dir='ltr'><strong>explorans</strong></span> <span class='ocrx_word' id='word_1_381' title='bbox 1041 3294 1104 3333; x_wconf 88' lang='lat' dir='ltr'><strong>ea</strong></span> <span class='ocrx_word' id='word_1_382' title='bbox 1151 3295 1272 3349; x_wconf 81' lang='lat' dir='ltr'><strong>quae</strong></span> <span class='ocrx_word' id='word_1_383' title='bbox 1318 3279 1386 3334; x_wconf 90' lang='lat' dir='ltr'><strong>ad</strong></span> <span class='ocrx_word' id='word_1_384' title='bbox 1429 3278 1531 3334; x_wconf 92' lang='lat' dir='ltr'><strong>hos</strong></span> <span class='ocrx_word' id='word_1_385' title='bbox 1574 3279 1726 3336; x_wconf 85' lang='lat' dir='ltr'><strong>locos</strong></span> <span class='ocrx_word' id='word_1_386' title='bbox 1767 3281 1935 3351; x_wconf 85' lang='lat' dir='ltr'><strong>perti-</strong></span> 
     </span>
    </p>
   </div>
   <div class='ocr_carea' id='block_1_52' title="bbox 359 3369 1932 3440">
    <p class='ocr_par' dir='ltr' id='par_1_52' title="bbox 359 3369 1932 3440">
     <span class='ocr_line' id='line_1_52' title="bbox 359 3369 1932 3440; baseline 0.001 -13"><span class='ocrx_word' id='word_1_387' title='bbox 359 3379 512 3427; x_wconf 87' lang='lat' dir='ltr'><strong>nent.</strong></span> <span class='ocrx_word' id='word_1_388' title='bbox 537 3390 554 3422; x_wconf 75' lang='grc' dir='ltr'><strong>ι</strong></span> <span class='ocrx_word' id='word_1_389' title='bbox 580 3371 637 3424; x_wconf 92' lang='lat' dir='ltr'><strong>ln</strong></span> <span class='ocrx_word' id='word_1_390' title='bbox 668 3386 799 3440; x_wconf 92' lang='lat' dir='ltr'><strong>quo,</strong></span> <span class='ocrx_word' id='word_1_391' title='bbox 823 3369 1024 3439; x_wconf 90' lang='lat' dir='ltr'><strong>inquit,</strong></span> <span class='ocrx_word' id='word_1_392' title='bbox 1054 3370 1425 3426; x_wconf 87' lang='lat' dir='ltr'><strong>abundantius</strong></span> <span class='ocrx_word' id='word_1_393' title='bbox 1461 3370 1651 3425; x_wconf 87' lang='lat' dir='ltr'><strong>volens</strong></span> <span class='ocrx_word' id='word_1_394' title='bbox 1674 3370 1817 3426; x_wconf 88' lang='lat' dir='ltr'><strong>Deus</strong></span> <span class='ocrx_word' id='word_1_395' title='bbox 1839 3388 1932 3428; x_wconf 88' lang='lat' dir='ltr'><strong>os-</strong></span> 
     </span>
    </p>
   </div>
   <div class='ocr_carea' id='block_1_53' title="bbox 350 3461 1934 3529">
    <p class='ocr_par' dir='ltr' id='par_1_53' title="bbox 350 3461 1934 3529">
     <span class='ocr_line' id='line_1_53' title="bbox 350 3461 1934 3529; baseline -0.002 -9"><span class='ocrx_word' id='word_1_396' title='bbox 350 3463 578 3520; x_wconf 85' lang='lat' dir='ltr'><strong>tendere</strong></span> <span class='ocrx_word' id='word_1_397' title='bbox 603 3461 916 3518; x_wconf 70' lang='lat' dir='ltr'><strong>haeredibus</strong></span> <span class='ocrx_word' id='word_1_398' title='bbox 957 3461 1392 3517; x_wconf 90' lang='lat' dir='ltr'><strong>immobilitatem</strong></span> <span class='ocrx_word' id='word_1_399' title='bbox 1443 3464 1661 3518; x_wconf 90' lang='lat' dir='ltr'><strong>consilii</strong></span> <span class='ocrx_word' id='word_1_400' title='bbox 1705 3464 1812 3529; x_wconf 90' lang='lat' dir='ltr'><strong>sui,</strong></span> <span class='ocrx_word' id='word_1_401' title='bbox 1850 3464 1934 3517; x_wconf 92' lang='lat' dir='ltr'><strong>in-</strong></span> 
     </span>
    </p>
   </div>
   <div class='ocr_carea' id='block_1_54' title="bbox 349 3555 1930 3629">
    <p class='ocr_par' dir='ltr' id='par_1_54' title="bbox 349 3555 1930 3629">
     <span class='ocr_line' id='line_1_54' title="bbox 349 3555 1930 3629; baseline 0 -17"><span class='ocrx_word' id='word_1_402' title='bbox 349 3558 621 3629; x_wconf 89' lang='lat' dir='ltr'><strong>terposuit</strong></span> <span class='ocrx_word' id='word_1_403' title='bbox 646 3555 1056 3627; x_wconf 83' lang='lat' dir='ltr'><strong>jusjurandum,</strong></span> <span class='ocrx_word' id='word_1_404' title='bbox 1093 3565 1154 3610; x_wconf 83' lang='lat' dir='ltr'><strong>ut</strong></span> <span class='ocrx_word' id='word_1_405' title='bbox 1187 3571 1283 3625; x_wconf 89' lang='lat' dir='ltr'><strong>per</strong></span> <span class='ocrx_word' id='word_1_406' title='bbox 1308 3557 1446 3612; x_wconf 88' lang='lat' dir='ltr'><strong>duas</strong></span> <span class='ocrx_word' id='word_1_407' title='bbox 1479 3573 1566 3612; x_wconf 90' lang='lat' dir='ltr'><strong>res</strong></span> <span class='ocrx_word' id='word_1_408' title='bbox 1601 3557 1930 3622; x_wconf 90' lang='lat' dir='ltr'><strong>immobiles,</strong></span> 
     </span>
    </p>
   </div>
   <div class='ocr_carea' id='block_1_55' title="bbox 352 3649 1931 3722">
    <p class='ocr_par' dir='ltr' id='par_1_55' title="bbox 352 3649 1931 3722">
     <span class='ocr_line' id='line_1_55' title="bbox 352 3649 1931 3722; baseline -0.002 -16"><span class='ocrx_word' id='word_1_409' title='bbox 352 3651 556 3722; x_wconf 88' lang='lat' dir='ltr'><strong>quibus</strong></span> <span class='ocrx_word' id='word_1_410' title='bbox 592 3650 934 3722; x_wconf 86' lang='lat' dir='ltr'><strong>impossibile</strong></span> <span class='ocrx_word' id='word_1_411' title='bbox 964 3662 1049 3706; x_wconf 87' lang='lat' dir='ltr'><strong>est</strong></span> <span class='ocrx_word' id='word_1_412' title='bbox 1082 3649 1303 3706; x_wconf 90' lang='lat' dir='ltr'><strong>mentiri</strong></span> <span class='ocrx_word' id='word_1_413' title='bbox 1335 3649 1527 3715; x_wconf 91' lang='lat' dir='ltr'><strong>Deum,</strong></span> <span class='ocrx_word' id='word_1_414' title='bbox 1570 3649 1931 3706; x_wconf 83' lang='lat' dir='ltr'><strong>fortissimum</strong></span> 
     </span>
    </p>
   </div>
   <div class='ocr_carea' id='block_1_56' title="bbox 350 3740 1932 3812">
    <p class='ocr_par' dir='ltr' id='par_1_56' title="bbox 350 3740 1932 3812">
     <span class='ocr_line' id='line_1_56' title="bbox 350 3740 1932 3812; baseline 0.001 -16"><span class='ocrx_word' id='word_1_415' title='bbox 350 3742 608 3796; x_wconf 89' lang='lat' dir='ltr'><strong>solatium</strong></span> <span class='ocrx_word' id='word_1_416' title='bbox 639 3741 938 3796; x_wconf 88' lang='lat' dir='ltr'><strong>habeamus</strong></span> <span class='ocrx_word' id='word_1_417' title='bbox 963 3740 1008 3773; x_wconf 81' lang='grc'><strong>’⁸</strong></span> <span class='ocrx_word' id='word_1_418' title='bbox 1027 3757 1041 3806; x_wconf 95' lang='grc'><strong>;</strong></span> <span class='ocrx_word' id='word_1_419' title='bbox 1061 3749 1114 3796; x_wconf 90' lang='lat' dir='ltr'><strong>et</strong></span> <span class='ocrx_word' id='word_1_420' title='bbox 1137 3755 1330 3797; x_wconf 90' lang='lat' dir='ltr'><strong>rursus</strong></span> <span class='ocrx_word' id='word_1_421' title='bbox 1353 3759 1367 3796; x_wconf 90' lang='lat'><strong>:</strong></span> <span class='ocrx_word' id='word_1_422' title='bbox 1394 3759 1412 3792; x_wconf 76' lang='grc' dir='ltr'><strong>ι</strong></span> <span class='ocrx_word' id='word_1_423' title='bbox 1443 3742 1548 3795; x_wconf 87' lang='lat' dir='ltr'><strong>Alii</strong></span> <span class='ocrx_word' id='word_1_424' title='bbox 1573 3741 1791 3812; x_wconf 82' lang='lat' dir='ltr'><strong>quidem</strong></span> <span class='ocrx_word' id='word_1_425' title='bbox 1815 3742 1932 3798; x_wconf 88' lang='lat' dir='ltr'><strong>sine</strong></span> 
     </span>
    </p>
   </div>
   <div class='ocr_carea' id='block_1_57' title="bbox 346 3831 1928 3904">
    <p class='ocr_par' dir='ltr' id='par_1_57' title="bbox 346 3831 1928 3904">
     <span class='ocr_line' id='line_1_57' title="bbox 346 3831 1928 3904; baseline 0.002 -19"><span class='ocrx_word' id='word_1_426' title='bbox 346 3832 709 3904; x_wconf 82' lang='lat' dir='ltr'><strong>jurejurando</strong></span> <span class='ocrx_word' id='word_1_427' title='bbox 744 3831 1059 3888; x_wconf 83' lang='lat' dir='ltr'><strong>sacerdotes</strong></span> <span class='ocrx_word' id='word_1_428' title='bbox 1109 3832 1236 3888; x_wconf 74' lang='lat' dir='ltr'><strong>facti</strong></span> <span class='ocrx_word' id='word_1_429' title='bbox 1266 3841 1415 3896; x_wconf 91' lang='lat' dir='ltr'><strong>sunt,</strong></span> <span class='ocrx_word' id='word_1_430' title='bbox 1456 3833 1546 3887; x_wconf 88' lang='lat' dir='ltr'><strong>hic</strong></span> <span class='ocrx_word' id='word_1_431' title='bbox 1593 3842 1774 3889; x_wconf 89' lang='lat' dir='ltr'><strong>autem</strong></span> <span class='ocrx_word' id='word_1_432' title='bbox 1804 3850 1928 3890; x_wconf 81' lang='lat' dir='ltr'><strong>cum</strong></span> 
     </span>
    </p>
   </div>
   <div class='ocr_carea' id='block_1_58' title="bbox 343 3923 1931 3996">
    <p class='ocr_par' dir='ltr' id='par_1_58' title="bbox 343 3923 1931 3996">
     <span class='ocr_line' id='line_1_58' title="bbox 343 3923 1931 3996; baseline 0.001 -18"><span class='ocrx_word' id='word_1_433' title='bbox 343 3925 729 3994; x_wconf 75' lang='lat' dir='ltr'><strong>jurejurando,</strong></span> <span class='ocrx_word' id='word_1_434' title='bbox 763 3939 859 3992; x_wconf 89' lang='lat' dir='ltr'><strong>per</strong></span> <span class='ocrx_word' id='word_1_435' title='bbox 907 3939 1034 3979; x_wconf 89' lang='lat' dir='ltr'><strong>eum</strong></span> <span class='ocrx_word' id='word_1_436' title='bbox 1065 3925 1159 3996; x_wconf 87' lang='lat' dir='ltr'><strong>qui</strong></span> <span class='ocrx_word' id='word_1_437' title='bbox 1190 3925 1328 3979; x_wconf 82' lang='lat' dir='ltr'><strong>dixit</strong></span> <span class='ocrx_word' id='word_1_438' title='bbox 1370 3923 1435 3978; x_wconf 88' lang='lat' dir='ltr'><strong>ad</strong></span> <span class='ocrx_word' id='word_1_439' title='bbox 1491 3925 1642 3978; x_wconf 92' lang='lat' dir='ltr'><strong>illum</strong></span> <span class='ocrx_word' id='word_1_440' title='bbox 1676 3943 1689 3978; x_wconf 87' lang='lat'><strong>:</strong></span> <span class='ocrx_word' id='word_1_441' title='bbox 1717 3923 1931 3980; x_wconf 84' lang='lat' dir='ltr'><strong>Juravit</strong></span> 
     </span>
    </p>
   </div>
   <div class='ocr_carea' id='block_1_59' title="bbox 347 4018 1929 4087">
    <p class='ocr_par' dir='ltr' id='par_1_59' title="bbox 347 4018 1929 4087">
     <span class='ocr_line' id='line_1_59' title="bbox 347 4018 1929 4087; baseline 0.001 -16"><span class='ocrx_word' id='word_1_442' title='bbox 347 4019 613 4073; x_wconf 82' lang='lat' dir='ltr'><strong>Dominus</strong></span> <span class='ocrx_word' id='word_1_443' title='bbox 641 4025 696 4073; x_wconf 92' lang='lat' dir='ltr'><strong>et</strong></span> <span class='ocrx_word' id='word_1_444' title='bbox 731 4031 841 4071; x_wconf 90' lang='lat' dir='ltr'><strong>non</strong></span> <span class='ocrx_word' id='word_1_445' title='bbox 883 4018 1171 4087; x_wconf 73' lang='lat' dir='ltr'><strong>paenitebit</strong></span> <span class='ocrx_word' id='word_1_446' title='bbox 1203 4035 1350 4079; x_wconf 91' lang='lat' dir='ltr'><strong>eum,</strong></span> <span class='ocrx_word' id='word_1_447' title='bbox 1384 4026 1442 4071; x_wconf 92' lang='lat' dir='ltr'><strong>tu</strong></span> <span class='ocrx_word' id='word_1_448' title='bbox 1487 4033 1548 4073; x_wconf 87' lang='lat' dir='ltr'><strong>es</strong></span> <span class='ocrx_word' id='word_1_449' title='bbox 1583 4019 1844 4074; x_wconf 88' lang='lat' dir='ltr'><strong>sacerdos</strong></span> <span class='ocrx_word' id='word_1_450' title='bbox 1874 4020 1929 4072; x_wconf 89' lang='lat' dir='ltr'><strong>in</strong></span> 
     </span>
    </p>
   </div>
   <div class='ocr_carea' id='block_1_60' title="bbox 344 4108 1928 4175">
    <p class='ocr_par' dir='ltr' id='par_1_60' title="bbox 344 4108 1928 4175">
     <span class='ocr_line' id='line_1_60' title="bbox 344 4108 1928 4175; baseline -0.001 -9"><span class='ocrx_word' id='word_1_451' title='bbox 344 4121 633 4174; x_wconf 65' lang='lat' dir='ltr'><strong>aeternum,</strong></span> <span class='ocrx_word' id='word_1_452' title='bbox 665 4109 968 4167; x_wconf 89' lang='lat' dir='ltr'><strong>secundum</strong></span> <span class='ocrx_word' id='word_1_453' title='bbox 998 4109 1246 4164; x_wconf 87' lang='lat' dir='ltr'><strong>ordinem</strong></span> <span class='ocrx_word' id='word_1_454' title='bbox 1297 4108 1694 4175; x_wconf 82' lang='lat' dir='ltr'><strong>Melchisedec;</strong></span> <span class='ocrx_word' id='word_1_455' title='bbox 1748 4120 1802 4164; x_wconf 78' lang='lat' dir='ltr'><strong>et</strong></span> <span class='ocrx_word' id='word_1_456' title='bbox 1835 4110 1928 4164; x_wconf 91' lang='lat' dir='ltr'><strong>alii</strong></span> 
     </span>
    </p>
   </div>
   <div class='ocr_carea' id='block_1_61' title="bbox 345 4198 1927 4274">
    <p class='ocr_par' dir='ltr' id='par_1_61' title="bbox 345 4198 1927 4274">
     <span class='ocr_line' id='line_1_61' title="bbox 345 4198 1927 4274; baseline -0.001 -17"><span class='ocrx_word' id='word_1_457' title='bbox 345 4204 567 4274; x_wconf 91' lang='lat' dir='ltr'><strong>quidem</strong></span> <span class='ocrx_word' id='word_1_458' title='bbox 598 4203 784 4273; x_wconf 89' lang='lat' dir='ltr'><strong>plures</strong></span> <span class='ocrx_word' id='word_1_459' title='bbox 819 4201 947 4257; x_wconf 82' lang='lat' dir='ltr'><strong>facti</strong></span> <span class='ocrx_word' id='word_1_460' title='bbox 981 4208 1111 4256; x_wconf 89' lang='lat' dir='ltr'><strong>sunt</strong></span> <span class='ocrx_word' id='word_1_461' title='bbox 1140 4199 1473 4265; x_wconf 87' lang='lat' dir='ltr'><strong>sacerdotes,</strong></span> <span class='ocrx_word' id='word_1_462' title='bbox 1526 4198 1733 4254; x_wconf 89' lang='lat' dir='ltr'><strong>ideirco</strong></span> <span class='ocrx_word' id='word_1_463' title='bbox 1777 4200 1927 4270; x_wconf 88' lang='lat' dir='ltr'><strong>quod</strong></span> 
     </span>
    </p>
   </div>
   <div class='ocr_carea' id='block_1_62' title="bbox 344 4287 1928 4364">
    <p class='ocr_par' dir='ltr' id='par_1_62' title="bbox 344 4287 1928 4364">
     <span class='ocr_line' id='line_1_62' title="bbox 344 4287 1928 4364; baseline -0.004 -14"><span class='ocrx_word' id='word_1_464' title='bbox 344 4303 521 4350; x_wconf 87' lang='lat' dir='ltr'><strong>morte</strong></span> <span class='ocrx_word' id='word_1_465' title='bbox 575 4293 1001 4364; x_wconf 82' lang='lat' dir='ltr'><strong>prohiberentur</strong></span> <span class='ocrx_word' id='word_1_466' title='bbox 1058 4304 1379 4360; x_wconf 87' lang='lat' dir='ltr'><strong>permanere</strong></span> <span class='ocrx_word' id='word_1_467' title='bbox 1425 4306 1438 4341; x_wconf 87' lang='lat'><strong>:</strong></span> <span class='ocrx_word' id='word_1_468' title='bbox 1486 4287 1576 4342; x_wconf 89' lang='lat' dir='ltr'><strong>hic</strong></span> <span class='ocrx_word' id='word_1_469' title='bbox 1639 4298 1820 4342; x_wconf 89' lang='lat' dir='ltr'><strong>autem</strong></span> <span class='ocrx_word' id='word_1_470' title='bbox 1861 4302 1928 4343; x_wconf 88' lang='lat' dir='ltr'><strong>eo</strong></span> 
     </span>
    </p>
   </div>
   <div class='ocr_carea' id='block_1_63' title="bbox 343 4379 1928 4456">
    <p class='ocr_par' dir='ltr' id='par_1_63' title="bbox 343 4379 1928 4456">
     <span class='ocr_line' id='line_1_63' title="bbox 343 4379 1928 4456; baseline -0.003 -17"><span class='ocrx_word' id='word_1_471' title='bbox 343 4385 492 4456; x_wconf 84' lang='lat' dir='ltr'><strong>quod</strong></span> <span class='ocrx_word' id='word_1_472' title='bbox 536 4393 755 4439; x_wconf 90' lang='lat' dir='ltr'><strong>maneat</strong></span> <span class='ocrx_word' id='word_1_473' title='bbox 784 4384 841 4438; x_wconf 91' lang='lat' dir='ltr'><strong>in</strong></span> <span class='ocrx_word' id='word_1_474' title='bbox 896 4392 1182 4445; x_wconf 65' lang='lat' dir='ltr'><strong>aeternum,</strong></span> <span class='ocrx_word' id='word_1_475' title='bbox 1215 4381 1616 4449; x_wconf 89' lang='lat' dir='ltr'><strong>sempiternum.</strong></span> <span class='ocrx_word' id='word_1_476' title='bbox 1639 4379 1806 4434; x_wconf 84' lang='lat' dir='ltr'><strong>habet</strong></span> <span class='ocrx_word' id='word_1_477' title='bbox 1837 4396 1928 4436; x_wconf 73' lang='lat' dir='ltr'><strong>sa~</strong></span> 
     </span>
    </p>
   </div>
   <div class='ocr_carea' id='block_1_64' title="bbox 2041 1892 3630 1970">
    <p class='ocr_par' dir='ltr' id='par_1_64' title="bbox 2041 1892 3630 1970">
     <span class='ocr_line' id='line_1_64' title="bbox 2041 1892 3630 1970; baseline 0.005 -25"><span class='ocrx_word' id='word_1_478' title='bbox 2041 1892 2174 1946; x_wconf 83' lang='grc' dir='ltr'>ὅλων</span> <span class='ocrx_word' id='word_1_479' title='bbox 2227 1895 2518 1968; x_wconf 84' lang='grc' dir='ltr'>ἱερωμένη,</span> <span class='ocrx_word' id='word_1_480' title='bbox 2553 1897 2694 1951; x_wconf 89' lang='grc' dir='ltr'><strong>κατά</strong></span> <span class='ocrx_word' id='word_1_481' title='bbox 2724 1898 2792 1951; x_wconf 79' lang='grc' dir='ltr'><strong>τὰ</strong></span> <span class='ocrx_word' id='word_1_482' title='bbox 2831 1897 3094 1970; x_wconf 77' lang='grc' dir='ltr'>Ἐϐραίων</span> <span class='ocrx_word' id='word_1_483' title='bbox 3132 1899 3306 1968; x_wconf 85' lang='grc' dir='ltr'>λόγια,</span> <span class='ocrx_word' id='word_1_484' title='bbox 3340 1901 3399 1952; x_wconf 86' lang='grc' dir='ltr'><strong>οὑ</strong></span> <span class='ocrx_word' id='word_1_485' title='bbox 3434 1900 3630 1969; x_wconf 79' lang='grc' dir='ltr'>γεώδει</span> 
     </span>
    </p>
   </div>
   <div class='ocr_carea' id='block_1_65' title="bbox 2041 1987 3629 2062">
    <p class='ocr_par' dir='ltr' id='par_1_65' title="bbox 2041 1987 3629 2062">
     <span class='ocr_line' id='line_1_65' title="bbox 2041 1987 3629 2062; baseline 0.003 -23"><span class='ocrx_word' id='word_1_486' title='bbox 2041 1987 2134 2040; x_wconf 82' lang='lat' dir='ltr'><strong>xui</strong></span> <span class='ocrx_word' id='word_1_487' title='bbox 2165 1987 2492 2060; x_wconf 82' lang='grc' dir='ltr'>ἀνθρωπίνῳ</span> <span class='ocrx_word' id='word_1_488' title='bbox 2533 1989 2718 2061; x_wconf 79' lang='grc' dir='ltr'>μύρῳ,</span> <span class='ocrx_word' id='word_1_489' title='bbox 2755 1989 3051 2061; x_wconf 84' lang='grc' dir='ltr'>θεοπρεπεῖ</span> <span class='ocrx_word' id='word_1_490' title='bbox 3075 1991 3140 2056; x_wconf 51' lang='grc' dir='ltr'>,δέ</span> <span class='ocrx_word' id='word_1_491' title='bbox 3188 2009 3292 2045; x_wconf 89' lang='grc' dir='ltr'>τινι</span> <span class='ocrx_word' id='word_1_492' title='bbox 3333 1993 3427 2044; x_wconf 78' lang='grc' dir='ltr'><strong>καὶ</strong></span> <span class='ocrx_word' id='word_1_493' title='bbox 3459 1991 3629 2062; x_wconf 80' lang='grc' dir='ltr'>ἑνθέῳ</span> 
     </span>
    </p>
   </div>
   <div class='ocr_carea' id='block_1_66' title="bbox 2042 2081 3628 2156">
    <p class='ocr_par' dir='ltr' id='par_1_66' title="bbox 2042 2081 3628 2156">
     <span class='ocr_line' id='line_1_66' title="bbox 2042 2081 3628 2156; baseline 0.003 -24"><span class='ocrx_word' id='word_1_494' title='bbox 2042 2081 2210 2151; x_wconf 77' lang='grc' dir='ltr'>ἀρετῇ</span> <span class='ocrx_word' id='word_1_495' title='bbox 2241 2098 2298 2133; x_wconf 82' lang='grc' dir='ltr'><strong>τε</strong></span> <span class='ocrx_word' id='word_1_496' title='bbox 2346 2083 2439 2134; x_wconf 86' lang='lat' dir='ltr'><strong>xui</strong></span> <span class='ocrx_word' id='word_1_497' title='bbox 2469 2082 2696 2153; x_wconf 85' lang='grc' dir='ltr'>δυνάμει</span> <span class='ocrx_word' id='word_1_498' title='bbox 2734 2082 2982 2155; x_wconf 80' lang='grc' dir='ltr'>ἱερᾶσθαι</span> <span class='ocrx_word' id='word_1_499' title='bbox 3013 2082 3389 2156; x_wconf 84' lang='grc' dir='ltr'>καθεσταμένη</span> <span class='ocrx_word' id='word_1_500' title='bbox 3534 2085 3628 2136; x_wconf 78' lang='grc' dir='ltr'>ἐπὶ</span> 
     </span>
    </p>
   </div>
   <div class='ocr_carea' id='block_1_67' title="bbox 2041 2172 3628 2248">
    <p class='ocr_par' dir='ltr' id='par_1_67' title="bbox 2041 2172 3628 2248">
     <span class='ocr_line' id='line_1_67' title="bbox 2041 2172 3628 2248; baseline 0.003 -24"><span class='ocrx_word' id='word_1_501' title='bbox 2041 2172 2256 2226; x_wconf 85' lang='grc' dir='ltr'>πάντων</span> <span class='ocrx_word' id='word_1_502' title='bbox 2289 2173 2425 2244; x_wconf 80' lang='grc' dir='ltr'>Θεῷ.</span> <span class='ocrx_word' id='word_1_503' title='bbox 2482 2175 2538 2227; x_wconf 79' lang='lat'><strong>&#39;0</strong></span> <span class='ocrx_word' id='word_1_504' title='bbox 2583 2173 2712 2243; x_wconf 90' lang='grc' dir='ltr'>γοῦν</span> <span class='ocrx_word' id='word_1_505' title='bbox 2745 2176 2833 2228; x_wconf 80' lang='grc' dir='ltr'>διὰ</span> <span class='ocrx_word' id='word_1_506' title='bbox 2879 2175 2974 2228; x_wconf 86' lang='grc' dir='ltr'><strong>τοῦ</strong></span> <span class='ocrx_word' id='word_1_507' title='bbox 3023 2175 3238 2246; x_wconf 69' lang='grc' dir='ltr'>ψαλμοῦ</span> <span class='ocrx_word' id='word_1_508' title='bbox 3289 2177 3628 2248; x_wconf 75' lang='grc' dir='ltr'>προφητευό-</span> 
     </span>
    </p>
   </div>
   <div class='ocr_carea' id='block_1_68' title="bbox 2045 2266 3628 2339">
    <p class='ocr_par' dir='ltr' id='par_1_68' title="bbox 2045 2266 3628 2339">
     <span class='ocr_line' id='line_1_68' title="bbox 2045 2266 3628 2339; baseline 0.003 -23"><span class='ocrx_word' id='word_1_509' title='bbox 2045 2281 2204 2333; x_wconf 87' lang='grc' dir='ltr'>μενος</span> <span class='ocrx_word' id='word_1_510' title='bbox 2234 2266 2480 2338; x_wconf 79' lang='grc' dir='ltr'>παρέστη</span> <span class='ocrx_word' id='word_1_511' title='bbox 2530 2266 2788 2339; x_wconf 81' lang='grc' dir='ltr'>ἄντικρυς</span> <span class='ocrx_word' id='word_1_512' title='bbox 2826 2267 3003 2339; x_wconf 88' lang='grc' dir='ltr'>ἱερεύς</span> <span class='ocrx_word' id='word_1_513' title='bbox 3029 2285 3112 2331; x_wconf 89' lang='grc' dir='ltr'><strong>τις</strong></span> <span class='ocrx_word' id='word_1_514' title='bbox 3153 2267 3226 2322; x_wconf 83' lang='grc' dir='ltr'>ὣν</span> <span class='ocrx_word' id='word_1_515' title='bbox 3269 2266 3484 2332; x_wconf 87' lang='grc' dir='ltr'>αἰώνιος</span> <span class='ocrx_word' id='word_1_516' title='bbox 3533 2268 3628 2320; x_wconf 80' lang='lat' dir='ltr'><strong>xui</strong></span> 
     </span>
    </p>
   </div>
   <div class='ocr_carea' id='block_1_69' title="bbox 2041 2357 3626 2429">
    <p class='ocr_par' dir='ltr' id='par_1_69' title="bbox 2041 2357 3626 2429">
     <span class='ocr_line' id='line_1_69' title="bbox 2041 2357 3626 2429; baseline 0.001 -20"><span class='ocrx_word' id='word_1_517' title='bbox 2041 2357 2154 2420; x_wconf 85' lang='grc' dir='ltr'>υίὸς</span> <span class='ocrx_word' id='word_1_518' title='bbox 2189 2358 2410 2427; x_wconf 62' lang='grc' dir='ltr'>ὑψίστου</span> <span class='ocrx_word' id='word_1_519' title='bbox 2455 2358 2625 2425; x_wconf 87' lang='grc' dir='ltr'>Θεοῦ,</span> <span class='ocrx_word' id='word_1_520' title='bbox 2661 2361 2736 2424; x_wconf 86' lang='grc' dir='ltr'><strong>ώς</strong></span> <span class='ocrx_word' id='word_1_521' title='bbox 2785 2361 2850 2413; x_wconf 82' lang='grc' dir='ltr'>ἂν</span> <span class='ocrx_word' id='word_1_522' title='bbox 2895 2361 2986 2413; x_wconf 89' lang='grc' dir='ltr'>ὑπ’</span> <span class='ocrx_word' id='word_1_523' title='bbox 3034 2359 3198 2413; x_wconf 87' lang='grc' dir='ltr'>αὑτοῦ</span> <span class='ocrx_word' id='word_1_524' title='bbox 3249 2360 3341 2413; x_wconf 91' lang='grc' dir='ltr'><strong>τοῦ</strong></span> <span class='ocrx_word' id='word_1_525' title='bbox 3399 2361 3626 2429; x_wconf 63' lang='grc' dir='ltr'>ὑψίστου</span> 
     </span>
    </p>
   </div>
   <div class='ocr_carea' id='block_1_70' title="bbox 2040 2448 3628 2527">
    <p class='ocr_par' dir='ltr' id='par_1_70' title="bbox 2040 2448 3628 2527">
     <span class='ocr_line' id='line_1_70' title="bbox 2040 2448 3628 2527; baseline 0.002 -26"><span class='ocrx_word' id='word_1_526' title='bbox 2040 2448 2173 2502; x_wconf 85' lang='grc' dir='ltr'>Θεοῦ</span> <span class='ocrx_word' id='word_1_527' title='bbox 2209 2451 2593 2522; x_wconf 81' lang='grc' dir='ltr'>γεγενημένος,</span> <span class='ocrx_word' id='word_1_528' title='bbox 2628 2452 2723 2505; x_wconf 88' lang='lat' dir='ltr'><strong>xui</strong></span> <span class='ocrx_word' id='word_1_529' title='bbox 2759 2451 3045 2527; x_wconf 92' lang='grc' dir='ltr'>σύνθρονος</span> <span class='ocrx_word' id='word_1_530' title='bbox 3079 2453 3178 2523; x_wconf 81' lang='grc' dir='ltr'><strong>τῆς</strong></span> <span class='ocrx_word' id='word_1_531' title='bbox 3222 2452 3500 2524; x_wconf 81' lang='grc' dir='ltr'>βασιλείας</span> <span class='ocrx_word' id='word_1_532' title='bbox 3526 2453 3628 2505; x_wconf 87' lang='grc' dir='ltr'>αὑ-</span> 
     </span>
    </p>
   </div>
   <div class='ocr_carea' id='block_1_71' title="bbox 2037 2537 3628 2615">
    <p class='ocr_par' dir='ltr' id='par_1_71' title="bbox 2037 2537 3628 2615">
     <span class='ocr_line' id='line_1_71' title="bbox 2037 2537 3628 2615; baseline 0.004 -26"><span class='ocrx_word' id='word_1_533' title='bbox 2037 2537 2154 2590; x_wconf 90' lang='grc' dir='ltr'>τοῦ.</span> <span class='ocrx_word' id='word_1_534' title='bbox 2180 2539 2456 2594; x_wconf 79' lang='grc' dir='ltr'>Δέδεικται</span> <span class='ocrx_word' id='word_1_535' title='bbox 2488 2541 2544 2593; x_wconf 82' lang='grc' dir='ltr'><strong>δὲ</strong></span> <span class='ocrx_word' id='word_1_536' title='bbox 2573 2543 2668 2594; x_wconf 85' lang='lat' dir='ltr'><strong>xui</strong></span> <span class='ocrx_word' id='word_1_537' title='bbox 2700 2543 2728 2594; x_wconf 93' lang='lat'><strong>6</strong></span> <span class='ocrx_word' id='word_1_538' title='bbox 2761 2542 2849 2596; x_wconf 86' lang='grc' dir='ltr'>διὰ</span> <span class='ocrx_word' id='word_1_539' title='bbox 2881 2541 2974 2596; x_wconf 93' lang='grc' dir='ltr'><strong>τοῦ</strong></span> <span class='ocrx_word' id='word_1_540' title='bbox 3007 2542 3230 2595; x_wconf 84' lang='grc' dir='ltr'>Ἦσαῒου</span> <span class='ocrx_word' id='word_1_541' title='bbox 3263 2543 3497 2614; x_wconf 79' lang='grc' dir='ltr'>Χριστὸς</span> <span class='ocrx_word' id='word_1_542' title='bbox 3527 2543 3628 2615; x_wconf 88' lang='grc' dir='ltr'><strong>οὑχ</strong></span> 
     </span>
    </p>
   </div>
   <div class='ocr_carea' id='block_1_72' title="bbox 2040 2631 3629 2706">
    <p class='ocr_par' dir='ltr' id='par_1_72' title="bbox 2040 2631 3629 2706">
     <span class='ocr_line' id='line_1_72' title="bbox 2040 2631 3629 2706; baseline 0.003 -23"><span class='ocrx_word' id='word_1_543' title='bbox 2040 2631 2130 2683; x_wconf 78' lang='grc' dir='ltr'>ὑπ’</span> <span class='ocrx_word' id='word_1_544' title='bbox 2164 2631 2466 2702; x_wconf 89' lang='grc' dir='ltr'>ἀνθρώπων</span> <span class='ocrx_word' id='word_1_545' title='bbox 2509 2632 2768 2701; x_wconf 87' lang='grc' dir='ltr'>γεγονὼς,</span> <span class='ocrx_word' id='word_1_546' title='bbox 2794 2633 2908 2687; x_wconf 80' lang='grc' dir='ltr'>ἀλλ’</span> <span class='ocrx_word' id='word_1_547' title='bbox 2953 2635 3046 2688; x_wconf 83' lang='grc' dir='ltr'>ὑπ’</span> <span class='ocrx_word' id='word_1_548' title='bbox 3076 2633 3239 2686; x_wconf 85' lang='grc' dir='ltr'>αὑτοῦ</span> <span class='ocrx_word' id='word_1_549' title='bbox 3279 2633 3495 2706; x_wconf 85' lang='grc' dir='ltr'>Πατρὸς</span> <span class='ocrx_word' id='word_1_550' title='bbox 3531 2635 3629 2688; x_wconf 82' lang='lat' dir='ltr'><strong>xui</strong></span> 
     </span>
    </p>
   </div>
   <div class='ocr_carea' id='block_1_73' title="bbox 2038 2723 3626 2799">
    <p class='ocr_par' dir='ltr' id='par_1_73' title="bbox 2038 2723 3626 2799">
     <span class='ocr_line' id='line_1_73' title="bbox 2038 2723 3626 2799; baseline 0.003 -23"><span class='ocrx_word' id='word_1_551' title='bbox 2038 2723 2128 2778; x_wconf 86' lang='grc' dir='ltr'><strong>διά</strong></span> <span class='ocrx_word' id='word_1_552' title='bbox 2159 2723 2251 2776; x_wconf 81' lang='grc' dir='ltr'><strong>τοῦ</strong></span> <span class='ocrx_word' id='word_1_553' title='bbox 2282 2723 2466 2777; x_wconf 78' lang='grc' dir='ltr'>ἐνθέου</span> <span class='ocrx_word' id='word_1_554' title='bbox 2501 2725 2822 2796; x_wconf 86' lang='grc' dir='ltr'>Πνεύματος</span> <span class='ocrx_word' id='word_1_555' title='bbox 2845 2727 3227 2798; x_wconf 84' lang='grc' dir='ltr'>κεχρισμένος,</span> <span class='ocrx_word' id='word_1_556' title='bbox 3259 2726 3539 2799; x_wconf 78' lang='grc' dir='ltr'>λυτρωτής</span> <span class='ocrx_word' id='word_1_557' title='bbox 3565 2743 3626 2780; x_wconf 88' lang='grc' dir='ltr'><strong>τε</strong></span> 
     </span>
    </p>
   </div>
   <div class='ocr_carea' id='block_1_74' title="bbox 2038 2816 3627 2890">
    <p class='ocr_par' dir='ltr' id='par_1_74' title="bbox 2038 2816 3627 2890">
     <span class='ocr_line' id='line_1_74' title="bbox 2038 2816 3627 2890; baseline 0.003 -21"><span class='ocrx_word' id='word_1_558' title='bbox 2038 2816 2449 2888; x_wconf 84' lang='grc' dir='ltr'>ἀπεσταλμένος</span> <span class='ocrx_word' id='word_1_559' title='bbox 2475 2817 2573 2886; x_wconf 85' lang='grc' dir='ltr'>τῆς</span> <span class='ocrx_word' id='word_1_560' title='bbox 2601 2817 2709 2870; x_wconf 83' lang='grc' dir='ltr'><strong>τῶν</strong></span> <span class='ocrx_word' id='word_1_561' title='bbox 2730 2818 3033 2890; x_wconf 85' lang='grc' dir='ltr'>ἀνθρώπων</span> <span class='ocrx_word' id='word_1_562' title='bbox 3063 2819 3455 2889; x_wconf 87' lang='grc' dir='ltr'>αἰχμαλωσίας.</span> <span class='ocrx_word' id='word_1_563' title='bbox 3492 2819 3627 2873; x_wconf 85' lang='grc' dir='ltr'>Τοῦ-</span> 
     </span>
    </p>
   </div>
   <div class='ocr_carea' id='block_1_75' title="bbox 2036 2905 3622 2984">
    <p class='ocr_par' dir='ltr' id='par_1_75' title="bbox 2036 2905 3622 2984">
     <span class='ocr_line' id='line_1_75' title="bbox 2036 2905 3622 2984; baseline 0.002 -22"><span class='ocrx_word' id='word_1_564' title='bbox 2036 2927 2128 2962; x_wconf 87' lang='grc' dir='ltr'><strong>τον</strong></span> <span class='ocrx_word' id='word_1_565' title='bbox 2175 2910 2239 2980; x_wconf 81' lang='grc' dir='ltr'><strong>δὴ</strong></span> <span class='ocrx_word' id='word_1_566' title='bbox 2288 2905 2379 2962; x_wconf 89' lang='grc' dir='ltr'><strong>οῦν</strong></span> <span class='ocrx_word' id='word_1_567' title='bbox 2419 2909 2692 2980; x_wconf 88' lang='grc' dir='ltr'>πνεύματι</span> <span class='ocrx_word' id='word_1_568' title='bbox 2762 2909 2894 2981; x_wconf 81' lang='grc' dir='ltr'>θείῳ</span> <span class='ocrx_word' id='word_1_569' title='bbox 2943 2911 3274 2982; x_wconf 87' lang='grc' dir='ltr'>τεθεαμένος</span> <span class='ocrx_word' id='word_1_570' title='bbox 3321 2912 3348 2963; x_wconf 89' lang='grc' dir='ltr'>ὁ</span> <span class='ocrx_word' id='word_1_571' title='bbox 3397 2913 3622 2984; x_wconf 74' lang='grc' dir='ltr'>Μωσῆς,</span> 
     </span>
    </p>
   </div>
   <div class='ocr_carea' id='block_1_76' title="bbox 2039 3001 3622 3074">
    <p class='ocr_par' dir='ltr' id='par_1_76' title="bbox 2039 3001 3622 3074">
     <span class='ocr_line' id='line_1_76' title="bbox 2039 3001 3622 3074; baseline 0 -18"><span class='ocrx_word' id='word_1_572' title='bbox 2039 3003 2252 3066; x_wconf 75' lang='grc' dir='ltr'>εἰκόνας</span> <span class='ocrx_word' id='word_1_573' title='bbox 2295 3002 2390 3054; x_wconf 89' lang='lat' dir='ltr'><strong>xui</strong></span> <span class='ocrx_word' id='word_1_574' title='bbox 2430 3001 2672 3073; x_wconf 78' lang='grc' dir='ltr'>σύμϐολα</span> <span class='ocrx_word' id='word_1_575' title='bbox 2719 3001 2796 3065; x_wconf 88' lang='grc' dir='ltr'>ὼς</span> <span class='ocrx_word' id='word_1_576' title='bbox 2837 3003 2894 3054; x_wconf 81' lang='grc' dir='ltr'>ὲν</span> <span class='ocrx_word' id='word_1_577' title='bbox 2942 3001 3251 3074; x_wconf 85' lang='grc' dir='ltr'>ἀνθρώποις</span> <span class='ocrx_word' id='word_1_578' title='bbox 3284 3002 3451 3056; x_wconf 89' lang='grc' dir='ltr'>αὑτοῦ</span> <span class='ocrx_word' id='word_1_579' title='bbox 3487 3003 3622 3057; x_wconf 86' lang='grc' dir='ltr'>καθ-</span> 
     </span>
    </p>
   </div>
   <div class='ocr_carea' id='block_1_77' title="bbox 2042 3092 3626 3167">
    <p class='ocr_par' dir='ltr' id='par_1_77' title="bbox 2042 3092 3626 3167">
     <span class='ocr_line' id='line_1_77' title="bbox 2042 3092 3626 3167; baseline 0 -20"><span class='ocrx_word' id='word_1_580' title='bbox 2042 3094 2184 3167; x_wconf 84' lang='grc' dir='ltr'>ίστη,</span> <span class='ocrx_word' id='word_1_581' title='bbox 2219 3093 2502 3165; x_wconf 88' lang='grc' dir='ltr'>σκευαστῷ</span> <span class='ocrx_word' id='word_1_582' title='bbox 2531 3094 2686 3166; x_wconf 84' lang='grc' dir='ltr'>μύρῳ</span> <span class='ocrx_word' id='word_1_583' title='bbox 2718 3093 2857 3158; x_wconf 87' lang='grc' dir='ltr'>τέως</span> <span class='ocrx_word' id='word_1_584' title='bbox 2881 3094 3002 3148; x_wconf 74' lang='grc' dir='ltr'>ἀντὶ</span> <span class='ocrx_word' id='word_1_585' title='bbox 3021 3092 3115 3148; x_wconf 91' lang='grc' dir='ltr'><strong>τοῦ</strong></span> <span class='ocrx_word' id='word_1_586' title='bbox 3140 3093 3283 3148; x_wconf 87' lang='grc' dir='ltr'>θείου</span> <span class='ocrx_word' id='word_1_587' title='bbox 3308 3094 3448 3148; x_wconf 86' lang='grc' dir='ltr'>Πνεύ</span> <span class='ocrx_word' id='word_1_588' title='bbox 3457 3112 3626 3165; x_wconf 87' lang='grc' dir='ltr'>ματος</span> 
     </span>
    </p>
   </div>
   <div class='ocr_carea' id='block_1_78' title="bbox 2037 3185 3623 3260">
    <p class='ocr_par' dir='ltr' id='par_1_78' title="bbox 2037 3185 3623 3260">
     <span class='ocr_line' id='line_1_78' title="bbox 2037 3185 3623 3260; baseline 0 -20"><span class='ocrx_word' id='word_1_589' title='bbox 2037 3187 2127 3240; x_wconf 82' lang='grc' dir='ltr'><strong>τὸν</strong></span> <span class='ocrx_word' id='word_1_590' title='bbox 2156 3189 2213 3240; x_wconf 80' lang='grc' dir='ltr'><strong>έν</strong></span> <span class='ocrx_word' id='word_1_591' title='bbox 2248 3185 2553 3258; x_wconf 85' lang='grc' dir='ltr'>ἀνθρώποις</span> <span class='ocrx_word' id='word_1_592' title='bbox 2599 3187 2947 3259; x_wconf 85' lang='grc' dir='ltr'>προηγμένον</span> <span class='ocrx_word' id='word_1_593' title='bbox 3005 3187 3155 3259; x_wconf 86' lang='grc' dir='ltr'>ἱερέα</span> <span class='ocrx_word' id='word_1_594' title='bbox 3201 3186 3369 3260; x_wconf 88' lang='grc' dir='ltr'>χρίων</span> <span class='ocrx_word' id='word_1_595' title='bbox 3415 3204 3476 3240; x_wconf 91' lang='grc' dir='ltr'><strong>τε</strong></span> <span class='ocrx_word' id='word_1_596' title='bbox 3529 3189 3623 3240; x_wconf 86' lang='lat' dir='ltr'><strong>xui</strong></span> 
     </span>
    </p>
   </div>
   <div class='ocr_carea' id='block_1_79' title="bbox 2036 3279 3622 3352">
    <p class='ocr_par' dir='ltr' id='par_1_79' title="bbox 2036 3279 3622 3352">
     <span class='ocr_line' id='line_1_79' title="bbox 2036 3279 3622 3352; baseline 0.001 -20"><span class='ocrx_word' id='word_1_597' title='bbox 2036 3279 2294 3348; x_wconf 81' lang='grc' dir='ltr'>ἀλείφων,</span> <span class='ocrx_word' id='word_1_598' title='bbox 2329 3279 2564 3351; x_wconf 87' lang='grc' dir='ltr'>Χριστόν</span> <span class='ocrx_word' id='word_1_599' title='bbox 2589 3297 2647 3332; x_wconf 91' lang='grc' dir='ltr'><strong>τε</strong></span> <span class='ocrx_word' id='word_1_600' title='bbox 2677 3280 2840 3332; x_wconf 87' lang='grc' dir='ltr'>αὑτὸν</span> <span class='ocrx_word' id='word_1_601' title='bbox 2880 3279 2976 3334; x_wconf 87' lang='lat' dir='ltr'><strong>xui</strong></span> <span class='ocrx_word' id='word_1_602' title='bbox 3009 3279 3338 3352; x_wconf 81' lang='grc' dir='ltr'>ὴλειμμένον</span> <span class='ocrx_word' id='word_1_603' title='bbox 3371 3283 3450 3344; x_wconf 89' lang='grc' dir='ltr'><strong>εἰς</strong></span> <span class='ocrx_word' id='word_1_604' title='bbox 3491 3283 3622 3334; x_wconf 84' lang='grc' dir='ltr'>ἀνα-</span> 
     </span>
    </p>
   </div>
   <div class='ocr_carea' id='block_1_80' title="bbox 2037 3371 3623 3444">
    <p class='ocr_par' dir='ltr' id='par_1_80' title="bbox 2037 3371 3623 3444">
     <span class='ocr_line' id='line_1_80' title="bbox 2037 3371 3623 3444; baseline 0.003 -20"><span class='ocrx_word' id='word_1_605' title='bbox 2037 3372 2207 3443; x_wconf 80' lang='grc' dir='ltr'>φορὰν</span> <span class='ocrx_word' id='word_1_606' title='bbox 2236 3371 2329 3424; x_wconf 92' lang='grc' dir='ltr'><strong>τοῦ</strong></span> <span class='ocrx_word' id='word_1_607' title='bbox 2371 3371 2607 3444; x_wconf 80' lang='grc' dir='ltr'>ἀληθοῦς</span> <span class='ocrx_word' id='word_1_608' title='bbox 2639 3373 2948 3428; x_wconf 83' lang='grc' dir='ltr'>ἀποκαλῶν.</span> <span class='ocrx_word' id='word_1_609' title='bbox 2986 3375 3109 3428; x_wconf 90' lang='grc' dir='ltr'>Ὅτι</span> <span class='ocrx_word' id='word_1_610' title='bbox 3150 3375 3207 3428; x_wconf 83' lang='grc' dir='ltr'>δὲ</span> <span class='ocrx_word' id='word_1_611' title='bbox 3237 3373 3410 3428; x_wconf 86' lang='grc' dir='ltr'>ταῦτα</span> <span class='ocrx_word' id='word_1_612' title='bbox 3448 3373 3623 3438; x_wconf 78' lang='grc' dir='ltr'>οὕτως</span> 
     </span>
    </p>
   </div>
   <div class='ocr_carea' id='block_1_81' title="bbox 2035 3463 3622 3538">
    <p class='ocr_par' dir='ltr' id='par_1_81' title="bbox 2035 3463 3622 3538">
     <span class='ocr_line' id='line_1_81' title="bbox 2035 3463 3622 3538; baseline 0.001 -23"><span class='ocrx_word' id='word_1_613' title='bbox 2035 3463 2180 3534; x_wconf 75' lang='grc' dir='ltr'>ἔχει,</span> <span class='ocrx_word' id='word_1_614' title='bbox 2221 3463 2306 3528; x_wconf 83' lang='grc' dir='ltr'><strong>τίς</strong></span> <span class='ocrx_word' id='word_1_615' title='bbox 2342 3465 2408 3518; x_wconf 85' lang='grc' dir='ltr'>ἂν</span> <span class='ocrx_word' id='word_1_616' title='bbox 2436 3464 2648 3533; x_wconf 89' lang='grc' dir='ltr'>γένοιτο</span> <span class='ocrx_word' id='word_1_617' title='bbox 2683 3465 2892 3536; x_wconf 85' lang='grc' dir='ltr'>μάρτυς</span> <span class='ocrx_word' id='word_1_618' title='bbox 2919 3465 3086 3519; x_wconf 91' lang='grc' dir='ltr'>αὑτοῦ</span> <span class='ocrx_word' id='word_1_619' title='bbox 3145 3467 3387 3530; x_wconf 85' lang='grc' dir='ltr'>Μωσέως</span> <span class='ocrx_word' id='word_1_620' title='bbox 3420 3465 3622 3538; x_wconf 77' lang='grc' dir='ltr'>μᾶλλον</span> 
     </span>
    </p>
   </div>
   <div class='ocr_carea' id='block_1_82' title="bbox 2035 3553 3624 3631">
    <p class='ocr_par' dir='ltr' id='par_1_82' title="bbox 2035 3553 3624 3631">
     <span class='ocr_line' id='line_1_82' title="bbox 2035 3553 3624 3631; baseline 0.001 -23"><span class='ocrx_word' id='word_1_621' title='bbox 2035 3553 2364 3626; x_wconf 81' lang='grc' dir='ltr'>ἀξιόχρεως;</span> <span class='ocrx_word' id='word_1_622' title='bbox 2412 3557 2498 3609; x_wconf 88' lang='grc' dir='ltr'>Ἐν</span> <span class='ocrx_word' id='word_1_623' title='bbox 2529 3555 2637 3628; x_wconf 87' lang='grc' dir='ltr'><strong>γάρ</strong></span> <span class='ocrx_word' id='word_1_624' title='bbox 2665 3560 2732 3627; x_wconf 83' lang='grc' dir='ltr'>τῇ</span> <span class='ocrx_word' id='word_1_625' title='bbox 2785 3557 2950 3610; x_wconf 86' lang='grc' dir='ltr'>αὑτοῦ</span> <span class='ocrx_word' id='word_1_626' title='bbox 2997 3561 3182 3628; x_wconf 81' lang='grc' dir='ltr'>γραφῇ</span> <span class='ocrx_word' id='word_1_627' title='bbox 3215 3559 3304 3613; x_wconf 86' lang='grc' dir='ltr'><strong>τὸν</strong></span> <span class='ocrx_word' id='word_1_628' title='bbox 3354 3559 3624 3631; x_wconf 87' lang='grc' dir='ltr'>χρηματί-</span> 
     </span>
    </p>
   </div>
   <div class='ocr_carea' id='block_1_83' title="bbox 2037 3646 3622 3721">
    <p class='ocr_par' dir='ltr' id='par_1_83' title="bbox 2037 3646 3622 3721">
     <span class='ocr_line' id='line_1_83' title="bbox 2037 3646 3622 3721; baseline 0.003 -22"><span class='ocrx_word' id='word_1_629' title='bbox 2037 3646 2195 3711; x_wconf 82' lang='grc' dir='ltr'>ζοντα</span> <span class='ocrx_word' id='word_1_630' title='bbox 2225 3647 2372 3718; x_wconf 85' lang='grc' dir='ltr'>αὑτῷ</span> <span class='ocrx_word' id='word_1_631' title='bbox 2404 3647 2536 3700; x_wconf 86' lang='grc' dir='ltr'>Θεὸν</span> <span class='ocrx_word' id='word_1_632' title='bbox 2576 3649 2670 3702; x_wconf 84' lang='lat' dir='ltr'><strong>xui</strong></span> <span class='ocrx_word' id='word_1_633' title='bbox 2703 3647 2906 3720; x_wconf 80' lang='grc' dir='ltr'>Κύριον</span> <span class='ocrx_word' id='word_1_634' title='bbox 2946 3649 3244 3721; x_wconf 78' lang='grc' dir='ltr'>διαρρήδην</span> <span class='ocrx_word' id='word_1_635' title='bbox 3274 3650 3622 3721; x_wconf 84' lang='grc' dir='ltr'>παρακελεύ-</span> 
     </span>
    </p>
   </div>
   <div class='ocr_carea' id='block_1_84' title="bbox 2037 3737 3627 3813">
    <p class='ocr_par' dir='ltr' id='par_1_84' title="bbox 2037 3737 3627 3813">
     <span class='ocr_line' id='line_1_84' title="bbox 2037 3737 3627 3813; baseline 0.003 -23"><span class='ocrx_word' id='word_1_636' title='bbox 2037 3737 2230 3790; x_wconf 89' lang='grc' dir='ltr'>σασθαι</span> <span class='ocrx_word' id='word_1_637' title='bbox 2261 3737 2410 3809; x_wconf 87' lang='grc' dir='ltr'>αὑτῴ</span> <span class='ocrx_word' id='word_1_638' title='bbox 2431 3738 2694 3803; x_wconf 88' lang='grc' dir='ltr'>διδάσκει,</span> <span class='ocrx_word' id='word_1_639' title='bbox 2726 3737 2867 3792; x_wconf 89' lang='grc' dir='ltr'><strong>κατά</strong></span> <span class='ocrx_word' id='word_1_640' title='bbox 2899 3739 2998 3811; x_wconf 82' lang='grc' dir='ltr'>τὴν</span> <span class='ocrx_word' id='word_1_641' title='bbox 3030 3739 3438 3812; x_wconf 87' lang='grc' dir='ltr'>ὑποδειχθεῖσαν</span> <span class='ocrx_word' id='word_1_642' title='bbox 3470 3741 3627 3813; x_wconf 80' lang='grc' dir='ltr'>αὑτῷ</span> 
     </span>
    </p>
   </div>
   <div class='ocr_carea' id='block_1_85' title="bbox 2034 3830 3628 3907">
    <p class='ocr_par' dir='ltr' id='par_1_85' title="bbox 2034 3830 3628 3907">
     <span class='ocr_line' id='line_1_85' title="bbox 2034 3830 3628 3907; baseline 0.004 -25"><span class='ocrx_word' id='word_1_643' title='bbox 2034 3831 2230 3901; x_wconf 79' lang='grc' dir='ltr'>νοητὴν</span> <span class='ocrx_word' id='word_1_644' title='bbox 2284 3831 2378 3883; x_wconf 88' lang='lat' dir='ltr'><strong>xui</strong></span> <span class='ocrx_word' id='word_1_645' title='bbox 2433 3830 2684 3902; x_wconf 86' lang='grc' dir='ltr'>οὑράνιον</span> <span class='ocrx_word' id='word_1_646' title='bbox 2731 3831 2898 3886; x_wconf 91' lang='grc' dir='ltr'>αὑτοῦ</span> <span class='ocrx_word' id='word_1_647' title='bbox 2953 3831 3108 3897; x_wconf 89' lang='grc' dir='ltr'>θέαν,</span> <span class='ocrx_word' id='word_1_648' title='bbox 3155 3835 3628 3907; x_wconf 84' lang='grc' dir='ltr'>σωματικωτέραν</span> 
     </span>
    </p>
   </div>
   <div class='ocr_carea' id='block_1_86' title="bbox 2034 3922 3625 3997">
    <p class='ocr_par' dir='ltr' id='par_1_86' title="bbox 2034 3922 3625 3997">
     <span class='ocr_line' id='line_1_86' title="bbox 2034 3922 3625 3997; baseline 0.003 -23"><span class='ocrx_word' id='word_1_649' title='bbox 2034 3922 2130 3976; x_wconf 75' lang='grc' dir='ltr'><strong>ἐπὶ</strong></span> <span class='ocrx_word' id='word_1_650' title='bbox 2167 3922 2272 3992; x_wconf 81' lang='grc' dir='ltr'><strong>γῆς</strong></span> <span class='ocrx_word' id='word_1_651' title='bbox 2316 3923 2691 3994; x_wconf 78' lang='grc' dir='ltr'>συστήσασθαι</span> <span class='ocrx_word' id='word_1_652' title='bbox 2733 3922 3008 3994; x_wconf 89' lang='grc' dir='ltr'>λατρείαν,</span> <span class='ocrx_word' id='word_1_653' title='bbox 3045 3924 3230 3977; x_wconf 86' lang='grc' dir='ltr'>εἰκόνα</span> <span class='ocrx_word' id='word_1_654' title='bbox 3271 3924 3378 3977; x_wconf 83' lang='grc' dir='ltr'>τῶν</span> <span class='ocrx_word' id='word_1_655' title='bbox 3411 3927 3625 3997; x_wconf 84' lang='grc' dir='ltr'>νοητῶν</span> 
     </span>
    </p>
   </div>
   <div class='ocr_carea' id='block_1_87' title="bbox 2034 4014 3624 4088">
    <p class='ocr_par' dir='ltr' id='par_1_87' title="bbox 2034 4014 3624 4088">
     <span class='ocr_line' id='line_1_87' title="bbox 2034 4014 3624 4088; baseline 0 -20"><span class='ocrx_word' id='word_1_656' title='bbox 2034 4015 2128 4070; x_wconf 81' lang='lat' dir='ltr'><strong>xui</strong></span> <span class='ocrx_word' id='word_1_657' title='bbox 2161 4015 2468 4086; x_wconf 84' lang='grc' dir='ltr'>ἀσωμάτων</span> <span class='ocrx_word' id='word_1_658' title='bbox 2501 4015 2878 4088; x_wconf 85' lang='grc' dir='ltr'>περιέχουσαν.</span> <span class='ocrx_word' id='word_1_659' title='bbox 2898 4015 3132 4084; x_wconf 85' lang='grc' dir='ltr'>Λέγεται</span> <span class='ocrx_word' id='word_1_660' title='bbox 3157 4014 3288 4084; x_wconf 92' lang='grc' dir='ltr'>γοῦν</span> <span class='ocrx_word' id='word_1_661' title='bbox 3316 4014 3425 4068; x_wconf 81' lang='grc' dir='ltr'><strong>τῶν</strong></span> <span class='ocrx_word' id='word_1_662' title='bbox 3455 4017 3512 4070; x_wconf 82' lang='grc' dir='ltr'>ἐν</span> <span class='ocrx_word' id='word_1_663' title='bbox 3540 4016 3624 4088; x_wconf 77' lang='grc' dir='ltr'>τῷ</span> 
     </span>
    </p>
   </div>
   <div class='ocr_carea' id='block_1_88' title="bbox 2031 4102 3620 4175">
    <p class='ocr_par' dir='ltr' id='par_1_88' title="bbox 2031 4102 3620 4175">
     <span class='ocr_line' id='line_1_88' title="bbox 2031 4102 3620 4175; baseline 0.004 -21"><span class='ocrx_word' id='word_1_664' title='bbox 2031 4104 2092 4155; x_wconf 89' lang='grc' dir='ltr'><strong>οὑ</strong></span> <span class='ocrx_word' id='word_1_665' title='bbox 2101 4102 2248 4174; x_wconf 84' lang='grc' dir='ltr'>ρανῷ</span> <span class='ocrx_word' id='word_1_666' title='bbox 2279 4102 2524 4172; x_wconf 92' lang='grc' dir='ltr'>ἀγγέλων</span> <span class='ocrx_word' id='word_1_667' title='bbox 2550 4103 2644 4155; x_wconf 88' lang='lat' dir='ltr'><strong>xui</strong></span> <span class='ocrx_word' id='word_1_668' title='bbox 2676 4103 2835 4157; x_wconf 86' lang='grc' dir='ltr'>Θείων</span> <span class='ocrx_word' id='word_1_669' title='bbox 2854 4103 3136 4175; x_wconf 89' lang='grc' dir='ltr'>δυνάμεων</span> <span class='ocrx_word' id='word_1_670' title='bbox 3155 4105 3416 4172; x_wconf 79' lang='grc' dir='ltr'>διάταξιν,</span> <span class='ocrx_word' id='word_1_671' title='bbox 3445 4107 3620 4160; x_wconf 82' lang='grc' dir='ltr'>τύπον</span> 
     </span>
    </p>
   </div>
   <div class='ocr_carea' id='block_1_89' title="bbox 2030 4194 3616 4269">
    <p class='ocr_par' dir='ltr' id='par_1_89' title="bbox 2030 4194 3616 4269">
     <span class='ocr_line' id='line_1_89' title="bbox 2030 4194 3616 4269; baseline 0.003 -22"><span class='ocrx_word' id='word_1_672' title='bbox 2030 4195 2153 4248; x_wconf 86' lang='grc' dir='ltr'>τινὰ</span> <span class='ocrx_word' id='word_1_673' title='bbox 2191 4194 2625 4266; x_wconf 81' lang='grc' dir='ltr'>σκιογραφῆσαι,</span> <span class='ocrx_word' id='word_1_674' title='bbox 2682 4195 2952 4266; x_wconf 85' lang='grc' dir='ltr'>φήσαντος</span> <span class='ocrx_word' id='word_1_675' title='bbox 2999 4195 3147 4266; x_wconf 86' lang='grc' dir='ltr'>αὑτῷ</span> <span class='ocrx_word' id='word_1_676' title='bbox 3192 4195 3285 4249; x_wconf 89' lang='grc' dir='ltr'><strong>τοῦ</strong></span> <span class='ocrx_word' id='word_1_677' title='bbox 3325 4199 3616 4269; x_wconf 71' lang='grc' dir='ltr'>χρησμοῦο</span> 
     </span>
    </p>
   </div>
   <div class='ocr_carea' id='block_1_90' title="bbox 2037 4285 3620 4360">
    <p class='ocr_par' dir='ltr' id='par_1_90' title="bbox 2037 4285 3620 4360">
     <span class='ocr_line' id='line_1_90' title="bbox 2037 4285 3620 4360; baseline 0.004 -21"><span class='ocrx_word' id='word_1_678' title='bbox 2037 4307 2055 4339; x_wconf 76' lang='grc' dir='ltr'><strong>ι</strong></span> <span class='ocrx_word' id='word_1_679' title='bbox 2080 4288 2334 4360; x_wconf 85' lang='grc' dir='ltr'>Ποιήσεις</span> <span class='ocrx_word' id='word_1_680' title='bbox 2366 4288 2543 4341; x_wconf 87' lang='grc' dir='ltr'>πάντα</span> <span class='ocrx_word' id='word_1_681' title='bbox 2576 4286 2718 4340; x_wconf 88' lang='grc' dir='ltr'><strong>κατά</strong></span> <span class='ocrx_word' id='word_1_682' title='bbox 2751 4287 2842 4340; x_wconf 84' lang='grc' dir='ltr'><strong>τὸν</strong></span> <span class='ocrx_word' id='word_1_683' title='bbox 2879 4285 3048 4341; x_wconf 86' lang='grc' dir='ltr'>τύπον</span> <span class='ocrx_word' id='word_1_684' title='bbox 3081 4291 3172 4341; x_wconf 85' lang='grc' dir='ltr'><strong>τὸν</strong></span> <span class='ocrx_word' id='word_1_685' title='bbox 3203 4289 3481 4359; x_wconf 87' lang='grc' dir='ltr'>δειχθέντα</span> <span class='ocrx_word' id='word_1_686' title='bbox 3532 4309 3620 4345; x_wconf 80' lang='grc' dir='ltr'><strong>σοι</strong></span> 
     </span>
    </p>
   </div>
   <div class='ocr_carea' id='block_1_91' title="bbox 2030 4374 3619 4452">
    <p class='ocr_par' dir='ltr' id='par_1_91' title="bbox 2030 4374 3619 4452">
     <span class='ocr_line' id='line_1_91' title="bbox 2030 4374 3619 4452; baseline 0.001 -18"><span class='ocrx_word' id='word_1_687' title='bbox 2030 4383 2089 4435; x_wconf 82' lang='grc' dir='ltr'>ὲν</span> <span class='ocrx_word' id='word_1_688' title='bbox 2121 4380 2197 4450; x_wconf 82' lang='grc' dir='ltr'>τῷ</span> <span class='ocrx_word' id='word_1_689' title='bbox 2235 4380 2368 4452; x_wconf 75' lang='grc' dir='ltr'>ὄρει.</span> <span class='ocrx_word' id='word_1_690' title='bbox 2402 4398 2421 4430; x_wconf 75' lang='grc' dir='ltr'><strong>ι</strong></span> <span class='ocrx_word' id='word_1_691' title='bbox 2457 4379 2600 4449; x_wconf 85' lang='grc' dir='ltr'><strong>Ἀρα</strong></span> <span class='ocrx_word' id='word_1_692' title='bbox 2631 4374 2724 4431; x_wconf 83' lang='grc' dir='ltr'><strong>οὑν</strong></span> <span class='ocrx_word' id='word_1_693' title='bbox 2767 4379 2844 4441; x_wconf 87' lang='grc' dir='ltr'>ὼς</span> <span class='ocrx_word' id='word_1_694' title='bbox 2872 4377 2942 4431; x_wconf 88' lang='grc' dir='ltr'>τὰ</span> <span class='ocrx_word' id='word_1_695' title='bbox 2973 4378 3109 4432; x_wconf 85' lang='grc' dir='ltr'>ἀλλα</span> <span class='ocrx_word' id='word_1_696' title='bbox 3133 4419 3147 4443; x_wconf 96' lang='grc'><strong>,</strong></span> <span class='ocrx_word' id='word_1_697' title='bbox 3191 4380 3336 4434; x_wconf 84' lang='grc' dir='ltr'>οὑτω</span> <span class='ocrx_word' id='word_1_698' title='bbox 3384 4384 3478 4436; x_wconf 86' lang='lat' dir='ltr'><strong>xui</strong></span> <span class='ocrx_word' id='word_1_699' title='bbox 3521 4384 3619 4436; x_wconf 82' lang='grc' dir='ltr'><strong>τὸν</strong></span> 
     </span>
    </p>
   </div>
   <div class='ocr_carea' id='block_1_92' title="bbox 343 4468 1937 4562">
    <p class='ocr_par' dir='ltr' id='par_1_92' title="bbox 343 4475 1924 4544">
     <span class='ocr_line' id='line_1_92' title="bbox 343 4475 1924 4544; baseline -0.004 -11"><span class='ocrx_word' id='word_1_700' title='bbox 343 4477 649 4533; x_wconf 82' lang='lat' dir='ltr'><strong>cerdotium</strong></span> <span class='ocrx_word' id='word_1_701' title='bbox 684 4497 696 4532; x_wconf 91' lang='lat'><strong>:</strong></span> <span class='ocrx_word' id='word_1_702' title='bbox 730 4477 877 4532; x_wconf 88' lang='lat' dir='ltr'><strong>unde</strong></span> <span class='ocrx_word' id='word_1_703' title='bbox 921 4483 975 4530; x_wconf 91' lang='lat' dir='ltr'><strong>et</strong></span> <span class='ocrx_word' id='word_1_704' title='bbox 1025 4475 1240 4530; x_wconf 85' lang='lat' dir='ltr'><strong>salvare</strong></span> <span class='ocrx_word' id='word_1_705' title='bbox 1275 4475 1330 4527; x_wconf 88' lang='lat' dir='ltr'><strong>in</strong></span> <span class='ocrx_word' id='word_1_706' title='bbox 1365 4481 1689 4544; x_wconf 83' lang='lat' dir='ltr'><strong>perpetuum</strong></span> <span class='ocrx_word' id='word_1_707' title='bbox 1743 4479 1924 4543; x_wconf 86' lang='lat' dir='ltr'><strong>potest</strong></span> 
     </span>
    </p>
   </div>
   <div class='ocr_carea' id='block_1_93' title="bbox 2040 4468 3617 4562">
    <p class='ocr_par' dir='ltr' id='par_1_93' title="bbox 2040 4468 3617 4544">
     <span class='ocr_line' id='line_1_93' title="bbox 2040 4468 3617 4544; baseline 0.001 -18"><span class='ocrx_word' id='word_1_708' title='bbox 2040 4470 2292 4544; x_wconf 73' lang='grc' dir='ltr'>ἀρχιερέα</span> <span class='ocrx_word' id='word_1_709' title='bbox 2342 4470 2595 4542; x_wconf 71' lang='grc' dir='ltr'>παρῆγε,</span> <span class='ocrx_word' id='word_1_710' title='bbox 2633 4468 2790 4541; x_wconf 87' lang='grc' dir='ltr'>μύρῳ</span> <span class='ocrx_word' id='word_1_711' title='bbox 2823 4468 3012 4538; x_wconf 85' lang='grc' dir='ltr'>γεώδει</span> <span class='ocrx_word' id='word_1_712' title='bbox 3057 4471 3227 4540; x_wconf 91' lang='grc' dir='ltr'>χρίων</span> <span class='ocrx_word' id='word_1_713' title='bbox 3274 4473 3469 4537; x_wconf 81' lang='grc' dir='ltr'>αὑτὸν,</span> <span class='ocrx_word' id='word_1_714' title='bbox 3519 4475 3617 4527; x_wconf 86' lang='grc' dir='ltr'><strong>καί</strong></span> 
     </span>
    </p>
   </div>
   <div class='ocr_carea' id='block_1_94' title="bbox 341 4564 1923 4639">
    <p class='ocr_par' dir='ltr' id='par_1_94' title="bbox 341 4564 1923 4639">
     <span class='ocr_line' id='line_1_94' title="bbox 341 4564 1923 4639; baseline -0.002 -16"><span class='ocrx_word' id='word_1_715' title='bbox 341 4570 668 4626; x_wconf 88' lang='lat' dir='ltr'><strong>accedentes</strong></span> <span class='ocrx_word' id='word_1_716' title='bbox 697 4585 795 4639; x_wconf 89' lang='lat' dir='ltr'><strong>per</strong></span> <span class='ocrx_word' id='word_1_717' title='bbox 827 4569 1004 4638; x_wconf 87' lang='lat' dir='ltr'><strong>ipsum</strong></span> <span class='ocrx_word' id='word_1_718' title='bbox 1051 4566 1119 4620; x_wconf 91' lang='lat' dir='ltr'><strong>ad</strong></span> <span class='ocrx_word' id='word_1_719' title='bbox 1162 4566 1356 4627; x_wconf 90' lang='lat' dir='ltr'><strong>Deum,</strong></span> <span class='ocrx_word' id='word_1_720' title='bbox 1387 4581 1602 4630; x_wconf 86' lang='lat' dir='ltr'><strong>semper</strong></span> <span class='ocrx_word' id='word_1_721' title='bbox 1632 4565 1822 4621; x_wconf 84' lang='lat' dir='ltr'><strong>vivens</strong></span> <span class='ocrx_word' id='word_1_722' title='bbox 1854 4564 1923 4620; x_wconf 89' lang='lat' dir='ltr'><strong>ad</strong></span> 
     </span>
    </p>
   </div>
   <div class='ocr_carea' id='block_1_95' title="bbox 341 4655 1925 4730">
    <p class='ocr_par' dir='ltr' id='par_1_95' title="bbox 341 4655 1925 4730">
     <span class='ocr_line' id='line_1_95' title="bbox 341 4655 1925 4730; baseline -0.005 -14"><span class='ocrx_word' id='word_1_723' title='bbox 341 4660 797 4730; x_wconf 86' lang='lat' dir='ltr'><strong>interpellandum</strong></span> <span class='ocrx_word' id='word_1_724' title='bbox 827 4673 924 4729; x_wconf 90' lang='lat' dir='ltr'><strong>pro</strong></span> <span class='ocrx_word' id='word_1_725' title='bbox 948 4659 1106 4714; x_wconf 91' lang='lat' dir='ltr'><strong>nobis</strong></span> <span class='ocrx_word' id='word_1_726' title='bbox 1135 4657 1217 4723; x_wconf 82' lang='lat'><strong>&quot;;</strong></span> <span class='ocrx_word' id='word_1_727' title='bbox 1262 4676 1280 4708; x_wconf 72' lang='grc' dir='ltr'><strong>ι</strong></span> <span class='ocrx_word' id='word_1_728' title='bbox 1321 4671 1453 4712; x_wconf 89' lang='lat' dir='ltr'><strong>sane</strong></span> <span class='ocrx_word' id='word_1_729' title='bbox 1491 4672 1586 4725; x_wconf 90' lang='lat' dir='ltr'><strong>per</strong></span> <span class='ocrx_word' id='word_1_730' title='bbox 1626 4655 1740 4710; x_wconf 59' lang='lat' dir='ltr'><strong>hate</strong></span> <span class='ocrx_word' id='word_1_731' title='bbox 1770 4671 1925 4709; x_wconf 87' lang='lat' dir='ltr'><strong>com-</strong></span> 
     </span>
    </p>
   </div>
   <div class='ocr_carea' id='block_1_96' title="bbox 340 4749 1925 4822">
    <p class='ocr_par' dir='ltr' id='par_1_96' title="bbox 340 4749 1925 4822">
     <span class='ocr_line' id='line_1_96' title="bbox 340 4749 1925 4822; baseline -0.004 -14"><span class='ocrx_word' id='word_1_732' title='bbox 340 4752 631 4808; x_wconf 86' lang='lat' dir='ltr'><strong>mendatnr</strong></span> <span class='ocrx_word' id='word_1_733' title='bbox 659 4753 906 4822; x_wconf 64' lang='lat' dir='ltr'><strong>quaedam</strong></span> <span class='ocrx_word' id='word_1_734' title='bbox 933 4765 1056 4821; x_wconf 74' lang='lat' dir='ltr'><strong>qua:</strong></span> <span class='ocrx_word' id='word_1_735' title='bbox 1077 4756 1162 4804; x_wconf 92' lang='lat' dir='ltr'><strong>est</strong></span> <span class='ocrx_word' id='word_1_736' title='bbox 1186 4749 1240 4802; x_wconf 90' lang='lat' dir='ltr'><strong>in</strong></span> <span class='ocrx_word' id='word_1_737' title='bbox 1266 4749 1353 4812; x_wconf 93' lang='lat' dir='ltr'><strong>iis,</strong></span> <span class='ocrx_word' id='word_1_738' title='bbox 1379 4764 1500 4818; x_wconf 81' lang='lat' dir='ltr'><strong>quae</strong></span> <span class='ocrx_word' id='word_1_739' title='bbox 1539 4755 1686 4811; x_wconf 90' lang='lat' dir='ltr'><strong>sunt,</strong></span> <span class='ocrx_word' id='word_1_740' title='bbox 1719 4755 1773 4802; x_wconf 92' lang='lat' dir='ltr'><strong>et</strong></span> <span class='ocrx_word' id='word_1_741' title='bbox 1804 4763 1925 4818; x_wconf 68' lang='lat' dir='ltr'><strong>quae</strong></span> 
     </span>
    </p>
   </div>
   <div class='ocr_carea' id='block_1_97' title="bbox 2025 4561 3617 4635">
    <p class='ocr_par' dir='ltr' id='par_1_97' title="bbox 2025 4561 3617 4635">
     <span class='ocr_line' id='line_1_97' title="bbox 2025 4561 3617 4635; baseline -0.001 -16"><span class='ocrx_word' id='word_1_742' title='bbox 2025 4582 2147 4620; x_wconf 84' lang='grc' dir='ltr'>τινα</span> <span class='ocrx_word' id='word_1_743' title='bbox 2180 4562 2390 4633; x_wconf 86' lang='grc' dir='ltr'>σκιώδη</span> <span class='ocrx_word' id='word_1_744' title='bbox 2423 4563 2518 4615; x_wconf 86' lang='lat' dir='ltr'><strong>xui</strong></span> <span class='ocrx_word' id='word_1_745' title='bbox 2548 4561 2836 4626; x_wconf 83' lang='grc' dir='ltr'>εἰκονικὸν,</span> <span class='ocrx_word' id='word_1_746' title='bbox 2877 4561 2992 4615; x_wconf 87' lang='grc' dir='ltr'>ἀλλ’</span> <span class='ocrx_word' id='word_1_747' title='bbox 3023 4562 3123 4615; x_wconf 89' lang='grc' dir='ltr'><strong>οὑκ</strong></span> <span class='ocrx_word' id='word_1_748' title='bbox 3162 4563 3336 4633; x_wconf 86' lang='grc' dir='ltr'>ἀληθῆ</span> <span class='ocrx_word' id='word_1_749' title='bbox 3377 4564 3617 4635; x_wconf 79' lang='grc' dir='ltr'>Χριστὸν</span> 
     </span>
    </p>
   </div>
   <div class='ocr_carea' id='block_1_98' title="bbox 2025 4650 3607 4728">
    <p class='ocr_par' dir='ltr' id='par_1_98' title="bbox 2025 4650 3607 4728">
     <span class='ocr_line' id='line_1_98' title="bbox 2025 4650 3607 4728; baseline -0.002 -19"><span class='ocrx_word' id='word_1_750' title='bbox 2025 4653 2307 4728; x_wconf 88' lang='grc' dir='ltr'>ἀρχιερέα,</span> <span class='ocrx_word' id='word_1_751' title='bbox 2356 4652 2450 4705; x_wconf 89' lang='grc' dir='ltr'><strong>τοῦ</strong></span> <span class='ocrx_word' id='word_1_752' title='bbox 2487 4653 2607 4704; x_wconf 82' lang='grc' dir='ltr'>κατ’</span> <span class='ocrx_word' id='word_1_753' title='bbox 2643 4652 2872 4723; x_wconf 83' lang='grc' dir='ltr'>οὑρανὺν</span> <span class='ocrx_word' id='word_1_754' title='bbox 2912 4650 3148 4723; x_wconf 86' lang='grc' dir='ltr'>Χριστοῦ</span> <span class='ocrx_word' id='word_1_755' title='bbox 3183 4669 3240 4705; x_wconf 90' lang='grc' dir='ltr'><strong>τε</strong></span> <span class='ocrx_word' id='word_1_756' title='bbox 3286 4653 3381 4706; x_wconf 88' lang='lat' dir='ltr'><strong>xui</strong></span> <span class='ocrx_word' id='word_1_757' title='bbox 3423 4654 3607 4725; x_wconf 85' lang='grc' dir='ltr'>ἀρχιε-</span> 
     </span>
    </p>
   </div>
   <div class='ocr_carea' id='block_1_99' title="bbox 2029 4743 2970 4820">
    <p class='ocr_par' dir='ltr' id='par_1_99' title="bbox 2029 4743 2970 4820">
     <span class='ocr_line' id='line_1_99' title="bbox 2029 4743 2970 4820; baseline -0.005 -20"><span class='ocrx_word' id='word_1_758' title='bbox 2029 4747 2164 4820; x_wconf 88' lang='grc' dir='ltr'>ρέως</span> <span class='ocrx_word' id='word_1_759' title='bbox 2191 4745 2481 4816; x_wconf 84' lang='grc' dir='ltr'>ἀντίμιμον</span> <span class='ocrx_word' id='word_1_760' title='bbox 2506 4743 2970 4814; x_wconf 76' lang='grc' dir='ltr'>ἀπεργαζόμενος.</span> 
     </span>
    </p>
   </div>
   <div class='ocr_carea' id='block_1_100' title="bbox 340 4838 3612 4917">
    <p class='ocr_par' dir='ltr' id='par_1_100' title="bbox 340 4838 3612 4917">
     <span class='ocr_line' id='line_1_100' title="bbox 340 4838 3612 4917; baseline -0.002 -15"><span class='ocrx_word' id='word_1_761' title='bbox 340 4848 598 4903; x_wconf 91' lang='lat' dir='ltr'><strong>consistit</strong></span> <span class='ocrx_word' id='word_1_762' title='bbox 647 4849 702 4902; x_wconf 89' lang='lat' dir='ltr'><strong>in</strong></span> <span class='ocrx_word' id='word_1_763' title='bbox 749 4849 817 4902; x_wconf 89' lang='lat' dir='ltr'><strong>iis</strong></span> <span class='ocrx_word' id='word_1_764' title='bbox 863 4862 986 4917; x_wconf 71' lang='lat' dir='ltr'><strong>qua:</strong></span> <span class='ocrx_word' id='word_1_765' title='bbox 1033 4846 1149 4900; x_wconf 89' lang='lat' dir='ltr'><strong>sola</strong></span> <span class='ocrx_word' id='word_1_766' title='bbox 1197 4845 1553 4914; x_wconf 79' lang='lat' dir='ltr'><strong>intelligentia</strong></span> <span class='ocrx_word' id='word_1_767' title='bbox 1594 4843 1908 4914; x_wconf 89' lang='lat' dir='ltr'><strong>capiuntur,</strong></span> <span class='ocrx_word' id='word_1_768' title='bbox 1957 4845 2119 4914; x_wconf 79' lang='lat'><strong>178</strong></span> <span class='ocrx_word' id='word_1_769' title='bbox 2145 4842 2330 4898; x_wconf 87' lang='lat' dir='ltr'><strong>divina</strong></span> <span class='ocrx_word' id='word_1_770' title='bbox 2383 4842 2586 4905; x_wconf 89' lang='lat' dir='ltr'><strong>virtus,</strong></span> <span class='ocrx_word' id='word_1_771' title='bbox 2619 4855 2742 4910; x_wconf 70' lang='lat' dir='ltr'><strong>qua:</strong></span> <span class='ocrx_word' id='word_1_772' title='bbox 2785 4838 2897 4894; x_wconf 89' lang='lat' dir='ltr'><strong>Deo</strong></span> <span class='ocrx_word' id='word_1_773' title='bbox 2923 4839 3189 4906; x_wconf 85' lang='lat' dir='ltr'><strong>universi,</strong></span> <span class='ocrx_word' id='word_1_774' title='bbox 3241 4847 3300 4895; x_wconf 92' lang='lat' dir='ltr'><strong>ut</strong></span> <span class='ocrx_word' id='word_1_775' title='bbox 3330 4840 3384 4894; x_wconf 92' lang='lat' dir='ltr'><strong>in</strong></span> <span class='ocrx_word' id='word_1_776' title='bbox 3417 4855 3612 4895; x_wconf 81' lang='lat' dir='ltr'><strong>oracu-</strong></span> 
     </span>
    </p>
   </div>
   <div class='ocr_carea' id='block_1_101' title="bbox 341 4931 3611 5009">
    <p class='ocr_par' dir='ltr' id='par_1_101' title="bbox 341 4931 3611 5009">
     <span class='ocr_line' id='line_1_101' title="bbox 341 4931 3611 5009; baseline -0.003 -14"><span class='ocrx_word' id='word_1_777' title='bbox 341 4941 409 4996; x_wconf 90' lang='lat' dir='ltr'><strong>lis</strong></span> <span class='ocrx_word' id='word_1_778' title='bbox 435 4939 788 4995; x_wconf 63' lang='lat' dir='ltr'><strong>Hebraeorum</strong></span> <span class='ocrx_word' id='word_1_779' title='bbox 837 4939 1093 5009; x_wconf 87' lang='lat' dir='ltr'><strong>legimus,</strong></span> <span class='ocrx_word' id='word_1_780' title='bbox 1129 4943 1449 4992; x_wconf 84' lang='lat' dir='ltr'><strong>consecrata</strong></span> <span class='ocrx_word' id='word_1_781' title='bbox 1475 4944 1600 4991; x_wconf 90' lang='lat' dir='ltr'><strong>est:</strong></span> <span class='ocrx_word' id='word_1_782' title='bbox 1633 4951 1808 5004; x_wconf 92' lang='lat' dir='ltr'><strong>neque</strong></span> <span class='ocrx_word' id='word_1_783' title='bbox 1849 4950 1981 4989; x_wconf 81' lang='lat' dir='ltr'><strong>vero</strong></span> <span class='ocrx_word' id='word_1_784' title='bbox 2013 4944 2233 4989; x_wconf 90' lang='lat' dir='ltr'><strong>terreno</strong></span> <span class='ocrx_word' id='word_1_785' title='bbox 2267 4941 2433 5002; x_wconf 90' lang='lat' dir='ltr'><strong>atque</strong></span> <span class='ocrx_word' id='word_1_786' title='bbox 2473 4931 2715 4986; x_wconf 88' lang='lat' dir='ltr'><strong>humano</strong></span> <span class='ocrx_word' id='word_1_787' title='bbox 2767 4939 3067 5002; x_wconf 88' lang='lat' dir='ltr'><strong>unguento,</strong></span> <span class='ocrx_word' id='word_1_788' title='bbox 3111 4931 3208 4988; x_wconf 86' lang='lat' dir='ltr'><strong>sed</strong></span> <span class='ocrx_word' id='word_1_789' title='bbox 3255 4931 3482 4986; x_wconf 89' lang='lat' dir='ltr'><strong>alterius</strong></span> <span class='ocrx_word' id='word_1_790' title='bbox 3516 4947 3611 5002; x_wconf 58' lang='lat' dir='ltr'><strong>ger</strong></span> 
     </span>
    </p>
   </div>
   <div class='ocr_carea' id='block_1_102' title="bbox 339 5022 3612 5102">
    <p class='ocr_par' dir='ltr' id='par_1_102' title="bbox 339 5022 3612 5102">
     <span class='ocr_line' id='line_1_102' title="bbox 339 5022 3612 5102; baseline -0.004 -12"><span class='ocrx_word' id='word_1_791' title='bbox 339 5036 490 5090; x_wconf 88' lang='lat' dir='ltr'><strong>neris</strong></span> <span class='ocrx_word' id='word_1_792' title='bbox 548 5033 694 5102; x_wconf 90' lang='lat' dir='ltr'><strong>quod</strong></span> <span class='ocrx_word' id='word_1_793' title='bbox 746 5031 916 5085; x_wconf 87' lang='lat' dir='ltr'><strong>Deum</strong></span> <span class='ocrx_word' id='word_1_794' title='bbox 956 5029 1168 5093; x_wconf 89' lang='lat' dir='ltr'><strong>deceat,</strong></span> <span class='ocrx_word' id='word_1_795' title='bbox 1227 5028 1522 5097; x_wconf 84' lang='lat' dir='ltr'><strong>divinaque</strong></span> <span class='ocrx_word' id='word_1_796' title='bbox 1574 5028 1778 5082; x_wconf 88' lang='lat' dir='ltr'><strong>virtute</strong></span> <span class='ocrx_word' id='word_1_797' title='bbox 1832 5042 1896 5081; x_wconf 90' lang='lat' dir='ltr'><strong>ac</strong></span> <span class='ocrx_word' id='word_1_798' title='bbox 1962 5032 2231 5096; x_wconf 86' lang='lat' dir='ltr'><strong>potestate</strong></span> <span class='ocrx_word' id='word_1_799' title='bbox 2283 5023 2352 5078; x_wconf 91' lang='lat' dir='ltr'><strong>ad</strong></span> <span class='ocrx_word' id='word_1_800' title='bbox 2407 5038 2607 5077; x_wconf 88' lang='lat' dir='ltr'><strong>munus</strong></span> <span class='ocrx_word' id='word_1_801' title='bbox 2659 5022 2961 5078; x_wconf 84' lang='lat' dir='ltr'><strong>sacerdotis</strong></span> <span class='ocrx_word' id='word_1_802' title='bbox 3006 5023 3342 5087; x_wconf 87' lang='lat' dir='ltr'><strong>obeundum,</strong></span> <span class='ocrx_word' id='word_1_803' title='bbox 3391 5023 3612 5094; x_wconf 91' lang='lat' dir='ltr'><strong>Deoque</strong></span> 
     </span>
    </p>
   </div>
   <div class='ocr_carea' id='block_1_103' title="bbox 333 5113 3610 5195">
    <p class='ocr_par' dir='ltr' id='par_1_103' title="bbox 333 5113 3610 5195">
     <span class='ocr_line' id='line_1_103' title="bbox 333 5113 3610 5195; baseline -0.005 -14"><span class='ocrx_word' id='word_1_804' title='bbox 333 5125 485 5182; x_wconf 87' lang='lat' dir='ltr'><strong>Patri</strong></span> <span class='ocrx_word' id='word_1_805' title='bbox 507 5123 898 5195; x_wconf 65' lang='lat' dir='ltr'><strong>praestandum,</strong></span> <span class='ocrx_word' id='word_1_806' title='bbox 919 5123 1242 5176; x_wconf 87' lang='lat' dir='ltr'><strong>conlirmata</strong></span> <span class='ocrx_word' id='word_1_807' title='bbox 1273 5120 1547 5175; x_wconf 86' lang='lat' dir='ltr'><strong>consistit.</strong></span> <span class='ocrx_word' id='word_1_808' title='bbox 1579 5118 1714 5172; x_wconf 83' lang='lat' dir='ltr'><strong>Eum</strong></span> <span class='ocrx_word' id='word_1_809' title='bbox 1761 5117 1928 5188; x_wconf 87' lang='lat' dir='ltr'><strong>igitur</strong></span> <span class='ocrx_word' id='word_1_810' title='bbox 1967 5119 2035 5172; x_wconf 91' lang='lat' dir='ltr'><strong>de</strong></span> <span class='ocrx_word' id='word_1_811' title='bbox 2067 5132 2178 5187; x_wconf 87' lang='lat' dir='ltr'><strong>quo</strong></span> <span class='ocrx_word' id='word_1_812' title='bbox 2231 5115 2484 5172; x_wconf 87' lang='lat' dir='ltr'><strong>Psalmus</strong></span> <span class='ocrx_word' id='word_1_813' title='bbox 2550 5113 2904 5177; x_wconf 85' lang='lat' dir='ltr'><strong>vaticinatur,</strong></span> <span class='ocrx_word' id='word_1_814' title='bbox 2950 5122 3176 5184; x_wconf 86' lang='lat' dir='ltr'><strong>apparet</strong></span> <span class='ocrx_word' id='word_1_815' title='bbox 3231 5128 3457 5184; x_wconf 88' lang='lat' dir='ltr'><strong>prorsus</strong></span> <span class='ocrx_word' id='word_1_816' title='bbox 3518 5128 3610 5167; x_wconf 79' lang='lat' dir='ltr'><strong>sa-</strong></span> 
     </span>
    </p>
   </div>
   <div class='ocr_carea' id='block_1_104' title="bbox 334 5208 3608 5287">
    <p class='ocr_par' dir='ltr' id='par_1_104' title="bbox 334 5208 3608 5287">
     <span class='ocr_line' id='line_1_104' title="bbox 334 5208 3608 5287; baseline -0.004 -11"><span class='ocrx_word' id='word_1_817' title='bbox 334 5220 616 5276; x_wconf 87' lang='lat' dir='ltr'><strong>eerdotem</strong></span> <span class='ocrx_word' id='word_1_818' title='bbox 648 5217 939 5287; x_wconf 86' lang='lat' dir='ltr'><strong>quemdam</strong></span> <span class='ocrx_word' id='word_1_819' title='bbox 969 5231 1093 5272; x_wconf 88' lang='lat' dir='ltr'><strong>esse</strong></span> <span class='ocrx_word' id='word_1_820' title='bbox 1122 5215 1510 5284; x_wconf 88' lang='lat' dir='ltr'><strong>sempiternum</strong></span> <span class='ocrx_word' id='word_1_821' title='bbox 1551 5214 1917 5284; x_wconf 89' lang='lat' dir='ltr'><strong>altissimique</strong></span> <span class='ocrx_word' id='word_1_822' title='bbox 1955 5212 2048 5267; x_wconf 83' lang='lat' dir='ltr'><strong>Dei</strong></span> <span class='ocrx_word' id='word_1_823' title='bbox 2108 5211 2328 5275; x_wconf 87' lang='lat' dir='ltr'><strong>Filium,</strong></span> <span class='ocrx_word' id='word_1_824' title='bbox 2391 5219 2653 5282; x_wconf 89' lang='lat' dir='ltr'><strong>tanquam</strong></span> <span class='ocrx_word' id='word_1_825' title='bbox 2710 5209 2780 5264; x_wconf 89' lang='lat' dir='ltr'><strong>ab</strong></span> <span class='ocrx_word' id='word_1_826' title='bbox 2813 5209 2934 5280; x_wconf 90' lang='lat' dir='ltr'><strong>ipso</strong></span> <span class='ocrx_word' id='word_1_827' title='bbox 2964 5211 3235 5265; x_wconf 88' lang='lat' dir='ltr'><strong>altissimo</strong></span> <span class='ocrx_word' id='word_1_828' title='bbox 3289 5208 3400 5263; x_wconf 93' lang='lat' dir='ltr'><strong>Deo</strong></span> <span class='ocrx_word' id='word_1_829' title='bbox 3453 5209 3608 5279; x_wconf 80' lang='lat' dir='ltr'><strong>geni-</strong></span> 
     </span>
    </p>
   </div>
   <div class='ocr_carea' id='block_1_105' title="bbox 333 5299 3605 5380">
    <p class='ocr_par' dir='ltr' id='par_1_105' title="bbox 333 5299 3605 5380">
     <span class='ocr_line' id='line_1_105' title="bbox 333 5299 3605 5380; baseline -0.005 -12"><span class='ocrx_word' id='word_1_830' title='bbox 333 5322 475 5378; x_wconf 90' lang='lat' dir='ltr'><strong>tum,</strong></span> <span class='ocrx_word' id='word_1_831' title='bbox 501 5320 558 5368; x_wconf 89' lang='lat' dir='ltr'><strong>et</strong></span> <span class='ocrx_word' id='word_1_832' title='bbox 586 5311 732 5365; x_wconf 89' lang='lat' dir='ltr'><strong>illius</strong></span> <span class='ocrx_word' id='word_1_833' title='bbox 784 5309 936 5380; x_wconf 88' lang='lat' dir='ltr'><strong>regni</strong></span> <span class='ocrx_word' id='word_1_834' title='bbox 998 5321 1377 5362; x_wconf 87' lang='lat' dir='ltr'><strong>consessorem</strong></span> <span class='ocrx_word' id='word_1_835' title='bbox 1412 5325 1426 5360; x_wconf 88' lang='lat'>:</span> <span class='ocrx_word' id='word_1_836' title='bbox 1461 5313 1545 5362; x_wconf 93' lang='lat' dir='ltr'><strong>est</strong></span> <span class='ocrx_word' id='word_1_837' title='bbox 1589 5305 1752 5360; x_wconf 88' lang='lat' dir='ltr'><strong>etiam</strong></span> <span class='ocrx_word' id='word_1_838' title='bbox 1811 5312 2116 5368; x_wconf 88' lang='lat' dir='ltr'><strong>ostensum,</strong></span> <span class='ocrx_word' id='word_1_839' title='bbox 2173 5311 2232 5356; x_wconf 92' lang='lat' dir='ltr'><strong>ut</strong></span> <span class='ocrx_word' id='word_1_840' title='bbox 2279 5303 2370 5373; x_wconf 92' lang='lat' dir='ltr'><strong>qni</strong></span> <span class='ocrx_word' id='word_1_841' title='bbox 2415 5318 2512 5373; x_wconf 92' lang='lat' dir='ltr'><strong>per</strong></span> <span class='ocrx_word' id='word_1_842' title='bbox 2564 5300 2758 5358; x_wconf 86' lang='lat' dir='ltr'><strong>Isaiam</strong></span> <span class='ocrx_word' id='word_1_843' title='bbox 2806 5299 3148 5369; x_wconf 84' lang='lat' dir='ltr'><strong>signiﬁcatur</strong></span> <span class='ocrx_word' id='word_1_844' title='bbox 3185 5300 3464 5363; x_wconf 84' lang='lat' dir='ltr'><strong>Christus,</strong></span> <span class='ocrx_word' id='word_1_845' title='bbox 3492 5314 3605 5354; x_wconf 83' lang='lat' dir='ltr'><strong>non</strong></span> 
     </span>
    </p>
   </div>
   <div class='ocr_carea' id='block_1_106' title="bbox 336 5389 3603 5469">
    <p class='ocr_par' dir='ltr' id='par_1_106' title="bbox 336 5389 3603 5469">
     <span class='ocr_line' id='line_1_106' title="bbox 336 5389 3603 5469; baseline -0.006 -8"><span class='ocrx_word' id='word_1_846' title='bbox 336 5407 408 5461; x_wconf 83' lang='lat' dir='ltr'><strong>ab</strong></span> <span class='ocrx_word' id='word_1_847' title='bbox 460 5403 774 5459; x_wconf 89' lang='lat' dir='ltr'><strong>hominibus</strong></span> <span class='ocrx_word' id='word_1_848' title='bbox 828 5402 1006 5456; x_wconf 84' lang='lat' dir='ltr'><strong>factus</strong></span> <span class='ocrx_word' id='word_1_849' title='bbox 1061 5401 1154 5464; x_wconf 91' lang='lat' dir='ltr'><strong>sit,</strong></span> <span class='ocrx_word' id='word_1_850' title='bbox 1207 5398 1304 5454; x_wconf 90' lang='lat' dir='ltr'><strong>sed</strong></span> <span class='ocrx_word' id='word_1_851' title='bbox 1350 5397 1421 5453; x_wconf 89' lang='lat' dir='ltr'><strong>ab</strong></span> <span class='ocrx_word' id='word_1_852' title='bbox 1465 5397 1586 5469; x_wconf 89' lang='lat' dir='ltr'><strong>ipso</strong></span> <span class='ocrx_word' id='word_1_853' title='bbox 1617 5396 1779 5452; x_wconf 88' lang='lat' dir='ltr'><strong>Patre</strong></span> <span class='ocrx_word' id='word_1_854' title='bbox 1838 5412 1936 5467; x_wconf 87' lang='lat' dir='ltr'><strong>per</strong></span> <span class='ocrx_word' id='word_1_855' title='bbox 2005 5394 2270 5466; x_wconf 88' lang='lat' dir='ltr'><strong>Spiritum</strong></span> <span class='ocrx_word' id='word_1_856' title='bbox 2331 5395 2575 5449; x_wconf 87' lang='lat' dir='ltr'><strong>divinum</strong></span> <span class='ocrx_word' id='word_1_857' title='bbox 2613 5394 2685 5449; x_wconf 91' lang='lat' dir='ltr'><strong>sit</strong></span> <span class='ocrx_word' id='word_1_858' title='bbox 2721 5402 2941 5458; x_wconf 92' lang='lat' dir='ltr'><strong>unctus,</strong></span> <span class='ocrx_word' id='word_1_859' title='bbox 2993 5400 3046 5447; x_wconf 93' lang='lat' dir='ltr'><strong>et</strong></span> <span class='ocrx_word' id='word_1_860' title='bbox 3093 5392 3160 5446; x_wconf 88' lang='lat' dir='ltr'><strong>ad</strong></span> <span class='ocrx_word' id='word_1_861' title='bbox 3214 5391 3464 5446; x_wconf 87' lang='lat' dir='ltr'><strong>homines</strong></span> <span class='ocrx_word' id='word_1_862' title='bbox 3509 5389 3603 5462; x_wconf 91' lang='lat' dir='ltr'><strong>qui</strong></span> 
     </span>
    </p>
   </div>
   <div class='ocr_carea' id='block_1_107' title="bbox 336 5490 3606 5572">
    <p class='ocr_par' dir='ltr' id='par_1_107' title="bbox 336 5490 3606 5572">
     <span class='ocr_line' id='line_1_107' title="bbox 336 5490 3606 5572; baseline -0.004 -14"><span class='ocrx_word' id='word_1_863' title='bbox 336 5501 537 5572; x_wconf 78' lang='lat' dir='ltr'><strong>captivi</strong></span> <span class='ocrx_word' id='word_1_864' title='bbox 567 5507 880 5554; x_wconf 89' lang='lat' dir='ltr'><strong>tenerentur</strong></span> <span class='ocrx_word' id='word_1_865' title='bbox 903 5494 1268 5561; x_wconf 87' lang='lat' dir='ltr'><strong>redimendos,</strong></span> <span class='ocrx_word' id='word_1_866' title='bbox 1303 5495 1524 5551; x_wconf 89' lang='lat' dir='ltr'><strong>missus.</strong></span> <span class='ocrx_word' id='word_1_867' title='bbox 1553 5493 1710 5550; x_wconf 83' lang='lat' dir='ltr'><strong>Hunc</strong></span> <span class='ocrx_word' id='word_1_868' title='bbox 1751 5495 1917 5566; x_wconf 87' lang='lat' dir='ltr'><strong>igitur</strong></span> <span class='ocrx_word' id='word_1_869' title='bbox 1949 5493 2138 5549; x_wconf 89' lang='lat' dir='ltr'><strong>divino</strong></span> <span class='ocrx_word' id='word_1_870' title='bbox 2170 5492 2376 5563; x_wconf 90' lang='lat' dir='ltr'><strong>Spiritu</strong></span> <span class='ocrx_word' id='word_1_871' title='bbox 2423 5492 2653 5547; x_wconf 90' lang='lat' dir='ltr'><strong>intuitus</strong></span> <span class='ocrx_word' id='word_1_872' title='bbox 2685 5491 2886 5556; x_wconf 79' lang='lat' dir='ltr'><strong>Moses,</strong></span> <span class='ocrx_word' id='word_1_873' title='bbox 2949 5490 3077 5545; x_wconf 89' lang='lat' dir='ltr'><strong>dum</strong></span> <span class='ocrx_word' id='word_1_874' title='bbox 3125 5491 3393 5562; x_wconf 85' lang='lat' dir='ltr'><strong>imagines</strong></span> <span class='ocrx_word' id='word_1_875' title='bbox 3417 5505 3481 5544; x_wconf 86' lang='lat' dir='ltr'><strong>ac</strong></span> <span class='ocrx_word' id='word_1_876' title='bbox 3501 5503 3606 5544; x_wconf 88' lang='lat' dir='ltr'><strong>no-</strong></span> 
     </span>
    </p>
   </div>
   <div class='ocr_carea' id='block_1_108' title="bbox 2049 5728 3345 5798">
    <p class='ocr_par' dir='ltr' id='par_1_108' title="bbox 2049 5728 3345 5798">
     <span class='ocr_line' id='line_1_108' title="bbox 2049 5728 3345 5798; baseline 0 -13"><span class='ocrx_word' id='word_1_877' title='bbox 2049 5734 2094 5764; x_wconf 81' lang='grc'><strong>¹⁸</strong></span> <span class='ocrx_word' id='word_1_878' title='bbox 2129 5731 2289 5786; x_wconf 83' lang='lat' dir='ltr'><strong>llchr.</strong></span> <span class='ocrx_word' id='word_1_879' title='bbox 2326 5746 2400 5798; x_wconf 83' lang='lat' dir='ltr'><strong>vt,</strong></span> <span class='ocrx_word' id='word_1_880' title='bbox 2438 5731 2524 5798; x_wconf 85' lang='lat' dir='ltr'><strong>l7,</strong></span> <span class='ocrx_word' id='word_1_881' title='bbox 2565 5730 2652 5784; x_wconf 76' lang='lat'><strong>18.</strong></span> <span class='ocrx_word' id='word_1_882' title='bbox 2750 5731 2794 5762; x_wconf 80' lang='grc'>¹⁹</span> <span class='ocrx_word' id='word_1_883' title='bbox 2825 5728 2993 5788; x_wconf 73' lang='lat' dir='ltr'><strong>llrbr.</strong></span> <span class='ocrx_word' id='word_1_884' title='bbox 3023 5745 3118 5796; x_wconf 85' lang='lat' dir='ltr'><strong>vn,</strong></span> <span class='ocrx_word' id='word_1_885' title='bbox 3157 5729 3345 5786; x_wconf 65' lang='lat'><strong>20-25.</strong></span> 
     </span>
    </p>
   </div>
   <div class='ocr_carea' id='block_1_109' title="bbox 408 5697 1938 5811">
    <p class='ocr_par' dir='ltr' id='par_1_109' title="bbox 408 5697 1938 5811">
     <span class='ocr_line' id='line_1_109' title="bbox 408 5697 1938 5811; baseline -0.008 -14"><span class='ocrx_word' id='word_1_886' title='bbox 408 5739 617 5796; x_wconf 78' lang='lat' dir='ltr'><strong>&quot;Gen.</strong></span> <span class='ocrx_word' id='word_1_887' title='bbox 685 5755 799 5808; x_wconf 81' lang='lat' dir='ltr'><strong>m,</strong></span> <span class='ocrx_word' id='word_1_888' title='bbox 837 5739 958 5798; x_wconf 64' lang='lat'><strong>13.;</strong></span> <span class='ocrx_word' id='word_1_889' title='bbox 1033 5736 1379 5811; x_wconf 47' lang='lat' dir='ltr'><strong>&quot;animm.</strong></span> <span class='ocrx_word' id='word_1_890' title='bbox 1478 5736 1520 5766; x_wconf 72' lang='grc' dir='ltr'><strong>’τ</strong></span> <span class='ocrx_word' id='word_1_891' title='bbox 1557 5732 1722 5789; x_wconf 85' lang='lat' dir='ltr'><strong>llebr.</strong></span> <span class='ocrx_word' id='word_1_892' title='bbox 1756 5697 1853 5801; x_wconf 57' lang='grc' dir='ltr'><strong>κέη,</strong></span> <span class='ocrx_word' id='word_1_893' title='bbox 1888 5733 1938 5786; x_wconf 84' lang='lat'><strong>7.</strong></span> 
     </span>
    </p>
   </div>
  </div>
