3846 6218
180 337 282 396 301

1104 330 1765 391 DEMONST-RATIONIS
1792 307 2250 390 EVANGELICAE
2278 330 2410 387 LIB.
2437 327 2525 384 ιν.

3338 328 3450 381 50?.

183 461 276 509 tas
342 451 543 523 ipsius,
576 449 723 505 utin
753 448 1092 510 hominibus,
1160 447 1484 505 constituit:
1519 453 1833 515 comparato
1892 451 2171 515 unguento
2214 443 2435 499 interim
2471 440 2642 498 divini
2701 439 2939 512 Spiritus
2987 439 3130 506 loco,
3185 457 3346 512 quem
3397 452 3455 497 in

183 544 507 600 hominibus
563 544 879 615 praetulerat
923 541 1262 598 sacerdotem
1315 541 1551 603 inunxit,
1619 538 2009 609 Christumque
2076 552 2201 593 eum
2259 544 2314 592 et
2370 545 2615 600 unctum,
2667 534 2930 591 relatione
2963 535 3032 590 ad
3060 550 3186 592 eum
3223 537 3314 606 qui
3362 554 3455 619 ve—

183 652 286 694 rus
332 646 441 704 est,
491 637 803 709 appellavit.
855 635 1015 703 Quod
1063 644 1245 692 autem
1310 635 1428 690 haec
1481 634 1557 688 ita
1614 648 1675 689 se
1734 633 2004 698 habeant,
2056 631 2202 703 quis,
2243 630 2332 686 cui
2387 629 2521 686 ﬁdes
2567 629 2856 694 habeatur,
2907 630 3065 687 testis
3120 630 3242 702 ipso
3302 630 3455 688 Mosa

182 735 446 807 dignior?
502 735 562 789 ln
598 734 669 790 iis
706 733 853 791 enim
883 747 1005 805 quae
1033 733 1104 788 ab
1154 731 1275 803 ipso
1305 731 1513 798 scripta
1579 736 1709 786 sunt
1771 728 2208 799 respondentem.
2253 725 2359 782 sibi
2414 725 2586 782 Deum
2636 739 2702 781 ae
2746 723 3062 793 Dominum,
3114 727 3294 798 palam
3349 727 3479 784 sibi.

188 827 497 899 imperasse
546 827 729 893 docet,
784 835 845 882 ut
894 825 1200 883 secundum
1251 825 1552 882 exbibitam
1625 821 1734 878 sibi
1794 819 2194 891 intelligibilem
2226 834 2291 874 ac
2343 818 2622 874 caelestem
2667 816 2815 873 illius
2870 818 3161 885 visionem,
3192 834 3461 890 corporea

188 921 383 990 specie
438 917 815 975 adorationem
882 918 938 972 in
983 924 1132 972 terra
1176 917 1559 976 constitueret,
1622 927 1746 984 qua:
1787 927 1971 967 rerum
2004 911 2432 983 intelligibilium
2483 917 2649 981 atque
2692 909 3140 983 incorporearum
3167 913 3461 985 imaginem

181 1015 672 1084 complecteretur.
743 1012 933 1084 Itaque
995 1012 1304 1069 ccelestium
1377 1008 1699 1081 angelorum
1768 1005 2192 1076 divinarumque
2240 1011 2573 1075 potestatum
2623 1002 2869 1068 ordines,
2923 1003 3343 1063 adumbratione
3390 1023 3462 1064 ac

186 1106 370 1178 ﬁgura
425 1103 663 1175 quadam
723 1104 927 1160 dicitur
979 1104 1369 1175 descripsisse,
1426 1117 1553 1158 cum
1611 1099 1722 1172 ipsi
1768 1099 1964 1169 utique
2021 1097 2305 1153 oraculum
2347 1096 2576 1153 dixisset
2612 1114 2627 1150 :
2670 1115 2688 1147 ‹
2729 1095 2920 1155 Facies
2947 1099 3132 1154 omnia
3177 1100 3246 1155 ad
3275 1115 3461 1157 exem-

182 1201 318 1272 plar
361 1198 510 1271 quod
556 1199 659 1255 tibi
703 1198 1143 1255 demonstratum
1201 1206 1286 1255 est
1334 1198 1392 1252 in
1428 1203 1614 1252 monte
1647 1194 1694 1226 ³ο
1728 1216 1743 1249 ς
1787 1212 1806 1245 ι
1850 1192 1995 1263 Ergo
2047 1191 2508 1263 quemadmodum
2558 1190 2791 1262 reliqua,
2820 1191 2896 1246 ita
2929 1199 2984 1247 et
3024 1192 3341 1249 Pontiﬁcem
3375 1195 3459 1249 in-

179 1296 374 1360 duxit,
428 1310 590 1365 quem
642 1295 884 1351 terrestri
938 1303 1220 1366 unguento
1287 1299 1518 1365 ungeret
1558 1311 1572 1345 :
1620 1289 1809 1361 itaque
1877 1287 2223 1343 umbratilem
2268 1286 2562 1357 quemdam
2612 1300 2678 1341 ac
2726 1286 3069 1356 simulatum,
3115 1305 3228 1345 non
3278 1299 3464 1351 autem

184 1407 386 1449 verum
410 1390 689 1447 Christum
712 1399 768 1448 et
790 1392 1129 1464 pontificem,
1154 1392 1305 1449 illius
1326 1403 1510 1448 tamen
1533 1389 1776 1447 caelestis
1810 1388 2017 1445 Christi
2050 1396 2107 1446 et
2128 1389 2405 1461 pontiﬁcis
2433 1390 2609 1445 instar
2639 1387 2932 1460 expressit.

275 1483 416 1536 Ἀλλ’
441 1484 520 1537 ὅτι
552 1484 652 1555 μὲν
682 1487 711 1538 6
736 1485 942 1557 κυρίως
975 1487 1213 1559 Χριστὸς
1243 1488 1344 1541 οὐκ
1380 1486 1665 1559 ἅνθρωπος
1685 1481 1775 1557 ἦν,

1951 1483 2246 1548 Caeterum,
2273 1491 2335 1537 ut
2368 1484 2589 1554 proprie
2612 1481 2834 1554 quidem
2869 1481 3126 1537 Christus
3158 1496 3270 1537 non
3290 1481 3465 1537 homo

185 1577 309 1642 υἱὸς
339 1576 396 1630 δέ
425 1594 510 1642 τις
538 1576 696 1643 Θεοῦ,
721 1576 915 1644 δεξιοῖς
942 1579 1043 1651 τῆς
1065 1581 1338 1653 πατρικῆς
1365 1579 1617 1651 θεότητος
1644 1597 1784 1634 τετι-

192 1668 445 1739 μημένος
467 1707 484 1733 ,
527 1670 622 1723 καὶ
670 1669 803 1724 πολὺ
850 1671 1113 1743 κρείττων
1144 1673 1206 1727 οὐ
1252 1673 1409 1744 μόνον
1453 1673 1555 1743 τῆς
1585 1672 1785 1744 θνητῆς

184 1762 291 1814 καὶ
334 1760 685 1833 ἀνθρωπείας
718 1761 970 1832 φύσεως,
1024 1761 1161 1817 ἀλλά
1213 1765 1310 1819 καὶ
1352 1765 1535 1836 πάσης
1578 1764 1676 1835 τῆς
1726 1765 1785 1817 ὲν

184 1856 440 1924 γενητοῖς
471 1855 666 1925 νοερᾶς
694 1853 905 1919 οὐσίας,
938 1855 1128 1925 σαφῶς
1158 1853 1309 1928 οἶμαι
1344 1856 1747 1928 ἀποδεδειχέναι
1767 1874 1780 1886 ·

186 1946 339 2017 πλὴν
370 1946 486 2000 ἀλλ’
528 1946 610 2000 ὅτι
643 1945 787 2001 κατὰ
823 1946 892 2000 τά
929 1946 1195 2019 πρότερον
1227 1949 1493 2021 εἰρημένα
1541 1952 1570 2003 6
1624 1948 1787 2012 αὐτὸς

190 2038 363 2092 Δαϐὶϐ
410 2040 468 2092 ὲν
527 2039 609 2111 μδ’
678 2038 880 2111 ψαλμῷ
948 2044 1244 2113 προγραφῇ
1319 2042 1666 2115 χρησάμενος
1716 2045 1784 2113 τῇ

195 2147 218 2181 ‹
251 2130 429 2203 ’Υπὲρ
468 2130 563 2184 τοῦ
596 2131 883 2204 ἀγαπητοῦ
916 2135 1012 2188 καί
1053 2133 1163 2188 τῶν
1196 2134 1731 2207 ἀλλοιωθησομένων,
1763 2155 1780 2186 ι

189 2221 335 2293 ὁμοῦ
371 2222 506 2277 Θεὸν
535 2224 632 2277 καί¹
680 2223 906 2295 βασιλέα
960 2226 1058 2281 κα“ι
1103 2227 1341 2299 Χριστὸν
1385 2227 1482 2282 ἕνα
1521 2227 1642 2281 τινὰ
1694 2228 1788 2282 καὶ

191 2314 289 2367 τὸν
336 2314 501 2368 αὑτὸν
523 2315 869 2388 ἀναγορεύει,
911 2317 1141 2389 γράφων
1205 2316 1412 2382 οὕτως’
1460 2336 1480 2369 ι
1528 2316 1786 2391 Ἐξηρεύ-

192 2404 328 2470 ξατο
372 2408 410 2478 ἠ
462 2407 662 2481 καρδία
714 2425 814 2479 μου
864 2408 1023 2478 λόγον
1073 2410 1300 2479 ἀγαθὸν,
1340 2410 1483 2480 λέγω
1548 2410 1664 2479 ἐγὼ
1719 2411 1790 2465 τὰ

191 2498 338 2569 ἔργα
387 2517 491 2570 μου
545 2498 625 2571 τῷ
683 2500 911 2571 βασιλεῖ.
958 2502 1022 2555 Ἡ
1084 2501 1306 2571 γλῶσσά
1378 2520 1479 2575 μου
1542 2502 1790 2574 κάλαμος

202 2592 574 2665 γραμματέως
619 2591 949 2665 ὀξυγράφου·
973 2594 1176 2667 ὡραῖος
1226 2595 1415 2649 κάλλει
1467 2594 1619 2667 παρὰ
1663 2596 1790 2659 τοὺς

190 2685 350 2748 υἱοὺς
383 2681 492 2737 τῶν
517 2681 849 2756 ἀνθρώπων’
891 2703 911 2736 ι
947 2679 1029 2749 οἷς
1062 2683 1190 2756 ἑξῆς
1222 2683 1489 2752 ὲπιλέγει’
1522 2703 1541 2736 ι
1582 2685 1642 2737 Ὁ
1668 2683 1792 2756 θρό-

190 2794 288 2841 νος
340 2794 455 2843 σου,
493 2779 522 2830 6
556 2776 712 2842 Θεὸς,
747 2779 828 2842 είς
858 2778 950 2832 τὸν
983 2778 1159 2833 αἰῶνα
1194 2777 1292 2832 τοῦ
1326 2777 1521 2841 αἰῶνος
1543 2794 1556 2808 ’
1595 2775 1789 2849 ῥάϐδος

1888 1574 2073 1640 fuerit,
2100 1591 2290 1632 verum
2326 1575 2420 1632 Dei
2452 1574 2645 1641 Filius,
2696 1576 2790 1646 qui
2837 1574 3029 1631 dextra
3057 1582 3300 1645 paternae
3332 1575 3469 1630 divi-

1886 1666 2081 1722 uitatis
2103 1667 2176 1723 sit
2211 1667 2530 1733 decoratus,
2564 1675 2619 1723 et
2645 1668 2819 1723 multo
2849 1666 3218 1738 praestantior,
3251 1683 3362 1722 non
3382 1684 3470 1724 so-

1886 1761 1999 1815 lum
2030 1761 2250 1816 mortali
2297 1761 2646 1832 humanaque
2693 1770 2911 1826 natura,
2961 1760 3057 1816 sed
3097 1761 3264 1816 etiam
3311 1761 3464 1815 omni

1887 1853 2216 1925 intelligibili
2270 1854 2326 1909 in
2381 1853 2546 1910 rebus
2582 1855 2781 1910 creatis
2828 1854 3070 1910 essentia
3108 1853 3466 1924 intelligatur.

1888 1946 2047 2014 plane
2076 1959 2164 2001 me
2192 1946 2435 2002 arbitror
2467 1946 2902 2011 demonstrasse,
2944 1953 3142 2017 praeter
3190 1961 3361 2000 unum
3400 1947 3468 2000 il-

1889 2036 2005 2103 lud,
2026 2035 2176 2107 quod
2208 2036 2278 2092 ad
2303 2052 2369 2092 ea
2389 2053 2513 2108 quae
2538 2037 2773 2093 antehac
2798 2037 2943 2093 dicta
2978 2045 3129 2104 sunt,
3154 2037 3470 2093 addendum

1886 2144 2013 2186 esse
2060 2130 2322 2196 arbitror,
2379 2132 2450 2187 ab
2503 2131 2694 2187 eodem
2747 2131 2936 2201 utique
2989 2130 3161 2186 David
3219 2131 3278 2186 in
3329 2147 3474 2201 qua-

1888 2222 2201 2294 dragesimo
2250 2231 2449 2295 quarto
2498 2225 2710 2294 psalmo
2757 2224 3116 2295 inscriptione
3156 2224 3470 2295 praeposita,

1890 2313 1982 2369 illa
1999 2322 2240 2384 quaeest,
2272 2333 2292 2366 ι
2324 2330 2425 2385 pro
2446 2316 2646 2371 dilecto
2661 2323 2716 2372 et
2738 2316 2808 2372 iis
2830 2316 2923 2387 qui
2948 2317 3410 2381 immutabuntur,
3439 2337 3463 2370 ι

1889 2404 2060 2461 Deum
2088 2405 2252 2461 simul
2276 2413 2331 2461 et
2356 2421 2538 2478 regem
2557 2417 2612 2462 et
2627 2406 2905 2465 Christum
2936 2424 3106 2465 unum
3129 2417 3180 2464 et
3220 2409 3471 2466 eumdem

1889 2498 2181 2568 quemdam
2197 2498 2478 2569 appellari,
2497 2498 2583 2554 his
2613 2499 2833 2569 quidem
2852 2501 3030 2557 verbis
3058 2519 3073 2557 :
3103 2501 3264 2572 179
3283 2520 3301 2552 ι
3336 2500 3476 2557 Eru-

1891 2588 2059 2644 ctavit
2072 2605 2170 2646 cor
2185 2605 2365 2646 meum
2384 2591 2609 2647 verbum
2634 2591 2862 2660 bonum,
2879 2593 3004 2649 dico
3026 2608 3127 2664 ego
3159 2606 3326 2664 opera
3356 2608 3477 2649 mea

1891 2682 2006 2753 regi
2043 2701 2057 2737 :
2090 2682 2274 2754 lingua
2293 2696 2416 2739 mea
2437 2683 2683 2741 calamus
2728 2684 2923 2741 scribae
2952 2685 3213 2741 velociter
3239 2685 3479 2740 scriben-

1891 2775 1965 2832 tis
1996 2795 2010 2830 :
2047 2776 2330 2847 speciosus
2356 2775 2529 2833 forma
2559 2794 2672 2849 pra:
2707 2778 2832 2835 ﬁliis
2866 2778 3144 2834 hominum
3185 2779 3249 2832 ³³.
3291 2798 3310 2831 ι
3345 2777 3481 2845 Qui-

194 2867 497 2940 εὐθύτητος
529 2871 563 2940 ἡ
615 2868 809 2941 ῥάϐδος
844 2870 945 2943 τῆς
989 2869 1267 2941 βασιλείας
1312 2887 1407 2924 σου
1431 2887 1446 2900 θ
1490 2869 1788 2941 ἠγάπησας

1899 2870 2000 2926 bus
2024 2870 2281 2943 deinceps
2313 2871 2579 2942 adiungit.
2617 2890 2635 2923 ι
2665 2870 2833 2927 Sedes
2861 2878 2976 2934 tua,
3001 2869 3177 2934 Deus,
3209 2871 3265 2926 in
3300 2885 3482 2925 saeua-

185 2959 569 3030 δικαιοσὺνην,
598 2961 694 3015 καὶ
719 2960 990 3033 ἐμίσησας
1022 2961 1238 3016 ἀδικίαν
1259 2976 1272 2990 ·
1308 2960 1397 3015 διὰ
1427 2960 1586 3015 τοῦτο
1605 2961 1790 3034 ἔχρισέ

194 3067 264 3106 σε
293 3052 325 3104 6
357 3050 491 3115 Θεὸς
522 3054 552 3105 6
582 3051 714 3117 Θεός
748 3070 843 3107 σου
874 3053 1052 3108 ἔλαιον
1082 3052 1459 3123 ἀγαλλιάσεως
1488 3053 1642 3126 παρὰ
1664 3055 1791 3118 τοὺς

192 3142 470 3215 μετόχους
499 3160 615 3198 σου.
657 3164 677 3196 ι
712 3145 912 3200 Σκόπει
943 3146 986 3200 δ’
1030 3143 1126 3201 οὖν
1163 3146 1607 3220 ἐπιμελέστερον,
1643 3149 1792 3211 ὅπως

192 3235 349 3290 κατᾶ
383 3234 481 3308 τὴν
513 3235 607 3289 τοῦ
639 3236 857 3309 ψαλμοῦ
890 3240 1220 3311 προγραφὴν
1262 3239 1403 3310 ὑπὲρ
1441 3238 1537 3293 τοῦ
1569 3239 1790 3310 ἀγαπη-

193 3331 298 3386 τοῦ
333 3331 428 3385 τὸν
451 3331 608 3400 λόγον
641 3328 780 3387 εἶναι
812 3335 1254 3408 προοιμιάζεται,
1289 3335 1427 3407 μετὰ
1460 3335 1555 3390 τοῦ
1586 3335 1680 3391 καὶ
1712 3334 1793 3398 είς

196 3423 428 3478 σύνεσιν
453 3424 563 3477 τῶν
587 3424 1003 3498 λεχθησομένων
1035 3427 1127 3481 τὸν
1158 3427 1437 3500 ἀκροατὴν
1477 3432 1789 3503 παρορμᾷν’

195 3516 633 3587 ἐπισημαίνεται
672 3518 731 3571 δὲ
777 3518 873 3572 καὶ
903 3519 966 3572 τὸ
1004 3519 1176 3574 αἴτιον
1206 3520 1310 3591 τῆς
1350 3522 1665 3594 οἰκονομίας
1696 3524 1792 3579 τοῦ

196 3609 390 3679 λόγου,
424 3609 669 3679 φάσκωνο
716 3628 735 3660 ι
783 3611 878 3674 Et;
901 3611 963 3664 τὸ
993 3611 1145 3676 τέλος
1185 3613 1327 3685 ὑπὲρ
1358 3614 1466 3667 τῶν
1499 3615 1796 3687 ἀλλοιωθῆ-

201 3701 454 3772 σομένων
482 3702 563 3764 είς
591 3700 806 3755 σύνεσιν
832 3702 977 3775 ὑπὲρ
1004 3702 1098 3757 τοῦ
1141 3704 1455 3777 ἀγαπητοῦ.
1489 3723 1508 3757 ι
1540 3705 1705 3770 Τίνας
1736 3707 1795 3759 δὲ

202 3793 404 3857 ἲλους
430 3793 606 3859 εἴποις
641 3789 781 3850 εἶναι
809 3796 936 3861 τοὺς
975 3796 1513 3870 ἁλλοιωθησομένους
1547 3800 1688 3872 ὑπὲρ
1720 3793 1795 3854 ὧν

201 3886 236 3939 6
274 3886 496 3958 ψαλμὸς
538 3886 773 3960 εἴρηται,
809 3888 843 3961 ἢ
874 3891 1001 3954 τοὺς
1038 3888 1336 3961 μέλλοντας
1371 3891 1795 3962 μεταϐαλεῖσθαι

203 3981 274 4032 ὲκ
304 3978 574 4051 προτέρου
613 3978 729 4050 βίου
750 3980 845 4036 καὶ
865 3981 1091 4054 τρόπου,
1118 3983 1584 4057 μετατεθήσεσθαί
1613 4002 1672 4038 τε
1703 3986 1798 4039 καὶ

202 4068 676 4141 ἁλλοιωθήσεσθαι
719 4070 809 4125 διά
847 4071 942 4126 τοῦ
993 4076 1508 4147 προφητευομένους
1540 4070 1709 4141 Οὗτος
1739 4077 1796 4131 δὲ

1896 2962 2008 3017 lum
2053 2964 2239 3020 saeculi
2271 2984 2283 3019 :
2317 2964 2471 3035 virga
2507 2963 2832 3019 directionis
2873 2964 3024 3035 virga
3054 2963 3215 3034 regni
3249 2963 3327 3018 tui
3353 2982 3367 3018 :
3393 2962 3479 3016 di-

1896 3055 2079 3113 lexisti
2105 3056 2398 3127 justitiam,
2453 3064 2509 3112 et
2553 3055 2714 3113 odisti
2752 3056 3091 3128 iniquitatem
3141 3063 3479 3127 :propterea

1907 3151 2066 3205 unxit
2127 3160 2179 3206 te
2208 3150 2357 3207 Deus
2404 3149 2551 3207 Deus
2583 3158 2713 3207 tuus
2748 3150 2868 3207 oleo
2911 3151 3316 3215 exsultationis,
3368 3167 3482 3223 prae

1901 3247 2259 3318 participibus
2317 3249 2428 3303 tuis
2470 3248 2538 3302 ".
2589 3267 2607 3300 ι
2649 3247 2951 3309 Considera
3001 3262 3133 3319 ergo
3166 3246 3482 3318 diligentius

1899 3340 2360 3411 quemadmodum
2420 3341 2719 3396 secundum
2773 3339 2971 3412 psalmi
3030 3339 3481 3409 inscriptionem,

1900 3437 2015 3483 tum
2050 3443 2151 3500 pro
2176 3428 2377 3485 dilecto
2407 3445 2467 3485 se
2491 3430 2655 3485 verba
2692 3429 2873 3485 facere
2901 3429 3060 3484 initio
3084 3430 3269 3484 statim
3297 3437 3487 3485 esten-

1900 3521 2016 3587 dat,
2053 3529 2167 3576 tum
2201 3522 2367 3578 etiam
2408 3530 2471 3578 ut
2494 3523 2559 3579 ad
2589 3522 3002 3594 intelligentiam
3027 3537 3218 3578 eorum
3242 3537 3366 3592 quae
3400 3521 3487 3576 di--

1901 3614 2075 3669 cenda
2102 3613 2233 3678 sint,
2256 3614 2562 3671 auditorem
2603 3624 2974 3679 commoveat,
3030 3613 3303 3685 signiﬁcat
3348 3630 3487 3685 prm-

1904 3714 2050 3760 terea
2087 3720 2337 3776 quaenam
2371 3707 2443 3761 sit
2492 3706 2658 3774 hujus
2702 3706 2968 3761 orationis
3013 3706 3090 3761 ita
3132 3705 3487 3776 disponendae

1902 3813 2091 3863 causa,
2123 3814 2247 3853 cum
2282 3801 2357 3852 ait
2392 3818 2405 3853 :
2449 3817 2468 3849 ι
2508 3798 2563 3853 in
2598 3797 2756 3853 linem
2810 3813 2909 3868 pro
2958 3798 3028 3853 iis
3081 3797 3174 3868 qui
3228 3797 3489 3853 immuta-

1902 3892 2130 3958 buntur,
2155 3891 2225 3947 ad
2273 3891 2836 3962 intelligentiam,pro
2871 3889 3074 3945 dilecto
3117 3889 3201 3944 ”:
3247 3909 3267 3942 ι
3319 3905 3486 3960 porro

1904 3998 2171 4057 quosnam
2202 3984 2339 4040 alios
2364 3982 2571 4040 dixeris
2620 3982 3011 4049 immutandos,
3038 3998 3142 4053 pro
3169 3983 3369 4053 quibus
3395 3984 3486 4038 hic

1904 4078 2149 4149 psalmus
2175 4076 2249 4132 sit
2267 4076 2595 4141 dictus,uisi
2610 4090 2706 4132 eos
2728 4075 2820 4146 qui
2849 4075 3097 4129 mutandi
3120 4075 3231 4130 sint
3251 4090 3280 4128 a
3302 4074 3488 4142 priore

202 4156 279 4215 ἦν
318 4164 362 4229 ὁ⁴
388 4161 676 4234 ἀγαπητὸς
715 4161 808 4217 τοῦ
840 4162 999 4229 Θεοῦ,
1045 4166 1188 4238 ὑπὲρ
1227 4162 1289 4222 οὗ
1320 4169 1413 4221 ἐπὶ
1446 4168 1546 4239 τῆς
1581 4187 1797 4241 προφη-

1910 4172 2019 4228 vita
2036 4186 2101 4227 ac
2126 4170 2373 4227 moribus
2394 4168 2893 4239 transferendique,
2912 4174 2967 4224 et
2978 4183 3044 4223 ex
3057 4168 3182 4223 aliis
3204 4168 3295 4222 alii
3316 4167 3488 4223 futuri

206 4254 365 4318 τείας
394 4255 664 4320 συνέσεως
693 4256 804 4310 δεῖν
822 4259 852 4311 6
878 4257 1240 4331 ψώμὸςὴμῖν
1267 4262 1708 4333 προοιμιάζεται.
1735 4266 1797 4318 Εἰ

1905 4281 2002 4336 per
2025 4278 2151 4321 eum
2183 4262 2251 4319 de
2276 4279 2386 4334 quo
2417 4263 2558 4318 idem
2586 4261 2842 4318 Psalmus
2861 4260 3234 4316 vaticinatur?
3267 4259 3367 4315 Hic
3388 4276 3483 4314 au-

206 4347 258 4401 δ’
289 4344 387 4402 οὖν
427 4350 808 4421 ὲπαπορήσας,
843 4350 928 4415 τίς
967 4352 1076 4423 ἀρα
1111 4347 1182 4425 ἦν
1222 4356 1251 4408 ὁ
1291 4355 1578 4426 ἀγαπητὸς
1624 4352 1799 4421 οὗτος,

211 4441 345 4513 apt
394 4433 457 4494 οὗ
503 4442 563 4495 ὲν
602 4440 681 4513 τῷ
710 4443 913 4515 ψαλμῷ
944 4444 1367 4516 προεφητεύετο,
1400 4447 1553 4518 παρά
1579 4447 1743 4511 πόδας
1774 4451 1802 4501 6

208 4532 372 4601 λόγος
387 4534 729 4605 παραστήσει
745 4534 1045 4607 ἀρχόμενος
1065 4536 1227 4600 εὐθὺς
1248 4538 1345 4592 καὶ
1365 4538 1560 4607 λέγων·
1596 4558 1615 4591 ι
1656 4539 1805 4610 Ἐξηρ

215 4623 450 4697 ρεύξατο
475 4626 509 4697 ἠ
536 4627 736 4698 καρδία
793 4644 898 4698 μου
931 4627 1089 4697 λόγον
1126 4629 1353 4699 ἀγαθόν.
1392 4651 1411 4683 ›
1444 4630 1606 4685 Εἴποι
1650 4631 1709 4685 δὲ
1736 4633 1802 4686 ἀν

210 4731 301 4777 τις
325 4714 491 4768 αὐτὸν
520 4716 731 4774 ἐκεῖνον
763 4718 1144 4789 σημαίνεσθαι,
1184 4720 1278 4775 τὸν
1298 4724 1356 4775 ὲν
1375 4722 1516 4794 ἀρχῇ
1542 4722 1678 4793 πρὸς
1711 4723 1803 4778 τὸν

208 4806 349 4860 Θεὸν
373 4807 567 4877 Λόγον,
589 4809 648 4862 6v
679 4809 949 4880 θεολογῶν
970 4813 998 4866 6
1017 4811 1189 4884 μέγας
1205 4814 1595 4887 εὐαγγελιστὴς
1622 4815 1805 4870 ’Ἰωάν-

214 4914 315 4969 νης
344 4899 585 4971 παρίστη
612 4900 806 4970 λέγων⁸
836 4921 864 4955 ν(
906 4904 999 4958 ’Ἐν
1031 4905 1175 4978 ἀρχῇ
1193 4902 1261 4977 ἦν
1279 4907 1518 4976 ὀΛόγος,
1536 4910 1631 4963 καὶ
1648 4910 1679 4962 6
1699 4909 1803 4963 A6-

212 5008 314 5059 τος
335 4987 406 5063 ἦν
436 4993 573 5064 πρὸς
600 4994 693 5048 τὸν
718 4996 874 5062 Θεὸν,
906 4999 1000 5052 καὶ
1031 4998 1164 5063 Θεὸς
1192 4994 1262 5071 ἦν
1287 5002 1316 5053 6
1346 5000 1538 5070 Λόγος.
1584 5021 1603 5053 ι
1638 5002 1711 5055 Τὸ
1735 5002 1801 5067 δ’,

218 5105 246 5138 ι
292 5089 659 5162 Ἑξηρεύξατο
683 5094 721 5164 ἡ
754 5094 953 5163 καρδία
1000 5112 1101 5167 μου
1125 5095 1285 5165 λόγον
1317 5097 1542 5165 ἀγαθὸν,
1588 5116 1606 5149 ι
1645 5097 1805 5169 εἴπερ

217 5185 284 5238 ἐκ
311 5181 609 5256 προσώπου
637 5185 732 5239 τοῦ
755 5186 968 5258 Πατρὸς
987 5188 1083 5240 καὶ
1099 5185 1237 5241 Θεοῦ
1267 5187 1378 5241 τῶν
1404 5188 1541 5242 ὅλων
1569 5189 1802 5259 λέγοιτο,

214 5274 310 5330 τὸν
352 5277 619 5349 μονογενῆ
661 5278 755 5331 τοῦ
805 5279 940 5332 Θεοῦ
971 5279 1141 5349 Λόγον
1171 5280 1462 5349 ὑποφαίνοι
1504 5281 1590 5347 ἂν,
1634 5281 1710 5346 ὡς
1741 5281 1807 5336 ἀν

221 5367 350 5421 Υίὸν
387 5372 454 5424 ὲκ
493 5371 588 5425 τοῦ
633 5371 845 5442 Πατρὸς
890 5372 1208 5441 ὑφεστῶτα·
1255 5372 1368 5426 ἀλλ’
1402 5374 1465 5428 οὐ
1496 5373 1639 5427 κατά
1671 5391 1807 5446 προ-

220 5459 405 5531 ϐολὴν,
425 5461 460 5532 ἢ
494 5464 634 5517 κατὰ
659 5464 946 5537 διαίρεσιν,
971 5465 1005 5536 ἢ
1033 5465 1227 5537 τομὴν,
1257 5465 1290 5535 ἥ
1327 5466 1573 5536 μείωσιν,
1601 5465 1635 5536 ἢ
1668 5467 1809 5520 κατά

1902 4366 2012 4412 tem
2036 4364 2121 4413 est
2155 4355 2390 4411 dilectus
2413 4354 2528 4419 Dei,
2557 4369 2657 4425 pro
2691 4369 2803 4425 quo
2831 4354 2888 4408 in
2935 4352 3053 4424 ipsa
3083 4352 3373 4423 prophetia
3399 4352 3485 4407 in-

1902 4448 2203 4521 telligentia
2231 4463 2354 4504 esse
2379 4462 2520 4518 opus
2542 4447 2789 4518 psalmus
2819 4446 2936 4516 ipse
2966 4445 3122 4500 initio
3152 4445 3315 4502 nobis
3344 4462 3486 4516 prae-

1906 4543 2116 4599 scribit.
2142 4540 2300 4608 Quod
2324 4541 2371 4597 si
2398 4539 2617 4597 dubites
2637 4540 2762 4610 quis
2786 4540 2873 4595 hic
2895 4538 3112 4594 tandem
3148 4539 3220 4593 sit
3249 4538 3488 4595 dilectus

1905 4634 1973 4690 de
1998 4650 2108 4704 quo
2152 4635 2206 4689 in
2242 4633 2348 4689 hoc
2376 4633 2589 4703 psalmo
2627 4632 2739 4687 tale
2767 4630 3034 4687 habeatur
3073 4629 3423 4692 vaticinium,
3456 4646 3491 4685 e

1905 4724 2136 4795 vestigio
2159 4722 2258 4778 tibi
2279 4722 2398 4792 ipsa
2429 4721 2606 4776 oratio
2633 4720 2957 4786 declarabit,
2980 4735 3103 4791 qua:
3122 4719 3280 4774 initio
3301 4720 3489 4775 statim

1907 4817 1982 4872 ita
2012 4817 2089 4872 ait
2113 4837 2126 4871 :
2165 4836 2186 4868 ‹
2214 4814 2495 4869 Eruetavit
2519 4829 2614 4870 cor
2638 4828 2818 4869 meum
2842 4813 3070 4868 verbum
3091 4813 3321 4867 bonum.
3345 4831 3364 4864 ι
3395 4810 3490 4866 Di—

1906 4911 2053 4966 xerit
2066 4917 2254 4966 autem
2276 4910 2549 4980 quispiam
2570 4909 2749 4980 ipsum
2772 4906 2907 4963 illud
2924 4906 3224 4979 signiﬁcari
3248 4910 3303 4961 in
3333 4910 3490 4978 prin-

1908 5004 2053 5074 cipio
2085 5001 2230 5074 apud
2264 5001 2434 5057 Deum
2465 5000 2725 5065 Verbum,
2759 5001 2827 5055 de
2862 5014 2975 5071 quo
3014 4992 3317 5070 theologice
3352 5002 3491 5057 seri—

1907 5097 2044 5152 bens
2087 5110 2319 5166 magnus
2362 5093 2696 5163 evangelista
2732 5091 3009 5157 Joannes,
3059 5093 3141 5148 sic
3198 5092 3484 5163 loquitur:

1914 5207 1933 5239 ι
1964 5186 2022 5242 In
2051 5174 2324 5259 principio
2357 5192 2475 5240 erat
2506 5184 2744 5241 Verbum
2763 5226 2778 5246 .
2826 5192 2882 5240 et
2917 5182 3155 5240 Verbum
3186 5190 3307 5240 erat
3345 5184 3490 5253 apud

1909 5280 2113 5348 Deum,
2170 5287 2226 5337 et
2284 5279 2429 5336 Deus
2472 5287 2588 5336 erat
2622 5278 2861 5334 Verbum
2913 5277 2991 5345 ";
3041 5298 3061 5330 ι
3117 5278 3251 5333 illud
3306 5293 3486 5333 vero:

1915 5394 1934 5426 ι
1978 5372 2259 5428 Eruetavit
2310 5388 2408 5427 cor
2451 5388 2630 5428 meum
2662 5373 2890 5428 verbum
2934 5372 3160 5433 bonum.
3207 5390 3227 5423 ι
3271 5371 3318 5426 si
3367 5371 3493 5442 qui-

1911 5466 2032 5522 dem
2063 5483 2127 5522 ex
2160 5480 2397 5537 persona
2436 5464 2615 5521 Patris
2638 5474 2693 5521 et
2725 5463 2819 5520 Dei
2851 5465 3091 5521 universi
3117 5464 3494 5529 dieatur.uni-

214 5567 274 5604 τι
299 5552 408 5607 τῶν
432 5556 492 5608 ὲν
517 5554 762 5626 σώμασιν
794 5557 1230 5629 ὑπονοουμένων·
1270 5558 1441 5630 ἀσεϐῆ
1468 5558 1578 5629 γὰρ
1607 5557 1797 5622 ταῦτα,

1913 5575 2038 5615 cum
2069 5561 2309 5630 genitum
2334 5558 2430 5614 Dei
2470 5556 2707 5613 Verbum
2749 5558 3135 5630 signiﬁcaverit
3160 5599 3175 5621 ,
3230 5565 3491 5626 tanquam

216 5645 317 5698 καὶ
346 5646 581 5719 πάμπαν
607 5650 967 5723 ἀπῳκισμένα
988 5651 1089 5722 τῆς
1107 5652 1347 5725 ἀρρήτου
1372 5652 1802 5724 γενεσιουργίας.

1913 5650 2109 5707 Filium
2158 5653 2251 5723 qui
2304 5652 2373 5707 de
2428 5650 2589 5706 Patre
2644 5650 2948 5716 exstiterit,
3005 5667 3114 5707 non
3157 5649 3495 5722 proiectione

332 5822 376 5886 ⁸9
412 5821 587 5883 Exod.
618 5841 745 5893 xxv,
774 5826 864 5883 40.
911 5827 953 5860 ³¹
986 5825 1131 5885 Psal.
1178 5844 1323 5895 xmv,
1356 5828 1414 5897 2,
1449 5828 1501 5884 5.
1580 5829 1622 5861 ³²
1652 5828 1790 5899 ibid.

1913 5827 1967 5884 3.
2031 5829 2092 5914 _-=
2118 5826 2256 5885 lbid.
2290 5827 2379 5902 ιη
2422 5826 2469 5861 δι
2504 5826 2660 5883 Joan.
2692 5844 2740 5896 ι,
2768 5830 2819 5887 ι.
