3846 6218
383 389 499 448 305

1067 375 1336 434 EUSEBll
1376 366 1860 430 CAESARIENSIS
1891 363 2044 421 OPP.
2089 359 2291 415 PARS.
2337 357 2400 412 ll.
2425 389 2494 396 —
2521 350 3036 410 APOLOGETICA.‘

3549 344 3653 398 ’504

398 512 615 578 aliqua,
665 512 758 558 aut
789 501 1087 562 divisione,
1135 504 1228 550 aut
1291 493 1552 557 sectione,
1613 497 1706 541 aut
1737 483 1976 540 diminu-

2094 481 2237 535 Κατά
2271 478 2328 532 δέ
2365 476 2432 530 τὰ
2465 473 2699 548 πρόσθεν
2733 471 2861 542 ἡμῖν
2901 465 3199 538 νενοημένα
3242 469 3334 517 καὶ
3374 462 3503 517 τάδε
3547 464 3656 536 χρὴ

401 577 568 665 tione,
601 608 695 655 aut
733 599 838 652 alia
873 595 1127 667 quapiam
1167 585 1438 660 ejusmodi
1486 582 1731 642 ratione,
1782 577 1974 646 cujus-

398 697 544 753 BIOdl
582 697 634 751 in
670 689 994 762 corporibus
1028 697 1326 755 agnoscere
1363 674 1768 734 consuevimus.
1803 669 1975 739 lmpia

396 795 542 849 enim
574 791 663 844 illa
695 795 747 841 et
775 784 997 838 omnino
1028 777 1219 849 procul
1261 773 1496 828 abducta
1521 809 1535 834 ,
1596 768 1860 837 longeque
1890 780 1979 820 se-

399 895 545 942 mota
578 883 647 937 ab
693 881 784 935 illa
817 873 1167 948 generatione
1199 863 1477 922 in'eﬂ‘abili.
1533 860 1802 914 Caeterum
1823 896 1838 921 ,
1891 871 1978 911 se-

396 976 637 1034 cundum
696 987 761 1027 ea
805 983 924 1038 quae
963 964 1117 1035 prius
1168 974 1199 1013 a
1254 957 1415 1012 nobis
1445 951 1753 1022 excogitata
1802 957 1974 1011 sunt,

400 1073 564 1129 etiam
595 1069 710 1123 haec
751 1068 966 1135 oportet
994 1068 1292 1114 assumere,
1325 1047 1472 1120 quod
1519 1041 1974 1113 quemadmodum

400 1165 644 1238 quidem,
670 1158 763 1214 ubi
793 1157 860 1212 de
884 1163 1038 1209 utero
1069 1149 1161 1204 Dei
1191 1155 1245 1201 et
1279 1151 1404 1197 ante
1424 1138 1732 1194 Luciferum
1761 1135 1978 1206 genitus

401 1236 626 1317 dicitur,
663 1253 889 1322 ﬁgurate
927 1260 1028 1300 nos
1059 1241 1187 1296 talia
1219 1236 1519 1305 intelligere
1547 1238 1782 1300 oportet,
1809 1237 1862 1281 et
1888 1244 1978 1280 se-

401 1351 640 1408 cundum
667 1319 1160 1400 considerationem
1199 1332 1346 1386 illam
1381 1327 1647 1381 duntaxat
1669 1336 1790 1390 quae
1816 1319 1883 1374 de
1913 1319 1978 1372 iis

401 1443 567 1498 rebus
603 1439 854 1498 habetur,
885 1446 1006 1502 qua:
1035 1427 1151 1482 sola
1179 1417 1538 1490 intelligentia
1569 1414 1883 1484 capiuntur,
1908 1411 1978 1463 ita

401 1535 565 1590 etiam
625 1527 758 1584 illud
828 1521 1075 1590 accipere
1136 1514 1436 1570 debemus:
1489 1525 1509 1559 ι
1560 1503 1841 1560 Eructavit
1885 1516 1982 1554 cor

401 1641 581 1681 meum
623 1621 849 1678 verbum
889 1616 1138 1671 bonum:
1178 1629 1197 1661 ι
1258 1605 1419 1676 180
1465 1600 1612 1672 quod
1646 1598 1866 1670 quidem
1899 1595 1984 1651 di-

401 1722 563 1776 vinus
579 1715 820 1787 Spiritus
849 1707 1152 1766 secundum
1185 1702 1358 1757 solam
1389 1693 1799 1766 intelligentiam
1828 1703 1984 1744 enar-

2082 569 2542 644 μεταλαμϐἀνειν,
2597 565 2786 634 ὥσπερ
2822 579 2886 630 γε
2929 559 3038 614 ἀπὸ
3087 557 3324 629 γαστρὸς
3354 556 3449 609 τοῦ
3495 555 3656 617 Θεοῦ,

2078 666 2170 718 καὶ
2211 663 2318 735 πρὸ
2363 659 2673 730 Ἑωσφόρου
2706 656 2922 725 ἐλέγετο
2955 648 3311 721 γεγεννῆσθαι
3333 689 3348 710 ,
3381 647 3662 719 τροπικῶς

2079 758 2384 814 ἀκουόντων
2418 754 2574 825 ἡμῶν
2603 751 2671 806 τὰ
2694 749 2939 811 τοιαῦτα,
2980 745 3075 800 καὶ
3103 743 3242 796 κατά
3275 743 3442 813 μόνην
3469 740 3568 810 τὴν
3600 740 3660 793 ἐν

2079 854 2288 923 νοητοῖς
2335 846 2572 919 θεωρίαν
2604 843 2666 896 τὸ
2700 838 3083 912 παραπλήσιον
3129 832 3489 903 ἀποδέχεσθαι
3532 831 3661 902 χρή.

2080 946 2186 998 Καὶ
2214 947 2270 997 ἐν
2299 941 2396 1013 τῷ,
2434 959 2452 991 ι
2501 935 2856 1007 Ἐξηρεύξατο
2899 933 2932 1001 ἡ
2979 928 3176 1000 καρδία
3208 944 3309 998 μου
3335 924 3490 992 λόγον
3526 924 3666 991 ἀγα-

2080 1037 2192 1101 θὸν,
2219 1055 2238 1088 ι
2273 1033 2414 1088 κατὰ
2449 1031 2615 1102 μόνην
2646 1027 2886 1081 διάνοιαν
2917 1021 3010 1076 τοῦ
3045 1021 3190 1074 θείου
3222 1018 3542 1088 Πνεύματος
3565 1014 3664 1069 καὶ

2078 1128 2252 1181 ταῦτα
2279 1123 2586 1190 διεξιόντος,
2620 1120 2703 1188 ἐφ’
2750 1110 2834 1179 οἷς
2862 1114 2954 1168 καὶ
2982 1112 3077 1166 νῦν
3116 1112 3246 1182 ἡμῖν
3279 1107 3458 1176 λέγειν
3491 1121 3666 1176 προσ-

2081 1222 2204 1291 ήκει
2231 1218 2295 1270 τὸ
2333 1213 2560 1286 σύνηθες
2591 1211 2675 1280 ἐφ’
2706 1209 2937 1262 ἑκάστου
2966 1204 3076 1259 τῶν
3119 1202 3249 1274 περὶ
3282 1200 3445 1255 αὐτοῦ
3479 1197 3665 1251 θεολο-

2080 1310 2385 1381 γουμένων,
2431 1308 2527 1360 καὶ
2560 1302 2781 1365 εὐσεϐὲς
2821 1302 2996 1355 ἐκεῖνο
3033 1297 3217 1368 ῥῆμα·
3266 1313 3284 1346 ι
3330 1293 3441 1364 Τὴν
3469 1289 3663 1360 γενεὰν

2081 1401 2246 1457 αὑτοῦ
2283 1401 2366 1465 τίς
2401 1399 2758 1468 διηγήσεται;
2794 1413 2813 1446 ι
2860 1392 2964 1447 κᾶν
3006 1391 3229 1460 θνηταῖς
3257 1387 3352 1440 καὶ
3383 1381 3668 1453 ἀνθρωπίο

2083 1511 2201 1557 ναις
2249 1491 2456 1561 φωναῖς
2493 1486 2734 1558 συνήθως
2782 1485 2912 1555 ἡμῖν
2959 1482 3015 1534 αἱ
3050 1480 3189 1533 θεῖαι
3223 1474 3437 1548 Γραφαὶ
3478 1472 3574 1525 καὶ
3607 1470 3672 1523 τὸ

2080 1582 2370 1655 γεννᾶσθαι
2406 1579 2720 1647 ἐπιλέγωσι,
2764 1575 2860 1629 καὶ
2908 1575 2969 1625 τὸ
2997 1568 3236 1640 γαστρὸς
3269 1567 3436 1636 ὄνομα
3487 1578 3674 1631 παρα-

2081 1675 2421 1748 λαμϐάνωσι.
2468 1670 2654 1725 Ταῦτα
2681 1669 2790 1742 γὰρ
2841 1667 3010 1738 μόνης
3037 1664 3220 1733 ἔχεται
3255 1660 3351 1730 τῆς
3383 1655 3523 1710 κατά
3553 1655 3674 1708 διά-

405 1749 563 1776 νιιιυθ
580 1749 820 1787 υγιιιιυῡ
849 1749 1152 1766 υννυιιυυυ-
1186 1749 1358 1757 ..ν----
1389 1749 1494 1752 ---ε-
1562 1749 1592 1766 υ

401 1821 508 1868 rat.
531 1809 743 1876 Quibus
777 1818 908 1861 sane
950 1815 1052 1854 nos
1099 1794 1324 1852 verbum
1372 1787 1506 1844 illud
1529 1827 1544 1854 ,
1606 1800 1707 1856 pro
1736 1782 1982 1838 clausula

2094 1788 2234 1825 νοιαν
2270 1767 2525 1840 θεωρίας,
2550 1764 2656 1817 οὐδ’
2685 1762 2857 1823 άλλως
2889 1760 2924 1830 ἢ
2954 1759 3139 1828 νόμοις
3169 1751 3496 1822 ἀλληγορίας
3531 1749 3672 1800 ὑπο-

2096 1865 2122 1876 -
2160 1863 2207 1876 ω
2317 1861 2328 1876 ο
2483 1859 2495 1876 ι
2530 1875 2543 1876 γ
2604 1875 2612 1876 κ
2637 1854 2752 1876 ___~___
2784 1854 2869 1876 -.Α
2901 1851 2987 1876 -ι.
3026 1868 3042 1876 -
3085 1843 3499 1876 θῦε--..Λεμωνιᾷ
3533 1857 3672 1876 νηρι-

403 1843 508 1868 Idl"
532 1843 743 1876 κυιυυυ
777 1843 908 1861 σει-ιν
952 1843 1052 1854 ..νυ
1111 1843 1323 1852 .--η-η-
1374 1843 1409 1844 η
1532 1843 1543 1854 ,
1609 1843 1626 1856 _

403 1905 604 1965 addere
656 1909 948 1970 possumus
977 1891 1114 1949 satis
1161 1881 1466 1948 commode,
1495 1877 1644 1951 quod
1676 1884 1730 1933 et
1756 1891 1989 1932 consue-

2094 1861 2400 1932 ϐεϐλημένα
2419 1877 2432 1890 ’
2467 1854 2753 1929 ὼσπεροῦν
2783 1854 2876 1907 καὶ
2900 1851 2987 1904 τό’
3025 1868 3042 1900 r
3085 1843 3445 1919 Ἐξηρεύξατο
3467 1844 3503 1910 ἡ
3533 1857 3675 1912 καρ-

2319 1951 2338 1970 κ
2524 1947 2721 1970 tum“
2787 1964 2801 1970 -
2838 1942 2958 1970 ---ι
2997 1941 3096 1970 ...τι
3123 1938 3215 1970 ...ηπ
3248 1935 3464 1970 ...κάη-η.
3499 1934 3672 1970 Λέγω,

403 1999 582 2054 vimus
609 1967 674 2048 in
693 1988 950 2046 omnibus
989 1984 1171 2039 dicere
1195 1991 1316 2050 qua:
1338 1974 1407 2030 de
1449 1973 1542 2028 illo
1573 1968 1878 2040 theologice
1904 1967 1980 2023 fe-

404 2101 622 2153 runtur,
655 2096 710 2142 et
745 2081 895 2141 omni
936 2079 1134 2151 pietate
1172 2072 1434 2128 refertum
1459 2076 1562 2125 est.
1606 2085 1625 2118 ‹
1663 2062 1974 2121 Generatio-

405 2200 529 2241 nem
569 2182 688 2252 ejus
721 2178 845 2250 quis
875 2170 1152 2228 enarrahit
1190 2166 1276 2218 "‘i
1310 2186 1328 2218 ι
1363 2161 1626 2231 Quamvis
1656 2157 1982 2213 mortalibus

407 2248 772 2342 humanisque
797 2265 1023 2322 vocibus
1057 2257 1444 2316 consueverint
1482 2253 1640 2309 nobis
1675 2251 1867 2305 litterae
1901 2248 1977 2303 di-

404 2371 546 2425 vinae
569 2341 734 2422 etiam
778 2361 923 2417 illius
946 2363 1124 2413 ortum
1168 2363 1464 2422 exponere,
1489 2353 1543 2401 et
1573 2343 1711 2399 uteri
1746 2341 1986 2398 vocabu-

406 2464 520 2518 lum
554 2461 611 2515 in
648 2471 714 2513 eo
744 2464 1016 2523 usurpare
1041 2467 1056 2502 :
1101 2447 1215 2500 haec
1240 2443 1386 2499 enim
1416 2441 1533 2496 sola
1563 2435 1982 2507 contemplatio—

407 2571 477 2612 ne
502 2549 805 2610 secundum
831 2540 1240 2611 intelligentiam
1283 2535 1615 2606 capiuntur,
1671 2543 1772 2584 nec
1827 2527 1988 2582 aliter

405 2645 624 2719 quidem
655 2653 817 2712 quam
845 2635 893 2692 si
923 2631 1132 2702 legibus
1166 2625 1457 2696 allegoriae,
1492 2636 1614 2693 quae
1655 2615 1987 2690 permutatio

405 2711 630 2802 dicitur,
655 2733 900 2803 subjecta
931 2725 1171 2790 iuerint;
1201 2735 1308 2792 qua
1341 2717 1560 2789 quidem
1587 2715 1802 2769 ratione
1821 2711 1988 2765 etiam

406 2833 540 2892 illud
570 2851 582 2886 :
632 2849 650 2881 ι
681 2821 962 2882 Eructavit
1000 2832 1096 2872 cor
1126 2827 1307 2869 meum
1337 2808 1564 2865 verbum
1597 2806 1825 2866 bonum,
1870 2820 1888 2853 ι
1922 2799 1990 2854 de

409 2925 568 3000 primi
599 2919 762 2976 Verbi
784 2910 1176 2971 constitutione
1204 2906 1460 2973 illiusque
1487 2895 1880 2970 propagatione
1907 2891 1990 2946 di-

409 2982 557 3073 ctum
585 3029 741 3078 esse,
782 3004 1054 3080 quispiam
1084 2995 1458 3060 aﬂirmaverit,
1485 2989 1709 3062 quando
1748 3000 1858 3040 non
1888 2982 1990 3036 ali-

407 3118 494 3163 ter
521 3123 637 3168 cor,
669 3074 969 3158 secundum
1020 3090 1152 3146 illud
1209 3103 1305 3144 cor
1354 3086 1619 3141 duntaxat
1669 3077 1817 3150 quod
1847 3074 1991 3146 apud

414 3221 516 3260 nos
555 3195 894 3267 intelligitur,
927 3191 980 3244 in
1006 3187 1116 3241 Deo
1147 3183 1306 3237 Patre
1337 3177 1588 3247 accipere
1632 3173 1714 3228 fas
1748 3177 1832 3225 est
1866 3187 1878 3222 :
1923 3166 1984 3219 Et

412 3299 494 3353 sic
528 3262 750 3363 quidem
798 3285 936 3338 alius
981 3276 1292 3349 quispiam:
1333 3291 1352 3324 ι
1393 3268 1633 3324 Verbum
1681 3262 1828 3334 quod
1873 3269 1990 3316 erat

414 3350 470 3445 in
495 3350 762 3458 principio
795 3375 938 3448 apud
961 3373 1150 3434 Deum,
1177 3387 1196 3420 ι
1243 3367 1295 3420 id
1333 3361 1534 3419 dixerit
1563 3355 1874 3413 habendum
1923 3350 1992 3405 de

413 3442 524 3551 quo
562 3442 804 3546 psalmus
830 3442 1098 3538 loquitur,
1129 3458 1276 3530 quod
1303 3457 1468 3511 etiam
1497 3453 1642 3508 bono
1674 3447 1870 3503 merito
1909 3442 1994 3497 di-

415 3543 580 3629 c-tum—
595 3570 684 3632 sit,
719 3573 980 3634 tanquam
1014 3559 1081 3612 de
1113 3553 1276 3608 Patre
1307 3548 1514 3619 optimo
1559 3543 1802 3616 genitum
1836 3559 1849 3594 :
1893 3552 1993 3592 nos

416 3673 598 3719 autem
635 3661 690 3714 in
724 3657 934 3728 psalmo
983 3651 1030 3706 si
1079 3646 1297 3715 longius
1344 3639 1506 3712 paulo
1557 3634 1992 3708 progrediemur,

416 3760 562 3813 hunc
591 3755 658 3822 de
685 3766 795 3822 quo
829 3748 936 3802 tale
963 3740 1284 3798 vaticinium
1319 3735 1514 3795 fertur,
1553 3731 1720 3792 hunc,
1747 3728 1992 3796 inquam,

416 3850 598 3920 ipsum
620 3820 886 3898 dilectum
927 3836 1056 3898 Dei,
1116 3838 1341 3887 unctum
1388 3825 1557 3880 fuisse
1596 3833 1792 3875 rursus
1820 3856 1836 3881 ,
1885 3830 1994 3870 non

417 3907 581 4001 sicuti
613 3953 645 3992 a
678 3935 828 3990 Mose
856 3939 949 3985 aut
973 3929 1040 3982 ab
1065 3927 1172 3981 alio
1199 3920 1458 3994 qu0piam
1507 3913 1729 3971 homine
1752 3951 1767 3974 ,
1803 3909 1897 3965 sed
1927 3907 1996 3962 ab

418 4039 538 4108 ipso
563 4030 804 4102 ingenito
833 4035 881 4081 et
913 4020 1095 4078 omnia
1122 4017 1265 4072 inl'ra
1293 4013 1534 4081 seipsum
1575 4006 1810 4060 habente
1851 3998 1992 4063 Deo,

418 4093 582 4196 atque
612 4093 730 4191 eius
779 4115 952 4186 ipsius
997 4109 1194 4171 Patre,
1249 4100 1610 4158 inveniemus.
1665 4093 1996 4162 Progressus

419 4181 585 4292 igitur
613 4181 872 4279 deinceps
906 4207 986 4262 sic
1015 4203 1092 4258 ait
1121 4217 1133 4253 :
1165 4217 1184 4250 ι
1240 4195 1533 4264 Propterea
1564 4187 1723 4242 unxit
1771 4192 1824 4238 te
1853 4181 1997 4238 Deus

419 4278 565 4366 Deus
629 4314 761 4360 tuus
809 4278 951 4354 Doleo
1027 4287 1408 4350 exsultationis
1474 4299 1596 4355 prae,
1639 4278 1998 4351 participibus

419 4405 530 4458 tuis
555 4401 600 4433 ³⁸
631 4418 644 4454 :
695 4417 715 4450 ι
746 4407 869 4450 eum
917 4389 1086 4460 igitur
1117 4383 1208 4454 qui
1245 4379 1408 4449 hujus
1442 4390 1662 4447 quoque
1691 4370 1885 4443 psalmi
1920 4380 1999 4423 te-

421 4487 678 4548 stimonio
706 4492 906 4538 unctus
929 4492 1052 4532 esse
1079 4473 1282 4528 dicitur
1299 4509 1314 4534 ,
1357 4482 1595 4538 quonam
1623 4465 1729 4518 alio
1778 4461 2000 4516 nomine

419 4581 546 4652 quis
574 4570 926 4647 appellaverit
950 4581 1115 4637 quam

418 4645 531 4744 jam
568 4645 713 4725 nunc
743 4667 800 4720 in
824 4665 909 4718 his
954 4659 1159 4721 verbis,
1193 4654 1334 4709 duas
1362 4651 1527 4720 hujus
1549 4689 1565 4713 ,
1606 4648 1699 4718 qui
1733 4646 1829 4700 tali
1860 4645 1999 4698 vati-

421 4736 569 4821 cinio
597 4759 943 4833 praedicatur,
975 4745 1474 4809 denominationes,
1512 4739 1718 4796 Christi
1759 4746 1814 4794 et
1865 4736 2000 4790 dile-

423 4858 519 4923 cti,
544 4869 670 4910 cum
703 4854 820 4921 ipse
849 4845 1130 4902 unctionis
1168 4847 1359 4895 auctor
1389 4851 1533 4891 unus
1562 4841 1617 4889 et
1646 4833 1788 4886 idem
1811 4829 1884 4885 sit
1911 4828 1998 4882 di—

421 4960 546 5006 ctus
572 4964 586 5000 :
616 4943 877 5013 quocirca
905 4943 1109 4992 unctus
1123 4948 1244 4989 esse
1269 4930 1471 4986 dicitur
1493 4927 1562 4991 is,
1586 4925 1654 4981 de
1683 4939 1792 4994 quo
1821 4933 2001 4977 sermo

421 5051 528 5106 est,
551 5040 674 5095 oleo
704 5029 1111 5091 cxsultatiouis,
1143 5037 1200 5080 ut
1226 5040 1289 5080 ea
1317 5038 1482 5077 causa
1507 5019 1860 5089 intelligatur,
1883 5027 2003 5083 quae

423 5129 766 5208 percurrenti
794 5125 891 5182 tibi
923 5137 1116 5195 pauca,
1141 5119 1226 5177 vel
1270 5117 1483 5188 potius,
1535 5127 1752 5167 omnem
1810 5108 1998 5162 talium

423 5197 718 5288 verborum
758 5235 978 5280 sensum
1033 5210 1377 5286 dispicienti,
1442 5204 1736 5263 constabit.
1789 5197 2005 5256 Profert

423 5322 591 5394 igitur
622 5317 866 5388 psalmus
899 5313 1076 5379 ipsum
1124 5304 1284 5374 plane
1324 5299 1391 5354 de
1428 5312 1538 5368 quo
1566 5293 1784 5349 interim
1815 5287 2005 5343 vatici-

425 5387 845 5482 naturpipsum,
886 5407 1131 5474 inquam,
1168 5400 1263 5454 Dei
1297 5397 1576 5456 dilectum,
1615 5387 1920 5454 alloquens,
1943 5393 2006 5432 ea

423 5506 591 5562 verba
621 5517 744 5573 quae
770 5498 929 5569 paulo
953 5501 1079 5549 ante
1113 5490 1361 5560 exposita
1403 5491 1551 5546 sunt,
1581 5482 1636 5535 iu
1665 5475 1866 5548 quibus
1891 5470 2008 5524 dico

430 5609 546 5654 tum
576 5605 697 5651 est:
732 5612 750 5644 ι
786 5591 957 5646 Sedes
987 5595 1079 5641 tua
1105 5624 1120 5649 ,
1164 5582 1340 5644 Deus,
1386 5579 1440 5632 in
1489 5571 1746 5630 saeculum
1800 5562 2006 5624 saeculi,

426 5694 578 5762 virga
615 5684 959 5747 directionis,
989 5680 1140 5748 virga
1199 5673 1350 5743 regni
1403 5670 1518 5734 tui;
1574 5660 1812 5720 dilexisti
1839 5657 2008 5728 justi-

505 5871 544 5902 ’δ
575 5871 674 5924 lsa.
710 5880 826 5932 xm,
857 5866 908 5918 8.
986 5861 1029 5893 ³⁸
1067 5855 1208 5912 Psal.
1249 5868 1392 5916 XLIV,
1424 5850 1474 5904 8.

2082 1955 2170 2010 δία
2195 1971 2294 2025 μου
2319 1951 2477 2020 λόγον
2517 1947 2744 2017 ἀγαθὸν,
2787 1964 2805 1997 ι
2836 1942 2964 2014 περὶ
2997 1941 3096 2011 τῆς
3123 1938 3215 1992 τοῦ
3248 1935 3464 2009 πρώτου
3492 1934 3672 2001 Λόγου

2086 2043 2394 2108 συστάσεως
2426 2059 2484 2096 τε
2515 2041 2611 2094 καὶ
2644 2036 2949 2098 οὐσιώσεως
2981 2033 3046 2086 ἂν
3078 2031 3210 2102 φαίη
3234 2047 3319 2092 τις
3351 2025 3670 2099 εἰρημένον·

2089 2137 2212 2189 ἐπεὶ
2241 2133 2362 2206 μηδ’
2399 2130 2573 2193 ἄλλως
2605 2127 2831 2201 καρδίαν
2857 2123 2952 2178 καὶ⁹
2977 2121 3074 2193 τὴν
3110 2122 3240 2191 παρ’
3276 2119 3410 2189 ἡμῖν
3444 2115 3678 2185 νοουμέ-

2086 2246 2203 2298 νην,
2230 2227 2324 2280 καὶ
2345 2224 2439 2278 ἐπὶ
2466 2221 2560 2276 τοῦ
2591 2220 2698 2278 τῶν
2717 2219 2854 2273 ὅλων
2876 2215 3009 2269 Θεοῦ
3036 2211 3254 2284 θεμιτὸν
3283 2208 3675 2280 ἐκλαμϐάνειν.

2101 2320 2260 2374 Ἀλλά
2287 2319 2396 2388 γὰρ
2431 2317 2460 2368 6
2502 2313 2600 2386 μέν
2636 2329 2719 2377 τις
2747 2312 2935 2366 τοῦτον
2962 2305 3101 2362 εἶναι
3138 2306 3227 2359 τὸν
3261 2306 3318 2357 ἐν
3357 2303 3502 2374 ἀρχῇ
3535 2299 3677 2372 πρὸς

2087 2415 2177 2468 τὸν
2197 2412 2328 2466 Θεὸν
2353 2410 2523 2478 Λόγον
2551 2407 2720 2477 φήσαι
2753 2405 2818 2459 ἂν
2844 2403 2935 2456 τὸν
2961 2400 3162 2473 ψαλμῷ
3186 2396 3540 2470 δηλούμενον,
3571 2393 3683 2448 Δύ-

2088 2525 2182 2576 γον
2229 2503 2454 2564 εἰκότως
2492 2497 2878 2570 ὠνομασμένον
2924 2494 3149 2564 ἀγαθὸν,
3174 2489 3253 2553 ὡς
3294 2490 3360 2543 ἂν
3386 2487 3480 2541 τοῦ
3540 2504 3681 2538 παν-

2089 2595 2295 2666 αγάθου
2316 2591 2529 2663 Πατρὸς
2555 2589 2684 2644 ὅντα
2709 2589 2953 2658 γέννημα
2970 2603 2982 2615 ·
3011 2586 3171 2657 ἡμεῖς
3189 2581 3266 2646 δὲ,
3298 2578 3480 2652 μικρῷ
3513 2579 3570 2630 ἐν
3599 2576 3684 2645 τῷ

2089 2684 2290 2756 ψαλμῷ
2332 2683 2708 2756 προελθόντες,
2739 2680 2830 2733 τὸν
2866 2679 3367 2750 προφητευόμενον,
3403 2670 3571 2724 αὐτὸν
3613 2668 3684 2738 δὴ

2089 2778 2276 2831 τοῦτον
2305 2777 2394 2830 τὸν
2427 2774 2710 2846 ἀγαπητὸν
2741 2770 2836 2825 τοῦ
2870 2768 3026 2833 Θεοῦ,
3060 2763 3350 2838 κεχρίσθαι
3379 2761 3544 2815 πάλιν
3574 2760 3684 2831 οὐχ

2092 2865 2195 2925 ὧδε
2233 2869 2420 2940 ὥσπερ
2455 2867 2560 2921 ὑπὸ
2602 2864 2864 2930 Μωσέως,
2899 2860 3006 2915 οὐδ’
3039 2859 3115 2922 ὡς
3155 2856 3260 2911 ὑπό
3291 2872 3436 2918 τινος
3477 2853 3589 2906 τῶν
3621 2855 3686 2905 ἐν

2093 2962 2420 3035 ἀνθρώποις,
2471 2960 2586 3016 ἀλλ’
2635 2960 2726 3012 ὑπ’
2777 2953 2941 3011 αὑτοῦ
2987 2951 3081 3006 τοῦ
3119 2949 3394 3005 ἀνωτάτου
3445 2947 3542 3000 καὶ
3585 2944 3688 2997 ἐπὶ

2096 3057 2311 3110 πάντων
2340 3053 2476 3107 Θεοῦ
2514 3069 2575 3106 τε
2604 3051 2698 3105 καὶ
2724 3048 2938 3120 Πατρὸς
2965 3043 3131 3100 αὐτοῦ
3157 3043 3484 3114 εὑρήσομεν.
3512 3037 3686 3106 Λέγει

2096 3150 2140 3203 δ’
2165 3145 2258 3203 οὖν
2287 3146 2414 3217 ἑξῆς
2452 3143 2687 3217 προϊών·
2724 3160 2742 3194 ι
2779 3140 2878 3195 Διά
2909 3136 3068 3191 τοῦτο
3113 3135 3297 3207 ἐχρισέ
3331 3149 3391 3186 σε
3433 3133 3463 3184 6
3491 3129 3628 3190 Θεὸς
3654 3128 3688 3179 ὁ

2018 3228 2062 3285 C
2094 3242 2225 3307 Θεὸς
2275 3257 2367 3293 σου
2420 3238 2598 3291 ἔλαιον
2642 3232 3013 3305 ἀγαλλιάσεως
3051 3227 3203 3301 παρά
3243 3227 3370 3286 τοὺς
3414 3223 3684 3294 μετόχους

2100 3353 2214 3389 σου.
2231 3353 2249 3384 ›
2268 3332 2380 3386 Καὶ
2399 3326 2574 3404 δηιοῦν
2586 3325 2865 3383 κάνταῦθα
2881 3325 2970 3377 ὑπ’
2998 3320 3162 3375 αὐτοῦ
3184 3320 3276 3372 ἐπὶ
3295 3317 3516 3370 πάντων
3537 3311 3680 3366 Θεοῦ

2095 3428 2376 3501 κεχρίσθαι
2424 3420 2942 3497 μεμαρτυρημένον,
2975 3416 3091 3481 πῶς
3123 3415 3188 3470 ἂν
3219 3413 3394 3476 ἄλλως
3440 3429 3527 3474 τις
3563 3411 3690 3464 riu")-

2099 3528 2320 3597 μάσειεν
2348 3523 2382 3595 ἢ
2428 3520 2699 3593 Χριστόν;
2745 3519 2981 3588 Ἔχομεν
3017 3509 3305 3583 τοιγαροῦν
3335 3507 3437 3579 ἤδη
3468 3504 3688 3559 καὶ-διὰ

2095 3619 2301 3673 τούτων
2330 3615 2422 3669 δύο
2453 3613 2546 3667 τοῦ
2581 3608 2975 3681 θεσπιζομένου
3011 3601 3405 3677 προσηγορίας,
3438 3596 3687 3671 Χριστοῦ

2096 3713 2192 3766 καὶ
2229 3706 2535 3779 ἀγαπητοῦ,
2567 3705 2684 3768 ἐνὸς
2721 3705 2816 3757 καὶ
2847 3700 2944 3755 τοῦ
2979 3697 3147 3754 αὐτοῦ
3188 3692 3554 3765 κεκλημένου,
3585 3688 3687 3744 τοῦ

2095 3806 2194 3876 τῆς
2235 3803 2470 3874 χρίσεως
2500 3797 2695 3852 αἰτίου.
2724 3793 2816 3848 Διὸ
2842 3793 3060 3862 λέγεται
3098 3785 3386 3859 κεκρίσθαι
3419 3786 3450 3837 6
3487 3782 3690 3854 δηλού-

2101 3875 2259 3970 μενος
2282 3894 2360 3965 τῷ
2385 3893 2485 3962 τῆς
2509 3889 2882 3962 ἀγαλλιάσεως
2915 3885 3102 3956 ἐλαίῳ,
3128 3882 3227 3954 τὴν
3258 3879 3438 3934 αἰτίαν
3467 3875 3690 3930 ἐκδιδάο

2099 4009 2241 4057 σκει,
2289 3991 2411 4061 ἥτις
2449 3985 2812 4058 ἀναδραμόντι
2853 3999 2936 4036 σοι
2981 3978 3198 4052 μικρὸν,
3243 3975 3445 4048 μᾶλλον
3491 3973 3550 4028 δὲ
3587 3971 3691 4042 τὴν

2100 4086 2280 4137 πᾶσαν
2338 4080 2577 4134 διάνοιαν
2625 4076 2725 4147 τῆς
2786 4075 2986 4142 λέξεως
3030 4071 3492 4141 ἐπιθεωρήσαντι,
3545 4066 3687 4136 δήλη

2099 4177 2272 4231 ἔσται.
2301 4175 2438 4246 Φησὶ
2457 4172 2636 4227 τοίνυν
2660 4172 2688 4224 6
2724 4169 2938 4240 ψαλμὸς
2967 4165 3115 4236 αὐτῷ
3141 4163 3206 4236 δὴ
3232 4163 3311 4235 τῷ
3335 4176 3688 4232 προφητευσ-

2103 4267 2248 4338 μένῳ
2269 4263 2492 4336 Χριστῷ
2534 4262 2627 4316 καὶ
2655 4258 2925 4330 ἀγαπητῷ
2948 4257 3042 4310 τοῦ
3061 4255 3221 4317 Θεοῦ,
3239 4251 3586 4325 προσφωνῶν
3616 4251 3690 4304 τὰ

2103 4356 2283 4432 μικρῴ
2311 4355 2549 4427 πρόσθεν
2567 4351 2776 4406 ἐκτεθει
2785 4350 2939 4422 μένα,
2963 4350 3020 4403 ἐν
3046 4342 3128 4411 οἷς
3145 4347 3349 4419 εἴρητο*
3380 4363 3398 4396 ‹
3425 4342 3690 4414 Ὀθρόνος

2103 4471 2220 4514 σου,
2243 4454 2271 4505 6
2297 4449 2449 4513 Θεὸς,
2474 4449 2552 4510 εἰς
2566 4446 2657 4499 τὸν
2686 4444 2856 4499 αίῶνα
2876 4441 2970 4495 τοῦ
2991 4440 3204 4503 αἰῶνος·
3235 4437 3431 4511 ῥάϐδος
3451 4435 3686 4503 εὐθύτη-

1165 4527 1476 4618 Christum?
1507 4555 1781 4610 Habemus
1832 4551 1989 4622 igitur

2101 4563 2192 4609 τος
2211 4546 2246 4615 ἡ
2264 4542 2456 4615 ῥάϐδος
2468 4541 2565 4612 τῆς
2578 4537 2855 4609 βασιλείας
2873 4552 2986 4588 σουο
3006 4533 3299 4605 ⁴Ιγγάπησας
3313 4527 3690 4598 δικαιοσύνηνρ

2101 4641 2194 4694 καὶ
2221 4638 2488 4709 ἐμίσησας
2522 4631 2765 4687 ἀδικίαν·
2806 4630 2894 4684 διὰ
2930 4631 3090 4683 τοῦτο
3115 4627 3300 4699 ἐχρισέ
3332 4644 3393 4680 σε
3437 4628 3465 4679 6
3497 4624 3634 4687 Θεὸς
3658 4623 3692 4675 6

2101 4731 2234 4794 Θεός
2253 4747 2345 4783 σου
2362 4729 2536 4782 ἔλαιον
2549 4722 2923 4792 ἀγαλλιάσεως
2945 4720 3098 4792 παρά
3116 4719 3242 4782 τοὺς
3261 4716 3523 4789 μετόχους
3536 4731 3682 4769 seu.»

2103 4823 2308 4894 Σκέῲαι
2355 4819 2664 4892 τοιγαροῦν,
2703 4819 2752 4872 εἰ
2786 4817 2860 4888 μὴ
2904 4814 3024 4887 Θεῷ
3055 4813 3230 4868 ταῦτα
3280 4811 3688 4882 προσφωνεῖται

2102 4918 2380 4985 ἄντικρυς·
2425 4933 2443 4964 ι
2484 4912 2555 4964 Σὺ
2599 4931 2618 4964 ι
2656 4909 2788 4981 γὰρ,
2824 4907 3008 4978 φησὶν,
3045 4925 3062 4957 ‹
3100 4906 3130 4958 6
3162 4903 3323 4968 Θεὸς,
3366 4923 3385 4953 θ
3420 4902 3541 4956 ἀντὶ
3568 4897 3686 4963 τοῦ,

2103 5002 2148 5062 ὦ
2177 5007 2300 5072 Θεὲ,
2323 5007 2350 5057 6
2381 5004 2568 5076 θρόνος
2599 5019 2692 5055 σου
2727 5003 2806 5064 είς
2835 4999 2927 5053 τὸν
2956 4997 3127 5051 αἰῶνα
3158 4993 3253 5048 τοῦ
3283 4993 3480 5056 αίῶνος
3505 4992 3683 5060 ὑπάρ-

2105 5113 2210 5167 χει,
2245 5095 2339 5148 καὶ
2380 5092 2574 5164 ῥάϐδος
2626 5089 2920 5159 εὐθύτητος
2966 5087 3001 5158 ή
3054 5084 3248 5156 ῥάϐδος
3279 5083 3381 5154 τῆς
3414 5079 3685 5151 βασιὴίας

2109 5207 2224 5242 σου.
2262 5188 2372 5242 Καὶ
2404 5186 2527 5239 ἐπεὶ
2564 5185 2627 5238 σὺ
2659 5183 2819 5245 αὐτὸς
2848 5183 2876 5234 6
2918 5179 3050 5242 Θεὸς
3087 5177 3382 5246 ¹Ινγγάπησας
3413 5169 3684 5227 δικαιοσύ-

2107 5299 2225 5350 νην,
2271 5280 2366 5332 καὶ
2399 5277 2666 5348 ἐμίσησας
2715 5270 2948 5334 ἀδικίαν,
2993 5267 3080 5322 διά
3127 5265 3287 5320 τοῦτο
3336 5264 3520 5336 ἔχρισε
3559 5277 3613 5314 σε
3649 5262 3686 5314 ὁ

2108 5373 2240 5435 Θεὸς
2278 5372 2306 5422 ὁ
2334 5369 2466 5432 Θεός
2500 5385 2615 5432 σου,
2654 5364 2750 5418 καὶ
2784 5362 3016 5434 Χριστόν
3050 5376 3108 5412 σε
3150 5361 3304 5428 παρά
3338 5357 3542 5417 πάντας
3577 5369 3683 5405 κα-

2109 5465 2424 5534 τεστήσατο.
2471 5481 2489 5511 ι
2521 5458 2854 5528 Λευκότερον
2887 5454 2944 5507 δέ
2975 5453 3179 5505 τούτων
3211 5451 3244 5520 ἡ
3284 5449 3545 5520 Ἑϐραίων
3575 5461 3684 5497 πα-

2115 5533 2328 5623 ρίστησι
2376 5550 2585 5622 γραφὴ,
2639 5548 2706 5617 ἢν
2763 5544 2901 5615 πρὸς
2959 5540 3247 5612 ἀκρίϐειαν
3303 5536 3606 5610 ἑρμηνεύων
3647 5533 3684 5586 6

2125 5643 2374 5706 Ἀκύλας,
2402 5635 2503 5709 ᾧδέ
2534 5655 2648 5701 πως
2672 5635 2930 5701 ἐξέδωκεν
2959 5631 3125 5691 εἰπών
3143 5648 3158 5659 ⁸·
3195 5650 3212 5682 r
3260 5630 3318 5682 Ὁ
3347 5628 3532 5700 θρόνος
3561 5640 3682 5693 σου,
