3846 6218
259 254 371 310 505

1190 248 1848 309 DEMONSTRATIONIS
1881 248 2340 308 EVANGELICE
2378 246 2517 305 LIB.
2557 248 2646 304 IV.

3426 254 3545 310 res

253 369 385 433 μή,
421 368 503 431 εἰς
551 366 724 422 αἰῶνα
758 367 855 422 καὶ
901 365 1010 421 ἔτι·
1049 367 1326 440 σκῆπτρον
1377 368 1668 440 εὐθύτητος
1714 370 1850 441 σκῆ-

1951 371 2104 435 tiam,
2139 377 2195 424 et
2224 366 2398 426 odisti
2428 366 2806 437 iniquitatem:
2831 368 3295 450 proptereanpxlt
3312 376 3366 424 te
3386 368 3541 428 Deus

255 478 435 535 πειρον
466 460 744 532 βασιλείας
773 477 887 516 σου.
930 461 1247 533 Ἠγάπησας
1278 461 1504 518 δίκαιον.
1535 462 1630 517 καὶ
1657 464 1850 536 ἐμίση-

252 572 362 619 σας
414 554 694 626 ἀσέϐημαο
737 554 833 608 ἐπὶ
887 552 1062 626 τούτῳ
1112 554 1302 627 ἦλειφέ
1363 572 1423 609 σε
1456 557 1485 609 6
1517 556 1593 628 (1)
1631 555 1761 621 Θεὸς
1817 558 1847 610 6

252 648 394 713 Θεός
433 666 529 702 σου
583 647 762 702 ἔλαιον
806 648 983 720 χαρᾶς
1030 647 1141 702 ἀπὸ
1181 648 1413 720 ἑταίρων
1464 665 1579 703 σου.
1629 667 1647 701 ι
1702 649 1847 702 Ἀντὶ

252 738 393 809 γοῦν
420 740 518 795 τοῦ
552 759 572 793 ι
605 741 635 793 6
659 739 790 804 Θεὸς
821 742 849 793 6
879 739 1014 804 Θεός
1045 757 1161 806 σου,
1188 760 1207 792 ι
1238 740 1377 813 αὐτὴ
1408 743 1443 812 ἡ
1465 740 1728 813 Ἐόραῖκὴ
1755 741 1845 794 λέ-

254 832 361 898 ξις,
401 851 421 885 ε
464 832 589 895 Θεὲ,
631 834 662 887 6
691 831 825 896 Θεός
855 849 972 897 σου,
1028 853 1047 884 ι
1086 833 1353 905 περιέχει,
1389 830 1546 908 ῖναῇ
1589 835 1649 888 τὸ
1691 833 1843 890 ὅλον·

264 925 615 997 Ἠγάπησας,
641 919 687 979 ὦ
714 924 836 989 Θεὲ,
860 923 920 978 τὸ
944 923 1171 989 δίκαιον,
1198 924 1295 978 καὶ
1323 925 1596 998 ἐμίσησας
1620 925 1682 979 τὸ
1715 927 1846 980 ἀσέ-

249 1017 444 1090 ϐημα·
475 1019 664 1091 διόπερ
694 1020 789 1072 ἐπὶ
829 1017 1004 1089 τούτῳ
1052 1016 1239 1090 ἕχρισέ
1280 1035 1361 1081 σε,
1397 1011 1445 1072 ὧ
1485 1017 1608 1082 Θεὲ,
1641 1020 1670 1073 ό
1700 1017 1841 1072 ἀνω-

246 1108 404 1164 τάτω
433 1111 529 1164 καὶ
560 1110 761 1182 μείζων
789 1110 951 1174 αὐτὸς
978 1111 1007 1163 6
1039 1109 1136 1163 καὶ
1170 1108 1265 1163 σοῦ
1295 1109 1448 1175 Θεὸς,
1470 1109 1549 1174 ώς
1574 1106 1715 1163 εἶναι
1748 1111 1843 1165 καὶ

245 1198 344 1254 τὸν
372 1200 661 1272 χριόμενον
692 1201 786 1254 καὶ
816 1200 906 1256 τὸν
939 1201 1161 1273 χρίοντα
1194 1201 1329 1254 πολὺ
1372 1200 1636 1273 πρότερον
1656 1238 1672 1265 ,
1707 1201 1843 1253 πάν-

243 1310 360 1348 των
395 1293 495 1364 μὲν
538 1293 669 1347 ὄντα
707 1293 872 1359 Θεὸν,
912 1294 1008 1348 καὶ
1048 1292 1214 1346 αὐτοῦ
1245 1292 1302 1346 δὲ
1345 1292 1709 1365 διαφερόντως
1744 1290 1839 1346 τοῦ

243 1383 564 1454 χριομένου.
590 1382 759 1436 Τοῦτο
776 1383 832 1437 δὲ
851 1383 947 1437 καὶ
970 1384 1108 1455 αὐτῇ
1130 1383 1489 1455 ὲπιστήσαντι
1506 1386 1574 1455 τῇ
1610 1384 1840 1456 Ἐὅραίᾳ

242 1470 466 1545 γλώττῃ
497 1473 731 1546 φανερὸν
766 1473 832 1528 ἂν
869 1474 1102 1543 γένοιτο.
1154 1471 1279 1528 Ἐπὶ
1322 1473 1432 1546 γὰρ
1470 1475 1572 1547 τῆς
1615 1473 1840 1547 πρώτης

241 1565 587 1636 ἐπωνυμίας,
620 1565 743 1619 καθ’
772 1568 838 1638 ἢν
866 1569 895 1620 6
935 1566 1186 1633 Ἀκύλας,
1228 1586 1246 1619 ι
1284 1565 1471 1638 θρόνος
1500 1583 1617 1631 σου,
1649 1565 1770 1631 Θεὲ,
1814 1585 1831 1618 ι

242 1656 565 1728 ἡρμήνευσε
607 1656 797 1726 σαφῶς
843 1659 965 1714 ἀντὶ
998 1659 1092 1714 τοῦ
1128 1662 1161 1713 ὁ
1197 1657 1342 1725 Θεὸς
1387 1656 1495 1712 Θεέ
1546 1656 1737 1723 εἰπὼν,
1773 1655 1836 1710 τὸ

1954 461 2095 519 Deus
2116 471 2245 518 tuus
2278 460 2405 517 oleo
2425 460 2811 517 exsultationis
2830 475 2943 532 pra:
2963 461 3322 533 participibus
3343 462 3473 520 tuis.
3504 482 3529 518 ι

1953 554 2110 626 181
2175 553 2397 626 inspice
2443 553 2613 625 igitur
2658 552 2909 609 Deumne
2973 553 3030 609 in
3082 554 3532 627 his~alloquatur

1949 646 2285 718 planissime,
2312 660 2384 701 an
2413 661 2523 700 non
2549 665 2562 701 :
2593 661 2788 717 nempe
2814 664 2844 697 ι
2864 646 3194 718 ιονιίηαυίι
3214 688 3231 715 ,
3250 665 3277 706 ,ι
3310 644 3476 711 Deus,
3503 667 3525 701 ι

1947 752 2048 809 pro
2076 753 2143 794 eo
2174 737 2320 810 quod
2350 746 2437 793 est
2459 777 2474 801 ,
2506 755 2526 790 ι
2555 752 2588 792 o
2611 735 2755 793 Deus
2774 777 2790 803 ,
2819 741 3003 796 sedes»
3024 746 3118 793 tua
3163 739 3221 793 in
3260 738 3533 794 saeculum

1946 830 2135 886 saeculi
2177 838 2397 895 exstat,
2448 836 2504 885 et
2556 829 2709 901 virga
2761 830 3116 896 directionis,
3171 831 3327 903 virga
3369 829 3524 903 regni

1944 923 2068 979 tui:
2104 930 2160 980 et
2190 925 2448 994 quoniam
2481 931 2539 977 tu
2561 924 2699 994 ipse,
2744 921 2917 993 Deus,
2957 924 3194 981 dilexisti
3216 923 3519 995 justitiam,

1942 1025 2000 1072 et
2053 1017 2220 1073 odisti
2276 1017 2656 1089 iniquitatem,
2711 1025 3002 1089 propterea
3054 1017 3215 1073 unxit
3271 1025 3324 1072 te
3377 1014 3529 1072 Deus

1942 1110 2088 1167 Deus
2133 1117 2299 1175 tuus,
2341 1117 2396 1167 et
2442 1110 2727 1167 Christum
2772 1120 2827 1168 te
2867 1126 2981 1182 prae
3022 1110 3281 1165 omnibus
3309 1108 3522 1164 consti‘

1943 1204 2066 1257 tuit.
2102 1222 2120 1254 ι
2153 1201 2258 1258 Sed
2302 1203 2463 1275 longe
2493 1203 2580 1261 bis
2613 1204 2819 1259 clarius
2852 1200 3137 1274 Scriptura
3166 1200 3524 1257 Hebraeorum

1942 1293 2085 1350 idem
2116 1295 2490 1359 demonstrat,
2536 1309 2706 1366 quam
2734 1294 2928 1366 Aquila
2974 1294 3387 1350 accuratissime
3433 1292 3519 1347 in-

1941 1393 2285 1456 terpretans,
2316 1385 2400 1440 his
2429 1386 2611 1442 verbis
2638 1385 2810 1442 edidit
2835 1404 2848 1440 :
2878 1403 2896 1436 ι
2924 1382 3094 1440 Sedes
3126 1392 3218 1438 tua
3238 1425 3252 1450 ,
3284 1400 3317 1439 θ
3348 1383 3514 1449 Deus,

1940 1476 1998 1531 in
2030 1477 2294 1532 saeculum
2367 1485 2423 1534 et
2456 1478 2638 1533 ultra:
2675 1488 2953 1548 sceptrum
2996 1476 3348 1542 directionis,
3394 1489 3516 1533 sce-

1940 1576 2127 1637 ptrum
2163 1567 2315 1638 regni
2352 1568 2432 1622 tui
2462 1587 2477 1625 :
2511 1568 2750 1625 dilexisti
2768 1568 2911 1640 quod
2938 1569 3146 1639 justum
3178 1577 3283 1632 est,
3313 1575 3368 1624 ct
3394 1567 3517 1623 odi-

1940 1661 2010 1716 sti
2060 1661 2439 1731 impietatem;
2488 1677 2655 1732 super
2707 1662 2847 1726 hoc,
2901 1663 3058 1717 unxit
3106 1670 3195 1726 te,
3240 1678 3277 1718 ο
3323 1661 3512 1730 Deus,

254 1725 550 1821 Ἐὁραῖκὸν
608 1751 818 1821 Ἐλωῒμ
871 1753 1139 1824 περιέχει.
1192 1750 1485 1807 Κάνταῦθα
1528 1750 1586 1803 δὲ
1631 1750 1835 1822 ὁμοίως

1937 1750 2083 1808 Deus
2111 1725 2241 1809 tuus
2269 1753 2393 1809 oleo
2422 1725 2623 1809 laetitiae
2653 1753 2723 1808 ab
2757 1725 2950 1810 amicis
2979 1758 3108 1811 tuis.
3138 1775 3157 1808 ›
3183 1725 3293 1809 Pro
3321 1770 3385 1809 eo
3409 1725 3514 1826 igi;

238 1843 339 1895 ἐπὶ
360 1841 477 1908 τοῦ,
510 1861 531 1895 ι
562 1843 662 1898 Διὰ
687 1844 847 1898 τοῦτο
871 1845 1057 1917 ἔχρισέ
1086 1863 1170 1911 σε,
1202 1844 1325 1908 Θεὲ,
1362 1863 1380 1896 ι
1410 1843 1472 1897 τὸ
1502 1842 1704 1914 Ἐλωῒμ
1729 1860 1835 1896 πα-

241 1933 555 2006 ρείληπται,
584 1936 722 2007 ὅπερ
741 1935 863 2008 τὴν,
881 1933 929 1992 ὦ
951 1937 1077 2005 Θεὲ,
1103 1936 1366 2009 κλητικὴν
1391 1936 1579 2009 ἐδήλου
1606 1935 1830 1989 πτῶσιν·

235 2024 362 2077 ἀντὶ
390 2023 450 2077 δὲ
483 2024 583 2096 τῆς
611 2025 779 2097 όρθῆς
810 2027 905 2080 κοιλ⁸
937 2026 1153 2090 εὐθείας
1189 2024 1285 2079 τοῦ
1328 2026 1608 2097 ὀνόματος,
1640 2025 1763 2080 καθ’
1804 2025 1834 2078 ὃ

232 2114 488 2188 εἴρηταιο
524 2135 541 2168 ι
577 2117 678 2172 Διὰ
707 2116 865 2172 τοῦτο
901 2117 1086 2191 ἔχρισέ
1120 2136 1203 2185 σε,
1231 2118 1260 2170 6
1285 2117 1420 2182 Θεὸς
1454 2119 1484 2172 6
1524 2117 1675 2183 Θεὸς,
1720 2137 1739 2170 ι
1772 2118 1833 2172 τὸ

244 2203 540 2277 Ἑϐραῐκὸν
583 2207 810 2276 Ἑλωὰχ
864 2207 1134 2279 περιέχει,
1183 2206 1390 2279 σφόδρα
1431 2206 1829 2279 ἀπηκριϐωμέ-

232 2312 345 2361 νως
367 2316 380 2327 ·
425 2298 491 2351 ἵν’
603 2298 665 2352 τὸ
708 2299 807 2370 μὲν
859 2298 1083 2371 Ἐλωῖμ,
1126 2298 1267 2353 κατὰ
1311 2290 1573 2371 κλητικὴν
1625 2299 1831 2354 πτῶσιν

233 2391 680 2465 ἐξενηνεγμένον,
716 2393 912 2467 δηλοῦν
956 2396 1040 2461 τὸ,
1078 2391 1126 2450 ὦ
1166 2394 1294 2460 Θεὲ,
1322 2395 1386 2448 τὸ
1429 2396 1487 2449 δὲ
1535 2396 1764 2468 Ἐλωὰχ,
1796 2399 1830 2451 ὀ
1875 2442 1883 2449 .

233 2483 386 2548 Θεός
430 2499 569 2549 σου,
614 2484 757 2539 κατὰ
788 2483 887 2556 τὴν
924 2484 1175 2539 εὐθεῖαν·
1226 2484 1368 2539 ὥστε
1396 2484 1641 2558 ἀκριϐῶς
1683 2486 1829 2558 ἔχειν

228 2573 335 2647 τὴν
376 2575 630 2644 φήσασαν
673 2576 1004 2648 ἑρμηνείανο
1037 2596 1057 2628 ι
1112 2575 1214 2631 Διά
1247 2576 1406 2631 τοῦτο
1449 2577 1634 2651 ἔχρισέ
1671 2597 1773 2653 σε,κ
1801 2582 1829 2634 6

226 2663 367 2730 Θεὸς
391 2667 421 2720 6
446 2666 579 2731 Θεός
610 2684 726 2722 σου.
770 2687 790 2720 ›
827 2668 1146 2724 Λευκότατα
1176 2668 1308 2740 γοῦν
1343 2672 1372 2724 6
1397 2669 1555 2740 λόγος
1580 2670 1669 2724 διὰ
1705 2672 1829 2725 τού-

227 2777 343 2815 των
387 2759 509 2834 Θεῷ
557 2752 919 2835 προσφωνῶν,
975 2765 1140 2837 φησὶν
1190 2765 1354 2820 αὐτὸν
1395 2765 1682 2839 κεχρίσθαι
1723 2767 1828 2821 ὑπὸ

229 2851 327 2906 τοῦ
356 2852 493 2907 Θεοῦ
527 2853 693 2927 ἐλαίῳ
723 2856 1100 2926 ἀγαλλιάσεως
1134 2857 1287 2930 παρὰ
1316 2858 1524 2923 πάντας
1555 2859 1683 2923 τοὺς
1710 2859 1826 2913 πώ-

228 2960 367 2998 ποτε
415 2946 514 3019 τῆς
569 2948 740 3020 αὐτῆς
787 2948 938 3021 αύτῷ
989 2951 1396 3024 μετεσχηκότας
1431 2952 1822 3024 προσηγορίας.

1937 1853 2028 1900 tur
2077 1846 2224 1916 quod
2271 1853 2401 1911 est,
2458 1846 2603 1903 Deus
2658 1846 2802 1904 Deus
2832 1856 2991 1913 tuus,
3044 1847 3348 1904 Hebraicus
3393 1848 3513 1919 ipse

1935 1944 2226 1991 contextus
2259 1937 2452 2002 habet,
2484 1955 2502 1988 ι
2542 1952 2574 1991 o
2602 1935 2781 2003 Deus,
2821 1936 2965 1993 Deus
2999 1946 3129 1994 tuus
3151 1980 3166 2003 ,
3198 1957 3216 1990 ι
3246 1944 3304 1991 ιιι
3333 1942 3511 1992 totum

1935 2029 2048 2084 sit:
2084 2027 2336 2084 Dilexisti
2358 2069 2372 2095 ,
2409 2044 2443 2085 ο
2473 2026 2651 2093 Deus,
2684 2029 2827 2099 quod
2858 2028 3070 2098 justum
3100 2037 3216 2096 est,
3252 2035 3307 2084 et
3340 2026 3506 2083 odisti

1934 2121 2311 2193 impietatem:
2361 2130 2649 2193 propterea
2693 2122 2764 2177 ob
2821 2124 2961 2176 hanc
3016 2123 3192 2192 ipsam
3241 2135 3504 2183 causam,

1932 2214 2092 2270 una-it
2120 2225 2207 2280 te,
2239 2230 2274 2270 ο
2303 2214 2481 2281 Deus,
2520 2215 2646 2279 ille,
2679 2215 2774 2287 qui
2806 2222 2935 2271 tuus
2964 2230 3183 2286 quoque
3212 2222 3296 2270 est
3330 2213 3502 2276 Deus,

1934 2314 1994 2362 ut
2025 2307 2098 2364 sit
2124 2315 2179 2362 et
2214 2306 2308 2378 qui
2341 2309 2564 2379 ungitur
2595 2305 2773 2372 Deus,
2807 2315 2862 2363 et
2891 2306 2985 2378 qui
3020 2304 3207 2377 ungit,
3244 2303 3339 2375 qui
3385 2304 3507 2374 qui-

1931 2397 2055 2454 dem
2097 2398 2171 2455 sit
2199 2400 2444 2455 omnium
2475 2397 2641 2454 Deus.
2690 2395 2807 2452 Hoc
2850 2404 3035 2451 autem
3067 2395 3116 2451 ei
3148 2393 3243 2465 qui
3274 2393 3537 2459 Hebraig

1930 2505 2051 2546 cam
2095 2491 2338 2564 linguam
2383 2489 2701 2562 diligentius
2740 2482 3072 2552 attenderit,
3117 2486 3278 2557 plane
3317 2484 3507 2540 admo-

1930 2583 2062 2639 dum
2092 2584 2392 2640 constabit.
2427 2584 2565 2638 Nam
2595 2583 2651 2637 in
2683 2582 2860 2653 prima
2892 2579 3339 2635 denominatione
3359 2617 3374 2642 ,
3407 2574 3504 2632 ubi

1928 2677 2161 2748 Aquila,
2191 2695 2210 2729 ι
2242 2676 2405 2734 sedes
2434 2684 2527 2730 tua
2549 2716 2565 2741 ,
2607 2690 2640 2730 o
2681 2674 2859 2739 Deus,
2895 2692 2914 2726 ι
2944 2672 3337 2742 interpretatus
3375 2675 3501 2738 est;

1929 2769 2026 2842 qui
2057 2770 2219 2841 plane
2248 2784 2348 2840 pro
2377 2783 2443 2822 eo
2467 2765 2615 2838 quod
2648 2772 2733 2821 est
2764 2764 2905 2819 Deus
2928 2803 2944 2829 ,
2979 2782 3009 2817 ο
3041 2761 3219 2826 Deus,
3250 2759 3505 2816 enuntia-

1928 2864 2037 2929 vit,
2072 2863 2252 2932 ipsum
2284 2858 2609 2916 llehraicum
2643 2857 2806 2912 habet
2836 2855 3035 2910 Eloim.
3078 2852 3253 2908 Porro
3285 2853 3376 2907 hic
3408 2850 3500 2905 iti-

1929 2958 2052 3015 dem
2084 2958 2140 3012 in
2174 2956 2299 3021 illo,
2328 2972 2348 3005 ι
2381 2961 2668 3025 pr0pterea
2696 2950 2855 3006 unxit
2880 2957 2964 3014 te,
2993 2964 3027 3005 ο
3055 2947 3198 3003 Deus
3220 2986 3236 3012 ,
3268 2965 3289 3000 ι
3321 2945 3500 3017 ipsum

230 3040 425 3113 Ἔχεις
464 3041 755 3114 τοιγαροῦν
797 3043 856 3097 ὲν
889 3041 1104 3108 τούτοις
1146 3042 1333 3112 σαφῶς
1377 3042 1510 3096 Θεὸν
1539 3044 1867 3120 χριόμενον(

1936 3049 2107 3104 Eloim
2136 3047 2485 3119 intelligitur,
2517 3045 2660 3116 quod
2692 3043 3003 3099 vocativum
3029 3055 3217 3095 casum
3237 3080 3252 3105 ,
3279 3055 3309 3093 ο
3331 3037 3498 3101 Deus,

227 3133 328 3187 καὶ
357 3134 594 3206 Χριστὸν
623 3135 932 3206 γινόμενον,
970 3136 1032 3189 οὐ
1065 3135 1222 3208 μύρῳ
1250 3135 1556 3207 exsucta-up,
1597 3136 1706 3190 οὐδ’
1730 3137 1823 3190 ὑπ’

224 3223 538 3297 ἀνθρώπων
564 3227 646 3292 είς
669 3227 829 3282 τοῦτο
855 3228 1142 3301 παριόντα,
1172 3228 1288 3293 ἀλλ’
1330 3229 1452 3284 οὐδὲ
1485 3230 1599 3293 τοῖς
1621 3228 1827 3294 λοιποῖς

224 3316 545 3389 ἀνθρώποις
578 3317 980 3391 παραπλήσιον.
1035 3320 1095 3373 Ὀ
1135 3320 1193 3374 δὲ
1233 3320 1398 3384 αὐτὸς
1443 3314 1598 3384 οὗτος
1632 3315 1700 3392 ἦν
1733 3322 1827 3375 καὶ

223 3410 519 3482 ἀγαπητὸς
548 3410 643 3465 τοῦ
680 3410 837 3476 Θεοῦ,
872 3412 967 3466 καὶ
995 3411 1241 3484 γέννημα
1288 3411 1454 3465 αὑτοῦ
1499 3412 1595 3466 καὶ
1646 3412 1827 3484 ἱερεὺς

231 3501 460 3567 αἰώνιος
493 3504 589 3558 καὶ
639 3502 928 3575 σύνθρονος
972 3506 1412 3578 ἀνηγορευμένος
1452 3504 1547 3559 τοῦ
1589 3505 1821 3579 Πατρός.

223 3596 327 3659 Τίς
355 3595 401 3648 δ’
433 3595 501 3649 ἂν
527 3591 681 3661 οὗτος
713 3597 798 3669 εἴη
827 3598 861 3669 ἢ
898 3597 927 3649 6
953 3597 1301 3669 πρωτότοκος
1329 3596 1426 3650 τοῦ
1467 3596 1602 3650 Θεοῦ
1631 3597 1822 3667 Λόγος,

216 3690 253 3744 6
282 3690 347 3742 ὲν
381 3690 527 3761 ἀρχῇ
560 3689 698 3762 πρὸς
726 3689 820 3743 τὸν
853 3690 984 3743 Θεὸν
1021 3689 1156 3755 Θεὸς
1187 3691 1285 3754 ὢν,
1326 3692 1355 3744 ό
1386 3688 1476 3744 διὰ
1516 3689 1699 3761 πάσης
1725 3692 1825 3761 τῆς

219 3780 413 3834 ἐνθέου
463 3782 685 3854 Γραφῆς
730 3781 1184 3854 θεολογούμενος;
1222 3783 1299 3847 ὡς
1332 3783 1426 3837 καὶ
1455 3783 1513 3837 ὲν
1556 3786 1666 3846 τοῖς
1698 3781 1824 3853 ἑξῆς

218 3874 313 3929 διὰ
336 3875 599 3929 πλειόνων
626 3877 656 3928 6
687 3875 844 3947 λόγος
879 3875 1083 3948 προῖὼν
1115 3874 1393 3941 ἐπιδείξει.
1429 3875 1650 3929 Τούτων
1687 3875 1822 3947 δῆτα

221 3967 768 4040 προτεθεωρημένων
796 3971 929 4041 ἡμῖν
965 3969 1093 4041 περὶ
1118 3970 1218 4041 τῆς
1242 3965 1338 4021 τοῦ
1366 3966 1605 4039 Χριστοῦ
1629 3966 1822 4022 οὐσιώ-

220 4056 369 4122 σεώς
397 4075 459 4112 τε
488 4060 584 4113 καὶ
613 4060 1004 4131 προσηγορίας,
1043 4059 1176 4133 φέρε
1216 4059 1423 4124 λοιπὸν,
1458 4059 1820 4125 ἀναλαϐόντες

218 4150 325 4222 τὴν
380 4151 745 4223 προταθεῖσαν
804 4152 1083 4217 ὑπόθεσιν,
1147 4151 1215 4205 δι’
1271 4152 1414 4204 ὅσων
1465 4150 1820 4224 προφητικῶν

220 4246 588 4318 προρρήσεων
649 4248 678 4300 ό
730 4246 969 4318 Χριστὸς
1024 4246 1290 4315 ὀνομαστὶ
1343 4244 1816 4316 ποοεκηρύττετο,

218 4333 574 4406 θεασώμεθα.

1929 3142 2223 3215 significat.
2264 3139 2371 3194 Pro
2416 3147 2567 3194 recto
2606 3153 2734 3192 vero
2780 3134 3018 3191 nominis
3062 3148 3228 3196 casu,
3271 3130 3367 3187 ubi
3416 3128 3501 3184 di-

1927 3244 2076 3290 ctum
2106 3240 2190 3289 est
2220 3251 2235 3290 :
2266 3251 2286 3285 (
2319 3241 2606 3303 propterea
2659 3231 2815 3284 unxit
2848 3235 2901 3283 te
2937 3225 3083 3282 Deus
3107 3223 3253 3281 Deus
3278 3230 3441 3288 tuus,
3473 3241 3496 3276 ι

1926 3327 2106 3398 ipsum
2140 3323 2468 3379 Hebraicum
2510 3321 2675 3377 habet
2715 3318 2951 3383 Eloach,
2995 3314 3286 3372 admodum
3334 3328 3502 3371 accua

1926 3430 2043 3475 rate
2069 3428 2230 3488 atque
2256 3415 2568 3487 exquisite:
2600 3420 2659 3468 ut
2685 3412 2790 3479 sit,
2823 3412 3001 3483 ipsum
3032 3408 3252 3483 quidem
3282 3405 3457 3463 Eloim
3477 3445 3495 3471 ,

1927 3507 2177 3562 vocativo
2224 3521 2356 3563 casu
2383 3546 2399 3569 ,
2447 3502 2802 3576 signiﬁcans,
2845 3520 2874 3557 ο
2918 3501 3100 3565 Deus;
3143 3499 3321 3571 ipsum
3368 3510 3499 3553 vero

1925 3599 2126 3654 Eloach
2147 3639 2163 3665 ,
2194 3599 2336 3654 Deus
2370 3607 2491 3652 tuus
2511 3637 2526 3660 ,
2565 3604 2716 3651 recto
2744 3611 2879 3651 casu
2908 3614 2921 3650 :
2966 3602 3026 3649 ut
3060 3594 3176 3648 haec
3204 3592 3275 3648 sit
3303 3590 3498 3662 exqui-

1926 3688 2191 3745 sitissima
2246 3687 2663 3758 interpretatio,
2719 3700 2842 3756 qua:
2898 3685 3107 3739 habet:
3148 3701 3167 3733 ι
3202 3689 3499 3753 propterea

1928 3781 2082 3836 unxit
2111 3788 2200 3845 te,
2260 3795 2294 3835 ο
2341 3777 2518 3842 Deus,
2565 3777 2711 3833 Deus
2745 3785 2894 3832 tuus.
2931 3795 2948 3826 ι
2977 3775 3296 3830 Clarissime
3329 3774 3497 3844 igitur

1924 3876 1981 3930 in
2023 3875 2109 3930 bis
2149 3872 2319 3929 Deum
2361 3873 2646 3944 alloquens
2673 3911 2688 3937 ,
2727 3869 3015 3926 oraculum
3057 3869 3132 3923 ait
3171 3868 3350 3939 ipsum
3388 3882 3493 3922 un-

1923 3975 2071 4022 ctum
2102 3982 2226 4023 esse
2258 3981 2288 4020 a
2324 3963 2464 4029 Deo,
2497 3965 2618 4019 oleo
2661 3962 3045 4019 exsultationis
3090 3976 3201 4031 pra:
3238 3958 3495 4013 omnibus

1923 4060 2013 4130 qui
2056 4074 2298 4130 unquam
2336 4057 2584 4128 ejusdem
2618 4070 2743 4110 cum
2784 4055 2905 4125 ipso
2945 4054 3241 4125 participes
3283 4051 3491 4108 fuerint

1921 4150 2325 4221 appellationis.
2353 4147 2531 4204 llabes
2559 4147 2724 4218 igitur
2748 4145 2801 4200 iu
2832 4145 2915 4199 his
2946 4144 3285 4216 planissime,
3317 4143 3490 4199 Deum

1921 4243 2012 4312 qui
2063 4242 2310 4311 ungitur,
2362 4248 2417 4295 et
2460 4224 2716 4294 Christus
2761 4237 3013 4300 eﬂicitnr,
3058 4253 3168 4292 non
3218 4245 3495 4309 unguento

1921 4335 2261 4405 composito,
2306 4347 2483 4402 neque
2521 4331 2589 4384 ab
2627 4329 2940 4384 hominibus
2990 4329 3056 4383 ad
3107 4328 3162 4383 id
3210 4326 3494 4397 dignitatis

216 4441 543 4502 provectum
564 4474 580 4498 ,
612 4447 676 4488 ac
706 4449 775 4489 ne
807 4433 994 4489 eadem
1027 4433 1248 4504 quidem
1282 4448 1406 4489 cum
1441 4433 1657 4490 caeteris
1687 4431 1997 4486 hominibus
2032 4429 2261 4483 ratione.
2294 4425 2465 4481 Porro
2501 4424 2588 4478 hic
2621 4423 2761 4477 idem
2798 4433 2882 4478 est
2913 4429 2968 4477 et.
3005 4420 3240 4475 dilectus
3280 4418 3404 4485 Dei,
3438 4422 3493 4468 et

213 4522 469 4595 ejusdem
498 4524 708 4593 proles,
738 4534 794 4580 et
823 4524 1080 4581 sacerdos
1111 4537 1382 4591 aeternus,
1413 4536 1468 4582 et.
1492 4540 1783 4583 consessor
1817 4521 1986 4594 patris
2013 4520 2216 4575 dictus.
2268 4518 2375 4574 Sed
2407 4519 2531 4589 quis
2560 4519 2648 4573 hic
2675 4518 2892 4571 tandem
2928 4515 3070 4579 erit,
3108 4512 3213 4567 nisi
3248 4512 3491 4581 primum

214 4619 468 4691 genitum
508 4620 604 4676 Dei
639 4619 912 4686 Verbum,
956 4622 1050 4692 qui
1085 4622 1142 4676 in
1173 4622 1441 4692 principio
1473 4622 1614 4692 apud
1647 4621 1848 4681 Deum,
1881 4617 2025 4672 Deus
2052 4615 2214 4672 erat?
2245 4614 2404 4685 182
2436 4613 2527 4684 qui
2561 4629 2658 4684 per
2688 4619 2858 4667 totam
2880 4610 3119 4665 divinam
3153 4605 3493 4675 Scripturam

217 4712 556 4782 praedicatur
583 4720 645 4767 ut
692 4711 872 4778 Deus,
922 4712 1380 4783 quemadmodum
1413 4713 1672 4784 deinceps
1702 4712 1952 4767 oratione
1980 4708 2199 4779 longius
2246 4722 2606 4778 progressus,
2655 4706 2903 4776 pluribus
2954 4702 3133 4758 verbis
3184 4696 3491 4756 ostendam.

216 4800 366 4858 Cum
398 4802 514 4859 haec
545 4804 711 4875 igitur
742 4820 773 4858 a
802 4803 966 4859 nobis
995 4803 1261 4859 hactenus
1288 4802 1634 4859 considerata
1676 4802 1788 4857 sint
1826 4800 1894 4855 de
1918 4798 2124 4854 Christi
2155 4797 2578 4868 prepagatione,
2608 4795 2783 4863 deque
2812 4793 3058 4863 ejusdem
3092 4788 3477 4861 appellatione,

216 4900 478 4973 agedum,
510 4900 852 4971 propositum
881 4906 1261 4970 argumentum
1296 4905 1627 4968 repetamus,
1662 4905 1717 4953 et
1746 4912 1909 4968 quam
1939 4895 2126 4951 multis
2153 4892 2488 4964 propheticis
2524 4890 2968 4963 praedictionibus
3007 4887 3258 4943 Christus
3297 4887 3483 4942 nomi-

217 4993 394 5049 natim
423 4992 497 5049 sit
528 5000 691 5047 antea
727 4989 1014 5046 nuntiatus
1034 5030 1050 5055 ,
1076 4989 1532 5060 contemplemur.

961 5112 1079 5178 ις’.

230 5222 374 5280 Ἀπὸ
429 5223 539 5278 τοῦ
589 5223 835 5293 ψαλμοῦ
888 5222 968 5277 B’.
1001 5253 1073 5265 —
1107 5223 1187 5277 Δι’
1256 5223 1419 5279 ὅσων
1473 5227 1507 5278 ὀ
1556 5223 1807 5292 Χριστὸς

293 5295 587 5363 ὀνομαστὶ
643 5294 763 5349 ὑπὸ
818 5293 1131 5360 ,ϐασιλέων
1185 5293 1287 5348 καὶ
1335 5295 1647 5364 ἀρχόντων
1706 5296 1803 5348 καί

289 5363 487 5421 ἐθνῶν
512 5365 610 5418 καὶ
641 5364 809 5420 λαῶν
834 5365 1370 5433 ἐπιϐουλευόμενος
1389 5363 1498 5430 ,ἐξ
1526 5365 1712 5419 αὐτοῦ
1747 5381 1811 5418 τε

290 5434 405 5491 τοῦ
473 5434 621 5490 Θεοῦ
683 5434 1054 5505 γεννώμενος
1071 5473 1087 5500 ,
1150 5435 1249 5489 καὶ
1297 5435 1429 5503 Υἱὸς
1492 5435 1806 5504 ἀνθρώπου

298 5630 378 5703 (ι)
416 5629 518 5686 Hic
551 5641 611 5703 ut
654 5649 799 5703 saepe
833 5634 1102 5692 Eusebius
1138 5635 1425 5691 arianizat.
1470 5633 1607 5690 Nam
1650 5637 1798 5690 hunc

224 5704 412 5759 locum
444 5717 553 5758 non
582 5702 649 5760 de
682 5702 899 5765 hamine
930 5714 1212 5778 assumpto
1237 5707 1332 5764 sed
1365 5704 1474 5762 Deo
1501 5706 1799 5764 cxsistente

1842 5109 1893 5166 Ι)

2636 5098 2780 5155 XVI.

1914 5222 1956 5275 A
2000 5218 2207 5290 psalmo
2241 5233 2323 5290 fu.
2365 5246 2435 5257 —-
2473 5215 2648 5290 Quam
2702 5213 2901 5290 multis_
2925 5211 3204 5290 scripturis
3242 5209 3491 5290 Christus

1988 5280 2326 5351 nominatim,
2348 5290 2437 5359 qui
2455 5280 2713 5359 a'regibus
2738 5296 2798 5339 et
2817 5282 3140 5359 principibus
3175 5295 3222 5359 ει
3248 5280 3490 5359 gentibus

1986 5371 2035 5417 el
2101 5359 2307 5429 populi:
2359 5352 2785 5429 Erircumuenitur,
2819 5352 2879 5429 et
2912 5354 2976 5406 ab
3018 5353 3130 5422 ipso
3175 5352 3280 5429 Deo
3318 5352 3491 5423 gigni-

1990 5422 2111 5496 tur,
2135 5422 2186 5485 et
2224 5426 2400 5483 Filius
2440 5427 2667 5482 hominis
2707 5425 3026 5495 appellatur,
3068 5422 3404 5493 gentiumque
3438 5432 3489 5474 et

1911 5637 2325 5704 interpretatur,
2355 5640 2405 5688 et
2435 5631 2513 5686 sic
2547 5627 2810 5700 majorem
2841 5634 2894 5682 et
2922 5623 3188 5680 minorem
3220 5618 3487 5676 Deitatem

1910 5707 2122 5762 statuit.
