3846 6218
392 267 501 327 507

1035 276 1311 333 EUSEBII
1342 279 1828 343 CJESARIENSIS
1865 287 1953 345 ΟΡ

2062 288 2269 345 PARS.
2309 287 2377 344 ll.
2419 320 2489 329 —
2516 286 3016 346 APOLOGETKJA.

3555 289 3658 346 308

461 401 649 480 ﬁniunt
700 408 855 471 (grrrc
900 411 1094 457 sortem
1144 404 1331 472 accipit
1380 422 1412 459 (ι
1466 404 1667 471 Patre,
1713 416 1871 461 antea
1905 408 1951 461 si

2149 408 2662 480 ἀναγορευόμενος
2677 449 2691 470 ,
2727 408 2933 480 ἐθνῶν,
2970 425 3034 462 τε
3064 405 3179 480 ,καί
3234 407 3503 480 περάτων
3548 407 3660 478 τῆς

462 471 796 526 enuntiatus.

466 639 484 671 ι
511 623 694 686 Quare
736 620 1080 680 fremuerunt
1123 633 1351 698 gentes,
1400 636 1455 683 et
1507 631 1692 701 pupuli
1726 631 1972 687 meditati

388 720 517 765 sunt
547 711 730 769 inania
754 715 778 769 ?
806 715 1116 772 Astitcrunt
1154 736 1312 792 reges
1353 729 1516 777 terra:
1538 763 1553 787 ,
1598 730 1653 778 et
1693 723 1972 794 principes

387 812 766 859 convenerunt
788 805 844 861 in
867 823 1035 862 unum
1064 810 1330 867 adversus
1352 810 1640 867 Dominum
1657 853 1673 879 ,
1701 820 1757 868 et
1778 814 1972 870 adver-

386 904 483 950 sus
510 892 793 951 Christum
825 897 945 966 ejus
978 898 1021 930 ³⁷
1050 918 1064 953 :
1100 919 1119 953 ο
1146 898 1349 971 quibus
1377 902 1638 972 deinceps
1680 902 1967 975 adjungit:

392 1005 412 1037 ι
447 985 563 1058 Ego
590 996 774 1043 autem
806 991 1144 1048 constitmus
1169 1009 1292 1049 sum
1324 1010 1419 1050 rex
1449 996 1518 1051 ab
1544 1011 1610 1051 eo
1639 1009 1806 1066 super
1837 995 1971 1052 Sion

386 1086 575 1135 monte
615 1088 808 1137 sancto
835 1082 986 1152 ejus,
1028 1084 1294 1141 nuntians
1333 1094 1669 1157 praeceptum
1704 1085 1921 1141 Domini
1954 1107 1966 1141 :

386 1170 658 1229 Dominus
712 1174 850 1229 dixit
894 1176 962 1230 ad
1014 1192 1103 1232 me
1147 1176 1370 1233 :Filius
1416 1194 1574 1239 meus
1620 1194 1681 1235 es
1726 1186 1819 1244 tu,
1867 1193 1969 1250 ego

386 1257 551 1320 hodie
581 1266 743 1337 genui
776 1275 866 1321 te:
900 1269 1118 1338 postula
1157 1282 1188 1321 a
1235 1283 1352 1334 me,
1384 1275 1438 1324 et
1468 1269 1609 1325 dabo
1645 1269 1743 1324 tibi
1780 1279 1968 1342 gentes

381 1357 755 1418 hereditatem
790 1367 970 1426 tuam,
999 1367 1054 1416 et
1083 1362 1491 1431 possessionem
1521 1371 1671 1416 tuam
1703 1363 1969 1419 terminos

380 1454 543 1507 terrae
573 1451 617 1483 ³³
648 1470 661 1506 :
695 1472 714 1504 ι
749 1452 1073 1523 planissime
1104 1453 1270 1509 etiam
1318 1455 1374 1508 in
1423 1453 1508 1510 his
1542 1454 1763 1509 divinus
1795 1452 1969 1525 Spiri-

382 1553 472 1599 tus
523 1539 805 1601 Christum
865 1544 1135 1616 appellat,
1191 1544 1397 1616 Deique
1454 1546 1709 1602 eumdem
1767 1547 1965 1602 Filium

280 1704 288 1710 A
379 1642 542 1689 vocat
562 1675 577 1699 ,
609 1635 756 1690 sicut
785 1649 888 1691 nos
920 1634 1230 1690 docuerunt
1263 1650 1327 1690 ea
1363 1652 1486 1708 quae
1518 1638 1773 1709 superius
1818 1638 1965 1693 dicta

381 1730 550 1791 sunt,
588 1724 865 1797 simulque
898 1737 950 1781 et
978 1728 1509 1784 circumventionem
1545 1729 1853 1800 quamdam
1878 1729 1963 1785 fu-

380 1826 565 1874 turam
623 1826 817 1873 contra
873 1819 1028 1874 illum
1084 1821 1396 1891 signiﬁcat,
1453 1834 1509 1878 et
1561 1822 1807 1893 gentium
1865 1838 1963 1893 per

376 1910 631 1965 eumdem
665 1910 906 1965 futuram
941 1912 1290 1967 vocationem
1321 1922 1449 1968 ante
1478 1914 1803 1979 denuntiat,
1838 1931 1961 1985 qua:

376 2001 600 2073 quidem
651 2018 711 2056 re
759 2002 878 2073 ipsa
929 2005 1109 2074 palam
1160 2005 1216 2059 in
1266 2004 1549 2061 Salvatore
1590 2015 1781 2063 nostro
1827 2007 1960 2063 Jesu

379 2090 606 2146 Christo
643 2092 760 2162 ipse
806 2108 992 2148 rerum
1039 2104 1269 2152 eventus
1310 2097 1627 2152 declaravit.
1673 2095 1782 2153 Nec
1828 2099 1957 2154 dum

374 2180 544 2255 igitur
573 2192 764 2256 gentes
785 2225 800 2249 ,
827 2193 881 2241 et
908 2188 1132 2257 populi,
1163 2197 1217 2244 et
1246 2205 1403 2261 reges
1445 2198 1500 2246 et
1554 2190 1833 2261 principes
1860 2191 1958 2248 dc-

373 2283 612 2344 sisttmt,
642 2288 756 2334 tum
787 2280 1052 2336 adversus
1086 2282 1238 2337 illum
1271 2291 1384 2338 tum
1418 2284 1680 2344 adversus
1710 2288 1957 2357 ejusdem

373 2369 679 2425 doctrinam
705 2371 1018 2431 convenire.
1040 2373 1196 2441 Quod
1218 2375 1264 2432 si
1288 2376 1404 2432 haec
1422 2375 1594 2434 Judaei
1617 2379 1683 2434 ad
1710 2380 1956 2436 futurum

374 2458 619 2518 referant
651 2471 905 2535 tempus,
957 2467 1071 2537 jam
1127 2468 1251 2524 illos
1298 2468 1458 2525 fateri
1499 2480 1778 2541 oporteat,
1830 2490 1955 2530 eum

371 2570 533 2625 quem
582 2556 687 2626 ipsi
716 2564 1036 2629 exspectant
1068 2557 1373 2626 Christum,
1431 2578 1624 2620 rursus
1654 2564 1958 2623 circumve—

384 2644 650 2702 niendum
671 2689 686 2712 ,
713 2650 854 2705 sicut
873 2666 1117 2721 praesens
1145 2652 1307 2708 habet
1327 2656 1611 2709 oraculum
1629 2696 1644 2721 ,
1672 2658 1818 2728 quod
1842 2659 1950 2712 ait;

379 2731 540 2810 183
571 2758 589 2790 ‹
628 2738 935 2796 Astiterunt
962 2756 1118 2813 reges
1147 2751 1326 2810 terrae,
1357 2753 1410 2801 et
1438 2747 1714 2818 principes
1753 2763 1956 2804 conve-

372 2838 574 2886 nerunt
614 2832 671 2887 in
723 2851 890 2888 unum
951 2836 1215 2894 adversus
1272 2836 1584 2906 Dominum,
1608 2848 1663 2896 et
1691 2824 1954 2900 adversus

370 2917 650 2978 Christum
681 2925 804 2995 ejus
840 2946 852 2980 :
897 2947 916 2979 ι
957 2928 1117 2998 (ιυοᾱσ
1143 2945 1276 2986 sane
1304 2929 1486 2985 daturi
1514 2948 1785 3004 nusquam
1819 2935 1951 3002 sint,

370 3014 572 3087 quippe
603 3017 699 3088 qui
744 3034 1001 3089 magnum
1038 3022 1330 3091 quemdam
1375 3024 1702 3096 principem,
1740 3042 1952 3099 regem-

2147 478 2384 567 κνρῆρον
2425 478 2750 551 λαμϐάνων
2790 478 2951 548 παρὰ
2980 478 3088 534 τοῦ
3137 479 3367 547 Πατρός
3402 491 3660 548 προεπη-

2138 567 2410 618 ρυττετο.

2152 662 2171 695 ι
2215 644 2331 696 Ἵνα
2376 642 2433 696 τί
2483 640 2758 713 ἐφρύαξαν
2809 642 2958 713 ἔθνη,
3002 642 3098 695 καὶ
3148 641 3269 696 λαοὶ
3319 640 3663 713 ἐμελέτησαν

2074 735 2239 801 κενά;
2270 731 2633 807 Παρέστησαν
2664 734 2715 786 οἱ
2760 733 3002 805 βασιλεῖς
3040 733 3138 805 τῆς
3178 733 3304 804 γῆς,
3345 733 3443 787 καὶ
3473 734 3526 787 οἱ
3565 733 3662 805 ἄρ-

2073 844 2260 898 χοντες
2317 825 2664 898 συνήχθησαν
2711 827 2804 880 ἐπὶ
2846 826 2908 879 τὸ
2939 825 3069 879 αὐτὸ
3111 826 3253 881 κατὰ
3291 824 3386 879 τοῦ
3422 824 3659 897 Κυρίου,

2074 920 2333 975 καὶκατὰ
2372 918 2469 974 τοῦ
2513 917 2751 992 Χριστοῦ
2788 917 2986 973 αὐτοῦ·
3028 938 3047 970 ι
3082 913 3165 983 οἷς
3202 918 3330 989 ἑξῆς
3373 917 3652 987 ἐπιλέγει-

2077 1032 2096 1064 (
2166 1013 2309 1083 Ἐγὼ
2379 1013 2438 1067 δὲ
2506 1011 2850 1082 κατεστάθην
2910 1011 3163 1082 βασιλεὺς
3216 1011 3308 1064 ὑπ’
3358 1009 3523 1063 αὐτοῦ
3558 1011 3659 1064 ἐπὶ

2071 1102 2209 1159 Σιὼν
2255 1104 2382 1178 ὅρος
2434 1103 2495 1159 τὸ
2548 1105 2701 1175 ἅγιον
2759 1103 2960 1158 αὐτοῦ.
3020 1102 3351 1173 διαγγέλλων
3397 1103 3459 1156 τὸ
3493 1103 3661 1175 πρόσ-

2069 1215 2255 1271 ταγμα
2296 1197 2521 1271 Κυρίου.
2556 1197 2760 1269 Κύριος
2807 1195 2925 1251 εἶπε
2967 1214 3108 1269 προς
3147 1196 3215 1268 μέ
3239 1214 3252 1227 ·
3284 1196 3412 1260 Υἱός
3460 1213 3563 1268 μου
3606 1191 3662 1250 εἴ

2071 1292 2158 1356 σὺ,
2195 1288 2305 1360 ἐγὼ
2342 1292 2580 1362 σήμερον
2620 1289 2927 1359 γεγέννηκὰ
2957 1306 3038 1343 σε.
3071 1287 3300 1361 Αίτησαι
3330 1289 3457 1360 παρ’
3493 1289 3657 1361 ἐμοῦ,

2069 1381 2164 1434 καὶ
2200 1377 2357 1434 δώσω
2391 1398 2473 1434 σοι
2519 1379 2647 1452 ἔθνη
2690 1377 2789 1451 τὴν
2833 1379 3195 1451 κληρονομίαν
3229 1395 3324 1432 σου
3343 1419 3359 1443 ,
3408 1379 3503 1433 καὶ
3550 1379 3659 1451 τὴν

2069 1471 2394 1544 κατάσχεσίν
2426 1489 2518 1526 σου
2546 1470 2615 1525 τὰ
2640 1472 2851 1545 πέρατα
2881 1472 2980 1542 τῆς
2999 1471 3121 1541 γῆς.
3157 1489 3176 1521 ι
3208 1468 3527 1538 Σαφέστατα
3557 1471 3658 1524 καὶ

2066 1564 2156 1618 διὰ
2191 1564 2398 1618 τούτων
2437 1563 2500 1617 τὸ
2541 1564 2682 1618 θεῖον
2711 1563 2937 1635 Πνεῦμα
2966 1563 3056 1616 τὸν
3088 1563 3323 1634 Χριστὸν
3356 1563 3653 1632 ἀναφωνεῖ,

2068 1655 2196 1711 Υἱόν
2234 1674 2295 1709 τε
2331 1656 2492 1710 αὐτὸν
2511 1655 2779 1709 ἀποκαλεῖ
2814 1653 2909 1708 τοῦ
2947 1653 3083 1709 Θεοῦ
3124 1652 3266 1708 κατὰ
3303 1653 3373 1707 τὰ
3418 1670 3660 1725 προηγο-

2067 1748 2328 1820 ρευμένα,
2363 1746 2498 1819 ὁμοῦ
2530 1747 2624 1800 καὶ
2659 1745 2952 1817 ἐπιϐουλήν
2994 1762 3119 1798 τινα
3151 1742 3368 1798 ἔσεσθαι
3402 1743 3527 1797 κατ’
3553 1746 3656 1797 αὐ-

2063 1841 2156 1896 τοῦ
2203 1840 2480 1913 σημαίνει,
2524 1837 2754 1893 καὶτῶν
2793 1836 2965 1891 ἐθνῶν
3002 1836 3102 1909 τήν
3132 1836 3201 1891 δι’
3234 1834 3397 1889 αὐτοῦ
3430 1836 3657 1908 γενομέο

2064 1950 2161 2005 νην
2202 1932 2394 2004 κλῆσιν
2454 1929 2823 2004 προκηρύττει
2846 1947 2860 1960 ·
2914 1929 3057 2001 ἅπερ
3110 1923 3408 2000 διαρρήδην
3467 1927 3654 1990 αὐτοῖς

2063 2024 2245 2098 ἔργοις
2278 2025 2371 2078 ἐπὶ
2396 2022 2491 2078 τοῦ
2519 2023 2775 2095 Σωτῆρος
2806 2022 2962 2094 ἡμῶν
3007 2019 3182 2092 Ἰησοῦ
3206 2018 3443 2092 Χριστοῦ
3469 2021 3504 2089 ἡ
3538 2018 3651 2073 τῶν

2063 2119 2406 2190 πραγμάτων
2437 2115 2711 2180 ἐπέδειξεν
2744 2113 2990 2177 ἔκϐασις.
3026 2111 3208 2167 Είσέτι
3241 2112 3351 2182 γὰρ
3390 2112 3483 2165 νῦν
3519 2111 3648 2182 ἔθνη

2062 2209 2156 2262 καὶ
2174 2207 2558 2279 λαοὶ,βασιλεῖς
2568 2224 2629 2259 τε
2646 2206 2740 2260 καὶ
2755 2204 3097 2277 ἄρχοντες,οὺ
3112 2201 3375 2257 παύονται
3393 2202 3491 2273 τῆς
3507 2203 3653 2256 κατά

2060 2318 2119 2354 τε
2138 2299 2302 2354 αὑτοῦ
2321 2299 2527 2370 καὶτῆς
2542 2296 2893 2360 διδασκαλίας
2912 2294 3077 2348 αὑτοῦ
3095 2293 3386 2364 συσκευῆς.
3407 2294 3471 2346 Ei
3486 2293 3531 2347 δ’
3554 2296 3650 2347 ἐπὶ

2063 2388 2324 2461 μέλλοντα
2352 2389 2541 2460 χρόνον
2576 2386 2901 2459 ἀναφέροιεν
2931 2384 3103 2448 ταῦτα
3130 2386 3178 2437 oi
3217 2386 3283 2438 ἐκ
3314 2385 3646 2455 περιτομῆς,

2059 2482 2176 2555 ὥρα
2199 2481 2290 2536 τὸν
2316 2479 2765 2553 προσδοκώμενον
2790 2479 2976 2544 αὐτοῖς
2997 2476 3231 2551 Χριστὸν
3256 2476 3649 2550 ἐπιϐουλευθή-

2060 2573 2248 2627 σεσθαι
2265 2569 2419 2637 αὖθις
2435 2571 2739 2644 ὁμολογεῖν,
2760 2571 2903 2625 κατὰ
2917 2569 2976 2625 τὺ
2994 2568 3166 2641 παρὸν
3183 2567 3384 2638 λόγιον,
3411 2568 3647 2637 φάσκονν

2065 2687 2082 2718 ι
2112 2662 2466 2739 Παρέστησαν
2496 2668 2546 2718 οἱ
2579 2665 2821 2737 βασιλεῖς
2861 2662 2965 2736 τῆς
3013 2662 3140 2733 γῆς,
3167 2662 3262 2716 καὶ
3294 2663 3343 2715 οί
3383 2662 3651 2733 ἄρχοντες

2060 2760 2403 2833 συνήχθησαν
2436 2759 2527 2812 ἐπὶ
2560 2758 2623 2812 τὸ
2668 2758 2799 2812 αὐτὸ
2830 2756 2974 2812 κατὰ
3005 2756 3100 2810 τοῦ
3128 2755 3335 2827 Κυρίου
3380 2757 3475 2809 καὶ
3504 2754 3651 2809 κατὰ

2067 2852 2163 2907 τοῦ
2201 2850 2438 2924 Χριστοῦ
2470 2849 2633 2905 αὑτοῦ
2671 2867 2684 2881 ’
2724 2870 2742 2902 ι
2775 2851 2912 2924 ὅπερ
2944 2849 3045 2905 οὐκ
3088 2849 3155 2904 ἂν
3187 2849 3349 2917 δοῖεν,
3375 2847 3650 2921 δυνάστην

2056 2946 2180 3001 τινὰ
2216 2946 2390 3018 μέγαν
2432 2945 2528 2998 καὶ
2559 2944 2784 3016 βασιλέα
2816 2943 3034 3000 αἰώνιον
3068 2944 3164 2998 καὶ
3196 2943 3479 3015 λυτρωτὴν
3514 2945 3646 2997 ἐαυ-

2055 3039 2166 3094 τῶν
2215 3038 2435 3092 ἔσεσθαι
2479 3038 2569 3091 τὸν
2623 3036 2821 3107 ἥξοντα
2857 3035 3091 3108 Χριστὸν
3124 3034 3550 3106 προσδοκῶντες.
3580 3035 3647 3086 Et

369 3121 478 3176 que
523 3116 814 3177 aeternum,
866 3108 1394 3187 Rcdemptoremque
1454 3133 1616 3173 suum
1656 3118 1773 3175 fore
1801 3133 1947 3190 eum,

2062 3131 2165 3203 γὰρ
2193 3131 2257 3203 δὴ
2287 3133 2537 3192 κάκεῖνος
2570 3129 2738 3184 ἐλθὼν
2766 3129 2834 3182 τὰ
2863 3129 3023 3200 ὃμοια
3056 3127 3218 3182 πάθοι
3237 3126 3316 3198 τῷ
3342 3125 3645 3198 ἐληλυθότι,

368 3200 464 3279 (ιιᾴ
511 3209 778 3259 venturus
809 3205 900 3269 sit,
932 3204 1211 3263 Christum
1241 3218 1557 3280 exspectent
1589 3231 1604 3267 :
1638 3227 1765 3267 nam
1814 3214 1861 3268 si
1900 3222 1955 3270 et

369 3292 462 3347 ille
502 3307 627 3347 eum
656 3297 867 3351 venerit
911 3298 1101 3355 eadem
1145 3302 1389 3371 patiatur
1432 3320 1553 3376 qua:
1593 3305 1708 3377 jam
1754 3322 1954 3379 passus

366 3390 454 3440 est
489 3387 583 3456 qui
626 3389 794 3455 venit,
825 3390 957 3458 quid
1005 3406 1188 3449 causa:
1221 3395 1293 3449 sit
1324 3412 1424 3450 cur
1465 3397 1544 3452 illi
1580 3399 1763 3468 potius
1787 3417 1952 3472 quam

364 3477 498 3532 huic
534 3479 868 3535 credendum
895 3492 989 3537 aut
1018 3498 1129 3538 non
1159 3485 1526 3543 credendum?
1554 3489 1710 3557 Quod
1741 3493 1788 3548 si
1827 3494 1954 3550 inde

364 3570 597 3638 exclusi,
629 3572 704 3626 ad
725 3573 917 3639 David,
941 3576 1057 3632 sive
1079 3577 1146 3632 ad
1177 3582 1486 3652 quempiam
1517 3599 1585 3639 ex
1614 3583 1761 3642 illius
1784 3602 1953 3659 nepo-

366 3658 781 3718 tibus-Iudaica:
809 3667 986 3736 gentis
1012 3681 1217 3738 regem,
1236 3670 1522 3726 oraculum
1555 3673 1818 3741 referant,
1837 3658 1950 3746 jam

364 3754 473 3809 erit
495 3755 982 3814 demonstrandum
1006 3760 1152 3831 quod
1177 3776 1356 3833 neque
1380 3763 1571 3831 David,
1606 3783 1783 3839 neque
1809 3770 1950 3826 alius

364 3847 637 3918 quispiam
690 3865 880 3906 eorum
936 3853 1030 3922 qui
1080 3869 1323 3925 unquam
1358 3858 1501 3927 apud
1533 3856 1793 3916 Hebraeos
1826 3862 1950 3917 illu-

365 3928 509 3995 stres
561 3938 784 4007 fuerint,
832 3952 1188 4010 memoratur,
1220 3946 1315 4016 qui
1366 3957 1461 4003 aut
1515 3947 1689 4007 Filius
1733 3951 1828 4007 Dei
1878 3953 1950 4009 sit

364 4031 549 4102 aliquo
584 4034 807 4088 oraculo
831 4034 1035 4101 dictus,
1062 4046 1155 4091 aut
1180 4039 1251 4094 ab
1272 4040 1391 4110 ipso
1416 4037 1525 4097 Deo
1547 4044 1784 4113 genitus,
1804 4045 1948 4099 sicut

362 4118 455 4179 ille
499 4124 569 4179 de
602 4140 712 4196 quo
752 4124 1005 4184 Psalmus
1055 4131 1386 4188 vaticinatur
1436 4150 1615 4206 neque
1669 4138 1945 4210 imperans

361 4212 578 4270 cunctis
608 4216 884 4286 gentibus,
917 4226 971 4273 et
1017 4220 1240 4292 regibus
1278 4230 1334 4278 et
1366 4225 1733 4297 principibus,
1765 4238 1821 4286 et
1851 4247 1947 4302 po-

360 4307 529 4378 pulis,
551 4309 644 4379 qui
678 4309 753 4366 sit
777 4311 994 4369 insidiis
1021 4314 1451 4373 circumventus.
1485 4320 1581 4375 Sin
1612 4331 1795 4379 autem
1820 4324 1944 4381 illo-

361 4413 484 4453 rum
519 4402 704 4459 nullus
734 4405 859 4462 talis
886 4408 1218 4474 ostenditur,
1247 4417 1303 4464 et
1349 4426 1410 4466 re
1444 4411 1563 4482 ipsa
1595 4424 1793 4470 cuncta
1826 4417 1943 4474 haec

2060 3225 2155 3278 καὶ
2182 3224 2235 3277 τί
2271 3224 2345 3296 μὴ
2380 3223 2579 3295 μᾶλλον
2609 3222 2804 3293 ἐκείνῳ
2833 3221 2867 3294 ἢ
2901 3220 3078 3292 τούτῳ
3110 3219 3427 3274 πιστευτέον
3456 3218 3490 3290 ἢ
3520 3219 3649 3272 ἀπι-

2060 3315 2316 3386 στητέον;
2352 3315 2415 3368 Et
2466 3313 2545 3378 δέ,
2591 3312 2840 3367 ἐντεῦθεν
2892 3312 3362 3375 ἀποκλεισθέντες,
3411 3312 3506 3364 ἐπὶ
3552 3309 3648 3363 τὸν

2055 3407 2218 3462 Δαϐὶδ
2248 3407 2283 3479 ἧ
2323 3424 2443 3461 τινα
2470 3405 2578 3460 τῶν
2611 3405 2670 3471 ἐξ
2696 3403 2859 3458 αὐτοῦ
2887 3405 3195 3476 γενομένων
3237 3400 3503 3470 βασιλέων
3544 3399 3643 3453 τοῦ

2067 3499 2336 3554 Ἰουδαίων
2380 3496 2567 3563 ἔθνους
2605 3499 2928 3571 ἁναφέροιεν
2962 3497 3055 3551 τὸν
3075 3495 3321 3568 χρησμὸν
3345 3535 3360 3559 ,
3384 3495 3480 3548 καὶ
3499 3492 3645 3547 οὕτω

2053 3591 2308 3656 δεικτέον,
2338 3590 2412 3655 ὡς
2441 3588 2563 3644 οὔτε
2597 3589 2782 3653 Δαϐὶδ,
2816 3588 2928 3643 οῦθτ
2961 3587 3146 3661 ἕτερός
3169 3605 3255 3651 τις
3283 3586 3390 3640 τῶν
3419 3584 3642 3639 πώποτε

2052 3686 2182 3756 παρ’
2217 3683 2486 3756 Ἑϐραίοις
2515 3681 2790 3752 διαφανῶν
2826 3669 3104 3754 ἱστόρηται
3130 3679 3242 3734 οὔθ’
3264 3681 3392 3744 Υίὸς
3425 3697 3645 3751 χρημαα

2052 3775 2208 3840 τίσας
2246 3775 2340 3829 τοῦ
2363 3773 2521 3840 Θεοῦ,
2550 3773 2663 3828 οὗθ’
2700 3774 2805 3827 ὑπὸ
2836 3774 2930 3828 τοῦ
2960 3773 3094 3828 Θεοῦ
3128 3772 3515 3844 γεγενημένος,
3541 3790 3641 3825 κα-

2049 3867 2117 3922 τὰ
2148 3870 2241 3921 τὸν
2265 3870 2324 3921 ἐν
2345 3866 2423 3939 τῷ
2442 3865 2642 3939 ψαλμῷ
2671 3865 3084 3938 θεσπιζόμενον,
3107 3865 3216 3920 οὐδ’
3242 3865 3353 3937 ἄρα
3371 3865 3477 3917 ὑπὸ
3501 3864 3643 3917 πάν-

2048 3978 2156 4014 των
2185 3959 2293 4015 τῶν
2326 3959 2497 4015 ἐθνῶν
2528 3961 2623 4014 καὶ
2654 3959 2941 4031 βασιλέων,
2970 3958 3249 4032 ἀρχόντων
3273 3967 3333 4010 τε
3369 3957 3464 4011 καὶ
3494 3957 3644 4012 λαῶν

2049 4051 2586 4124 ἐπιϐεϐουλευμένος.
2638 4054 2702 4107 Εἰ
2754 4054 2799 4107 δ’
2839 4051 3013 4116 οὐδεὶς
3066 4050 3290 4104 ἐκείνων
3337 4048 3635 4114 δείκνυται,

2050 4144 2231 4207 αὐτοῖς
2275 4144 2319 4197 δ’
2349 4144 2531 4216 ἔργοις
2561 4144 2880 4199 συνίσταται
2905 4141 3079 4197 ταῦτα
3107 4141 3304 4207 πάντα,
3338 4139 3434 4192 καὶ
3461 4140 3633 4194 πάλαι

2051 4237 2151 4307 μὲν
2198 4237 2516 4308 ὑπομείνας,
2553 4237 2646 4291 καὶ
2677 4235 2774 4291 νῦν
2805 4236 2861 4289 δὲ
2895 4235 2976 4289 ἔτι
3014 4232 3108 4289 καὶ
3142 4234 3381 4305 σήμερον
3430 4232 3537 4286 ὑπό
3578 4247 3639 4285 τε

2048 4328 2308 4399 βασιλέων
2328 4330 2423 4383 καὶ
2454 4330 2752 4402 ἀρχόντων,
2782 4328 2952 4382 ἐθνῶν
2973 4344 3034 4381 τε
3061 4324 3156 4380 καὶ
3177 4323 3345 4390 λαῶν,
3373 4321 3641 4394 πολεμού-

2049 4437 2209 4491 μενος
2252 4421 2281 4472 ό
2324 4421 2559 4493 Χριστὸς
2599 4420 2694 4474 τοῦ
2734 4418 2893 4485 Θεοῦ,
2934 4418 2988 4471 τί
3023 4418 3084 4472 τὸ
3111 4414 3365 4488 ἐμποδὼν
3407 4413 3484 4486 μὴ
3516 4412 3641 4483 οὐχὶ

358 4492 779 4563 conﬁrmantur,
796 4505 912 4554 tum
934 4500 1154 4570 quidem
1185 4501 1333 4571 quod
1351 4502 1480 4558 olim
1496 4506 1586 4560 illa
1603 4509 1948 4581 sustinuerit,

2062 4511 2218 4564 αὐτὸν
2246 4492 2389 4565 εἶναι
2413 4511 2506 4566 τὸν
2533 4512 3007 4585 προφητευόμενον
3030 4508 3118 4563 διὰ
3140 4507 3237 4561 τοῦ
3260 4507 3534 4578 φήσαντος
3554 4505 3641 4558 λοσ-

358 4588 478 4639 tum
524 4601 656 4643 vero
701 4592 846 4660 quod
893 4591 1073 4647 adhuc
1102 4600 1266 4664 atque
1294 4595 1459 4652 hodie
1485 4613 1724 4671 quoque,
1748 4617 1780 4656 a
1804 4604 1947 4674 regi-

357 4674 489 4743 bus,
529 4688 584 4735 et
624 4683 991 4753 principibus,
1028 4695 1083 4741 et
1120 4687 1394 4758 gentibus,
1427 4700 1481 4745 et
1532 4693 1752 4764 populis
1783 4694 1944 4750 Chri—

357 4777 483 4826 stus
504 4769 598 4826 Dei
635 4782 1001 4845 0ppugnetur,
1032 4777 1164 4846 quid
1189 4778 1303 4848 jam
1340 4779 1601 4851 impediat
1628 4800 1698 4841 ne
1726 4786 1842 4857 ipse
1871 4788 1943 4843 sit

354 4858 424 4918 de
451 4879 562 4933 quo
599 4867 883 4921 oraculum
907 4868 1041 4924 illud
1064 4871 1396 4928 vaticinatur
1428 4876 1574 4946 quod
1609 4879 1683 4931 ait
1712 4897 1766 4932 τι
1789 4880 1939 4937 Asti-

352 4961 539 5010 terunt
590 4972 747 5028 reges
808 4968 970 5016 terrae
1026 4971 1081 5018 et
1127 4962 1406 5038 principes
1462 4980 1837 5027 convenerunt
1885 4974 1942 5028 in

352 5061 557 5116 unum,
588 5051 855 5110 adversus
890 5055 1204 5124 Dominum,
1251 5066 1305 5114 et
1351 5060 1616 5120 adversus
1659 5064 1938 5122 Christum

351 5137 521 5207 ejus?
558 5158 578 5190 ι
608 5142 707 5195 uni
739 5143 905 5200 etiam
937 5147 1114 5202 eidem
1142 5164 1263 5219 quae
1289 5151 1345 5205 in
1377 5153 1570 5209 eodem
1602 5156 1815 5226 psalmo
1846 5173 1937 5214 se-

349 5238 602 5300 quuntur
647 5237 997 5303 conueniant,
1031 5239 1086 5293 in
1122 5241 1325 5311 quibus
1356 5244 1565 5301 dictum
1606 5257 1693 5303 est
1724 5264 1739 5302 :
1775 5268 1794 5301 ι
1826 5248 1937 5304 Do-

350 5322 537 5378 minus
565 5323 703 5379 dixit
749 5328 817 5382 ad
844 5345 930 5385 me
961 5349 975 5385 :
1011 5329 1186 5389 Filius
1234 5350 1391 5391 meus
1421 5352 1482 5393 es
1510 5347 1590 5404 tu,
1626 5355 1728 5411 ego
1775 5340 1938 5397 hodie

350 5412 515 5483 genui
562 5422 617 5470 te
641 5433 655 5471 :
676 5420 891 5487 postula
930 5435 963 5476 a
996 5437 1082 5479 me
1107 5432 1161 5478 et
1183 5424 1326 5482 dabo
1356 5428 1456 5483 tibi
1481 5437 1669 5501 gentes
1707 5432 1939 5489 haeredi-

348 5508 517 5559 tatem
548 5513 791 5577 tuam,et
812 5514 1219 5583 possessionem
1242 5524 1394 5575 tuam
1411 5522 1677 5579 terminos
1703 5530 1891 5594 terrae;
1913 5546 1932 5578 ι

346 5594 552 5651 etenim
586 5596 704 5655 haec
745 5618 963 5676 quoque
1015 5607 1405 5670 indubitatum‘
1436 5616 1491 5671 in
1513 5633 1622 5674 uno
1653 5618 1747 5675 illo
1777 5635 1939 5677 even-

423 5747 468 5783 ⁸⁷
491 5750 638 5811 Psal.
685 5775 745 5827 ιι,
795 5760 907 5815 12.
986 5766 1029 5797 ³⁸
1055 5765 1190 5822 ibid.
1235 5767 1349 5825 6-8.

2050 4603 2170 4674 γίου
2190 4622 2205 4637 ο
2241 4624 2259 4655 ι
2290 4604 2652 4677 Παρέστησαν
2682 4606 2732 4659 οί
2772 4603 3016 4675 βασιλεῖς
3041 4601 3141 4673 τῆς
3172 4599 3299 4670 γῆς,
3331 4598 3425 4652 καὶ
3455 4599 3505 4651 οῖ
3538 4598 3639 4669 ἄρ’

2051 4716 2238 4771 χοντες
2264 4698 2609 4771 συνήχθησαν
2639 4698 2731 4752 ἐπί
2753 4698 2812 4751 τὸ
2844 4696 2978 4751 αὐτὸ
3000 4694 3140 4750 κατὰ
3172 4693 3266 4748 τοῦ
3300 4691 3506 4764 Κυρίου
3547 4689 3640 4742 καὶ

2050 4791 2193 4846 κατὰ
2214 4791 2307 4846 τοῦ
2328 4789 2565 4863 Χριστοῦ
2589 4789 2787 4856 αὐτοῦ;
2818 4809 2837 4842 ι
2871 4789 3035 4859 Μόνῳ
3057 4787 3112 4841 δέ
3129 4784 3279 4856 αὐτῷ
3304 4784 3400 4839 καὶ
3424 4782 3496 4836 τὰ
3520 4783 3638 4835 ἐπι-

2050 4883 2329 4954 φερόμενα
2376 4881 2636 4954 ἁρμόττοι
2670 4880 2736 4935 ἂν
2766 4881 2862 4934 τοῦ
2902 4876 3119 4950 ψαλμοῦ
3162 4877 3230 4931 δι’
3258 4868 3335 4929 ὧν
3374 4874 3592 4945 εἴρηται
3614 4888 3633 4902 ⁸

2055 4994 2073 5026 ι
2102 4973 2305 5046 Κύριος
2329 4970 2449 5028 εἷπε
2476 4975 2614 5046 πρὸς
2644 4974 2739 5045 μέ-
2772 4973 2902 5038 Υίός
2935 4990 3036 5045 μου
3066 4966 3117 5024 εἷ
3136 4970 3223 5033 σὺ,
3256 4966 3371 5038 ἐγὼ
3398 4967 3634 5040 σήμερον

2047 5067 2352 5141 γεγέννηκά
2380 5087 2461 5125 σε.
2496 5067 2727 5140 Αἴτησαι
2758 5069 2887 5139 παρ’
2914 5066 3071 5138 ἐμοῦ,
3095 5064 3189 5119 καὶ
3218 5063 3376 5116 δώσω
3400 5078 3484 5115 σοι
3504 5059 3630 5130 ἔθνη

2047 5159 2145 5230 τὴν
2196 5158 2559 5231 κληρονομίαν
2609 5175 2725 5221 σου,
2763 5156 2858 5211 καὶ
2899 5155 2998 5228 τὴν
3048 5153 3379 5225 κατάσχεσιν
3424 5169 3519 5205 σου
3564 5150 3635 5203 τὰ

2046 5249 2263 5321 πέρατα
2300 5251 2398 5322 τῆς
2425 5251 2548 5322 γῆς.
2579 5272 2597 5304 ι
2635 5250 2746 5305 Καὶ
2770 5249 2880 5323 γὰρ
2906 5250 3002 5303 καὶ
3030 5246 3199 5302 ταῦτα
3229 5244 3632 5319 ἀναμῳίλεκτον

2048 5343 2141 5396 ἐπὶ
2172 5343 2336 5413 μόνου
2362 5342 2529 5396 αὑτοῦ
2558 5344 2658 5415 τὴν
2690 5342 2915 5397 ἔκϐασιν
2937 5341 3034 5412 τῆς
3064 5336 3400 5412 προφητείας
3420 5336 3633 5406 ἀνεῦιηο·

2047 5452 2173 5504 φεν,
2190 5437 2279 5490 ὅτε
2301 5435 2410 5490 τῶν
2437 5436 2601 5490 αὑτοῦ
2627 5434 2888 5508 μαθητῶν
2906 5437 2988 5498 εἰς
3013 5435 3192 5487 πᾶσαν
3220 5431 3318 5502 τὴν
3345 5432 3451 5502 γῆν
3476 5428 3629 5498 ἐξῆλ-

2021 5529 2138 5589 ,θεν
2169 5532 2198 5582 ό
2232 5528 2488 5599 φθόγγος,
2513 5532 2605 5584 καὶ
2629 5531 2709 5594 εἰς
2737 5529 2807 5584 τὰ
2833 5528 3045 5600 πέρατα
3076 5526 3175 5597 τῆς
3200 5521 3527 5594 οἰκουμένης
3570 5519 3629 5573 τὰ

2049 5623 2271 5695 ῥήματα
2306 5623 2506 5680 αὐτῶν.
2539 5644 2555 5677 >
2591 5622 2897 5696 Διαρρήδην
2943 5620 2999 5675 δέ
3044 5619 3135 5673 τὸν
3165 5617 3404 5690 Χριστὸν
3436 5612 3632 5687 ὀνομά-
