3846 6218
266 286 376 345 509

1194 289 1848 350 DEMONSTRATIONIS
1885 294 2344 352 EVANGELICE
2375 293 2505 352 LIB.
2541 294 2632 352 IV.

3420 297 3532 352 51‘0

266 407 352 469 ζει
384 400 798 474 προαγορεύσας
827 403 854 455 ό
883 402 1059 471 λόγος,
1086 404 1161 468 ὼς
1185 405 1249 461 ἂν
1278 407 1337 473 ἐξ
1363 407 1527 461 αὐτοῦ
1556 407 1836 481 προσώποι

1951 418 2066 465 tum
2096 410 2393 481 prophetiae
2421 419 2581 467 nacta
2624 417 2771 475 sunt,
2803 411 3022 481 quando
3055 411 3202 467 illius
3231 412 3529 486 discipulo-

260 494 534 570 διδάσκων
585 492 746 546 αὑτὸν
794 487 934 546 εἶναι
984 493 1075 546 τὸν
1108 494 1236 550 Υίὸν
1274 496 1369 550 τοῦ
1405 495 1563 564 Θεοῦ,
1603 497 1690 550 διὰ
1731 497 1846 564 τοῦ,

267 604 287 637 ι
320 583 526 656 Κύριος
564 581 685 636 εἷπε
720 583 856 655 πρὸς
889 583 958 656 μέ
980 601 994 615 ·
1028 584 1156 649 Υἱός
1191 603 1291 657 μου
1324 582 1375 640 εἴ
1403 588 1489 651 σὺ,
1525 585 1634 656 ὲγὼ
1680 589 1853 659 σήμε-

260 693 358 749 ρον
391 674 700 746 γεγέννηκά
739 692 799 729 σε
837 692 851 706 ·
893 694 913 728 ι
961 668 1006 744 ᾧ
1050 677 1389 749 παραθήσεις
1426 678 1611 732 καὶτὸ
1640 680 1697 732 ὲν
1731 680 1847 734 Πα-

258 767 509 843 ροιμίαις
541 766 704 822 πάλιν
736 765 796 832 ἐξ
819 766 984 822 αὐτοῦ
1022 767 1313 839 προσώπου
1337 762 1440 823 ὧδέ
1476 789 1592 835 πως
1621 772 1846 843 είρημέ-

257 878 353 916 νον
371 879 385 894 ·
430 878 453 912 ι
480 858 596 933 Πρὸ
619 858 714 913 τοῦ
748 857 849 930 ὄρη
884 857 1231 930 ἑδρασθῆναι;
1265 860 1372 933 πρὸ
1399 860 1456 915 δὲ
1477 860 1694 916 πάντων
1723 862 1846 934 βου-

253 951 369 1005 νῶν
396 952 564 1024 γεννᾷ
596 966 686 1022 με,
714 969 733 1003 ι
765 949 829 1003 τό
855 967 915 1003 τε
946 952 1005 1004 ὲν
1035 949 1331 1023 ρθ¹ψαλμῷ
1352 955 1489 1025 πρὸς
1519 953 1611 1007 τοῦ
1633 954 1848 1027 Πατρὸς

255 1044 410 1117 αὐτῷ
442 1044 976 1117 προσπεφωνημένον
1006 1043 1150 1098 κατά
1178 1044 1259 1113 τὸ,
1283 1062 1302 1097 ι
1347 1046 1440 1099 Ἐκ
1471 1047 1706 1118 γαστρὸς
1738 1047 1845 1120 πρὸ

263 1136 582 1210 Ἑωσφόρου
604 1136 909 1208 γεγέννηκά
933 1154 1012 1190 σε.
1040 1157 1059 1188 ι
1081 1137 1403 1209 Ἐπίστησον
1429 1139 1505 1203 δὲ,
1533 1140 1608 1204 ὡς
1630 1140 1726 1194 ἕνα
1749 1141 1842 1195 καὶ

253 1232 351 1285 τὸν
377 1231 542 1286 αὐτὸν
566 1230 824 1302 ὀνομαστὶ
854 1228 1089 1301 Χριστδν
1119 1227 1256 1300 ὁμοῦ
1302 1229 1397 1283 καὶ
1421 1230 1550 1284 Υίὸν
1583 1231 1718 1285 Θεοῦ
1749 1233 1840 1285 ὑπ’

250 1322 561 1397 ἀνθρώπων
592 1322 1092 1392 ἐπιϐουλευόμενον,
1126 1314 1220 1373 κάι
1254 1320 1455 1394 κλῆρον
1482 1321 1550 1375 τά
1589 1322 1717 1394 ἔθνη
1743 1323 1841 1394 λη-

250 1414 514 1486 ψόμενον,
544 1415 796 1488 περάτων
825 1431 884 1467 τε
906 1413 1013 1485 γῆς
1041 1414 1386 1486 κρατήσοντα
1417 1414 1760 1481 θεσπίζουσιν
1784 1418 1839 1470 αί

250 1507 405 1581 ἱεραὶ
456 1508 691 1580 Γραφαὶ,
728 1497 850 1560 δυσὶ
881 1504 1201 1578 τεκμηρίοις
1248 1506 1347 1576 τὴν
1396 1507 1474 1570 εἰς
1522 1505 1840 1578 ἀνθρώπους

245 1601 568 1672 οἰκονομίαν
610 1600 777 1655 αὐτοῦ
813 1601 1199 1672 σημαίνουσαι,
1232 1598 1328 1653 διά
1357 1615 1417 1652 τε
1446 1598 1546 1670 τῆς
1577 1598 1698 1651 κατ’
1736 1598 1837 1651 αὑ-

245 1691 349 1745 τοῦ
390 1692 661 1762 συσκευῆς
693 1692 791 1746 καὶ
821 1690 911 1745 διὰ
939 1692 1038 1763 τῆς
1067 1692 1159 1744 ὑπ’
1183 1690 1343 1745 αὑτδν
1375 1689 1483 1745 τῶν
1508 1688 1674 1743 ἐθνῶν
1703 1690 1836 1742 ὑπο-

246 1799 451 1854 ταγης.

1956 515 2078 554 rum
2116 519 2134 550 ι
2172 500 2229 554 in
2261 515 2475 555 onmem
2523 507 2725 555 terram
2773 499 2939 555 exivit
2986 514 3178 564 sonus,
3211 508 3265 555 et
3297 502 3353 557 in
3393 502 3528 560 ﬁnes

1954 587 2104 644 orbis
2128 596 2287 644 terra:
2315 589 2476 644 verba
2506 604 2696 645 eorum
2712 589 2780 643 ³⁹.
2807 609 2826 641 ι
2859 587 3024 644 Plane
3041 598 3220 646 autem
3245 590 3526 648 Christum

1953 680 2199 734 nominat
2243 694 2363 750 quae
2402 680 2676 735 antecedit
2727 680 2921 744 oratio,
2956 687 3219 751 tanquam
3253 696 3322 736 ex
3354 682 3527 752 ipsius

1951 786 2187 841 persona
2240 771 2465 836 docens,
2500 773 2653 827 illum
2705 787 2827 828 esse
2874 771 3073 826 Filium
3114 770 3232 836 Dei,
3268 772 3362 827 ubi
3399 773 3522 828 aite

1957 881 1977 915 ι
2015 861 2277 918 Dominus
2308 861 2447 917 dixit
2471 861 2539 917 ad
2576 878 2695 918 me:
2728 862 2899 919 Filius
2926 878 3081 918 meus
3102 878 3162 918 es
3192 871 3271 929 tu,
3299 878 3399 935 ego
3428 863 3526 919 ho-

1950 954 2038 1010 die
2083 955 2244 1025 genui
2274 961 2360 1020 te;
2406 973 2425 1007 ι
2476 955 2565 1010 cui
2608 955 2874 1026 adjunges
2919 955 3084 1011 etiam
3119 955 3254 1010 illud
3290 954 3440 1027 quod
3468 957 3525 1011 in

1949 1046 2319 1104 Proverbiis“
2348 1062 2415 1103 ex
2463 1062 2694 1119 persona
2730 1047 2976 1117 ejusdem
3030 1046 3296 1118 prolatum
3329 1057 3413 1102 est
3455 1049 3524 1102 ad

1946 1140 2097 1196 hunc
2141 1140 2362 1195 modum
2397 1155 2456 1195 se
2494 1140 2745 1196 habens:
2785 1159 2804 1191 ι
2842 1141 3146 1210 Antequam
3175 1147 3390 1195 montes
3431 1144 3525 1194 llr-

1946 1244 2246 1296 marentur.
2262 1242 2317 1290 et
2349 1243 2474 1289 ante
2505 1249 2699 1290 omnes
2726 1233 2897 1289 colles
2925 1234 3096 1305 gignit
3125 1250 3231 1301 me,
3258 1253 3276 1285 ι
3303 1245 3356 1288 et
3375 1232 3524 1305 quod

1946 1323 2003 1378 in
2022 1338 2110 1379 cur
2128 1323 2171 1356 “
2217 1325 2428 1394 psalmo
2458 1338 2490 1377 a
2528 1321 2688 1378 Patre
2717 1324 2785 1378 ad
2819 1323 2971 1379 illum
3003 1325 3208 1380 dictum
3267 1330 3372 1389 est,
3420 1324 3525 1381 hoc

1946 1414 2112 1469 modo
2137 1430 2150 1465 :
2181 1433 2199 1466 ι
2226 1413 2305 1469 Ex
2338 1423 2496 1468 utero
2524 1421 2648 1469 ante
2671 1413 2982 1470 Luciferum
3011 1415 3169 1486 genui
3195 1423 3265 1470 te.
3305 1434 3324 1467 ι
3362 1411 3525 1486 ιζεᾷ

1948 1504 2057 1562 Sed
2097 1504 2336 1572 attende,
2372 1504 2831 1576 quemadmodum
2862 1522 3030 1561 unum
3063 1516 3118 1562 et
3143 1506 3394 1562 eumdem
3424 1520 3524 1558 no-

1944 1597 2192 1652 minatim
2228 1597 2508 1654 Christum
2539 1595 2703 1651 simul
2731 1605 2785 1652 et
2814 1596 3012 1652 Filium
3048 1597 3162 1663 Dei,
3191 1598 3283 1668 qui
3321 1597 3391 1651 ab
3424 1596 3523 1649 ho-

1943 1689 2185 1746 minibus
2214 1691 2284 1745 sit
2305 1688 2840 1755 circumveniendus,
2856 1696 2910 1743 et
2931 1697 3133 1745 sortem
3157 1696 3344 1761 gentes
3367 1702 3523 1742 acce-

1944 1786 2160 1849 pturus,
2189 1787 2243 1834 et
2293 1778 2428 1835 ﬁnes
2480 1787 2640 1834 terrae
2684 1793 3067 1849 possessurus,
3120 1793 3290 1834 sacra:
3330 1778 3524 1832 littera:

247 1877 500 1933 futurum
537 1883 758 1941 canant,
786 1876 998 1932 duobus
1030 1876 1202 1948 signis
1230 1876 1379 1933 illius
1438 1877 1583 1932 inter
1613 1874 1862 1930 homines
1926 1872 2393 1944 dispensationem
2436 1872 2827 1943 signiﬁcantes,
2887 1883 2942 1926 et
2982 1871 3387 1942 conspiratione
3424 1868 3537 1924 ad-I

244 1984 448 2025 versus
508 1969 660 2024 illum
711 1968 894 2023 futura
919 1974 973 2024 et
998 1969 1239 2039 gentium
1278 1970 1382 2026 sub
1413 1970 1663 2026 eumdem
1698 1968 2058 2039 subjectione.

251 2085 512 2156 Ψαλμοῦ
544 2089 633 2141 ιθν.
658 2116 731 2159 —-_
754 2086 1007 2159 Χριστὸς
1032 2089 1320 2158 ὀνομαστὶ
1345 2088 1466 2142 τῶν
1495 2088 1833 2159 αἰτημάτων

1941 2085 2217 2156 dpsalmo
2248 2101 2362 2140 xxx.
2410 2118 2480 2159 ——_
2526 2084 2768 2159 Christus
2821 2084 3148 2159 nominatim.
3192 2098 3515 2155 quwcunque

586 2155 745 2225 παρὰ
778 2156 883 2211 τοῦ
911 2155 1149 2226 Πατρός(
1166 2159 1498 2229 τυγχάνων.

328 2267 345 2298 ι
376 2245 670 2319 Πληρώσαι
703 2246 908 2320 Κύριος
940 2248 1119 2303 πάντα
1156 2250 1224 2304 τὰ
1250 2250 1527 2321 αἰτήματά
1558 2268 1651 2303 σου
1688 2267 1702 2280 ·
1738 2249 1831 2304 νῦν

241 2338 445 2406 ἔγνων,
477 2339 559 2391 δτι
610 2338 783 2392 ἔσωσε
818 2339 1021 2412 Κύριος
1062 2341 1153 2396 τὸν
1200 2342 1436 2414 Χριστὸν
1467 2340 1654 2409 αὑτοῦ,
1694 2344 1832 2396 ἑπα-

244 2430 510 2485 κούσεται
545 2429 711 2485 αὐτοῦ
743 2429 802 2497 ἐξ
834 2431 1062 2503 οὐρανοῦ
1088 2432 1242 2501 ἁγίου
1274 2432 1498 2490 αὐτοῦ.»
1519 2433 1673 2486 Ἐπεὶ
1704 2432 1837 2504 πρό-

186 2594 207 2607 ἰ
243 2541 433 2579 κειται
471 2523 567 2578 νῦν
599 2525 952 2597 παραστῆσαι
977 2525 1045 2578 δι’
1068 2525 1209 2581 ὅσων
1243 2526 1500 2599 ὀνομαστὶ
1532 2527 1561 2580 ὁ
1601 2525 1837 2599 Χριστὸς

241 2620 307 2672 ὲν
340 2621 462 2682 ταῖς
489 2616 847 2692 προφητείαις
882 2619 1264 2693 ἀνηγόρευται,
1298 2622 1523 2686 εἰκότως
1554 2620 1838 2675 καὶταῦτα

243 2710 622 2783 παρατίθεμαι
645 2709 891 2783 ἐναργῶς
919 2713 1259 2784 κηρύττοντα
1296 2713 1389 2767 τὸν
1413 2713 1840 2786 Χριστόν.”ολος

238 2804 304 2858 δὲ
338 2807 369 2859 ὁ
396 2805 615 2877 ψαλμδς
654 2807 720 2861 ὲκ
767 2806 1060 2880 προσώπου
1102 2806 1211 2861 τῶν
1238 2807 1409 2877 ἁγίων
1440 2807 1651 2880 ἀνδρῶν
1675 2809 1839 2880 εὐχὴν

246 2899 569 2970 ἀναπέμπει
593 2900 674 2963 είς
695 2899 755 2954 τὸ
771 2899 866 2954 τοῦ
889 2900 1128 2973 Χριστοῦ
1156 2900 1466 2974 πρόσωπον.
1485 2901 1704 2975 Ἐπειδὴ
1728 2903 1838 2976 γάρ

244 2987 316 3042 δι’
339 2991 488 3061 ἡμᾶς
508 2989 605 3043 καὶ
635 2990 776 3060 ὑπὲρ
802 2989 962 3062 ἡμῶν
983 2992 1166 3045 πᾶσαν
1185 2992 1471 3058 ἀνεδέξατο
1503 2992 1660 3066 ὓϐριν
1684 2995 1841 3048 ἐναν-

244 3077 573 3150 θρωπήσας,
602 3078 885 3151 εὐχομένω
922 3080 1071 3152 αὐτῷ
1100 3082 1194 3135 καὶ
1236 3082 1475 3154 δεομένῳ
1496 3084 1597 3138 τοῦ
1626 3086 1842 3157 Πατρὸς

245 3169 394 3243 ὑπὲρ
409 3171 569 3244 ήμῶν
591 3173 952 3246 διδασκόμεθα
980 3175 1352 3246 συνεύχεσθαι,
1375 3171 1464 3231 οἷα
1483 3177 1548 3248 δὴ
1569 3178 1697 3242 τοὺς
1718 3169 1841 3233 καθ’

245 3264 410 3336 ήμῶν
463 3264 753 3337 πολέμους,
788 3265 898 3320 εἴτε
954 3268 1186 3339 όρατοὺς
1239 3268 1351 3322 εἴτε
1396 3271 1493 3323 καί¹
1549 3270 1837 3343 ἀοράτους,

240 3356 599 3428 ἀμυνομένῳ.
647 3357 737 3411 Διὸ
791 3358 885 3412 καί
930 3376 1109 3431 φαμεν
1153 3362 1314 3432 ἡμεῖς
1350 3361 1487 3434 πρὸς
1531 3361 1693 3416 αὐτὸν
1734 3360 1842 3417 ἀπὸ

2294 2157 2523 2222 postulet
2555 2174 2588 2210 a
2628 2156 2796 2210 Patre
2830 2157 3137 2225 impetrans.

2011 2265 2029 2298 ι
2059 2246 2288 2318 Impleat
2323 2245 2590 2302 Dominus
2616 2262 2807 2303 omnes
2838 2247 3130 2318 petitiones
3162 2252 3286 2302 tuas
3321 2264 3335 2302 :
3370 2261 3520 2301 nunc

1934 2338 2165 2409 cognovi
2186 2339 2339 2410 quod
2361 2340 2572 2395 salvum
2596 2338 2723 2394 fecit
2745 2337 3009 2394 Dominus
3029 2337 3311 2394 Christum
3332 2353 3516 2400 suum,

1934 2430 2379 2486 exaudiet‘illum
2433 2432 2501 2487 de
2547 2433 2689 2486 coelo
2731 2438 2923 2485 sancto
2983 2431 3159 2507 suo“.
3195 2450 3213 2483 ι
3248 2429 3521 2497 Quoniam

1936 2538 2085 2578 nunc
2128 2523 2473 2593 prepositum
2504 2530 2589 2579 est
2631 2523 3010 2579 demonstrare
3036 2522 3092 2577 in
3137 2537 3300 2593 quam
3332 2521 3520 2577 multis

1936 2614 2076 2671 locis
2098 2615 2419 2670 nominatim
2443 2614 2696 2671 Christus
2718 2615 2863 2686 apud
2900 2614 3193 2686 prophetas
3219 2615 3291 2669 sit
3312 2613 3516 2679 dictus,

1939 2707 2137 2762 merito
2178 2707 2468 2778 adjungam
2492 2707 2607 2762 haec
2639 2722 2858 2778 quoque
2889 2708 2946 2763 in
2970 2707 3169 2778 quibus
3198 2705 3522 2778 planissime

1938 2794 2193 2852 Christus
2234 2797 2540 2857 nuntiatur.
2560 2795 2827 2851 Caeterum
2852 2804 3002 2853 totus
3035 2797 3279 2866 psalmus
3301 2811 3366 2851 ex
3396 2808 3531 2866 pere

1942 2904 2079 2944 sona
2122 2895 2440 2945 sanctorum
2484 2889 2730 2944 virorum
2761 2904 2952 2961 preces
2983 2890 3183 2945 emittit
3237 2890 3292 2944 in
3344 2888 3523 2959 ipsius

1941 2982 2148 3039 Christi
2209 2997 2519 3054 personam.
2574 2982 2713 3036 Cum
2757 2982 2905 3038 enim
2940 2990 3159 3053 propter
3190 2996 3288 3038 nos
3326 2989 3380 3035 et
3418 2994 3519 3051 pro

1942 3075 2101 3132 nobis
2147 3073 2325 3130 factus
2384 3074 2566 3135 homo,
2597 3087 2788 3128 omnes
2821 3072 3094 3143 acceperit
3134 3071 3521 3137 contumelias,

1943 3184 2053 3223 una
2083 3183 2208 3223 cum
2232 3167 2325 3222 illo
2345 3166 2689 3237 supplicante
2706 3174 2758 3221 et
2775 3163 2990 3220 Patrem
3016 3180 3113 3235 pro
3143 3164 3302 3220 nobis
3326 3164 3521 3233 depre-

1944 3266 2124 3326 cante,
2162 3259 2268 3330 ipsi
2318 3274 2537 3330 quoque
2570 3257 2834 3314 docemur
2872 3271 3052 3322 orare,
3098 3264 3356 3326 tanquam
3393 3269 3518 3310 eum

1944 3367 2011 3408 eo
2058 3352 2153 3423 qui
2204 3351 2347 3406 bella
2391 3350 2684 3406 adversum
2718 3364 2842 3413 nos,
2874 3349 2990 3405 sive
3019 3348 3255 3404 visibilia
3286 3347 3377 3401 illa
3409 3347 3521 3402 sint

247 3450 351 3503 τοῦ
367 3448 586 3521 ψαλμοῦ
616 3449 787 3514 οὕτως
799 3451 1010 3521 ἔχοντα’
1034 3471 1052 3503 ι
1087 3452 1417 3507 Ἐπακούσαι
1444 3471 1535 3507 σου
1563 3453 1764 3526 Κύριος
1784 3454 1836 3507 ὲν

1947 3445 2063 3501 sive
2109 3445 2273 3499 etiam
2317 3443 2639 3511 invisibilia,
2677 3443 2978 3515 propulset.
3015 3441 3197 3510 Quare
3228 3458 3259 3496 a
3308 3442 3520 3513 psalmo

244 3542 437 3613 ήμέρᾳ
470 3540 729 3611 θλίψεως·
764 3542 1138 3614 ὑπερασπίσαι
1163 3561 1256 3597 σου
1282 3544 1342 3598 τὸ
1370 3544 1540 3617 ὄνομα
1570 3545 1663 3600 τοῦ
1696 3543 1832 3600 Θεοῦ

257 3633 486 3688 Ἰακώϐ·
524 3633 904 3701 ἐξαποστείλαι
937 3654 1020 3691 σοι
1055 3636 1305 3709 βοήθειαν
1336 3635 1395 3703 ἐξ
1440 3636 1618 3706 ἁγίου,
1648 3637 1743 3691 καὶ
1769 3638 1835 3691 ὲκ

244 3723 390 3779 Σιιῖυν
413 3725 749 3781 ἀντιλάϐοιτό
782 3730 942 3783 σου.)
991 3724 1105 3782 Εἶτ’
1133 3729 1432 3801 ἐπειδήπερ
1466 3729 1614 3782 ἐστὶν
1638 3730 1833 3782 οἰκεῖον

244 3818 421 3890 αὐτῷ,
458 3819 552 3874 ἆτε
588 3820 808 3892 μεγάλῳ
839 3820 953 3875 ὄντι
979 3823 1244 3893 ἀρχιερεῖ,
1276 3823 1378 3886 τάς
1412 3826 1471 3876 ὲν
1508 3822 1833 3891 δοξολογίαις

243 3912 346 3964 καὶ
388 3910 690 3983 θεολογίαις
720 3915 1093 3985 πνευματικὰς
1128 3915 1440 3987 ἱερουργίας
1488 3915 1628 3988 ὑπὲρ
1676 3914 1834 3986 ἡμῶν

240 4006 510 4071 ἐκτελεῖν,
541 4008 638 4062 καὶ
672 4009 973 4082 ἐπειδήπερ
1003 4002 1092 4063 οἷά
1117 4027 1179 4063 τε
1215 4011 1392 4081 ἱερεὺς
1419 4009 1585 4074 αὑτός
1608 4026 1668 4062 τε
1699 4010 1830 4062 ἑαυ-

241 4094 344 4150 τὸν
369 4097 463 4149 καὶ
488 4096 549 4151 ὃν
576 4097 865 4169 ἀνείληφεν
890 4099 999 4153 ἀπὸ
1026 4101 1129 4170 γῆς
1162 4099 1467 4173 ἄνθρωπον,
1505 4101 1643 4172 ὑπὲρ
1674 4098 1832 4171 ἡμῶν

238 4184 610 4258 ὁλοκαύτωμα
642 4190 1056 4261 προσανήνεγκε
1100 4189 1181 4261 τῷ
1224 4189 1344 4262 Θεῷ
1378 4191 1473 4244 καὶ
1506 4189 1711 4262 Πατρίο
1743 4189 1832 4244 διά

237 4276 410 4334 τοῦτό
439 4294 619 4350 φαμεν
655 4278 836 4350 αὐτῷ’
869 4300 887 4333 ι
923 4283 1202 4355 Μνησθείη
1253 4285 1432 4355 πάσης
1478 4283 1668 4348 θυσίας
1713 4301 1828 4351 σου,

240 4369 346 4423 καὶ
370 4370 434 4422 τὸ
464 4369 827 4443 όλοκαύτωμά
867 4390 962 4427 σου
1004 4375 1270 4429 πιανάτω.
1305 4396 1323 4429 ι
1360 4377 1469 4431 Καὶ
1498 4378 1620 4431 ἐπεὶ
1652 4377 1832 4431 πάντα

239 4462 351 4517 ὅσα
384 4461 718 4532 βουλεύεται,
755 4466 999 4538 σωτήριά
1050 4468 1165 4521 ἐστι
1216 4469 1313 4523 καὶ
1364 4470 1618 4541 ὠφέλιμα
1662 4472 1720 4524 ὲν
1753 4469 1831 4541 τῷ

238 4549 461 4622 κόσμῳ,
497 4551 722 4616 εἰκότως
753 4553 1134 4627 ὲπιφωνοῦμεν
1179 4557 1348 4629 αὐτῷ,
1381 4578 1401 4611 ι
1428 4558 1550 4630 Δῴη
1596 4577 1677 4613 σοι
1718 4560 1832 4613 Κύ-

245 4659 365 4714 ριος
394 4642 541 4697 κατὰ
564 4644 664 4715 τὴν
696 4645 925 4716 καρδίαν
956 4663 1071 4714 σου,
1106 4668 1125 4700 ι
1163 4650 1431 4719 λέγοντες,
1474 4671 1492 4705 ι
1523 4654 1617 4707 καὶ
1652 4655 1831 4709 πᾶσαν

240 4734 349 4805 τὴν
384 4731 579 4806 βουλήν
611 4753 705 4789 σου
738 4735 1045 4810 πληρώσαι.
1074 4761 1092 4791 ι
1128 4736 1221 4805 Οἷς
1246 4742 1374 4812 ἑξῆς
1400 4743 1500 4813 τὴν
1531 4746 1597 4799 ὲκ
1622 4745 1831 4816 νεκρῶν

234 4821 547 4877 ἀνάστασιν
576 4824 742 4879 αὑτοῦ
766 4826 1173 4898 ὁμολογοῦντες,
1208 4832 1386 4903 φαμέν
1405 4851 1417 4862 ·
1439 4812 1466 4883 ιν
1482 4812 1828 4903 Ἀγαλλιασό-
1863 4812 1908 4869 D

246 4913 396 4986 μεθα
426 4916 486 4969 ἐν
518 4915 596 4987 τῷ
644 4920 896 4992 σωτηρίῳ
927 4938 1041 4975 σου.
1078 4942 1096 4973 ι
1127 4924 1398 4996 Σωτήριον
1426 4924 1533 4998 γάρ
1564 4925 1658 4980 τοῦ
1691 4928 1827 4999 Χρι-

244 5004 380 5063 στοῦ
405 5006 460 5059 τί
492 5006 560 5060 ἂν
586 5006 774 5080 ἕτερον
800 5012 973 5065 νοοῖτο
1000 5014 1048 5065 εί
1086 5013 1158 5085 μὴ
1185 5016 1218 5084 ή
1252 5016 1319 5067 ὲκ
1354 5015 1565 5086 νεκρῶν
1593 5015 1831 5072 ἀνάστα-

245 5114 337 5170 σις
368 5098 559 5166 αὐτοῦ,
588 5099 656 5153 δι’
682 5096 751 5173 ἧς
795 5103 891 5157 καὶ
935 5104 1145 5169 πάντας
1170 5106 1297 5170 τοὺς
1322 5108 1450 5179 πρὶν
1477 5110 1830 5164 ἐκπεπτωκό-

241 5203 351 5251 τας
376 5187 692 5259 ἀνίστησινς
716 5189 880 5247 Ὅθεν
909 5193 1118 5265 φαμέν·
1164 5215 1182 5248 ι
1210 5196 1321 5275 καὶ
1364 5198 1422 5250 ὲν
1443 5199 1668 5270 ὀνόματι
1694 5199 1830 5254 Θεοῦ

243 5277 410 5351 ⁴ἡμῶν
441 5280 993 5356 μεγαλυνθησόμεθα·
1027 5288 1121 5341 καὶ
1149 5288 1432 5361 πληρώσαι
1461 5290 1665 5364 Κύριος
1693 5292 1831 5347 πάν-

242 5388 320 5427 τα
347 5371 427 5429 τὰ.
446 5373 724 5444 αἰτήματά
756 5393 870 5434 σου.
904 5398 922 5430 ι
943 5379 1066 5433 Ἐπὶ
1086 5383 1218 5435 πᾶσι
1235 5383 1446 5447 τούτοις
1471 5384 1833 5456 διδασκόμεθα

247 5465 433 5534 λέγειν
480 5464 565 5530 τὸ,
607 5485 626 5519 ι
656 5467 771 5524 Νῦν
814 5470 1004 5541 ἔγνων,
1033 5475 1114 5528 ὃτι
1143 5474 1314 5530 ἔσωσε
1349 5476 1552 5550 Κύριος
1577 5478 1668 5532 τὸν
1697 5480 1833 5550 Χρι-

1933 3538 2101 3595 verba
2131 3537 2226 3592 illa
2254 3537 2585 3609 accipientes
2613 3536 2678 3592 ad
2711 3537 2865 3591 illum
2909 3536 3092 3591 dicere
3120 3535 3380 3598 solemus,
3400 3549 3521 3604 quae

1936 3632 2016 3688 sic
2051 3630 2254 3686 habent
2289 3647 2304 3685 :
2342 3648 2362 3681 ι
2407 3627 2678 3685 Exaudiat
2713 3635 2766 3683 te
2813 3625 3074 3682 Dominus
3098 3625 3153 3679 in
3180 3624 3267 3680 die
3292 3623 3522 3678 tribula—

1934 3724 2103 3780 tionis
2136 3733 2264 3779 tum.
2296 3722 2556 3794 Protegat
2614 3731 2668 3776 te
2709 3734 2909 3775 nomen
2963 3717 3059 3774 Dei
3100 3716 3311 3772 Jacob:
3340 3704 3526 3770 mittat

1934 3818 2035 3873 tibi
2067 3816 2331 3871 auxilium
2364 3815 2433 3870 de
2463 3822 2676 3879 sancto,
2704 3823 2759 3868 et
2791 3813 2857 3867 de
2876 3810 3009 3866 Sion
3035 3809 3299 3880 suscipiat
3327 3817 3380 3863 te
3397 3807 3464 3860 ⁸³.
3493 3825 3513 3859 ι

1932 3907 2138 3965 Deinde
2178 3907 2438 3979 quoniam
2472 3906 2551 3961 illi
2581 3906 2864 3977 proprium
2910 3913 3016 3970 est,
3046 3912 3305 3975 tanquam
3335 3903 3385 3957 ei
3421 3902 3517 3973 qui

1933 4016 2165 4074 magnus
2190 4001 2262 4058 sit
2289 4000 2556 4072 pontifex,
2595 4000 2905 4071 spiritualia
2944 3999 2999 4053 in
3031 3996 3520 4069 gloriﬁcationibus

1935 4109 1999 4149 ac
2020 4092 2504 4165 praedicationibus
2525 4092 2594 4148 de
2622 4091 2755 4157 Deo,
2775 4091 3045 4148 sacriﬁcia
3074 4105 3174 4162 pro
3206 4090 3366 4145 nobis
3386 4104 3520 4144 con-

1934 4185 2116 4253 ﬁcere,
2144 4185 2516 4257 quoniamque
2548 4195 2606 4241 ut
2634 4184 2895 4241 sacerdos
2916 4190 2970 4239 et
2996 4184 3349 4253 semetipsum
3375 4182 3516 4253 ipse,

1932 4285 1987 4334 et
2017 4293 2181 4348 quem
2240 4276 2543 4349 assumpsit
2594 4277 2663 4332 de
2714 4283 2862 4332 terra
2894 4276 3192 4339 hominem,
3228 4291 3327 4346 pro
3357 4275 3521 4332 nobis

1932 4371 2234 4443 perfectum
2262 4378 2427 4442 atque
2459 4371 2731 4441 integrum
2775 4367 3105 4425 sacriﬁcium
3133 4366 3245 4424 Deo
3277 4374 3332 4423 et
3367 4366 3517 4422 Patri

1932 4464 2149 4534 obtulit,
2208 4463 2418 4519 idcirco
2477 4463 2544 4518 ad
2600 4464 2752 4518 ἱιιιιιιι
2814 4462 3049 4518 dicimus
3093 4481 3106 4517 :
3153 4480 3172 4514 ι
3212 4461 3418 4517 Memor
3446 4463 3520 4518 sit

1933 4556 2112 4613 omnis
2148 4555 2406 4613 sacriﬁcii
2456 4556 2558 4621 tui,
2588 4564 2641 4611 et
2687 4555 3069 4610 holocaustum
3107 4562 3261 4608 tuum
3316 4553 3519 4624 pingue

1933 4647 2181 4705 faciat“.
2230 4668 2249 4702 ι
2297 4648 2364 4703 Ει
2422 4649 2552 4719 quia
2599 4647 2785 4702 omnia
2832 4662 3173 4718 quaecunque
3227 4646 3516 4707 deliberat,

1934 4741 2197 4797 salutaria
2239 4747 2367 4795 sunt
2400 4747 2565 4810 atque
2600 4738 2757 4793 utilia
2802 4737 3027 4802 mundo,
3059 4737 3183 4809 jure
3226 4744 3281 4793 et
3321 4737 3520 4791 merito

1936 4834 2019 4891 sic
2046 4833 2198 4887 illum
2246 4831 2578 4902 alloquimur
2612 4850 2624 4886 :
2661 4848 2680 4882 ι
2728 4829 2961 4885 Tribuat
3001 4830 3100 4886 tibi
3136 4829 3403 4886 Dominus
3433 4845 3520 4884 se-

1935 4925 2176 4980 cundum
2237 4938 2334 4978 cor
2386 4931 2563 4990 tuum,
2602 4931 2658 4979 et
2711 4939 2875 4980 omne
2895 4923 3188 4980 consilium
3232 4930 3385 4978 tuum
3415 4922 3519 4977 im-

1937 5017 2162 5089 pleat“.
2207 5036 2227 5069 ι
2270 5015 2353 5071 Ad
2390 5017 2504 5071 haec
2550 5016 2810 5088 deinceps
2838 5018 2960 5087 ejus
2989 5032 3019 5070 a
3056 5021 3232 5070 morte
3282 5015 3518 5071 reditum

1937 5107 2006 5162 ad
2048 5109 2217 5163 vitam
2248 5107 2595 5171 conlitentes,
2628 5107 2865 5164 dicimus
2899 5126 2912 5162 :
2950 5126 2969 5160 ι
3007 5106 3418 5163 Exsultabimus
3463 5105 3518 5160 in

1937 5205 2167 5261 salutari
2196 5215 2289 5260 tuo
2308 5204 2373 5261 “.
2410 5223 2427 5257 ι
2459 5203 2671 5260 Etenim
2716 5202 2924 5258 Christi
2954 5201 3196 5258 salutare
3236 5199 3516 5270 quodnam

1938 5295 2088 5351 aliud
2136 5295 2472 5365 intelligatur
2530 5296 2769 5360 tandem,
2808 5292 2914 5350 nisi
2948 5293 3096 5349 illius
3123 5308 3156 5347 a
3191 5291 3426 5348 mortuis
3451 5291 3518 5345 ad

1937 5387 2093 5443 vivos
2138 5387 2357 5453 reditio,
2388 5387 2547 5458 185
2578 5402 2675 5458 per.
2706 5401 2870 5457 quam
2918 5401 3112 5442 omnes
3155 5383 3249 5457 qui
3311 5381 3518 5440 cecide-

1940 5487 2066 5534 rant
2093 5479 2148 5534 in
2188 5478 2489 5557 pristinum
2534 5485 2739 5535 statum
2779 5475 3054 5533 restituit?
3080 5491 3148 5532 ex
3196 5490 3309 5547 quo
3352 5475 3518 5531 etiam

323 5645 536 5728 ffPsal.
593 5669 747 5721 mu,
792 5655 843 5709 5.
920 5653 1285 5725 “Pronum,
1342 5656 1430 5713 25.
1510 5658 1720 5716 “vers.
1767 5659 1821 5715 '5.

1941 5656 2327 5728 "Psal.x1x,7.
2404 5657 2448 5690 ⁸³
2473 5655 2604 5712 ibid.
2641 5654 2697 5724 Ξ,
2723 5656 2774 5711 5.
2852 5653 2902 5688 “
2922 5654 3052 5711 ibid.
3090 5652 3142 5710 4.
3222 5651 3270 5685 ⁵⁵
3293 5649 3424 5708 ibid.
3460 5648 3514 5705 δ.

249 5715 298 5749 ⁸⁸
326 5716 458 5772 ibid.
499 5718 551 5773 ὑ.
