3846 6218
162 307 270 365 313

1085 301 1739 362 DEMONSTRATIONIS
1779 301 2237 361 EVANGELICE
2275 301 2403 358 LIB.
2435 299 2522 358 IV.

3305 301 3419 357 3H

163 418 314 492 κρῶν
355 417 708 480 ἀναστάσεως
761 413 947 478 αὐτοῦ,
1004 415 1218 486 ἥντινα,
1281 416 1410 488 μίαν
1461 410 1625 471 οὖσαν
1651 418 1730 471 καί

1847 416 2203 488 contemplari
2231 435 2244 470 :
2273 428 2441 486 porro
2467 412 2559 468 hic
2593 411 2697 468 fuit
2734 427 2860 468 cum
2890 427 2920 468 a
2951 420 3129 469 morte
3154 413 3222 468 ad
3249 415 3416 470 vitam

165 511 336 586 μόνην
365 511 442 574 ὡς
468 509 682 581 ἀληθῶς
711 509 902 580 κυρίαν
923 503 1088 562 οὖσαν
1111 508 1202 561 καὶ
1228 509 1531 581 Κυριακὴν,
1561 511 1742 581 κρείτ-

160 625 292 661 τονα
319 602 457 659 εἷναί
480 621 612 675 φασι
644 603 852 676 μυρίων
871 604 1012 657 ὅσων
1047 602 1155 656 τῶν
1175 603 1496 674 κοινοτέρως
1517 620 1638 656 νοου
1647 603 1741 674 μέ-

162 715 270 751 νων
300 695 548 766 ἡμερῶν,
582 694 616 765 ἦ
657 693 766 746 τῶν
805 692 958 765 παρὰ
1014 694 1205 748 Μωσεῖ
1236 692 1741 764 νενομοθετημένων

165 789 224 838 ἐν
257 787 476 857 ἑορταῖς
517 784 614 838 καὶ
665 783 982 854 νουμηνίαις
1016 783 1112 836 καὶ
1146 782 1455 849 σαὸὃάτοις,
1487 780 1554 845 ἃς
1583 781 1740 836 σκιάν

159 875 306 932 εἶναι
329 876 572 950 ἡμερῶν,
605 875 719 930 ἀλλ’
743 877 842 947 οὐχ
893 875 1104 948 ἡμέρας
1123 876 1152 930 ὁ
1174 875 1317 938 θεῖος
1343 873 1639 938 ἀπόστολος
1661 875 1740 928 δι-

158 965 372 1021 δάσκει.
416 966 569 1036 Μόνη
603 963 812 1036 δέαῦτη
845 967 879 1037 ἡ
922 966 1020 1037 μία
1070 965 1326 1037 Κυριακὴ
1365 964 1460 1018 τοῦ
1490 965 1740 1036 Σωτῆρος

159 1059 317 1129 ἡμῶν
360 1057 541 1129 ἡμέρα
574 1058 673 1111 ούκ
703 1058 762 1112 ἐν
809 1059 972 1111 παντὶ
1013 1058 1166 1130 τόπῳ
1209 1055 1482 1129 φωτίζειν,
1527 1056 1640 1110 ἀλλ’
1682 1058 1740 1110 ἐν

162 1152 357 1220 μόναις
389 1151 508 1213 ταῖς
556 1149 747 1212 αὐλαῖς
786 1149 880 1202 τοῦ
914 1149 1120 1221 Κυρίου
1158 1149 1425 1202 λέλεκται.
1452 1145 1576 1202 Εἶεν
1599 1148 1644 1202 δ’
1673 1147 1740 1202 ἂν

157 1235 320 1296 αὗται
364 1243 422 1296 αἱ
471 1240 615 1295 κατὰ
645 1243 824 1296 πᾶσαν
855 1241 952 1314 τὴν
997 1243 1324 1314 οἰκουμένην
1366 1241 1460 1295 τοῦ
1503 1239 1738 1313 Χριστοῦ

168 1335 511 1406 Ἐκκλησίαι,
538 1335 657 1398 ἐνὸς
682 1333 774 1388 τοῦ
802 1335 936 1388 Θεοῦ
957 1335 1320 1406 τυγχάνουσαι
1351 1335 1534 1399 αὐλαὶ,
1566 1336 1624 1387 ἐν
1652 1328 1742 1394 αἷς

156 1427 352 1496 ἀγαπᾷ
394 1425 490 1478 καὶ
538 1427 772 1497 αἱρεῖται
821 1427 1320 1500 παραρῤιπτείσθαι
1358 1429 1386 1480 ὁ
1419 1426 1488 1480 τά
1517 1425 1740 1479 τοιαῦτα

156 1515 335 1580 εἰδὼς,
359 1517 510 1589 παρά
537 1517 670 1571 πολὺ
694 1518 980 1589 κρείττονα
1005 1519 1103 1591 τὴν
1133 1521 1192 1572 ἐν
1204 1519 1428 1582 ταύταις
1454 1518 1739 1590 διατριϐὴν

154 1609 582 1681 ἀποφηνάμενος
622 1608 722 1680 τῆς
757 1611 815 1662 ἐν
843 1612 956 1674 τοῖς
991 1609 1311 1682 σκηνώμασι
1337 1609 1446 1662 τῶν
1474 1610 1739 1680 ἁμαρτω-

150 1701 262 1755 λῶν
287 1717 303 1732 ο
336 1702 618 1772 σημαίνων
667 1700 768 1764 τὰς
819 1701 929 1754 τῶν
992 1701 1259 1755 Ἰουδαίων
1299 1702 1622 1770 συναγωγάς
1646 1702 1738 1755 τὸν

151 1793 394 1865 Χριστὸν
417 1793 510 1847 τοῦ
543 1793 679 1847 Θεοῦ
707 1793 1065 1865 ἁρνουμένας,
1092 1793 1125 1862 ἦ
1171 1794 1268 1848 καὶ
1299 1793 1398 1857 τάς
1429 1793 1536 1880 τῶν
1560 1794 1735 1849 ἀθέων
1763 1821 1811 1880 Β

149 1884 500 1956 ἑτεροδόξων,
525 1885 621 1939 καὶ
657 1884 762 1937 τῶν
788 1884 964 1938 ἄλλων
1003 1884 1244 1938 ἀπίστων
1271 1884 1462 1948 ἐθνῶν,
1490 1877 1566 1938 ὧν
1601 1884 1735 1938 πολὺ

151 1975 400 2044 βελτίους
416 1972 552 2028 εἶναι
575 1975 672 2038 τὰς
706 1975 901 2046 Ἐκκλη
911 1975 1027 2040 σίας
1047 1974 1140 2030 τοῦ
1162 1975 1398 2046 Χριστοῦ
1420 1978 1527 2040 πᾶς
1555 1977 1584 2030 ό
1608 1977 1738 2032 ταύ-

147 2083 250 2128 τας
277 2066 603 2137 αἱρούμενος
631 2065 1008 2134 ἀποφαίνεται.

153 2257 427 2332 ΨαιλμσοῦΔ
443 2265 630 2332 πηξμ-
652 2260 908 2328 Χριστὸς
931 2260 1221 2330 ὀνομαστὶ
1240 2261 1733 2332 ἐξουθενημένος,

216 2329 319 2402 καὶ
367 2328 442 2402 ζά
479 2330 772 2402 αἴσχιστα
810 2328 1187 2402 πεισόμενος,
1235 2328 1627 2402 ἀντάλλαγμά
1671 2328 1736 2386 τε

218 2399 414 2452 αὐτοῦ
453 2400 605 2467 λαὸς
651 2401 837 2455 αὐτοῦ
866 2401 983 2454 ὑπὸ
1022 2401 1141 2454 τῶν
1175 2401 1407 2472 ἐχθρῶν
1454 2399 1728 2463 ὀνειδιζό-

209 2485 427 2539 μενος.

220 2601 241 2634 ι
285 2584 360 2636 Σὺ
413 2582 471 2635 δὲ
523 2581 730 2637 ἀπώσω
769 2583 864 2637 καὶ
911 2583 1289 2648 ἐξουδένωσας,
1341 2584 1602 2640 ἀνεϐάλου
1644 2586 1734 2640 τὸν

138 2676 387 2746 Χριστόν
421 2693 536 2738 σου,
584 2678 960 2749 κατέστρεψας
993 2677 1092 2748 τὴν
1121 2678 1398 2750 Διαθήκην
1423 2677 1514 2731 τοῦ
1547 2677 1732 2732 δούλου

139 2789 266 2826 σου.
310 2771 689 2843 Ἐϐεὸήλωσας
720 2775 799 2837 εἰς
819 2775 918 2845 τὴν
947 2774 1052 2846 γῆν
1076 2775 1138 2828 τὸ
1178 2775 1426 2846 ἁγίασμα
1464 2775 1628 2828 αὑτοῦ
1650 2815 1664 2841 ,
1708 2794 1726 2828 ›

139 2863 241 2916 καὶ
298 2861 372 2915 τὰ
426 2861 572 2932 ἐξῆςο
603 2858 684 2926 οἷς
717 2863 977 2932 ἐπιλέγει·
1011 2883 1034 2914 ι
1058 2862 1362 2933 Μνήσθητι,
1407 2861 1602 2934 Κύριε,
1638 2861 1732 2915 τοῦ

137 2951 456 3024 ὀνειδισμοῦ
480 2953 588 3005 τῶν
617 2953 815 3007 δούλων
852 2971 970 3017 σου,
1004 2949 1064 3008 οὗ
1091 2953 1326 3025 ὑπέσχον
1358 2956 1416 3007 ἐν
1447 2953 1524 3025 τῷ
1548 2954 1734 3025 κόλπῳ

142 3063 253 3117 μου
288 3044 505 3099 πολλῶν
531 3044 719 3109 ἐθνῶν,
753 3040 814 3101 οὗ
846 3046 1128 3100 ὼνείδισαν
1162 3047 1210 3099 οί
1247 3045 1428 3118 ἐχθροί
1464 3064 1578 3112 σου,
1616 3047 1731 3100 Κύ-

1845 523 2099 564 reversus
2135 517 2240 573 est,
2271 520 2435 577 quem
2477 519 2628 572 sane,
2659 519 2785 560 cum
2816 505 2864 560 is
2897 520 3042 562 unus
3073 506 3148 560 sit
3179 513 3233 561 et
3267 507 3418 563 solus

1843 615 2031 658 revera
2058 599 2310 671 proprius
2352 611 2418 652 ac
2440 595 2778 660 Dominicus,
2798 595 3076 651 meliorem
3097 611 3220 652 esse
3241 597 3417 661 aiunt,

1843 693 1966 748 aliis
1995 688 2493 746 innumerabilibus
2533 687 2755 753 diebus,
2791 687 2907 742 sive
2930 688 3025 758 qui
3054 687 3421 743 communiter

1841 783 2236 854 intelligantur,
2270 781 2388 836 sive
2415 778 2510 850 qui
2537 793 2568 832 a
2601 777 2752 834 Mose
2779 778 2837 832 in
2871 777 3212 834 solemnibus
3235 787 3290 833 et
3319 793 3420 832 no-

1841 875 2066 932 viluniis
2107 883 2162 931 et
2199 873 2445 930 sabbatis
2485 872 2604 942 lege
2650 869 2851 926 sanciti
2897 869 3030 934 sint,
3063 885 3202 940 quos
3229 870 3421 938 utique

1841 982 1952 1022 non
1982 967 2121 1031 dies,
2156 965 2253 1022 sed
2286 964 2501 1020 dierum
2532 963 2760 1018 umbras
2799 978 2924 1018 esse
2949 962 3171 1018 divinus
3197 969 3422 1034 aposto-

1843 1059 1930 1114 lus
1980 1059 2161 1114 docet.
2203 1055 2304 1112 Hic
2352 1063 2537 1111 autem
2585 1054 2740 1111 solus
2795 1061 2851 1108 et
2895 1071 3040 1110 unus
3098 1053 3422 1109 Dominicus

1845 1149 2146 1205 Salvatoris
2172 1147 2346 1204 nostri
2379 1148 2518 1211 dies,
2544 1161 2655 1202 non
2680 1147 2736 1201 in
2765 1147 2914 1202 omni
2945 1147 3066 1201 loco
3092 1147 3293 1211 lucere,
3322 1144 3419 1200 sed

1842 1243 1898 1298 in
1938 1243 2072 1299 solis
2119 1242 2276 1298 atriis
2314 1241 2528 1296 Domini
2567 1240 2750 1296 dictus
2791 1249 2896 1296 est.
2951 1238 3076 1294 Haec
3118 1253 3247 1294 vero
3280 1240 3416 1292 atria

1840 1341 2004 1391 erunt
2032 1349 2129 1406 per
2155 1340 2332 1389 totum
2375 1333 2564 1388 orbem
2592 1340 2860 1388 terrarum
2902 1332 3105 1388 Christi
3138 1332 3417 1393 Ecclesiae,

1840 1443 1962 1498 quas
1989 1428 2156 1484 unius
2198 1426 2398 1483 domus
2448 1425 2544 1482 Dei
2592 1427 2773 1481 locum
2821 1426 3093 1482 obtinent.
3125 1426 3187 1480 In
3220 1424 3429 1494 quibus

1839 1526 1992 1589 optat
2019 1525 2182 1589 atque
2229 1517 2384 1588 eligit
2428 1532 2488 1574 se
2519 1517 2702 1588 potius
2732 1517 3004 1587 abjectum
3033 1531 3178 1577 esse,
3211 1514 3306 1584 qui
3337 1523 3422 1567 ιιι-ε

1801 1609 1911 1663 'Iia
1957 1609 2130 1674 novit,
2167 1609 2436 1679 longeque
2489 1607 2772 1662 meliorem
2812 1607 2868 1661 in
2897 1607 2964 1660 iis
3023 1604 3413 1659 habitationem

1838 1701 2111 1765 enuntiat,
2156 1716 2320 1771 quam
2352 1701 2408 1756 in
2455 1710 2808 1771 peccatorum
2856 1697 3228 1754 tabernaculis
3261 1715 3275 1753 :
3312 1695 3427 1751 nisi

1839 1791 1979 1848 forte
2023 1791 2374 1858 Iudaeorum,
2425 1793 2520 1864 qui
2566 1793 2848 1848 Christum
2894 1791 2991 1848 Dei
3042 1797 3274 1862 negant,
3326 1798 3424 1843 aut

1839 1887 2070 1942 aliorum
2106 1886 2323 1944 diversa
2355 1889 2720 1959 opinantium,
2760 1887 3087 1956 nullumque
3122 1883 3290 1940 Deum
3323 1897 3420 1937 co-

1839 1980 2086 2046 lentium,
2120 1979 2566 2051 reliquarumque
2598 1994 2630 2033 a
2662 1978 2765 2034 ﬁde
2792 1977 3208 2034 abhorrentium
3232 1976 3419 2030 natio-

1836 2089 1967 2128 num
1993 2080 2319 2139 conventus,
2350 2073 2524 2129 multo
2566 2072 2822 2128 meliores
2854 2085 2978 2126 esse
3008 2085 3179 2140 quam
3211 2067 3418 2122 Christi

1837 2164 2130 2231 Ecclesias,
2168 2166 2478 2237 quicunque
2505 2165 2670 2221 hasce
2710 2163 2880 2234 eligit,
2915 2163 3219 2234 proﬁtetur.

1837 2277 1878 2330 Α
1933 2275 2142 2344 psalmo
2182 2292 2448 2332 Lxxxvm.
2493 2306 2561 2316 —-
2591 2275 2834 2330 Christus
2879 2274 3197 2330 nominatim
3235 2271 3421 2339 despe-

1910 2357 2046 2410 ctus,
2080 2359 2234 2417 atque
2263 2348 2441 2400 omnia
2476 2346 2669 2414 probra
2713 2362 2970 2415 passurus
2999 2363 3016 2399 :
3047 2345 3418 2417 commutatio—

1943 2433 2004 2469 ue
2027 2415 2164 2486 ejus,
2199 2419 2422 2488 populus
2456 2417 2713 2486 ejusdem,
2750 2417 2839 2484 qui
2877 2417 2941 2471 ab
2971 2415 3199 2469 inimicis
3230 2428 3419 2480 expro-

1944 2499 2118 2541 ratur.

1841 2603 2000 2673 187
2037 2621 2054 2654 ι
2095 2601 2177 2656 Tu
2213 2617 2345 2656 vero
2391 2600 2646 2672 repulisti
2686 2608 2742 2656 et
2768 2599 3090 2671 despexisti,
3151 2595 3420 2653 distulisti

1835 2695 2116 2750 Christum
2161 2702 2360 2748 tuum:
2399 2695 2647 2750 evertisti
2688 2700 3081 2750 testamentum
3129 2689 3272 2746 servi
3309 2687 3416 2743 sui.

1836 2783 2146 2841 Proianasti
2192 2787 2248 2840 in
2295 2793 2444 2841 terra
2487 2787 2863 2840 sanctuarium
2897 2783 3096 2853 ejus”,
3140 2801 3158 2833 ι
3201 2787 3258 2836 et
3297 2793 3422 2850 qua:

1833 2886 2161 2951 sequuntur,
2179 2880 2380 2950 quibus
2398 2879 2646 2950 adjungit
2671 2897 2685 2934 :
2715 2897 2734 2931 ι
2771 2877 2980 2933 Memor
3000 2884 3140 2941 esto,
3170 2875 3415 2936 Domine,

1836 2977 2120 3048 opprobrii
2161 2993 2447 3033 servorum
2488 2985 2732 3042 tuorum,
2759 2975 2908 3048 quod
2939 2973 3188 3030 continui
3212 2974 3269 3028 in
3292 2974 3418 3029 sinu

1837 3085 1957 3126 meo
1989 3070 2290 3125 multarum
2321 3070 2592 3140 gentium,
2627 3069 2772 3140 quod
2807 3067 3280 3138 exprobraverunt
3311 3064 3420 3119 ini-

141 3152 257 3207 ριε,
287 3125 351 3188 οὗ
379 3137 684 3201 ὼνείδισαν,
712 3136 774 3190 τὸ
802 3135 1156 3208 ἀντάλλαγμα
1182 3136 1275 3190 τοῦ
1299 3137 1536 3209 Χριστοῦ
1557 3155 1674 3193 σου.
1707 3157 1725 3190 ι

1841 3163 1964 3217 mici
1991 3162 2094 3224 tui,
2134 3161 2385 3227 Domine,
2416 3162 2564 3233 quod
2595 3163 3086 3232 exprobraverunt,
3116 3166 3412 3214 commuta-

135 3227 346 3296 Σαφῶς
369 3227 426 3282 δέ
458 3229 555 3283 καὶ
586 3231 642 3282 ἐν
669 3228 878 3294 τούτοις
905 3229 934 3280 ὁ
960 3229 1194 3301 Χριστὸς
1223 3230 1482 3300 ὀνομαστὶ
1516 3247 1727 3302 μνημο-

134 3321 384 3385 νεύεται,
423 3323 517 3375 καὶ
545 3323 578 3392 ή
619 3321 762 3375 κατά
796 3321 857 3374 τὸ
895 3321 1065 3385 πάθος
1087 3320 1251 3374 αὐτοῦ
1279 3322 1728 3394 προφητευομένη

135 3409 488 3482 περίστασις.
531 3410 653 3463 Ἐπὶ
683 3410 876 3482 σχολῆς
904 3411 963 3464 δέ
991 3411 1082 3465 τὸν
1114 3411 1234 3465 ὅλον
1262 3412 1475 3485 ψαλμὸν
1511 3413 1731 3484 βασανί-

135 3501 330 3566 ζοντες
359 3503 804 3573 παραστήσομεν,
833 3503 916 3556 ὅτι
943 3503 1034 3554 ἐπὶ
1065 3502 1376 3577 μηδέτερον,
1429 3505 1461 3576 ἢ
1511 3507 1602 3559 ἐπὶ
1633 3506 1732 3577 μό-

133 3610 229 3648 νον
255 3593 350 3647 τὸν
381 3595 612 3666 Σωτῆρα
644 3596 738 3648 καὶ
782 3593 986 3666 Κύριον
1014 3595 1172 3666 ήμῶν
1202 3597 1511 3668 ἐφαρμόσαι
1549 3597 1616 3651 ἂν
1659 3597 1728 3651 τὰ

135 3682 502 3754 προκείμενα.
546 3685 702 3739 Ἀλλὰ
733 3685 828 3739 καὶ
850 3685 1100 3758 δεύτερον
1121 3688 1357 3759 Χριστὸς
1392 3687 1727 3760 ὀνομαζόμε-

133 3793 252 3839 νος,
283 3776 410 3830 τίνα
439 3776 598 3830 ἀλλον
619 3778 651 3849 ἢ
671 3777 761 3831 τὸν
788 3779 952 3832 αὑτὸν
976 3778 1146 3850 δηλοῖ,
1171 3773 1232 3832 οὗ
1259 3779 1320 3834 τὸ
1346 3781 1721 3853 ἀντάλλαγμα,

131 3867 383 3937 δηλονότι
406 3867 505 3939 τὴν
541 3868 886 3940 Ἐκκλησίαν,
910 3870 1188 3925 ὼνείδισάν
1213 3889 1273 3924 τε
1307 3873 1401 3926 καὶ
1433 3872 1601 3925 εἰσέτι
1629 3872 1724 3928 νῦν

131 3958 462 4023 ὀνειδίζουσι
507 3962 556 4014 οἱ
601 3959 882 4031 λεγόμενοι
938 3960 1031 4013 τοῦ
1078 3962 1317 4033 Χριστοῦ
1369 3963 1586 4035 ἐχθροί;
1643 3962 1725 4016 Τά

133 4048 272 4116 γοῦν
321 4049 417 4102 τοῦ
450 4050 703 4123 Σωτῆρος
751 4050 908 4122 ἡμῶν
955 4050 1099 4122 πάθη
1145 4051 1182 4106 δι
1229 4052 1370 4124 ὑπὲρ
1431 4053 1586 4125 ήμῶν
1624 4056 1722 4108 ἀν-

132 4143 384 4208 ώέξατο,
425 4144 522 4196 καὶ
571 4144 806 4213 μάλιστα
842 4143 932 4198 τὸν
967 4143 1193 4198 θάνατον
1227 4145 1429 4200 καὶτὸν
1470 4148 1720 4219 σταυρὸν,

132 4237 248 4297 πᾶς
271 4237 301 4288 ὁ
327 4234 431 4305 τῆς
454 4235 689 4307 Χριστοῦ
716 4234 1062 4298 διδασκαλίας
1085 4235 1345 4308 πολέμιος
1374 4237 1722 4304 ἐπονειδίζειν

132 4329 272 4398 ἡμῖν
306 4327 518 4382 εἴωθεν.

139 4528 399 4597 Ψαλμοῦ
426 4531 582 4594 ρλα¹.
622 4560 690 4570 —-
732 4528 989 4598 Χριστὸς

202 4616 310 4664 τος
347 4599 978 4671 “emanant,on
1020 4599 1200 4670 κέρας
1228 4601 1406 4656 Δαϐὶδ
1439 4599 1720 4671 ὀνομαζό-

199 4688 411 4756 μενος,
457 4669 600 4735 τοὺς
640 4670 963 4750 Ἰουδαίους
988 4672 1242 4751 ἐχθρούς
1276 4669 1718 4742 καταισχῦνων,

203 4741 270 4793 τὸ
298 4740 566 4810 ἁγιασμα
592 4758 700 4794 του
728 4741 960 4809 Πατρὸς
983 4743 1272 4797 araretur.

211 4872 230 4904 ι
269 4853 477 4923 Ὠμοσε
515 4852 723 4924 Κύριος
761 4853 840 4924 τῷ
877 4854 1042 4909 Δαϐὶδ
1081 4855 1359 4928 ἀλήθειαν,
1397 4856 1492 4910 καὶ
1534 4856 1595 4909 ού
1644 4855 1720 4928 μὴ

1843 3259 2047 3313 tionem
2073 3257 2282 3313 Christi
2310 3258 2390 3312 tui
2405 3257 2472 3313 “.
2503 3277 2522 3311 ›
2555 3255 2851 3327 Perspicue
2874 3271 3006 3311 vero
3035 3254 3200 3310 etiam
3233 3253 3290 3308 in
3330 3252 3427 3308 his

1830 3348 2036 3406 Christi
2075 3349 2403 3404 nominatim
2426 3349 2630 3404 mentio
2664 3349 2743 3413 lit,
2769 3356 2823 3404 et
2855 3348 3038 3403 futura
3073 3347 3128 3402 in
3160 3345 3420 3417 passione

1829 3439 2075 3509 ejusdem
2121 3439 2344 3494 aﬂlictio
2390 3448 2749 3497 memoratur.
2801 3439 2905 3496 Ubi
2961 3454 3094 3495 vero
3145 3439 3272 3510 plus
3319 3438 3422 3492 otii

1827 3533 1976 3588 nacti
2015 3533 2243 3598 erimus,
2292 3540 2468 3587 totum
2499 3535 2773 3604 psalmum
2813 3533 3164 3604 explorantes
3192 3530 3408 3586 demo»

1829 3625 2148 3688 strabimus,
2185 3624 2321 3679 nulli
2355 3639 2585 3695 prorsus
2631 3624 2725 3677 alii
2756 3623 2866 3680 nisi
2913 3621 3184 3677 Salvatori
3217 3636 3281 3675 ac
3308 3619 3419 3674 Do-

1827 3718 1977 3771 mino
1997 3725 2189 3771 nostro
2221 3714 2626 3770 accommodari
2657 3729 2821 3784 posse
2851 3728 2974 3783 quae
3017 3711 3074 3765 in
3108 3726 3174 3765 eo
3213 3724 3420 3780 propo»

1827 3807 1930 3863 sita
1954 3817 2101 3862 sunt.
2129 3804 2236 3860 Sed
2258 3805 2402 3860 enim
2425 3803 2516 3858 ubi
2555 3803 2814 3860 Christus
2849 3804 3048 3857 iterum
3076 3799 3412 3861 nominatur,

1824 3897 1950 3968 quis
1980 3896 2201 3952 tandem
2232 3895 2374 3951 alius
2411 3893 2749 3966 signiﬁcetur
2782 3893 2891 3948 nisi
2937 3892 3028 3947 ille
3077 3891 3213 3962 ipse,
3254 3887 3417 3958 cujus

1825 3989 2334 4051 commutationem,
2387 3987 2491 4041 hoc
2537 3995 2623 4042 est
2659 3985 2984 4049 Ecclesiam,
3033 3991 3089 4038 et
3116 3982 3392 4053 exprobra

1824 4089 2021 4136 verunt
2070 4087 2123 4136 et
2157 4079 2338 4134 adhuc
2366 4079 2724 4150 exprobrant,
2769 4079 2863 4149 qui
2914 4077 3176 4132 dicuntur
3206 4075 3416 4131 Christi

1825 4171 2071 4228 inimici?
2097 4171 2368 4242 siquidem
2397 4170 2700 4226 Salvatoris
2735 4169 2914 4225 nostri
2945 4169 3248 4232 cruciatus,
3273 4184 3415 4238 quos

1825 4265 1943 4335 ipse
1975 4277 2076 4333 pro
2126 4261 2285 4317 nobis
2330 4261 2606 4331 suscepit,
2655 4275 2720 4318 ac
2763 4259 3040 4330 praecipue
3081 4265 3314 4312 mortem
3359 4265 3416 4312 et

1823 4370 2068 4420 crucem,
2122 4353 2441 4424 quicunque
2484 4351 2693 4406 Christi
2747 4349 3058 4404 doctrinam
3108 4354 3411 4418 oppugnat,

1824 4447 2162 4518 exprobrare
2191 4444 2352 4501 nobis
2385 4443 2696 4500 consuevit.

1021 4530 1312 4610 ὀιςομαοζτὶ
1324 4531 1413 4610 Διέκξι
1454 4531 1721 4610 ονπέρμέι-

1841 4541 1872 4594 Α
1898 4539 2103 4610 psalmo
2134 4553 2319 4592 cxxxr.
2354 4567 2426 4578 —
2461 4536 2709 4610 Christus
2739 4534 3092 4610 _nominatim_
3109 4531 3172 4586 de
3202 4532 3417 4610 ‘semine

1900 4603 2073 4664 David
2107 4624 2349 4678 surgens,
2387 4609 2478 4672 qui
2525 4605 2901 4678 cornuﬂavid
2947 4605 3276 4678 nominatur,
3323 4603 3414 4672 qui

1897 4679 2120 4734 Judwos
2164 4674 2410 4733 iuimicos
2467 4677 2748 4748 confudit,
2793 4678 2885 4747 qui
2935 4674 3414 4746 sanctiﬁcatione»:

1901 4751 2084 4804 Patris
2109 4759 2344 4805 renovat.

1890 4887 1909 4919 ι
1950 4865 2166 4922 Juravit
2197 4864 2465 4921 Dominus
2500 4863 2607 4934 ipsi
2655 4861 2830 4917 David
2863 4861 3152 4917 veritatem
3193 4865 3250 4914 et
3289 4857 3413 4912 irri-

125 4947 392 5018 ἁθετήσει
435 4948 627 5001 αὐτόν·
664 4949 730 5002 ἐκ
776 4947 991 5020 καρποῦ
1023 4950 1122 5020 τῆς
1169 4949 1378 5012 κοιλίας
1419 4965 1511 5001 σου
1559 4947 1722 5019 θήσο-

1843 4975 1928 5015 am
1967 4977 2077 5017 non
2111 4957 2272 5014 faciet
2309 4972 2452 5021 eam,
2492 4955 2561 5010 de
2605 4954 2793 5010 fructu
2828 4953 3037 5009 ventris
3089 4952 3166 5006 tui
3199 4965 3405 5022 ponam

128 5058 235 5107 μαι
293 5039 387 5094 ἐπὶ
439 5039 534 5092 τοῦ
591 5039 785 5111 θρόνου
848 5058 964 5096 σου.
1001 5063 1022 5094 ι
1091 5037 1203 5096 Εἶθ’
1260 5042 1466 5106 ὑποϐάς
1518 5058 1715 5113 φησιν’

130 5150 156 5183 ε
196 5132 347 5185 Ἐκεῖ
369 5131 674 5196 ἑξανατελῶ
703 5133 870 5206 κέρας
897 5134 974 5206 τῷ
1000 5135 1188 5199 Δαϐὶδ,
1218 5136 1493 5208 ἡτοίμασα
1527 5135 1720 5206 λύχνον

119 5224 210 5296 τῷ
235 5225 460 5297 Χριστῷ
498 5244 600 5297 μου
621 5243 636 5258 ⁸
664 5229 790 5292 τοὺς
822 5228 1050 5300 ἐχθροὺς
1092 5229 1258 5283 αὐτοῦ
1291 5230 1494 5284 ἐνδύσω
1526 5231 1717 5302 αἰσχύ-

118 5336 230 5386 νην
247 5335 262 5348 ·
298 5318 392 5374 ἐπὶ
424 5319 484 5372 δὲ
507 5319 669 5373 αὐτὸν
696 5320 981 5393 ἐξανθήσει
1009 5322 1069 5376 τὸ
1098 5323 1346 5394 ἁγίασμά
1371 5341 1494 5395 μου.
1527 5344 1546 5377 ι
1572 5326 1718 5380 Κάν-

117 5409 302 5464 ταῦθα
332 5410 464 5483 περὶ
500 5411 595 5465 τοῦ
623 5414 689 5466 ἐκ
731 5414 1044 5485 σπέρματος
1069 5417 1234 5470 Δαὸὶδ
1273 5417 1498 5488 ὄμνυσιν
1530 5421 1558 5473 ό
1605 5420 1718 5474 Κύ-

121 5521 268 5575 ριος,
303 5505 444 5576 ὅπερ
486 5504 709 5576 σπέρμα
753 5508 848 5561 καὶ
882 5508 1050 5580 κέρας
1086 5509 1342 5579 ὀνομάζει
1384 5512 1584 5566 αὐτοῦ’
1623 5515 1716 5568 καὶ

116 5595 291 5648 πάλιν
341 5596 606 5667 ὀνομαστὶ
657 5597 746 5650 τὸν
798 5600 1030 5671 Χριστὸν
1083 5601 1468 5674 ἀναγορεύων,
1523 5605 1714 5677 λύχνον

1818 5068 1985 5124 super
2010 5053 2195 5109 sedem
2216 5062 2366 5108 tuam
2383 5051 2453 5106 ⁸⁸.
2487 5070 2506 5103 ι
2535 5048 2674 5104 Tum
2708 5062 3035 5118 progressus
3061 5045 3292 5100 inferius
3325 5043 3416 5100 sie

1821 5148 1900 5202 ait
1925 5163 1938 5199 :
1969 5167 1988 5200 ι
2008 5146 2122 5202 Illic
2149 5147 2448 5218 producam
2474 5160 2650 5201 cornu
2678 5143 2785 5216 ipsi
2811 5142 2999 5206 David,
3023 5142 3207 5213 paravi
3237 5141 3411 5196 lucer-

1823 5255 1950 5294 nam
1998 5238 2222 5295 Christo
2267 5254 2422 5302 meo,
2472 5237 2729 5293 inimicos
2772 5236 2893 5306 ejus
2941 5235 3167 5290 induam
3219 5233 3408 5289 confu-

1823 5331 2214 5402 sionezsuper
2251 5331 2432 5401 ipsum
2487 5336 2670 5386 autem
2722 5327 2992 5385 eﬂIorebit
3037 5327 3410 5384 sanctiﬁcatio

1822 5423 2027 5480 mea“.
2065 5443 2085 5476 ι
2127 5423 2228 5478 Hic
2266 5438 2488 5493 quoque
2530 5422 2598 5477 de
2639 5435 2706 5477 eo
2743 5421 2837 5492 qui
2877 5436 2943 5476 ex
2985 5419 3195 5477 semine
3231 5417 3405 5472 David

1821 5517 2032 5572 oriatur
2067 5515 2221 5586 jurat
2265 5513 2550 5580 Dominus,
2595 5515 2742 5586 quod
2774 5514 2995 5586 quidem
3035 5527 3226 5570 semen
3263 5512 3405 5582 ejus-

1821 5609 1965 5674 dem,
2014 5624 2187 5665 cornu
2226 5607 2526 5666 nominat:
2571 5615 2624 5662 et
2664 5623 2789 5664 cum
2831 5609 3029 5664 iterum
3076 5604 3406 5663 nominatim

200 5749 246 5779 ³³
275 5747 420 5804 Psal.
452 5768 716 5822 Lxxxvm,
750 5754 839 5822 59,
877 5756 954 5810 ιο.
1037 5757 1079 5788 ⁸³
1106 5757 1237 5813 ibid.
1277 5759 1472 5822 51,52.
1549 5762 1594 5795 ⁵⁸
1620 5759 1730 5818 Ρδίι

1841 5779 1980 5830 tut,
2016 5765 2102 5822 II.
2183 5766 2385 5822 "ibid.
2416 5767 2503 5833 I7,
2540 5766 2626 5823 I8.
