3846 6218
415 303 525 359 315

1062 303 1338 364 EUSEBII
1377 308 1866 371 CrESARIENSiS
1895 314 2047 372 OPP.
2091 315 2292 373 PARS.
2338 317 2404 373 ll.
2436 348 2507 358 —
2540 317 3049 378 APOLOGE'IICA.

3587 328 3692 385 5l6

414 417 700 473 Christum
736 419 971 488 appellet
1009 421 1293 479 lucernam
1327 425 1462 481 dicit
1493 443 1552 485 se
1582 430 1660 486 illi
1693 433 1995 504 paravisse,

2131 434 2266 504 ›ησὶν
2306 436 2663 508 ήτοιμακέναι
2698 438 2867 510 αὐτῷ,
2896 440 2988 494 τὸν
3018 441 3379 514 προφητικὸν,
3411 443 3487 509 ὡς
3521 446 3685 510 εἰκὸς,

415 510 799 582 propheticum
829 512 1041 585 utique,
1058 525 1120 571 ut
1137 517 1437 577 verisimile
1453 529 1558 590 est,
1586 525 1837 592 verbum,
1858 529 2005 598 quod

416 603 598 674 ipsum
627 602 908 660 Christum
936 610 1258 677 antecessit,
1291 611 1384 683 qui
1410 615 1561 671 solus
1594 617 1773 674 instar
1807 621 2007 679 solaris

415 694 664 763 luminis,
695 697 954 754 omnibus
979 701 1076 771 qui
1115 708 1292 758 totum
1328 705 1520 761 orbem
1551 714 1829 767 terrarum
1864 712 2008 769 inco-

415 784 539 839 lunt
563 785 900 854 hominibus,
922 798 1148 847 exortus
1167 800 1272 849 est.
1311 791 1405 848 Sic
1426 794 1543 866 ipse
1572 814 1792 870 quoque
1810 799 2004 868 David,

417 887 480 933 ut
517 877 722 935 Christi
775 881 1003 937 lucerna
1041 893 1268 955 paratus
1305 894 1433 943 ante
1470 889 1624 945 illum
1659 891 1788 959 fuit,
1820 900 2009 965 utpote
2086 889 2090 892 ’

418 970 511 1039 qui
545 971 649 1027 soli
694 971 1048 1045 perfectoque
1096 976 1291 1032 lumini
1336 990 1725 1052 comparatus,
1770 984 2009 1043 lucerna:

418 1059 600 1115 locum
657 1063 926 1120 obtineat.
972 1083 993 1117 ‹
1044 1064 1163 1123 lllic
1220 1085 1387 1139 vero,
1444 1073 1657 1146 inquit,
1704 1077 2008 1148 producam

416 1166 616 1214 cornu,
665 1173 684 1206 ι
731 1157 912 1212 locum
960 1158 1216 1216 videlicet
1262 1162 1537 1228 indicans,
1595 1167 1686 1222 ubi
1735 1169 2009 1240 signiﬁcat

414 1240 701 1298 Christum
723 1246 1019 1304 oriturum.
1052 1248 1191 1305 Cum
1223 1252 1370 1307 enim
1406 1264 1666 1324 precatus
1709 1267 1859 1316 esset
1903 1260 2008 1315 Da—

418 1334 532 1399 vid,
566 1343 627 1390 ut
664 1338 768 1392 sibi
806 1340 1003 1410 spiritu
1042 1343 1207 1414 188
1239 1344 1432 1402 liceret
1473 1357 1601 1404 ante
1644 1353 2009 1424 contemplari

421 1426 573 1483 illius
612 1430 850 1486 natalem
888 1432 1096 1500 locum,
1137 1434 1487 1512 dixissetque
1520 1442 1690 1498 verba
1722 1442 1859 1500 illa:
1890 1465 1908 1497 ε
1949 1446 2008 1501 Si

423 1518 691 1576 introiero
744 1522 799 1577 in
842 1525 1262 1584 tabernaculum
1304 1531 1505 1588 domus
1544 1549 1701 1601 mea,
1737 1537 1784 1592 si
1814 1552 1999 1593 ascen-

419 1612 553 1667 dero
579 1614 636 1667 in
672 1615 874 1670 lectum
903 1619 1063 1672 strati
1096 1620 1225 1685 mei,
1254 1621 1302 1677 si
1342 1623 1547 1681 dedero
1581 1642 1838 1684 somnum
1873 1646 2010 1686 ocu-

415 1706 488 1761 lis
520 1707 678 1770 meis,
712 1714 767 1763 et
802 1708 1080 1780 palpebris
1130 1713 1270 1768 meis
1303 1713 1752 1774 dormitationem
1773 1760 1788 1785 ,
1828 1730 1882 1776 et
1919 1737 2008 1777 re-

2112 526 2291 596 λόγον,
2319 527 2411 582 τὸν
2441 530 2826 601 προωδευκὸτα
2855 529 2949 584 τοῦ
2974 532 3234 603 Χριστοῦ,
3262 533 3321 597 ὃς
3351 532 3511 605 μόνος
3536 535 3693 607 ἡλια-

2113 617 2211 672 κοῦ
2243 619 2420 689 φωτὸς
2447 618 2604 692 δίκην
2634 623 2745 687 τοῖς
2770 624 2903 676 πᾶσι
2928 622 3051 677 καθ’
3082 622 3208 693 ὅλης
3238 625 3338 697 τῆς
3367 626 3695 699 οἰκουμένης

2113 708 2806 782 ἀνθρώποιςάνατέταλκε.
2840 713 2952 767 Καὶ
2982 713 3143 778 αὐτὸς
3171 714 3227 768 δὲ
3258 716 3287 768 ό
3313 714 3477 768 Δαόὶδ
3507 714 3700 786 λύχνος

2113 801 2192 875 τῷ
2228 802 2449 876 Χριστῷ
2492 804 2917 875 προητοίμαστο,
2951 805 3027 871 ὡς
3061 805 3362 877 παραθέσει
3395 806 3567 877 ἡλίου,
3603 809 3701 862 καὶ

2112 897 2321 960 τελείου
2367 897 2566 967 φωτὸς,
2634 897 2827 969 λύχνου
2875 898 3029 966 τάξιν
3074 899 3306 970 ἐπέχων.
3349 920 3367 952 ι
3413 889 3559 954 Ἐκεῖ
3616 902 3695 967 δὲ,

2117 990 2302 1063 φησὶν,
2367 989 2675 1056 ὲξανατελῶ
2715 991 2903 1065 κέρας,
2936 1008 2956 1043 ι
2992 991 3084 1045 τὸν
3126 992 3290 1046 τόπον
3332 991 3528 1064 δηλῶν,
3569 992 3703 1047 ἔνθα

2117 1076 2373 1154 σημαίνεί
2400 1084 2491 1137 τὸν
2525 1084 2760 1157 Χριστὸν
2793 1084 3243 1159 γεννηθήσεσθαι.
3271 1086 3567 1158 Εὑξαμένῳ
3593 1087 3705 1159 γάρ

2114 1173 2193 1247 τῷ
2226 1175 2393 1230 Δασὶδ
2423 1175 2517 1231 τὸν
2556 1176 2721 1230 τόπον
2748 1175 2827 1248 τῷ
2866 1175 3142 1248 πνεύματι
3188 1178 3570 1252 προθεωρῆσαι
3600 1181 3707 1252 τῆς

2115 1270 2383 1341 γενέσεως
2413 1269 2507 1323 τοῦ
2546 1269 2808 1342 Χριστοῦ,
2846 1271 3082 1342 φήσαντι
3123 1289 3205 1337 τε,
3244 1292 3263 1324 ε
3299 1274 3364 1327 Εἰ
3398 1273 3708 1328 εἰσελεύσο-

2119 1380 2217 1435 μαι
2250 1360 2343 1416 εει
2387 1362 2574 1435 κλίνης
2611 1363 2902 1436 στρωμνῆς
2945 1382 3070 1435 μου,
3103 1366 3153 1418 εἰ
3196 1363 3355 1420 δώσω
3377 1364 3544 1422 ῦπνον
3587 1367 3710 1433 τοῖς

2114 1458 2412 1530 ὀφθαλμοῖς
2446 1474 2570 1528 μου,
2619 1457 2852 1522 καὶτοῖς
2900 1457 3189 1531 βλεφάροις
3225 1476 3329 1531 μου
3368 1459 3711 1533 νυσταγμδν,

2116 1549 2210 1604 καὶ
2245 1549 2554 1604 ἀνάπαυσιν
2581 1551 2695 1613 τοῖς
2727 1549 3020 1621 κροτάφοις
3049 1569 3173 1624 μου,
3211 1551 3317 1617 ἓως
3344 1545 3406 1606 οὗ
3436 1552 3585 1625 εῦρω
3617 1555 3714 1609 τό-

2116 1658 2215 1694 πον
2250 1639 2324 1711 τῷ
2362 1639 2575 1712 Κυρίῳ,
2615 1641 2881 1712 σκήνωμα
2907 1640 2985 1712 τῷ
3010 1641 3129 1713 Θεῷ
3165 1642 3357 1696 Ἰακὼϐ
3381 1682 3398 1709 ,
3434 1662 3453 1695 ι
3489 1645 3713 1698 ἀποκα-

2114 1732 2307 1787 λύπτει
2349 1733 2410 1786 τὸ
2448 1733 2591 1787 θεῖον
2640 1733 2869 1804 Πνεῦμα
2895 1734 2987 1789 τὸν
3016 1736 3074 1789 ἐν
3115 1734 3360 1808 Βηθλεὲμ
3388 1736 3575 1792 τόπον.
3614 1739 3713 1791 Διὸ

417 1800 603 1869 quiem
655 1802 1002 1871 temporibus
1054 1804 1229 1869 meis,
1283 1805 1461 1861 donec
1510 1808 1785 1865 inveniam
1830 1813 2007 1868 locum

2131 1826 2362 1898 ιπιφέρει
2422 1826 2638 1896 λέγων·
2714 1842 2736 1879 ι
2805 1826 2940 1881 Ἰδοὺ
3013 1827 3330 1900 ἠκούσαμεν
3400 1829 3571 1902 αὐτὴν
3649 1832 3716 1884 ἐν

417 1891 670 1957 Domino,
697 1895 1124 1951 tabernaculum
1154 1897 1265 1954 Deo
1291 1897 1464 1969 Jacob
1485 1902 1553 1967 ⁵⁷,
1594 1921 1615 1954 ›
1650 1902 1874 1961 divinus
1900 1907 2014 1978 spi-

418 1985 561 2039 ritus
595 1987 643 2041 ei
680 1987 883 2051 locum,
910 1989 1004 2059 qui
1033 1996 1118 2046 est
1152 1991 1209 2046 in
1246 1992 1562 2050 Betltlcbcm
1596 1998 1874 2052 occultum
1915 1999 2011 2055 de-

416 2079 576 2150 tegit.
620 2081 807 2151 Itaque
838 2083 1143 2155 subiungit,
1192 2085 1385 2143 dicens
1420 2106 1432 2142 :
1464 2105 1482 2139 ι
1520 2086 1662 2145 Ecce
1701 2090 2011 2148 audivimus

417 2187 539 2226 eam
578 2173 633 2226 in
657 2172 929 2243 Ephrata;
957 2195 975 2226 ι
1005 2176 1194 2248 (porro
1214 2177 1329 2234 haec
1382 2187 1468 2235 est
1512 2181 1632 2251 ipsa
1668 2180 2009 2254 Bcthlehem)

425 2281 445 2314 ι
480 2263 788 2321 invenimus
840 2281 961 2323 eam
1003 2268 1059 2323 in
1100 2270 1312 2339 campis
1349 2271 1522 2336 silvae,
1562 2272 1916 2329 introibimus
1953 2275 2008 2329 in

418 2356 838 2412 tabernaculum
877 2357 1020 2427 ejus,
1073 2360 1428 2420 adorabimus
1465 2365 1521 2419 in
1553 2365 1678 2421 loco
1718 2366 1813 2422 ubi
1841 2372 2008 2422 stete-

419 2460 548 2507 runt
572 2452 738 2524 pedes
779 2455 901 2526 ejus
932 2456 999 2511 ⁸⁸.
1034 2476 1054 2508 ι
1096 2455 1278 2524 Quare
1317 2460 1516 2516 merito
1559 2471 1850 2534 postquam
1890 2463 2009 2519 haec

418 2545 634 2613 aperuit
659 2553 823 2617 atque
854 2547 1136 2614 indicavit,
1162 2550 1414 2623 adiungit
1450 2568 1463 2604 :
1497 2572 1517 2605 ‹
1555 2553 1673 2611 lllic
1703 2556 2005 2626 producam

418 2651 593 2690 cornu
629 2637 734 2709 ipsi
777 2638 969 2707 David,
1002 2644 1192 2713 paravi
1231 2645 1516 2701 lucernam
1548 2646 1769 2704 Christo
1796 2664 1940 2706 meo.
1978 2669 1998 2702 ι

329 2785 337 2794 ,
415 2725 676 2786 Fortasse
722 2732 887 2787 etiam
928 2734 1109 2805 ipsum
1158 2736 1216 2792 in
1255 2735 1574 2794 Bethlehem
1604 2755 1635 2793 a
1661 2739 1884 2797 Christo
1913 2757 2005 2800 as—
2043 2744 2048 2749 ’

417 2828 701 2889 sumptum
745 2837 969 2894 corpus,
1002 2825 1110 2881 alio
1131 2827 1369 2898 quodam
1404 2828 1683 2885 intellectu
1704 2830 1791 2888 his
1820 2832 2005 2889 verbis

415 2913 734 2983 signiﬁcans
760 2932 773 2970 :
803 2917 1025 2987 quando
1058 2934 1156 2989 per
1188 2934 1390 2990 corpus
1420 2928 1681 2993 tanquam
1715 2939 1813 2993 per
1834 2931 2005 2981 testa-

2119 1918 2386 1989 Ἐφραθά’
2422 1938 2441 1970 ι
2477 1918 2638 1992 (αῦτη
2662 1919 2720 1973 δέ
2750 1921 2896 1974 ἐστιν
2926 1921 2961 1991 ή
2995 1919 3265 1993 Βηθλεέμ)
3300 1941 3319 1973 ‹
3344 1920 3583 1993 εὕρομεν
3609 1925 3716 1977 αὐ·

2106 2012 2204 2084 τὴν
2239 2015 2297 2065 ἐν
2340 2015 2453 2075 τοῖς
2485 2012 2692 2077 πεδίοις
2736 2010 2831 2065 τοῦ
2876 2013 3103 2086 δρυμοῦ.
3144 2013 3585 2084 Εἱσελευσόμεθα
3628 2020 3717 2079 εἰς

2106 2105 2176 2158 τὰ
2210 2104 2546 2177 σκηνώματα
2576 2104 2766 2170 αὐτοῦ,
2798 2108 3248 2179 προσκυνήσομεν
3280 2109 3361 2172 εἰς
3397 2108 3490 2161 τὸν
3516 2109 3715 2171 τόπον,

2109 2191 2170 2252 οῦ
2198 2196 2438 2270 ἔστησαν
2466 2199 2517 2251 οἱ
2546 2198 2706 2264 πόδες
2747 2198 2936 2253 αὐτοῦ.
2972 2219 2990 2252 ι
3026 2200 3268 2265 Εἰκότως
3298 2196 3391 2254 οῦν
3425 2201 3568 2272 μετά
3612 2201 3718 2272 τὴν

2107 2288 2312 2343 τούτων
2345 2290 2656 2363 φανέρωσιν
2700 2292 2980 2361 ἐπιλέγει·
3019 2312 3037 2344 ι
3092 2293 3240 2347 Ἐκεῖ
3277 2292 3586 2357 ἐξανατελῶ
3612 2294 3717 2346 κέ-

2111 2399 2209 2452 ρας
2242 2381 2319 2454 τῷ
2352 2383 2550 2437 Δαϐίδο
2590 2385 2861 2457 ἡτοίμασα
2904 2385 3095 2457 λύχνον
3139 2385 3219 2457 τῷ
3263 2385 3487 2457 Χριστῷ
3517 2404 3646 2458 μου.
3688 2406 3713 2438 ι

2106 2474 2259 2545 Τάχα
2295 2474 2425 2539 ἴσως
2470 2477 2566 2531 καὶ
2608 2476 2670 2530 τὸ
2718 2477 2813 2532 ἐπὶ
2854 2479 2955 2550 τῆς
2995 2477 3243 2550 Βηθλεὲμ
3289 2478 3605 2551 ἀναληφθὲν
3633 2479 3717 2549 τῷ

2105 2566 2329 2638 Χριστῷ
2352 2568 2512 2640 σῶμα
2535 2569 2657 2624 καθ’
2681 2570 2874 2643 ἑτέραν
2895 2571 3153 2625 ὑπόνοιαν
3175 2571 3454 2644 σημαίνων
3480 2589 3494 2602 ·
3518 2572 3717 2645 ἐπειδὴ

2111 2656 2198 2710 διὰ
2229 2657 2324 2710 τοῦ
2371 2657 2626 2730 σώματος
2658 2659 2736 2724 ὡς
2777 2660 2846 2714 δι’
2871 2661 3193 2733 ὀστρακίνου
3229 2661 3460 2726 σκεύους
3487 2663 3683 2734 ὲνοική
3710 2694 3713 2697 η

2115 2763 2253 2801 σασα
2284 2750 2342 2801 ἐν
2374 2748 2522 2821 αὐτῷ
2550 2752 2583 2822 ή
2615 2749 2737 2804 θεία
2763 2750 3014 2822 δύναμις,
3044 2752 3121 2817 ὡς
3148 2752 3238 2806 διὰ
3262 2752 3458 2824 λύχνου
3481 2753 3588 2816 τὰς
3614 2754 3717 2807 τοῦ

2111 2837 2258 2892 θείου
2286 2842 2384 2895 καὶ
2414 2840 2632 2910 λογικοῦ
2658 2841 2835 2912 φωτὸς
2863 2844 3235 2917 μαρμαρυγὰς
3255 2846 3336 2909 εἰς
3358 2845 3571 2909 πάντας
3626 2846 3715 2911 ἒξ·-

2112 2929 2356 3003 ἑλαμψεν
2394 2933 2738 3006 ἀνθρώπους.

417 3019 578 3059 ccum
621 3020 741 3069 vas,
781 3006 1101 3066 inhabitans
1132 3011 1186 3065 in
1222 3012 1317 3066 illo
1360 3012 1547 3069 divina
1592 3016 1791 3083 virtus,
1833 3020 1994 3089 quasi
2027 3037 2126 3093 per
2154 3025 2457 3094 lucernam,
2491 3027 2664 3084 divini
2694 3030 2841 3087 illius
2869 3038 2923 3087 et
2976 3032 3264 3088 rationalis
3332 3033 3557 3087 luminis
3620 3048 3713 3084 ra-

419 3095 564 3165 dios,
600 3098 657 3152 in
689 3114 882 3158 omnes
917 3102 1103 3159 emisit
1132 3104 1405 3162 homines.

417 3215 499 3269 Ab
527 3217 712 3274 Amos.
760 3252 832 3261 --
882 3221 1130 3279 Christus
1198 3230 1515 3284 nominatim
1559 3249 1593 3285 a
1650 3232 1760 3288 Deo
1810 3235 2007 3291 denun-

493 3288 658 3325 n‘nm»
705 3299 755 3325 of
791 3293 850 3325 ηΙ.
877 3297 1119 3325 “mnu”...
1167 3301 1470 3325 “Mum...”
1538 3300 1836 3325 ι--λ-.--------

2131 3239 2262 3325 Ἀαξό
2302 3240 2412 3322 τοῦ
2457 3242 2672 3325 Ἀμώς..
2695 3274 2767 3325 :-
2807 3243 3547 3325 Xplo'tdcdrogaathéxd
3588 3251 3719 3325 τοῦ

491 3288 677 3351 tiatur,
704 3299 755 3343 et
788 3293 850 3345 ab
875 3297 1119 3369 omnibus
1152 3301 1489 3369 agnoscitur,
1522 3288 2006 3362 Judworumﬂcero

488 3368 692 3428 gentem
722 3361 989 3432 repudiat.

502 3572 524 3607 ι
551 3553 755 3612 Parare
795 3557 863 3612 ad
894 3558 1263 3617 invocandum
1313 3562 1485 3620 Deum
1520 3566 1708 3635 Israel,
1745 3572 2008 3643 quoniam

417 3662 550 3703 ecce
578 3649 928 3708 consolidans
954 3655 1184 3720 tonitru,
1207 3663 1262 3712 et
1286 3672 1483 3715 creans
1511 3660 1789 3728 spiritum,
1822 3672 1878 3719 et
1912 3666 2003 3721 de-

421 3739 687 3796 nuntians
727 3739 1045 3800 bominibus
1078 3744 1358 3802 Christum
1396 3766 1581 3817 suum,
1616 3751 1828 3810 faciens
1852 3771 2012 3813 mane

417 3836 475 3882 et
525 3830 806 3898 nebulam,
850 3841 905 3888 et
952 3837 1258 3894 ascendens
1290 3855 1459 3911 supra
1502 3843 1652 3899 celsa
1691 3853 1869 3900 terra}.
1906 3846 2012 3902 Do-

417 3922 601 3978 minus
637 3922 781 3979 Deus
822 3926 1173 3997 omnipotens
1202 3932 1414 4000 :nomen
1447 3934 1498 3990 ei
1525 3950 1538 3986 :
1567 3937 1753 3993 audite
1782 3939 2010 3995 verbum

418 4012 655 4081 Domini,
684 4015 832 4085 quod
858 4031 960 4088 ego
983 4020 1142 4090 capio
1165 4036 1331 4092 super
1370 4040 1490 4093 vos,
1539 4025 2006 4087 lamentationem.

418 4100 626 4180 Domus
655 4103 827 4161 Israel
859 4108 1059 4163 cecidit
1093 4129 1106 4163 :
1141 4127 1253 4167 non
1288 4114 1428 4170 ultra
1473 4117 1696 4186 adjiciet
1730 4127 1792 4175 ut
1817 4136 2009 4179 resur-

415 4204 530 4268 gat.
557 4177 727 4269 Virgo
764 4197 934 4256 lsrael
967 4202 1121 4273 lapsa
1160 4212 1245 4261 est
1290 4205 1348 4260 in
1394 4177 1560 4263 terra.
1587 4224 1690 4265 sua
1720 4226 1735 4263 :
1769 4227 1883 4268 non
1926 4222 2012 4270 est

412 4289 511 4360 qui
534 4291 707 4363 erigat
728 4293 930 4347 eam".
963 4314 983 4348 ›
1028 4292 1148 4351 Jam
1182 4298 1417 4368 septimo
1444 4300 1566 4356 loco
1596 4300 1876 4360 Christum
1907 4321 2010 4361 no-

415 4381 666 4439 minatim
704 4383 1040 4444 denuntians
1092 4388 1412 4448 horninibus
1448 4391 1617 4461 Deus,
1660 4398 2008 4455 consolidare

413 4474 646 4541 tonitru,
681 4484 736 4532 et
767 4493 956 4534 creare
989 4480 1242 4550 spiritum
1295 4485 1623 4555 evangelicae
1663 4488 2008 4558 praedicatio-

2186 3312 2335 3367 Θεοῦ
2376 3312 2968 3389 καῑόιγςῖ·ιε.λῑ..ῑόμειλος,Δ
2998 3317 3097 3389 καὶ
3137 3312 3290 3389 πᾶσι
3329 3317 3449 3386 μὲν
3484 3321 3719 3389 ἀνθρὼ-

2184 3396 2321 3449 ποις
2342 3385 2788 3454 γνωριζόμενοζ,
2828 3385 3124 3442 Ἰουδαίων
3150 3386 3204 3440 δ’
3228 3385 3406 3455 ἔθνος
3423 3385 3721 3459 das-acrior}.

2178 3470 2384 3523 μενος.

2195 3567 2516 3640 Ἐτοιμὰζου
2560 3569 2656 3623 τοῦ
2706 3568 3081 3625 ἐπικαλεῖσθαι
3125 3571 3219 3626 τὸν
3270 3572 3403 3627 Θεὸν
3461 3571 3717 3646 Ἰσραὴλ,

2111 3660 2244 3715 διότι
2273 3662 2381 3716 ἰδοὺ
2412 3662 2648 3735 στερεῶν
2693 3662 2924 3736 βροντὴν
2958 3663 3056 3717 καὶ
3087 3665 3287 3730 κτίζων
3328 3665 3573 3738 πνεῦμα,
3614 3669 3720 3722 καὶ

2112 3753 2464 3824 ἐπαγγέλλων
2484 3756 2566 3818 εἰς
2592 3752 2916 3826 ἀνθρώπους
2934 3755 3026 3808 τὸν
3055 3755 3289 3827 Χριστὸν
3313 3755 3502 3821 αὐτοῦ,
3533 3759 3721 3811 ποιῶν

2111 3847 2308 3920 ὄρθρον
2336 3847 2430 3900 καὶ
2459 3846 2708 3918 ὁμίχλην,
2740 3847 2832 3900 καὶ
2857 3846 3151 3900 ἐπιϐαίνων
3176 3847 3272 3900 ἐπὶ
3295 3846 3365 3902 τὰ
3396 3848 3583 3920 ὑψηλὰ
3607 3849 3721 3919 τῆς

2111 3940 2236 4010 γῆς.
2297 3939 2504 4013 Κύριος
2556 3941 2585 3993 ὁ
2643 3938 2798 4004 Θεὸς,
2862 3937 3259 4011 παντοκράτωρ
3295 3938 3468 4010 ὄνομα
3531 3939 3719 4012 αὐτῷ,

2124 4027 2419 4082 Ἀκούσατε
2472 4026 2634 4097 λόγου
2685 4026 2922 4098 Κυρίου,
2974 4026 3033 4082 ὃν
3092 4026 3205 4097 ἐγὼ
3259 4027 3558 4100 λαμϐάνων
3621 4032 3722 4101 ἐφ’

2113 4119 2277 4191 ὑμᾶς,
2316 4120 2533 4193 θρῆνον.
2580 4113 2743 4184 Οἶκος
2784 4119 2999 4193 Ἰσραὴλ
3035 4120 3230 4174 ἔπεσεν
3256 4137 3269 4150 ·
3327 4120 3515 4175 οὐκέτι
3530 4138 3723 4192 προσ-

2112 4210 2268 4284 θήσει
2340 4212 2435 4265 τοῦ
2503 4212 2825 4283 ἀναστῆναι.
2877 4212 3156 4284 Παρθένος
3206 4213 3425 4286 Ἰσραὴλ
3469 4215 3725 4286 ἔσφαλεν

2110 4304 2204 4358 ἐπὶ
2248 4304 2350 4376 τῆς
2378 4305 2485 4376 γῆς
2526 4305 2729 4376 αὐτῆςο
2765 4305 2867 4360 οὐκ
2906 4305 3056 4360 ἔστιν
3095 4306 3124 4360 ὁ
3170 4307 3408 4363 ἁνιστῶν
3447 4309 3659 4382 αὐτὴν.
3698 4331 3720 4364 ι

2114 4395 2382 4467 Ἕϐδομον
2430 4397 2534 4468 ἤδη
2577 4397 2670 4451 τὸν
2719 4398 2955 4470 Χριστὸν
3002 4398 3267 4470 ὀνομαστὶ
3314 4403 3729 4472 καταγγέλλων

2110 4490 2191 4553 εἰς
2236 4489 2559 4561 ἀνθρώπους
2602 4492 2631 4545 ό
2675 4491 2830 4558 Θεὸς,
2876 4492 3131 4565 στερεοῦν
3181 4492 3414 4566 βροντὴν
3460 4498 3561 4550 καὶ
3594 4500 3729 4552 xti-

414 4564 503 4622 nis
539 4566 762 4635 dicitur,
811 4586 932 4642 qua:
962 4572 1174 4627 tonitru
1218 4576 1464 4641 nomine,
1512 4587 1806 4651 propterea
1856 4585 2003 4654 quod

2131 4584 2223 4644 ζειν
2258 4583 2492 4656 πνεῦμασ
2520 4585 2737 4653 λέγεται
2769 4584 2864 4638 τοῦ
2907 4564 3266 4655 εὐαγγελικοῦ
3320 4564 3725 4660 κηρύγματος,

412 4658 754 4714 exaudienda
784 4661 857 4716 sit
895 4663 966 4716 ab
1004 4664 1260 4721 omnibus
1299 4667 1641 4736 hominibus,
1675 4675 2002 4744 appellatur.

412 4748 553 4804 Nam
583 4751 751 4807 simili
782 4752 948 4808 modo
992 4754 1159 4810 etiam
1192 4758 1421 4829 spiritus
1450 4777 1559 4832 quo
1591 4762 1848 4824 Christus
1873 4783 2006 4839 apo-

423 4844 597 4900 stolos
628 4860 759 4901 suos
793 4845 1015 4912 aﬁlavit,
1044 4848 1419 4921 signiﬁcatur;
1453 4855 1601 4926 quod
1625 4858 1847 4928 quidem
1877 4877 2003 4931 per-

416 4936 604 5006 spicue
623 4937 681 4991 in
710 4936 1013 4996 Salvatoris
1047 4943 1223 4998 nostri
1262 4944 1498 5001 adventu
1532 4951 1865 5021 completum
1890 4960 2000 5021 est,

414 5028 472 5083 in
494 5044 603 5099 quo
623 5028 872 5086 facturus
888 5030 1033 5089 Deus
1051 5049 1211 5091 mane
1225 5037 1391 5093 simul
1409 5047 1465 5095 et
1486 5042 1741 5097 nebulam
1761 5045 1999 5111 canitur,

413 5118 484 5175 iis
511 5119 732 5190 quidem
749 5121 845 5193 qui
877 5125 1120 5182 salutare
1148 5127 1331 5184 lumen
1362 5134 1708 5203 susceperint
1734 5151 1914 5203 mane,
1937 5139 2007 5194 iis

411 5227 546 5270 vero
571 5212 801 5281 Iudaeis,
841 5217 935 5287 qui
966 5218 1023 5273 in
1052 5220 1234 5291 ipsum
1270 5239 1382 5278 non
1414 5225 1747 5281 crediderint
1788 5238 2003 5287 contra.

417 5303 584 5376 139
609 5304 744 5361 Nam
778 5308 846 5361 ad
880 5310 1005 5368 illos
1030 5321 1332 5370 extremam
1365 5332 1583 5389 quoque
1635 5319 2006 5377 denuntiatio-

414 5411 541 5452 nem
568 5399 854 5456 oraculum
910 5414 1186 5474 apportat,
1241 5408 1371 5463 dum
1427 5410 1874 5468 lamentationem
1907 5411 2003 5468 Ju-

413 5487 590 5545 daicze
615 5492 795 5562 gentis
826 5494 1093 5568 adiungit,
1122 5513 1243 5568 quae
1272 5499 1341 5555 ad
1383 5500 1534 5572 ipsos
1574 5505 1760 5560 statim
1807 5519 1999 5574 perve—

416 5580 521 5645 nit,
549 5590 675 5652 post
702 5584 973 5655 nefarium
1031 5590 1296 5647 adversus
1352 5584 1686 5649 Salvatdrem
1747 5604 1998 5651 nostrum

488 5736 536 5769 ⁸⁷
565 5735 706 5797 Psal.
733 5755 913 5814 cxxxt,
949 5745 1063 5801 5—5.
1144 5749 1187 5779 ’⁵⁸
1218 5748 1350 5806 ibid.
1384 5750 1436 5813 6,
1477 5751 1526 5807 7.
1600 5752 1645 5784 ’θ
1669 5752 1835 5809 Amos
1872 5768 1944 5822 tv,
1984 5753 2067 5820 1‘2,

2114 4676 2363 4748 βροντῆς,
2391 4675 2480 4730 διά
2510 4677 2572 4730 τὸ
2611 4678 2692 4741 εἰς
2724 4676 2936 4742 πάντας
2982 4677 3305 4752 ἀνθρώπους
3347 4680 3725 4747 ἐξάκουστον,

2110 4769 2513 4843 ὀνομαζομένου
2535 4787 2549 4801 ’
2598 4770 2801 4842 ὁμοίως
2843 4771 2903 4825 δὲ
2949 4770 3047 4825 καὶ
3090 4772 3187 4825 τοῦ
3218 4774 3333 4837 τοῖς
3376 4775 3727 4839 ἀποστόλοις

2111 4863 2518 4934 ὲμπνεύσαντος
2572 4862 2813 4935 Χριστοῦ
2874 4863 3187 4934 πνεύματος
3237 4865 3574 4939 δηλουμένου
3616 4887 3635 4898 ·
3694 4870 3729 4920 ὃ

2109 4957 2205 5010 καὶ
2265 4957 2450 5027 σαφῶς
2499 4956 2593 5010 ἐπὶ
2643 4959 2709 5028 τῇ
2765 4956 2862 5010 τοῦ
2915 4958 3171 5030 Σωτῆρος
3225 4959 3385 5031 ἡμῶν
3440 4961 3730 5035 ἐπιδημίᾳ

2111 5048 2487 5122 πεπλήρωται,
2541 5050 2628 5119 ἐφ’
2757 5051 3007 5120 ποιήσειν
3054 5053 3084 5105 ὁ
3136 5050 3268 5114 Θεὸς
3314 5052 3513 5125 ὄρθρον
3567 5055 3727 5125 ὁμοῦ

2111 5141 2210 5192 καὶ
2264 5140 2494 5212 ὀμίχλην
2555 5139 2907 5204 θεσπίζεταν
2976 5141 3091 5205 τοῖς
3147 5141 3246 5214 μὲν
3311 5142 3374 5196 τὸ
3436 5145 3730 5215 σωτήριον

2112 5231 2230 5300 φῶς
2280 5229 2768 5302 παραδεξαμένοις,
2812 5230 2905 5297 τὸν
2953 5229 3184 5303 ὄρθρονο
3226 5234 3340 5295 τοῖς
3386 5231 3445 5284 δὲ
3476 5234 3729 5307 ἀπειθή-

2112 5342 2269 5380 σασιν
2308 5326 2388 5389 εἰς
2417 5324 2580 5379 αὐτὸν
2630 5324 2739 5377 τῶν
2781 5327 2846 5377 ἐκ
2873 5325 3195 5396 περιτομῆς,
3233 5325 3577 5381 τούναντίον.
3623 5324 3731 5393 Οτι,-

2108 5419 2203 5471 καὶ
2259 5416 2359 5489 τὴν
2416 5417 2651 5488 ἐσχάτην
2694 5417 2969 5486 ἀπόφασιν
3022 5418 3051 5471 ὁ
3092 5416 3248 5487 λόγος
3303 5418 3727 5492 προκηρύττει,

2109 5509 2305 5581 θρῆνον
2337 5509 2603 5579 ἐπιλέγων
2619 5507 2713 5562 τοῦ
2746 5509 3015 5564 Ἰουδαίων
3031 5510 3239 5575 ἔθνους,
3267 5511 3362 5564 τὸν
3383 5513 3479 5565 καὶ
3509 5513 3728 5583 μετεὶ-

2109 5597 2268 5650 θόντα
2312 5597 2509 5662 αὐτοὺς
2573 5599 2887 5672 παραυτίκα
2953 5600 3090 5671 μετὰ
3114 5600 3213 5674 τὴν
3278 5600 3427 5656 κατά
3454 5600 3551 5657 τοῦ
3592 5603 3726 5662 2w-

2110 5754 2198 5818 l5;
2237 5770 2285 5820 ι’,
2324 5754 2443 5816 1,2.
