3846 6218
201 303 266 361 17
1088 307 1750 367 DEMONSTRATIONIS
1787 310 2252 368 EVANGELICAE
2291 311 2422 368 LIB.
2455 311 2547 367 IV.

3329 314 3436 368 518

157 421 332 493 ﬁmo;
378 425 536 496 ἡμῶν
602 425 775 497 Ἰησοῦ
819 426 912 480 τοῦ
967 428 1204 499 Χριστοῦ
1267 428 1604 482 δυσσέϐειαν.
1663 427 1755 492 Ἐξ

1878 426 2043 484 lesum
2074 428 2358 484 Christum
2409 427 2611 483 scelus.
2645 424 2723 480 Ex
2757 427 2853 483 illo
2885 425 3031 482 enim
3063 427 3147 482 vel
3183 427 3254 482 ad
3290 428 3437 484 hunc

157 519 376 574 ἐκείνου
405 519 514 590 γὰρ
561 518 776 590 ἀληθῶς
817 520 910 574 καὶ
949 523 1030 586 είς
1076 521 1236 593 δεῦρο
1272 522 1301 574 ό
1350 517 1496 584 οἶκος
1539 520 1753 592 Ἰσραὴλ

158 610 476 676 πέπτωκεν,
500 612 624 684 ὅρος
652 629 711 664 τε
736 610 882 677 ἅπαξ
929 612 1034 666 ὑπὸ
1067 613 1162 666 τοῦ
1187 612 1322 666 Θεοῦ
1357 613 1448 667 καὶ
1479 612 1755 682 ἀπόφασις

159 703 514 773 ἐξενήνεκται
557 704 686 776 περὶ
728 704 824 758 τοῦ
871 705 1129 770 πεσόντος
1165 705 1344 760 αὐτῶν
1378 705 1527 758 οἴκου
1569 704 1663 758 τοῦ
1696 707 1753 759 έν

173 791 554 865 Ἰερουσαλὴμ,
586 793 680 847 καὶ
709 795 851 849 κατὰ
893 796 1094 860 παντὸς
1133 795 1313 850 αὐτῶν
1349 796 1442 850 τοῦ
1478 796 1754 868 συστήμα-

159 895 279 950 τος,
310 887 386 950 ὠς
423 887 613 958 μηκέτ’
646 887 713 940 ἂν
762 889 1236 958 ἀναστησομένων,
1269 887 1346 959 τῷ
1383 889 1518 959 μηδὲ
1563 891 1756 961 παρεῖ-

160 999 255 1037 ναι
287 982 381 1034 τὸν
410 981 710 1035 ἀνιστῶντα
740 983 956 1047 αὐτούς.
985 1002 1004 1035 ι
1042 984 1156 1036 Οὐκ
1186 981 1302 1037 ἔστι
1338 1002 1357 1036 ι
1386 982 1535 1053 γοῦν,
1567 985 1752 1054 φησὶν,

168 1089 190 1125 ι
218 1073 248 1124 ὁ
284 1073 518 1127 ἁνιστῶν
534 1073 724 1144 αὐτήν.
761 1092 780 1124 ι
818 1073 972 1126 Ἐπεὶ
1005 1072 1114 1144 γὰρ
1139 1073 1363 1127 ἐλθόντα
1395 1073 1484 1127 τὸν
1519 1073 1756 1145 Χριστὸν

162 1163 262 1217 τοῦ
288 1163 424 1216 Θεοῦ
449 1164 508 1216 οὐ
541 1165 906 1234 προσήκαντο,
937 1163 1160 1227 εἰκότως
1192 1165 1389 1228 αὐτοὺς
1421 1163 1752 1228 καταλιπὼν,

161 1259 261 1314 ἰπὶ
309 1257 487 1310 πάντα
535 1259 766 1327 μετέστη
812 1255 879 1309 τὰ
933 1255 1082 1328 ἔθνη,
1114 1256 1176 1310 τὸ
1220 1256 1391 1312 αἴτιον
1433 1258 1532 1328 τῆς
1587 1275 1754 1328 μετα-

163 1349 432 1414 πτώσεως
465 1349 704 1416 διδάξας,
737 1349 802 1402 δι’
833 1341 907 1402 ὧν
932 1350 1434 1421 ἀποκλαυσάμενος,
1477 1349 1758 1422 μονονουχὶ

160 1442 552 1513 ἀπελογήσατο
603 1441 803 1495 εἰπών·
842 1462 860 1492 ι
911 1443 1284 1514 Ἰερουσαλὴμ,
1333 1443 1686 1515 Ἰερουσαλὴμ
1721 1446 1755 1516 ή

164 1535 566 1590 ἀποκτείνουσα
606 1537 733 1598 τοὺς
775 1537 1058 1608 προφήτας
1108 1537 1200 1589 καὶ
1243 1535 1589 1590 λιθοϐολοῦσα
1634 1538 1759 1600 τοὺς

164 1627 614 1698 ἀπεσταλμένους
645 1628 784 1699 πρὸς
818 1628 1051 1700 σαυτήνο
1085 1628 1348 1693 πολλάκις
1375 1628 1483 1702 γὰρ
1517 1628 1760 1701 ἠθέλησα

164 1721 495 1787 ἐπισυνάξαι
519 1720 588 1774 τὰ
617 1721 782 1775 τέκνα
811 1738 928 1785 σου,
956 1721 1015 1774 ὃν
1054 1721 1254 1792 τρόπον
1287 1721 1435 1794 ὅρνις
1477 1721 1546 1775 τὰ
1572 1722 1761 1777 νοσσία

1857 537 2031 592 usque
2060 521 2202 582 diem
2232 522 2429 579 domus
2457 520 2626 578 Israel
2648 521 2867 586 cecidit,
2894 529 2950 576 et
2970 520 3236 576 visionem
3270 523 3440 578 semel

1857 614 2000 671 Deus
2032 629 2098 670 ac
2126 614 2598 670 denuntiationem
2629 614 2878 685 protulit,
2909 612 2979 668 de
2999 627 3199 667 casura
3220 611 3439 666 illorum

1857 707 2021 762 domo
2081 709 2137 762 in
2171 705 2500 771 Jerusalem,
2528 706 2796 762 adversus
2817 720 3035 762 omnem
3053 705 3272 759 illorum
3297 704 3441 758 mul-

1858 800 2168 864 titudinem,
2203 799 2369 855 veluti
2401 813 2591 853 eorum
2625 799 2718 868 qui
2748 812 2856 852 non
2911 796 3147 866 amplius
3195 794 3442 866 erigendi

1859 895 1993 959 sint,
2026 908 2094 948 eo
2122 891 2269 963 quod
2299 906 2411 946 non
2442 889 2607 956 adsit,
2639 891 2735 961 qui
2768 890 2836 944 ad
2865 889 2988 945 illos
3020 889 3195 959 erigat
3221 906 3236 943 :
3274 906 3292 939 ι
3330 901 3442 941 non

1857 997 1964 1055 est,
1989 988 2189 1059 inquit,
2219 986 2314 1058 qui
2344 985 2518 1055 erigat
2545 999 2687 1039 eam.
2722 1002 2740 1035 ι
2787 981 3086 1052 Postquam
3118 981 3264 1037 enim
3285 979 3446 1034 Chri-

1861 1091 2030 1144 stum,
2062 1083 2154 1151 qui
2187 1081 2252 1134 ad
2287 1079 2407 1136 illos
2435 1084 2678 1141 venerat,
2703 1090 2812 1130 non
2836 1080 3218 1144 susceperunt,
3247 1071 3445 1127 merito

1862 1173 1987 1228 illos
2010 1183 2065 1227 et
2089 1169 2352 1234 deseruit,
2393 1175 2448 1222 et
2493 1167 2549 1222 in
2581 1181 2774 1222 omnes
2829 1164 3115 1220 transtulit
3166 1162 3442 1225 nationes,

1861 1265 2135 1337 quietiam
2167 1273 2282 1318 tum
2332 1261 2488 1332 prius
2523 1261 2698 1314 ruina:
2739 1273 2962 1314 causam
3020 1257 3143 1312 illos
3202 1255 3442 1318 edocuit,

1862 1359 1953 1414 ubi
1991 1373 2160 1428 prope
2190 1372 2314 1412 cum
2351 1352 2742 1408 lamentatione
2772 1367 2832 1408 se
2874 1350 3180 1415 excusavit,
3208 1348 3398 1403 dicens
3427 1365 3441 1402 :

1869 1471 1887 1503 ι
1925 1449 2258 1510 Jerusalem,
2288 1446 2796 1512 Jerusalem,‘qu1e
2854 1441 3064 1497 occidis
3121 1439 3444 1512 prophetas,

1863 1552 1916 1599 et
1938 1540 2150 1612 lapidas
2183 1553 2280 1595 eos
2308 1537 2402 1608 qui
2424 1536 2493 1592 ad
2521 1543 2576 1590 te
2611 1534 2765 1590 missi
2793 1543 2944 1598 sunt,
2971 1547 3113 1602 saepe
3143 1531 3288 1586 volui
3315 1545 3452 1584 eon-

1866 1651 2094 1709 gregare
2121 1633 2264 1688 filios
2295 1639 2420 1686 tuos
2449 1627 2725 1700 quomodo
2747 1627 2950 1698 gallina
2981 1625 3160 1696 pullos
3189 1637 3321 1678 suos
3347 1623 3450 1678 sub

1871 1731 2010 1790 alas,
2042 1735 2096 1783 et
2126 1725 2387 1781 noluistis
2423 1739 2436 1775 :
2468 1737 2599 1780 ecce
2643 1718 2973 1790 relinquitur
3027 1718 3224 1772 domus
3267 1721 3450 1770 vestra

165 1813 344 1884 αὐτῆς
375 1813 479 1867 ὑπὸ
527 1812 624 1878 τὰς
664 1814 959 1888 πτέρυγας,
1001 1790 1101 1868 καί
1144 1815 1244 1868 οὐκ
1281 1790 1612 1886 ⁴Ιηθελήσατε·
1655 1815 1763 1870 ἰδοὺ
1795 1790 1836 1845 Β
1866 1823 2086 1878 deserta
2112 1821 2176 1874 ⁸ο.

164 1905 392 1973 ἀφίεται
425 1906 554 1976 ὑμῖν
586 1907 615 1958 ὁ
651 1902 800 1970 οἶκος
831 1905 984 1977 ὑμῶν
1016 1903 1244 1978 ἕρημος.
1286 1924 1303 1955 ι

177 2037 318 2119 {Lit}
362 2038 471 2119 Διςοῦ
516 2039 864 2119 Ἀέιϐ-ακούμ.
899 2069 970 2078 -—
994 2039 1265 2119 ,Χριστὸς
1312 2041 1600 2119 ὀνομᾳοτί
1643 2042 1763 2119 ὑπό

233 2111 466 2191 ῌιψίος
490 2108 598 2163 τοῦ
628 2109 856 2191 Πατρός
893 2108 1225 2179 σωζόμενος
1257 2111 1357 2164 καὶ
1395 2108 1595 2172 σώζων
1624 2112 1766 2178 τοὺς

237 2180 462 2234 ἑαυτοῦ
493 2181 796 2249 χριστούς.

247 2311 267 2344 ι
320 2290 573 2362 Ἐξῆλθες
600 2292 680 2355 εἰς
707 2291 980 2362 σωτηρίαν
1008 2290 1140 2344 λαοῦ
1171 2309 1288 2358 σου,
1314 2293 1406 2347 τοῦ
1439 2293 1610 2348 σῶσαι
1638 2295 1766 2358 τοὺς

167 2383 432 2456 χριστούς
455 2399 577 2436 σουο
611 2381 802 2446 ἔϐαλες
830 2384 908 2445 εἰς
937 2381 1181 2451 κεφαλὰς
1207 2383 1424 2454 ἀνόμων
1453 2384 1698 2438 θάνατον.
1740 2403 1760 2434 ι

179 2476 419 2540 Ἀκύλας
467 2496 486 2528 ι
538 2475 791 2547 Ἐξῆλθες
819 2477 899 2538 εἰς
947 2475 1220 2548 σωτηρίαν
1255 2473 1385 2529 λαοῦ
1422 2493 1536 2540 σου,
1563 2479 1642 2539 εἰς
1664 2492 1768 2528 σω-

166 2569 371 2641 τηρίαν
402 2568 532 2622 λαοῦ
569 2587 662 2622 σου
700 2571 796 2623 σὺν
824 2568 1046 2641 Χριστῷ
1079 2585 1194 2623 σου.
1231 2590 1249 2621 ι
1298 2569 1514 2641 Ἐπειδὴ
1549 2572 1577 2620 ὁ
1609 2571 1766 2624 Ἀκύσ

164 2661 272 2724 λας
307 2662 431 2716 ἀντὶ
459 2659 552 2714 τοῦ
583 2659 944 2733 πληθυντικοῦ
981 2660 1176 2724 ἑνικῶς
1217 2661 1469 2726 ἐξέδωκε,
1503 2663 1598 2716 σὺν
1629 2663 1767 2733 Χρι-

164 2753 285 2826 στῷ
350 2753 550 2824 φήσας,
587 2752 686 2824 τὴν
722 2753 996 2825 σωτηρίαν
1026 2751 1104 2824 τῷ
1150 2751 1263 2823 λαῷ
1298 2754 1628 2824 πεποιῆσθαι
1676 2755 1769 2809 τὸν

165 2845 280 2900 τῶν
306 2845 444 2899 ὅλων
469 2844 601 2899 Θεόν
620 2863 633 2874 ·
668 2846 890 2911 εἰκότως
939 2845 1292 2917 παρεθέμεθα
1337 2846 1434 2918 τὴν
1483 2846 1649 2914 λέξιν,
1676 2865 1771 2902 σα-

165 2939 293 3008 φῶς
323 2937 401 3009 τῷ
435 2937 777 3010 προϐλήματι
825 2940 1256 3010 παρισταμένην.
1294 2934 1420 2993 Εἶεν
1444 2939 1502 2993 δὲ
1532 2939 1597 2994 ἂν
1630 2940 1770 2994 κατὰ

164 3033 273 3105 τὴν
295 3032 406 3086 τῶν
433 3033 834 3105 Ἐϐδομήιιοντα
861 3035 1155 3106 ἑρμηνείαν
1189 3034 1407 3098 πλείους
1435 3035 1484 3086 οἱ
1515 3033 1573 3100 ἐξ
1605 3033 1768 3088 αὐτοῦ

1867 2054 1945 2108 Ab
1979 2052 2290 2107 Ambacum.
2313 2077 2383 2088 α-
2407 2047 2647 2102 Christus
2669 2043 2980 2100 nominatim
3000 2041 3272 2097 aDomino
3296 2037 3452 2092 Patre

2169 2129 2433 2185 servatur,
2466 2128 2514 2174 et
2545 2118 2770 2173 christos
2800 2132 2924 2170 suos
2957 2122 3152 2168 servat.

1947 2319 1965 2352 ι
2003 2297 2274 2371 Egressus
2306 2314 2365 2353 es
2397 2296 2452 2351 in
2479 2296 2710 2352 salutem
2737 2291 2926 2364 populi
2966 2290 3067 2358 tui,
3099 2295 3158 2343 ut
3186 2301 3439 2344 servares

1868 2395 2108 2450 christos
2122 2400 2247 2447 tuos
2268 2389 2477 2461 :jecisti
2497 2391 2551 2442 in
2565 2387 2744 2457 capita
2759 2385 3073 2456 iniquorum
3096 2387 3328 2435 mortem
3346 2379 3412 2430 ⁶¹.
3429 2397 3448 2429 ι

1867 2488 2063 2559 Aquila
2082 2505 2128 2541 ς(
2148 2485 2413 2555 Egressus
2429 2498 2490 2537 es
2504 2482 2559 2536 in
2582 2479 2811 2537 salutem
2830 2476 3015 2548 p0puli
3029 2473 3132 2540 tui,
3153 2473 3208 2526 in
3224 2471 3455 2527 salutem

1869 2590 2016 2636 tuam
2035 2595 2157 2634 cum
2177 2577 2393 2632 Christo
2410 2584 2525 2632 tuo.
2540 2573 2837 2640 rQuoniam
2858 2568 3050 2639 Aquila
3071 2569 3122 2622 in
3138 2564 3332 2637 plurali
3347 2561 3460 2624 edi-

1869 2675 1948 2730 dit
1969 2673 2246 2743 singulare
2261 2669 2480 2739 quippe,
2498 2667 2592 2738 qui
2619 2680 2743 2719 cum
2765 2663 2984 2718 Christo
3001 2658 3198 2715 dixerit
3225 2656 3455 2712 salutem

1871 2766 2070 2839 populo
2096 2764 2291 2819 fecisse
2316 2761 2483 2816 Deum
2519 2757 2784 2821 universi,
2822 2757 2946 2826 jure
2982 2753 3101 2823 ipsa
3130 2749 3295 2806 verba
3355 2761 3454 2816 ap-

1874 2860 2182 2932 posuimus,
2211 2871 2332 2926 qua:
2350 2853 2658 2925 perspicue,
2690 2850 2835 2920 quod
2859 2849 2947 2901 hic
2979 2845 3322 2917 propositum
3351 2854 3456 2903 est,

1873 2959 2116 3008 tuentur.
2150 2949 2326 3002 Erunt
2359 2953 2541 3001 autem
2614 2960 2680 2997 ex
2714 2939 3164 3010 interpretatione
3213 2937 3458 3006 ipsorum

1874 3040 2018 3096 LXX
2053 3041 2240 3112 plures
2265 3038 2333 3091 ab
2363 3036 2457 3090 illo
2490 3043 2544 3090 et
2573 3048 2672 3104 per
2703 3033 2882 3097 illum,
2907 3029 3002 3100 qui
3033 3028 3228 3083 christ:
3271 3025 3458 3096 appel-

166 3129 268 3181 καὶ
301 3127 371 3180 δι’
398 3127 560 3181 αὐτὸν
604 3128 817 3198 χριστοὶ
859 3127 1311 3200 χρηματίζοντες,
1346 3128 1476 3199 περὶ
1517 3121 1592 3181 ὧν
1622 3126 1761 3198 εἴρη-

1878 3137 2081 3197 Ientur,
2141 3131 2210 3186 de
2245 3130 2448 3200 quibus
2499 3127 2704 3182 dictum
2762 3131 2892 3178 est:
2949 3139 2968 3172 ι
3010 3118 3186 3173 Nolite
3237 3125 3461 3186 tangere

162 3235 291 3272 ταιο
335 3237 352 3268 ι
381 3219 474 3288 Μὴ
497 3217 706 3289 ἆψησθε
733 3217 841 3270 τῶν
865 3217 1101 3290 χριστῶν
1135 3236 1258 3290 μου,
1289 3219 1383 3272 καὶ
1408 3220 1466 3271 ὲν
1494 3221 1604 3283 τοῖς
1640 3235 1773 3290 προ-

166 3313 377 3382 qia";
410 3327 510 3381 μου
547 3309 620 3381 μὴ
651 3310 1035 3382 πονηρεύεσθε,
1081 3329 1098 3361 ν
1131 3310 1184 3362 οἵ
1208 3327 1267 3363 τε
1301 3310 1381 3372 εἰς
1423 3308 1590 3362 αὑτὸν
1613 3325 1774 3362 πεπι-

167 3405 486 3467 στευκότες,
515 3403 608 3456 καὶ
634 3401 727 3456 τοῦ
763 3402 916 3471 ἁγίου
945 3402 1044 3472 τῆς
1072 3403 1129 3456 ὲν
1155 3401 1231 3473 τῷ
1262 3400 1482 3472 Χριστῷ
1520 3401 1775 3469 παλιγγε-

165 3497 362 3559 νεσίας
391 3497 694 3567 χρῖσματος
725 3495 1142 3566 κατηξιωμένοι,
1168 3496 1263 3549 καὶ
1283 3494 1572 3565 δυνάμενοι
1593 3493 1774 3562 λέγειν

164 3590 381 3662 ὁμοίως
416 3587 496 3659 τῷ
535 3588 667 3660 ἱερῷ
699 3587 1011 3658 ἀποστόλῳο
1055 3605 1074 3639 ι
1114 3587 1347 3658 Μέτοχοι
1389 3586 1482 3640 τοῦ
1536 3585 1773 3657 Χριστοῦ

167 3685 506 3754 γεγόναμεν.
555 3701 573 3733 ι

183 3820 325 3876 Ἀπὸ
373 3818 492 3872 τῶν
528 3818 801 3886 Ἰερεμίου
837 3815 1102 3886 Θρήνων.
1150 3847 1221 3856 -
1261 3812 1519 3882 Χριστὸς
1558 3814 1775 3886 ὀνομα-

245 3891 348 3944 στὶ
389 3888 511 3943 ὑπὸ
555 3883 851 3942 Ἰουδαίων
877 3883 1452 3956 ἐπιϐουλευόμενος,
1501 3884 1602 3938 καὶ
1653 3883 1778 3950 τοῖς

243 3964 455 4018 ἔθνεσι
487 3959 1054 4030 ἑπιγτινωσκόμενος.

251 4091 270 4121 ι
318 4067 544 4139 Πνεῦμα
577 4064 869 4140 προσώπου
916 4066 1074 4139 ήμῶν
1119 4064 1355 4138 Χριστὸς
1405 4063 1610 4136 Κύριος
1656 4081 1782 4119 συν·

171 4161 390 4234 ελήφθη
425 4163 483 4213 ἐν
513 4163 636 4222 ταῖς
691 4159 1010 4231 διαφθοραῖς
1055 4158 1235 4230 ἡμῶν,
1265 4149 1328 4210 οῦ
1382 4157 1648 4227 εἴπαμενο
1691 4157 1780 4210 Ἐν

171 4257 241 4324 τῇ
276 4254 410 4323 σκιᾷ
444 4249 610 4304 αὐτοῦ
645 4247 926 4322 ζησόμεθα
958 4251 1017 4304 ὲν
1037 4252 1154 4312 τοῖς
1180 4247 1410 4302 ἔθνεσιν.
1441 4267 1460 4300 ι
1487 4249 1552 4302 Οἱ
1587 4247 1782 4302 θεσπέ-

173 4363 286 4400 σιοι
335 4345 433 4398 τοῦ
479 4343 615 4398 Θεοῦ
668 4343 967 4414 προφῆται,
1009 4341 1070 4394 τὸ
1115 4341 1307 4413 μέλλον
1340 4340 1472 4413 θείῳ
1501 4342 1781 4413 Πνεύματι

174 4436 544 4508 συνορῶντες,
580 4434 840 4505 ζήσεσθαι
874 4434 974 4506 μὲν
1016 4434 1241 4498 ἑαυτοὺς
1278 4435 1373 4488 καὶ
1403 4435 1530 4498 τοὺς
1567 4434 1777 4488 ἑαυτῶν

1877 3225 2119 3282 christos
2169 3239 2353 3285 meos,
2383 3228 2439 3275 et
2470 3219 2526 3274 in
2562 3216 2846 3288 prophetis
2899 3213 3038 3268 meis
3072 3210 3242 3264 nolite
3297 3205 3458 3262 mali-

1873 3316 2033 3390 gnari
2057 3316 2102 3346 ⁶²
2141 3335 2153 3370 :
2195 3333 2213 3366 ι
2243 3314 2335 3384 qui
2379 3311 2598 3381 quidem
2621 3316 2677 3364 et
2718 3308 2776 3362 in
2814 3307 2965 3358 illum
3000 3301 3373 3361 crediderunt,
3405 3304 3462 3352 et

1877 3417 2070 3465 saneta
2100 3403 2537 3477 regenerationis
2568 3403 2622 3456 in
2641 3399 2863 3454 Christo
2894 3397 3155 3452 unctione
3187 3392 3338 3464 (ligni
3369 3390 3464 3444 ha-

1875 3498 1976 3552 biti
2007 3505 2158 3560 sunt,
2193 3502 2246 3548 et
2274 3508 2382 3547 una
2403 3507 2529 3547 eum
2577 3498 2772 3545 sancto
2803 3486 3068 3558 Apostolo
3108 3485 3297 3540 dicere
3335 3494 3465 3552 pos-

1876 3595 2004 3646 sunt
2030 3608 2044 3643 :
2077 3605 2094 3640 ι
2124 3585 2426 3656 Participes
2454 3581 2658 3638 Christi
2686 3579 2814 3634 facti
2839 3592 3030 3632 sumus
3060 3576 3125 3630 ⁸³.
3158 3594 3176 3626 ι

1882 3815 2042 3886 190
2075 3811 2398 3886 Aleremiag
2445 3801 2957 3886 Legitentationibus.
2994 3831 3062 3840 --
3089 3796 3331 3853 Christus
3351 3812 3464 3886 .130-

1949 3867 2195 3940 ;n‘i'natim
2243 3881 2307 3935 ab
2361 3878 2569 3934 Judwis
2613 3873 3042 3936 circumvenitur,
3079 3879 3128 3923 et
3160 3885 3191 3920 a
3220 3867 3463 3938 gentibus

1951 3955 2277 4026 agnoscitur.

1957 4087 1975 4120 ι
2015 4066 2256 4137 Spiritus
2289 4063 2474 4119 vultus
2498 4059 2674 4117 nostri
2699 4056 2956 4112 Christus
2991 4053 3276 4114 Dominus,
3311 4065 3466 4105 com-

1881 4161 2187 4234 prehensus
2246 4165 2332 4213 est
2379 4155 2439 4210 in
2487 4148 2938 4221 eorruptionibus
2992 4159 3222 4207 eorum,
3256 4141 3324 4197 de
3357 4157 3467 4211 quo

1881 4253 2145 4315 diximus,
2176 4249 2234 4303 in
2263 4248 2456 4301 umbra
2481 4243 2654 4315 ipsius
2687 4240 2933 4295 vivemus
2962 4236 3018 4290 in
3056 4231 3310 4304 gentibus
3331 4229 3395 4283 ⁸⁸.
3442 4248 3461 4279 ι

1880 4339 2250 4398 Admirabiles
2281 4337 2360 4392 illi
2392 4335 2488 4390 Dei
2522 4333 2824 4405 prophetae,
2861 4342 2986 4383 cum
3029 4325 3218 4379 divino
3267 4321 3466 4391 spiritu

1884 4434 2231 4488 intuerentur
2293 4426 2440 4499 quod
2471 4424 2719 4480 futurum
2749 4433 2888 4486 erat,
2943 4417 3189 4472 victuros
3243 4413 3465 4484 quidem

170 4531 396 4600 λόγους,
445 4529 522 4592 ὡς
549 4527 614 4582 ἂν
656 4524 875 4590 ζώντων
922 4527 1237 4598 ἐνεργήσειν
1282 4527 1340 4580 ὲν
1378 4529 1492 4590 τοῖς
1536 4525 1761 4580 ἔθνεσιν

1884 4530 2119 4596 seipsos,
2152 4521 2318 4578 verba
2349 4527 2532 4575 autem
2557 4512 3112 4585 sua,quasiipsornm
3139 4506 3464 4567 viventium,

172 4625 294 4680 ἀλλ’
329 4624 434 4678 οὒκ
461 4625 518 4677 ὲν
544 4620 624 4692 τῷ
638 4619 878 4692 Ἰσραὴλ,
905 4619 1210 4683 ἐθέσπιζον.
1237 4621 1340 4674 Τὸν
1361 4620 1595 4693 Χριστὸν
1615 4620 1777 4674 πάλιν

170 4717 466 4789 ὀνομαστὶ,
496 4719 574 4779 ὡς
608 4714 674 4769 ἂν
719 4713 884 4768 αὑτὸν
912 4712 1005 4766 τὸν
1042 4713 1299 4784 Χριστὸν,
1330 4715 1460 4785 παρ’
1504 4707 1564 4767 οῦ
1595 4715 1690 4768 καὶ
1717 4714 1779 4766 τὸ

172 4808 522 4884 προφητικὸν
556 4809 741 4872 αὐτοῖς
773 4808 1113 4880 κεχορήγητο
1140 4805 1377 4876 πνεῦμα,
1410 4805 1781 4878 συλληφθήσε-

175 4905 306 4959 σθαι
338 4903 579 4972 ἔφασκον
625 4902 684 4953 ἐν
722 4902 842 4964 ταῖς
892 4898 1210 4969 διαφθοραῖς
1251 4898 1453 4953 αὐτῶν.
1496 4898 1705 4963 Τίνων;
1739 4893 1774 4968 ἦ

169 4997 340 5068 δῆλον
384 4995 465 5048 ὅτι
511 4993 621 5046 τῶν
655 4995 719 5046 ὲκ
766 4991 1068 5064 περιτομῆς
1109 4991 1564 5045 ἐπιϐουλευόντων
1604 4990 1769 5061 αὐτῷ.

172 5092 352 5162 Τήρει
386 5087 446 5140 δὲ
482 5086 779 5152 κάνταῦθα,
814 5089 963 5150 ὅπως
1003 5088 1032 5136 ό
1053 5087 1210 5157 λόγος
1237 5085 1330 5138 τὸν
1360 5084 1597 5156 Χριστὸν
1640 5101 1776 5155 προ-

171 5176 440 5251 αγορεύει
478 5175 971 5249 συλληφθήσεσθαι,
1003 5177 1141 5249 ὅπερ
1159 5179 1261 5230 οὐκ
1286 5175 1353 5230 ἂν
1376 5173 1676 5246 ὲφαρμόζοι
1708 5178 1775 5246 τῇ

170 5273 419 5344 δευτέρα
459 5270 554 5323 τοῦ
597 5269 834 5342 Χριστοῦ
889 5271 1180 5343 παρουσίᾳ,
1209 5271 1275 5340 ἢν
1312 5269 1520 5334 ἔνδοξον
1562 5268 1777 5322 ἔσεσθαι

171 5367 274 5422 καὶ
323 5364 467 5437 μετὰ
509 5363 782 5434 βασιλείας
821 5363 1006 5417 ἐνθέου
1049 5363 1518 5435 προκηρύττουσιν
1564 5363 1612 5414 οἱ
1648 5379 1779 5433 προ-

175 5458 409 5531 φητικοὶ
437 5457 607 5526 λόγοι.
641 5458 842 5530 Διόπερ
875 5458 1021 5514 εἰκὸς
1048 5457 1176 5519 τοὺς
1208 5459 1272 5509 ἐκ
1300 5455 1604 5526 περιτομῆς
1647 5455 1780 5508 ἀπο-

176 5547 541 5618 σφάλλεσθαι,
570 5547 637 5600 τὲι
671 5547 798 5618 περὶ
835 5547 936 5616 τῆς
959 5546 1216 5618 δευτέρας
1245 5545 1564 5612 ἐπιφανείας
1592 5542 1776 5608 αὐτοῦ,

175 5640 256 5706 ὡς
309 5641 408 5694 ἐπὶ
463 5638 689 5710 πρώτης
749 5638 980 5707 ἀφίξεως
1043 5637 1504 5708 ἐ”·).αμϐἁνοντας,
1531 5633 1778 5705 οὐδαμῶς

288 5800 334 5829 "‘
362 5796 496 5852 Luc.
545 5797 875 5862 suum-53).
955 5797 991 5828 δ’
1022 5793 1227 5850 Hahae.
1265 5809 1348 5859 Ill,
1392 5793 1470 5848 l5.

1555 5795 1599 5824 θ’
1623 5791 1767 5848 Psal.
1799 5805 1908 5857 Civ,
1939 5790 2020 5845 l5.

1886 4632 1996 4671 non
2029 4616 2214 4670 futura
2250 4611 2449 4674 otiosa,
2483 4623 2595 4663 non
2626 4606 2770 4677 apud
2810 4602 3001 4666 Israel,
3037 4598 3131 4655 sed
3155 4596 3301 4668 apud
3335 4611 3469 4666 gen-

1885 4716 1989 4773 tes,
2025 4705 2327 4762 canebant:
2359 4701 2641 4757 Christum
2671 4703 2849 4751 autem
2880 4709 3071 4749 rursus
3117 4687 3466 4750 nominatim,

1885 4800 2045 4872 quasi
2082 4798 2234 4852 illum
2269 4794 2547 4850 Christum
2583 4807 2614 4845 a
2648 4805 2757 4860 quo
2787 4785 3141 4859 prephetieus
3170 4781 3304 4852 ipsis
3338 4794 3471 4850 sup-

1887 4869 2224 4962 peditaretur
2251 4886 2501 4957 spiritus,
2536 4875 3108 4952 comprehendendum
3133 4871 3388 4926 dicebant
3414 4869 3470 4922 in

1886 4980 2336 5053 eorruptionibus
2382 4978 2651 5048 ipsorum.
2681 4971 2968 5040 Quorum?
2997 4967 3202 5037 Nempe
3246 4963 3472 5018 ,1υάωο-

1883 5093 2027 5142 rum,
2057 5077 2152 5146 qui
2210 5074 2364 5127 illum
2420 5068 2637 5126 insidiis
2678 5067 3182 5122 circumvenerunt.
3234 5054 3471 5111 Attende

1886 5183 2016 5223 vero
2062 5166 2152 5221 hic
2193 5179 2433 5236 quoque,
2473 5171 2533 5216 ut
2572 5158 2857 5214 oraculum
2900 5154 3187 5210 Christum
3219 5149 3469 5221 praedicit

1888 5256 2489 5330 comprehendendum,
2525 5251 2670 5323 quod
2697 5265 2830 5305 sane
2857 5246 3066 5304 Christi
3091 5242 3334 5302 secundo
3365 5242 3466 5296 atl-

1889 5351 2076 5410 ventui
2099 5345 2504 5405 accommodari
2535 5361 2642 5399 non
2674 5342 2868 5414 possit,
2899 5356 3061 5412 quem
3096 5337 3395 5411 gloriosum
3417 5341 3472 5388 et

1888 5460 2014 5500 cum
2070 5457 2240 5514 regno
2287 5440 2477 5495 divino
2531 5437 2817 5498 futurum,
2874 5431 3195 5504 prophetica
3248 5426 3471 5484 oracula

1887 5537 2194 5594 enuntiant.
2260 5534 2608 5602 Quapropter
2655 5543 2880 5583 necesse
2924 5534 3009 5582 est
3051 5523 3271 5580 Jud-xos
3320 5523 3482 5576 aber-

1893 5648 2037 5696 rare,
2071 5631 2165 5703 qui
2193 5646 2256 5686 ea
2279 5643 2400 5700 quae
2425 5627 2491 5682 ad
2516 5623 2817 5681 secundum
2847 5621 2992 5676 illius
3026 5619 3318 5674 adventum
3347 5629 3469 5687 pero

2102 5788 2331 5844 “Hebr.
2367 5802 2449 5853 ιιι,
2489 5777 2573 5839 ll.
2655 5778 2919 5836 “Thrcn.
2966 5793 3038 5845 Iv,
3070 5775 3158 5832 20.
