3846 6218
425 315 530 369 319

1061 312 1332 370 EL'SEBII
1365 309 1850 368 CESARPENSIS
1889 307 1977 367 ΟΡ

2098 307 2276 364 ’ARS.
2318 308 2384 364 11.
2407 338 2478 348 -
2499 303 3002 364 APOLOGETICA.

3580 304 3689 358 5‘20

423 433 603 487 tinent
627 433 788 503 quasi
822 432 890 487 de
925 431 1104 503 primo
1135 433 1314 487 solent
1344 430 1612 501 accipere,
1643 444 1768 484 cum
1794 429 1849 483 id
1867 445 1981 485 nus

2101 426 2256 482 τοῦτο
2286 425 2692 498 συγχωροῦντος
2721 423 2814 478 τοῦ
2851 424 3030 494 λόγου,
3069 423 3190 476 ἐπεὶ
3225 421 3298 494 μὴ
3325 415 3435 476 οἷόν
3455 421 3517 476 τέ
3545 423 3691 478 ἐστιν

420 539 585 595 quam
611 525 750 579 ratio
782 524 1048 579 concedat
1077 543 1090 578 :
1129 525 1332 594 quippe
1357 538 1483 578 cum
1512 522 1627 577 ﬁeri
1651 521 1806 576 nullo
1836 521 1999 576 modo

420 617 620 687 possit,
653 625 712 670 ut
741 625 795 672 et
826 617 1032 686 pariter
1079 625 1134 672 et
1179 615 1480 672 secundum
1527 614 1695 678 idem,
1738 613 1892 668 illum
1944 621 2002 668 et

420 708 721 779 gloriosum
757 715 812 763 et
846 708 1122 778 abjectum
1163 709 1434 781 ﬁngamus
1482 725 1496 763 :
1554 715 1818 778 praeterea
1873 722 1998 763 cum

420 800 630 856 honore
663 807 718 855 et
746 815 935 871 regno,
969 810 1023 856 et
1051 809 1246 856 contra
1301 815 1412 855 non
1468 799 1762 856 habentem
1819 814 2001 870 neque

420 892 658 961 speciem
693 908 870 961 neque
916 891 1106 960 decus,
1155 893 1250 948 sed
1286 899 1664 962 contemptum
1712 907 1825 962 prae
1870 890 2000 946 ﬁliis

421 986 703 1039 hominum
743 1004 756 1039 :
784 1002 978 1043 rursus
1011 985 1353 1042 Salvatorcm
1377 994 1432 1042 et
1463 985 1884 1057 Redemptorem
1917 983 2000 1040 ls-

419 1077 553 1139 rael,
584 1083 638 1130 et
667 1087 858 1130 contra
887 1077 1318 1132 circumventum
1347 1077 1417 1132 ab
1443 1077 1574 1141 illis,
1595 1083 1650 1132 et
1665 1075 1824 1147 quasi
1841 1091 1998 1132 ovem

419 1169 646 1224 ductum
693 1169 760 1224 ad
800 1169 1155 1235 occisionem,
1208 1171 1360 1226 etab
1393 1169 1670 1241 antiquis,
1727 1171 1818 1241 qni
1855 1171 1998 1226 inter

417 1261 638 1316 eosdem
671 1261 802 1326 sint,
833 1261 1092 1316 traditum
1115 1261 1182 1316 ad
1213 1262 1618 1318 mortem.Cum
1647 1271 1827 1318 autem
1861 1264 1996 1320 satis

417 1353 703 1407 commode
753 1369 821 1407 ex
873 1353 1079 1408 nostris
1128 1354 1478 1420 rationibus,
1533 1353 1994 1426 quemadmodum

415 1443 533 1512 ipsa
566 1459 746 1499 rerum
778 1445 1048 1515 inspectio
1078 1445 1340 1511 declarat,
1394 1447 1651 1502 vaticinia
1684 1447 1751 1502 de
1772 1447 1995 1501 Christo

412 1536 608 1592 induo
637 1552 838 1607 genera
869 1537 1222 1595 dividantur:
1279 1555 1342 1596 ea
1385 1541 1608 1612 quidem
1644 1556 1768 1611 quae
1791 1540 1856 1595 ad
1891 1541 1994 1595 hu-

411 1643 631 1682 manam
679 1630 829 1686 illius
885 1638 1138 1687 naturam
1171 1641 1422 1703 spectant
1451 1634 1810 1704 tristioraque
1838 1643 1989 1696 sunt,

412 1717 469 1772 in
495 1719 676 1788 priore
706 1719 854 1776 illius
887 1720 1124 1777 adventu
1158 1724 1428 1794 completa
1454 1739 1578 1780 esse
1613 1723 1942 1778 conﬁtemur
1973 1740 1988 1790 ;

2103 519 2236 591 ὁμοῦ
2286 520 2379 574 καὶ
2427 519 2569 572 κατὰ
2620 519 2681 572 τὺ
2726 518 2859 572 αὐτὸ
2915 515 3126 582 ἔνδοξον
3169 515 3330 569 αὑτὸν
3371 517 3466 570 καὶ
3507 517 3690 584 ἄδοξον

2101 613 2486 668 ὑποτίθεσθαι·
2535 613 2630 667 καὶ
2677 613 2892 682 ἔντιμον
2943 612 3038 666 καὶ¹
3090 610 3335 682 βασιλέα,
3375 611 3470 664 καὶ
3526 610 3690 663 πάλιν

2098 708 2198 760 οὐκ
2220 706 2412 778 ἔχοντα
2443 703 2582 771 εῐδος
2611 706 2734 760 οὐδὲ
2764 705 2978 770 κάλλος,
3006 704 3119 759 ἀλλ’
3159 705 3351 775 ἄτιμον
3374 702 3528 774 παρὰ
3560 703 3690 768 τοὺς

2099 801 2249 865 υἱοὺς
2281 801 2390 853 τῶν
2411 798 2714 871 ἀνθρώπων
2732 815 2748 833 ο
2777 798 2872 854 καὶ
2901 795 3057 862 αὖθις
3089 797 3318 869 Σωτῆρα
3350 797 3445 850 καὶ
3471 795 3691 868 Λυτρω-

2097 891 2196 963 τὴν
2235 892 2330 946 τοῦ
2369 891 2616 964 Ἰσραὴλ,
2658 891 2755 946 καὶ⁹
2806 889 2970 944 πάλιν
3021 888 3508 960 ἐπιϐουλευόμενον
3554 887 3691 960 πρὸς

2098 987 2298 1051 αύτῶν,
2325 987 2420 1039 καὶ
2450 985 2528 1050 ὡς
2567 983 2840 1056 πρόϐατον
2879 982 2972 1038 ἐπὶ
3001 982 3214 1052 σφαγὴν
3257 983 3549 1052 ἀγόμενον,
3583 981 3690 1036 ἀπό

2097 1096 2156 1132 τε
2181 1079 2288 1133 τῶν
2309 1079 2528 1150 ἀνόμων
2568 1077 2730 1130 αὐτὸν
2762 1077 2843 1140 εἰς
2875 1075 3103 1130 θάνατον
3135 1075 3584 1146 παραδιδόμενον.
3614 1069 3688 1128 Εὖ

2097 1171 2154 1225 δὲ
2185 1169 2308 1224 καθ’
2339 1170 2508 1241 ἡμᾶς,
2541 1169 2618 1233 ὼς
2654 1170 2689 1240 ἡ
2721 1167 2830 1220 τῶν
2859 1167 3198 1239 πραγμάτων
3231 1167 3351 1238 ὄψις
3395 1167 3694 1223 ἐπιδείκνυ-

2100 1278 2204 1324 σιν,
2235 1261 2315 1323 εἰς
2351 1259 2444 1313 δύο
2471 1260 2708 1332 τρόπους
2744 1257 2853 1311 τῶν
2897 1256 3144 1329 περὶτοῦ
3178 1256 3415 1328 Χριστοῦ
3447 1260 3680 1330 προρρή-

2099 1371 2234 1406 σεων
2256 1351 2671 1424 διαιρουμένων,
2706 1349 2776 1403 τά
2807 1348 2910 1420 μὲν
2949 1347 3408 1421 ἀνθρωπινώτερα
3433 1351 3529 1402 καὶ
3563 1367 3694 1403 σκυι

2097 1445 2292 1517 θρωπὰ
2338 1443 2480 1498 κατὰ
2521 1444 2619 1516 τὴν
2659 1442 2932 1515 προτέραν
2972 1441 3154 1512 ἄφιξιν
3195 1440 3360 1494 αὑτοῦ
3398 1441 3698 1513 πεπληρῶ-

2097 1538 2222 1590 σθαι
2249 1537 2612 1608 ὁμολογεῖται,
2646 1536 2716 1589 τὰ
2749 1535 2796 1589 δ’
2833 1534 3147 1606 ἐνδοξότερα
3174 1533 3268 1586 καὶ
3301 1533 3548 1604 θειότερα
3576 1535 3696 1591 εισ-

2095 1629 2175 1683 έτι
2203 1628 2298 1684 νῦν
2335 1629 2695 1701 προσδοκᾶται
2750 1627 2891 1682 κατὰ
2938 1627 3036 1699 τὴν
3077 1627 3336 1698 δευτέραν
3377 1625 3543 1679 αὐτοῦ
3581 1643 3694 1679 πα-

2101 1724 2339 1794 ρουσίαν.
2377 1721 2674 1788 Ἀπόδειξις
2709 1721 2766 1772 δὲ
2816 1720 2916 1790 τῆς
2965 1718 3235 1792 προτέρας
3257 1719 3518 1791 ἐναργὴς,
3555 1719 3591 1790 ἡ
3625 1716 3690 1784 ἐξ

413 1825 534 1880 qum
563 1826 693 1866 vero
745 1813 1008 1882 majorem
1060 1815 1289 1885 gloriam
1329 1815 1554 1882 habent,
1614 1831 1679 1871 ac
1723 1816 1981 1871 diviniora

2098 1816 2353 1869 ἁπάντων
2396 1814 2503 1868 τῶν
2548 1813 2719 1867 ἐθνῶν
2753 1814 2834 1877 εἰς
2875 1811 3036 1884 ἔργον
3084 1811 3387 1883 χωρήσασα
3419 1809 3486 1863 δι’
3517 1809 3693 1864 αὑτοῦ

414 1908 562 1964 sunt,
595 1901 775 1956 adhuc
815 1919 990 1973 usque
1050 1905 1118 1959 ad
1173 1907 1475 1961 secundum
1521 1907 1668 1962 illius
1697 1907 1989 1962 adventum

415 2001 822 2062 exspectantur.
855 1993 1062 2050 Prioris
1112 2004 1296 2051 autem
1336 1997 1734 2053 demonstratio
1759 1998 1985 2053 eviden-

413 2087 624 2143 tissima
652 2087 744 2143 Dei
775 2089 964 2158 utique
993 2104 1090 2160 per
1123 2090 1276 2144 illum
1310 2090 1363 2144 in
1413 2106 1606 2146 omnes
1637 2100 1825 2162 gentes
1857 2105 1986 2162 pro—

411 2196 619 2252 gressa,
671 2189 724 2236 et
769 2182 950 2251 rcipsa
1003 2181 1276 2237 declarata
1305 2183 1568 2253 cognitio,
1620 2199 1785 2253 quam
1819 2184 1986 2239 variis

2096 1907 2412 1976 θεογνωσία,
2451 1906 2517 1977 ἣν
2547 1906 2816 1978 διαφόρως
2853 1904 3040 1976 μυρίαι
3073 1902 3387 1967 θεσπίζουσι
3419 1920 3694 1976 προφητι-

2094 2000 2186 2052 καὶ
2207 1999 2402 2068 φωναὶ,
2433 1996 2739 2068 ὼσπεροῦν,
2768 1996 2862 2049 καὶ
2890 1997 2923 2067 ὴ
2957 1994 3228 2067 παροῦσα,
3264 1995 3330 2049 δι’
3355 1990 3422 2066 ἦς
3444 1994 3691 2067 εἴρηται,

2090 2085 2151 2143 οῦ
2185 2091 2450 2162 εἴπαμεν·
2499 2109 2518 2142 ι
2566 2091 2652 2144 Ἐν
2691 2091 2756 2160 τῇ
2792 2089 2921 2159 σκιᾷ
2948 2086 3112 2141 αὑτοῦ
3175 2087 3451 2160 ζηώμεθα
3483 2090 3540 2141 ὲν
3575 2091 3694 2152 τοῖς

2094 2184 2292 2238 ἔθνεσι.
2333 2203 2354 2236 ι

413 2273 752 2343 diversisque
775 2275 952 2330 modis
976 2275 1404 2332 innumerabiles
1428 2285 1634 2333 canunt
1661 2279 1994 2350 prophetica:
2030 2295 2219 2344 voces,
2257 2280 2402 2336 sicut
2427 2280 2508 2334 vel
2544 2293 2606 2334 ea
2638 2277 3053 2349 quamproxime
3097 2276 3411 2343 citavimus,
3463 2277 3520 2332 in
3571 2293 3684 2347 qua

410 2369 573 2426 verba
606 2370 698 2424 illa
734 2371 1192 2437 continebantur,
1247 2373 1315 2429 de
1375 2390 1485 2444 quo
1537 2375 1816 2432 diximus:
1852 2396 1870 2429 ι
1913 2375 1971 2431 1η
2010 2377 2205 2432 umbra
2238 2375 2413 2446 ipsius
2439 2375 2686 2431 vivemus
2721 2374 2777 2428 in
2809 2374 3086 2446 gentibus.
3123 2392 3146 2424 ι

411 2485 565 2556 191
603 2487 645 2540 A
674 2488 845 2555 primo
873 2488 1086 2558 Regum.
1107 2519 1179 2529 —
1208 2490 1451 2546 Christus
1476 2497 1789 2549 nominatim
1815 2513 1846 2548 a
1882 2495 1990 2550 Do-

850 2561 992 2614 mino
1027 2560 1190 2616 Patre
1234 2564 1527 2619 exaltatur.

480 2687 500 2720 ι
548 2668 810 2726 Dominus
843 2675 1089 2729 ascendit
1118 2675 1172 2728 in
1219 2677 1388 2732 caelos
1419 2687 1474 2733 et
1501 2680 1676 2735 tonuit
1707 2701 1719 2736 :
1749 2681 1864 2752 ipse
1891 2681 1984 2751 ju-

405 2762 610 2820 dicabit
635 2773 877 2820 extrema
901 2775 1080 2831 terras,
1105 2769 1199 2839 qui
1230 2770 1323 2824 dat
1356 2770 1729 2829 fortitudinem
1762 2775 1984 2846 regibus

405 2862 630 2922 nostris,
663 2867 717 2914 et
741 2860 1006 2914 exaltabit
1037 2876 1209 2916 cornu
1241 2863 1444 2920 Christi
1474 2866 1560 2921 sui
1587 2868 1654 2922 ⁸⁸.
1688 2887 1706 2920 ι
1743 2866 1986 2924 Restitu-

402 2950 606 3004 tionem
667 2950 724 3005 in
779 2953 977 3006 malum
1031 2968 1226 3011 rursus
1279 2957 1602 3012 nominatim
1637 2959 1842 3015 Christi
1890 2968 1985 3015 aut

400 3041 566 3095 etiam
607 3041 703 3096 Dei
761 3045 1042 3100 oraculum
1075 3047 1343 3118 intelligit,
1378 3049 1735 3122 ejusdemque
1769 3053 1978 3109 doctri-

2109 2495 2242 2549 Ἀπὸ
2264 2495 2372 2562 τῆς
2401 2495 2637 2564 πρώτης
2655 2493 2775 2548 τῶν
2813 2493 3167 2559 βασιλειῶν.
3185 2491 3521 2561 -Χριστὸς
3551 2494 3690 2545 ὀνο-

2231 2568 2418 2636 μαστὶ
2445 2568 2564 2620 ὑπὸ
2594 2566 2818 2633 Κυρίου
2846 2564 2952 2618 τοῦ
2985 2564 3216 2632 Πατρός
3250 2565 3622 2634 ὑψούμενος.

2167 2699 2186 2731 ι
2217 2679 2419 2751 Κύριος
2438 2678 2602 2750 ἀνέϐη
2628 2679 2709 2742 εἰς
2722 2678 3002 2752 οὐρανοὺς,
3029 2677 3122 2730 καὶ
3141 2675 3490 2748 ἐϐρόντησεν·
3521 2678 3687 2739 αὐτὸς

2093 2773 2270 2842 κρινεῖ
2312 2771 2458 2842 ἄκρα
2507 2771 2631 2841 γῆς,
2676 2770 2772 2823 καὶ
2815 2768 2975 2822 δώσει
3026 2770 3177 2838 ἰσχὺν
3213 2770 3327 2831 τοῖς
3368 2767 3687 2838 βασιλεῦσιν

2092 2861 2269 2932 ἡμῶν,
2321 2861 2416 2913 καὶ
2454 2860 2658 2930 ὑψώσει
2699 2860 2866 2932 κέρας
2902 2859 3139 2932 Χριστοῦ
3173 2858 3359 2913 αὐτοῦ.
3398 2879 3416 2911 ι
3458 2859 3572 2930 Τὴν
3607 2859 3685 2924 εἰς

2090 2954 2356 3025 οὐρανοὺς
2378 2953 2822 3007 ἀποκατάστασιν
2852 2949 3005 3016 αὖθις
3031 2953 3290 3020 ὀνομαστὶ
3317 2951 3412 3006 τοῦ
3441 2952 3684 3024 Χριστοῦ

2065 3045 2119 3117 ,ἢ
2148 3047 2244 3100 καὶ
2275 3046 2410 3100 Θεοῦ
2441 3046 2596 3115 λόγος
2626 3047 2942 3109 ἐπινοεῖται,
2969 3047 3067 3118 τήν
3086 3063 3145 3098 τε
3167 3044 3492 3110 ἐξάκουστον
3520 3045 3683 3116 βρον-

401 3148 548 3196 nam,
585 3149 706 3203 qua!
758 3135 935 3190 instar
981 3139 1187 3194 tonitru
1223 3141 1293 3196 ab
1348 3143 1604 3197 omnibus
1642 3145 1981 3200 exaudienda

2098 3135 2189 3205 τῆς
2246 3136 2401 3206 δίκην
2447 3137 2526 3199 εἰς
2560 3137 2806 3200 ἅπαντας
2845 3135 3189 3190 διδασκαλίαν
3229 3136 3415 3199 αὑτοῦ,
3449 3135 3543 3188 καί
3583 3136 3684 3207 τὴν

401 3225 493 3288 sit,
530 3225 657 3280 item
688 3227 835 3296 quod
877 3237 1063 3298 postea
1096 3230 1337 3287 futurum
1385 3242 1470 3290 est
1501 3235 1745 3306 ejusdem
1791 3245 1981 3293 contra

401 3332 595 3372 omnes
617 3318 909 3387 judicium.
940 3319 1070 3379 Post
1096 3324 1211 3379 haec
1239 3334 1420 3381 autem
1454 3329 1572 3398 ipse
1595 3329 1858 3387 Dominus
1885 3333 1982 3387 da-

403 3414 562 3463 turus
595 3409 766 3463 robur
799 3410 1004 3466 dicitur
1028 3415 1250 3484 regibus
1289 3420 1514 3476 nostris.
1548 3420 1612 3474 Hi
1653 3439 1784 3478 vero
1819 3433 1981 3480 erunt

400 3500 633 3569 apostoli
677 3499 903 3566 Christi,
933 3503 1000 3558 de
1027 3507 1226 3575 quibus
1260 3509 1426 3566 habes
1470 3511 1524 3566 in
1576 3527 1722 3568 van
1771 3517 1979 3585 psalmo

400 3588 537 3644 illud
569 3591 614 3622 ⁸⁸
648 3608 662 3646 :
697 3611 716 3644 ι
761 3591 1200 3653 Dominusdabit
1224 3601 1448 3657 verbum
1475 3605 1979 3674 evangelizantibus

401 3681 602 3738 virtute
626 3683 815 3739 multa.
853 3705 871 3737 ι
909 3685 964 3741 In
994 3686 1098 3744 hoc
1130 3706 1347 3761 quoque
1373 3694 1696 3748 nominatim
1722 3695 1789 3751 de
1814 3696 1978 3752 Chri-

398 3780 487 3828 sto
520 3778 853 3832 mentionem
885 3780 1036 3844 facit,
1069 3783 1163 3852 qui
1199 3791 1256 3837 ut
1290 3784 1476 3850 homo,
1509 3785 1762 3842 Salvator
1793 3798 1978 3846 noster

398 3866 756 3936 intelligatur,
788 3869 946 3940 cujus
981 3873 1057 3926 ait
1085 3889 1254 3928 cornu
1279 3877 1646 3933 extollendum
1676 3895 1818 3944 esse,
1847 3881 1978 3936 dum

397 3958 654 4014 virtutem
696 3961 753 4014 in
780 3961 872 4016 illo
899 3963 1222 4022 invisibilem
1245 3979 1297 4023 et
1327 3985 1555 4041 regnum
1591 3971 1736 4027 illius
1767 3974 1977 4044 signiﬁ-

396 4057 502 4105 cat.
527 4049 942 4109 Consueverunt
960 4071 1089 4128 ergo
1109 4057 1304 4116 divina:
1326 4062 1517 4118 litterae
1538 4064 1717 4134 ipsum
1746 4081 1975 4137 regnum

383 4135 570 4195 'cornu
613 4143 904 4213 appellare.
958 4145 1104 4202 Idem
1149 4165 1281 4205 vero
1314 4153 1552 4222 positum
1589 4164 1674 4211 est
1722 4135 1886 4211 etiam
1919 4158 1977 4212 in

397 4247 640 4288 Lxxxvm
691 4236 904 4306 psalmo
933 4237 977 4271 ⁸⁷
1015 4259 1028 4295 :
1065 4258 1084 4293 ι
1144 4241 1212 4301 Ει
1244 4243 1301 4297 in
1327 4245 1568 4312 nomine,
1614 4247 1813 4319 inquit,
1851 4265 1976 4306 meo

391 4325 723 4382 exaltabitur
748 4343 920 4384 cornu
955 4332 1094 4402 ejus.
1130 4352 1152 4386 ι

391 4435 438 4492 Α
475 4442 647 4508 primo
677 4442 894 4568 Regum.
924 4477 995 4486 —-
1021 4446 1262 4502 Christus
1305 4451 1616 4505 nominatim
1659 4451 1872 4508 domum
1903 4454 1972 4524 ﬁ-

462 4511 632 4565 delem
662 4530 695 4566 a
781 4527 895 4568 αῖνε
921 4518 1110 4568 accivit
1141 4517 1436 4568 Ecclesium
1477 4539 1652 4568 suam-
1700 4533 1750 4568 et
1788 4541 1970 4568 ωιτη..

462 4511 632 4565 delem
662 4530 695 4566 a
729 4511 812 4568 Pa

459 4581 964 4663 dotem_ﬁ_delem_in
995 4581 1146 4642 omne
1177 4599 1397 4663 tempus,
1435 4594 1526 4663 qui
1555 4581 1808 4650 Ecclesia
1853 4613 1965 4652 sum

460 4668 582 4706 cum
619 4652 719 4708 Dei
746 4657 1040 4727 cognitione
1067 4661 1270 4724 prwsit.

464 4848 482 4880 ι
522 4829 662 4888 Ecce
691 4833 812 4889 dies
849 4837 1096 4902 veniunt,
1128 4848 1182 4894 et
1213 4841 1438 4909 perdam
1479 4857 1666 4900 semen
1699 4851 1876 4910 tuum,
1910 4855 1966 4903 et

384 4937 574 4976 semen
605 4923 800 4980 domus
825 4930 998 4996 patris
1027 4931 1104 4984 tui
1140 4951 1152 4986 :
1185 4941 1240 4987 et
1269 4949 1375 4988 non
1409 4937 1515 4990 erit
1537 4952 1702 4994 senex
1722 4940 1775 4993 in
1800 4938 1965 4996 domo

386 5022 475 5066 tua
502 5015 566 5068 εδ.
605 5035 624 5068 ι
664 5015 788 5072 Haec
819 5028 1108 5092 postquam
1169 5024 1237 5078 ad
1285 5023 1403 5081 Heli
1455 5028 1592 5083 dixit
1650 5031 1960 5099 oraculum,

383 5116 581 5177 praeter
609 5110 716 5164 alia
751 5115 1032 5180 nonnulla,
1067 5118 1185 5173 haec
1210 5119 1372 5174 etiam
1409 5121 1682 5194 adjungit,
1715 5125 1907 5182 dicens
1943 5141 1960 5182 :

385 5216 408 5249 ‹
457 5197 524 5253 Ει
553 5202 832 5259 suscitabo
887 5206 1021 5262 mihi
1063 5209 1168 5279 ipsi
1214 5213 1556 5270 sacerdotem
1595 5215 1829 5284 ﬁdelem,
1866 5220 1961 5291 qui

379 5291 567 5344 omnia
593 5291 748 5362 juxta
777 5311 875 5350 cor
907 5314 1087 5353 meum
1121 5307 1176 5354 et
1204 5301 1439 5356 animam
1471 5321 1647 5361 meam
1684 5306 1873 5372 faciet,
1906 5314 1963 5364 et

378 5382 662 5440 aediﬁcabo
689 5385 767 5442 illi
793 5389 1012 5444 domum
1051 5390 1287 5460 ﬁdelem,
1321 5403 1375 5450 et
1400 5397 1738 5468 ingredietur
1772 5415 1961 5455 coram

378 5473 602 5530 Christo
629 5492 751 5533 meo
781 5494 970 5538 omnes
999 5481 1118 5540 dies
1162 5485 1228 5558 “ﬂ.
1272 5505 1292 5538 ›
1331 5485 1468 5542 Cum
1507 5492 1867 5547 mutationem
1897 5505 1962 5548 ac

384 5568 736 5639 rejectionem
765 5572 834 5630 iis
859 5574 951 5645 qui
981 5591 1092 5631 non
1119 5587 1266 5634 recta
1293 5580 1506 5636 ratione
1529 5591 1844 5653 Operentur,
1877 5583 1964 5638 di-

2087 3228 2228 3300 μετὰ
2263 3229 2435 3283 ταῦτα
2467 3229 2839 3302 γενησομένην
2869 3228 3034 3284 αὐτοῦ
3061 3229 3204 3284 κατά
3240 3230 3460 3284 πάντων
3495 3230 3682 3300 κρίσιν

2081 3326 2114 3396 ή
2151 3323 2268 3377 θεία
2287 3325 2478 3397 Γραφὴ
2513 3323 2776 3388 θεσπίζει.
2812 3322 2968 3394 Ἑξῆς
2994 3323 3052 3376 δὲ
3077 3321 3288 3384 τούτοις
3319 3321 3484 3384 αὐτὸς
3505 3323 3534 3374 6
3568 3319 3686 3374 Κύ-

2085 3435 2201 3491 ριος
2221 3417 2413 3473 δώσειν
2449 3418 2602 3489 ἰσχὺν
2633 3417 2850 3486 λέγεται
2876 3419 2989 3480 τοῖς
3024 3414 3333 3486 βασιλεῦσιν
3366 3415 3544 3486 ἡμῶν.
3575 3408 3685 3468 Οὗ-

2080 3528 2163 3564 τοι
2194 3509 2238 3562 δ’
2268 3509 2333 3564 ἂν
2354 3505 2462 3563 εἶεν
2485 3511 2534 3562 οἱ
2556 3507 2841 3563 ἀπόστολοι
2873 3507 2968 3561 τοῦ
2987 3504 3247 3577 Χριστοῦ,
3281 3505 3409 3576 περὶ
3433 3498 3511 3558 ὧν
3532 3503 3684 3574 ἔχεις

2082 3603 2140 3654 ἐν
2182 3598 2257 3666 EC’
2284 3599 2483 3672 ψαλμῷ
2508 3600 2589 3665 τὸ,
2621 3619 2640 3652 ι
2675 3601 2882 3671 Κύριος
2909 3597 3070 3653 δώσει
3107 3597 3260 3671 ρἧα
3297 3598 3412 3659 τοῖς
3443 3597 3684 3664 εὐαγγε-

2079 3695 2382 3766 λιζομένοις
2420 3695 2646 3766 δυνάμει
2693 3693 2884 3765 πολλῇ.
2918 3712 2936 3744 ι
2976 3693 3095 3748 Κάν
3129 3693 3306 3762 τούτῳ
3344 3691 3401 3744 δὲ
3431 3691 3682 3763 Χριστοῦ

2079 3788 2340 3861 ὀνομαστὶ
2385 3786 2731 3859 μνημονεύει,
2783 3785 2879 3839 τοῦ
2910 3785 3055 3840 κατὰ
3080 3785 3172 3839 τὸν
3204 3783 3491 3855 ἄνθρωπον
3525 3801 3684 3840 νοου-

2083 3879 2245 3950 μένου
2281 3879 2532 3950 Σωτῆρος
2557 3877 2736 3949 ἡμῶν,
2797 3869 2859 3930 οὗ
2921 3876 2983 3930 τὸ
3019 3875 3186 3948 κέρας
3240 3875 3406 3945 φησὶν
3448 3873 3681 3947 ὑψωθή-

2081 3970 2289 4034 σεσθαι,
2323 3970 2422 4041 τὴν
2449 3971 2506 4023 ὲν
2537 3969 2685 4040 αὐτῷ
2715 3968 2946 4040 ἀόρατον
2979 3966 3230 4037 δύναμιν,
3262 3965 3357 4019 καὶ
3385 3965 3488 4037 τὴν
3514 3965 3681 4036 βασι-

2079 4060 2228 4115 λείαν
2284 4061 2450 4114 αὐτοῦ
2499 4060 2694 4132 δηλῶν.
2721 4061 2884 4124 Ἔθος
2912 4059 3045 4129 γοῦν
3072 4061 3138 4131 τῇ
3169 4059 3360 4130 Γραφῇ
3388 4060 3490 4130 τὴν
3514 4059 3680 4130 βασι-

2076 4153 2227 4209 λείαν
2248 4154 2418 4228 κέρας
2437 4154 2741 4226 ὀνομάζειν.
2766 4155 2959 4208 Κεῖται
2986 4153 3043 4207 δὲ
3067 4154 3162 4207 καὶ
3176 4155 3235 4208 ὲν
3258 4153 3336 4225 τῷ
3359 4161 3451 4226 my

2075 4247 2158 4314 τὸ,
2195 4268 2214 4300 ι
2251 4249 2362 4303 Καὶ
2410 4250 2467 4303 ὲν
2510 4249 2594 4322 τῷ
2617 4247 2840 4319 ὀνόματί
2881 4264 2984 4319 μου
3032 4247 3378 4310 ὑψωθήσεται
3408 4248 3472 4302 τὸ
3503 4248 3680 4318 κέρας

2077 4339 2264 4393 αὑτοῦ.

2089 4453 2222 4510 Ἀπὸ
2250 4453 2360 4522 τῆς
2381 4453 2617 4524 πρώτης
2636 4453 2755 4509 τῶν
2775 4452 3124 4509 Βασαειῶν.
3141 4486 3212 4495 -
3243 4455 3499 4524 Χριστὸς
3531 4458 3673 4511 ὀνο-

818 4527 895 4571 tre
916 4518 1110 4596 occipit
1141 4517 1436 4574 Ecclesium
1477 4539 1653 4596 sua_m,
1674 4594 1681 4596 _
1700 4533 1757 4596 et
1788 4498 1970 4578 sace'r-

2119 4498 2517 4596 ᾏαστῗοῖἷον
2533 4498 2752 4579 ,γέῖστὸν
2765 4526 2926 4592 παρὰ
2954 4526 3060 4580 τοῦ
3084 4498 3322 4593 Hann);
3343 4498 3676 4596 λαμέάνων

2141 4596 2258 4663 τὴν
2313 4597 2683 4665 Ἐκκλησίαν
2740 4596 2930 4650 αὐτοῦ
2958 4636 2972 4661 ,
3030 4597 3130 4650 καὶ
3193 4598 3386 4665 ἱερεὺς
3448 4601 3674 4664 πιστὸς

2143 4667 2340 4721 πάντα
2388 4667 2503 4740 ,τὸν
2554 4670 2782 4737 χρόνον
2827 4665 2937 4736 τῆς
2982 4667 3351 4736 Ἑκκλησίας
3400 4672 3674 4740 γνησίως

2144 4736 2606 4807 προϊστάμενος.

2147 4867 2167 4902 ι
2209 4849 2338 4903 Ἰδοὺ
2371 4849 2574 4922 ἡμέραι
2597 4850 2867 4922 ἔρχονται,
2893 4871 2912 4905 ι
2941 4851 3109 4920 λέγει,
3138 4870 3158 4902 ι
3183 4853 3278 4906 καὶ
3293 4852 3668 4925 ὲξολοθρεύσω

2069 4939 2132 4994 τὸ
2155 4941 2377 5013 σπέρμα
2402 4958 2516 5006 σου,
2541 4943 2635 4995 καὶ
2665 4941 2885 5014 σπέρμα
2907 4942 3058 4996 οῐκου
3073 4943 3280 5015 πατρός
3306 4961 3422 4998 σου·
3454 4945 3550 5000 καὶ
3566 4947 3666 4999 οὐκ

2073 5031 2223 5086 ἔσται
2258 5032 2571 5105 πρεσϐύτης
2603 5035 2661 5087 ὲν
2687 5033 2767 5104 τῷ
2787 5035 2923 5106 οἴκῳ
2955 5052 3077 5106 μου.
3116 5055 3136 5088 ι
3182 5034 3368 5089 Ταῦτα
3403 5037 3540 5110 πρὸς
3574 5037 3668 5090 τὸν

2085 5122 2233 5175 Ἠλεὶ
2263 5123 2442 5193 φήσας
2470 5123 2500 5175 ό
2532 5125 2935 5196 χρηματισμὸς,
2971 5125 3221 5198 ἐπιφέρει
3247 5125 3368 5197 μεθ’
3398 5127 3562 5200 ἓτερα
3585 5127 3665 5179 λέ-

2071 5231 2184 5283 γων
2205 5231 2219 5244 ’
2255 5235 2273 5266 ι
2311 5215 2422 5268 Καὶ
2441 5215 2732 5288 ἀναστήσω
2766 5217 2987 5289 ἐμαυτῷ
3014 5217 3164 5289 ἱερέα
3193 5219 3409 5282 πιστὸν,
3438 5219 3499 5283 ὃς
3529 5220 3663 5272 πάν-

2069 5324 2138 5360 τα
2193 5307 2262 5361 τά
2313 5309 2370 5360 ὲν
2423 5309 2492 5379 τῇ
2543 5308 2742 5380 καρδίᾳ
2777 5326 2899 5380 μου,
2939 5309 3032 5362 καὶ
3063 5309 3133 5363 τὰ
3167 5311 3226 5362 ἐν
3271 5312 3336 5380 τῇ
3367 5309 3515 5381 ψυχῇ
3557 5328 3660 5381 μου

2071 5402 2306 5470 ποιήσει,
2357 5401 2451 5454 κα)⁸
2504 5401 2846 5474 οἰκοδομήσω
2907 5401 3057 5475 αύτῷ
3103 5399 3249 5456 οἷκον
3313 5404 3528 5468 πιστὸν,
3567 5405 3658 5456 καὶ

2069 5489 2401 5544 διελεύσεται
2436 5490 2666 5546 ἐνώπιον
2707 5491 2944 5564 Χριστοῦ
2999 5510 3100 5563 μου
3154 5493 3334 5556 πάσας
3379 5493 3483 5556 τὰς
3524 5493 3659 5563 ἡμέ-

2074 5601 2190 5655 ρας.
2234 5603 2251 5635 ι
2293 5583 2639 5639 Μετάστασιν
2680 5586 2773 5639 καὶ
2813 5584 3083 5657 ἀποϐολὴν
3116 5585 3423 5656 ἀπειλήσας
3463 5588 3492 5640 ὁ
3520 5584 3656 5645 θεῖος

458 5728 503 5758 ⁸³
533 5725 549 5779 Ι
585 5726 719 5801 Reg.
745 5747 803 5799 ιι,
841 5731 923 5788 l0.
1002 5734 1047 5767 “
1077 5749 1220 5794 vers.
1255 5737 1337 5793 l2.
1417 5739 1459 5770 ⁸⁷
1485 5754 1628 5795 vers.
1655 5739 1744 5796 25.
1825 5739 1910 5795 ⁶⁸1
1940 5738 1981 5796 Β

2112 5756 2170 5809 ιι,
2223 5741 2311 5795 3i.
2386 5740 2427 5772 ε’
2454 5739 2587 5796 ibid.
2624 5741 2711 5796 35.
