3846 6218
231 287 335 342 32!

1158 282 1817 341 DICMONSTRATIONIS
1858 284 2316 342 EVANGELICE
2357 285 2488 341 LIB.
2528 286 2618 341 IV.

3400 296 3509 354 322

226 404 391 472 λόγος
418 402 532 463 τοῖς
563 398 625 452 οὔ
660 396 802 452 κατὰ
842 399 933 451 τὸν
964 395 1124 467 ὀρθὸν
1156 396 1356 469 τρόπον
1393 396 1811 470 λειτουργοῦσιν,

1926 397 2110 452 vinum
2166 398 2407 455 minetur
2461 400 2769 462 oraculum,
2821 402 2989 456 alium
3035 419 3103 459 ex
3153 404 3263 460 alio
3309 422 3509 478 genere

226 496 422 566 ἕτερον
446 491 509 556 ἐξ
534 491 722 562 ἐτέρου
752 488 942 559 γένους
969 490 1334 561 καταστήσειν
1370 488 1521 561 ἱερέα
1548 489 1820 559 ἐπαγγέλ-

224 586 409 648 λεται,
450 585 509 638 ὃν
548 583 643 639 καί
685 599 818 654 φησι
852 601 870 633 ι
900 581 1268 636 διελεύσεσθαι
1306 580 1537 637 ἐνώπιον
1582 582 1818 653 Χριστοῦ

222 676 421 741 αὑτοῦ,
467 695 485 727 ι
523 675 556 747 ἦ
602 695 620 726 ι
661 675 1132 747 ἐμπεριπατήσειν
1183 675 1261 738 εἰς
1303 673 1592 744 πρόσωπον
1628 674 1821 746 εἰλημ-

224 769 398 842 μένου
417 770 494 841 (Ι)
513 767 698 823 αὑτοῦ·
725 788 744 819 ›
766 767 841 831 ὡς
860 770 888 822 6
903 766 1131 831 Ἀκύλας
1147 766 1508 838 ἡρμήνευσεν,
1530 764 1563 837 ἢ
1583 765 1658 830 ὡς
1680 765 1752 819 Σύ
1761 783 1821 837 μ-

229 878 431 932 μαχος,
466 880 485 912 ι
520 859 1038 932 ἀναστραφήσεσθαι
1077 858 1387 931 ἔμπροσθεν
1434 857 1530 912 τοῦ
1580 856 1815 931 Χριστοῦ

220 956 417 1010 αὑτοῦ.
461 977 481 1009 ι
512 957 609 1022 Τίς
640 956 685 1011 δ’
712 956 778 1011 ἂν
810 950 964 1021 οὗτος
1006 954 1126 1026 εἴης
1156 954 1263 1016 πᾶς
1290 955 1320 1007 6
1364 951 1601 1016 εὐσεϐῶς
1644 970 1816 1024 προσ-

228 1047 331 1104 ιὼν
362 1052 432 1123 τῇ
497 1048 779 1122 ἱερουργίᾳ
811 1047 907 1102 τοῦ
937 1046 1174 1121 Χριστοῦ
1208 1045 1302 1100 τοῦ
1329 1045 1485 1112 Θεοῦ,
1518 1039 1565 1114 ᾧ
1595 1044 1685 1100 τὸν
1712 1047 1814 1118 τῆς

234 1142 441 1212 Ἐκκλη
450 1142 570 1206 σίας
601 1138 769 1204 οἷκον,
799 1135 886 1193 οἷα
922 1139 1084 1209 σοφὸς
1115 1138 1451 1211 ἀρχιτέκτων
1484 1137 1578 1192 καὶ
1606 1136 1811 1190 οἰκοδό-

222 1253 352 1307 μος,
383 1234 546 1298 αὐτὸς
591 1234 620 1285 6
664 1232 772 1287 τῶν
795 1232 933 1285 ὅλων
962 1231 1095 1295 Θεὸς
1128 1231 1503 1301 οἰκοδομήσειν
1538 1230 1813 1300 ὑπισχνεῖ-

219 1345 338 1392 ται,
376 1326 485 1380 οὐδ’
524 1324 681 1379 ἄλλον
716 1320 862 1377 οἷκον
896 1323 1177 1394 σημαίνων
1213 1322 1371 1396 ἢτὴν
1400 1321 1522 1377 καθ’
1559 1321 1686 1393 ὅλης
1708 1321 1810 1392 τῆς

216 1419 551 1490 οἰκουμένης
603 1416 680 1488 τῷ
720 1414 943 1488 Χριστῷ
976 1414 1232 1486 ὀνομαστὶ
1270 1415 1538 1469 συστᾶσαν
1579 1413 1810 1485 Ἐκκλη-

226 1510 353 1563 σίαν
371 1526 384 1539 ·
412 1508 542 1563 ἔνθα
574 1510 683 1573 πᾶς
698 1508 726 1560 6
746 1506 836 1561 διὰ
855 1505 1091 1579 Χριστοῦ
1117 1505 1209 1559 τοῦ
1232 1505 1366 1559 Θεοῦ
1387 1506 1678 1578 ἰερωμένος
1704 1523 1809 1560 κα-

214 1604 289 1658 τὰ
303 1604 406 1668 τὰς
425 1599 802 1674 πνευματικὰς
829 1600 1169 1672 λειτουργίας
1190 1599 1261 1653 τὰ
1283 1600 1593 1672 καταθύμια
1619 1602 1712 1655 καὶ
1739 1598 1810 1653 τὰ

216 1695 367 1750 κατὰ
386 1694 566 1767 ψυχὴν
590 1691 683 1747 τοῦ
705 1690 842 1746 Θεοῦ
878 1691 1094 1762 λέγεται
1115 1693 1382 1765 ποιήσειν,
1416 1692 1524 1745 τῶν
1547 1692 1614 1745 δι’
1638 1693 1807 1763 αἷμα-

1896 489 2352 544 -constituturum
2369 504 2430 546 se
2455 490 2794 546 sacerdotem
2820 494 3126 562 pollicetur,
3151 510 3312 565 quem
3338 500 3503 557 etiam

1921 580 2054 635 dicit
2089 598 2110 630 ι
2156 581 2535 651 ingressurum
2582 582 2637 635 in
2670 593 2973 654 conspectu
3003 583 3204 643 Christi
3244 590 3328 650 sui
3361 609 3381 643 ι
3419 593 3505 649 vel

1926 689 1946 722 ι
1986 671 2454 726 inambulaturum
2490 672 2548 728 in
2592 673 2787 730 faciem
2833 676 2985 731 uncti
3039 678 3149 747 sui,
3186 698 3206 732 ι
3239 684 3507 750 quemad-

1919 764 2139 816 modum
2161 760 2356 831 Aquila
2372 763 2760 833 interpretatus
2778 773 2883 829 est,
2901 767 3007 831 vel,
3033 775 3092 823 ut
3116 768 3503 841 Symmachus,

1924 869 1942 903 ι
1982 861 2333 908 versaturum
2363 862 2495 909 ante
2526 854 2809 911 Christum
2841 873 3025 913 suum.
3057 879 3076 913 ι
3111 858 3219 916 Sed
3241 862 3366 930 quis
3387 871 3504 919 tan—

1917 942 2041 998 dem
2075 942 2165 998 hic
2189 944 2341 999 erit?
2365 942 2559 1001 Omnis
2584 946 2842 1001 nimirum
2876 949 3191 1020 quicunque
3222 950 3291 1006 ad
3319 968 3504 1008 sacer-

1916 1034 2125 1090 dotium
2152 1033 2357 1093 Christi
2388 1034 2486 1092 Dei
2515 1051 2642 1091 cum
2673 1038 2872 1108 pietate
2898 1042 3214 1099 accesserit.
3248 1043 3348 1099 Cui
3382 1046 3502 1115 qui-

1914 1124 2040 1182 dem
2079 1126 2238 1198 192
2273 1126 2534 1184 Ecclesiae
2561 1130 2812 1195 domum,
2854 1138 3112 1202 tanquam
3156 1137 3377 1205 sapiens
3406 1153 3499 1192 ar-

1915 1215 2187 1272 chitectus
2230 1224 2393 1288 atque
2428 1218 2727 1274 aediﬁcator
2779 1221 2897 1288 ipse
2953 1224 3197 1280 universi
3238 1224 3405 1291 Deus,
3435 1244 3496 1285 se

1913 1306 2306 1364 tediﬁeaturum
2346 1310 2655 1379 pollicetur,
2702 1327 2812 1367 non
2857 1313 3020 1368 aliam
3053 1317 3241 1387 utique
3269 1318 3491 1374 domum

1913 1399 2229 1469 significans
2259 1415 2426 1472 quam
2468 1416 2588 1457 eam
2629 1419 2752 1473 qua:
2784 1407 3105 1461 nominatim
3135 1408 3356 1466 Christo
3395 1427 3496 1482 per

1911 1497 2086 1546 totum
2112 1492 2300 1547 orbem
2333 1500 2606 1548 terrarum
2649 1506 2831 1551 erecta
2862 1508 2966 1561 est,
3003 1498 3307 1557 Ecclesiam
3350 1522 3363 1558 :
3400 1504 3492 1559 ubi

1909 1597 2044 1639 sane
2073 1584 2253 1639 omnis
2277 1586 2591 1656 quicunque
2617 1602 2716 1657 per
2749 1588 3028 1645 Christum
3072 1591 3165 1647 Dei
3198 1608 3492 1651 consecra-

1910 1682 1999 1731 tus
2029 1686 2134 1741 est,
2171 1678 2469 1734 secundum
2500 1680 2808 1750 spiritualia
2852 1682 3180 1750 ministeria,
3213 1703 3336 1757 quae
3372 1688 3489 1758 pla-

210 1805 333 1852 τος,
374 1788 591 1859 ταύρων
640 1786 735 1840 καὶ
766 1786 1005 1858 τράγων,
1059 1784 1202 1839 κατὰ
1241 1784 1341 1857 τὴν
1374 1784 1542 1838 πάλαι
1569 1786 1805 1857 τυπικὴν

1908 1770 2015 1823 cita
2045 1770 2175 1837 sint,
2227 1781 2283 1826 et
2312 1788 2377 1827 ex
2423 1774 2606 1827 animo
2645 1787 2711 1829 ac
2740 1779 3010 1831 sententia
3043 1777 3138 1834 Dei
3166 1781 3369 1836 dicitur
3406 1782 3488 1838 fa-

209 1878 445 1949 ἁγωγὴν
478 1876 932 1949 ἐπιτελουμένων,
965 1875 1376 1949 μετατεθεῖσθαι
1407 1876 1513 1930 ὑπὸ
1543 1876 1636 1930 τοῦ
1669 1876 1804 1930 Θεοῦ

211 1970 306 2024 διὰ
347 1971 448 2041 τῆς
493 1969 717 2024 Ἡσαΐου
740 1969 1078 2042 προφητείας
1107 1967 1573 2042 ὁμολογουμένων.
1600 1969 1806 2023 Τοσαῦ-

209 2078 285 2114 τα
341 2062 411 2115 δι⁸
447 2053 524 2114 ὧν
563 2062 592 2113 6
629 2061 866 2133 Χριστὸς
893 2060 1150 2132 ὀνομαστὶ
1195 2060 1636 2132 προκεκήρυκτοο
1666 2058 1804 2131 πλὴν

208 2153 331 2208 ἀλλ’
366 2154 489 2207 ἐπὶ
543 2151 633 2207 διὰ
674 2151 786 2205 τῶν
833 2152 1101 2206 πλείστων
1144 2150 1215 2206 τὰ
1255 2150 1401 2223 πάθη
1440 2150 1534 2205 τοῦ
1566 2149 1802 2224 Χριστοῦ

212 2244 489 2316 συνῆπται
514 2246 581 2315 τῇ
615 2242 779 2297 αὑτοῦ
811 2243 1175 2316 προσηγορίᾳ,
1201 2244 1497 2313 ἀναγκαῖον
1527 2243 1796 2297 ἐπαναλα-

208 2335 332 2389 ϐεῖν
383 2335 458 2389 τὰ
482 2334 857 2407 προειρημένα
892 2335 1022 2407 περὶ
1050 2334 1151 2407 τῆς
1181 2335 1302 2388 κατ’
1335 2333 1500 2388 αὑτὸν
1527 2331 1799 2405 θεότητος,

209 2426 279 2497 ἥν
326 2429 386 2480 ἐν
429 2425 510 2497 τῷ
548 2426 632 2499 μδ¹
674 2425 873 2498 ψαλμῷ
925 2426 1391 2501 ἐπιγεγραμμένῳ
1428 2445 1447 2479 ι
1494 2425 1666 2498 ’Υπὲρ
1705 2424 1801 2478 τοῦ

209 2519 508 2590 ἀγαπητοῦ
550 2540 570 2572 ι
609 2518 872 2592 φέρεσθαι
904 2521 1461 2592 προπαρεστήσαμεν,
1496 2516 1625 2573 ἔνθα
1656 2519 1686 2571 6
1711 2515 1802 2571 λό-

202 2627 307 2680 γος
363 2613 422 2666 ἐν
471 2611 710 2684 πρώτοις
752 2613 917 2677 αὐτὸς
943 2614 1265 2685 ὑπομνήσας
1299 2612 1376 2675 ὡς
1410 2610 1654 2682 βασιλέα,
1682 2609 1801 2682 μεθ’

201 2703 376 2777 ³ἕτερα
406 2703 602 2774 ἐπάγει
634 2705 762 2778 περὶ
790 2703 1041 2777 θεότητος
1057 2705 1149 2758 τοῦ
1171 2706 1215 2758 Χ
1225 2703 1429 2777 ριστοῦ’
1463 2723 1483 2753 ι
1523 2705 1581 2758 '0
1613 2702 1801 2776 θρόνος

207 2813 306 2850 σου
337 2798 368 2850 6
399 2795 535 2861 Θεὸς
565 2798 646 2861 εἰς
678 2797 770 2851 τὸν
809 2797 978 2851 αἰῶνα
1015 2797 1111 2852 τοῦ
1145 2795 1370 2861 αἰῶνος·
1404 2795 1598 2868 ῥάϐδος
1640 2794 1800 2849 εὐθύ-

200 2906 373 2960 τητος
422 2891 457 2962 ἡ
507 2889 700 2961 ῥάϐδος
744 2891 844 2963 τῆς
890 2891 1163 2963 βασιλείας
1198 2906 1313 2943 σου.
1362 2889 1685 2961 Ἦγάπησας
1719 2888 1799 2942 δι-

200 2980 524 3053 καιοσύνην,
552 2982 647 3035 καὶ
670 2983 938 3054 ἐμίσησας
960 2982 1174 3036 ἀδικίαν
1190 2998 1205 3012 ·
1233 2981 1320 3035 διὰ
1343 2980 1501 3035 τοῦτο
1528 2980 1713 3053 ἐχρισέ
1736 2996 1798 3034 σε

1906 1868 2101 1918 cturus
2134 1880 2148 1917 :
2180 1863 2404 1933 quando
2459 1864 2498 1918 ii
2547 1864 2641 1935 qui
2690 1881 2789 1936 per
2831 1869 3153 1939 sanguinem
3199 1881 3484 1930 taurorum

1906 1959 2071 2023 atque
2101 1953 2406 2023 hircorum,
2433 1956 2592 2026 juxta
2618 1965 2854 2014 veterem
2887 1959 2944 2015 in
2973 1961 3144 2033 ﬁgura
3179 1966 3366 2035 ritum,
3396 1984 3487 2024 sa-

1905 2063 1998 2104 cra
2025 2050 2401 2120 perﬁciebant,
2429 2052 2486 2108 in
2519 2052 2710 2109 odium
2732 2054 2829 2111 Dei
2859 2056 3141 2123 incidisse,
3172 2076 3269 2131 per
3287 2062 3483 2119 Isaiam

1904 2143 2227 2212 prophetam
2260 2144 2380 2200 sine
2408 2147 2785 2202 controversia
2814 2148 3092 2206 dicuntur.
3121 2151 3399 2211 Hactenus
3419 2172 3485 2212 ea
3556 2176 3561 2181 ·

1905 2234 1962 2289 in
2007 2236 2209 2305 quibus
2253 2238 2577 2293 nominatim
2616 2238 2872 2300 Christus
2922 2245 3219 2314 praedictus
3281 2246 3482 2307 fuerat.

1904 2323 2291 2384 Verumtamen
2341 2329 2469 2400 quia
2532 2329 2782 2400 pluribus
2840 2335 3025 2390 verbis
3084 2351 3205 2407 qua:
3263 2337 3485 2396 Christo

1903 2418 2133 2474 adversa
2182 2434 2248 2475 ac
2289 2421 2468 2476 tristia
2521 2424 2888 2494 contigerunt,
2940 2427 3089 2483 illius
3133 2430 3484 2499 appellationi

1903 2510 2114 2567 adnexa
2148 2519 2296 2576 sunt,
2329 2529 2557 2570 necesse
2579 2525 2682 2581 est,
2706 2532 2829 2588 quae
2854 2530 3012 2574 antea
3045 2520 3190 2575 dicta
3217 2532 3364 2591 sunt,
3414 2523 3486 2579 de

1903 2601 2051 2659 illius
2065 2602 2351 2661 divinitate
2365 2617 2630 2677 repetere,
2655 2609 2722 2665 de
2750 2626 2858 2682 qua
2887 2612 2943 2667 in
2969 2628 3096 2667 xuv
3125 2616 3358 2685 psalmo,
3387 2619 3483 2689 qui

1903 2692 2203 2766 inscriptus
2238 2715 2258 2748 ι
2297 2697 2406 2753 Pro
2427 2698 2629 2757 dilecto
2662 2702 2729 2768 ’°,
2767 2722 2785 2756 ι
2811 2706 3037 2760 tractari
3061 2722 3226 2778 supra
3254 2708 3485 2765 demon-

1900 2787 2220 2857 stravimus,
2253 2790 2345 2845 ubi
2371 2793 2655 2848 oraculum
2689 2795 2745 2849 in
2778 2796 2970 2866 primis
3000 2796 3069 2853 de
3100 2799 3195 2852 illo
3218 2807 3480 2870 tanquam

1898 2879 1966 2935 de
1995 2897 2120 2951 rege
2145 2890 2408 2951 tractans,
2449 2894 2574 2956 post
2598 2888 2704 2942 alia
2732 2890 2995 2945 nonnulla
3023 2890 3139 2946 hac
3164 2890 3233 2948 de
3271 2893 3482 2951 Christt

1899 2973 2183 3032 divinitate
2205 2978 2484 3050 adjungit:
2520 2999 2539 3031 ι
2573 2977 2742 3037 Sedes
2770 2989 2887 3047 tua,
2920 2981 3084 3047 Deus,
3116 2984 3173 3039 in
3215 2986 3479 3043 saeculum

199 3075 234 3127 ὁ
258 3073 396 3138 Θεὸς
422 3076 453 3128 6
470 3073 604 3138 Θεός
636 3091 728 3128 σου
759 3074 936 3128 ἔλαιον
956 3073 1330 3144 ἀγαλλιάσεως
1357 3073 1510 3147 παρὰ
1540 3076 1668 3137 τοὺς
1696 3091 1794 3146 με·

1900 3068 2084 3122 sasculi
2119 3088 2133 3124 :
2170 3069 2319 3141 virga
2349 3070 2694 3139 directionis,
2724 3074 2876 3145 virga
2897 3079 3047 3147 regni
3080 3078 3162 3149 tui
3187 3096 3200 3133 :
3236 3078 3479 3136 dilexisti

198 3166 400 3237 τύχους
450 3183 566 3222 σου.
604 3185 623 3218 ι
668 3166 865 3236 Σαφῶς
908 3139 1018 3239 γὰρ
1062 3169 1121 3220 ἐν
1166 3165 1396 3230 τούτοις,
1439 3139 1524 3231 ’ὼς
1557 3166 1660 3238 ἤδη
1696 3139 1798 3220 καὶ

1896 3160 2188 3229 justitiam,
2224 3139 2279 3218 et
2309 3163 2474 3219 odisti
2527 3139 2891 3237 iniquitatem,
2918 3139 3207 3240 propterea
3237 3174 3392 3227 unxit
3425 3181 3486 3230 te

199 3260 475 3331 πρότερον
504 3261 1059 3333 προπαρεστήσαμεν,
1093 3252 1175 3323 εἷς
1216 3257 1292 3312 ὣν
1327 3259 1423 3313 καλ⁵
1445 3258 1607 3323 αὐτὸς
1640 3260 1669 3312 6
1697 3258 1793 3330 δη-

196 3351 469 3424 λούμενος
505 3351 638 3417 Θεὸς
664 3349 801 3406 εἶναι
822 3352 1061 3422 λέγεται,
1108 3351 1419 3425 ἠγαπηκὼς
1443 3350 1792 3423 δικαιοσύνην

195 3447 297 3499 καὶ
331 3445 653 3517 μεμισηκὼς
683 3445 917 3500 ἀδικίαν.
963 3446 1076 3501 Καὶ
1118 3445 1310 3499 τούτου
1353 3444 1513 3517 χάριν
1553 3444 1644 3514 ὑφ’
1671 3443 1789 3497 ἐτέ-

198 3530 298 3608 ρου
338 3534 585 3608 μείζονος
617 3535 752 3591 Θεοῦ
798 3536 895 3591 καὶ⁸
940 3537 1147 3609 πατρὸς
1180 3534 1367 3600 αὐτοῦ,
1430 3533 1790 3607 κεχρισμένος

196 3626 371 3699 ἐλαίῳ
403 3627 675 3700 κρείττονι
708 3630 803 3684 καὶ
830 3629 1197 3702 διαφέροντιῆ
1226 3627 1370 3683 κατὰ
1388 3627 1516 3690 τοὺς
1558 3627 1783 3691 τύπους,

195 3719 278 3791 τῷ
310 3719 632 3791 καλουμένῳ
672 3720 774 3791 τῆς
817 3720 1209 3790 ἀγαλλιάσεως.
1252 3720 1311 3773 '0
1348 3719 1407 3772 δὲ
1453 3717 1532 3790 τῷ
1562 3717 1788 3790 τοιούτῳ

195 3810 446 3883 χρισθεὶς
479 3811 665 3882 ἐλαίῳ,
698 3812 759 3864 οὺ
794 3811 932 3883 πρὸς
963 3811 1285 3885 ἀνθρώπων,
1320 3809 1442 3865 οὐδὲ
1474 3809 1542 3863 δι’
1579 3807 1788 3883 ἀνθρώ-

195 3918 341 3965 πων,
367 3903 483 3956 ἀλλ’
517 3903 607 3956 ὑπ’
629 3902 792 3957 αὑτοῦ
825 3903 920 3957 τοῦ
955 3904 1233 3958 ἀνωτάτου
1262 3902 1419 3966 Θεοῦ,
1454 3902 1508 3955 τί
1539 3901 1783 3974 ἐτερονῆ

192 3994 434 4066 Χριστὸς
462 3995 687 4060 εἰκότως
718 3995 1079 4067 ὀνομασθείη;
1114 3994 1306 4049 οὐκοῦν
1357 3996 1386 4048 6
1442 3993 1603 4058 αὐτὸς
1647 3992 1782 4065 ὁμοῦ

191 4089 293 4142 mi.
346 4087 479 4152 Θεὸς
522 4087 796 4142 δείκνυται
838 4088 1249 4160 ὠνομασμένος,
1293 4085 1482 4157 ὥσπερ
1536 4086 1629 4140 καὶ
1679 4086 1779 4158 ἤδη

192 4180 466 4253 πρότερον
505 4179 649 4234 κατὰ
698 4181 829 4246 τοὺς
864 4181 1099 4245 οἰκείους
1127 4179 1326 4244 τόπους
1359 4179 1627 4250 παρέστη.
1670 4180 1781 4233 Καὶ

188 4272 291 4327 τοῦ
337 4273 560 4327 Ἡσαΐου
612 4271 670 4326 δὲ
710 4274 806 4327 καὶ
852 4272 1026 4327 ταῦτα
1073 4273 1237 4327 πάλιν
1269 4270 1666 4343 ὑπομνηστέον,
1720 4270 1779 4336 ὃς

187 4364 367 4436 ἔφησε
387 4382 401 4396 ·
442 4383 463 4417 ι
505 4363 733 4436 Πνεῦμα
756 4363 966 4437 Κυρίου
986 4364 1075 4418 ἐπ’
1101 4363 1222 4436 ἐμὲ,
1257 4357 1319 4418 οὗ
1350 4357 1571 4419 εἵνεκεν
1595 4361 1778 4435 έχρισέ

188 4473 262 4530 με
284 4474 299 4487 ·
353 4455 805 4527 εὐαγγελίσασθαι
854 4459 1091 4527 πτωχοῖς
1140 4455 1454 4558 ἁπέσταλκέ
1497 4472 1585 4527 με,
1622 4455 1778 4558 ἰασα-
1807 4504 1851 4558 D

183 4546 316 4602 σθαι
366 4548 495 4613 τοὺς
548 4548 1037 4622 συντετριμμένους
1088 4548 1189 4621 τὴν
1238 4546 1496 4621 καρδίανο
1537 4547 1773 4619 κηρύξαι

183 4639 561 4712 αἰχμαλώτοις
618 4640 833 4712 ἄφεσιν,
890 4641 986 4696 καὶ
1015 4641 1240 4712 τυφλοῖς
1271 4640 1579 4711 ἀνάϐλεψιν.
1613 4659 1634 4692 ι
1688 4641 1774 4693 Ἐ-

178 4731 475 4803 δείκνυμεν
532 4733 628 4787 καὶ
686 4735 744 4787 ὲν
800 4734 1034 4800 τούτοις,
1098 4734 1175 4799 ὡς
1222 4735 1271 4788 οἰ
1324 4733 1420 4805 μὲν
1462 4730 1523 4798 ἐξ
1564 4731 1773 4805 ἀνθρὼ-

179 4844 306 4881 πων
371 4826 538 4881 πάλαι
595 4827 861 4900 πρότερον
917 4828 1010 4881 ἐπὶ
1067 4827 1168 4900 τὴν
1237 4825 1333 4880 τοῦ
1391 4826 1550 4880 Θείου
1611 4824 1772 4897 θεραο

177 4915 348 4969 πείαν
373 4915 684 4988 προσιόντες
731 4918 917 4989 ἰερετς,
972 4915 1136 4989 ἐλαίῳ
1170 4914 1415 4987 ἐχρίοντο
1452 4912 1769 4985 σκευαστῷ’

174 5009 209 5064 6
227 5007 288 5061 δὲ
319 5005 413 5061 διὰ
441 5006 543 5078 τῆς
569 5007 907 5079 προφητείας
934 5007 1262 5078 δηλούμενος
1293 5009 1359 5079 τῇ
1398 5006 1568 5077 ἐνθέῳ
1611 5008 1773 5062 δυνά-

179 5116 277 5173 μει
308 5099 598 5171 κεκρίσθαι
636 5099 875 5169 λέγεται.
916 5099 1089 5153 Τοῦτο
1111 5101 1170 5153 δέ
1203 5100 1325 5153 ὅλον
1360 5100 1453 5153 ἐπὶ
1490 5101 1583 5153 τὸν
1633 5101 1771 5171 ἡμέ-

172 5206 343 5259 τερον
370 5188 603 5261 Σωτῆρα
640 5190 935 5260 ἀνεφέρετο
989 5188 1220 5259 Ἰησοῦν,
1253 5189 1345 5243 τὸν
1394 5189 1554 5260 μόνον
1598 5188 1771 5261 ἀληθῆ

171 5280 420 5354 Χριστὸν
441 5281 537 5335 τοῦ
582 5281 743 5346 Θεοῦ,
786 5281 883 5345 ὡς,
912 5283 1006 5336 ἐπὶ
1035 5281 1136 5353 τῆς
1181 5281 1291 5335 τῶν
1338 5280 1607 5334 Ἰουδαίων
1648 5297 1772 5333 συν-

172 5374 409 5444 αγωγῆς
450 5391 580 5428 ποτε
630 5373 815 5429 λαϐὼν
843 5374 942 5446 τὴν
988 5374 1327 5446 προφητείαν
1345 5414 1360 5438 ,
1405 5373 1500 5427 καὶ
1543 5370 1767 5427 διελθὼν

169 5466 274 5537 τὴν
302 5466 621 5520 ἐκτεθετσαν
658 5467 983 5540 περικοπὴν,
1019 5465 1414 5538 πεπληρῶσθαι
1450 5467 1530 5529 εἰς
1571 5464 1765 5518 ἑαυτὸν

170 5558 386 5625 ἐδίδαξε
418 5558 481 5612 τὸ
502 5559 856 5629 ἀνάγνωσμα.
880 5558 1194 5629 Γέγραπται
1218 5556 1348 5627 γὰρ,
1373 5556 1449 5619 ὡς
1471 5554 1598 5627 ἄρα,
1632 5555 1763 5609 ἁνα-

251 5651 303 5683 ὀ
332 5650 495 5706 Vers.
531 5649 586 5705 1.
667 5651 708 5682 ⁷³
741 5648 890 5705 Psal.
945 5664 1097 5714 xuv,
1147 5649 1259 5705 7-8.
1305 5646 1487 5701 "lsa.
1542 5660 1653 5714 LXI,
1703 5646 1756 5701 l.

246 5743 328 5815 (1)
360 5742 765 5815 Εἰλημμένου.
802 5741 942 5814 Lege
979 5742 1332 5815 ἠλειμμένου.
1372 5738 1528 5793 Εωτ.

1898 3251 2061 3319 Deus,
2085 3252 2229 3311 Deus
2244 3262 2371 3313 tuus
2382 3257 2504 3313 oleo
2541 3260 2947 3325 exsultationis,
2971 3277 3083 3332 prae
3111 3265 3485 3335 participibus

1896 3344 2005 3399 tuis
2030 3346 2099 3401 “.
2145 3365 2166 3398 ι
2197 3345 2364 3403 Plane
2391 3348 2540 3403 enim
2579 3350 2636 3404 in
2665 3350 2772 3415 his,
2805 3359 2865 3405 ut
2901 3352 3015 3422 jam
3051 3363 3211 3410 antea
3243 3356 3476 3412 demono

1892 3437 2214 3505 stravimus,
2244 3454 2370 3495 cum
2397 3456 2544 3497 unus
2575 3443 2694 3513 ipse
2716 3458 2936 3515 quoque
2967 3446 3041 3502 sit
3066 3447 3114 3502 is
3139 3447 3207 3503 de
3234 3463 3345 3519 quo
3368 3450 3481 3520 agi.

1893 3538 2004 3592 tur,
2038 3528 2182 3587 Deus
2203 3546 2327 3588 esse
2351 3532 2576 3598 dicitur,
2603 3535 2697 3606 qui
2724 3535 2996 3605 justitiam
3026 3537 3297 3608 dilexerit,
3338 3539 3474 3594 ode-

1890 3620 2072 3689 ritque
2108 3621 2473 3693 iniquitatem,
2504 3633 2670 3697 atque
2708 3627 2872 3698 hujus
2900 3628 2979 3684 rei
3021 3629 3215 3700 gratia,
3254 3630 3323 3689 ab
3350 3631 3475 3702 ipso

1889 3712 2001 3770 Deo
2028 3729 2094 3769 ac
2115 3713 2278 3773 Patre
2301 3732 2404 3773 suo
2431 3726 2633 3776 unctus
2664 3718 2738 3775 sit
2759 3720 2880 3776 oleo
2912 3722 3278 3792 praestantiori
3306 3733 3479 3795 atque

1887 3804 2283 3873 excellentiori,
2318 3823 2481 3879 quam
2526 3817 2674 3867 esset
2708 3811 3024 3882 ﬁguratum,
3078 3828 3164 3881 eo,
3219 3814 3471 3885 inquam,

1885 3894 2028 3960 oleo,
2059 3896 2209 3967 quod
2235 3900 2619 3957 exsultationis
2650 3913 2900 3958 vocatur.
2944 3902 3016 3959 At
3044 3904 3192 3960 enim
3232 3905 3467 3976 quicun—

1884 4004 1992 4059 que
2017 3988 2399 4059 hujuscemodi
2429 3993 2572 4058 oleo,
2593 4009 2705 4049 non
2735 3995 2804 4050 ab
2829 3995 3148 4053 hominibus
3170 4012 3348 4068 neque
3366 4013 3469 4070 per

1885 4079 2155 4147 homines,
2206 4082 2301 4137 sed
2349 4082 2420 4139 ah
2466 4084 2589 4154 ipso
2630 4083 2741 4140 Deo
2784 4086 2945 4143 Patre
2981 4088 3054 4143 sit
3082 4096 3303 4154 unctus,
3332 4091 3472 4162 quid

1883 4172 2031 4228 aliud
2091 4173 2289 4229 merito
2343 4190 2508 4246 quam
2579 4175 2835 4233 Christus
2899 4179 2972 4235 sit
3039 4180 3410 4238 nominandus
3441 4182 3468 4238 2

1880 4277 2013 4334 ergo
2067 4262 2320 4319 eumdem
2373 4264 2541 4320 etiam
2602 4264 2772 4322 Deum
2830 4268 2994 4325 simul
3029 4271 3299 4326 nominari
3346 4272 3469 4343 jam

1881 4362 2115 4421 constat,
2178 4356 2637 4426 quemadmodum
2692 4359 2913 4430 quidem
2959 4362 3077 4417 suis
3117 4363 3253 4420 locis
3298 4371 3468 4419 antea

1880 4446 2312 4505 demonstratum
2343 4457 2449 4506 est.
2487 4449 2687 4507 Verum
2716 4468 2838 4524 quae
2858 4454 3000 4525 apud
3031 4454 3225 4513 Isaiam
3254 4457 3468 4529 scripta

1880 4542 2011 4597 olim
2079 4542 2419 4609 eitavimus,
2483 4543 2577 4600 hic
2643 4561 2865 4617 quoque
2911 4549 3229 4619 repetenda
3286 4557 3467 4618 sunt,

1883 4635 1972 4691 ubi
2028 4635 2118 4691 ille
2151 4636 2227 4690 ait
2264 4654 2278 4691 :
2323 4656 2343 4689 ι
2378 4636 2617 4708 Spiritus
2650 4635 2864 4694 Domini
2916 4656 3081 4710 super
3122 4656 3244 4708 me,
3299 4641 3470 4710 cujus

1878 4738 2046 4780 causa
2099 4723 2256 4778 unxit
2311 4741 2434 4791 me,
2494 4729 2872 4800 evangelizare
2919 4730 3250 4800 pauperibus
3306 4731 3467 4788 misit

1878 4804 2006 4880 me,
2063 4831 2260 4872 sanare
2304 4819 2577 4877 contritos
2630 4820 2819 4887 corde,
2874 4821 3175 4892 praedicare
3225 4822 3467 4893 captivis

1877 4907 2280 4973 remissionem,
2328 4919 2383 4965 et
2428 4912 2590 4968 cacis
2627 4914 2807 4968 visum
2843 4914 2910 4966 ⁷³.
2957 4933 2977 4965 ι
3018 4914 3075 4968 In
3116 4914 3203 4969 his
3239 4930 3458 4986 quoque

1876 4999 2396 5067 demonstravimus,
2458 5002 2607 5073 quod
2652 5005 2748 5075 qui
2812 5007 3090 5077 quondam
3141 5006 3458 5062 sacerdotes

1870 5106 1937 5147 ex
1983 5089 2323 5157 hominibus,
2365 5094 2434 5148 ad
2489 5096 2568 5150 rei
2596 5096 2797 5152 divinae
2830 5097 3036 5152 cultum
3077 5095 3461 5160 accedebant,

1870 5183 1927 5238 hi
1980 5189 2264 5256 unguento
2333 5185 2634 5242 artiﬁciose
2694 5194 3014 5258 comparato
3084 5186 3452 5257 angebantur.

1874 5276 2033 5349 193
2065 5279 2136 5332 At
2181 5297 2344 5352 quem
2390 5279 2673 5350 prophetia
2710 5279 3020 5350 signiﬁcat,
3057 5277 3105 5334 is
3135 5279 3337 5332 virtute
3365 5275 3456 5329 di-

1875 5371 2003 5425 vina
2045 5379 2246 5427 unctus
2279 5386 2403 5428 esse
2439 5370 2661 5435 dicitur,
2691 5376 2869 5426 et'hoc
2892 5379 3063 5425 totum
3092 5368 3161 5424 ad
3197 5364 3453 5421 Salvato-

1873 5477 1987 5519 rem
2018 5473 2270 5520 nostrum
2307 5463 2513 5530 Jesum,
2559 5465 2653 5534 qui
2685 5465 2837 5520 solus
2867 5478 3033 5519 verus
3079 5461 3333 5515 Christus
3365 5464 3452 5513 est

1870 5554 1990 5624 Dei,
2019 5557 2363 5615 referebatur
2398 5576 2412 5614 :
2445 5558 2537 5631 qui
2569 5556 2787 5630 quidem
2813 5555 3063 5614 Salvator
3093 5553 3150 5609 in
3175 5557 3452 5608 conventu
