3846 6218
373 317 480 372 533

1011 314 1279 372 EUSEBII
1318 313 1801 370 CAESARIENSIS
1840 315 1991 370 OPP.
2015 314 2218 371 PARS.
2255 316 2322 371 ll.
2362 347 2433 358 —
2461 315 2962 374 APOLOGETICA.

3533 321 3634 373 3‘26

368 434 684 490 Judaeorum
709 431 1011 502 quondam,
1041 447 1164 486 cum
1197 431 1537 502 prephetiam
1556 431 1878 502 accepisset,
1903 441 1949 486 et

2059 434 2218 500 γνοὺς
2252 435 2345 494 καὶ
2381 433 2582 500 πτύξας
2617 435 2677 486 τὸ
2711 435 2930 504 βιϐλίον,
2971 433 3062 488 καὶ
3110 435 3341 498 ἀποδοὺς
3384 435 3463 505 τῷ
3496 438 3636 509 ὑπη-

371 528 552 582 locum
597 525 908 596 expositum
945 524 1171 594 legendo
1212 526 1615 594 percurrisset,
1665 526 1719 580 in
1769 526 1954 596 seipso

370 619 704 690 completum
739 632 882 680 esse,
929 617 1076 686 quod
1106 617 1307 671 lectum
1345 627 1484 682 erat,
1515 619 1755 673 edocuit.
1791 617 1958 672 Scri-

371 719 525 782 ptum
552 716 639 766 est
676 714 843 774 enim,
878 717 938 764 ut
976 725 1100 764 cum
1134 711 1359 781 legisset
1387 712 1586 765 librum
1635 727 1698 766 ac
1729 711 1955 781 plicuis-

372 811 479 868 set,
516 802 880 871 ministroque
917 802 1268 865 reddidisset,
1300 802 1500 858 deinde
1523 802 1745 867 sederit,
1786 811 1956 874 utque.

371 895 617 950 omnium
653 895 796 950 oculi
831 895 886 948 in
936 903 1209 949 conventu
1255 896 1308 949 in
1335 895 1486 950 illum
1519 905 1706 952 essent
1736 897 1952 963 intenti,

375 996 542 1058 atque
581 995 642 1042 ut
671 987 866 1043 deinde
885 988 1115 1058 cmperit
1143 987 1326 1041 dicere
1348 987 1415 1042 ad
1451 988 1598 1052 illos,
1621 987 1767 1058 quod
1800 1008 1818 1040 ι
1857 988 1956 1043 ho-

376 1081 468 1135 die
518 1082 786 1151 completa
834 1091 919 1136 est
976 1080 1259 1152 Scriptura
1309 1081 1425 1135 haec
1477 1080 1531 1134 in
1582 1081 1807 1137 auribus
1859 1097 1953 1136 ve-

372 1174 506 1230 stris
535 1175 602 1228 ".
646 1193 664 1226 ι
699 1173 862 1229 Hisce
891 1175 1149 1229 omnibus
1192 1174 1258 1228 ad
1293 1183 1597 1231 extremum
1631 1175 1722 1229 illa
1755 1191 1952 1230 rursus

371 1281 496 1335 quae
525 1265 668 1335 apud
700 1265 903 1321 Mosem
935 1267 1166 1336 legimus
1216 1266 1466 1321 addenda
1499 1283 1810 1332 censemus,
1859 1267 1954 1338 qui

371 1374 520 1421 cum,
551 1358 616 1413 ad
666 1360 944 1428 exemplar
971 1359 1074 1414 sibi
1109 1359 1569 1423 demonstratum,
1610 1360 1793 1415 Aaron
1841 1359 1954 1415 fra-

369 1456 509 1502 trem
553 1465 712 1504 suum
759 1450 1068 1520 pontificem
1112 1451 1525 1515 constituisset,
1563 1452 1706 1506 sicut
1758 1467 1954 1506 oracu-

368 1542 484 1595 lum
525 1541 627 1610 ipsi
666 1551 1018 1612 praeceperat,
1071 1543 1217 1614 quod
1262 1543 1421 1610 dixit,
1459 1562 1478 1596 ‹
1533 1543 1724 1599 Facies
1769 1545 1952 1599 omnia

369 1633 440 1688 ad
497 1635 778 1704 exemplar
834 1636 1268 1690 demonstratum
1332 1636 1431 1690 tibi
1489 1636 1544 1690 in
1601 1645 1784 1690 monte
1816 1637 1884 1702 ⁷⁸,
1928 1658 1946 1689 ι

372 1727 534 1796 plane
585 1727 932 1797 significavit,
980 1727 1126 1797 quod
1174 1727 1374 1782 mentis
1429 1728 1953 1798 oculis,'divinoque

2013 565 2016 568 .
2061 525 2210 596 ρέτη,
2240 525 2460 579 ἐκάθισε
2485 541 2499 555 ο
2547 526 2640 578 καὶ
2673 527 2889 580 πάντων
2921 527 2970 577 οἱ
3011 525 3279 595 ὀφθαλμοὶ
3312 528 3370 579 ἐν
3402 529 3468 598 τῇ
3512 545 3637 580 συν-

2055 619 2242 687 αγωγῇ
2293 612 2435 687 ἦσαν
2489 616 2825 680 ἀτενίζοντες
2865 615 3047 686 αὐτῷ,
3097 616 3300 687 ἤρξατο
3347 616 3404 669 δὲ
3458 616 3639 686 λέγειν

2057 708 2192 780 πρὸς
2230 708 2459 772 αὐτοὺς,
2496 709 2579 761 ὃτι
2618 727 2636 757 ι
2673 708 2922 780 Σήμερον
2959 707 3315 778 πεπλήρωται
3361 709 3395 778 ἡ
3445 708 3638 782 Γραφὴ

2055 801 2194 871 αῦτη
2221 802 2280 852 ἐν
2310 803 2422 864 τοῖς
2445 801 2576 854 ώσὶν
2603 799 2778 870 ὑμῶν.
2807 819 2826 851 ι
2857 800 2980 852 Ἐπὶ
3003 799 3213 862 τούτοις
3242 799 3414 852 ἅπασι
3450 799 3547 852 καὶ
3571 800 3640 854 τά

2055 891 2296 955 Μωσέως
2337 887 2492 954 αὖθις
2534 889 2917 962 παραθετέον,“ἶ
2947 889 3008 954 ὃς
3042 890 3183 944 κατά
3216 891 3310 944 τὸν
3357 891 3641 963 δειχθέντα

2054 984 2202 1056 αὐτῷ
2225 984 2418 1049 τύπον,
2445 984 2536 1038 τὸν
2581 983 2711 1038 ἴδιον
2751 983 2978 1053 ἀδελφὸν
3007 985 3099 1038 τὸν
3131 983 3341 1055 ’Δαρὼν
3376 985 3640 1057 ἀρχιερέα

2056 1078 2557 1148 καταστησάμενος,
2591 1074 2899 1139 ἀκολούθως
2923 1075 3000 1147 τῷ
3032 1077 3266 1146 φήσαντι
3300 1078 3436 1148 πρὸς
3475 1077 3642 1131 αὐτὸν

2054 1172 2306 1245 χρησμῷ,
2341 1191 2360 1224 ι
2391 1172 2644 1236 Ποιήσεις
2676 1171 2852 1224 πάντα
2897 1169 3036 1224 κατὰ
3078 1171 3168 1224 τὸν
3207 1169 3375 1223 τύπον
3400 1171 3494 1224 τὸν
3525 1172 3640 1224 δει-

2054 1265 2252 1337 χθέντα
2286 1282 2367 1318 σοι
2410 1267 2468 1317 ἐν
2505 1263 2584 1334 τῷ
2613 1263 2730 1335 ὄρει
2751 1303 2766 1328 ,
2799 1283 2817 1314 ι
2843 1262 3003 1333 δῆλός
3042 1265 3225 1328 ἐστιν,
3261 1263 3337 1325 ώς
3380 1265 3495 1327 τοῖς
3537 1265 3641 1335 τῆς

2053 1357 2289 1420 διανοίας
2321 1355 2532 1426 ὄμμασι
2570 1356 2664 1408 καὶ
2691 1355 2768 1426 τῷ
2808 1355 2938 1425 θείῳ
2974 1353 3250 1423 Πνεύματι
3292 1354 3518 1408 συνιδὼν
3544 1355 3640 1408 τὸν

2057 1449 2229 1519 μέγαν
2245 1448 2352 1501 τῶν
2370 1447 2505 1500 ὅλων
2521 1446 2799 1518 ἀρχιερέα,
2814 1447 2904 1499 τὸν
2921 1445 3092 1517 ἀληθῆ
3109 1445 3341 1516 Χριστὸν
3360 1445 3454 1498 τοῦ
3475 1445 3638 1511 Θεοῦ,

2054 1537 2114 1596 οὗ
2140 1541 2276 1612 μετά
2311 1541 2408 1610 τῆς
2465 1539 2630 1610 ἄλλης
2667 1538 2983 1610 σωματικῆς
3008 1539 3102 1590 καὶ
3122 1537 3357 1607 τυπικῆς
3381 1537 3640 1609 λατρείας

2053 1634 2149 1704 τὴν
2178 1635 2360 1686 εἰκόνα
2378 1631 2714 1703 διαγράφων,
2750 1631 2839 1684 τὸν
2861 1630 3167 1702 δηλωθέντα
3189 1635 3255 1702 τῇ
3286 1631 3380 1684 τοῦ
3402 1632 3641 1703 ἀληθοῦς

2053 1726 2290 1797 Χριστοῦ
2329 1725 2689 1797 προσωνυμίᾳ
2727 1723 3011 1794 τετίμηκε.
3042 1723 3212 1776 Τοῦτο
3250 1724 3307 1777 δὲ
3338 1725 3641 1797 παρίστησι

368 1820 569 1889 spiritu
601 1834 856 1888 magnum
903 1819 1143 1873 universi
1176 1819 1485 1888 pontificem
1516 1820 1730 1885 viderit,
1764 1835 1949 1874 verum

2057 1819 2199 1872 καὶὸ
2227 1819 2367 1882 θεῖος
2397 1817 2710 1880 ἀπόστολος,
2738 1817 2911 1886 λέγων
2945 1818 3072 1889 περί
3099 1818 3205 1871 τῶν
3235 1819 3374 1872 κατά
3391 1819 3481 1873 τὸν
3504 1823 3642 1896 Μωτ

372 1913 558 1983 utique
605 1912 885 1968 Christum
935 1911 1052 1977 Dei,
1088 1913 1248 1981 cujus
1295 1913 1424 1966 dum
1478 1913 1766 1983 imaginem
1821 1928 1946 1967 cum

368 2006 474 2059 alia
499 2007 767 2075 corporali
796 2006 966 2076 figura
1017 2022 1156 2077 aque
1180 2005 1500 2060 adoratione
1517 2004 1777 2060 describit
1799 2022 1945 2070 cum,

369 2096 460 2163 qui
493 2094 596 2149 sibi
636 2095 708 2148 sit
743 2095 1170 2160 demonstratus,
1203 2096 1433 2151 alterius
1466 2096 1581 2150 veri
1613 2096 1818 2151 Christi
1848 2113 1946 2167 ap-

369 2185 662 2255 pellatione
717 2185 1020 2241 adornavit.
1068 2187 1248 2258 Ipsum
1299 2187 1402 2241 hoc
1459 2187 1679 2243 divinus
1732 2205 1950 2258 quoque

366 2277 666 2346 Apostolus
705 2280 1046 2348 comprobat,
1087 2280 1177 2334 ubi
1229 2280 1296 2335 de
1350 2279 1516 2336 Mosis
1565 2281 1775 2352 legibus
1817 2283 1948 2338 dicit

371 2367 510 2423 illud
547 2387 560 2423 :
604 2389 622 2420 ι
685 2368 788 2436 Qui
830 2371 1123 2441 exemplari
1171 2380 1335 2441 atque
1387 2372 1593 2427 umbrae
1636 2372 1950 2428 deserviunt

365 2462 836 2529 supercaalestium
867 2463 932 2516 ⁷⁸.
972 2482 990 2514 ι
1031 2461 1096 2516 Ει
1135 2479 1326 2520 rursus
1372 2483 1384 2519 :
1439 2484 1456 2514 ι
1494 2463 1755 2519 Umbram
1803 2467 1947 2521 enim

366 2549 579 2606 habens
622 2552 706 2606 lex
759 2551 1066 2607 futurorum
1115 2554 1381 2610 bonorum
1415 2557 1481 2610 ⁷⁸.
1536 2577 1554 2608 ι
1591 2557 1656 2610 Et
1699 2573 1894 2613 rursus
1931 2577 1945 2613 :

373 2659 394 2692 ι
431 2640 602 2697 Nemo
634 2642 801 2714 igitur
840 2659 937 2699 vos
962 2643 1171 2713 judicet
1215 2646 1269 2699 in
1301 2646 1424 2700 cibo
1454 2655 1546 2702 aut
1585 2656 1738 2716 potu,
1775 2657 1870 2702 aut
1894 2649 1949 2703 in

364 2740 524 2803 parte
567 2733 675 2789 diei
730 2733 886 2800 festi,
923 2742 1017 2788 aut
1063 2736 1379 2802 neomeniae,
1413 2745 1508 2790 aut
1560 2737 1945 2802 Sabbatorum,

366 2840 488 2894 qua:
529 2833 659 2881 sunt
710 2827 904 2881 umbra
965 2828 1276 2882 futurorum
1307 2831 1373 2885 ⁷⁷.
1413 2849 1430 2882 ι
1465 2829 1602 2885 Nam
1637 2831 1684 2887 si
1728 2847 1849 2901 quae
1879 2833 1947 2887 ad

363 2919 614 2973 ciborum
651 2919 1072 2974 indifl‘erentiam
1103 2922 1397 2992 pertinent,
1427 2931 1480 2979 et
1513 2940 1633 2994 quae
1661 2925 1727 2980 de
1755 2925 1947 2982 diebus

366 3007 522 3064 festis
550 3017 606 3065 et
630 3011 874 3067 sabbatis
909 3014 1022 3084 lege
1080 3016 1290 3068 sancita
1321 3024 1469 3080 sunt,
1496 3020 1652 3088 quasi
1696 3020 1946 3074 umbram

364 3101 642 3171 habentia,
677 3105 948 3174 picturam
995 3106 1225 3160 aliarum
1257 3115 1310 3161 et
1342 3125 1591 3164 verarum
1623 3120 1676 3166 ct
1705 3115 1948 3168 occulta-

2053 1911 2188 1974 σέως
2215 1911 2396 1981 νόμον,
2435 1910 2514 1972 τὸ,
2558 1929 2575 1962 ι
2601 1910 2807 1974 Οἶτινες
2850 1910 3209 1981 ὑποδείγματι
3247 1913 3341 1965 καὶ
3373 1915 3499 1982 σκιᾷ
3540 1912 3642 1966 λα-

2049 2002 2300 2074 τρεύουσι
2322 2001 2428 2054 τῶν
2461 2000 2816 2072 ἐπουρανίων.
2850 2020 2867 2049 ι
2905 2000 3015 2052 Kal.
3049 2000 3242 2053 πάλιν·
3283 2019 3300 2050 ι
3332 2001 3498 2053 Σκιάν
3527 2001 3641 2072 γὰρ

2051 2097 2188 2169 έχων
2220 2099 2248 2150 6
2281 2097 2444 2168 νόμος
2467 2095 2574 2148 τῶν
2629 2093 2929 2166 μελλόντων
2974 2092 3214 2162 ἀγαθῶν.
3246 2113 3264 2144 ι
3296 2095 3406 2147 Καὶ
3434 2094 3599 2148 πάλιν
3621 2109 3636 2123 ’

2056 2211 2074 2242 ι
2099 2190 2190 2262 Μὴ
2227 2185 2320 2243 οὖν
2343 2207 2424 2253 τις
2449 2189 2592 2258 ὑμᾶς
2615 2187 2845 2258 κρινέτω
2875 2185 2907 2257 ἢ
2946 2188 3003 2239 ἐν
3052 2184 3272 2258 βρώσει,
3301 2185 3334 2257 ἣ
3363 2189 3419 2240 ἐν
3451 2188 3641 2252 πόσει,

2049 2284 2161 2355 ἢέν
2187 2283 2342 2354 μέρει
2377 2281 2590 2352 ἑορτῆς,
2619 2280 2651 2351 ἢ
2685 2279 3058 2350 νουμηνίας,ἣ
3092 2278 3399 2341 σαϐϐάτων,
3440 2280 3475 2332 ἃ
3516 2280 3635 2334 ἐστι

2052 2374 2178 2429 σκιά
2208 2374 2316 2428 τῶν
2345 2373 2660 2444 μελλόντων.
2700 2391 2716 2422 ι
2745 2372 2808 2424 Εἰ
2839 2371 2948 2442 γὰρ
2979 2371 3046 2424 τά
3075 2372 3202 2442 περὶ
3227 2372 3325 2442 τῆς
3352 2371 3460 2423 τῶν
3489 2371 3636 2442 βρω-

2052 2467 2239 2535 μάτων
2261 2464 2604 2536 ἀδιαφορίας,
2630 2465 2722 2517 καί
2745 2463 2814 2517 τά
2848 2481 2914 2516 πε
2923 2465 2976 2534 pl.
3005 2463 3208 2535 ἑορτῶν
3234 2465 3327 2516 καὶ
3363 2463 3641 2517 σαϐϐάτου

2049 2555 2552 2628 νενομοθετημένα,
2586 2553 2662 2617 ὼς
2705 2553 2770 2607 ἂν
2805 2552 3006 2624 σκιώδη
3056 2553 3219 2617 ὄντα,
3272 2553 3642 2626 ὑπογραμμὸν

2051 2650 2253 2720 ἐτέρων
2286 2648 2500 2720 ἀληθῶν
2549 2647 2642 2700 καὶ
2705 2644 2980 2717 μυστικῶν
3031 2645 3372 2716 πραγμάτων
3410 2645 3640 2711 ἔσωζεν,

2049 2744 2150 2796 οὐκ
2194 2742 2498 2804 ἀπεικότως
2543 2743 2689 2814 ἐρεῖς
2734 2740 2829 2794 καὶ
2874 2740 2964 2792 τὸν
3013 2738 3274 2811 ἀρχιερέα
3317 2741 3396 2803 εἰς
3447 2739 3643 2809 ἐτέρου

2049 2835 2350 2907 ἀρχιερέως
2383 2833 2750 2907 παρειλῆφθαι
2781 2831 3070 2902 σύμϐολον,
3095 2832 3189 2886 καὶ
3208 2831 3444 2903 Χριστὸν
3475 2832 3642 2884 αὐτὸν

2050 2929 2433 3000 ἐπωνομάσθαι
2459 2931 2539 2992 εἰς
2568 2928 2756 2998 ἐτέρου
2799 2925 2894 2980 τοῦ
2925 2926 3087 2998 μόνου
3122 2925 3217 2978 καὶ
3255 2924 3473 2995 ἀληθῶς
3508 2926 3642 2996 Χρι-

2052 3019 2178 3074 στοῦ
2205 3038 2217 3051 ’
2249 3019 2501 3074 τοσοῦτον
2531 3036 2595 3088 γε
2637 3018 2742 3091 μὴν
2765 3017 3084 3088 λειπόμενον
3119 3015 3212 3070 τοῦ
3248 3015 3503 3088 ἀληθοῦς,
3539 3033 3645 3070 καθ

2051 3111 2204 3164 θόσον
2256 3112 2284 3162 ὁ
2336 3109 2435 3180 μὲν
2485 3108 2692 3181 ἀληθὴς
2739 3108 2970 3180 Χριστὸς
3021 3109 3158 3179 πρὸς
3201 3106 3294 3160 τοῦ
3343 3107 3452 3161 τῶν
3501 3107 3641 3160 ὅλως.

364 3209 487 3247 rum
519 3209 702 3248 rerum
733 3197 1154 3262 conservabant,
1185 3215 1294 3254 non
1327 3200 1598 3258 immerito
1638 3205 1715 3260 sis
1753 3206 1948 3260 dictu-

2053 3200 2184 3254 Θεοῦ
2219 3200 2426 3254 ἀκούειο
2458 3220 2475 3250 ι
2501 3200 2685 3254 Κάθου
2712 3201 2776 3252 ἐκ
2801 3199 2991 3266 δεξιῶν
3025 3217 3148 3270 μου,
3173 3199 3278 3263 ἕως
3306 3199 3370 3253 ἂν
3409 3198 3488 3252 θῶ
3513 3202 3644 3265 τοὺς

365 3303 498 3350 rus,
545 3287 856 3356 pontificem
902 3305 1122 3360 quoque
1165 3291 1393 3349 alterius
1443 3296 1720 3364 pontificis
1773 3298 1950 3353 instar

363 3386 706 3448 assumptum
755 3377 948 3445 fuisse,
995 3383 1357 3452 eumdemque
1388 3384 1668 3442 Christum
1701 3388 1950 3444 denomi-

365 3479 579 3536 natum,
621 3472 689 3527 ad
724 3473 948 3528 alterius
991 3483 1046 3528 et
1098 3478 1270 3532 solius
1300 3488 1354 3532 et
1382 3481 1494 3534 veri
1524 3480 1725 3536 Christi
1759 3484 1951 3553 imagi-

367 3581 514 3620 nem.
557 3565 660 3632 Qui
697 3574 879 3622 tamen
913 3582 942 3620 a
971 3585 1099 3625 vero
1141 3572 1414 3641 tantisper
1444 3574 1792 3643 relinquitur.
1819 3576 1948 3630 dum

364 3673 529 3713 verus
577 3657 796 3728 quidem
847 3659 1134 3726 Christus,
1183 3662 1253 3717 ab
1298 3664 1536 3719 universi
1593 3665 1700 3720 Deo
1751 3667 1947 3720 audit:

370 3767 390 3800 ι
430 3747 572 3804 Sede
603 3765 633 3803 a
682 3751 886 3807 dextris
916 3753 1074 3816 meis,
1108 3754 1283 3808 donec
1314 3771 1510 3826 ponam
1548 3757 1799 3813 inimicos
1828 3766 1952 3814 tuos

362 3842 660 3897 scabellum
685 3844 883 3913 pedum
902 3851 1119 3899 tuorum
1136 3847 1202 3900 ⁷⁸.
1218 3865 1236 3898 ι
1260 3846 1323 3900 Et
1346 3848 1476 3902 illud
1496 3868 1538 3902 τι
1562 3849 1636 3902 Ex
1654 3857 1810 3904 utero
1829 3859 1954 3907 ante

363 3929 676 3987 Luciferum
699 3935 858 4004 genui
883 3943 934 3990 te
950 3935 1015 3987 ⁷⁸.
1042 3955 1060 3987 ι
1087 3935 1148 3989 Ει
1167 3937 1295 3991 illud
1318 3959 1330 3991 :
1352 3958 1370 3989 ‹
1395 3937 1604 3994 Juravit
1623 3940 1884 3997 Dominus
1899 3952 1954 3997 et

363 4038 475 4078 non
507 4025 790 4094 paenitebit
817 4041 960 4082 eum.
990 4027 1150 4100 194
1198 4030 1278 4083 Τυ
1327 4046 1387 4086 es
1417 4033 1674 4087 sacerdos
1711 4034 1768 4087 in
1795 4042 1953 4088 aeter-

364 4133 497 4172 num
533 4119 836 4173 secundum
870 4119 1118 4176 ordinem
1154 4121 1515 4179 Melchisedec
1546 4125 1612 4177 ⁸ο.
1655 4145 1673 4176 ι
1704 4124 1810 4180 Per
1833 4141 1954 4196 quae

364 4210 528 4281 plane
573 4226 698 4265 eum
737 4213 956 4268 soboles
987 4213 1082 4268 Dei
1133 4230 1197 4269 ac
1227 4215 1398 4271 Filius
1440 4223 1565 4271 ante
1613 4216 1948 4284 Luciferum,

364 4315 528 4372 atque
557 4311 682 4358 ante
710 4319 874 4360 omne
901 4307 1180 4376 opificium
1207 4309 1497 4372 exstiterit,
1522 4310 1762 4379 pontifex
1793 4320 1953 4367 teter-

363 4409 470 4448 nus
508 4399 596 4450 "est
630 4395 964 4454 declaratus.
1009 4397 1176 4455 Mosis
1223 4415 1352 4455 vero
1389 4400 1661 4464 Christus.
1692 4413 1948 4476 tanquam

2051 3293 2274 3365 ἐχθρούς
2288 3310 2380 3345 σου
2398 3293 2682 3346 ὑποπόδιον
2698 3292 2803 3345 τῶν
2822 3291 2996 3346 ποδῶν
3019 3307 3132 3344 σουο
3161 3311 3176 3344 ι
3195 3293 3352 3356 Καί,ι
3379 3294 3645 3346 Κατακυο

2055 3384 2198 3455 ρίευε
2235 3387 2293 3436 ἐν
2326 3385 2475 3456 μέσῳ
2507 3384 2613 3437 τῶν
2647 3383 2855 3456 ἐχθρῶν
2897 3401 2990 3436 σου
3010 3401 3024 3414 ο
3051 3385 3215 3446 »Καὶ,
3237 3403 3255 3434 ι
3289 3385 3383 3436 Ἐκ
3401 3384 3645 3454 γαστρὸς

2053 3475 2159 3547 πρὸ
2184 3476 2490 3548 Ἑωσφόρου
2533 3476 2800 3548 ἐγέννησά
2824 3494 2882 3530 σε
2902 3493 2914 3506 ο
2939 3495 2958 3527 ι
2992 3477 3102 3528 Kal.
3136 3496 3154 3527 ι
3183 3477 3383 3546 Ὠμοσε
3406 3474 3644 3547 Κύριος,

2055 3569 2152 3623 καὶ
2170 3571 2228 3622 οὐ
2251 3570 2758 3642 μεταμεληθήσεται
2778 3587 2791 3601 ·
2809 3572 2881 3624 Σὺ
2911 3571 3087 3642 ἱερεὺς
3103 3572 3181 3634 εἰς
3202 3570 3293 3623 τὸν
3310 3569 3479 3626 αἰῶνα
3499 3573 3649 3626 κατά

2052 3665 2151 3733 τὴν
2182 3661 2332 3726 τάξιν
2364 3662 2720 3733 Μελχισεδέκ.
2776 3682 2793 3714 ›
2815 3665 2891 3714 Δι’
2917 3656 2991 3716 ὦν
3020 3662 3225 3732 σαφῶς,
3269 3664 3516 3736 γέννημα
3543 3669 3648 3718 καὶ

2057 3754 2181 3818 Υἱὸς
2197 3752 2330 3806 Θεοῦ
2349 3755 2452 3828 πρὸ
2467 3755 2800 3825 Ἑωσφόρου,
2823 3756 2918 3808 καὶ
2947 3755 3052 3826 πρὸ
3083 3756 3262 3826 πάσης
3278 3755 3647 3826 δημιουργίας

2057 3847 2318 3911 ὑποστάς,
2350 3845 2566 3910 αἰώνιος
2599 3847 2890 3920 ἀρχιερεὺς
2912 3845 3310 3917 ἀναπέφανται.
3341 3847 3399 3900 '0
3420 3848 3477 3900 δὲ
3508 3849 3643 3902 Μω-

2058 3941 2198 4004 σέως
2217 3940 2470 4011 Χριστὸς,
2489 3934 2601 3994 οἷον
2617 3943 2673 3992 ἐν
2685 3940 2944 4012 δράματι,
2967 3940 3057 3993 τὸν
3083 3939 3251 3993 τύπον
3267 3941 3524 4012 ἐνβραχεί
3534 3958 3648 3994 κει--

2056 4032 2532 4106 θυποκρινάμενος
2557 4033 2735 4104 χρόνῳ
2754 4073 2768 4098 ,
2802 4037 2978 4088 κεῖται
3002 4036 3060 4086 ἐν
3093 4032 3306 4103 θνητοῖς
3326 4033 3648 4103 λελογισμέο

2057 4143 2169 4190 νος,
2189 4126 2276 4179 ἐτέ
2286 4145 2362 4197 ρῳ
2383 4127 2479 4198 τὴν
2496 4126 2753 4197 ἀλήθειαν
2769 4125 2846 4197 τῷ
2862 4126 3007 4196 μόνῳ
3023 4127 3116 4180 καὶ
3132 4126 3322 4198 ἀληθεῖ
3341 4125 3643 4198 παραδούς

2055 4222 2148 4274 καὶ
2171 4224 2198 4274 6
2247 4223 2344 4292 μὲν
2366 4221 2573 4293 ἀληθὴς
2597 4221 2830 4293 Χριστὸς
2856 4222 2916 4274 ού
2947 4220 3161 4292 δεηθεὶς
3185 4221 3282 4292 τῆς
3312 4219 3450 4273 κατᾶ
3503 4220 3648 4274 Μω-

2057 4314 2152 4367 σέα
2179 4315 2429 4386 χρίσεως,
2446 4314 2554 4367 οὐδ’
2583 4313 2763 4367 ἐλαίου
2789 4311 3088 4367 σκευαστοῦ
3111 4311 3204 4364 καὶ
3227 4311 3458 4380 γεώδους
3482 4311 3643 4382 ῦλης,

2053 4408 2203 4477 ὅμως
2246 4407 2347 4478 τῆς
2383 4408 2583 4479 ἀρετῆς
2625 4407 2718 4460 καὶ
2752 4407 2852 4476 τῆς
2904 4405 3288 4476 προσωνυμίας
3329 4405 3429 4476 τῆς
3472 4405 3645 4459 αὑτοῦ

364 4483 422 4538 in
444 4487 664 4540 scenica
689 4489 923 4553 actione,
947 4490 1014 4544 ad
1039 4491 1202 4546 breve
1231 4492 1530 4549 adornatus
1553 4496 1949 4567 simulatusque

2054 4499 2152 4570 τὴν
2198 4499 2522 4570 οἰκουμένην
2577 4498 2930 4570 κατέπλησε,
2983 4496 3312 4569 παρώνυμον
3366 4497 3533 4550 αὑτοῦ
3581 4498 3647 4551 τὸ

360 4584 580 4646 tempus
632 4579 778 4633 inter
807 4582 1069 4637 mortales
1107 4584 1318 4653 positus
1351 4595 1807 4658 computatusque
1837 4599 1941 4658 est,

361 4671 538 4733 alteri,
575 4673 667 4742 qui
712 4673 862 4729 solus
889 4683 975 4728 est
1019 4691 1202 4741 verus,
1235 4677 1435 4732 tradita
1463 4681 1690 4736 veritate
1721 4702 1733 4736 :
1773 4691 1827 4737 et
1856 4701 1948 4740 ve-

360 4778 459 4818 rus
515 4766 733 4835 quidem
779 4767 1078 4832 Christus,
1128 4785 1306 4840 neque
1356 4769 1607 4828 Mosaicae
1638 4776 1942 4843 'unetionis,

361 4871 539 4927 neque
568 4858 671 4912 olei
705 4860 1003 4916 artificiose
1041 4861 1297 4927 confecti,
1339 4867 1682 4922 terrestrisve
1710 4847 1942 4939 alicujus

362 4948 603 5003 materize
654 4949 939 5020 indigens,
989 4961 1170 5008 tamen
1212 4957 1414 5012 virtute
1473 4960 1942 5032 appellatioueque

360 5053 461 5094 sua
501 5047 675 5094 totum
722 5050 992 5097 terrarum
1036 5047 1223 5102 orbem
1276 5049 1567 5119 implevit:
1604 5053 1804 5122 quippe
1848 5054 1944 5123 qui

359 5131 775 5189 denominatum
809 5151 837 5189 a
875 5138 1058 5209 seipso
1107 5142 1160 5194 in
1210 5143 1466 5198 omnibus
1506 5147 1757 5214 gentibus
1783 5146 1946 5200 Chri-

359 5225 666 5280 stianorum
702 5227 1001 5285 instituerit
1028 5249 1218 5303 genus.
1244 5235 1412 5292 Mosis
1441 5254 1572 5293 vero
1595 5239 1848 5294 Christus
1877 5257 1947 5294 ne

359 5316 416 5371 in
445 5317 759 5376 hominibus
786 5323 1029 5392 quidem,
1066 5329 1209 5396 quod
1242 5345 1482 5400 unquam
1510 5347 1706 5385 nomen
1738 5332 1948 5386 bahuc-

359 5411 453 5475 rit,
503 5416 853 5485 perspicuum
898 5418 1037 5482 fuit,
1098 5423 1198 5477 nisi
1235 5434 1504 5494 quatenus
1552 5426 1725 5496 ipsius
1775 5425 1943 5481 Mosis

359 5506 562 5576 scripta
619 5508 974 5577 prodiderint.
1032 5513 1095 5567 Et
1146 5516 1232 5570 hic
1281 5518 1498 5588 quidem
1551 5534 1675 5573 sero
1723 5519 1942 5573 tandem

459 5683 672 5769 "’_Luc1
696 5703 802 5769 “Iv,
827 5690 916 5769 ‘2_l.
1103 5693 1409 5769 blandam,
1448 5702 1537 5758 40.

359 5767 468 5820 cu,
503 5756 550 5808 1.
629 5758 673 5789 ⁷⁸
694 5759 824 5815 ibid.
852 5763 904 5816 5.
980 5762 1176 5819 "ibid.
1216 5768 1267 5822 4.

1646 5705 1690 5735 ⁷⁵
1718 5703 1882 5759 Hebr.
1933 5720 2049 5772 vin,
2085 5705 2136 5758 5.

2051 4592 2393 4664 Χριστιανῶν
2414 4593 2568 4661 γένος
2599 4595 2657 4644 ἐν
2681 4593 2814 4645 πᾶσι
2845 4593 2959 4654 τοῖς
2987 4590 3163 4644 ἔθνεσι
3191 4591 3607 4662 συστησάμενος
3626 4608 3640 4620 ·

2049 4687 2079 4740 6
2146 4685 2202 4738 δὲ
2242 4684 2521 4748 Μωσέως,
2569 4683 2678 4736 οὐδ’
2731 4685 2813 4736 ὅτι
2869 4683 3000 4736 ποτέ
3049 4684 3108 4736 ἐν
3157 4680 3468 4752 ἀνθρώποις
3510 4683 3646 4735 ὠνο-

2052 4778 2438 4850 μάσθη,δῆλος
2503 4773 2600 4849 ἦν,
2643 4779 2691 4830 εἰ
2729 4777 2802 4849 μὴ
2835 4776 2922 4830 διά
2964 4777 3065 4847 τῆς
3107 4777 3352 4840 Μωσέως
3395 4776 3641 4848 γραφῆς.

2049 4873 2153 4925 Rati
2189 4867 2344 4935 οὗτος
2390 4872 2486 4942 μὲν
2527 4871 2626 4940 ὀψέ
2675 4887 2808 4924 ποτε
2849 4869 2988 4942 μετά
3036 4869 3135 4941 τὴν
3179 4869 3356 4935 ἔξοδον
3396 4870 3500 4940 τὴν
3533 4869 3645 4923 ἀπὸ

2046 4965 2323 5033 Αἰγύπτου
2361 4965 2838 5037 περιρῤαντηρίοις
2879 4964 2990 5019 τισὶ
3020 4964 3114 5017 καὶ
3150 4966 3268 5027 ταῖς
3299 4963 3366 5016 δι’
3391 4963 3643 5032 αἱμάτων

2048 5059 2260 5122 θυσίαις
2295 5057 2612 5130 καθαρθεὶς,
2648 5058 2814 5127 ἐλαίῳ
2849 5057 3102 5129 κέχριστο
3165 5055 3473 5127 σκευαστῷ,
3513 5057 3645 5108 Μωσ-

2049 5152 2190 5214 σέως
2223 5151 2380 5204 αὐτὸν
2421 5151 2768 5222 κεχρικότος·
2802 5152 2831 5202 6
2859 5150 2915 5204 δὲ
2960 5149 3263 5221 ἀρχέτυπος
3302 5149 3399 5201 καὶ
3434 5147 3642 5218 ἀληθὴς

2049 5243 2288 5314 ἀρχῆθεν
2335 5245 2432 5297 καὶ
2474 5245 2554 5305 εἰς
2601 5244 2826 5314 ἄπειρον
2862 5243 3066 5306 αἰῶνα,
3111 5242 3231 5307 ὅλος
3273 5241 3341 5294 δι’
3376 5241 3502 5295 ὅλου
3548 5241 3645 5296 καὶ

2052 5336 2212 5398 αὐτὸς
2264 5335 2414 5405 αὐτῷ
2462 5335 2530 5388 τά
2586 5335 2763 5387 πάντα
2793 5335 3010 5406 ὅμοιος,
3065 5334 3188 5405 μηδ’
3216 5332 3398 5386 ὁτιοῦν
3432 5332 3646 5404 παραλ-

2049 5424 2278 5487 λάττων,
2315 5427 2550 5498 Χριστὸς
2580 5423 2646 5498 ἦν
2674 5429 2780 5487 ἀεὶ,
2817 5427 2910 5480 καὶ
2947 5426 3052 5498 πρὸ
3093 5427 3192 5496 τῆς
3226 5427 3283 5476 ἐν
3330 5425 3644 5496 ἀνθρώποις

2051 5518 2362 5589 ἐπιδημίας,
2389 5521 2482 5573 καὶ
2513 5522 2627 5590 μετ’
2654 5519 2820 5590 αὐτὴν
2850 5519 3070 5589 ὁμοίως,
3095 5519 3155 5571 οὐ
3181 5517 3318 5589 πρὸς
3348 5515 3644 5589 ἀνθρώπου

3415 5705 3464 5735 ’⁸
3486 5703 3642 5761 Psal.

2250 5707 2292 5736 7r.
2315 5704 2479 5760 Helm
2534 5723 2588 5775 ι)
2645 5707 2693 5761 ί,
2773 5709 2816 5740 7"
2842 5703 3056 5765 (301055.
3105 5719 3171 5768 υ..
3216 5703 3304 5766 16η
