3846 6218
125 319 229 374 5'35

1051 312 1709 371 DEMONSTRATlONlS
1744 311 2214 369 EVANCELICAS
2255 312 2385 368 LIB.
2419 311 2507 368 IV.

2962 191 2977 228 Ι

3296 313 3410 369 526

120 435 246 488 οὐδὲ
282 433 350 487 δι’
389 433 521 506 ῦλης
552 434 650 506 τῆς
685 435 750 487 ἐν
785 433 1114 508 ἀνθρώποις,
1153 435 1291 488 ἀλλὰ
1326 435 1462 505 πρὸς
1496 435 1588 487 τοῦ
1621 436 1714 488 ἐπὶ
1743 445 1785 500 Α
1817 450 1834 506 ι

1833 444 1940 505 post
1982 431 2188 488 exitum
2235 432 2302 487 de
2355 431 2624 503 Egypto,
2666 432 2814 487 vasis
2867 429 3194 502 quibusdam
3254 435 3406 503 puris

126 525 349 582 πάντων
397 525 534 579 Θεοῦ
583 529 650 597 τῇ
692 527 877 595 ἀγενεῖ
921 525 1136 599 θεότητι
1184 528 1562 598 κεχρισμένος.
1608 527 1718 578 Καὶ

123 618 430 690 ἐπειδήπερ
475 618 538 672 τὸ
581 619 683 688 τῆς
738 620 1110 691 προσηγορίας
1159 618 1325 673 αὑτοῦ
1382 619 1510 691 παρ’
1563 617 1716 690 ἡμῶν

121 711 476 778 ἐξετάζεται,
529 711 641 764 τῶν
675 711 983 782 εἰρημένων
1026 709 1282 765 ἁπάντων
1337 710 1424 781 εἴη
1479 709 1546 764 ἂν
1600 712 1720 762 ἐπι-

126 803 458 874 σφράγισμα
480 801 542 854 τὸ
565 803 717 873 παρὰ
758 801 836 872 τῷ
876 803 1176 874 σοφωτάτῳ
1201 802 1506 873 Σολομῶντι
1542 802 1719 871 λόγιον

126 895 342 964 φάσκον
371 895 431 948 ἐν
454 893 536 964 τῷ
564 894 804 966 ’ᾼσματι
831 893 940 948 τῶν
965 895 1256 966 ᾀσμάτων·
1292 915 1311 946 ι
1341 895 1530 966 Μῦρον
1561 897 1720 949 ἐκκε-

123 985 298 1039 νωθέν
326 985 499 1055 ὄνομά
536 1001 654 1037 σου.
691 1004 709 1035 ι
735 980 900 1048 Οὗτος
937 985 1047 1057 γὰρ
1076 985 1244 1057 ἐνθέῳ
1288 987 1451 1057 σοφίᾳ
1489 1003 1720 1058 κεχορη-

122 1077 390 1148 γημένος,
426 1079 522 1132 καὶ
567 1076 923 1144 καταξιωθεὶς
964 1077 1418 1150 ἀπορῤητοτέρων
1465 1079 1592 1150 περὶ
1624 1078 1718 1131 τοῦ

122 1167 370 1240 Χριστοῦ
404 1169 500 1220 καὶ
527 1169 625 1239 τῆς
658 1168 985 1238 Ἐκκλησίας
1013 1168 1179 1222 αὑτοῦ
1210 1169 1602 1241 θεωρημάτων,
1627 1171 1722 1223 καὶ

123 1260 219 1312 τοῦ
251 1261 350 1331 μὲν
384 1260 460 1324 ὼς
490 1261 815 1331 ἐπουρανίου
861 1261 1116 1332 νυμφίου,
1157 1262 1256 1332 τῆς
1298 1261 1355 1314 δὲ
1395 1263 1470 1326 ὡς
1501 1263 1721 1333 νύμφης

125 1352 297 1405 αὐτοῦ
342 1353 748 1424 μνημονεύσας,
786 1353 1215 1426 ἐπιζητουμένου
1244 1355 1297 1407 τί
1326 1354 1436 1426 ἄρα
1461 1351 1528 1424 ἦν
1551 1355 1721 1426 ὄνομα

121 1445 204 1515 τῷ
229 1447 472 1517 νυμφίῳ,
497 1448 760 1515 ἐπιφωνεῖ
779 1447 854 1510 ὡς
877 1446 1014 1518 πρὸς
1042 1447 1205 1500 αὐτὸν
1230 1447 1427 1516 λέγων.
1457 1448 1530 1501 Τὸ
1551 1447 1722 1518 ὄνομά

124 1554 244 1601 σου,
280 1539 506 1609 νυμφίε,
537 1539 706 1611 μύρον
736 1541 874 1604 ἐστὶ,
901 1541 994 1593 καὶ
1023 1539 1192 1614 μύρον
1224 1541 1322 1612 οὐχ
1342 1541 1554 1607 ἁπλῶς,
1585 1542 1722 1596 ἀλλὰ

123 1630 532 1700 κεκενωμένον.
561 1631 719 1685 Ποῖον
747 1632 805 1684 δὲ
831 1631 895 1684 ἂν
909 1633 1144 1714 ςγένηται
1172 1633 1343 1703 ὄνομα
1369 1633 1543 1706 μύρου
1566 1651 1722 1688 κεκε-

125 1721 382 1792 νωμένου
407 1721 701 1791 δηλωτικὸν
733 1723 766 1794 ἢ
799 1723 861 1776 τὸ
895 1722 990 1776 τοῦ
1015 1723 1264 1795 ’Χριστοῦ
1293 1725 1496 1796 δνομα;
1522 1725 1582 1778 οὺ
1613 1725 1722 1798 γὰρ

1821 526 2174 595 cruentisque
2222 523 2511 578 sacriﬁciis
2557 533 2843 594 purgatus,
2896 524 3018 577 oleo
3072 531 3273 580 unctus
3323 536 3410 581 est

1821 627 2141 688 comparato
2197 617 2377 686 ipsum
2425 614 2630 671 Mosem
2682 616 2912 672 sortitus
2953 623 3261 672 unctorem.
3311 615 3408 672 Ille

1820 725 1952 765 vero
1986 709 2169 765 omnis
2199 707 2388 763 formae
2426 709 2721 780 archetypa
2757 717 2811 764 et
2839 725 3024 773 verus,
3057 708 3127 763 ab
3161 708 3319 762 initio
3349 707 3408 763 in

1821 801 2100 857 inﬁnitum
2150 817 2326 872 usque
2358 817 2557 866 aevum,
2605 809 2754 856 totus
2787 817 2886 872 per
2928 808 3127 867 totum,
3180 802 3412 874 ipseque

1821 895 1929 952 sibi
1960 896 2014 949 in
2053 895 2310 950 omnibus
2340 894 2559 958 similis,
2593 910 2866 965 nusquam
2897 894 3196 966 quidquam
3229 902 3414 950 muta-

1821 986 1992 1042 tionis
2021 986 2317 1057 accipiens,
2347 983 2604 1041 Christus
2629 1001 2844 1055 semper
2873 985 2999 1049 fuit,
3030 987 3194 1041 etiam
3223 987 3415 1056 prius-

1821 1093 1986 1148 quam
2034 1077 2102 1132 ad
2149 1077 2401 1133 homines
2446 1078 2696 1143 venerit,
2736 1085 2901 1149 atque
2951 1078 3138 1135 itidem
3185 1085 3409 1148 postea,

1821 1183 1932 1223 non
1956 1168 2046 1224 ille
2066 1167 2285 1238 quidem
2310 1167 2380 1222 ab
2404 1167 2644 1230 homine,
2671 1182 2848 1237 neque
2871 1168 2984 1223 ulla
3007 1169 3254 1230 materia,
3287 1183 3411 1239 qua:

1824 1260 1966 1317 inter
1994 1261 2246 1316 homines
2280 1261 2619 1330 reperiatur,
2656 1261 2751 1316 sed
2807 1277 2838 1315 a
2881 1277 3140 1331 supremo
3175 1261 3288 1318 Deo
3323 1263 3412 1317 in-

1825 1353 2007 1423 genita
2035 1351 2325 1406 divinitate
2354 1361 2570 1405 unctus.
2609 1350 2675 1404 Et
2704 1353 2965 1421 quoniam
3013 1353 3080 1408 de
3128 1355 3278 1409 illius
3312 1369 3411 1426 ap-

1823 1445 2118 1513 pellatione
2172 1447 2228 1499 in
2263 1445 2555 1516 praesentia
2605 1445 2952 1510 disserimus,
2985 1447 3244 1503 omnibus
3288 1463 3416 1519 quae

1823 1539 1970 1594 dicta
1989 1547 2117 1593 sunt
2136 1538 2297 1608 quasi
2321 1539 2536 1609 signum
2562 1541 2905 1611 imprimatur
2923 1540 3075 1606 illud,
3097 1541 3241 1610 quod
3266 1541 3412 1611 apud

1825 1632 2289 1703 sapientissimum
2317 1632 2665 1688 Salomonem
2687 1640 2887 1700 exstat,
2915 1635 3220 1700 oraculum,
3249 1635 3331 1689 sic
3350 1649 3414 1690 se.

1824 1724 2036 1780 habens
2063 1725 2119 1778 in
2148 1723 2379 1780 Cantico
2409 1727 2751 1781 canticorum
2791 1745 2805 1781 :
2848 1743 2866 1776 ι
2904 1725 3252 1796 Unguentum
3283 1741 3413 1780 eva—

121 1812 191 1866 ἇν
219 1813 421 1877 ἄλλως,
466 1812 578 1866 οὔτ’
611 1813 678 1868 ἂν
719 1815 950 1884 γένοιτο,
985 1814 1096 1869 οὔτ’
1125 1815 1192 1869 ἂν
1226 1817 1554 1890 ὀνομασθείη
1587 1819 1722 1890 Χρι-
1752 1805 1794 1860 Β
1824 1836 1834 1870 4

1833 1828 2047 1872 cuatum
2085 1832 2285 1872 nomen
2318 1827 2471 1872 tuum
2513 1818 2579 1872 θι.
2622 1839 2640 1870 ι
2669 1817 2805 1872 Nam
2847 1818 2936 1873 hic
2966 1835 3184 1889 quoque
3226 1818 3412 1874 divina

123 1905 276 1969 στδς,
303 1905 337 1975 ἢ
389 1905 560 1977 μύρου
603 1906 989 1977 προχυθέντος.
1029 1907 1240 1960 Ὀποῖον
1276 1908 1333 1961 δὲ
1371 1908 1530 1962 τοῦτο
1555 1905 1623 1980 ἦν
1658 1909 1720 1963 τὸ

122 1997 326 2069 μύρον,
344 1991 390 2066 ᾧ
413 1998 654 2068 χρισθεὶς
676 1998 1046 2071 ὁδηλούμενος
1061 2000 1295 2072 Χριστὸς
1315 2001 1718 2070 ἀποπέφανται,

118 2087 214 2142 διὰ
235 2088 350 2144 τῶν
375 2089 609 2162 πρόσθεν
633 2092 764 2161 ἡμῖν
789 2091 1128 2144 ἀποδέδοται.
1161 2091 1444 2145 Τοσούτων
1471 2091 1598 2162 περὶ
1621 2093 1720 2163 τῆς

119 2182 219 2235 τοῦ
251 2183 494 2255 Χριστοῦ
525 2183 898 2254 προσηγορίας
935 2184 1397 2257 διηγορευμένων,
1434 2185 1587 2258 φέρε,
1625 2186 1719 2239 καὶ

121 2277 258 2346 περί
284 2277 386 2346 τῆς
410 2274 505 2328 τοῦ
544 2276 720 2347 Ἰησοῦ
759 2275 1198 2348 διασκεψώμεθα.

1827 1912 2094 1981 sapientia
2123 1911 2381 1976 donatus,
2412 1920 2466 1966 et
2498 1911 2696 1982 dignus
2718 1911 2938 1967 habitus
2965 1913 3056 1982 qui
3083 1928 3206 1982 quae
3230 1927 3415 1966 secre-

1823 2006 1968 2060 tiora
2000 2010 2129 2059 sunt
2161 2004 2228 2058 de
2260 2003 2480 2059 Christo
2509 2014 2563 2059 et
2610 2004 2676 2059 de
2718 2005 2840 2074 ejus
2876 2004 3115 2060 Ecclesia
3165 2013 3414 2058 contem-

1826 2096 2108 2165 plaretur;
2164 2096 2414 2165 idemque
2465 2111 2588 2150 cum
2649 2097 2812 2151 unius
2872 2097 3092 2167 quidem
3149 2105 3412 2166 tanquam

1828 2190 2018 2260 sponsi
2052 2190 2487 2260 superccelestis,
2519 2191 2746 2246 alterius
2777 2203 3033 2261 tanquam
3068 2192 3213 2247 illius
3247 2206 3415 2261 spon-

1829 2296 1904 2336 sae
1959 2282 2292 2337 mentionem
2352 2279 2594 2347 fecisset,
2643 2293 2698 2338 et
2751 2293 3089 2353 quaereretur
3136 2283 3413 2354 quodnam

121 2367 232 2436 ipsi
279 2383 488 2438 sponso
538 2384 738 2425 nomen
777 2380 955 2438 esset,
1001 2387 1192 2426 vocem
1229 2372 1437 2426 emittit
1466 2372 1630 2442 quasi
1665 2373 1732 2427 ad
1788 2373 1940 2428 illum
1986 2375 2177 2432 dicens
2215 2394 2228 2430 :
2277 2374 2484 2432 Nomen
2550 2385 2726 2443 tuum,
2783 2392 3018 2447 Sponse,
3074 2385 3412 2448 unguentum

118 2469 231 2528 est,
266 2471 322 2517 et
348 2472 688 2535 unguentum
717 2481 826 2520 non
879 2466 1226 2537 simpliciter,
1260 2482 1451 2522 verum
1481 2476 1827 2524 evacuatum.
1880 2467 2051 2524 Porro
2114 2477 2296 2525 autem
2321 2469 2597 2540 quodnam
2647 2469 2865 2525 tandem
2894 2469 3042 2524 aliud
3091 2469 3163 2524 sit
3212 2484 3416 2525 nomen

117 2564 472 2626 unguentum
504 2567 828 2614 evacuatum
863 2559 1201 2630 signiﬁcans,
1230 2558 1338 2615 nisi
1363 2559 1543 2630 ipsum
1585 2559 1792 2615 Christi
1857 2561 2094 2618 nomen?
2149 2576 2275 2616 nam
2308 2561 2512 2632 alioqui
2543 2576 2720 2632 neque
2760 2561 2878 2616 ﬁeri
2920 2576 3099 2631 neque
3145 2561 3417 2616 nominari

117 2655 306 2724 possit
338 2653 596 2710 Christus
626 2695 642 2720 ,
690 2655 737 2711 si
783 2662 1124 2726 unguentum
1175 2653 1420 2712 infusum
1472 2672 1582 2711 non
1631 2657 1720 2713 sit.
1759 2657 1932 2724 Quale
1971 2672 2104 2712 vero
2150 2657 2254 2713 hoc
2309 2664 2458 2712 esset
2514 2663 2879 2728 unguentum,
2948 2671 3058 2726 quo
3103 2664 3302 2712 unctus
3343 2655 3414 2718 is,

116 2747 194 2802 de
248 2763 364 2818 quo
423 2749 639 2820 agitur,
689 2749 947 2806 Christus
1004 2758 1091 2806 est
1175 2750 1526 2816 declaratus,
1579 2751 1635 2806 in
1692 2751 1760 2806 iis
1823 2767 1946 2823 quae
2027 2752 2282 2822 superius
2357 2751 2571 2815 habes,
2637 2766 2668 2804 a
2726 2749 2887 2805 nobis
2953 2757 3238 2803 ostensum
3305 2755 3413 2803 est.

120 2838 295 2910 195
321 2839 464 2894 Cum
501 2841 670 2912 igitur
699 2840 767 2898 de
810 2839 1022 2897 Christi
1078 2842 1446 2914 appellatione
1510 2842 1778 2898 hactenus
1812 2849 1922 2897 tam
1958 2843 2129 2898 multa
2168 2842 2337 2899 locuti
2369 2856 2584 2905 sumus,
2632 2841 2885 2911 agedum,
2919 2838 2987 2895 de
3042 2837 3172 2895 Jesu
3199 2853 3418 2911 quoque

115 2932 500 2991 disseramus.

879 3051 976 3107 lZ'.

2539 3045 2704 3101 XVII.

114 3163 252 3219 Ὅτι
279 3165 380 3240 grai
403 3165 490 3240 tt);
503 3165 609 3220 τοῦ
637 3167 832 3240 Ἰησοῦ
859 3167 1049 3240 ὄνομα
1080 3167 1240 3236 παρὰ
1264 3168 1388 3235 τοῖς
1420 3170 1725 3238 πρόπαλαι
1754 3182 1795 3240 c
1831 3193 1834 3217 ι

1833 3167 1985 3238 Quod
2021 3167 2180 3222 etiam
2203 3166 2334 3223 Iesu
2368 3183 2556 3240 nomen
2588 3165 2728 3240 apud
2752 3166 2954 3240 priscos
2990 3165 3086 3220 Dei
3120 3165 3418 3236 familiares

189 3235 309 3290 τοῦ
344 3237 494 3292 Θεοῦ
521 3239 836 3308 γνωρίμοις
862 3235 1189 3308 ἐτετίμητο.

195 3375 430 3450 Πρῶτος
469 3377 632 3431 πάλιν
674 3378 914 3449 Μωσῆς,
958 3377 1095 3449 πρὸς
1133 3379 1226 3431 τὸν
1273 3379 1440 3433 αὑτοῦ
1483 3380 1727 3452 διάδοχον

115 3467 296 3540 ἑτέρᾳ
343 3467 629 3539 χρώμενος
665 3467 1052 3540 προσωνυμίᾳ,
1098 3467 1306 3541 Ἰησοῦν
1349 3473 1723 3544 μετωνόμασε.

115 3563 453 3634 Γέγραπται
498 3563 641 3635 γάρ’
680 3582 699 3614 ι
741 3562 925 3616 Ταῦτα
963 3564 1032 3618 τὰ
1071 3565 1313 3634 ὀνόματα
1347 3563 1455 3617 τῶν
1495 3565 1724 3637 ἀνδρῶν,

115 3651 221 3717 οὓς
263 3653 556 3707 ἀπέστειλε
590 3653 797 3725 Μωσῆς
841 3653 1291 3724 κατασκέψασθαι
1335 3655 1434 3726 τὴν
1476 3655 1602 3725 γῆν,
1634 3655 1728 3708 καὶ

120 3746 460 3816 ἐπωνόμασε
498 3746 706 3817 Μωσῆς
744 3746 834 3800 τὸν
870 3747 1094 3818 Ναυσῆν
1131 3747 1244 3800 υἱὸν
1282 3747 1440 3818 Ναυῆ
1487 3746 1726 3818 Ἰησοῦν,

121 3839 224 3892 καὶ
252 3838 581 3893 ἀπέστειλεν
607 3837 824 3902 αὐτούς.
859 3859 878 3891 ι
910 3841 1053 3912 Ὅρα
1081 3839 1146 3912 δὴ
1180 3834 1274 3895 οὖν
1296 3839 1418 3894 τίνα
1446 3841 1648 3912 τρόπον
1667 3841 1729 3894 οὐ

127 3931 310 4004 μικρά
345 3932 548 4001 νοήσας
588 3932 716 4005 περὶ
757 3929 974 4002 φύσεως
1013 3931 1295 4004 ὀνομάτων
1336 3935 1364 3986 ὁ
1409 3934 1729 4004 προφήτης,

123 4024 270 4078 ἀλλὰ
318 4025 416 4077 καὶ
458 4024 688 4076 πλεῖστα
723 4024 825 4078 ὅσα
869 4023 1132 4094 περὶτῶν
1162 4025 1293 4095 παρ’
1326 4023 1476 4095 αὐτῷ
1515 4041 1733 4095 μετονο-

129 4115 466 4188 μαζομένων
493 4116 651 4169 θείων
672 4115 902 4188 ἀνδρῶν,
925 4117 1020 4169 καὶ
1045 4109 1119 4170 ὧν
1148 4115 1310 4169 ἕνεκα
1341 4117 1734 4188 μετονομάζον-

130 4227 255 4275 ται,
292 4209 668 4281 φιλοσοφήσας
688 4250 702 4274 ,
731 4209 942 4278 εἰσάγει
966 4208 1058 4262 τὸν
1098 4207 1350 4280 Ἀϐραὰμ
1381 4209 1615 4264 ἔπαθλον
1645 4209 1732 4262 ἐπ’

124 4304 307 4376 ἀρετῇ
367 4301 832 4373 ἀπολαμϐάνοντα
887 4301 1024 4374 πρὸς
1085 4300 1180 4354 τοῦ
1241 4300 1380 4354 Θεοῦ
1443 4299 1540 4372 τὴν
1597 4301 1733 4372 πρὸς

139 4396 407 4467 Ἀϐραὰμ
427 4396 615 4467 ἐντελῆ
643 4395 1044 4468 προσηγορίαν·
1070 4395 1208 4468 ὅπερ
1233 4395 1284 4448 τί
1312 4412 1442 4448 ποτε
1467 4394 1648 4465 δηλοῖ,
1671 4393 1732 4446 οὐ

2395 3239 2447 3292 in
2474 3239 2642 3307 pretio
2669 3239 2849 3306 fuerit.

1899 3377 2119 3433 Primus
2141 3389 2362 3430 rursum
2381 3372 2582 3438 Moses,
2607 3386 2734 3426 cum
2757 3369 2825 3424 ad
2844 3387 3004 3427 suum
3040 3386 3420 3428 successorem

1831 3469 1938 3524 alia
1971 3475 2216 3522 uteretur
2269 3463 2635 3535 appellatione
2661 3504 2677 3530 ,
2707 3460 2896 3518 Jesum
2944 3477 3068 3518 eum
3101 3462 3421 3518 denomina-

1838 3561 1954 3615 vit:
1983 3559 2258 3630 Scriptum
2309 3566 2393 3613 est
2415 3557 2585 3618 enim,
2627 3573 2645 3605 ‹
2688 3553 2803 3609 haec
2826 3564 2956 3609 sunt
3011 3555 3237 3610 nomina
3273 3555 3423 3608 viro-

1833 3667 1975 3718 rum,
2003 3665 2143 3721 quos
2178 3648 2330 3705 misit
2359 3647 2540 3703 Moses
2572 3647 2640 3701 ad
2669 3646 3071 3720 inspiciendam
3104 3653 3330 3711 terram,
3366 3653 3424 3701 et

1833 3744 2208 3802 denominavit
2236 3741 2439 3808 Moses,
2468 3741 2705 3797 Nausem
2733 3741 2904 3795 tilium
2938 3737 3105 3806 Nave,
3140 3737 3424 3802 Jesum,et

1833 3840 1985 3894 misit
2043 3839 2224 3894 eos".
2267 3857 2285 3889 ι
2351 3835 2677 3899 Considera,
2727 3849 2934 3905 quaeso,
2990 3847 3304 3903 parumper,
3361 3836 3425 3884 ut

1833 3936 2099 4008 propheta
2121 3935 2214 4006 qui
2248 3949 2357 3989 non
2385 3947 2581 4003 parum
2615 3932 2809 3987 doctus
2855 3938 3108 3984 naturam
3139 3927 3422 3982 nominum

1833 4037 1972 4093 erat,
1998 4029 2094 4084 sed
2127 4027 2445 4099 plurimum,
2504 4024 2606 4079 hac
2659 4037 2878 4094 quoque
2903 4022 2959 4076 in
2990 4027 3145 4090 parte
3178 4019 3427 4090 philoso-
3527 4093 3533 4098 _

1833 4123 2060 4192 phatus,
2106 4128 2169 4176 ut
2211 4136 2280 4176 ex
2322 4119 2391 4176 iis
2441 4117 2650 4172 sanctis
2683 4115 2816 4170 viris
2864 4119 3101 4176 constat,
3139 4126 3278 4182 quos
3307 4111 3426 4180 ipse

1835 4211 2234 4276 denominavit,
2265 4219 2320 4265 et
2351 4225 2418 4264 ex
2454 4207 2639 4263 causis
2689 4214 2912 4274 propter
2933 4217 3073 4273 quas
3102 4200 3425 4256 denomina-

1835 4305 1935 4368 vit,
1969 4303 2172 4374 quippe
2226 4302 2320 4372 qui
2365 4300 2591 4355 inducat
2647 4295 2948 4359 Abraham,
3005 4293 3099 4363 qui
3141 4292 3424 4362 praemium

1835 4399 2059 4453 virtutis
2091 4411 2121 4450 a
2158 4395 2268 4451 Deo
2306 4392 2530 4464 accipit,
2580 4407 2737 4447 suam
2774 4389 2950 4460 ipsius
2975 4385 3252 4441 Abraham
3282 4383 3424 4438 inte-

123 4491 231 4546 νῦν
260 4491 550 4560 διασαφεῖν
593 4491 803 4561 καιρός.
849 4487 1008 4542 Οῦτω
1036 4487 1091 4541 δὲ
1122 4488 1217 4542 καὶ
1251 4487 1352 4560 τὴν
1382 4486 1555 4558 Σαραῖ
1585 4487 1730 4559 Σάρα
1765 4529 1806 4584 D

1837 4508 1988 4563 gram
2018 4490 2435 4562 appellationem
2463 4527 2477 4552 ,
2510 4486 2656 4558 quod
2691 4501 2826 4541 sane
2861 4483 3123 4554 quidnam
3159 4479 3265 4536 sibi
3296 4479 3428 4534 velit

127 4583 240 4655 ραν
289 4581 671 4652 ἐπονομάσας,
706 4583 801 4635 καὶ
831 4581 1043 4651 γέλωτα
1077 4581 1167 4634 τὸν
1207 4581 1392 4634 Ἰσαὰκ
1429 4582 1534 4653 πρὸ
1573 4581 1729 4650 γενέ-

129 4693 279 4740 σεως
322 4674 779 4746 ἐπικεκλημένον,
808 4676 902 4729 καὶ
939 4675 1029 4728 τὸν
1077 4673 1272 4728 Ἰακὼϐ
1313 4675 1412 4746 τῆς
1449 4673 1626 4744 πάλης
1669 4673 1730 4726 τὸ

131 4770 396 4841 βραϐεῖον
423 4768 510 4822 διὰ
541 4770 638 4840 τῆς
657 4767 752 4822 τοῦ
780 4769 997 4841 Ἰσραὴλ
1015 4769 1330 4839 ἐπωνυμίας
1347 4767 1540 4822 ἀναδοῦ
1550 4785 1730 4838 μενον,

133 4863 316 4935 μυρία
338 4880 399 4916 τε
418 4861 554 4917 ἄλλα
580 4863 709 4934 περὶ
728 4861 1005 4932 ὀνομάτων
1025 4859 1304 4932 δυνάμεώς
1324 4877 1384 4914 τε
1404 4861 1498 4914 καὶ
1518 4860 1734 4930 φύσεως

131 4958 395 5031 θειότερα
424 4956 459 5028 ἢ
491 4957 613 5010 κατ’
634 4955 941 5027 ἄνθρωπον,
959 4954 1128 5026 ἐνθέῳ
1150 4955 1311 5026 σοφία
1337 4955 1431 5008 καὶ
1456 4954 1732 5025 ἐπιστήμῃ

130 5049 441 5113 διαλαϐὼν,
478 5049 704 5120 μηδενὸς
729 5047 838 5102 τῶν
862 5046 969 5120 πρὸ
996 5046 1190 5101 ἑαυτοῦ
1222 5046 1330 5099 τῶν
1350 5045 1411 5111 ἐξ
1443 5043 1638 5108 αἰῶνος
1656 5045 1734 5115 τῷ

132 5143 234 5196 τοῦ
274 5141 456 5214 Ἰησοῦ
493 5140 831 5212 κεχρημένου
869 5140 1094 5212 ὀνόματι
1117 5179 1132 5203 ,
1157 5138 1372 5210 πρῶτος
1408 5137 1570 5201 αὐτὸς
1607 5137 1736 5208 θείῳ

133 5234 428 5305 Πνεύματι
463 5231 842 5302 θεοφορηθεὶς,
873 5231 962 5284 τὸν
1010 5229 1271 5301 μέλλοντα
1304 5227 1469 5282 αὑτοῦ
1495 5227 1737 5298 διάδοχον

130 5330 237 5399 τῆς
269 5325 456 5398 ἀρχῆς
489 5325 583 5378 τοῦ
606 5324 738 5378 λαοῦ
767 5322 1207 5394 καταστήσεσθαι
1227 5363 1241 5388 ,
1274 5322 1444 5394 ἑτέρῳ
1473 5320 1738 5393 πρότερον

130 5422 374 5492 ὀνόματι
409 5418 748 5490 κεχρημένον
785 5415 1125 5488 μεταλαϐὼν,
1161 5414 1370 5487 Ἰησοῦν
1407 5412 1561 5468 καλεῖ
1582 5430 1594 5442 ⁸
1639 5413 1738 5465 οὐκ

132 5516 337 5584 ἀρκεῖν
393 5511 694 5583 ἡγούμενος
749 5509 848 5582 τὴν
899 5510 965 5562 ἐκ
1019 5509 1296 5582 προγόνων
1356 5505 1738 5576 ἐπικληθεῖσαν

133 5605 292 5679 ἀυτῷ
316 5604 598 5675 γενομένῳ
621 5602 1013 5675 προσηγορίαν.
1038 5601 1258 5672 Ν.ιυσῆν
1286 5601 1395 5673 γὰρ
1421 5599 1582 5655 αὑτὸν
1608 5597 1742 5670 ἐφὼο

217 5807 255 5837 ⁸¹
284 5805 450 5861 Cant.
486 5819 523 5870 ι,
568 5804 623 5860 9..
701 5804 745 5836 ⁶²
775 5801 938 5857 Num.
972 5817 1091 5868 xm,
1141 5801 1228 5855 l7.

1841 4601 1952 4640 non
1978 4593 2063 4640 est
2095 4598 2242 4638 nunc
2281 4578 2693 4637 demonstrandi
2743 4577 2919 4642 locus,
2971 4583 3027 4631 et
3083 4572 3274 4629 eadem
3337 4585 3428 4626 ra-

1844 4680 1993 4735 tione
2025 4676 2217 4732 Saram
2252 4674 2570 4730 denominet
2599 4671 2822 4726 Sarram
2845 4711 2860 4734 ,
2891 4675 2946 4724 et
2975 4666 3148 4730 Isaac,
3175 4679 3301 4720 eum
3331 4662 3428 4732 qui

1843 4781 2139 4844 antequam
2179 4773 2522 4832 nasceretur,
2553 4765 2702 4821 risus
2729 4764 2909 4819 dictus
2939 4761 3136 4824 fuerat,
3169 4766 3223 4814 et
3255 4755 3430 4820 Jach

1842 4881 1967 4920 eum
1985 4863 2074 4936 qui
2096 4861 2320 4934 praemio
2353 4861 2533 4922 lucta}.
2561 4874 2629 4913 ex
2676 4854 3002 4926 cognomine.
3021 4848 3431 4906 lsraeldecora-

1843 4965 1956 5013 tus:
1987 4969 2222 5025 cumque
2242 4952 2385 5007 idem
2407 4951 2512 5005 alia
2543 4945 2963 5003 innumerabilia
2986 4944 3053 4999 de
3079 4942 3132 4997 vi
3160 4949 3213 4997 et
3232 4947 3428 4994 natura

1843 5046 2151 5112 nominum,
2186 5041 2457 5098 diviniore
2483 5054 2648 5110 (luam
2683 5044 2744 5092 ut
2773 5052 2837 5092 ea
2877 5033 3084 5089 homini
3115 5030 3426 5093 conveniat,

1847 5139 2164 5210 Spirituque
2185 5135 2281 5192 Dei
2311 5133 2488 5189 aiilata
2527 5129 2796 5201 sapientia
2823 5143 2888 5183 ac
2919 5127 3146 5184 scientia
3172 5131 3426 5196 percepta

1844 5241 1901 5288 et
1924 5232 2139 5303 cognita
2167 5228 2412 5289 haberet,
2448 5238 2550 5278 nec
2569 5221 2704 5276 alius
2722 5219 3012 5290 quisquam
3029 5217 3098 5272 ab
3126 5215 3279 5270 initio
3303 5222 3430 5268 ante

1847 5326 2047 5394 ipsum,
2093 5320 2224 5377 Jesu
2282 5317 2502 5373 nomine
2550 5329 2682 5370 usus
2738 5318 2910 5376 esset,
2967 5309 3179 5380 primus
3241 5306 3430 5360 divino

1850 5417 2059 5490 Spiritu
2099 5415 2436 5475 moderante,
2463 5424 2624 5481 quem
2657 5407 2760 5462 sibi
2794 5406 2850 5460 in
2898 5403 3082 5474 populi
3116 5399 3425 5490 principatu

1849 5487 2228 5562 successorem
2278 5511 2396 5558 erat
2445 5499 2845 5561 declaraturus,
2888 5494 2995 5548 alio
3026 5493 3177 5563 prius
3209 5487 3428 5544 nomine

1849 5604 2124 5663 vocatum,
2181 5595 2297 5668 ipse
2326 5593 2658 5654 immutans,
2689 5585 2875 5643 Jesum
2908 5579 3294 5640 nominaverit,
3341 5585 3430 5631 ut-
