3846 6214
420 321 534 377 32‘!

1063 319 1334 375 EUSEBII
1372 317 1859 375 CESARIENSIS
1898 319 2048 374 OPP.
2093 318 2294 376 PARS.
2338 319 2402 372 11.
2440 319 3031 378 —-APOLOGETICA.

3573 328 3669 381 3‘38

426 445 557 508 pote
585 434 678 506 qui
711 433 1127 505 appellationem
1153 435 1230 488 illi
1267 449 1296 487 a
1319 434 1622 503 majoribus
1657 435 1786 488 dum
1814 450 2003 489 nasce.

2117 451 2281 505 νησαν
2311 435 2360 488 οῖ
2394 436 2755 507 γεννήσαντες
2775 453 2788 467 ·
2819 437 2932 489 ἀλλ’
2961 438 2990 490 ὃ
3015 453 3078 504 γε
3110 437 3394 510 προφήτης
3411 437 3502 492 τοῦ
3527 439 3672 502 Θεοῦ,

426 534 580 582 retur
607 526 944 595 adjunctam,
968 542 1074 580 non
1107 526 1243 580 satis
1269 525 1517 580 idoneam
1550 523 1665 578 fore
1689 524 2000 578 censuerit:

427 616 702 687 siquidem
734 615 971 672 Nausem
1025 617 1176 670 illum
1229 626 1482 688 parentes
1535 624 1911 672 vocaverant:
1949 625 2006 671 at

425 725 558 766 vero
588 711 704 781 ipse
725 709 820 764 Dei
855 710 1140 781 propheta,
1189 710 1478 764 immutato
1532 712 1699 765 natali
1763 711 2000 773 nomine,

424 801 604 856 virum
634 801 783 854 illum
814 801 1000 855 divino
1025 799 1231 872 Spiritu
1279 809 1572 865 annuente,
1609 801 1794 857 Jesum
1824 809 2002 863 vocat,

425 903 535 942 non
564 888 722 943 aliter
744 888 896 942 illum
928 898 1051 959 post
1110 899 1342 943 mortem
1398 906 1576 952 suam,
1610 893 1757 945 omni
1804 893 2006 962 populo

428 995 664 1050 praeesse
697 989 954 1050 Oportere
1006 989 1178 1044 ratus,
1214 998 1338 1036 cum
1371 984 1557 1054 utique
1583 984 1824 1039 futurum
1856 986 2006 1041 vide-

425 1081 529 1136 ret,
569 1088 705 1143 quas
770 1074 916 1144 leges
973 1074 1089 1143 ipse
1149 1077 1425 1144 posuisset
1482 1084 1542 1131 ut
1577 1092 1653 1132 eae
1711 1077 2007 1148 aliquando

426 1173 794 1228 mutarentur,
824 1165 983 1238 196
1008 1167 1278 1237 finemque
1329 1171 1659 1238 acciperent,
1712 1180 1766 1224 et
1815 1173 2004 1226 eadem

421 1272 550 1310 cum
582 1257 702 1328 ipso
763 1256 910 1311 Mose
960 1258 1172 1312 ratione
1219 1259 1644 1324 quodammodo,
1695 1261 2003 1324 interirent,

424 1363 603 1417 neque
632 1347 798 1400 alium
825 1347 1160 1416 quempiam,
1186 1363 1350 1417 quam
1394 1365 1564 1402 unum
1595 1348 1779 1404 Jesum
1834 1352 2007 1421 ipsius

426 1438 520 1493 Dei
542 1437 842 1502 Christum,
887 1439 1043 1493 alteri
1072 1439 1406 1509 reipublicae,
1458 1456 1581 1510 quae
1629 1443 1810 1512 priore
1850 1444 2008 1514 longe

424 1532 639 1596 melior,
693 1532 959 1600 longeque
1026 1533 1373 1600 praestantior
1430 1530 1589 1596 foret,
1625 1534 2002 1604 pnefuturum.

420 1621 608 1694 Itaque
636 1622 815 1678 Moses
833 1623 1052 1693 quidem
1077 1626 1322 1678 omnium
1353 1627 1741 1696 prophetarum
1772 1627 2008 1680 maxime

422 1717 802 1784 admirandus,
835 1732 958 1771 cum
1011 1727 1300 1788 utramque
1341 1716 1644 1773 Salvatoris
1676 1721 1849 1774 nostri
1877 1717 2004 1774 Jesu

2107 526 2168 578 τδ
2192 527 2256 578 ὲκ
2283 525 2507 596 γενετῆς
2529 527 2768 596 ἀμείψας
2791 528 2979 597 ὄνομα,
3009 527 3213 597 Ἰησοῦν
3239 527 3331 580 τὸν
3356 529 3521 600 ἀνδρα
3546 532 3674 585 κατὰ

2106 615 2168 668 τὸ
2200 614 2340 668 θεῖον
2362 615 2586 687 Πνεῦμα
2611 617 2788 670 καλεῖο
2823 617 2920 670 οὐκ
2942 617 3116 680 ἄλλως
3143 619 3304 671 αὐτὸν
3326 618 3674 689 καθηγεῖσθαι

2106 706 2201 760 τοῦ
2235 707 2435 771 παντὸς
2463 708 2593 762 λαοῦ
2619 710 2756 781 μετά
2779 710 2877 780 τὴν
2904 711 3095 764 ἑαυτοῦ
3124 711 3400 782 τελευτὴν,
3425 714 3523 782 τῆς
3552 713 3676 785 πρὸς

2108 797 2272 851 αὑτοῦ
2297 798 2547 870 τεθείσης
2574 800 2894 870 νομοθεσίας
2925 803 3403 874 μεταστησομένης
3437 805 3565 856 ποτὲ
3591 805 3675 857 καὶ

2106 890 2258 954 τέλος
2301 891 2592 962 ίσχούσης,
2628 893 2720 945 καὶ
2757 893 2904 962 αὑτῷ
2941 910 3005 962 γε
3044 894 3243 963 ὁμοίως
3276 895 3463 948 Μωσεῖ
3490 895 3678 966 τρόπον

2108 983 2227 1037 τινά
2259 983 2622 1054 τελευτώσης,
2659 985 2859 1055 μηδένα
2878 987 3063 1054 ἓτερον
3095 987 3126 1057 ἢ
3163 989 3322 1056 μόνον
3368 987 3572 1056 Ἰησοῦν
3596 986 3678 1039 τὸν

2109 1075 2340 1147 Χριστὸν
2368 1075 2457 1128 τοῦ
2487 1075 2622 1128 Θεοῦ
2655 1076 2928 1140 πολιτείας
2962 1077 3150 1147 ἐτέρας
3182 1076 3478 1148 ἡγήσεσθαι
3510 1076 3681 1148 κρείτ-

2107 1183 2256 1228 τονος
2293 1165 2325 1236 ἢ
2358 1166 2496 1218 κατὰ
2545 1167 2642 1236 τὴν
2683 1166 2973 1236 προτέραν.
3006 1165 3162 1218 Οῦτω
3193 1167 3290 1236 μὲν
3326 1166 3388 1236 δὴ
3424 1166 3623 1234 Μωσῆς
3652 1166 3679 1218 6

2111 1259 2331 1312 πάντων
2379 1253 2671 1328 προφητῶν
2713 1255 3193 1326 θαυμασιώτατος,
3237 1258 3550 1327 ἀμφοτέρας
3593 1256 3677 1309 τοῦ

2110 1351 2359 1420 Σωτῆρος
2390 1348 2547 1419 ἡμῶν
2591 1347 2765 1418 Ἰησοῦ
2805 1347 3041 1418 Χριστοῦ
3081 1347 3212 1417 θείῳ
3261 1349 3535 1418 Πνεύματι
3570 1348 3678 1400 διας

2109 1442 2267 1509 γνοὺς
2301 1439 2398 1503 τὰς
2428 1441 2744 1510 ἐπωνυμίας
2763 1481 2777 1504 ,
2803 1439 3028 1502 ταύταις
3058 1441 3133 1502 ὡς
3159 1439 3224 1493 ἂν
3261 1440 3555 1510 βασιλικοῖς
3579 1439 3682 1493 δια-

2109 1534 2172 1603 δή
2184 1549 2317 1603 μασι
2343 1535 2468 1595 τοὺς
2495 1532 2622 1604 παρ’
2647 1532 2808 1584 αὑτὸν
2837 1532 3052 1585 πάντων
3073 1532 3181 1584 τῶν
3206 1532 3478 1602 ἀρχόντων
3507 1531 3684 1603 ἐκκρί-

2108 1641 2233 1688 τους
2264 1623 2542 1693 ἐτίμησεν,
2573 1623 2724 1675 δυσὶν
2759 1623 2985 1692 ἄρχουσι
3019 1622 3112 1673 καὶ
3157 1621 3387 1690 ἡγεμόσι
3421 1619 3516 1672 τοῦ
3561 1617 3681 1672 λαοῦ

2108 1715 2185 1786 τῷ
2223 1732 2282 1768 τε
2332 1717 2581 1787 ἀρχιερεῖ
2610 1715 2701 1767 καὶ
2726 1713 2802 1782 τῷ
2841 1713 3028 1782 οἰκείῳ
3059 1713 3305 1782 διαδόχῳ,
3335 1712 3425 1764 τὸν
3449 1711 3674 1782 Χριστὸν

421 1807 628 1864 Christi
694 1810 1134 1880 appellationem,
1197 1810 1383 1864 divino
1443 1809 1650 1879 Spiritu
1704 1811 2003 1866 instruente

2117 1810 2203 1863 καὶ
2230 1808 2322 1861 τὸν
2359 1807 2564 1878 Ἰησοῦν
2592 1806 2934 1877 ἐπιφημίσας
2971 1806 3089 1860 κατ’
3112 1806 3287 1870 ἀξίαν,
3313 1804 3389 1874 τῷ
3425 1805 3525 1875 μὲν
3564 1805 3681 1858 ‘Aa-

419 1899 761 1964 distinctam,
784 1901 1166 1970 cognitamque
1189 1900 1412 1956 haberet
1437 1909 1668 1971 utraque
1686 1903 1843 1969 quasi
1866 1902 2001 1956 duo-r

420 1989 525 2046 bus
555 1991 720 2060 regiis
748 1989 1073 2044 diadematis
1099 2005 1216 2051 eos,
1250 1990 1342 2059 qui
1380 1989 1525 2059 apud
1557 2006 1616 2045 se
1643 1991 1886 2044 omnium
1915 2006 2004 2046 es-

418 2092 543 2137 sent
595 2081 905 2152 principum
968 2081 1418 2151 praastantissimi
1462 2081 1761 2136 decoravit.
1814 2081 2002 2152 Itaque

421 2188 546 2227 cum
595 2173 811 2228 duobus
851 2173 1212 2244 principibus,
1260 2172 1587 2242 duobusque
1625 2171 1860 2228 ducibus
1903 2188 2000 2243 po-

2113 1900 2221 1973 ρὼν
2255 1901 2344 1954 τὸν
2376 1899 2628 1971 Χριστὸν,
2661 1898 2736 1969 τῷ
2756 1899 2811 1952 δὲ
2845 1900 3031 1969 Ναυσῇ
3053 1939 3067 1958 ,
3087 1898 3163 1961 ώς
3191 1898 3256 1951 ἂν
3282 1899 3378 1969 τὴν
3409 1895 3572 1950 αὑτοῦ
3602 1913 3683 1949 τε·

2110 1992 2300 2063 λευτὴν
2330 1992 2722 2064 διαδεξομένιρ,
2757 1992 2850 2045 τὸν
2892 1991 3097 2062 Ἰησοῦν
3135 1993 3457 2062 ἀπονείμας.
3493 1989 3684 2042 Τοῦτον

2113 2083 2211 2154 μὲν
2226 2080 2318 2137 οὖν
2334 2084 2422 2137 τὸν
2435 2085 2680 2155 τρόπονή
2699 2082 2862 2136 αὑτοῦ
2880 2084 3123 2146 Μωσέως
3134 2081 3322 2153 Γραφὴ
3338 2084 3458 2144 ταῖς
3470 2079 3564 2132 τοῦ
3578 2079 3685 2132 Xro-

2107 2175 2274 2247 τῆρος
2303 2175 2458 2246 ἡμῶν
2488 2175 2664 2248 Ἰησοῦ
2687 2173 2924 2248 Χριστοῦ
2951 2175 3257 2246 κεκόσμητο
3281 2171 3681 2245 προσηγορίαις.

422 2266 532 2336 puli
577 2267 817 2336 pontifici
860 2267 984 2336 ipsi,
1021 2283 1087 2322 ac
1135 2282 1236 2322 suo
1290 2267 1463 2336 ipsius
1513 2267 1844 2331 successori,
1881 2268 2161 2323 Christum
2217 2279 2272 2325 et
2315 2269 2502 2326 Jesum
2558 2271 2948 2340 appellationes
2976 2285 3075 2340 pro
3125 2269 3333 2323 meritis
3369 2267 3680 2321 tribuisset:

421 2359 600 2429 ipsum
651 2362 869 2433 quidem
921 2361 1126 2429 Aaron,
1174 2362 1476 2426 Christum,
1536 2360 1771 2418 Nausem
1833 2378 1983 2428 vero,
2018 2365 2174 2434 quasi
2234 2380 2383 2428 eum,
2441 2365 2536 2435 qui
2587 2375 2709 2436 post
2764 2374 2996 2420 mortem
3045 2379 3202 2419 suam
3237 2362 3340 2418 sibi
3389 2369 3538 2417 esset
3567 2373 3685 2413 suc-

418 2469 705 2519 cessurus,
734 2454 920 2510 Jesum
950 2455 1271 2510 nominavit.
1309 2453 1423 2511 Hoc
1473 2457 1638 2528 igitur
1681 2457 1844 2512 modo
1903 2457 2077 2527 ipsius
2112 2457 2277 2514 Mosis
2328 2459 2636 2528 Scriptura,
2673 2457 2972 2512 Salvatoris
3008 2455 3182 2510 nostri
3205 2453 3332 2508 Jesu
3363 2450 3566 2506 Christi
3597 2465 3688 2504 no-

420 2549 664 2604 minibus
701 2549 964 2621 insignita
994 2557 1104 2606 est.

419 2666 500 2719 Ab
520 2665 723 2720 Exodo.
759 2697 830 2706 —
858 2667 1311 2734 Quemadmodum
1335 2668 1500 2724 Mosis
1533 2688 1800 2725 successor
1827 2671 2006 2734 Iesus,

494 2738 589 2810 qui
610 2736 826 2810 angelus
864 2749 943 2792 est
973 2749 1210 2810 uocatus.
1237 2756 1280 2793 et
1303 2741 1482 2809 populi
1503 2740 1613 2794 dua:
1627 2743 1841 2810 futurus
1865 2751 2003 2805 erat,

497 2807 766 2862 reddentis
797 2809 1073 2862 oraculum
1099 2807 1311 2864 Christi
1345 2807 1533 2866 nomen
1556 2807 1692 2882 ferre
1708 2813 1881 2867 dictus
1903 2822 2002 2868 est.

475 2985 684 3041 «Ecce
739 3001 839 3057 ego
879 2987 1034 3042 mitto
1078 2989 1329 3060 angelum
1389 3005 1569 3046 meum
1623 2997 1748 3046 ante
1807 2989 2000 3046 faciem

2125 2665 2268 2722 Ἀπὸ
2304 2663 2415 2732 τῆς
2446 2663 2710 2727 Ἐξόδου.
2743 2660 2924 2733 έ-Ὠς
2947 2661 2979 2712 ὀ
2999 2657 3252 2733 Μωσέως
3280 2655 3575 2733 διᾴδοχρςΔ
3595 2657 3690 2733 Ἰητ-

2181 2737 2334 2802 σοῦς
2354 2728 2402 2799 ,’⁷
2433 2735 2696 2804 ἅγγελος
2728 2728 3199 2804 ἐπικεκλημένος
3219 2768 3232 2790 ,
3268 2728 3364 2780 xal
3398 2728 3511 2804 ςυῦ
3542 2729 3684 2781 λαοί.

2182 2797 2563 2875 καίὶὴγεῖσθαι
2623 2797 2885 2875 μέεμων,
2921 2797 3027 2875 -τόί
3070 2800 3257 2875 ὄνομα
3318 2797 3425 2851 τοῦ
3474 2815 3688 2868 χρημα-

2185 2869 2444 2941 τίζοντος
2476 2869 2733 2943 Χριστοῦ
2761 2869 3141 2940 ἐπιφέρεσθαι
3179 2869 3433 2938 λέγεται.

2186 3014 2204 3048 ι
2239 2994 2369 3047 Ἰδοὺ
2409 2990 2718 3046 ἀποστέλλω
2750 2989 2839 3042 τὸν
2869 2986 3098 3056 ἄγγελόν
3128 3003 3228 3056 μου
3262 2985 3368 3056 πρὸ
3399 2983 3683 3054 προσώτωυ

419 3082 593 3137 tuam,
629 3082 685 3126 ut
713 3074 981 3130 custodiat
1019 3085 1072 3131 te
1096 3077 1151 3132 in
1179 3078 1287 3143 via,
1315 3087 1373 3133 ut
1397 3079 1781 3134 introducatte
1809 3081 1862 3134 in
1897 3090 2003 3134 ter-

2117 3104 2227 3149 σου,
2247 3087 2333 3138 ἴνα
2368 3083 2617 3154 φυλάσσῃ
2643 3098 2702 3133 σε
2731 3081 2786 3133 ὲν
2806 3082 2872 3150 τῇ
2893 3077 3016 3148 ὁδῷ,
3046 3078 3194 3140 ὅπως
3224 3077 3496 3150 εἰσαγάγῃ
3525 3093 3581 3129 σε
3603 3079 3675 3140 εἰς

423 3182 539 3220 ram
585 3183 747 3236 quam
791 3170 1092 3239 praeparavi
1134 3171 1230 3225 tibi
1278 3187 1290 3222 :
1339 3171 1568 3226 observa
1620 3188 1769 3238 eum,
1802 3181 1856 3228 et
1900 3187 2001 3226 au-

423 3260 606 3314 sculta
630 3261 733 3322 illi,
767 3277 838 3315 ne
873 3261 1046 3318 fueris
1073 3263 1336 3320 adversus
1361 3265 1512 3320 illum
1542 3274 1858 3330 contumax,
1891 3283 2000 3321 non

419 3354 569 3410 enim
625 3356 902 3410 verebitur
954 3363 1049 3422 te,
1102 3374 1302 3413 nomen
1357 3360 1504 3414 enim
1561 3376 1743 3416 meum
1807 3369 1892 3416 est
1945 3361 2002 3415 in

425 3448 544 3518 ipso
573 3448 639 3501 ⁸³.
703 3468 722 3500 ι
781 3449 923 3514 Meo,
983 3451 1160 3520 inquit
1216 3451 1332 3522 ipse
1390 3452 1676 3518 Dominus,
1745 3456 1836 3524 qui
1887 3455 2003 3509 haec

421 3539 520 3592 tibi
570 3540 892 3610 respondeo,
949 3544 1172 3598 nomine
1213 3543 1520 3616 inscriptus
1561 3554 1665 3613 est,
1703 3549 1796 3618 qui
1828 3563 2004 3618 popu-

425 3630 536 3684 lum
561 3631 977 3689 introducturus
999 3643 1082 3690 est
1103 3635 1158 3689 in
1177 3642 1380 3690 terram
1404 3638 1790 3708 promissionis
1822 3657 1834 3692 :
1855 3638 2002 3709 quod

424 3724 470 3778 si
499 3722 660 3780 Jesus
683 3726 803 3787 fuit,
839 3742 945 3782 non
977 3728 1138 3792 alius,
1179 3736 1397 3784 constat
1419 3729 1530 3800 jam
1563 3737 1679 3784 tum
1711 3729 2002 3786 Dominum

423 3814 512 3870 hic
546 3815 749 3883 dicere,
800 3833 999 3874 nomen
1033 3836 1195 3876 suum
1231 3822 1306 3875 illi
1331 3836 1454 3876 esse
1498 3823 1813 3892 impositum
1850 3839 2002 3878 :non

423 3907 590 3977 igitur
618 3910 817 3964 mirum
844 3918 948 3974 est,
984 3912 1030 3966 si
1079 3913 1330 3983 angelum
1355 3928 1574 3984 quoque
1616 3913 1796 3984 ipsum
1818 3923 1998 3978 vocat,

422 3999 642 4067 quando
667 3999 827 4054 etiam
857 3999 926 4057 de
954 3999 1186 4066 Joanne,
1219 4004 1313 4073 qui
1352 4005 1517 4059 homo
1551 4003 1673 4069 fuit,
1727 4005 1890 4075 plane
1918 4006 2005 4060 di-

422 4099 570 4145 ctum
601 4102 688 4146 est
719 4093 851 4147 illud
884 4112 897 4148 :
929 4111 948 4144 (
988 4093 1127 4150 Ecce
1160 4096 1316 4151 mitto
1375 4096 1630 4166 angelum
1664 4111 1846 4151 meum
1877 4105 2004 4152 ante

424 4180 619 4237 faciem
652 4191 824 4248 tuam,
856 4187 949 4255 qui
972 4185 1302 4256 praeparabit
1321 4187 1466 4240 viam
1491 4196 1641 4240 tuam
1659 4195 1788 4241 ante
1817 4193 1871 4242 te
1887 4187 1953 4242 “.
1977 4203 1998 4239 ι

423 4295 466 4349 Α
489 4294 776 4368 Zacltaria.
806 4327 879 4337 --
902 4298 1054 4365 Quod
1102 4301 1261 4353 etiam
1281 4298 1438 4353 Iesus
1476 4299 1624 4368 ﬁlius
1659 4298 1880 4354 Josedec
1906 4317 2003 4354 sa-

495 4367 675 4440 cerdos
707 4385 952 4438 magnus,
991 4371 1272 4439 imaginem
1319 4387 1380 4422 ac
1413 4367 1640 4440 ﬁguram
1688 4372 1846 4440 gessit
1879 4369 2005 4424 Sal-

493 4439 689 4510 uatoris
713 4441 902 4503 nostri,
937 4442 1028 4509 qui
1049 4449 1290 4499 veterem,
1327 4439 1465 4510 quw’
1481 4441 1600 4509 jam
1624 4439 1734 4493 tuin
1773 4441 2005 4494 inualue-

495 4518 602 4571 rat,
627 4508 979 4563 Itumanarunt
1031 4508 1347 4563 animarum
1383 4512 1704 4578 servitutem,
1739 4511 1808 4564 ad
1835 4511 2001 4566 Deum

495 4588 767 4632 convertit.

497 4692 658 4764 197
687 4711 704 4743 ε
727 4691 790 4745 Ει
822 4691 1063 4747 ostendit
1111 4693 1244 4747 mihi
1292 4693 1557 4752 Dominus
1601 4695 1786 4753 Jesum
1819 4711 2007 4752 sacer-

421 4786 606 4840 dotem
627 4800 905 4854 magnum,
925 4795 1158 4839 stantem
1181 4793 1306 4840 ante
1327 4784 1521 4841 faciem
1554 4787 1730 4858 angeli
1758 4786 2004 4843 Domini:

424 4884 480 4932 et
511 4877 765 4931 diabolus
814 4877 993 4932 stabat
1040 4891 1069 4929 a
1124 4877 1334 4933 dextris
1361 4877 1505 4948 ejus,
1540 4888 1598 4934 ut
1621 4881 2009 4936 adversaretur

421 4968 499 5032 ei,
528 4978 582 5022 et
613 4968 749 5022 dixit
782 4967 1047 5023 Dominus
1066 4967 1132 5021 ad
1172 4967 1450 5023 diabolum
1487 4988 1499 5023 :
1530 4969 1779 5041 lncrepet
1822 4971 2009 5026 Domi-

425 5075 532 5114 nus
555 5057 608 5112 in
639 5066 712 5122 te,
745 5059 979 5124 diabole,
1027 5066 1083 5113 et
1118 5059 1361 5130 increpet
1396 5059 1661 5116 Dominus
1703 5061 1758 5116 in
1783 5069 1855 5126 te,
1913 5061 2008 5132 qui

423 5152 588 5222 elegit
629 5149 927 5206 Jerusalem
987 5170 999 5206 :
1047 5166 1230 5206 nonne
1285 5166 1414 5206 ecce
1457 5152 1568 5216 hic,
1616 5153 1776 5222 quasi
1837 5153 2005 5208 torris

423 5250 615 5295 erutus
641 5255 707 5294 ex
746 5241 908 5310 igne?
935 5239 998 5294 Et
1023 5249 1142 5295 erat
1173 5239 1335 5296 Jesus
1361 5241 1586 5297 indutus
1618 5243 1862 5297 vestibus
1887 5257 2008 5297 sor-

425 5331 591 5394 didis,
642 5338 696 5386 et
749 5332 928 5386 stabat
983 5340 1109 5388 ante
1179 5333 1372 5387 faciem
1439 5335 1614 5404 angeli
1666 5333 1903 5398 Domini,
1951 5341 2002 5388 et

426 5424 730 5493 respondit,
777 5433 831 5477 et
868 5427 942 5479 ait
989 5425 1056 5480 ad
1086 5435 1292 5482 stantes
1325 5434 1450 5481 ante
1508 5426 1702 5481 faciem
1727 5467 1740 5490 ,
1769 5427 1958 5482 dicens
1987 5446 2000 5482 :

426 5515 649 5570 Auferte
683 5517 1008 5572 vestimenta
1032 5517 1252 5572 sordida
1287 5518 1354 5572 ab
1373 5533 1461 5584 eo,
1493 5525 1547 5572 et
1576 5518 1714 5572 dixit
1745 5519 1813 5572 ad
1839 5535 1961 5573 eum
1985 5538 1999 5573 :

426 5606 566 5661 Ecce
587 5606 788 5662 abstuli
850 5624 882 5662 a
923 5617 976 5663 te
1012 5609 1328 5680 iniquitates
1361 5617 1506 5674 tuas,
1539 5620 1589 5664 et
1627 5610 1834 5665 induite
1874 5627 1997 5665 eum

496 5759 544 5792 ⁸³
567 5757 740 5816 Exod.
764 5776 919 5828 xxtu,
963 5762 1052 5818 20.
1126 5764 1170 5796 ⁸³⁵
1190 5761 1357 5819 Marc.
1405 5778 1444 5832 ι,
1475 5762 1528 5818 2.

2101 3177 2198 3248 τὴν
2231 3176 2332 3246 γῆν
2352 3215 2366 3239 ,
2393 3175 2461 3246 ἢν
2489 3172 2763 3245 ἡτοίμασά
2793 3188 2894 3224 σοι.
2920 3169 3161 3242 Πρόσεχε
3187 3169 3428 3240 σεαυτῷ,
3458 3170 3556 3224 καὶ
3579 3172 3686 3222 ela-

2103 3269 2264 3322 άκουε
2298 3266 2460 3321 αὑτοῦ
2482 3306 2498 3331 ,
2530 3267 2603 3337 μὴ
2634 3265 2849 3319 ἀπείθει
2878 3262 3026 3333 αὐτῷ
3049 3280 3062 3292 ’
3091 3263 3152 3316 οὐ
3184 3265 3291 3334 γὰρ
3328 3259 3401 3332 μὴ
3435 3263 3686 3316 ὑποστεί-

2102 3359 2260 3431 ληταί
2290 3377 2368 3413 σε.
2397 3359 2470 3412 Τὸ
2490 3358 2598 3429 γὰρ
2618 3357 2791 3428 ὅνομὰ
2823 3374 2924 3428 μου
2959 3357 3109 3409 ἐστὶν
3134 3355 3222 3408 ἐπ’
3245 3355 3411 3424 αὐτῷ.
3451 3375 3472 3407 ›
3509 3353 3685 3426 Ἐμοῦ,

2104 3451 2268 3524 φησὶν
2287 3451 2447 3514 αὐτὸς
2477 3452 2505 3503 6
2533 3450 2764 3521 Κύριος,
2783 3447 2875 3502 τοῦ
2913 3449 2997 3501 σοὶ
3028 3447 3201 3502 ταῦτα
3226 3447 3655 3518 χρηματίζοντος
3673 3487 3686 3504 .

2101 3541 2342 3614 τοῦνομα
2378 3541 2800 3612 ἐπιγέγραπται,
2829 3543 2858 3594 6
2891 3539 3101 3611 μέλλων
3142 3541 3382 3607 είσάγειν
3442 3540 3538 3592 τὸν
3569 3538 3686 3590 λαὸν

2104 3636 2184 3700 είς
2208 3636 2307 3706 τὴν
2340 3635 2442 3706 γῆν
2472 3634 2572 3704 τῆς
2599 3631 2958 3702 ἐπαγγελίαςσ
2981 3635 3030 3685 εί
3051 3633 3096 3685 δ’
3119 3632 3281 3694 αὐτὸς
3307 3627 3375 3702 ἦν
3403 3633 3432 3684 6
3463 3630 3688 3703 Ἰησοῦς,

2104 3727 2204 3780 οὐκ
2246 3726 2438 3789 ἄλλος,
2476 3724 2770 3796 πρόδηλον,
2801 3725 2877 3788 ὡς
2923 3723 3162 3794 τοῦνομα
3207 3724 3268 3776 τὸ
3315 3722 3488 3775 αὐτοῦ
3532 3720 3689 3792 φησιν

2105 3816 2474 3871 ὲπιτεθεῖσθαι
2501 3814 2670 3885 αὐτῷ.
2701 3815 2775 3868 Οὐ
2801 3815 3112 3884 θαυμαστὸν
3133 3809 3246 3876 οὖν,
3272 3814 3317 3865 εί
3342 3814 3435 3866 καὶ
3465 3812 3690 3880 ἄγγελον

2103 3907 2264 3960 αὑτὸν
2289 3904 2570 3970 ἀποκαλεῖ,
2596 3905 2685 3958 ὅτε
2722 3905 2815 3956 καὶ
2847 3903 2976 3974 περὶ
3009 3903 3255 3956 Ἰωάννου
3282 3902 3575 3974 ἀνθρώπου
3603 3919 3691 3971 γε·-

2103 3999 2318 4066 γονότος
2343 3998 2588 4051 λέλεκται
2621 3997 2699 4061 τὸ,
2741 4015 2759 4047 t
2805 3997 2934 4050 Ἰδοὺ
2963 3995 3282 4049 ἀποστέλλω
3323 3995 3413 4048 τὸν
3463 3995 3691 4065 ἄγγελόν

2106 4108 2207 4160 μου
2252 4091 2359 4162 πρὸ
2393 4089 2685 4162 προσώπου
2717 4106 2844 4154 σου,
2884 4089 2943 4153 ὃς
2987 4089 3392 4142 κατασκευάσει
3433 4089 3540 4161 τῆν
3579 4087 3692 4142 ὀδόν

2106 4198 2197 4236 σου
2232 4181 2539 4254 ἔμπροσθέν
2572 4199 2685 4236 σου.
2719 4201 2736 4234 ι

2117 4296 2260 4350 Ἀπὸ
2287 4296 2393 4349 τοῦ
2420 4297 2739 4366 Ζαχαρίου.
2766 4327 2835 4336 -
2857 4295 2952 4362 Ὠς
2987 4295 3084 4349 καὶ
3120 4294 3351 4363 Ἰησοῦς
3383 4296 3417 4348 ὁ
3445 4295 3558 4349 τοῦ
3589 4296 3692 4349 Ἰω-

2175 4366 2356 4420 σεδὲκ
2386 4370 2418 4420 ὁ
2449 4367 2642 4434 ἱερεὺς
2671 4371 2703 4420 ὀ
2727 4367 2908 4435 μέγας
2940 4368 3147 4419 εἰκόνα
3173 4367 3269 4419 καὶ
3301 4366 3496 4418 τύπον
3523 4366 3695 4434 ἕφεχε

2177 4437 2282 4489 τοῦ
2339 4436 2611 4504 Σωτῆρος
2653 4437 2842 4506 ἡμῶν,
2901 4435 3367 4506 ἐπιστρέφοντος
3424 4436 3530 4488 ἐπὶ
3592 4440 3695 4488 τίν

2037 4482 2082 4540 D
2186 4507 2335 4560 Geor
2355 4506 2470 4574 τὴν
2480 4482 2669 4561 gmina.
2675 4482 2746 4560 Et
2755 4482 3180 4575 ικρατήσαιῖαἷ
3184 4504 3299 4559 τῶν
3310 4482 3694 4573 εἶνθρωπείιυν

2184 4581 2272 4646 altu
2277 4576 2403 4646 χῶν
2432 4580 2868 4646 αἰχμαλωσίαν.

2190 4709 2208 4742 ι
2245 4691 2352 4743 Kal.
2375 4689 2544 4754 έδειξέ
2579 4705 2671 4759 μοι
2700 4688 2904 4761 Κύριος
2943 4687 3150 4758 Ἰησοῦν
3178 4688 3269 4741 τὸν
3298 4686 3449 4761 ἱερέα
3481 4688 3577 4742 τὸν
3606 4689 3695 4759 μὲ-

2110 4798 2246 4852 γαν,
2281 4781 2489 4836 ἑστῶτα
2520 4781 2626 4852 πρὸ
2659 4780 2953 4853 προσώπου
2986 4781 3222 4850 ἀγγέλου
3267 4782 3504 4853 Κυρίου.
3532 4782 3643 4834 Kal.
3669 4785 3696 4832 ό

2107 4875 2352 4938 διάϐολος
2377 4876 2616 4946 εἱστήκει
2638 4875 2702 4928 ὲκ
2729 4873 2919 4939 δεξιῶν
2949 4873 3136 4938 αὑτοῦ,
3158 4873 3500 4927 ἀντικεῖσθαι
3525 4873 3691 4942 αὐτῷ.

2110 4969 2220 5022 Καὶ
2263 4964 2384 5020 εἶπε
2432 4966 2638 5038 Κύριος
2685 4967 2822 5038 πρὸς
2863 4967 2953 5021 τὸν
3001 4965 3277 5020 διάϐολον
3341 4967 3693 5038 Ἐπιτιμήσαι

2109 5059 2313 5132 Κύριος
2345 5063 2404 5113 ὲν
2439 5060 2556 5124 σοὶ,
2588 5058 2802 5113 διάϐολε
2823 5099 2838 5122 ,
2887 5059 2984 5114 καὶ
3029 5061 3356 5130 ὲπιτιμήσαι
3389 5059 3599 5130 Κύριος
3641 5061 3693 5109 ἐν

2113 5152 2215 5217 σοὶ,
2238 5152 2267 5204 6
2289 5149 2648 5221 ἐκλεξάμενος
2670 5151 2768 5221 τὴν
2802 5149 3176 5222 Ἰερουσαλήμ.
3205 5149 3341 5220 Οὐχὶ
3364 5144 3522 5213 οὗτος
3541 5148 3694 5210 δαλὸς

2111 5242 2515 5318 ὲξεσπασμένος
2534 5243 2598 5295 ὲκ
2627 5242 2796 5313 πυρός
2824 5242 2971 5306 ;Kal.
2999 5237 3066 5312 ἦν
3104 5239 3312 5311 Ἰησοῦς
3344 5240 3694 5311 ἐνδεδυμένος

2114 5336 2306 5406 ἱμάτια
2337 5335 2578 5407 ῥυπαρὰ,
2609 5338 2703 5389 καὶ¹
2730 5337 2971 5405 εἱστήκει
3005 5335 3112 5406 πρὸ
3134 5333 3427 5404 προσώπου
3458 5333 3694 5402 ἀγγέλου

2111 5428 2338 5498 Κυρίου,
2361 5426 2455 5480 καὶ
2477 5427 2749 5498 ἀπεκρίθη
2770 5467 2784 5490 ,
2813 5427 2907 5480 καὶ
2936 5423 3058 5480 εἷπε
3087 5427 3226 5497 πρὸς
3249 5427 3374 5489 τοὺς
3397 5425 3694 5496 ἑστηκότας

2111 5519 2218 5590 πρὸ
2237 5518 2556 5590 προσώπου,
2578 5519 2773 5586 λέγων·
2806 5519 3057 5588 Ἀφέλετε
3077 5521 3146 5570 τά
3169 5517 3361 5588 ἱμάτια
3384 5519 3451 5570 τὰ
3473 5518 3694 5589 ῥυπαρὰ

2111 5610 2204 5662 ἀπ’
2233 5609 2420 5662 αὐτοῦ’
2463 5608 2557 5663 καὶ
2589 5604 2709 5662 εἷπε
2746 5607 2881 5680 πρὸς
2911 5609 3094 5662 αὑτὸν·
3133 5608 3264 5662 Ἰδοῦ
3295 5608 3560 5679 ἀφῄρηκα
3600 5606 3695 5668 τὰς
