3846 6214
204 277 314 332 529

1007 348 1016 358 κ
1096 279 1760 339 DEMONSTRATIONIS
1799 281 2267 339 ΕνΑΝρειιοΑῑ
2309 282 2440 340 LIB.
2486 284 2576 340 IV.

3374 293 3484 350 530

202 397 443 468 ἀνομίας
471 415 590 464 σου,
617 399 710 452 καὶ
741 398 995 452 ἐνδύσατε
1025 401 1188 454 αὐτὸν
1213 401 1447 475 ποδήρη,
1467 405 1562 458 καὶ
1581 404 1797 458 ἐπίθετε

1900 404 2087 458 tunica
2112 404 2292 470 talari,
2337 412 2394 461 et
2450 405 2715 476 imponite
2760 405 2990 462 cidarim
3037 410 3298 465 mundam
3320 427 3486 484 super

200 490 426 561 κίδαριν
464 490 712 562 καθαράν
740 491 834 544 ἐπὶ
862 491 963 562 τὴν
1002 493 1244 564 κεφαλὴν
1277 494 1475 560 αὑτοῦ,
1510 497 1605 549 καὶ
1636 513 1795 568 περι-

201 581 400 634 έϐαλον
434 582 601 637 αὐτὸν
634 583 844 653 ἰμάτια.
880 604 898 635 ι
937 586 1047 638 Καὶ
1078 583 1206 656 ἑξῆς
1233 585 1503 655 ἐπιλέγει·
1544 607 1562 638 ι
1599 589 1796 644 Ἀκουε

199 673 298 744 δὴ,
344 673 525 745 Ἰησοῦ
561 677 590 727 6
621 675 800 746 ἱερεὺς
832 677 860 728 ό
893 677 1065 746 μέγας
1084 717 1099 740 ,
1128 679 1192 730 σὺ
1223 681 1317 731 καὶ
1338 681 1387 732 οἰ
1416 679 1644 751 πλησίον
1676 680 1792 744 σοῦ,

200 765 503 834 καθήμενοι
531 765 637 837 πρὸ
671 767 961 838 προσώπου
993 785 1085 820 σου
1108 809 1122 832 ,
1163 769 1298 822 διότι
1336 769 1528 841 ἀνδρες
1567 789 1794 840 τερατο-

202 864 396 910 σκόποι
421 856 715 910 εἰσίοδιότι
757 858 876 926 ἀγω
915 860 1007 912 τὸν
1041 861 1227 914 δοῦλόν
1262 879 1364 933 μου
1412 863 1723 935 Ἀνατολήν.
1771 883 1788 916 ι

200 951 315 1002 Καὶ
347 951 493 1019 μετὰ
513 949 744 1022 βραχέα,
764 951 974 1014 τούτοις
1002 953 1256 1024 ἐπιφέρει
1272 953 1444 1022 λέγων
1464 970 1477 982 ⁸
1498 972 1517 1004 ι
1540 954 1647 1006 Καὶ
1675 955 1797 1023 ἐγέ-

199 1057 324 1092 νετο
358 1039 523 1109 λόγος
559 1041 766 1112 Κυρίου
808 1042 947 1112 πρός
990 1061 1058 1113 με
1087 1043 1261 1111 λέγων
1287 1061 1299 1073 °
1331 1044 1479 1098 Λάϐε
1505 1045 1574 1098 τά
1600 1047 1664 1098 ἐκ
1695 1045 1796 1117 τῆς

199 1130 586 1200 αἰχμαλωσίας
636 1132 787 1203 παρά
835 1133 942 1185 τῶν
993 1134 1274 1205 ἀρχόντων
1325 1136 1420 1188 καὶ
1477 1135 1629 1207 παρὰ
1687 1135 1795 1189 τῶν

197 1221 467 1291 χρησμῶν
500 1220 707 1291 αὐτῆς,
731 1223 826 1274 καὶ
865 1222 1016 1294 παρά
1042 1222 1150 1276 τῶν
1183 1222 1572 1290 ἐπεγνωκότων
1601 1222 1790 1294 αὐτὴν,

195 1313 290 1366 καὶ
331 1312 625 1385 είσελεύσῃ
653 1315 711 1366 ἐν
751 1317 817 1386 τῇ
848 1314 1033 1386 ήμέρᾳ
1067 1315 1252 1390 ἐκείνη
1280 1319 1362 1379 εἰς
1393 1318 1482 1369 τὸν
1509 1311 1656 1370 οἷκον
1697 1318 1796 1369 Σο-

193 1403 378 1472 φονίου
408 1405 508 1457 τοῦ
537 1407 767 1476 ἥκοντος
795 1407 860 1459 ἐκ
882 1406 1223 1470 Βαϐυλῶνος,
1246 1409 1339 1460 καὶ
1358 1407 1500 1479 λήψῃ
1528 1407 1793 1478 ἀργύριον

191 1495 284 1547 καὶ
313 1495 546 1565 χρυσίον
569 1535 583 1558 ,
613 1496 706 1548 καὶ
733 1503 982 1568 ποιήσεις
1016 1497 1315 1566 στεφάνους
1340 1537 1354 1561 ,
1386 1499 1480 1552 καὶ
1512 1497 1795 1570 ἐπιθήσεις

193 1585 283 1637 ἐπὶ
315 1585 418 1655 τὴν
455 1585 701 1658 κεφαλὴν
737 1585 912 1657 Ἰησοῦ
943 1586 1036 1640 τοῦ
1075 1588 1318 1640 Ἰωσεδὲκ
1345 1587 1439 1641 τοῦ
1485 1587 1674 1658 ἱερέως
1695 1587 1790 1640 τοῦ

193 1677 439 1748 μεγάλου
458 1719 474 1742 ,
525 1680 622 1732 καὶ
669 1679 814 1749 ἐρεῖς
845 1679 982 1750 πρὸς
1009 1680 1172 1733 αὐτόν
1195 1697 1210 1710 ο
1239 1679 1379 1732 Τάδε
1407 1679 1554 1748 λέγει
1589 1678 1793 1750 Κύριος

1897 508 2062 569 caput
2085 499 2226 569 ejus,
2250 508 2303 555 et
2339 500 2635 554 induerunt
2690 501 2843 556 illum
2891 503 3214 559 vestimenta
3248 505 3314 560 ⁸⁸.
3349 526 3368 558 ι
3405 509 3484 560 Ac

1896 589 2092 645 deinde
2120 592 2405 662 adjungit:
2436 611 2454 644 ι
2493 593 2634 647 Audi
2681 593 2793 664 jam
2846 611 3013 660 nunc,
3045 595 3176 652 Jesu
3225 599 3484 655 sacerdos

1898 697 2116 753 magno,
2155 691 2213 737 tu
2264 691 2318 738 et
2351 685 2590 754 proximi
2652 687 2732 740 tui
2789 685 3044 742 sedentes
3103 697 3230 743 ante
3287 689 3482 744 faciem

1896 781 2067 839 tuam,
2105 778 2364 846 quoniam
2399 779 2503 831 viri
2534 779 2908 849 prodigiorum
2937 780 3278 851 inspectores
3307 793 3437 839 sunt
3464 804 3477 837 :

1895 869 2155 938 quoniam
2184 885 2284 940 ego
2319 870 2533 924 adduco
2559 887 2775 926 servum
2809 889 3010 939 meum,
3043 874 3321 931 Orientem
3343 878 3422 943 ’σς
3452 895 3476 932 δ

1895 969 2099 1031 etpost
2133 964 2377 1032 paulum,
2437 964 2524 1018 his
2545 980 2666 1034 quae
2715 963 2864 1020 dicta
2922 975 3051 1022 sunt
3081 968 3355 1038 adjungit,
3397 971 3483 1024 di-

1902 1067 2074 1107 cens:
2107 1070 2124 1103 (
2153 1052 2217 1107 Ει
2241 1053 2445 1108 factum
2493 1063 2578 1110 est
2633 1057 2860 1112 verbum
2899 1057 3116 1113 Domini
3151 1060 3220 1114 ad
3277 1076 3366 1116 me
3393 1061 3482 1116 di-

1896 1159 2072 1201 cens:
2109 1143 2275 1201 Sume
2335 1161 2399 1201 ea
2453 1162 2580 1218 quae.
2619 1157 2747 1202 sunt
2795 1165 2858 1203 ex
2911 1151 3398 1222 transmigrationc
3449 1167 3481 1207 a

1895 1237 2240 1308 principibus
2286 1252 2340 1294 et
2382 1240 2624 1294 oraculis
2670 1241 2814 1310 ejus,
2847 1249 2903 1296 et
2951 1243 3020 1297 ab
3048 1244 3116 1299 iis
3145 1244 3240 1314 qui
3275 1260 3479 1316 cogno-

1895 1337 2094 1383 verunt
2148 1345 2292 1394 eam,
2352 1341 2406 1385 et
2447 1332 2772 1402 ingredieris
2796 1334 2852 1388 in
2886 1335 2974 1390 die
3009 1337 3099 1389 illa
3143 1337 3200 1390 in
3252 1337 3478 1393 domum

1897 1417 2190 1490 SOphonize
2217 1422 2488 1481 venientis
2546 1425 2613 1480 de
2651 1424 2944 1498 Babylone,
2995 1436 3049 1482 et
3099 1430 3340 1500 accipies
3384 1445 3479 1484 ar-

1893 1523 2118 1582 gentum
2142 1521 2305 1584 atque
2334 1531 2552 1580 aurum,
2576 1525 2632 1572 et
2656 1518 2825 1574 facies
2855 1533 3113 1586 coronas,
3145 1530 3199 1577 et
3228 1522 3478 1592 imponcs

1895 1618 2060 1674 super
2087 1617 2250 1676 caput
2269 1606 2400 1663 Jesu
2437 1607 2531 1662 ﬁlii
2555 1606 2790 1665 Josedec
2835 1611 3138 1669 sacerdotis
3187 1615 3396 1684 magni,
3421 1626 3476 1670 et

1893 1695 2044 1752 dices
2087 1697 2154 1752 ad
2217 1713 2341 1753 eum
2378 1697 2545 1754 :Haec
2597 1699 2733 1754 dicit
2786 1699 3050 1757 Dominus
3102 1705 3470 1774 omnipotens.

189 1769 596 1841 παντοκράτωρ
616 1787 630 1798 ·
670 1770 802 1823 Ἰδοὺ
824 1770 985 1842 ἀνὴρ,
1016 1771 1270 1842 Ἀνατολὴ
1297 1771 1468 1842 ὄνομα
1494 1770 1661 1842 αὐτῷ,
1691 1771 1786 1823 καὶ

1889 1803 2018 1844 ecce
2045 1789 2152 1854 vir,
2179 1789 2400 1845 Oriens-
2430 1807 2625 1846 nomen
2660 1793 2712 1848 ei
2737 1833 2750 1855 ,
2781 1800 2835 1848 et
2866 1794 3054 1848 subter
3083 1811 3208 1849 eum
3242 1796 3473 1860 orietur,

191 1861 554 1916 ὑποκάτωθεν
587 1862 752 1916 αὐτοῦ
786 1863 1034 1916 ἀνατελεῖ
1052 1903 1067 1926 ,
1101 1863 1194 1916 καὶ
1220 1863 1560 1934 οἰκοδομήσει
1589 1864 1680 1916 τὸν
1702 1860 1784 1916 οῖ-

188 1971 282 2007 κον
307 1955 551 2026 Κυρίου,
576 1956 672 2008 καὶ
687 1955 848 2018 αὐτὸς
869 1955 1097 2026 λήψεται
1112 1953 1330 2026 ἀρετὴν,
1354 1957 1447 2008 καὶ
1471 1955 1780 2020 καθίσεται,

186 2046 280 2101 καί
314 2045 588 2117 κατάρξει
631 2045 726 2098 ἐπὶ
750 2045 845 2098 τοῦ
879 2045 1069 2117 θρόνου
1108 2044 1274 2099 αὐτοῦ
1295 2062 1308 2074 ·
1340 2045 1434 2097 καὶ
1469 2044 1620 2097 ἔσται
1650 2047 1679 2097 6
1705 2047 1783 2098 ίε-

188 2140 314 2210 ρεὺς
343 2139 414 2190 ἐκ
445 2136 640 2201 δεξιῶν
672 2135 870 2198 αὐτοῦ,
906 2137 998 2188 καὶ
1033 2135 1196 2206 βουλὴ
1221 2135 1471 2206 εἰρηνικὴ
1500 2135 1650 2188 ἔσται
1680 2135 1784 2189 ἀνὰ

187 2230 354 2299 μέσον
382 2225 740 2298 ἀμφοτέρων.
778 2245 798 2278 ι
843 2227 952 2278 Καὶ
992 2227 1020 2278 6
1055 2227 1112 2278 ἐν
1135 2225 1213 2296 τῷ
1245 2227 1472 2297 παρόντι
1499 2227 1784 2298 προφήτης

186 2322 368 2392 μέγας
398 2323 584 2392 ἱερεὺς
613 2362 627 2386 ,
671 2321 1140 2391 ἀναγορευόμενος
1178 2319 1384 2390 Ἰησοῦς
1403 2361 1418 2384 ,
1452 2321 1783 2392 λευκοτάτην

183 2415 373 2467 εἰκόνα
406 2413 505 2467 καὶ
537 2412 809 2482 σύμϐολον
856 2413 1088 2484 ἐναργὲς
1131 2413 1280 2465 δοκεῖ
1329 2429 1417 2482 μοι
1460 2411 1652 2476 σώζειν
1686 2412 1781 2464 τοῦ

182 2503 446 2575 Σωτῆρος
487 2503 650 2574 ἡμῶν
707 2503 885 2574 Ἰησοῦ
931 2503 1025 2556 τοῦ
1073 2501 1346 2574 Χριστοῦ,
1399 2504 1465 2573 τῇ
1509 2519 1566 2554 τε
1616 2503 1781 2556 αὐτοῦ

181 2598 538 2669 προσηγορίᾳ
568 2597 843 2668 τιμηθεὶς,
875 2597 969 2650 καὶ
1001 2597 1101 2665 τῆς
1129 2595 1384 2649 ἐπανόδου
1414 2596 1513 2665 τῆς
1542 2596 1649 2648 ἀπὸ
1675 2596 1783 2650 Βα-

178 2687 431 2752 ϐυλῶνος
460 2689 841 2759 αἰχμαλωσίας
865 2688 957 2740 τοῦ
976 2687 1109 2741 λαοῦ
1133 2686 1608 2759 καθηγησάμενος.
1628 2686 1782 2740 Ἐπεὶ

176 2783 278 2836 καὶ
311 2785 340 2836 ὁ
372 2783 575 2854 Σωτὴρ
605 2781 766 2854 ήμῶν
799 2781 1008 2851 Ἰησοῦς
1026 2783 1064 2833 '6
1093 2780 1329 2852 Χριστὸς
1355 2779 1607 2848 ἀφεῖσθαι
1638 2779 1782 2850 εἴρη-

177 2893 271 2930 ται
298 2875 394 2928 διὰ
428 2875 654 2929 Ἡσαΐου
675 2873 778 2928 τοῦ
799 2875 1079 2946 προφήτου
1101 2914 1115 2936 ,
1151 2873 1386 2945 κηρύξαι
1415 2871 1780 2943 αἰχμαλώτοις

175 2967 382 3038 ἄφεσιν
401 3008 419 3033 ,
471 2969 570 3020 καὶ
615 2967 838 3035 τυφλοῖς
893 2965 1186 3034 ἀνάϐλεψιν
1207 3006 1221 3029 ,
1278 2965 1657 3036 παρακαλέσαι
1720 2982 1780 3018 τε

177 3063 398 3125 πάντας
426 3063 556 3124 τοὺς
592 3060 951 3127 πενθοῦντας,
991 3062 1087 3116 καὶ
1113 3061 1334 3132 δοθῆναι
1366 3063 1478 3124 τοῖς
1525 3059 1780 3115 πενθοῦσι

1891 1887 1946 1934 et
1984 1881 2277 1936 aediﬁcabit
2330 1883 2554 1937 domum
2592 1883 2845 1949 Domini,
2875 1893 2929 1941 et
2961 1886 3079 1955 ipse
3101 1888 3334 1958 accipiet
3361 1890 3479 1943 vir-

1892 1979 2086 2037 tutem,
2121 1981 2177 2028 et
2205 1973 2437 2037 sedebit,
2467 1984 2520 2028 et
2549 1975 2915 2045 principatum
2966 1976 3236 2032 obtinebit
3267 1978 3324 2032 in
3345 1983 3477 2034 sede

1891 2073 1991 2120 sua
2026 2082 2038 2117 :
2071 2076 2122 2121 et
2155 2067 2260 2120 erit
2289 2067 2546 2122 sacerdos
2595 2082 2626 2120 a
2680 2067 2886 2125 dextris
2913 2069 3054 2137 ejus,
3101 2078 3155 2124 et
3182 2071 3474 2125 consilium

1889 2158 2179 2229 paciﬁcum
2213 2161 2319 2214 erit
2380 2158 2522 2212 inter
2568 2165 2860 2230 utrumque
2881 2160 2946 2214 ⁸⁷.
2982 2179 3001 2212 ι
3028 2159 3144 2236 Hoc
3168 2177 3389 2232 quoque
3417 2165 3476 2218 in

1890 2252 2012 2306 loco
2041 2250 2308 2321 propheta
2339 2264 2574 2320 magnus
2603 2249 2884 2314 sacerdos,
2915 2250 3009 2320 qui
3040 2250 3246 2305 dicitur
3286 2250 3470 2318 Jesus,

1891 2341 2296 2412 apertissimam
2332 2341 2626 2413 imaginem
2671 2349 2725 2398 et
2760 2350 2948 2397 notam
3003 2342 3473 2399 evidentissimam

1891 2449 2111 2491 servare
2127 2434 2261 2489 mihi
2290 2435 2514 2489 videtur
2538 2433 2840 2491 Salvatoris
2874 2436 3048 2491 nostri
3079 2434 3209 2491 Jesu
3237 2434 3468 2503 Christi,

1889 2526 2110 2597 quando
2139 2535 2194 2582 et
2231 2527 2378 2583 illius
2439 2529 2662 2582 nomine
2705 2528 3022 2592 decoratur,
3069 2537 3124 2584 et
3165 2529 3353 2600 populi
3405 2529 3476 2586 de

1888 2615 2166 2688 Babylone
2192 2616 2494 2682 redeuntis,
2522 2617 2614 2688 qui
2647 2619 2897 2689 captivus
2927 2618 3041 2672 illic
3060 2617 3257 2683 fuerat,
3276 2619 3475 2674 ductor

1888 2707 2142 2774 exsistit;
2197 2723 2325 2762 nam
2361 2709 2612 2763 Salvator
2645 2725 2865 2780 quoque
2898 2720 3086 2767 noster
3113 2708 3276 2766 Jesus
3306 2709 3471 2765 Chri-

1890 2810 2010 2856 stus
2039 2815 2134 2870 per
2159 2799 2354 2855 Isaiam
2396 2801 2717 2870 prophetam
2761 2801 2964 2857 dicitur
3002 2802 3206 2859 missus
3240 2808 3299 2856 ut
3328 2818 3476 2857 nun-

1888 2891 1989 2945 tiet
2015 2891 2250 2961 captivis
2276 2892 2654 2947 remissionem
2687 2900 2741 2947 et
2769 2892 2930 2948 caecis
2985 2893 3474 2958 visum,.console-

1887 2990 2088 3054 turque
2115 2999 2308 3039 omnes
2333 2985 2426 3054 qui
2471 2984 2528 3038 in
2558 2985 2709 3039 luctu
2758 2986 2888 3050 sint,
2929 2985 3129 3056 detque
3157 2985 3474 3055 lugentibus

1891 3072 2046 3138 Sion,
2078 3073 2304 3144 gloriam
2336 3089 2434 3145 pro
2467 3075 2674 3140 cinere,
2707 3083 2872 3145 atque
2901 3075 3216 3130 unctionem
3247 3075 3470 3132 laetitias.

175 3157 325 3212 Σιὼν
351 3158 478 3210 ἀντὶ
505 3155 703 3210 σποδοῦ
734 3155 976 3227 ἄλειμμα
1007 3153 1562 3227 εὐφροσύνης.¹Ἐχεις
1592 3167 1780 3219 τοιγα-
1809 3206 1810 3209 η

1891 3166 2055 3236 198
2086 3165 2268 3222 Habes
2297 3167 2462 3236 igitur
2498 3167 2611 3237 jam
2661 3167 2800 3223 duos
2845 3182 3074 3238 magnos
3138 3167 3426 3238 pontiﬁces
3449 3183 3468 3222 :

180 3249 315 3322 ροῦν
343 3251 450 3320 ἤδη
474 3249 572 3302 δύο
594 3249 861 3320 μεγάλους
889 3248 1185 3318 ἀρχιερεῖς,
1233 3245 1325 3298 τὸν
1350 3245 1448 3316 μὲν
1470 3242 1624 3315 παρὰ
1651 3243 1781 3296 Μω-

180 3345 267 3396 σεί
291 3341 562 3413 Χριστὸν,
580 3341 672 3394 τὸν
704 3340 763 3393 δὲ
793 3339 930 3410 μετά
961 3341 1150 3410 χεῖρας
1179 3336 1410 3409 Ἰησοῦν,
1438 3335 1508 3389 τά
1536 3334 1781 3406 σύμϐολα

179 3433 285 3504 τῆς
313 3433 451 3502 περὶ
470 3433 566 3484 τὸν
594 3431 831 3503 Σωτῆρα
859 3431 955 3483 καὶ
978 3429 1182 3498 Κύριον
1213 3427 1370 3500 ἡμῶν
1409 3425 1616 3498 Ἰησοῦν
1644 3427 1780 3496 Χρι-

181 3527 308 3580 στὸν
337 3524 606 3594 ἀληθείας
634 3524 701 3576 δι’
733 3522 913 3577 αὐτῶν
942 3521 1429 3593 ἐπενηνεγμένους.
1448 3518 1586 3572 Ἀλλ’
1616 3521 1645 3572 6
1680 3517 1780 3588 μὲν

188 3617 410 3690 ’Δαρὼν
434 3621 465 3671 6
492 3616 648 3688 παρὰ
673 3618 862 3670 Μωσεῖ
885 3615 1140 3688 Χριστὸς,
1172 3613 1274 3685 τῆς
1291 3612 1441 3684 παρὰ
1456 3611 1778 3680 Αἰγυπτίοις

180 3711 510 3774 ἀπαλλάξας
538 3709 630 3762 τὸν
664 3708 791 3761 λαὸν
824 3707 1068 3771 δουλείας
1089 3747 1104 3772 ,
1135 3706 1222 3760 ἐπ’
1258 3705 1543 3777 ἐλευθερίᾳ
1584 3721 1644 3757 τε
1683 3705 1777 3757 καὶ

181 3804 460 3877 θεραπείᾳ
488 3802 586 3855 τοῦ
613 3803 713 3872 τῆς
742 3801 836 3854 ἀπ’
866 3801 1143 3869 Αἰγύπτου
1172 3799 1396 3872 πορείας
1424 3796 1604 3852 αὐτῶν
1636 3799 1777 3867 ἡγη-

183 3898 424 3968 σάμενος
443 3935 460 3957 ,
487 3895 590 3965 τὴν
621 3893 807 3948 εἰκόνα
843 3891 1005 3956 σώζοι
1038 3891 1103 3944 ἂν
1131 3890 1226 3944 τοῦ
1272 3888 1504 3962 ἀληθοῦς
1531 3887 1738 3958 Κυρίου
1758 3925 1776 3951 ,

180 3987 238 4051 ὃς
258 3989 360 4058 τῆς
383 3984 773 4053 Αἰγυπτιακῆς
794 3982 1234 4055 είδωλολατρείας
1254 3983 1462 4044 πάντας
1485 3981 1631 4051 ἡμᾶς
1650 3979 1778 4042 τοὺς

182 4079 245 4144 ἐξ
267 4078 447 4132 ἐθνῶν
474 4074 821 4146 ἐλυτρώσατο
839 4092 852 4105 ο
881 4077 909 4128 ὁ
932 4075 976 4128 δ’
1006 4077 1064 4128 ἐν
1089 4073 1168 4144 τῷ
1214 4073 1471 4145 προφήτῃ
1514 4069 1722 4142 Ἰησοῦς
1749 4073 1778 4124 6

183 4172 362 4241 ἱερεὺς
394 4173 429 4224 6
459 4169 634 4240 μέγας
662 4167 761 4238 τῆς
784 4167 892 4221 ἀπὸ
921 4164 1237 4227 Βαϐυλῶνος
1263 4163 1356 4217 ἐπὶ
1378 4163 1478 4235 τὴν
1510 4163 1778 4234 Ἰερουσα-

182 4261 290 4333 λὴμ
321 4255 598 4314 ἐπανόδου
632 4258 895 4330 προέστη,
922 4257 1120 4326 δεῖγμα
1147 4254 1329 4324 φέρων
1351 4255 1445 4306 καὶ
1478 4253 1639 4317 αὐτὸς
1673 4253 1779 4323 Ἰη-

185 4353 275 4406 σοῦ
311 4351 416 4405 τοῦ
453 4349 710 4420 Σωτῆρος
747 4347 901 4419 ήμῶν
923 4387 937 4411 ,
982 4347 1040 4400 ὃν
1085 4345 1280 4416 ἔχομεν
1315 4345 1463 4414 ἱερέα
1496 4343 1670 4415 μέγαν
1699 4343 1776 4396 δι-

181 4445 484 4518 εληλυθότα
512 4445 640 4506 τοὺς
669 4443 952 4514 οὐρανοὺς,
977 4441 1043 4494 δι’
1064 4433 1127 4493 οὗ
1168 4440 1262 4492 καὶ¹
1286 4439 1458 4503 αὐτοὶ,
1489 4439 1678 4510 ὥσπερ
1709 4438 1775 4491 ἐκ

1883 3257 2162 3313 Christum
2195 3259 2414 3329 quidem
2447 3259 2592 3329 apud
2623 3257 2850 3321 Mosem,
2881 3257 3067 3314 Jesum
3122 3266 3306 3314 autem
3343 3274 3473 3314 eum

1883 3347 1952 3402 de
1982 3363 2092 3419 quo
2123 3363 2272 3402 nunc
2315 3349 2520 3418 agitur,
2557 3349 2652 3418 qui
2703 3348 2948 3404 veritatis
2980 3349 3190 3403 circum
3219 3349 3470 3403 Salvato-

1883 3455 1998 3494 rem
2035 3454 2099 3494 ac
2129 3439 2419 3494 Dominum
2467 3447 2717 3496 nostrum
2768 3437 2957 3494 Jesum
2988 3439 3268 3496 Christum
3309 3450 3472 3497 notas

1881 3540 1935 3586 et
1957 3531 2112 3602 signa
2146 3531 2203 3585 in
2227 3532 2426 3601 seipsis
2456 3531 2784 3601 pertulerint
2810 3551 2822 3586 :
2859 3532 2953 3586 sed
2988 3533 3133 3586 enim
3159 3532 3343 3588 Aaron
3373 3533 3470 3604 qui

1882 3620 2027 3690 apud
2059 3619 2262 3676 Mosem
2291 3620 2545 3676 Christus
2580 3627 2706 3684 est,
2757 3635 2882 3674 cum
2936 3619 3263 3691 Egyptiaca
3293 3624 3470 3678 servi-

1880 3719 1997 3768 tute
2019 3713 2278 3783 populum
2303 3713 2634 3775 liberaverit,
2658 3720 2713 3767 et
2735 3713 2802 3767 ad
2831 3713 3138 3768 libertatem
3178 3723 3234 3769 et
3276 3730 3467 3773 curam

1881 3804 2239 3876 profectionis
2267 3805 2334 3858 ab
2365 3803 2603 3875 Egypto
2637 3803 2854 3859 illorum
2908 3805 3020 3860 dux
3055 3805 3220 3860 fuerit
3248 3822 3261 3858 :
3296 3809 3468 3878 probe

1881 3896 2125 3952 servabit
2188 3897 2480 3967 imaginem
2533 3896 2676 3966 ejus,
2733 3897 2829 3967 qui
2864 3912 3029 3953 verus
3061 3905 3146 3953 est
3175 3897 3462 3957 Dominus.

1879 3985 2016 4042 Nam
2050 3987 2140 4042 hic
2161 3987 2320 4059 plane
2341 4003 2440 4043 nos
2466 4005 2679 4050 omnes.
2707 3989 2802 4059 qui
2825 3989 2892 4043 de
2926 3991 3180 4060 gentibus
3195 3995 3463 4064 assumpti

1880 4097 2096 4146 sumus,
2129 4082 2196 4136 ab
2219 4080 2544 4153 Egyptiaco
2593 4083 3018 4138 simulacrorum
3062 4085 3210 4139 cultu
3259 4085 3462 4141 libera-

1878 4175 1957 4229 vit
1983 4191 1996 4226 :
2030 4181 2084 4228 at
2111 4189 2243 4228 vero
2272 4177 2364 4245 qui
2388 4175 2533 4245 apud
2559 4175 2880 4246 prophetam
2902 4183 2989 4232 est
3013 4175 3175 4234 Jesus
3198 4178 3460 4233 sacerdos

1878 4283 2132 4337 magnus,
2176 4267 2536 4323 redeuntibus
2592 4267 2660 4323 de
2708 4267 2984 4339 Babylone
3016 4270 3072 4324 in
3122 4269 3462 4327 Hierusalem

1878 4359 2116 4430 praefuit,
2141 4361 2356 4432 signum
2414 4360 2533 4431 ipse
2568 4377 2788 4432 quoque
2812 4361 3015 4425 ferens,
3047 4360 3178 4418 Jesu
3211 4362 3464 4418 Salvato-

1878 4452 1958 4507 ris
1992 4453 2191 4512 nostri,
2239 4467 2401 4522 quem
2462 4453 2728 4510 habemus
2778 4455 3120 4510 sacerdotem
3179 4471 3459 4526 magnum,

183 4537 508 4598 Βαϐυλῶνος
530 4535 632 4604 τῆς
657 4533 798 4587 κατὰ
823 4533 914 4586 τὸν
942 4530 1214 4585 ἐνεστῶτα
1239 4529 1352 4598 βίον
1377 4527 1690 4600 συγχύσεώς
1716 4545 1775 4581 τε
1807 4524 1810 4576 ἶ

1886 4541 1974 4611 qui
2000 4541 2222 4611 quidem
2253 4543 2425 4598 caelos
2475 4543 2624 4613 ipsos
2672 4546 3058 4615 penetraverit,
3119 4562 3149 4601 a
3197 4523 3308 4617 quo
3356 4562 3460 4602 nos

182 4628 278 4680 καὶ
305 4623 692 4697 αἰχμαλωσίας
735 4621 1239 4691 ἀπολυτρωθέντες,
1285 4623 1364 4684 εἰς
1410 4621 1508 4691 τὴν
1547 4620 1775 4692 οὐρανό-

185 4723 341 4777 πολιν
382 4721 487 4793 τὴν
534 4719 752 4790 ἀληθῶς
789 4717 1148 4790 Ἰερουσαλὴμ
1193 4716 1444 4770 σπεύδειν
1491 4716 1774 4787 ἐδιδάχθη-

186 4830 308 4884 μεν.
338 4812 586 4874 Εἰκότως
619 4811 675 4863 δὲ
707 4813 736 4864 6
764 4811 864 4880 τὴν
905 4810 1091 4862 εἰκόνα
1120 4809 1219 4880 τῆς
1248 4808 1506 4880 ἀληθείας
1544 4809 1611 4863 δι’
1639 4812 1771 4864 ἐαυ-

178 4903 275 4960 τοῦ
304 4905 492 4976 φέρων
525 4902 733 4974 Ἰησοῦς
767 4903 861 4955 καὶ
890 4900 1110 4973 ῥυπαρά
1137 4901 1327 4971 ἱμάτια
1360 4901 1773 4972 περιεϐέϐλητο,

183 4997 280 5052 καὶ
305 4999 337 5051 6
362 4994 615 5058 διάϐολος
641 4997 706 5048 ἐκ
729 4993 918 5058 δεξιῶν
947 4992 1112 5046 αὐτοῦ
1145 4991 1317 5055 ἑστὼς
1340 4995 1432 5046 καὶ
1459 4993 1771 5063 ἀντικείμε-

184 5107 278 5154 νος
303 5088 456 5159 αῠτῷ
476 5087 698 5156 λέγεται
719 5103 733 5115 ’
767 5085 889 5140 ἐπέί⁸
916 5085 1009 5138 καὶ
1029 5087 1057 5138 ό
1082 5084 1300 5156 ἀληθῶς
1321 5085 1512 5156 Σωτὴρ
1541 5085 1636 5139 καὶ
1661 5085 1772 5138 Κύ-

183 5197 300 5252 ριος
321 5177 482 5252 ήμῶν
516 5176 745 5248 Ἰησοῦς,
761 5177 840 5238 εἰς
864 5176 963 5248 τὴν
995 5177 1270 5248 ἡμετέραν
1296 5176 1542 5240 καταϐάς
1568 5178 1774 5247 αἰχμα-

180 5271 386 5325 λωσίαν
405 5311 422 5336 ,
448 5269 554 5331 τάς
581 5268 857 5338 ἁμαρτίας
886 5269 1044 5339 ήμῶν
1082 5268 1372 5338 ἀνείληφε,
1407 5268 1502 5321 καὶ
1535 5267 1628 5320 τὸν
1674 5268 1770 5319 ἀν-

180 5364 454 5434 θρώπειον
491 5360 664 5434 ῥύπον
707 5361 1047 5431 ἀνεμάξατο,
1094 5360 1164 5414 τά
1210 5376 1271 5412 τε
1315 5358 1454 5412 κατά
1495 5358 1557 5410 τὸ
1600 5357 1771 5422 πάθος

179 5457 344 5525 αἴσχη
383 5454 478 5508 διά
521 5452 624 5524 τὴν
665 5451 801 5522 πρὸς
844 5454 991 5524 ἡμᾶς
1037 5449 1448 5522 φιλανθρωπίαν
1487 5449 1769 5519 ὑπέμεινε.

179 5549 273 5604 Διό
310 5565 479 5619 φησιν
517 5550 548 5601 ό
592 5546 824 5608 Ἡσαΐας
843 5562 855 5575 ·
899 5563 918 5596 ε
955 5540 1125 5609 θύτος
1158 5543 1259 5607 τὰς
1307 5541 1582 5614 ἁμαρτίας
1614 5539 1772 5612 ήμῶν

248 5700 549 5755 “Zachar.
593 5712 682 5764 Ill,
731 5699 845 5754 1-4.
922 5699 1126 5754 “ibid.
1173 5700 1226 5756 8.

466 5796 742 5856 ΡΑτκοι..
775 5797 893 5858 Gn.
938 5795 1142 5857 XXII.

1301 5701 1344 5731 ⁸⁷
1371 5697 1536 5754 Zach.
1589 5713 1662 5762 η,
1696 5696 1844 5752 9-15.

1878 4633 2042 4686 etiam
2076 4633 2178 4702 ipsi
2211 4633 2370 4702 quasi
2400 4633 2468 4688 de
2497 4633 2796 4705 Babylone,
2851 4635 2957 4692 hoc
3015 4643 3102 4690 est
3147 4636 3215 4691 de
3265 4635 3462 4692 confu-

1879 4722 2036 4777 sione
2064 4738 2128 4776 ac
2159 4723 2421 4777 servitute
2474 4723 2599 4777 vita:
2633 4726 2921 4793 praesentis
2975 4725 3216 4790 liberati,
3241 4723 3310 4778 ad
3341 4738 3458 4779 cae-

1875 4812 2067 4868 lestem
2118 4829 2413 4882 veramque
2448 4812 2790 4868 Hierusalem
2835 4815 3169 4868 contendere
3199 4813 3460 4870 instructi

1877 4920 2094 4961 sumus.
2124 4904 2294 4961 Porro
2318 4913 2497 4960 autem
2524 4914 2720 4962 merito
2767 4907 2860 4977 qui
2884 4906 3136 4961 veritatis
3164 4905 3458 4976 imaginem

1879 4998 1936 5052 in
1967 4999 2149 5068 seipso
2189 4997 2396 5054 ferebat
2420 4997 2606 5062 Jesus,
2659 4997 2896 5054 sordidis
2957 4997 3184 5052 indutus
3212 4997 3464 5052 vestibus

1880 5087 2080 5151 fuerat,
2114 5086 2475 5159 diabolusque
2497 5103 2527 5142 a
2556 5088 2767 5143 dextris
2800 5088 2948 5142 illius
2975 5087 3229 5153 stetisse,
3251 5085 3455 5142 eidem-

1880 5193 1986 5250 que
2016 5177 2338 5234 adversatus
2376 5193 2499 5234 esse
2525 5179 2726 5233 dicitur
2752 5196 2765 5230 :
2802 5194 2926 5234 nam
2956 5193 3123 5234 verus
3152 5179 3284 5234 item
3338 5177 3452 5232 Salo

1880 5277 2034 5321 vator
2057 5282 2122 5321 ac
2145 5266 2409 5323 Dominus
2459 5277 2648 5329 noster
2696 5268 2880 5330 Jesus.
2908 5283 3036 5324 cum
3085 5268 3153 5324 ad
3207 5276 3455 5325 nostram

1877 5374 2054 5430 usque
2077 5359 2421 5416 descenderit
2452 5363 2792 5430 servitutem,
2821 5374 3043 5433 peccata
3084 5373 3272 5420 nostra
3331 5378 3457 5418 sus-

1879 5452 2022 5518 tulit,
2070 5459 2233 5522 atque
2265 5453 2532 5510 humanas
2575 5455 2767 5511 sordes
2791 5455 3070 5522 abstersit,
3128 5463 3184 5510 et
3233 5470 3356 5526 quae
3375 5453 3454 5508 illi

1877 5542 1936 5596 in
1993 5543 2253 5614 passione
2308 5545 2510 5615 probra
2539 5545 2691 5601 illata
2721 5552 2873 5612 sunt,
2928 5553 2984 5602 et
3032 5545 3455 5602 mansuetudine

3057 5791 3124 5853 11
