3846 6214
363 246 461 301 35!

969 242 1244 302 EUSEBII
1283 234 1650 301 CESARIEN
1660 240 1765 296 SlS
1799 236 1931 296 OPP

2044 237 2195 297 ass.
2237 238 2303 296 ιι.
2339 270 2409 281 -
2444 217 2968 296 ΑΡοιοοετιεΑἰ

3523 236 3629 293 552

361 364 740 433 charitaleque
793 377 924 435 erga
964 379 1068 419 nos
1115 352 1227 420 sua
1265 364 1553 420 sustinuit.
1603 363 1935 433 Quapropter

2049 360 2242 432 φέρει,
2274 362 2370 416 καὶ
2398 363 2527 434 περί¹
2567 363 2723 434 ἡμῶν
2759 362 3011 416 ὀδυνᾶται
3033 400 3048 426 ,
3077 360 3171 413 καὶ
3196 360 3356 431 ἡμεῖς
3380 357 3629 426 ἐλογισά-

362 456 534 512 !saias
559 456 640 513 sic
676 455 784 510 ait:
809 473 827 506 ι
859 454 959 510 llic
983 464 1205 526 peccata
1225 464 1416 512 nostra
1447 454 1569 519 fert,
1595 464 1649 509 et
1669 471 1767 525 pro
1785 454 1944 510 nobis

361 551 523 608 estin
552 550 765 614 dolore,
796 557 851 607 et
872 566 977 608 nos
1002 551 1437 608 existimavimus
1474 566 1597 607 eum
1620 565 1744 606 esse
1774 550 1829 603 in
1860 550 1943 603 la-

366 646 491 700 ‘iore
504 650 558 699 et
588 644 643 699 in
670 643 824 715 plaga
849 652 904 699 et
923 645 978 698 in
996 643 1317 700 amictione:
1353 644 1469 714 ipse
1498 652 1678 698 autem
1697 644 1946 698 vulnera-

361 743 450 791 tus
469 743 555 791 est
586 742 807 806 propter
837 744 1059 806 peccata
1089 742 1298 801 nostra,
1317 744 1369 790 et
1391 735 1697 790 inﬁrmatus
1723 743 1806 790 est
1817 751 1946 805 pro-

360 837 480 897 pter
517 827 838 898 iniquitates
864 835 1086 883 nostras
1108 828 1186 882 “z
1224 848 1242 881 ι
1293 827 1427 895 quin
1485 828 1653 883 etiam
1702 824 1944 882 Joannes

360 920 605 990 Baptista
633 958 648 984 ,
708 935 833 975 cum
903 919 1190 975 Dominum
1241 919 1471 976 vidisset
1505 959 1522 985 ,
1563 919 1641 974 ait
1677 937 1691 974 :
1756 938 1775 971 ι
1804 917 1946 975 Ecce

358 1010 545 1081 Agnus
579 1007 697 1075 Dei,
758 1009 852 1080 qui
895 1010 1036 1065 tollit
1084 1018 1310 1079 peccata
1367 1008 1561 1065 mundi
1615 1011 1683 1065 ⁸⁸.
1717 1028 1738 1064 ι
1795 1008 1943 1064 Pau-

358 1103 443 1157 lus
497 1117 716 1172 quoque
765 1102 852 1157 his
905 1102 1107 1158 similia
1170 1103 1424 1159 scribens
1471 1103 1541 1158 de
1584 1104 1681 1159 illo
1712 1102 1939 1173 inquit:

360 1212 378 1244 ι
403 1192 541 1247 Ειιιη
567 1194 659 1265 qui
691 1201 976 1262 peccatum
1037 1208 1151 1248 non
1206 1193 1380 1259 novit,
1415 1209 1515 1264 pro
1543 1194 1701 1251 nobis
1750 1207 1945 1263 pecca-

355 1294 466 1339 tum
491 1284 640 1349 i‘ecit,
666 1292 726 1339 ut
754 1301 855 1341 nos
868 1284 1205 1342 eﬂiceremur
1228 1287 1439 1358 iustitia
1472 1286 1566 1342 Dei
1594 1286 1651 1341 in
1692 1287 1815 1357 ipso
1837 1286 1939 1354 "gr

355 1380 485 1433 item
524 1393 538 1429 :
578 1397 595 1429 ι
619 1377 873 1433 Christus
936 1394 1037 1435 nos
1072 1380 1304 1435 redemit
1347 1379 1415 1436 de
1465 1380 1755 1436 maledicto
1784 1380 1944 1451 legis,

354 1465 535 1522 lactus
600 1482 699 1537 pro
757 1467 918 1523 nobis
974 1468 1326 1524 maledictum
1381 1470 1450 1525 ".
1511 1488 1531 1523 ι
1592 1469 1720 1526 Haec
1778 1470 1947 1541 igitur

354 1560 607 1615 universa
640 1558 769 1614 dum
816 1561 966 1614 canit
999 1561 1285 1631 propheta,
1342 1562 1588 1635 apertius
1636 1577 1703 1618 ea
1728 1562 1847 1635 ipsa
1877 1564 1948 1621 si-

352 1648 577 1719 gniﬁcat
608 1649 700 1703 ubi
748 1649 826 1703 ait
855 1668 868 1704 :
898 1668 915 1700 ι
948 1649 1014 1704 Ει
1044 1649 1206 1708 Jesus
1253 1659 1373 1707 erat
1419 1653 1644 1709 indutus
1695 1654 1943 1711 vestibus

351 1739 587 1795 sordidis
612 1741 697 1807 9‘;
730 1758 748 1792 ι
777 1748 1159 1795 verumtamen
1190 1780 1207 1806 ,
1251 1741 1322 1797 iis
1356 1741 1624 1812 depositis
1656 1758 1767 1813 quo
1806 1751 1943 1798 tem-

350 1847 480 1903 pore
527 1832 584 1886 in
633 1834 833 1887 coelum
899 1832 1167 1900 ascendit,
1236 1848 1302 1888 ac
1354 1833 1423 1889 de
1469 1835 1732 1890 servitute
1782 1834 1943 1905 199

350 1935 538 1980 nostra
594 1923 663 1979 ad
699 1940 765 1980 ea
794 1939 916 1995 quae
978 1924 1154 1995 ipsius
1206 1926 1429 1997 propria
1491 1935 1642 1992 sunt,
1685 1942 1940 1983 reversus

351 2024 459 2081 est,
521 2024 639 2072 tum
696 2033 826 2074 vero
874 2027 1113 2089 paternae
1168 2018 1472 2075 divinitatis
1519 2019 1826 2076 diademate
1853 2014 1939 2075 est

353 2116 653 2164 coronatus
672 2146 688 2174 ,
716 2116 771 2164 et
806 2108 1019 2180 paterni
1049 2109 1271 2167 luminis
1307 2110 1816 2181 splendidissimum
1843 2127 1938 2167 ve-

354 2200 672 2254 stimentum
716 2200 962 2266 indutus,
1022 2200 1308 2272 cidarique
1343 2202 1566 2270 divina,
1596 2212 1763 2275 atque
1811 2203 1936 2260 aliis

349 2291 647 2361 pontiliciis
672 2294 1009 2348 ornamentis
1026 2293 1343 2351 decoratus.
1369 2293 1489 2350 Non
1510 2305 1595 2353 est
1618 2306 1800 2352 autem
1828 2296 1936 2353 dif-

353 2382 494 2437 ﬁcile
525 2381 689 2436 etiam
719 2396 784 2436 ea
824 2397 944 2453 qua:
973 2383 1041 2438 ad
1074 2382 1352 2439 diabolum
1375 2394 1628 2457 spectant
1659 2388 1932 2460 interpre-

346 2473 472 2535 tari,
494 2472 588 2543 qui
621 2472 841 2543 quidem
872 2472 1036 2528 etiam
1076 2490 1225 2530 nunc
1253 2475 1383 2531 dum
1424 2475 1629 2534 Christi
1663 2479 1933 2533 doctrinae

345 2564 688 2630 adversatur,
740 2572 905 2636 atque
943 2566 1023 2620 illi
1056 2564 1335 2635 Ecclesiae,
1370 2584 1493 2639 quae
1529 2585 1561 2624 a
1588 2569 1809 2625 Christo
1838 2586 1934 2641 per

344 2654 532 2712 totum"
574 2663 843 2712 terrarum
890 2657 1079 2715 orbem
1121 2668 1308 2715 erecta
1357 2669 1464 2727 est,
1495 2662 1601 2733 ipsi
1656 2662 1927 2718 Salvatori

347 2756 541 2805 nostro
573 2748 919 2815 adversatur,
946 2758 1135 2823 utpote
1166 2754 1261 2823 qui
1291 2763 1452 2810 antea
1482 2770 1703 2825 quoque
1731 2764 1927 2809 contra

344 2842 498 2899 illum
530 2842 763 2906 steterit,
811 2843 941 2898 dum
986 2844 1034 2899 is
1078 2845 1235 2902 adest
1281 2862 1386 2904 nos
1410 2861 1443 2901 a
1471 2849 1735 2903 servitute
1764 2862 1928 2918 quam

346 2926 465 2988 sub'
499 2932 606 2989 hoc
634 2932 964 3005 ferebamus,
999 2937 1336 2995 liberaturus
1370 2958 1383 2994 :
1429 2954 1623 3009 nempe
1656 2940 1811 2994 illum
1839 2940 1928 2994 hic

2052 453 2190 525 μεθα
2211 455 2371 509 αὑτὸν
2403 450 2538 508 εἶναι
2572 457 2629 510 ἐν
2657 454 2805 526 πόνῳ
2834 455 2927 508 καὶ
2960 456 3019 508 ἐν
3051 453 3254 524 πληγῇ,
3300 454 3396 506 καὶ
3430 454 3490 505 ἐν
3531 469 3632 505 κα-

2048 546 2248 600 κώσει·
2310 547 2472 611 αὐτὸς
2528 547 2582 600 δὲ
2625 544 3035 619 ἐτραυματίσθη
3079 544 3166 597 διὰ
3210 544 3309 606 τὰς
3355 543 3630 613 ἁμαρτίας

2047 637 2204 709 ἡμῶν
2230 677 2244 701 ,
2294 640 2387 692 καὶ
2419 638 2821 709 μεμαλάκισται
2865 635 2951 690 διὰ
2994 635 3093 699 τάς
3121 634 3350 705 ἀνομίας
3380 634 3559 704 ἡμῶν.
3602 651 3623 684 ι

2061 728 2221 782 Ἀλλά
2254 729 2348 783 καὶ
2391 730 2642 799 Ἰωάννης
2684 730 2714 782 6
2759 725 3069 797 Βαπτιστὴς
3119 723 3241 779 ἰδὼν
3282 724 3374 777 τὸν
3422 722 3628 793 Κύριον

2046 813 2231 871 εἶπεν·
2271 837 2289 869 ι
2322 818 2428 871 Ἴδε
2474 820 2503 872 6
2543 818 2745 889 Ἀμνὸς
2777 817 2870 870 τοῦ
2899 815 3033 870 Θεοῦ
3062 816 3091 868 6
3117 813 3288 883 αἴρων
3318 812 3415 876 τὰς
3442 813 3629 883 ἀμαρ-

2047 909 2171 974 τίας
2201 910 2296 963 τοῦ
2325 910 2553 982 κόσμου.
2589 930 2609 963 ι
2648 911 2759 963 Καὶ
2784 908 2813 960 6
2850 909 3063 973 Παῦλος
3089 906 3299 984 τούτοις
3332 905 3629 978 σιταραπλίιϊ⁵

2049 1004 2180 1066 σίως
2228 1004 2357 1075 περὶ
2401 1002 2568 1058 αὑτοῦ
2616 1003 2844 1076 γράφων
2892 1003 3061 1074 φησί·
3099 1020 3118 1053 ι
3152 1001 3256 1053 Τὸν
3308 998 3382 1070 μὴ
3429 999 3632 1067 γνόντα

2046 1096 2321 1169 ἁμαρτίαν
2353 1096 2495 1169 ὑπὲρ
2520 1095 2675 1167 ήμῶν
2719 1096 2993 1168 ἁμαρτίαν
3021 1096 3305 1166 ἐποίησεν,
3346 1094 3432 1148 ἴνα
3466 1096 3633 1164 ἡμεῖς

2045 1186 2360 1259 δικαιοσύνη
2433 1186 2568 1241 Θεοῦ
2638 1186 2925 1259 γινώμεθα
2990 1189 3049 1241 ἐν
3121 1185 3272 1257 αὐτῷ
3301 1203 3315 1217 ο
3376 1204 3395 1237 ι
3481 1188 3579 1239 καὶ
3613 1227 3631 1251 ,

2053 1296 2072 1329 ι
2115 1278 2350 1351 Χριστὸς
2388 1280 2538 1349 ἡμᾶς
2584 1278 2919 1352 ἐξηγόρασεν
2978 1281 3042 1333 ἐκ
3082 1277 3180 1350 τῆς
3224 1278 3470 1351 κατάρας
3530 1277 3633 1332 τοῦ

2046 1373 2211 1444 νόμου
2235 1413 2251 1438 ,
2301 1373 2589 1443 γενόμενος
2648 1373 2789 1444 ὑπὲρ
2849 1371 3008 1444 ἡμῶν
3076 1371 3313 1443 κατάρας.
3364 1389 3384 1423 ι
3438 1369 3636 1426 Ταῦτα

2046 1464 2111 1536 δὴ
2160 1459 2253 1520 οῦν
2313 1466 2532 1519 ἃπαντα
2596 1463 2926 1529 θεσπίζουσα
2984 1465 3018 1536 ἡ
3065 1464 3375 1535 προφητεία
3435 1462 3632 1534 ἐδήλου

2046 1554 2114 1608 δι’
2149 1548 2224 1609 ὧν
2257 1572 2423 1627 φησι’
2463 1574 2481 1607 ι
2517 1555 2629 1610 Καὶ
2675 1555 2883 1627 Ἰησοῦς
2923 1550 2992 1627 ἦν
3037 1554 3381 1625 ἐνδεδυμένος
3436 1554 3635 1624 ίμάτια

2050 1648 2301 1719 ῥυπαρά·
2352 1666 2370 1699 ι
2410 1647 2549 1720 πλὴν
2604 1647 2743 1702 ἀλλά
2779 1647 2953 1701 ταῦτα
2993 1647 3327 1717 ἀποθέμενος
3358 1645 3500 1700 κατά
3526 1645 3634 1716 τὴν

1975 1710 2015 1765 Β
2043 1710 2124 1803 εἰς
2166 1710 2427 1812 οῦρανοῦς
2469 1710 2688 1805 ἄνοδιν,
2742 1740 2837 1795 καὶ
2879 1740 2979 1814 τὴν
3027 1740 3136 1795 ἀπὸ
3168 1710 3286 1811 ’τῆς
3318 1739 3442 1794 καθ’
3477 1710 3634 1812 qui;

2041 1831 2418 1903 αἰχμαλωσίας
2448 1835 2528 1897 εἰς
2566 1833 2637 1886 τά
2665 1834 2841 1886 οἰκεῖα
2877 1831 3153 1896 ἐπάνοδον,
3188 1830 3266 1902 τῷ
3293 1831 3393 1903 τῆς
3426 1847 3633 1902 πατριδ-

2038 1924 2145 1994 κῆς
2188 1922 2438 1995 θεότητος
2482 1926 2839 1995 στεφανοῦται
2877 1924 3186 1996 διαδήματι,
3221 1924 3316 1976 καὶ
3347 1922 3446 1994 τὴν
3484 1923 3632 1993 λαμο

2040 2014 2317 2087 προτάτην
2352 2015 2545 2087 στολὴν
2590 2015 2687 2069 τοῦ
2723 2014 2990 2089 πατρικοῦ
3034 2014 3213 2085 φωτὸς
3259 2014 3627 2088 περιτίθεται,

2038 2107 2251 2179 κιδάρει
2288 2125 2349 2162 τε
2381 2108 2569 2180 ἐνθέῳ,
2603 2109 2698 2162 καὶ
2728 2110 2840 2171 τοῖς
2873 2107 3053 2173 ἄλλοις
3085 2109 3494 2180 ἀρχιερατικοίς
3526 2109 3629 2163 κό-

2038 2216 2197 2269 σμοις
2227 2203 2677 2272 κατακοσμεῖται·
2707 2200 2768 2253 οὐ
2799 2198 3011 2271 χαλεπά
3043 2200 3101 2254 δέ
3130 2202 3226 2254 καὶ
3258 2201 3325 2254 τά
3356 2200 3502 2254 κατά
3528 2200 3629 2254 τὸν

2035 2292 2281 2347 διάϐολον
2317 2292 2630 2357 ἀποδοῦναι,
2671 2292 2731 2358 ὃς
2765 2293 2845 2347 ἔτι
2877 2294 2972 2348 καὶ
3014 2292 3110 2346 νῦν
3147 2293 3524 2365 ἀντικείμενος
3554 2296 3626 2365 τῇ

2035 2385 2129 2440 τοῦ
2157 2384 2395 2457 Χριστοῦ
2423 2384 2763 2456 διδασκαλίᾳ,
2795 2386 2889 2439 καὶ
2916 2387 2982 2456 τῇ
3014 2384 3137 2438 καθ’
3162 2385 3292 2457 ὅλης
3318 2386 3419 2456 τῆς
3446 2386 3631 2438 obtae-

2038 2477 2205 2551 μένης
2258 2476 2349 2531 ὑπ’
2401 2475 2567 2530 αὐτοῦ
2623 2477 2928 2551 ἰδρυνθείσῃ
2979 2475 3297 2547 Ἐκκλησία,
3346 2475 3497 2547 αὐτῷ
3542 2475 3629 2547 τῷ

2036 2572 2250 2642 Σωτῆρι
2301 2570 2460 2642 ήμῶν
2515 2570 2840 2642 ἀνθέστηκε,
2901 2571 2991 2627 καὶ
3044 2569 3304 2640 πρότερον
3358 2567 3509 2640 αὐτῷ
3561 2567 3628 2636 ἐξ

2033 2662 2284 2726 ἐναντίας
2316 2660 2771 2734 ἐπιστρατεύσας,
2798 2660 2887 2713 ὅτε
2921 2660 3104 2731 παρῆν
3132 2661 3278 2730 ἡμᾶς
3306 2659 3373 2712 ἐκ
3398 2658 3499 2728 τῆς
3525 2658 3628 2711 ὑπ’

2032 2753 2196 2807 αὐτοῦ
2232 2752 2610 2824 αἰχμαλωσίας
2642 2750 2924 2823 ῥυόμενος.
2973 2750 3266 2822 Ἐπείρασε
3293 2748 3427 2819 γοῦν
3456 2749 3631 2803 αὑτὸν

2032 2846 2129 2899 καὶ
2158 2846 2442 2917 πρότερον,
2479 2844 2574 2899 καὶ
2601 2844 2874 2915 δεύτερον,
2909 2843 2999 2896 ὅτε
3035 2842 3177 2897 κατά
3203 2842 3265 2895 τὸ
3308 2840 3485 2905 πάθος
3519 2842 3631 2913 τὴν

2032 2939 2323 3011 ἐπιϐουλὴν
2357 2937 2506 3010 αὐτῷ
2552 2938 3006 2991 συνεσκευάσατο.
3045 2937 3161 3005 Ἐφ’
3194 2930 3277 2996 οἷς
3314 2935 3489 2989 ἅπασι
3524 2935 3631 2988 καὶ

344 3027 578 3082 tentavit
608 3034 663 3083 et
695 3029 864 3085 semel
897 3030 1072 3100 prius,
1106 3038 1162 3086 et
1197 3032 1395 3088 iterum
1430 3039 1642 3103 postea,
1672 3048 1797 3087 cum
1821 3032 1927 3087 sub

2044 3029 2122 3085 τὸν
2168 3029 2413 3084 διάϐολον
2458 3030 2553 3083 καὶ
2598 3031 2724 3093 τοὺς
2768 3026 3047 3099 ὕπἰαὐτῷ
3095 3028 3305 3090 πάντας
3349 3026 3632 3098 ἀοράτους

346 3118 521 3187 ipsam
543 3118 855 3188 passionem
884 3120 962 3174 illi
993 3122 1226 3178 insidias
1245 3125 1609 3194 comparavit,
1637 3124 1705 3178 ad
1738 3133 1924 3178 extre-

2044 3121 2260 3194 ἐχθρούς
2290 3138 2349 3174 τε
2383 3122 2477 3175 καὶΙ
2510 3120 2805 3192 πολεμίους
2835 3093 3282 3191 τῷπωσάμενος,
3316 3093 3447 3179 τοὺς
3498 3118 3633 3187 αἰχ-

343 3224 494 3263 mum
523 3210 616 3264 ille
655 3224 781 3264 cum
807 3218 862 3265 et
893 3211 1071 3282 ipsum
1122 3213 1433 3279 diabolum,
1475 3223 1529 3270 et
1556 3230 1653 3270 eos
1684 3213 1777 3284 qui
1824 3214 1931 3270 sub

342 3299 466 3368 ipso
486 3298 711 3369 degunt,
742 3300 1047 3367 universos,
1080 3310 1136 3357 et
1156 3303 1408 3359 inimicos
1436 3312 1491 3360 et
1512 3304 1717 3362 hostes.
1751 3304 1929 3358 visum

344 3396 597 3444 nostrum
627 3387 985 3459 eﬂ‘ugientes,
1020 3390 1076 3445 in
1104 3389 1287 3463 fugam
1343 3392 1642 3457 vertisset,
1689 3408 1792 3448 nos
1830 3392 1927 3463 qui

342 3479 545 3550 captivi
594 3480 937 3546 tenebamur,
972 3497 1105 3539 suos
1154 3482 1335 3540 eﬂ'ecit
1371 3484 1729 3552 domesticos,
1764 3495 1929 3557 atque

343 3571 412 3627 de
440 3571 604 3628 nobis
624 3571 782 3642 ipsis,
817 3580 1075 3644 tanquam
1102 3576 1171 3630 de
1208 3577 1348 3632 vivis
1379 3578 1676 3649 lapidibus,
1701 3579 1927 3633 domum

345 3664 460 3732 Dei,
485 3665 773 3736 ipsamque
801 3667 1018 3737 pietatis
1042 3670 1438 3740 rempublicam
1466 3675 1689 3741 struxit,
1730 3683 1790 3727 ut
1802 3674 1928 3743 jure

343 3773 407 3814 ac
436 3761 633 3814 merito
660 3759 738 3814 illi
776 3762 1062 3816 oraculum
1100 3764 1172 3818 sit
1202 3766 1754 3834 accommodandum,
1778 3767 1925 3837 quod

354 3852 432 3906 ait
465 3870 479 3908 :
520 3871 539 3904 ι
574 3843 717 3907 Ecce
752 3854 857 3919 vir,
884 3851 1085 3911 Oriens
1114 3872 1313 3912 nomen
1335 3859 1408 3923 ei,
1434 3867 1488 3915 et
1516 3860 1705 3915 subter
1744 3860 1923 3930 ipsum

341 3944 571 4009 orietur,
598 3954 653 4000 et
676 3945 968 4002 aedificabit
997 3947 1220 4003 domum
1252 3948 1507 4017 Domini,
1543 3960 1598 4008 et
1629 3954 1746 4023 ipse
1778 3953 1926 4007 acci-

341 4033 451 4104 piet
473 4034 754 4101 virtutem,
779 4042 834 4090 et
865 4037 1097 4106 sedebit,
1143 4048 1199 4095 et
1223 4041 1595 4112 principatum
1625 4043 1833 4098 tenebit
1866 4045 1923 4098 in

338 4124 468 4181 sede
484 4140 583 4181 sua
608 4126 676 4181 '3.
718 4145 737 4178 ι
763 4126 995 4183 Attende
1025 4130 1194 4200 igitur
1219 4131 1533 4204 diligenter,
1568 4134 1925 4205 quemadmo-

337 4215 469 4270 dum
501 4216 591 4270 bic
624 4217 845 4287 quidem
909 4220 1181 4288 spirituali
1204 4225 1449 4293 quodam
1495 4238 1649 4277 more
1678 4224 1745 4277 dc
1779 4223 1917 4276 auti-

2037 3212 2318 3284 μαλώτους
2350 3215 2497 3285 ἡμᾶς
2529 3213 2764 3276 οἰκείους
2792 3209 2958 3266 αὐτοῦ
2988 3210 3395 3281 κατηρτήσατο,
3427 3207 3526 3261 καὶ
3560 3207 3630 3272 ἐξ

2032 3302 2189 3373 ἡμῶν
2217 3302 2395 3356 αὐτῶν
2417 3342 2432 3365 ,
2461 3302 2611 3355 ώσάν
2641 3302 2706 3355 ὲκ
2736 3300 2900 3355 λίθων
2935 3298 3175 3365 ζώντων,
3220 3299 3312 3352 τὸν
3339 3294 3490 3352 οἷκον
3520 3297 3632 3353 τοῦ

2031 3393 2168 3448 Θεοῦ
2190 3394 2363 3448 καὶτὸ
2391 3395 2493 3465 τῆς
2520 3394 2803 3458 εὐσεϐείας
2829 3393 3134 3464 πολίτευμα
3160 3393 3449 3463 ἐστήσατο,
3475 3390 3631 3445 ὥστε

2031 3488 2254 3552 εἰκότως
2281 3486 2610 3561 ἐφαρμόζειν
2653 3486 2804 3558 αὑτῷ
2835 3486 2896 3541 τὸ
2928 3486 3108 3555 λόγιον
3138 3485 3369 3556 φάσκονο
3410 3503 3431 3536 ι
3485 3484 3631 3538 Ἰδοὺ

2029 3579 2191 3653 ἀνὴρ,
2235 3579 2492 3652 Ἀνατολὴ
2518 3579 2690 3651 ὖνομα
2720 3578 2870 3649 αὐτῷ
2885 3594 2899 3609 ·
2936 3579 3031 3632 καὶ
3051 3575 3406 3631 ὑποκάτωθεν
3450 3573 3631 3629 αὐτοῦ

2029 3676 2297 3738 ἀνατελεῖ,
2332 3673 2428 3726 καὶ
2450 3672 2798 3744 οἰκοδομήσει
2829 3671 2924 3725 τὸν
2956 3665 3104 3724 οἷκον
3136 3668 3364 3740 Κυρίου·
3392 3668 3488 3721 καὶ
3517 3668 3632 3722 αὐ-

2027 3766 2119 3831 τὸς
2146 3767 2377 3838 λήψεται
2408 3765 2630 3839 ἀρετὴν,
2661 3766 2754 3819 καὶ
2784 3763 3078 3827 καθιεῖται,
3110 3763 3206 3816 καὶ
3227 3759 3495 3833 κατάρξει
3524 3762 3634 3815 ἐπὶ

2026 3858 2123 3914 τοῦ
2159 3858 2370 3931 θρόνου.
2417 3878 2435 3911 ι
2466 3859 2709 3930 Πρόσχες
2739 3857 2783 3910 δ’
2817 3851 2910 3911 οὖν
2937 3854 3231 3927 ἐπιμελῶς,
3263 3856 3385 3908 τίνα
3413 3853 3632 3926 τρόπον

2027 3952 2122 4008 νῦν
2158 3952 2256 4024 μὲν
2283 3948 2667 4022 πνευματικῶς
2695 3948 2825 4020 περί
2848 3946 2941 4001 τοῦ
2974 3946 3144 4001 πάλαι
3173 3946 3465 4015 γεγονότος
3506 3946 3628 4017 Ἰηο

2028 4044 2146 4108 σοῦ,
2174 4044 2266 4097 τοῦ
2307 4045 2406 4113 τὴν
2441 4041 2628 4095 εἰκόνα
2655 4038 2750 4093 τοῦ
2791 4038 3024 4110 ἀληθοῦς
3056 4039 3335 4109 φέροντος,
3365 4037 3503 4106 φησὶ
3534 4038 3631 4101 τὸ,

2031 4154 2049 4186 ι
2095 4134 2227 4187 Ἰδοὺ
2269 4134 2428 4205 ἀνὴρ,
2478 4132 2736 4203 Ἀνατολὴ
2778 4131 2948 4202 ὄνομα
2988 4130 3169 4200 αὐτῷ·
3214 4148 3232 4181 ι
3276 4129 3508 4200 ὕστερον
3563 4129 3633 4182 δὲ

2024 4225 2232 4288 ὑποϐὰς
2278 4224 2353 4289 ὡς
2396 4225 2526 4295 περὶ
2560 4223 2748 4294 ἐτέρου
2790 4221 2944 4284 ὄντος
3000 4220 3310 4288 Ἀνατολῆς,
3355 4218 3508 4290 αὐτῷ
3554 4220 3632 4291 δὴ

337 4323 449 4377 quo
496 4308 729 4379 loquens
761 4308 916 4376 Jesu,
944 4313 1040 4382 qui
1089 4313 1386 4385 imaginem
1427 4316 1543 4371 veri
1576 4314 1806 4379 ferebat,
1840 4317 1921 4370 sic

2044 4317 2142 4369 ;ότε
2178 4316 2403 4389 παρόντι
2460 4313 2636 4387 Ἰησοῦ
2667 4314 2947 4369 λέλεκταισ
2997 4333 3016 4365 ι
3062 4315 3261 4366 Ἀκουε
3299 4312 3386 4384 δὴ,
3437 4312 3630 4382 Ἰησοῦ

337 4398 525 4455 dicat:
551 4418 571 4451 ι
602 4400 742 4458 Ecce
754 4403 859 4469 vir,
885 4395 1083 4462 Oriens
1099 4422 1307 4462 nomen
1343 4408 1416 4466 ei.
1444 4427 1463 4461 ι
1482 4407 1772 4463 Paululum
1792 4425 1920 4465 vero

2044 4432 2051 4462 ι
2090 4414 2268 4484 ἱερεὺς
2296 4414 2325 4464 6
2353 4413 2547 4483 μέγας,
2582 4411 2646 4464 σὺ
2671 4411 2766 4464 καὶ
2788 4413 2836 4464 οἱ
2865 4408 3091 4481 πλησίον
3114 4407 3232 4473 σοῦ,
3255 4406 3389 4460 διότι
3421 4406 3633 4478 ἄνδρες

339 4504 689 4563 progressus,
722 4496 880 4565 quasi
908 4495 974 4551 de
990 4497 1099 4552 alio
1116 4500 1209 4569 qui
1240 4499 1313 4555 sit
1338 4499 1556 4566 Oriens,
1594 4502 1697 4572 ipsi
1720 4503 1797 4556 illi
1826 4504 1920 4573 qui

2044 4503 2415 4575 τερατοσκόποι
2449 4503 2607 4557 εἰσίν.
2653 4502 2785 4556 Ἰδοὺ
2812 4504 2930 4570 ἄγω
2961 4501 3052 4554 τὸν
3091 4499 3276 4553 δοῦλόν
3313 4517 3417 4570 μου
3457 4499 3635 4551 Ἀναο

337 4591 473 4636 tunc
494 4582 705 4649 aderat,
730 4582 870 4640 Jesu
901 4585 1134 4642 dixerit:
1170 4606 1190 4640 ι
1213 4587 1482 4661 Audijam
1512 4607 1683 4656 nunc,
1716 4591 1918 4657 oJesu,

2044 4594 2205 4665 εολήν.
2247 4613 2266 4646 ι
2298 4595 2361 4647 Εἰ
2394 4592 2458 4664 δὴ
2490 4589 2584 4646 οὖν
2617 4594 2645 4646 6
2682 4593 2840 4660 λόγος
2874 4588 2942 4662 ἦν
2969 4592 3100 4662 περὶ
3146 4590 3433 4660 μέλλοντος
3463 4588 3633 4658 ἥξειν

336 4673 601 4730 sacerdos
620 4690 833 4748 magne,
851 4687 905 4733 et
928 4686 1007 4741 tu,
1036 4688 1090 4735 et
1113 4682 1348 4750 proximi
1385 4686 1499 4747 tui,
1531 4686 1791 4754 quoniam
1816 4686 1921 4740 viri

2044 4686 2233 4757 ;τέρου,
2269 4684 2632 4758 ἀληθέστερον
2668 4683 2822 4756 παρά
2864 4684 2958 4737 τὸν
2993 4684 3112 4736 τότε
3161 4684 3455 4754 Ἀνατολῆς
3494 4687 3632 4738 ὀνο-

332 4765 709 4837 prodigiorum
769 4769 1109 4840 inspectores
1157 4782 1304 4832 sunt.
1361 4774 1506 4831 Ecce
1543 4792 1644 4848 ego
1707 4777 1920 4833 adduco

2044 4778 2355 4850 ιαζομένου,
2373 4776 2537 4831 εἰκὼν
2564 4778 2671 4850 ἄρα
2700 4776 2792 4829 τοῦ
2823 4776 3109 4846 μέλλοντος
3138 4776 3289 4845 ἥξειν
3321 4776 3632 4847 Ἀνατολῆς

230 4886 233 4887 ν
326 4871 554 4912 servum
585 4874 787 4926 meum,
821 4860 1101 4919 Orientem
1130 4864 1199 4921 ⁸⁸.
1236 4864 1295 4920 Si
1318 4866 1485 4937 igitur
1506 4883 1687 4924 sermo
1712 4878 1834 4925 erat
1849 4870 1917 4926 de

2044 4873 2231 4934 :xsivo;
2258 4866 2348 4942 ἦν,
2382 4871 2457 4933 ὡς
2490 4871 2547 4923 ἐν
2580 4870 2750 4923 εἰκόνι
2787 4869 2848 4921 οὐ
2887 4868 3046 4938 μόνον
3092 4867 3320 4936 Ἰησοῦς,
3356 4867 3494 4921 ἀλλὰ
3522 4871 3633 4922 καὶ

334 4949 444 5002 alio
471 4950 566 5020 qui
587 4961 860 5010 venturus
918 4964 1086 5021 esset,
1129 4972 1195 5013 ac
1229 4960 1415 5015 verius
1447 4977 1611 5031 quam
1676 4963 1787 5027 ille,
1820 4964 1917 5033 qui

2044 4960 2295 5032 Ἀνατολὴ
2344 4959 2903 5033 προσαγορευόμενος,
2937 4960 3050 5027 εἴγε
3077 4959 3153 5022 ὡς
3185 4959 3324 5029 πρὸς
3365 4959 3631 5029 παρόντα

334 5048 468 5094 tunc
484 5042 695 5107 aderat,
715 5045 912 5103 Oriens
925 5048 1315 5116 nominandus,
1339 5062 1487 5107 certe
1507 5053 1917 5125 imagoventuri

2044 5052 2194 5106 ιύτδν
2225 5053 2305 5118 τὸ,
2330 5071 2348 5103 ι
2373 5053 2503 5105 Ἰδοὺ
2537 5053 2700 5124 ἀνὴρ,
2737 5052 2995 5122 Ἀνατολὴ
3028 5050 3398 5134 όνομαναὺτῷ,
3436 5070 3456 5101 ι
3489 5051 3629 5103 ἑλέ.-

336 5129 581 5191 Orientis
611 5134 702 5191 ille
723 5146 841 5191 erat
869 5155 884 5193 :
916 5149 1106 5211 utpote
1144 5143 1240 5211 qui
1275 5143 1332 5196 in
1361 5142 1718 5215 imaginenon
1735 5148 1914 5203 solum

2044 5164 2172 5216 (sto.
2205 5146 2445 5210 Εἰκότως
2482 5140 2575 5198 οῦν
2616 5145 2715 5215 τῆς
2747 5145 2953 5206 εἰκόνος
2997 5143 3163 5197 ἓνεκα
3201 5143 3295 5196 καὶ
3327 5139 3483 5205 οὗτος
3513 5144 3628 5215 τῆς

331 5224 517 5290 Iesus,
547 5227 645 5282 sed
682 5230 848 5285 etiam
877 5231 1076 5290 Oriens
1107 5234 1410 5303 diceretur,
1439 5237 1484 5293 si
1517 5236 1738 5307 quidem
1791 5248 1917 5294 tan-

2044 5244 2278 5314 Ξωτῆρος
2327 5242 2699 5313 προσηγορίας
2758 5241 2976 5311 ἠξίωτο,
3024 5238 3311 5308 ὡσπτροῦν
3363 5240 3461 5291 καὶ
3512 5239 3628 5308 τῆς

333 5333 498 5386 quam
535 5319 603 5373 ad
631 5319 810 5392 ipsum
842 5335 1188 5395 praesentem,
1213 5328 1378 5383 verba
1411 5329 1503 5382 illa
1539 5347 1552 5383 ε
1590 5349 1611 5381 ι
1646 5328 1788 5386 Ecce
1806 5332 1908 5397 vir,

2044 5333 2340 5404 ’Δνατελῆς.
2385 5333 2537 5385 Ἐπεὶ
2568 5332 2631 5403 δὴ
2657 5332 2924 5402 σωτήριον
2954 5329 3090 5383 Θεοῦ
3125 5333 3206 5393 είς
3236 5329 3340 5401 τὴν
3381 5329 3626 5382 Ἐλλάδα.

334 5408 535 5465 Oriens
548 5415 857 5479 nomenei,
902 5436 920 5468 ι
943 5417 1012 5472 ad
1038 5419 1190 5474 illum
1211 5419 1361 5475 dicta
1399 5429 1550 5476 sunt.
1585 5417 1779 5478 Merito
1809 5423 1911 5496 igi-

2044 5423 2202 5497 ρωνὴν
2242 5425 2305 5478 τὸ
2342 5422 2438 5477 τοῦ
2499 5421 2671 5494 Ἰησοῦ
2715 5420 3060 5494 μεταληφθέν
3097 5419 3269 5492 δνομα
3315 5421 3622 5493 σημαίνει·

406 5567 742 5647 “fisa-3L",
772 5568 918 5647 6-5.
976 5571 1041 5647 ⁸⁸⁸
1068 5570 1229 5630 Joan.
1281 5589 1322 5641 ι,
1386 5576 1476 5634 29.
1557 5578 1671 5633 "ll
1718 5579 1847 5634 Cor.
1886 5593 1935 5646 ν,

2044 5577 2082 5636 ί.
2158 5575 2348 5636 “Gal.
2387 5593 2468 5647 In,
2528 5578 2619 5634 l5.
2696 5575 2939 5646 "Zacb,
2984 5593 3070 5646 ιιι,
3125 5579 3181 5634 3.
3259 5577 3309 5612 ”
3331 5575 3625 5647 Zacbxx,

338 5634 515 5693 12-15.
589 5636 825 5694 "Zach.
857 5655 934 5713 ιιι,
974 5641 1027 5698 ε.
1307 5634 1318 5641 ⁷
1925 5634 1935 5646 ’

2067 5634 2076 5636 ν
2250 5634 2253 5635 ⁷
2339 5634 2345 5636 ⁷
2408 5634 2413 5635 ⁷
2452 5634 2467 5647 1
2860 5634 2867 5635 7
2924 5634 2937 5646 '
3054 5634 3068 5646 Ι

3176 5682 3181 5690 Δ
