3846 6218
298 297 401 352 335
909 298 1192 356 EUSEBll
1225 297 1704 356 CIESARIENSIS
1743 297 1892 356 OPP.
1934 299 2118 356 PARS
2156 301 2221 356 ll.
2261 328 2332 340 --
2363 297 2848 356 APOLOGETICA
3457 301 3565 358 356

444 412 537 466 24.
581 412 656 465 Ab
685 410 878 467 Abdia.
1913 421 1960 477 Α

1913 421 1960 477 Α
2130 414 2226 467 κδ’.
2274 413 2384 468 Τοῦ
2429 414 2702 470 Ἆόδειοῦ.

570 480 939 573 κριΖαείιανία.
1440 539 1443 542 η

1440 539 1443 542 .
2131 490 2228 573 κεξ
2271 485 2388 573 1‘0?
2421 487 2739 573 Ζαχαρίου.

441 551 531 608 26.
573 555 652 608 Ab
681 552 883 606 eodem.

441 624 534 678 27.
576 623 655 675 Ab
686 623 888 677 eodem.

2129 560 2243 618 κς’.
2271 555 2382 607 Τοῦ
2414 551 2621 608 αὐτοῦ.

2133 624 2237 687 κζ’.
2276 625 2387 677 Τοῦ
2422 624 2630 678 αὐτοῦ.

336 715 338 718 ν
443 693 536 747 28.
579 695 624 746 Α
658 692 957 747 Malachia.

445 763 532 818 29.
575 761 656 816 Ab
687 767 892 818 eodem.

2127 700 2233 816 2:3!-
2267 694 2384 817 $33
2411 695 2757 817 regem

449 779 532 818 zu.
575 779 656 816 AD
687 779 892 818 eoaem.
2128 779 2230 816 xw.
2267 779 2378 817 Iov
2411 779 2618 821 αυτου.

449 835 539 890 30.
579 833 625 886 A
663 833 926 889 Ieremia.
2127 832 2189 884 λ’.
2261 834 2373 888 Τοῦ
2418 835 2719 904 Ἰερεμίου.

765 925 927 996 202
997 921 1425 980 PROOEMIUM.

2565 926 2975 981 ΠΡΟΟΙΜΙΟΝ.

373 1016 512 1072 Cum
559 1016 764 1088 quibus
823 1014 1002 1070 modis
1063 1013 1131 1071 de
1183 999 1467 1070 Salvatore
1519 1023 1710 1071 nostro
1754 1012 1884 1071 Jesu

2067 1015 2285 1088 Ἐπειδὴ
2311 1016 2484 1080 διττὸς
2506 1018 2534 1070 6
2554 1017 2755 1088 τρόπος
2793 1020 2821 1072 ὁ
2852 1020 2980 1089 περὶ
3004 1017 3098 1070 τοῦ
3134 1016 3386 1090 Σωτῆρος
3407 1017 3563 1088 ἡμῶν

301 1109 526 1165 Christo
556 1115 878 1170 tractemus,
915 1105 952 1160 ii
991 1106 1100 1161 duo
1129 1106 1288 1162 nobis
1324 1107 1381 1161 in
1418 1109 1669 1177 proximo
1707 1106 1820 1161 Eva

2046 1108 2170 1178 ησοῦ
2193 1108 2429 1180 Χριστοῦ
2455 1110 2727 1178 πέφανται
2758 1111 2815 1164 ἐν
2839 1111 2917 1181 τῷ
2940 1110 3046 1181 πρὸ
3068 1109 3258 1164 τούτου
3281 1109 3565 1180 συγγράμ-

301 1202 481 1274 gelicaa
512 1200 992 1256 Demonstratiom’s
1023 1199 1300 1255 volumine
1325 1200 1536 1256 ostensi
1573 1201 1704 1265 sint,
1739 1216 1820 1254 un

2046 1215 2118 1250 ιτι
2153 1199 2251 1267 τῆς
2292 1199 2708 1268 Εὐαγγελικῆς
2754 1201 3166 1268 Ἀποδείξεως·
3196 1204 3225 1255 6
3265 1201 3360 1271 μὲν
3395 1201 3565 1270 ὑπερ-

301 1293 523 1362 quidem
549 1306 763 1356 eorum,
791 1297 990 1345 natura
1021 1299 1212 1346 nostra
1238 1291 1492 1362 superior
1517 1298 1601 1348 est
1632 1291 1820 1363 ultraq‘

2045 1288 2126 1359 ›ὴς
2167 1289 2261 1340 καὶ
2301 1287 2576 1342 ἐπέκεινα·
2628 1289 2751 1342 καθ’
2777 1289 2834 1343 ὃν
2876 1289 3171 1361 ὁριζόμεθα
3213 1289 3372 1342 αὑτὸν
3422 1282 3564 1341 εἶναι

301 1385 453 1439 illam
485 1383 750 1440 excurrit.
790 1381 904 1436 Hoc
955 1397 1090 1439 sane
1140 1381 1303 1438 modo
1347 1383 1681 1441 allirmamus
1731 1385 1820 1439 illu

2044 1381 2250 1450 δνογενῆ
2279 1380 2411 1434 Θεοῦ
2447 1382 2594 1446 Υίὸν,
2626 1381 2658 1452 ἦ
2692 1382 2922 1453 οὺσιώδη
2949 1384 3044 1436 τοῦ
3064 1382 3198 1435 Θεοῦ
3225 1382 3413 1450 Λόγον,
3441 1372 3563 1434 δεύι

300 1492 424 1535 esse
444 1478 668 1532 unicum
697 1475 791 1530 Dei
814 1474 1034 1540 Filium,
1060 1476 1175 1530 sive
1197 1476 1294 1531 Dei
1317 1478 1611 1532 essentiam
1639 1477 1814 1534 refere

2049 1485 2137 1540 ρον
2171 1469 2276 1522 τῶν
2318 1469 2455 1523 ὅλων
2492 1471 2707 1535 αἴτιον,-
2731 1471 2766 1542 ἢ
2807 1472 2994 1524 οὐσίαν
3045 1472 3256 1543 νοεράν,
3295 1473 3388 1526 καὶ
3426 1470 3563 1524 Θεοῦ

302 1570 565 1634 Verbum,
603 1569 961 1638 universique
994 1568 1160 1637 hujus
1191 1576 1494 1633 auctorem,
1543 1569 1660 1625 sive
1695 1585 1816 1625 esse

2043 1562 2326 1616 mrcé‘roxov
2353 1563 2608 1634 ἐνάρετον
2654 1563 2835 1633 φύσιν,
2885 1565 2984 1636 τὴν
3029 1565 3136 1634 πρὸ
3176 1564 3285 1618 τῶν
3318 1564 3562 1635 γενητῶν

300 1663 434 1716 tiam
465 1661 882 1730 intelligentem,
938 1675 1002 1714 ac
1035 1659 1130 1714 Dei
1173 1661 1592 1732 primogenitam
1625 1663 1819 1717 virtute

2042 1656 2157 1719 ίαν,
2186 1657 2278 1709 καὶ
2313 1657 2616 1729 πανὰρετον
2648 1655 2896 1728 δύναμιν,
2923 1659 2955 1730 ἢ
2993 1658 3094 1729 τῆς
3131 1660 3426 1730 ἀγεννήτου
3459 1659 3561 1727 φύ-

300 1761 465 1822 atque
497 1760 754 1806 naturam
776 1791 790 1816 ,
823 1751 1044 1822 vimque
1075 1751 1338 1816 divinam,
1375 1768 1497 1821 quae
1530 1767 1749 1807 omnem
1780 1752 1813 1805 h

2050 1772 2126 1818 ως
2157 1755 2348 1826 νοεράν
2379 1755 2581 1808 εικόνα⁶
2624 1757 2652 1808 ὁ
2683 1755 2740 1808 δὲ
2771 1756 3039 1827 συγγενὴς
3069 1757 3201 1826 ἡμῖν
3238 1756 3330 1807 καὶ
3365 1753 3565 1826 μᾶλλον

298 1846 428 1900 beat
455 1845 735 1908 virtutem,
772 1851 822 1898 et
864 1844 1047 1899 omnia
1075 1858 1196 1913 quae
1230 1843 1374 1897 facta
1407 1845 1536 1906 sint,
1570 1843 1817 1898 anteced:

2045 1849 2202 1910 κεῖος,
2229 1845 2351 1898 καθ’
2374 1846 2432 1898 ὃν
2467 1846 2630 1899 πάλιν
2666 1845 2827 1899 αὑτὸν
2863 1846 3158 1917 ὁριζόμεθα
3191 1846 3326 1898 Θεοῦ
3370 1846 3564 1914 Λόγον,

302 1937 418 1991 sive
447 1937 699 2004 ingenita:
725 1942 938 1990 naturze
964 1937 1357 2006 intelligentem
1389 1934 1702 2004 imaginem.
1733 1935 1818 1988 Alt

2064 1935 2335 2008 ἀνθρώπῳ
2354 1937 2451 2008 τῆς
2473 1935 2568 1988 τοῦ
2595 1937 2807 2007 Πατρὸς
2836 1936 3115 2000 εὐσεϐείας
3140 1935 3565 2005 ὰπαγγελτικὸν,

299 2043 432 2082 vero
463 2027 662 2086 modus
691 2027 851 2082 nobis
879 2027 1052 2098 magis
1087 2033 1374 2098 cognatus,
1406 2025 1691 2095 magisque
1726 2023 1818 2078 ian

2047 2027 2106 2080 ιϐ’
2127 2028 2184 2081 ὃν
2215 2027 2422 2099 πέφηνε
2447 2027 2611 2081 πάλαι
2642 2029 2905 2099 πρότερον
2933 2029 2990 2080 ἐν
3013 2027 3298 2099 ἀνθρώπου
3325 2030 3566 2097 σχήματι

302 2119 833 2190 liaris'agnoscitur.
869 2117 984 2173 lloc
1029 2119 1175 2173 enim
1218 2117 1512 2172 definimus
1561 2117 1715 2171 illum
1761 2133 1820 2172 es

2049 2123 2096 2185 ῖς
2128 2122 2270 2191 ἀμφὶ
2298 2122 2388 2176 τὸν
2435 2121 2706 2193 Ἀϐραάμ⁸
2749 2122 2909 2174 αὑτὸν
2941 2121 2986 2174 δ’
3011 2123 3218 2175 ἐκεῖνον
3241 2121 3331 2174 τὸν
3358 2119 3568 2192 βοώμε-

302 2212 398 2266 Dei
430 2209 692 2275 Verbum,
745 2210 892 2280 quod
943 2211 1000 2264 in
1031 2209 1252 2263 homine
1296 2215 1580 2278 paternam
1623 2209 1821 2279 pietate

2048 2230 2072 2266 ν
2102 2211 2374 2284 ἐθνάρχην
2412 2212 2745 2281 θεοφιλέσιν,
2796 2209 2950 2276 αὖθίς
2991 2229 3052 2266 τε
3093 2213 3465 2283 φανησόμενον
3506 2214 3567 2266 ἐν

302 2303 590 2357 denuntiet
621 2319 633 2353 :
661 2317 770 2372 quo
813 2300 1034 2372 quidem
1085 2301 1248 2354 modo
1293 2301 1568 2371 quondam
1618 2301 1710 2355 ille
1739 2316 1821 2370 api

2053 2303 2292 2374 θρώποις
2323 2304 2387 2356 δι’
2413 2303 2701 2375 ἀνθρώπου
2739 2305 3024 2374 γενέσεως,
3059 2307 3153 2358 καὶ
3178 2305 3566 2376 παραπλησίας

303 2397 489 2464 priora
523 2395 724 2451 saecula
755 2393 810 2448 in
842 2393 1084 2449 hominis
1113 2393 1324 2459 habitu,
1353 2394 1420 2447 iis
1445 2393 1538 2462 qui
1564 2408 1688 2449 cum
1718 2392 1822 2447 Abr

2050 2401 2113 2452 ιῖν
2138 2398 2358 2468 σαρκὸς,
2389 2396 2644 2468 αἴσχιστα
2673 2397 2956 2450 πείσεσθαι
2992 2399 3305 2469 προείρητο·
3333 2399 3438 2470 ὁδῷ
3470 2403 3569 2455 καὶ

303 2488 450 2554 ham,
473 2486 564 2552 iis,
587 2487 832 2556 inquam,
859 2485 952 2556 qui
977 2500 1099 2539 cum
1123 2486 1242 2553 ipso
1263 2485 1356 2537 illo
1375 2485 1620 2555 principe
1642 2486 1822 2555 gentiu

2050 2488 2132 2555 ηξει
2158 2492 2514 2562 προχωρῆσαι
2544 2489 2609 2542 ἂν
2633 2492 2764 2561 ἡμῖν
2793 2492 2820 2543 ὁ
2845 2490 3001 2559 λόγος
3028 2490 3281 2561 μέλλουσι
3305 2492 3405 2556 τὰς
3435 2496 3569 2565 περὶ

303 2577 447 2648 apud
475 2577 568 2632 Dei
611 2576 820 2633 amicos
856 2583 1142 2645 tantopere
1170 2576 1445 2630 celebrato
1474 2576 1679 2639 vixere,
1716 2591 1819 2645 app

2054 2581 2146 2634 τοῦ
2201 2581 2546 2653 προφητικὰς
2589 2583 2898 2637 ἐκτίθεσθαι
2950 2586 3273 2656 μαρτυρίας,
3318 2589 3366 2639 εἰ
3408 2587 3473 2658 δὴ
3506 2590 3567 2641 ἐν

304 2671 436 2725 ruit.
471 2668 575 2736 Qui
609 2677 723 2724 tum
759 2684 954 2723 rursus
1003 2666 1148 2738 apud
1204 2666 1455 2723 homines
1494 2667 1757 2722 visendus
1788 2683 1823 2722 e‘

2050 2671 2241 2735 νώτοις,
2275 2672 2418 2726 κατὰ
2447 2673 2518 2725 τά
2537 2674 2940 2746 ἐπηγγελμένα,
2969 2677 3029 2728 τὸ
3053 2677 3266 2747 πρῶτον
3291 2677 3569 2742 ἐξετάσαι-

303 2761 673 2831 spectabatur,
700 2767 754 2815 et
783 2759 1008 2830 quijam
1043 2767 1168 2813 ante
1200 2772 1298 2828 per
1331 2757 1569 2812 hominis
1599 2767 1803 2822 ortum,

2050 2779 2105 2825 ν,
2129 2763 2222 2815 καὶ
2241 2762 2338 2834 τὴν
2360 2764 2416 2816 ἐν
2437 2767 2551 2827 τοῖς
2574 2765 2926 2834 Εὺαγγελίοις
2949 2770 3077 2839 περὶ
3097 2768 3261 2821 αὑτοῦ
3289 2769 3569 2841 θεολογίαν

301 2857 493 2906 nostro
523 2850 772 2920 corporis
816 2849 995 2903 simile
1028 2863 1254 2917 corpus,
1298 2848 1481 2902 omnia
1523 2848 1723 2918 probra
1752 2864 1816 2918 pa

2050 2853 2089 2906 τὸ
2120 2853 2221 2924 τῆς
2249 2855 2485 2919 παλαιᾶς
2511 2856 2604 2908 καὶ
2633 2859 2978 2930 προφητικῆς
3018 2860 3323 2932 μαρτυρίας
3362 2861 3569 2915 πιστώ-

275 2958 468 2999 surus
511 2942 814 2998 dicebatur.
868 2942 1060 3010 Itaque
1106 2940 1270 2995 nobis
1316 2938 1384 2994 de
1429 2939 1522 2993 illo
1563 2941 1794 3010 prophet

2046 2959 2199 3013 ιιμεν.
2245 2945 2564 3012 Ἀναγκαῖον
2587 2947 2644 3000 δὲ
2670 2949 3177 3018 προεπισκέψασθαι
3214 2951 3394 3014 ὁποῖός
3429 2969 3565 3006 ποτε

302 3035 638 3105 exposituris
692 3033 1023 3097 testimonia,
1071 3040 1220 3085 recta
1254 3031 1363 3098 via,
1398 3038 1660 3102 rectoque
1685 3031 1821 3085 ordit

2023 3046 2048 3082 ν
2087 3033 2116 3084 6
2148 3031 2348 3102 τρόπος
2372 3034 2471 3103 τῆς
2508 3034 2636 3104 παρ’
2683 3035 2950 3106 Ἑϐραίοις
2982 3037 3090 3091 τῶν
3119 3039 3411 3109 προφητῶν
3450 3039 3542 3093 Geo

303 3125 561 3197 procedet
589 3126 788 3189 oratio,
813 3124 860 3179 si
889 3124 1002 3194 jam
1037 3138 1185 3177 nunc
1208 3124 1261 3177 in
1289 3123 1499 3192 primis,
1528 3123 1816 3193 quemaan

2017 3121 2203 3192 ηψίας,
2245 3123 2376 3195 παρ’
2407 3117 2483 3178 ὧν
2521 3127 2617 3179 καὶ
2647 3125 2716 3179 τὰ
2759 3128 3211 3200 προηγορευμένα
3252 3146 3535 3201 προπεπαι

302 3221 432 3275 dum
451 3233 574 3288 quae
593 3216 865 3287 promissa
892 3222 1042 3282 sunt,
1073 3214 1372 3285 postulant,
1395 3213 1448 3267 id
1467 3215 1612 3284 quod
1639 3215 1882 3284 primum
1987 3213 2246 3286 δεύμεθα.

303 3321 409 3379 est,
441 3311 811 3381 exploremus,
849 3317 904 3364 et
927 3325 1049 3380 quae
1074 3311 1127 3363 in
1164 3309 1473 3380 Evangeliis
1493 3308 1562 3364 de
1614 3310 1708 3365 illo
1757 3318 1935 3367 exstat
1971 3309 2266 3381 theologia,
2321 3309 2462 3366 hanc
2494 3326 2526 3366 a
2559 3320 2802 3368 veterum
2833 3313 3222 3384 prophetarum
3255 3316 3574 3371 testimonio

299 3403 741 3474 comprobemus.
795 3401 902 3458 Sed
933 3411 1058 3460 ante
1099 3419 1324 3460 necesse
1369 3411 1453 3459 est
1496 3405 1870 3474 considerare,
1910 3407 2166 3477 quisnam
2209 3405 2375 3461 fuerit
2426 3409 2643 3474 modus,
2679 3424 2788 3479 quo
2821 3409 3096 3479 propheta;
3145 3412 3287 3480 apud
3310 3410 3579 3469 Hebraeos

302 3496 399 3551 Dei
426 3495 631 3568 Spiritu
659 3497 1036 3568 implerentur,
1066 3512 1097 3551 a
1126 3498 1326 3568 quibus
1353 3499 1543 3568 utique
1575 3499 1741 3553 etiam
1773 3515 1892 3568 quae
1927 3502 2188 3572 pradicta
2216 3508 2368 3568 sunt,
2403 3501 2636 3556 antehac
2667 3501 2847 3556 edocti
2884 3517 3100 3558 sumus.

303 3591 566 3676 Quisnam
587 3592 774 3676 modus
802 3591 985 3676 fuerit,
1009 3609 1110 3664 quo
1134 3591 1274 3676 apud
1308 3591 1575 3676 Hebrteos
1593 3593 1822 3676 prophett

2054 3597 2092 3662 ’ς
2117 3599 2158 3676 ῥ
2190 3598 2418 3676 τρόπος
2445 3592 2528 3676 ﬁt:
2559 3595 2687 3651 καθ’
2720 3595 2882 3676 οὶ
2919 3596 3057 3663 παρ’
3106 3596 3390 3676 ’ρὸξραίοές
3420 3611 3573 3676 apo;

373 3664 534 3717 simul
557 3673 620 3737 et
651 3679 767 3737 quia
794 3663 978 3737 futura
1014 3674 1185 3737 essent
1217 3663 1497 3729 canebant,
1527 3673 1576 3718 et
1601 3665 1771 3718 solum
1801 3682 1881 3720 ve-

2058 3663 2240 3736 φῆταὶ
2273 3666 2422 3737 ὁμοῦ
2460 3663 2533 3719 τά
2569 3682 2633 3737 τε
2658 3665 2966 3734 μέλλοντα
2987 3665 3432 3737 προεθέσπιζον,
3469 3664 3577 3722 καὶ

374 3750 491 3787 ram
526 3733 844 3804 theologiam
880 3734 1246 3789 illustrabant.

2059 3733 2174 3806 τὴν
2201 3733 2398 3806 μόιλην
2435 3735 2632 3805 ἀληθῆ
2662 3733 2987 3806 θεολογίαν
3020 3735 3316 3805 ἐφώτιζεν.

374 3823 522 3879 Loca
565 3827 621 3880 in
670 3826 873 3895 quibus
905 3835 960 3880 et
991 3825 1253 3879 vaticinia
1297 3832 1352 3881 et
1393 3826 1614 3880 oracula
1669 3826 1882 3896 accipe-

2058 3831 2299 3882 Μαντεία
2350 3830 2444 3882 καὶ
2489 3831 2796 3899 χρηστήρια
2844 3828 3148 3898 πανταχόσε
3174 3828 3275 3895 γῆς
3307 3826 3574 3896 Ἕλληνες

305 3926 451 3986 rent,
507 3919 564 3972 in
614 3919 748 3974 orbe
795 3927 1065 3973 terrarum
1126 3918 1330 3987 passim
1387 3917 1638 3973 instituta
1693 3917 1824 3972 fuiss

2055 3921 2081 3973 λ
2111 3921 2375 3992 βάρϐαροι
2415 3920 2812 3990 μνημονεύουσι
2851 3920 3130 3989 συστῆναι.
3164 3917 3348 3969 Ταῦτα
3375 3916 3432 3968 δέ
3467 3933 3574 3986 φα-

312 4017 422 4062 tam
459 4007 632 4063 Graeci
667 4021 832 4078 quam
886 4007 1107 4062 barbari
1156 4006 1503 4077 profitentur.
1555 4006 1726 4061 Porro
1771 4007 1831 4060 ha

2058 4029 2077 4064 ν
2127 4014 2191 4064 ἐκ
2240 4010 2493 4082 προνοίας
2540 4009 2634 4063 τοῦ
2686 4008 3031 4080 Δημιουργοιῖ
3084 4009 3178 4060 ἐπὶ
3237 4007 3431 4080 χρῆσιν
3475 4008 3577 4060 καὶ

313 4105 490 4170 aiunt,
525 4103 869 4174 providentia
909 4103 1083 4173 ipsius
1109 4101 1356 4174 Opilieis,
1403 4101 1471 4155 ad
1515 4117 1674 4156 usum
1723 4109 1832 4170 alqt

2058 4103 2256 4172 ρὲλειαν
2294 4103 2404 4156 τῶν
2453 4101 2753 4174 ἀνθρώπων
2804 4099 3240 4171 καταδειχθῆναιο
3279 4099 3355 4162 ὡς
3400 4098 3577 4170 μηδὲν

311 4198 602 4252 utilitatem
641 4196 926 4251 hominum
969 4195 1182 4265 prodita
1215 4210 1340 4250 esse
1371 4202 1423 4248 et
1456 4208 1741 4248 concessa.
1779 4197 1830 4246 lt;

2056 4214 2128 4249 θαι
2177 4195 2237 4248 τὸ
2288 4194 2543 4266 διαφέρον
2593 4194 2702 4246 τῶν
2758 4195 2885 4265 παρ’
2952 4193 3222 4264 Ἑϐραίοις
3275 4189 3575 4264 προφητῶν

305 4305 414 4362 que
462 4289 741 4360 prophetis
784 4287 1135 4342 Hebraeorum
1161 4287 1299 4340 nihil
1340 4285 1697 4340 excellentius
1725 4285 1824 4355 20

2056 4287 2129 4351 >δς
2178 4287 2245 4340 τά
2296 4287 2402 4340 τῶν
2451 4285 2652 4339 λοιπῶν
2699 4285 2866 4339 ἐθνῶν
2921 4288 3247 4357 χρηστήρια.
3322 4286 3408 4347 Ὠς
3461 4283 3575 4352 γὰρ

303 4381 604 4453 contigisse
669 4394 835 4450 quam
908 4377 1243 4448 reliquarum
1315 4375 1557 4447 gentium
1623 4378 1822 4431 oraculi

2059 4378 2272 4452 .6paiou;
2303 4377 2391 4432 διὰ
2417 4378 2522 4432 τῶν
2558 4377 2774 4430 τοιῶνδε
2803 4376 3117 4448 προφητῶν,
3155 4374 3299 4429 οὓτω
3331 4375 3428 4428 καὶ
3457 4378 3578 4438 τοῖς

304 4473 377 4529 Ut
409 4475 554 4530 enim
589 4471 833 4528 Hebraeis
865 4487 962 4541 per
1005 4469 1278 4540 ejusmodi
1320 4469 1644 4540 prophetas,
1689 4469 1768 4524 sic
1799 4484 1823 4520 r

2058 4473 2172 4536 ,λοις
2203 4472 2378 4526 ἔθνεσι
2411 4470 2499 4524 διὰ
2529 4471 2638 4523 τῶν
2677 4469 2817 4523 κατὰ
2855 4471 3019 4522 τόπον
3053 4469 3320 4540 μαντειῶν
3353 4469 3445 4521 τὸν
3477 4470 3577 4520 ἐπὶ

305 4566 471 4636 liquis
521 4565 776 4636 gentibus
823 4578 920 4634 per
970 4561 1311 4617 diversorum
1363 4561 1606 4615 locorum
1641 4559 1824 4614 oracul

2053 4565 2210 4618 ἱντων
2246 4562 2377 4616 Θεὸν
2414 4563 2571 4633 χρᾷν,
2605 4561 2697 4614 καὶ
2723 4560 2790 4614 τά
2821 4560 3168 4631 συμφέροντα
3197 4559 3572 4612 ὑποτίθεσθαι.

307 4671 625 4728 supremum
656 4654 829 4710 Deum
868 4653 1228 4724 respondere,
1259 4661 1314 4707 et
1350 4651 1722 4707 conducibilia
1771 4667 1822 4704 m

2057 4653 2222 4728 ὴγάρ
2260 4653 2522 4706 Ἰουδαίων
2559 4652 2717 4722 μόνον
2766 4646 2904 4705 εἷναι
2945 4652 3099 4718 Θεὸν,
3142 4650 3279 4704 ἀλλά
3323 4651 3419 4702 καὶ
3464 4650 3576 4702 τῶν

307 4765 440 4806 nere
482 4748 726 4804 solitum.
777 4746 898 4801 Non
941 4749 1085 4802 enim
1147 4745 1527 4800 tantummodo
1575 4741 1826 4799 Judaeoru

2059 4747 2193 4799 ιπῶν
2231 4745 2490 4799 ἁπάντων
2527 4742 2860 4815 ἀνθρώπων
2902 4745 2997 4796 καὶ
3024 4743 3082 4795 οὐ
3116 4743 3316 4812 μᾶλλον
3344 4742 3577 4794 ἐκείνων

306 4858 450 4911 esse,
510 4843 608 4897 sed
661 4841 997 4911 reliquorum
1052 4855 1268 4909 quoque
1311 4839 1555 4894 omnium
1605 4837 1825 4892 hominu

2058 4838 2243 4891 τούτων
2264 4837 2537 4909 κήδεσθαι·
2566 4837 2782 4890 πάντων
2802 4835 2845 4888 δ’
2863 4835 2922 4899 ἐξ
2939 4834 3050 4887 ἴσου
3074 4837 3340 4908 προνοεῖν,
3354 4834 3577 4903 ὠσπερ-

308 4933 503 4998 Deum,
534 4949 710 5004 neque
742 4932 843 4987 hos
872 4932 1046 5002 magis
1069 4947 1232 5001 quam
1251 4932 1375 4986 illos
1406 4945 1622 4998 curare,
1646 4928 1742 4985 sed
1772 4944 1827 4984 or

2055 4947 2083 4983 ν
2107 4930 2202 4984 xui.
2221 4930 2370 5000 ἥλιον
2397 4929 2643 4998 ἀφθόνως
2674 4931 2784 4991 τοῖς
2813 4929 2946 4980 πᾶσι
2974 4925 3329 4998 δεδωρῆσθαι,
3370 4924 3485 4978 ἀλλ’
3508 4927 3573 4978 οὐ

309 5028 473 5082 nibus
505 5041 659 5095 aeque
687 5023 996 5094 providere.
1036 5023 1128 5078 Sic
1149 5024 1295 5078 enim
1332 5039 1401 5078 ne
1450 5023 1620 5078 solem
1668 5021 1828 5092 quide

2055 5023 2177 5088 ἱνοις
2218 5022 2507 5095 Ἑϐραίοις,
2547 5021 2641 5075 καὶ
2682 5020 2780 5085 τὰς
2821 5019 3067 5092 ἐτησίους
3095 5019 3207 5072 τῶν
3249 5018 3574 5089 ἐπιτηδείων

310 5133 472 5173 suum
506 5115 752 5172 invidere
798 5114 1076 5185 cuiquam,
1119 5114 1215 5170 sed
1251 5114 1507 5169 omnibus
1537 5113 1753 5168 abunde
1782 5112 1829 5166 la

2053 5114 2276 5187 ρηγίας,
2306 5113 2570 5185 σωμάτων
2591 5129 2649 5166 τε
2675 5115 2787 5175 τοῖς
2820 5113 2954 5165 πᾶσι
2987 5111 3333 5182 κατασκευήν
3355 5110 3572 5180 ὁμοίαν,

307 5207 438 5278 giri,
468 5221 578 5261 non
611 5205 854 5261 Hebraeis
876 5205 1034 5268 solis,
1071 5220 1395 5274 annuosque
1422 5219 1606 5259 rerum
1635 5217 1825 5257 necess

2058 5225 2090 5260 α
2109 5225 2168 5260 τε
2193 5206 2462 5275 γενέσεως
2487 5207 2598 5268 τοῖς
2626 5207 2758 5258 πᾶσι
2783 5205 3003 5274 τρόπον,
3038 5203 3132 5256 καὶ
3161 5201 3321 5272 φύσιν
3350 5201 3577 5271 λογικῆς

308 5303 519 5354 riarum
548 5307 847 5369 proventus
901 5297 1274 5369 suppeditare,
1307 5305 1472 5368 atque
1514 5296 1769 5351 omnibus
1811 5311 1827 5350 ε

2058 5297 2172 5367 ιχῆς
2202 5297 2347 5366 μίαν.
2380 5295 2536 5348 Οὕτω
2562 5295 2618 5348 δέ
2641 5295 2851 5365 καὶτῆς
2870 5295 2976 5348 τῶν
3002 5293 3302 5365 μελλόντων
3327 5291 3577 5364 προγνώ-

307 5393 436 5446 mile
475 5405 674 5460 corpus
704 5399 1042 5454 construere,
1067 5404 1344 5459 unumque
1375 5387 1637 5442 nascendi
1666 5383 1826 5440 modu

2060 5405 2135 5450 ως
2159 5387 2258 5458 τὴν
2284 5387 2590 5457 ἐπιστήμην
2621 5387 2784 5439 πᾶσιν
2827 5383 3134 5456 ἀνθρώποις
3171 5381 3421 5451 ἀφθόνως
3437 5395 3576 5449 παρ-

309 5481 586 5549 omnibus,
637 5497 801 5536 unam
849 5482 1104 5536 omnibus
1165 5482 1359 5534 animae
1403 5478 1688 5534 rationalis
1733 5484 1828 5532 nat

2054 5492 2161 5545 χειν,
2194 5477 2306 5537 τοῖς
2351 5474 2449 5546 μὲν
2487 5474 2576 5526 διὰ
2617 5473 2912 5545 προφητῶν
2955 5471 3182 5543 ἀνδρῶν,
3223 5473 3340 5534 τοῖς
3376 5471 3435 5524 δέ
3489 5469 3573 5522 διὰ

308 5590 446 5629 ram.
483 5571 672 5643 Itaque
713 5573 902 5629 eadem
943 5571 1513 5644 ratione-providendi
1548 5585 1766 5642 quoque
1793 5583 1824 5622 c

2029 5568 2359 5639 ρηστηρίων,
2395 5571 2506 5631 τοῖς
2531 5568 2585 5620 δὲ
2611 5567 2700 5620 διὰ
2731 5566 2958 5639 ὀρνίθων
2993 5568 3273 5637 πτήσεως,
3309 5564 3343 5633 ἢ
3373 5564 3460 5616 διὰ
3485 5562 3546 5615 θυ

307 5668 716 5740 gnoscendique
737 5665 920 5721 futura
944 5667 1253 5731 scientiam,
1281 5665 1536 5719 omnibus
1570 5662 1826 5718 hominibi

2048 5661 2164 5731 κῆς,
2195 5659 2228 5731 ἦ
2267 5659 2332 5711 δι’
2365 5660 2838 5730 ὀνειροπομπείας,
2870 5659 2902 5732 ἢ
2937 5657 3025 5710 διά
3056 5656 3347 5728 κλῃδόνων,
3374 5656 3408 5726 ἢ
3442 5654 3567 5707 παλ-

308 5752 524 5816 abunde
548 5759 814 5826 subicere,
851 5760 972 5818 aliis
1010 5758 1227 5832 quidem
1257 5773 1355 5828 per
1377 5758 1524 5814 viros
1555 5755 1827 5828 propheta:

2053 5752 2129 5818 ὒν,
2175 5753 2208 5823 ή
2254 5769 2415 5806 τινων
2461 5751 2663 5823 ἐτέρων
2705 5750 3009 5823 συμϐόλων·
3055 5748 3228 5802 ταῦτα
3264 5747 3375 5818 γάρ
3407 5761 3572 5816 φασιν
