3846 6218
303 345 410 403 337

1197 313 1857 382 DEMONSTBATIONIS
1892 308 2354 367 EVANGELICJE
2393 310 2522 367 LIB.
2555 312 2622 368 Υ.
2662 367 2672 376 ,

3465 320 3570 376 358

301 459 614 535 ἀνθρώποις
638 458 706 510 ἐκ
725 454 828 524 τῆς
857 450 952 505 τοῦ
981 447 1116 503 Θεοῦ
1145 443 1402 518 προνοίας
1433 433 1792 510 δεδωρῆσθαι,
1815 431 1890 494 ὡς

1993 429 2117 485 aliis
2163 445 2297 486 vero
2345 445 2443 502 per
2493 430 2844 488 oraculorum
2901 449 3188 506 responsa,
3214 449 3270 495 et
3311 440 3436 498 aliis
3473 459 3570 512 per

304 531 474 630 μηδεν
515 553 678 608 πλέον
723 549 868 621 ἔχειν
901 546 1077 598 δοκεῖν
1111 542 1236 604 τοὺς
1285 535 1552 609 Ἐϐραίων
1579 531 1884 630 προφῆτα-ς.

298 623 556 710 ῖΐοιοῦτος
580 642 680 715 μὲν
698 637 791 694 οῦν
810 642 838 693 ὁ
861 655 936 691 πα
945 638 992 710 ρ’
1014 634 1237 689 ἐκείνων
1258 631 1434 700 λόγος·
1459 631 1488 682 ό
1502 628 1559 682 δὲ
1579 627 1708 698 παρ’
1731 626 1764 695 ἡ
1772 623 1888 695 μῶν

299 733 405 794 ὧδέ
441 755 559 801 πως
589 735 775 796 αὐτοῖς
806 731 1201 801 ἀπαντήσεται.
1231 725 1295 778 Εἰ
1319 723 1419 795 μέν
1448 738 1532 784 τις
1559 718 1782 787 συνίστη
1804 716 1890 769 λόο

296 850 395 902 γος
421 830 580 893 θεοὺς
602 826 840 898 άληθῶς,
867 825 900 897 ἢ
922 823 1074 886 θείας
1099 821 1377 889 δυνάμεις,
1409 815 1443 887 ἢ
1468 814 1728 884 δαίμονας
1754 811 1889 879 ἀγα-

298 928 428 991 θοὺς
460 924 753 995 ἐφεστάναι
777 923 890 982 τοῖς
916 917 1027 970 τῶν
1053 913 1358 987 εἰρημένων
1401 906 1695 980 μαντείοις,
1721 905 1754 976 ἢ
1776 906 1888 968 tot;

296 1018 528 1080 οἰωνῶν,
566 1016 600 1086 ἢ
636 1017 750 1078 τοῖς
783 1012 990 1074 λοιποῖς
1025 1004 1560 1078 κατωνομασμένοις,
1585 996 1652 1072 ἦν
1682 999 1749 1054 ἂν
1782 996 1889 1068 χώ-

300 1129 403 1185 ραν
434 1111 726 1178 ἀπονεῖμαι
756 1107 868 1168 τοῖς
905 1100 1238 1171 λεγομένοις,
1282 1097 1358 1159 ὡς
1403 1092 1500 1148 τοῦ
1545 1091 1639 1145 ἐπὶ
1671 1089 1887 1143 πάντων

295 1181 434 1259 Θεοῦ
465 1204 698 1256 κάκεῖνα
719 1200 834 1260 τοῖς
862 1193 1168 1268 χρωμένοις
1190 1191 1275 1243 ἐπ’
1307 1185 1547 1257 ὠφελείᾳ
1571 1181 1885 1256 δεδωρημὲ-

292 1313 408 1351 νουο
441 1298 489 1348 εἰ
523 1294 580 1348 δὲ
614 1291 883 1346 ὲντελέσιν
921 1284 1228 1349 ἀποδείξεσι
1269 1281 1364 1336 καὶ
1391 1279 1570 1334 αὐτῶν
1624 1275 1887 1346 Ἐλλήνων

291 1387 612 1460 ὁμολογίαις
649 1383 752 1456 ἤδη
795 1380 1059 1454 πρότερον
1092 1376 1355 1447 δαίμονας
1384 1373 1583 1434 αὐτοὺς
1607 1364 1766 1431 εἶναι,
1794 1365 1888 1418 καὶ

290 1459 402 1537 οῦδ’
424 1481 685 1550 ἀγαθοὺς,
712 1477 893 1546 πάσης
913 1473 970 1526 δὲ
994 1470 1199 1543 βλάὸης
1218 1467 1312 1522 καὶ
1339 1463 1639 1542 μοχθηρίας
1659 1459 1884 1522 αἰτίους,

291 1575 415 1638 πῶς
454 1549 522 1628 άν
553 1571 803 1626 δύναιντο
839 1566 975 1621 Θεοῦ
1011 1561 1150 1619 εἶναι
1191 1561 1500 1634 προφῆται;
1544 1554 1786 1616 Φαύλους
1828 1549 1887 1602 δὲ

290 1665 495 1728 αὐτοὺς
525 1665 554 1717 6
581 1663 740 1730 λόγος
769 1659 1020 1732 ἐφώρασε
1051 1655 1142 1709 διὰ
1162 1654 1260 1725 τῆς
1293 1644 1707 1721 Εὐαγγελικῆς
1730 1647 1885 1712 Προ-

290 1754 691 1827 παρασκευῆς
719 1753 784 1806 ἐκ
810 1769 872 1806 τε
891 1751 998 1822 τῆς
1021 1748 1198 1802 πάλαι
1219 1744 1362 1800 κατὰ
1393 1743 1572 1797 πάντα
1603 1740 1768 1794 τόπον
1794 1737 1887 1791 καὶ

290 1852 450 1905 πόλιν
492 1848 589 1902 καὶ
627 1845 812 1917 χώραν
851 1840 1280 1912 συντελουμένης
1311 1837 1496 1899 αὐτοῖς
1527 1830 1881 1912 ἀνθρωποθυ-

291 1944 437 2007 σίας,
471 1941 537 1996 ἒκ
574 1957 636 1995 τε
679 1933 754 1994 ὧν
785 1937 1014 2007 ἡπάτων
1044 1935 1172 1998 τοὺς
1211 1930 1532 2005 ἐρωτῶντας
1567 1924 1760 1996 ἀγνοίᾳ
1787 1923 1882 1977 τοῦ

294 2035 607 2106 μέλλοντος,
641 2031 708 2086 ἐκ
742 2047 804 2085 τε
842 2023 920 2084 ὧν
969 2027 1256 2100 ἡλίσκοντο
1318 2022 1487 2094 μυρία
1541 2018 1882 2090 ψευδόμενοι,

284 2128 413 2182 τοτὲ
436 2125 538 2198 μὲν
565 2126 632 2179 ὲκ
658 2122 752 2177 τοῦ
785 2119 1116 2195 προφανοῦς,
1138 2117 1262 2180 τοτὲ
1287 2117 1344 2170 δὲ
1373 2114 1460 2168 διὰ
1487 2113 1588 2184 τῆς
1609 2112 1719 2166 τῶν
1747 2127 1884 2182 χρη·

289 2219 448 2290 σμῶν
482 2215 836 2288 ἀμφιϐολίας,
879 2213 946 2266 δι3
983 2207 1053 2284 ἧς
1089 2210 1218 2274 τοὺς
1256 2207 1578 2280 πρόσφυγας
1609 2201 1882 2265 πλείστοις

286 2309 613 2371 πλειστάκις
637 2303 1058 2378 περιϐάλλοντες
1098 2303 1290 2363 κακοῖς
1312 2296 1755 2367 άπηλέγχθησανο
1789 2294 1882 2348 καὶ

284 2402 413 2460 ἐπεὶ
434 2398 901 2472 προαπεδείκνυτο
936 2395 1130 2466 μιαρὸν
1151 2391 1330 2447 αὐτῶν
1356 2391 1451 2444 καὶ
1480 2389 1789 2459 ἀκάθαρτον
1821 2385 1882 2439 τὸ

286 2495 480 2565 φῦλον,
517 2495 584 2546 ὲκ
613 2491 710 2546 τοῦ
747 2489 958 2562 χαίρειν
994 2488 1248 2558 αἰσχραῖς
1280 2484 1374 2538 καὶ
1406 2482 1724 2544 ἀκολάστοις
1752 2480 1882 2552 περί

287 2587 473 2652 αὐτῶν
509 2583 833 2654 λεγομέναις
878 2579 1063 2651 ᾠδαῖς,
1117 2577 1211 2631 καί
1236 2576 1447 2648 ὕμνοις,
1495 2575 1590 2628 καὶ⁹
1633 2573 1881 2644 μυθικοῖς

285 2684 648 2756 διηγήμασιν,
688 2678 952 2748 ἱστορίαις
977 2693 1038 2729 τε
1076 2674 1334 2744 ἁσέμνοις
1372 2673 1468 2725 καὶ
1505 2669 1876 2733 ὲπιϐλαὸέσιν,

287 2778 356 2840 ἃς
393 2776 491 2830 καὶ
537 2774 660 2828 κατ’
691 2772 871 2827 αὐτῶν
915 2769 1230 2842 κυροῦντες,
1283 2767 1378 2820 καὶ
1420 2764 1497 2828 ὡς
1541 2763 1760 2834 ἀληθεῖς
1791 2761 1881 2832 βε-

291 2869 579 2930 ϐαιοῦντες
613 2867 830 2937 ἣλωσαν
849 2881 866 2894 ο
909 2864 1006 2917 καὶ
1035 2861 1188 2924 τέλος
1219 2859 1474 2914 ἁπάντων
1517 2857 1738 2928 ἔλεγχος
1778 2855 1880 2926 τῆς

291 2961 560 3036 ἀδρανοῦς
588 2959 767 3014 αὐτῶν
797 2957 1012 3028 φύσεως
1038 2952 1108 3028 ἦν
1143 2955 1205 3008 τὸ
1239 2953 1531 3023 σϐεσθῆναι
1559 2952 1652 3004 καὶ
1686 2950 1878 3022 μηκέθ’

288 3056 496 3128 ὁμοίως
519 3055 680 3127 χρᾷψ
703 3052 800 3107 καὶ
822 3050 1110 3121 σϐεσθῆναι
1135 3047 1209 3122 μὴ
1231 3046 1468 3117 ἀλλοτεῆ
1495 3044 1604 3099 ἀπὸ
1625 3045 1733 3098 τῶν
1760 3043 1880 3115 χρό-

1990 525 2171 578 avium
2201 525 2416 580 volatus
2454 532 2550 580 aut
2589 540 2686 596 per
2707 525 2956 582 extorum
2987 529 3046 584 in
3073 532 3357 592 sacriﬁciis
3386 537 3566 608 inspe-

1989 619 2248 680 ctionem,
2287 625 2383 672 aut
2416 635 2512 690 per
2539 621 2880 677 somniorum
2931 624 3323 696 immissiones,
3346 639 3440 685 aut
3475 647 3570 702 per

1989 725 2052 765 ea
2085 726 2207 780 quae
2239 710 2520 778 dicuntur,
2551 715 2757 783 omnia,
2790 727 2884 771 aut
2924 734 3020 788 per
3066 723 3459 779 concussiones
3507 740 3568 780 ac

1988 810 2276 867 tremores,
2305 811 2401 858 aut
2428 820 2526 874 per
2545 806 2651 860 alia
2675 808 2923 878 quaedam
2959 811 3079 880 ejus
3110 813 3328 882 generis
3367 815 3524 887 signa
3551 835 3567 873 :

1989 895 2107 951 haec
2130 897 2275 952 enim
2306 897 2461 953 aiunt
2492 897 2840 956 Providentia
2873 902 3056 958 divina
3083 907 3297 964 cunctis
3325 907 3570 964 homini-

1990 988 2094 1045 bus
2116 1005 2240 1045 esse
2263 989 2488 1056 donata,
2518 991 2704 1064 itaque
2730 995 2866 1049 nihil
2898 996 3135 1067 amplius
3171 998 3374 1055 habere
3394 999 3569 1056 videri

1990 1081 2341 1138 Hebraeorum
2367 1085 2660 1156 pr0phetas
2689 1103 2702 1139 :
2728 1086 2846 1143 haec
2873 1103 3006 1146 sane
3026 1089 3242 1146 illorum
3276 1102 3361 1148 est
3387 1093 3529 1149 ratio
3553 1111 3566 1145 :

1988 1187 2090 1228 nos
2115 1188 2244 1228 vero
2278 1173 2425 1229 illius
2453 1175 2534 1230 sic
2567 1176 2782 1232 obviam
2818 1178 2947 1233 ituri
2970 1195 3182 1236 sumus.
3221 1182 3278 1236 Si
3308 1185 3418 1238 ulla
3449 1184 3574 1254 qui-

1988 1265 2111 1322 dem
2144 1267 2290 1322 ratio
2323 1268 2624 1336 convincit,
2657 1286 2715 1326 re
2739 1287 2868 1326 vera
2891 1274 3045 1338 deos,
3082 1291 3178 1330 seu
3218 1275 3434 1332 divinas
3469 1293 3570 1348 po-

1989 1365 2239 1425 testates,
2286 1361 2401 1417 sive
2448 1363 2624 1419 bonos
2657 1364 2872 1436 aliquos
2907 1365 3181 1422 daemones
3217 1384 3450 1438 praeesse
3477 1385 3572 1425 eo-

1988 1469 2133 1519 rum,
2166 1453 2235 1510 de
2274 1455 2475 1526 quibus
2501 1457 2707 1511 dictum
2742 1466 2848 1523 est,
2891 1461 3146 1526 oraculis,
3172 1461 3256 1517 vel
3298 1461 3567 1533 auguriis,

1988 1547 2074 1602 vel
2107 1549 2319 1605 caateris
2340 1565 2460 1620 quae
2486 1560 2643 1606 antea
2667 1550 2907 1607 diximus
2938 1571 2950 1608 :
2980 1568 3275 1624 possumus
3305 1570 3438 1612 sane
3465 1556 3572 1610 ali-

1987 1654 2150 1710 quem
2191 1640 2372 1696 locum
2391 1642 2510 1697 illis
2537 1642 2802 1708 tribuere,
2833 1651 3095 1716 tanquam
3120 1645 3215 1701 illo
3237 1662 3455 1718 quoque
3480 1662 3572 1703 su-

1989 1746 2215 1802 premus
2246 1731 2396 1789 Deus
2421 1734 2489 1790 iis
2515 1735 2609 1806 qui
2647 1735 2778 1789 talia
2806 1742 3094 1808 usurpent,
3124 1737 3355 1810 largitus
3384 1738 3489 1808 sit;
3523 1739 3572 1798 si

1991 1839 2120 1880 vero
2152 1824 2410 1896 perfectis
2441 1827 3026 1893 demonstrationibus,
3050 1836 3105 1885 et
3143 1830 3393 1902 ipsorum
3422 1830 3572 1889 Grae-

1989 1934 2180 1974 corum
2229 1918 2694 1988 confessionibus,
2727 1923 2841 1992 jam
2889 1930 3071 1986 antea,
3121 1925 3400 1982 daemones
3449 1943 3572 1985 esse

1990 2027 2098 2068 non
2135 2011 2258 2068 illos
2283 2012 2501 2083 quidem
2525 2013 2724 2079 bonos,
2751 2014 2845 2070 sed
2874 2016 3056 2071 omnis
3089 2017 3351 2088 perniciei
3378 2021 3572 2091 nequi-

1990 2105 2187 2176 tiaeque
2223 2115 2482 2164 auctores
2504 2108 2871 2179 convicimus,
2909 2111 3003 2181 qui
3033 2109 3150 2166 ﬁeri
3177 2117 3357 2182 potest
3387 2120 3448 2167 ut
3475 2111 3570 2168 Dei

1987 2199 2270 2271 prophetae
2310 2200 2652 2256 habeantur?
2684 2201 2897 2261 Etenim
2929 2203 3054 2260 illos
3091 2220 3214 2260 esse
3253 2205 3429 2261 malos
3476 2220 3571 2276 per

1989 2292 2369 2365 Evangelicam
2397 2293 2860 2366 Prwparationem
2911 2299 3054 2352 ratio
3087 2297 3468 2368 deprehendit,
3504 2315 3570 2354 ex

1987 2401 2053 2441 eo
2083 2402 2218 2443 sane
2240 2388 2385 2458 quod
2429 2389 2630 2459 priscis
2679 2391 3024 2461 temporibus
3064 2392 3120 2446 in
3151 2392 3304 2447 omni
3349 2393 3494 2460 loco,
3519 2403 3571 2448 et

1987 2478 2210 2536 civitate
2241 2495 2306 2535 ac
2334 2481 2579 2552 regione,
2608 2481 2862 2537 humanae
2900 2482 3010 2538 illis
3039 2482 3274 2538 victimae
3296 2483 3570 2539 sacriﬁca-

1986 2578 2219 2640 rentur;
2258 2572 2388 2629 item
2421 2589 2487 2630 ex
2521 2589 2588 2629 eo
2613 2575 2759 2644 quod
2798 2590 2985 2630 rerum
3016 2574 3328 2631 futurarum
3359 2577 3572 2648 ignoraa

1986 2665 2136 2720 tione
2171 2667 2520 2723 sciscitantes
2552 2668 2888 2738 deciperent,
2921 2677 2976 2724 et
3004 2668 3152 2740 quod
3194 2669 3250 2725 in
3281 2669 3571 2728 mendacio

1985 2756 2186 2814 millies
2230 2772 2296 2813 ac
2339 2759 2541 2816 millies
2598 2759 2926 2830 deprehensi
2959 2762 3087 2828 sint,
3137 2765 3300 2817 modo
3347 2763 3569 2834 quidem

1986 2861 2173 2924 aperte
2217 2865 2282 2908 ac
2326 2853 2526 2923 palam,
2557 2853 2719 2908 modo
2765 2869 2896 2909 vero
2924 2854 3168 2925 ipsorum
3215 2857 3568 2912 oraculorum

1987 2949 2244 3019 ambiguo
2278 2963 2551 3013 sermone,
2591 2964 2689 3019 per
2727 2965 2888 3019 quem
2927 2963 3022 3003 eos
3051 2948 3144 3018 qui
3182 2948 3248 3003 ad
3293 2965 3352 3005 se
3381 2947 3569 3004 confu-

1985 3042 2216 3112 gissent,
2255 3041 2508 3111 plurimis
2547 3041 2852 3112 saepissime
2890 3043 3049 3098 malis
3079 3051 3241 3111 atque
3273 3043 3569 3098 incommo-

291 3166 400 3203 νων
439 3149 542 3219 τῆς
586 3145 911 3216 ἐπιφανείας
954 3143 1050 3197 τοῦ
1085 3141 1337 3212 Σωτῆρος
1379 3139 1536 3212 ἡμῶν
1579 3136 1753 3209 Ἰησοῦ
1784 3136 1878 3190 τοῦ

1987 3134 2070 3189 dis
2130 3133 2447 3197 involvisse,
2500 3134 2739 3190 convicti
2782 3141 2950 3189 sunt:
2984 3149 3200 3189 necnon
3247 3132 3395 3205 quod
3451 3134 3565 3204 jam

289 3239 552 3313 Χριστοῦ·
585 3238 644 3305 ἐξ
674 3231 736 3291 οὗ
772 3236 880 3310 γὰρ
913 3238 993 3300 εἰς
1025 3235 1206 3289 πάντα
1236 3233 1306 3286 τὰ
1346 3232 1472 3304 ἔθνη
1519 3230 1808 3302 διέδραμεν
1853 3231 1882 3283 6

286 3331 391 3402 τῆς
417 3329 782 3399 εὑαγγελικῆς
809 3324 1158 3388 διδασκαλίας
1188 3322 1350 3378 αὐτοῦ
1379 3323 1557 3391 λόγος,
1589 3320 1648 3388 ἐξ
1672 3321 1881 3374 ἐκείνου

288 3424 388 3483 καὶ
410 3423 479 3476 τά
500 3422 808 3494 χρηστήρια
828 3419 1055 3483 διέλιπε,
1079 3417 1173 3470 καὶ
1199 3415 1470 3487 δαιμόνων
1494 3414 1714 3468 θάνατοι
1741 3429 1882 3484 μνη-

294 3514 634 3587 μονεύονται.
657 3512 842 3566 Πάντα
860 3511 917 3564 δὲ
943 3505 1036 3563 οὖν
1065 3505 1133 3580 ἦν
1165 3507 1362 3571 ταῦτα,
1391 3505 1488 3558 καὶ
1513 3503 1647 3559 ἄλλα
1671 3501 1883 3564 τούτοις

290 3607 654 3680 παραπλήσια
686 3604 872 3676 μυρία,
905 3603 970 3655 δι’
1003 3595 1078 3656 ὧν
1108 3598 1338 3671 πονηροί¹
1368 3597 1621 3666 δαίμονες
1648 3594 1802 3660 ὅντες
1831 3596 1880 3647 oi

288 3699 422 3770 περὶ
449 3691 526 3750 ὧν
556 3698 585 3749 6
615 3695 773 3764 λόγος
795 3697 852 3747 ὲν
878 3695 990 3755 τοῖς
1015 3691 1114 3761 τῆς
1133 3685 1551 3758 Εὐαγγελικῆς
1576 3689 1884 3754 Προπαρα-

285 3789 526 3861 σκευῆς
555 3786 1002 3860 άπηλέγχθησαν.
1044 3784 1109 3837 Et
1138 3782 1202 3853 δὴ
1235 3775 1328 3834 οῦν
1355 3779 1550 3833 τοιοίδε
1576 3779 1720 3840 τινὲς
1747 3794 1882 3846 τυγ-

286 3887 538 3959 χάνουσι,
569 3884 655 3948 τίς
687 3884 830 3952 αἱρεῖ
856 3881 1014 3949 λόγος
1043 3876 1139 3931 τοῦ
1181 3876 1274 3930 ἐπὶ
1315 3873 1535 3929 πάντων
1566 3873 1700 3928 Θεοῦ
1745 3891 1880 3946 μαν-

284 3979 442 4044 τείας
467 3975 609 4030 είναι
641 3975 891 4047 ἡγεῖσθαι
931 3972 1001 4025 τὰ
1030 3972 1139 4026 τῶν
1163 3970 1431 4042 δαιμόνων
1457 3969 1805 4040 χρηστήρια;
1841 3967 1874 4037 ἢ

283 4075 404 4136 τοῖς
417 4069 514 4124 τοῦ
538 4068 672 4125 Θεοῦ
694 4069 1003 4140 προφήταις
1023 4065 1093 4120 τὰ
1113 4065 1234 4120 κατ’
1251 4064 1452 4126 αὐτοὺς
1475 4081 1551 4116 πα
1559 4061 1790 4135 ραὸάλλε
1799 4077 1843 4112 ιν
1860 4075 1874 4124 ;

286 4165 543 4219 Ποταπαί⁸
567 4163 624 4217 δὲ
648 4161 825 4216 αὐτῶν
854 4165 908 4216 αἱ
933 4161 1287 4234 προρρήσεις,
1308 4158 1394 4223 ἃς,
1428 4159 1516 4211 ὅτε
1544 4157 1638 4209 καί
1661 4155 1876 4208 ἐδόκουν

286 4257 613 4328 ὑφεστάναι,
641 4257 769 4328 περὶ
790 4256 916 4318 τοὺς
945 4254 1266 4327 ἐρωτῶντας
1293 4250 1604 4314 ὲποιοῦντο;
1631 4244 1738 4320 ἆρα
1755 4245 1877 4316 οὐχὶ

289 4349 424 4420 περὶ
451 4349 702 4420 άσέμνων
732 4345 1004 4400 ταπεινῶν
1032 4363 1093 4398 τε
1125 4347 1220 4398 καὶ
1255 4342 1488 4397 εὐτελῶν
1517 4340 1748 4412 ἀνδρῶν,
1774 4354 1877 4390 πυ-

286 4439 456 4504 κτῶν,
482 4438 635 4510 φέρε,
662 4437 696 4508 ἡ
720 4453 881 4490 τινων
911 4433 1188 4500 τοιούτων,
1215 4433 1309 4498 οὒς
1338 4433 1545 4496 θυσίαις
1573 4430 1742 4501 τιμᾷν
1763 4428 1878 4481 ἐκέ-

285 4532 479 4596 λευον;
503 4531 638 4584 Ποῖα
655 4530 711 4583 δὲ
730 4530 797 4583 τά
822 4529 948 4600 περὶ
967 4527 1068 4597 τῆς
1091 4525 1540 4597 ἀνθρωποθυσίας
1559 4524 1872 4595 νενόμιστο;

283 4624 586 4695 κεφάλαιον
627 4623 736 4695 γὰρ
777 4622 842 4692 δὴ
887 4620 1047 4674 τοῦτο
1089 4619 1198 4674 τῶν
1231 4618 1555 4690 εἰρημένων.
1591 4613 1741 4690 Ἀρά
1769 4635 1874 4671 τινι

281 4717 578 4789 πράγματι
611 4713 799 4785 φαύλῳ
845 4711 1138 4766 κατέλιπον
1183 4711 1413 4774 ἀτοπίας
1452 4709 1792 4782 ὑπερϐολήν;
1825 4710 1872 4762 εἰ

282 4807 354 4879 δὴ
381 4807 431 4866 οἱ
459 4805 706 4878 σωτῆρες
736 4803 1040 4877 ἀνθρώπων
1067 4802 1178 4857 θεοί
1203 4820 1262 4856 τε
1286 4803 1380 4856 καὶ
1401 4802 1594 4872 ἀγαθοὶ
1621 4801 1876 4873 δαίμονες

279 4899 416 4963 τοὺς
469 4899 652 4962 ἱκέτας
694 4897 874 4952 αὐτῶν
918 4898 1013 4951 καὶ
1046 4897 1289 4963 εὐσεϐεῖς
1335 4897 1658 4970 πρόσφυγας
1707 4912 1874 4950 κατα-

285 4995 548 5064 σφάττειν
604 4992 674 5047 τά
722 4991 932 5046 ἑαυτῶν
981 4991 1230 5062 φίλτατα,
1269 4990 1508 5062 ὡσπερεί
1564 5005 1687 5043 τινα
1737 4987 1873 5044 ἄλλα

282 5086 601 5158 θρέμματα,
638 5084 1089 5157 παρεκελεύοντο,
1121 5084 1378 5156 ἄντικρυς
1414 5083 1768 5156 ἀνθρωπείων
1795 5083 1875 5143 αίτ

282 5180 476 5251 μάτων
501 5179 640 5250 ὑπὲρ
669 5179 848 5231 πᾶσαν
880 5176 1083 5249 θηρίων
1111 5176 1269 5246 φύσιν
1292 5176 1572 5247 διψῶντες,
1603 5177 1698 5228 καὶ
1720 5174 1872 5228 οὐδὲν

278 5271 415 5326 ἄλλο
453 5271 486 5343 ἢ
534 5272 841 5342 αἰμοπότας
878 5272 970 5324 καὶ
1008 5269 1458 5344 ἀνθρωποὸὁρους
1497 5269 1773 5332 ἀπωλείας
1811 5285 1871 5321 τε

280 5365 475 5436 φίλους
500 5360 639 5419 εἶναι
673 5368 813 5436 σφᾶς
845 5366 1042 5430 αὐτοὺς
1062 5365 1474 5436 ἀπελέγχοντες.
1511 5365 1580 5418 Ἦ
1609 5363 1814 5432 λεγέτω
1843 5362 1872 5414 ὁ

281 5457 633 5529 βουλόμενος,
669 5459 719 5511 εἰ
765 5459 876 5528 ἔχοι
920 5458 1113 5530 σεμνόν
1147 5459 1326 5521 τικαὶ
1359 5458 1559 5530 ἀρετῆς
1591 5456 1740 5521 ἄξιον
1761 5457 1871 5511 τῶν

277 5549 628 5621 δηλουμένων
655 5549 995 5622 emergam)
1028 5550 1286 5621 μαντείας
1316 5551 1414 5604 καὶ
1433 5551 1768 5622 προρρήσεις
1791 5552 1872 5614 εἰς

282 5657 395 5709 πᾶν
423 5655 576 5724 γένος
603 5653 908 5725 ἀνθρώπων
937 5661 1338 5721 συντεινούσας,
1367 5656 1400 5726 ἢ
1423 5657 1620 5727 νόμους
1643 5657 1735 5712 καὶ
1769 5674 1869 5710 πο-

281 5750 498 5812 λιτικάς
519 5749 813 5816 διατάξεις,
839 5750 958 5805 καθ’
985 5750 1078 5817 οὓς
1098 5753 1237 5825 χρῆν
1262 5754 1409 5825 βιοῦν
1437 5755 1642 5821 πάντας
1669 5756 1872 5828 ἀνθρώ-

1987 3236 2144 3282 antea
2172 3227 2607 3282 demonstratum
2644 3227 2736 3291 sit,
2772 3227 2988 3280 illorum
3024 3241 3195 3296 genus
3228 3225 3434 3280 foedum
3465 3226 3569 3281 im-

1984 3319 2359 3390 mundumque
2381 3338 2525 3388 esse,
2551 3337 2619 3378 ex
2658 3337 2724 3376 eo
2752 3320 2899 3392 quod
2929 3321 3186 3376 obscenis
3227 3335 3292 3375 ac
3321 3318 3564 3384 lascivis,

1982 3411 2146 3485 205.
2176 3429 2296 3486 quae
2336 3414 2404 3470 de
2436 3415 2576 3486 ipsis
2595 3413 2862 3478 ferantur,
2898 3415 3131 3470 canticis
3156 3412 3392 3487 gaudere
3435 3427 3569 3467 con-

1984 3509 2298 3576 sueverint;
2327 3510 2456 3564 item
2496 3509 2714 3582 hymnis
2761 3525 2826 3566 ac
2855 3509 3122 3564 fabulosis
3157 3507 3572 3563 narrationibus

1982 3601 2341 3674 historiisque
2379 3603 2691 3660 inhonestis
2741 3617 2807 3658 ac
2850 3602 3199 3673 perniciosis,
3248 3615 3388 3674 quas
3418 3601 3566 3671 quod

1981 3704 2172 3748 contra
2204 3696 2417 3765 seipsos
2461 3705 2612 3751 ratas
2642 3696 2954 3760 habuerint,
2999 3705 3052 3750 et
3098 3704 3357 3763 tanquam
3405 3708 3566 3748 veras

1981 3789 2482 3860 comprobaverint,
2515 3790 2628 3860 jam
2659 3790 2819 3860 plane
2839 3788 3116 3859 redarguti
3141 3796 3290 3843 sunt.
3319 3785 3567 3856 Denique

1981 3881 2201 3937 illorum
2245 3883 2440 3940 inertis
2475 3883 2871 3953 imbecillazque
2904 3888 3116 3935 naturae
3156 3878 3456 3933 maximum
3484 3893 3567 3932 ar-

1980 3986 2318 4047 gumentum,
2361 3977 2507 4048 quod
2539 3977 2807 4031 exstincta
2830 3976 2937 4031 sint
2973 3973 3216 4038 oracula,
3245 3986 3424 4043 neque
3449 3986 3568 4025 am-

1979 4070 2125 4141 plius
2153 4078 2214 4124 ut
2258 4069 2390 4124 olim
2422 4069 2820 4140 respondeant;
2856 4075 2911 4124 et
2959 4068 3231 4124 exstincta
3264 4081 3373 4120 non
3427 4063 3563 4119 alias

1979 4181 2146 4238 quam
2176 4165 2279 4221 sub
2305 4165 2600 4220 adventum
2643 4162 2946 4218 Salvatoris
2970 4161 3145 4217 nostri
3172 4159 3303 4216 Jesu
3331 4156 3561 4222 Christi;

1979 4275 2045 4314 ex
2073 4272 2182 4328 quo
2210 4257 2357 4312 enim
2395 4258 2542 4311 illius
2573 4256 2629 4310 in
2671 4270 2861 4310 omnes
2889 4260 3079 4325 gentes
3114 4250 3443 4322 evangeliea:
3470 4247 3564 4303 do-

1979 4354 2172 4407 ctrinae
2200 4351 2508 4422 penetravit
2536 4349 2787 4414 verbum,
2819 4363 2886 4403 ex
2913 4347 3006 4401 illo
3038 4346 3168 4400 item
3206 4343 3429 4399 oracula
3469 4341 3562 4396 de-

1983 4445 2250 4510 fecerunt,
2277 4453 2332 4500 et
2356 4443 2666 4498 daemonum
2692 4449 2899 4495 mortes
2938 4447 3332 4493 memorantur.
3365 4433 3562 4490 Omnia

1979 4539 2144 4609 igitur
2172 4538 2288 4593 haec
2321 4544 2375 4592 et
2404 4532 2824 4591 innumerabilia
2845 4533 2950 4587 alia
2971 4528 3285 4587 his-similia
3315 4528 3558 4588 fuerunt,

1977 4648 2045 4689 ex
2088 4631 2290 4704 quibus
2337 4631 2496 4695 illos,
2543 4627 2612 4684 de
2660 4626 2862 4698 quibus
2906 4640 3054 4680 nunc
3106 4623 3339 4695 agimus,
3384 4621 3561 4676 malos

1977 4739 2098 4779 esse
2127 4723 2401 4778 daemones
2424 4720 2742 4792 Evangelica
2777 4717 3109 4787 Prteparatio
3139 4713 3556 4772 demonstravit.

1977 4815 2134 4888 Quod
2169 4816 2215 4870 si
2249 4815 2390 4870 tales
2437 4815 2563 4870 illos
2591 4829 2714 4870 esse
2747 4813 2861 4883 jam
2894 4818 3130 4877 constat,
3156 4825 3278 4881 quae
3299 4808 3440 4862 ratio
3465 4823 3562 4861 un-

1976 4924 2140 4978 quam
2172 4906 2460 4974 obtinebit,
2502 4913 2563 4962 ut
2590 4906 2829 4976 supremi
2866 4904 2961 4960 Dei
2993 4904 3116 4960 illas
3146 4903 3318 4960 fuisse
3345 4903 3561 4958 divina—

1975 5004 2151 5058 tiones
2179 5017 2523 5065 censeamus,
2556 5016 2678 5072 qua:
2717 4999 3024 5056 daemonum
3056 5005 3235 5055 sortes
3263 4997 3559 5070 perhiben-

1974 5112 2084 5166 tur,
2112 5107 2206 5154 aut
2233 5114 2353 5170 quae
2382 5098 2450 5154 de
2483 5097 2592 5154 illis
2623 5095 2897 5159 feruntur,
2923 5093 3018 5149 Dei
3043 5093 3435 5165 prophetarum
3465 5107 3562 5148 va-

1971 5192 2330 5246 ticiniisesse
2359 5186 2724 5258 comparanda
2748 5184 3079 5245 ?;Ceeterum-
3113 5183 3302 5254 quanti
3334 5181 3556 5238 tandem

1974 5286 2192 5339 illorum
2234 5280 2616 5353 praedictiones
2673 5276 2956 5341 faciendae,
3015 5290 3171 5347 quas,
3223 5289 3350 5329 cum
3410 5281 3558 5329 stare

1973 5380 2316 5440 videbantur,
2352 5371 3237 5454 sciscitantibusrespondebant?
3263 5367 3458 5424 Nonne
3490 5368 3558 5424 de

1973 5472 2278 5529 inhonestis
2316 5479 2480 5542 atque
2517 5468 2816 5524 humilibus
2857 5476 2912 5524 et
2954 5467 3157 5523 nullius
3203 5464 3366 5536 pretii
3396 5463 3553 5526 viris,

1973 5567 2269 5638 pugilibus,
2320 5565 2554 5636 exempli
2590 5564 2800 5634 gratia,
2844 5570 2938 5617 aut
2989 5561 3113 5616 aliis
3155 5561 3358 5615 talibus
3399 5557 3555 5614 reddi

1974 5661 2165 5717 solitas
2199 5659 2472 5722 novimus,
2511 5672 2651 5729 quos
2696 5655 2914 5728 quidem
2960 5653 3213 5709 homines
3264 5649 3553 5709 sacrificiis

1971 5755 2252 5814 honestari
2284 5753 2586 5827 iubebant?
2615 5750 2808 5820 Qualia
2840 5764 3007 5822 porro
3035 5762 3156 5822 quae.
3185 5745 3255 5802 de
3300 5743 3554 5801 humanis
