3846 6214
252 355 357 412 341

1141 349 1797 410 DEMONSTRATIONIS
1834 348 2290 408 EVANGELICE
2328 348 2457 407 LIB.
2494 350 2563 409 Υ.

3409 355 3519 413 349

246 476 588 547 ἀπορρήτοις
643 474 883 541 τελεταῖς
935 475 1198 547 λεγόντων
1251 475 1609 548 ἀκροώμενοι.
1654 475 1828 539 Οὐδεὶς

1942 474 2155 531 dissent
2193 474 2302 529 vim
2340 489 2527 543 suam,
2569 472 2705 528 alias
2740 488 2871 530 vero
2895 488 2963 531 ex
2996 475 3273 531 constanti
3322 483 3376 531 et
3421 494 3520 534 ne-

246 566 380 634 γοῦν
416 566 599 620 αὐτῶν
624 566 844 621 πώποτε
870 569 961 621 ἐπὶ
986 570 1100 631 τοῖς
1129 569 1249 640 είρη
1258 567 1459 639 μένοις,
1492 566 1569 630 ὡς
1594 567 1679 619 ἐπ’
1707 567 1836 620 ἀκο-

244 659 489 722 λάστοις,
542 661 639 712 καὶ
694 660 829 731 μηδὲ
878 660 1150 732 σώφροσιν
1199 658 1506 731 ἀνθρώποις
1536 656 1834 730 ἁρμόζουσι

246 750 471 820 φρονεῖν
503 749 537 820 ἦ
570 748 749 818 λέγειν
782 749 850 803 τὰ
874 750 1117 814 τοιαῦτα,
1151 749 1538 820 ἀγανακτήσας
1565 748 1830 818 φαίνεται.

244 844 357 895 Καὶ
390 842 445 894 τί
473 859 541 913 με
570 843 679 914 χρὴ
705 842 1084 908 διατείνεσθαι,
1119 843 1292 915 παρὸν
1317 841 1377 907 ἐξ
1402 842 1523 907 ἑνὸς
1554 841 1648 895 τοῦ
1681 842 1836 913 μεγί-

247 949 374 985 στου
404 934 850 1007 παραδείγματος
890 934 952 987 τὸ
1000 935 1147 1005 ὠμὸν
1184 935 1277 988 καὶ
1311 933 1695 1006 ἀπάνθρωπον,
1739 933 1833 986 καὶ

243 1022 322 1085 ὡς
341 1023 565 1095 ἀληθῶς
595 1025 920 1096 μιαρὸνιτῶν
951 1025 1294 1097 δηλουμένων
1322 1029 1582 1097 συνορᾷν;
1608 1025 1750 1094 λέγω
1774 1024 1832 1078 δὲ

241 1115 309 1166 ἐκ
358 1114 464 1184 τῆς
504 1115 972 1186 ἀνθρωποθυσίας.
1029 1117 1102 1170 Τὸ
1153 1115 1262 1190 γὰρ
1306 1117 1380 1189 μὴ
1428 1117 1587 1189 μόνον
1623 1117 1831 1186 ἀλόγων

240 1203 401 1268 ζώων
460 1208 701 1274 σφαγαῖς
753 1207 985 1278 χαίρειν,
1039 1206 1176 1260 ἀλλά
1225 1209 1320 1261 καὶ
1378 1208 1680 1280 ἀνθρώπων
1725 1209 1832 1268 ἀπ-

238 1296 485 1362 ωλείαις,
499 1297 657 1361 ποίας
669 1297 949 1370 ὠμότητος
963 1299 1267 1371 ὑπερϐολὴν
1290 1300 1388 1372 οὐχ
1402 1300 1505 1352 ὑπε
1514 1301 1795 1372 ρηκόντισε
1811 1317 1827 1366 ;

234 1389 414 1443 ταῦτα
460 1390 573 1463 γὰρ
612 1387 702 1464 ἦν,
732 1392 807 1455 ὡς
838 1390 995 1463 ἔφην,
1019 1392 1088 1446 τὰ
1122 1393 1209 1446 διὰ
1243 1393 1342 1464 τῆς
1370 1393 1829 1465 προπαραηευῆς

235 1478 297 1546 ἐξ
316 1479 500 1534 αὐτῶν
532 1480 644 1534 τῶν
682 1479 1007 1551 Ἑλληνικῶν
1035 1479 1336 1549 φιλοσόφων
1368 1497 1426 1532 τε
1457 1480 1553 1533 καὶ
1586 1494 1828 1549 συγγρα-

234 1566 387 1635 φέων
428 1568 934 1640 μεμαρτυρημένα·
971 1566 1032 1633 ἐξ
1064 1560 1140 1624 ὧν
1176 1569 1271 1622 καὶ
1310 1568 1543 1640 μάλιστα
1576 1568 1830 1640 δαίμονες

232 1659 390 1725 ὅντες
417 1663 651 1732 πονηροὶ
697 1661 1053 1726 πολυπλόκοις
1095 1664 1381 1734 μηχαναῖς,
1419 1662 1540 1715 τοτὲ
1577 1662 1674 1732 μὲν
1705 1666 1828 1728 ταῖς

230 1752 327 1806 διὰ
362 1752 659 1824 μαντειῶν,
692 1755 815 1807 τοτὲ
839 1754 896 1808 δὲ
921 1757 1042 1819 ταῖς
1065 1755 1131 1808 δι’
1151 1754 1356 1809 οἰωνῶν
1386 1755 1419 1827 ἢ
1456 1755 1761 1826 συμϐόλων,
1790 1756 1824 1828 ἢ

232 1841 523 1913 θυμάτων,
560 1844 595 1915 ἢ
644 1845 753 1900 τῶν
805 1846 1226 1918 παραπλησίων,
1254 1846 1317 1900 τὸ
1347 1845 1683 1918 ἀνθρώπειον
1713 1846 1831 1901 δια-

233 1936 572 2008 στρέφοντες
595 1938 752 2007 γένος
782 1938 1105 1993 δείκνυνται.
1138 1940 1338 2010 Διόπερ
1368 1939 1708 2009 ἀποφαντέον
1741 1939 1831 1993 αὐ-

228 2027 345 2081 τῶν
380 2026 453 2080 τά
490 2029 804 2100 χρηστήρια
862 2029 936 2100 μὴ
979 2027 1076 2082 τοῦ
1129 2029 1222 2082 ἐπὶ
1268 2028 1487 2082 πάντων
1543 2028 1827 2098 γεγονέναι

229 2118 396 2172 Θεοῦ.
463 2119 676 2173 Οὐκοῦν
733 2120 856 2174 οὐδὲ
904 2120 1214 2193 συγκρίνειν
1247 2119 1388 2174 αὐτὰ
1413 2123 1526 2184 τοῖς
1562 2120 1827 2193 Ἑϐραίων

230 2212 550 2282 προφήταις
582 2211 799 2283 θεμιτὸν
844 2213 911 2267 ἂν
947 2212 1053 2282 είη,
1080 2206 1155 2266 ὧν
1187 2215 1215 2266 ὁ
1255 2212 1469 2284 πρῶτος
1504 2211 1827 2283 ἱεροφάντης

226 2303 327 2355 καὶ
357 2302 613 2372 θεολόγος
645 2304 883 2374 γεγονὼς
913 2305 1137 2376 Μωσῆς,
1178 2304 1298 2371 θέα.
1319 2305 1459 2365 ὅσων
1494 2288 1830 2389 ἀγροῶν

226 2393 335 2467 βιῳ
368 2394 662 2465 παραίτιος
686 2396 948 2466 κατέστη.

1942 570 2178 625 cessaria
2224 567 2638 638 disciplinarum
2668 566 2916 627 veritate,
2970 582 3154 622 veram
3199 567 3518 624 docuissent

1942 659 2298 730 sapientiam,
2348 659 2480 729 quid
2528 655 2747 711 tandem
2792 657 3180 728 impedimento
3222 658 3414 714 fuisset
3451 676 3517 713 ne

1941 751 2010 806 ab
2055 751 2163 807 illis
2204 751 2655 821 philosophorum
2698 748 2793 804 ﬁlii
2839 749 3293 814 instituerentur,
3338 757 3399 804 ut
3440 751 3515 805 ita

1940 843 2050 897 illis
2096 842 2396 907 institutis,
2442 857 2712 913 nusquam
2750 840 2869 895 alia:
2917 840 2985 895 ab
3023 841 3145 897 aliis
3185 841 3473 912 opiniones
3498 882 3513 905 ,

1939 933 2059 987 alia:
2106 935 2423 994 sententiae,
2469 933 2577 987 alia
2629 930 2850 988 decreta
2908 930 3295 996 traderentur,
3339 947 3517 1002 neque

1938 1039 2066 1079 vero
2105 1038 2174 1079 ex
2227 1025 2389 1094 longa
2438 1022 2792 1089 diversitate,
2842 1023 3009 1077 variae
3063 1022 3515 1094 philosophorum

1939 1126 2104 1172 sectae
2148 1115 2546 1173 nascerentur?
2591 1114 2747 1181 Quod
2803 1115 2849 1170 si
2893 1113 3016 1169 illos
3065 1114 3346 1185 popularis
3399 1121 3518 1170 tur-

1936 1206 2007 1262 ba
2049 1222 2157 1262 non
2198 1206 2552 1269 attendebat,
2608 1214 2663 1263 at
2720 1206 2915 1261 saltem
2976 1205 3085 1276 piis
3140 1206 3517 1278 religiosisque

1936 1293 2270 1360 hominibus,
2304 1295 2397 1365 qui
2421 1295 2544 1349 illos
2566 1293 2938 1359 consulerent,
2963 1301 3306 1348 constantem
3330 1309 3519 1365 quam-

1936 1387 2061 1442 dam
2090 1386 2394 1441 doctrinam
2413 1429 2428 1453 ,
2458 1386 2723 1441 beneﬁcio
2752 1385 2969 1439 illorum
3003 1385 3339 1456 suppeditari
3360 1403 3520 1458 opor-

1935 1477 2101 1533 tebat.
2132 1478 2296 1550 206
2325 1476 2428 1533 Sed
2456 1479 2548 1549 qui
2582 1486 2712 1533 sunt
2730 1477 2784 1530 hi
2809 1475 3066 1532 tandem?
3088 1492 3213 1532 nam
3240 1494 3520 1548 quoscun—

1933 1586 2041 1642 que
2068 1570 2277 1626 dixeris
2315 1571 2474 1636 tales,
2509 1586 2604 1626 eos
2641 1578 2701 1625 ut
2733 1580 2983 1627 errantes
3020 1571 3360 1642 redarguunt
3387 1572 3516 1643 qui-

1933 1677 2151 1733 cunque
2180 1662 2396 1718 diversa
2430 1672 2526 1721 aut
2555 1663 2831 1718 contraria
2862 1664 3123 1719 sentiunt.
3158 1663 3426 1721 Caeterum
3455 1672 3517 1720 ut

1932 1769 2034 1825 par
2080 1760 2186 1818 est,
2233 1752 2540 1811 daemonum
2574 1754 2743 1810 erant
2789 1755 3045 1822 oracula,
3078 1771 3199 1827 quae
3229 1771 3404 1828 usque
3446 1756 3515 1812 ad

1859 1829 2072 1901 Bfuris
2130 1844 2607 1914 compilationem;
2657 1856 2753 1901 aut
2797 1846 3150 1918 supellectilis
3203 1848 3512 1913 interitum,

1933 1945 2041 1999 aut,
2067 1934 2219 1998 aliud
2248 1936 2527 2010 quidpiam
2556 1937 2800 2009 ejusdem
2830 1939 3048 2010 generis
3077 1940 3187 1993 vim
3218 1954 3372 1995 suam
3396 1956 3519 2011 por-

1929 2029 2192 2110 rigerent,
2224 2043 2459 2099 quarum
2486 2044 2620 2085 sane
2657 2045 2844 2086 rerum
2878 2030 3023 2085 haud
3068 2031 3391 2088 incredibile
3432 2043 3517 2089 est

1930 2120 2076 2185 illos,
2113 2127 2301 2191 utpote
2333 2121 2427 2191 qui
2479 2121 2537 2176 in
2570 2123 2673 2177 hoc
2698 2138 2824 2179 aere
2853 2122 2945 2193 qui
2979 2131 3180 2179 terram
3208 2125 3396 2190 ambit,
3419 2141 3516 2180 va-

1931 2211 2048 2282 gari
2082 2211 2488 2279 consueverint,
2517 2211 2777 2269 habuisse
2810 2217 3124 2282 scientiam;
3152 2216 3397 2272 honestae
3418 2232 3517 2272 au-

1928 2310 2037 2359 tem
2069 2313 2267 2367 etcum
2305 2304 2573 2375 sapientia
2608 2306 2917 2376 conjuncta:
2937 2308 3038 2372 rei,
3068 2308 3184 2364 sive
3234 2310 3517 2365 sententiae

1929 2401 2093 2465 atque
2132 2395 2286 2451 artis.
2317 2395 2634 2453 inventores
2668 2397 2861 2463 fuisse,
2908 2414 3191 2469 nunquam
3224 2400 3512 2468 ostendes;

223 2507 340 2549 non
376 2493 719 2561 reipublicae,
752 2507 863 2546 non
905 2492 1040 2558 legis
1073 2500 1294 2556 arecta,
1337 2490 1547 2546 ratione
1608 2488 1886 2562 profectae,
1921 2505 2032 2545 non
2089 2489 2329 2545 instituti
2383 2490 2689 2562 cujuspiam
2740 2492 3033 2550 laudabilis
3071 2536 3086 2560 ,
3145 2494 3255 2549 imo
3284 2510 3414 2551 vero
3467 2496 3512 2551 si

222 2585 524 2654 aliquanto
578 2584 809 2639 liberius
865 2584 1049 2639 dicere
1092 2589 1349 2655 oportet,
1402 2582 1526 2638 illos
1577 2582 1821 2638 omnium
1861 2583 2129 2636 malorum
2175 2592 2428 2640 auctores
2471 2591 2526 2639 et
2586 2586 2864 2655 principes
2926 2585 3202 2641 exstitisse
3241 2586 3514 2642 afﬁrmare

222 2693 466 2735 necesse
525 2687 611 2734 est
678 2695 694 2733 :
755 2677 851 2748 qui
884 2676 952 2732 de
994 2677 1194 2747 seipsis
1237 2677 1542 2742 adulteria,
1581 2684 1636 2732 et
1673 2675 1980 2746 impudicos
2039 2677 2275 2732 marium
2306 2678 2577 2744 ‘abusus,
2626 2663 2695 2733 et“
2731 2694 2856 2734 cum
2904 2679 3174 2735 matribus
3249 2689 3303 2735 et
3357 2696 3513 2736 soro-

220 2775 389 2837 ribus
435 2772 696 2845 nuptias,
752 2771 1190 2842 concubitusque
1228 2769 1509 2838 nefarios,
1572 2776 1628 2826 et
1691 2770 1797 2823 alia
1847 2768 2267 2826 innumerabilia
2299 2786 2421 2843 qua:
2452 2771 2680 2827 deorum
2719 2780 2932 2828 naturas
2982 2773 3363 2839 adversantur,
3400 2775 3511 2830 ini-

221 2866 592 2936 micitiasque
619 2872 673 2921 et
693 2865 832 2919 bella
854 2862 1081 2918 deorum
1132 2861 1398 2917 adversus
1433 2861 1586 2926 deos,
1622 2860 1679 2915 in
1728 2860 1973 2930 ipsorum
2030 2860 2313 2917 hominum
2373 2864 2606 2920 canticis
2659 2871 2824 2935 atque
2852 2864 3070 2936 hymnis
3100 2874 3154 2921 et
3190 2866 3512 2921 narrationi‘

221 2965 335 3021 bus
361 2971 421 3019 et
453 2978 743 3023 sacrorum
773 2962 993 3017 arcanis
1020 2960 1245 3026 ritibus,
1280 2959 1411 3016 ferri
1455 2976 1566 3015 non
1592 2964 1934 3021 recusarent,
1973 2972 2039 3013 ac
2077 2961 2260 3030 potius
2292 2962 2653 3018 libentissime
2694 2961 2966 3017 audirent.
3018 2960 3182 3018 Certe
3229 2978 3511 3033 nunquam

220 3074 425 3117 eorum
468 3059 764 3131 quisquam
814 3072 875 3113 se
925 3064 1118 3112 contra
1165 3056 1416 3111 homines
1460 3055 1833 3126 indignatione
1862 3062 2175 3124 correptum
2210 3055 2474 3120 ostendit,
2506 3055 2651 3126 quod
2685 3056 2871 3125 qualia
2913 3055 3058 3109 dicta
3089 3069 3118 3107 a
3152 3055 3313 3111 nobis
3359 3063 3509 3122 sunt,

221 3154 364 3219 talia
400 3148 542 3224 ipsis
570 3160 671 3209 aut.
699 3152 1012 3225 cogitando,
1071 3159 1168 3207 aut
1212 3151 1445 3207 dicendo
1475 3151 1634 3222 quasi
1693 3149 1939 3220 nequitia
1991 3150 2173 3219 plena,
2232 3166 2413 3223 neque
2475 3152 2588 3206 ulla
2624 3149 2893 3206 modestia
2934 3148 3135 3205 referta
3179 3150 3510 3205 tribuerunt.

222 3247 299 3304 Et
330 3249 467 3320 quid
503 3264 593 3305 me
620 3255 837 3319 oportet
863 3248 1114 3302 oratione
1147 3247 1400 3318 progredi
1424 3246 1679 3318 longius?
1732 3261 1858 3300 cum
1892 3244 2052 3314 plane
2102 3245 2171 3301 de
2202 3262 2314 3303 uno
2345 3246 2591 3303 omnium
2627 3245 3000 3317 exemplorum
3058 3245 3321 3311 maximo,
3351 3246 3510 3303 liceat

221 3347 285 3395 et
320 3339 709 3396 crudelitatem
748 3346 804 3395 et
828 3338 1225 3394 immanitatem
1269 3345 1324 3392 et
1364 3343 1567 3391 tetrum
1629 3350 1691 3391 re
1747 3353 1875 3392 vera
1909 3338 2221 3395 institutum
2270 3336 2490 3392 illorum
2534 3336 2768 3391 intueri?
2799 3335 2923 3392 dico
2954 3343 3136 3391 autem
3161 3335 3231 3392 de
3262 3347 3515 3391 mactan-

224 3433 434 3489 dorum
460 3432 746 3487 hominum
805 3433 939 3488 ritu.
987 3430 1145 3498 Quod
1201 3431 1346 3487 enim
1399 3446 1510 3486 non
1562 3430 1740 3486 solum
1795 3433 2084 3489 brutorum
2140 3431 2460 3489 animalium
2533 3429 2820 3487 sacrificiis
2886 3429 3229 3502 gauderent,
3315 3445 3507 3487 verum

223 3525 398 3580 etiam
433 3524 720 3580 hominum
768 3526 1013 3598 ipsorum
1064 3525 1312 3589 interitu,
1343 3525 1505 3595 cujus
1560 3525 1782 3581 tandem
1839 3527 2182 3584 crudelitatis
2240 3540 2528 3582 excessum
2587 3540 2696 3579 non
2747 3524 3141 3595 superaverit?
3194 3521 3321 3578 Haac
3365 3523 3513 3579 enim

221 3624 416 3684 erant,
451 3623 515 3672 ut
550 3617 685 3683 dixi,
720 3633 843 3688 quae
881 3618 939 3673 in
986 3618 1384 3689 praeparatione
1444 3626 1500 3673 et
1536 3618 1852 3689 philosophi
1888 3626 1961 3687 et
1997 3618 2245 3674 historici
2303 3617 2446 3689 apud
2480 3615 2699 3673 Graecos
2733 3618 3011 3672 memoriae
3043 3617 3380 3697 prodiderint
3406 3634 3420 3671 :
3445 3631 3513 3672 ex

224 3713 439 3784 quibus
476 3716 716 3771 maxime
762 3730 927 3784 quam
980 3714 1280 3785 perniciosi
1334 3714 1447 3770 sint
1504 3714 1819 3780 daemones,
1858 3729 2133 3785 quamque
2182 3712 2578 3783 multiplicibus
2621 3711 2910 3778 machinis,
2965 3712 3127 3767 modo
3146 3712 3363 3782 quidem
3388 3727 3514 3766 ora-

224 3810 444 3874 culum,
481 3808 649 3865 modo
679 3824 810 3865 vero
833 3811 1229 3882 auspiciorum,
1260 3818 1356 3865 aut
1389 3812 1692 3883 signorum,
1727 3810 2592 3879 aut,hostiarum,raut‘aliorum
2636 3808 2916 3874 similium,
2962 3808 3246 3863 hominum
3291 3824 3514 3879 perver-

224 3911 352 3963 tant
420 3911 592 3974 atque
651 3904 931 3976 implicent
991 3922 1208 3978 genus,
1281 3906 1823 3970 demonstrabantur.
1862 3906 2044 3975 Quare
2093 3906 2509 3985 adirmandum,
2558 3904 2775 3961 illorum
2834 3904 3114 3959 oraculum
3166 3919 3510 3976 nequaquam

226 4009 556 4067 supremum
588 3996 759 4055 Deum
788 4008 1066 4055 auctorem
1094 3999 1379 4059 habuisse.
1413 4000 1601 4073 Neque
1651 4003 1820 4073 igitur
1852 4003 1943 4056 illa
2004 4001 2290 4073 prophetis
2342 3999 2695 4066 Hebraeorum
2759 4013 3079 4069 comparare
3111 3998 3192 4054 fas
3228 4006 3334 4065 est,
3374 4014 3513 4071 quo-

226 4106 355 4147 rum
403 4094 623 4163 primus
671 4093 918 4161 initiator
960 4110 1026 4151 ac
1062 4095 1353 4168 theologus
1408 4098 1619 4153 exstitit
1682 4097 1880 4153 Moses.
1921 4096 2024 4164 Qui
2052 4152 2055 4157 .
2085 4097 2305 4168 quidem
2356 4102 2688 4166 quantorum
2737 4094 3088 4164 qualiumquc
3132 4093 3401 4148 bonorum
3456 4092 3513 4147 in

226 4188 343 4244 vita
369 4197 570 4245 auctor
590 4187 778 4256 fuerit,
796 4190 908 4260 jam
936 4190 1065 4246 hinc
1085 4189 1248 4246 facile
1266 4192 1628 4262 contemplari
1654 4200 1841 4264 potes.

298 4301 536 4374 Πρῶτον
552 4304 651 4374 μὲν
668 4303 953 4385 δογμάτων
967 4305 1447 4375 εὐαγγελικῶννκαὶ
1456 4306 1681 4378 ἀληθῶν
1697 4309 1824 4381 περὶ

1996 4307 2156 4378 207
2170 4305 2415 4363 Primum
2433 4307 2754 4374 sententias,
2768 4306 3162 4378 opinionesque
3171 4304 3511 4375 evangelicae

226 4392 324 4448 τοῦ
349 4394 587 4465 ποιητοῦ
615 4395 712 4448 καὶ
728 4395 1061 4469 δημιουργοῦ
1087 4398 1197 4452 τῶν
1224 4397 1484 4454 ἁπάντων
1510 4398 1670 4465 Θεοῦ,
1692 4400 1822 4473 περί

1931 4412 1992 4454 ac
2017 4413 2177 4454 veras
2231 4398 2478 4469 protulit,
2507 4398 2575 4452 de
2603 4396 2851 4452 omnium
2876 4410 3059 4451 rerum
3089 4401 3313 4449 auctore
3343 4403 3510 4465 atque

225 4500 288 4537 τε
312 4482 415 4537 τοῦ
440 4484 703 4556 δευτέρου
737 4486 911 4539 αἰτίου
954 4485 1065 4540 τῶν
1118 4489 1235 4564 μετ’
1270 4489 1433 4543 αὐτὸν
1464 4490 1697 4559 λογικῶν
1728 4490 1824 4545 καὶ

228 4574 440 4646 νοερῶν
464 4575 688 4640 οὐσιῶν,
720 4577 847 4647 περί
862 4593 940 4630 στε
969 4580 1331 4649 κοσμογονίας
1354 4581 1450 4634 καὶ
1474 4580 1825 4652 ἁνθρωπογο-

230 4668 351 4731 νίας
378 4666 610 4739 Γραφὴν
656 4667 807 4738 ἱερὰν
852 4667 1137 4734 ἐξέδωκεν,
1187 4668 1269 4722 ἔτι
1298 4687 1363 4724 τε
1409 4670 1517 4724 τῶν
1556 4669 1823 4723 θεοσεσῶν

233 4759 481 4832 ἱστορίας
509 4758 620 4812 τῶν
651 4759 818 4813 πάλαι
845 4760 1107 4830 θεοφιλῶν
1146 4760 1435 4833 Ἐϐραίων,
1462 4762 1651 4834 ὥσπερ
1671 4761 1825 4826 τινὰς

229 4853 445 4924 ἀρετῶν
499 4850 718 4916 εἰκόνας
780 4852 1277 4924 ὑππυπωσάμενος
1296 4893 1311 4918 ,
1358 4857 1439 4918 εἰς
1499 4852 1661 4924 ζῆλον
1714 4854 1849 4909 τῶν

230 4943 458 5011 ἀγαθῶν
486 4942 700 5014 ἀνδρῶν
724 4943 852 5007 τοὺς
879 4943 1155 5014 ὑπηκόους
1187 4945 1474 5015 ἀνεκίνησε
1493 4961 1506 4975 ·
1540 4946 1635 4998 καὶ
1664 4960 1826 5016 νομο-

234 5034 422 5098 θεσίας
475 5034 665 5087 ἐνθέου
697 5035 793 5088 καὶ
835 5035 1174 5107 καταλλήλου
1206 5039 1317 5100 τοῖς
1370 5037 1492 5089 τότε
1523 5036 1825 5107 χρωμένοις

232 5128 413 5196 φωτὸς
460 5126 750 5198 ἀπήρξατο
800 5127 1009 5197 λόγων*
1052 5132 1146 5183 καὶ
1190 5128 1487 5201 θρησκείας
1538 5126 1826 5192 θεοσεϐοῦς

234 5214 509 5284 πέφηνεν.
534 5214 900 5283 εἰσαγωγεύς·
945 5218 1040 5271 καὶ
1090 5218 1184 5271 ἐπὶ
1239 5219 1376 5271 πᾶσι
1424 5217 1532 5271 τῶν
1595 5221 1827 5290 μακροῖς

235 5303 466 5376 ὕστερον
506 5305 721 5375 χρόνοις
753 5305 971 5360 ἔσεσθαι
1020 5307 1318 5379 μελλόντων
1358 5309 1459 5373 τὰς
1491 5309 1827 5381 προρρήσεις

234 5398 694 5469 ἀναπεφώνηκεν,
714 5401 791 5464 ὡς
821 5402 1014 5473 μικρὸν
1041 5401 1266 5475 ὕστερον
1296 5404 1824 5475 μνημονευθήσεται.

239 5492 347 5544 Kal.
380 5490 630 5555 τοιοῦτος
666 5491 767 5562 μὲν
813 5485 966 5558 οὗτος
986 5511 1000 5525 ⁵
1033 5494 1174 5548 κατὰ
1217 5494 1290 5550 τὰ
1343 5495 1487 5550 αὐτὰ
1533 5496 1592 5551 δὲ
1645 5497 1740 5550 καὶ
1777 5498 1849 5550 oin

244 5586 357 5652 μετ’
386 5582 555 5637 αὐτὸν
598 5584 876 5655 προφῆται
933 5587 1210 5659 πάρεργον
1269 5587 1401 5659 μὲν,
1445 5588 1600 5641 εῐπου
1623 5605 1677 5641 τι
1717 5586 1827 5642 τῶν

243 5675 539 5748 ἐφημέρων
572 5675 838 5747 ἐζητεῖτο,
878 5677 974 5731 καὶ⁷
994 5677 1153 5732 τοῦτο
1185 5676 1482 5750 προῦλεγον
1531 5681 1644 5744 τοῖς
1684 5681 1823 5751 ὲρω-

246 5763 422 5825 τῶσιοη
453 5765 515 5830 th
562 5764 623 5819 δὲ
655 5763 949 5835 κεφάλαιον
996 5768 1095 5840 τῆς
1140 5769 1476 5841 προφητείας
1508 5769 1689 5833 αὐτοῖς
1733 5770 1825 5823 ἐπὶ

1924 4489 2119 4560 opiﬁce
2143 4486 2285 4557 Deo;
2327 4496 2445 4543 tum
2468 4488 2537 4544 de
2561 4487 2807 4559 ejusdem
2830 4483 3001 4552 Filio,
3044 4484 3397 4541 rationalium
3427 4484 3513 4538 in-

1927 4581 2400 4653 telligentiumque
2437 4586 2760 4635 naturarum
2788 4587 3032 4640 auctore.
3060 4591 3250 4633 earum
3277 4575 3469 4646 utique
3492 4615 3509 4641 ,

1924 4691 2046 4746 qua:
2075 4684 2201 4745 post
2245 4675 2427 4746 ipsum
2486 4674 2753 4730 exsistere
2802 4672 3221 4743 intelliguntur:
3265 4668 3395 4723 item
3444 4667 3513 4725 de

1924 4768 2115 4822 mundi
2168 4775 2333 4838 atque
2376 4767 2616 4822 hominis
2659 4767 2973 4828 creatione,
3030 4761 3372 4833 Scripturam
3422 4775 3513 4816 sa-

1925 4873 2074 4912 cram
2103 4859 2558 4928 exaravitatque
2615 4857 2808 4913 edidit.
2842 4855 3113 4911 Praeterea
3158 4867 3285 4908 cum
3336 4851 3514 4906 histo-

1925 4949 2038 5005 rias
2064 4950 2445 5019 religiosorum
2492 4949 2777 5004 hominum
2802 4986 2818 5011 ,
2851 4955 2905 5002 et
2936 4944 3031 5017 qui
3075 4944 3205 4998 olim
3232 4940 3343 4996 Deo
3371 4941 3512 5012 grati

1926 5037 2070 5107 apud
2118 5036 2377 5094 Hebraeos
2418 5037 2692 5102 vixerint,
2731 5036 2891 5107 quasi
2942 5033 3189 5106 quandam
3249 5030 3512 5084 virtutum

1926 5128 2259 5198 exemplaria
2291 5129 2623 5198 expresserit
2649 5167 2665 5194 ,
2733 5142 2830 5183 eos
2861 5127 2955 5197 qui
3000 5126 3105 5180 sibi
3152 5121 3381 5178 dictanti
3414 5136 3514 5192 pa-

1925 5228 2144 5285 rerent,
2194 5222 2263 5276 ad
2301 5220 2663 5276 imitationem
2690 5220 2935 5275 virorum
2991 5218 3260 5274 bonorum
3294 5214 3510 5269 excita-

1925 5313 2027 5368 vit.
2063 5310 2192 5383 Legi
2225 5327 2363 5367 vero
2378 5311 2606 5376 divinae,
2628 5318 2790 5383 atque
2836 5308 2905 5366 iis
2932 5308 3024 5380 qui
3060 5314 3195 5362 tunc
3225 5312 3512 5361 uterentur

1929 5399 2372 5467 accommodatae,
2403 5401 2614 5470 primus
2641 5398 2909 5454 orationis
2956 5396 3304 5466 splendorem
3350 5394 3510 5450 adhi-

1927 5491 2046 5546 buit
2070 5491 2553 5561 adorationemque
2582 5489 2893 5560 religiosam
2929 5502 2995 5543 ac
3031 5501 3219 5543 veram
3252 5485 3510 5541 introdu-

1928 5582 2027 5637 xit.
2054 5581 2458 5645 Postremoiis,
2486 5582 2579 5651 qui
2611 5592 2732 5651 post
2762 5597 2822 5637 se
2855 5580 3042 5637 multis
3075 5578 3292 5634 saeculis
3337 5577 3509 5633 futuri

1933 5685 2111 5743 erant,
2157 5675 2534 5747 praedictiones
2573 5674 2908 5738 enuntiavit,
2944 5674 3088 5730 sicut
3119 5672 3284 5743 paulo
3317 5678 3440 5742 post
3477 5684 3508 5723 a

1933 5770 2093 5827 nobis
2151 5770 2709 5828 commemorabitur:
2747 5776 2801 5826 et
2848 5769 2938 5826 hic
2967 5768 3188 5835 quidem
3231 5766 3378 5823 tatis.
3424 5762 3508 5818 Ad
