3846 6218
327 291 435 347 543

898 293 1173 352 EUSEBII
1204 295 1684 352 CESARIENSIS
1722 294 1874 352 OPP.

1984 297 2120 353 lRS.
2157 294 2225 352 ll.
2264 327 2336 338 —
2367 295 2875 354 APOLOGETICA.

3486 303 3592 360 3M

327 404 579 460 eumdem
604 419 738 461 vero
766 401 988 461 modum
1010 407 1174 464 etiam
1197 408 1476 479 propheta'
1497 411 1590 480 qui
1615 417 1739 480 post
1755 410 1881 464 illun

2015 409 2272 479 μεγάλοις
2328 409 2681 463 συνετελείτο.
2715 410 2791 463 Οὐ
2822 409 2932 481 γὰρ
2963 411 3055 464 ἐπὶ
3095 414 3324 485 μαντείᾳ
3360 413 3470 468 τῶν
3496 417 3595 484 top.-

324 499 677 555 exstiterunt.
740 499 1010 555 Caeterum
1054 509 1216 556 extra
1260 505 1596 573 propositum
1627 503 1907 558 existime-

322 598 435 660 tur,
463 591 642 646 sicubi
671 606 862 646 eorum
894 593 1174 664 quidpiam
1215 610 1336 664 qua:
1360 595 1413 648 in
1435 595 1579 650 diem
1616 596 1785 666 quaeri
1812 611 1905 650 so-

321 678 454 746 leut,
491 678 598 748 ipsi
631 680 1044 750 respondissent
1073 681 1508 740 sciscitantibus.
1550 681 1774 738 Summa
1799 701 1901 738 au-

317 777 428 825 tem
466 771 646 826 omnis
673 771 888 827 illorum
918 775 1218 844 prophetiae
1240 774 1296 828 in
1333 775 1496 831 rebus
1528 777 1740 854 magnis
1770 792 1899 832 con-

318 864 660 919 sumebatur.
693 865 809 920 Non
846 866 992 920 enim
1026 866 1081 921 in
1109 867 1444 922 divinatione
1468 883 1652 922 rerum
1691 885 1814 938 qua:
1846 870 1902 923 in

317 954 460 1009 diem
505 965 598 1011 aut
629 959 684 1012 in
719 974 958 1028 prmsens
1007 967 1221 1030 tempus
1262 969 1667 1030 quazrerentur,
1725 977 1904 1032 neque

316 1048 502 1116 parvis
533 1058 626 1103 aut
660 1050 958 1106 humilibus
1011 1053 1246 1121 negotiis
1297 1067 1494 1116 suum,
1542 1053 1686 1122 quod
1723 1068 1753 1106 a
1790 1051 1901 1111 Deo

317 1150 662 1210 acceperant,
705 1158 924 1206 munus,
955 1142 1180 1214 dignum
1232 1145 1516 1214 putabant.
1579 1145 1685 1201 Sed
1735 1163 1901 1219 super

313 1233 463 1287 omni
488 1249 688 1304 genere
711 1234 994 1290 hominum
1042 1235 1215 1289 divini
1264 1235 1320 1290 in
1368 1237 1475 1292 illis
1507 1235 1745 1307 Spiritus
1776 1240 1900 1295 illu-

314 1328 510 1382 stratio
536 1329 726 1398 ingens
756 1328 1001 1398 amplexa
1051 1336 1172 1383 erat
1197 1337 1578 1398 argumentum
1603 1371 1619 1394 ,
1665 1348 1773 1386 non
1805 1334 1897 1387 illa

314 1420 530 1488 quidem
563 1426 623 1474 ut
671 1419 739 1474 de
770 1420 1086 1490 aegrotantis
1128 1420 1369 1476 hominis
1402 1437 1668 1492 corpore,
1721 1439 1898 1494 neque

311 1513 379 1566 de
409 1511 738 1580 temporaria
763 1510 866 1565 hac
895 1519 949 1565 et
981 1512 1237 1566 omnibus
1263 1512 1471 1568 morbis
1499 1513 1734 1568 obnoxia
1764 1517 1893 1584 vita,

309 1603 704 1657 divinationem
755 1603 1144 1672 profiteretur:
1185 1617 1288 1658 nec
1327 1603 1533 1674 alioqui
1565 1605 1633 1660 de
1665 1605 1896 1675 quibus-

309 1695 434 1748 dam
471 1694 666 1750 mediis
700 1703 866 1764 atque
915 1694 1374 1758 indifferentibus,
1410 1711 1529 1764 qua:
1581 1713 1791 1768 neque,
1845 1700 1890 1754 si

2009 501 2230 571 ημέρων
2250 502 2342 557 καὶ
2369 501 2504 572 πρὸς
2523 501 2612 555 τὸν
2646 501 2887 573 παρόντα
2909 502 3097 574 καιρὸν
3125 503 3590 577 ἐπιζητουμένων,

2006 591 2128 647 οὐδέ
2161 608 2224 660 γε
2273 592 2521 665 σμικρῶν
2577 593 2672 646 καὶ
2719 594 2990 648 ταπεινῶν
3037 596 3104 649 τὰ
3153 597 3253 668 τῆς
3300 596 3592 670 θεοφορίας

2005 683 2280 752 ἠξιοῦντοο
2313 685 2426 738 ἀλλ’
2453 686 2546 738 ἐπὶ
2601 687 2696 740 τοῦ
2745 688 2944 752 παντὸς
2994 688 3295 760 ἀνθρώπων
3339 692 3532 760 γένους
3554 695 3587 763 ἡ

2004 773 2097 826 τοῦ
2125 774 2268 828 θείου
2296 775 2614 846 Πνεύματος
2658 777 2716 829 ὲν
2760 777 2944 840 αὐτοῖς
2985 777 3249 848 ἔλλαμψις
3272 820 3286 844 ,
3324 780 3589 852 μεγίστην

2005 865 2257 918 ὑπόθεσιν
2288 867 2635 939 περιέχουσα,
2670 868 2730 920 οὐ
2754 868 2880 940 περὶ
2908 867 3189 932 νοσοῦντος
3219 869 3505 941 ἀνθρώπου
3528 872 3590 924 τὸ

2005 956 2185 1029 σῶμα,
2219 959 2342 1013 οὐδὲ
2394 959 2524 1031 περὶ
2571 957 2674 1028 τῆς
2717 960 3050 1035 προσκαίρου
3099 963 3194 1014 καὶ
3241 962 3589 1026 πολυπαθοῦς

2000 1050 2202 1122 ταύτης
2250 1051 2395 1122 ζωῆς
2448 1052 2547 1123 τὴν
2593 1051 2897 1124 πρόρρησιν.
2953 1052 3429 1127 ἐπαγγελλομένη,
3465 1057 3588 1110 οὐδὲ

2001 1141 2130 1212 περί
2152 1158 2294 1204 τινος
2325 1141 2686 1208 ἀπολωλότος,
2713 1142 2820 1194 οὐδ’
2849 1142 3023 1206 ἄλλως
3051 1145 3177 1215 περί
3213 1163 3372 1198 τινων
3404 1147 3587 1216 μέσων

2000 1234 2092 1287 καί
2140 1233 2449 1306 ἀδιαφόρων
2473 1277 2489 1302 ,
2525 1235 2561 1288 ἃ
2616 1234 2739 1288 οὐτε
2799 1237 3041 1308 παρόντα
3088 1237 3265 1309 ψυχῆς
3305 1238 3585 1309 βελτιώσει

2000 1327 2405 1398 συμϐάλλεται,
2459 1327 2582 1382 οὐτε
2640 1328 2717 1400 μὴ
2761 1329 3003 1401 παρόντα
3049 1329 3252 1402 ζημίαν
3301 1331 3333 1402 ἢ
3377 1330 3584 1402 βλάϐην

1999 1421 2274 1491 περιποιεῖ
2313 1418 2470 1492 (ἀλλ’
2517 1416 2585 1492 ἦν
2623 1422 2746 1492 μὲν,
2787 1423 2863 1485 ὼς
2910 1421 3068 1492 ἔφην,
3123 1424 3211 1476 ὅτε
3259 1423 3353 1476 καὶ
3407 1422 3583 1476 ταῦτα

1997 1511 2321 1584 προῦλεγον,
2345 1515 2406 1566 οὐ
2435 1514 2576 1567 κατά
2597 1514 2688 1566 τὸν
2716 1515 3125 1586 προηγούμενον
3152 1515 3210 1568 δὲ
3235 1515 3415 1580 λόγον·
3443 1514 3583 1569 ἀλλά

1995 1603 2138 1657 κατά
2170 1605 2490 1659 ἀκολουθίαν
2522 1606 2620 1678 τῆς
2645 1607 2752 1661 τῶν
2782 1608 3106 1678 κρειττόνων
3138 1607 3539 1678 καταλήψεως)
3563 1625 3579 1639 ·

1998 1693 2217 1764 μείζονα
2241 1697 2338 1767 μὲν
2361 1697 2614 1751 ὑπόθεσιν
2630 1699 2663 1770 ἢ
2682 1699 2824 1752 κατὰ
2843 1699 2910 1752 τά
2928 1700 3189 1770 εἰρημένα
3205 1702 3495 1770 περιεῖχεν.
3515 1700 3580 1754 Εξ

307 1787 512 1852 adsint,
544 1788 609 1841 ad
645 1786 944 1856 profectum
977 1786 1174 1841 animae
1208 1787 1575 1842 conducibilia
1601 1829 1616 1850 ,
1670 1764 1881 1860 neque,

1994 1785 2037 1838 δ’
2051 1782 2142 1840 οὖν
2165 1764 2252 1851 τις
2265 1788 2362 1860 τὴν
2379 1791 2556 1842 πᾶσαν
2569 1764 2830 1861 περιοχὴν
2846 1791 2942 1861 τῆς
2967 1764 3210 1854 Μωσέως
3225 1764 3464 1862 γραφῖίς,
3484 1790 3581 1843 καὶ

307 1879 353 1931 si
380 1893 490 1932 non
519 1877 738 1941 adsint,
766 1879 1026 1933 damnum
1057 1878 1279 1948 aliquod
1310 1887 1404 1933 aut
1429 1881 1724 1948 perniciem
1761 1881 1890 1936 aﬂ'e-

306 1979 469 2033 rant,
517 1971 732 2025 tametsi
774 1985 1166 2040 nonnunquam
1208 1970 1321 2024 haec
1372 1986 1588 2040 quoque
1628 1973 1885 2041 praedice-

305 2061 458 2124 bant,
492 2076 601 2114 non
630 2061 888 2131 primaria
919 2061 1152 2130 quadam
1181 2062 1426 2126 ratione,
1479 2060 1576 2116 sed
1608 2062 1756 2132 quod
1801 2079 1888 2118 re-

304 2168 424 2205 rum
461 2153 772 2222 graviorum
804 2153 1210 2223 perceptionem
1245 2154 1665 2220 comitarentur,
1696 2157 1887 2225 eisque

301 2252 487 2298 essent
517 2244 793 2314 adjuncta.
845 2245 915 2298 At
957 2259 1086 2300 vero
1112 2260 1233 2314 quae
1281 2245 1336 2298 in
1372 2245 1558 2300 causis
1602 2245 1772 2300 divini
1817 2247 1885 2301 ab

302 2338 412 2392 illis
437 2338 737 2408 accipiendi
777 2337 1054 2408 Spiritus,
1098 2336 1166 2392 ad
1215 2339 1624 2394 vaticinandum
1679 2341 1885 2410 princi-

303 2445 422 2498 pem
452 2430 634 2484 locum
657 2430 1003 2493 obtinerent,
1033 2445 1097 2485 ea
1126 2431 1306 2500 majus
1333 2431 1605 2502 quoddam
1632 2433 1882 2488 contine-

300 2519 432 2572 bant
461 2527 864 2590 argumentum,
890 2535 1054 2590 quam
1088 2528 1148 2574 ut
1185 2522 1251 2576 ad
1284 2537 1349 2576 ea
1375 2538 1496 2593 quae
1547 2523 1692 2576 dicta
1720 2531 1878 2588 sunt,

298 2612 575 2680 pertinere
603 2620 849 2682 possent.
883 2612 1040 2679 Quod
1073 2615 1116 2668 si
1141 2615 1268 2684 quis
1291 2623 1460 2668 totum
1491 2617 1648 2685 quasi
1677 2631 1879 2686 corpus

295 2719 484 2758 eorum
514 2720 636 2774 qua:
668 2719 697 2758 a
729 2703 878 2760 Mose
920 2712 974 2760 et
1003 2706 1127 2761 aliis
1157 2716 1280 2776 post
1334 2706 1538 2762 Moscm
1595 2709 1878 2778 prophetis

295 2798 498 2868 scripta
529 2806 680 2863 sunt,
721 2799 1142 2870 diligentissime
1169 2801 1454 2870 exploret,
1511 2802 1758 2872 profecto
1814 2819 1876 2858 ea

293 2893 428 2946 nihil
463 2891 610 2946 aliud
641 2893 888 2962 amplexa
934 2893 1194 2955 inveniat,
1219 2910 1383 2964 quam
1434 2895 1873 2952 adhortationem

293 2995 459 3054 atque
481 2986 787 3040 doctrinam
822 2985 992 3040 divini
1021 2986 1207 3041 cultus
1229 3027 1242 3050 ,
1295 2989 1388 3056 qui
1445 2986 1552 3041 Deo
1608 2990 1870 3055 universi,

291 3079 396 3146 ipsi
428 3078 615 3147 utique
643 3077 824 3147 opiﬁci
871 3093 1053 3132 rerum
1085 3079 1327 3131 omnium
1363 3079 1435 3132 sit
1489 3081 1831 3136 exhibendus
1853 3123 1868 3147 ,

292 3173 770 3240 cognitionemque
819 3184 883 3222 ac
918 3169 1243 3241 theologiam
1277 3186 1586 3240 supremam
1622 3172 1688 3228 de
1717 3171 1874 3234 Filio.

290 3264 381 3330 qui
416 3276 522 3314 una
571 3277 694 3315 cum
737 3259 896 3314 Patre
929 3261 1045 3331 ipse
1091 3278 1311 3332 quoque
1358 3279 1538 3316 rerum
1568 3266 1638 3318 sit
1664 3274 1873 3320 auctor.

291 3355 458 3424 208
486 3351 756 3407 Prazterea
783 3351 1216 3408 dehortationcm
1257 3363 1420 3424 atque
1464 3357 1803 3411 eversionem
1845 3374 1876 3411 a

290 3447 472 3502 fallaci
511 3446 808 3500 multorum
860 3445 1085 3500 deorum
1117 3447 1266 3500 cultu
1291 3487 1306 3510 ,
1366 3448 1431 3500 ad
1469 3448 1582 3503 hare
1633 3459 1876 3504 veterum

291 3543 604 3591 sanctorum
650 3535 927 3600 virorum,
988 3537 1078 3606 qui
1132 3538 1293 3607 primi
1340 3539 1504 3592 talem
1558 3541 1874 3611 religionem

290 3628 737 3693 observaverint,
773 3628 1094 3684 memoriam
1155 3631 1648 3702 prtedictionesque
1696 3642 1750 3689 et
1786 3651 1875 3690 re-

290 3735 496 3789 sponsa
524 3719 592 3775 de
639 3719 732 3798 iis
757 3721 859 3788 qui.
905 3719 1094 3774 multis
1120 3729 1245 3789 post
1283 3723 1502 3776 sazculis
1542 3723 1610 3777 ad
1656 3723 1875 3778 illorum

291 3813 419 3866 vim
447 3812 716 3883 regulam,
743 3827 900 3866 suam
925 3812 1030 3882 ipsi
1062 3812 1227 3867 vitam
1264 3812 1532 3868 directuri
1568 3823 1748 3880 erant,
1779 3833 1876 3888 per

289 3899 580 3954 adventum
605 3899 700 3955 Dei
716 3901 782 3954 ad
809 3899 1060 3956 homines
1089 3909 1254 3972 atque
1285 3905 1654 3972 praesentiam,
1676 3907 1871 3976 ipsius,

289 3994 538 4064 inquam,
571 3992 716 4057 Filii,
743 4003 798 4049 et
823 3995 940 4065 ipse
973 3995 1218 4065 ejusdem
1237 3997 1498 4052 docenda:
1523 4000 1742 4068 pietatis
1763 4016 1870 4054 mu-

286 4101 418 4140 nere
469 4084 780 4149 functurus,
816 4096 869 4141 et
913 4087 981 4140 ad
1007 4087 1239 4142 salutem
1278 4089 1404 4144 vitae
1432 4089 1712 4144 hominum
1742 4090 1874 4146 atre-

287 4179 512 4233 rendam
544 4187 829 4244 venturus,
861 4180 914 4234 in
949 4181 1234 4250 responsis
1255 4181 1560 4247 dicebatur,
1591 4183 1750 4253 cujus
1778 4184 1874 4240 be-

289 4272 486 4328 neficio
519 4273 595 4326 illi
627 4273 844 4329 cunctis
871 4273 1130 4344 gentibus
1159 4281 1214 4329 et
1246 4272 1454 4331 Graecis
1478 4276 1640 4331 simul
1671 4286 1724 4332 et
1745 4277 1874 4332 bar-

285 4364 467 4431 baris,
517 4365 769 4420 eumdem
814 4365 985 4422 divini
1019 4366 1202 4422 cultus
1233 4383 1462 4435 morem,
1512 4385 1674 4440 quem
1726 4382 1875 4427 vete-

1994 1879 2102 1934 τῶν
2133 1882 2248 1951 μετ’
2277 1882 2438 1934 αὐτὸν
2467 1881 2709 1953 ἀκριϐῶς
2736 1883 3150 1953 διερευνήσειεν,
3172 1883 3322 1952 εὖροι
3347 1883 3412 1935 ἂν
3439 1899 3578 1953 προ-

1994 1973 2202 2044 τροπὴν
2235 1975 2327 2026 καὶ
2367 1973 2707 2028 διδασκαλίαν
2755 1974 3035 2038 εὐσεϐείας
3070 1975 3170 2046 τῆς
3216 1977 3296 2038 εἰς
3325 1976 3416 2028 τὸν
3467 1977 3579 2030 τῶν

1992 2061 2128 2114 ὅλων
2156 2061 2309 2126 Θεὸν,
2334 2063 2494 2116 αὐτὸν
2527 2064 2590 2136 δὴ
2639 2065 2730 2117 τὸν
2763 2065 3090 2136 δημιουργὸν
3125 2066 3383 2120 ἁπάντων
3418 2085 3578 2138 περι-

1993 2153 2250 2224 έχουσαν,
2278 2155 2477 2222 γνῶσίν
2510 2172 2570 2208 τε
2609 2157 2702 2208 καὶ
2739 2154 3018 2224 θεολογίαν
3039 2157 3137 2228 τὴν
3183 2157 3444 2211 ἀνωτάτω
3476 2154 3574 2210 τοῦ

1991 2244 2242 2318 δευτέρου
2276 2247 2470 2312 αἰτίου,
2507 2249 2686 2318 πάσης
2712 2249 2770 2301 δὲ
2811 2247 3070 2301 πολυθέου
3104 2249 3314 2320 πλάνης
3347 2250 3578 2321 ἀποτρο-

1991 2339 2120 2410 πὴν,
2150 2337 2267 2392 εἶτα
2294 2340 2402 2392 τῶν
2465 2340 2635 2393 πάλαι
2670 2339 2935 2410 θεοφιλῶν
2973 2340 3183 2412 ἀνδρῶν
3229 2340 3336 2394 τῶν
3370 2341 3436 2410 δὴ
3477 2341 3577 2394 καὶ

1989 2430 2386 2502 ἀπαρξαμένων
2459 2431 2562 2501 τῆς
2613 2432 2910 2502 εἰρημένης
2969 2431 3250 2494 εὐσεϐείας
3306 2413 3574 2502 μνήμην,

1987 2527 2322 2596 προρρήσεις
2354 2542 2412 2578 τε
2461 2524 2554 2577 καὶ
2589 2525 2964 2594 ἀναφωνήσεις
3007 2523 3149 2576 κατά
3195 2523 3287 2577 τὸν
3347 2524 3577 2578 ἐκείνων

1987 2615 2132 2686 βίον,
2179 2617 2427 2687 ὑστέροις
2477 2616 2606 2670 ποτὲ
2645 2616 2857 2688 χρόνοις
2900 2615 3202 2686 μελλόντων
3256 2613 3575 2684 βιώσεσθαι,

1983 2708 2051 2761 δι’
2091 2708 2410 2778 ἐπιφανείας
2445 2708 2536 2761 καὶ
2584 2707 2887 2778 παρουσίας
2942 2707 3020 2769 εἰς
3063 2703 3384 2776 ἀνθρώπους
3409 2703 3573 2771 Θεοῦ,

1988 2802 2157 2855 αὐτοῦ
2199 2802 2262 2873 δὴ
2299 2801 2392 2855 τοῦ
2424 2800 2676 2870 δευτέρου
2712 2799 2915 2868 Κυρίου
2941 2840 2955 2864 ,
2996 2800 3089 2852 καὶ
3119 2797 3254 2851 Θεοῦ
3304 2796 3444 2868 μετὰ
3479 2797 3579 2850 τὸν

1983 2895 2241 2948 ἀνωτάτω
2277 2894 2516 2965 Πατέρα,
2553 2893 2646 2946 καί
2669 2891 2832 2947 αὐτοῦ
2857 2891 3284 2965 χρηματίζοντος
3314 2891 3576 2944 διδασκά-

1980 2983 2071 3035 λου
2101 2983 2199 3052 τῆς
2226 2982 2396 3053 αὐτῆς
2421 2982 2722 3046 εὐσεϐείας,
2754 2981 2847 3034 καὶ
2885 2982 3136 3052 Σωτῆρος
3166 2979 3575 3051 ἐπιφανησομέ-

1979 3091 2072 3129 νου
2116 3074 2194 3145 τῷ
2227 3075 2336 3128 τῶν
2391 3073 2691 3146 ἀνθρώπων
2734 3073 2855 3143 βίῳ,
2901 3072 2967 3124 δι’
2994 3065 3054 3125 οῦ
3091 3073 3222 3124 πᾶσι
3257 3075 3366 3135 τοῖς
3417 3070 3573 3124 ἔθνε’

1981 3181 2100 3229 σιν,
2154 3165 2412 3236 Ἕλλησιν
2463 3163 2599 3236 ὁμοῦ
2652 3166 2746 3218 καὶ
2798 3163 3111 3236 βαρϐάροις,
3145 3161 3444 3232 προῦλεγον
3477 3163 3575 3217 τὸν

1977 3259 2076 3327 τῆς
2100 3256 2408 3320 θεοσεϐείας
2435 3255 2543 3310 τῶν
2571 3257 2738 3310 πάλαι
2772 3255 3034 3325 θεοφιλῶν
3072 3253 3338 3325 Ἐϐραίων
3366 3256 3575 3324 τρόπον

1978 3345 2471 3419 παραδοθήσεσθαι.
2508 3347 2694 3400 Ταῦτα
2723 3347 2962 3417 Μωσῆς,
3017 3344 3190 3398 ταῦτα
3238 3346 3294 3399 δὲ
3337 3347 3572 3400 καὶτῶν

1977 3441 2176 3493 λοιπῶν
2205 3439 2501 3512 προφητῶν
2524 3439 2731 3502 παῖδες,
2763 3439 2810 3491 οἳ
2842 3439 3040 3502 πάντες
3067 3436 3127 3504 ἐξ
3154 3439 3272 3501 ἑνὸς
3300 3440 3574 3508 στόματος

1979 3533 2405 3604 προεκήρυττον.
2438 3533 2548 3584 Καὶ
2593 3530 2736 3584 τοῦτ’
2769 3527 2838 3602 ἦν
2870 3531 2930 3584 τὸ
2979 3530 3080 3601 τῆς
3123 3533 3203 3594 εἰς
3247 3530 3574 3602 ἀνθρώπους

1976 3625 2069 3678 τοῦ
2101 3624 2245 3677 θείου
2281 3623 2597 3695 Πνεύματος
2629 3625 2898 3694 ἐπιφορᾶς
2948 3625 3155 3686 αἴτιον,
3192 3621 3397 3688 διδάξαι
3444 3622 3571 3674 θεο-

1976 3716 2212 3786 γνωσίαν
2241 3713 2580 3786 ἀνθρώπους,
2614 3714 2708 3766 καὶ
2745 3713 2842 3784 τὴν
2887 3714 3146 3766 ἀνωτάτω
3174 3712 3303 3784 περί
3352 3711 3573 3782 Πατρὸς

1977 3810 2070 3862 καὶ
2105 3807 2237 3860 Υἰοῦ
2283 3805 2595 3874 θεολογίαν,
2634 3804 2923 3859 παιδεῦσαί
2977 3823 3038 3857 τε
3083 3805 3284 3873 τρόπον
3327 3803 3570 3873 ἀληθοῦς

1975 3899 2280 3962 εὐσεϐείας,
2317 3897 2412 3952 καὶ
2445 3897 2818 3968 μνημονεῦσαι
2843 3896 2950 3949 τῶν
2989 3896 3155 3950 πάλαι
3199 3895 3568 3966 κατωρθωκό-

1974 4010 2103 4055 των,
2129 3991 2220 4044 τόν
2245 4007 2304 4042 τε
2331 3988 2470 4060 μετά
2493 3987 2698 4042 τούτων
2721 3987 2940 4057 ἔλεγχον
2966 3985 3054 4039 διὰ
3077 3985 3304 4057 μακρῶν
3327 3986 3568 4054 ὲκφᾶναι

1975 4083 2166 4151 λόγων,
2191 4082 2444 4136 θεσπίσαι
2472 4098 2530 4133 τε
2562 4081 2661 4152 τὴν
2701 4081 3004 4151 παρουσίαν
3030 4080 3124 4132 τοῦ
3168 4078 3419 4149 Σωτῆρος
3462 4075 3566 4129 καὶ

1973 4172 2295 4227 διδασκάλου
2317 4171 2410 4224 τοῦ
2448 4171 2648 4234 παντὸς
2669 4171 2973 4243 ἀνθρώπων
2999 4171 3210 4240 γένους,
3238 4170 3332 4224 καὶ
3369 4169 3469 4239 τὴν
3485 4169 3566 4220 δ.’

1974 4267 2136 4320 αὐτοῦ
2165 4267 2264 4338 τῆς
2292 4265 2528 4329 παλαιᾶς
2544 4264 2601 4332 ἐξ
2635 4264 2904 4336 Ἑϐραίων
2927 4265 3237 4328 θεοσεϐείας
3262 4265 3341 4326 εἰς
3383 4263 3567 4316 πάντα

1973 4360 2043 4418 τά
2094 4358 2223 4429 ἔθνη
2264 4357 2548 4429 μετάδοσιν
2602 4356 2968 4428 προκηρύξαι.
3032 4356 3218 4409 Ταῦτα
3276 4351 3343 4426 ἦν
3386 4353 3455 4407 τά
3498 4353 3566 4420 ἐξ

283 4471 373 4511 res
405 4455 757 4514 Hebraorum
803 4458 1089 4529 religionis
1142 4467 1415 4516 amatores
1473 4473 1868 4528 servaverant,

1984 4450 2166 4515 αἰῶνος
2210 4449 2432 4521 στήλαις
2469 4449 2564 4503 καὶ
2604 4449 2806 4520 βίϐλοις
2873 4450 3044 4520 ἱεραῖς
3087 4449 3197 4500 τῶν
3263 4445 3566 4518 προφητῶν

284 4547 622 4617 prodendum
675 4564 798 4605 esse
855 4551 1145 4606 canebant.
1188 4551 1314 4607 Rrec
1345 4552 1546 4618 Moses,
1589 4555 1703 4610 haec
1738 4555 1867 4610 reli-

283 4640 376 4707 qui
432 4640 560 4695 item
613 4642 912 4712 pruphetae,
943 4643 1039 4712 qui
1097 4659 1289 4700 omnes
1323 4645 1378 4699 in
1414 4661 1523 4700 uno
1553 4661 1648 4702 ore
1669 4688 1684 4711 ,
1718 4650 1866 4718 quod

283 4739 401 4785 erat
428 4730 692 4795 futurum,
719 4732 1083 4802 nuntiabant;
1123 4744 1286 4805 atque
1303 4737 1418 4791 haec
1437 4746 1557 4792 erat
1579 4754 1749 4795 causa.
1767 4755 1869 4794 cur

283 4821 506 4878 divinus
524 4822 762 4894 Spiritus
785 4823 992 4880 amaret
1021 4826 1273 4884 homines
1323 4837 1378 4883 et
1430 4831 1770 4901 corriperet,
1805 4839 1867 4886 ut

288 4912 546 4969 videlicet
574 4913 668 4969 Dei
699 4914 1072 4985 cognitionem
1117 4918 1289 4989 ipsos,
1349 4937 1770 4993 supremamque
1798 4924 1866 4980 de

281 5002 448 5059 Patre
474 5019 540 5060 ac
573 5003 714 5060 Filio
743 5007 1074 5079 theologiam
1109 5010 1364 5081 doceret,
1409 5013 1715 5086 iisdemque
1753 5025 1866 5070 tra-

281 5093 438 5150 deret
467 5110 608 5151 verae
651 5097 800 5155 illius
823 5101 1044 5168 pietatis
1076 5117 1283 5158 morem
1312 5143 1328 5164 ,
1361 5111 1417 5160 et
1436 5105 1506 5160 ad
1548 5108 1865 5162 memoriam

281 5186 557 5256 redigeret
585 5202 683 5244 eos
710 5190 812 5259 qui
835 5190 1113 5260 quondam
1135 5207 1326 5248 omnes
1352 5193 1655 5251 honestatis
1683 5201 1871 5267 partes

280 5276 739 5348 eomplevissent,
772 5297 989 5338 necnon
1024 5300 1120 5342 eos
1169 5286 1264 5356 qui
1292 5287 1694 5358 posterioribus
1731 5295 1870 5342 tem-

280 5367 508 5436 poribus
532 5382 561 5420 a
583 5369 785 5438 pietate
813 5372 1030 5443 rituque
1057 5374 1328 5444 majorum
1365 5390 1593 5430 suorum
1629 5375 1868 5430 excidis-

279 5469 436 5522 sent,
479 5474 683 5530 eosque
730 5463 893 5536 longa
925 5466 1184 5522 oratione.
1219 5466 1686 5536 reprehenderet:
1739 5467 1874 5522 item.

279 5561 503 5608 caneret
545 5554 837 5611 adventum
885 5556 1188 5614 Salvatoris
1229 5574 1293 5614 ae
1325 5559 1575 5616 Doctoris
1628 5561 1876 5620 universi.

277 5643 507 5699 humani
540 5649 779 5717 generis,
812 5657 869 5705 et
901 5665 998 5719 per
1025 5649 1180 5706 illum
1207 5651 1263 5706 in
1296 5659 1527 5707 cunctas
1560 5661 1750 5723 gentes
1774 5667 1874 5717 ana

277 5738 447 5806 tique!
463 5735 817 5798 Hebraeorum
835 5741 1114 5813 religionis
1135 5743 1585 5818 propagationem
1607 5741 1876 5814 futuram,

1970 4545 2276 4616 συμφώνως
2319 4541 2818 4614 ἀναπεφωνημένα.
2862 4540 3014 4593 Αὐτά
3059 4539 3122 4610 δὴ
3147 4537 3354 4601 ταῦτα,
3399 4537 3434 4591 ἃ
3465 4539 3564 4591 καὶ

1968 4640 2135 4709 ἡμῖν,
2185 4638 2369 4700 αὐτοῖς
2411 4635 2709 4706 ὀφθαλμοῖς
2761 4631 2898 4704 μετὰ
2937 4633 3029 4686 τὸν
3081 4632 3294 4703 μακρὸν
3345 4630 3516 4685 αἰῶνα
3543 4672 3560 4693 ,

1967 4733 2139 4785 εἰσέτι
2191 4731 2285 4785 νῦν
2347 4729 2699 4802 πληρούμενα
2748 4729 3040 4799 συνορᾶται
3069 4743 3082 4757 °
3143 4728 3244 4797 μιᾷ
3302 4725 3361 4778 δὲ
3405 4725 3562 4795 φωνῇ

1968 4830 2167 4893 πάντες
2206 4824 2350 4884 οὗτοι
2383 4828 2477 4882 καὶ
2499 4828 2628 4898 θείῳ
2656 4825 2939 4896 Πνεύματι
2978 4827 3222 4896 κάτοχοι,
3257 4826 3428 4878 πᾶσιν
3465 4827 3563 4878 ἀν-

1969 4920 2206 4992 θρώποις
2251 4923 2312 4974 τὸ
2359 4920 2474 4990 φῶς
2523 4921 2622 4989 τῆς
2665 4916 2900 4990 ἀληθοῦς
2950 4919 3358 4990 προεκήρυττον
3404 4917 3564 4969 εὐσε-

1967 5011 2152 5075 ϐείας’
2187 5012 2410 5080 άγνείαν
2451 5028 2510 5064 τε
2545 5010 2725 5081 ψυχῆς
2766 5010 2860 5064 καὶ
2895 5008 3169 5079 σώματος,
3214 5007 3454 5078 παντελῆ
3495 5026 3559 5061 τε

1969 5103 2232 5176 κάθαρσιν
2255 5104 2513 5166 διανοίας,
2537 5103 2604 5174 ἢν
2628 5101 2783 5156 αὐτο)⁵
2806 5102 3069 5174 πρότερον
3092 5099 3418 5171 ⁴ἰισκηκότες,
3447 5100 3561 5161 τοῖς

1970 5195 2230 5266 ὑπηκόοις
2255 5193 2655 5264 προύϐάλλοντο
2675 5233 2691 5258 ,
2742 5192 2921 5264 πάσης
2955 5191 3254 5246 ἀκολάστου
3303 5190 3566 5260 πράξεως-

1969 5288 2093 5350 τούς
2141 5287 2464 5358 προσιόντας
2512 5285 2868 5357 ἀπείργοντες
2905 5323 2919 5348 ,
2968 5284 3102 5355 μηδὲ
3133 5285 3232 5353 τῆς
3291 5281 3557 5334 πολυθέου

1970 5380 2178 5450 πλάνης
2215 5377 2611 5449 ἀπομιμεῖσθαι
2642 5375 2740 5440 τὰς
2785 5376 3086 5446 ἐκθέσμους
3140 5371 3555 5442 ἐπιτηδεύσεις,

1972 5468 2352 5542 προτροπάδην
2368 5467 2425 5520 δὲ
2447 5467 2669 5536 φεύγειν
2679 5466 3019 5528 διδάσκοντες
3041 5466 3220 5518 πᾶσαν
3233 5461 3562 5533 δαιμονικὴν.

1972 5561 2305 5632 ἐγχείρησιν,
2332 5559 2428 5613 καὶ
2461 5559 2561 5622 τὰς
2593 5557 2758 5612 πάλαι
2797 5556 3297 5626 περισπουδάστους
3337 5555 3554 5619 ὲκείνας

1971 5651 2458 5724 ἀνθρωποθυσίας,
2517 5648 2617 5715 τάς
2667 5667 2727 5703 τε
2772 5648 3006 5720 αἰσχρὰς
3073 5648 3167 5700 καὶ
3221 5647 3551 5718 ἐπιρῤήτους

1977 5746 2103 5815 περὶ
2142 5743 2279 5810 θεῶν
2316 5743 2594 5814 διηγήσεις
2614 5784 2636 5810 ,_
2659 5737 2733 5797 ῶν
2778 5741 3168 5820 ἀπείργοντες,
3205 5738 3354 5810 μόνῳ
3386 5753 3551 5809 προσ-
