3846 6218
208 350 321 406 343

1135 352 1786 411 DEMONSTRATIONIS
1824 353 2285 412 EVANGELICE
2320 352 2450 409 LIB.
2490 352 2558 410 Ὗ.

3377 355 3484 414 διο

207 471 429 541 ἀνέχειν
479 441 866 530 συνεϐούλευον
912 475 991 547 τῷ
1014 476 1234 533 πάντων
1275 477 1592 548 δημιουργῷ
1649 477 1790 548 Θεῷ,

1894 479 2195 534 nuntiaret.
2249 475 2376 531 Haec
2407 483 2534 532 sunt
2567 490 2688 546 quae
2727 475 2797 530 ab
2851 474 3010 528 initio
3035 481 3090 528 et
3119 473 3310 529 titulus
3340 483 3394 530 et
3414 476 3484 530 li-

205 558 300 616 οἷα
333 564 515 636 ἐφόρῳ
558 568 653 620 καὶ
701 569 859 641 κριτῇ
909 569 1228 642 τυγχάνοντι
1257 570 1365 624 τῶν
1399 573 1456 623 ἐν
1485 569 1792 640 ἀνθρώποις

207 658 602 729 πραττομένων
621 675 636 690 ο
674 660 808 730 μηδὲ
837 662 1050 731 ἀγνοεῖν
1077 662 1170 714 τὸν
1204 661 1464 733 μέλλοντα
1491 663 1570 726 εἰς
1592 661 1794 732 ἀνθρώ-

205 763 348 811 πους
391 749 681 819 ἐπιδημεῖν
712 751 944 822 Χριστὸν
986 751 1081 804 τοῦ
1131 751 1288 817 Θεοῦ,
1320 753 1546 823 Σωτῆρα
1593 752 1793 816 παντὸς

200 837 400 906 γένους
449 837 776 911 ἀνθρώπων,
809 841 906 894 καὶ
954 842 1269 896 διδάσκαλον
1317 843 1606 914 βαρϐάρων
1655 842 1791 913 ὁμοῦ

200 929 303 982 καὶ
343 929 606 1000 Ἐλλήνων
637 931 920 996 εὐσεϐείας
973 934 1069 1005 τῆς
1114 932 1348 1005 ἀληθοῦς
1378 933 1791 1004 καταστησόμε-

197 1035 317 1074 νον.
347 1021 613 1075 Τοσοῦτόν
638 1040 692 1076 τι
731 1019 800 1095 ἦν
827 1024 889 1076 τὺ
915 1024 1169 1097 διάφορον
1200 1026 1307 1079 τῶν
1353 1027 1456 1080 ὑπὸ
1508 1025 1599 1080 τοῦ
1646 1025 1790 1079 θείου

200 1112 525 1183 Πνεύματος
548 1114 796 1185 κατόχων
843 1117 939 1168 καὶ
988 1115 1096 1170 τῶν
1148 1119 1253 1170 ὑπὸ
1296 1117 1615 1189 ὢιμονικῆς
1641 1119 1792 1189 ὲνερ-
1831 1155 1836 1157 -

198 1203 364 1272 τείας
394 1205 752 1276 μαντεύεσθαι
787 1208 1290 1280 προσποιουμένων.
1319 1205 1453 1263 Εἶτα
1482 1210 1544 1262 τὸ
1568 1209 1665 1280 μὲν
1690 1227 1790 1262 πο-

196 1297 368 1368 νηρὸν
421 1297 718 1368 δαιμόνιον,
761 1294 852 1352 οἷα
913 1301 1137 1363 σκότους
1186 1302 1404 1366 οἰκεῖον,
1453 1301 1642 1356 σκότον
1694 1301 1791 1354 καὶ

195 1385 371 1455 ἀχλὺν
402 1386 727 1456 περιϐάλλον
751 1390 818 1459 τῇ
845 1387 990 1460 ψυχῇ
1025 1389 1113 1442 διὰ
1138 1389 1238 1459 τῆς
1271 1391 1670 1460 ἐμφοιτήσεως,
1695 1389 1788 1443 τοῦ

198 1475 486 1548 ὑποφήτου
533 1472 624 1531 οἷα
671 1480 866 1551 νεκρὸν
916 1480 1150 1552 ὲξήπλου
1196 1481 1291 1535 τοῦ
1338 1481 1482 1536 κατά
1514 1481 1673 1550 φύσιν
1699 1482 1787 1534 λο-

191 1565 401 1636 γισμοῦ
442 1570 937 1640 παρενηνεγμένον,
969 1572 1078 1624 οὐδ’
1111 1572 1372 1643 ἑπόμενον
1409 1575 1522 1636 τοῖς
1563 1572 1790 1644 λεγομέ-

192 1674 312 1720 νοις
339 1657 374 1728 ἢ
408 1660 808 1730 πραττομένοις
835 1661 903 1716 δι’
929 1662 1117 1728 αὐτοῦ,
1151 1665 1428 1730 παντελῶς
1458 1667 1503 1719 δ’
1529 1667 1788 1740 ἀναίσθη-

188 1762 288 1800 τον
313 1747 408 1800 καὶ
439 1749 795 1820 παράφρονα·
830 1750 958 1823 παρ’
990 1752 1020 1805 ὅ
1045 1752 1140 1806 καὶ
1173 1755 1451 1823 μαντείαν,
1486 1754 1674 1827 ῶσπερ
1699 1771 1784 1808 τι⁹

186 1837 262 1892 νά
297 1839 521 1908 μανίαν,
549 1819 776 1905 εἰκότως
812 1819 1023 1896 ἐοίκασι
1065 1819 1400 1914 τὴν-τοιάνδε
1431 1819 1784 1900 κατάπτωσιν
1819 1819 1860 1874 Β

183 1929 618 2003 ἐπικεκληκέναι
636 1950 650 1963 ο
677 1932 742 1986 τὸ
787 1933 844 1987 δέ
885 1951 948 2004 γε
975 1935 1191 2005 ἀληθῶς
1213 1937 1308 1990 καὶ
1329 1935 1507 1989 ἔνθεον
1538 1937 1782 2008 Πνεῦμα,

183 2024 503 2093 φωτοειδὲς,
538 2025 740 2096 μᾶλλον
765 2027 822 2080 δέ
851 2027 968 2096 φῶς
995 2029 1126 2082 αὐτὸ
1161 2030 1448 2100 τυγχάνον,
1541 2031 1605 2084 ἂν
1634 2031 1786 2084 ἐπέλ-

180 2115 262 2188 θῃ
285 2115 457 2188 ψυχῇ,
485 2117 676 2189 καινὴν
705 2120 1045 2192 παραχρῆμα
1074 2123 1168 2175 καὶ
1195 2121 1585 2195 λαμπροτάτην
1606 2125 1785 2194 φωτὸς

180 2205 408 2276 ἡμέραν
455 2208 514 2260 ἐν
560 2207 700 2280 αὐτῇ
729 2209 1142 2282 κατειργάζετο,
1175 2211 1561 2284 διαυγεστέραν
1591 2231 1651 2267 τε
1689 2215 1784 2268 καὶ

181 2296 679 2372 θεωρητικωτὲραν
725 2301 860 2355 πολὺ
909 2301 1072 2356 πλέον
1121 2302 1218 2356 νῦν
1258 2304 1291 2376 ἢ
1327 2305 1589 2377 πρότερον
1612 2306 1782 2377 αὐτὴν

176 2387 362 2456 αὐτῆς
383 2388 706 2458 ἀποφαῖνον,
750 2390 892 2444 ῶστε
911 2395 1104 2464 νήφειν
1128 2394 1222 2448 καὶ
1241 2397 1624 2467 ἐγρηγορέναι,
1655 2414 1781 2450 συν-

174 2480 322 2549 ορᾷν
351 2495 411 2532 τε
429 2481 648 2535 πάντων
683 2483 919 2554 μάλιστα
953 2487 1046 2538 καὶ
1079 2487 1390 2558 συγκρίνειν
1424 2488 1494 2542 τὰ
1532 2489 1782 2554 θεσπιζό-

177 2583 329 2636 μενα
348 2584 362 2597 ·
394 2572 524 2639 παρ’
551 2571 579 2623 ὃ
607 2588 698 2642 μοι
727 2573 992 2645 δοκοῦμεν
1019 2571 1078 2630 εὖ
1111 2578 1206 2630 καὶ
1238 2577 1452 2647 ἀληθῶς
1497 2584 1780 2651 προφήτας

170 2661 483 2714 ἀποκαλεῖν
505 2665 632 2728 τοὺς
652 2665 915 2728 τοιούσδε,
936 2667 1088 2738 παρὰ
1107 2669 1170 2722 τὸ
1194 2670 1512 2741 προφαίνειν
1534 2674 1628 2727 καὶ
1648 2691 1781 2744 προ-

172 2751 448 2820 φωτίζειν
477 2755 534 2807 ἐν
563 2755 747 2820 αὐτοῖς
773 2759 834 2810 τὸ
863 2758 1002 2811 θεῖον
1029 2759 1254 2831 Πνεῦμα
1283 2764 1356 2834 μὴ
1383 2763 1542 2829 μόνον
1569 2763 1637 2816 τά
1672 2782 1778 2817 πα-

173 2844 373 2915 ρόντα,
401 2845 540 2898 ἀλλά
583 2848 677 2900 καὶ
725 2849 836 2902 τῶν
889 2849 1192 2919 μελλόντων
1236 2852 1408 2924 ἀληθῆ
1442 2853 1537 2907 καὶ
1575 2854 1775 2926 ἀκριϐῆ

170 2932 412 3000 γνῶσιν.
445 2935 725 3004 Σκέψασθε
755 2937 811 2991 δὲ
840 2940 889 2991 εἰ
923 2941 997 3010 μὴ
1030 2940 1163 2993 πολὺ
1203 2943 1465 3013 κρείττων
1493 2937 1649 3007 οὗτος
1682 2944 1777 2998 καὶ

167 3027 393 3100 ἀληθὴς
423 3029 452 3082 ό
479 3028 657 3099 λόγος,
690 3031 914 3100 φάσκων
966 3033 1190 3105 Πνεῦμα
1240 3033 1379 3088 θεῖον
1411 3035 1613 3106 ψυχαῖς
1658 3037 1778 3088 ἐπι-

1894 568 2008 624 bris
2041 569 2217 624 sacris
2245 567 2632 638 praphetarum
2657 605 2674 631 ,
2705 563 2963 620 concordi
3016 579 3151 620 voce
3201 566 3480 621 enuntiata

1886 659 2139 724 fuerunt;
2164 659 2303 730 ipsa,
2333 660 2578 730 inquam,
2609 658 2744 724 haec,
2765 673 2886 728 qua:
2906 657 3070 713 etiam
3095 673 3198 712 nos
3221 666 3346 728 post
3361 659 3480 712 lon-

1891 753 2180 824 gissimum
2223 760 2461 822 tempus,
2494 750 2763 805 hodierno
2799 750 2918 819 ipso
2947 749 3036 804 die
3057 750 3319 817 compleri
3345 765 3480 804 ocu-

1891 846 1962 900 lis
1991 845 2194 901 nostris
2223 845 2518 899 intuemur.
2550 841 2616 896 Hi
2647 858 2776 897 vero
2802 857 2994 896 omnes
3016 857 3127 895 uno
3148 856 3264 906 ore,
3291 840 3478 896 divino

1894 935 2101 1005 Spiritu
2131 935 2318 1002 afllati,
2355 935 2569 990 cunctis
2598 934 2912 988 hominibus
2960 934 3142 986 lumen
3186 947 3329 987 verae
3372 935 3479 1002 pie-

1891 1027 2021 1081 tatis
2052 1027 2386 1096 aperiebant,
2421 1033 2582 1094 atque
2615 1026 2812 1078 animze
2854 1029 2909 1077 et
2965 1022 3212 1092 corporis
3261 1022 3479 1077 castita-

1892 1128 1998 1173 tem
2039 1117 2446 1188 perfectamque
2477 1116 2674 1171 mentis
2703 1115 3084 1184 purgationem
3120 1113 3477 1167 commenda-

1890 1208 2042 1262 bant.
2077 1208 2250 1274 Quam
2275 1223 2400 1262 cum
2425 1207 2528 1277 ipsi
2555 1208 2708 1276 prius
2730 1206 3125 1268 exercuissent,
3154 1205 3222 1258 iis
3247 1204 3339 1273 qui
3367 1203 3473 1259 sibi

1891 1301 2303 1364 auscultarent,
2353 1298 2766 1369 proponebant,
2803 1304 2857 1352 et
2891 1297 2958 1352 ab
2987 1296 3136 1350 omni
3168 1297 3349 1350 minus
3379 1297 3474 1350 ho-

1890 1400 2045 1445 nesta
2074 1393 2288 1446 actione
2313 1406 2409 1445 eos
2438 1391 2528 1459 qui
2555 1389 2620 1442 ad
2651 1403 2709 1442 se
2736 1387 3078 1451 accederent,
3109 1386 3473 1455 prohibebant

1889 1480 2364 1550 deterrebantque,
2393 1495 2462 1534 ne
2494 1478 2675 1533 studia
2719 1478 2810 1530 illa
2857 1477 3062 1531 nefaria
3122 1475 3474 1529 imitarentur

1888 1589 2018 1644 qua:
2031 1574 2097 1627 ab
2121 1588 2304 1628 errore
2321 1571 2537 1626 colendi
2556 1569 2760 1624 multos
2777 1569 2909 1624 deos
2940 1568 3180 1639 profecta
3209 1567 3425 1621 fuerant
3452 1585 3466 1620 :

1888 1676 2006 1721 tum
2038 1667 2303 1737 praecipiti
2334 1665 2574 1736 quodam
2605 1680 2772 1720 cursu
2800 1663 3090 1726 docebant,
3131 1672 3192 1716 ut
3220 1660 3470 1730 fugerent

1889 1772 2108 1812 omnem
2121 1757 2481 1811 daemonicam
2499 1753 3202 1822 traditionem,priscasque
3217 1751 3338 1804 illas
3356 1765 3470 1803 om-

1887 1849 1943 1902 ni
1961 1847 2145 1902 studio
2157 1848 2459 1902 celebratas
2471 1847 2754 1900 hominum
2771 1844 3156 1906 mactationes,
3170 1841 3468 1896 obscenas-

1893 1949 1999 2004 que
2029 1934 2098 1989 de
2115 1933 2226 1990 diis
2257 1941 2312 1989 et
2345 1933 2613 1989 nefandas
2641 1931 3026 1986 narrationes:
3060 1947 3088 1984 a
3118 1930 3318 1999 quibus
3341 1944 3466 1984 cum

1885 2023 2136 2078 homines
2156 2025 2531 2094 prohiberent,
2551 2039 2723 2079 unum
2740 2022 2980 2077 universi
3003 2022 3250 2091 Opificem
3269 2019 3464 2086 Deum,

1886 2114 2051 2185 209
2081 2117 2240 2186 quasi
2271 2115 2558 2186 praesidem
2593 2129 2657 2168 ac
2691 2113 2935 2183 judicem
2969 2113 3214 2167 omnium
3241 2127 3363 2181 quae
3395 2112 3465 2166 ab

1885 2205 2201 2258 hominibus
2246 2211 2500 2272 agantur,
2550 2210 2610 2257 ut
2640 2201 3006 2265 attenderent,
3048 2201 3460 2255 hortabantur:

1884 2304 2048 2367 atque
2102 2297 2322 2350 interim
2375 2312 2443 2350 ne
2482 2297 2802 2366 ignorarent
2850 2309 2998 2357 eum,
3050 2293 3144 2362 qui
3196 2299 3464 2355 venturus

1881 2393 1998 2440 erat
2029 2386 2096 2439 ad
2121 2386 2390 2449 homines,
2428 2386 2710 2441 Christum
2747 2386 2935 2455 utique
2973 2384 3089 2449 Dei,
3121 2383 3460 2437 Salvatorem

1882 2477 2125 2531 universi
2164 2477 2388 2530 humani
2412 2478 2653 2547 generis,
2686 2492 2750 2531 ac
2776 2478 3064 2531 Doctorem
3115 2490 3224 2529 non
3275 2474 3460 2528 minus

1880 2567 2130 2622 barbaris
2179 2582 2343 2636 quam
2395 2568 2600 2622 Graecis
2651 2585 2789 2622 verae
2838 2569 3056 2639 pietatis
3101 2567 3456 2621 destinatum.

1881 2658 2008 2714 Haec
2061 2674 2192 2714 sane
2244 2666 2363 2714 erat
2416 2658 2727 2714 differentia
2762 2661 2907 2714 inter
2935 2674 3032 2714 eos
3063 2659 3157 2728 qui
3191 2655 3456 2727 Spiritum

1881 2751 1977 2806 Dei
2005 2760 2342 2822 receperant,
2375 2759 2430 2806 et
2459 2768 2554 2807 eos
2583 2753 2677 2821 qui
2723 2752 3027 2806 daemonico
3079 2751 3344 2805 instinctu
3370 2748 3457 2803 di-

1878 2843 2210 2897 vinationem
2271 2841 2692 2912 profitebantur.
2744 2841 2948 2896 Deinde
2977 2855 3203 2910 pravum
3234 2836 3453 2908 quidem

1879 2934 2309 3004 unumquodque
2377 2934 2704 2989 daemonium
2773 2942 3033 3002 tanquam
3102 2929 3452 2984 tenebrarum

1878 3028 2134 3094 amicum,
2181 3027 2424 3081 animum
2471 3025 2711 3081 tenebris
2751 3033 2806 3079 et
2861 3023 3092 3093 caligine
3147 3020 3453 3085 involvens,

166 3121 377 3214 φοιτᾷν
414 3119 877 3192 κεκαθαρμέναις,
905 3123 1000 3176 καὶ
1045 3123 1121 3195 νῷ
1171 3124 1374 3198 λογικῷ
1423 3128 1518 3180 καὶ
1564 3127 1776 3196 διαυγεῖ

1878 3134 2105 3174 accessu
2146 3133 2247 3173 suo
2275 3131 2661 3188 quemcunque
2697 3114 2800 3169 sibi
2837 3114 3168 3183 subjecerat,
3215 3109 3452 3164 naturali

163 3207 318 3280 πρὸς
342 3208 612 3282 ὑποδοχὴν
635 3211 730 3264 τοῦ
764 3211 920 3265 Θείου
951 3217 1512 3287 παρεσκευασμέναις,
1547 3219 1580 3290 ἢ
1607 3221 1634 3271 ὁ
1662 3218 1773 3272 τῶν

1877 3229 1980 3269 usu
2011 3212 2242 3268 rationis
2274 3212 2646 3274 deturbatum,
2678 3210 2836 3278 quasi
2864 3215 3138 3290 mortuum
3171 3203 3453 3260 distende-

165 3299 233 3352 ἐν
267 3298 467 3370 ἀψύχῳ
497 3299 598 3373 ὕλῃ
630 3302 724 3354 καὶ
748 3303 984 3366 σκοτίοις
1015 3307 1206 3374 μυχοῖς
1229 3305 1685 3367 ἐναποκλειόντων
1712 3305 1774 3358 τὸ

161 3387 355 3455 Θεῖον,
385 3388 443 3440 έν
475 3406 535 3442 τε
565 3389 836 3458 γυναικῶν
869 3391 964 3443 καὶ
997 3391 1208 3463 ἀνδρῶν
1259 3392 1319 3445 οὐ
1362 3392 1633 3464 καθαραῖς
1677 3392 1774 3462 ψυ-

163 3481 324 3550 χαῖς,
357 3478 460 3551 ήδη
491 3479 546 3532 δὲ
577 3481 669 3533 καὶ
697 3481 790 3533 ἐπὶ
817 3481 1058 3553 κόρακας
1089 3483 1182 3536 καὶ
1213 3482 1437 3554 ἱέρακας
1464 3484 1558 3536 καὶ
1579 3483 1772 3546 ἄλλους

159 3571 425 3634 οἰωνοὺς,
458 3570 550 3624 ἐπί
581 3589 641 3625 τε
669 3568 830 3642 αἶγας
854 3575 949 3627 καὶ
976 3573 1112 3628 ἄλλα
1138 3573 1274 3640 ζῶα,
1302 3575 1390 3630 ναὶ⁹
1423 3575 1530 3646 μὴν
1560 3575 1654 3628 καὶ
1677 3577 1770 3629 ἐπὶ

159 3661 388 3715 ὑδάτων
429 3662 735 3727 συστάσεις,
765 3663 822 3718 έν
853 3682 914 3717 τε
944 3666 1396 3736 ἡπατοσκοπίαις,
1435 3666 1528 3719 καὶ
1571 3667 1768 3737 αἵμασι

158 3753 417 3826 νοσερῶν
455 3757 550 3808 καὶ
577 3755 1168 3827 εἰδεχθῶνςκνωδάλων,
1201 3757 1448 3829 ἑρπετῶν
1462 3776 1522 3812 τε
1547 3758 1766 3813 ἰοϐόλων

158 3844 445 3916 σώμασιν,
477 3841 586 3899 οἷον
624 3847 932 3919 δρακόντων
981 3849 1076 3902 καὶ
1121 3849 1322 3919 γαλῶν,
1359 3849 1452 3904 καί
1483 3868 1644 3905 τινων
1673 3850 1767 3904 άλ-

154 3936 273 3989 λων
303 3937 757 4008 τοιουτοτρόπων,
787 3939 855 3992 δι’
885 3935 960 3992 ὧν
991 3939 1090 4011 τὴν
1139 3941 1249 3994 τῶν
1300 3942 1601 4012 μελλόντων
1629 3941 1763 4014 πρός

155 4047 374 4100 γνωσιν
407 4032 458 4084 οί
486 4032 780 4102 θαυμάσιοι
808 4033 900 4087 τὸν
940 4035 1032 4088 ἐπὶ
1065 4035 1282 4090 πάντων
1311 4036 1446 4090 Θεὸν
1483 4039 1762 4108 ἐκφαίνειν

154 4123 529 4195 ὑπειλήφασι.
562 4123 733 4178 Τοῦτο
775 4126 822 4180 δ’
852 4126 1066 4198 ἀνδρῶν
1107 4123 1176 4199 ἦν
1226 4127 1302 4200 μὴ
1335 4131 1759 4201 συνεωρακότων

152 4215 303 4270 Θεοῦ
337 4216 522 4284 φύσιν,
563 4216 697 4286 μηδέ
726 4234 791 4286 γε
820 4218 966 4272 θείου
989 4205 1305 4290 Πνεύματος
1331 4220 1558 4292 δύναμιν
1581 4223 1761 4276 ἐπινε-

147 4307 465 4376 νοηκότων,
501 4307 749 4378 οὐδαμῶς
801 4311 898 4381 μὲν
953 4311 1435 4383 ἐμφιλοχωροῦσαν
1466 4312 1693 4384 ἀψύχοις
1721 4314 1755 4385 ἢ

145 4399 385 4467 ἀλόγοις
433 4397 613 4464 ζώοις,
646 4399 761 4453 ἀλλ’
789 4401 898 4454 οὐδ’
929 4403 986 4455 ἐν
1033 4401 1270 4471 λογικοῖς
1319 4403 1544 4469 ἀπασιν,
1577 4407 1626 4458 εί
1681 4408 1753 4478 μή

1874 3307 1986 3361 bat.
2025 3303 2214 3375 Itaque
2248 3305 2339 3358 ille
2358 3311 2620 3372 tanquam
2662 3302 2809 3355 omni
2846 3287 3010 3354 sensu
3044 3297 3335 3368 spoliatus,
3367 3295 3451 3349 fa-

1871 3406 2103 3466 ctusque
2132 3410 2342 3457 amens,
2373 3393 2503 3464 quid
2543 3408 2572 3446 a
2617 3407 2677 3448 se
2706 3391 2789 3445 vel
2829 3390 3103 3444 diceretur
3133 3387 3220 3443 vel
3254 3401 3446 3456 agere-

1872 3497 1981 3551 tur,
2009 3485 2324 3556 neutiquam
2353 3484 2710 3555 intelligentia
2743 3482 3201 3552 consequebatur.
3239 3479 3315 3534 Ex
3339 3493 3447 3550 qua

1869 3596 1930 3635 re
1965 3579 2161 3634 merito
2195 3577 2508 3633 istiusmodi
2556 3575 2872 3632 alienationi
2921 3589 3119 3628 nomen
3167 3573 3447 3641 imposueo

1869 3679 2020 3735 runt,
2054 3671 2201 3740 quod
2241 3685 2366 3724 cum
2397 3669 2791 3724 divinationem
2838 3665 3124 3736 significet,
3181 3678 3212 3717 a
3260 3663 3448 3717 furore

1865 3763 2084 3819 videtur
2124 3778 2248 3820 esse
2287 3761 2605 3817 deductum.
2661 3757 2837 3815 Verus
2885 3767 3067 3812 autem
3115 3755 3448 3826 divinusque

1867 3855 2110 3928 Spiritus
2143 3870 2268 3910 cum
2315 3853 2712 3916 lucidissimus,
2753 3866 2817 3904 ac
2858 3851 3040 3920 potius
3074 3849 3192 3919 ipsa
3226 3849 3319 3902 lux
3348 3849 3445 3912 sit,

1865 3949 1932 4003 ad
1962 3962 2347 4018 quamcunque
2380 3945 2618 3999 animam
2643 3949 2977 4005 accesserat,
3009 3945 3064 3996 in
3089 3957 3153 3996 ea
3179 3943 3445 3996 continuo

1862 4057 2064 4100 novum
2125 4057 2188 4096 ac
2239 4039 2746 4112 splendidissimum
2799 4037 2940 4092 lucis
2983 4037 3126 4092 diem
3157 4050 3443 4107 compara.-

1859 4136 1976 4199 bat,
2007 4134 2366 4205 eamdemque
2394 4141 2448 4187 et
2481 4133 2712 4188 nitidam
2753 4138 2808 4188 et
2847 4131 2915 4185 ad
2959 4129 3440 4199 contemplandum

1861 4224 2134 4290 idoneam,
2159 4226 2332 4280 multo
2363 4224 2599 4294 amplius
2628 4238 2775 4278 nunc
2797 4237 2960 4293 quam
2987 4221 3138 4291 prius
3158 4236 3283 4276 esse
3305 4234 3442 4274 con-

1860 4318 2155 4382 suevisset,
2190 4317 2473 4372 reddebat.
2506 4313 2697 4386 Itaque
2730 4330 2854 4369 cum
2889 4315 3126 4368 maxime
3165 4320 3220 4368 et
3263 4311 3437 4368 sobrii

1859 4417 2039 4474 erant,
2064 4417 2119 4465 et
2148 4409 2464 4480 vigilabant,
2497 4416 2552 4464 et
2582 4424 2691 4481 prae
2725 4408 2848 4462 aliis
2893 4407 3149 4461 omnibus
3182 4420 3306 4476 quae
3338 4419 3434 4459 ca-

146 4507 295 4544 ποτε
369 4490 482 4561 ἄρα
526 4490 560 4560 ἢ
613 4491 789 4561 μόνων
819 4492 1006 4564 ψυχῶν
1050 4495 1145 4548 καὶ
1190 4495 1469 4567 ἐναρέτοις
1524 4497 1754 4568 ψυχαῖς,
1789 4537 1790 4541 η

1871 4503 2085 4567 nebant,
2121 4503 2225 4572 ipsi
2261 4503 2616 4557 intuebantur
2665 4510 2722 4557 et
2767 4500 3179 4570 comparabant.
3217 4499 3296 4554 Ex
3324 4515 3436 4570 quo

143 4582 309 4644 οἴους
354 4581 490 4651 ἡμῖν
535 4581 739 4652 ἀρτίως
767 4585 794 4636 ὁ
817 4583 973 4652 λόγος
998 4585 1127 4649 τοὺς
1166 4584 1433 4658 Ἐϐραίων
1469 4588 1754 4659 ὑπέγραψε

145 4674 481 4745 προφήτας·
513 4674 609 4738 οὓς
638 4675 733 4729 τοῦ
766 4676 912 4730 θείου
943 4677 1258 4749 Πνεύματός
1295 4697 1474 4751 φαμεν
1517 4679 1754 4752 ἀξιωθῆ-

143 4783 242 4819 ναι
285 4765 541 4835 μεγάλων
582 4767 768 4821 ἕνεκεν
800 4770 1144 4840 πραγμάτων
1171 4772 1496 4842 οἰκουμένης
1535 4773 1755 4843 ἀπάσης

143 4855 469 4928 ἀνθρώπων
510 4857 788 4927 βελτιώσει
832 4861 1305 4932 συμϐαλλομένων.
1335 4865 1397 4916 El
1421 4863 1479 4916 δέ
1513 4865 1627 4917 ποτ’
1649 4865 1750 4917 αὐ-

139 4951 269 5012 τοῖς
303 4949 465 5012 σκιᾶς
493 4948 649 5020 δίκην
677 4951 1034 5022 ἐπηκολούθει
1063 4953 1122 5006 τὸ
1147 4955 1241 5007 καὶ
1267 4954 1336 5008 τά
1371 4955 1750 5026 παρόντατῶν

147 5037 348 5109 μέσων
375 5038 472 5091 καὶ
496 5037 804 5110 ἀδιαφόρων
831 5040 1138 5112 γνωρίζειν,
1170 5043 1263 5096 καὶ
1297 5044 1582 5116 προλέγειν
1610 5045 1750 5104 κατά

140 5129 352 5200 καιρὸν
393 5130 466 5196 τά
489 5131 827 5203 ἀγνοούμενα
858 5137 971 5198 τοῖς
1005 5135 1282 5207 ἐρωτῶσιν
1311 5139 1623 5206 ἀναγκαίως
1653 5141 1748 5198 καὶ

139 5223 316 5278 τοῦτο
353 5227 473 5288 τοῖς
516 5225 686 5279 πάλαι
719 5228 904 5291 αὐτοῖς
949 5227 1310 5299 πλησιάζουσι
1361 5235 1642 5304 παρεῖχον,
1669 5233 1746 5298 ὡς

137 5315 213 5372 ἂν
253 5316 332 5386 μὴ
363 5316 574 5376 δοκοῖεν
599 5319 654 5372 οἱ
673 5319 842 5390 λίχνοι
861 5323 990 5394 περὶ
1011 5322 1112 5386 τὰς
1139 5323 1476 5396 προγνώσεις
1507 5325 1745 5394 εὐλόγως

137 5405 473 5462 ἀποκλίνειν
510 5409 604 5462 ἐπὶ
645 5410 715 5462 τά
744 5410 849 5476 ἔξω
895 5412 1008 5468 τῶν¹
1050 5413 1363 5483 ἀλλοφύλων
1392 5415 1560 5468 ἐθνῶν
1604 5432 1741 5486 μαν-

135 5502 272 5553 τεῖα
306 5500 506 5554 σπάνει
539 5503 832 5574 προφητῶν
856 5504 1090 5560 οἰκείων.
1111 5506 1271 5560 Ἀλλά
1301 5506 1475 5560 ταῦτα
1511 5507 1610 5578 μὲν
1637 5501 1741 5562 ὧδε

136 5591 305 5654 τέλος
334 5591 529 5660 ἐχέτω,
562 5593 662 5664 τῆς
695 5596 752 5647 ἐν
798 5599 909 5660 τοῖς
950 5597 1215 5668 Ἐϐραίων
1250 5601 1558 5670 προφήταις
1590 5599 1742 5664 θείας-

136 5683 439 5752 ὃυνάμεως
469 5684 599 5738 ὄντα
632 5690 1178 5762 παραστατικά.Ὥρα
1208 5690 1272 5761 δὴ
1296 5687 1388 5744 οῦν
1415 5693 1616 5756 αὐτοῖς,
1649 5688 1739 5748 οἷα

137 5774 210 5844 δὴ
243 5773 454 5859 ἐνθέοις
479 5775 704 5848 ἀνδράσι
731 5779 824 5832 καὶ
853 5783 1055 5850 σοφοῖς,
1084 5781 1145 5834 οὐ
1177 5781 1296 5841 κατ’
1325 5781 1612 5864 άνθρωποχ
1643 5782 1733 5851 γέ-

1857 4589 1991 4643 mihi
2026 4591 2161 4645 bene
2189 4606 2424 4660 vereque
2455 4590 2706 4645 videmur
2743 4605 2840 4646 eos
2882 4590 2977 4660 qui
3023 4591 3160 4645 tales
3208 4589 3437 4645 exstite-

1854 4682 1987 4745 rint,
2019 4697 2218 4736 vocare
2246 4683 2560 4752 prophetas,
2588 4681 2736 4752 quod
2759 4681 2978 4736 divinus
3011 4681 3068 4734 in
3089 4681 3170 4736 eis
3193 4680 3432 4751 Spiritus

1854 4780 1981 4826 ante
2007 4772 2318 4836 ostendere,
2345 4779 2400 4827 et
2432 4772 2638 4827 lumine
2671 4787 2774 4828 suo
2795 4772 3117 4842 anticipare,
3150 4786 3260 4826 non
3289 4787 3430 4842 pra:-

1851 4860 2089 4916 sentium
2140 4859 2325 4925 modo,
2377 4875 2563 4915 verum
2616 4860 2778 4914 etiam
2849 4859 3160 4913 futurorum
3219 4873 3426 4924 veram,

1850 4963 2165 5022 certamque
2189 4953 2554 5022 cognitionem
2578 4951 2943 5006 consueverit.
2979 4949 3271 5013 Caeterum,
3295 4966 3431 5006 con-

1848 5045 2208 5113 templamini,
2243 5059 2450 5114 quaeso,
2489 5043 2720 5112 longene
2772 5041 2967 5096 melior
3000 5041 3116 5096 haec
3151 5049 3206 5096 et
3244 5042 3429 5103 verior

1845 5138 2041 5202 oratio,
2073 5152 2196 5207 quae
2223 5138 2300 5191 ait
2322 5136 2566 5193 divinum
2600 5135 2863 5206 Spiritum
2901 5135 2958 5189 in
2989 5136 3203 5190 animas
3225 5149 3428 5204 expur-

1845 5238 2022 5302 gatas,
2057 5237 2112 5284 et
2141 5230 2205 5285 ad
2243 5229 2652 5299 suscipiendam
2680 5229 3028 5282 Divinitatem
3061 5225 3424 5296 intelligentia

1843 5330 1899 5378 et
1933 5323 2144 5377 ratione
2187 5323 2359 5376 nitida
2412 5331 2780 5393 comparatas,
2830 5319 3040 5392 ingredi
3073 5319 3318 5380 solitum,
3354 5335 3422 5371 an

1842 5429 2032 5470 eorum
2065 5414 2159 5484 qui
2203 5414 2257 5467 in
2289 5415 2517 5468 materia
2557 5413 2800 5467 inanima
2831 5420 2886 5468 et
2924 5411 3287 5467 tenebricosis
3331 5427 3420 5462 se-

1840 5507 2110 5572 cessibus,
2162 5505 2406 5561 divinum
2458 5507 2605 5577 quod
2656 5507 2747 5570 sit,
2794 5505 3124 5560 includunt:
3163 5503 3414 5571 atquein

1840 5599 2166 5654 feminarum
2199 5599 2553 5669 virorumque
2583 5599 2816 5670 impuris
2841 5599 3064 5662 animis,
3108 5611 3319 5652 necnon
3355 5593 3411 5648 in

1839 5693 2020 5750 corvis
2074 5701 2238 5763 atque
2284 5693 2640 5764 accipitribus
2671 5693 2974 5762 avibusque
3011 5691 3244 5754 caeteris,
3280 5703 3418 5759 prte-

1838 5794 1985 5844 terea
2019 5783 2074 5838 in
2107 5783 2286 5857 capris
2308 5790 2358 5840 et
2393 5784 2620 5856 reliquis
2651 5784 3002 5848 animalibus,
3035 5781 3334 5854 quinetiam
3359 5778 3416 5834 in
