3846 6214
451 344 558 402 38⁸7

1071 344 1347 403 EUSEBII
1383 339 1869 405 CESARIENSiS
1904 347 2054 404 OPP.
2086 348 2286 406 PARS.
2326 349 2395 408 lt.
2434 380 2504 393 -—
2534 345 3034 405 APOLOGETICA.

3602 348 3706 405 348

451 477 719 533 aquarum
742 464 1182 528 collectionibus,
1212 465 1268 520 in
1290 465 1618 536 extispiciis,
1652 466 1708 521 in
1737 466 2024 522 cruoribus

2136 466 2399 539 νομένοις,
2415 468 2535 521 κατ’
2552 468 2836 521 ἐπίπνοιαν
2857 466 2916 520 δὲ
2932 463 3078 519 θείου
3096 462 3410 535 Πνεῦμαιτος
3425 462 3706 519 πείθεσθαι

451 556 767 610 odiosarum
803 572 865 612 ac
898 556 1224 612 deformium
1280 558 1609 623 belluarum,
1643 559 1698 613 in
1729 567 2031 614 venenato-

449 661 573 700 rum
606 653 940 718 serpentium
975 650 1321 719 corporibus,
1347 657 1406 704 ut
1428 649 1729 704 draconum
1753 661 1807 705 et
1830 657 2035 705 muste-

453 738 651 805 larum,
682 750 736 794 et
767 741 1000 796 aliorum
1047 741 1289 810 ejusdem
1313 741 1550 811 generis,
1589 757 1686 811 per
1715 758 1837 812 quae
1887 741 2036 795 futu-

451 846 636 887 rarum
673 847 855 887 rerum
887 835 1253 903 cognitionem
1292 849 1323 886 a
1355 849 1614 903 supremo
1656 833 1766 889 Deo
1797 834 2033 889 indicari

450 934 505 974 ea
536 921 712 989 prodi,
737 924 1086 979 admirabiles
1110 924 1198 978 isti
1223 931 1277 978 et
1300 924 1502 992 egregii
1529 932 1809 989 auctores,
1836 931 2030 977 contra

450 1026 589 1079 quas
619 1012 876 1077 dicimus,
923 1024 1273 1084 putaverunt.
1310 1016 1475 1085 210
1506 1014 1678 1071 Porro
1743 1015 1889 1069 istuc
1931 1014 2032 1070 lto-

449 1103 660 1156 minum
691 1103 796 1157 fuit
823 1106 1029 1159 nullam
1056 1107 1255 1162 divina:
1281 1118 1491 1162 natura
1532 1107 1802 1161 rationem
1831 1107 2033 1162 haben-

448 1199 609 1259 tium,
652 1213 829 1268 neque
860 1214 989 1254 vero
1019 1214 1270 1270 quamam
1324 1199 1394 1254 sit
1440 1199 1611 1253 divini
1658 1198 1895 1269 Spiritus
1921 1199 2027 1263 vis,

448 1290 943 1357 considerantium,
974 1308 1096 1362 quae
1127 1292 1277 1346 nullo
1304 1290 1467 1347 modo
1490 1291 1731 1345 inanima
1755 1292 2029 1361 brutaque

449 1379 709 1434 animalia
747 1382 985 1437 incolere
1029 1382 1250 1454 gaudet,
1285 1396 1350 1436 ac
1384 1397 1453 1437 ne
1486 1382 1775 1436 rationalia
1808 1381 2028 1451 quidem

448 1478 669 1533 cuncta,
695 1472 788 1525 sed
818 1486 881 1526 ea
911 1480 1121 1526 tantum
1152 1473 1206 1527 in
1236 1488 1472 1543 quorum
1505 1473 1704 1529 animis
1739 1473 1916 1528 virtus
1944 1471 2030 1526 in-

447 1560 522 1615 sit
567 1563 834 1632 perfecta,
874 1565 1066 1634 quales
1097 1565 1259 1634 paulo
1297 1577 1420 1620 ante
1448 1565 1745 1635 prophetas
1773 1562 2032 1619 Hebraeo-

446 1666 569 1705 rum
591 1654 771 1707 oratio
794 1662 985 1709 nostra
1010 1653 1326 1726 descripsit,
1358 1670 1499 1725 quos
1528 1656 1772 1710 diximus
1804 1669 2031 1724 magna-

445 1757 570 1797 rum
603 1759 786 1799 rer-um
834 1760 1024 1810 causa,
1063 1746 1249 1801 divino
1286 1745 1492 1816 Spiritu
1525 1747 1721 1816 dignos
1771 1761 1895 1801 esse
1928 1746 2027 1800 ha-

2132 560 2462 624 διδάσκουσι,
2492 557 2837 613 παιδεύεσθαί
2867 575 2929 611 τε
2956 556 3027 610 τὰ
3056 556 3186 628 παρ’
3214 556 3398 619 αὐτοῖς
3443 555 3704 625 δόγματα,

2135 651 2229 703 καὶ
2271 650 2369 713 τὰς
2400 650 2645 713 εὐσεϐεῖς
2678 650 2773 703 καὶ
2805 646 3173 710 ἀδιαπτώτους
3202 646 3503 715 θεολογίας,
3529 648 3706 701 οὐκέτ’

2133 741 2462 811 ἀμφιϐολίαν
2499 741 2711 812 ἔχοντα,
2745 742 2817 812 μή
2850 758 2926 810 πη
2954 742 3153 812 ἀρετῆς
3194 740 3289 794 καὶ
3330 739 3589 810 ἀληθείας
3613 740 3709 793 ἀλ·

2131 833 2340 905 λότριον
2366 833 2682 902 ἐπάγονται.
2711 834 2833 906 αἰθέρ’
2861 829 2953 887 οὖν
2983 834 3084 904 ήδη
3112 833 3316 897 λοιπὸν,
3348 832 3708 897 ἀναλαϐόντες

2129 924 2190 990 ἐξ
2218 925 2470 996 ὑπαρχῆς
2510 925 2602 978 τὸν
2642 924 2819 993 λόγον,
2847 923 2945 996 τὴν
2977 926 3036 978 ὲν
3062 928 3175 987 τοῖς
3200 924 3553 993 Εὐαγγελίοις
3582 923 3708 996 περὶ

2127 1017 2227 1088 τὴν
2257 1016 2351 1069 τοῦ
2374 1017 2623 1087 Σωτῆρος
2646 1017 2801 1087 ἡμῶν
2828 1016 3002 1087 Ἰησοῦ
3030 1017 3122 1070 τοῦ
3150 1017 3385 1088 Χριστοῦ
3407 1017 3707 1085 θεολογίαν,

2128 1106 2238 1159 ἀπὸ
2293 1108 2393 1177 τῆς
2455 1107 2796 1177 προφητικῆς
2848 1107 3152 1177 μαρτυρίας
3211 1106 3711 1177 πιστωσώμεθα.ᾜ

2133 1199 2231 1269 μὲν
2274 1195 2368 1253 οὖν
2410 1200 2762 1271 ebansltxil,
2773 1198 3045 1270 μαρτυρία
3077 1193 3182 1252 ὧδε
3211 1198 3303 1253 τὸν
3332 1200 3566 1271 Χριστὸν
3595 1199 3711 1253 θεο-

2128 1290 2308 1359 λογεϊ·
2343 1311 2362 1343 ι
2387 1293 2474 1345 Ἐν
2505 1294 2645 1363 ἀρχῇ
2679 1288 2747 1363 ἦν
2793 1294 2822 1345 ό
2863 1290 3054 1360 Λόγος,
3080 1292 3173 1344 καὶ
3209 1292 3238 1344 ὀ
3275 1291 3443 1359 Λόγος
3469 1287 3540 1363 ἦν
3573 1291 3712 1362 πρὸς

2126 1383 2219 1437 τὸν
2249 1384 2399 1448 Θεὸν,
2425 1386 2520 1438 καὶ
2547 1385 2681 1448 Θεὸς
2711 1380 2778 1456 ἦν
2809 1385 2837 1436 ό
2866 1383 3056 1452 Λόγος.
3089 1385 3275 1437 Πάντα
3298 1384 3364 1437 δι’
3396 1383 3561 1438 αὑτοῦ
3591 1384 3713 1452 ὲγέ-

2129 1491 2271 1537 νετο,
2307 1474 2399 1527 καὶ
2432 1476 2599 1547 χωρὶς
2646 1474 2813 1528 αὐτοῦ
2849 1475 3065 1542 ἐγένετο
3109 1475 3231 1527 οὐδὲ
3257 1475 3337 1528 ἓν.
3371 1493 3393 1528 ι
3437 1475 3617 1528 Καλετ
3663 1475 3710 1528 δ’

2128 1567 2288 1621 αὐτὸν
2321 1568 2417 1620 καὶ
2435 1567 2549 1635 φῶς
2575 1567 2780 1637 νοερὸν,
2811 1567 2968 1621 καλεῖ
3009 1567 3067 1620 δὲ
3110 1569 3205 1621 καὶ
3240 1567 3463 1639 Κύριον,
3489 1568 3715 1639 ὡσπερ-

2125 1658 2220 1711 οῦν
2265 1659 2360 1711 καὶ
2404 1658 2555 1711 Θεόν.
2587 1660 2696 1713 Καὶ
2732 1662 2762 1713 ό
2808 1658 3096 1723 θεσπέσιος
3146 1660 3203 1713 δὲ
3242 1660 3473 1724 Παῦλος,
3496 1657 3592 1714 οἷα
3617 1661 3713 1714 τοῦ

2126 1750 2362 1823 Χριστοῦ
2400 1750 2647 1822 μαθητὴς
2677 1750 2755 1805 ὣν
2781 1751 2874 1804 καὶ
2904 1750 3222 1815 ἀπόστολος,
3247 1751 3461 1823 συνᾴδει
3489 1753 3559 1823 τῇ
3590 1750 3713 1805 θοο-

443 1834 614 1897 bitos,
644 1843 833 1906 utpote
866 1836 958 1907 qui
993 1836 1144 1892 orbis
1178 1837 1421 1891 universi
1456 1836 1775 1892 hominibus
1802 1852 1866 1891 ea
1892 1852 2023 1907 pro-

2126 1842 2305 1914 λογίςι,
2338 1842 2510 1897 ταῦτα
2554 1843 2683 1915 περὶ
2719 1841 2883 1907 αὐτοῦ
2924 1841 3169 1909 διεξιών·
3206 1844 3337 1906 ιὈς
3365 1844 3513 1897 ἐστιν
3547 1842 3715 1897 εἰκὼν

445 1924 639 1981 dere-nt
669 1942 793 1997 qua:
821 1926 887 1981 ad
927 1927 1171 1998 ipsorum
1208 1927 1264 1982 in
1313 1931 1517 1983 virtute
1562 1927 1867 1998 profectum
1896 1942 2028 1983 con-

445 2016 743 2084 ducerent;
809 2018 953 2089 quod
1011 2019 1057 2074 si
1108 2019 1330 2091 quando
1393 2020 1517 2075 illos
1569 2020 1746 2075 instar
1795 2020 2024 2086 umbraa,

445 2107 614 2161 etiam
665 2122 850 2163 rerum
886 2110 1237 2179 praesentium
1284 2125 1348 2166 ac
1380 2111 1687 2165 mediarum
1737 2119 1901 2182 atque
1939 2111 2027 2165 in-

446 2197 814 2253 differentium
845 2202 1087 2271 cognitio
1119 2202 1379 2257 comitata
1428 2209 1533 2265 est,
1580 2218 1754 2273 usque
1802 2203 1937 2257 adeo
1967 2209 2027 2256 ut

444 2287 861 2345 sciscitantibus
912 2306 1033 2360 quae
1080 2292 1415 2361 ignorarent,
1466 2291 1533 2345 ad
1562 2298 1777 2361 tempus
1806 2307 2026 2362 quoque

444 2380 829 2451 f-raadicerent.
875 2383 1037 2437 etiam
1072 2384 1178 2439 hoc
1212 2384 1389 2454 ipsum
1423 2384 1739 2439 necessario
1777 2385 1887 2440 illis
1930 2385 2023 2456 qui

443 2468 513 2524 ad
551 2470 700 2541 ipsos
731 2471 1089 2538 accederent,
1131 2474 1443 2543 prmbebant
1472 2491 1485 2527 :
1540 2473 1800 2529 nimirum
1832 2493 1903 2532 ne
1934 2477 2022 2533 isti

444 2561 652 2616 curiosi
689 2576 753 2615 ac
811 2578 1074 2633 perquam
1123 2565 1265 2619 avidi
1317 2564 1740 2629 divinationum,
1770 2566 1896 2636 jure
1950 2568 2020 2623 ad

444 2659 688 2708 extrema
719 2654 949 2708 aliarum
979 2657 1261 2710 nationum
1290 2655 1534 2719 oracula,
1568 2658 1796 2725 penuria
1827 2658 2019 2714 dome-

444 2744 712 2797 sticorum
760 2745 1174 2815 prophetarum,
1229 2746 1489 2802 secedere
1535 2748 1874 2803 viderentur.
1911 2748 2017 2805 Sed

441 2832 559 2886 haec
582 2833 853 2889 hactenus
879 2834 1026 2888 dicta
1057 2836 1189 2900 sint,
1224 2836 1291 2891 ad
1328 2836 1476 2890 illam
1517 2838 1630 2891 vim
1654 2840 1896 2893 divinam
1926 2840 2022 2895 de—

442 2924 856 2979 monstrandam
885 2941 1007 2995 quas
1029 2927 1085 2981 in
1122 2927 1407 2998 prophetis
1437 2927 1786 2983 Hebraeorum
1819 2930 2018 2984 inerat.

441 3012 685 3085 Tempus
724 3016 893 3086 igitur
932 3017 1045 3087 jam
1080 3026 1165 3073 est
1195 3025 1252 3072 ut
1284 3019 1363 3072 illi
1394 3026 1654 3089 tanquam
1694 3020 1732 3074 ii
1773 3020 1866 3090 qui
1915 3020 2020 3074 viri

441 3106 613 3160 divini
661 3108 1069 3178 sapientesque,
1118 3124 1227 3164 non
1278 3110 1518 3165 humano
1569 3126 1741 3174 more,
1788 3112 2022 3167 exstite-

2126 1937 2220 1989 τοῦ
2250 1934 2385 1991 Θεοῦ
2413 1935 2664 2007 ἀοράτου,
2695 1935 3048 2008 Πρωτότοκος
3071 1935 3508 2006 πάσηςκτίσεως,
3540 1937 3627 1990 ὅτι
3656 1937 3714 1990 ὲν

2127 2026 2277 2097 αὑτῷ
2294 2026 2514 2098 ὲκτίσθη
2546 2025 2614 2079 τὰ
2630 2027 2823 2091 πάντα,
2838 2026 2908 2079 τὰ
2924 2028 2981 2080 ἐν
3010 2029 3124 2091 τοῖς
3146 2027 3395 2100 οὐρανοῖς
3410 2028 3504 2080 καὶ
3524 2026 3601 2081 τὰ
3620 2029 3715 2081 ἐπὶ

2124 2120 2223 2188 τῆς
2257 2120 2377 2190 γῆς,
2395 2119 2507 2172 εἴτε
2534 2118 2735 2189 θρόνοι,
2754 2121 2862 2173 είτε
2882 2120 3223 2191 κυριότητες,
3249 2120 3358 2173 εἴτε
3384 2122 3573 2192 ἁρχαὶ.
3604 2122 3712 2174 εΡτε

2125 2209 2386 2275 ἐξουσίαι,
2413 2208 2493 2262 Τὰ
2526 2209 2703 2261 πάντα
2730 2208 2795 2262 δι’
2829 2209 2996 2262 αὐτοῦ
3024 2210 3117 2264 καὶ
3137 2211 3219 2272 είς
3247 2210 3408 2263 αὐτὸν
3441 2209 3710 2273 ἔκτισται,

2125 2300 2219 2355 καί
2237 2301 2398 2365 αὐτός
2413 2302 2528 2354 ἐστι
2552 2301 2657 2372 πρὸ
2676 2302 2913 2365 πάντων,
2937 2303 3030 2355 καὶ
3043 2301 3112 2353 τὰ
3133 2302 3308 2362 πάντα
3325 2301 3575 2355 διἀὐτοῦ
3590 2318 3714 2354 συν-

2126 2395 2344 2465 έστηκε.
2369 2414 2387 2445 ι
2404 2392 2683 2465 Κέκληται
2716 2395 2810 2447 καὶ
2835 2393 2971 2445 Θεοῦ
2991 2393 3219 2464 δύναμις
3245 2394 3334 2446 καὶ
3353 2393 3487 2446 Θεοῦ
3518 2393 3709 2461 σοφία.

2121 2485 2273 2539 am
2305 2484 2370 2556 δὴ
2404 2481 2497 2538 οὖν
2527 2484 2701 2537 ταῦτα
2749 2483 3033 2555 πρόκειται
3061 2484 3156 2538 καὶ
3181 2482 3276 2536 νῦν
3305 2482 3412 2537 ἀπὺ
3438 2482 3551 2535 τῶν
3578 2485 3711 2554 παρ’

2135 2576 2406 2647 Ἑϐραίοις
2445 2574 2801 2646 προφητικῶν
2830 2575 3058 2646 γραᾳῶν
3091 2574 3473 2641 ὲξανθίσασθαι
3492 2614 3507 2638 ,
3532 2574 3616 2638 ὡς
3645 2573 3713 2627 ἃν

2120 2668 2210 2721 διὰ
2236 2668 2337 2738 τῆς
2369 2671 2427 2721 ὲν
2461 2667 2742 2739 ἑκατέροις
2781 2669 2896 2730 τοῖς
2947 2666 3137 2738 μέρεσι
3175 2668 3496 2737 συμφωνίας
3531 2667 3569 2737 ἡ
3616 2664 3711 2719 τοῦ

2121 2763 2356 2835 ἀληθοῦς
2384 2760 2657 2827 ἀπόδειξις
2692 2761 3088 2835 παρασταθείη.
3117 2762 3238 2834 Χρὴ
3267 2762 3324 2815 δὲ
3355 2762 3428 2833 μὴ
3463 2762 3709 2829 ἀγνοεῖν,

2120 2855 2202 2908 ὅτι
2229 2855 2278 2907 οἱ
2309 2854 2408 2924 μὲν
2438 2853 2570 2906 θεῖοι
2601 2855 2860 2924 χρησμοὶ,
2890 2853 3026 2907 πολὺ
3054 2854 3113 2908 τὸ
3142 2854 3236 2906 καὶ
3266 2853 3404 2924 πρὸς
3432 2853 3585 2917 λέξιν
3612 2852 3712 2909 καὶ

2121 2946 2259 3016 πρὸς
2302 2945 2545 2998 διάνοιαν
2608 2944 2884 3017 ὑπερφυὲς
2920 2947 2986 3016 τῇ
3046 2944 3311 3017 Ἐϐραίων
3355 2948 3506 3015 φωνῇ
3553 2961 3715 3017 περι-

2121 3038 2356 3109 έχοντες,
2404 3037 2660 3111 διαφόρου
2705 3040 2802 3109 τῆς
2826 3038 2919 3091 ἐπὶ
2963 3038 3022 3091 τὸ
3068 3037 3374 3109 Ἑλληνικὸν
3408 3037 3712 3109 ἑρμηνείας

2119 3134 2472 3202 τετυχήκασι,
2490 3130 2583 3183 τοῦ
2604 3130 2987 3202 δυσθεωρήτου
3017 3129 3195 3202 χάριν.
3230 3131 3293 3183 Οἱ
3319 3130 3363 3182 δ’
3388 3124 3480 3183 οὖν
3513 3129 3711 3201 ἄνδρες

442 3206 591 3260 runt,
622 3199 715 3252 sed
739 3199 899 3253 aﬂlati
924 3201 1109 3256 divino
1135 3201 1360 3272 Spiritu,
1383 3219 1504 3273 qua:
1522 3202 1791 3258 credenda
1815 3211 2021 3267 essent,

2126 3199 2336 3295 ἀθρόως
2377 3223 2615 3294 Ἑϐραῖοι
2659 3199 2962 3293 συμφώνως
3003 3199 3171 3284 αὑτὰς
3209 3199 3709 3292 μεταϐεϐλήκασιν.

441 3288 753 3353 docuerint,
814 3306 915 3346 sua
965 3294 1208 3362 ipsorum
1260 3293 1502 3357 decreta,
1554 3302 1608 3349 et
1659 3310 1785 3349 cum
1820 3295 2022 3364 pietate

442 3382 771 3451 conjunctas
803 3384 1264 3455 incorruptasque
1318 3387 1645 3457 theologias,
1700 3389 1819 3443 sine
1868 3388 2018 3442 omni

440 3489 672 3545 prorsus
696 3476 1057 3546 ambiguitate
1082 3493 1184 3533 nos
1214 3478 1467 3545 doceant,
1494 3489 1553 3534 ut
1581 3481 1864 3536 videamus
1886 3496 2015 3535 num

438 3582 675 3636 usquam
716 3568 1017 3639 quidquam
1069 3583 1100 3623 ιι
1157 3570 1361 3626 virtute
1405 3586 1470 3626 ac
1503 3573 1736 3628 veritate
1776 3574 2013 3627 alienum

439 3658 760 3727 importent.
826 3658 1070 3728 Agedum
1132 3659 1299 3728 igitur
1364 3660 1475 3729 jam
1534 3661 1813 3731 deinceps,
1876 3678 2017 3717 novo

438 3748 678 3819 quodam
710 3748 926 3805 dicendi
955 3750 1115 3805 initio
1136 3762 1441 3822 assumpto,
1476 3769 1597 3824 quae
1626 3753 1682 3807 in
1708 3753 2018 3824 Evangeliis

440 3840 510 3896 de
542 3840 830 3898 Salvatore
876 3857 1069 3899 nosu'o
1111 3843 1239 3900 Jesu
1280 3844 1499 3901 Christo
1529 3848 1801 3917 theologia
1840 3847 2018 3901 conti-

434 3940 617 3997 netur,
653 3947 772 3987 eam
821 3934 1157 4004 propheticis
1213 3950 1434 4006 quoque
1482 3938 1814 3993 testimoniis
1861 3954 2017 3992 com-

433 4022 752 4091 probemus.
801 4022 1127 4095 Evangelica
1182 4026 1349 4097 igitur
1390 4027 1707 4084 testiﬁcatio
1748 4030 1908 4083 talem
1955 4029 2023 4084 de

2119 3314 2200 3382 οἷς
2235 3318 2465 3389 μάλιστα
2497 3317 2588 3371 τὸν
2618 3317 2742 3370 νοῦν
2769 3314 3126 3388 προσέξομεν,
3162 3315 3245 3368 ὅτι
3282 3313 3347 3385 δὴ
3383 3314 3479 3366 καὶ
3510 3315 3582 3383 τῇ
3613 3311 3707 3365 τοῦ

2120 3410 2357 3484 Χριστοῦ
2405 3409 2702 3480 Ἐκκλησία
2735 3409 2945 3472 τούτοις
2975 3407 3278 3477 κεχρῆσθαι
3317 3404 3493 3474 φίλον.
3535 3405 3606 3457 Εί
3649 3402 3708 3456 δέ

2120 3521 2222 3556 που
2251 3495 2451 3571 γ’ίνοιτο
2486 3503 2666 3574 χρεία,
2697 3501 2817 3554 οὐδὲ
2845 3500 2944 3565 τὰς
2975 3500 3086 3554 τῶν
3123 3498 3263 3571 μετὰ
3299 3497 3473 3551 ταῦτα
3501 3497 3708 3551 νεωτέ-

2119 3614 2226 3667 ρων
2268 3596 2619 3670 ὲρμηνευτιῖξν
2656 3596 2920 3659 ἐκδόσεις,
2954 3588 3044 3657 αῖς
3084 3592 3253 3645 είσέτι
3284 3590 3378 3645 νῦν
3423 3589 3709 3651 Ἰουδαίοις

2114 3686 2350 3757 χρῆσθαι
2374 3686 2547 3755 φίλον,
2579 3684 3050 3758 παραιτησόμεθα·
3071 3684 3148 3746 ὡς
3175 3682 3239 3736 ἂν
3268 3679 3612 3751 πανταχόθεν
3640 3678 3713 3733 τὰ

2119 3778 2218 3846 τῆς
2267 3776 2593 3842 ἀποδείξεως
2639 3778 2768 3846 ἡμῖν
2820 3773 3172 3844 βεϐαιοτέρας
3215 3771 3367 3843 τύχοι
3418 3769 3710 3838 παραστά-

2127 3885 2284 3933 σεως.
2319 3868 2534 3933 Τούτων
2573 3872 2708 3945 ἡμῖν
2741 3865 3313 3937 πεπροοιμωσμένων,
3344 3861 3580 3916 καὶτῶν
3617 3861 3709 3915 ὲν-

2122 3958 2259 4013 θέων
2288 3958 2482 4029 φωνῶν
2514 3959 2615 4030 ήδη
2642 3958 2825 4011 λοιπὸν
2855 3954 3196 4029 ὲφαψόμεθα.

432 4113 656 4171 Christo
702 4116 908 4186 profert
963 4119 1291 4183 theologiam
1329 4140 1341 4175 :
1382 4139 1401 4172 ι
1460 4120 1519 4176 ln
1567 4122 1840 4192 principio
1884 4130 2003 4176 erat
2044 4118 2308 4183 Verbum,
2364 4125 2419 4174 et
2477 4116 2716 4174 Verbum
2753 4127 2872 4172 erat
2931 4114 3072 4186 apud
3106 4112 3279 4169 Deum
3316 4130 3329 4166 :
3371 4108 3563 4165 omnia
3606 4120 3710 4179 per

430 4204 612 4275 ipsum
645 4206 787 4263 facta
813 4217 963 4275 sunt,
1011 4219 1066 4272 et
1110 4213 1229 4269 sine
1254 4213 1378 4283 ipso
1414 4212 1620 4269 factum
1646 4222 1735 4270 est
1762 4215 1899 4270 nihil
1922 4215 1990 4274 ".
2033 4234 2052 4268 ι
2091 4213 2264 4268 Vocat
2294 4228 2459 4283 porro
2513 4212 2668 4266 illum
2695 4212 2872 4266 lucem
2898 4209 3314 4278 intelligentiam,
3347 4210 3511 4260 vocat
3529 4203 3709 4256 etiam

432 4294 749 4365 Dominum,
806 4300 950 4356 sicut
998 4303 1216 4359 interim
1268 4303 1435 4360 Deum
1485 4321 1724 4377 quoque.
1777 4306 2004 4362 Divinus
2042 4313 2224 4361 autem
2271 4303 2498 4368 Paulus,
2559 4311 2819 4373 tanquam
2856 4301 3057 4356 Christi
3106 4295 3411 4387 discipulus
3472 4300 3527 4348 et
3567 4306 3708 4387 apo-

433 4394 630 4460 stolus,
662 4396 837 4452 eidem
870 4398 1165 4470 theologia
1209 4401 1532 4468 concordat,
1579 4400 1672 4456 ubi
1725 4401 1794 4456 de
1834 4402 1931 4456 illo
1963 4401 2078 4455 haec
2118 4408 2349 4455 narrat:
2381 4417 2399 4449 ι
2436 4397 2538 4463 Qui
2563 4407 2648 4452 est
2670 4398 2850 4466 imago
2879 4395 2973 4449 Dei
3015 4386 3334 4455 invisibilis,
3364 4386 3711 4461 primogeni-

431 4495 523 4543 tus
553 4492 734 4546 omnis
761 4502 1045 4558 creatum,
1092 4496 1354 4565 quoniam
1388 4495 1444 4549 in
1476 4497 1596 4565 ipso
1625 4497 1848 4550 condita
1906 4502 2036 4551 sunt
2069 4495 2351 4559 universa,
2414 4492 2470 4548 in
2508 4493 2648 4548 cmlo
2673 4502 2727 4546 et
2756 4492 2809 4545 in
2839 4487 3277 4552 terra,-visibilia
3298 4495 3352 4540 et
3374 4480 3706 4543 invisibilia,

432 4579 547 4634 sive
560 4580 768 4649 throni,
784 4584 899 4637 sive
917 4585 1341 4649 dominationes,
1379 4586 1495 4641 sive
1514 4587 1881 4657 principatus,
1906 4586 2021 4640 sive
2055 4592 2377 4655 potestates,
2395 4583 2581 4643 omnia
2599 4598 2693 4652 per
2710 4582 2891 4652 ipsum
2911 4589 2966 4635 et
2991 4580 3047 4633 in
3083 4579 3206 4647 ipso
3250 4581 3437 4629 creata
3456 4581 3617 4634 sunt,
3639 4575 3699 4623 et

432 4676 550 4740 ipse
569 4666 661 4727 est
700 4681 825 4729 ante
862 4676 1068 4739 omnia,
1116 4685 1171 4731 et
1217 4678 1402 4731 omnia
1443 4693 1537 4747 per
1575 4679 1755 4748 ipsum
1803 4679 2138 4733 constant”.
2165 4696 2185 4729 ι
2222 4676 2465 4731 Vocatur
2496 4682 2678 4730 autem
2728 4683 2781 4728 et
2814 4672 2910 4727 Dei
2963 4673 3138 4725 virtus
3195 4674 3251 4722 et
3285 4665 3379 4719 Dei
3405 4663 3705 4733 sapientia.

429 4764 588 4833 211
625 4765 749 4819 Haac
780 4767 896 4834 ipsa
946 4767 1113 4836 igitur
1140 4767 1246 4822 hoc
1307 4777 1551 4837 tempore
1588 4769 1655 4823 de
1697 4769 2032 4839 prOpbcticis
2070 4767 2426 4823 Hebraeorum
2467 4768 2872 4832 monumentis,
2924 4764 3080 4835 quasi
3119 4763 3188 4817 de
3247 4759 3420 4814 variis
3468 4757 3707 4813 ﬂoribus

427 4858 920 4927 colligenda’nobis
972 4862 1251 4931 proposita
1307 4871 1436 4917 sunt
1464 4870 1527 4917 ut
1557 4879 1653 4933 per
1694 4865 1978 4934 utriusque
2038 4866 2212 4935 partis
2270 4865 2689 4921 consensionent
2744 4860 3139 4916 demonstratio
3175 4862 3391 4912 constet
3421 4854 3701 4909 veritatis.

426 4947 719 5013 Caeterum,
776 4938 1031 5020 ignorare
1083 4955 1394 5023 neutiquam
1431 4962 1666 5023 oportet,
1714 4956 2173 5025 quemadmodum
2204 4957 2390 5011 divina
2423 4956 2667 5021 oracula,
2721 4969 2847 5008 eum
2883 4953 3115 5006 multum
3147 4949 3315 5019 quod,
3348 4956 3465 4999 tum
3490 4945 3545 4998 in
3575 4959 3706 4998 ver-

426 5039 535 5103 bis,
568 5046 681 5092 tutn
717 5040 769 5092 in
821 5043 1128 5107 sententiis,
1162 5044 1389 5099 mit-ilice
1425 5047 1675 5109 excellat,
1709 5045 1975 5101 Hebraica
2008 5049 2191 5119 lingua
2226 5050 2564 5113 contineant,
2599 5048 2806 5101 variam
2845 5046 3224 5112 diversamque
3271 5042 3325 5094 in
3368 5038 3558 5093 Grteca
3592 5039 3706 5093 lin~

429 5149 536 5203 gua
570 5134 1098 5202 interpretationem,
1156 5139 1227 5193 ob
1284 5137 1655 5195 difﬁcultatem
1716 5144 2143 5212 contemplandi,
2192 5145 2385 5198 sortita
2441 5145 2571 5197 sint.
2636 5142 2741 5196 Sed
2794 5156 2916 5196 cum
2958 5141 3085 5195 olim
3128 5137 3232 5190 viri
3268 5135 3484 5190 Hebraei
3536 5135 3703 5189 multi

427 5228 595 5279 simul
631 5232 1023 5296 convenerint,
1057 5239 1111 5285 et
1144 5247 1249 5285 una
1309 5233 1608 5304 eademque
1664 5250 1795 5291 voce
1857 5237 1948 5291 illa
1988 5240 2173 5293 omnia
2213 5240 2605 5303 converterint,
2639 5252 2736 5292 eos
2803 5236 3039 5289 maxime
3089 5247 3425 5302 sequentum,
3451 5231 3704 5300 quando-

426 5318 644 5383 quidem
673 5320 875 5375 Christi
904 5339 1120 5392 quoque
1154 5325 1411 5379 Ecclesia:
1468 5327 1661 5381 iisdem
1700 5329 1780 5381 uti
1813 5330 2036 5398 placuit.
2084 5329 2270 5384 Sicubi
2303 5339 2484 5384 autem
2531 5345 2634 5383 usu
2691 5328 2922 5394 venerit,
2956 5343 3024 5381 ne
3047 5325 3327 5394 iuniorum
3358 5325 3582 5394 quidem
3614 5324 3704 5376 in.

426 5418 726 5477 terpretnm
758 5426 927 5468 novas
955 5414 1244 5482 editiones,
1276 5431 1412 5486 quas
1443 5418 1606 5472 etiam
1657 5434 1803 5473 nunc
1844 5420 2015 5476 Judazi
2056 5422 2289 5477 libenter
2315 5428 2600 5491 usurpant,
2666 5421 3061 5479 recusabimus,
3100 5437 3113 5472 :
3177 5426 3325 5473 ιιι-οτι
3352 5430 3477 5486 quae
3502 5414 3569 5467 ad
3598 5430 3704 5468 no-

431 5508 603 5552 stram
657 5500 796 5555 hanc
830 5501 1349 5560 demonstrationem
1408 5508 1700 5577 pertinent,
1733 5524 1800 5563 ex
1847 5511 1997 5564 omni
2038 5512 2491 5582 partestabilius
2541 5512 2861 5581 ﬁrmiusque
2915 5510 3244 5566 consistant.
3269 5507 3408 5563 Cum
3433 5506 3704 5562 haechae-

424 5598 589 5663 tenus
614 5582 1044 5661 praefati‘simus,
1082 5598 1356 5669 reliquum
1403 5600 1517 5670 jam
1546 5611 1651 5669 est,
1677 5610 1738 5658 ut
1772 5603 1827 5659 in
1859 5603 2011 5676 ipsas
2044 5605 2260 5663 divinas
2291 5621 2456 5662 voces
2488 5606 2833 5662 insistamus.

496 5702 544 5737 "
565 5702 721 5764 Ioan.
754 5723 794 5776 ι,
826 5707 940 5764 1-5.
1019 5708 1065 5740 ’⁸
1088 5706 1301 5766 Coloss.
1332 5725 1371 5777 ι,
1411 5709 1601 5767 15-17.
