3846 6218
105 343 210 402 ω

642 460 1045 517 ΚΕΦΔΛΔῘΟΝ
1072 465 1155 519 A'.

116 571 217 641 Ὦς
241 575 386 644 παρ’
424 566 719 644 Ἑβραίοις
740 576 773 626 ό
801 573 1152 641 σοφώτατος
1177 571 1554 644 Σολομὼνέν
1583 575 1706 626 Πα-

167 642 437 714 ροιμίαις
464 642 590 699 οἷδέ
632 660 764 697 τινα
792 646 1181 714 πρωτότοκον
1207 643 1314 714 τοῦ
1346 644 1495 698 Θεοῦ
1525 643 1709 698 δύνασ-

171 712 304 785 μιλ,
336 714 416 783 ἢν
460 716 559 769 καὶ
594 715 819 783 σοφίαν
858 712 1027 785 Gabii,
1068 714 1167 768 καὶ
1208 712 1472 785 γέννημα
1500 714 1708 785 αὐτοῦ

179 782 641 857 προσαγορεύει,
674 782 995 853 ὡσπεροῦν
1026 785 1127 838 καὶ
1157 782 1331 854 ἡμεῖς
1360 782 1705 854 δοξάζομεν.

189 984 209 1018 ι
259 962 406 1034 Ἐγὼ
433 967 468 1035 ἡ
486 962 660 1032 Σοφία
688 962 1082 1033 κατεσκήνωσα
1112 961 1328 1033 βουλὴν,
1359 963 1455 1015 καί⁸
1482 961 1705 1035 γνῶσιν,

111 1060 208 1115 καὶ
235 1058 451 1112 ἔννοιαν
491 1056 603 1125 ἐγὼ
629 1054 1073 1128 ἐπεκαλεσάμην.
1110 1054 1276 1119 Φόϐος
1309 1055 1517 1126 Κυρίου
1559 1057 1711 1124 μισεῖ

111 1152 351 1215 ἀδικίαν,
379 1149 538 1222 ῦὸριν
568 1166 628 1203 τε
660 1149 755 1203 καὶ
790 1148 1195 1219 ὑπερηφανίαν,
1224 1149 1320 1200 καὶ
1350 1147 1506 1210 ὁδοὺς
1537 1162 1709 1219 πονη-

117 1244 245 1318 ρῶν.
276 1242 583 1313 Μεμίσηκα
610 1239 668 1292 δὲ
694 1238 807 1307 ἐγὼ
838 1238 1280 1311 διεστραμμένας
1308 1238 1464 1301 ὁδοὺς
1497 1236 1707 1295 κακῶν.

121 1333 266 1407 Ἐμὴ
320 1332 489 1404 βουλὴ
533 1332 630 1385 καὶ
682 1330 975 1401 ἀσφάλεια,
1021 1330 1130 1401 ἐμὴ
1177 1329 1461 1401 φρόνησις,
1505 1329 1616 1403 ἐμὴ
1650 1327 1710 1381 δέ

112 1427 291 1499 Ισχύς.
324 1427 407 1478 Δι’
437 1422 572 1496 ἐμοῦ
598 1423 836 1495 βασιλεῖς
864 1422 1230 1495 βασιλεύουσι,
1257 1424 1351 1476 καὶ
1375 1423 1424 1475 οί
1453 1421 1711 1476 δυνάσται

110 1520 390 1593 γράφουσι
425 1515 813 1589 δικαιοσύνην·
856 1516 928 1569 δι’
972 1513 1110 1587 ἐμοῦ
1159 1517 1486 1587 μεγιστᾶνες
1537 1530 1712 1585 μετα·

108 1612 388 1677 λύνονται,
430 1611 528 1664 καὶ
552 1609 808 1681 τύραννοι
838 1608 907 1662 δι’
936 1607 1071 1679 ἐμοῦ
1116 1606 1379 1679 κρατοῦσι
1423 1607 1527 1679 γῆς
1548 1624 1563 1637 ο
1600 1606 1714 1676 ἐγὼ

106 1707 238 1769 τοὺς
265 1704 373 1776 ἐμὲ
406 1703 697 1773 φιλοῦντας
724 1700 953 1772 ἀγαπᾶν
984 1703 1033 1755 οἱ
1058 1701 1115 1755 δὲ
1155 1702 1258 1773 ἐμὲ
1290 1699 1583 1771 ζητοῦντες
1622 1701 1715 1754 εὑ-

111 1802 346 1874 ρήσουσι
374 1798 567 1871 χάριν⁸
604 1797 834 1861 πλοῦτος
860 1796 957 1850 καὶ
998 1795 1122 1863 δόξα
1150 1795 1279 1867 ἐμοὶ⁵
1319 1794 1577 1867 ὑπάρχει,
1616 1795 1714 1848 καὶ

107 1892 312 1962 κτῆσις
335 1890 549 1945 πολλῶν
579 1890 675 1944 καὶ
699 1888 1036 1961 δικαιοσύνη.
1073 1888 1294 1941 Βέλτιον
1314 1888 1417 1959 ἐμὲ
1445 1887 1711 1959 καρπίζε-

108 1982 237 2037 σθαι
282 1983 430 2055 ὑπὲρ
478 1980 705 2053 χρυσίον
751 1982 848 2035 καὶ
887 1979 1036 2034 λίθον
1084 1980 1267 2051 τίμιον
1313 1978 1511 2033 πολύν·
1547 1977 1617 2032 τὰ
1653 1978 1712 2032 δὲ

106 2071 223 2144 ἐμὰ
277 2073 605 2144 γεννήματα
661 2073 914 2144 κρεῖσσον
961 2069 1224 2143 ἀργυρίου
1277 2067 1561 2125 ἐκλεκτοῦ.
1621 2069 1711 2123 Ἔν

105 2165 254 2228 ὁδοῖς
288 2162 648 2236 δικαιοσύνης
694 2162 1005 2235 περιπατῶ,
1037 2163 1131 2217 καὶ
1169 2162 1229 2215 ἐν
1264 2160 1402 2226 ὁδοῖς
1432 2161 1709 2215 δικαιοσύ-

107 2275 212 2328 νης
254 2257 712 2329 ἀναστρέφομαι,
748 2257 836 2310 ίνα
879 2257 1088 2328 μερίσω
1129 2257 1243 2319 τοῖς
1282 2255 1383 2325 ἐμὲ
1424 2254 1712 2323 ἀγαπῶσιν

110 2348 376 2421 ὓπαρξιν,
412 2349 509 2401 καὶ
550 2350 678 2412 τοὺς
711 2348 1021 2419 θησαυροὺς
1054 2346 1235 2400 αὐτῶν
1267 2344 1537 2418 ἐμπλήσω
1575 2347 1713 2415 ἀγα-

110 2440 259 2494 θῶνο
290 2440 392 2494 ἐὰν
424 2440 734 2509 ἀναγγείλω
765 2442 893 2511 ὑμῖν
926 2439 995 2493 τὰ
1028 2438 1151 2494 καθ’
1184 2438 1400 2511 ἡμέραν
1427 2439 1709 2510 γινόμενα,

112 2531 487 2607 μνημονεύσω
519 2532 589 2586 τά
618 2531 678 2599 ἐξ
706 2531 904 2595 αίῶνος
930 2530 1259 2609 ἀριθμῆσαι.
1293 2529 1500 2602 Κύριος
1529 2531 1710 2585 ἐκτισέ

111 2616 183 2696 με
211 2625 395 2696 ἀρχὴν
416 2623 554 2677 ὁδῶν
576 2622 743 2677 αὑτοῦ
768 2624 849 2688 είς
874 2622 1012 2696 ἔργα
1039 2621 1205 2683 αὑτοῦ
1227 2640 1241 2653 '
1269 2623 1376 2695 πρὸ
1396 2618 1490 2676 τοῦ
1517 2622 1713 2688 αίῶνος

110 2701 454 2788 ἐθεμελίωσὲ
501 2734 592 2787 με,
641 2717 700 2769 ἐν
730 2717 874 2788 ἀρχῇ
911 2715 1018 2788 πρὸ
1051 2715 1145 2769 τοῦ
1188 2714 1289 2787 τὴν
1321 2715 1428 2786 γῆν
1463 2714 1710 2785 ποιῆσαι,

110 2810 210 2863 καὶ
230 2810 343 2881 πρὸ
363 2809 459 2862 τοῦ
488 2809 589 2873 τὰς
609 2808 878 2873 ἀϐύσσους
906 2792 1153 2879 ποιῆσαι,
1176 2810 1283 2880 πρὸ
1303 2808 1398 2862 τοῦ
1429 2807 1712 2880 προελθεῖν

111 2903 214 2966 τὰς
237 2902 428 2972 πηγὰς
454 2900 564 2955 τῶν
590 2901 821 2967 ὑδάτων,
850 2901 957 2971 πρὸ
978 2901 1073 2955 τοῦ
1104 2900 1205 2973 ὅρη
1230 2901 1581 2972 ἑδρασθῆναι,
1605 2899 1714 2972 πρὸ

109 2993 171 3049 δὲ
224 2994 451 3047 πάντων
501 2991 707 3063 βουνῶν
741 2992 908 3062 γεννᾷ
954 3008 1044 3062 με.
1080 2991 1286 3063 Κύριος
1335 2990 1559 3061 ἐποίησε
1602 2990 1713 3061 χώ-

114 3107 219 3162 ρας
248 3090 542 3160 ἀοικήτους
573 3086 669 3141 καὶ
708 3085 856 3158 ἄκρα
883 3084 1179 3156 οἰκούμενα
1210 3084 1310 3155 τῆς
1337 3083 1432 3137 ὑπ’
1459 3084 1709 3156 οὐρανόν.

1032 340 1695 400 DEMONSTRATIONIS
1724 341 2188 401 EVANGELICE
2228 340 2358 399 LIB.
2402 341 2471 397 τ’.
3285 345 3393 403 550

1728 470 1776 528 A

2438 459 2675 517 CAPUT
2704 460 2748 515 1.

1810 577 2269 645 Quemadmodum
2296 575 2439 647 apud
2477 576 2729 632 Hebra'os
2759 575 3192 644 sapientissimus
3227 576 3392 633 Salo-

1883 665 2026 709 mon,
2062 650 2119 701 in
2154 647 2453 702 Proverbiis
2480 650 2624 702 novit
2661 652 2957 718 quamdam
2986 650 3393 718 primogenitum

1882 718 1980 772 Dei
2002 721 2247 772 virtutem
2267 759 2282 783 ,
2314 734 2471 785 quam
2496 729 2545 772 et
2576 722 2891 787 sapieuttam
2924 717 3043 782 Dei,
3080 734 3128 773 et
3157 717 3393 787 ejusdem

1879 788 2112 861 sobolem
2142 789 2387 861 appellat
2420 805 2437 845 :
2492 790 2628 843 sicut
2656 790 2869 843 interim
2897 806 2993 843 nos
3019 806 3222 861 quoque
3246 807 3395 844 eam-

1878 859 1994 915 dem
2011 860 2400 929 gloriﬁcamus.

1884 990 1905 1024 ι
1942 972 2057 1043 Ego
2102 971 2380 1047 Sapientia
2412 970 2653 1026 habitavi
2685 970 3000 1034 consilium,
3038 978 3092 1025 et
3121 968 3393 1047 cognitio-

1808 1081 1955 1132 nem,
1979 1073 2033 1121 et
2060 1064 2457 1137 cogitationem
2492 1080 2593 1135 ego
2626 1065 2875 1121 invocavi
2903 1083 2916 1119 :
2964 1064 3129 1126 timor
3176 1040 3392 1119 Domini

1809 1156 1926 1212 odit
1952 1156 2299 1226 iniustitiam,
2334 1156 2831 1227 contumeliamque
2855 1164 2920 1215 et.
2960 1158 3298 1227 superbiam,
3337 1166 3394 1214 et

1810 1251 1929 1305 vias
1958 1266 2251 1321 pravorum
2284 1265 2299 1301 :
2329 1249 2421 1304 odi
2455 1264 2584 1304 vero
2603 1265 2704 1321 ego
2750 1265 3039 1320 perversas
3066 1251 3119 1305 vi
3139 1267 3183 1307 is
3213 1252 3391 1306 malo-

1811 1355 1934 1394 rum
1970 1360 1983 1394 :
2036 1356 2216 1401 meum
2245 1346 2329 1397 est
2354 1340 2648 1395 consilium
2681 1349 2735 1396 et
2769 1342 3087 1402 stabilitas:
3144 1358 3268 1397 mea
3306 1349 3393 1399 est

1812 1430 2125 1505 prudentia,
2157 1447 2277 1491 mea
2313 1441 2495 1486 autem
2528 1430 2798 1493 fortitudo
2835 1449 2979 1504 aper
3004 1449 3092 1489 me
3127 1449 3281 1505 rcges
3303 1450 3392 1490 re-

1811 1533 2001 1597 gnant.
2024 1532 2079 1582 et
2111 1536 2359 1595 potentes
2383 1524 2913 1594 scribuntjustitiam
2943 1543 3068 1597 :per
3096 1542 3184 1582 me
3213 1527 3397 1599 magni

1811 1616 1916 1669 viri
1945 1613 2362 1686 magnificantur
2381 1653 2396 1677 ,
2427 1622 2482 1667 et
2510 1613 2728 1685 tyranni
2765 1629 2864 1687 per
2894 1630 2981 1669 me
3006 1614 3261 1671 obtinent
3284 1621 3398 1668 ter-

1813 1723 1931 1762 ram
1964 1728 1977 1763 :
2006 1724 2107 1779 ego
2140 1717 2387 1762 amantes
2438 1722 2526 1761 me
2569 1705 2758 1778 diligo,
2795 1715 2851 1762 et
2879 1706 2971 1777 qui
3018 1714 3271 1777 quaerunt
3310 1723 3400 1764 me

1743 1829 1786 1885 Β
1816 1801 2094 1856 invenient
2122 1801 2354 1870 gratiam
2384 1818 2397 1853 :
2427 1799 2629 1853 divitia
2654 1805 2719 1861 et
2738 1798 2909 1870 gloria
2929 1798 3063 1861 mihi
3093 1798 3315 1864 adsunt,
3343 1806 3401 1856 et

1814 1894 2093 1965 possessio
2109 1890 2655 1962 multorumjustitia.
2673 1889 2965 1950 Meliusest
2981 1889 3088 1955 frui
3103 1906 3209 1955 me,
3232 1906 3399 1962 quam

1812 2002 1949 2043 auro
1980 1995 2035 2043 et
2065 1987 2244 2058 lapide
2276 1988 2518 2059 pretioso
2544 1986 2755 2040 multo:
2792 1986 2898 2040 mei
2924 2001 3056 2041 vero
3081 1982 3247 2050 fetus,
3282 1998 3403 2040 me-

1810 2077 1981 2135 liores
2011 2085 2237 2150 argento
2266 2078 2464 2134 electo.
2499 2077 2662 2154 212
2687 2074 2748 2131 In
2773 2076 3123 2147 viisjustitia:
3154 2074 3399 2141 ambulo,

1810 2180 1867 2229 et
1897 2171 2044 2228 inter
2066 2173 2185 2228 vias
2212 2171 2464 2227 veritatis
2494 2185 2714 2235 versor,
2747 2178 2811 2225 ut
2840 2168 3083 2224 dividam
3121 2167 3404 2238 diligenti-

1810 2265 1917 2322 bus
1949 2280 2036 2321 me
2064 2264 2458 2328 substantiam,
2489 2271 2545 2320 et
2571 2264 2866 2319 thesauros
2897 2277 3089 2318 eorum
3146 2261 3402 2331 impleam

1809 2355 2010 2412 bonis:
2042 2357 2091 2412 si
2125 2355 2532 2411 annuntiavero
2590 2355 2749 2410 vobis
2794 2369 2915 2424 quae
2941 2351 3190 2424 quotidie
3239 2352 3401 2418 fiunt,

1810 2464 2189 2505 memoravero
2234 2463 2358 2519 quae
2402 2464 2433 2503 a
2489 2449 2692 2505 saeculo
2716 2456 2845 2504 sunt
2877 2446 2946 2501 ad
2976 2444 3401 2506 numerandum.

1811 2542 2080 2599 Dominus
2112 2543 2319 2599 creavit
2344 2558 2431 2598 me
2447 2541 2665 2595 initium
2688 2540 2902 2595 viarum
2929 2551 3155 2594 suarum
3186 2536 3242 2591 in
3266 2549 3403 2605 ope-

1810 2648 1876 2689 ra
1909 2648 2009 2689 sua
2046 2651 2060 2687 :
2107 2642 2233 2688 ante
2276 2633 2541 2687 saeculum
2594 2630 2844 2686 fundavit
2876 2645 2998 2695 me,
3039 2629 3096 2683 in
3129 2626 3405 2698 principio

1814 2732 2104 2795 antequam
2136 2731 2341 2778 terram
2377 2722 2605 2786 faceret,
2639 2729 2694 2777 et
2727 2727 3022 2791 antequam
3046 2718 3281 2790 abyssos
3314 2715 3401 2777 fag-

1813 2823 1982 2882 ceret,
2033 2821 2327 2885 antequam
2368 2812 2654 2883 prodirent
2686 2810 2866 2866 fontes
2914 2823 3204 2880 aquarum,
3239 2814 3400 2862 ante-

1814 2924 1979 2980 quam
2014 2914 2231 2962 montes
2258 2906 2374 2963 suis
2404 2904 2631 2960 sedibus
2658 2903 3028 2961 ﬁrmarentur.
3046 2908 3173 2955 ante
3206 2914 3405 2956 omnes

1812 2996 1982 3051 colles
2011 2993 2185 3066 gignit
2216 3009 2334 3050 me:
2363 2992 2631 3063 meinus
2652 2992 2781 3047 fecit
2807 2992 3080 3063 regiones,
3094 2999 3149 3045 et
3170 3004 3265 3045 eas
3281 3003 3405 3059 quae

1815 3103 1925 3143 non
1985 3087 2336 3151 habitantur,
2373 3092 2428 3142 et
2475 3085 2714 3140 vertices
2748 3084 2842 3155 qui
2878 3083 3236 3150 habitantur,
3276 3081 3403 3151 ejus

120 3182 325 3235 Ἦνίκα
370 3177 634 3252 ἡτοίμαζε
676 3179 770 3233 τὸν
817 3178 1072 3251 οὐρανὸν,
1122 3178 1504 3261 συμπαρήμην
1542 3177 1710 3249 αὐτῷ,

1819 3194 1937 3250 quae
1967 3178 2073 3233 sub
2103 3178 2244 3233 caelo
2272 3182 2356 3233 est
2388 3196 2403 3232 :
2455 3177 2674 3247 quando
2713 3177 2944 3247 parabat
2972 3175 3199 3241 cmlum,
3238 3172 3405 3229 simul

110 3275 213 3328 καὶ
253 3275 348 3327 ὅτε
398 3271 643 3346 ἀφώριζε
690 3272 783 3325 τὸν
836 3271 1032 3325 ἑαυτοῦ
1085 3269 1273 3343 θρόνον
1319 3272 1408 3325 ἐπ’
1458 3271 1709 3342 ἀνέμωνο

110 3367 285 3438 ἡνίκα
333 3365 533 3437 ἰσχυρὰ
564 3363 738 3418 ἐποίει
769 3362 840 3417 τὰ
867 3362 982 3417 ἄνω
1023 3363 1183 3435 νέφη,
1213 3364 1309 3416 καὶ
1346 3362 1423 3426 ὡς
1453 3362 1715 3431 ἀσφαλεῖς

113 3456 289 3510 ἐτίθει
321 3456 508 3526 πηγὰς
534 3456 636 3525 τῆς
668 3456 762 3509 ὑπ’
792 3455 1041 3526 οὐρανὸν,
1077 3454 1136 3506 ὲν
1164 3452 1245 3523 τῷ
1271 3452 1485 3506 τιθέναι
1515 3455 1582 3524 τῇ
1619 3452 1715 3505 θα-

113 3549 298 3621 λάσσῃ
324 3546 671 3619 ἀκριϐασμὸν
700 3545 889 3610 αὑτοῦ,
940 3546 1043 3621 καὶ
1066 3545 1235 3599 ὕδατα
1257 3546 1319 3598 ού
1347 3543 1714 3616 παρελεύσον-

110 3624 206 3695 sat
246 3641 429 3712 στόμα
480 3638 646 3693 αὑτοῦ
671 3656 687 3670 ο
722 3622 884 3712 ἡνίκα
931 3637 1129 3711 ίσχυρά
1165 3639 1339 3703 ἐποίει
1369 3636 1440 3691 τὰ
1489 3637 1715 3708 θεμέλια

111 3734 215 3803 τῆς
248 3732 380 3803 γῆς,
412 3732 563 3803 ήμην
604 3731 736 3803 παρ’
783 3729 935 3801 αὐτῷ
982 3730 1322 3811 ἁρμόζουσα·
1380 3728 1523 3801 Ἐγὼ
1566 3729 1715 3801 ήμην

113 3817 530 3895 ᾗπροσέχαιρε.
552 3819 692 3873 Καθ’
713 3819 927 3892 ἡμέραν
955 3819 1012 3872 δὲ
1046 3819 1422 3890 εύφραινόμην
1450 3821 1509 3872 ἐν
1542 3836 1714 3889 προσ-

117 3911 259 3982 ώπῳ
314 3909 507 3973 αὑτοῦ,
553 3910 613 3962 ἐν
660 3909 825 3962 παντὶ
867 3907 1067 3979 καιρῷ,
1110 3908 1200 3961 ὅτε
1242 3907 1577 3983 ηὐφραίνετο
1608 3900 1715 3977 ’τὴν

114 4002 450 4074 οίκουμένην
494 4000 836 4066 συντελέσας,
874 3999 970 4054 καὶ
1000 4001 1333 4072 ηὐφραίνετο
1364 4001 1421 4053 ἐν
1453 4000 1588 4071 υἱοῖς
1622 3998 1716 4059 ἀν-

118 4095 384 4166 θρώπων.
434 4094 499 4147 Ἦ
533 4092 642 4166 πρὸ
677 4093 786 4147 τῶν
812 4093 1090 4167 γεννητῶν
1128 4092 1249 4146 θεία
1277 4092 1373 4146 καὶ
1408 4091 1715 4163 πανάρετος

118 4186 305 4252 οὐσία,
352 4186 390 4256 ἡ
425 4183 589 4256 νοερὰ
624 4182 719 4237 καὶ
756 4182 1102 4253 πρωτότοκος
1136 4182 1237 4253 τῆς
1278 4183 1580 4257 ἀγεννήὴτου
1610 4181 1712 4251 φύ-

119 4293 261 4341 σεως
301 4275 492 4339 εἰκὼν,
524 4279 553 4329 ὁ
577 4275 800 4346 γνήσιος
832 4274 927 4327 καὶ
967 4257 1262 4345 μονογενὴς
1294 4272 1387 4326 τοῦ
1422 4273 1537 4347 τῶν⁵
1576 4272 1715 4326 ὅλων

116 4369 259 4423 Θεοῦ
312 4369 461 4434 Υἱὸς,
514 4365 867 4438 πολυώνυμός
917 4383 1000 4430 τις
1044 4364 1141 4430 ὢν,
1190 4366 1286 4420 καὶ
1316 4365 1403 4444 διᾲ
1444 4366 1716 4418 πλείστων

117 4449 488 4535 προσρήσεων
520 4460 961 4532 θεολογούμενος,
1000 4458 1079 4533 τῷ
1129 4459 1231 4528 τῆς
1262 4460 1451 4527 σοφίας
1486 4457 1579 4511 ἐπὶ⁸
1618 4455 1712 4510 τοῦ

116 4554 396 4625 παρόντος
445 4551 716 4623 ἀξιώματί
753 4569 814 4605 τε
858 4553 952 4604 καὶ
1002 4550 1345 4623 προσηγορία
1400 4549 1710 4620 τετίμηται.

115 4647 296 4716 Λόγον
322 4646 381 4699 δὲ
409 4644 544 4698 Θεοῦ
587 4645 769 4709 αὑτὸν,
804 4632 1060 4709 καὶΦῶς,
1101 4625 1197 4698 καί
1232 4644 1408 4715 Ζωὴν,
1444 4643 1536 4697 καὶ
1560 4640 1716 4712 Ἀλή-

119 4736 301 4800 θειαν,
329 4737 426 4790 καὶ
457 4738 550 4789 ἐπὶ
586 4739 718 4790 πᾶσι
751 4737 984 4809 Χριστὸν
1020 4736 1155 4789 θεοῦ
1190 4736 1418 4806 δύναμιν
1454 4735 1549 4809 καί
1579 4732 1715 4787 Θεοῦ

120 4829 331 4898 Σοφίαν
373 4808 813 4899 προσαγορεύειν
851 4826 1276 4898 μεμαθήκαμεν.
1309 4828 1372 4879 Ei
1430 4824 1492 4899 δὴ
1532 4808 1627 4877 οὖν
1648 4824 1717 4877 τὰ

124 4920 269 4991 μετὰ
311 4921 503 4990 χεῖρας
544 4919 710 4991 αὐτὸς
738 4903 869 4990 περὶ
909 4900 1127 4983 ἑαυτοῦ,
1165 4902 1241 4981 ὥς
1282 4916 1349 4972 ἂν
1378 4915 1514 4971 Θεοῦ
1547 4914 1719 4985 Σοφία

122 5011 278 5077 ζῶσα
319 5012 416 5064 καὶ
448 5011 570 5064 καθ’
600 4990 772 5081 αὐτὴν
807 5010 1122 5079 ὑφεστῶσα,
1154 5009 1243 5064 διὰ
1272 5008 1367 5063 τοῦ
1401 5008 1717 5078 σοφωτάτου

123 5102 474 5183 Σὴλομῶντος
500 5100 837 5174 διεξέρχεται
863 5104 1061 5173 λέγων,
1105 5122 1124 5155 ι
1173 5103 1316 5172 Ἐγὼ
1344 5103 1379 5173 ἡ
1403 5102 1576 5171 Σοφία
1616 5118 1719 5154 κα-

123 5196 449 5264 τεσκήνωσα
504 5193 722 5265 βουλὴν,
786 5194 880 5248 καὶ
909 5195 1132 5264 γνῶσιν,
1190 5193 1288 5247 καὶ
1341 5192 1550 5245 ἔννοιαν
1607 5189 1720 5259 ἐγὼ

123 5284 552 5356 ἐπεκαλεσάμην
606 5304 627 5334 ι
671 5287 766 5340 καὶ
808 5287 879 5345 τὰ
930 5287 1143 5351 τούτοις
1188 5286 1540 5356 ἐπαγόμενα·
1583 5283 1720 5337 ἀλλά

127 5379 222 5431 καὶ
296 5378 374 5442 ὡς
428 5378 531 5450 τὴν
582 5380 692 5436 τῶν
760 5362 897 5439 ὅλων
972 5382 1242 5454 διοίκησιν
1322 5380 1416 5433 καὶ
1462 5377 1720 5451 πρόνοιαν

128 5460 561 5543 ἀναδεδεγμένος
607 5458 891 5547 ἐπιφέρει·
934 5493 954 5526 ι
997 5475 1076 5549 Δι’
1110 5472 1245 5545 ἐμοῦ
1281 5456 1523 5543 βασιλεῖς
1568 5468 1723 5540 βασι-

130 5563 369 5631 λεύουσι,
428 5567 527 5619 καὶ
574 5568 624 5620 οί
675 5567 932 5622 δυνάσται
998 5567 1281 5639 γράφουσι
1335 5550 1718 5637 δικαιοσύνῃ’

130 5654 197 5707 δι’
249 5655 385 5727 ἐμοῦ
443 5658 772 5729 μεγιστᾶνες
839 5638 1286 5730 μεγαλύνονται”
1343 5674 1364 5709 s
1432 5650 1581 5720 εἶτα,
1646 5652 1724 5705 εί-

206 5812 249 5865 ετ
278 5813 439 5892 [from
472 5830 593 5883 vin,
631 5814 822 5885 12-51.

1813 3288 1939 3327 cum
1971 3287 2038 3327 eo
2067 3270 2313 3335 aderam,
2349 3269 2571 3340 quando
2632 3269 2956 3339 segregabat
3006 3265 3190 3323 sedem
3247 3280 3403 3322 suam

1815 3377 1982 3434 super
2036 3368 2254 3425 ventos,
2294 3361 2518 3430 quando
2568 3359 2743 3415 fortes
2797 3359 3036 3414 faciebat
3090 3358 3408 3429 superiores

1814 3455 2013 3519 nubes,
2040 3460 2093 3507 et
2123 3461 2182 3507 ut
2210 3452 2439 3507 stabiles
2472 3451 2708 3523 ponebat
2745 3450 2928 3507 fontes
2958 3450 3102 3521 ejus,
3152 3464 3277 3521 quae
3299 3449 3407 3506 sub

1814 3546 1957 3600 coelo
1975 3553 2080 3603 est.
2104 3544 2234 3598 dum
2259 3554 2488 3615 poneret
2512 3546 2652 3598 mari
2665 3543 3202 3599 consummationem
3220 3557 3404 3608 suam,

1814 3645 1870 3699 et
1900 3653 2059 3714 aqua:
2091 3651 2203 3692 non
2235 3637 2595 3707 praeteribunt
2625 3650 2689 3691 os
2710 3634 2855 3705 ejus,
2878 3632 3100 3705 quando
3135 3632 3301 3689 fortia
3327 3632 3409 3688 fa-

1815 3730 1995 3785 ciebat
2018 3728 2377 3786 fundamenta
2401 3734 2595 3793 terras,
2632 3742 2783 3783 eram
2808 3726 2951 3796 apud
2984 3726 3134 3780 illum
3180 3739 3407 3795 compo-

1816 3840 1961 3893 nens
1982 3846 1994 3881 :
2019 3840 2118 3895 ego
2146 3839 2299 3883 eram
2329 3821 2473 3896 apud
2494 3835 2660 3892 quam
2690 3819 2983 3890 gaudebat,
3017 3816 3260 3888 quotidie
3275 3830 3406 3871 vero

1814 3919 2040 3987 laetabar
2074 3912 2129 3970 in
2160 3914 2313 3968 vultu
2362 3913 2510 3968 illius
2557 3911 2614 3966 in
2641 3910 2791 3964 omni
2835 3919 3122 3981 tempore:
3183 3906 3407 3978 quando

1815 4010 2103 4065 lmtabatur
2132 4006 2278 4078 quod
2304 4005 2494 4060 orbem
2531 4011 2804 4058 terrarum
2830 4000 3186 4073 perfecisset,
3221 4006 3277 4056 et
3308 4000 3402 4055 Ite-

1815 4102 2037 4175 tuabatur
2058 4100 2114 4154 in
2156 4097 2285 4153 filiis
2331 4095 2615 4151 hominum
2651 4095 2721 4147 ⁸⁷.
2759 4113 2780 4149 ι
2816 4093 3064 4147 Divinam
3096 4099 3151 4147 et
3184 4104 3401 4146 omnem

1815 4195 1872 4249 in
1901 4208 1961 4248 se
1993 4192 2204 4247 habens
2262 4190 2547 4251 virtutem,
2576 4201 2700 4260 quas
2724 4185 2941 4246 cunctis
2988 4184 3153 4245 rebus
3204 4184 3408 4251 genitis

1815 4287 2094 4357 antiquior
2123 4290 2211 4348 est
2239 4282 2513 4347 essentia,
2537 4296 2659 4351 quae
2696 4279 3006 4350 intelligens
3036 4290 3091 4333 et
3128 4278 3406 4348 primoge-

1816 4380 1931 4434 nita
1966 4376 2222 4447 ingenitae
2281 4381 2494 4428 naturae
2551 4373 2733 4441 imago
2761 4377 2845 4426 est
2870 4410 2885 4433 ,
2928 4370 3207 4441 legitimus
3240 4376 3407 4437 atque

1817 4472 2018 4528 unicus
2039 4471 2264 4526 maximi
2288 4469 2382 4524 Dei
2420 4468 2620 4535 Filius,
2659 4467 2751 4537 qui
2778 4465 2969 4521 multis
2995 4464 3309 4520 nominibus
3326 4461 3410 4517 di-

1817 4564 1963 4619 citur
1992 4604 2007 4629 ,
2040 4562 2108 4618 de
2139 4578 2249 4633 quo
2282 4568 2346 4616 ut
2376 4560 2444 4615 de
2475 4559 2587 4615 Deo
2629 4558 2882 4630 pluribus
2944 4556 3408 4628 appellationibus

1816 4656 2116 4726 loquimur,
2146 4654 2252 4713 hoc
2297 4653 2351 4707 in
2387 4653 2508 4707 loco
2540 4650 2835 4721 Sapientiae
2866 4649 3189 4723 dignitatem
3244 4656 3409 4717 atque

1818 4748 2262 4819 appellationem,
2291 4745 2523 4814 honoris.
2551 4750 2607 4798 et
2641 4742 3021 4814 amplitudinis
3049 4740 3227 4813 gratia
3247 4753 3410 4794 acce-

1819 4840 1918 4911 pit,
1940 4837 2173 4907 Verbum
2189 4845 2370 4892 autem
2401 4835 2492 4889 Dei
2515 4834 2789 4895 eumdem,
2807 4842 2862 4897 et
2882 4832 3106 4898 Lucem,
3129 4838 3182 4886 et
3201 4828 3406 4891 Vitam,

1819 4939 1874 4985 et
1908 4927 2228 4987 Veritatem,
2264 4933 2318 4981 ct
2347 4933 2624 4995 postremo
2659 4922 2942 4984 Christum
2980 4921 3071 4975 Dei
3118 4918 3407 4984 Virtutem,

1820 5029 1883 5097 et,
1907 5020 2001 5075 Dei
2056 5018 2392 5088 Sapientiam
2454 5017 2732 5087 appellare
2761 5014 2873 5084 jam
2918 5012 3259 5068 didicimus:
3290 5010 3409 5080 jam

1823 5113 1988 5184 igitur
2016 5113 2071 5165 in
2104 5112 2190 5167 his
2215 5125 2337 5181 quae
2364 5125 2512 5165 nunc
2536 5110 2591 5163 in
2616 5107 2871 5162 manibus
2896 5113 3044 5169 sunt,
3074 5104 3193 5174 ipse
3225 5102 3293 5158 de
3319 5115 3409 5157 se-

1823 5206 1965 5275 ipso,
1994 5213 2255 5275 tanquam
2279 5203 2373 5258 Dei
2404 5203 2594 5256 vivens
2620 5198 2924 5270 Sapientia,
2950 5207 3002 5252 et
3028 5211 3152 5266 qua:
3181 5209 3277 5265 per
3311 5208 3404 5248 se-

1823 5300 1999 5369 ipsam
2058 5295 2359 5358 consistat,
2398 5310 2495 5364 per
2523 5291 2993 5363 sapientissimum
3049 5287 3402 5342 Salomonem

1822 5366 1989 5445 verba
2021 5387 2188 5453 facit,
2256 5385 2386 5441 dum
2421 5386 2554 5440 dicit
2586 5402 2629 5437 ιι
2680 5382 2801 5455 Ego,
2823 5380 3105 5451 Sapientia
3164 5376 3407 5433 habitavi

1824 5482 2142 5547 consilium,
2201 5487 2257 5536 et
2289 5479 2694 5551 cognitionem,
2751 5484 2808 5531 et
2861 5473 3254 5546 cogitationem
3304 5486 3410 5541 ego

1826 5574 2099 5651 invocavi,
2139 5593 2160 5627 ι
2196 5583 2252 5629 et
2281 5588 2404 5646 qua:
2435 5571 2524 5642 his
2571 5570 2829 5645 adjuncta
2885 5575 3047 5642 sunt,
3082 5566 3191 5622 Sed
3238 5564 3407 5621 etiam

1824 5658 1982 5745 quasi
2015 5666 2064 5723 is
2094 5665 2186 5738 qui
2230 5664 2408 5738 ipsius
2459 5662 2702 5743 universi
2758 5659 3298 5737 administrationem
3352 5662 3410 5713 et
