3846 6218
446 323 544 388 551

1086 324 1363 392 EUSEBH
1401 328 1887 393 C'ESARIENSIS
1911 335 2067 393 OPP.
2104 334 2307 392 PARS.
2347 335 2416 392 11.
2454 364 2524 378 --
2558 333 3063 393 APOLOGETICA.

3614 339 3721 396 352

445 448 851 522 providentiam
886 452 1186 521 acceperit,
1219 452 1489 526 adiungit,
1527 473 1546 506 ‹
1601 452 1707 510 Per
1750 469 1840 509 me
1884 466 2029 522 reges

2143 449 2260 504 πὼν
2336 451 2734 523 μνημονεύσειν
2803 450 2873 505 τὰ
2945 451 3006 517 ἐξ
3074 452 3303 518 αἰῶνος,
3360 453 3558 523 ἐπάγει
3627 455 3721 508 λέ-

446 551 680 614 regnant
720 585 735 609 ,
777 550 833 597 et
869 551 1120 614 potentes
1158 547 1413 601 scribunt
1447 546 1720 616 justitiam
1752 587 1767 610 ,
1808 561 1907 616 per
1943 561 2032 600 me

445 635 631 706 magni
683 635 786 689 viri
841 636 1310 706 magniﬁcantur;
1359 657 1377 690 ι
1422 639 1620 694 deinde
1660 639 1754 693 ubi
1794 639 1935 693 dixit
1973 653 2033 694 se

445 739 877 786 memoraturum
910 747 1032 800 qua:
1050 745 1079 784 a
1099 733 1301 786 saeculo
1324 741 1472 795 sunt,
1514 733 1766 804 adjungit
1803 732 2027 788 dicens:

449 839 470 872 ι
524 822 790 877 Dominus
830 823 1036 877 creavit
1076 839 1164 877 me
1203 824 1419 878 initium
1455 824 1669 879 viarum
1709 839 1933 880 suarum
1975 825 2029 878 in

445 929 611 981 Opera
652 931 774 977 sua,
835 924 960 969 ante
1020 917 1278 970 sacculum
1337 916 1585 971 fundavit
1634 933 1738 973 me.
1790 938 1808 970 ι
1865 919 2030 988 213

455 1005 668 1070 Quibus
719 1007 900 1061 verbis
937 1008 1173 1061 ’interim
1219 1008 1458 1078 scipsum
1522 1009 1784 1078 genitum,
1855 1023 2032 1077 neque

443 1096 694 1150 eumdem
741 1113 865 1151 eum
922 1097 1164 1167 lngenito
1206 1099 1366 1154 docet
1388 1115 1543 1162 esse,
1577 1114 1702 1153 eum
1757 1114 1889 1154 sane
1935 1099 2028 1168 qui

444 1196 573 1242 ante
626 1205 787 1243 omne
826 1205 998 1244 aevum
1029 1191 1325 1244 essentiam
1373 1193 1667 1261 acceperit,
1710 1198 1764 1245 et
1809 1192 1862 1244 in
1915 1205 2033 1244 mo-

445 1282 576 1338 dum
631 1282 968 1338 fundamenti
1017 1285 1229 1338 cunctis
1257 1286 1455 1354 genitis
1507 1285 1671 1339 rebus
1714 1285 2031 1354 przemissus

445 1376 537 1430 sit.
574 1374 647 1428 Ex
683 1392 794 1445 quo
825 1376 1068 1430 divinum
1105 1377 1426 1444 Apostolutn
1459 1383 1838 1446 argumentum
1873 1390 2030 1430 acce-

443 1465 594 1535 pisse
621 1467 882 1520 credibile
909 1475 1012 1528 est,
1046 1475 1103 1520 ut
1134 1466 1201 1521 de
1231 1467 1325 1519 illo
1357 1465 1587 1529 diceret,
1626 1485 1643 1516 ι
1665 1466 1769 1532 Qui
1800 1472 1884 1520 est
1906 1468 2035 1520 ima-

449 1572 520 1627 go
574 1556 666 1612 Dei
717 1558 1042 1620 invisibilis,
1083 1558 1479 1628 primogenitus
1526 1559 1704 1614 omnis
1747 1567 2030 1626 creaturas,

443 1649 704 1718 quoniam
740 1650 794 1703 in
826 1651 945 1720 ipso
975 1650 1194 1704 condita
1247 1660 1373 1704 sunt
1400 1651 1679 1714 universa,
1713 1651 1766 1704 in
1809 1653 1950 1706 caalo
1979 1661 2033 1706 et

441 1740 499 1796 in
546 1749 693 1795 terra
727 1740 792 1792 ⁸⁸.
843 1758 863 1792 ι
912 1739 1193 1810 Siquidem
1227 1741 1624 1810 primogenitus
1662 1741 1845 1796 omnis
1876 1756 2034 1796 crea-

441 1841 582 1888 turae
610 1833 791 1887 dictus
819 1840 904 1886 est
935 1833 988 1885 in
1025 1833 1116 1887 illo
1146 1851 1158 1887 :
1196 1851 1214 1883 ι
1259 1831 1521 1886 Dominus
1561 1833 1766 1887 creavit
1799 1848 1886 1888 me
1928 1833 2034 1887 ini-

443 1925 586 1977 tium
620 1924 830 1978 viarum
882 1939 1107 1978 suarum
1145 1925 1198 1978 in
1247 1939 1412 1994 opera
1459 1939 1578 1979 sua.
1621 1944 1638 1975 ι
1674 1922 1807 1978 Jure
1853 1934 2031 1980 autem

443 2014 629 2085 imago
694 2015 786 2070 Dei
841 2016 1205 2086 intelligetur,
1265 2023 1452 2086 utpote
1504 2016 1597 2084 qui
1653 2017 1904 2085 genitura
1962 2017 2034 2070 sit

443 2106 698 2176 ingenita:
731 2115 958 2162 natura}.
991 2107 1104 2161 Hoc
1155 2109 1322 2178 igitur
1380 2108 1433 2161 in
1489 2107 1574 2161 bis
1629 2123 1750 2178 quae
1813 2110 1866 2163 in
1915 2126 2033 2164 ma-

443 2200 609 2254 nibus
641 2208 770 2254 sunt
819 2201 1132 2262 confitetur,
1154 2201 1244 2255 ubi
1269 2202 1343 2255 ait
1372 2221 1384 2256 :
1423 2221 1442 2252 ι
1471 2205 1774 2273 Antequam
1821 2211 2035 2259 montes

449 2293 565 2350 suis
597 2295 820 2350 sedibus
855 2293 1226 2358 ﬁrmarentur,
1261 2313 1279 2345 ι
1309 2303 1383 2359 et,
1415 2315 1434 2346 ‹
1460 2295 1600 2350 Ante
1623 2310 1814 2349 omnes
1839 2297 2030 2359 colles,

443 2384 618 2454 gignit
655 2399 760 2438 me.
799 2403 818 2436 ι
851 2383 984 2438 Inde
1013 2384 1164 2438 illum
1205 2383 1398 2438 Filium
1431 2387 1676 2449 unicum,
1712 2394 1763 2440 ct
1796 2386 2030 2456 primum

449 2478 691 2546 genitum
728 2476 821 2532 Dei
853 2475 1092 2531 Verbum
1119 2479 1481 2548 appellamus,
1511 2479 1605 2550 qui
1637 2480 1856 2548 quidem
1887 2480 2030 2534 idem

447 2567 522 2622 sit
552 2582 676 2621 cum
705 2581 768 2622 ea
803 2567 1084 2638 Sapientia
1119 2568 1186 2622 de
1215 2584 1320 2637 qua
1353 2569 1559 2624 dictum
1607 2578 1714 2626 est.
1747 2569 2032 2636 Quomodo

445 2666 628 2712 autem
655 2659 964 2726 genituram
990 2659 1144 2714 illum
1179 2676 1301 2715 esse
1334 2660 1425 2716 Dei
1458 2662 1728 2726 dicamus,
1757 2663 1898 2718 alius
1928 2664 2033 2718 erit

441 2756 499 2802 et
523 2749 781 2819 proprius
811 2751 1104 2821 indagandi
1130 2752 1302 2819 locus,
1335 2755 1594 2824 quoniam
1628 2769 1804 2823 neque
1835 2771 2032 2810 secun-

449 2840 580 2895 d'll‘l
619 2842 1034 2911 projeclionem,
1068 2860 1246 2914 neque
1291 2845 1590 2900 secundum
1632 2845 2028 2912 diductionem,

445 2939 541 2986 aut
571 2931 919 2998 divisionem,
964 2942 1058 2988 aut
1092 2933 1537 3000 diminutionem,
1582 2945 1676 2991 aut
1707 2939 2028 3002 sectionem,

443 3033 538 3078 aut
559 3025 783 3079 omnino
809 3026 1109 3080 secundum
1130 3027 1335 3097 aliquid
1354 3041 1543 3084 earum
1562 3045 1683 3099 quae
1701 3029 1756 3084 in
1779 3033 2030 3101 genitura

2133 555 2267 606 γων·
2317 557 2336 592 ι
2393 540 2599 612 Κύριος
2643 541 2828 594 ἐκτισέ
2883 558 2952 613 με
3002 543 3175 614 ἀρχὴν
3219 543 3354 598 οδῶν
3406 545 3572 599 αὐτοῦ
3641 549 3723 610 είς

2133 631 2270 701 ἔργα
2335 631 2532 686 αὐτοῦ·
2599 633 2706 705 πρὸ
2754 633 2850 686 τοῦ
2912 633 3108 698 αἰῶνος
3157 635 3485 707 ἐθεμελίωσέ
3543 656 3612 710 με
3649 658 3662 668 ·
3697 659 3717 689 ι

2132 726 2202 779 δι’
2231 719 2306 780 ὧν
2335 726 2470 797 ὁμοῦ
2501 727 2593 782 καὶ
2634 729 2859 798 γενητὸν
2903 729 3116 793 ἐαυτὸν,
3153 730 3272 800 οὐχὶ
3313 729 3372 783 δέ
3417 731 3508 783 τὸν
3554 732 3722 786 αὑτὸν

2132 817 2260 869 ὄντα
2283 817 2362 887 τῷ
2389 818 2692 889 Ἀγεννήτῳ
2731 817 2990 882 διδάσκει,
3034 818 3140 889 πρὸ
3174 819 3375 883 παντὸς
3402 820 3600 884 αίῶνος
3626 822 3723 874 οὑ-

2135 910 2420 980 σιωμένον,
2468 909 2719 980 θεμελίου
2749 927 2807 964 τε
2851 913 3049 982 τρόπον
3079 911 3186 964 τῶν
3220 914 3494 982 γεννητῶν
3537 915 3721 969 ἁπάν-

2133 1018 2240 1053 των
2274 1000 2730 1072 προϐεϐλημένον.
2757 1001 2916 1055 Ὅθεν
2939 1002 3030 1055 τὸν
3055 1001 3196 1055 θεῖον
3221 1003 3540 1057 Ἀπόστολον
3573 1007 3723 1071 εἰκὸς

2132 1092 2454 1164 ὁρμώμενον
2486 1095 2613 1164 περὶ
2655 1094 2818 1146 αὑτοῦ
2852 1095 3015 1163 φάναι
3041 1111 3055 1124 '
3083 1114 3100 1146 ι
3135 1097 3232 1160 Ὃς
3261 1098 3408 1150 ἐστιν
3438 1097 3601 1151 εἰκὼν
3627 1099 3724 1153 τοῦ

2147 1184 2423 1254 ’Δοράτου,
2455 1186 2798 1256 πρωτότοκος
2825 1187 3006 1257 πάσης
3054 1188 3283 1253 κτίσεως
3305 1206 3319 1220 ο
3362 1191 3442 1242 ὅτι
3474 1193 3531 1243 ἐν
3571 1191 3728 1260 αὑτῷ

2133 1275 2359 1346 ἐκτίσθη
2392 1277 2461 1330 τὰ
2496 1279 2693 1342 πάντα,
2733 1277 2800 1331 τά
2835 1281 2891 1331 ἐν
2916 1279 2993 1350 τῷ
3017 1279 3230 1351 οὐρανῷ
3275 1281 3366 1334 καὶ
3403 1282 3473 1335 τὰ
3501 1282 3595 1335 ἐπὶ
3625 1284 3729 1353 τῆς

2132 1370 2254 1440 γῆς.
2291 1389 2308 1420 ι
2357 1370 2708 1441 Πρωτότοκος
2752 1371 2851 1441 μὲν
2896 1371 3005 1443 γὰρ
3050 1373 3232 1444 πάσης
3279 1373 3559 1444 ἀνείρηται
3609 1376 3733 1428 κτί-

2136 1478 2292 1524 σεως,
2328 1463 2466 1516 κατὰ
2498 1462 2578 1527 τὸ,
2616 1483 2634 1514 ι
2692 1463 2895 1535 Κύριος
2929 1463 3109 1517 ἕκτισέ
3141 1482 3210 1534 με
3243 1466 3416 1536 ἀρχὴν
3455 1467 3594 1520 ὁδῶν
3628 1469 3733 1521 αὐ-

2132 1551 2226 1606 τοῦ
2253 1555 2331 1616 είς
2354 1553 2490 1624 ἔργα
2516 1553 2681 1607 αὑτοῦ
2705 1571 2719 1584 ο
2764 1574 2782 1606 ι
2822 1558 2992 1609 νοοῖτο
3013 1555 3057 1608 δ’
3087 1556 3153 1609 ἂν
3187 1557 3408 1622 εἰκότως
3439 1559 3605 1612 εἰκὼν
3633 1561 3731 1614 τοῦ

2133 1645 2289 1710 Θεοῦ,
2318 1645 2393 1708 ὡς
2423 1644 2488 1699 ἃν
2526 1645 2770 1716 γέννημα
2796 1647 2896 1717 τῆς
2939 1649 3234 1720 ἁγεννήτου
3267 1649 3482 1719 φύσεως
3521 1654 3737 1722 τυγχά-

2134 1755 2260 1792 νων.
2297 1736 2468 1790 Τοῦτο
2497 1737 2555 1792 δὲ
2588 1734 2681 1791 οῦν
2720 1739 2778 1792 ἐν
2819 1741 2932 1803 τοῖς
2969 1739 3104 1810 μετά
3131 1743 3319 1812 χεῖρας
3355 1742 3630 1812 ὁμολογεῖ,
3660 1744 3733 1797 δι’

2135 1824 2210 1884 ὧν
2243 1849 2374 1903 φησι
2398 1849 2411 1862 °
2456 1852 2474 1884 ι
2521 1833 2636 1906 Πρὸ
2674 1833 2767 1886 τοῦ
2804 1833 2905 1906 ὅρη
2935 1835 3280 1905 ἑδρασθῆναι,
3319 1855 3338 1887 ι
3387 1837 3502 1902 καὶ,
3542 1856 3560 1888 ι
3613 1837 3736 1907 Πρὸ

2135 1924 2193 1978 δὲ
2240 1925 2458 1978 πάντων
2501 1923 2707 1994 βουνῶν
2747 1927 2912 1996 γεννᾷ
2962 1942 3048 1996 με.
3091 1944 3109 1976 ι
3167 1925 3358 1978 Ἔνθεν
3391 1927 3555 1980 αὑτὸν
3596 1928 3734 1981 Υίὸν

2141 2015 2426 2088 μονογενῆ,
2477 2017 2571 2069 καὶ
2613 2017 2957 2088 πρωτότοκον
3001 2015 3093 2070 τοῦ
3141 2015 3278 2068 Θεοῦ
3323 2019 3496 2086 Λόγον
3529 2020 3734 2085 ἀναγο-

2139 2108 2369 2181 ρεύομεν
2395 2108 2485 2161 τὸν
2515 2108 2678 2162 αὑτὸν
2721 2107 2848 2160 ὄντα
2878 2110 2944 2178 τῇ
2983 2106 3286 2179 δηλουμένη
3313 2109 3504 2180 Σοφίᾳ.
3537 2110 3731 2171 Ὅπως

2135 2200 2191 2252 δὲ
2220 2200 2464 2271 γέννημα
2490 2200 2624 2254 Θεοῦ
2671 2200 2831 2254 αὐτὸν
2871 2197 3009 2254 εἶναί
3051 2218 3253 2272 φαμεν,
3294 2202 3432 2264 ἰδίας
3458 2201 3527 2254 ἂν
3555 2201 3733 2256 δέοιτο

2135 2291 2470 2358 ἐξετάσεως’
2511 2293 2634 2345 ἐπεὶ
2685 2294 2822 2364 μήτε
2857 2294 3000 2346 κατὰ
3031 2294 3331 2357 διάστασιν,
3362 2294 3395 2365 ἢ
3436 2293 3727 2364 διαίρεσιν,

2135 2384 2168 2454 ἢ
2204 2383 2446 2453 μείωσιν,
2475 2385 2508 2456 ἢ
2544 2384 2736 2455 τομὴν,
2761 2384 2794 2454 ἢ
2827 2384 2970 2438 κατά
2992 2401 3044 2438 τι
3067 2385 3203 2447 ὅλως
3231 2385 3337 2437 τῶν
3363 2384 3457 2437 ἐπὶ
3479 2385 3580 2455 τῆς
3607 2383 3733 2454 0w:-

2133 2473 2233 2543 τῆς
2261 2473 2529 2540 γενέσεως
2575 2473 3028 2544 ἐπιτελουμένων,
3072 2475 3172 2544 τὴν
3212 2475 3524 2545 ἀπόρρητον
3557 2474 3730 2528 αὑτοῦ

2135 2561 2544 2633 γενεσιουργίαν
2589 2561 2930 2630 ἐπινοοῦμεν.
2983 2563 3118 2616 Οὐδὲ
3157 2563 3266 2634 γὰρ
3315 2563 3475 2633 Θέμις
3520 2565 3636 2617 τῶν
3673 2567 3731 2618 ἐν

2134 2655 2382 2722 γενητοῖς
2429 2668 2538 2706 τισι
2580 2653 2679 2724 τὴν
2713 2655 2951 2725 ἄρρητον
2999 2655 3094 2706 καὶ
3139 2655 3587 2724 ἀκατονόμαστον
3629 2659 3729 2710 αῦ-

2135 2743 2228 2797 τοῦ
2264 2743 2476 2812 γένεσίν
2497 2761 2558 2796 τε
2587 2745 2680 2797 καὶ
2701 2746 2953 2798 οὐσίωσιν
2977 2745 3293 2816 ἀφομοιοῦν,
3321 2747 3443 2799 οὐδέ
3470 2765 3602 2802 τινα
3622 2750 3730 2802 τῶν

2135 2835 2438 2906 ἐπικαίρων
2489 2834 2584 2886 καὶ
2617 2833 2827 2904 θνητῶν
2878 2836 3248 2906 παραϐάλλειν
3299 2836 3448 2908 αὑτῴ
3493 2838 3727 2892 εἰκόναο

2135 2928 2257 2979 ἐπεὶ
2293 2925 2426 2997 μηδέ
2476 2925 2619 2980 κατὰ
2653 2927 2751 2990 τὰς
2800 2929 2928 2998 παρ’
2958 2930 3091 2999 ἡμῖν
3138 2928 3247 2982 τῶν
3281 2927 3437 2992 ζώων
3477 2931 3729 2998 γενέσεις

2134 3025 2322 3078 οὐσίαν
2355 3025 2413 3091 ἐξ
2460 3025 2646 3087 οὐσίας
2677 3024 2817 3078 κατὰ
2849 3025 3020 3089 πάθος
3048 3027 3080 3096 ἢ
3127 3025 3410 3099 διαίρεσιν,
3457 3028 3729 3100 μεριστὴν

448 3116 664 3170 mortali
713 3117 856 3187 exigi
909 3118 1106 3181 solent,
1142 3119 1470 3175 ineffabilem
1506 3121 1654 3178 illius
1689 3125 2029 3193 procreatio-

2137 3120 2230 3172 καὶ
2260 3117 2534 3189 χωριστὴν
2573 3119 2638 3170 ἐκ
2661 3117 2754 3171 τοῦ
2791 3119 3003 3190 Πατρὸς
3033 3119 3454 3191 προεληλυθέναι
3477 3120 3576 3174 τὸν
3599 3121 3728 3174 Υἰὸν

449 3221 574 3260 nem
620 3207 925 3276 cogitamus
964 3229 976 3263 :
1012 3225 1188 3280 neque
1223 3209 1306 3267 fas
1350 3218 1435 3266 est
1467 3213 1590 3268 ullis
1635 3215 1834 3284 genitis
1865 3215 2031 3271 rebus

449 3297 600 3352 illius
638 3305 733 3350 aut
761 3300 1089 3369 genituram,
1131 3311 1225 3356 aut
1256 3306 1726 3374 propagationem,
1762 3323 1884 3378 quae
1909 3309 2033 3378 qui-

444 3388 569 3442 dem
605 3389 770 3445 nullis
800 3394 1198 3460 nequeverbis,
1232 3411 1408 3464 neque
1436 3398 1752 3454 nominibus
1782 3415 2034 3469 compre-

447 3479 609 3535 bendi
639 3490 838 3552 potest,
871 3485 1104 3539 similem
1131 3487 1408 3554 arbitrari,
1435 3506 1612 3560 neque
1639 3507 1768 3546 vero
1793 3492 2030 3562 aliquam

443 3572 524 3626 illi
555 3587 746 3628 eorum
783 3591 904 3645 quae
949 3579 1278 3646 temporaria
1311 3586 1364 3634 et
1411 3583 1662 3636 mortalia
1697 3592 1846 3644 sunt,
1881 3599 2032 3637 com-

447 3679 646 3734 parare
686 3666 977 3737 imaginem
1015 3687 1029 3724 :
1063 3671 1322 3739 quoniam
1358 3686 1536 3741 neque
1588 3675 1890 3728 secundum
1937 3689 2032 3730 eas

447 3753 765 3807 animalium
797 3758 1229 3826 procreationes,
1277 3775 1399 3830 quae
1429 3761 1572 3830 apud
1606 3778 1706 3817 nos
1749 3764 2028 3827 visuntur,

446 3843 744 3898 essentiam
786 3846 853 3900 de
882 3850 1140 3914 essentia,
1183 3865 1414 3920 eamque
1457 3851 1786 3907 divisibilem
1823 3863 1917 3907 aut
1947 3871 2033 3910 se-

447 3937 773 4006 parabilem,
798 3937 994 3994 Filium
1026 3941 1094 3996 de
1123 3941 1304 4008 Patre,
1332 3945 1590 4014 patiendo
1613 3956 1708 3999 aut
1738 3947 2032 4003 dividendo

445 4028 739 4100 prodiisse,
772 4032 860 4099 pie
889 4032 1069 4088 dicere
1100 4049 1396 4104 possumus
1429 4054 1441 4089 :
1467 4044 1652 4105 partes
1679 4038 1824 4092 enim
1853 4039 2031 4094 nullas

445 4122 633 4188 habet,
667 4124 1071 4195 insecabileque
1095 4134 1202 4188 est,
1228 4128 1373 4196 quod
1405 4128 1649 4182 divinum
1674 4137 1776 4193 est,
1805 4145 1914 4184 non
1943 4146 2031 4185 se-

445 4223 625 4284 catur,
660 4231 772 4270 non
821 4217 1101 4282 dividitur,
1142 4233 1251 4272 non
1280 4220 1616 4287 extenditur,
1651 4208 1759 4275 non
1792 4223 2028 4292 corripi-

445 4315 558 4372 tur,
590 4324 701 4363 non
751 4308 1111 4374 diminuitur,
1143 4325 1253 4365 non
1298 4311 1497 4382 majus,
1529 4328 1638 4366 non
1689 4313 1868 4382 pejus,
1918 4329 2028 4368 non

445 4401 640 4456 melius
666 4401 757 4469 (lt;
781 4417 888 4456 non
906 4402 1069 4457 habet
1098 4405 1151 4457 in
1179 4403 1360 4472 scipso
1382 4404 1584 4473 aliquid
1610 4405 1757 4474 quod
1787 4420 1815 4458 a
1847 4408 2028 4475 seipse

2136 3211 2299 3280 φάναι
2349 3212 2513 3263 ὅσιον.
2570 3209 2796 3281 Ἀμερὲς
2845 3209 2952 3280 γὰρ
2997 3211 3091 3262 καὶ
3119 3211 3318 3281 ἄτομον
3348 3211 3410 3263 τὸ
3451 3211 3633 3277 Θείον,
3666 3213 3726 3264 οὗ

2134 3300 2487 3371 τεμνόμενον,
2532 3301 2592 3352 οὐ
2639 3299 3034 3372 διαιρούμενον,
3073 3301 3175 3354 οὐκ
3219 3301 3619 3371 ἐκτεινόμενον,
3664 3303 3727 3356 οὔ

2137 3393 2476 3464 μειούμενον,
2507 3393 2566 3444 οὐ
2609 3391 3048 3462 συστελλόμενον,
3081 3394 3143 3446 οὐ
3189 3393 3390 3463 μεῖζον,
3424 3394 3483 3447 οὺ
3519 3397 3727 3465 χεῖρον,

2134 3486 2195 3536 οὐ
2227 3487 2473 3556 κρεῖττον
2509 3482 2673 3536 αὑτοῦ
2711 3484 3019 3555 γινόμενον,
3062 3485 3162 3538 οὐκ
3208 3484 3327 3554 ἔχον
3371 3502 3423 3536 τι
3462 3487 3521 3537 ἐν
3547 3485 3728 3557 ἐαυτῷ

2133 3572 2318 3643 ἕτερόν
2350 3591 2402 3624 τι
2443 3572 2630 3637 αὐτοῦ,
2667 3573 2752 3625 ἵνα
2780 3573 2874 3625 καὶ
2907 3574 3142 3645 πρόηται
3179 3573 3356 3627 τοῦτο.
3385 3575 3502 3628 Πᾶν
3530 3577 3643 3646 γάρ
3665 3576 3728 3630 τὸ

2135 3661 2190 3714 ἐν
2213 3678 2318 3714 τινι
2350 3661 2433 3727 ὃν,
2471 3661 2505 3732 ἢ
2539 3661 2615 3725 ὡς
2644 3662 3012 3732 συμϐεϐηκὸς,
3045 3658 3156 3717 οἷον
3181 3664 3370 3718 λευκὸν
3399 3668 3456 3720 ἐν
3481 3665 3725 3736 σώματι,

2133 3755 2166 3827 ἢ
2195 3755 2269 3819 ὡς
2298 3755 2484 3828 ἕτερον
2516 3757 2573 3808 ἐν
2609 3755 2780 3826 ἑτέρῳ
2811 3756 3089 3825 τυγχάνει,
3131 3756 3208 3820 ὡς
3239 3757 3298 3810 τὸ
3329 3757 3385 3810 ἐν
3415 3760 3482 3827 τῇ
3519 3776 3728 3828 κυοφο-

2137 3848 2306 3921 ροῦσῃ
2345 3847 2486 3902 κατά
2527 3847 2764 3919 γαστρὸς
2795 3848 3304 3920 κυοφοροῦμενον,ἢ
3337 3849 3412 3912 ὼς
3458 3849 3629 3920 μέρος
3669 3853 3730 3904 ἐν

2131 3942 2209 4013 τῷ
2256 3943 2381 4014 ὅλῳ,
2411 3943 2485 4006 ὡς
2516 3942 2581 3996 ἂν
2622 3947 2680 3996 ἐν
2725 3941 2936 4013 σώματι
2967 3942 3088 4013 χεὶρ
3121 3941 3152 4013 ἦ
3182 3942 3335 4005 ποῦς,
3382 3943 3415 4012 ἦ
3460 3942 3731 4007 δάκτυλος

2133 4035 2227 4088 τοῦ
2259 4035 2456 4098 παντὸς
2479 4035 2608 4088 ὄντα
2641 4034 2804 4106 μέρη,
2829 4027 2904 4086 ὧν
2935 4033 3220 4103 ἀποκοπὴν
3249 4033 3282 4102 η
3310 4049 3432 4084 τινα
3473 4034 3655 4105 τομὴν
3691 4035 3728 4102 ἦ

2131 4125 2394 4198 διαίρεσιν
2428 4125 2790 4190 πεπονθότων,
2817 4125 3006 4188 ἀτελὲς
3029 4125 3122 4178 καὶ
3143 4124 3381 4187 κολοϐὸν,
3419 4123 3494 4187 ὡς
3526 4125 3597 4178 ἂν
3631 4125 3730 4179 τοῦ

2136 4218 2333 4290 μέρους
2353 4217 2895 4290 ὴκρωτηριασμένου,
2919 4217 3304 4270 ἀπολέλειπται
3323 4217 3382 4269 τὸ
3411 4220 3542 4270 πᾶν.
3563 4217 3731 4270 Ἀλλὰ

2131 4309 2240 4381 γὰρ
2280 4311 2373 4362 καὶ
2404 4311 2465 4362 τὸ
2502 4311 2670 4363 εἰκόνι
2699 4308 2874 4378 τοιᾷδε
2910 4308 3004 4361 καὶ
3035 4307 3290 4378 ὁμοιώσει
3335 4307 3580 4378 χρῆσθαι
3631 4309 3732 4362 ἐπὶ

2131 4406 2229 4474 τῆς
2260 4403 2555 4474 ἀγεννήτου
2586 4402 2800 4469 φύσεως
2828 4402 2923 4455 τοῦ
2955 4401 3061 4453 τῶν
3108 4401 3242 4453 ὅλων
3286 4399 3442 4464 Θεοῦ,
3491 4400 3593 4453 καὶ
3624 4400 3733 4470 τῆς

442 4491 516 4548 sit
554 4493 723 4558 aliud,
770 4501 830 4547 ut
851 4494 982 4547 illud
1019 4493 1198 4562 possit
1233 4495 1474 4562 abjicet'e
1507 4514 1519 4548 :
1563 4495 1830 4565 quidquid
1875 4499 2020 4550 enim

2134 4495 2222 4547 τοῦ
2284 4493 2621 4562 Μονογενοῦς
2665 4494 2831 4547 αὑτοῦ
2878 4495 2972 4547 καὶ
3013 4493 3366 4564 Πρωτοτόκου
3428 4493 3727 4561 γενέσεως,

442 4585 500 4638 in
528 4585 714 4656 aliquo
747 4595 850 4648 est,
891 4593 985 4639 aut
1015 4594 1100 4641 est
1130 4594 1390 4656 tanquam
1422 4587 1704 4650 accidens,
1745 4595 1807 4642 ut
1839 4589 2026 4643 album

443 4673 501 4728 in
535 4690 785 4744 corpore,
822 4682 917 4729 aut
957 4685 1216 4746 tanquam
1247 4677 1395 4731 aliud
1445 4678 1501 4730 in
1529 4677 1658 4740 alio,
1689 4685 1750 4731 ut
1797 4678 1851 4732 in
1886 4694 2027 4748 pras-

443 4775 646 4838 gnante
688 4766 832 4823 fetus
874 4783 1036 4837 quem
1078 4770 1132 4822 in
1179 4777 1333 4823 utero
1377 4777 1580 4840 gestat,
1626 4779 1721 4824 aut
1764 4778 2025 4840 tanquam

443 4873 572 4928 pars
597 4859 654 4912 in
688 4865 825 4922 toto,
862 4869 920 4912 ut
948 4859 1005 4913 in
1049 4874 1278 4930 corpore
1309 4874 1526 4923 manus,
1563 4859 1644 4914 vel
1676 4875 1792 4930 pes,
1826 4861 1911 4914 vel
1943 4859 2029 4914 di-

443 4951 612 5020 gitus,
643 4965 766 5020 quae
798 4950 964 5006 t0tius
995 4958 1124 5007 sunt
1157 4962 1360 5021 partes,
1384 4966 1618 5022 quarum
1649 4952 1696 5006 si
1727 4951 2029 5007 abscissio-

443 5056 592 5105 nem,
643 5049 739 5095 aut
782 5043 1080 5097 sectionem
1127 5043 1387 5111 aliquam,
1433 5051 1528 5096 aut
1569 5042 1892 5098 divisionem
1927 5057 2027 5112 pa-

444 5135 653 5188 tiantur
701 5148 953 5204 corpora,
999 5133 1376 5203 imperfectum
1427 5149 1492 5187 ac
1541 5135 1793 5186 mutilum
1845 5135 2026 5204 ipsum

445 5228 643 5286 totum,
679 5224 844 5278 veluti
896 5239 1101 5279 summa
1147 5231 1296 5294 parte
1328 5229 1629 5292 amputata,
1671 5224 2022 5293 relinquitur.

445 5313 515 5365 At
545 5313 689 5366 enim
733 5314 786 5367 in
830 5313 1071 5385 ingenita
1108 5314 1330 5367 maximi
1373 5313 1466 5368 Dei
1500 5323 1728 5378 natura,
1762 5313 1929 5387 214.
1971 5323 2026 5370 et

447 5406 501 5459 in
536 5407 682 5460 unici
707 5406 950 5475 ejusdem
980 5408 1266 5477 primoque
1281 5407 1448 5476 geniti
1475 5406 1596 5460 Filii
1623 5409 2022 5476 procreatione,

444 5498 608 5551 talem
653 5513 920 5568 usurpare
960 5499 1250 5570 imaginem
1302 5506 1396 5552 aut
1423 5499 1862 5563 similitudinem,
1906 5514 2026 5553 om-

445 5589 598 5644 nium
629 5605 750 5660 quae
769 5590 935 5660 impia
963 5599 1114 5658 sunt,
1139 5591 1374 5648 maxime
1404 5591 1632 5662 impium
1657 5592 1746 5650 sit.
1779 5589 1901 5647 Non
1925 5590 2025 5663 igi-

519 5772 565 5805 ⁹⁸
589 5772 770 5831 Colos.
809 5791 848 5843 ι,
893 5775 982 5832 15.

2129 4588 2347 4640 πάντων
2373 4587 2438 4640 ἂν
2473 4585 2556 4646 εἴη
2586 4585 2968 4639 ἀσεϐέστατον.
3000 4585 3075 4637 Ut)
3116 4584 3295 4638 τοίνυν
3323 4584 3400 4648 ὡς
3438 4585 3635 4655 ἕτερον
3667 4590 3730 4638 ἐν

2129 4681 2320 4750 ἑτέρῳ,
2349 4678 2406 4746 ἐξ
2439 4677 2680 4747 ἀπείρων
2731 4677 2826 4730 καὶ
2867 4677 3119 4749 ἀνάρχων
3163 4676 3376 4730 αἰώνων
3415 4672 3484 4748 ἦν
3526 4679 3558 4730 ό
3599 4678 3731 4740 Υἱὸς

2129 4773 2420 4844 ἀγέννητος
2450 4773 2507 4825 ἐν
2529 4772 2606 4842 τῷ
2629 4773 2825 4844 Πατρὶ,
2861 4771 3026 4843 μέρος
3053 4769 3126 4823 ὢν
3166 4769 3353 4832 αὐτοῦ,
3385 4768 3414 4821 ὅ
3446 4769 3730 4839 μεταϐλη-

2129 4862 2219 4916 θὲν
2250 4863 2475 4934 ὕστερον
2502 4863 2596 4917 καὶ
2633 4860 2867 4916 κενωθέν
2897 4861 3052 4925 ἐκτὸς
3083 4859 3245 4913 αὐτοῦ
3277 4859 3471 4928 γέγονε
3494 4877 3508 4889 ·
3545 4865 3725 4932 τροπῄ

2128 4956 2237 5028 γὰρ
2277 4957 2414 5028 αὐτῇ
2459 4956 2562 5026 ἥδη
2607 4955 2764 5008 τοῦτο
2801 4955 2998 5007 οίκεῖον
3025 4971 3038 4983 ·
3085 4958 3179 5007 καὶ
3215 4951 3310 5005 δύο
3344 4953 3396 5020 γ’
3444 4951 3510 5005 ἂν
3542 4952 3727 5014 οὕτως

2127 5048 2397 5117 ἀγέννητα
2425 5043 2555 5112 εἶεν,
2584 5047 2645 5099 τὸ
2684 5044 3058 5116 προϐεϐληκὸς
3097 5044 3191 5097 καὶ
3222 5043 3284 5096 τὸ
3331 5041 3725 5114 προϐεϐλημέ-

2127 5158 2234 5194 νον.
2269 5141 2379 5193 Καὶ
2423 5141 2506 5204 τίς
2528 5136 2597 5210 ἦν
2635 5141 2970 5202 κατάστασις
3011 5140 3314 5211 κρείττων;
3344 5134 3494 5208 *Αρα
3535 5140 3571 5208 ἡ
3618 5137 3728 5208 πρὸ

2125 5232 2224 5301 τῆς
2277 5231 2487 5302 τροπῆς
2539 5230 2637 5300 τῆς
2686 5231 2827 5284 κατὰ
2875 5231 2976 5300 τὴν
3024 5229 3292 5302 προϐολὴν
3340 5229 3723 5292 διαστάσεως;

2127 5322 2339 5378 Οΰκουν
2369 5323 2445 5387 ὡς
2478 5322 2642 5395 μέρος
2670 5323 2702 5393 ἢ
2758 5323 2919 5392 μέλος
2965 5322 3278 5393 ἀγεννήτως
3322 5321 3609 5392 ἡνωμένον
3632 5325 3728 5376 ἀεὶ

2127 5415 2409 5486 πρότερον,
2459 5414 2744 5468 ἐπειτα’δὲ
2795 5414 3018 5467 διαστάν
3066 5415 3161 5468 καὶ
3203 5413 3374 5484 χωρὶς
3423 5413 3726 5482 γενόμενον

2124 5507 2218 5560 τοῦ
2248 5507 2390 5571 ὅλου,
2417 5506 2509 5559 τὸν
2540 5505 2669 5559 Υίὸν
2713 5506 2822 5560 ἀπὸ
2859 5505 2954 5558 τοῦ
2985 5505 3197 5576 Πατρὸς
3229 5500 3342 5560 οἷόν
3369 5523 3429 5558 τε
3455 5506 3724 5560 ἐπινοεῖν.

2131 5599 2378 5670 Ἀρῤητα
2409 5598 2518 5671 γὰρ
2561 5599 2654 5654 καὶ
2697 5599 2956 5669 ἄντικρυς
2984 5597 3159 5669 ἀσεϐῆ
3206 5597 3403 5665 ταῦτα,
3441 5597 3577 5670 ὕλης
3619 5598 3724 5670 μιν
