3846 6218
97 331 209 387 33³5

1041 313 1704 374 DEMONSTRATIONIS
1743 308 2204 368 EVANGELICAE
2251 307 2385 363 LIB.
2429 305 2500 361 ν.

3280 305 3386 362 554

93 449 228 502 ὄντα
272 444 547 517 σωμάτων
591 443 791 504 οίκεῖα,
833 439 931 511 τῆς
958 438 1016 492 δὲ
1049 437 1349 508 ἀσωμάτου
1396 437 1492 490 καὶ
1532 435 1699 490 ἀΰλου
1732 463 1744 496 λ

1808 439 1898 487 tur
1932 441 2194 501 tanquam
2243 425 2390 482 aliud
2424 426 2479 480 in
2513 425 2642 490 alio,
2675 440 2742 480 ex
2774 423 3005 478 inﬁnitis
3033 431 3087 479 et
3121 425 3390 495 principio

97 540 318 606 φύσεως
357 534 634 604 ἀλλότρια.
667 530 759 583 Διὸ
805 528 949 582 κατὰ
996 528 1187 599 καιρὸν
1240 526 1464 590 εἰκότως
1508 525 1570 579 ἄν
1607 541 1695 588 τις

98 628 340 684 ἐνταῦθα
372 628 534 681 πάλιν
559 625 642 689 τὸ,
683 643 702 675 ι
731 622 842 695 Τὴν
873 622 1087 690 γένεσιν
1126 619 1293 673 αὑτοῦ
1320 619 1402 681 τίς
1433 617 1695 689 διηγήσε-

96 740 219 788 ται;
266 743 285 775 ι
326 719 728 789 ἀναφθέγξαιτο
789 717 890 771 ἄν·
943 714 1131 786 ἐπειδὴ
1177 714 1272 767 καὶ
1304 713 1401 784 τὴν
1448 711 1696 765 ἐναντίαν

99 817 278 870 ἐλθεῖν
303 817 406 868 οὑκ
431 812 734 875 ἀκίνδυνον,
766 811 861 863 καὶ
892 807 1080 870 ἁπλῶς
1104 802 1278 860 οὑτως
1303 804 1362 871 ἐξ
1401 803 1502 858 οὐκ
1526 803 1698 858 ὅντων

97 910 362 979 γεννητὸν
429 906 521 959 τὸν
563 904 691 956 Υἱδν
737 904 852 965 τοῖς
902 901 1108 962 λοιποῖς
1157 900 1436 968 γεννητοῖς
1497 895 1699 966 ὁμοίως

98 998 486 1071 ἀποφήνασθαι
513 1013 528 1028 ·
575 995 707 1066 άλλη
754 993 865 1064 γὰρ
913 991 1044 1045 Υἱοῦ
1095 990 1327 1058 γένεσις,
1369 989 1461 1042 καὶ
1493 987 1627 1058 ἄλλη
1661 989 1695 1057 ἠ

98 1095 186 1149 διὰ
221 1092 322 1146 τοῦ
365 1091 497 1145 Υἱοῦ
543 1086 892 1160 δημιουργία.
943 1084 1104 1138 Ἀλλὰ
1132 1083 1240 1156 γὰρ
1275 1081 1529 1152 ὥσπερὴ
1579 1080 1700 1133 Θεία

101 1185 294 1256 Γραφὴ
326 1182 448 1237 τοτὲ
479 1181 579 1252 μὲν
608 1178 952 1250 πρωτότοκον
982 1174 1165 1246 πάσης
1198 1173 1427 1236 κτίσεως
1452 1173 1543 1225 τὸν
1573 1170 1700 1224 Υἰὸν

100 1276 426 1348 ἀναγορεύει
460 1274 519 1340 ἐξ
548 1271 714 1327 αὑτοῦ
745 1268 1062 1341 προσώπου,
1091 1267 1174 1330 τὸ,
1233 1286 1251 1318 ι
1284 1266 1488 1337 Κύριος
1519 1263 1700 1318 ἔκτισε

105 1388 168 1442 με
193 1369 374 1440 ἀρχὴν
400 1367 535 1421 ὁδῶν
568 1364 756 1427 αὑτοῦ,
790 1383 809 1415 ι
849 1361 1133 1432 φάσκουσα
1159 1375 1174 1389 ο
1211 1359 1332 1412 τοτὲ
1365 1358 1421 1411 δὲ
1455 1355 1700 1428 γέννημα

103 1462 190 1516 τοῦ
228 1461 450 1531 Harpe;
492 1455 660 1521 εἶναι,
688 1455 837 1524 λέγει
879 1454 1019 1508 κατὰ
1054 1454 1134 1519 τὸ,
1181 1473 1200 1504 ι
1240 1453 1355 1522 Πρὸ
1395 1451 1452 1504 δὲ
1484 1451 1701 1504 πάντων

105 1551 310 1623 βουνῶν
346 1551 516 1620 γεννᾷ
553 1567 619 1620 με
648 1566 661 1578 ·
707 1567 724 1598 ι
760 1547 934 1619 ταύτῃ
978 1546 1072 1600 καὶ
1117 1547 1244 1616 ἡμῖν
1278 1541 1506 1596 ἔπεσθαι
1535 1541 1702 1610 ὑγιῶς

104 1645 166 1697 ἂν
203 1643 346 1714 ἔχοι,
376 1641 471 1695 καὶ
503 1641 564 1694 τὸ
598 1640 704 1713 πρὸ
728 1641 945 1694 πάντων
972 1637 1182 1691 αἰώνων
1207 1635 1348 1689 εἶναι
1374 1635 1547 1703 Λόγον
1575 1633 1704 1685 ὄντα

103 1738 232 1790 Θεοῦ
267 1734 689 1807 δημιουργικὸν,
717 1733 813 1785 καὶ
841 1732 903 1784 τὸ
931 1730 1109 1802 Πατρὶ
1146 1730 1401 1791 συνεῖναι,
1440 1724 1700 1798 μονογενῆ

103 1846 158 1881 τε
195 1827 333 1880 Υἱὸν
382 1821 520 1878 εἷναι
558 1823 654 1877 τοῦ
697 1822 807 1876 τῶν
838 1822 974 1875 ὅλων
1013 1820 1168 1883 Θεοῦ,
1204 1818 1477 1890 ὑπουργὸν
1514 1833 1572 1869 τε
1608 1814 1702 1870 καὶ
1735 1799 1776 1852 Β

104 1918 372 1992 συνεργὸν
403 1917 481 1987 τῷ
514 1917 691 1988 Πατρὶ
727 1915 826 1986 τῆς
853 1913 962 1968 τῶν
999 1912 1136 1965 ὅλων
1175 1908 1483 1973 οὑσιώσεώς
1521 1926 1580 1961 τε
1609 1910 1703 1962 καὶ

99 2010 522 2080 διακοσμήσεως
566 2005 964 2076 γεγεννημένον
1007 2004 1310 2075 ὁμολογεῖν,
1344 2001 1408 2054 Εἰ
1454 1999 1564 2070 γὰρ
1609 1996 1702 2054 οὖν

102 2105 195 2156 καὶ
222 2103 360 2159 ἄλλο
381 2120 435 2154 τι
460 2101 701 2172 ἄρρητον
728 2098 822 2151 καί¹
846 2096 1230 2165 ἀκατάληπτον
1254 2096 1386 2165 ἡμῖν
1418 2096 1476 2147 ὲν
1501 2095 1567 2164 τῇ
1595 2092 1703 2146 τῶν

101 2198 237 2250 ὅλων
269 2194 660 2249 ἀπολέλειπται
687 2191 868 2261 φύσει,
898 2189 1064 2261 μυρία
1094 2189 1151 2242 δὲ
1180 2187 1248 2240 τὰ
1275 2185 1521 2250 τοιαῦτα,
1545 2187 1704 2238 ὁποῖα

103 2289 196 2343 xai.
221 2287 294 2340 τὰ
330 2290 447 2351 τοῖς
477 2285 778 2354 θεοφιλέσιν
823 2280 1210 2352 ἐπηγγελμένα
1254 2280 1534 2349 τυγχάνει,
1571 2295 1590 2328 ι
1638 2279 1705 2330 Ἀ

102 2380 388 2452 ὀφθαλμὸς
415 2381 516 2433 οὑκ
537 2374 666 2443 εἶδε,
699 2377 793 2430 καὶ
812 2373 904 2440 οῦς
938 2377 1037 2428 οὐκ
1061 2375 1281 2444 ἤκουσε,
1313 2371 1406 2424 καὶ
1445 2372 1536 2423 ἐπὶ
1567 2387 1704 2441 καρ-

102 2473 223 2527 δίαν
250 2469 676 2542 άνθρώπουῖιιῦκ
698 2468 889 2539 ἀνέϐη,
930 2486 947 2519 ι
981 2465 1124 2520 κατὰ
1147 2465 1239 2519 τὸν
1268 2464 1412 2535 ἱερὸν
1450 2463 1706 2515 Ἀπόστο-

101 2566 228 2618 λον·
282 2563 424 2617 πολὺ
470 2562 734 2634 πρότερον
782 2560 967 2630 πάσης
1015 2557 1224 2620 ἐννοίας
1277 2555 1561 2615 ἐπέκεινα,
1603 2553 1704 2624 ἄῤ-

105 2659 250 2728 ῥητα
297 2656 397 2709 καὶ
441 2653 880 2724 ἁκατονόμαστα,
927 2648 1258 2718 ἀνεπινόητά
1303 2664 1363 2699 τε
1412 2646 1507 2699 καὶ
1553 2646 1708 2698 ἀνεν-

103 2747 330 2818 θύμητα
363 2745 571 2814 γένοιτο
601 2744 666 2798 ἂν
689 2742 759 2796 τὰ
782 2742 912 2815 περί
947 2741 1047 2812 τῆς
1077 2739 1301 2811 πρώτης
1332 2737 1427 2790 τοῦ
1470 2737 1708 2803 Μονογε-

103 2840 233 2903 νοῦς
279 2839 380 2892 τοῦ
418 2837 554 2891 Θεοῦ
592 2837 875 2905 γενέσεως,
906 2833 1031 2888 ἄλλο
1083 2831 1248 2903 μηδὲν
1279 2831 1439 2883 πλέον
1473 2828 1706 2898 ἐχόντων

104 2931 270 3002 ἡμῶν
293 2931 429 3001 περὶ
457 2927 620 2982 αὑτοῦ
644 2927 823 2995 λέγειν
845 2945 901 2980 τε
939 2925 1034 2979 καὶ
1054 2927 1194 2978 νοεῖν
1219 2924 1254 2993 ἥ
1274 2939 1287 2954 ο
1334 2940 1353 2972 ι
1381 2922 1491 2993 Τὴν
1513 2919 1706 2989 γενεὰν

105 3023 278 3078 αὑτοῦ
305 3023 394 3086 τίς
422 3023 774 3094 διηγήσεταις
815 3039 835 3072 ι
870 3020 934 3072 Εἰ
968 3017 1026 3071 δέ
1055 3035 1140 3080 τις
1170 3015 1362 3068 τούτου
1397 3011 1706 3084 περαιτέρω

104 3116 306 3188 χωρῶν
336 3115 515 3188 τόλμῃ
532 3113 828 3186 προαχθείη
854 3114 923 3165 τὰ
959 3111 1134 3180 πάντη
1169 3107 1502 3179 ἁπερινόητα
1522 3107 1703 3178 ὁρατι-
1733 3145 1778 3206 C

108 3215 229 3270 κοῖς
260 3210 361 3262 καὶ
394 3209 728 3279 σωματικοῖς
751 3203 1118 3276 παραϐάλλειν
1155 3201 1536 3270 ὑποδείγμασι,
1566 3197 1706 3268 τάχα

104 3305 177 3359 ἄν
210 3303 362 3356 εἴποι
385 3303 486 3370 τῆς
514 3299 607 3353 τοῦ
642 3299 855 3369 Πατρός
894 3297 1188 3368 άγεννήτου
1231 3294 1444 3364 φύσεως
1481 3292 1577 3346 καὶ
1607 3291 1708 3360 τῆς

105 3396 502 3468 ἀνεκφράστου
531 3393 737 3458 οὑσίας,
773 3393 963 3462 ὥσπερ
992 3390 1220 3444 εὐωδίαν
1261 3387 1384 3441 τινὰ
1413 3387 1508 3440 καὶ
1532 3385 1709 3454 φωτὸς

105 3475 288 3562 αὐγὴν
315 3489 410 3543 τὸν
460 3488 590 3542 Υἰὸν
621 3489 679 3554 ἐξ
712 3486 955 3558 ἀπείρων
1001 3484 1232 3547 αἰώνων,
1273 3483 1473 3554 μᾶλλον
1512 3480 1568 3532 δὲ
1601 3477 1708 3550 πρὸ

109 3585 338 3637 πάντων
389 3580 602 3634 αἰώνων
659 3578 982 3646 ὑποστῆναι,
1021 3575 1312 3647 γενόμενόν
1356 3591 1415 3627 τε
1447 3575 1704 3633 συνεῖναι,

113 3676 210 3728 καὶ
251 3672 654 3743 συγγενόμενον
707 3671 794 3724 ἀεὶ
847 3669 926 3741 τῷ
975 3670 1152 3740 Πατρί
1210 3669 1286 3730 ὼς
1335 3665 1412 3736 τῷ
1451 3664 1614 3743 μύρῳ
1647 3661 1708 3714 τὸ

109 3741 345 3828 ευῶδες,
378 3741 584 3834 καὶ-τῷ
621 3763 760 3832 φωτὶ
818 3760 918 3832 τὴν
959 3759 1154 3830 αὐγὴν,
1189 3757 1303 3811 ἀλλ’
1343 3757 1403 3810 οὑ
1441 3741 1553 3818 τοῖς
1578 3755 1708 3806 ὑπο-

109 3858 375 3926 δείγμασι
406 3855 548 3908 κατὰ
597 3853 776 3907 πάντα
799 3853 1000 3923 τρόπον
1031 3850 1252 3921 ὁμοίως,
1293 3846 1576 3918 ὡσπεροῦν
1605 3843 1705 3916 ἤδη

114 3951 388 4021 πρότερον
439 3948 675 4020 εἴρηται.
733 3945 814 3998 Τὰ
865 3944 964 4015 μὲν
1011 3942 1120 4014 γὰρ
1153 3943 1333 4011 ἄψυχα
1377 3939 1604 4009 σώματα
1647 3936 1708 3988 τὸ

115 4039 470 4111 συμϐεϐηκὸς
503 4043 559 4091 ἐν
595 4037 846 4108 ποιότησι
883 4035 1182 4104 κέκτηνται
1203 4049 1216 4062 °
1254 4033 1288 4102 ἦ
1316 4049 1371 4085 τε
1396 4031 1505 4101 γὰρ
1529 4029 1670 4098 αὐγὴ
1691 4066 1705 4089 ,

117 4134 404 4205 σύμψυτος
432 4128 566 4186 οὖσα
608 4134 674 4202 τῇ
726 4129 820 4183 τοῦ
869 4127 1046 4198 φωτὸς
1089 4125 1267 4195 φύσει,
1303 4123 1396 4177 καὶ
1435 4119 1708 4182 οὐσιωδῶς

117 4226 545 4297 συνυπάρχουσα
597 4221 677 4292 τῷ
705 4221 865 4291 φωτὶ,
906 4222 1007 4274 οὑκ
1038 4219 1104 4272 ἂν
1135 4217 1350 4270 δύναιτο
1408 4213 1563 4275 ἐκτὸς
1609 4213 1709 4280 ὑφ-

114 4322 344 4375 εστάναι
375 4317 468 4371 τοῦ
492 4320 551 4371 ὲν
582 4310 626 4384 ᾧ
651 4317 798 4369 ἐστιν
818 4333 830 4345 ·
867 4316 896 4367 ὁ
925 4313 982 4366 δέ
1006 4329 1070 4380 γε
1103 4310 1194 4364 τοῦ
1220 4307 1354 4362 Θεοῦ
1387 4306 1559 4374 Λόγος
1582 4303 1706 4358 καθ’

117 4411 318 4467 ἑαυτὸν
344 4409 603 4463 οὑσίωταί
632 4424 689 4460 τε
718 4407 812 4459 καὶ
846 4404 1141 4474 ὑφέστηκε,
1163 4400 1254 4453 καὶ
1273 4399 1372 4452 οὐκ
1401 4395 1708 4464 ἁγεννήτως

1794 523 2116 579 carentibus
2161 519 2400 587 sacculis,
2425 525 2545 574 erat
2581 517 2756 573 Filius
2791 518 3070 589 ingenitus
3117 518 3174 572 in
3210 516 3390 587 Patre,

1797 618 1890 688 qui
1922 631 2052 687 pars
2083 615 2232 670 illius
2258 611 2508 684 quaedam
2537 618 2710 686 esset,
2729 625 2851 682 quae
2871 610 3090 681 quidem
3112 610 3391 680 posterius

1797 717 2133 764 commutata
2187 715 2243 761 et
2289 705 2462 776 ejecta
2509 710 2667 759 extra
2699 705 2853 758 illum
2902 703 3195 760 secesserit
3226 723 3239 757 :
3269 702 3382 774 jam

1795 801 1941 857 enim
1974 801 2120 856 istud
2152 800 2532 857 conversionis
2559 797 2841 870 proprium
2876 794 3037 862 foret,
3065 802 3121 850 et
3153 795 3235 850 sic
3259 810 3392 851 sane

1797 893 1909 948 duo
1955 901 2142 950 essent
2195 893 2467 965 ingenita,
2507 907 2677 946 unum
2730 891 2783 944 id
2830 889 2977 961 quod
3026 890 3387 960 projecisset,

1800 986 2031 1040 alterum
2064 987 2212 1057 quod
2239 987 2542 1057 projectum
2581 985 2762 1040 esset!
2793 983 2860 1038 Et
2889 983 3134 1053 quinam,
3179 999 3388 1054 quaeso,

1801 1085 1978 1133 status
2007 1081 2238 1135 melior?
2265 1078 2406 1132 Num
2439 1078 2486 1132 is
2518 1077 2611 1147 qui
2643 1084 2770 1131 ante
2813 1076 3230 1131 conversionem
3263 1075 3387 1136 fuit,

1801 1187 1910 1242 quo
1938 1186 2035 1241 per
2064 1172 2456 1243 projectionem
2479 1170 2725 1225 diductio
2749 1169 2891 1223 facta
2912 1169 3038 1224 est?
3059 1168 3204 1238 Ergo
3227 1170 3390 1236 quasi

1801 1279 1929 1334 pars
1959 1265 2044 1319 vel
2068 1264 2372 1318 membrum
2403 1269 2562 1317 antea
2583 1277 2799 1332 semper
2820 1261 3057 1331 ingenite
3083 1260 3387 1325 adhaerens,

1801 1355 2000 1411 deinde
2031 1356 2312 1410 diductum
2357 1364 2411 1411 et
2452 1371 2700 1412 seorsum
2736 1354 2924 1409 abiens
2954 1370 2984 1406 a
3013 1361 3149 1420 toto,
3182 1355 3264 1409 sic
3297 1352 3391 1408 Fi-

1803 1449 1910 1502 lius
1951 1464 1981 1502 a
2011 1448 2171 1505 Patre
2220 1449 2448 1519 cogitari
2484 1449 2702 1519 poterit.
2744 1447 2850 1502 Sed
2890 1449 3035 1501 enim
3079 1447 3306 1502 infanda
3334 1455 3391 1503 et

1802 1555 2032 1608 prorsus
2062 1540 2226 1610 impia
2253 1541 2390 1604 haec,
2416 1557 2538 1611 qua:
2568 1542 2812 1597 materia:
2841 1541 3061 1611 quidem
3091 1555 3389 1610 corporum

1804 1631 2138 1685 conveniunt
2173 1639 2226 1686 et
2259 1631 2538 1686 adhaerent
2570 1638 2630 1685 ut
2679 1631 2923 1701 propria,
2967 1629 3036 1684 ab
3064 1634 3389 1698 incorporea

1804 1738 1935 1776 vero
1972 1732 2025 1778 et
2057 1723 2300 1777 materiae
2337 1730 2561 1793 experte
2593 1730 2812 1784 natura,
2846 1720 3146 1776 abhorrent
3173 1720 3388 1774 aliena-

1804 1831 1910 1888 que
1937 1825 2084 1872 sunt.
2123 1815 2390 1882 Quocirca
2419 1817 2616 1870 merito
2657 1815 2932 1884 quispiam
2960 1814 3062 1867 hoc
3092 1813 3148 1866 in
3180 1814 3301 1868 loco
3335 1821 3392 1868 et

1804 1916 2112 1979 opportune
2145 1924 2340 1963 rursus
2387 1908 2519 1962 illud
2558 1906 2796 1977 proferet
2834 1924 2848 1961 :
2894 1924 2912 1956 ι
2967 1904 3388 1960 Generationem

1803 2001 1924 2070 ejus
1965 2001 2091 2070 quis
2133 1999 2458 2054 enarrabit?
2490 2000 2535 2031 θ’
2573 2019 2591 2051 ›
2633 1997 2914 2067 Siquidem
2958 1997 3012 2050 in
3054 1998 3388 2051 contrariam

1804 2093 1956 2148 abire
1981 2101 2212 2162 partem,
2249 2099 2302 2144 et
2327 2090 2652 2159 simpliciter
2686 2090 2766 2144 sic
2793 2089 3104 2151 enuntiare,
3129 2103 3197 2142 ex
3219 2088 3392 2141 nihilo

1804 2183 2044 2254 genitum
2075 2197 2199 2238 esse
2227 2179 2424 2235 Filium
2454 2180 2642 2236 eadem
2670 2182 2881 2234 ratione
2901 2195 3006 2249 qua
3037 2181 3244 2250 reliqua
3267 2193 3393 2248 quas

1804 2272 1949 2326 facta
1983 2279 2133 2335 sunt,
2173 2286 2283 2324 non
2317 2271 2526 2340 absque
2565 2269 2814 2339 periculo
2843 2269 2914 2324 sit
2944 2288 2956 2322 :
2993 2270 3095 2330 alia
3130 2276 3214 2325 est
3243 2269 3390 2324 enim

1803 2363 1926 2418 Filii
1975 2363 2274 2434 generatio,
2308 2371 2363 2417 et
2414 2364 2521 2416 alia
2565 2378 2662 2432 per
2685 2360 2881 2415 Filium
2930 2361 3162 2415 aliarum
3208 2375 3392 2416 rerum

1803 2459 2029 2514 creatio.
2057 2458 2240 2524 Quare
2269 2472 2394 2512 cum
2423 2457 2607 2510 divina
2655 2453 2938 2525 Scriptura
2971 2453 3133 2509 modo
3170 2453 3391 2524 quidem

1804 2549 2228 2619 primogenitum
2281 2547 2461 2603 omnis
2506 2557 2771 2603 creatura:
2798 2546 2996 2601 Filium
3027 2548 3282 2617 appellet,
3323 2563 3392 2604 ex

1805 2640 1980 2710 ipsius
2005 2654 2240 2710 persona
2271 2639 2352 2693 sic
2393 2639 2584 2693 dicens
2620 2657 2632 2692 :
2675 2657 2694 2690 ι
2737 2637 3005 2694 Dominus
3054 2638 3261 2693 creavit
3305 2654 3394 2692 me

1804 2731 2019 2784 initium
2055 2730 2265 2783 viarum
2297 2745 2543 2792 suarum,
2586 2749 2604 2782 ι
2643 2729 2808 2784 modo
2854 2737 3036 2784 autem
3083 2730 3391 2800 genituram

1805 2820 1986 2876 Patris
2027 2822 2205 2883 dicat,
2239 2821 2332 2874 ubi
2380 2821 2495 2876 ait:
2540 2839 2558 2871 ι
2601 2819 2668 2874 Ει
2701 2827 2832 2875 ante
2877 2836 3068 2875 omnes
3101 2821 3271 2876 colles
3311 2820 3395 2890 gi-

1806 2914 1921 2982 gnit
1953 2929 2058 2977 me,
2102 2933 2120 2964 ι
2157 2913 2296 2967 hanc
2329 2913 2456 2968 item
2480 2929 2580 2968 nos
2605 2913 2758 2984 sequi
2791 2913 3120 2983 sanijudicii
3153 2915 3245 2979 sit,
3265 2928 3394 2968 con-

1808 3005 2057 3074 ﬁterique
2085 3015 2212 3060 ante
2243 3007 2426 3060 omnia
2454 3006 2653 3060 saecula
2685 3022 2806 3062 esse
2835 3005 3074 3060 Verbum
3112 3005 3206 3062 Dei
3235 3021 3395 3060 crea~

1809 3097 1945 3151 toris
1979 3097 2387 3161 administrum,
2417 3113 2646 3166 esseque
2680 3112 2790 3151 una
2824 3112 2946 3152 cum
2978 3095 3161 3163 Patre,
3197 3109 3252 3152 et
3278 3097 3396 3151 uni-

1810 3203 1934 3240 cum
1959 3202 2080 3242 esse
2111 3188 2333 3241 maximi
2367 3188 2457 3242 Dei
2483 3187 2702 3254 Filium,
2729 3187 2823 3257 qui
2857 3186 3007 3241 Patri
3030 3188 3120 3243 det
3144 3203 3391 3258 operam,

1809 3278 2036 3347 ejusque
2071 3280 2144 3332 sit
2173 3278 2379 3341 socius,
2427 3278 2556 3332 dum
2605 3279 2790 3332 omnia
2820 3295 2941 3348 qua;
2976 3287 3127 3342 sunt,
3167 3279 3298 3334 facit
3333 3291 3394 3334 ut

1810 3372 1941 3438 sint,
1964 3373 2262 3441 eademque
2281 3371 2543 3442 disponit.
2579 3371 2790 3426 Etenim
2821 3373 2868 3427 si
2901 3373 3029 3426 item
3059 3373 3207 3426 aliud
3231 3375 3396 3444 quid-

1809 3467 1976 3536 piam,
2012 3465 2155 3535 quod
2179 3481 2355 3535 neque
2378 3465 2508 3529 dici,
2545 3481 2723 3534 neque
2752 3466 3140 3536 comprehendi
3166 3482 3197 3520 a
3231 3469 3394 3524 nobis

1810 3557 2005 3626 possit,
2056 3557 2111 3611 in
2155 3566 2352 3611 natura
2391 3557 2636 3612 universi
2685 3557 2950 3612 remansit
3005 3559 3157 3627 (sunt
3207 3567 3391 3616 autem

1810 3646 2230 3700 innumerabilia
2270 3645 2696 3715 hujuscemodi),
2731 3647 2893 3715 quale
2941 3649 3130 3715 utique
3161 3648 3396 3704 habetur

1809 3738 1953 3809 quod
1987 3737 2082 3792 Dei
2107 3738 2298 3793 amicis
2316 3739 2647 3808 promissum
2680 3745 2784 3799 est,
2813 3755 2831 3788 ι
2857 3735 3013 3802 Quod
3049 3737 3244 3792 oculus
3276 3753 3384 3793 non

1809 3832 1964 3896 vidit,
2010 3846 2110 3886 nec
2137 3832 2288 3885 auris
2318 3830 2547 3894 audivit,
2577 3846 2680 3884 nee
2713 3830 2770 3883 in
2797 3845 2892 3884 cor
2918 3831 3160 3886 hominis
3193 3846 3392 3886 ascen-

1809 3923 1908 3988 dit,
1955 3941 1975 3974 ι
2004 3931 2061 3976 ιιι
2096 3929 2321 3976 sanctus
2351 3923 2426 3974 ait
2454 3920 2750 3990 Apostolus
2782 3921 2822 3985 ¹,
2853 3921 3025 3974 multo
3047 3921 3199 3990 prius
3227 3936 3392 3990 supra

1809 4031 2026 4069 omnem
2061 4014 2448 4083 cogitationem
2489 4014 2738 4068 ferantur
2769 4028 2833 4067 ac
2867 4029 3046 4082 neque
3075 4013 3184 4066 dici
3213 4028 3394 4082 neque

1809 4106 2174 4168 denominari,
2208 4123 2384 4176 neque
2409 4107 2658 4176 intelligi,
2685 4120 2786 4160 nec
2813 4106 2996 4159 animo
3025 4105 3238 4174 concipi
3266 4121 3395 4176 pos-

1811 4196 1941 4255 sint,
1980 4211 2102 4265 quae
2138 4196 2206 4249 ad
2242 4198 2476 4266 primam
2514 4197 2661 4250 unici
2700 4195 2793 4250 Dei
2827 4195 2948 4250 Filii
2985 4198 3392 4266 generationem

1809 4286 2101 4354 pertinent.
2131 4286 2204 4342 De
2228 4303 2338 4357 quo
2367 4303 2498 4342 sane
2522 4287 2660 4342 nihil
2696 4288 2962 4343 habemus
2979 4289 3215 4358 amplius
3245 4287 3394 4357 quod

1810 4375 2059 4432 dicamus
2087 4386 2180 4430 aut
2217 4379 2520 4448 cogitemus
2543 4393 2704 4447 quam
2731 4378 2896 4433 il-lud:
2928 4397 2945 4430 ι
2973 4377 3392 4434 Generatiunern

119 4506 463 4575 συνυπάρχει
490 4501 568 4572 τῷ
596 4501 789 4572 Πατρί,
820 4467 932 4553 ἀλλ’
962 4467 1052 4561 ὡς.
1074 4493 1364 4568 μονογενὴς
1389 4490 1518 4553 Υἱὸς
1549 4489 1705 4559 μόνος
1737 4485 1744 4538 l

1811 4468 1929 4538 ejus
1949 4468 2110 4538 215
2132 4470 2256 4538 quis
2276 4469 2593 4524 enarrabit?
2616 4490 2634 4521 ι
2659 4467 2813 4535 Quod
2831 4469 2875 4522 si
2898 4469 3022 4538 quis
3040 4469 3142 4522 hoc
3167 4469 3398 4524 ulterius

115 4597 227 4670 πρὸ
252 4597 473 4650 πάντων
500 4593 604 4645 τῶν
620 4590 832 4644 αἰώνων
857 4591 920 4642 ὲκ
936 4587 1028 4642 τοῦ
1048 4586 1258 4656 Harpe;
1291 4579 1704 4651 γεγεννημένος

114 4690 152 4759 ἢ
179 4707 241 4742 τε
269 4687 490 4748 εὐωδία,
514 4683 856 4754 ἀπορροήτις
888 4675 1023 4733 οὖσα.
1053 4673 1338 4746 σωματικὴ
1371 4671 1464 4724 τοῦ
1486 4673 1708 4724 ὑποκει-

121 4781 314 4852 μένου,
351 4778 472 4832 καθ’
503 4778 699 4848 ἑαυτὴν
732 4773 887 4835 ἐκτὸς
915 4770 1009 4824 τοῦ
1034 4767 1250 4840 πρώτου
1274 4764 1446 4820 αἰτίου
1474 4763 1540 4852 τὸ
1569 4761 1708 4849 πλη-

120 4850 315 4936 σιάζον
348 4868 652 4940 πληροῦσα,
691 4865 846 4920 οὐδὲν
883 4859 1050 4935 ἦττον
1092 4856 1378 4928 σωματικὴ
1438 4850 1572 4908 οὖσα
1616 4852 1710 4906 καὶ

119 4965 265 5037 αὑτὴ
291 4964 569 5034 τυγχάνει.
595 4961 670 5014 Οὑ
698 4957 871 5036 ταύτῃ
889 4951 980 5009 οὖν
1001 4955 1132 5025 ἡμῖν
1162 4951 1484 5020 νοηθήσεται
1518 4948 1612 5000 καί
1643 4945 1712 4998 τὰ

123 5035 263 5130 περι
309 5055 412 5126 τῆς
470 5052 695 5125 πρώτης
759 5047 1068 5108 οὑσιώσεως
1119 5041 1214 5096 τοῦ
1240 5039 1489 5109 Σωτῆρος
1530 5035 1708 5130 ἡμῶνζ

125 5123 267 5203 οὐδὲ
299 5123 408 5217 γάρ
440 5123 527 5207 ἐξ*
547 5141 736 5203 οὐσίας
768 5139 866 5209 τῆς
898 5135 1193 5205 ἀγεννήτου
1224 5129 1365 5184 κατά
1389 5145 1442 5182 τι
1471 5125 1640 5188 πάθος
1677 5123 1710 5193 ἢ

126 5241 392 5311 διαίρεσιν
419 5233 768 5305 οὑσιωμὲνος,
803 5229 924 5282 οὑδέ
956 5243 1018 5296 γε
1054 5225 1302 5296 άνάρχως
1341 5219 1712 5311 συνυφέστηκε

229 5307 412 5400 Πατρί
430 5343 444 5357 ο
475 5325 597 5379 ἐπεὶ
621 5326 650 5377 ὁ
682 5325 778 5393 μὲν
808 5320 1124 5389 ἀγέννητος,
1159 5317 1188 5368 ὁ
1219 5314 1276 5368 δὲ
1303 5311 1555 5382 γεννητός
1576 5325 1588 5338 ο
1619 5307 1713 5360 καὶ

126 5427 155 5477 ὸ
179 5425 280 5495 μὲν
309 5418 523 5490 Πατὴρ,
571 5420 599 5471 ὁ
635 5416 692 5468 δὲ
725 5413 870 5476 Υἱός.
927 5409 1310 5482 Προὺπάρχειν
1344 5405 1401 5459 δὲ
1443 5404 1538 5456 καὶ
1574 5418 1712 5473 προ-

130 5513 430 5584 ῡφεστάναι
468 5508 683 5578 Πατέρα
703 5503 836 5557 Υἰοῦ
854 5545 867 5566 ,
899 5504 1007 5564 πᾶς
1037 5499 1284 5553 ὁστισοῦν
1305 5495 1710 5584 ὁμολογήσειεν.

131 5583 229 5675 Είη
257 5604 303 5657 δ’
334 5603 400 5655 ἂν
433 5599 609 5668 ταύτῃ
641 5595 734 5650 καὶ
757 5592 918 5648 εἰκὼν
952 5590 1109 5658 Θεοῦ,
1142 5589 1398 5660 ἀρρήτως
1429 5584 1589 5640 πάλιν
1621 5583 1713 5636 καὶ

203 5784 249 5815 "
285 5781 390 5836 lsa.
424 5793 546 5843 vru,
578 5775 627 5829 8.
707 5776 724 5806 ‘-
753 5771 919 5828 lCor.
943 5784 1003 5832 ιι,
1036 5766 1088 5820 9.

1809 4563 2168 4632 progrediens
2218 4578 2285 4616 eo
2341 4562 2677 4632 provehatur
2705 4561 2968 4625 audaciae,
3003 4568 3063 4615 ut
3095 4577 3216 4630 qua:
3243 4562 3396 4615 nulla

1812 4671 2044 4725 prorsus
2076 4655 2437 4724 intelligentia
2460 4653 2850 4723 comprehendi
2882 4659 3136 4723 possunt,
3167 4667 3231 4706 ea
3262 4655 3396 4707 visi-

1811 4748 2017 4803 bilibus
2065 4757 2120 4802 et
2174 4747 2460 4816 corporeis
2505 4746 2770 4815 exemplis
2816 4745 3108 4808 assimilet,
3161 4743 3396 4799 forsitan

1812 4839 1980 4904 dicat,
2019 4841 2242 4911 ingeniti
2279 4838 2460 4894 Patris
2499 4846 2709 4893 naturae
2759 4847 2923 4908 atque
2985 4836 3277 4892 ineﬂabilis
3305 4853 3396 4891 es-

1813 4935 2022 4997 sentize,
2048 4934 2206 5003 quasi
2235 4931 2592 5002 fragrantiam
2611 4931 2928 5000 quamdam,
2951 4946 3016 4985 ac
3049 4931 3190 4985 lucis
3211 4929 3398 5000 splen-

1813 5026 2022 5089 dorem,
2059 5027 2238 5096 ipsum
2275 5025 2468 5078 Filiqu
2497 5041 2564 5079 ex
2589 5023 2818 5078 inﬁnitis
2849 5023 3089 5088 saculis,
3125 5037 3190 5076 ac
3215 5021 3399 5092 potius

1815 5124 1942 5172 ante
1971 5118 2155 5170 omnia
2187 5117 2391 5171 sarcula
2425 5115 2742 5181 exstitisse;
2774 5114 3016 5183 dumque
3052 5113 3270 5167 exsistit
3320 5112 3398 5165 si-

1815 5211 1927 5264 mul
1960 5225 2104 5273 esse,
2148 5224 2327 5278 neque
2352 5207 2572 5262 Patrem
2613 5221 2854 5276 unquam
2890 5206 3218 5275 relinquere,
3253 5205 3396 5262 sicut

1814 5318 1916 5357 nec
1947 5310 2284 5371 unguentum
2345 5300 2522 5353 bonus
2557 5298 2729 5362 odor,
2762 5312 2866 5352 nec
2915 5297 3091 5351 lucem
3139 5297 3399 5364 splendor

1815 5397 2111 5466 relinquit;
2141 5410 2328 5450 verum
2347 5393 2594 5462 exempla
2626 5392 2741 5446 haec
2773 5407 2882 5444 non
2909 5390 3224 5445 omnimodo
3257 5389 3399 5442 inte-

1815 5505 1967 5560 gram
1995 5496 2256 5560 praestant
2284 5486 2720 5550 similitudinem,
2753 5485 2848 5540 sed
2867 5483 3142 5554 quomodo
3165 5484 3277 5551 jam
3297 5499 3398 5535 ari-

1816 5588 1902 5637 tea
1932 5582 2139 5636 dictum
2172 5587 2253 5634 est
2283 5595 2298 5634 :
2338 5591 2465 5632 nam
2490 5590 2721 5646 corpora
2757 5575 3055 5631 inanimata
3091 5573 3267 5644 ipsum
3302 5585 3402 5626 ao-
