3846 6218
423 295 532 354 355

1071 299 1347 356 EUSEBII
1382 299 1870 356 CAESARIENSIS
1910 296 2063 354 OPP.
2100 298 2301 356 PARS.
2345 300 2409 356 ll.
2449 331 2518 340 —
2554 299 3058 358 APOLOGETICA.

3593 299 3700 357 358

420 417 615 472 cidens
647 416 1082 486 inqualitatibus
1112 419 1382 487 retinent;
1416 420 1674 489 splendor
1700 420 1988 482 enim,cun

2116 418 2538 486 ἀνεπιλογίστως
2577 422 2729 490 ἡμῖν,
2761 418 2960 484 ζῶντος
2986 418 3122 472 Θεοῦ
3149 417 3299 484 ζῶσά
3324 435 3430 484 τις,
3458 418 3552 471 xui.
3578 413 3700 472 καθ’

424 509 601 579 ipsam
617 511 768 565 lucis
795 519 1046 564 naturam
1084 513 1398 577 comitetur,
1433 529 1534 568 nec
1562 515 1734 582 ipsam
1767 528 2007 582 unquam

421 601 565 658 lucis
593 605 892 658 essentiam
948 605 1246 674 relinquat,
1278 613 1433 658 extra
1461 605 1528 658 ad
1569 606 1770 675 ipsum,
1814 605 1867 658 in
1899 621 2008 674 quo

419 703 526 756 est,
553 703 701 750 stare
754 712 864 750 non
912 705 1092 766 potest
1121 716 1134 750 :
1170 706 1224 750 at
1269 712 1396 750 vero
1425 697 1604 765 ipsum
1639 696 1733 751 Dei
1769 695 2006 751 Verbum

419 800 519 854 per
549 787 789 856 seipsum
823 794 876 840 et
923 788 1222 841 essentiam
1257 789 1468 843 obtinet
1496 795 1550 842 et
1595 789 1872 852 consistit,
1906 805 2006 843 nec

419 877 630 947 absque
656 879 914 949 gignendi
957 881 1171 934 ratione
1201 897 1326 934 cum
1376 880 1538 935 Patre
1567 883 1785 937 exsistit
1817 882 2004 949 simul,

419 971 516 1026 sed
548 980 806 1040 tanquam
854 972 1049 1026 unicus
1087 971 1279 1037 Filius,
1313 974 1406 1042 qui
1444 975 1596 1028 solus
1644 982 1772 1028 ante
1818 977 2005 1030 omnia

417 1063 617 1116 saecula
652 1079 716 1117 ex
745 1062 908 1117 Patre
933 1065 1004 1117 sit
1035 1065 1250 1133 genitus
1280 1083 1292 1118 :
1329 1064 1506 1117 bonus
1528 1065 1668 1119 .item
1702 1065 1856 1128 odor,
1877 1081 2004 1119 cum

415 1154 654 1222 subjecti
681 1155 933 1224 corporis
972 1156 1247 1208 emanatio
1280 1156 1531 1224 quaedam
1578 1158 1667 1222 sit,
1703 1157 1822 1226 ipsa
1865 1172 2004 1227 quo-

413 1263 522 1317 que
553 1263 842 1317 corporea,
878 1263 1055 1318 neque
1084 1249 1316 1302 seorsim
1372 1264 1402 1302 a
1461 1250 1636 1318 prima
1683 1264 1852 1306 causa
1908 1267 2004 1320 per

413 1338 655 1406 seipsum
676 1340 895 1408 impleat
923 1339 997 1403 id,
1025 1339 1170 1409 quod
1199 1341 1304 1410 ipsi
1335 1342 1644 1410 proximum
1669 1350 1774 1410 est,
1802 1343 2004 1398 nihilo-

412 1431 598 1487 minus
633 1431 800 1485 etiam
833 1431 951 1501 ipse
990 1447 1020 1485 a
1053 1439 1254 1486 natura
1291 1447 1560 1503 corporea
1615 1450 1726 1488 non
1771 1435 1997 1488 recedit;

410 1523 530 1578 Non
561 1525 642 1580 sic
674 1526 841 1596 igitur
871 1542 901 1579 a
936 1522 1094 1580 nobis
1123 1543 1187 1581 ea
1230 1543 1352 1598 qua:
1390 1529 1456 1581 ad
1485 1529 1722 1598 primam
1753 1527 2002 1584 Salvato-

410 1615 490 1672 ris
541 1618 719 1672 nostri
784 1619 1234 1689 propagationem
1285 1619 1592 1690 pertinent,
1647 1620 1999 1690 intelligenda

409 1717 579 1776 sunt;
622 1727 802 1781 neque
818 1713 966 1766 enim
998 1729 1066 1766 ex
1100 1719 1298 1766 natura
1325 1713 1447 1781 ejus
1466 1713 1561 1782 qui
1593 1713 1866 1783 ingenitus
1890 1720 1996 1779 est,

2115 511 2283 581 αὐτὴν
2336 513 2625 581 ὑφεστῶσα
2685 513 2883 578 άΰλως,
2938 516 3033 566 καὶ
3070 513 3400 584 ἀσωμάτως,
3456 516 3550 567 καὶ
3603 513 3696 568 τοῦ

2115 605 2358 658 ἐναντίου
2396 606 2596 671 παντὸς
2647 607 2883 677 ἀμιγῶς,
2919 607 3034 660 ἀλλ’
3062 609 3159 677 οὐχ
3194 609 3281 660 οἵα
3313 625 3395 671 τις
3445 607 3605 660 πάλιν
3665 609 3697 678 ἡ

2114 700 2244 769 παρ’
2280 700 2409 768 ἡμῖν
2463 702 2647 764 εἰκὼν,
2686 701 2872 771 ἕτερον
2904 700 3001 771 μὲν
3031 701 3230 770 ἔχουσα
3251 701 3311 752 τὸ
3337 703 3456 753 κατ’
3506 701 3700 754 οὐσίαν

2114 790 2493 860 ὑποκείμενον,
2522 792 2710 862 ἕτερον
2745 792 2800 844 δέ
2829 793 2889 844 τὸ
2901 788 3064 856 εἶδος,
3101 791 3216 844 ἀλλ’
3231 791 3348 844 ὅλον
3377 791 3532 855 αὐτὸ,
3557 787 3700 854 εἶδος

2111 880 2208 946 ὢν,
2244 882 2339 936 καὶ
2399 884 2686 955 αὐτοουσίᾳ
2718 883 2796 954 τῷ
2830 884 3007 954 Πατρὶ
3047 882 3494 953 ἀφομοιούμενος.
3539 881 3699 934 Οῦτω

2110 971 2168 1024 δὲ
2221 974 2313 1026 καὶ
2367 972 2718 1044 ζωτικωτάτη
2767 973 2862 1027 τοῦ
2913 973 3124 1045 Πατρὸς
3183 973 3380 1026 εὐωδία
3415 973 3698 1042 τυγχάνει,

2111 1065 2364 1134 ἀρρήτως
2397 1066 2527 1133 ἡμῖν
2580 1062 2738 1116 πάλιν
2773 1063 2867 1115 καὶ
2925 1060 3382 1129 ἀνεπιλογίστως’
3433 1058 3556 1110 ἐπεὶ
3601 1057 3699 1109 καὶ

2111 1155 2288 1207 πάντα
2319 1155 2419 1207 ὅσα
2443 1155 2558 1206 ἐστὶ
2583 1155 2710 1225 περὶ
2750 1154 2911 1206 αὐτὸν
2940 1152 3136 1221 ἀληθῆ,
3163 1152 3375 1222 ἄρρητα
3400 1148 3465 1202 ἂν
3489 1149 3572 1219 εἴη
3598 1149 3697 1199 ἀν-

2109 1240 2342 1313 θρώπων
2362 1245 2586 1312 φωναῖς,
2619 1243 2712 1295 καὶ
2739 1243 3019 1312 λογισμοῖς
3044 1241 3253 1312 θνητῶν
3282 1240 3696 1307 ἀνεπιλόγιστα,

2109 1331 2250 1384 κατὰ
2276 1333 2368 1386 τὸν
2402 1333 2602 1404 ἀκριϐῆ
2636 1333 2808 1401 λόγον.
2863 1331 3021 1384 Ἀλλά
3059 1331 3168 1403 γάρ
3201 1331 3276 1393 ὡς
3308 1333 3439 1401 ἡμῖν
3473 1329 3697 1383 ἀκούειν

2108 1423 2280 1492 φίλον,
2329 1423 2554 1476 τοιῶσδε
2613 1425 2706 1478 καὶ
2734 1424 2802 1478 τὰ
2851 1423 3006 1492 λόγια
3044 1423 3305 1476 παιδεύει.
3345 1423 3416 1475 Ἢ
3443 1423 3565 1492 οὐχὶ
3599 1423 3696 1475 καὶ

2107 1516 2344 1589 Χριστοῦ
2378 1517 2604 1570 εὐωδίαν
2637 1517 2799 1580 αὐτὸς
2829 1506 3041 1583 ἐαυτὸν,
3067 1517 3308 1580 καὶτοὺς
3339 1507 3488 1587 αὐτῷ
3514 1535 3698 1588 παρα-

2107 1609 2368 1680 πλησίους
2431 1611 2460 1661 6
2511 1611 2654 1682 ἱερὸς
2692 1600 3016 1674 Ἇπόστολος
3049 1598 3312 1681 προσεῖπε
3339 1609 3426 1663 διὰ
3445 1609 3546 1680 τὴν
3594 1607 3694 1661 τοῦ

2107 1702 2342 1773 Χριστοῦ
2409 1702 2720 1773 πνεύματος
2763 1703 3032 1774 μετοχήν;
3089 1701 3260 1773 μύρον
3283 1718 3343 1753 τε
3386 1699 3700 1753 ἐκκενωθέν

407 1801 698 1871 partiendo
721 1802 927 1872 aliquid
942 1811 1037 1857 aut.
1053 1801 1348 1857 dividendo
1379 1811 1632 1857 naturam
1655 1811 1740 1859 est
1761 1813 1955 1861 nactus
1982 1824 1988 1860 :

2104 1795 2133 1847 6
2159 1795 2406 1866 οὐράνιος
2436 1794 2686 1866 Νυμφίος
2731 1796 2788 1846 ἐν
2829 1798 2940 1858 τοῖς
2982 1795 3257 1865 ’ᾼσμασιν
3289 1792 3694 1863 ἀνηγόρευται;

408 1908 587 1962 neque
608 1888 750 1948 vero
781 1895 991 1963 absque
1027 1893 1305 1963 principio
1355 1908 1482 1947 cum
1515 1893 1679 1948 Patre
1712 1895 1876 1949 simul
1913 1911 2003 1951 ex-

407 1985 573 2049 stitit,
604 1986 828 2056 quando
860 1987 952 2040 ille
981 1986 1204 2056 quidem
1233 1987 1536 2055 ingenitus,
1571 1986 1663 2041 hic
1695 2001 1824 2041 vero
1847 1988 2002 2057 geni-

407 2087 500 2134 tus
529 2085 636 2141 est,
678 2086 733 2132 et
766 2078 857 2132 ille
909 2076 1094 2141 Pater,
1128 2077 1219 2131 hic
1267 2076 1440 2132 Filius
1476 2096 1489 2131 :
1520 2085 1574 2130 at
1604 2092 1736 2132 vero
1777 2077 1999 2134 Patrem

405 2168 696 2234 exsistere,
735 2175 790 2222 et
819 2177 1072 2222 naturam
1124 2185 1282 2224 suam
1332 2169 1586 2225 obtinuere
1619 2185 1728 2224 non
1773 2188 1804 2224 a
1835 2169 1996 2236 Filio,

407 2265 792 2333 unusquisque
825 2262 984 2317 facile
1014 2263 1386 2325 conﬁtebitur,
1419 2263 1610 2318 eadem
1639 2277 1804 2332 porro
1831 2265 2000 2319 ratio-

407 2368 480 2409 ne
509 2353 689 2424 imago
717 2353 811 2408 Dei
837 2354 960 2417 erit,
985 2354 1061 2406 ita
1099 2354 1342 2424 quidem,
1369 2363 1428 2408 ut
1462 2371 1656 2411 rursus
1697 2358 1863 2414 nullis
1901 2374 1998 2413 ne-

404 2461 512 2517 que
553 2445 758 2510 verbis,
792 2461 970 2515 neque
1011 2446 1342 2512 rationibus,
1401 2450 1680 2517 quomodo
1714 2451 1808 2512 sit,
1846 2465 1998 2506 com-

404 2537 745 2609 prehendere
779 2539 1058 2607 possimus
1079 2577 1094 2602 ,
1123 2538 1326 2608 quippe
1370 2553 1495 2592 cum
1535 2540 1768 2596 viventis
1795 2539 1890 2594 Dei
1913 2542 1998 2595 vi-

404 2645 537 2685 vens
572 2629 690 2699 ipsa
717 2629 790 2683 sit
820 2637 874 2684 et
914 2645 1010 2698 per
1032 2629 1270 2699 seipsam
1304 2630 1643 2695 consistens,
1675 2633 1794 2686 sine
1821 2642 1997 2688 mate-

403 2721 506 2784 ria,
540 2721 661 2776 sine
693 2735 948 2789 corpore,
984 2721 1122 2774 nihil
1160 2736 1390 2790 prorsus
1439 2721 1650 2777 habens
1697 2723 1994 2778 admistum

401 2814 699 2881 contrarii;
727 2828 907 2883 neque
943 2827 1074 2867 vero
1117 2813 1430 2882 cujusmodi
1476 2815 1586 2868 ulla
1624 2816 1694 2870 sit
1723 2815 1867 2886 apud
1891 2831 1992 2872 nos

400 2905 605 2977 imago,
643 2921 767 2976 quae
800 2912 854 2961 et
904 2905 1054 2959 aliud
1099 2907 1357 2962 essentia:
1409 2907 1717 2976 subjectum
1770 2908 1989 2975 habt-at,

399 3005 454 3051 et
493 2997 659 3052 aliam
692 2996 951 3066 speciem,
979 2995 1076 3050 sed
1101 3013 1224 3066 quae
1261 3004 1376 3050 tota
1408 2997 1528 3067 ipsa
1556 2999 1626 3052 sit
1659 2998 1893 3067 species,
1934 3006 1990 3053 et

400 3103 522 3158 Ipsa
566 3089 830 3152 essentia,
888 3087 1306 3143 similitudinem
1357 3088 1605 3145 referens
1657 3088 1860 3146 Patris.
1893 3089 1986 3146 Sic

399 3185 586 3234 autem
623 3178 805 3234 Patris
836 3194 1058 3249 quoque
1082 3177 1386 3250 fragrantia
1406 3181 1535 3245 erit,
1573 3197 1694 3251 quae
1721 3181 1987 3240 efﬁcacis-

398 3269 596 3325 simam
636 3269 931 3340 largiendaa
957 3270 1086 3324 vitae
1126 3269 1239 3323 vim
1272 3269 1492 3338 habeat,
1516 3272 1614 3327 sed
1662 3272 1737 3327 ita
1788 3288 1985 3332 rursus

398 3374 576 3430 neque
603 3359 714 3414 dici
753 3375 785 3413 a
821 3359 1003 3426 nobis,
1028 3374 1208 3429 neque
1245 3361 1554 3417 rationibus
1571 3363 1752 3435 colligi
1771 3365 1982 3434 possit:

397 3451 670 3522 siquidem
701 3451 887 3505 omnia
922 3465 1263 3522 quaecunque
1293 3452 1361 3508 de
1391 3452 1487 3508 illo
1525 3469 1652 3509 vera
1679 3453 1986 3520 sunt,inef—

396 3540 584 3601 fabilia
617 3553 748 3599 sunt
777 3543 1062 3598 hominum
1094 3543 1358 3608 vocibus,
1394 3552 1449 3601 et
1485 3546 1800 3601 mortalium
1828 3547 1978 3618 cogi-

397 3635 722 3700 tationibus,
767 3637 1074 3692 secundum
1109 3637 1441 3708 exquisitam
1470 3640 1740 3694 rationem
1772 3639 1984 3711 incogi-

396 3730 602 3785 tabilia.
637 3731 803 3802 216
832 3729 940 3786 Sed
987 3731 1134 3785 enim
1173 3746 1396 3801 quoquo
1441 3731 1606 3786 modo
1651 3732 1843 3787 audire
1879 3748 1982 3788 nos

396 3828 567 3892 juvat,
607 3823 793 3876 itidem
850 3837 1008 3876 sacra
1049 3838 1152 3878 nos
1205 3823 1464 3878 erudiunt
1494 3825 1740 3878 oracula.
1780 3825 1981 3880 Annon

395 3913 599 3967 Christi
629 3913 832 3967 bonum
855 3912 1080 3968 odorem
1118 3914 1236 3984 ipse
1275 3915 1541 3985 seipsum,
1565 3926 1614 3970 et
1655 3917 1742 3972 sui
1774 3919 1981 3974 similes

394 4013 621 4060 sanctus
645 4005 941 4076 Apostolus
958 4008 1001 4070 ',
1031 4015 1322 4076 propterea
1344 4005 1488 4077 quod
1517 4005 1756 4078 Spiritus
1773 4010 1977 4068 Christi

395 4099 668 4170 particeps
690 4107 858 4162 esset,
889 4101 1226 4170 appellavit?
1254 4099 1448 4156 Nonne
1486 4109 1828 4172 unguentum
1851 4120 1980 4160 eva-

393 4199 616 4246 cuatum
653 4192 770 4261 ipse
821 4193 1065 4247 cmlestis
1099 4190 1346 4262 Sponsus
1385 4193 1441 4246 in
1483 4192 1767 4251 Canticis'
1797 4195 1978 4252 dictus

392 4291 497 4347 est,
525 4285 733 4338 idcirco
779 4285 927 4353 quod
971 4299 1096 4338 cum
1140 4285 1288 4338 illam
1332 4284 1507 4355 ipsius
1537 4287 1973 4352 evacuationem,

393 4390 519 4430 cum
565 4375 826 4431 omnibus
855 4383 970 4429 tam
1017 4374 1332 4429 visibilibus
1372 4390 1536 4444 quam
1580 4375 1971 4442 invisibilibus,

391 4473 502 4520 tam
537 4467 820 4536 corporeis
864 4483 1031 4537 quam
1083 4466 1442 4536 incorporeis,
1480 4475 1590 4521 tam
1612 4467 1974 4524 rationalibus
2007 4491 2052 4547 υ

391 4571 555 4626 quam
608 4557 786 4612 brutis
814 4557 1328 4620 communicaverit,
1381 4565 1499 4612 tum
1550 4573 1616 4614 ea
1667 4561 1972 4616 secundum

391 4649 801 4718 proportionem
826 4647 990 4717 digna
1010 4645 1200 4701 effecta
1225 4656 1374 4710 sunt,
1403 4664 1526 4718 quae
1552 4648 1608 4703 in
1639 4657 1849 4719 partem
1883 4665 1974 4705 ac-

390 4740 724 4809 ciperentur,
792 4747 848 4795 et
902 4740 1072 4795 divini
1128 4739 1293 4795 Verbi
1352 4741 1679 4796 liberalitate
1735 4742 1972 4812 quadam

391 4829 748 4886 fruerentur?
771 4830 948 4900 Hujus
971 4832 1193 4902 quidem
1227 4833 1398 4888 divini
1419 4833 1635 4889 amatus
1665 4837 1973 4906 susceptio-

389 4939 538 4990 nem,
570 4925 638 4979 iis
664 4924 756 4994 qui
793 4925 1090 4982 rationales
1131 4942 1327 4981 sensus
1374 4926 1677 4982 diminutos
1720 4943 1832 4983 non
1874 4929 1972 4984 ha-

389 5015 542 5079 bent,
580 5019 874 5074 universus
928 5019 1172 5089 impertit
1214 5018 1474 5083 mundus,
1510 5036 1685 5091 usque
1735 5023 1873 5077 adeo
1912 5030 1973 5077 ut

389 5127 512 5180 qua:
550 5119 765 5166 terrena
810 5121 864 5165 et
902 5113 1236 5182 corruptioni
1283 5113 1519 5166 obnoxia
1559 5122 1688 5167 sunt
1715 5129 1968 5184 corpora,

387 5203 569 5256 omnis
603 5203 846 5257 materia:
874 5210 1150 5272 expertem
1190 5197 1682 5274 incorruptamque
1714 5203 1968 5276 fragran-

388 5295 521 5348 tiam
555 5294 860 5356 redoleant,
893 5295 1021 5348 dum
1055 5294 1278 5364 quidem
1314 5312 1570 5366 superne,
1599 5298 1777 5355 instar
1801 5299 1968 5356 fontis

388 5395 576 5441 manat
609 5386 751 5440 Deus
782 5386 1044 5453 universi,
1073 5388 1166 5457 qui
1200 5403 1327 5442 cum
1373 5391 1518 5444 unici
1545 5389 1709 5446 Verbi
1758 5392 1844 5447 sui
1897 5394 1970 5448 sit

390 5478 573 5542 Pater,
600 5480 740 5532 idem
775 5480 847 5534 sit
877 5478 1112 5548 primum
1137 5496 1196 5535 re
1224 5495 1356 5535 vera
1397 5481 1625 5550 bonum,
1659 5485 1807 5555 quod
1837 5485 1968 5540 boni

388 5571 643 5642 gignendi
670 5573 776 5627 vim
801 5573 1018 5640 habeat,
1050 5573 1290 5645 dumque
1309 5577 1618 5648 genituram
1653 5579 1888 5647 obtinet,
1913 5588 1968 5636 et

458 5759 479 5786 ³
515 5753 552 5807 il
578 5755 702 5809 Cor.
741 5769 802 5808 ιι.
839 5755 924 5809 15.
1000 5748 1199 5804 'Cant.
1233 5765 1271 5818 ι,
1304 5749 1356 5806 2.

2102 1887 2193 1939 Διὸ
2211 1886 2311 1956 τῆς
2349 1886 2513 1940 αὐτοῦ
2542 1885 2890 1950 ἐκκενώσεως
2943 1885 3011 1939 τὰ
3052 1885 3246 1949 πάντα,
3286 1884 3459 1954 ὁρατά
3488 1901 3552 1936 τε
3593 1884 3697 1935 καὶ

2100 1979 2327 2050 ἀόρατα,
2384 1979 2612 2051 σώματά
2665 1997 2724 2033 τε
2773 1979 2867 2033 καὶ
2908 1978 3196 2050 ἀσώματα,
3247 1977 3438 2046 λογικά
3477 1994 3539 2029 τε
3591 1992 3694 2028 και

2099 2072 2290 2141 ἄλογα,
2330 2073 2689 2144 μετασχόντα,
2718 2072 2998 2141 ἀναλόγως
3023 2071 3355 2140 κατηξίωται
3393 2069 3695 2140 μετουσίας

2100 2165 2315 2236 καὶτῆς
2336 2165 2430 2217 τοῦ
2473 2164 2617 2217 θείου
2653 2165 2828 2234 Λόγον
2883 2163 3176 2235 μετείληφε
3210 2161 3516 2224 κοινωνίας.
3542 2161 3694 2214 Ταύ-

2097 2274 2196 2326 της
2215 2274 2278 2326 γε
2313 2257 2411 2326 τῆς
2441 2255 2624 2309 ἐνθέου
2659 2256 2828 2326 πνοῆς
2846 2257 2945 2326 τὴν
2962 2253 3247 2325 ἀντίληψιν
3271 2256 3383 2314 τοῖς
3405 2252 3507 2315 τὰς
3540 2251 3694 2318 λογιδ

2098 2349 2202 2414 κάς
2254 2350 2532 2422 αἰσθήσεις
2571 2348 2648 2421 μὴ
2698 2349 3117 2421 πεπηρωμένοις
3148 2350 3177 2400 6
3233 2346 3452 2417 σύμπας
3486 2344 3687 2397 ἀποδί-

2095 2442 2226 2496 δωσι
2277 2441 2500 2513 κόσμος,
2560 2443 2636 2506 ὡς
2677 2441 2744 2495 τά
2804 2445 2870 2513 τῇ
2907 2440 3067 2510 φύσει
3110 2438 3286 2510 γεώδη
3320 2439 3417 2492 καὶ
3461 2437 3692 2508 φθαρτά

2097 2535 2325 2605 σώματα
2366 2536 2462 2606 τῆς
2510 2535 2673 2588 ἀΰλου
2705 2535 2798 2588 καὶ
2827 2534 3104 2604 ἀκηράτου
3139 2531 3367 2594 εὐωδίας
3391 2531 3688 2612 ἀποπνεῖν,

2096 2627 2434 2698 πηγὰζοντος
2465 2629 2562 2699 μὲν
2601 2628 2807 2683 ἄνωθεν
2846 2627 2939 2680 τοῦ
2973 2627 3080 2680 τῶν
3108 2627 3244 2680 ὅλων
3270 2623 3429 2687 Θεοῦ,
3462 2623 3523 2686 ὃς
3543 2663 3558 2686 ,
3587 2621 3686 2674 τοῦ

2097 2718 2419 2788 μονογενοῦς
2445 2717 2610 2772 αὐτοῦ
2642 2719 2813 2785 Λόγου
2854 2717 3043 2789 Πατὴρ
3083 2716 3181 2780 ὢν,
3234 2701 3394 2777 αὐτὸς
3419 2702 3484 2766 ἂν
3513 2713 3601 2783 εἴη
3625 2713 3690 2765 τὸ

2094 2808 2310 2879 πρῶτον
2345 2809 2438 2861 καὶ
2481 2807 2669 2880 κύριον
2705 2807 2798 2861 καὶ
2847 2807 3006 2878 μόνον
3034 2806 3252 2878 ἀληθῶς
3283 2805 3509 2873 ἀγαθὸν,
3545 2805 3687 2872 ἀγα-

2094 2903 2188 2956 θοῦ
2224 2903 2544 2974 γεννητικὸν
2570 2943 2584 2966 ,
2631 2901 3043 2974 δευτερεύοντος
3091 2901 3168 2964 δὲ,
3215 2900 3309 2953 καὶ
3362 2899 3514 2950 ὡσάν
3573 2898 3686 2950 ἀπὸ

2091 2994 2316 3066 πρώτης
2347 2994 2441 3048 καὶ
2495 2992 2804 3065 ἡγουμένης
2831 2980 3021 3055 οὐσίας
3058 2989 3556 3062 ἐπιχορηγουμένου
3586 2987 3684 3040 τοῦ

2094 3086 2247 3151 Υίοῦ,
2294 3087 2353 3150 ὃς
2399 3087 2492 3140 καὶ
2521 3087 2681 3158 μόνος
2716 3085 2817 3156 τῆς
2851 3083 3124 3156 πατρικῆς
3153 3083 3340 3144 οὐσίας
3367 3081 3566 3133 εὐωδία
3599 3097 3686 3142 τις

2089 3179 2222 3248 ἡμῖν
2282 3177 2568 3248 ἀνείρηται
2617 3174 2928 3228 δουλεύουσι
2977 3172 3141 3243 λογίῳ
3192 3171 3502 3225 παιδεύοντι
3552 3169 3687 3240 περὶ

2089 3269 2277 3336 αὐτοῦ,
2305 3270 2386 3323 ὅτι
2419 3268 2504 3340 δὴ,
2547 3287 2565 3320 ι
2601 3267 2789 3339 Ἀτμίς
2815 3269 2931 3320 ἐστι
2967 3265 3064 3335 τῆς
3085 3262 3178 3317 τοῦ
3207 3261 3342 3316 Θεοῦ
3373 3262 3684 3332 δυνάμεως,

2087 3363 2181 3416 καὶ⁵
2214 3361 2483 3433 ἀπόρροια
2515 3361 2610 3430 τῆς
2657 3359 2753 3414 τοῦ
2789 3357 3237 3431 Παντοκράτορος
3269 3354 3424 3426 δόξης
3451 3353 3684 3423 εἱλικριά

2085 3455 2203 3526 νὴς,
2244 3454 2338 3508 καὶ
2386 3453 2727 3525 ἀπαύγασμα
2779 3451 2954 3522 φωτὸς
3000 3449 3207 3514 ἀϊδίου,
3263 3447 3355 3500 καὶ
3412 3445 3685 3532 ἔσοπτρον

2085 3546 2420 3616 ἀκηλίδωτον
2463 3547 2562 3617 τῆς
2594 3545 2686 3599 τοῦ
2724 3543 2861 3598 Θεοῦ
2895 3541 3195 3614 ἐνεργείας,
3224 3533 3318 3594 καὶ
3369 3533 3537 3591 εἰκὼν
3581 3535 3687 3603 τῆς

2085 3637 2424 3707 ἀγαθότητος
2469 3635 2656 3690 αὐτοῦ.
2703 3655 2720 3687 ι
2755 3633 2903 3705 Πλὴν
2968 3631 3107 3687 ἀλλά
3138 3630 3308 3684 ταῦτα
3345 3629 3456 3698 ὅπη
3490 3627 3560 3681 ἄν
3594 3641 3685 3687 τις

2085 3729 2180 3783 καὶ
2214 3728 2376 3795 θέλοι,
2394 3729 2564 3800 ταύτῃ
2595 3727 2827 3781 τιθέσθω
2852 3745 2862 3756 ·
2890 3729 3020 3797 ἡμῖν
3059 3725 3114 3778 δὲ
3140 3715 3364 3793 ἐξαρκεῖ
3388 3721 3450 3774 τὸ
3475 3719 3685 3791 ἀληθὲς

2084 3822 2264 3875 ἐκεῖνο
2292 3822 2386 3874 καὶ
2433 3821 2654 3886 εὐσεϐὲς
2691 3816 2848 3883 αὖθις
2887 3817 3358 3888 ἐπαναλαμϐάνειν
3401 3814 3583 3885 ῥῆμα,
3613 3803 3684 3864 δι’

2082 3905 2144 3965 οὗ
2184 3913 2278 3966 καὶ
2297 3913 2397 3984 τὴν
2431 3913 2582 3967 λύσιν
2629 3912 2962 3984 ἐπιθήσομεν
3007 3914 3120 3974 τοῖς
3168 3907 3524 3983 ἐξῃτημένοις
3551 3906 3685 3958 πολ-ι

2082 4003 2240 4065 λάκις
2274 4003 2373 4074 ἤδη
2426 4004 2745 4066 ἐπειπόντες
2768 4019 2781 4033 ’
2820 4022 2839 4054 ι
2877 4003 2988 4074 Τὴν
3032 3999 3226 4070 γενεὰν
3284 3998 3450 4053 αὐτοῦ
3487 3999 3578 4062 τίς
3603 3998 3686 4052 δι⁴

2081 4099 2385 4166 ηγήσεται;
2419 4112 2437 4145 ›
2459 4093 2768 4162 Ἀνὲφικτος
2804 4092 2913 4163 γὰρ
2955 4091 3030 4155 ὡς
3057 4089 3296 4163 ἀληθῶς,
3329 4089 3425 4143 καὶ
3455 4089 3560 4142 οὐκ
3577 4089 3682 4142 ἀνα

2080 4188 2320 4259 θρώποις
2337 4187 2495 4258 μόνον
2519 4229 2534 4252 ,
2567 4185 2704 4239 ἀλλὰ
2730 4186 2825 4238 καὶ
2843 4189 2964 4249 ταῖς
2997 4184 3176 4254 πάσης
3204 4183 3460 4236 ἐπέκεινα
3480 4181 3683 4244 οὐσίας

2078 4278 2395 4349 δυνάμεσιν,
2430 4280 2463 4348 ἡ
2496 4277 2590 4330 τοῦ
2629 4276 2967 4344 Μονογενοῦς
2991 4276 3086 4330 τοῦ
3122 4274 3260 4329 Θεοῦ
3292 4273 3556 4345 τυγχάνει
3585 4273 3684 4342 γέ-

2079 4388 2244 4437 νεσις,
2277 4370 2560 4442 ὡσπεροῦν
2592 4371 2685 4424 καὶ
2715 4371 2876 4434 αὐτὸς
2899 4371 2929 4421 6
2956 4370 3146 4440 Σωτὴρ
3173 4369 3265 4422 καὶ
3284 4367 3488 4438 Κύριος
3508 4367 3544 4438 ἡ
3555 4367 3683 4436 μῶν

2079 4465 2205 4528 τοὺς
2232 4464 2466 4526 οἰκείους
2501 4462 2748 4534 μαθητὰς
2788 4462 2929 4515 αὐτὰ
2967 4461 3030 4531 δὴ
3064 4461 3234 4517 ταῦτα
3265 4458 3682 4531 μυσταγωγῶν,

2084 4573 2104 4605 s
2136 4553 2324 4618 Οὐδεὶς
2360 4553 2524 4621 ἔγνω,
2563 4572 2580 4602 ι
2610 4551 2764 4623 φησὶ,
2790 4571 2808 4602 ι
2838 4551 2929 4603 τὸν
2963 4549 3208 4620 Πατέρα,
3231 4549 3279 4599 εἰ
3306 4545 3381 4618 μὴ
3405 4548 3436 4598 6
3465 4544 3599 4608 Υἱός
3620 4562 3635 4574 °
3655 4552 3688 4596 »⁷

2168 4647 2262 4699 καὶ
2303 4644 2575 4713 ἐπιλέγει’
2605 4663 2624 4696 ι
2670 4643 2780 4696 Καὶ
2811 4641 2985 4705 οὐδεὶς
3021 4641 3162 4708 ἔγνω
3199 4640 3290 4692 τὸν
3323 4637 3474 4704 Υἰδν,
3511 4638 3565 4688 εί
3597 4637 3681 4707 μὴ

2075 4740 2104 4790 6
2135 4739 2346 4810 Πατήρ.
2373 4757 2392 4789 ι
2436 4735 2740 4804 Ἀγνώστου
2765 4735 2942 4788 τοίνυν
2970 4732 3170 4804 ὁμοίως
3201 4730 3298 4802 τῆς
3324 4747 3385 4782 τε
3401 4728 3535 4801 περὶ
3574 4727 3679 4781 τοῦ

2075 4830 2292 4900 Πατρὸς
2325 4829 2418 4883 καὶ
2479 4830 2577 4899 τῆς
2611 4828 2737 4899 περὶ
2763 4826 2858 4880 τοῦ
2897 4825 3030 4880 Υίοῦ
3061 4822 3338 4891 θεολογίας
3360 4823 3475 4883 τοῖς
3505 4822 3676 4883 πᾶσι,

2077 4921 2217 4992 πλὴν
2250 4922 2434 4984 αὐτοῖς
2453 4919 2852 4990 τυγχανούσης,
2881 4918 2957 4981 ὡς
2990 4918 3048 4971 ἐν
3083 4915 3414 4988 ἀπορρήτοις
3447 4913 3505 4964 ἐν
3545 4914 3678 4974 ταῖς

2078 5013 2500 5085 παρατεθείσαις
2545 5012 2640 5065 τοῦ
2692 5011 3036 5082 Σολομῶντος
3088 5007 3288 5073 λέξεσι,
3328 5006 3430 5076 τῆς
3464 5005 3678 5074 Σοφίας

2073 5106 2366 5159 ἀκουστέον
2426 5104 2694 5175 λεγούσης
2717 5121 2730 5134 ·
2762 5123 2780 5154 ι
2805 5105 2918 5172 Πρὸ
2944 5101 3037 5155 τοῦ
3073 5101 3174 5172 δρη
3209 5097 3539 5170 ἑδρασθῆναι
3571 5099 3678 5150 καὶ

2075 5195 2487 5268 πλασθῆναιτὴν
2507 5196 2633 5266 γῆν,
2655 5195 2761 5265 πρὸ
2780 5195 2837 5247 δὲ
2866 5194 3082 5248 πάντων
3111 5190 3314 5262 βουνῶν
3338 5190 3506 5260 γεννᾷ
3531 5206 3630 5259 με.
3648 5209 3668 5238 ι

2077 5291 2199 5346 Ἔτι
2236 5289 2293 5342 δέ
2340 5307 2474 5360 φησι
2532 5289 2901 5358 συμπαρεῖναι
2955 5283 3032 5356 τῷ
3068 5285 3247 5356 Πατρὶ
3299 5281 3390 5335 τὸν
3430 5281 3676 5351 οὐρανὸν

2073 5379 2571 5445 κατασκευάζοντι·
2605 5397 2624 5431 ι
2665 5379 2859 5433 Ἡνίκα
2882 5377 3011 5448 γοῦν
3025 5377 3288 5449 ἡτοίμαζε
3307 5374 3671 5446 τδνούρανὸν,

2074 5473 2453 5544 συμπαρήμην
2507 5468 2678 5540 αὐτῷ.
2731 5489 2749 5520 ι
2797 5469 2908 5523 Καὶ
2949 5467 3010 5522 τὸ
3051 5466 3111 5532 ἐξ
3149 5465 3394 5539 ἀπείρων
3435 5464 3492 5517 δὲ
3529 5463 3646 5516 αῐὼ

2070 5581 2176 5619 νων
2223 5562 2390 5618 ἀΐδιον
2433 5562 2532 5636 τῆς
2560 5562 2671 5635 ,σὺν
2711 5560 2888 5633 Πατρὶ
2913 5558 3194 5631 διαμονῆς
3238 5554 3531 5628 ἐμφαίνει,
3579 5549 3674 5618 οἷς
