  <div class='ocr_page' id='page_1' title='image "/cluster/home/n/w/nwhite01/storage/ocr_20150623/22/nnc1.0046978372/194.png"; bbox 0 0 3846 6218; ppageno 0'>
   <div class='ocr_carea' id='block_1_1' title="bbox 128 295 1647 367">
    <p class='ocr_par' dir='ltr' id='par_1_1' title="bbox 128 295 1646 367">
     <span class='ocr_line' id='line_1_1' title="bbox 128 295 1646 367; baseline 0.001 -5"><span class='ocrx_word' id='word_1_1' title='bbox 128 295 238 362; x_wconf 68' lang='lat'><strong>557</strong></span> <span class='ocrx_word' id='word_1_2' title='bbox 1051 298 1646 367; x_wconf 32' lang='lat' dir='ltr'><strong>IDEMONS&#39;TRATIDN</strong></span> 
     </span>
    </p>
   </div>
   <div class='ocr_carea' id='block_1_2' title="bbox 1894 295 3413 367">
    <p class='ocr_par' dir='ltr' id='par_1_2' title="bbox 1894 302 3413 367">
     <span class='ocr_line' id='line_1_2' title="bbox 1894 302 3413 367; baseline 0.003 -5"><span class='ocrx_word' id='word_1_3' title='bbox 1894 302 2213 363; x_wconf 64' lang='lat' dir='ltr'><strong>NGELICE</strong></span> <span class='ocrx_word' id='word_1_4' title='bbox 2248 303 2378 364; x_wconf 83' lang='lat' dir='ltr'><strong>LIB.</strong></span> <span class='ocrx_word' id='word_1_5' title='bbox 2418 305 2489 363; x_wconf 74' lang='grc' dir='ltr'><strong>ν.</strong></span> <span class='ocrx_word' id='word_1_6' title='bbox 3309 310 3413 367; x_wconf 77' lang='lat'><strong>558</strong></span> 
     </span>
    </p>
   </div>
   <div class='ocr_carea' id='block_1_3' title="bbox 126 417 1645 508">
    <p class='ocr_par' dir='ltr' id='par_1_3' title="bbox 126 425 1645 504">
     <span class='ocr_line' id='line_1_3' title="bbox 126 425 1645 504; baseline 0.005 -27"><span class='ocrx_word' id='word_1_7' title='bbox 126 425 408 494; x_wconf 64' lang='grc' dir='ltr'>ἐπιλέγειθ</span> <span class='ocrx_word' id='word_1_8' title='bbox 464 445 486 480; x_wconf 87' lang='grc'><em>‹</em></span> <span class='ocrx_word' id='word_1_9' title='bbox 546 428 734 500; x_wconf 81' lang='grc' dir='ltr'>Ἤμην</span> <span class='ocrx_word' id='word_1_10' title='bbox 801 432 930 502; x_wconf 83' lang='grc' dir='ltr'>παρ’</span> <span class='ocrx_word' id='word_1_11' title='bbox 993 431 1140 503; x_wconf 74' lang='grc' dir='ltr'>αὐτῷ</span> <span class='ocrx_word' id='word_1_12' title='bbox 1200 431 1546 504; x_wconf 76' lang='grc' dir='ltr'><strong>ἁρμόζουσα·</strong></span> <span class='ocrx_word' id='word_1_13' title='bbox 1613 433 1645 484; x_wconf 66' lang='grc' dir='ltr'>ὲι</span> 
     </span>
    </p>
   </div>
   <div class='ocr_carea' id='block_1_4' title="bbox 1895 417 3414 508">
    <p class='ocr_par' dir='ltr' id='par_1_4' title="bbox 1895 417 3414 508">
     <span class='ocr_line' id='line_1_4' title="bbox 1895 417 3414 508; baseline 0.004 -24"><span class='ocrx_word' id='word_1_14' title='bbox 1895 432 1984 487; x_wconf 46' lang='grc' dir='ltr'><strong>ηοεί</strong></span> <span class='ocrx_word' id='word_1_15' title='bbox 2032 445 2062 484; x_wconf 90' lang='lat' dir='ltr'><strong>a</strong></span> <span class='ocrx_word' id='word_1_16' title='bbox 2111 431 2291 501; x_wconf 90' lang='lat' dir='ltr'><strong>primo</strong></span> <span class='ocrx_word' id='word_1_17' title='bbox 2328 437 2382 485; x_wconf 91' lang='lat' dir='ltr'><strong>et</strong></span> <span class='ocrx_word' id='word_1_18' title='bbox 2421 429 2667 499; x_wconf 83' lang='lat' dir='ltr'><strong>ingenito</strong></span> <span class='ocrx_word' id='word_1_19' title='bbox 2713 427 2876 486; x_wconf 78' lang='lat' dir='ltr'><strong>Patre</strong></span> <span class='ocrx_word' id='word_1_20' title='bbox 2910 417 3179 488; x_wconf 76' lang='lat' dir='ltr'><strong>suﬁicitur</strong></span> <span class='ocrx_word' id='word_1_21' title='bbox 3218 433 3414 508; x_wconf 81' lang='lat' dir='ltr'><strong>Filius,</strong></span> 
     </span>
    </p>
   </div>
   <div class='ocr_carea' id='block_1_5' title="bbox 124 484 1643 596">
    <p class='ocr_par' dir='ltr' id='par_1_5' title="bbox 124 484 1643 596">
     <span class='ocr_line' id='line_1_5' title="bbox 124 484 1643 596; baseline 0.001 -22"><span class='ocrx_word' id='word_1_22' title='bbox 124 484 380 590; x_wconf 44' lang='lat' dir='ltr'><strong>manv-ﬂ</strong></span> <span class='ocrx_word' id='word_1_23' title='bbox 453 484 823 593; x_wconf 68' lang='grc' dir='ltr'>προσέχαιρεο</span> <span class='ocrx_word' id='word_1_24' title='bbox 871 484 991 576; x_wconf 70' lang='grc' dir='ltr'>καθ’</span> <span class='ocrx_word' id='word_1_25' title='bbox 1046 484 1290 596; x_wconf 61' lang='grc' dir='ltr'><strong>ἡμέραν⁵</strong></span> <span class='ocrx_word' id='word_1_26' title='bbox 1319 484 1398 578; x_wconf 61' lang='grc' dir='ltr'><strong>δέ</strong></span> <span class='ocrx_word' id='word_1_27' title='bbox 1446 522 1643 596; x_wconf 83' lang='grc' dir='ltr'>προσώ·</span> 
     </span>
    </p>
   </div>
   <div class='ocr_carea' id='block_1_6' title="bbox 1896 484 3415 596">
    <p class='ocr_par' dir='ltr' id='par_1_6' title="bbox 1896 484 3415 593">
     <span class='ocr_line' id='line_1_6' title="bbox 1896 484 3415 593; baseline 0.001 -17"><span class='ocrx_word' id='word_1_28' title='bbox 1896 523 1925 576; x_wconf 84' lang='lat' dir='ltr'><strong>Ii</strong></span> <span class='ocrx_word' id='word_1_29' title='bbox 1960 521 2123 576; x_wconf 89' lang='lat' dir='ltr'><strong>etiam</strong></span> <span class='ocrx_word' id='word_1_30' title='bbox 2159 520 2312 574; x_wconf 86' lang='lat' dir='ltr'><strong>solus</strong></span> <span class='ocrx_word' id='word_1_31' title='bbox 2355 525 2596 588; x_wconf 70' lang='lat' dir='ltr'><strong>paternae</strong></span> <span class='ocrx_word' id='word_1_32' title='bbox 2633 519 2887 573; x_wconf 67' lang='lat' dir='ltr'><strong>essentia:</strong></span> <span class='ocrx_word' id='word_1_33' title='bbox 2938 522 3239 590; x_wconf 74' lang='lat' dir='ltr'><strong>fragrantia</strong></span> <span class='ocrx_word' id='word_1_34' title='bbox 3265 484 3415 593; x_wconf 68' lang='lat' dir='ltr'><strong>quze:</strong></span> 
     </span>
    </p>
   </div>
   <div class='ocr_carea' id='block_1_7' title="bbox 125 607 1644 686">
    <p class='ocr_par' dir='ltr' id='par_1_7' title="bbox 125 610 1644 686">
     <span class='ocr_line' id='line_1_7' title="bbox 125 610 1644 686; baseline 0.004 -22"><span class='ocrx_word' id='word_1_35' title='bbox 125 610 296 664; x_wconf 76' lang='grc' dir='ltr'>αὑτοῦ</span> <span class='ocrx_word' id='word_1_36' title='bbox 345 614 730 684; x_wconf 63' lang='grc' dir='ltr'>προσέχαιρον.</span> <span class='ocrx_word' id='word_1_37' title='bbox 782 635 801 667; x_wconf 68' lang='grc' dir='ltr'><strong>ι</strong></span> <span class='ocrx_word' id='word_1_38' title='bbox 845 617 959 669; x_wconf 74' lang='grc' dir='ltr'>Καὶ</span> <span class='ocrx_word' id='word_1_39' title='bbox 1005 617 1278 681; x_wconf 78' lang='grc' dir='ltr'>ἀϐύσσους</span> <span class='ocrx_word' id='word_1_40' title='bbox 1313 617 1370 669; x_wconf 83' lang='grc' dir='ltr'><strong>δὲ</strong></span> <span class='ocrx_word' id='word_1_41' title='bbox 1405 617 1499 669; x_wconf 65' lang='grc' dir='ltr'><strong>κα)⁸</strong></span> <span class='ocrx_word' id='word_1_42' title='bbox 1539 633 1644 686; x_wconf 68' lang='lat' dir='ltr'><strong>mn</strong></span> 
     </span>
    </p>
   </div>
   <div class='ocr_carea' id='block_1_8' title="bbox 1896 607 3415 686">
    <p class='ocr_par' dir='ltr' id='par_1_8' title="bbox 1896 607 3415 682">
     <span class='ocr_line' id='line_1_8' title="bbox 1896 607 3415 682; baseline 0.005 -21"><span class='ocrx_word' id='word_1_43' title='bbox 1896 625 1957 662; x_wconf 40' lang='lat' dir='ltr'><strong>.m</strong></span> <span class='ocrx_word' id='word_1_44' title='bbox 2000 609 2184 663; x_wconf 86' lang='lat' dir='ltr'><strong>dictus</strong></span> <span class='ocrx_word' id='word_1_45' title='bbox 2223 615 2308 663; x_wconf 92' lang='lat' dir='ltr'><strong>est</strong></span> <span class='ocrx_word' id='word_1_46' title='bbox 2344 622 2375 660; x_wconf 91' lang='lat' dir='ltr'><strong>a</strong></span> <span class='ocrx_word' id='word_1_47' title='bbox 2405 607 2586 672; x_wconf 88' lang='lat' dir='ltr'><strong>nobis,</strong></span> <span class='ocrx_word' id='word_1_48' title='bbox 2639 609 2733 677; x_wconf 88' lang='lat' dir='ltr'><strong>qui</strong></span> <span class='ocrx_word' id='word_1_49' title='bbox 2780 611 3004 664; x_wconf 88' lang='lat' dir='ltr'><strong>oraculo</strong></span> <span class='ocrx_word' id='word_1_50' title='bbox 3057 611 3415 682; x_wconf 85' lang='lat' dir='ltr'><strong>obsequimur</strong></span> 
     </span>
    </p>
   </div>
   <div class='ocr_carea' id='block_1_9' title="bbox 125 700 1644 777">
    <p class='ocr_par' dir='ltr' id='par_1_9' title="bbox 125 703 1644 777">
     <span class='ocr_line' id='line_1_9' title="bbox 125 703 1644 777; baseline 0.004 -23"><span class='ocrx_word' id='word_1_51' title='bbox 125 703 340 756; x_wconf 75' lang='grc' dir='ltr'>ὑδάτων</span> <span class='ocrx_word' id='word_1_52' title='bbox 360 742 374 767; x_wconf 89' lang='grc'><em>,</em></span> <span class='ocrx_word' id='word_1_53' title='bbox 412 703 512 774; x_wconf 73' lang='grc' dir='ltr'>ὗρη</span> <span class='ocrx_word' id='word_1_54' title='bbox 546 723 604 758; x_wconf 87' lang='grc' dir='ltr'><strong>τε</strong></span> <span class='ocrx_word' id='word_1_55' title='bbox 631 706 725 758; x_wconf 75' lang='grc' dir='ltr'>καὶ</span> <span class='ocrx_word' id='word_1_56' title='bbox 757 706 1012 777; x_wconf 73' lang='grc' dir='ltr'>βουνοὺς,</span> <span class='ocrx_word' id='word_1_57' title='bbox 1042 709 1136 762; x_wconf 75' lang='grc' dir='ltr'><strong>καὶ</strong></span> <span class='ocrx_word' id='word_1_58' title='bbox 1166 709 1266 762; x_wconf 75' lang='grc' dir='ltr'><strong>ὅσα</strong></span> <span class='ocrx_word' id='word_1_59' title='bbox 1297 707 1432 761; x_wconf 79' lang='grc' dir='ltr'>ἄλλα</span> <span class='ocrx_word' id='word_1_60' title='bbox 1459 708 1601 760; x_wconf 80' lang='grc' dir='ltr'>κατὰ</span> <span class='ocrx_word' id='word_1_61' title='bbox 1632 727 1644 742; x_wconf 61' lang='grc' dir='ltr'>ί</span> 
     </span>
    </p>
   </div>
   <div class='ocr_carea' id='block_1_10' title="bbox 1894 700 3413 777">
    <p class='ocr_par' dir='ltr' id='par_1_10' title="bbox 1894 700 3413 772">
     <span class='ocr_line' id='line_1_10' title="bbox 1894 700 3413 772; baseline 0.003 -19"><span class='ocrx_word' id='word_1_62' title='bbox 1894 701 1996 754; x_wconf 93' lang='lat' dir='ltr'><strong>lem</strong></span> <span class='ocrx_word' id='word_1_63' title='bbox 2029 701 2097 755; x_wconf 90' lang='lat' dir='ltr'><strong>de</strong></span> <span class='ocrx_word' id='word_1_64' title='bbox 2124 701 2218 753; x_wconf 90' lang='lat' dir='ltr'><strong>illo</strong></span> <span class='ocrx_word' id='word_1_65' title='bbox 2243 700 2552 754; x_wconf 92' lang='lat' dir='ltr'><strong>doctrinam</strong></span> <span class='ocrx_word' id='word_1_66' title='bbox 2589 701 2826 755; x_wconf 89' lang='lat' dir='ltr'><strong>tradenti</strong></span> <span class='ocrx_word' id='word_1_67' title='bbox 2865 720 2878 756; x_wconf 91' lang='lat'><strong>:</strong></span> <span class='ocrx_word' id='word_1_68' title='bbox 2917 721 2936 752; x_wconf 87' lang='grc'>‹</span> <span class='ocrx_word' id='word_1_69' title='bbox 2976 700 3161 772; x_wconf 83' lang='lat' dir='ltr'><strong>Vapor</strong></span> <span class='ocrx_word' id='word_1_70' title='bbox 3198 713 3303 767; x_wconf 89' lang='lat' dir='ltr'><strong>est,</strong></span> <span class='ocrx_word' id='word_1_71' title='bbox 3331 706 3413 759; x_wconf 87' lang='lat' dir='ltr'><strong>in-</strong></span> 
     </span>
    </p>
   </div>
   <div class='ocr_carea' id='block_1_11' title="bbox 123 791 1642 871">
    <p class='ocr_par' dir='ltr' id='par_1_11' title="bbox 123 793 1642 870">
     <span class='ocr_line' id='line_1_11' title="bbox 123 793 1642 870; baseline 0.003 -25"><span class='ocrx_word' id='word_1_72' title='bbox 123 794 294 846; x_wconf 85' lang='grc' dir='ltr'>τόπον</span> <span class='ocrx_word' id='word_1_73' title='bbox 339 798 540 858; x_wconf 82' lang='grc' dir='ltr'><strong>κοινοῖς</strong></span> <span class='ocrx_word' id='word_1_74' title='bbox 586 797 827 867; x_wconf 75' lang='grc' dir='ltr'>ῥήμασιν</span> <span class='ocrx_word' id='word_1_75' title='bbox 861 793 944 862; x_wconf 74' lang='grc' dir='ltr'><strong>οἷς</strong></span> <span class='ocrx_word' id='word_1_76' title='bbox 975 799 1396 869; x_wconf 81' lang='grc' dir='ltr'>ἐπωνόμασται,</span> <span class='ocrx_word' id='word_1_77' title='bbox 1425 800 1543 870; x_wconf 67' lang='grc' dir='ltr'><strong>¹ἤτοι</strong></span> <span class='ocrx_word' id='word_1_78' title='bbox 1591 817 1642 851; x_wconf 78' lang='grc' dir='ltr'><strong>πε</strong></span> 
     </span>
    </p>
   </div>
   <div class='ocr_carea' id='block_1_12' title="bbox 1893 791 3412 871">
    <p class='ocr_par' dir='ltr' id='par_1_12' title="bbox 1893 791 3412 864">
     <span class='ocr_line' id='line_1_12' title="bbox 1893 791 3412 864; baseline 0.007 -20"><span class='ocrx_word' id='word_1_79' title='bbox 1893 793 1968 855; x_wconf 77' lang='lat' dir='ltr'><strong>lit,</strong></span> <span class='ocrx_word' id='word_1_80' title='bbox 2001 792 2222 846; x_wconf 84' lang='lat' dir='ltr'><strong>virtutis</strong></span> <span class='ocrx_word' id='word_1_81' title='bbox 2245 791 2360 856; x_wconf 87' lang='lat' dir='ltr'><strong>Dei,</strong></span> <span class='ocrx_word' id='word_1_82' title='bbox 2393 799 2446 845; x_wconf 89' lang='lat' dir='ltr'><strong>et</strong></span> <span class='ocrx_word' id='word_1_83' title='bbox 2485 793 2758 847; x_wconf 91' lang='lat' dir='ltr'><strong>emanatio</strong></span> <span class='ocrx_word' id='word_1_84' title='bbox 2780 793 2968 862; x_wconf 74' lang='lat' dir='ltr'><strong>gloriae</strong></span> <span class='ocrx_word' id='word_1_85' title='bbox 3002 794 3412 864; x_wconf 80' lang='lat' dir='ltr'><strong>Onmipotentis</strong></span> 
     </span>
    </p>
   </div>
   <div class='ocr_carea' id='block_1_13' title="bbox 121 885 1640 963">
    <p class='ocr_par' dir='ltr' id='par_1_13' title="bbox 121 885 1640 963">
     <span class='ocr_line' id='line_1_13' title="bbox 121 885 1640 963; baseline 0.013 -27"><span class='ocrx_word' id='word_1_86' title='bbox 121 885 224 954; x_wconf 77' lang='grc' dir='ltr'>τῆς</span> <span class='ocrx_word' id='word_1_87' title='bbox 299 886 394 939; x_wconf 89' lang='grc' dir='ltr'><strong>τοῦ</strong></span> <span class='ocrx_word' id='word_1_88' title='bbox 457 888 664 958; x_wconf 78' lang='grc' dir='ltr'>κόσμου</span> <span class='ocrx_word' id='word_1_89' title='bbox 728 891 1072 954; x_wconf 80' lang='grc' dir='ltr'>συστάσεως,</span> <span class='ocrx_word' id='word_1_90' title='bbox 1142 896 1206 944; x_wconf 83' lang='grc' dir='ltr'><strong>ὲκ</strong></span> <span class='ocrx_word' id='word_1_91' title='bbox 1249 893 1449 963; x_wconf 81' lang='grc' dir='ltr'>μέρους</span> <span class='ocrx_word' id='word_1_92' title='bbox 1512 892 1571 944; x_wconf 77' lang='grc' dir='ltr'>τὺ</span> <span class='ocrx_word' id='word_1_93' title='bbox 1615 911 1640 945; x_wconf 67' lang='grc' dir='ltr'><strong>τ</strong></span> 
     </span>
    </p>
   </div>
   <div class='ocr_carea' id='block_1_14' title="bbox 1891 885 3410 963">
    <p class='ocr_par' dir='ltr' id='par_1_14' title="bbox 1891 887 3410 958">
     <span class='ocr_line' id='line_1_14' title="bbox 1891 887 3410 958; baseline 0.005 -18"><span class='ocrx_word' id='word_1_94' title='bbox 1891 901 2068 950; x_wconf 86' lang='lat' dir='ltr'><strong>ncera,</strong></span> <span class='ocrx_word' id='word_1_95' title='bbox 2089 894 2142 942; x_wconf 87' lang='lat' dir='ltr'><strong>et</strong></span> <span class='ocrx_word' id='word_1_96' title='bbox 2174 887 2429 958; x_wconf 79' lang='lat' dir='ltr'><strong>splendor</strong></span> <span class='ocrx_word' id='word_1_97' title='bbox 2459 887 2599 942; x_wconf 88' lang='lat' dir='ltr'><strong>lucis</strong></span> <span class='ocrx_word' id='word_1_98' title='bbox 2623 896 2861 953; x_wconf 63' lang='lat' dir='ltr'><strong>aeternae,</strong></span> <span class='ocrx_word' id='word_1_99' title='bbox 2895 897 2948 944; x_wconf 93' lang='lat' dir='ltr'><strong>et</strong></span> <span class='ocrx_word' id='word_1_100' title='bbox 2984 893 3266 958; x_wconf 87' lang='lat' dir='ltr'><strong>speculum</strong></span> <span class='ocrx_word' id='word_1_101' title='bbox 3291 893 3410 948; x_wconf 85' lang='lat' dir='ltr'><strong>sine</strong></span> 
     </span>
    </p>
   </div>
   <div class='ocr_carea' id='block_1_15' title="bbox 123 971 1642 1052">
    <p class='ocr_par' dir='ltr' id='par_1_15' title="bbox 123 971 1642 1052">
     <span class='ocr_line' id='line_1_15' title="bbox 123 971 1642 1052; baseline 0.009 -29"><span class='ocrx_word' id='word_1_102' title='bbox 123 971 414 1041; x_wconf 79' lang='grc' dir='ltr'>δηλοῦντος</span> <span class='ocrx_word' id='word_1_103' title='bbox 467 977 790 1042; x_wconf 77' lang='grc' dir='ltr'>ἀκουστέον,</span> <span class='ocrx_word' id='word_1_104' title='bbox 837 979 869 1050; x_wconf 83' lang='grc' dir='ltr'>ἢ</span> <span class='ocrx_word' id='word_1_105' title='bbox 921 980 1324 1052; x_wconf 84' lang='grc' dir='ltr'>τροπικώτερον</span> <span class='ocrx_word' id='word_1_106' title='bbox 1383 983 1642 1052; x_wconf 68' lang='grc' dir='ltr'>ἐκληπτέε</span> 
     </span>
    </p>
   </div>
   <div class='ocr_carea' id='block_1_16' title="bbox 1880 971 3399 1052">
    <p class='ocr_par' dir='ltr' id='par_1_16' title="bbox 1881 978 3399 1052">
     <span class='ocr_line' id='line_1_16' title="bbox 1881 978 3399 1052; baseline 0.004 -22"><span class='ocrx_word' id='word_1_107' title='bbox 1881 979 2042 1031; x_wconf 83' lang='lat' dir='ltr'><strong>acula</strong></span> <span class='ocrx_word' id='word_1_108' title='bbox 2092 978 2186 1032; x_wconf 87' lang='lat' dir='ltr'><strong>Dei</strong></span> <span class='ocrx_word' id='word_1_109' title='bbox 2225 979 2478 1034; x_wconf 70' lang='lat' dir='ltr'><strong>emcaciaa</strong></span> <span class='ocrx_word' id='word_1_110' title='bbox 2504 1019 2521 1045; x_wconf 96' lang='lat'><strong>,</strong></span> <span class='ocrx_word' id='word_1_111' title='bbox 2553 987 2607 1036; x_wconf 87' lang='lat' dir='ltr'><strong>et</strong></span> <span class='ocrx_word' id='word_1_112' title='bbox 2650 981 2830 1051; x_wconf 83' lang='lat' dir='ltr'><strong>imago</strong></span> <span class='ocrx_word' id='word_1_113' title='bbox 2859 982 3274 1052; x_wconf 86' lang='lat' dir='ltr'><strong>bonitatis-ejus</strong></span> <span class='ocrx_word' id='word_1_114' title='bbox 3300 984 3340 1039; x_wconf 70' lang='lat'><strong>‘.</strong></span> <span class='ocrx_word' id='word_1_115' title='bbox 3379 1003 3399 1036; x_wconf 72' lang='grc' dir='ltr'><strong>ο</strong></span> 
     </span>
    </p>
   </div>
   <div class='ocr_carea' id='block_1_17' title="bbox 122 1065 1641 1145">
    <p class='ocr_par' dir='ltr' id='par_1_17' title="bbox 122 1065 1641 1144">
     <span class='ocr_line' id='line_1_17' title="bbox 122 1065 1641 1144; baseline 0.005 -25"><span class='ocrx_word' id='word_1_116' title='bbox 122 1065 297 1119; x_wconf 87' lang='grc' dir='ltr'>ταῦτα</span> <span class='ocrx_word' id='word_1_117' title='bbox 337 1069 716 1140; x_wconf 78' lang='grc' dir='ltr'>μεταφέροντα</span> <span class='ocrx_word' id='word_1_118' title='bbox 753 1071 821 1124; x_wconf 77' lang='grc' dir='ltr'>τὰ</span> <span class='ocrx_word' id='word_1_119' title='bbox 863 1075 1234 1143; x_wconf 76' lang='grc' dir='ltr'>σημαινόμενα</span> <span class='ocrx_word' id='word_1_120' title='bbox 1274 1075 1364 1127; x_wconf 72' lang='grc' dir='ltr'>ἐπὶ</span> <span class='ocrx_word' id='word_1_121' title='bbox 1400 1075 1641 1144; x_wconf 79' lang='grc' dir='ltr'>νοητὰς(</span> 
     </span>
    </p>
   </div>
   <div class='ocr_carea' id='block_1_18' title="bbox 1889 1065 3408 1145">
    <p class='ocr_par' dir='ltr' id='par_1_18' title="bbox 1889 1073 3408 1145">
     <span class='ocr_line' id='line_1_18' title="bbox 1889 1073 3408 1145; baseline 0.004 -21"><span class='ocrx_word' id='word_1_122' title='bbox 1889 1080 2219 1126; x_wconf 74' lang='lat' dir='ltr'><strong>erumtamen</strong></span> <span class='ocrx_word' id='word_1_123' title='bbox 2268 1073 2382 1127; x_wconf 81' lang='lat' dir='ltr'><strong>haec</strong></span> <span class='ocrx_word' id='word_1_124' title='bbox 2426 1088 2535 1142; x_wconf 86' lang='lat' dir='ltr'><strong>quo</strong></span> <span class='ocrx_word' id='word_1_125' title='bbox 2580 1073 2701 1127; x_wconf 91' lang='lat' dir='ltr'><strong>loco</strong></span> <span class='ocrx_word' id='word_1_126' title='bbox 2740 1075 2864 1143; x_wconf 89' lang='lat' dir='ltr'><strong>quis</strong></span> <span class='ocrx_word' id='word_1_127' title='bbox 2898 1075 3048 1139; x_wconf 72' lang='lat' dir='ltr'><strong>velit,</strong></span> <span class='ocrx_word' id='word_1_128' title='bbox 3105 1075 3178 1128; x_wconf 86' lang='lat' dir='ltr'><strong>ibi</strong></span> <span class='ocrx_word' id='word_1_129' title='bbox 3219 1077 3408 1145; x_wconf 84' lang='lat' dir='ltr'><strong>utique</strong></span> 
     </span>
    </p>
   </div>
   <div class='ocr_carea' id='block_1_19' title="bbox 125 1155 1644 1236">
    <p class='ocr_par' dir='ltr' id='par_1_19' title="bbox 125 1155 1644 1236">
     <span class='ocr_line' id='line_1_19' title="bbox 125 1155 1644 1236; baseline 0.007 -30"><span class='ocrx_word' id='word_1_130' title='bbox 125 1155 247 1218; x_wconf 90' lang='grc' dir='ltr'>σίας</span> <span class='ocrx_word' id='word_1_131' title='bbox 295 1157 393 1209; x_wconf 74' lang='grc' dir='ltr'><strong>καὶ</strong></span> <span class='ocrx_word' id='word_1_132' title='bbox 440 1156 592 1222; x_wconf 78' lang='grc' dir='ltr'>θείας</span> <span class='ocrx_word' id='word_1_133' title='bbox 637 1158 924 1230; x_wconf 78' lang='grc' dir='ltr'>δυνάμεις,</span> <span class='ocrx_word' id='word_1_134' title='bbox 971 1155 1046 1215; x_wconf 83' lang='grc' dir='ltr'>ὧν</span> <span class='ocrx_word' id='word_1_135' title='bbox 1101 1164 1320 1216; x_wconf 57' lang='grc' dir='ltr'>στάντων</span> <span class='ocrx_word' id='word_1_136' title='bbox 1375 1165 1644 1236; x_wconf 77' lang='grc' dir='ltr'>πρωτότω</span> 
     </span>
    </p>
   </div>
   <div class='ocr_carea' id='block_1_20' title="bbox 1888 1155 3407 1236">
    <p class='ocr_par' dir='ltr' id='par_1_20' title="bbox 1888 1162 3407 1232">
     <span class='ocr_line' id='line_1_20' title="bbox 1888 1162 3407 1232; baseline 0.005 -18"><span class='ocrx_word' id='word_1_137' title='bbox 1888 1171 2031 1215; x_wconf 86' lang='lat' dir='ltr'><strong>mat:</strong></span> <span class='ocrx_word' id='word_1_138' title='bbox 2065 1163 2226 1216; x_wconf 90' lang='lat' dir='ltr'><strong>nobis</strong></span> <span class='ocrx_word' id='word_1_139' title='bbox 2259 1170 2440 1217; x_wconf 89' lang='lat' dir='ltr'><strong>autem</strong></span> <span class='ocrx_word' id='word_1_140' title='bbox 2475 1162 2613 1217; x_wconf 86' lang='lat' dir='ltr'><strong>satis</strong></span> <span class='ocrx_word' id='word_1_141' title='bbox 2643 1179 2916 1232; x_wconf 86' lang='lat' dir='ltr'><strong>superque</strong></span> <span class='ocrx_word' id='word_1_142' title='bbox 2941 1165 3034 1229; x_wconf 82' lang='lat' dir='ltr'><strong>sit,</strong></span> <span class='ocrx_word' id='word_1_143' title='bbox 3057 1181 3245 1219; x_wconf 91' lang='lat' dir='ltr'><strong>verum</strong></span> <span class='ocrx_word' id='word_1_144' title='bbox 3273 1164 3407 1220; x_wconf 90' lang='lat' dir='ltr'><strong>illud</strong></span> 
     </span>
    </p>
   </div>
   <div class='ocr_carea' id='block_1_21' title="bbox 125 1247 1644 1328">
    <p class='ocr_par' dir='ltr' id='par_1_21' title="bbox 125 1247 1644 1328">
     <span class='ocr_line' id='line_1_21' title="bbox 125 1247 1644 1328; baseline 0.005 -28"><span class='ocrx_word' id='word_1_145' title='bbox 125 1247 295 1314; x_wconf 64' lang='lat' dir='ltr'><strong>Empta</strong></span> <span class='ocrx_word' id='word_1_146' title='bbox 327 1250 420 1302; x_wconf 79' lang='grc' dir='ltr'><strong>καὶ</strong></span> <span class='ocrx_word' id='word_1_147' title='bbox 451 1251 741 1323; x_wconf 77' lang='grc' dir='ltr'>μονογενὴς</span> <span class='ocrx_word' id='word_1_148' title='bbox 769 1255 863 1307; x_wconf 80' lang='grc' dir='ltr'><strong>καὶ</strong></span> <span class='ocrx_word' id='word_1_149' title='bbox 892 1255 1234 1327; x_wconf 83' lang='grc' dir='ltr'>πρωτόγονος</span> <span class='ocrx_word' id='word_1_150' title='bbox 1262 1255 1356 1308; x_wconf 90' lang='grc' dir='ltr'><strong>τοῦ</strong></span> <span class='ocrx_word' id='word_1_151' title='bbox 1391 1254 1527 1308; x_wconf 90' lang='grc' dir='ltr'>Θεοῦ</span> <span class='ocrx_word' id='word_1_152' title='bbox 1587 1273 1644 1328; x_wconf 65' lang='grc' dir='ltr'><strong>πε</strong></span> 
     </span>
    </p>
   </div>
   <div class='ocr_carea' id='block_1_22' title="bbox 1886 1247 3405 1328">
    <p class='ocr_par' dir='ltr' id='par_1_22' title="bbox 1886 1256 3405 1326">
     <span class='ocr_line' id='line_1_22' title="bbox 1886 1256 3405 1326; baseline 0.004 -20"><span class='ocrx_word' id='word_1_153' title='bbox 1886 1273 1892 1306; x_wconf 72' lang='grc' dir='ltr'><strong>ι</strong></span> <span class='ocrx_word' id='word_1_154' title='bbox 1931 1257 2079 1325; x_wconf 92' lang='lat' dir='ltr'><strong>pium</strong></span> <span class='ocrx_word' id='word_1_155' title='bbox 2101 1271 2294 1310; x_wconf 87' lang='lat' dir='ltr'><strong>rursus</strong></span> <span class='ocrx_word' id='word_1_156' title='bbox 2324 1256 2552 1309; x_wconf 78' lang='lat' dir='ltr'><strong>verbum</strong></span> <span class='ocrx_word' id='word_1_157' title='bbox 2584 1265 2854 1324; x_wconf 83' lang='lat' dir='ltr'><strong>repetere,</strong></span> <span class='ocrx_word' id='word_1_158' title='bbox 2889 1272 3000 1326; x_wconf 90' lang='lat' dir='ltr'><strong>quo</strong></span> <span class='ocrx_word' id='word_1_159' title='bbox 3022 1259 3186 1311; x_wconf 89' lang='lat' dir='ltr'><strong>etiam</strong></span> <span class='ocrx_word' id='word_1_160' title='bbox 3213 1274 3405 1314; x_wconf 91' lang='lat' dir='ltr'><strong>eorum</strong></span> 
     </span>
    </p>
   </div>
   <div class='ocr_carea' id='block_1_23' title="bbox 127 1339 1646 1419">
    <p class='ocr_par' dir='ltr' id='par_1_23' title="bbox 127 1339 1646 1419">
     <span class='ocr_line' id='line_1_23' title="bbox 127 1339 1646 1419; baseline 0.005 -27"><span class='ocrx_word' id='word_1_161' title='bbox 127 1339 339 1408; x_wconf 76' lang='grc' dir='ltr'>ῦπέστη</span> <span class='ocrx_word' id='word_1_162' title='bbox 369 1341 564 1408; x_wconf 79' lang='grc' dir='ltr'>Λόγος,</span> <span class='ocrx_word' id='word_1_163' title='bbox 585 1343 765 1398; x_wconf 79' lang='grc' dir='ltr'>ὅντινα</span> <span class='ocrx_word' id='word_1_164' title='bbox 781 1345 1012 1416; x_wconf 86' lang='grc' dir='ltr'>Χριστὸν</span> <span class='ocrx_word' id='word_1_165' title='bbox 1029 1349 1188 1418; x_wconf 76' lang='grc' dir='ltr'>ἡμεῖς</span> <span class='ocrx_word' id='word_1_166' title='bbox 1217 1347 1646 1419; x_wconf 79' lang='grc' dir='ltr'>προσαγορεύομε</span> 
     </span>
    </p>
   </div>
   <div class='ocr_carea' id='block_1_24' title="bbox 1887 1339 3406 1419">
    <p class='ocr_par' dir='ltr' id='par_1_24' title="bbox 1887 1347 3406 1418">
     <span class='ocr_line' id='line_1_24' title="bbox 1887 1347 3406 1418; baseline 0.003 -18"><span class='ocrx_word' id='word_1_167' title='bbox 1887 1348 2110 1417; x_wconf 77' lang='lat' dir='ltr'><strong>:quibus</strong></span> <span class='ocrx_word' id='word_1_168' title='bbox 2133 1349 2420 1418; x_wconf 62' lang='lat' dir='ltr'><strong>quaesitum</strong></span> <span class='ocrx_word' id='word_1_169' title='bbox 2450 1347 2632 1411; x_wconf 79' lang='lat' dir='ltr'><strong>fuerit,</strong></span> <span class='ocrx_word' id='word_1_170' title='bbox 2651 1348 2997 1404; x_wconf 85' lang='lat' dir='ltr'><strong>diﬂicultates</strong></span> <span class='ocrx_word' id='word_1_171' title='bbox 3013 1349 3406 1418; x_wconf 86' lang='lat' dir='ltr'><strong>dissolvemus,</strong></span> 
     </span>
    </p>
   </div>
   <div class='ocr_carea' id='block_1_25' title="bbox 123 1432 1642 1510">
    <p class='ocr_par' dir='ltr' id='par_1_25' title="bbox 123 1432 1642 1510">
     <span class='ocr_line' id='line_1_25' title="bbox 123 1432 1642 1510; baseline 0.005 -26"><span class='ocrx_word' id='word_1_172' title='bbox 123 1432 433 1503; x_wconf 75' lang='grc' dir='ltr'><strong>διδασκάλῳ</strong></span> <span class='ocrx_word' id='word_1_173' title='bbox 485 1435 912 1508; x_wconf 79' lang='grc' dir='ltr'>μαθητευόμενοι</span> <span class='ocrx_word' id='word_1_174' title='bbox 967 1439 1046 1510; x_wconf 82' lang='grc' dir='ltr'><strong>τῷ</strong></span> <span class='ocrx_word' id='word_1_175' title='bbox 1105 1440 1414 1510; x_wconf 82' lang='grc' dir='ltr'>Ἀποστόλῳ</span> <span class='ocrx_word' id='word_1_176' title='bbox 1466 1440 1642 1509; x_wconf 70' lang='grc' dir='ltr'>λέγονπ</span> 
     </span>
    </p>
   </div>
   <div class='ocr_carea' id='block_1_26' title="bbox 1890 1432 3409 1510">
    <p class='ocr_par' dir='ltr' id='par_1_26' title="bbox 1890 1439 3409 1510">
     <span class='ocr_line' id='line_1_26' title="bbox 1890 1439 3409 1510; baseline 0 -16"><span class='ocrx_word' id='word_1_177' title='bbox 1890 1455 2006 1494; x_wconf 92' lang='lat' dir='ltr'><strong>sum</strong></span> <span class='ocrx_word' id='word_1_178' title='bbox 2035 1442 2256 1508; x_wconf 90' lang='lat' dir='ltr'><strong>inquam</strong></span> <span class='ocrx_word' id='word_1_179' title='bbox 2296 1439 2452 1502; x_wconf 87' lang='lat' dir='ltr'><strong>illud,</strong></span> <span class='ocrx_word' id='word_1_180' title='bbox 2479 1439 2625 1509; x_wconf 86' lang='lat' dir='ltr'><strong>quod</strong></span> <span class='ocrx_word' id='word_1_181' title='bbox 2669 1447 2830 1494; x_wconf 84' lang='lat' dir='ltr'><strong>antea</strong></span> <span class='ocrx_word' id='word_1_182' title='bbox 2873 1443 3071 1510; x_wconf 60' lang='lat' dir='ltr'><strong>saepius</strong></span> <span class='ocrx_word' id='word_1_183' title='bbox 3113 1441 3261 1497; x_wconf 84' lang='lat' dir='ltr'><strong>eﬂ&#39;ati</strong></span> <span class='ocrx_word' id='word_1_184' title='bbox 3313 1459 3409 1497; x_wconf 89' lang='lat' dir='ltr'><strong>su-</strong></span> 
     </span>
    </p>
   </div>
   <div class='ocr_carea' id='block_1_27' title="bbox 131 1523 1650 1605">
    <p class='ocr_par' dir='ltr' id='par_1_27' title="bbox 131 1523 1650 1605">
     <span class='ocr_line' id='line_1_27' title="bbox 131 1523 1650 1605; baseline 0.005 -28"><span class='ocrx_word' id='word_1_185' title='bbox 131 1545 150 1576; x_wconf 75' lang='lat' dir='ltr'><strong>r</strong></span> <span class='ocrx_word' id='word_1_186' title='bbox 176 1524 418 1597; x_wconf 74' lang='grc' dir='ltr'>Χριστὸς</span> <span class='ocrx_word' id='word_1_187' title='bbox 449 1523 586 1581; x_wconf 89' lang='grc' dir='ltr'>Θεοῦ</span> <span class='ocrx_word' id='word_1_188' title='bbox 609 1528 854 1599; x_wconf 75' lang='grc' dir='ltr'>δύναμις,</span> <span class='ocrx_word' id='word_1_189' title='bbox 873 1531 969 1586; x_wconf 82' lang='grc' dir='ltr'>καὶ</span> <span class='ocrx_word' id='word_1_190' title='bbox 993 1531 1128 1584; x_wconf 77' lang='grc' dir='ltr'>Θεοῦ</span> <span class='ocrx_word' id='word_1_191' title='bbox 1163 1533 1348 1602; x_wconf 69' lang='grc' dir='ltr'>σοφία.</span> <span class='ocrx_word' id='word_1_192' title='bbox 1390 1552 1408 1585; x_wconf 78' lang='grc' dir='ltr'><strong>ι</strong></span> <span class='ocrx_word' id='word_1_193' title='bbox 1440 1533 1650 1605; x_wconf 77' lang='grc' dir='ltr'>Κέκλητ</span> 
     </span>
    </p>
   </div>
   <div class='ocr_carea' id='block_1_28' title="bbox 1892 1523 3411 1605">
    <p class='ocr_par' dir='ltr' id='par_1_28' title="bbox 1892 1529 3411 1602">
     <span class='ocr_line' id='line_1_28' title="bbox 1892 1529 3411 1602; baseline 0.003 -18"><span class='ocrx_word' id='word_1_194' title='bbox 1892 1547 1950 1586; x_wconf 87' lang='lat' dir='ltr'><strong>us</strong></span> <span class='ocrx_word' id='word_1_195' title='bbox 1984 1549 1997 1585; x_wconf 94' lang='lat'>:</span> <span class='ocrx_word' id='word_1_196' title='bbox 2037 1549 2055 1581; x_wconf 85' lang='grc'><strong><em>‹</em></strong></span> <span class='ocrx_word' id='word_1_197' title='bbox 2102 1529 2522 1585; x_wconf 85' lang='lat' dir='ltr'><strong>Generationem</strong></span> <span class='ocrx_word' id='word_1_198' title='bbox 2553 1531 2674 1602; x_wconf 87' lang='lat' dir='ltr'><strong>ejus</strong></span> <span class='ocrx_word' id='word_1_199' title='bbox 2721 1533 2848 1602; x_wconf 91' lang='lat' dir='ltr'><strong>quis</strong></span> <span class='ocrx_word' id='word_1_200' title='bbox 2892 1534 3215 1588; x_wconf 87' lang='lat' dir='ltr'><strong>euarrabit?</strong></span> <span class='ocrx_word' id='word_1_201' title='bbox 3255 1555 3274 1588; x_wconf 71' lang='grc' dir='ltr'><strong>ι</strong></span> <span class='ocrx_word' id='word_1_202' title='bbox 3328 1535 3411 1594; x_wconf 79' lang='lat' dir='ltr'><strong>Ro</strong></span> 
     </span>
    </p>
   </div>
   <div class='ocr_carea' id='block_1_29' title="bbox 121 1617 1640 1696">
    <p class='ocr_par' dir='ltr' id='par_1_29' title="bbox 121 1617 1640 1696">
     <span class='ocr_line' id='line_1_29' title="bbox 121 1617 1640 1696; baseline 0.004 -26"><span class='ocrx_word' id='word_1_203' title='bbox 121 1618 179 1670; x_wconf 82' lang='grc' dir='ltr'>δὲ</span> <span class='ocrx_word' id='word_1_204' title='bbox 237 1617 480 1672; x_wconf 80' lang='grc' dir='ltr'>ἐνταῦθα</span> <span class='ocrx_word' id='word_1_205' title='bbox 527 1619 603 1690; x_wconf 83' lang='grc' dir='ltr'>τῷ</span> <span class='ocrx_word' id='word_1_206' title='bbox 642 1621 742 1690; x_wconf 78' lang='grc' dir='ltr'>τῆς</span> <span class='ocrx_word' id='word_1_207' title='bbox 785 1622 984 1691; x_wconf 70' lang='grc' dir='ltr'>Σοφίας</span> <span class='ocrx_word' id='word_1_208' title='bbox 1029 1624 1258 1688; x_wconf 81' lang='grc' dir='ltr'>εἰκότως</span> <span class='ocrx_word' id='word_1_209' title='bbox 1319 1626 1640 1696; x_wconf 67' lang='grc' dir='ltr'>προσρήμαπ</span> 
     </span>
    </p>
   </div>
   <div class='ocr_carea' id='block_1_30' title="bbox 1891 1617 3410 1696">
    <p class='ocr_par' dir='ltr' id='par_1_30' title="bbox 1893 1623 3410 1690">
     <span class='ocr_line' id='line_1_30' title="bbox 1893 1623 3410 1690; baseline 0.007 -15"><span class='ocrx_word' id='word_1_210' title='bbox 1893 1639 1953 1676; x_wconf 88' lang='lat' dir='ltr'><strong>ra</strong></span> <span class='ocrx_word' id='word_1_211' title='bbox 1985 1623 2130 1677; x_wconf 90' lang='lat' dir='ltr'><strong>enim</strong></span> <span class='ocrx_word' id='word_1_212' title='bbox 2185 1639 2292 1677; x_wconf 89' lang='lat' dir='ltr'><strong>non</strong></span> <span class='ocrx_word' id='word_1_213' title='bbox 2349 1623 2527 1677; x_wconf 82' lang='lat' dir='ltr'><strong>solum</strong></span> <span class='ocrx_word' id='word_1_214' title='bbox 2557 1638 2587 1676; x_wconf 90' lang='lat' dir='ltr'><strong>a</strong></span> <span class='ocrx_word' id='word_1_215' title='bbox 2628 1624 2794 1680; x_wconf 92' lang='lat' dir='ltr'><strong>nullis</strong></span> <span class='ocrx_word' id='word_1_216' title='bbox 2840 1625 3183 1690; x_wconf 89' lang='lat' dir='ltr'><strong>hominibus,</strong></span> <span class='ocrx_word' id='word_1_217' title='bbox 3211 1626 3306 1682; x_wconf 91' lang='lat' dir='ltr'><strong>sed</strong></span> <span class='ocrx_word' id='word_1_218' title='bbox 3339 1641 3410 1685; x_wconf 84' lang='lat' dir='ltr'><strong>nc</strong></span> 
     </span>
    </p>
   </div>
   <div class='ocr_carea' id='block_1_31' title="bbox 123 1707 1642 1787">
    <p class='ocr_par' dir='ltr' id='par_1_31' title="bbox 123 1707 1642 1786">
     <span class='ocr_line' id='line_1_31' title="bbox 123 1707 1642 1786; baseline 0.004 -25"><span class='ocrx_word' id='word_1_219' title='bbox 123 1710 197 1773; x_wconf 83' lang='grc' dir='ltr'>ὡς</span> <span class='ocrx_word' id='word_1_220' title='bbox 226 1709 330 1762; x_wconf 89' lang='grc' dir='ltr'><strong>τοῦ</strong></span> <span class='ocrx_word' id='word_1_221' title='bbox 373 1707 537 1780; x_wconf 84' lang='grc' dir='ltr'>μόνου</span> <span class='ocrx_word' id='word_1_222' title='bbox 572 1713 737 1782; x_wconf 80' lang='grc' dir='ltr'>σοφοῦ</span> <span class='ocrx_word' id='word_1_223' title='bbox 769 1714 981 1786; x_wconf 86' lang='grc' dir='ltr'>Πατρὸς</span> <span class='ocrx_word' id='word_1_224' title='bbox 1011 1715 1108 1780; x_wconf 83' lang='grc' dir='ltr'><strong>τὰς</strong></span> <span class='ocrx_word' id='word_1_225' title='bbox 1143 1715 1452 1784; x_wconf 82' lang='grc' dir='ltr'>πανσόφους</span> <span class='ocrx_word' id='word_1_226' title='bbox 1479 1715 1572 1768; x_wconf 72' lang='grc' dir='ltr'>καὶ</span> <span class='ocrx_word' id='word_1_227' title='bbox 1600 1717 1642 1768; x_wconf 73' lang='grc' dir='ltr'>ὲτ</span> 
     </span>
    </p>
   </div>
   <div class='ocr_carea' id='block_1_32' title="bbox 1886 1707 3405 1787">
    <p class='ocr_par' dir='ltr' id='par_1_32' title="bbox 1886 1715 3405 1787">
     <span class='ocr_line' id='line_1_32' title="bbox 1886 1715 3405 1787; baseline 0.004 -19"><span class='ocrx_word' id='word_1_228' title='bbox 1886 1716 2054 1770; x_wconf 56' lang='lat' dir='ltr'><strong>pullis</strong></span> <span class='ocrx_word' id='word_1_229' title='bbox 2109 1715 2327 1785; x_wconf 91' lang='lat' dir='ltr'><strong>quidem</strong></span> <span class='ocrx_word' id='word_1_230' title='bbox 2379 1717 2768 1784; x_wconf 90' lang='lat' dir='ltr'><strong>potestatibus,</strong></span> <span class='ocrx_word' id='word_1_231' title='bbox 2813 1732 2935 1787; x_wconf 68' lang='lat' dir='ltr'><strong>qua:</strong></span> <span class='ocrx_word' id='word_1_232' title='bbox 2991 1719 3131 1772; x_wconf 91' lang='lat' dir='ltr'><strong>ultra</strong></span> <span class='ocrx_word' id='word_1_233' title='bbox 3185 1733 3405 1774; x_wconf 85' lang='lat' dir='ltr'><strong>omnem</strong></span> 
     </span>
    </p>
   </div>
   <div class='ocr_carea' id='block_1_33' title="bbox 126 1802 1645 1878">
    <p class='ocr_par' dir='ltr' id='par_1_33' title="bbox 126 1802 1644 1878">
     <span class='ocr_line' id='line_1_33' title="bbox 126 1802 1644 1878; baseline 0.005 -25"><span class='ocrx_word' id='word_1_234' title='bbox 126 1802 464 1871; x_wconf 75' lang='grc' dir='ltr'>στημονικὰς</span> <span class='ocrx_word' id='word_1_235' title='bbox 489 1802 596 1856; x_wconf 82' lang='grc' dir='ltr'><strong>τῶν</strong></span> <span class='ocrx_word' id='word_1_236' title='bbox 616 1803 752 1858; x_wconf 81' lang='grc' dir='ltr'>ὅλων</span> <span class='ocrx_word' id='word_1_237' title='bbox 783 1806 1017 1878; x_wconf 85' lang='grc' dir='ltr'>θεωρίας</span> <span class='ocrx_word' id='word_1_238' title='bbox 1047 1818 1174 1862; x_wconf 85' lang='grc' dir='ltr'>τε...</span> <span class='ocrx_word' id='word_1_239' title='bbox 1199 1809 1405 1862; x_wconf 83' lang='grc' dir='ltr'>Λείπει</span> <span class='ocrx_word' id='word_1_240' title='bbox 1429 1807 1644 1862; x_wconf 73' lang='grc' dir='ltr'><strong>τᾶλλα.</strong></span> 
     </span>
    </p>
   </div>
   <div class='ocr_carea' id='block_1_34' title="bbox 1892 1802 3411 1878">
    <p class='ocr_par' dir='ltr' id='par_1_34' title="bbox 1892 1805 3411 1878">
     <span class='ocr_line' id='line_1_34' title="bbox 1892 1805 3411 1878; baseline 0.004 -20"><span class='ocrx_word' id='word_1_241' title='bbox 1892 1814 2073 1860; x_wconf 88' lang='lat' dir='ltr'><strong>turam</strong></span> <span class='ocrx_word' id='word_1_242' title='bbox 2103 1807 2400 1869; x_wconf 85' lang='lat' dir='ltr'><strong>evaserint,</strong></span> <span class='ocrx_word' id='word_1_243' title='bbox 2434 1807 2586 1860; x_wconf 91' lang='lat' dir='ltr'><strong>unici</strong></span> <span class='ocrx_word' id='word_1_244' title='bbox 2625 1805 2719 1861; x_wconf 89' lang='lat' dir='ltr'><strong>Dei</strong></span> <span class='ocrx_word' id='word_1_245' title='bbox 2748 1806 2875 1860; x_wconf 85' lang='lat' dir='ltr'><strong>Filii</strong></span> <span class='ocrx_word' id='word_1_246' title='bbox 2916 1809 3196 1878; x_wconf 86' lang='lat' dir='ltr'><strong>generatio</strong></span> <span class='ocrx_word' id='word_1_247' title='bbox 3229 1816 3411 1878; x_wconf 81' lang='lat' dir='ltr'><strong>potest</strong></span> 
     </span>
    </p>
   </div>
   <div class='ocr_carea' id='block_1_35' title="bbox 123 1897 3408 1973">
    <p class='ocr_par' dir='ltr' id='par_1_35' title="bbox 123 1897 3408 1973">
     <span class='ocr_line' id='line_1_35' title="bbox 123 1897 3408 1973; baseline 0.003 -25"><span class='ocrx_word' id='word_1_248' title='bbox 123 1897 543 1966; x_wconf 87' lang='lat' dir='ltr'><strong>comprehendi,</strong></span> <span class='ocrx_word' id='word_1_249' title='bbox 572 1913 704 1954; x_wconf 89' lang='lat' dir='ltr'><strong>sane</strong></span> <span class='ocrx_word' id='word_1_250' title='bbox 746 1916 859 1955; x_wconf 87' lang='lat' dir='ltr'><strong>non</strong></span> <span class='ocrx_word' id='word_1_251' title='bbox 889 1903 1052 1958; x_wconf 82' lang='lat' dir='ltr'><strong>aliter</strong></span> <span class='ocrx_word' id='word_1_252' title='bbox 1087 1917 1251 1973; x_wconf 89' lang='lat' dir='ltr'><strong>quam</strong></span> <span class='ocrx_word' id='word_1_253' title='bbox 1292 1903 1411 1973; x_wconf 91' lang='lat' dir='ltr'><strong>ipse</strong></span> <span class='ocrx_word' id='word_1_254' title='bbox 1453 1903 1703 1958; x_wconf 82' lang='lat' dir='ltr'><strong>Salvator</strong></span> <span class='ocrx_word' id='word_1_255' title='bbox 1732 1918 1796 1958; x_wconf 92' lang='lat' dir='ltr'><strong>ac</strong></span> <span class='ocrx_word' id='word_1_256' title='bbox 1823 1901 2093 1956; x_wconf 88' lang='lat' dir='ltr'><strong>Dominus</strong></span> <span class='ocrx_word' id='word_1_257' title='bbox 2151 1910 2361 1966; x_wconf 89' lang='lat' dir='ltr'><strong>noster,</strong></span> <span class='ocrx_word' id='word_1_258' title='bbox 2415 1901 2569 1956; x_wconf 87' lang='lat' dir='ltr'><strong>hisce</strong></span> <span class='ocrx_word' id='word_1_259' title='bbox 2629 1903 2764 1973; x_wconf 90' lang='lat' dir='ltr'><strong>ipsis</strong></span> <span class='ocrx_word' id='word_1_260' title='bbox 2815 1904 2980 1958; x_wconf 82' lang='lat' dir='ltr'><strong>rebus</strong></span> <span class='ocrx_word' id='word_1_261' title='bbox 3012 1921 3144 1960; x_wconf 91' lang='lat' dir='ltr'><strong>suos</strong></span> <span class='ocrx_word' id='word_1_262' title='bbox 3179 1905 3408 1960; x_wconf 89' lang='lat' dir='ltr'><strong>initians</strong></span> 
     </span>
    </p>
   </div>
   <div class='ocr_carea' id='block_1_36' title="bbox 121 1991 3410 2068">
    <p class='ocr_par' dir='ltr' id='par_1_36' title="bbox 121 1991 3410 2068">
     <span class='ocr_line' id='line_1_36' title="bbox 121 1991 3410 2068; baseline 0.002 -22"><span class='ocrx_word' id='word_1_263' title='bbox 121 1991 430 2061; x_wconf 82' lang='lat' dir='ltr'><strong>discipulos</strong></span> <span class='ocrx_word' id='word_1_264' title='bbox 498 2013 510 2048; x_wconf 92' lang='lat'><strong>:</strong></span> <span class='ocrx_word' id='word_1_265' title='bbox 569 2010 590 2044; x_wconf 70' lang='grc' dir='ltr'><strong>ι</strong></span> <span class='ocrx_word' id='word_1_266' title='bbox 641 1993 834 2060; x_wconf 84' lang='lat' dir='ltr'><strong>Nemo,</strong></span> <span class='ocrx_word' id='word_1_267' title='bbox 893 1998 1096 2068; x_wconf 82' lang='lat' dir='ltr'><strong>inquit,</strong></span> <span class='ocrx_word' id='word_1_268' title='bbox 1175 1998 1328 2054; x_wconf 89' lang='lat' dir='ltr'><strong>novit</strong></span> <span class='ocrx_word' id='word_1_269' title='bbox 1389 1997 1604 2054; x_wconf 89' lang='lat' dir='ltr'><strong>Patrem</strong></span> <span class='ocrx_word' id='word_1_270' title='bbox 1654 1998 1760 2053; x_wconf 89' lang='lat' dir='ltr'><strong>nisi</strong></span> <span class='ocrx_word' id='word_1_271' title='bbox 1817 1995 1992 2052; x_wconf 89' lang='lat' dir='ltr'><strong>Filius</strong></span> <span class='ocrx_word' id='word_1_272' title='bbox 2039 1998 2106 2063; x_wconf 84' lang='grc'><strong>⁸;</strong></span> <span class='ocrx_word' id='word_1_273' title='bbox 2162 2015 2181 2048; x_wconf 75' lang='grc' dir='ltr'><strong>ι</strong></span> <span class='ocrx_word' id='word_1_274' title='bbox 2235 2007 2288 2050; x_wconf 92' lang='lat' dir='ltr'><strong>et</strong></span> <span class='ocrx_word' id='word_1_275' title='bbox 2374 1995 2622 2066; x_wconf 89' lang='lat' dir='ltr'><strong>adjungit</strong></span> <span class='ocrx_word' id='word_1_276' title='bbox 2675 1998 2926 2066; x_wconf 89' lang='lat' dir='ltr'><strong>protinus</strong></span> <span class='ocrx_word' id='word_1_277' title='bbox 2972 2015 2987 2051; x_wconf 86' lang='lat'><strong>:</strong></span> <span class='ocrx_word' id='word_1_278' title='bbox 3040 2017 3059 2050; x_wconf 85' lang='grc'><strong><em>‹</em></strong></span> <span class='ocrx_word' id='word_1_279' title='bbox 3119 1997 3186 2051; x_wconf 88' lang='lat' dir='ltr'><strong>Et</strong></span> <span class='ocrx_word' id='word_1_280' title='bbox 3247 2012 3410 2054; x_wconf 84' lang='lat' dir='ltr'><strong>nemo</strong></span> 
     </span>
    </p>
   </div>
   <div class='ocr_carea' id='block_1_37' title="bbox 118 2085 3413 2164">
    <p class='ocr_par' dir='ltr' id='par_1_37' title="bbox 118 2085 3413 2164">
     <span class='ocr_line' id='line_1_37' title="bbox 118 2085 3413 2164; baseline 0.003 -26"><span class='ocrx_word' id='word_1_281' title='bbox 118 2085 274 2145; x_wconf 83' lang='lat' dir='ltr'><strong>novit</strong></span> <span class='ocrx_word' id='word_1_282' title='bbox 305 2085 530 2155; x_wconf 87' lang='lat' dir='ltr'><strong>Filium,</strong></span> <span class='ocrx_word' id='word_1_283' title='bbox 555 2089 660 2146; x_wconf 90' lang='lat' dir='ltr'><strong>nisi</strong></span> <span class='ocrx_word' id='word_1_284' title='bbox 696 2089 860 2147; x_wconf 87' lang='lat' dir='ltr'><strong>Pater</strong></span> <span class='ocrx_word' id='word_1_285' title='bbox 887 2093 928 2148; x_wconf 78' lang='lat'><strong>‘.</strong></span> <span class='ocrx_word' id='word_1_286' title='bbox 960 2112 980 2145; x_wconf 74' lang='grc' dir='ltr'><strong>ι</strong></span> <span class='ocrx_word' id='word_1_287' title='bbox 1008 2093 1146 2148; x_wconf 89' lang='lat' dir='ltr'><strong>Cum</strong></span> <span class='ocrx_word' id='word_1_288' title='bbox 1170 2109 1303 2164; x_wconf 88' lang='lat' dir='ltr'><strong>ergo</strong></span> <span class='ocrx_word' id='word_1_289' title='bbox 1329 2093 1602 2164; x_wconf 66' lang='lat' dir='ltr'><strong>theologia</strong></span> <span class='ocrx_word' id='word_1_290' title='bbox 1632 2094 1700 2148; x_wconf 90' lang='lat' dir='ltr'><strong>de</strong></span> <span class='ocrx_word' id='word_1_291' title='bbox 1730 2093 1889 2147; x_wconf 90' lang='lat' dir='ltr'><strong>Patre</strong></span> <span class='ocrx_word' id='word_1_292' title='bbox 1940 2099 1994 2147; x_wconf 92' lang='lat' dir='ltr'><strong>et</strong></span> <span class='ocrx_word' id='word_1_293' title='bbox 2035 2091 2176 2146; x_wconf 90' lang='lat' dir='ltr'><strong>Filio</strong></span> <span class='ocrx_word' id='word_1_294' title='bbox 2204 2104 2357 2162; x_wconf 77' lang='lat' dir='ltr'><strong>aeque</strong></span> <span class='ocrx_word' id='word_1_295' title='bbox 2393 2092 2650 2147; x_wconf 83' lang='lat' dir='ltr'><strong>omnibus</strong></span> <span class='ocrx_word' id='word_1_296' title='bbox 2670 2129 2685 2160; x_wconf 87' lang='lat'><strong>,</strong></span> <span class='ocrx_word' id='word_1_297' title='bbox 2730 2103 2927 2162; x_wconf 67' lang='lat' dir='ltr'><strong>praeter</strong></span> <span class='ocrx_word' id='word_1_298' title='bbox 2959 2108 3100 2149; x_wconf 91' lang='lat' dir='ltr'><strong>unos</strong></span> <span class='ocrx_word' id='word_1_299' title='bbox 3131 2094 3302 2163; x_wconf 87' lang='lat' dir='ltr'><strong>ipsos,</strong></span> <span class='ocrx_word' id='word_1_300' title='bbox 3324 2093 3413 2148; x_wconf 56' lang='lat' dir='ltr'><strong>ir..-</strong></span> 
     </span>
    </p>
   </div>
   <div class='ocr_carea' id='block_1_38' title="bbox 119 2183 3411 2258">
    <p class='ocr_par' dir='ltr' id='par_1_38' title="bbox 119 2183 3411 2258">
     <span class='ocr_line' id='line_1_38' title="bbox 119 2183 3411 2258; baseline 0.003 -24"><span class='ocrx_word' id='word_1_301' title='bbox 119 2183 345 2252; x_wconf 82' lang='lat' dir='ltr'><strong>cognita</strong></span> <span class='ocrx_word' id='word_1_302' title='bbox 377 2184 470 2245; x_wconf 85' lang='lat' dir='ltr'><strong>sit,</strong></span> <span class='ocrx_word' id='word_1_303' title='bbox 490 2187 648 2254; x_wconf 82' lang='lat' dir='ltr'><strong>quasi</strong></span> <span class='ocrx_word' id='word_1_304' title='bbox 682 2187 736 2241; x_wconf 91' lang='lat' dir='ltr'><strong>in</strong></span> <span class='ocrx_word' id='word_1_305' title='bbox 755 2189 1050 2243; x_wconf 88' lang='lat' dir='ltr'><strong>arcanisin</strong></span> <span class='ocrx_word' id='word_1_306' title='bbox 1077 2189 1186 2246; x_wconf 91' lang='lat' dir='ltr'><strong>illis</strong></span> <span class='ocrx_word' id='word_1_307' title='bbox 1215 2189 1528 2245; x_wconf 85' lang='lat' dir='ltr'><strong>Salomonis</strong></span> <span class='ocrx_word' id='word_1_308' title='bbox 1550 2189 1732 2244; x_wconf 89' lang='lat' dir='ltr'><strong>verbis</strong></span> <span class='ocrx_word' id='word_1_309' title='bbox 1761 2203 1883 2258; x_wconf 65' lang='lat' dir='ltr'><strong>quae</strong></span> <span class='ocrx_word' id='word_1_310' title='bbox 1921 2187 2175 2258; x_wconf 89' lang='lat' dir='ltr'><strong>superius</strong></span> <span class='ocrx_word' id='word_1_311' title='bbox 2204 2188 2585 2258; x_wconf 89' lang='lat' dir='ltr'><strong>apposuimus,</strong></span> <span class='ocrx_word' id='word_1_312' title='bbox 2617 2186 2950 2258; x_wconf 85' lang='lat' dir='ltr'><strong>Sapientiam</strong></span> <span class='ocrx_word' id='word_1_313' title='bbox 2973 2189 3164 2244; x_wconf 90' lang='lat' dir='ltr'><strong>audire</strong></span> <span class='ocrx_word' id='word_1_314' title='bbox 3192 2195 3411 2258; x_wconf 87' lang='lat' dir='ltr'><strong>oportet</strong></span> 
     </span>
    </p>
   </div>
   <div class='ocr_carea' id='block_1_39' title="bbox 119 2274 3402 2354">
    <p class='ocr_par' dir='ltr' id='par_1_39' title="bbox 119 2274 3402 2354">
     <span class='ocr_line' id='line_1_39' title="bbox 119 2274 3402 2354; baseline 0.003 -27"><span class='ocrx_word' id='word_1_315' title='bbox 119 2274 396 2331; x_wconf 89' lang='lat' dir='ltr'><strong>dicentem</strong></span> <span class='ocrx_word' id='word_1_316' title='bbox 414 2295 426 2332; x_wconf 90' lang='lat'><strong>:</strong></span> <span class='ocrx_word' id='word_1_317' title='bbox 441 2297 459 2329; x_wconf 73' lang='grc' dir='ltr'><strong>ι</strong></span> <span class='ocrx_word' id='word_1_318' title='bbox 472 2279 776 2352; x_wconf 83' lang='lat' dir='ltr'><strong>Antequam</strong></span> <span class='ocrx_word' id='word_1_319' title='bbox 789 2293 1004 2338; x_wconf 88' lang='lat' dir='ltr'><strong>montes</strong></span> <span class='ocrx_word' id='word_1_320' title='bbox 1023 2285 1141 2340; x_wconf 88' lang='lat' dir='ltr'><strong>suis</strong></span> <span class='ocrx_word' id='word_1_321' title='bbox 1159 2285 1384 2341; x_wconf 88' lang='lat' dir='ltr'><strong>sedibus</strong></span> <span class='ocrx_word' id='word_1_322' title='bbox 1400 2281 1752 2339; x_wconf 90' lang='lat' dir='ltr'><strong>ﬁrmarentur</strong></span> <span class='ocrx_word' id='word_1_323' title='bbox 1779 2295 1832 2339; x_wconf 88' lang='lat' dir='ltr'><strong>et</strong></span> <span class='ocrx_word' id='word_1_324' title='bbox 1846 2283 2236 2338; x_wconf 82' lang='lat' dir='ltr'><strong>informaretur</strong></span> <span class='ocrx_word' id='word_1_325' title='bbox 2252 2292 2478 2346; x_wconf 89' lang='lat' dir='ltr'><strong>terra,et</strong></span> <span class='ocrx_word' id='word_1_326' title='bbox 2505 2291 2632 2338; x_wconf 91' lang='lat' dir='ltr'><strong>ante</strong></span> <span class='ocrx_word' id='word_1_327' title='bbox 2650 2298 2840 2339; x_wconf 91' lang='lat' dir='ltr'><strong>omnes</strong></span> <span class='ocrx_word' id='word_1_328' title='bbox 2866 2285 3054 2349; x_wconf 90' lang='lat' dir='ltr'><strong>colles,</strong></span> <span class='ocrx_word' id='word_1_329' title='bbox 3072 2285 3244 2354; x_wconf 81' lang='lat' dir='ltr'><strong>gignit</strong></span> <span class='ocrx_word' id='word_1_330' title='bbox 3260 2298 3364 2339; x_wconf 89' lang='lat' dir='ltr'><strong>me.</strong></span> <span class='ocrx_word' id='word_1_331' title='bbox 3379 2302 3402 2338; x_wconf 68' lang='grc' dir='ltr'><strong>ι</strong></span> 
     </span>
    </p>
   </div>
   <div class='ocr_carea' id='block_1_40' title="bbox 119 2370 3408 2448">
    <p class='ocr_par' dir='ltr' id='par_1_40' title="bbox 119 2370 3408 2448">
     <span class='ocr_line' id='line_1_40' title="bbox 119 2370 3408 2448; baseline 0.002 -24"><span class='ocrx_word' id='word_1_332' title='bbox 119 2370 285 2441; x_wconf 77' lang='lat'><strong>217</strong></span> <span class='ocrx_word' id='word_1_333' title='bbox 328 2372 422 2426; x_wconf 82' lang='lat' dir='ltr'><strong>Ait</strong></span> <span class='ocrx_word' id='word_1_334' title='bbox 459 2385 742 2444; x_wconf 62' lang='lat' dir='ltr'><strong>praeterea,</strong></span> <span class='ocrx_word' id='word_1_335' title='bbox 798 2391 858 2434; x_wconf 89' lang='lat' dir='ltr'><strong>se</strong></span> <span class='ocrx_word' id='word_1_336' title='bbox 890 2392 1000 2433; x_wconf 88' lang='lat' dir='ltr'><strong>una</strong></span> <span class='ocrx_word' id='word_1_337' title='bbox 1041 2395 1166 2434; x_wconf 91' lang='lat' dir='ltr'><strong>cum</strong></span> <span class='ocrx_word' id='word_1_338' title='bbox 1201 2377 1362 2435; x_wconf 87' lang='lat' dir='ltr'><strong>Patre</strong></span> <span class='ocrx_word' id='word_1_339' title='bbox 1397 2379 1586 2447; x_wconf 82' lang='lat' dir='ltr'><strong>fuisse,</strong></span> <span class='ocrx_word' id='word_1_340' title='bbox 1638 2395 1762 2434; x_wconf 89' lang='lat' dir='ltr'><strong>cum</strong></span> <span class='ocrx_word' id='word_1_341' title='bbox 1801 2380 2000 2434; x_wconf 64' lang='lat' dir='ltr'><strong>caelum</strong></span> <span class='ocrx_word' id='word_1_342' title='bbox 2034 2380 2334 2434; x_wconf 84' lang='lat' dir='ltr'><strong>instrueret</strong></span> <span class='ocrx_word' id='word_1_343' title='bbox 2382 2398 2394 2433; x_wconf 90' lang='lat'>:</span> <span class='ocrx_word' id='word_1_344' title='bbox 2430 2401 2447 2428; x_wconf 73' lang='grc' dir='ltr'><strong>ι</strong></span> <span class='ocrx_word' id='word_1_345' title='bbox 2485 2379 2738 2445; x_wconf 87' lang='lat' dir='ltr'><strong>Quando,</strong></span> <span class='ocrx_word' id='word_1_346' title='bbox 2788 2379 2986 2448; x_wconf 88' lang='lat' dir='ltr'><strong>inquit,</strong></span> <span class='ocrx_word' id='word_1_347' title='bbox 3023 2378 3252 2448; x_wconf 82' lang='lat' dir='ltr'><strong>parabat</strong></span> <span class='ocrx_word' id='word_1_348' title='bbox 3291 2391 3408 2430; x_wconf 73' lang='lat' dir='ltr'><strong>ca:-</strong></span> 
     </span>
    </p>
   </div>
   <div class='ocr_carea' id='block_1_41' title="bbox 118 2462 3405 2539">
    <p class='ocr_par' dir='ltr' id='par_1_41' title="bbox 118 2462 3405 2539">
     <span class='ocr_line' id='line_1_41' title="bbox 118 2462 3405 2539; baseline 0.002 -24"><span class='ocrx_word' id='word_1_349' title='bbox 118 2462 260 2529; x_wconf 89' lang='lat' dir='ltr'><strong>lum,</strong></span> <span class='ocrx_word' id='word_1_350' title='bbox 307 2481 422 2520; x_wconf 89' lang='lat' dir='ltr'><strong>una</strong></span> <span class='ocrx_word' id='word_1_351' title='bbox 463 2483 587 2523; x_wconf 91' lang='lat' dir='ltr'><strong>cum</strong></span> <span class='ocrx_word' id='word_1_352' title='bbox 639 2486 706 2526; x_wconf 93' lang='lat' dir='ltr'><strong>eo</strong></span> <span class='ocrx_word' id='word_1_353' title='bbox 733 2472 974 2526; x_wconf 88' lang='lat' dir='ltr'><strong>aderam.</strong></span> <span class='ocrx_word' id='word_1_354' title='bbox 1011 2491 1030 2524; x_wconf 73' lang='grc' dir='ltr'><strong>ι</strong></span> <span class='ocrx_word' id='word_1_355' title='bbox 1068 2472 1273 2528; x_wconf 88' lang='lat' dir='ltr'><strong>Deinde</strong></span> <span class='ocrx_word' id='word_1_356' title='bbox 1302 2481 1562 2528; x_wconf 70' lang='lat' dir='ltr'><strong>aeternam</strong></span> <span class='ocrx_word' id='word_1_357' title='bbox 1599 2473 1668 2528; x_wconf 88' lang='lat' dir='ltr'><strong>ab</strong></span> <span class='ocrx_word' id='word_1_358' title='bbox 1706 2472 1938 2528; x_wconf 90' lang='lat' dir='ltr'><strong>inﬁnitis</strong></span> <span class='ocrx_word' id='word_1_359' title='bbox 1995 2472 2213 2527; x_wconf 64' lang='lat' dir='ltr'><strong>saeculis</strong></span> <span class='ocrx_word' id='word_1_360' title='bbox 2247 2487 2372 2526; x_wconf 92' lang='lat' dir='ltr'><strong>cum</strong></span> <span class='ocrx_word' id='word_1_361' title='bbox 2403 2470 2583 2526; x_wconf 76' lang='lat' dir='ltr'><strong>.Patre</strong></span> <span class='ocrx_word' id='word_1_362' title='bbox 2613 2471 2952 2525; x_wconf 89' lang='lat' dir='ltr'><strong>mansionem</strong></span> <span class='ocrx_word' id='word_1_363' title='bbox 2986 2469 3279 2539; x_wconf 86' lang='lat' dir='ltr'><strong>signiﬁcat,</strong></span> <span class='ocrx_word' id='word_1_364' title='bbox 3309 2467 3405 2521; x_wconf 91' lang='lat' dir='ltr'><strong>ubi</strong></span> 
     </span>
    </p>
   </div>
   <div class='ocr_carea' id='block_1_42' title="bbox 117 2557 3407 2640">
    <p class='ocr_par' dir='ltr' id='par_1_42' title="bbox 117 2557 3407 2640">
     <span class='ocr_line' id='line_1_42' title="bbox 117 2557 3407 2640; baseline 0.002 -28"><span class='ocrx_word' id='word_1_365' title='bbox 117 2557 418 2632; x_wconf 85' lang='lat' dir='ltr'><strong>adjungit:</strong></span> <span class='ocrx_word' id='word_1_366' title='bbox 459 2581 479 2614; x_wconf 73' lang='grc' dir='ltr'><strong>ι</strong></span> <span class='ocrx_word' id='word_1_367' title='bbox 529 2564 691 2620; x_wconf 85' lang='lat' dir='ltr'><strong>Eram</strong></span> <span class='ocrx_word' id='word_1_368' title='bbox 723 2582 845 2621; x_wconf 89' lang='lat' dir='ltr'><strong>cum</strong></span> <span class='ocrx_word' id='word_1_369' title='bbox 898 2566 994 2622; x_wconf 91' lang='lat' dir='ltr'><strong>illo</strong></span> <span class='ocrx_word' id='word_1_370' title='bbox 1037 2583 1396 2639; x_wconf 90' lang='lat' dir='ltr'><strong>componens,</strong></span> <span class='ocrx_word' id='word_1_371' title='bbox 1433 2584 1532 2640; x_wconf 88' lang='lat' dir='ltr'><strong>ego</strong></span> <span class='ocrx_word' id='word_1_372' title='bbox 1561 2581 1713 2624; x_wconf 89' lang='lat' dir='ltr'><strong>eram</strong></span> <span class='ocrx_word' id='word_1_373' title='bbox 1745 2568 1891 2640; x_wconf 90' lang='lat' dir='ltr'><strong>apud</strong></span> <span class='ocrx_word' id='word_1_374' title='bbox 1940 2583 2102 2638; x_wconf 88' lang='lat' dir='ltr'><strong>quam</strong></span> <span class='ocrx_word' id='word_1_375' title='bbox 2134 2568 2426 2638; x_wconf 89' lang='lat' dir='ltr'><strong>gaudebat,</strong></span> <span class='ocrx_word' id='word_1_376' title='bbox 2457 2567 2706 2639; x_wconf 91' lang='lat' dir='ltr'><strong>quotidie</strong></span> <span class='ocrx_word' id='word_1_377' title='bbox 2735 2582 2866 2622; x_wconf 83' lang='lat' dir='ltr'><strong>vero</strong></span> <span class='ocrx_word' id='word_1_378' title='bbox 2887 2567 3109 2622; x_wconf 63' lang='lat' dir='ltr'><strong>laetabar</strong></span> <span class='ocrx_word' id='word_1_379' title='bbox 3153 2565 3209 2620; x_wconf 89' lang='lat' dir='ltr'><strong>in</strong></span> <span class='ocrx_word' id='word_1_380' title='bbox 3253 2565 3407 2619; x_wconf 89' lang='lat' dir='ltr'><strong>vultu</strong></span> 
     </span>
    </p>
   </div>
   <div class='ocr_carea' id='block_1_43' title="bbox 116 2651 3408 2732">
    <p class='ocr_par' dir='ltr' id='par_1_43' title="bbox 116 2651 3408 2732">
     <span class='ocr_line' id='line_1_43' title="bbox 116 2651 3408 2732; baseline 0.003 -28"><span class='ocrx_word' id='word_1_381' title='bbox 116 2653 265 2720; x_wconf 79' lang='lat' dir='ltr'><strong>ejus.</strong></span> <span class='ocrx_word' id='word_1_382' title='bbox 299 2671 319 2704; x_wconf 75' lang='grc' dir='ltr'><strong>ι</strong></span> <span class='ocrx_word' id='word_1_383' title='bbox 365 2651 540 2709; x_wconf 91' lang='lat' dir='ltr'><strong>Porro</strong></span> <span class='ocrx_word' id='word_1_384' title='bbox 571 2664 752 2711; x_wconf 89' lang='lat' dir='ltr'><strong>autem</strong></span> <span class='ocrx_word' id='word_1_385' title='bbox 793 2659 1022 2730; x_wconf 84' lang='lat' dir='ltr'><strong>abyssos</strong></span> <span class='ocrx_word' id='word_1_386' title='bbox 1049 2669 1104 2716; x_wconf 87' lang='lat' dir='ltr'><strong>et</strong></span> <span class='ocrx_word' id='word_1_387' title='bbox 1133 2658 1310 2716; x_wconf 78' lang='lat' dir='ltr'><strong>fontes</strong></span> <span class='ocrx_word' id='word_1_388' title='bbox 1337 2675 1628 2730; x_wconf 90' lang='lat' dir='ltr'><strong>aquarum,</strong></span> <span class='ocrx_word' id='word_1_389' title='bbox 1681 2668 1735 2714; x_wconf 92' lang='lat' dir='ltr'><strong>et</strong></span> <span class='ocrx_word' id='word_1_390' title='bbox 1773 2668 1989 2715; x_wconf 91' lang='lat' dir='ltr'><strong>montes</strong></span> <span class='ocrx_word' id='word_1_391' title='bbox 2040 2668 2095 2715; x_wconf 90' lang='lat' dir='ltr'><strong>et</strong></span> <span class='ocrx_word' id='word_1_392' title='bbox 2133 2660 2327 2726; x_wconf 90' lang='lat' dir='ltr'><strong>colles,</strong></span> <span class='ocrx_word' id='word_1_393' title='bbox 2387 2667 2442 2714; x_wconf 92' lang='lat' dir='ltr'><strong>et</strong></span> <span class='ocrx_word' id='word_1_394' title='bbox 2483 2660 2591 2714; x_wconf 86' lang='lat' dir='ltr'><strong>alia</strong></span> <span class='ocrx_word' id='word_1_395' title='bbox 2632 2675 2977 2732; x_wconf 70' lang='lat' dir='ltr'><strong>quaecunque</strong></span> <span class='ocrx_word' id='word_1_396' title='bbox 3023 2656 3408 2714; x_wconf 78' lang='lat' dir='ltr'><strong>communibus</strong></span> 
     </span>
    </p>
   </div>
   <div class='ocr_carea' id='block_1_44' title="bbox 115 2746 3407 2824">
    <p class='ocr_par' dir='ltr' id='par_1_44' title="bbox 115 2746 3407 2824">
     <span class='ocr_line' id='line_1_44' title="bbox 115 2746 3407 2824; baseline 0.002 -26"><span class='ocrx_word' id='word_1_397' title='bbox 115 2746 308 2801; x_wconf 88' lang='lat' dir='ltr'><strong>verbis</strong></span> <span class='ocrx_word' id='word_1_398' title='bbox 338 2747 444 2802; x_wconf 90' lang='lat' dir='ltr'><strong>hoc</strong></span> <span class='ocrx_word' id='word_1_399' title='bbox 487 2750 542 2804; x_wconf 91' lang='lat' dir='ltr'><strong>in</strong></span> <span class='ocrx_word' id='word_1_400' title='bbox 574 2749 696 2805; x_wconf 88' lang='lat' dir='ltr'><strong>loco</strong></span> <span class='ocrx_word' id='word_1_401' title='bbox 733 2751 1085 2807; x_wconf 89' lang='lat' dir='ltr'><strong>denominata</strong></span> <span class='ocrx_word' id='word_1_402' title='bbox 1125 2757 1274 2817; x_wconf 82' lang='lat' dir='ltr'><strong>sunt,</strong></span> <span class='ocrx_word' id='word_1_403' title='bbox 1330 2759 1425 2806; x_wconf 92' lang='lat' dir='ltr'><strong>aut</strong></span> <span class='ocrx_word' id='word_1_404' title='bbox 1453 2751 1519 2808; x_wconf 90' lang='lat' dir='ltr'><strong>de</strong></span> <span class='ocrx_word' id='word_1_405' title='bbox 1547 2751 1738 2807; x_wconf 88' lang='lat' dir='ltr'><strong>mundi</strong></span> <span class='ocrx_word' id='word_1_406' title='bbox 1778 2755 2192 2818; x_wconf 87' lang='lat' dir='ltr'><strong>constitutione,</strong></span> <span class='ocrx_word' id='word_1_407' title='bbox 2228 2754 2304 2808; x_wconf 88' lang='lat' dir='ltr'><strong>ita</strong></span> <span class='ocrx_word' id='word_1_408' title='bbox 2353 2754 2606 2824; x_wconf 90' lang='lat' dir='ltr'><strong>accipere</strong></span> <span class='ocrx_word' id='word_1_409' title='bbox 2634 2760 2867 2823; x_wconf 88' lang='lat' dir='ltr'><strong>oportet,</strong></span> <span class='ocrx_word' id='word_1_410' title='bbox 2901 2760 2960 2806; x_wconf 93' lang='lat' dir='ltr'><strong>ut</strong></span> <span class='ocrx_word' id='word_1_411' title='bbox 2987 2767 3017 2806; x_wconf 91' lang='lat' dir='ltr'><strong>a</strong></span> <span class='ocrx_word' id='word_1_412' title='bbox 3048 2760 3200 2822; x_wconf 90' lang='lat' dir='ltr'><strong>parte</strong></span> <span class='ocrx_word' id='word_1_413' title='bbox 3229 2761 3407 2807; x_wconf 89' lang='lat' dir='ltr'><strong>totum</strong></span> 
     </span>
    </p>
   </div>
   <div class='ocr_carea' id='block_1_45' title="bbox 115 2841 3408 2918">
    <p class='ocr_par' dir='ltr' id='par_1_45' title="bbox 115 2841 3408 2918">
     <span class='ocr_line' id='line_1_45' title="bbox 115 2841 3408 2918; baseline 0.002 -23"><span class='ocrx_word' id='word_1_414' title='bbox 115 2841 501 2913; x_wconf 81' lang='lat' dir='ltr'><strong>intelligatur,</strong></span> <span class='ocrx_word' id='word_1_415' title='bbox 557 2857 652 2900; x_wconf 87' lang='lat' dir='ltr'><strong>aut</strong></span> <span class='ocrx_word' id='word_1_416' title='bbox 697 2846 804 2900; x_wconf 91' lang='lat' dir='ltr'><strong>alio</strong></span> <span class='ocrx_word' id='word_1_417' title='bbox 846 2863 1043 2916; x_wconf 87' lang='lat' dir='ltr'><strong>genere</strong></span> <span class='ocrx_word' id='word_1_418' title='bbox 1097 2847 1282 2918; x_wconf 74' lang='lat' dir='ltr'><strong>ﬁgura:</strong></span> <span class='ocrx_word' id='word_1_419' title='bbox 1329 2848 1702 2917; x_wconf 87' lang='lat' dir='ltr'><strong>interpretari,</strong></span> <span class='ocrx_word' id='word_1_420' title='bbox 1771 2847 2156 2903; x_wconf 85' lang='lat' dir='ltr'><strong>transferendo</strong></span> <span class='ocrx_word' id='word_1_421' title='bbox 2203 2847 2511 2917; x_wconf 87' lang='lat' dir='ltr'><strong>signiﬁcata</strong></span> <span class='ocrx_word' id='word_1_422' title='bbox 2546 2861 2735 2902; x_wconf 90' lang='lat' dir='ltr'><strong>eorum</strong></span> <span class='ocrx_word' id='word_1_423' title='bbox 2785 2846 2852 2900; x_wconf 90' lang='lat' dir='ltr'><strong>ad</strong></span> <span class='ocrx_word' id='word_1_424' title='bbox 2895 2845 3268 2916; x_wconf 89' lang='lat' dir='ltr'><strong>intelligibiles</strong></span> <span class='ocrx_word' id='word_1_425' title='bbox 3317 2861 3408 2901; x_wconf 89' lang='lat' dir='ltr'><strong>es-</strong></span> 
     </span>
    </p>
   </div>
   <div class='ocr_carea' id='block_1_46' title="bbox 116 2935 3408 3014">
    <p class='ocr_par' dir='ltr' id='par_1_46' title="bbox 116 2935 3408 3014">
     <span class='ocr_line' id='line_1_46' title="bbox 116 2935 3408 3014; baseline 0.002 -25"><span class='ocrx_word' id='word_1_426' title='bbox 116 2937 355 3000; x_wconf 89' lang='lat' dir='ltr'><strong>sentias,</strong></span> <span class='ocrx_word' id='word_1_427' title='bbox 404 2948 815 3010; x_wconf 87' lang='lat' dir='ltr'><strong>potestatesque</strong></span> <span class='ocrx_word' id='word_1_428' title='bbox 863 2942 1078 2998; x_wconf 89' lang='lat' dir='ltr'><strong>divinas</strong></span> <span class='ocrx_word' id='word_1_429' title='bbox 1125 2959 1140 2994; x_wconf 87' lang='lat'><strong>:</strong></span> <span class='ocrx_word' id='word_1_430' title='bbox 1183 2956 1321 3014; x_wconf 90' lang='lat' dir='ltr'><strong>quas</strong></span> <span class='ocrx_word' id='word_1_431' title='bbox 1365 2958 1555 2998; x_wconf 90' lang='lat' dir='ltr'><strong>omnes</strong></span> <span class='ocrx_word' id='word_1_432' title='bbox 1600 2953 1724 2998; x_wconf 87' lang='lat' dir='ltr'><strong>ortu</strong></span> <span class='ocrx_word' id='word_1_433' title='bbox 1781 2935 1884 2998; x_wconf 74' lang='lat' dir='ltr'><strong>suo</strong></span> <span class='ocrx_word' id='word_1_434' title='bbox 1929 2943 2206 2998; x_wconf 90' lang='lat' dir='ltr'><strong>antecedit</strong></span> <span class='ocrx_word' id='word_1_435' title='bbox 2250 2943 2552 3012; x_wconf 86' lang='lat' dir='ltr'><strong>Sapientia,</strong></span> <span class='ocrx_word' id='word_1_436' title='bbox 2607 2942 2916 3013; x_wconf 89' lang='lat' dir='ltr'><strong>quibusque</strong></span> <span class='ocrx_word' id='word_1_437' title='bbox 2961 2941 3214 2996; x_wconf 90' lang='lat' dir='ltr'><strong>omnibus</strong></span> <span class='ocrx_word' id='word_1_438' title='bbox 3264 2941 3408 2994; x_wconf 91' lang='lat' dir='ltr'><strong>anti-</strong></span> 
     </span>
    </p>
   </div>
   <div class='ocr_carea' id='block_1_47' title="bbox 114 3029 3400 3108">
    <p class='ocr_par' dir='ltr' id='par_1_47' title="bbox 114 3029 3400 3108">
     <span class='ocr_line' id='line_1_47' title="bbox 114 3029 3400 3108; baseline 0.002 -27"><span class='ocrx_word' id='word_1_439' title='bbox 114 3029 290 3097; x_wconf 84' lang='lat' dir='ltr'><strong>quius</strong></span> <span class='ocrx_word' id='word_1_440' title='bbox 340 3031 550 3086; x_wconf 82' lang='lat' dir='ltr'><strong>exstitit</strong></span> <span class='ocrx_word' id='word_1_441' title='bbox 605 3035 847 3097; x_wconf 88' lang='lat' dir='ltr'><strong>unicum,</strong></span> <span class='ocrx_word' id='word_1_442' title='bbox 889 3035 1175 3106; x_wconf 88' lang='lat' dir='ltr'><strong>primoque</strong></span> <span class='ocrx_word' id='word_1_443' title='bbox 1237 3035 1478 3107; x_wconf 85' lang='lat' dir='ltr'><strong>genitum</strong></span> <span class='ocrx_word' id='word_1_444' title='bbox 1531 3034 1626 3091; x_wconf 89' lang='lat' dir='ltr'><strong>Dei</strong></span> <span class='ocrx_word' id='word_1_445' title='bbox 1676 3034 1939 3100; x_wconf 76' lang='lat' dir='ltr'><strong>Verbum,</strong></span> <span class='ocrx_word' id='word_1_446' title='bbox 1982 3053 2142 3108; x_wconf 89' lang='lat' dir='ltr'><strong>quem</strong></span> <span class='ocrx_word' id='word_1_447' title='bbox 2186 3053 2285 3092; x_wconf 89' lang='lat' dir='ltr'><strong>nos</strong></span> <span class='ocrx_word' id='word_1_448' title='bbox 2332 3037 2613 3090; x_wconf 86' lang='lat' dir='ltr'><strong>Christum</strong></span> <span class='ocrx_word' id='word_1_449' title='bbox 2669 3037 2944 3105; x_wconf 88' lang='lat' dir='ltr'><strong>appellare</strong></span> <span class='ocrx_word' id='word_1_450' title='bbox 2987 3033 3400 3097; x_wconf 90' lang='lat' dir='ltr'><strong>consuevimus,</strong></span> 
     </span>
    </p>
   </div>
   <div class='ocr_carea' id='block_1_48' title="bbox 113 3123 3400 3198">
    <p class='ocr_par' dir='ltr' id='par_1_48' title="bbox 113 3123 3400 3198">
     <span class='ocr_line' id='line_1_48' title="bbox 113 3123 3400 3198; baseline 0 -21"><span class='ocrx_word' id='word_1_451' title='bbox 113 3123 309 3178; x_wconf 88' lang='lat' dir='ltr'><strong>edocti</strong></span> <span class='ocrx_word' id='word_1_452' title='bbox 356 3138 388 3176; x_wconf 90' lang='lat' dir='ltr'><strong>a</strong></span> <span class='ocrx_word' id='word_1_453' title='bbox 429 3125 694 3193; x_wconf 81' lang='lat' dir='ltr'><strong>magistro</strong></span> <span class='ocrx_word' id='word_1_454' title='bbox 719 3127 978 3196; x_wconf 85' lang='lat' dir='ltr'><strong>Apostolo</strong></span> <span class='ocrx_word' id='word_1_455' title='bbox 1043 3128 1296 3184; x_wconf 88' lang='lat' dir='ltr'><strong>dicente:</strong></span> <span class='ocrx_word' id='word_1_456' title='bbox 1332 3146 1350 3179; x_wconf 86' lang='grc'><strong>‹</strong></span> <span class='ocrx_word' id='word_1_457' title='bbox 1387 3126 1640 3183; x_wconf 88' lang='lat' dir='ltr'><strong>Christus</strong></span> <span class='ocrx_word' id='word_1_458' title='bbox 1682 3127 1774 3185; x_wconf 90' lang='lat' dir='ltr'><strong>Dei</strong></span> <span class='ocrx_word' id='word_1_459' title='bbox 1810 3130 1985 3184; x_wconf 91' lang='lat' dir='ltr'><strong>virtus</strong></span> <span class='ocrx_word' id='word_1_460' title='bbox 2039 3136 2092 3184; x_wconf 89' lang='lat' dir='ltr'><strong>et</strong></span> <span class='ocrx_word' id='word_1_461' title='bbox 2151 3126 2244 3182; x_wconf 91' lang='lat' dir='ltr'><strong>Dei</strong></span> <span class='ocrx_word' id='word_1_462' title='bbox 2300 3127 2630 3198; x_wconf 90' lang='lat' dir='ltr'><strong>sapientia&quot;.</strong></span> <span class='ocrx_word' id='word_1_463' title='bbox 2677 3144 2696 3180; x_wconf 82' lang='grc'>›</span> <span class='ocrx_word' id='word_1_464' title='bbox 2735 3125 2842 3180; x_wconf 91' lang='lat' dir='ltr'><strong>Sed</strong></span> <span class='ocrx_word' id='word_1_465' title='bbox 2894 3125 2984 3179; x_wconf 91' lang='lat' dir='ltr'><strong>hic</strong></span> <span class='ocrx_word' id='word_1_466' title='bbox 3035 3124 3400 3194; x_wconf 84' lang='lat' dir='ltr'><strong>appellatione</strong></span> 
     </span>
    </p>
   </div>
   <div class='ocr_carea' id='block_1_49' title="bbox 117 3215 3402 3297">
    <p class='ocr_par' dir='ltr' id='par_1_49' title="bbox 117 3215 3402 3297">
     <span class='ocr_line' id='line_1_49' title="bbox 117 3215 3402 3297; baseline 0.001 -27"><span class='ocrx_word' id='word_1_467' title='bbox 117 3215 426 3288; x_wconf 72' lang='lat' dir='ltr'><strong>Sapientiae</strong></span> <span class='ocrx_word' id='word_1_468' title='bbox 464 3221 657 3275; x_wconf 91' lang='lat' dir='ltr'><strong>merito</strong></span> <span class='ocrx_word' id='word_1_469' title='bbox 692 3232 918 3278; x_wconf 88' lang='lat' dir='ltr'><strong>vocatus</strong></span> <span class='ocrx_word' id='word_1_470' title='bbox 943 3231 1028 3279; x_wconf 87' lang='lat' dir='ltr'><strong>est</strong></span> <span class='ocrx_word' id='word_1_471' title='bbox 1061 3222 1230 3296; x_wconf 89' lang='lat' dir='ltr'><strong>[sicut</strong></span> <span class='ocrx_word' id='word_1_472' title='bbox 1283 3225 1455 3280; x_wconf 91' lang='lat' dir='ltr'><strong>solius</strong></span> <span class='ocrx_word' id='word_1_473' title='bbox 1482 3225 1748 3297; x_wconf 88' lang='lat' dir='ltr'><strong>sapientis</strong></span> <span class='ocrx_word' id='word_1_474' title='bbox 1781 3225 1982 3292; x_wconf 82' lang='lat' dir='ltr'><strong>Patris,</strong></span> <span class='ocrx_word' id='word_1_475' title='bbox 2021 3225 2459 3296; x_wconf 89' lang='lat' dir='ltr'><strong>sapientissimas</strong></span> <span class='ocrx_word' id='word_1_476' title='bbox 2515 3232 2570 3279; x_wconf 94' lang='lat' dir='ltr'><strong>ct</strong></span> <span class='ocrx_word' id='word_1_477' title='bbox 2617 3222 2859 3278; x_wconf 71' lang='lat' dir='ltr'><strong>scientia:</strong></span> <span class='ocrx_word' id='word_1_478' title='bbox 2891 3229 3146 3292; x_wconf 89' lang='lat' dir='ltr'><strong>parentes</strong></span> <span class='ocrx_word' id='word_1_479' title='bbox 3181 3221 3402 3275; x_wconf 87' lang='lat' dir='ltr'><strong>univer-</strong></span> 
     </span>
    </p>
   </div>
   <div class='ocr_carea' id='block_1_50' title="bbox 116 3313 1418 3388">
    <p class='ocr_par' dir='ltr' id='par_1_50' title="bbox 116 3313 1418 3388">
     <span class='ocr_line' id='line_1_50' title="bbox 116 3313 1418 3388; baseline 0.005 -22"><span class='ocrx_word' id='word_1_480' title='bbox 116 3325 315 3366; x_wconf 86' lang='lat' dir='ltr'><strong>sorum</strong></span> <span class='ocrx_word' id='word_1_481' title='bbox 343 3313 928 3388; x_wconf 85' lang='lat' dir='ltr'><strong>contemplationes]...</strong></span> <span class='ocrx_word' id='word_1_482' title='bbox 962 3314 1181 3385; x_wconf 80' lang='lat' dir='ltr'><strong>Reliqua</strong></span> <span class='ocrx_word' id='word_1_483' title='bbox 1210 3315 1418 3372; x_wconf 82' lang='lat' dir='ltr'><strong>desunt.</strong></span> 
     </span>
    </p>
   </div>
   <div class='ocr_carea' id='block_1_51' title="bbox 659 3397 2178 3472">
    <p class='ocr_par' dir='ltr' id='par_1_51' title="bbox 659 3406 1786 3472">
     <span class='ocr_line' id='line_1_51' title="bbox 659 3406 1786 3472; baseline 0.013 -15"><span class='ocrx_word' id='word_1_484' title='bbox 659 3406 1054 3460; x_wconf 79' lang='grc' dir='ltr'><strong>ΚΕΦΑΛΑΙΟΝ</strong></span> <span class='ocrx_word' id='word_1_485' title='bbox 1104 3407 1180 3461; x_wconf 89' lang='lat' dir='ltr'><strong>B&#39;.</strong></span> <span class='ocrx_word' id='word_1_486' title='bbox 1741 3415 1786 3472; x_wconf 88' lang='grc' dir='ltr'><strong>Β</strong></span> 
     </span>
    </p>
   </div>
   <div class='ocr_carea' id='block_1_52' title="bbox 1259 3397 2778 3472">
    <p class='ocr_par' dir='ltr' id='par_1_52' title="bbox 1741 3397 2778 3472">
     <span class='ocr_line' id='line_1_52' title="bbox 1741 3397 2778 3472; baseline -0.007 -13"><span class='ocrx_word' id='word_1_487' title='bbox 1741 3415 1786 3472; x_wconf 79' lang='grc' dir='ltr'><strong>Β</strong></span> <span class='ocrx_word' id='word_1_488' title='bbox 2439 3397 2671 3454; x_wconf 76' lang='lat' dir='ltr'><strong>CAPUT</strong></span> <span class='ocrx_word' id='word_1_489' title='bbox 2715 3399 2778 3455; x_wconf 91' lang='lat' dir='ltr'><strong>ll.</strong></span> 
     </span>
    </p>
   </div>
   <div class='ocr_carea' id='block_1_53' title="bbox 721 3491 2240 3571">
    <p class='ocr_par' dir='ltr' id='par_1_53' title="bbox 721 3496 1131 3571">
     <span class='ocr_line' id='line_1_53' title="bbox 721 3496 1131 3571; baseline 0.005 -21"><span class='ocrx_word' id='word_1_490' title='bbox 721 3496 739 3568; x_wconf 96' lang='lat'>(</span> <span class='ocrx_word' id='word_1_491' title='bbox 755 3497 1131 3571; x_wconf 63' lang='grc' dir='ltr'>Ἀκέφαλονκ)</span> 
     </span>
    </p>
   </div>
   <div class='ocr_carea' id='block_1_54' title="bbox 1342 3491 2861 3571">
    <p class='ocr_par' dir='ltr' id='par_1_54' title="bbox 2379 3491 2861 3565">
     <span class='ocr_line' id='line_1_54' title="bbox 2379 3491 2861 3565; baseline -0.006 -18"><span class='ocrx_word' id='word_1_492' title='bbox 2379 3491 2528 3565; x_wconf 77' lang='lat' dir='ltr'><strong>(Sine</strong></span> <span class='ocrx_word' id='word_1_493' title='bbox 2559 3492 2861 3562; x_wconf 76' lang='lat' dir='ltr'><strong>principio.)</strong></span> 
     </span>
    </p>
   </div>
   <div class='ocr_carea' id='block_1_55' title="bbox 207 3578 1726 3663">
    <p class='ocr_par' dir='ltr' id='par_1_55' title="bbox 207 3585 1716 3663">
     <span class='ocr_line' id='line_1_55' title="bbox 207 3585 1716 3663; baseline 0.005 -26"><span class='ocrx_word' id='word_1_494' title='bbox 207 3585 302 3638; x_wconf 85' lang='grc' dir='ltr'>Ἐν</span> <span class='ocrx_word' id='word_1_495' title='bbox 344 3585 403 3640; x_wconf 73' lang='grc' dir='ltr'>δὲ</span> <span class='ocrx_word' id='word_1_496' title='bbox 441 3586 517 3658; x_wconf 85' lang='grc' dir='ltr'><strong>τῷ</strong></span> <span class='ocrx_word' id='word_1_497' title='bbox 557 3585 795 3659; x_wconf 84' lang='grc' dir='ltr'>δευτέρῳ</span> <span class='ocrx_word' id='word_1_498' title='bbox 843 3591 1107 3661; x_wconf 84' lang='grc' dir='ltr'>σκήπτρῳ</span> <span class='ocrx_word' id='word_1_499' title='bbox 1152 3589 1414 3662; x_wconf 80' lang='grc' dir='ltr'>βασιλικῷ</span> <span class='ocrx_word' id='word_1_500' title='bbox 1450 3593 1588 3663; x_wconf 79' lang='grc' dir='ltr'>τιμᾷ</span> <span class='ocrx_word' id='word_1_501' title='bbox 1611 3609 1624 3622; x_wconf 88' lang='grc'><strong>·</strong></span> <span class='ocrx_word' id='word_1_502' title='bbox 1657 3593 1716 3645; x_wconf 86' lang='grc' dir='ltr'>ὲν</span> 
     </span>
    </p>
   </div>
   <div class='ocr_carea' id='block_1_56' title="bbox 1878 3578 3397 3663">
    <p class='ocr_par' dir='ltr' id='par_1_56' title="bbox 1886 3578 3397 3655">
     <span class='ocr_line' id='line_1_56' title="bbox 1886 3578 3397 3655; baseline 0.005 -18"><span class='ocrx_word' id='word_1_503' title='bbox 1886 3578 1947 3639; x_wconf 87' lang='lat' dir='ltr'><strong>In</strong></span> <span class='ocrx_word' id='word_1_504' title='bbox 1979 3584 2223 3640; x_wconf 86' lang='lat' dir='ltr'><strong>secundo</strong></span> <span class='ocrx_word' id='word_1_505' title='bbox 2249 3593 2453 3648; x_wconf 90' lang='lat' dir='ltr'><strong>autem,</strong></span> <span class='ocrx_word' id='word_1_506' title='bbox 2485 3583 2691 3654; x_wconf 88' lang='lat' dir='ltr'><strong>sceptri</strong></span> <span class='ocrx_word' id='word_1_507' title='bbox 2721 3585 2922 3655; x_wconf 88' lang='lat' dir='ltr'><strong>regalis</strong></span> <span class='ocrx_word' id='word_1_508' title='bbox 2949 3587 3156 3644; x_wconf 89' lang='lat' dir='ltr'><strong>honore</strong></span> <span class='ocrx_word' id='word_1_509' title='bbox 3187 3587 3397 3644; x_wconf 77' lang='lat' dir='ltr'><strong>donat:</strong></span> 
     </span>
    </p>
   </div>
   <div class='ocr_carea' id='block_1_57' title="bbox 117 3674 1636 3752">
    <p class='ocr_par' dir='ltr' id='par_1_57' title="bbox 117 3675 1636 3752">
     <span class='ocr_line' id='line_1_57' title="bbox 117 3675 1636 3752; baseline 0.005 -25"><span class='ocrx_word' id='word_1_510' title='bbox 117 3675 184 3728; x_wconf 73' lang='grc' dir='ltr'>δὲ</span> <span class='ocrx_word' id='word_1_511' title='bbox 208 3675 290 3747; x_wconf 85' lang='grc' dir='ltr'>τῷ</span> <span class='ocrx_word' id='word_1_512' title='bbox 322 3677 523 3748; x_wconf 83' lang='grc' dir='ltr'>τρίτῳ,</span> <span class='ocrx_word' id='word_1_513' title='bbox 549 3677 646 3748; x_wconf 77' lang='grc' dir='ltr'><strong>τὴν</strong></span> <span class='ocrx_word' id='word_1_514' title='bbox 683 3679 802 3731; x_wconf 78' lang='grc' dir='ltr'>κατ’</span> <span class='ocrx_word' id='word_1_515' title='bbox 832 3679 1032 3750; x_wconf 86' lang='grc' dir='ltr'>ἀρετὴν</span> <span class='ocrx_word' id='word_1_516' title='bbox 1066 3679 1214 3751; x_wconf 81' lang='grc' dir='ltr'>αὐτῷ</span> <span class='ocrx_word' id='word_1_517' title='bbox 1257 3681 1534 3735; x_wconf 88' lang='grc' dir='ltr'>τελείωσιν</span> <span class='ocrx_word' id='word_1_518' title='bbox 1573 3699 1636 3752; x_wconf 82' lang='grc' dir='ltr'><strong>μα</strong></span> 
     </span>
    </p>
   </div>
   <div class='ocr_carea' id='block_1_58' title="bbox 1880 3674 3399 3752">
    <p class='ocr_par' dir='ltr' id='par_1_58' title="bbox 1902 3675 3399 3747">
     <span class='ocr_line' id='line_1_58' title="bbox 1902 3675 3399 3747; baseline 0.002 -17"><span class='ocrx_word' id='word_1_519' title='bbox 1902 3677 2066 3731; x_wconf 89' lang='lat' dir='ltr'><strong>tertio</strong></span> <span class='ocrx_word' id='word_1_520' title='bbox 2087 3691 2218 3732; x_wconf 88' lang='lat' dir='ltr'><strong>vero</strong></span> <span class='ocrx_word' id='word_1_521' title='bbox 2249 3675 2505 3745; x_wconf 68' lang='lat' dir='ltr'><strong>perfectae</strong></span> <span class='ocrx_word' id='word_1_522' title='bbox 2535 3676 2754 3730; x_wconf 87' lang='lat' dir='ltr'><strong>virtutis</strong></span> <span class='ocrx_word' id='word_1_523' title='bbox 2774 3677 2850 3730; x_wconf 92' lang='lat' dir='ltr'><strong>illi</strong></span> <span class='ocrx_word' id='word_1_524' title='bbox 2873 3677 2967 3731; x_wconf 91' lang='lat' dir='ltr'><strong>dat</strong></span> <span class='ocrx_word' id='word_1_525' title='bbox 2987 3679 3359 3733; x_wconf 88' lang='lat' dir='ltr'><strong>testimonium</strong></span> <span class='ocrx_word' id='word_1_526' title='bbox 3380 3723 3399 3747; x_wconf 86' lang='lat'><strong>,</strong></span> 
     </span>
    </p>
   </div>
   <div class='ocr_carea' id='block_1_59' title="bbox 116 3764 1635 3842">
    <p class='ocr_par' dir='ltr' id='par_1_59' title="bbox 116 3764 1635 3842">
     <span class='ocr_line' id='line_1_59' title="bbox 116 3764 1635 3842; baseline 0.005 -23"><span class='ocrx_word' id='word_1_527' title='bbox 116 3772 312 3839; x_wconf 75' lang='grc' dir='ltr'><strong>τυρεί·</strong></span> <span class='ocrx_word' id='word_1_528' title='bbox 350 3764 448 3821; x_wconf 80' lang='grc' dir='ltr'>εἶτ’</span> <span class='ocrx_word' id='word_1_529' title='bbox 482 3770 576 3822; x_wconf 72' lang='grc' dir='ltr'><strong>ἐπὶ</strong></span> <span class='ocrx_word' id='word_1_530' title='bbox 604 3769 812 3834; x_wconf 78' lang='grc' dir='ltr'>τούτοις</span> <span class='ocrx_word' id='word_1_531' title='bbox 842 3773 1002 3825; x_wconf 77' lang='grc' dir='ltr'>αὑτὸν</span> <span class='ocrx_word' id='word_1_532' title='bbox 1031 3772 1095 3842; x_wconf 85' lang='grc' dir='ltr'>δὴ</span> <span class='ocrx_word' id='word_1_533' title='bbox 1127 3773 1313 3826; x_wconf 85' lang='grc' dir='ltr'>τοῦτον</span> <span class='ocrx_word' id='word_1_534' title='bbox 1343 3773 1435 3826; x_wconf 86' lang='grc' dir='ltr'><strong>τὸν</strong></span> <span class='ocrx_word' id='word_1_535' title='bbox 1459 3774 1589 3826; x_wconf 83' lang='grc' dir='ltr'>Θεὸν</span> <span class='ocrx_word' id='word_1_536' title='bbox 1623 3792 1635 3827; x_wconf 66' lang='grc' dir='ltr'>π</span> 
     </span>
    </p>
   </div>
   <div class='ocr_carea' id='block_1_60' title="bbox 1879 3764 3398 3842">
    <p class='ocr_par' dir='ltr' id='par_1_60' title="bbox 1879 3766 3398 3838">
     <span class='ocr_line' id='line_1_60' title="bbox 1879 3766 3398 3838; baseline 0.004 -20"><span class='ocrx_word' id='word_1_537' title='bbox 1879 3774 2006 3821; x_wconf 67' lang='grc' dir='ltr'>μειοιι</span> <span class='ocrx_word' id='word_1_538' title='bbox 2047 3769 2225 3837; x_wconf 91' lang='lat' dir='ltr'><strong>ipsum</strong></span> <span class='ocrx_word' id='word_1_539' title='bbox 2266 3768 2411 3820; x_wconf 91' lang='lat' dir='ltr'><strong>hunc</strong></span> <span class='ocrx_word' id='word_1_540' title='bbox 2445 3781 2610 3837; x_wconf 90' lang='lat' dir='ltr'><strong>super</strong></span> <span class='ocrx_word' id='word_1_541' title='bbox 2641 3767 2710 3823; x_wconf 92' lang='lat' dir='ltr'><strong>iis</strong></span> <span class='ocrx_word' id='word_1_542' title='bbox 2741 3774 2795 3822; x_wconf 93' lang='lat' dir='ltr'><strong>et</strong></span> <span class='ocrx_word' id='word_1_543' title='bbox 2823 3766 2994 3822; x_wconf 91' lang='lat' dir='ltr'><strong>Deum</strong></span> <span class='ocrx_word' id='word_1_544' title='bbox 3027 3776 3080 3823; x_wconf 91' lang='lat' dir='ltr'><strong>et</strong></span> <span class='ocrx_word' id='word_1_545' title='bbox 3127 3783 3331 3838; x_wconf 87' lang='lat' dir='ltr'><strong>regem,</strong></span> <span class='ocrx_word' id='word_1_546' title='bbox 3366 3784 3398 3824; x_wconf 84' lang='lat' dir='ltr'><strong>a</strong></span> 
     </span>
    </p>
   </div>
   <div class='ocr_carea' id='block_1_61' title="bbox 122 3858 1641 3934">
    <p class='ocr_par' dir='ltr' id='par_1_61' title="bbox 122 3860 1641 3934">
     <span class='ocr_line' id='line_1_61' title="bbox 122 3860 1641 3934; baseline 0.003 -23"><span class='ocrx_word' id='word_1_547' title='bbox 122 3860 356 3929; x_wconf 78' lang='grc' dir='ltr'>βασιλέα</span> <span class='ocrx_word' id='word_1_548' title='bbox 383 3861 664 3931; x_wconf 70' lang='grc' dir='ltr'>κεκρίσθαι</span> <span class='ocrx_word' id='word_1_549' title='bbox 695 3860 832 3934; x_wconf 87' lang='grc' dir='ltr'>πρὸς</span> <span class='ocrx_word' id='word_1_550' title='bbox 863 3863 956 3916; x_wconf 88' lang='grc' dir='ltr'><strong>τοῦ</strong></span> <span class='ocrx_word' id='word_1_551' title='bbox 991 3864 1265 3918; x_wconf 85' lang='grc' dir='ltr'>ἁνωτάτου</span> <span class='ocrx_word' id='word_1_552' title='bbox 1293 3865 1531 3918; x_wconf 75' lang='grc' dir='ltr'>διδάσκει</span> <span class='ocrx_word' id='word_1_553' title='bbox 1556 3865 1641 3918; x_wconf 74' lang='grc' dir='ltr'>Θεε</span> 
     </span>
    </p>
   </div>
   <div class='ocr_carea' id='block_1_62' title="bbox 1878 3858 3397 3934">
    <p class='ocr_par' dir='ltr' id='par_1_62' title="bbox 1878 3858 3397 3928">
     <span class='ocr_line' id='line_1_62' title="bbox 1878 3858 3397 3928; baseline 0.005 -20"><span class='ocrx_word' id='word_1_554' title='bbox 1878 3875 2076 3928; x_wconf 80' lang='lat' dir='ltr'><strong>:premo</strong></span> <span class='ocrx_word' id='word_1_555' title='bbox 2135 3858 2246 3913; x_wconf 90' lang='lat' dir='ltr'><strong>Deo</strong></span> <span class='ocrx_word' id='word_1_556' title='bbox 2305 3867 2532 3914; x_wconf 92' lang='lat' dir='ltr'><strong>unctum</strong></span> <span class='ocrx_word' id='word_1_557' title='bbox 2586 3875 2708 3915; x_wconf 91' lang='lat' dir='ltr'><strong>esse</strong></span> <span class='ocrx_word' id='word_1_558' title='bbox 2753 3859 2934 3927; x_wconf 90' lang='lat' dir='ltr'><strong>docet,</strong></span> <span class='ocrx_word' id='word_1_559' title='bbox 2971 3868 3025 3914; x_wconf 92' lang='lat' dir='ltr'><strong>et</strong></span> <span class='ocrx_word' id='word_1_560' title='bbox 3074 3875 3138 3914; x_wconf 93' lang='lat' dir='ltr'><strong>ea</strong></span> <span class='ocrx_word' id='word_1_561' title='bbox 3184 3862 3397 3916; x_wconf 85' lang='lat' dir='ltr'><strong>ratione</strong></span> 
     </span>
    </p>
   </div>
   <div class='ocr_carea' id='block_1_63' title="bbox 123 3949 1642 4029">
    <p class='ocr_par' dir='ltr' id='par_1_63' title="bbox 123 3951 1642 4029">
     <span class='ocr_line' id='line_1_63' title="bbox 123 3951 1642 4029; baseline 0.003 -26"><span class='ocrx_word' id='word_1_562' title='bbox 123 3953 220 4004; x_wconf 68' lang='grc' dir='ltr'><strong>καί</strong></span> <span class='ocrx_word' id='word_1_563' title='bbox 243 3951 423 4024; x_wconf 73' lang='grc' dir='ltr'>ταύτῃ</span> <span class='ocrx_word' id='word_1_564' title='bbox 455 3970 518 4021; x_wconf 85' lang='grc' dir='ltr'>γε</span> <span class='ocrx_word' id='word_1_565' title='bbox 551 3954 784 4025; x_wconf 83' lang='grc' dir='ltr'>Χριστὸν</span> <span class='ocrx_word' id='word_1_566' title='bbox 816 3956 1113 4024; x_wconf 74' lang='grc' dir='ltr'>γεγονέναι.</span> <span class='ocrx_word' id='word_1_567' title='bbox 1152 3957 1216 4008; x_wconf 82' lang='grc' dir='ltr'>Τί</span> <span class='ocrx_word' id='word_1_568' title='bbox 1241 3957 1347 4029; x_wconf 80' lang='grc' dir='ltr'><strong>γὰρ</strong></span> <span class='ocrx_word' id='word_1_569' title='bbox 1382 3957 1446 4011; x_wconf 85' lang='grc' dir='ltr'>ἂν</span> <span class='ocrx_word' id='word_1_570' title='bbox 1475 3957 1568 4008; x_wconf 77' lang='grc' dir='ltr'><strong>καὶ</strong></span> <span class='ocrx_word' id='word_1_571' title='bbox 1597 3957 1642 4008; x_wconf 71' lang='grc' dir='ltr'>όι.</span> 
     </span>
    </p>
   </div>
   <div class='ocr_carea' id='block_1_64' title="bbox 1878 3949 3397 4029">
    <p class='ocr_par' dir='ltr' id='par_1_64' title="bbox 1881 3951 3397 4022">
     <span class='ocr_line' id='line_1_64' title="bbox 1881 3951 3397 4022; baseline 0 -19"><span class='ocrx_word' id='word_1_572' title='bbox 1881 3951 2095 4006; x_wconf 78' lang='lat' dir='ltr'><strong>iristum</strong></span> <span class='ocrx_word' id='word_1_573' title='bbox 2121 3951 2398 4007; x_wconf 80' lang='lat' dir='ltr'><strong>exstitisse</strong></span> <span class='ocrx_word' id='word_1_574' title='bbox 2435 3970 2448 4005; x_wconf 91' lang='lat'><strong>:</strong></span> <span class='ocrx_word' id='word_1_575' title='bbox 2479 3952 2609 4022; x_wconf 90' lang='lat' dir='ltr'><strong>quid</strong></span> <span class='ocrx_word' id='word_1_576' title='bbox 2637 3951 2782 4006; x_wconf 90' lang='lat' dir='ltr'><strong>enim</strong></span> <span class='ocrx_word' id='word_1_577' title='bbox 2814 3951 2961 4005; x_wconf 86' lang='lat' dir='ltr'><strong>aliud</strong></span> <span class='ocrx_word' id='word_1_578' title='bbox 2994 3952 3261 4021; x_wconf 88' lang='lat' dir='ltr'><strong>quispiam</strong></span> <span class='ocrx_word' id='word_1_579' title='bbox 3296 3961 3397 4005; x_wconf 79' lang='lat' dir='ltr'><strong>no-</strong></span> 
     </span>
    </p>
   </div>
   <div class='ocr_carea' id='block_1_65' title="bbox 127 4041 1646 4117">
    <p class='ocr_par' dir='ltr' id='par_1_65' title="bbox 127 4043 1634 4117">
     <span class='ocr_line' id='line_1_65' title="bbox 127 4043 1634 4117; baseline 0.003 -24"><span class='ocrx_word' id='word_1_580' title='bbox 127 4043 366 4114; x_wconf 78' lang='grc' dir='ltr'>μάσαιτό</span> <span class='ocrx_word' id='word_1_581' title='bbox 394 4061 479 4106; x_wconf 91' lang='grc' dir='ltr'><strong>τις</strong></span> <span class='ocrx_word' id='word_1_582' title='bbox 515 4043 606 4095; x_wconf 86' lang='grc' dir='ltr'><strong>τὸν</strong></span> <span class='ocrx_word' id='word_1_583' title='bbox 646 4045 720 4114; x_wconf 75' lang='grc' dir='ltr'><strong>μὴ</strong></span> <span class='ocrx_word' id='word_1_584' title='bbox 749 4044 840 4096; x_wconf 80' lang='grc' dir='ltr'><strong>ὑπ’</strong></span> <span class='ocrx_word' id='word_1_585' title='bbox 872 4043 1171 4116; x_wconf 80' lang='grc' dir='ltr'>ἀνθρώπων</span> <span class='ocrx_word' id='word_1_586' title='bbox 1197 4047 1314 4117; x_wconf 83' lang='grc' dir='ltr'>μὲν,</span> <span class='ocrx_word' id='word_1_587' title='bbox 1349 4047 1440 4099; x_wconf 82' lang='grc' dir='ltr'><strong>ὑπ’</strong></span> <span class='ocrx_word' id='word_1_588' title='bbox 1473 4045 1634 4100; x_wconf 82' lang='grc' dir='ltr'>αὑτοῦ</span> 
     </span>
    </p>
   </div>
   <div class='ocr_carea' id='block_1_66' title="bbox 1876 4041 3395 4117">
    <p class='ocr_par' dir='ltr' id='par_1_66' title="bbox 1876 4041 3395 4112">
     <span class='ocr_line' id='line_1_66' title="bbox 1876 4041 3395 4112; baseline 0 -18"><span class='ocrx_word' id='word_1_589' title='bbox 1876 4041 1986 4095; x_wconf 90' lang='lat' dir='ltr'><strong>inet</strong></span> <span class='ocrx_word' id='word_1_590' title='bbox 2038 4057 2186 4105; x_wconf 91' lang='lat' dir='ltr'><strong>eum,</strong></span> <span class='ocrx_word' id='word_1_591' title='bbox 2221 4042 2313 4112; x_wconf 91' lang='lat' dir='ltr'><strong>qui</strong></span> <span class='ocrx_word' id='word_1_592' title='bbox 2368 4057 2479 4096; x_wconf 92' lang='lat' dir='ltr'><strong>non</strong></span> <span class='ocrx_word' id='word_1_593' title='bbox 2539 4043 2608 4096; x_wconf 88' lang='lat' dir='ltr'><strong>ab</strong></span> <span class='ocrx_word' id='word_1_594' title='bbox 2658 4041 2994 4106; x_wconf 90' lang='lat' dir='ltr'><strong>hominibus,</strong></span> <span class='ocrx_word' id='word_1_595' title='bbox 3027 4042 3122 4096; x_wconf 89' lang='lat' dir='ltr'><strong>sed</strong></span> <span class='ocrx_word' id='word_1_596' title='bbox 3165 4043 3234 4097; x_wconf 91' lang='lat' dir='ltr'><strong>ab</strong></span> <span class='ocrx_word' id='word_1_597' title='bbox 3276 4043 3395 4111; x_wconf 86' lang='lat' dir='ltr'><strong>ipso</strong></span> 
     </span>
    </p>
   </div>
   <div class='ocr_carea' id='block_1_67' title="bbox 123 4127 1642 4210">
    <p class='ocr_par' dir='ltr' id='par_1_67' title="bbox 123 4135 1642 4210">
     <span class='ocr_line' id='line_1_67' title="bbox 123 4135 1642 4210; baseline 0.003 -25"><span class='ocrx_word' id='word_1_598' title='bbox 123 4135 221 4186; x_wconf 86' lang='grc' dir='ltr'><strong>τοῦ</strong></span> <span class='ocrx_word' id='word_1_599' title='bbox 254 4135 349 4187; x_wconf 71' lang='grc' dir='ltr'><strong>ἐπὶ</strong></span> <span class='ocrx_word' id='word_1_600' title='bbox 384 4136 600 4189; x_wconf 78' lang='grc' dir='ltr'>πάντων</span> <span class='ocrx_word' id='word_1_601' title='bbox 641 4137 775 4189; x_wconf 84' lang='grc' dir='ltr'>Θεοῦ</span> <span class='ocrx_word' id='word_1_602' title='bbox 811 4139 1202 4208; x_wconf 86' lang='grc' dir='ltr'>κεχρισμένον;</span> <span class='ocrx_word' id='word_1_603' title='bbox 1239 4139 1330 4190; x_wconf 75' lang='grc' dir='ltr'>ἐπὶ</span> <span class='ocrx_word' id='word_1_604' title='bbox 1374 4138 1548 4210; x_wconf 77' lang='grc' dir='ltr'>τούτῳ</span> <span class='ocrx_word' id='word_1_605' title='bbox 1584 4155 1642 4207; x_wconf 86' lang='grc' dir='ltr'>γο</span> 
     </span>
    </p>
   </div>
   <div class='ocr_carea' id='block_1_68' title="bbox 1875 4127 3394 4210">
    <p class='ocr_par' dir='ltr' id='par_1_68' title="bbox 1875 4127 3394 4200">
     <span class='ocr_line' id='line_1_68' title="bbox 1875 4127 3394 4200; baseline 0.001 -18"><span class='ocrx_word' id='word_1_606' title='bbox 1875 4145 2073 4200; x_wconf 70' lang='grc' dir='ltr'>ιρτριιιο</span> <span class='ocrx_word' id='word_1_607' title='bbox 2119 4129 2228 4185; x_wconf 93' lang='lat' dir='ltr'><strong>Deo</strong></span> <span class='ocrx_word' id='word_1_608' title='bbox 2268 4131 2340 4186; x_wconf 89' lang='lat' dir='ltr'><strong>sit</strong></span> <span class='ocrx_word' id='word_1_609' title='bbox 2392 4130 2634 4184; x_wconf 89' lang='lat' dir='ltr'><strong>unctus?</strong></span> <span class='ocrx_word' id='word_1_610' title='bbox 2681 4129 2748 4184; x_wconf 87' lang='lat' dir='ltr'><strong>de</strong></span> <span class='ocrx_word' id='word_1_611' title='bbox 2792 4129 2898 4184; x_wconf 92' lang='lat' dir='ltr'><strong>hoc</strong></span> <span class='ocrx_word' id='word_1_612' title='bbox 2939 4131 3104 4199; x_wconf 85' lang='lat' dir='ltr'><strong>igitur</strong></span> <span class='ocrx_word' id='word_1_613' title='bbox 3144 4127 3221 4180; x_wconf 89' lang='lat' dir='ltr'><strong>ait</strong></span> <span class='ocrx_word' id='word_1_614' title='bbox 3281 4144 3295 4178; x_wconf 86' lang='lat'><strong>:</strong></span> <span class='ocrx_word' id='word_1_615' title='bbox 3349 4127 3394 4184; x_wconf 93' lang='grc' dir='ltr'>Ο</span> 
     </span>
    </p>
   </div>
   <div class='ocr_carea' id='block_1_69' title="bbox 123 4217 1642 4300">
    <p class='ocr_par' dir='ltr' id='par_1_69' title="bbox 123 4222 1642 4300">
     <span class='ocr_line' id='line_1_69' title="bbox 123 4222 1642 4300; baseline 0.003 -22"><span class='ocrx_word' id='word_1_616' title='bbox 123 4243 325 4296; x_wconf 77' lang='grc' dir='ltr'>φησιν·</span> <span class='ocrx_word' id='word_1_617' title='bbox 359 4245 377 4278; x_wconf 75' lang='grc' dir='ltr'><strong>ι</strong></span> <span class='ocrx_word' id='word_1_618' title='bbox 417 4222 486 4279; x_wconf 84' lang='grc' dir='ltr'><strong><em>Ὦ</em></strong></span> <span class='ocrx_word' id='word_1_619' title='bbox 508 4228 608 4280; x_wconf 82' lang='grc' dir='ltr'><strong>Θεὲ</strong></span> <span class='ocrx_word' id='word_1_620' title='bbox 633 4228 789 4300; x_wconf 84' lang='grc' dir='ltr'>(πρὸς</span> <span class='ocrx_word' id='word_1_621' title='bbox 816 4226 904 4282; x_wconf 89' lang='grc' dir='ltr'><strong>τὸν</strong></span> <span class='ocrx_word' id='word_1_622' title='bbox 934 4229 1224 4300; x_wconf 77' lang='grc' dir='ltr'>χρισθέντα</span> <span class='ocrx_word' id='word_1_623' title='bbox 1252 4231 1642 4300; x_wconf 59' lang='grc' dir='ltr'>ἀποτεινόμενοι</span> 
     </span>
    </p>
   </div>
   <div class='ocr_carea' id='block_1_70' title="bbox 1872 4217 3391 4300">
    <p class='ocr_par' dir='ltr' id='par_1_70' title="bbox 1872 4217 3391 4291">
     <span class='ocr_line' id='line_1_70' title="bbox 1872 4217 3391 4291; baseline -0.003 -16"><span class='ocrx_word' id='word_1_624' title='bbox 1872 4237 1981 4285; x_wconf 71' lang='lat' dir='ltr'><strong>eus,</strong></span> <span class='ocrx_word' id='word_1_625' title='bbox 2011 4219 2078 4274; x_wconf 91' lang='lat' dir='ltr'><strong>ad</strong></span> <span class='ocrx_word' id='word_1_626' title='bbox 2113 4236 2238 4276; x_wconf 91' lang='lat' dir='ltr'><strong>eum</strong></span> <span class='ocrx_word' id='word_1_627' title='bbox 2293 4221 2386 4291; x_wconf 91' lang='lat' dir='ltr'><strong>qui</strong></span> <span class='ocrx_word' id='word_1_628' title='bbox 2427 4229 2626 4275; x_wconf 85' lang='lat' dir='ltr'><strong>unctus</strong></span> <span class='ocrx_word' id='word_1_629' title='bbox 2657 4228 2740 4275; x_wconf 91' lang='lat' dir='ltr'><strong>est</strong></span> <span class='ocrx_word' id='word_1_630' title='bbox 2779 4234 3085 4275; x_wconf 89' lang='lat' dir='ltr'><strong>sermonem</strong></span> <span class='ocrx_word' id='word_1_631' title='bbox 3126 4217 3391 4285; x_wconf 83' lang='lat' dir='ltr'><strong>dirigens,</strong></span> 
     </span>
    </p>
   </div>
   <div class='ocr_carea' id='block_1_71' title="bbox 122 4306 1641 4392">
    <p class='ocr_par' dir='ltr' id='par_1_71' title="bbox 122 4317 1641 4392">
     <span class='ocr_line' id='line_1_71' title="bbox 122 4317 1641 4392; baseline 0.001 -22"><span class='ocrx_word' id='word_1_632' title='bbox 122 4320 426 4390; x_wconf 72' lang='grc' dir='ltr'>ἠγάπησας</span> <span class='ocrx_word' id='word_1_633' title='bbox 471 4317 835 4391; x_wconf 74' lang='grc' dir='ltr'>δικαιοσύνην,</span> <span class='ocrx_word' id='word_1_634' title='bbox 889 4321 982 4373; x_wconf 73' lang='grc' dir='ltr'><strong>καὶ</strong></span> <span class='ocrx_word' id='word_1_635' title='bbox 1027 4321 1295 4392; x_wconf 77' lang='grc' dir='ltr'>ἐμίσησας</span> <span class='ocrx_word' id='word_1_636' title='bbox 1340 4320 1586 4374; x_wconf 84' lang='grc' dir='ltr'>ἀδικίαν·</span> <span class='ocrx_word' id='word_1_637' title='bbox 1626 4320 1641 4372; x_wconf 75' lang='grc' dir='ltr'><strong>ἰ</strong></span> 
     </span>
    </p>
   </div>
   <div class='ocr_carea' id='block_1_72' title="bbox 1872 4306 3391 4392">
    <p class='ocr_par' dir='ltr' id='par_1_72' title="bbox 1872 4306 3391 4379">
     <span class='ocr_line' id='line_1_72' title="bbox 1872 4306 3391 4379; baseline -0.002 -15"><span class='ocrx_word' id='word_1_638' title='bbox 1872 4306 2392 4378; x_wconf 83' lang='lat' dir='ltr'><strong>lilexistijustitiam,</strong></span> <span class='ocrx_word' id='word_1_639' title='bbox 2415 4317 2469 4366; x_wconf 94' lang='lat' dir='ltr'><strong>et</strong></span> <span class='ocrx_word' id='word_1_640' title='bbox 2517 4309 2681 4366; x_wconf 85' lang='lat' dir='ltr'><strong>odisti</strong></span> <span class='ocrx_word' id='word_1_641' title='bbox 2712 4310 3049 4379; x_wconf 90' lang='lat' dir='ltr'><strong>iniquitatem</strong></span> <span class='ocrx_word' id='word_1_642' title='bbox 3084 4327 3096 4362; x_wconf 93' lang='lat'>:</span> <span class='ocrx_word' id='word_1_643' title='bbox 3138 4315 3391 4378; x_wconf 89' lang='lat' dir='ltr'><strong>pr0pter-</strong></span> 
     </span>
    </p>
   </div>
   <div class='ocr_carea' id='block_1_73' title="bbox 119 4396 1638 4481">
    <p class='ocr_par' dir='ltr' id='par_1_73' title="bbox 119 4407 1638 4481">
     <span class='ocr_line' id='line_1_73' title="bbox 119 4407 1638 4481; baseline 0.001 -21"><span class='ocrx_word' id='word_1_644' title='bbox 119 4407 285 4461; x_wconf 82' lang='grc' dir='ltr'>τοῦτο</span> <span class='ocrx_word' id='word_1_645' title='bbox 313 4411 424 4481; x_wconf 73' lang='grc' dir='ltr'><strong>γὰρ</strong></span> <span class='ocrx_word' id='word_1_646' title='bbox 451 4410 633 4480; x_wconf 81' lang='grc' dir='ltr'>ἔχρισέ</span> <span class='ocrx_word' id='word_1_647' title='bbox 662 4428 720 4462; x_wconf 93' lang='grc' dir='ltr'><strong>σε</strong></span> <span class='ocrx_word' id='word_1_648' title='bbox 747 4413 774 4462; x_wconf 86' lang='grc' dir='ltr'>ὁ</span> <span class='ocrx_word' id='word_1_649' title='bbox 805 4411 935 4475; x_wconf 83' lang='grc' dir='ltr'>Θεὸς</span> <span class='ocrx_word' id='word_1_650' title='bbox 963 4413 990 4462; x_wconf 89' lang='grc' dir='ltr'>ὁ</span> <span class='ocrx_word' id='word_1_651' title='bbox 1018 4412 1153 4474; x_wconf 86' lang='grc' dir='ltr'>Θεός</span> <span class='ocrx_word' id='word_1_652' title='bbox 1186 4430 1300 4466; x_wconf 88' lang='grc' dir='ltr'>σου.</span> <span class='ocrx_word' id='word_1_653' title='bbox 1340 4432 1358 4464; x_wconf 71' lang='grc' dir='ltr'><strong>ι</strong></span> <span class='ocrx_word' id='word_1_654' title='bbox 1411 4413 1554 4464; x_wconf 72' lang='grc' dir='ltr'>Ὠσεὶ</span> <span class='ocrx_word' id='word_1_655' title='bbox 1594 4411 1638 4463; x_wconf 78' lang='grc' dir='ltr'><strong>ἔ)</strong></span> 
     </span>
    </p>
   </div>
   <div class='ocr_carea' id='block_1_74' title="bbox 1876 4396 3395 4481">
    <p class='ocr_par' dir='ltr' id='par_1_74' title="bbox 1911 4396 3395 4465">
     <span class='ocr_line' id='line_1_74' title="bbox 1911 4396 3395 4465; baseline -0.005 -8"><span class='ocrx_word' id='word_1_656' title='bbox 1911 4405 2056 4457; x_wconf 91' lang='lat' dir='ltr'><strong>enim</strong></span> <span class='ocrx_word' id='word_1_657' title='bbox 2093 4402 2250 4456; x_wconf 80' lang='lat' dir='ltr'><strong>unxit</strong></span> <span class='ocrx_word' id='word_1_658' title='bbox 2313 4411 2366 4458; x_wconf 88' lang='lat' dir='ltr'><strong>te</strong></span> <span class='ocrx_word' id='word_1_659' title='bbox 2420 4399 2585 4465; x_wconf 89' lang='lat' dir='ltr'><strong>Deus,</strong></span> <span class='ocrx_word' id='word_1_660' title='bbox 2619 4401 2762 4456; x_wconf 87' lang='lat' dir='ltr'><strong>Deus</strong></span> <span class='ocrx_word' id='word_1_661' title='bbox 2793 4399 2976 4454; x_wconf 59' lang='lat' dir='ltr'><strong>tuus“.</strong></span> <span class='ocrx_word' id='word_1_662' title='bbox 3019 4418 3038 4449; x_wconf 69' lang='grc' dir='ltr'><strong>ι</strong></span> <span class='ocrx_word' id='word_1_663' title='bbox 3073 4396 3141 4452; x_wconf 91' lang='lat' dir='ltr'><strong>Ut</strong></span> <span class='ocrx_word' id='word_1_664' title='bbox 3167 4399 3212 4452; x_wconf 93' lang='lat' dir='ltr'><strong>si</strong></span> <span class='ocrx_word' id='word_1_665' title='bbox 3244 4397 3395 4451; x_wconf 87' lang='lat' dir='ltr'><strong>dice-</strong></span> 
     </span>
    </p>
   </div>
   <div class='ocr_carea' id='block_1_75' title="bbox 118 4491 1637 4573">
    <p class='ocr_par' dir='ltr' id='par_1_75' title="bbox 118 4500 1637 4573">
     <span class='ocr_line' id='line_1_75' title="bbox 118 4500 1637 4573; baseline -0.001 -22"><span class='ocrx_word' id='word_1_666' title='bbox 118 4516 253 4566; x_wconf 76' lang='grc' dir='ltr'>γεν·</span> <span class='ocrx_word' id='word_1_667' title='bbox 291 4500 349 4553; x_wconf 89' lang='lat'><strong>&#39;0</strong></span> <span class='ocrx_word' id='word_1_668' title='bbox 387 4501 481 4552; x_wconf 72' lang='grc' dir='ltr'>ἐπὶ</span> <span class='ocrx_word' id='word_1_669' title='bbox 528 4502 744 4554; x_wconf 79' lang='grc' dir='ltr'>πάντων</span> <span class='ocrx_word' id='word_1_670' title='bbox 773 4501 904 4565; x_wconf 83' lang='grc' dir='ltr'>Θεὸς</span> <span class='ocrx_word' id='word_1_671' title='bbox 959 4502 1143 4573; x_wconf 80' lang='grc' dir='ltr'>ἕχρισέ</span> <span class='ocrx_word' id='word_1_672' title='bbox 1175 4519 1232 4554; x_wconf 93' lang='grc' dir='ltr'><strong>σε</strong></span> <span class='ocrx_word' id='word_1_673' title='bbox 1257 4502 1434 4555; x_wconf 77' lang='grc' dir='ltr'>ἔλαιον</span> <span class='ocrx_word' id='word_1_674' title='bbox 1457 4501 1637 4570; x_wconf 58' lang='grc' dir='ltr'><strong>ἀγαλλη</strong></span> 
     </span>
    </p>
   </div>
   <div class='ocr_carea' id='block_1_76' title="bbox 1873 4491 3392 4573">
    <p class='ocr_par' dir='ltr' id='par_1_76' title="bbox 1877 4491 3392 4561">
     <span class='ocr_line' id='line_1_76' title="bbox 1877 4491 3392 4561; baseline -0.001 -14"><span class='ocrx_word' id='word_1_675' title='bbox 1877 4501 1926 4560; x_wconf 83' lang='grc' dir='ltr'>ι,</span> <span class='ocrx_word' id='word_1_676' title='bbox 1959 4493 2102 4549; x_wconf 90' lang='lat' dir='ltr'><strong>Deus</strong></span> <span class='ocrx_word' id='word_1_677' title='bbox 2145 4493 2306 4548; x_wconf 89' lang='lat' dir='ltr'><strong>Pater</strong></span> <span class='ocrx_word' id='word_1_678' title='bbox 2353 4494 2506 4548; x_wconf 78' lang='lat' dir='ltr'><strong>unxit</strong></span> <span class='ocrx_word' id='word_1_679' title='bbox 2552 4503 2604 4548; x_wconf 83' lang='lat' dir='ltr'><strong>te</strong></span> <span class='ocrx_word' id='word_1_680' title='bbox 2657 4493 2779 4547; x_wconf 93' lang='lat' dir='ltr'><strong>oleo</strong></span> <span class='ocrx_word' id='word_1_681' title='bbox 2837 4491 3238 4557; x_wconf 83' lang='lat' dir='ltr'><strong>exsultationis,</strong></span> <span class='ocrx_word' id='word_1_682' title='bbox 3282 4508 3392 4561; x_wconf 74' lang='lat' dir='ltr'><strong>pra:</strong></span> 
     </span>
    </p>
   </div>
   <div class='ocr_carea' id='block_1_77' title="bbox 122 4585 1641 4664">
    <p class='ocr_par' dir='ltr' id='par_1_77' title="bbox 122 4592 1641 4664">
     <span class='ocr_line' id='line_1_77' title="bbox 122 4592 1641 4664; baseline 0.001 -20"><span class='ocrx_word' id='word_1_683' title='bbox 122 4609 266 4654; x_wconf 86' lang='grc' dir='ltr'>σεως</span> <span class='ocrx_word' id='word_1_684' title='bbox 303 4593 456 4664; x_wconf 76' lang='grc' dir='ltr'>παρὰ</span> <span class='ocrx_word' id='word_1_685' title='bbox 485 4595 608 4657; x_wconf 75' lang='grc' dir='ltr'>τοὺς</span> <span class='ocrx_word' id='word_1_686' title='bbox 637 4595 895 4664; x_wconf 81' lang='grc' dir='ltr'>μετόχους</span> <span class='ocrx_word' id='word_1_687' title='bbox 928 4611 1020 4647; x_wconf 87' lang='grc' dir='ltr'><strong>σου</strong></span> <span class='ocrx_word' id='word_1_688' title='bbox 1041 4612 1052 4624; x_wconf 94' lang='grc'><strong>·</strong></span> <span class='ocrx_word' id='word_1_689' title='bbox 1094 4592 1232 4647; x_wconf 79' lang='grc' dir='ltr'>ὥστε</span> <span class='ocrx_word' id='word_1_690' title='bbox 1259 4594 1379 4646; x_wconf 75' lang='grc' dir='ltr'>οὐδὲ</span> <span class='ocrx_word' id='word_1_691' title='bbox 1411 4593 1587 4646; x_wconf 86' lang='grc' dir='ltr'>κοινὸν</span> <span class='ocrx_word' id='word_1_692' title='bbox 1618 4607 1641 4646; x_wconf 66' lang='lat'><strong>&gt;1</strong></span> 
     </span>
    </p>
   </div>
   <div class='ocr_carea' id='block_1_78' title="bbox 1865 4585 3384 4664">
    <p class='ocr_par' dir='ltr' id='par_1_78' title="bbox 1865 4585 3384 4655">
     <span class='ocr_line' id='line_1_78' title="bbox 1865 4585 3384 4655; baseline -0.003 -16"><span class='ocrx_word' id='word_1_693' title='bbox 1865 4587 2169 4655; x_wconf 77' lang='lat' dir='ltr'><strong>trticipibus</strong></span> <span class='ocrx_word' id='word_1_694' title='bbox 2200 4587 2310 4640; x_wconf 91' lang='lat' dir='ltr'><strong>tuis</strong></span> <span class='ocrx_word' id='word_1_695' title='bbox 2345 4604 2358 4639; x_wconf 89' lang='lat'><strong>:</strong></span> <span class='ocrx_word' id='word_1_696' title='bbox 2390 4585 2463 4639; x_wconf 91' lang='lat' dir='ltr'><strong>ita</strong></span> <span class='ocrx_word' id='word_1_697' title='bbox 2501 4601 2676 4655; x_wconf 89' lang='lat' dir='ltr'><strong>neque</strong></span> <span class='ocrx_word' id='word_1_698' title='bbox 2698 4599 2989 4639; x_wconf 89' lang='lat' dir='ltr'><strong>commune</strong></span> <span class='ocrx_word' id='word_1_699' title='bbox 3021 4591 3074 4638; x_wconf 92' lang='lat' dir='ltr'><strong>et</strong></span> <span class='ocrx_word' id='word_1_700' title='bbox 3108 4591 3384 4637; x_wconf 87' lang='lat' dir='ltr'><strong>terrenum</strong></span> 
     </span>
    </p>
   </div>
   <div class='ocr_carea' id='block_1_79' title="bbox 119 4673 1638 4755">
    <p class='ocr_par' dir='ltr' id='par_1_79' title="bbox 119 4681 1638 4755">
     <span class='ocr_line' id='line_1_79' title="bbox 119 4681 1638 4755; baseline -0.001 -21"><span class='ocrx_word' id='word_1_701' title='bbox 119 4683 331 4749; x_wconf 80' lang='grc' dir='ltr'>γεῶδες</span> <span class='ocrx_word' id='word_1_702' title='bbox 372 4683 435 4735; x_wconf 84' lang='grc' dir='ltr'><strong>τὸ</strong></span> <span class='ocrx_word' id='word_1_703' title='bbox 474 4683 799 4755; x_wconf 72' lang='grc' dir='ltr'>δηλούμενον</span> <span class='ocrx_word' id='word_1_704' title='bbox 840 4685 996 4737; x_wconf 86' lang='grc' dir='ltr'>τοῦτο</span> <span class='ocrx_word' id='word_1_705' title='bbox 1024 4684 1231 4755; x_wconf 87' lang='grc' dir='ltr'>χρίσμα</span> <span class='ocrx_word' id='word_1_706' title='bbox 1257 4681 1324 4754; x_wconf 81' lang='grc' dir='ltr'>ἦν</span> <span class='ocrx_word' id='word_1_707' title='bbox 1346 4723 1359 4745; x_wconf 92' lang='lat'><strong>,</strong></span> <span class='ocrx_word' id='word_1_708' title='bbox 1387 4684 1505 4736; x_wconf 78' lang='grc' dir='ltr'>οὐδὲ</span> <span class='ocrx_word' id='word_1_709' title='bbox 1529 4684 1638 4754; x_wconf 61' lang='grc' dir='ltr'>ὅμοι</span> 
     </span>
    </p>
   </div>
   <div class='ocr_carea' id='block_1_80' title="bbox 1875 4673 3394 4755">
    <p class='ocr_par' dir='ltr' id='par_1_80' title="bbox 1877 4673 3394 4748">
     <span class='ocr_line' id='line_1_80' title="bbox 1877 4673 3394 4748; baseline -0.003 -17"><span class='ocrx_word' id='word_1_710' title='bbox 1877 4687 1895 4731; x_wconf 82' lang='grc' dir='ltr'><strong>ι</strong></span> <span class='ocrx_word' id='word_1_711' title='bbox 1926 4678 2028 4731; x_wconf 90' lang='lat' dir='ltr'><strong>hoc</strong></span> <span class='ocrx_word' id='word_1_712' title='bbox 2049 4678 2116 4732; x_wconf 90' lang='lat' dir='ltr'><strong>de</strong></span> <span class='ocrx_word' id='word_1_713' title='bbox 2152 4693 2260 4747; x_wconf 88' lang='lat' dir='ltr'><strong>quo</strong></span> <span class='ocrx_word' id='word_1_714' title='bbox 2287 4677 2464 4748; x_wconf 87' lang='lat' dir='ltr'><strong>agitur</strong></span> <span class='ocrx_word' id='word_1_715' title='bbox 2496 4687 2853 4745; x_wconf 82' lang='lat' dir='ltr'><strong>unguentum,</strong></span> <span class='ocrx_word' id='word_1_716' title='bbox 2887 4690 3066 4744; x_wconf 87' lang='lat' dir='ltr'><strong>neque</strong></span> <span class='ocrx_word' id='word_1_717' title='bbox 3109 4674 3186 4726; x_wconf 90' lang='lat' dir='ltr'><strong>illi</strong></span> <span class='ocrx_word' id='word_1_718' title='bbox 3215 4673 3394 4728; x_wconf 86' lang='lat' dir='ltr'><strong>simile</strong></span> 
     </span>
    </p>
   </div>
   <div class='ocr_carea' id='block_1_81' title="bbox 119 4749 1638 4847">
    <p class='ocr_par' dir='ltr' id='par_1_81' title="bbox 119 4749 1638 4847">
     <span class='ocr_line' id='line_1_81' title="bbox 119 4749 1638 4847; baseline 0 -21"><span class='ocrx_word' id='word_1_719' title='bbox 119 4774 201 4844; x_wconf 79' lang='grc' dir='ltr'>τῷ</span> <span class='ocrx_word' id='word_1_720' title='bbox 227 4775 384 4844; x_wconf 73' lang='grc' dir='ltr'>παρὰ</span> <span class='ocrx_word' id='word_1_721' title='bbox 403 4749 588 4828; x_wconf 82' lang='grc' dir='ltr'>Μωσεί</span> <span class='ocrx_word' id='word_1_722' title='bbox 608 4749 932 4845; x_wconf 78' lang='grc' dir='ltr'>νενομοθετη</span> <span class='ocrx_word' id='word_1_723' title='bbox 943 4749 1086 4845; x_wconf 62' lang='grc' dir='ltr'>μένῳ</span> <span class='ocrx_word' id='word_1_724' title='bbox 1115 4749 1208 4828; x_wconf 69' lang='grc' dir='ltr'><strong>καὶ</strong></span> <span class='ocrx_word' id='word_1_725' title='bbox 1229 4749 1472 4847; x_wconf 77' lang='grc' dir='ltr'>φθαρτῆς</span> <span class='ocrx_word' id='word_1_726' title='bbox 1496 4749 1638 4838; x_wconf 25' lang='grc' dir='ltr'>ὲξνῦλ</span> 
     </span>
    </p>
   </div>
   <div class='ocr_carea' id='block_1_82' title="bbox 1876 4749 3395 4847">
    <p class='ocr_par' dir='ltr' id='par_1_82' title="bbox 1876 4768 3395 4839">
     <span class='ocr_line' id='line_1_82' title="bbox 1876 4768 3395 4839; baseline -0.003 -17"><span class='ocrx_word' id='word_1_727' title='bbox 1876 4768 1961 4822; x_wconf 76' lang='grc' dir='ltr'>ιοᾶ</span> <span class='ocrx_word' id='word_1_728' title='bbox 1993 4769 2134 4838; x_wconf 91' lang='lat' dir='ltr'><strong>apud</strong></span> <span class='ocrx_word' id='word_1_729' title='bbox 2167 4768 2404 4839; x_wconf 77' lang='lat' dir='ltr'><strong>Moysem</strong></span> <span class='ocrx_word' id='word_1_730' title='bbox 2439 4769 2554 4838; x_wconf 83' lang='lat' dir='ltr'><strong>lege</strong></span> <span class='ocrx_word' id='word_1_731' title='bbox 2579 4768 2849 4823; x_wconf 89' lang='lat' dir='ltr'><strong>sancitum</strong></span> <span class='ocrx_word' id='word_1_732' title='bbox 2880 4774 2986 4830; x_wconf 88' lang='lat' dir='ltr'><strong>est,</strong></span> <span class='ocrx_word' id='word_1_733' title='bbox 3019 4775 3074 4820; x_wconf 92' lang='lat' dir='ltr'><strong>et</strong></span> <span class='ocrx_word' id='word_1_734' title='bbox 3105 4781 3171 4820; x_wconf 81' lang='lat' dir='ltr'><strong>ex</strong></span> <span class='ocrx_word' id='word_1_735' title='bbox 3199 4779 3395 4818; x_wconf 82' lang='lat' dir='ltr'><strong>corru-</strong></span> 
     </span>
    </p>
   </div>
   <div class='ocr_carea' id='block_1_83' title="bbox 119 4859 1638 4938">
    <p class='ocr_par' dir='ltr' id='par_1_83' title="bbox 119 4862 1638 4938">
     <span class='ocr_line' id='line_1_83' title="bbox 119 4862 1638 4938; baseline -0.001 -20"><span class='ocrx_word' id='word_1_736' title='bbox 119 4868 642 4936; x_wconf 84' lang='grc' dir='ltr'>κατεσκευασμένῳ,</span> <span class='ocrx_word' id='word_1_737' title='bbox 735 4867 885 4936; x_wconf 78' lang='grc' dir='ltr'>φίλον</span> <span class='ocrx_word' id='word_1_738' title='bbox 907 4862 975 4937; x_wconf 82' lang='grc' dir='ltr'>ἦν</span> <span class='ocrx_word' id='word_1_739' title='bbox 1003 4871 1127 4930; x_wconf 79' lang='grc' dir='ltr'>τοὺς</span> <span class='ocrx_word' id='word_1_740' title='bbox 1149 4866 1411 4929; x_wconf 80' lang='grc' dir='ltr'>παλαιοὺς</span> <span class='ocrx_word' id='word_1_741' title='bbox 1448 4866 1638 4938; x_wconf 63' lang='grc' dir='ltr'>Ἐϐραίι</span> 
     </span>
    </p>
   </div>
   <div class='ocr_carea' id='block_1_84' title="bbox 1874 4859 3393 4938">
    <p class='ocr_par' dir='ltr' id='par_1_84' title="bbox 1879 4859 3393 4929">
     <span class='ocr_line' id='line_1_84' title="bbox 1879 4859 3393 4929; baseline 0 -16"><span class='ocrx_word' id='word_1_742' title='bbox 1879 4860 1989 4913; x_wconf 92' lang='lat' dir='ltr'><strong>ioni</strong></span> <span class='ocrx_word' id='word_1_743' title='bbox 2011 4860 2247 4914; x_wconf 84' lang='lat' dir='ltr'><strong>obnoxia</strong></span> <span class='ocrx_word' id='word_1_744' title='bbox 2272 4861 2495 4913; x_wconf 87' lang='lat' dir='ltr'><strong>materia</strong></span> <span class='ocrx_word' id='word_1_745' title='bbox 2521 4868 2918 4928; x_wconf 88' lang='lat' dir='ltr'><strong>comparatum,</strong></span> <span class='ocrx_word' id='word_1_746' title='bbox 2939 4875 3045 4929; x_wconf 94' lang='lat' dir='ltr'><strong>quo</strong></span> <span class='ocrx_word' id='word_1_747' title='bbox 3071 4874 3204 4912; x_wconf 88' lang='lat' dir='ltr'><strong>sane</strong></span> <span class='ocrx_word' id='word_1_748' title='bbox 3224 4859 3393 4913; x_wconf 81' lang='lat' dir='ltr'><strong>moris</strong></span> 
     </span>
    </p>
   </div>
   <div class='ocr_carea' id='block_1_85' title="bbox 120 4952 1639 5034">
    <p class='ocr_par' dir='ltr' id='par_1_85' title="bbox 120 4961 1639 5034">
     <span class='ocr_line' id='line_1_85' title="bbox 120 4961 1639 5034; baseline -0.001 -20"><span class='ocrx_word' id='word_1_749' title='bbox 120 4963 306 5032; x_wconf 79' lang='grc' dir='ltr'>ἱερέας</span> <span class='ocrx_word' id='word_1_750' title='bbox 350 4961 444 5013; x_wconf 69' lang='grc' dir='ltr'><strong>καὶ</strong></span> <span class='ocrx_word' id='word_1_751' title='bbox 479 4961 728 5031; x_wconf 79' lang='grc' dir='ltr'>βασιλέας</span> <span class='ocrx_word' id='word_1_752' title='bbox 778 4962 1045 5034; x_wconf 77' lang='grc' dir='ltr'>χρίεσθαι.</span> <span class='ocrx_word' id='word_1_753' title='bbox 1077 4961 1266 5014; x_wconf 86' lang='grc' dir='ltr'>Ἔνθεν</span> <span class='ocrx_word' id='word_1_754' title='bbox 1313 4962 1445 5031; x_wconf 79' lang='grc' dir='ltr'>ἡμῖν</span> <span class='ocrx_word' id='word_1_755' title='bbox 1487 4961 1639 5013; x_wconf 79' lang='grc' dir='ltr'>είκότι</span> 
     </span>
    </p>
   </div>
   <div class='ocr_carea' id='block_1_86' title="bbox 1874 4952 3393 5034">
    <p class='ocr_par' dir='ltr' id='par_1_86' title="bbox 1879 4952 3393 5022">
     <span class='ocr_line' id='line_1_86' title="bbox 1879 4952 3393 5022; baseline -0.003 -12"><span class='ocrx_word' id='word_1_756' title='bbox 1879 4967 1996 5011; x_wconf 86' lang='lat' dir='ltr'><strong>erat</strong></span> <span class='ocrx_word' id='word_1_757' title='bbox 2024 4964 2232 5011; x_wconf 88' lang='lat' dir='ltr'><strong>veteres</strong></span> <span class='ocrx_word' id='word_1_758' title='bbox 2249 4954 2504 5010; x_wconf 86' lang='lat' dir='ltr'><strong>Hebraeos</strong></span> <span class='ocrx_word' id='word_1_759' title='bbox 2538 4962 2593 5008; x_wconf 87' lang='lat' dir='ltr'><strong>et</strong></span> <span class='ocrx_word' id='word_1_760' title='bbox 2628 4955 2942 5009; x_wconf 82' lang='lat' dir='ltr'><strong>sacerdotes</strong></span> <span class='ocrx_word' id='word_1_761' title='bbox 2971 4961 3026 5006; x_wconf 88' lang='lat' dir='ltr'><strong>et</strong></span> <span class='ocrx_word' id='word_1_762' title='bbox 3049 4968 3204 5022; x_wconf 83' lang='lat' dir='ltr'><strong>reges</strong></span> <span class='ocrx_word' id='word_1_763' title='bbox 3228 4952 3393 5005; x_wconf 85' lang='lat' dir='ltr'><strong>inun-</strong></span> 
     </span>
    </p>
   </div>
   <div class='ocr_carea' id='block_1_87' title="bbox 119 5041 1638 5123">
    <p class='ocr_par' dir='ltr' id='par_1_87' title="bbox 119 5050 1638 5123">
     <span class='ocr_line' id='line_1_87' title="bbox 119 5050 1638 5123; baseline -0.002 -19"><span class='ocrx_word' id='word_1_764' title='bbox 119 5055 215 5105; x_wconf 75' lang='grc' dir='ltr'><strong>καὶ</strong></span> <span class='ocrx_word' id='word_1_765' title='bbox 243 5052 378 5114; x_wconf 79' lang='grc' dir='ltr'>Θεὸς</span> <span class='ocrx_word' id='word_1_766' title='bbox 398 5052 531 5123; x_wconf 88' lang='grc' dir='ltr'>όμοῦ</span> <span class='ocrx_word' id='word_1_767' title='bbox 557 5055 648 5106; x_wconf 81' lang='grc' dir='ltr'><strong>καὶ</strong></span> <span class='ocrx_word' id='word_1_768' title='bbox 681 5054 914 5123; x_wconf 74' lang='grc' dir='ltr'>Χριστὸς</span> <span class='ocrx_word' id='word_1_769' title='bbox 937 5052 1298 5123; x_wconf 78' lang='grc' dir='ltr'>ἀνηγόρευται</span> <span class='ocrx_word' id='word_1_770' title='bbox 1319 5090 1333 5114; x_wconf 87' lang='grc'><em>,</em></span> <span class='ocrx_word' id='word_1_771' title='bbox 1378 5050 1525 5104; x_wconf 77' lang='grc' dir='ltr'>ὠσὰν</span> <span class='ocrx_word' id='word_1_772' title='bbox 1553 5051 1638 5121; x_wconf 58' lang='grc' dir='ltr'>μόη</span> 
     </span>
    </p>
   </div>
   <div class='ocr_carea' id='block_1_88' title="bbox 1875 5041 3394 5123">
    <p class='ocr_par' dir='ltr' id='par_1_88' title="bbox 1875 5041 3394 5110">
     <span class='ocr_line' id='line_1_88' title="bbox 1875 5041 3394 5110; baseline -0.004 -9"><span class='ocrx_word' id='word_1_773' title='bbox 1875 5064 1944 5103; x_wconf 82' lang='lat' dir='ltr'><strong>:re</strong></span> <span class='ocrx_word' id='word_1_774' title='bbox 1979 5067 1991 5102; x_wconf 77' lang='grc' dir='ltr'>ε</span> <span class='ocrx_word' id='word_1_775' title='bbox 2029 5049 2154 5103; x_wconf 91' lang='lat' dir='ltr'><strong>inde</strong></span> <span class='ocrx_word' id='word_1_776' title='bbox 2203 5048 2362 5102; x_wconf 92' lang='lat' dir='ltr'><strong>nobis</strong></span> <span class='ocrx_word' id='word_1_777' title='bbox 2409 5047 2623 5110; x_wconf 90' lang='lat' dir='ltr'><strong>merito,</strong></span> <span class='ocrx_word' id='word_1_778' title='bbox 2656 5053 2710 5100; x_wconf 90' lang='lat' dir='ltr'><strong>et</strong></span> <span class='ocrx_word' id='word_1_779' title='bbox 2756 5044 2899 5098; x_wconf 87' lang='lat' dir='ltr'><strong>Deus</strong></span> <span class='ocrx_word' id='word_1_780' title='bbox 2948 5043 3110 5098; x_wconf 90' lang='lat' dir='ltr'><strong>simul</strong></span> <span class='ocrx_word' id='word_1_781' title='bbox 3146 5050 3199 5096; x_wconf 90' lang='lat' dir='ltr'><strong>et</strong></span> <span class='ocrx_word' id='word_1_782' title='bbox 3231 5041 3394 5096; x_wconf 88' lang='lat' dir='ltr'><strong>Chri-</strong></span> 
     </span>
    </p>
   </div>
   <div class='ocr_carea' id='block_1_89' title="bbox 123 5135 1642 5217">
    <p class='ocr_par' dir='ltr' id='par_1_89' title="bbox 123 5141 1623 5217">
     <span class='ocr_line' id='line_1_89' title="bbox 123 5141 1623 5217; baseline -0.002 -20"><span class='ocrx_word' id='word_1_783' title='bbox 123 5145 199 5216; x_wconf 72' lang='grc' dir='ltr'>μὴ</span> <span class='ocrx_word' id='word_1_784' title='bbox 239 5146 308 5197; x_wconf 81' lang='grc' dir='ltr'>δι’</span> <span class='ocrx_word' id='word_1_785' title='bbox 345 5144 669 5216; x_wconf 82' lang='grc' dir='ltr'>ἀνθρώπων,</span> <span class='ocrx_word' id='word_1_786' title='bbox 705 5146 827 5217; x_wconf 80' lang='grc' dir='ltr'>μηδ’</span> <span class='ocrx_word' id='word_1_787' title='bbox 852 5146 910 5211; x_wconf 81' lang='grc' dir='ltr'>ἐξ</span> <span class='ocrx_word' id='word_1_788' title='bbox 936 5144 1236 5215; x_wconf 79' lang='grc' dir='ltr'>ἀνθρώπων</span> <span class='ocrx_word' id='word_1_789' title='bbox 1256 5183 1270 5207; x_wconf 92' lang='grc'><em>,</em></span> <span class='ocrx_word' id='word_1_790' title='bbox 1299 5143 1434 5215; x_wconf 87' lang='grc' dir='ltr'>πρὸς</span> <span class='ocrx_word' id='word_1_791' title='bbox 1460 5141 1623 5196; x_wconf 78' lang='grc' dir='ltr'>αὐτοῦ</span> 
     </span>
    </p>
   </div>
   <div class='ocr_carea' id='block_1_90' title="bbox 1872 5135 3391 5217">
    <p class='ocr_par' dir='ltr' id='par_1_90' title="bbox 1873 5135 3391 5210">
     <span class='ocr_line' id='line_1_90' title="bbox 1873 5135 3391 5210; baseline -0.005 -16"><span class='ocrx_word' id='word_1_792' title='bbox 1873 5155 1936 5196; x_wconf 82' lang='lat' dir='ltr'><strong>us</strong></span> <span class='ocrx_word' id='word_1_793' title='bbox 1973 5141 2277 5210; x_wconf 89' lang='lat' dir='ltr'><strong>appellatus</strong></span> <span class='ocrx_word' id='word_1_794' title='bbox 2310 5147 2414 5200; x_wconf 91' lang='lat' dir='ltr'><strong>est,</strong></span> <span class='ocrx_word' id='word_1_795' title='bbox 2447 5148 2703 5207; x_wconf 89' lang='lat' dir='ltr'><strong>tanquam</strong></span> <span class='ocrx_word' id='word_1_796' title='bbox 2744 5137 2791 5191; x_wconf 93' lang='lat' dir='ltr'><strong>is</strong></span> <span class='ocrx_word' id='word_1_797' title='bbox 2819 5136 2908 5206; x_wconf 86' lang='lat' dir='ltr'><strong>qui</strong></span> <span class='ocrx_word' id='word_1_798' title='bbox 2942 5135 3111 5197; x_wconf 89' lang='lat' dir='ltr'><strong>solus,</strong></span> <span class='ocrx_word' id='word_1_799' title='bbox 3146 5151 3252 5188; x_wconf 90' lang='lat' dir='ltr'><strong>non</strong></span> <span class='ocrx_word' id='word_1_800' title='bbox 3297 5151 3391 5205; x_wconf 75' lang='lat' dir='ltr'><strong>per</strong></span> 
     </span>
    </p>
   </div>
   <div class='ocr_carea' id='block_1_91' title="bbox 121 5226 1640 5308">
    <p class='ocr_par' dir='ltr' id='par_1_91' title="bbox 121 5235 1640 5308">
     <span class='ocr_line' id='line_1_91' title="bbox 121 5235 1640 5308; baseline -0.001 -20"><span class='ocrx_word' id='word_1_801' title='bbox 121 5238 214 5290; x_wconf 87' lang='grc' dir='ltr'><strong>τοῦ</strong></span> <span class='ocrx_word' id='word_1_802' title='bbox 240 5237 352 5290; x_wconf 82' lang='grc' dir='ltr'><strong>τῶν</strong></span> <span class='ocrx_word' id='word_1_803' title='bbox 372 5237 508 5289; x_wconf 77' lang='grc' dir='ltr'>ὅλων</span> <span class='ocrx_word' id='word_1_804' title='bbox 544 5237 772 5308; x_wconf 79' lang='grc' dir='ltr'>Ποιητοῦ</span> <span class='ocrx_word' id='word_1_805' title='bbox 799 5239 896 5308; x_wconf 81' lang='grc' dir='ltr'><strong>τῆς</strong></span> <span class='ocrx_word' id='word_1_806' title='bbox 925 5237 1108 5290; x_wconf 78' lang='grc' dir='ltr'>ἐνθέου</span> <span class='ocrx_word' id='word_1_807' title='bbox 1131 5238 1304 5308; x_wconf 79' lang='grc' dir='ltr'>χαρᾶς</span> <span class='ocrx_word' id='word_1_808' title='bbox 1333 5237 1427 5288; x_wconf 71' lang='grc' dir='ltr'>καὶ</span> <span class='ocrx_word' id='word_1_809' title='bbox 1454 5235 1640 5303; x_wconf 82' lang='grc' dir='ltr'>ἀγαλλι</span> 
     </span>
    </p>
   </div>
   <div class='ocr_carea' id='block_1_92' title="bbox 1874 5226 3393 5308">
    <p class='ocr_par' dir='ltr' id='par_1_92' title="bbox 1874 5226 3393 5300">
     <span class='ocr_line' id='line_1_92' title="bbox 1874 5226 3393 5300; baseline -0.004 -16"><span class='ocrx_word' id='word_1_810' title='bbox 1874 5233 2086 5294; x_wconf 65' lang='lat' dir='ltr'><strong>imines,</strong></span> <span class='ocrx_word' id='word_1_811' title='bbox 2147 5245 2322 5300; x_wconf 87' lang='lat' dir='ltr'><strong>neque</strong></span> <span class='ocrx_word' id='word_1_812' title='bbox 2371 5229 2439 5284; x_wconf 93' lang='lat' dir='ltr'><strong>ab</strong></span> <span class='ocrx_word' id='word_1_813' title='bbox 2490 5229 2825 5290; x_wconf 89' lang='lat' dir='ltr'><strong>hominibus,</strong></span> <span class='ocrx_word' id='word_1_814' title='bbox 2857 5227 2941 5279; x_wconf 82' lang='lat' dir='ltr'><strong>ab</strong></span> <span class='ocrx_word' id='word_1_815' title='bbox 2968 5226 3084 5295; x_wconf 89' lang='lat' dir='ltr'><strong>ipso</strong></span> <span class='ocrx_word' id='word_1_816' title='bbox 3113 5242 3243 5280; x_wconf 86' lang='lat' dir='ltr'><strong>vero</strong></span> <span class='ocrx_word' id='word_1_817' title='bbox 3272 5227 3393 5278; x_wconf 88' lang='lat' dir='ltr'><strong>uni-</strong></span> 
     </span>
    </p>
   </div>
   <div class='ocr_carea' id='block_1_93' title="bbox 122 5317 1641 5398">
    <p class='ocr_par' dir='ltr' id='par_1_93' title="bbox 122 5324 1640 5398">
     <span class='ocr_line' id='line_1_93' title="bbox 122 5324 1640 5398; baseline -0.002 -19"><span class='ocrx_word' id='word_1_818' title='bbox 122 5344 262 5391; x_wconf 88' lang='grc' dir='ltr'>σεως</span> <span class='ocrx_word' id='word_1_819' title='bbox 291 5330 570 5398; x_wconf 81' lang='grc' dir='ltr'>ἀσωμάτῳ</span> <span class='ocrx_word' id='word_1_820' title='bbox 593 5329 687 5381; x_wconf 75' lang='grc' dir='ltr'>καὶ</span> <span class='ocrx_word' id='word_1_821' title='bbox 711 5329 1004 5397; x_wconf 82' lang='grc' dir='ltr'>θεοπρεπεί</span> <span class='ocrx_word' id='word_1_822' title='bbox 1037 5327 1293 5398; x_wconf 84' lang='grc' dir='ltr'>χρίσματι</span> <span class='ocrx_word' id='word_1_823' title='bbox 1315 5324 1640 5395; x_wconf 82' lang='grc' dir='ltr'>κεχρισμένο</span> 
     </span>
    </p>
   </div>
   <div class='ocr_carea' id='block_1_94' title="bbox 1868 5317 3387 5398">
    <p class='ocr_par' dir='ltr' id='par_1_94' title="bbox 1868 5317 3387 5386">
     <span class='ocr_line' id='line_1_94' title="bbox 1868 5317 3387 5386; baseline -0.005 -10"><span class='ocrx_word' id='word_1_824' title='bbox 1868 5323 1957 5376; x_wconf 65' lang='lat' dir='ltr'><strong>arsi</strong></span> <span class='ocrx_word' id='word_1_825' title='bbox 1990 5321 2231 5376; x_wconf 87' lang='lat' dir='ltr'><strong>Auctore</strong></span> <span class='ocrx_word' id='word_1_826' title='bbox 2275 5320 2473 5375; x_wconf 62' lang='lat' dir='ltr'><strong>divinae</strong></span> <span class='ocrx_word' id='word_1_827' title='bbox 2509 5319 2708 5373; x_wconf 63' lang='lat' dir='ltr'><strong>lmtitiae</strong></span> <span class='ocrx_word' id='word_1_828' title='bbox 2760 5325 2925 5386; x_wconf 87' lang='lat' dir='ltr'><strong>atque</strong></span> <span class='ocrx_word' id='word_1_829' title='bbox 2982 5317 3387 5378; x_wconf 82' lang='lat' dir='ltr'><strong>exsultationis,</strong></span> 
     </span>
    </p>
   </div>
   <div class='ocr_carea' id='block_1_95' title="bbox 121 5408 1640 5492">
    <p class='ocr_par' dir='ltr' id='par_1_95' title="bbox 121 5416 1639 5492">
     <span class='ocr_line' id='line_1_95' title="bbox 121 5416 1639 5492; baseline -0.003 -20"><span class='ocrx_word' id='word_1_830' title='bbox 121 5420 318 5492; x_wconf 78' lang='grc' dir='ltr'>διόπερ</span> <span class='ocrx_word' id='word_1_831' title='bbox 356 5421 581 5483; x_wconf 81' lang='grc' dir='ltr'>ἐνδίκως</span> <span class='ocrx_word' id='word_1_832' title='bbox 609 5420 766 5490; x_wconf 80' lang='grc' dir='ltr'>μόνος</span> <span class='ocrx_word' id='word_1_833' title='bbox 792 5419 1011 5489; x_wconf 81' lang='grc' dir='ltr'>ἀγαθῶς</span> <span class='ocrx_word' id='word_1_834' title='bbox 1040 5420 1134 5472; x_wconf 78' lang='grc' dir='ltr'><strong>καὶ</strong></span> <span class='ocrx_word' id='word_1_835' title='bbox 1165 5418 1370 5489; x_wconf 89' lang='grc' dir='ltr'>κυρίως</span> <span class='ocrx_word' id='word_1_836' title='bbox 1401 5416 1549 5488; x_wconf 80' lang='grc' dir='ltr'>παρὰ</span> <span class='ocrx_word' id='word_1_837' title='bbox 1578 5433 1639 5468; x_wconf 89' lang='grc' dir='ltr'><strong>το</strong></span> 
     </span>
    </p>
   </div>
   <div class='ocr_carea' id='block_1_96' title="bbox 1866 5408 3385 5492">
    <p class='ocr_par' dir='ltr' id='par_1_96' title="bbox 1866 5408 3385 5485">
     <span class='ocr_line' id='line_1_96' title="bbox 1866 5408 3385 5485; baseline -0.008 -16"><span class='ocrx_word' id='word_1_838' title='bbox 1866 5430 2136 5485; x_wconf 62' lang='grc' dir='ltr'>ιοοτροτεο</span> <span class='ocrx_word' id='word_1_839' title='bbox 2163 5421 2217 5468; x_wconf 93' lang='lat' dir='ltr'><strong>et</strong></span> <span class='ocrx_word' id='word_1_840' title='bbox 2252 5413 2341 5467; x_wconf 87' lang='lat' dir='ltr'><strong>Dei</strong></span> <span class='ocrx_word' id='word_1_841' title='bbox 2369 5413 2655 5482; x_wconf 85' lang='lat' dir='ltr'><strong>majestate</strong></span> <span class='ocrx_word' id='word_1_842' title='bbox 2678 5411 2843 5481; x_wconf 81' lang='lat' dir='ltr'><strong>digno</strong></span> <span class='ocrx_word' id='word_1_843' title='bbox 2867 5416 3147 5480; x_wconf 87' lang='lat' dir='ltr'><strong>unguento</strong></span> <span class='ocrx_word' id='word_1_844' title='bbox 3181 5408 3252 5461; x_wconf 90' lang='lat' dir='ltr'><strong>sit</strong></span> <span class='ocrx_word' id='word_1_845' title='bbox 3281 5424 3385 5459; x_wconf 91' lang='lat' dir='ltr'><strong>un-</strong></span> 
     </span>
    </p>
   </div>
   <div class='ocr_carea' id='block_1_97' title="bbox 121 5499 1640 5582">
    <p class='ocr_par' dir='ltr' id='par_1_97' title="bbox 121 5506 1640 5582">
     <span class='ocr_line' id='line_1_97' title="bbox 121 5506 1640 5582; baseline -0.003 -21"><span class='ocrx_word' id='word_1_846' title='bbox 121 5511 558 5582; x_wconf 76' lang='grc' dir='ltr'>ὀνομαζομένους</span> <span class='ocrx_word' id='word_1_847' title='bbox 581 5509 745 5564; x_wconf 83' lang='grc' dir='ltr'>αὐτοῦ</span> <span class='ocrx_word' id='word_1_848' title='bbox 783 5509 1040 5580; x_wconf 88' lang='grc' dir='ltr'>μετόχους</span> <span class='ocrx_word' id='word_1_849' title='bbox 1067 5507 1298 5578; x_wconf 85' lang='grc' dir='ltr'>Χριστὸς</span> <span class='ocrx_word' id='word_1_850' title='bbox 1327 5507 1392 5559; x_wconf 84' lang='grc' dir='ltr'>ἂν</span> <span class='ocrx_word' id='word_1_851' title='bbox 1412 5506 1640 5576; x_wconf 86' lang='grc' dir='ltr'>ἁναγορε</span> 
     </span>
    </p>
   </div>
   <div class='ocr_carea' id='block_1_98' title="bbox 1870 5499 3389 5582">
    <p class='ocr_par' dir='ltr' id='par_1_98' title="bbox 1874 5499 3389 5576">
     <span class='ocr_line' id='line_1_98' title="bbox 1874 5499 3389 5576; baseline -0.007 -14"><span class='ocrx_word' id='word_1_852' title='bbox 1874 5523 1938 5562; x_wconf 86' lang='lat' dir='ltr'><strong>us</strong></span> <span class='ocrx_word' id='word_1_853' title='bbox 1983 5526 1995 5561; x_wconf 93' lang='lat'><strong>:</strong></span> <span class='ocrx_word' id='word_1_854' title='bbox 2039 5514 2373 5576; x_wconf 79' lang='lat' dir='ltr'><strong>quapropter</strong></span> <span class='ocrx_word' id='word_1_855' title='bbox 2406 5506 2553 5573; x_wconf 86' lang='lat' dir='ltr'><strong>juste</strong></span> <span class='ocrx_word' id='word_1_856' title='bbox 2598 5504 2770 5564; x_wconf 89' lang='lat' dir='ltr'><strong>solus,</strong></span> <span class='ocrx_word' id='word_1_857' title='bbox 2804 5503 2922 5557; x_wconf 91' lang='lat' dir='ltr'><strong>sine</strong></span> <span class='ocrx_word' id='word_1_858' title='bbox 2968 5500 3170 5553; x_wconf 85' lang='lat' dir='ltr'><strong>malitia</strong></span> <span class='ocrx_word' id='word_1_859' title='bbox 3215 5499 3389 5564; x_wconf 88' lang='lat' dir='ltr'><strong>solus,</strong></span> 
     </span>
    </p>
   </div>
   <div class='ocr_carea' id='block_1_99' title="bbox 127 5591 1646 5675">
    <p class='ocr_par' dir='ltr' id='par_1_99' title="bbox 127 5596 1646 5675">
     <span class='ocr_line' id='line_1_99' title="bbox 127 5596 1646 5675; baseline -0.004 -19"><span class='ocrx_word' id='word_1_860' title='bbox 127 5603 269 5675; x_wconf 84' lang='grc' dir='ltr'>θείη.</span> <span class='ocrx_word' id='word_1_861' title='bbox 302 5607 368 5656; x_wconf 82' lang='grc' dir='ltr'><strong>υἱ</strong></span> <span class='ocrx_word' id='word_1_862' title='bbox 402 5603 618 5674; x_wconf 87' lang='grc' dir='ltr'>μέτοχοι</span> <span class='ocrx_word' id='word_1_863' title='bbox 643 5603 700 5656; x_wconf 83' lang='grc' dir='ltr'>δὲ</span> <span class='ocrx_word' id='word_1_864' title='bbox 717 5601 880 5656; x_wconf 80' lang='grc' dir='ltr'>αὐτοῦ</span> <span class='ocrx_word' id='word_1_865' title='bbox 903 5599 1044 5665; x_wconf 75' lang='grc' dir='ltr'>τίνες</span> <span class='ocrx_word' id='word_1_866' title='bbox 1068 5599 1134 5654; x_wconf 80' lang='grc' dir='ltr'><strong>ἂν</strong></span> <span class='ocrx_word' id='word_1_867' title='bbox 1163 5596 1292 5663; x_wconf 76' lang='grc' dir='ltr'>εἷεν,</span> <span class='ocrx_word' id='word_1_868' title='bbox 1309 5599 1343 5670; x_wconf 77' lang='grc' dir='ltr'><strong>ἢ</strong></span> <span class='ocrx_word' id='word_1_869' title='bbox 1362 5599 1411 5650; x_wconf 79' lang='grc' dir='ltr'><strong>οἱ</strong></span> <span class='ocrx_word' id='word_1_870' title='bbox 1426 5596 1528 5652; x_wconf 73' lang='grc' dir='ltr'>οἷοί</span> <span class='ocrx_word' id='word_1_871' title='bbox 1551 5598 1646 5651; x_wconf 69' lang='grc' dir='ltr'>τε)</span> 
     </span>
    </p>
   </div>
   <div class='ocr_carea' id='block_1_100' title="bbox 1866 5591 3385 5675">
    <p class='ocr_par' dir='ltr' id='par_1_100' title="bbox 1866 5591 3385 5666">
     <span class='ocr_line' id='line_1_100' title="bbox 1866 5591 3385 5666; baseline -0.007 -14"><span class='ocrx_word' id='word_1_872' title='bbox 1866 5613 1956 5652; x_wconf 73' lang='lat' dir='ltr'><strong>ene</strong></span> <span class='ocrx_word' id='word_1_873' title='bbox 1985 5605 2039 5652; x_wconf 91' lang='lat' dir='ltr'><strong>et</strong></span> <span class='ocrx_word' id='word_1_874' title='bbox 2069 5597 2235 5666; x_wconf 74' lang='lat'><strong>218</strong></span> <span class='ocrx_word' id='word_1_875' title='bbox 2266 5595 2504 5666; x_wconf 86' lang='lat' dir='ltr'><strong>proprie,</strong></span> <span class='ocrx_word' id='word_1_876' title='bbox 2531 5608 2642 5665; x_wconf 70' lang='lat' dir='ltr'><strong>prze</strong></span> <span class='ocrx_word' id='word_1_877' title='bbox 2663 5594 2730 5648; x_wconf 91' lang='lat' dir='ltr'><strong>iis</strong></span> <span class='ocrx_word' id='word_1_878' title='bbox 2767 5593 2860 5662; x_wconf 89' lang='lat' dir='ltr'><strong>qui</strong></span> <span class='ocrx_word' id='word_1_879' title='bbox 2889 5593 3061 5662; x_wconf 88' lang='lat' dir='ltr'><strong>ipsius</strong></span> <span class='ocrx_word' id='word_1_880' title='bbox 3092 5591 3385 5660; x_wconf 69' lang='lat' dir='ltr'><strong>paitieipcs</strong></span> 
     </span>
    </p>
   </div>
   <div class='ocr_carea' id='block_1_101' title="bbox 197 5755 1716 5832">
    <p class='ocr_par' dir='ltr' id='par_1_101' title="bbox 197 5760 1680 5832">
     <span class='ocr_line' id='line_1_101' title="bbox 197 5760 1680 5832; baseline -0.001 -16"><span class='ocrx_word' id='word_1_881' title='bbox 197 5761 222 5793; x_wconf 76' lang='grc' dir='ltr'>δ</span> <span class='ocrx_word' id='word_1_882' title='bbox 252 5760 384 5832; x_wconf 84' lang='lat' dir='ltr'><strong>Sap.</strong></span> <span class='ocrx_word' id='word_1_883' title='bbox 427 5779 528 5831; x_wconf 83' lang='lat' dir='ltr'><strong>vn,</strong></span> <span class='ocrx_word' id='word_1_884' title='bbox 557 5760 749 5817; x_wconf 71' lang='lat'><strong>25-26.</strong></span> <span class='ocrx_word' id='word_1_885' title='bbox 778 5762 800 5794; x_wconf 82' lang='grc'>⁸</span> <span class='ocrx_word' id='word_1_886' title='bbox 833 5760 1020 5817; x_wconf 79' lang='lat' dir='ltr'><strong>Matth.</strong></span> <span class='ocrx_word' id='word_1_887' title='bbox 1050 5777 1128 5828; x_wconf 73' lang='grc' dir='ltr'><strong>ιι,</strong></span> <span class='ocrx_word' id='word_1_888' title='bbox 1162 5761 1253 5815; x_wconf 70' lang='grc' dir='ltr'><strong>Ἦ.</strong></span> <span class='ocrx_word' id='word_1_889' title='bbox 1359 5762 1378 5794; x_wconf 81' lang='grc'><strong>⁸</strong></span> <span class='ocrx_word' id='word_1_890' title='bbox 1407 5760 1538 5816; x_wconf 87' lang='lat' dir='ltr'><strong>ibid.</strong></span> <span class='ocrx_word' id='word_1_891' title='bbox 1660 5763 1680 5794; x_wconf 82' lang='grc' dir='ltr'><strong><em>τ</em></strong></span> 
     </span>
    </p>
   </div>
   <div class='ocr_carea' id='block_1_102' title="bbox 1152 5755 2671 5832">
    <p class='ocr_par' dir='ltr' id='par_1_102' title="bbox 1162 5755 2671 5826">
     <span class='ocr_line' id='line_1_102' title="bbox 1162 5755 2671 5826; baseline -0.007 -12"><span class='ocrx_word' id='word_1_892' title='bbox 1162 5761 1253 5815; x_wconf 69' lang='grc' dir='ltr'><strong>Ἦ.</strong></span> <span class='ocrx_word' id='word_1_893' title='bbox 1359 5762 1378 5794; x_wconf 84' lang='grc'><strong>⁸</strong></span> <span class='ocrx_word' id='word_1_894' title='bbox 1407 5760 1538 5816; x_wconf 87' lang='lat' dir='ltr'><strong>ibid.</strong></span> <span class='ocrx_word' id='word_1_895' title='bbox 1660 5763 1680 5794; x_wconf 88' lang='lat'><strong><em>&quot;</em></strong></span> <span class='ocrx_word' id='word_1_896' title='bbox 1719 5761 1738 5816; x_wconf 87' lang='grc' dir='ltr'><strong>Ι</strong></span> <span class='ocrx_word' id='word_1_897' title='bbox 1801 5760 1928 5816; x_wconf 85' lang='lat' dir='ltr'><strong>Cor.</strong></span> <span class='ocrx_word' id='word_1_898' title='bbox 1964 5775 2004 5826; x_wconf 87' lang='grc' dir='ltr'>ι,</span> <span class='ocrx_word' id='word_1_899' title='bbox 2031 5759 2126 5813; x_wconf 68' lang='grc'><strong>24.</strong></span> <span class='ocrx_word' id='word_1_900' title='bbox 2203 5757 2223 5789; x_wconf 84' lang='grc'>⁸</span> <span class='ocrx_word' id='word_1_901' title='bbox 2254 5755 2399 5811; x_wconf 83' lang='lat' dir='ltr'><strong>Psal.</strong></span> <span class='ocrx_word' id='word_1_902' title='bbox 2434 5770 2583 5820; x_wconf 75' lang='lat' dir='ltr'><strong>xm,</strong></span> <span class='ocrx_word' id='word_1_903' title='bbox 2619 5755 2671 5808; x_wconf 86' lang='lat'><strong>8.</strong></span> 
     </span>
    </p>
   </div>
  </div>
