3846 6218
374 310 482 367 559

1021 295 1294 354 EUSEBII
1325 289 1810 353 CESABIENS-IS
1840 285 1984 345 OPP.

2104 283 2230 339 LRS.
2265 281 2332 336 ll.
2372 311 2444 322 —
2479 274 2986 336 APOLOGETICA.

3552 263 3654 320 560

363 422 746 484 nominantur,
792 415 1051 472 Christus
1093 412 1418 483 appelletur.
1471 408 1777 479 Participes
1827 421 1960 462 vero

2104 420 2182 457 ειν
2206 418 2222 432 ο
2257 419 2277 454 ι
2308 399 2544 469 Μέτοχοι
2571 397 2682 470 γὰρ
2703 396 3008 466 γεγόναμεν
3036 387 3276 462 Χριστοῦ
3304 404 3320 455 ;
3359 406 3377 440 ι
3417 387 3548 460 περὶ
3584 379 3658 439 ὧν

359 520 483 588 ejus
505 515 729 586 quinam
756 524 944 582 quaeso
978 508 1113 571 sint,
1136 504 1246 560 nisi
1273 505 1314 558 ii
1343 504 1438 574 qui
1469 502 1656 557 dicere
1678 505 1912 570 possunt
1938 515 1956 554 :

374 628 394 662 ι
433 605 742 676 Partioipes
755 603 900 658 enim
935 599 1064 654 facti
1085 613 1278 654 sumus
1304 594 1514 651 Christi
1533 593 1589 647 ’ἲ
1618 613 1636 645 ι
1660 591 1737 647 De
1761 590 1960 662 quibus

364 703 575 758 dictum
609 704 694 753 est
728 713 741 747 :
784 714 803 746 ι
850 691 1030 747 Nolite
1065 699 1288 760 tangere
1327 687 1568 741 christos
1594 699 1766 746 meos,
1808 689 1863 737 et
1904 682 1962 736 in

367 793 653 866 prephetis
702 789 840 844 meis
890 787 1061 841 nolite
1110 781 1488 854 malignari".
1539 800 1558 832 ›
1607 779 1738 833 Item
1796 777 1962 846 igitur

370 899 498 939 cum
536 883 594 936 in
640 880 726 936 his
780 879 942 949 plane
977 875 1232 930 Christus
1261 870 1595 942 apparuerit,
1620 876 1674 923 et
1701 867 1960 926 dilectus.

372 983 429 1032 et
462 974 626 1037 Deus,
654 979 711 1027 et
756 986 876 1033 rex,
907 975 1125 1036 tempus
1147 965 1215 1019 de
1244 964 1338 1018 illo
1367 972 1427 1017 ut
1463 973 1797 1031 quatramus,
1825 971 1964 1026 quo-

372 1066 559 1129 modo,
590 1063 811 1135 quitam
835 1058 1060 1132 grandis
1095 1057 1186 1118 sit,
1219 1054 1472 1110 inimicos
1493 1052 1694 1106 habere
1723 1050 1960 1112 dicatur,

373 1166 430 1212 et
457 1169 726 1228 quosnam
762 1153 920 1213 istos,
950 1157 1004 1203 et
1033 1153 1256 1218 propter
1285 1158 1445 1214 quam
1482 1155 1729 1200 causam.
1768 1138 1965 1193 adver-

375 1266 472 1307 sus
505 1263 644 1320 quos
689 1259 821 1300 suas
868 1241 1118 1312 sagittas,
1149 1253 1420 1308 suumque
1451 1237 1690 1307 gladium
1724 1233 1964 1295 exacuit,

375 1351 430 1398 et
460 1357 570 1412 quo
600 1347 760 1410 pacto
805 1335 972 1390 nullis
1014 1334 1184 1388 armis
1235 1332 1506 1385 instructa
1536 1329 1676 1392 acie,
1709 1327 1804 1383 sed
1840 1340 1968 1397 pro-

375 1444 498 1507 pter
530 1437 814 1488 veritatem
848 1437 901 1483 et
945 1425 1423 1480 mansuetudinem
1453 1431 1509 1477 et
1553 1421 1850 1491 justitiam,
1885 1419 1964 1472 in-

376 1525 748 1583 numerabiles
779 1523 883 1578 sibi
918 1521 1022 1590 ipsi
1056 1518 1336 1589 subegerit
1367 1518 1622 1588 populos.
1661 1515 1764 1581 Qui
1797 1514 1971 1582 igitur

379 1622 498 1676 hac
544 1617 862 1689 diligentius
893 1615 1110 1685 qumrit,
1139 1613 1288 1668 hunc
1316 1617 1536 1681 oportet
1569 1624 1634 1662 ea
1669 1607 1972 1662 transferre

379 1713 450 1767 ad
480 1711 819 1766 Salvatorem
846 1725 910 1764 ac
936 1707 1227 1762 Dominum
1259 1713 1508 1759 nostrum
1530 1700 1738 1761 Jesum.
1763 1700 1856 1770 qui
1883 1705 1968 1754 est

2060 492 2277 564 εἴρηται
2299 506 2314 520 °
2345 509 2363 540 ι
2401 489 2494 560 Μὴ
2529 486 2766 542 ἅπτεσθε
2789 483 2897 538 τῶν
2923 481 3160 555 χριστῶν
3187 496 3286 550 μου
3307 517 3323 542 ,
3349 477 3444 530 καὶ
3474 478 3532 530 ἐν
3550 478 3660 540 τοϊς

2061 582 2370 654 προφήταις
2402 596 2504 651 μου
2543 577 2620 649 μὴ
2643 574 3036 648 πονηρεύεσθε.
3070 592 3089 624 ι
3118 571 3230 624 Καὶ
3261 570 3325 638 δὴ
3354 566 3660 636 πεφηνότος

2060 675 2149 729 διὰ
2168 673 2372 728 τούτων
2400 671 2585 742 σαφῶς
2613 668 2706 722 τοῦ
2732 665 2969 739 Χριστοῦ
3005 661 3292 735 ἀγαπητοῦ
3315 701 3328 723 ,
3365 659 3459 713 καὶ
3490 657 3626 710 Θεοῦ
3646 696 3661 718 ,

2062 767 2156 820 καὶ
2186 765 2452 837 βασιλέως
2477 803 2491 826 ,
2521 760 2640 833 ὥρα
2683 776 2742 811 σε
2782 759 2986 830 ζητεῖν,
3024 758 3052 808 ό
3085 751 3403 825 τηλικοῦτος
3429 750 3547 813 πῶς
3578 751 3666 819 ἐχο

2063 862 2226 932 θροῦς
2258 859 2402 930 ἔχειν
2431 857 2678 925 λέγεται,
2711 854 2806 906 καὶ
2834 851 3008 914 τίνας,
3031 851 3126 904 καὶ
3143 849 3209 902 δι’
3228 848 3294 918 ἢν
3316 846 3519 906 αἰτίαν,
3542 843 3668 897 καθ’

2063 949 2139 1008 ὧν
2172 953 2241 1006 τά
2274 950 2466 1005 ἑαυτοῦ
2498 949 2653 1020 βέλη,
2679 945 2776 1000 καὶ
2808 947 2908 1016 τὴν
2938 943 3132 998 ἐαυτοῦ
3164 941 3437 1014 ῥομφαίαν
3465 937 3668 1008 ὴκονή-

2066 1063 2230 1111 σατο,
2280 1047 2428 1107 ὅπως
2459 1060 2520 1094 τε
2567 1043 2627 1095 οὐ
2681 1040 2746 1093 δι’
2783 1037 3070 1107 ὁπλιτικῆς
3115 1032 3508 1105 παρατάξεως,
3549 1028 3668 1082 ἀλλ’

2064 1140 2248 1192 ἕνεκεν
2286 1134 2546 1205 ἀληθείας
2570 1132 2665 1186 καὶ
2697 1130 3004 1201 πραότητος
3050 1125 3144 1178 καὶ
3181 1119 3530 1190 δικαιοσύνης
3574 1136 3672 1188 μυ-

2069 1233 2219 1304 ρίους
2239 1229 2553 1300 ὑπηγάγετο
2569 1223 2747 1294 ἐαυτῷ
2761 1222 2944 1286 λαούς.
2969 1217 3271 1283 Ζητοῦντας
3294 1215 3403 1288 γὰρ
3427 1210 3674 1284 ἀκριϐῶς

2066 1322 2242 1377 ταῦτα
2263 1362 2277 1388 ,
2307 1321 2485 1384 καλῶς
2521 1319 2585 1372 ἂν
2616 1318 2730 1388 ἔχοι
2763 1314 3090 1388 μεταφέρειν
3123 1310 3262 1365 αύτά
3300 1308 3392 1362 ἐπὶ
3427 1307 3519 1359 τὸν
3557 1305 3676 1358 Σω-

2068 1417 2210 1488 τῆρα
2232 1414 2330 1468 κα¹ι
2353 1413 2555 1484 Κύριον
2586 1413 2618 1482 ἡ
2629 1409 2744 1482 μῶν
2769 1396 2977 1479 Ἰησοῦν
3004 1405 3097 1457 τὸν
3127 1402 3360 1474 Χριστὸν
3392 1399 3486 1452 τοῦ
3513 1395 3677 1459 θεοῦ,

2071 1507 2439 1579 ἀνατρέχοντα
2461 1504 2556 1557 ἐπὶ
2582 1502 2651 1554 τά
2679 1497 3075 1569 διεξωδευμὼα
3108 1494 3353 1566 περὶτῆς
3373 1494 3452 1555 εἰς
3474 1488 3682 1561 ἀνθ

2074 1617 2209 1664 πους
2235 1596 2401 1652 αὑτοῦ
2426 1596 2684 1668 παρόδου,
2709 1593 2832 1648 καθ’
2860 1593 2927 1664 ἦν
2947 1590 3048 1654 τὰς
3071 1587 3274 1661 ἐχθρὰς
3296 1585 3392 1640 καὶ
3409 1585 3683 1656 ἀοράτους

2077 1692 2334 1763 δυνάμεις
2378 1689 2484 1742 τῶν
2533 1686 2824 1760 μοχθηρῶν
2857 1688 2953 1738 καὶ
2992 1679 3340 1752 λυμαντικῶν
3383 1678 3681 1747 δαιμόνων,

379 1802 638 1858 Christus
665 1799 782 1863 Dei,
813 1808 866 1853 et
901 1797 969 1851 ad
1027 1811 1089 1850 ea
1140 1808 1424 1848 recurrere
1473 1806 1595 1861 quae
1623 1791 1690 1845 de
1724 1790 1873 1844 illius
1905 1789 1971 1843 ad

2107 1785 2181 1838 ῶν
2215 1801 2273 1837 τε
2313 1780 2566 1853 πονηρῶν
2605 1779 2698 1833 καὶ
2727 1775 3057 1847 ἀκαθάρτων
3092 1771 3424 1842 πνευμάτων
3453 1785 3684 1839 τροπωο

381 1894 636 1949 homines
692 1889 928 1943 adventu
973 1901 1004 1940 a
1036 1885 1199 1940 nobis
1227 1884 1471 1953 exposita
1507 1890 1637 1937 sunt
1668 1900 1684 1936 :
1723 1881 1812 1936 ubi
1845 1895 1971 1934 cum

383 1985 697 2042 hostiles.et
725 1981 905 2034 visum
947 1987 1201 2032 nostrum
1233 1975 1552 2045 effugientes
1575 1973 1973 2044 flagitiosorum

386 2091 452 2130 ac
485 2074 774 2128 noxiorum
811 2072 1118 2125 daemonum
1154 2081 1559 2138 pravorumque
1588 2075 1752 2134 atque
1794 2066 1974 2136 impu-

384 2181 575 2223 roruni
592 2164 883 2235 spirituum
913 2169 1214 2233 potestates
1231 2160 1362 2214 dare
1390 2167 1541 2229 terga
1567 2159 1829 2228 coegerit,
1852 2173 1978 2227 per-

387 2276 552 2332 quam
603 2255 1030 2312 innumerabiles
1073 2253 1180 2309 sibi
1212 2253 1316 2323 ipsi
1350 2269 1417 2308 ex
1451 2251 1708 2305 omnibus
1742 2249 1980 2304 nationi-

385 2353 490 2408 bus
514 2351 745 2422 populos
765 2347 1103 2418 comparavit
1159 2365 1173 2401 :
1223 2360 1385 2415 quem
1411 2344 1537 2399 inde
1567 2344 1733 2397 etiam
1785 2357 1977 2396 verum

387 2442 487 2498 Dei
517 2441 798 2497 Christum
835 2439 1114 2510 appellare
1143 2437 1458 2502 conveniat,
1496 2436 1698 2505 quippe
1728 2433 1822 2504 qui
1868 2450 1980 2486 non

389 2535 670 2591 communi
711 2533 854 2596 oleo,
901 2539 962 2586 ut
1016 2530 1186 2601 prisci
1216 2534 1639 2591 consueverant,
1667 2527 1740 2582 sit
1783 2534 1982 2581 unctus

391 2627 594 2694 (neque
624 2624 790 2678 etiam
825 2623 931 2677 tale
968 2622 1266 2694 quidquam
1305 2621 1372 2675 de
1401 2619 1494 2672 illo
1527 2619 1806 2673 memoriae
1856 2633 1984 2687 pro-

390 2717 567 2772 ditum
615 2715 744 2788 est),
809 2715 901 2770 sed
950 2713 1317 2785 praestantiori
1383 2711 1620 2782 quodam
1690 2709 1985 2779 divinoque

391 2816 694 2880 mguento,
725 2824 789 2861 ex
817 2822 926 2878 quo
957 2807 1143 2876 utique
1169 2806 1333 2861 etiam
1377 2820 1474 2875 per
1504 2803 1724 2866 Isaiam,
1760 2803 1841 2858 sic
1870 2804 1944 2856 ait
1969 2820 1982 2856 :

396 2919 416 2953 ι
452 2899 692 2972 Spiritus
740 2897 957 2954 Domini
1009 2913 1174 2968 super
1218 2913 1326 2960 me,
1377 2904 1602 2968 propter
1636 2895 1783 2967 quod
1830 2895 1988 2948 unxit

391 2994 572 3048 me“.
608 3012 626 3044 ι
663 2991 937 3058 Quocirca
987 2989 1130 3044 inter
1186 3004 1380 3043 omnes
1429 2987 1813 3058 potissimum,
1865 2985 1990 3056 qui-

393 3101 612 3156 cunque
661 3100 903 3154 unquam
949 3081 1093 3152 apud
1148 3080 1406 3135 chrmos
1459 3079 1802 3167 corporalius
1831 3076 1984 3131 uncti
2014 3112 2056 3167 Ε

397 3184 547 3239 sunt,
586 3173 738 3229 solus
772 3173 826 3226 in
860 3179 976 3225 toto
1013 3170 1146 3224 orbe
1190 3177 1464 3223 terrarum
1513 3165 1659 3236 apud
1695 3167 1987 3219 universos

397 3266 607 3322 Christi
656 3263 878 3317 nomine
925 3262 1258 3324 celebratur,
1310 3267 1365 3314 et
1415 3257 1862 3313 Christianorum
1919 3254 1990 3308 ab

400 3356 523 3426 ipso
569 3353 800 3408 deducta
852 3352 1238 3422 appellatione,
1270 3357 1442 3404 totam
1495 3365 1616 3419 qua:
1670 3348 1992 3403 habitantur

399 3453 605 3498 terram
653 3442 896 3512 implevit
934 3460 947 3495 :
979 3441 1383 3510 quodammodo
1451 3449 1634 3495 autem
1689 3439 1845 3494 illum
1888 3454 1993 3492 un-

402 3542 552 3591 ctum
583 3550 705 3589 esse
733 3533 1004 3595 dicamus,
1040 3541 1094 3586 ct
1139 3532 1269 3602 quid
1304 3533 1409 3586 hoc
1440 3532 1514 3586 sit
1548 3539 1910 3603 unguentum,
1937 3537 1993 3586 et

402 3629 662 3701 quisnam
738 3624 1018 3680 unctionis
1074 3623 1294 3687 modus,
1360 3622 1578 3678 abunde
1656 3622 1790 3678 satis
1851 3622 1993 3675 libro

405 3724 588 3794 priore
641 3719 1020 3774 tractavimus.
1061 3715 1233 3770 Porro
1293 3715 1347 3770 in
1402 3714 1568 3785 hujus
1619 3714 1782 3770 labiis
1831 3721 1995 3784 atque

406 3815 660 3870 doctrina
689 3819 842 3864 tanta
875 3808 1048 3864 effusa
1079 3818 1166 3862 est
1195 3807 1396 3878 gratia,
1434 3814 1494 3860 ut
1538 3807 1689 3860 brevi
1725 3813 1991 3875 tempore,

407 3921 472 3960 ea
505 3920 626 3976 qua:
659 3904 729 3958 ab
762 3903 882 3972 ipso
907 3900 1236 3955 denuntiata
1259 3907 1365 3964 est,
1400 3899 1766 3954 sanctimonia
1795 3906 1849 3953 et
1882 3899 1996 3968 pie-

407 4006 540 4060 tate,
565 4010 785 4051 onmem
809 3995 988 4047 locum
1020 3993 1350 4063 impleverit.
1383 3990 1573 4062 Itaque
1603 3990 1716 4060 jam
1750 4005 1897 4042 nunc
1941 3990 1995 4042 in

409 4089 666 4144 omnibus
717 4086 966 4157 gentibus
1004 4083 1149 4155 apud
1194 4099 1290 4140 eos
1337 4084 1431 4154 qui
1475 4083 1780 4138 doctrinam
1822 4081 1996 4150 ipsius

411 4179 712 4248 accipiunt,
745 4175 1100 4245 comprobata
1151 4174 1273 4243 ejus
1328 4173 1646 4245 prophetiae,
1685 4187 1806 4242 quae
1852 4188 1999 4226 nunc

413 4273 470 4326 in
536 4270 790 4324 manibus
861 4275 980 4331 est,
1071 4266 1300 4320 veritate
1338 4306 1353 4330 ,
1435 4273 1490 4320 et
1566 4265 1711 4336 regis
1779 4272 1834 4319 et
1903 4261 1998 4318 Dei

414 4360 642 4429 gloriam
712 4357 942 4426 adeptus
987 4361 1092 4420 est,
1149 4361 1204 4409 et
1278 4354 1423 4425 apud
1491 4369 1652 4408 omne
1717 4353 1999 4408 hominum

2076 1878 2344 1946 σάμενος,
2391 1871 2617 1945 μυρίους
2659 1871 2819 1932 ὅσους
2874 1863 3056 1934 ἐαυτῷ
3101 1863 3264 1926 λαοὺς
3317 1859 3375 1924 ἐξ
3422 1859 3686 1912 ἁπάντων

2075 1970 2181 2024 τῶν
2207 1969 2376 2022 ἐθνῶν
2411 1965 2779 2036 συνεστήσατο
2796 1979 2808 1992 ·
2837 1960 2897 2014 ὃν
2921 1960 3015 2012 καὶ
3044 1955 3279 2030 Χριστὸν
3304 1952 3488 2025 ἁληθῆ
3511 1967 3686 2022 προσ-

2077 2063 2199 2133 ήκοι
2232 2060 2296 2114 ἂν
2329 2058 2423 2113 τοῦ
2450 2056 2585 2110 Θεοῦ
2615 2055 2865 2110 ἐνθεῦθεν
2889 2048 3264 2124 ἀναγορεύειν,
3287 2047 3348 2100 ού
3382 2044 3552 2115 κοινῷ
3581 2043 3684 2113 μὲν

2078 2153 2242 2223 ἐλαίῳ
2270 2152 2379 2206 τῶν
2408 2150 2579 2214 πάλαι
2633 2145 2879 2218 συνήθως
2904 2144 3196 2215 χρισθέντα
3241 2139 3397 2211 (οὔτε
3425 2133 3519 2190 οὖν
3548 2138 3687 2188 ἱστο-

2083 2245 2254 2318 ρεῖταί
2293 2261 2342 2297 τι
2396 2243 2525 2315 περὶ
2565 2241 2730 2295 αὐτοῦ
2770 2238 3055 2307 τοιοῦτον),
3086 2235 3355 2306 κρείττονι
3389 2230 3446 2283 δὲ
3473 2229 3569 2283 καὶ
3601 2230 3688 2280 ἐν-

2081 2339 2190 2408 θέῳ
2246 2336 2532 2408 χρίσματι,
2571 2334 2700 2406 παρ’
2751 2332 2779 2385 ὃ
2839 2332 2903 2402 δὴ
2951 2329 3044 2384 καὶ
3091 2327 3178 2381 διὰ
3229 2325 3454 2379 Ἡσαΐου
3511 2319 3682 2392 φησί·

2087 2449 2105 2480 ‹
2149 2428 2376 2499 Πνεῦμα
2405 2426 2614 2497 Κυρίου
2643 2425 2727 2477 ἐπ’
2776 2423 2918 2494 ἐμὲ,
2952 2417 3013 2476 οὗ
3057 2421 3267 2473 εἵνεκεν
3306 2415 3491 2487 ἐχρισέ
3529 2429 3619 2482 με.
3663 2428 3681 2460 ν

2087 2521 2248 2576 Ὅθεν
2265 2521 2359 2575 καὶ
2384 2521 2584 2592 μᾶλλον
2613 2516 2870 2571 ἁπάντων
2888 2515 2995 2568 τῶν
3013 2511 3237 2566 πώποτε
3258 2510 3384 2579 παρ’
3412 2504 3691 2577 Ἑϐραίοις

2086 2611 2542 2684 σωματικώτερον
2570 2607 2908 2681 χρισθέντων
2941 2605 3101 2678 μόνος
3132 2603 3235 2656 ἀνά
3273 2602 3454 2654 πᾶσαν
3487 2598 3586 2666 τὴν
3622 2597 3689 2646 οξ-

2086 2726 2183 2762 κου
2194 2708 2364 2778 μένην
2391 2704 2630 2776 Χριστὸς
2657 2700 2808 2772 παρά
2835 2703 2948 2762 τοῖς
2987 2699 3122 2751 πᾶσι
3156 2694 3436 2766 βεὸόηται,
3465 2690 3560 2742 καὶ
3588 2687 3691 2756 τῆς

2087 2800 2147 2864 ἐξ
2193 2797 2357 2854 αὐτοῦ
2402 2795 2746 2868 Χριστιανῶν
2801 2789 3178 2864 προσηγορίας
3234 2784 3333 2856 τὴν
3389 2781 3690 2852 σύμπασαν

2088 2891 2324 2963 ἔπλησεν
2339 2891 2490 2942 οἱκου
2499 2889 2688 2959 μένην.
2709 2887 2897 2946 Ὅπως
2914 2882 2969 2934 δέ
2988 2896 3166 2951 φαμεν
3196 2876 3355 2930 αὐτὸν
3377 2871 3690 2945 κεχρίσθαι,

2089 2985 2184 3040 καὶ
2211 2984 2261 3037 τί
2284 2982 2346 3036 τὸ
2367 2981 2598 3054 χρίσμα,
2637 2978 2730 3031 καὶ
2754 2975 2839 3040 τίς
2871 2977 2899 3027 ὁ
2931 2975 3031 3044 τῆς
3061 2972 3293 3043 χρίσεως
3324 2968 3554 3038 τρόπος,
3588 2963 3691 3016 αύ-

2090 3076 2310 3146 τάρκως
2336 3076 2394 3126 ἐν
2416 3070 2494 3142 τῷ
2525 3070 2631 3142 πρὸ
2654 3067 2844 3122 τούτου
2877 3064 3271 3136 συγγράμματι
3304 3059 3690 3128 διειλήφαμεν.

2089 3165 2291 3220 Τούτου
2337 3163 2395 3217 δὲ
2429 3166 2486 3217 ἐν
2523 3164 2636 3226 τοῖς
2675 3158 2882 3231 χείλεσι
2915 3156 3010 3210 καὶ
3054 3156 3111 3207 ἐν
3149 3155 3215 3223 τῇ
3253 3146 3577 3217 διδασκαλίᾳ
3613 3161 3694 3196 το-

2092 3255 2267 3327 σαύτη
2291 3252 2568 3324 κατεχύθη
2597 3251 2758 3323 χάρις
2775 3290 2790 3314 ,
2827 3249 2903 3310 ὠς
2929 3248 2986 3300 ἐν
3019 3245 3183 3313 ὀλίγῳ
3209 3242 3388 3296 πάντα
3412 3240 3575 3293 τόπον
3605 3239 3693 3305 ἐμ·

2091 3349 2294 3421 πλῆσαι
2337 3347 2436 3418 τῆς
2481 3344 2618 3416 πρὸς
2663 3341 2828 3396 αὑτοῦ
2877 3335 3343 3406 καταγγελθείσης
3378 3329 3691 3392 εὐσεϐείας·

2091 3417 2232 3494 ὥστε
2249 3439 2350 3510 ἤδη
2371 3417 2428 3490 ἐν
2452 3438 2618 3490 πᾶσιν
2643 3433 2843 3493 ἔθνεσι,
2873 3428 3026 3500 παρά
3052 3429 3166 3488 τοῖς
3210 3424 3309 3494 τὴν
3341 3417 3694 3476 διδασκαλίαν

2093 3533 2258 3590 αὐτοῦ
2304 3529 2580 3604 μετιοῦσιν
2600 3567 2614 3592 ,
2645 3523 2956 3585 ἀκολούθως
2989 3523 3056 3591 τῇ
3093 3516 3232 3589 μετὰ
3254 3518 3445 3586 χεῖρας
3478 3527 3694 3583 προφη-

2092 3627 2232 3698 τείᾳ,
2260 3602 2356 3679 καὶ
2379 3621 2641 3694 βασιλέως
2658 3617 2754 3672 καὶ
2771 3614 2908 3669 Θεοῦ
2925 3612 3083 3678 δόξαν
3110 3604 3540 3682 περιϐεϐλῆσθαι
3564 3645 3579 3668 ,
3603 3602 3696 3657 καὶ

2097 3695 2248 3790 παρὰ
2260 3719 2424 3770 πᾶσιν
2439 3711 2746 3784 ἀνθρώποις
2760 3706 2992 3780 Χριστὸν
3013 3696 3463 3772 ἀναγορεύεσθαι.
3481 3695 3697 3766 Πρόδη-

2095 3785 2378 3864 λοίδὲκαὶ
2400 3807 2450 3859 oi
2471 3804 2678 3875 ἐχθροὶ,
2697 3803 2758 3855 οὐ
2793 3799 2952 3871 μόνον
2968 3797 3018 3848 οί
3037 3795 3163 3866 πρὶν
3188 3791 3474 3861 γεγονότες
3503 3785 3696 3851 αὑτοῦ,

2097 3903 2232 3958 ἀλλὰ
2267 3902 2363 3954 καὶ
2399 3901 2448 3952 οἱ
2488 3899 2580 3952 ἀεὶ
2619 3890 3129 3966 προσπολεμοῦντες
3174 3883 3340 3938 αὐτοῦ
3391 3882 3469 3952 τῷ
3512 3880 3694 3949 λόγῳ,

2098 3995 2208 4048 εἴτε
2242 3997 2299 4046 ἐν
2334 3989 2667 4063 ἀνθρώποις,
2705 3986 2815 4039 εἴτε
2846 3984 2942 4037 καὶ
2983 3983 3042 4033 ἐν
3075 3977 3329 4048 ἀοράτοις
3373 3972 3699 4042 δυνάμεσιν,

2097 4087 2190 4151 οὓς
2215 4061 2556 4157 ἀοράτῳήκαὶ
2586 4077 2844 4150 λεληθυίᾳ
2875 4073 3107 4144 δυνάμει
3136 4071 3368 4124 πάντοτε
3403 4061 3700 4134 καθαιρῶν

2099 4180 2160 4245 ἐξ
2185 4179 2439 4232 ἁπάντων
2463 4173 2570 4228 τῶν
2596 4169 2768 4225 ἐθνῶν
2809 4167 3097 4228 παντοίους
3142 4159 3319 4230 ἐαυτῷ
3364 4157 3534 4219 λαοὺς
3563 4156 3702 4207 ὑπο-

2099 4269 2337 4342 χειρίους
2393 4265 2709 4334 πεποίηται.
2772 4259 2856 4312 Τὰ
2909 4257 2965 4310 δὲ
3026 4255 3153 4325 ἐξῆλς
3204 4255 3262 4305 ἐν
3316 4249 3395 4320 τῷ
3450 4245 3700 4316 ψαλμῷ,

2107 4382 2127 4414 ι
2162 4360 2406 4433 Σμύρνα,
2436 4357 2532 4412 καὶ
2556 4353 2783 4424 στακτὴ,
2817 4351 2912 4404 καὶ
2939 4348 3140 4402 κασσία
3167 4345 3275 4399 ἀπὸ
3306 4341 3415 4396 τῶν
3460 4339 3702 4410 ἱματίων

417 4466 590 4521 genus
624 4449 878 4504 Christus
908 4448 1232 4518 appellatur.
1263 4445 1403 4500 Sunt
1425 4451 1604 4499 autem
1628 4444 1749 4514 ejus
1783 4459 1984 4514 quuqut

2106 4471 2222 4516 σου,
2264 4473 2282 4505 ι
2317 4451 2387 4505 τά
2430 4467 2488 4503 τε
2532 4449 2625 4501 ἐπὶ
2664 4445 2897 4506 τούτοις,
2927 4441 3005 4505 ὡς
3036 4439 3165 4512 περὶ
3201 4434 3468 4507 βασιλίδος
3497 4431 3702 4503 δηλού-

417 4543 629 4597 inimici
682 4541 978 4606 manifesti,
1023 4554 1133 4594 non
1160 4539 1321 4593 modo
1349 4538 1442 4608 qui
1476 4537 1630 4606 prius
1650 4538 1998 4600 exstiterant,

419 4635 517 4690 sed
567 4634 730 4688 etiam
771 4633 864 4703 qui
926 4646 1142 4700 semper
1191 4631 1366 4700 ipsius
1416 4630 1584 4685 verbo
1620 4629 2003 4693 adversantur,

418 4725 586 4796 219
623 4726 738 4780 sive
775 4726 850 4778 illi
893 4727 950 4780 in
982 4724 1335 4791 hominibus,
1372 4722 1488 4776 sive
1518 4721 1572 4774 in
1604 4719 1996 4790 eﬂ'ugientibus

419 4821 600 4876 visum
641 4828 892 4875 nostrum
930 4816 1296 4888 potestatibus
1337 4815 1485 4879 sint,
1520 4829 1661 4884 quos
1691 4814 1780 4868 ille
1810 4813 2004 4868 invisi-

423 4914 520 4970 bili
552 4914 877 4983 occultaque
912 4912 1115 4967 virtute
1145 4926 1215 4967 ex
1247 4909 1504 4966 omnibus
1545 4909 1802 4978 gentibus
1846 4907 1996 4962 aufe-

425 5019 554 5058 rens
593 5012 646 5058 et
684 5003 1047 5066 subvertens,
1087 5001 1268 5056 omnis
1335 5001 1553 5070 generis
1620 4999 1854 5070 populos
1893 4999 2002 5055 sibi

426 5095 532 5164 ipsi
562 5095 940 5148 auscultantes
969 5092 1170 5148 effecit.
1207 5091 1340 5159 Quae
1369 5107 1498 5148 vero
1541 5091 1598 5146 in
1627 5091 1820 5147 eodem
1851 5092 2000 5161 psal-

427 5201 519 5241 mo
559 5195 868 5256 sequuntur
896 5205 910 5241 :
941 5203 960 5237 ι
990 5184 1244 5258 Myrrha,
1297 5193 1355 5241 et
1406 5192 1596 5256 gutta,
1645 5192 1701 5241 et
1745 5183 1925 5240 cassia
1973 5199 2006 5237 a

2107 4563 2246 4618 μενα
2273 4545 2367 4597 καὶ
2396 4539 2666 4612 θυγατρὸς
2696 4539 2787 4591 τὸν
2818 4534 3070 4606 πατρῷον
3107 4528 3256 4585 οἷκον
3291 4526 3700 4595 ἀπολιπούσης,

2106 4614 2200 4692 καὶ
2230 4636 2308 4707 τῷ
2338 4631 2737 4706 προδηλωθέντι
2769 4625 3011 4700 Χριστῷ,
3045 4625 3140 4678 καὶ
3177 4619 3405 4693 βασιλεῖ,
3442 4619 3544 4671 καὶ
3580 4614 3700 4684 Θεῷ

2103 4706 2528 4800 νυμφευθείσης,
2564 4722 2766 4794 Κύριόν
2795 4737 2854 4772 τε
2897 4717 3058 4772 αὐτὸν
3105 4709 3576 4784 ἀναγορευούσης,
3607 4706 3702 4762 ἐπὶ

2101 4823 2200 4893 τὴν
2231 4819 2293 4885 ἐξ
2317 4819 2486 4873 ἐθνῶν
2525 4813 2873 4887 Ἐκκλησίαν,
2903 4811 3000 4883 τὴν
3033 4806 3292 4879 πατρῴαν
3320 4804 3416 4857 καὶ
3450 4801 3700 4872 δαιμονιε

2105 4915 2209 4985 κὴν
2233 4913 2674 4982 ἀποστραφεῖσαν
2701 4907 2929 4976 πλάνην,
2958 4900 3347 4973 καθηραμένην
3385 4913 3468 4957 τε,
3500 4894 3601 4947 καὶ
3627 4893 3696 4961 τῇ

2109 4982 2201 5056 τοῦ
2253 5003 2397 5056 θείου
2436 5001 2593 5068 λόγου
2642 4995 2896 5066 κοινωνίᾳ
2930 4987 3450 5064 καθαρμοσαμὲνην,
3482 4982 3668 5051 ἀναφέ

2112 5098 2243 5168 ροιτ’
2289 5095 2354 5149 ἂν
2381 5095 2480 5165 τῆς
2519 5088 2905 5163 προσηκούσης
2936 5085 3272 5157 τυγχάνοντα
3305 5080 3447 5134 κατά
3494 5074 3697 5148 σχολὴν

2112 5193 2176 5262 ἐρ
2183 5188 2427 5260 μηνείας.

427 5326 774 5383 vestimentis
839 5328 950 5382 tuis
982 5328 1047 5393 “,
1078 5346 1098 5380 ›
1124 5336 1179 5382 et
1231 5334 1429 5383 caetera
1466 5325 1762 5394 deinceps,
1804 5338 1926 5393 quae
1965 5323 2227 5378 dicuntur
2283 5317 2440 5389 quasi
2473 5316 2541 5371 de
2597 5317 2785 5386 regina
2817 5323 2871 5370 et
2905 5313 3045 5376 lilia,
3099 5326 3221 5381 quae
3260 5317 3550 5379 paternam
3598 5305 3695 5362 do-

427 5433 579 5473 mum
613 5412 910 5483 reliquerit,
940 5423 1168 5481 quaaque
1193 5419 1247 5462 et
1275 5408 1514 5471 Christo,
1550 5414 1603 5459 et
1628 5404 1762 5473 regi,
1788 5411 1842 5457 et
1869 5401 1980 5456 Deo
2009 5401 2076 5454 de
2104 5414 2215 5469 quo
2242 5400 2448 5454 dictum
2485 5407 2588 5462 est,
2622 5399 2946 5467 desponsata
2987 5397 3076 5462 sit,
3114 5396 3521 5464 Dominumque
3547 5396 3701 5450 illum

432 5513 664 5583 appellet
697 5529 709 5564 :
747 5509 812 5565 ad
845 5524 965 5564 eam
1001 5523 1122 5577 qua:
1149 5505 1216 5560 de
1253 5503 1502 5575 gentibus
1525 5503 1750 5558 collecta
1787 5507 1872 5554 est
1907 5496 2228 5554 Ecclesiam.
2269 5513 2299 5551 a
2330 5496 2509 5566 patrio
2542 5496 2956 5565 daamonicoque
3001 5507 3188 5547 errore
3213 5506 3464 5546 aversam
3495 5506 3705 5561 expur-

436 5621 745 5682 gatamque,
795 5622 859 5661 ac
896 5605 1064 5661 divini
1099 5602 1249 5657 verbi
1295 5597 1788 5654 communicatione
1838 5607 2139 5649 connexam
2187 5602 2242 5646 et
2269 5593 2627 5662 compositam
2674 5592 2866 5648 referri
2908 5589 3184 5661 poterunt,
3235 5587 3330 5642 ubi
3374 5603 3476 5659 per
3530 5588 3706 5642 otium

439 5703 905 5762 accommodatam
942 5700 1045 5757 sibi
1080 5696 1578 5767 interpretationem
1606 5702 1763 5748 nacta
1795 5690 2017 5745 fuerint.

511 5804 533 5837 ’
568 5800 728 5857 Hebr.
763 5815 847 5865 ιιι,
879 5799 966 5855 14.
1045 5798 1087 5829 ¹⁰
1116 5795 1258 5882 Psal.
1294 5810 1403 5867 ειν,
1436 5794 1524 5849 15.
1603 5793 1640 5823 “
1673 5790 1777 5849 lsa.
1805 5806 1916 5855 LXI,
1954 5789 1978 5843 l

2108 5790 2126 5820 ¹
2161 5785 2304 5843 Psal.
2334 5801 2479 5849 xuv,
2513 5785 2566 5840 9.
