3846 6218
189 378 292 440 τω

722 506 1121 563 ΚΕΦΑΛΑῘΟΝ
1158 507 1236 562 Γ’.

198 587 367 679 Ὧςό
399 593 582 679 αυτὸς
612 595 930 679 προφήτης
946 596 1060 677 καὶ⁸
1073 598 1251 679 ἐνκρθ
1272 597 1629 679 ψαλμῷηδύο
1658 605 1769 679 Κυς

1039 667 1060 718 ῐ
1084 683 1099 698 °
1133 667 1243 721 ἕνα
1278 669 1385 721 τὸν
1401 667 1642 735 πρῶτον
1667 671 1768 723 καὶ

251 662 430 730 ρίους
447 662 743 735 Δἐμέριιλιὲῶς(
783 669 1036 735 όμολογε

259 732 548 804 (grandia
597 735 746 788 Θεὸν
765 774 779 797 ,
827 732 1136 804 δεύτερον,
1188 738 1262 791 ὃν
1310 732 1493 804 αὐτός
1547 740 1766 794 ἑαυτοῦ

257 801 609 882 dar-appetitu
638 806 882 882 [ὥριον.
914 801 1025 882 Καὶ
1071 807 1151 873 ὡς
1191 801 1615 882 γενέσθαίὺπρ
1657 808 1766 882 τοῦ

261 873 412 945 Θεοῦ
441 873 565 945 ξερὸ-
590 873 700 942 τῆς
729 873 834 927 τοῦ
869 877 1100 945 κόσμου
1133 873 1489 945 quastioer
1524 879 1623 932 καὶ
1657 881 1765 933 αὐ-

262 940 367 1013 τὸς
405 942 510 995 τὸν
540 940 821 1010 δεύτερον
860 940 1080 1011 Κύριον
1108 943 1250 1011 οἶδε,
1286 949 1385 1001 καὶ
1413 940 1494 1013 ὡξσ
1520 948 1762 1002 αἰώνιον

255 1011 365 1064 τοῦ
381 1013 612 1084 Πατρός
629 1013 805 1082 ἱερέα,
820 1016 916 1067 καὶ
932 1016 1013 1081 ὡς
1031 1011 1485 1084 σύνθρονοντοῦ
1503 1019 1600 1071 ἐπὶ
1623 1018 1766 1072 πάν-

254 1095 375 1134 των
397 1083 564 1147 Θεοῦ,
583 1083 753 1152 ὅμοια
773 1084 916 1152 ἡμῖν
929 1084 1062 1153 περὶ
1082 1085 1188 1138 τοῦ
1206 1085 1464 1154 Χριστοῦ
1477 1088 1758 1153 δοξάζων.

259 1209 282 1243 τ
315 1187 484 1246 Εἶπεν
508 1195 537 1244 6
555 1194 768 1265 Κύριος
797 1193 875 1265 τῷ
902 1195 1090 1266 Κυρίῳ
1123 1214 1226 1268 μου
1245 1214 1259 1226 ’
1285 1198 1466 1252 Κάθου
1483 1201 1547 1254 ὲκ
1573 1198 1760 1265 δεξιῶν

186 1298 313 1351 μου,
345 1283 450 1346 ἕως
485 1283 552 1337 ἂν
581 1283 658 1337 θῶ
680 1287 804 1349 τοὺς
825 1285 1048 1356 ἐχθρούς
1088 1303 1180 1339 σου
1215 1288 1500 1343 ὑποπόδιον
1522 1291 1628 1344 τῶν
1657 1309 1757 1345 πο-

182 1373 290 1427 δῶν
324 1391 436 1427 σου.
475 1375 696 1430 Ῥἀὸδον
737 1377 1017 1448 δυνάμεως
1047 1377 1398 1442 ὲξαποστελεῖ
1429 1398 1512 1434 σοι
1553 1382 1758 1452 Κύριος

179 1465 245 1518 ἐκ
286 1465 446 1528 Σιὼν,
485 1467 580 1520 καὶ
624 1468 1074 1538 κατακυριεύσεις
1117 1472 1176 1523 ὲν
1224 1471 1374 1541 μέσῳ
1410 1471 1519 1525 τῶν
1547 1471 1756 1543 ἐχθρῶν

178 1571 295 1612 σου.
327 1555 484 1610 Μετὰ
525 1557 618 1610 σοῦ
649 1559 683 1629 ἡ
708 1559 850 1630 ἀρχὴ
884 1561 942 1612 ὲν
971 1560 1157 1632 ἡμέρᾳ
1195 1562 1297 1632 τῆς
1331 1562 1611 1633 δυνάμεως
1636 1581 1750 1629 σου,

175 1647 236 1700 ἑν
257 1650 383 1711 ταῖς
407 1647 754 1720 λαμπρότησι
779 1649 887 1703 τῶν
909 1651 1079 1719 ἁγίων
1109 1669 1222 1705 σου.
1267 1653 1361 1706 Ἐκ
1383 1655 1616 1726 γαστρὸς
1647 1655 1753 1727 πρὸ

184 1735 498 1809 Ἑωσφόρου
528 1740 832 1811 γεγέννηκά
853 1758 931 1796 σε.
965 1743 1169 1814 Ὠμοσε
1193 1744 1417 1816 Κύριος,
1449 1747 1542 1798 καὶ
1562 1747 1620 1799 ού
1652 1765 1750 1817 με-

1101 387 1751 449 DEMONSTRATIONIS
1781 392 2240 453 EVANGELlCJE
2276 394 2405 452 LIB.
2446 397 2510 454 V.

1795 521 1845 576 Δ

3333 411 3437 467 369

2471 515 2704 573 CAPUT
2753 517 2846 574 Ill.

1876 605 2031 673 Quod
2070 608 2223 682 idern
2239 609 2505 679 Propheta
2528 612 2688 664 etiam
2712 613 2766 667 in
2787 629 2876 668 cu
2900 615 3105 682 psalmo
3143 617 3220 672 bis
3255 619 3442 678 Domi-

1944 693 2070 730 num
2109 679 2372 734 evidenter
2409 682 2693 748 conﬁtetur
2719 698 2739 735 :
2777 679 2936 738 semel
2959 725 2973 747 ,
3015 702 3132 740 cum
3158 690 3221 742 de
3256 707 3317 746 eo
3357 695 3437 748 lo-

1941 749 2120 817 quitur
2139 751 2227 819 qui
2254 759 2305 802 et
2328 749 2469 804 Deus
2496 761 2546 804 et
2579 752 2744 807 Pater
2791 763 2902 818 est;
2933 756 3123 810 iterum
3155 775 3274 814 cum
3294 762 3358 816 de
3378 781 3439 818 eo

1939 833 2099 938 ῗιεηι
2122 821 2230 887 ipse
2248 836 2403 873 suum
2431 831 2695 888 nuncupat
2713 823 3017 881 Dominum.
3048 827 3118 881 Et
3145 831 3280 898 quod
3301 834 3438 888 hunc

1993 904 2226 938 ommum
2255 890 2574 938 inseauoaue
2594 894 2736 938 nom’t
2747 896 2973 938 ηρηὶιωη
2996 913 3109 938 anno
3120 909 3240 938 πηιο
3254 905 3438 938 mm...“

1993 889 2226 963 ominum
2255 890 2363 958 ipse
2373 907 2574 960 quoque
2594 894 2736 963 novit
2747 896 2973 963 genitum
2996 913 3109 952 esse
3119 889 3240 954 ante
3254 905 3440 958 mundi

1939 960 2386 1022 constitutionem,
2409 970 2462 1013 et
2490 961 2628 1030 quod
2665 960 2920 1018 retentum
2964 965 3145 1022 Patris
3191 975 3438 1027 sacerdo-

1942 1035 2076 1109 teni,
2095 1037 2146 1081 et
2187 1031 2418 1114 supremi
2471 1029 2569 1083 Dei
2605 1039 3241 1114 cgnsessoIent,'similent
3255 1045 3437 1114 utique

1937 1098 2228 1165 opinionem
2240 1101 2292 1152 in
2305 1099 2400 1153 hoc
2414 1110 2609 1156 nostra:
2619 1103 2816 1170 fideide
2827 1098 3037 1162 Christo
3051 1125 3160 1178 pro:
3173 1128 3228 1165 se
3238 1098 3432 1182 ferens.

1946 1226 1965 1259 ι
1993 1207 2138 1264 Dixit
2174 1209 2436 1268 Dominus
2475 1211 2706 1270 Domino
2740 1232 2896 1284 meo,
2957 1219 3097 1279 Sede
3140 1239 3170 1277 a
3221 1225 3432 1286 dextris

1866 1300 2004 1356 meis
2032 1340 2047 1364 ,
2091 1301 2267 1358 donec
2305 1319 2502 1374 ponam
2541 1306 2796 1364 inimicos
2832 1317 2955 1366 tuos
2993 1315 3290 1370 scabellum
3333 1333 3432 1388 pe-

1863 1385 1993 1442 dum
2036 1397 2279 1447 tuorum.
2333 1391 2560 1464 Virgam
2597 1395 2816 1453 virtutis
2850 1400 3060 1458 emittet
3094 1405 3194 1459 tibi
3244 1385 3430 1464 Domi-

1861 1494 1967 1534 nus
1994 1495 2062 1534 ex
2095 1479 2227 1536 Sion
2255 1521 2271 1547 ,
2300 1489 2354 1537 et
2381 1483 2754 1542 dominaberis
2778 1487 2834 1542 in
2864 1491 3049 1547 medio
3077 1494 3430 1555 inimicorum

1860 1578 2100 1625 tuorum.
2139 1572 2344 1629 Tecum
2378 1575 2706 1645 principium
2739 1578 2795 1632 in
2826 1578 2915 1636 die
2941 1583 3163 1642 virtutis
3195 1596 3332 1658 tuae,
3369 1591 3428 1647 in

1865 1663 2248 1733 splendoribus
2297 1676 2616 1725 sanctorum
2680 1679 2919 1730 tuorum.
2964 1675 3043 1732 Ex
3093 1688 3250 1738 utero
3300 1696 3428 1742 ante

1855 1753 2171 1812 Luciferum
2208 1762 2372 1830 genui
2409 1768 2486 1818 te.
2544 1762 2758 1818 Iuravit
2790 1765 3052 1826 Dominus
3076 1779 3130 1827 et
3164 1789 3275 1830 non
3308 1791 3428 1846 pm-

173 1826 652 1899 ταμεληθήσεται·
703 1831 773 1884 Σὺ
819 1831 998 1902 ἱερεὺς
1028 1834 1108 1895 είς
1155 1832 1247 1885 τὸν
1291 1834 1462 1888 αἰῶνα
1489 1836 1628 1889 κατὰ
1649 1837 1739 1907 τὴν

1857 1847 2050 1902 nitebit
2086 1864 2208 1904 eum
2246 1871 2260 1906 :
2309 1851 2392 1907 Tu
2461 1869 2522 1910 es
2567 1858 2826 1914 sacerdos
2867 1860 2924 1913 in
2983 1869 3283 1931 aeternum,
3308 1826 3426 1926 rse—

170 1916 327 1981 τάξιν
357 1917 709 1988 Μελχισεδέκ.
743 1920 947 1993 Κύριος
981 1925 1046 1976 ὲκ
1073 1922 1262 1987 δεξιῶν
1290 1941 1402 1976 σου.
1442 1945 1461 1977 ›
1495 1925 1598 1980 Τὸν
1637 1929 1749 1980 Σω-

168 2009 315 2078 τῆρα
340 2010 435 2063 καὶ
467 2011 673 2082 Κύριον
711 2013 891 2085 ἡμῶν,
921 2014 1012 2067 τὸν
1055 2016 1395 2086 πρωτότοκον
1418 2017 1599 2090 πάσης
1628 2020 1746 2072 κτί-

168 2114 310 2163 σεως
339 2100 475 2155 Θεοῦ
509 2103 700 2171 Λόγον,
734 2105 832 2176 τὴν
861 2105 966 2176 πρὸ
1014 2106 1210 2170 αίῶνος
1258 2109 1468 2178 σοφίαν,
1502 2110 1600 2181 τὴν
1650 2112 1748 2182 ἀρ-

165 2190 268 2260 χὴν
291 2191 406 2245 τῶν
429 2193 564 2247 ὁδῶν
595 2195 689 2249 τοῦ
711 2195 866 2259 Θεοῦ,
895 2197 958 2249 τὸ
986 2199 1325 2269 πρωτότοκον
1345 2201 1439 2253 καὶ
1462 2203 1746 2271 μονογενὲς

163 2280 258 2334 τοῦ
290 2281 507 2354 Πατρὸς
535 2283 801 2357 γέννημα,
846 2285 936 2341 τὸν
960 2290 1027 2358 τῇ
1071 2287 1163 2341 τοῦ
1212 2289 1450 2363 Χριστοῦ
1495 2291 1743 2363 τιμώμε-

162 2387 254 2424 νον
285 2375 652 2446 προσηγορίᾳ,
677 2376 770 2430 καὶ
792 2377 819 2429 6
847 2376 1037 2448 παρὼν
1067 2377 1277 2450 ψαλμὸς
1301 2382 1504 2453 Κύριον
1531 2385 1743 2438 ἀποκα-

159 2464 266 2527 λεῖ,
295 2463 563 2521 διδάσκων
596 2466 756 2520 αὐτὸν
805 2463 946 2521 εἶναι
981 2469 1268 2543 σύνθρονον
1309 2473 1446 2543 ὁμοῦ
1480 2476 1574 2529 καὶ
1615 2475 1742 2529 Υίὸν

155 2554 254 2608 τοῦ
289 2556 387 2609 ἐπὶ
416 2555 634 2611 πάντων
673 2557 808 2612 Θεοῦ
841 2576 899 2612 τε
927 2562 1019 2614 καὶ
1049 2563 1257 2636 Κυρίου
1286 2563 1393 2617 τῶν
1424 2566 1581 2632 ὅλων,
1612 2566 1743 2620 αἰώ-

154 2647 272 2702 νιόν
298 2664 363 2699 τε
406 2647 500 2700 τοῦ
529 2649 741 2718 Πατρὸς
779 2651 946 2722 ίερὲα.
973 2652 1194 2724 Πρῶτον
1220 2653 1281 2724 δὴ
1306 2649 1398 2708 οὖν
1426 2655 1737 2728 ἐπίστησον,

153 2733 234 2798 ὡς
255 2734 362 2806 ήδη
395 2735 554 2788 τοῦτο
576 2736 823 2808 δεύτερον
853 2740 1097 2812 γέννημα
1119 2741 1254 2794 Θεοῦ
1281 2745 1736 2817 προσηγόρευται,

153 2827 251 2880 καὶ
279 2828 408 2880 ἐπεὶ
449 2827 584 2881 Θεοῦ
620 2846 684 2897 γε
726 2832 994 2903 πνεύματι
1024 2833 1093 2887 τὰ
1125 2835 1222 2904 τῆς
1249 2837 1584 2906 προφητείας
1609 2840 1738 2910 ἡμῖν

151 2919 414 2989 εἰρῆσθαι
455 2911 826 2986 πεπίστευται,
860 2924 961 2995 ὅρα
1005 2925 1054 2976 εί
1102 2924 1176 2995 μὴ
1204 2926 1333 2978 αὐτὸ
1359 2927 1422 2997 δὴ
1452 2926 1514 2980 τὸ
1557 2930 1614 2981 ὲν
1659 2928 1738 3000 τῷ

152 3013 415 3084 προφήτῃ
484 3011 706 3083 Πνεῦμα
756 3013 929 3084 ἅγιον,
985 3015 1178 3070 ἑαυτοῦ
1241 3017 1444 3090 Κύριον
1491 3019 1738 3092 δεύτερον

152 3103 296 3172 μετὰ
329 3105 423 3157 τὸν
447 3104 555 3158 τῶν
583 3104 718 3158 ὅλων
741 3106 1080 3177 ἀναγορεύει’
1117 3126 1137 3160 ι
1175 3104 1308 3161 Εἷπε
1342 3128 1360 3160 ι
1394 3109 1524 3180 γὰρ,
1549 3112 1734 3182 φησιν,

155 3213 174 3245 ι
203 3197 234 3247 6
268 3193 479 3265 Κύριος
506 3195 584 3266 τῷ
615 3198 806 3268 Κυρίῳ
837 3215 936 3269 μου
965 3217 977 3228 ·
1009 3199 1194 3254 Κάθου
1221 3201 1284 3253 ἐκ
1317 3201 1506 3266 δεξιῶν
1543 3221 1665 3274 μου.
1708 3224 1728 3257 ι

147 3283 256 3338 ἠν
309 3282 530 3354 πρῶτον
587 3285 812 3359 Κύριον,
855 3289 1002 3342 ὼσὰν
1050 3289 1279 3343 καθόλου
1325 3291 1433 3345 τῶν
1481 3293 1738 3349 ἁπάντων

145 3375 457 3446 Δεσπότην,
515 3377 752 3449 Ἑϐραῖοι
790 3382 1157 3453 ἀνεκφωνήτῳ
1199 3385 1496 3455 προσρήσει
1541 3388 1608 3456 τῇ
1651 3385 1740 3439 διὰ

144 3467 257 3520 τῶν
275 3468 562 3539 τεσσάρων
585 3472 861 3541 στοιχείων
890 3474 1240 3547 ἀνηγόρευον·
1287 3476 1382 3528 τὸν
1402 3476 1458 3530 δὲ
1486 3478 1736 3549 δεύτερον

142 3559 332 3613 οὐκέθ’
377 3562 599 3631 ὁμοίως,
643 3563 789 3628 ἰδίως
821 3565 864 3618 δ’
895 3567 1056 3620 αὐτὸν
1085 3566 1288 3639 Κύριον
1318 3569 1614 3641 ὠνόμαζον.
1647 3573 1739 3624 El-

143 3650 325 3715 κότως
352 3649 444 3706 οὖν
475 3655 503 3706 6
535 3655 728 3726 Σωτὴρ
763 3657 857 3710 καὶ
894 3658 1099 3729 Κύριος
1139 3659 1296 3730 ἡμῶν
1328 3661 1489 3725 αὐτὸς
1532 3662 1737 3732 Ἰησοῦς

142 3741 174 3798 ὁ
196 3742 441 3816 Χριστὸς
469 3743 563 3799 τοῦ
592 3744 750 3811 Θεοῦ,
787 3747 1044 3818 ἐρόμενός
1078 3764 1208 3804 ποτε
1236 3753 1361 3815 τοὺς
1383 3753 1731 3824 Φαρισαίους,

150 3855 169 3888 ι
193 3836 410 3907 Τὶύμῖν
438 3838 565 3909 περὶ
593 3837 686 3890 τοῦ
717 3838 952 3911 Χριστοῦ
979 3839 1162 3906 δοκεϊ;
1193 3842 1337 3907 τίνος
1373 3844 1522 3897 ἐστὶν
1549 3847 1661 3910 υἱός
1681 3863 1728 3912 ;›

144 3929 432 3990 εἰπόντων,
465 3927 559 3980 τοῦ
590 3929 773 3992 Δαὸὶδ,
809 3929 1071 3998 ἐπιλέγει,
1109 3949 1129 3982 ‹
1164 3932 1292 3995 Πῶς
1341 3929 1434 3988 οῦν
1478 3935 1643 3988 Δαϐὶδ
1674 3938 1733 3990 ἐν

145 4019 423 4088 πνεύματι
446 4018 647 4091 Κύριον
667 4021 832 4073 αὐτὸν
857 4021 1032 4084 καλεῖ,
1066 4021 1261 4090 λέγων,
1289 4020 1456 4079 Εἶπεν
1480 4027 1508 4077 6
1530 4025 1734 4097 Κύριος

142 4110 222 4181 τῷ
267 4110 463 4182 Κυρίῳ
510 4128 610 4182 μου
635 4128 649 4141 '
691 4112 872 4166 Κάθου
907 4116 972 4168 ἐκ
1003 4113 1192 4180 δεξιῶν
1219 4133 1318 4186 μου
1344 4133 1358 4181 ;
1389 4137 1406 4167 ι
1453 4121 1733 4189 μονονουχὶ

142 4202 471 4275 ἑρμηνεύων
501 4204 601 4274 τὴν
630 4203 797 4269 λέξιν,
832 4205 908 4269 ὼς
941 4206 1002 4259 οὐ
1031 4206 1190 4276 μόνον
1215 4208 1309 4260 τοῦ
1337 4208 1502 4274 Δαϐιδ
1528 4209 1730 4280 Κύριον

141 4294 310 4348 αὐτὸν
343 4294 800 4367 ἀναγορεύουσαν,
836 4295 971 4350 ἀλλὰ
998 4295 1107 4368 γὰρ
1141 4299 1236 4351 καὶ
1280 4297 1374 4351 τοῦ
1405 4301 1462 4352 ἐν
1495 4300 1572 4370 τῷ
1600 4317 1732 4371 προ-

142 4387 294 4458 φήτῃ
337 4385 666 4456 πνεύματος.
712 4388 776 4439 Εἰ
816 4387 873 4439 δὲ
928 4388 990 4441 τὸ
1035 4388 1252 4459 πνεῦμα
1293 4389 1354 4442 τὸ
1395 4392 1732 4462 προφητικὸν

141 4475 327 4544 (τοῦτο
349 4475 415 4547 δὴ
462 4478 596 4547 ἡμῖν
625 4475 763 4530 εἶναι
798 4479 1151 4533 πεπίστευται
1193 4481 1252 4533 τὸ
1299 4482 1451 4550 ἅγιον
1485 4483 1728 4554 Πνεῦμα)

139 4568 399 4640 ὁμολογεῖ
424 4569 610 4623 τοῦτον
642 4566 778 4624 εἶναι
818 4573 1040 4643 Κύριον,
1064 4574 1122 4626 ὃν
1155 4573 1439 4646 σύνθρονον
1470 4570 1608 4628 εἶναι
1631 4577 1724 4629 τοῦ
1760 4589 1800 4642 υ

139 4662 360 4734 Πατρὶς
384 4662 711 4727 ἐκδιδάσκει,
739 4665 831 4717 καὶ
856 4666 954 4718 οὐκ
981 4666 1283 4732 ἀπολύτως,
1310 4668 1446 4721 ἀλλὰ
1475 4669 1567 4722 καὶ
1598 4671 1725 4722 ἐαυ-

137 4753 236 4807 τοῦ
268 4753 494 4825 Κύριον,
524 4756 667 4809 κατὰ
713 4757 846 4809 πολὺ
883 4759 1045 4811 πλέον
1096 4759 1191 4811 καὶ
1237 4759 1437 4829 μᾶλλον
1476 4759 1619 4814 τοῦτ’
1659 4760 1726 4814 ἂν

137 4844 350 4899 εῐποιεν
366 4847 423 4897 at
441 4845 578 4916 μετὰ
593 4846 655 4899 τὸ
673 4846 828 4916 ἅγιον
851 4847 1076 4920 Πνεῦμα
1091 4848 1306 4917 λογικαὶ
1321 4851 1596 4922 δυνάμεις,
1615 4852 1649 4923 ἦ
1664 4869 1725 4905 τε
1743 4897 1754 4908 .

142 4933 413 5004 σύμπασα
438 4936 689 5006 ὁρωμένη
716 4953 776 4988 τε
805 4937 862 4989 ἐν
900 4935 1135 5008 σώμασι,
1181 4939 1275 4993 καὶ
1315 4940 1372 4994 ὲν
1414 4943 1724 5014 ἀσωμάτοις

140 5024 360 5078 ἑστῶσα
394 5022 827 5100 δημιουργία,ἦς
863 5029 1077 5100 ἀπάσης
1093 5032 1316 5095 εἰκότως
1340 5033 1406 5087 ἂν
1481 5035 1724 5092 καταδει-

143 5113 303 5186 χθείη
331 5117 534 5190 Κύριος
559 5118 588 5169 ό
611 5119 770 5189 μόνος
801 5119 895 5173 τοῦ
916 5121 1129 5194 Πατρὸς
1156 5123 1460 5193 σύνθρονος,
1479 5124 1543 5177 δι’
1563 5120 1626 5179 οὖ
1651 5124 1720 5179 τὰ

140 5205 436 5280 σύμπαντα
470 5209 706 5278 ἐγένετο,
729 5212 809 5264 ὅτι
841 5211 1082 5283 δὴ,κατὰ
1109 5211 1200 5266 τὸν
1236 5214 1532 5286 θαυμάσιον
1583 5213 1722 5266 ἀπό-

144 5302 355 5364 στόλον,
389 5319 408 5352 ι
464 5303 522 5366 ὲν
575 5299 724 5372 αὐτῷ
775 5303 994 5375 ἐκτίσθη
1033 5303 1101 5357 τὰ
1148 5306 1346 5370 πάντα,
1374 5307 1444 5360 τὰ
1499 5310 1558 5361 ὲν
1607 5311 1721 5371 τοῖς

135 5391 390 5462 οὐρανοῖς
412 5391 592 5446 καὶτὰ
616 5395 709 5448 ἐπὶ
726 5395 824 5466 τῆς
845 5395 967 5466 γῆς,
989 5396 1098 5449 εῐτε
1124 5397 1294 5469 ὁρατὰ
1315 5398 1428 5452 εἴτε
1453 5400 1678 5472 ἀόρατα.
1693 5417 1712 5450 ι

136 5482 321 5536 Μόνον
351 5481 484 5552 γοῦν
523 5485 668 5548 εἰκὸς
698 5487 860 5540 αὐτὸν
899 5487 998 5558 τῆς
1033 5487 1126 5542 τοῦ
1166 5490 1380 5562 Πατρὸς
1411 5488 1719 5562 ὁμοιώσεως

135 5572 286 5644 ιχειν
316 5575 380 5628 τὸ
424 5576 612 5648 κῦρος,
645 5578 794 5632 ὼσὰν
826 5581 921 5634 καὶ
961 5581 1120 5652 μόνον
1169 5582 1452 5654 σύνθρονον
1479 5583 1574 5638 τοῦ
1608 5586 1720 5638 Πα-

135 5665 268 5736 spor;
295 5666 760 5739 ἀναδεδειγμὲνον.
805 5671 1077 5743 Πρόδηλον
1114 5670 1230 5738 οὖν,
1261 5676 1344 5728 ὅτι
1390 5675 1566 5728 οὐδενὶ
1614 5676 1724 5729 τῶν

134 5757 418 5828 γεννητῶν
447 5758 738 5830 θέμιςτῶν
767 5761 957 5835 δεξιῶν
990 5763 1174 5835 λαχεῖν
1204 5765 1306 5835 τῆς
1351 5783 1724 5836 παντοκρατο-

1859 1938 2096 1994 cundum
2155 1942 2403 1998 ordinem
2435 1944 2812 2006 Melchisedec.
2863 1949 3127 2012 Dominus
3155 1971 3187 2010 a
3216 1958 3424 2018 dextris
3511 1939 3523 2003 ἶ

1854 2029 1964 2085 tuis
2001 2029 2064 2084 “.
2092 2049 2111 2081 ι
2140 2029 2476 2090 Salvatorem
2503 2051 2568 2091 ac
2597 2036 2892 2094 Dominum
2918 2052 3167 2100 nostrum
3189 2086 3205 2112 ,
3236 2048 3422 2120 ipsum

1858 2123 2281 2193 primogenitum
2308 2128 2487 2183 omnis
2513 2140 2776 2189 creaturae
2798 2133 2891 2190 Dei
2913 2135 3182 2204 Verbum,
3213 2143 3424 2212 sapiet»-

1852 2213 1984 2266 tiam
2030 2229 2152 2283 quae
2195 2224 2280 2271 est
2322 2231 2450 2274 ante
2511 2235 2724 2289 aevum,
2765 2223 2982 2280 initium
3027 2228 3239 2284 viarum
3285 2230 3418 2299 Dei,

1847 2302 2271 2374 primogenitum
2295 2317 2348 2364 et
2367 2311 2589 2366 unicum
2612 2313 2792 2372 Patris
2817 2334 3041 2388 germen
3059 2360 3074 2386 ,
3100 2321 3264 2392 220
3287 2339 3416 2380 eum

1848 2395 1943 2464 qui
1977 2395 2181 2452 Christi
2213 2401 2576 2470 appellatione
2620 2404 2943 2475 honoratur,
2985 2426 3224 2480 praesens
3266 2429 3410 2485 quo-

1846 2501 1954 2556 que
1981 2489 2225 2557 psalmus
2268 2489 2558 2548 Dominum
2599 2505 2789 2566 vocat,
2829 2499 3102 2572 docetque
3137 2519 3260 2558 eum
3293 2521 3418 2562 esse

1847 2591 2226 2637 consessorem
2259 2583 2424 2638 simul
2452 2594 2506 2640 et
2537 2585 2737 2644 Filium
2776 2593 3017 2662 supremi
3047 2593 3174 2662 Dei,
3203 2612 3416 2652 rerum-

1845 2685 1950 2739 que
1981 2674 2227 2727 omnium
2265 2675 2515 2746 Domini,
2549 2689 2921 2754 aeternumque
2949 2683 3129 2742 Patris
3159 2689 3417 2745 sacerdo-

1843 2769 1977 2818 tem.
2034 2763 2282 2822 Primum
2331 2785 2462 2840 ergo
2513 2772 2595 2828 sic
2647 2774 2890 2842 habeto,
2948 2780 3414 2848 quemadmodum

1843 2856 2132 2924 progenies
2169 2858 2260 2913 illa
2303 2861 2544 2916 secunda
2593 2862 2689 2919 Dei
2719 2867 2998 2922 nominata
3027 2877 3148 2936 est,
3186 2880 3241 2926 et
3275 2887 3416 2942 quo-

1842 2945 1991 2999 niam
2033 2947 2217 3003 divino
2262 2966 2480 3021 quoque
2523 2954 2720 3024 spiritu
2765 2957 2858 3012 illa
2903 2959 3201 3030 prophetiae
3241 2964 3412 3020 verba

1845 3037 1971 3093 ﬁdei
2009 3049 2212 3096 nostrae
2237 3046 2532 3100 commissa
2562 3057 2719 3116 sunt;
2759 3050 2882 3105 vide
2911 3067 3040 3105 num
3074 3061 3128 3108 et
3158 3053 3250 3109 ille
3285 3053 3412 3124 Spi-

1839 3130 1980 3186 ritus
2012 3143 2232 3188 sanctus
2267 3135 2322 3188 in
2348 3138 2648 3206 propheta,
2677 3141 2875 3197 suimet
2903 3142 3080 3213 ipsius
3116 3144 3408 3202 Dominum

1765 3246 1806 3304 c
1841 3225 2138 3278 secundum
2167 3234 2290 3295 post
2319 3243 2442 3282 eum
2467 3231 2561 3299 qui
2584 3229 2847 3294 Dominus
2899 3245 2985 3290 est
3029 3240 3412 3295 universorum

1838 3324 2012 3370 vocet.
2053 3335 2071 3368 ι
2103 3315 2250 3372 Dixit
2281 3339 2300 3371 ›
2346 3321 2491 3375 enim
2513 3361 2528 3386 ,
2563 3324 2834 3393 inquit,.c
2867 3325 3131 3384 Dominus
3181 3330 3412 3387 Domino

1839 3421 1985 3471 meo,
2022 3407 2161 3464 Sede
2191 3426 2220 3464 a
2247 3411 2479 3469 dextris.
2518 3433 2536 3466 ι
2568 3413 2743 3470 Sicuti
2773 3432 2955 3472 rerum
2988 3420 3151 3475 etiam
3191 3423 3412 3480 univer-

1839 3495 1940 3551 sim
1984 3500 2228 3554 omnium
2267 3501 2576 3571 Dominum,
2603 3505 2813 3563 Hebraei
2857 3510 3211 3568 inenarrabili
3251 3523 3306 3570 et
3343 3531 3412 3571 ex
3467 3558 3472 3563 .

1837 3596 2078 3657 quatuor
2109 3590 2394 3649 elementis
2427 3595 2728 3666 composita
2759 3597 3000 3656 dictione
3037 3612 3407 3673 vocaverunt;

1837 3693 1937 3733 nec
1983 3678 2096 3748 jam
2146 3684 2377 3753 amplius
2428 3701 2552 3740 eum
2599 3689 2766 3743 simili
2807 3692 3025 3747 ratione
3066 3695 3406 3764 secundum,

1839 3770 1932 3824 sed
1964 3773 2184 3842 proprie
2213 3773 2505 3831 Dominum
2536 3780 2971 3850 appellaverunt.
3012 3783 3205 3840 Merito
3233 3785 3404 3856 igitur

1840 3858 2088 3916 Salvator
2137 3879 2199 3918 ac
2241 3863 2506 3924 Dominus
2558 3880 2746 3926 noster
2784 3871 2900 3942 ipse
2925 3873 3086 3931 Jesus
3118 3877 3212 3946 qui
3243 3877 3403 3932 Chri-

1835 3959 1954 4007 stus
2010 3961 2096 4009 est
2151 3953 2281 4022 Dei,
2334 3957 2679 4032 interrogans
2732 3963 3024 4033 aliquando
3071 3965 3399 4034 Pharisaeos,

1841 4062 1860 4094 ι
1892 4043 2037 4109 Quid
2098 4047 2255 4103 vobis
2313 4051 2530 4107 videtur
2582 4055 2649 4110 de
2694 4055 2954 4112 Christo?
2995 4060 3155 4129 cujus
3198 4074 3282 4117 est
3336 4063 3404 4116 ii-

1833 4136 1942 4191 lius
1980 4136 2070 4191 "‘3
2105 4157 2124 4189 ι
2173 4155 2298 4195 cum
2356 4147 2810 4215 respondissent,
2867 4149 3128 4219 Davidis,
3195 4155 3404 4224 subdit,

1843 4245 1862 4278 ι
1895 4225 2183 4292 Quomodo
2228 4231 2395 4302 igitur
2425 4234 2596 4291 David
2625 4237 2681 4292 in
2711 4239 2909 4310 spiritu
2953 4239 3241 4298 Dominum
3277 4260 3402 4300 eum

1845 4326 2038 4384 vocat,
2073 4319 2280 4385 dicens,
2327 4323 2473 4379 Dixit
2511 4325 2774 4385 Dominus
2804 4328 3032 4385 Domino
3064 4347 3186 4388 meo
3217 4351 3230 4387 :
3265 4332 3405 4392 Sede

1836 4423 1867 4461 a
1911 4410 2120 4465 dextris
2162 4415 2300 4468 meis
2335 4417 2378 4447 ¹⁵
2401 4418 2424 4468 ?
2449 4437 2468 4469 ι
2494 4419 2886 4488 pr0pemodum
2912 4421 3278 4492 interpretans
3319 4425 3403 4479 di-

1834 4519 2074 4573 ctionem
2103 4559 2117 4582 ,
2168 4534 2291 4591 qua:
2338 4533 2447 4574 non
2491 4517 2654 4572 modo
2694 4517 2952 4585 Davidis,
2994 4536 3184 4576 verum
3227 4525 3400 4578 etiam

1831 4620 2058 4691 spiritus
2092 4620 2149 4674 in
2213 4619 2480 4689 pr0pheta
2499 4618 2815 4675 exsistentis
2835 4659 2850 4684 ,
2894 4619 3185 4676 Dominum
3216 4627 3403 4693 appel-

1829 4722 1928 4776 lat.
1986 4719 2046 4776 Si
2089 4729 2222 4776 vero
2270 4721 2527 4790 spiritum
2572 4719 2727 4773 illum
2778 4721 3194 4790 prepheticum,
3243 4725 3399 4780 illum

1829 4835 2009 4897 certe,
2041 4827 2136 4898 qui
2165 4826 2270 4882 ﬁde
2297 4835 2486 4881 nostra
2514 4824 2756 4881 creditus
2813 4835 2898 4881 est
2947 4825 3214 4898 Spiritum
3265 4845 3400 4886 san-

1829 4939 2012 4999 ctum,
2053 4931 2249 4986 annuit
2290 4946 2415 4987 esse
2450 4929 2771 4996 Dominum,
2815 4946 2976 5002 quem
3015 4947 3398 4990 consessorem

1826 5033 2007 5090 Patris
2035 5049 2158 5090 esse
2188 5032 2490 5104 proﬁtetur,
2522 5047 2625 5088 nec
2653 5032 2900 5088 absolute
2919 5073 2934 5098 ,
2972 5049 3160 5088 verum
3194 5035 3278 5091 sui
3310 5036 3397 5106 ip-

1829 5138 1942 5194 sius
1982 5137 2272 5193 Dominum
2305 5136 2609 5193 secundum
2641 5136 2696 5192 id
2728 5139 2871 5207 quod
2916 5145 2978 5192 ut
3012 5139 3310 5208 plurimum
3340 5147 3398 5196 et

1826 5243 2002 5314 magis
2044 5243 2289 5298 dicerent
2327 5241 2625 5298 rationales
2657 5240 2943 5298 facultates
2976 5254 3101 5313 post
3132 5243 3399 5316 Spiritum

1828 5361 2118 5418 sanctum,
2167 5361 2333 5422 atque
2370 5366 2531 5408 omne
2569 5351 2845 5423 opiﬁcium
2890 5355 3222 5424 aspectabile
3270 5372 3396 5413 cor-

1823 5453 2005 5524 poreis
2054 5461 2107 5508 et
2157 5453 2500 5523 incorporeis
2545 5461 2837 5522 constans,
2885 5459 3044 5528 cujus
3074 5459 3242 5516 totius
3267 5459 3394 5531 jure

1822 5560 2020 5614 merito
2049 5559 2528 5615 demonstraretur
2546 5557 2808 5616 Dominus
2851 5578 2996 5619 unus
3042 5562 3222 5621 Patris
3262 5582 3394 5622 cou-

1822 5678 2027 5728 sessor,
2059 5678 2156 5734 per
2183 5677 2345 5733 quem
2376 5668 2574 5717 cuncta
2605 5660 2746 5716 facta
2775 5672 2942 5733 sunt;
2974 5667 3102 5736 quia
3131 5668 3391 5725 nimirum

1824 5768 2123 5826 secundum
2153 5766 2532 5823 admirabilem
2561 5766 2903 5838 Apostolum,
2929 5787 2948 5822 ι
2967 5769 3024 5826 in
3055 5771 3176 5842 ipso
3206 5779 3393 5829 creata

210 5851 255 5883 ⁸³
273 5849 420 5910 Psal.
451 5868 565 5909 cu.
597 5857 708 5910 1-5.
788 5859 834 5890 ιδ
865 5856 1228 5928 Μαιιιιιιιιι,
1255 5861 1344 5917 42.
1424 5862 1466 5894 ¹⁸
1500 5861 1632 5917 ibid.
1664 5861 1857 5929 45,“.

470 5946 744 6010 Ριτιιοι..
786 5949 907 6014 Gn.
952 5950 1162 6014 XXII.

3040 5957 3116 6018 12
