3846 6218
405 348 512 403 Ξίῖδ

1055 339 1325 395 EUSEBII
1362 335 1843 394 CASSARIENSIS
1878 335 2028 391 OPP.
2068 334 2249 391 PARS
2288 331 2352 390 ll.
2392 363 2460 373 —
2498 328 2994 390 APOLOGETICA.

3537 325 3641 383 364

392 475 520 520 sunt
577 475 790 524 omnia,
836 470 944 514 tam
995 474 1115 528 qua:
1159 464 1285 512 sunt
1328 455 1384 510 in
1422 454 1610 519 cmlis,
1645 468 1808 524 quam
1840 468 1961 524 quae

2070 453 2227 524 ρικῆς
2276 451 2450 522 ἀρχῆς
2476 466 2535 502 τε
2581 451 2675 503 καὶ
2711 446 3008 520 βασιλείας,
3040 443 3090 497 εἰ
3135 443 3208 514 μὴ
3242 442 3350 516 ἄρα
3383 443 3464 496 ἐνὶ
3500 443 3646 516 μόνῳ

388 567 517 612 sunt
546 570 710 625 supra
742 563 941 608 terram
964 592 978 615 ,
1016 553 1131 606 sive
1163 549 1420 613 visibilia,
1445 547 1559 602 sive
1591 547 1911 602 invisibilia.
1941 565 1960 599 ι

391 640 818 718 Ᾱῦίιυιιῐηίςίιυι·
844 652 949 705 est,
978 642 1154 697 selum
1177 651 1563 709 cumpaternae
1589 637 1965 695 similitudinis

391 743 592 797 habere
609 739 909 794 dominium
930 777 944 801 ,
969 737 1111 792 sicut
1131 743 1186 790 et
1205 735 1380 790 solum
1403 748 1526 789 esse
1543 732 1721 789 Patris
1741 747 1965 788 conses-

388 849 568 892 sorem
604 831 942 886 declaratum
988 825 1280 882 estxPatet
1313 825 1476 896 igitur
1510 823 1648 878 nulli
1687 831 1967 880 creatura-

388 940 512 980 rum
539 925 620 978 fas
641 936 763 976 esse
786 919 969 976 sortiri
991 919 1268 973 dexteram
1290 914 1677 985 omnipotentis
1698 913 1968 986 principa-

390 1028 479 1072 tus
515 1025 568 1070 et
599 1013 852 1084 imperii,
887 1013 996 1068 nisi
1025 1011 1076 1066 ei
1107 1011 1202 1065 uni
1233 1010 1336 1065 soli
1369 1024 1532 1080 quem
1567 1024 1634 1064 ex
1667 1007 1966 1079 praemissis

389 1108 539 1162 varie
571 1114 624 1162 et
652 1103 958 1176 theologice
989 1100 1508 1159 demonstravimus.
1542 1100 1702 1170 221
1736 1097 1966 1154 Attende

390 1201 574 1271 igitur,
609 1194 1072 1268 quemadmodum
1116 1195 1207 1249 hic
1249 1209 1420 1248 unum
1465 1200 1520 1249 et
1568 1191 1822 1248 eumdem
1874 1208 1968 1248 su-

390 1305 612 1362 premus
649 1298 704 1345 et
744 1289 927 1344 omnia
977 1288 1081 1342 sub
1129 1301 1190 1342 se
1233 1286 1442 1342 habens
1485 1284 1782 1350 Dominus,
1832 1299 1969 1340 voce

392 1385 484 1436 illa
550 1382 757 1446 donat,
805 1399 824 1432 ι
865 1377 1005 1436 Sede
1066 1392 1098 1432 a
1166 1376 1374 1433 dextris
1437 1376 1611 1444 meis;
1655 1394 1676 1428 ι
1715 1383 1772 1431 et
1833 1375 1965 1443 illa,

380 1495 416 1526 ε(
455 1483 579 1529 ante
599 1471 914 1528 Luciferum
942 1470 1105 1542 genui
1147 1478 1220 1524 te.
1255 1487 1274 1520 ι
1310 1466 1520 1524 Deinde
1561 1483 1688 1523 cum
1735 1467 1968 1539 jurisju-

391 1566 547 1622 randi
583 1564 1024 1630 conﬁrmatione,
1069 1563 1461 1618 inconcussum
1503 1567 1668 1632 atque
1714 1561 1970 1618 immuta-

392 1662 556 1716 bilem
598 1659 653 1713 in
710 1656 984 1711 inﬁnitum
1039 1668 1218 1709 aevum
1269 1653 1619 1724 permansuri
1673 1653 1967 1710 sacerdotii

2063 543 2142 614 τῷ
2183 541 2272 596 διὰ
2324 540 2433 594 τῶν
2481 539 2858 611 προκειμένων
2910 535 3169 598 ποικίλως
3220 533 3641 605 θεολογουμένῳ.

2077 632 2398 704 Ἐπίστησον
2430 626 2543 694 οὖν,
2571 630 2646 693 ὡς
2679 629 2816 700 πρὸς
2858 629 2955 680 ’ἐνα
2987 627 3080 679 καὶ
3127 626 3218 678 τὸν
3259 625 3420 677 αὑτὸν
3448 626 3476 676 ό
3504 626 3645 678 ἀνω-

2065 726 2212 778 τάτω
2249 723 2345 778 καὶ
2387 722 2478 776 ἐπὶ
2517 721 2735 774 πάντων
2766 719 2971 788 Κύριος
3013 718 3108 770 καὶ
3139 715 3257 787 τὴν,
3298 736 3315 767 ι
3364 715 3551 770 Κάθου
3585 717 3648 769 ἐκ

2064 813 2254 881 δεξιῶν
2283 830 2406 885 μου,
2439 832 2457 864 ι
2483 813 2734 883 δωρεῖται
2769 808 2971 880 φωνὴν,
3007 809 3102 862 καὶ
3126 808 3244 877 τὴν,
3280 824 3299 856 ι
3331 805 3446 878 Πρὸ
3481 807 3650 859 Ἑωσ-

2065 907 2234 977 φόρου
2288 903 2585 975 γενέννηκά
2633 919 2712 954 σε.
2757 919 2776 953 ι
2832 899 2968 954 Μεθ’
3012 900 3176 970 ὅρκου
3223 898 3280 951 δὲ
3329 896 3650 949 διαϐεϐαιώ-

2067 1012 2226 1060 σεως,
2251 995 2498 1049 ἄσειστον
2531 992 2626 1046 καὶ
2663 989 3019 1062 ἀπαράϐατον
3051 986 3198 1058 αὐτῷ
3237 987 3336 1058 τὴν
3360 985 3524 1056 τιμὴν
3551 985 3652 1054 τῆς

2066 1088 2144 1150 εἰς
2176 1087 2401 1158 ἄπειρον
2427 1084 2598 1138 αἰῶνα
2630 1081 2885 1154 διαρκοῦς
2919 1079 3217 1152 ἱερωσύνης
3250 1077 3647 1148 παραδίδωσιν·

2072 1198 2091 1233 t
2128 1181 2331 1250 Ὢμοσε
2353 1177 2576 1249 Κύριος,
2605 1175 2698 1230 καὶ
2721 1177 2783 1228 ού
2807 1171 3310 1246 μεταμεληθήσεται
3329 1187 3343 1199 ο
3371 1169 3442 1221 Σὺ
3472 1169 3653 1241 ἱερεὺς

2067 1275 2146 1336 εἰς
2169 1273 2358 1325 αἰῶνα.
2386 1289 2406 1324 ι
2424 1269 2520 1333 Τίς
2550 1267 2595 1322 δ’
2623 1268 2689 1322 ἂν
2718 1269 3016 1331 ἐπινοοῖτο;
3043 1263 3158 1317 οῦτι
3187 1262 3251 1334 δὴ
3276 1261 3464 1332 θνητὸς
3487 1259 3653 1331 ἀνὴρ)

2066 1364 2204 1420 ἀλλά
2232 1365 2352 1418 ούδέ
2383 1363 2487 1433 τῆς
2517 1360 2813 1430 ἀγγελικῆς
2845 1359 3082 1428 φύσεως,
3125 1356 3229 1410 ὑπὸ
3258 1355 3391 1408 Θεοῦ
3436 1355 3536 1426 μὲν
3562 1362 3656 1421 τέ.

2066 1456 2416 1530 γεννημένοςη
2452 1455 2532 1518 εἰς
2564 1451 2734 1508 αἰῶνα
2772 1451 2829 1504 δὲ
2875 1449 3190 1522 ἰερωμένος,
3242 1449 3271 1501 ὁ
3311 1447 3406 1500 καὶ
3440 1448 3500 1498 ἐν
3538 1445 3655 1504 τοῖς

2069 1545 2531 1625 πρόσθενείπώνο
2570 1564 2589 1597 ‹
2631 1542 2836 1614 Κύριος
2865 1541 3046 1595 ἐκτισέ
3083 1557 3149 1612 με
3175 1540 3349 1612 ἀρχὴν
3376 1537 3510 1590 ὁδῶν
3552 1539 3658 1590 αὐ-

2067 1640 2162 1696 τοῦ
2195 1643 2274 1705 εἰς
2304 1639 2441 1713 ἔργα
2468 1635 2658 1693 αὐτοῦ.
2695 1634 2808 1705 Πρὸ
2839 1633 2934 1687 τοῦ
2975 1632 3167 1697 αἰῶνος
3201 1628 3529 1702 ἐθεμελίωαέ
3557 1644 3655 1698 με,

391 1755 658 1808 honorem
701 1749 753 1805 ei
815 1748 1047 1819 largitur
1078 1764 1092 1802 :
1124 1763 1144 1799 ι
1176 1744 1390 1819 Juravit
1417 1739 1714 1810 Dominus,
1756 1754 1811 1802 et
1855 1762 1966 1801 non

2070 1735 2128 1788 ἐν
2173 1735 2316 1806 ἀρχῇ
2355 1731 2464 1804 πρὸ
2501 1729 2597 1783 τοῦ
2640 1729 2742 1801 ὄρη
2785 1726 3133 1798 ἑδρασθῆναι,
3178 1724 3284 1795 πρὸ
3330 1722 3388 1776 δὲ
3433 1721 3657 1776 πάντων

394 1845 684 1919 paenitebit
712 1858 873 1898 eum:
900 1811 993 1896 7l‘u
1029 1855 1090 1896 es
1138 1817 1398 1897 sacerdos
1442 1839 1498 1894 in
1529 1848 1811 1894 aeternum.
1847 1857 1866 1892 ι
1897 1841 1966 1893 At

2071 1827 2274 1898 βουνῶν
2319 1827 2485 1897 γεννᾷ
2526 1843 2615 1898 με.
2657 1843 2674 1876 ι
2707 1823 2819 1877 Καὶ
2867 1820 3107 1892 πρόσχες
3151 1816 3208 1870 δὲ
3256 1813 3531 1886 ἐπιμελῶς
3554 1811 3658 1866 τὸν

391 1941 538 1995 enim
590 1937 716 2009 quis
766 1935 867 1989 thic
903 1933 1135 1988 tandem
1189 1921 1560 2003 intelligatur?
1610 1947 1806 2002 nempe
1854 1947 1968 1987 non

393 2033 477 2086 vir
505 2027 754 2085 mortalis
781 2026 928 2082 ullus
947 2065 962 2085 .
993 2039 1058 2079 ac
1085 2038 1155 2079 ne
1203 2025 1463 2095 angelica:
1490 2023 1712 2095 quidem
1757 2032 1968 2081 naturae

392 2123 668 2196 quispiam
689 2161 704 2187 ,
740 2119 836 2192 qui
878 2133 910 2174 a
951 2117 1064 2174 Deo
1093 2117 1314 2190 quidem
1369 2117 1441 2174 sit
1480 2116 1690 2184 factus,
1725 2119 1784 2173 in
1811 2124 1970 2175 aeter-

397 2233 532 2273 num
582 2229 715 2272 vero
792 2209 1052 2284 sacerdos
1096 2211 1467 2276 constitutus,
1513 2210 1611 2266 sed
1664 2211 1815 2268 solus
1880 2213 1971 2269 ille

392 2307 490 2380 qui
521 2307 580 2362 in
612 2306 683 2363 iis
707 2344 722 2371 ,
755 2319 879 2377 quae
919 2310 1082 2359 antea
1134 2302 1421 2359 citavimus
1470 2301 1741 2369 oraculis,
1789 2302 1966 2358 dixit:

399 2422 418 2452 ι
450 2398 671 2456 Creavit
720 2411 808 2452 me
865 2395 1082 2450 initium
1138 2394 1351 2448 viarum
1410 2406 1636 2448 suarum
1688 2392 1751 2446 in
1801 2407 1969 2462 opera

395 2507 516 2548 sua.
576 2489 718 2544 Ante
779 2487 1038 2544 stimulum
1093 2481 1343 2538 fundavit
1399 2497 1525 2549 me,
1581 2483 1639 2538 in
1696 2482 1970 2554 principio

395 2593 688 2654 antequam
747 2585 960 2634 montes
1013 2576 1412 2639 stabilirentur,
1477 2580 1534 2630 et
1587 2581 1716 2630 ante
1775 2588 1968 2629 omnes

393 2678 563 2733 colles
596 2673 770 2747 gignit
796 2687 882 2726 me
916 2671 981 2724 η.
1013 2689 1032 2722 ι
1063 2667 1275 2724 Adhibe
1303 2683 1434 2724 vero
1461 2669 1709 2723 animum
1739 2666 1970 2738 diligen-

397 2781 501 2835 ter,
546 2775 602 2825 et
640 2764 1026 2839 cogitationem
1067 2761 1324 2828 intende,
1365 2768 1485 2817 tum
1529 2761 1598 2816 ad
1645 2769 1969 2832 praesentem

393 2860 666 2932 psalmum
690 2896 706 2923 ,
737 2865 854 2912 tum
885 2852 954 2909 ad
996 2867 1093 2910 eas
1155 2866 1278 2924 quae
1313 2857 1475 2905 antea
1533 2850 1796 2920 expositae
1841 2855 1971 2905 sunt

397 2967 584 3008 voces.
607 2948 668 3005 In
691 2947 796 3003 hoc
819 2947 965 3002 enim
989 2945 1266 3018 ingenitus
1295 2940 1441 2998 Deus
1471 2955 1596 2996 eum
1623 2939 1718 3010 qui
1751 2939 1822 2994 ab
1849 2939 1971 3010 ipso

394 3050 508 3110 est,
538 3049 594 3099 et
633 3047 824 3096 noster
869 3037 1136 3094 Dominus
1189 3042 1313 3100 est,
1373 3033 1572 3088 sedere
1616 3045 1805 3088 secum
1859 3044 1968 3084 una

391 3137 579 3206 jubet,
629 3132 859 3188 dicens:
893 3148 912 3181 ι
942 3127 1084 3184 Sede
1125 3143 1158 3182 a
1200 3125 1411 3182 dextris
1444 3123 1601 3178 meis.
1636 3142 1653 3174 ι
1685 3120 1744 3177 In
1798 3122 1969 3176 altero

2069 1917 2212 1981 νοῦν,
2242 1917 2542 1988 ἐπιστήσας
2570 1914 2648 1986 τῷ
2679 1931 2738 1966 τε
2771 1911 2999 1983 παρόντι
3044 1907 3265 1981 ψαλμῷ,
3299 1909 3395 1962 καὶ
3430 1907 3551 1969 ταῖς
3593 1905 3660 1956 ἐν

2067 2010 2145 2081 τῷ
2172 2009 2278 2082 πρὸ
2314 2008 2504 2062 τούτου
2542 2005 2964 2078 παρατεθείσαις
3002 2005 3225 2073 φωναῖς.
3273 2001 3360 2054 Ἐν
3399 1999 3496 2071 μὲν
3540 1998 3660 2068 γὰρ

2067 2102 2241 2174 τούτῳ
2273 2103 2302 2156 ὁ
2334 2101 2594 2155 ἀνωτάτω
2626 2097 2759 2160 Θεὸς
2793 2095 3081 2167 σύνθρονον
3125 2093 3215 2147 τὸν
3254 2092 3526 2162 δεύτερον,
3556 2090 3661 2142 καὶ

2067 2195 2226 2267 ἡμῶν
2251 2194 2478 2267 Κύριον,
2511 2188 2704 2246 ἐαυτοῦ
2737 2188 3045 2258 καθίστησι,
3071 2186 3272 2255 λέγων·
3311 2203 3330 2236 ‹
3369 2182 3554 2237 Κάθου
3589 2182 3660 2234 ἐκ

2067 2284 2253 2351 δεξιῶν
2287 2303 2421 2358 μου·
2459 2306 2478 2338 ι
2511 2286 2567 2337 ἐν
2591 2318 2593 2320 -
2616 2283 2674 2336 δὲ
2717 2279 2794 2352 τῷ
2839 2280 2944 2351 πρὸ
2981 2278 3174 2332 τούτου
3207 2276 3299 2331 τὸν
3332 2274 3521 2347 θρόνον
3568 2273 3662 2336 εἰς

2069 2377 2242 2432 αἰῶνα
2274 2379 2468 2441 αἰῶνος
2504 2379 2796 2451 διαμένειν,
2829 2378 2858 2430 ὁ
2889 2375 3045 2444 λόγος
3088 2371 3310 2442 ἔφησεν,
3350 2366 3486 2438 ὁμοῦ
3520 2365 3662 2421 Θεὸν

2071 2469 2230 2523 αὑτὸν
2264 2465 2608 2540 ἀναγορεύων
2639 2469 2704 2522 δι’
2745 2461 2820 2522 ὧν
2853 2481 3047 2538 φησιν’
3084 2482 3105 2516 ι
3148 2462 3206 2515 '0
3240 2460 3429 2530 θρόνος
3466 2475 3583 2521 σου,
3625 2457 3664 2511 δ

2069 2561 2222 2625 Θεὸς,
2251 2563 2330 2625 εἰς
2363 2561 2452 2614 τὸν
2483 2559 2655 2614 αἰῶνα
2685 2559 2777 2612 τοῦ
2810 2557 3023 2620 αἰῶνος.
3065 2574 3085 2607 ι
3124 2553 3295 2607 Πάλιν
3328 2552 3387 2604 ἐν
3437 2549 3535 2621 μὲν
3574 2547 3662 2619 τῷ

2075 2652 2213 2722 μετὰ
2243 2653 2448 2722 χεῖρας,
2489 2669 2508 2702 ‹
2552 2650 2792 2715 Ῥάϐδον,
2827 2668 2848 2701 ι
2882 2647 3035 2720 φησί,
3083 2665 3102 2698 c
3145 2645 3430 2715 δυνάμεως
3458 2641 3665 2705 ἐξαπο-

2073 2742 2246 2795 στελεῖ
2279 2759 2358 2795 σοι
2385 2741 2585 2812 Κύριος
2613 2743 2677 2795 ἐκ
2705 2740 2870 2794 Σιώνο
2912 2759 2930 2791 ι
2961 2741 3018 2793 ἐν
3044 2738 3089 2792 δ’
3118 2737 3332 2806 ἐκείνῳ,
3367 2753 3387 2785 ι
3433 2733 3660 2796 Ῥάϐδος

2071 2833 2362 2906 εὐθύτητος
2391 2836 2425 2904 ἡ
2455 2834 2648 2906 ῥάϐδος
2674 2835 2774 2905 τῆς
2809 2832 3083 2905 βασιλείας
3111 2847 3226 2884 σου.
3268 2849 3288 2882 ι
3323 2830 3436 2882 Καὶ
3455 2823 3661 2888 αὖθιςό

2074 2926 2172 2995 μὲν
2220 2924 2409 2997 παρών
2448 2942 2613 2996 φησι·
2650 2944 2668 2978 ι
2709 2925 2892 2979 Κάθου
2939 2926 3004 2978 ἐκ
3043 2921 3234 2989 δεξιῶν
3284 2937 3407 2991 μου,
3443 2919 3550 2982 ἓως
3589 2919 3663 2972 ἂν

2073 3017 2148 3069 θῶ
2177 3017 2305 3081 τοὺς
2344 3015 2572 3089 ἐχθρούς
2610 3033 2704 3069 σου
2743 3016 3032 3071 ὑποπόδιον
3071 3014 3181 3068 τῶν
3206 3013 3383 3066 ποδῶν
3416 3027 3532 3078 σου,
3561 3011 3664 3064 καὶ

2072 3109 2523 3180 κατακυριεύσεις
2566 3109 2625 3162 ἐν
2679 3109 2828 3180 μέσῳ
2872 3108 2980 3163 τῶν
3035 3107 3243 3180 ἐχθρῶν
3290 3121 3420 3159 σου·
3471 3123 3491 3157 ι
3540 3106 3568 3158 ὁ
3601 3103 3661 3157 δὲ

396 3241 558 3289 vero,
589 3237 752 3294 quem
795 3226 923 3276 ante
953 3219 1101 3274 hunc
1130 3218 1306 3289 ipsum
1348 3215 1705 3286 exposuimus
1727 3253 1742 3279 ,
1779 3212 1965 3269 sedem

2071 3199 2336 3272 πρόσθεν
2375 3219 2392 3251 ι
2424 3201 2504 3253 Τὰ
2539 3199 2664 3272 βέλη
2699 3217 2792 3253 σου
2824 3200 3157 3272 ἠκονημένα,
3192 3197 3395 3252 δυνατὰ
3430 3199 3488 3251 ἐν
3524 3213 3665 3266 καρ-

395 3321 452 3372 in
482 3316 740 3373 saeculum
770 3312 957 3370 δεουιί
999 3325 1256 3374 manere,
1299 3308 1582 3364 oraculum
1630 3305 1965 3371 allirmabat,

395 3411 568 3466 Deum
603 3408 823 3462 interim
856 3405 1013 3460 illum
1042 3403 1325 3475 appellans
1356 3401 1414 3456 in
1460 3400 1570 3457 illis
1613 3399 1831 3465 verbis,
1875 3398 1968 3452 ubi

394 3501 514 3558 ait:
557 3517 576 3550 ι
616 3497 786 3554 Sedes
833 3503 930 3551 tua
982 3495 1127 3551 Deus
1176 3494 1234 3548 in
1285 3493 1548 3550 saeculum
1603 3491 1791 3548 saeculi
1837 3491 1903 3546 ".
1943 3509 1963 3540 ι

397 3592 612 3649 Rursus
661 3589 719 3644 in
774 3603 842 3644 eo
893 3587 990 3658 qui
1043 3600 1192 3642 nunc
1248 3586 1391 3640 inter
1442 3598 1638 3639 manus
1690 3589 1967 3648 versatur,

401 3704 421 3738 ι
452 3683 692 3754 virgam,
747 3679 965 3750 inquit,
1006 3680 1229 3734 virtutis
1278 3677 1490 3733 emittet
1542 3675 1638 3731 tibi
1705 3674 1968 3729 Dominus

393 3794 464 3836 ex
495 3777 624 3832 Sion
658 3775 724 3840 ⁸⁸,
766 3793 784 3825 ι
823 3774 880 3828 in
928 3771 1024 3826 illo
1069 3776 1251 3825 autem
1277 3811 1293 3835 ,
1346 3789 1365 3821 (
1401 3770 1554 3840 virga
1603 3765 1922 3823 directionis
1949 3804 1965 3830 ,

393 3869 547 3940 virga
600 3866 757 3938 regni
814 3866 894 3919 tui
925 3863 990 3917 ".
1027 3880 1047 3914 ι
1081 3860 1149 3915 Et
1197 3877 1393 3917 rursus
1439 3860 1529 3914 hic
1576 3858 1798 3929 quidem
1849 3857 1965 3911 ait:

399 3981 420 4015 ε
453 3961 592 4016 Sede
645 3975 676 4014 a
729 3956 938 4014 dextris
994 3954 1172 4016 meis,
1223 3954 1397 4009 donec
1456 3966 1656 4023 ponam
1716 3950 1969 4004 inimicos

395 4063 521 4109 tuos
574 4050 874 4111 scabellum
918 4047 1117 4120 pedum
1170 4053 1430 4110 tuorum,
1485 4052 1542 4099 et
1596 4041 1969 4098 dominaberis

286 4195 289 4198 .
395 4145 453 4200 in
487 4141 668 4199 medio
700 4139 1052 4197 inimicorum
1097 4145 1316 4193 tuorum
1347 4135 1415 4189 ³⁸.
1447 4153 1466 4186 ι
1491 4133 1587 4190 llle
1625 4148 1792 4199 vero,
1831 4151 1849 4184 ι
1879 4147 1969 4187 sa-

287 4231 292 4237 ’
393 4236 543 4308 gittze
589 4241 700 4289 tute
751 4238 954 4296 acutze,
1005 4236 1257 4301 potentes
1301 4227 1360 4282 in
1405 4225 1574 4283 corde
1619 4225 1966 4280 inimicorum

393 4326 561 4397 regis.
590 4345 610 4379 ι
635 4324 778 4395 Ergo
807 4322 973 4379 etiam
1004 4335 1067 4376 ea
1097 4335 1218 4391 quae
1244 4317 1312 4372 ad
1341 4317 1482 4388 ejus,
1501 4316 1567 4372 de
1595 4331 1704 4386 quo
1732 4315 1966 4385 agimus,

393 4419 649 4474 inimicos
691 4417 998 4488 pertinent,
1046 4413 1104 4466 in
1144 4418 1380 4480 utroque
1417 4409 1523 4466 sibi
1569 4409 1688 4478 ipsa
1732 4421 1968 4463 consen-

393 4509 562 4563 tiunt.
589 4506 723 4572 Quis
751 4520 881 4576 ergo
910 4503 1072 4558 modo
1100 4502 1222 4558 suis
1247 4499 1424 4556 oculis
1466 4513 1700 4555 cernens
1741 4497 1799 4552 in
1850 4512 1965 4552 me—
1997 4535 2042 4590 υ

393 4599 502 4654 diis
531 4596 762 4652 urbibus
785 4635 801 4659 ,
835 4595 892 4648 in
924 4594 1065 4650 vicis
1100 4607 1165 4649 ac
1205 4591 1555 4664 regionibus,
1585 4590 1643 4644 in
1676 4597 1795 4644 toto
1833 4589 1967 4645 orbe

393 4689 649 4744 ﬂorentes
702 4685 1002 4742 Salvatoris
1051 4685 1226 4740 nostri
1277 4682 1557 4739 Ecclesias
1585 4723 1601 4749 ,
1654 4689 1709 4737 et
1763 4697 1860 4737 eos
1909 4682 1963 4736 in

392 4779 596 4850 quibus
645 4777 959 4833 dominatur
1006 4775 1236 4847 populos
1258 4815 1273 4840 ,
1303 4783 1358 4830 et
1387 4772 1774 4828 innumerabili
1817 4773 1968 4827 viro-

394 4885 515 4924 rum
544 4867 896 4923 multitudine
923 4865 1156 4921 rel‘ertos
1201 4872 1538 4928 conventus,
1587 4863 1683 4934 qui
1719 4863 1794 4917 illi
1834 4878 1969 4918 con-

395 4959 598 5015 secrati
627 4966 784 5022 sunt,
817 4958 1024 5028 quique
1045 4956 1290 5029 undique
1319 4963 1437 5010 tum
1478 4954 1548 5009 ab
1590 4954 1661 5009 iis
1691 4953 1786 5024 qui
1822 4953 1967 5008 inter

395 5050 646 5104 homines
696 5057 1017 5111 cernuntur,
1068 5059 1180 5102 tum
1233 5048 1300 5102 ab
1353 5046 1737 5116 ell‘ugientibus
1785 5045 1966 5101 visum

393 5149 644 5195 nostrum
666 5179 680 5202 ,
725 5148 778 5194 et
817 5139 1049 5194 occultis
1098 5137 1337 5192 inimicis
1368 5142 1533 5206 atque
1562 5135 1812 5190 hostibus
1843 5134 1965 5203 ejus

395 5231 659 5286 doctrina:
691 5247 812 5301 quae
846 5246 876 5284 a
916 5230 1139 5285 Christo
1174 5228 1374 5283 tradita
1405 5235 1528 5291 est,
1568 5226 1961 5292 circumsessi,

395 5339 508 5377 non
539 5321 839 5377 admiretur
868 5336 1108 5391 praesens
1159 5319 1478 5384 oraculum,
1532 5318 1677 5388 quod
1730 5317 1798 5371 ad
1845 5317 1965 5386 ejus

275 5445 286 5454 -
395 5427 687 5483 personam
717 5414 1058 5467 enuntiatum
1089 5419 1202 5475 est,
1235 5409 1386 5466 etde
1430 5423 1540 5479 quo
1585 5409 1675 5463 hic
1722 5408 1962 5471 canitur,

395 5503 528 5560 illud
583 5505 809 5575 utique:
851 5522 869 5555 ι
912 5503 1202 5558 Dominare
1259 5504 1314 5556 in
1374 5501 1562 5556 medio
1614 5491 1964 5557 inimicorum

393 5599 660 5652 tuorum?
690 5619 707 5648 ι
741 5597 942 5652 Deinde
980 5598 1238 5667 quoniam
1278 5597 1334 5650 in
1373 5611 1438 5651 eo
1485 5598 1581 5668 qui
1631 5597 1963 5660 antecessit,

393 5694 600 5746 dictum
631 5701 714 5746 est
746 5691 896 5745 illum
946 5701 1170 5746 unctum
1219 5705 1343 5747 esse
1371 5689 1534 5759 222
1563 5689 1682 5744 oleo
1709 5690 1954 5744 exsulta-

461 5808 510 5839 (⁸
543 5805 708 5862 Prov.
749 5821 865 5869 vm,
902 5807 1090 5862 25-35.
1170 5810 1211 5840 ¹τ
1249 5806 1393 5865 Psal.
1421 5823 1567 5872 xuv,
1605 5807 1654 5864 7.
1733 5807 1777 5840 “
1811 5805 1948 5862 Psal.
1988 5821 2097 5872 cxx,
2123 5807 2176 5862 2.

2069 3293 2156 3364 δίᾳ
2177 3293 2284 3345 τῶν
2313 3291 2522 3364 ἐχθρῶν
2564 3291 2659 3345 τοῦ
2690 3291 2973 3362 βασιλέως.
3008 3309 3026 3342 ι
3063 3290 3270 3344 Οὐκοῦν
3302 3288 3398 3342 καὶ
3428 3287 3497 3340 τὰ
3531 3285 3665 3358 περὶ

2068 3384 2177 3438 τῶν
2211 3384 2421 3456 ἐχθρῶν
2444 3384 2536 3438 τοῦ
2581 3383 2910 3456 δηλουμένου
2953 3385 3012 3437 ἐν
3049 3383 3380 3454 ἀμφοτέροις
3421 3380 3660 3452 συνᾴδει.

2069 3477 2166 3541 Τίς
2186 3477 2321 3549 δῆτα
2341 3472 2454 3544 οὖν,
2479 3475 2775 3548 ὀφθαλμοῖς
2795 3476 2937 3548 ὁρῶν
2959 3477 3019 3531 ἐν
3046 3474 3236 3547 μέσαις
3265 3475 3386 3535 ταῖς
3415 3472 3663 3535 πόλεσιν,

2070 3569 2127 3624 ἐν
2143 3587 2200 3624 τε
2220 3569 2434 3641 κώμαις
2453 3569 2546 3622 καὶ
2565 3567 2788 3641 χώραις,
2807 3567 2926 3621 καθ’
2951 3567 3078 3638 ὅλης
3098 3584 3158 3619 τε
3186 3566 3284 3636 τῆς
3309 3564 3662 3634 οἰκουμένης,

2069 3660 2334 3723 άνθούσας
2380 3659 2480 3724 τὰς
2524 3659 2618 3712 τοῦ
2659 3660 2912 3731 Σωτῆρος
2959 3656 3116 3729 ἡμῶν
3148 3655 3507 3726 Ἐκκλησίας,
3537 3654 3666 3717 τούς

2069 3771 2128 3806 τε
2164 3753 2301 3825 πρὸς
2343 3751 2506 3805 αὑτοῦ
2551 3751 2970 3823 κυριευομένους
3017 3749 3200 3812 λαοὺς,
3233 3748 3330 3801 καὶ
3353 3746 3666 3819 μυρίανδρα

2072 3844 2253 3917 πλήθη
2269 3843 2377 3898 τῶν
2397 3842 2548 3914 αὐτῷ
2575 3841 3032 3912 καθωσιωμένων,
3054 3838 3388 3910 πανταχόθεν
3417 3841 3528 3893 ὑπὸ
3554 3839 3668 3894 τῶν

2069 3937 2358 4010 ὁρωμένων
2393 3954 2453 3990 τε
2483 3937 2558 3990 ἐν’
2583 3934 2911 4008 ἀνθρώποις,
2940 3934 3188 4005 ἀοράτων
3220 3950 3282 3986 τε
3309 3934 3406 3986 καὶ
3433 3933 3668 4001 ἀφανῶν

2069 4029 2301 4101 ἐχθρῶν,
2331 4028 2426 4082 καὶ
2475 4026 2749 4097 πολεμίων
2780 4025 2878 4097 τῆς
2908 4025 3004 4079 τοῦ
3042 4023 3276 4097 Χριστοῦ
3307 4023 3666 4087 διδασκαλίας

2070 4121 2435 4192 κυκλούμενα,
2464 4120 2565 4174 ούκ
2589 4119 2656 4174 ἂν
2681 4119 2978 4190 θαυμάσειε
3004 4117 3095 4171 τὸν
3124 4117 3363 4189 παρόντα
3386 4116 3663 4188 χρησμὸν,

2069 4216 2148 4278 εἰς
2199 4214 2489 4287 πρόσωπον
2522 4211 2949 4283 ἀναφωνηθέντα
2973 4209 3068 4265 τοῦ
3101 4210 3517 4281 θεσπιζομένου,
3562 4211 3627 4262 τό
3647 4227 3662 4238 ο

2077 4325 2096 4358 ‹
2134 4307 2510 4379 Κατακυρίευε
2557 4307 2616 4360 ἐν
2677 4305 2827 4377 μέσῳ
2881 4304 2990 4358 τῶν
3049 4304 3259 4377 ἐχθρῶν
3307 4321 3440 4369 σου;
3495 4323 3516 4356 ι
3551 4306 3668 4357 Καὶ

2071 4403 2368 4474 ἐπειδήπερ
2409 4403 2466 4455 ἐν
2506 4401 2584 4472 τῷ
2624 4398 2860 4471 πρόσθεν
2909 4399 3193 4471 κεχρίσθαι
3233 4399 3313 4470 τῷ
3363 4398 3533 4469 ἐλαίῳ
3563 4399 3670 4470 τῆς

2071 4493 2440 4564 ἀγαλλιάσεως
2471 4493 2623 4565 παρὰ
2652 4493 2780 4557 τοὺς
2814 4492 3076 4563 μετόχους
3124 4509 3238 4557 σου,
3271 4492 3460 4563 ἱερέων
3488 4492 3550 4546 δέ
3584 4495 3669 4546 οἰ·-

2074 4590 2217 4641 κεῖον
2246 4583 2315 4658 ἦν
2347 4587 2478 4658 παρ’
2517 4585 2788 4656 Ἑϐραίοις
2814 4585 2874 4639 τὸ
2899 4585 3176 4658 χρίεσθαιο
3206 4587 3432 4649 εἰκότως
3458 4587 3486 4639 ό
3526 4586 3669 4657 μετά

2073 4682 2261 4751 χεῖρας
2308 4679 2409 4751 ήδη
2467 4678 2786 4750 λευκότερον
2856 4680 3006 4750 ἱερέα
3071 4679 3234 4734 αὑτὸν
3297 4678 3668 4749 ἐπιφημίζει,

2075 4770 2294 4824 πλείονα
2344 4770 2619 4843 προτιθεὶς
2667 4771 2796 4841 περὶ
2845 4769 3009 4825 αὑτοῦ
3057 4771 3427 4835 διδασκαλίαν,
3481 4772 3555 4824 δι’
3600 4769 3670 4844 ἧς

2077 4863 2236 4934 μόνον
2268 4862 2428 4918 αὐτὸν
2462 4863 2615 4936 παρὰ
2650 4864 2778 4926 τοὺς
2819 4863 3040 4916 πώποτε
3078 4861 3295 4917 αἰώνιον
3328 4863 3480 4934 ίερέα
3525 4860 3672 4917 εἶναι

2074 4955 2354 5018 παιδεύει,
2399 4957 2536 5027 ὅπερ
2594 4955 2821 5027 οὐδεμιᾷ
2877 4953 3163 5026 ἀνθρώπου
3221 4954 3380 5024 φύσει
3438 4955 3670 5008 δυνατὸν

2077 5045 2427 5118 ἐφαρμόζειν.
2477 5046 2638 5101 Κατὰ
2683 5047 2782 5119 τὴν
2831 5046 2984 5112 τάξιν
3043 5045 3377 5116 Μελχισεδὲκ
3416 5047 3671 5116 ἰερᾶὠαί

2075 5154 2239 5208 φησιν
2277 5137 2457 5203 αὑτὸν,
2489 5138 2626 5210 πρὸς
2674 5137 3074 5208 ἀντιδιαστολὴν
3105 5136 3198 5189 τοῦ
3235 5136 3375 5189 κατὰ
3407 5137 3507 5206 τὴν
3543 5139 3673 5192 Mm-

2076 5229 2213 5293 σέως
2238 5229 2475 5295 διάταξιν
2517 5231 2730 5302 ἱερέως,
2763 5232 2881 5301 ἦτοι
2911 5229 3006 5282 τοῦ
3047 5229 3280 5298 Ἀαρὼν,
3308 5230 3340 5300 ἢ
3393 5247 3486 5283 και
3521 5248 3670 5294 τινος

2071 5321 2182 5375 τῶν
2209 5322 2266 5388 ἐξ
2292 5324 2501 5376 ἐκείνου
2519 5341 2533 5353 ο
2570 5321 2645 5378 ὦν
2671 5323 2899 5386 ἕκαστος
2945 5322 3019 5394 μὴ
3058 5321 3132 5375 ὢν
3162 5322 3427 5393 πρότερον
3459 5323 3666 5393 ἱερεὺς,

2076 5413 2300 5484 ὕστερόν
2328 5431 2459 5468 ποτε
2484 5415 2550 5467 δι’
2570 5415 2872 5487 ἀνθρώπων
2893 5414 3088 5486 ἀλοιφῇ
3109 5431 3214 5466 τινι
3235 5416 3509 5485 σκευαστῇ
3525 5414 3671 5485 χριό-

2077 5521 2257 5569 μενος,
2298 5505 2373 5567 ὼς
2422 5507 2479 5558 ἐν
2524 5505 2714 5568 τύποις
2744 5509 2918 5561 εἰπεῖν
2949 5507 3044 5560 καὶ
3089 5505 3392 5572 συμϐόλοις,
3429 5505 3671 5576 σκιώδης

2072 5613 2155 5658 τις
2187 5597 2280 5648 καὶ
2320 5597 2583 5662 εἰκονικὸς
2616 5597 2849 5670 Χριστὸς
2887 5596 3230 5651 ἁπετελεῖτο·
3259 5595 3394 5649 ἀλλὰ
3429 5597 3525 5648 καὶ
3570 5599 3668 5650 at:

2067 5687 2259 5758 θνητὸς
2289 5689 2366 5742 ῶν
2393 5691 2492 5743 οὐκ
2532 5691 2612 5754 εἰς
2643 5689 2852 5761 μακρὸν
2883 5688 3170 5741 ἀπετίθετο
3200 5687 3298 5755 τὴν
3335 5687 3665 5758 ἱερωσύνην.

2270 5809 2312 5840 ¹⁹
2349 5806 2492 5865 Psal.
2526 5823 2666 5875 μιν,
2712 5809 2762 5863 7.
2865 5808 2909 5839 ⁸ο
2941 5805 3086 5865 Psal.
3115 5821 3225 5872 cu,
3249 5804 3300 5862 Ξ.
