3846 6218
188 367 299 424 563

1089 371 1737 431 DEMONSTRATIONIS
1774 373 2231 440 EVANGELICA‘J
2270 381 2397 440 LIB.
2439 385 2525 441 γι

3336 401 3441 460 366

188 482 300 536 Καὶ
335 483 486 554 παρὰ
556 484 656 554 μὲν
701 483 780 554 τῷ
816 484 1084 539 Ἰουδαίων
1124 487 1269 558 μόνῳ
1325 488 1503 558 ἱερᾶτο
1543 488 1674 558 λαῷ,
1708 488 1755 539 oi

1877 489 2037 546 tionis
2069 510 2177 563 pra:
2212 497 2568 568 participibus
2598 500 2708 558 tuis
2728 545 2742 570 ,
2770 509 2824 558 et
2854 506 3193 561 sacerdotum
3226 510 3279 564 id
3324 525 3444 568 erat

190 576 300 646 μὴν
335 577 428 628 καί⁵
456 575 608 646 παρὰ
639 579 750 640 τοῖς
784 573 961 640 ἄλλοίς
1007 576 1232 632 ἔθνεσιν.
1276 579 1432 632 Ἀλλὰ
1481 579 1600 632 οὐδὲ
1652 581 1767 649 μεθ’

187 669 536 739 ὁρκωμοσίας
557 667 690 721 Θεοῦ
727 669 818 721 ἐπὶ
847 669 946 741 τὴν
979 668 1316 741 λειτουργίαν
1341 673 1559 744 παρῄει,
1591 673 1768 744 κρίσει

186 761 246 814 δὲ
275 759 576 830 ἀνθρώπων
604 760 929 831 τιμώμενος·
978 763 1052 828 ὡς
1104 765 1198 817 καί
1231 782 1359 818 ποτε
1391 766 1466 837 μὴ
1504 765 1651 830 ἄξιον
1681 767 1769 818 εὑ-

193 851 475 920 ρίσκεσθαι
520 853 578 905 ὲν
621 853 803 916 αὐτοῖς
840 855 940 925 τῆς
987 855 1081 908 τοῦ
1121 855 1254 908 Θεοῦ
1301 855 1612 928 θεραπείας,
1659 852 1768 920 οἷος

188 944 601 1014 ἀναγέγραπται
629 947 657 998 6
690 944 855 1000 Ἠλεί.
902 948 1023 1000 Ἔτι
1071 948 1204 1019 πρὸς
1232 949 1441 1012 τούτοις
1473 951 1501 1003 6
1538 949 1768 1014 παλαιὸς

187 1037 395 1098 ἐκεῖνος
430 1037 627 1107 ἱερεὺς,
659 1037 689 1089 6
718 1039 855 1092 κατὰ
896 1039 994 1110 τὴν
1024 1040 1264 1105 Μωσέως
1284 1041 1542 1106 διάταξιν,
1584 1043 1647 1095 ὲκ
1674 1043 1768 1112 μό-

188 1145 286 1198 νης
314 1129 619 1199 ἐξεκρίνετο
650 1130 820 1202 φυλῆς
857 1133 958 1202 τῆς
999 1134 1150 1186 Λευῖ·
1203 1134 1307 1187 ἔδει
1346 1135 1402 1189 δὲ
1441 1136 1500 1201 ἐξ
1531 1137 1766 1201 ἅπαντος

187 1221 282 1275 καὶ
305 1221 365 1274 τὸ
389 1222 544 1290 γένος
567 1225 630 1275 ὲκ
654 1224 752 1294 τῆς
771 1223 862 1276 τοῦ
891 1225 1097 1298 Ἀαρὼν
1111 1226 1358 1298 διαδοχῆς
1379 1227 1537 1282 αὑτὸν
1556 1230 1761 1300 φέρειν,

187 1311 390 1382 θύμασί
434 1333 494 1368 τε
541 1314 695 1380 ζώων
735 1319 944 1387 ἀλόγων
989 1320 1080 1372 καὶ
1114 1321 1329 1391 αἵμασι,
1371 1326 1654 1395 σωματικῇ
1700 1341 1763 1392 γε

186 1406 412 1478 λατρεία
444 1407 766 1477 θεραπεύειν
797 1411 858 1462 τὸ
887 1411 1046 1464 θεῖον.
1095 1413 1152 1465 Ὁ
1181 1413 1236 1466 δὲ
1272 1414 1604 1485 Μελχισεδὲκ
1632 1419 1765 1471 ὠνο-

192 1497 489 1567 μασμένος,
521 1499 550 1551 ὅ
577 1499 1048 1570 μεταλαμϐάνεται
1075 1505 1153 1566 εἰς
1179 1504 1278 1575 τὴν
1312 1506 1533 1562 Ἐλλάδα
1560 1509 1759 1582 φωνὴν,

189 1588 442 1657 βασιλεὺς
471 1590 833 1661 δικαιοσύνης,
869 1593 1059 1648 ἔπειτα
1095 1595 1347 1665 βασιλεὺς
1379 1599 1587 1672 Σαλὴμ,
1617 1602 1645 1654 ὂ
1670 1603 1763 1656 καὶ

185 1679 318 1730 αὐτὸ
348 1679 415 1732 ἂν
459 1679 542 1752 εἴη
598 1680 849 1770 βασιλεὺς
893 1686 1148 1759 εἰρήνης,
1200 1692 1450 1764 ἀπάτωρ,
1508 1696 1757 1770 ἀμήτωρ,

182 1767 756 1842 ἁγενεαλὸγητος,ὀύκ
795 1776 931 1848 ἔχων
961 1781 1100 1834 κατὰ
1130 1782 1229 1854 τὴν
1264 1787 1502 1856 ἱστορίαν
1529 1788 1628 1842 οὐκ
1660 1767 1761 1862 ἀρ-

183 1861 283 1931 χὴν
312 1863 556 1934 ἡμερῶν,
591 1867 652 1918 οὐ
696 1865 840 1939 ζωῆς
884 1871 1056 1940 τέλος,
1085 1851 1199 1928 ἀλλλ
1227 1877 1344 1932 οὐδὲ
1377 1851 1554 1934 κοινόν
1584 1899 1634 1935 τι
1664 1851 1760 1953 φέ-
1792 1851 1835 1907 Β

183 1971 294 2022 ρων
348 1956 484 2026 πρὸς
535 1957 628 2010 τὸν
672 1960 772 2030 τῆς
813 1961 908 2014 τοῦ
945 1964 1152 2037 Ἀαρὼν
1197 1969 1494 2040 ἱερωσύνης
1539 1972 1756 2041 τρόπον.

181 2044 324 2099 Οὔτε
361 2047 470 2119 γὰρ
514 2050 605 2102 ὑπ’
645 2051 946 2124 ἀνθρώπων
981 2056 1182 2128 ᾕρητο,
1223 2060 1324 2114 οὐκ
1365 2061 1527 2133 ἐλαίῳ
1570 2081 1762 2118 σκευα-

182 2138 295 2207 στῷ
330 2139 618 2212 κέχριστο,
656 2145 717 2197 ού
752 2145 827 2217 (l)
852 2147 1008 2215 γένος
1053 2145 1122 2220 ἦν
1166 2151 1275 2204 τῶν
1311 2153 1443 2223 μηδὲ
1489 2156 1762 2224 φανέντων

178 2246 268 2280 πω
288 2245 302 2257 ⁸
353 2232 449 2285 καὶ
505 2233 568 2287 τὸ
617 2235 832 2290 πάντων
880 2255 946 2306 γε
988 2240 1446 2313 παραδοξότατον,
1500 2246 1580 2298 ὄτι
1629 2247 1762 2317 μηδὲ

177 2318 280 2392 τὴν
339 2322 518 2394 σάρκα
574 2327 969 2398 περιτέτμητο,
1024 2331 1118 2382 καὶ
1170 2331 1322 2403 ὅμως
1365 2333 1456 2385 τὸν
1517 2333 1763 2406 Ἀϐραὰμ

177 2412 435 2482 εὐλογεῖ,
491 2417 642 2471 ὠσάν
711 2420 846 2474 πολὺ
911 2421 1174 2493 κρείττων
1239 2424 1403 2478 αὐτοῦ
1457 2427 1758 2496 τυγχάνων.

189 2504 356 2558 Ἀλλὰ
415 2508 537 2561 οὐδὲ
590 2509 800 2574 θυσίαις
855 2512 948 2565 καὶ
1001 2513 1250 2577 σπονδαῖς
1296 2514 1374 2586 τῷ
1423 2515 1629 2587 ὑψίστῳ
1686 2519 1762 2570 ἱε-

178 2597 314 2664 ρᾶτο
346 2597 485 2670 Θεῷ,
523 2601 644 2654 οὐδὲ
695 2602 799 2673 μὴν
852 2603 1004 2678 παρὰ
1053 2604 1130 2676 τῷ
1175 2608 1232 2660 ὲν
1275 2607 1624 2680 Ἰερουσαλὴμ
1649 2609 1761 2680 ναῷ

170 2687 276 2758 τὴν
307 2688 650 2763 λειτουργίαν
691 2694 950 2759 ἐξετέλειο
1002 2697 1122 2762 πῶς
1165 2698 1273 2771 γὰρ
1317 2700 1393 2771 τῷ
1441 2701 1573 2772 μηδὲ
1616 2701 1758 2768 ὖντι;

171 2778 420 2845 Εἰκότως
433 2778 546 2849 οῦν,
569 2786 692 2838 ἐπεὶ
726 2789 818 2840 καὶ
833 2788 910 2858 τῷ
928 2790 1178 2862 ἡμετέρῳ
1199 2792 1501 2864 Σωτῆριτῴ
1520 2795 1758 2866 Χριστῷ,

168 2871 332 2925 οὐδὲν
367 2875 467 2944 μὲν
507 2876 586 2946 τῷ
625 2878 831 2952 Ἀαρὼν
873 2883 1110 2953 ἐμφερὲς
1142 2883 1341 2955 ἔμελλε.
1367 2888 1756 2960 συμϐήσεσθαι.

173 2965 319 3019 οὔτε
375 2968 502 3041 γὰρ
543 2971 615 3042 μὴ
661 2971 735 3024 ὣν
780 2975 1082 3048 πρότερον,
1132 2978 1358 3051 ὕστερόν
1403 2981 1538 3034 ποθ’
1583 2984 1759 3054 ἱερεὺς

169 3059 550 3115 ἀναδέδεικται
571 3103 585 3128 ,
641 3066 735 3118 καὶ
793 3067 968 3138 ἱερεὺς
1013 3071 1074 3123 οὐ
1126 3072 1442 3144 γενόμενος,
1485 3073 1620 3127 ἀλλὰ
1662 3073 1756 3128 ὧν.

1870 582 2150 650 proprium
2182 587 2325 655 apud
2357 588 2612 645 Hehrams
2647 602 2707 646 ut
2737 604 3115 666 ungerentur:
3153 602 3350 657 merito
3385 604 3438 658 in

1869 688 1935 727 eo
1965 690 2126 744 quem
2159 695 2307 734 nunc
2341 689 2680 748 tractamus,
2728 687 2844 756 jam
2888 690 3095 746 clarius
3137 702 3192 748 et
3237 698 3440 752 certius

1869 765 2022 820 illum
2057 779 2345 824 consecrat
2375 775 2717 832 sacerdotem
2741 817 2758 843 ,
2791 779 2948 848 plura
2975 781 3138 836 etiam
3180 784 3247 840 de
3292 787 3441 844 illius

1867 858 2118 914 doctrina
2150 878 2497 933 proponens,
2542 885 2638 938 per
2676 886 2840 941 quam
2889 874 3066 941 ipsum
3109 878 3286 932 solum
3331 896 3444 950 pra:

1868 953 2180 1010 hominibus
2209 959 2302 1027 qui
2335 975 2577 1030 unquam
2607 972 2702 1017 aut
2735 965 2940 1021 fuerint
2967 977 3060 1022 aut
3091 969 3258 1026 futuri
3292 975 3440 1046 sint,

1867 1053 2130 1098 aeternum
2159 1049 2500 1104 sacerdotem
2543 1067 2667 1108 esse
2709 1053 3086 1124 demonstrat,
3131 1062 3277 1130 quod
3309 1079 3441 1121 sane

1866 1149 2137 1206 nusquam
2180 1145 2238 1192 ut
2285 1140 2382 1195 ulli
2431 1151 2641 1199 natura)
2686 1146 2924 1204 hominis
2970 1153 3438 1224 accommodetur,

1867 1226 1984 1282 fieri
2044 1232 2263 1299 poterit.
2303 1231 2615 1291 Secundum
2654 1239 2901 1295 ordinem
2949 1242 3306 1301 Melchisedec
3353 1265 3443 1303 sa-

1866 1323 2140 1380 cerdotem
2203 1331 2467 1384 constitui
2524 1332 2672 1386 illum
2727 1335 2836 1396 ait,
2891 1344 2952 1388 ut
3002 1337 3071 1391 ab
3115 1355 3182 1393 eo
3229 1341 3443 1396 differat

1870 1414 1965 1482 qui
1995 1417 2294 1472 secundum
2333 1419 2498 1476 Musis
2532 1423 2978 1479 constitutionem
3013 1436 3131 1482 erat
3161 1433 3435 1496 sacerdos,

1862 1507 1957 1574 qui
1992 1509 2209 1577 quidem
2245 1519 2338 1564 aut
2377 1512 2557 1566 Aaron
2605 1516 2677 1567 sit
2726 1515 3110 1584 accipiendus,
3159 1531 3254 1576 aut
3299 1523 3441 1578 alius

1861 1601 2134 1671 quispiam
2167 1618 2230 1656 ex
2264 1604 2331 1658 iis
2375 1605 2469 1673 qui
2527 1606 2595 1660 ab
2628 1607 2722 1660 illo
2761 1609 2980 1662 oriundi
3015 1611 3125 1665 sint
3155 1632 3167 1667 :
3204 1629 3437 1682 quorum

1861 1693 2091 1762 quisque
2121 1709 2243 1748 cum
2274 1695 2426 1764 prius
2456 1697 2714 1752 sacerdos
2760 1714 2867 1753 non
2912 1711 3096 1766 esset,
3155 1709 3434 1773 posterius

1863 1785 2155 1855 aliquando
2198 1799 2295 1855 per
2341 1787 2592 1848 homines
2644 1803 2923 1860 unguento
2979 1797 3215 1864 quodam
3262 1800 3437 1854 artifi-

1862 1877 2012 1934 ciose
2050 1879 2299 1937 confecto
2333 1883 2659 1953 ungebatur,
2701 1891 2756 1937 et
2799 1885 2881 1938 sic
2927 1885 3158 1955 ﬁgurate
3185 1929 3200 1954 ,
3250 1899 3310 1944 ut
3361 1891 3437 1946 ita

1861 1970 2040 2026 dicam
2062 2011 2078 2036 ,
2107 1981 2161 2027 et
2196 1989 2290 2042 per
2319 1975 2474 2044 signa
2505 1975 2751 2045 quaedam
2774 2017 2788 2038 ,
2825 1976 3182 2035 adumbratas
3213 1982 3435 2051 quidam

1861 2069 1916 2116 et
1945 2063 2305 2133 imaginarius
2331 2065 2586 2120 Christus
2615 2064 2948 2122 efliciebatur
2979 2088 2990 2122 :
3027 2082 3284 2140 prmterea
3313 2081 3436 2128 tan-

1862 2169 2025 2221 quam
2058 2155 2105 2209 is
2137 2157 2230 2225 qui
2281 2157 2530 2212 mortalis
2567 2166 2746 2224 esset,
2789 2158 2932 2214 haud
2974 2160 3050 2216 ita
3099 2165 3270 2218 multo
3314 2178 3436 2235 post

1863 2245 2233 2300 sacerdotium
2287 2247 2616 2317 deponebat.
2673 2249 2827 2304 Adde
2874 2252 3020 2321 quod
3074 2256 3218 2324 apud
3263 2273 3435 2311 unum

1860 2332 2173 2392 Judreorum
2225 2341 2489 2408 populum
2549 2340 2854 2396 sacerdotio
2911 2343 3262 2414 fungebatur,
3325 2365 3435 2404 non

1861 2435 2046 2482 autem
2087 2429 2232 2500 apud
2259 2432 2396 2487 alias
2430 2433 2560 2488 item
2595 2435 2871 2490 nationes.
2913 2435 3102 2506 Neque
3141 2455 3272 2494 vero
3307 2456 3435 2495 cum

1856 2520 2223 2592 jurejurando
2253 2523 2385 2590 Dei,
2418 2526 2487 2583 ad
2515 2526 2682 2580 talem
2732 2527 3067 2583 functionem
3108 2532 3434 2598 accedebat,

1840 2611 1960 2666 'sed
1987 2612 2199 2682 judicio
2245 2615 2529 2671 hominum
2561 2616 2784 2672 electus.
2818 2615 3004 2688 Itaque
3041 2636 3438 2692 nonnunquam

1861 2702 2024 2758 etiam
2068 2705 2267 2776 aliquis
2313 2723 2380 2764 ex
2421 2708 2530 2764 illis
2574 2710 2829 2767 inventus
2867 2721 2950 2766 est
2991 2712 3086 2766 tali
3129 2715 3438 2769 ministerio

1860 2810 1973 2850 non
2002 2796 2235 2868 dignus,
2277 2799 2458 2869 qualis
2491 2799 2610 2856 Heli
2653 2802 2814 2872 plane
2859 2803 3171 2874 descriptus
3213 2817 3317 2862 est.
3354 2809 3439 2862 Ad

1861 2889 2009 2956 haec,
2053 2899 2213 2946 vetus
2263 2891 2354 2948 ille
2403 2894 2661 2950 sacerdos
2687 2933 2702 2958 ,
2748 2896 2840 2965 qui
2894 2912 2924 2950 a
2967 2896 3116 2953 Mose
3148 2898 3437 2955 institutus

1863 2981 2068 3050 fuerat,
2097 3000 2165 3039 ex
2197 2985 2313 3040 sola
2341 2986 2490 3041 tribu
2518 2985 2649 3042 Levi
2683 2989 2807 3060 eligi
2839 2997 3051 3059 poterat
3078 3009 3089 3044 :
3135 2998 3188 3046 et
3214 3000 3439 3062 oporte-

1865 3075 1961 3130 bat
2007 3077 2232 3132 omnino
2262 3077 2414 3131 illum
2460 3093 2634 3148 genus
2679 3095 2898 3150 quoque
2935 3082 3153 3137 trahere
3199 3081 3266 3136 de
3305 3099 3434 3138 suc-

171 3153 517 3224 Προσεκτέον
555 3157 662 3228 γὰρ
706 3160 980 3231 ἐπιμελῶς
1012 3164 1118 3235 τῷ’
1167 3186 1186 3218 ι
1223 3169 1294 3221 Σὺ
1328 3169 1505 3241 ἱερεὺς
1552 3175 1629 3234 εἰς
1669 3173 1755 3226 τὸν

1864 3167 2115 3222 cessione
2171 3169 2344 3239 ipsius
2398 3168 2624 3234 Aaron,
2682 3171 3079 3243 sacrificiisque
3144 3173 3433 3228 hrutorum

169 3244 370 3299 αἰῶνα.
415 3267 435 3298 ι
475 3248 549 3301 Οὐ
584 3249 692 3322 γὰρ
724 3251 843 3323 ἔσῃ,
870 3255 1022 3326 φησί,
1059 3256 1131 3329 μὴ
1170 3258 1245 3312 ὢν
1282 3261 1483 3315 πάλαι·
1512 3262 1625 3316 ἀλλ’
1648 3265 1756 3318 οὐδ’

169 3331 320 3408 ἦσθα
354 3338 455 3408 μὲν
477 3341 680 3409 πάλαι,
704 3343 797 3398 νῦν
827 3346 884 3400 δὲ
911 3345 991 3400 οὔ·
1012 3349 1147 3403 ἀλλὰ
1170 3352 1318 3422 παρὰ
1340 3353 1434 3407 τοῦ
1463 3357 1754 3427 φήσαντος,

176 3447 196 3480 ς
257 3431 403 3500 Ἐγὼ
425 3435 540 3504 εἰμι
565 3437 593 3488 6
620 3434 715 3500 ὣν,
758 3457 777 3489 ι
819 3440 882 3492 σὺ
912 3436 995 3506 εἴ,
1024 3444 1118 3496 καὶ
1150 3445 1329 3515 ἱερεὺς
1354 3449 1434 3510 εἰς
1465 3448 1554 3501 τὸν
1584 3450 1756 3505 αἰῶνα

167 3525 470 3593 διαμένεις.
520 3528 670 3583 Ἐπεὶ
701 3526 793 3585 οῦν
818 3533 942 3586 οὔτε
973 3536 1081 3589 ἀπὸ
1109 3538 1298 3608 χρόνου
1326 3544 1426 3610 τῆς
1458 3543 1758 3616 ἱερωσύνης

168 3613 482 3686 ἁπῆρξατο,
517 3618 640 3674 οὔτε
672 3624 736 3677 ἐκ
762 3624 936 3696 φυλῆς
965 3629 1273 3700 ἱερωμένων
1304 3633 1332 3684 6
1359 3613 1610 3703 Χριστὸς,
1635 3613 1755 3690 οὐδὲ

165 3705 257 3758 διὰ
292 3711 598 3765 σκευαστοῦ
639 3715 733 3767 καὶ
766 3720 1077 3787 σωματικοῦ
1105 3721 1283 3775 ἐλαίου
1315 3725 1600 3796 κέχριστο,
1634 3728 1754 3783 οὐδὲ

166 3798 324 3866 τέλος
353 3802 498 3868 ἕξειν
528 3803 720 3875 ἔμελλε
751 3809 851 3881 τῆς
887 3813 1214 3884 ἱερωσύνης,
1254 3817 1374 3870 οὐδὲ
1403 3818 1583 3889 μόνοις
1622 3823 1751 3875 Ἰου-

167 3892 362 3958 δαίοις,
391 3895 529 3949 ἀλλὰ
546 3898 639 3950 καὶ
657 3901 820 3954 πᾶσιν
842 3901 1017 3956 έθνεσι
1051 3909 1483 3981 καταστήσεσθαι
1507 3929 1520 3942 ·
1548 3915 1752 3968 τούτων

167 3983 335 4038 ἓνεκα
371 3987 592 4042 πάντων
616 3991 841 4056 εἱκότως
861 3994 1022 4049 αὑτὸν
1044 3991 1142 4068 τῆς
1169 3998 1267 4068 μὲν
1295 4000 1436 4054 κατὰ
1463 4002 1554 4055 τὸν
1580 4003 1752 4058 τύπον

182 4076 398 4148 Ἀαρὼν
435 4079 776 4154 λειτουργίας
817 4085 1176 4155 ἀπαλλάττει,
1211 4091 1352 4146 κατὰ
1382 4093 1480 4166 τὴν
1510 4094 1662 4162 τάξιν
1694 4096 1751 4149 δὲ

165 4167 509 4239 Μελχισεδὲκ
544 4175 697 4246 ἱερέα
742 4177 906 4248 φησὶν
945 4178 1182 4235 ἔσεσθαι.
1208 4183 1334 4245 ,Καὶ
1365 4185 1425 4237 τό
1461 4202 1523 4254 γε
1551 4187 1748 4240 ἀποτέ-

166 4260 349 4330 λεσμα
389 4263 484 4316 τοῦ
537 4268 788 4338 χρησμοῦ
837 4269 1138 4342 θαυμάσιον
1182 4275 1494 4346 συνορῶντι,
1533 4279 1681 4344 ὅπως
1722 4282 1751 4333 6

167 4352 363 4427 Σωτὴρ
383 4357 540 4427 ἡμῶν
573 4359 779 4429 Ἰησοῦς
796 4365 824 4415 6
845 4363 1075 4435 Χριστὸς
1096 4365 1189 4419 τοῦ
1215 4367 1372 4435 Θεοῦ,
1389 4370 1466 4442 τῷ
1488 4372 1580 4425 τοῦ
1609 4374 1752 4426 Μελ-

1862 3259 2178 3313 animalium
2225 3267 2279 3315 et
2319 3261 2641 3327 cruoribus,
2688 3264 3072 3334 corporalique
3110 3264 3435 3322 adoratione

1860 3352 1940 3407 rei
1971 3352 2170 3407 divinae
2202 3353 2493 3410 inservire.
2525 3355 2595 3408 At
2624 3370 2754 3410 vero
2774 3396 2789 3420 ,
2836 3356 2930 3427 qui
2962 3355 3322 3414 Melchisedec
3348 3367 3436 3415 est

1857 3445 2205 3510 nominatus,
2237 3445 2385 3515 quod
2415 3461 2614 3500 nomen
2638 3436 2703 3501 in
2737 3458 2982 3503 nostram
3018 3450 3254 3520 linguam
3299 3467 3434 3506 con-

1856 3552 2084 3592 versum
2107 3577 2122 3602 ,
2162 3553 2343 3608 regem
2383 3537 2610 3607 iustitiae
2642 3538 2949 3610 signiﬁcat,
2993 3549 3048 3596 et
3085 3543 3179 3612 qui
3209 3542 3310 3598 fuit
3337 3557 3434 3598 rex

1859 3628 2038 3682 Salem
2060 3666 2076 3692 ,
2109 3627 2255 3698 quod
2287 3629 2465 3698 ipsum
2495 3629 2624 3683 item
2653 3629 2754 3694 sit,
2804 3646 2897 3686 rex
2939 3632 3124 3700 pacis,
3173 3634 3293 3689 sine
3335 3651 3432 3705 pa~

1854 3727 1972 3786 tre,
2014 3720 2134 3775 sine
2176 3728 2382 3785 matre,
2425 3721 2546 3776 sine
2589 3721 2807 3791 generis
2847 3723 3020 3790 serie,
3064 3739 3175 3777 non
3220 3724 3434 3781 habens

1855 3813 1913 3867 in
1957 3811 2228 3879 historia,
2287 3828 2465 3884 neque
2509 3815 2730 3869 initium
2778 3814 3026 3878 dierum,
3082 3831 3260 3886 neque
3306 3819 3433 3872 vita:

1856 3905 2051 3970 finem,
2084 3920 2148 3960 ac
2191 3921 2262 3960 ne
2297 3905 2544 3961 referens
2590 3907 2811 3976 quidem
2857 3922 2982 3962 cum
3025 3907 3210 3962 Aaron
3242 3923 3431 3964 sacer-

1853 3996 1988 4052 dotii
2033 3997 2144 4051 ritu
2175 4012 2470 4052 commune
2498 3997 2799 4068 quidquam
2834 3999 3132 4054 invenitur.
3164 3997 3301 4053 Nam
3333 4015 3426 4054 ne-

1831 4104 1960 4158 que
1991 4088 2061 4144 ab
2087 4087 2408 4144 hominibus
2436 4088 2642 4144 eleCtus
2675 4087 2891 4153 fuerat,
2923 4103 3101 4158 neque
3129 4088 3252 4142 oleo
3277 4103 3429 4144 com-

1853 4179 2033 4250 posito
2063 4186 2259 4234 unctus
2279 4219 2295 4243 ,
2325 4194 2502 4249 neque
2528 4177 2596 4234 de
2624 4194 2822 4250 genere
2846 4177 3065 4234 illorum
3090 4179 3270 4236 editus
3290 4222 3305 4246 ,
3333 4184 3428 4252 qui

1852 4272 2096 4327 nondum
2118 4273 2476 4327 exstiterant:
2497 4279 2550 4326 et
2571 4270 2718 4342 quod
2734 4271 2976 4326 omnium
2997 4269 3233 4327 maxime
3259 4273 3433 4328 admi.

1851 4362 2025 4418 rabile
2052 4370 2168 4429 est,
2200 4377 2269 4417 ne
2295 4376 2524 4430 corpore
2555 4360 2776 4431 quidem
2805 4369 2924 4416 erat
2953 4361 3345 4428 circumcisus,
3377 4373 3432 4418 et

164 4444 388 4514 χισεδὲκ
408 4448 594 4518 τρόπῳ
617 4451 685 4504 τὰ
710 4452 806 4522 τῆς
835 4455 891 4506 έν
917 4455 1223 4527 ἀνθρώποις
1253 4461 1564 4532 ἱερουργίας
1582 4465 1748 4516 εἰσέτι

1858 4463 2034 4509 tamen
2061 4454 2168 4524 ipsi
2191 4453 2466 4508 Abraham
2496 4452 2804 4518 benedicit,
2838 4460 3101 4523 tanquam
3131 4455 3180 4510 is
3207 4455 3301 4525 qui
3335 4455 3429 4508 illo

167 4538 264 4590 καὶ
285 4537 382 4591 νῦν
408 4538 498 4592 διὰ
528 4541 633 4594 τῶν
663 4544 828 4597 αὐτοῦ
863 4545 1210 4620 θεραπευτῶν
1242 4552 1496 4607 ἐπιτελεῖ.
1536 4555 1747 4627 Ὥσπερ

1858 4548 1927 4600 sit
1958 4550 2115 4616 longe
2141 4543 2508 4615 praestantior.
2554 4542 2710 4598 Adde
2742 4543 2889 4612 quod
2931 4559 3110 4618 neque
3139 4543 3429 4599 sacrificiis

169 4629 280 4701 γὰρ
304 4633 530 4699 ἐκεῖνος,
567 4636 742 4704 ἱερεὺς
768 4637 938 4691 ἐθνῶν
957 4641 1258 4711 τυγχάνων,
1293 4645 1528 4717 οὐδαμοῦ
1561 4649 1747 4717 φαίνε-

163 4739 257 4774 ται
299 4721 511 4788 θυσίαις
549 4733 887 4797 σωματικαῖς
921 4736 1289 4805 κεχρημένος,
1326 4737 1452 4809 οἴνῳ
1491 4738 1549 4790 δὲ
1599 4741 1745 4812 μόνῳ

165 4816 260 4867 καὶ
295 4815 444 4888 ἄρτῳ
464 4819 555 4871 τὸν
601 4821 848 4894 Ἀϐραὰμ
877 4826 1131 4895 εὐλογῶν,
1157 4828 1247 4882 τὸν
1271 4830 1434 4884 αὐτὸν
1458 4831 1522 4903 δὴ
1544 4833 1743 4904 τρόπον

161 4906 386 4973 πρῶτος
419 4911 519 4979 μὲν
550 4913 715 4976 αὐτὸς
735 4916 764 4967 6
788 4915 981 4988 Σωτὴρ
1007 4919 1100 4971 καὶ
1120 4920 1322 4992 Κύριος
1348 4922 1523 4993 ἡμῶν,
1551 4924 1741 4979 ἔπειτα

160 5000 210 5049 οἱ
258 4997 320 5061 ἐξ
355 5000 519 5053 αὐτοῦ
556 5003 756 5069 πάντες
794 5008 958 5079 ἱερεῖς
1002 5009 1106 5064 ἀνὰ
1144 5011 1320 5064 πάντα
1368 5013 1437 5066 τὰ
1474 5014 1600 5086 ἔθνη
1645 5017 1742 5088 τὴν

81 5147 87 5152 ν
159 5092 541 5164 πνευματικὴν
565 5094 936 5162 ἐπιτελοῦντες
957 5100 1096 5154 κατὰ
1116 5102 1240 5166 τοὺς
1260 5102 1744 5176 ἐκκλησιαστικοὺς

161 5175 401 5250 θεσμοὺς
437 5184 768 5256 ἱερουργίαν,
796 5187 924 5261 οἴνῳ
957 5191 1050 5245 καὶ
1078 5192 1225 5264 ἄρτῳ
1248 5233 1263 5257 ,
1297 5194 1388 5247 τοῦ
1405 5175 1465 5248 τε
1495 5195 1743 5267 σώματος

158 5270 330 5323 αὐτοῦ
364 5273 458 5324 καὶ
486 5275 578 5328 τοῦ
608 5279 876 5350 σωτηρίου
912 5281 1142 5352 αἵματος
1173 5286 1494 5340 αἰνίττονται
1531 5287 1600 5341 τὰ
1642 5307 1741 5359 μυ-

162 5363 384 5434 στήρια,
411 5365 506 5418 τοῦ
530 5367 865 5439 Μελχισεδὲκ
892 5372 1064 5427 ταῦτα
1089 5374 1358 5445 πνεύματι
1388 5376 1516 5449 θείῳ
1542 5396 1740 5450 προτε-

159 5454 537 5527 θεωρηκότος,
571 5464 664 5513 καὶ
696 5463 800 5514 τῶν
836 5464 1134 5534 μελλόντων
1175 5471 1294 5532 ταῖς
1327 5471 1496 5524 εἰκόσι
1539 5490 1738 5543 προκε-

161 5564 264 5617 χρη
275 5549 438 5618 μένου
459 5591 472 5612 ,
500 5551 577 5614 ὡς
599 5553 632 5622 ἡ
653 5553 893 5618 Μωσέως
938 5556 1128 5629 Γραφὴ
1159 5563 1442 5631 μαρτυρεῖ,
1483 5563 1736 5632 λέγουσα·

164 5659 181 5691 ι
220 5642 335 5694 Καὶ
368 5644 702 5713 Μελχισεδὲκ
736 5647 984 5716 βασιλεὺς
1016 5650 1202 5723 Σαλὴμ
1229 5652 1518 5726 ἐξήνεγκεν
1542 5658 1737 5730 ἄρτους

227 5762 272 5791 ’³
305 5761 480 5818 Exod.
505 5779 593 5828 tu,
628 5764 716 5818 M.

227 5855 436 5926 (1)06.
466 5859 623 5914 Anne
653 5853 750 5913 οὗὶ
778 5861 930 5916 Entr.

1850 4655 2030 4708 neque
2057 4636 2449 4702 libationibus,
2495 4635 2764 4691 altissimo
2787 4636 2899 4692 Deo
2939 4639 3288 4708 operabatur,
3328 4654 3428 4692 ne-

1855 4747 1961 4802 que
1983 4746 2115 4786 vero
2142 4732 2196 4785 in
2225 4729 2596 4801 templo‘quod
2625 4729 3020 4801 Hierosolymis
3047 4737 3230 4794 esset,
3263 4744 3427 4785 suum

1850 4839 2055 4879 munus
2081 4823 2267 4878 obibat
2291 4841 2303 4875 :
2333 4823 2424 4892 qui
2452 4823 2598 4878 enim
2625 4823 2682 4877 in
2706 4837 2793 4887 eo,
2827 4821 2974 4892 quod
3001 4821 3245 4876 nondum
3272 4823 3430 4879 erat?

1849 4916 2009 4987 223
2043 4914 2110 4968 Et
2139 4913 2336 4969 merito
2386 4928 2550 4978 sane,
2587 4913 2808 4988 quando
2839 4929 2908 4968 ne
2959 4922 3149 4968 nostro
3202 4913 3427 4984 quidem

1849 5009 2122 5064 Salvatori
2174 5008 2430 5072 Christo,
2462 5015 2788 5062 eventurum
2822 5005 3121 5078 quidquam
3157 5013 3278 5061 erat
3320 5007 3426 5075 ipsi
3523 5004 3528 5007 ’

1844 5102 2028 5156 Aaron
2080 5099 2279 5155 simile.
2325 5097 2459 5152 Nam
2501 5113 2681 5171 neque
2712 5097 2808 5167 qui
2856 5096 3010 5166 prius
3036 5112 3148 5152 non
3205 5096 3424 5163 fuisset,

1846 5193 2119 5264 posterius
2147 5199 2232 5247 est
2267 5189 2563 5261 aliquando
2589 5187 2850 5245 sacerdos
2869 5187 3183 5243 declaratus
3208 5207 3223 5256 ;
3248 5205 3428 5260 neque

1845 5287 1892 5340 is
1940 5285 2032 5355 qui
2057 5284 2355 5339 exstitisset
2409 5282 2702 5348 sacerdos,
2735 5279 2831 5336 sed
2867 5281 2961 5351 qui
2991 5288 3094 5335 est.
3126 5278 3425 5351 Diligenter

1848 5378 1994 5434 enim
2027 5377 2420 5432 attendendum
2451 5385 2535 5431 est
2584 5375 2718 5429 illud
2753 5393 2766 5428 :
2821 5393 2838 5424 ι
2872 5372 2954 5428 Tu
2978 5390 3037 5429 es
3074 5375 3334 5428 sacerdos
3371 5375 3425 5430 iu

1847 5479 2133 5527 aeternum.
2162 5490 2180 5522 ι
2215 5468 2336 5525 Non
2365 5469 2533 5535 enim,
2571 5470 2702 5534 eris,
2729 5469 2827 5536 ait,
2855 5468 2950 5538 qui
2986 5467 3116 5521 olim
3142 5483 3252 5521 non
3299 5465 3420 5521 fue-

1847 5567 1948 5630 ris,
1974 5580 2037 5619 ac
2069 5579 2136 5619 ne
2165 5562 2318 5618 fuisti
2348 5562 2566 5632 quidem
2599 5569 2779 5625 antea,
2812 5575 2958 5614 nunc
2992 5571 3170 5613 autem
3196 5574 3306 5612 non
3341 5575 3423 5621 es,

1851 5659 1946 5715 sed
1976 5659 2042 5712 ab
2069 5673 2132 5713 eo
2162 5657 2253 5728 qui
2279 5656 2436 5748 d‘ixit,
2477 5674 2495 5706 ι
2532 5653 2643 5725 Ego
2677 5671 2796 5710 sum
2829 5657 2920 5727 qui
2953 5654 3158 5717 sum",
3197 5671 3216 5707 ι
3251 5661 3312 5706 ιιι
3342 5666 3426 5718 es.
