3846 6218
390 347 498 405 567
607 362 614 369 '

1024 346 1294 403 EUSEBII
1334 345 1812 403 CASSARIENSIS
1849 346 2001 402 OPP.
2043 347 2224 402 PARS
2263 347 2325 403 ll.
2361 377 2433 390 —
2468 347 2970 405 APOLOGETICA.

3531 353 3637 409 368

388 473 442 519 et
471 463 729 520 sacerdos
760 465 815 519 in
850 474 1107 519 aeternum
1142 478 1452 534 permanes.
1478 462 1748 530 Quoniam
1787 464 1953 535 igitur

2058 468 2150 521 καὶ
2182 462 2344 521 οἶνον.
2379 461 2488 522 Ἦν
2524 467 2580 521 δὲ
2620 468 2798 540 ἱερεὺς
2829 468 2924 522 τοῦ
2955 468 3092 522 Θεοῦ
3125 469 3219 524 τοῦ
3254 469 3508 542 ὑψίστου,
3543 475 3641 528 καὶ

387 572 564 627 neque
591 571 620 610 a
644 565 909 628 tempore,
939 555 1232 612 sacerdotii
1268 555 1482 609 initium
1511 556 1743 626 accepit,
1779 573 1955 627 neque

385 652 455 706 de
487 649 632 703 tribu
688 647 1035 703 sacerdotum
1091 653 1316 700 exortus
1345 653 1430 701 cst
1453 645 1727 711 Christus,
1780 663 1956 718 neque

386 741 684 800 artiﬁciose
707 741 976 797 instructo
1011 740 1396 811 corporalique
1423 739 1544 794 oleo
1570 742 1853 806 inunctus,
1887 756 1958 796 ne

388 837 552 892 ﬁnem
583 835 803 905 quidem
838 833 991 888 illum
1022 835 1317 889 sacerdotii
1346 843 1431 890 est
1464 835 1958 905 habiturus,neque

387 930 516 984 item
537 928 668 982 solis
713 924 941 988 Judaeis,
977 924 1071 980 sed
1097 925 1355 981 omnibus
1393 927 1652 998 gentibus
1690 928 1960 983 constitu~

385 1018 582 1074 endus.
645 1017 874 1089 Propter
909 1020 1022 1073 hzec
1077 1021 1260 1072 omnia
1281 1059 1296 1083 ,
1328 1020 1526 1075 merito
1553 1020 1706 1074 illum
1735 1036 1764 1074 a
1796 1020 1959 1074 mini-

386 1114 554 1169 sterio
578 1112 762 1166 Aaron
811 1113 1026 1176 liberat,
1052 1113 1196 1182 quod
1246 1111 1474 1184 ﬁguram
1508 1114 1754 1184 gerebat,
1783 1121 1838 1167 et
1870 1129 1959 1168 se-

385 1205 624 1260 cundum
655 1203 902 1258 ordinem
929 1203 1290 1259 Melchisedec
1323 1204 1664 1260 sacerdotem
1713 1205 1958 1259 futurum

383 1295 632 1350 allirmat.
668 1293 732 1348 Et
773 1310 904 1349 sane
947 1295 1154 1349 oraculi
1183 1295 1364 1350 exitus
1415 1296 1753 1352 admirabilis
1781 1297 1830 1351 ei
1862 1297 1957 1367 qui

384 1386 780 1456 contempletur
831 1385 1288 1456 quemadmodum
1347 1384 1595 1442 Salvator
1650 1395 1836 1442 noster
1867 1387 1957 1443 Je-

386 1493 500 1543 sus,
536 1480 628 1548 q‘ui
653 1489 737 1534 εει
763 1461 1015 1532 Christus
1053 1476 1167 1542 Dei,
1191 1477 1366 1547 ipsius
1426 1477 1787 1534 Melchisedec
1817 1481 1951 1544 ritu,

386 1586 451 1626 ea
479 1587 600 1642 qua:
621 1571 690 1626 ad
717 1571 1083 1626 sacerdotium
1106 1570 1160 1623 in
1183 1570 1494 1626 hominibus
1521 1571 1816 1640 gerendum
1835 1589 1959 1644 spe-

383 1671 553 1728 ctant,
587 1679 684 1733 per
712 1677 844 1718 suos
898 1662 1182 1719 ministros
1234 1662 1498 1732 perﬁciat.
1531 1661 1666 1716 Nam
1695 1665 1958 1732 quemad-

383 1753 605 1808 modum
637 1754 727 1808 ille
768 1757 864 1823 qui
919 1752 1177 1809 sacerdos
1205 1753 1446 1834 gentium
1477 1761 1627 1819 erat,
1684 1771 1954 1825 nusquam

2058 559 2317 630 εύλόγησε
2341 559 2430 613 τὸν
2468 561 2731 632 Ἀϐραάμ.
2765 581 2784 614 ›
2823 561 3063 626 Εἰκότως
3083 557 3177 616 οὖν
3208 565 3302 616 καὶ¹
3338 566 3455 634 μεθ’
3472 566 3638 637 ὅρκου

2058 650 2421 722 παραλήψεως
2457 651 2602 722 μόνῳ
2636 651 2712 722 τῷ
2755 651 3068 723 δηλουμένῳ
3105 672 3123 703 ι
3165 652 3347 724 ὤμοσε
3375 656 3579 728 Κύριος
3610 661 3642 712 ό

2056 742 2209 804 Θεὸς,
2229 741 2322 794 καὶ
2350 744 2410 796 οὑ
2430 743 2957 815 μεταμεληθήσεται·
2975 745 3050 800 Σὺ
3062 742 3130 813 εί,
3163 766 3181 798 ι
3199 747 3391 815 λέγων,
3417 768 3433 798 ι
3461 751 3642 820 ἱερεὺς

2057 834 2136 896 εἰς
2157 833 2248 887 τὸν
2277 832 2466 900 αίῶνα,
2491 835 2630 890 κατὰ
2663 835 2758 906 τὴν
2780 835 2932 902 τάξιν
2954 835 3304 908 Μελχισεδέκ.
3329 858 3349 891 ι
3370 840 3642 896 Ἐπάκου-

2061 941 2151 980 σον
2185 926 2242 978 δέ
2275 920 2362 980 οἷα
2387 927 2482 981 καὶ
2511 927 2639 999 περὶ
2659 927 2823 981 τῶνδε
2849 930 2877 981 ὁ
2921 930 3240 996 Ἀπόστολός
3263 949 3444 1004 φησινι
3475 952 3494 984 ι
3548 933 3644 990 Ἐν

2057 1009 2139 1084 ᾧ,
2188 1019 2570 1090 περισσότερον
2618 1019 2940 1090 βουλόμενος
2988 1024 3016 1074 ό
3051 1021 3184 1086 Θεὸς
3227 1024 3489 1088 ἐπιδεῖξαι
3524 1029 3643 1090 τοῖς

2059 1109 2411 1181 κληρονόμοις
2444 1111 2544 1180 τῆς
2570 1111 2839 1182 βασιλείας
2863 1112 2924 1165 τὸ
2951 1113 3281 1183 ἀμετάθετον
3313 1116 3410 1186 τῆς
3441 1116 3644 1188 βουλῆς

2058 1201 2260 1266 αὑτοῦ,
2295 1203 2646 1273 ἐμεσίτευσεν
2684 1203 2864 1274 ὅρκῳ,
2917 1205 3003 1258 ἵνα
3037 1204 3125 1258 διὰ
3165 1204 3258 1257 δύο
3296 1207 3645 1277 πραγμάτων

2058 1292 2431 1364 ἀμεταθέτων,
2465 1296 2523 1348 ἐν
2555 1289 2638 1358 οἷς
2671 1295 2928 1349 ἀδύνατον
2959 1295 3261 1366 ψεύσασθαι
3294 1295 3448 1362 Θεὸν,
3487 1300 3644 1367 iqu—

2061 1386 2162 1456 ράν
2189 1385 2534 1457 παράκλησιν
2566 1385 2776 1457 ἔχωμεν
2807 1388 2858 1440 οἱ
2891 1387 3406 1459 προκαταφυγόντες
3432 1387 3648 1458 κρατῆ-

2061 1494 2150 1530 σαι
2173 1477 2274 1548 τῆς
2307 1476 2671 1548 προκειμένης
2697 1477 2927 1540 ἐλπίδος.
2966 1497 2985 1528 ι
3023 1479 3131 1532 Καὶ
3152 1478 3402 1549 ἐπιφέρει
3429 1477 3605 1545 λέγων
3625 1493 3644 1508 °

2065 1589 2084 1621 ι
2124 1569 2236 1622 Καὶ
2267 1569 2317 1622 οἱ
2353 1569 2451 1638 μὲν
2485 1569 2727 1632 πλείονές
2760 1571 2864 1621 εἰσι
2896 1570 3179 1638 γεγονότες
3220 1572 3413 1642 ἱερεῖς,
3448 1569 3536 1624 διὰ
3578 1570 3649 1623 τὸ

2059 1658 2274 1728 θανάτῳ
2297 1657 2600 1711 κωλύεσθαι
2644 1657 2979 1727 παραμένειν
3006 1673 3020 1686 ·
3056 1661 3084 1711 ὁ
3116 1658 3172 1710 δέ
3193 1698 3208 1723 ,
3239 1659 3326 1713 διὰ
3357 1660 3420 1712 τὸ
3456 1659 3648 1729 μένειν

2058 1750 2256 1813 αὑτὸν,
2305 1748 2653 1820 ἀπαράϐατον
2695 1749 2806 1820 ἔχει
2857 1750 2953 1821 τὴν
2994 1751 3308 1822 ἱερωσύνην.
3349 1751 3513 1808 Ὅθεν
3545 1749 3649 1804 καὶ

381 1845 598 1901 videtur
656 1845 948 1900 sacriﬁciis
1002 1845 1380 1915 corporalibus
1425 1844 1669 1908 functus,
1697 1847 1795 1900 sed
1828 1847 1955 1902 vino

2059 1842 2252 1906 σώζειν
2291 1844 2369 1905 είς
2394 1843 2454 1894 τὸ
2480 1842 2737 1904 παντελὲς
2769 1843 2987 1898 δύναται
3020 1845 3144 1906 τοὺς
3170 1844 3650 1915 προσερχομένους

381 1938 500 1991 solo
528 1945 582 1992 et
621 1951 780 2007 pane,
808 1935 940 1990 dum
959 1936 1064 2006 ipsi
1092 1935 1369 1990 Abraham
1394 1935 1692 2003 benedicit,
1729 1938 1804 1990 ita
1828 1954 1958 1996 sane

380 2030 592 2102 primus
622 2030 738 2099 ipse
767 2027 1020 2083 Salvator
1048 2043 1112 2083 ac
1155 2028 1420 2084 Dominus
1475 2040 1661 2084 noster
1689 2069 1704 2095 ,
1759 2030 1960 2086 deinde

380 2122 476 2192 qui
511 2122 578 2177 ab
620 2122 739 2192 ipso
791 2119 1021 2191 profecti
1055 2131 1204 2186 sunt,
1258 2122 1569 2178 sacerdotes
1600 2124 1656 2178 in
1701 2123 1957 2182 omnibus

380 2211 657 2282 gentibus,
715 2211 1001 2282 spirituale
1035 2213 1337 2268 secundum
1397 2215 1800 2270 ecclesiasticas
1831 2232 1958 2274 san-

382 2304 594 2359 ctiones
646 2301 940 2358 sacerdotii
981 2317 1182 2358 munus
1221 2305 1508 2368 obeuntes,
1538 2306 1668 2359 vino
1701 2321 1764 2360 ac
1795 2322 1954 2377 pane,

381 2401 435 2446 et
462 2392 709 2462 corporis
741 2391 890 2448 illius
915 2402 970 2446 et
995 2393 1266 2449 salutaris
1283 2394 1568 2464 sanguinis
1585 2396 1845 2466 mysteria
1866 2412 1956 2452 re-

380 2491 736 2556 praesentant,
784 2499 906 2554 qua;
933 2499 1064 2540 sane
1095 2486 1357 2556 mysteria
1415 2485 1775 2544 lllelchisedec
1806 2498 1958 2545 tanto

379 2584 509 2630 ante
540 2575 733 2646 spiritu
763 2561 948 2630 divino
978 2585 1327 2646 cognoverat,
1359 2586 1413 2633 et
1441 2593 1621 2633 rerum
1649 2579 1955 2634 futurarum
1985 2619 1988 2624 -

379 2666 708 2738 imaginibus
730 2681 864 2721 usus
888 2666 1087 2730 fuerat,
1113 2669 1254 2722 sicut
1280 2668 1443 2722 etiam
1471 2667 1637 2725 Mosis
1661 2668 1950 2740 Scriptura

380 2756 724 2822 teStiﬁeatur,
755 2755 848 2811 ubi
883 2757 960 2810 ait
996 2777 1008 2811 :
1051 2775 1070 2808 ι
1111 2755 1176 2810 Et
1203 2755 1564 2812 Melchisedec
1604 2775 1700 2814 rex
1749 2758 1957 2824 Salem,

378 2848 608 2918 {rotulit
637 2862 806 2916 panes
856 2855 912 2901 et
960 2847 1170 2903 vinum.
1199 2845 1330 2900 Erat
1361 2855 1543 2902 autem
1573 2848 1832 2903 sacerdos
1863 2848 1956 2904 Dei

379 2938 658 3003 altissimi,
691 2945 746 2993 et
796 2938 1076 2993 benedixit
1102 2937 1376 2993 Abraham
1401 2940 1468 2992 ²².
1515 2958 1533 2991 ›
1571 2938 1765 2995 Merito
1792 2941 1958 3011 igitur

379 3036 434 3084 et
467 3043 592 3083 cum
615 3027 982 3098 jurisjuraudi
1019 3029 1325 3098 adjectione
1347 3068 1362 3094 ,
1398 3031 1492 3084 uni
1541 3031 1591 3085 ei
1623 3031 1692 3086 de
1720 3048 1828 3102 quo
1866 3032 1957 3086 hic

379 3122 591 3190 agimus
627 3120 756 3174 talia
777 3120 1049 3190 promissa
1081 3128 1212 3175 sunt
1240 3141 1252 3174 :
1291 3139 1309 3173 ι
1339 3120 1573 3188 Iuravit,
1607 3123 1821 3193 inquit,
1855 3122 1957 3177 Do-

379 3213 560 3267 minus
580 3210 760 3288 .Deus,
793 3219 848 3267 et
869 3226 981 3266 non
1013 3213 1298 3282 paenitebit
1320 3229 1446 3268 eum
1474 3234 1486 3270 :
1515 3225 1573 3268 tu
1603 3230 1663 3270 es
1695 3217 1953 3272 sacerdos

379 3320 438 3360 in
485 3311 750 3358 aeternum
811 3303 1111 3358 secundum
1182 3304 1429 3360 ordinem
1493 3305 1878 3362 Melchisedec.
1927 3327 1946 3358 ι

377 3392 519 3446 Audi
562 3406 692 3446 vero
719 3391 900 3460 qualia
933 3393 1043 3446 sint
1069 3408 1190 3462 quae
1239 3394 1306 3448 de
1352 3393 1547 3449 iisdem
1584 3396 1750 3451 rebus
1787 3399 1954 3452 etiam

376 3483 673 3553 Apostolus
704 3480 852 3536 dicat
881 3499 894 3535 :
926 3501 944 3533 ‹
973 3481 1032 3536 ln
1065 3498 1172 3552 quo
1198 3483 1566 3540 abundantius
1589 3487 1777 3542 volens
1808 3487 1952 3544 Deus

379 3571 670 3628 ostendere
694 3571 1003 3627 baeredibus
1029 3572 1181 3643 regni
1206 3573 1702 3630 immutabilitatem
1735 3579 1952 3632 consilii

380 3664 488 3728 sui,
515 3663 843 3735 interposuit
889 3663 1277 3733 jusjurandum
1307 3704 1319 3728 ,
1353 3673 1411 3719 ut
1441 3681 1536 3735 per
1569 3667 1705 3724 duas
1733 3685 1819 3723 res
1845 3672 1951 3723 im-

380 3759 671 3837 mutabiles
701 3758 758 3811 in
786 3757 988 3827 quibus
1012 3757 1352 3825 impossibile
1385 3768 1468 3812 est
1499 3759 1720 3812 mentiri
1758 3759 1950 3827 Deum,

379 3849 544 3922 224
583 3849 944 3906 fortissimum
995 3849 1252 3904 solatium
1313 3848 1648 3915 habeamus,
1699 3853 1792 3922 qui
1822 3867 1956 3907 con-

379 3941 617 4010 fugimus
647 3939 714 3995 ad
752 3939 1108 3994 obtinendam
1156 3940 1498 4010 propositam
1531 3957 1684 4012 spem
1716 3943 1762 3973 ²³
1792 3984 1808 4010 ,
1848 3963 1866 3996 ›
1901 3954 1955 4000 et

379 4031 626 4102 adjungit
657 4050 670 4086 :
713 4049 732 4081 ι
759 4030 822 4086 Ει
861 4031 954 4085 alii
985 4031 1204 4101 quidem
1236 4032 1422 4101 plures
1455 4032 1586 4087 facti
1610 4043 1738 4089 sunt
1767 4050 1956 4091 sacer-

378 4123 557 4188 dotes,
591 4124 798 4178 idcirco
827 4124 972 4194 quod
1001 4134 1176 4180 morte
1210 4125 1638 4195 prohiberentur
1665 4143 1954 4197 permane-

379 4231 479 4270 re:
523 4215 612 4269 hic
647 4222 850 4281 autem,
881 4231 947 4271 eo
971 4216 1116 4286 quod
1149 4217 1264 4286 ipse
1288 4226 1528 4282 maneat,
1561 4219 1954 4289 sempiternum

377 4305 542 4360 habet
571 4305 956 4360 sacerdotium.
985 4305 1064 4359 Ex
1088 4321 1199 4376 quo
1229 4306 1394 4360 etiam
1433 4323 1652 4362 servare
1685 4310 1739 4363 in
1763 4325 1957 4380 perpe-

381 4404 534 4450 tuum
564 4404 744 4467 potest
796 4396 1117 4452 accedentes
1149 4412 1246 4466 per
1285 4397 1465 4468 ipsum
1499 4398 1566 4453 ad
1595 4399 1786 4466 Deum,
1820 4417 1962 4456 sem-

2059 1934 2127 1986 δι’
2153 1933 2317 1986 αὑτοῦ
2352 1932 2428 2004 τῷ
2461 1932 2611 2003 Θεῷ,
2661 1933 2892 1988 πάντοτε
2927 1935 3035 2000 ζῶν
3080 1937 3159 1998 είς
3193 1935 3252 1988 τὸ
3290 1935 3650 2005 ἐντυγχάνειν

2061 2022 2199 2093 ὑπὲρ
2231 2021 2431 2075 αὑτῶν.
2469 2022 2720 2086 Τοιοῦτος
2744 2024 2851 2094 γὰρ
2885 2025 3016 2094 ἡμῖν
3048 2021 3144 2075 καὶ
3177 2021 3414 2094 ἔπρεπεν
3449 2025 3649 2096 ἀρχιε-

2059 2116 2220 2186 ρεὺς,
2262 2115 2438 2179 ὅσιος,
2473 2114 2710 2178 ἄκακος,
2761 2116 3040 2184 ἀμίαντος,
3092 2115 3496 2187 κεχωρισμένος
3533 2115 3650 2171 ἀπὸ

2058 2205 2164 2260 τῶν
2196 2205 2555 2278 ἁμαρτωλῶν,
2587 2207 2684 2260 καὶ
2712 2205 3038 2277 ὑψηλότερος
3061 2205 3168 2259 τῶν
3200 2206 3446 2279 οὐρανῶν
3482 2209 3648 2276 γενό-

2061 2315 2240 2369 μενος.
2286 2320 2304 2351 ι
2355 2299 2466 2354 Καὶ
2518 2299 2757 2368 ἐπιλέγει
2793 2316 2808 2330 ·
2868 2318 2886 2351 ι
2923 2299 3232 2367 Κεφάλαιον
3289 2299 3346 2352 δὲ
3385 2300 3482 2352 ἐπὶ
3526 2303 3649 2363 τοῖς

2058 2389 2397 2462 εἰρημένοις,
2448 2388 2686 2442 τοιοῦτον
2731 2387 2926 2460 ἔχομεν
2970 2387 3251 2458 ἀρχιερέα,
3290 2387 3350 2450 ὃς
3385 2386 3648 2440 ἐκάθισεν

2061 2484 2118 2534 ἐν
2157 2481 2308 2552 δεξιᾷ
2361 2481 2462 2550 τῆς
2503 2479 2878 2552 μεγαλοσύνης
2925 2482 2982 2533 ἐν
3020 2479 3262 2551 ὑψηλοῖς,
3310 2479 3421 2532 τῶν
3469 2479 3647 2547 ἁγίων

2057 2573 2388 2645 λειτουργὸς,
2418 2573 2512 2626 καὶ
2543 2574 2642 2644 τῆς
2671 2572 2878 2642 σκηνῆς
2904 2573 3001 2642 τῆς
3032 2555 3312 2643 ἀληθινῆς,
3346 2570 3415 2641 ἢν
3442 2571 3648 2640 ἔπηξεν

2058 2667 2086 2719 ὁ
2112 2666 2334 2738 Κύριος,
2355 2664 2792 2737 οὐχ’ᾶνθρωπος.
2832 2684 2851 2716 ι
2883 2664 3066 2716 Ταῦτα
3098 2664 3245 2734 μὲνὸ
3291 2664 3644 2728 Ἀπόστολος.

2070 2757 2128 2809 '0
2148 2756 2202 2808 δὲ
2230 2754 2439 2826 ψαλμὸς
2461 2754 2688 2818 ὑποϐὰς,
2717 2754 2811 2808 καὶ
2837 2753 2897 2806 τὸ
2921 2753 3091 2818 πάθος
3112 2753 3646 2824 ἐπικεκαλυμμένως

2056 2845 2152 2900 τοῦ
2185 2846 2658 2916 προφητεύομένου
2688 2845 2859 2916 δηλοῖ,
2883 2845 3055 2913 λέγων
3075 2861 3089 2874 ο
3132 2863 3151 2896 ‹
3205 2845 3300 2897 Ἐκ
3336 2845 3647 2914 χειμάρρου

2057 2939 2116 2990 ἐν
2149 2935 2253 3006 ὁδῷ
2283 2937 2486 3001 πίεται,
2517 2935 2605 2989 διὰ
2632 2935 2788 2988 τοῦτο
2811 2933 3014 3004 ὑψώσει
3047 2934 3308 3004 κεφαλήν.
3340 2951 3358 2984 ι
3397 2933 3649 3005 Χείμαρ-

2059 3029 2149 3096 ρον
2170 3027 2226 3080 δέ
2251 3027 2340 3079 τὸν
2364 3026 2550 3098 καιρὸν
2571 3025 2677 3078 τῶν
2697 3025 3019 3096 πειρασμῶν
3045 3026 3139 3078 καὶ
3161 3023 3318 3087 ἄλλος
3332 3024 3487 3094 δηλοί
3505 3024 3647 3092 ψαλ-

2059 3117 2178 3188 μὸς,
2210 3117 2382 3186 λέγων
2409 3135 2455 3168 ⁸(
2483 3115 2800 3188 Χειμάρρου
2824 3115 3088 3186 διῆλθενὴ
3116 3113 3263 3185 ψυχὴ
3293 3113 3474 3184 ήμῶν.
3505 3116 3650 3184 Ἀρα

1981 3187 2024 3246 c
2054 3187 2266 3281 διῆλθεν
2286 3213 2320 3282 ἡ
2343 3209 2489 3281 ψυχὴ
2524 3210 2680 3280 ἡμῶν
2705 3187 2765 3262 τὸ
2803 3207 2946 3280 ὕδωρ
2973 3209 3032 3260 τὸ
3056 3207 3453 3260 ἀνυπόστατον.
3483 3226 3502 3258 i
3557 3208 3647 3259 Ἐν

2051 3299 2130 3372 τῷ
2153 3302 2434 3373 χειμάρρῳ
2447 3301 2624 3352 τοίνυν
2657 3300 2860 3361 πίεται,
2893 3298 3027 3368 φησὶ
3046 3337 3059 3362 ,
3084 3296 3144 3348 τὸ
3170 3297 3433 3368 ποτήριον
3461 3297 3648 3368 δηλον-

2053 3393 2164 3459 ότι,
2192 3393 2220 3446 δ
2253 3393 2497 3465 ᾐνίττετο
2526 3393 2662 3462 πρὸς
2717 3391 2794 3462 τῷ
2827 3391 3004 3464 καιρῷ
3027 3390 3121 3446 τοῦ
3158 3391 3386 3455 πάθους,
3423 3391 3604 3459 λέγων
3629 3407 3646 3423 ·

2061 3508 2080 3541 ς
2106 3489 2308 3560 Πάτερ,
2335 3489 2384 3540 εἰ
2407 3485 2650 3550 δυνατὸν,
2673 3484 2992 3554 παρελθέτω
3004 3485 3066 3538 τὸ
3083 3486 3340 3556 ποτήριον
3363 3483 3527 3537 τοῦτο
3550 3484 3647 3538 ἀπ’

2055 3580 2240 3650 ἐμοῦ.»
2267 3580 2377 3633 Καὶ
2403 3578 2565 3633 πάλιν
2588 3579 2707 3630 «Et
2744 3579 2818 3649 μὴ
2847 3577 3073 3631 δυνατόν
3097 3578 3244 3629 ἐστιν
3271 3577 3402 3630 αὑτὸ
3437 3575 3648 3649 παρελο

2056 3672 2187 3737 θεῖν,
2211 3671 2304 3724 ἐὰν
2328 3670 2402 3742 μὴ
2419 3670 2550 3724 αὑτὸ
2575 3669 2702 3734 πίω,
2726 3669 3010 3740 γενηθήτω
3026 3669 3084 3721 τὸ
3104 3667 3316 3739 θέλημά
3338 3685 3455 3722 σου.
3471 3687 3489 3718 ι
3518 3668 3650 3720 Τοῦ-

2055 3781 2115 3816 το
2143 3762 2206 3834 δὴ
2230 3759 2323 3817 οὖν
2351 3761 2556 3816 ἐκπιὼν
2577 3761 2639 3814 τὸ
2680 3763 2940 3832 ποτήριον
2961 3801 2975 3826 ,
3012 3761 3193 3831 ὕψωσε
3228 3761 3472 3831 κεφαλὴν
3494 3801 3511 3825 ,
3550 3763 3647 3814 καὶ

2056 3855 2195 3909 κατὰ
2216 3854 2306 3908 τὸν
2340 3853 2678 3920 Ἀπόστολον,
2705 3853 2826 3904 ἐπεὶ
2852 3854 2962 3924 γὰρ
3001 3872 3018 3904 ι
3051 3852 3274 3920 γέγονεν
3299 3851 3545 3921 ὑπήκοος
3567 3849 3648 3920 τῷ

2057 3947 2231 4018 Πατρὶ
2253 3945 2415 4017 μέχρι
2436 3944 2684 4008 θανάτου,
2707 3943 2938 3998 θανάτου
2959 3943 3015 3996 δὲ
3037 3941 3292 4013 σταυροῦ,
3313 3940 3403 3994 διὰ
3424 3940 3605 4003 τοῦτο,
3620 3959 3640 3991 ι

2057 4038 2241 4109 φησὶν,
2271 4056 2289 4087 ‹
2315 4036 2670 4107 ὑπερύψωσεν
2697 4033 2856 4088 αὑτὸν
2883 4036 2911 4086 ὁ
2941 4033 3094 4097 Θεὸς,
3129 4033 3349 4104 ἐγείρας
3378 4031 3544 4084 ἁυτὸν
3579 4033 3649 4083 ἐκ

2055 4127 2163 4180 τῶν
2183 4126 2391 4198 νεκρῶν
2410 4166 2425 4192 ,
2448 4127 2542 4179 καὶ
2561 4125 2789 4189 καθίσας
2814 4125 2974 4178 αὑτὸν
3001 4126 3057 4176 ἐν
3079 4124 3226 4194 δεξιᾷ
3256 4121 3445 4185 αὑτοῦ,
3469 4122 3650 4190 ὑπερο

2058 4217 2170 4271 άνω
2201 4216 2382 4287 πάσης
2406 4216 2580 4288 ἀρχῆς
2604 4254 2620 4280 ,
2655 4215 2748 4268 καὶ
2783 4213 3051 4280 ἐξουσίας,
3083 4213 3178 4268 καὶ
3209 4212 3509 4283 δυνάμεως,
3549 4213 3650 4266 καὶ

2057 4307 2405 4381 κυριότητος,
2453 4309 2547 4360 καὶ
2584 4306 2784 4370 παντὸς
2816 4305 3072 4375 ὀνόματος
3105 4301 3507 4373 ὀνομαζομένου
3529 4340 3546 4364 ,
3581 4302 3648 4353 οὑ

2061 4401 2218 4470 μόνον
2251 4401 2309 4453 ἐν
2337 4398 2416 4470 τῷ
2453 4398 2607 4452 αίῶνι
2645 4397 2842 4468 τούτῳ,
2873 4395 3008 4450 ἀλλὰ
3041 4395 3135 4449 καὶ
3174 4398 3232 4448 ἐν
3259 4393 3337 4464 τῷ
3365 4392 3644 4464 μέλλοντι.

380 4503 478 4558 per
500 4488 686 4544 vivens
741 4489 809 4543 ad
862 4487 1310 4543 intercedendum
1337 4505 1435 4560 pro
1466 4490 1592 4546 illis.
1626 4492 1774 4549 Talis
1806 4495 1952 4548 enim

2058 4491 2169 4545 Καὶ
2190 4492 2365 4546 πάντα
2383 4489 2637 4556 ὑπέταξε,
2664 4490 2876 4561 ιφησὶν,
2899 4508 2918 4540 ι
2942 4476 3048 4541 ὑπὸ
3069 4490 3194 4550 τοὺς
3215 4486 3382 4548 πόδας
3401 4482 3598 4548 αὑτοῦ,
3623 4503 3642 4534 ι

381 4579 606 4634 decebat
636 4596 740 4636 nos
798 4579 1068 4649 pontifex,
1123 4589 1371 4646 sanctus,
1425 4581 1723 4650 innocens,
1759 4586 1953 4656 impol-

381 4671 550 4738 lutus,
600 4681 919 4743 segregatus
951 4687 982 4725 a
1011 4673 1432 4743 peccatoribus,
1467 4683 1521 4730 et
1553 4677 1821 4731 excelsior
1849 4691 1956 4731 cm-

379 4760 449 4815 lis
480 4760 657 4817 factus
683 4763 748 4817 ²⁸.
789 4780 806 4812 ι
842 4759 1047 4817 Deinde
1072 4763 1320 4836 adjungit
1355 4785 1368 4820 :
1403 4785 1422 4818 ‹
1453 4767 1629 4838 Caput
1646 4775 1824 4821 autem
1859 4783 1955 4822 su—

380 4865 475 4919 per
504 4852 572 4907 iis
593 4861 713 4922 qua:
741 4852 888 4906 dicta
936 4861 1084 4913 sunt.
1121 4854 1304 4912 Talem
1335 4859 1597 4915 habemus
1619 4862 1953 4930 pontilicem,

382 4942 474 5011 qui
507 4943 659 4997 sedet
706 4944 764 4996 in
796 4943 1022 5000 dextera
1064 4948 1379 5019 majestatis
1411 4951 1468 5006 in
1509 4953 1761 5019 excelsis,
1820 4967 1952 5008 san-

379 5042 591 5090 ctorum
649 5035 918 5106 minister,
979 5045 1032 5093 et
1095 5041 1433 5097 tabernaculi
1472 5045 1608 5108 veri,
1649 5045 1794 5115 quod
1835 5047 1952 5099 ﬁxit

381 5125 544 5190 Deus.
593 5135 646 5182 et
678 5142 786 5181 non
815 5129 977 5184 homo
1026 5131 1093 5186 ”.
1135 5151 1154 5184 ›
1205 5132 1330 5190 Haec
1362 5135 1580 5205 quidem
1634 5137 1948 5206 Apostolus.

379 5216 630 5274 Psalmus
659 5235 810 5286 vero,
848 5219 1077 5277 inferius
1130 5239 1484 5297 progressus,
1519 5228 1683 5281 etiam
1723 5245 1786 5282 ea
1819 5215 1952 5299 qua:

2056 4584 2197 4636 κατά
2220 4582 2318 4654 τὴν
2345 4583 2479 4654 πρὸς
2507 4582 2666 4634 ἀυτὸν
2687 4580 3040 4650 ἐπαγγελίαν,
3070 4579 3137 4650 ἢν
3163 4577 3251 4630 διὰ
3291 4576 3386 4629 τοῦ
3423 4573 3646 4646 ψαλμοῦ

2056 4673 2371 4744 παρίστησι,
2396 4671 2591 4739 λέγων·
2614 4690 2632 4722 ‹
2656 4669 2838 4724 Κάθου
2874 4671 2936 4722 ἐκ
2965 4666 3150 4732 δεξιῶν
3185 4682 3306 4737 μου,
3332 4663 3439 4726 ἕως
3468 4660 3536 4715 ἀν
3567 4661 3650 4713 θῶ

2054 4767 2178 4828 τοὺς
2210 4763 2436 4836 ἐχθρούς
2459 4780 2552 4816 σου
2589 4762 2876 4817 ὑποπόδιον
2896 4761 3004 4814 τῶν
3033 4758 3208 4812 ποδῶν
3243 4775 3358 4810 σου.
3386 4757 3650 4808 Κατακυ-

2058 4857 2204 4930 ρίευε
2231 4858 2287 4909 ἐν
2325 4856 2474 4927 μέσῳ
2495 4855 2603 4908 τῶν
2636 4854 2844 4927 ἐχθρῶν
2875 4870 2990 4907 σου.
3013 4873 3032 4905 ι
3069 4849 3340 4922 Πρόδηλον
3357 4847 3542 4908 παντὶ,
3569 4843 3646 4906 ὡς

2057 4948 2137 5002 ἔτι
2161 4947 2256 5003 νῦν
2279 4949 2311 5018 ἡ
2331 4945 2425 5000 τοῦ
2448 4946 2699 5018 Σωτῆρος
2715 4945 2869 5016 ἡμῶν
2889 4944 3113 5016 δύναμις
3130 4943 3224 4994 καὶ
3242 4943 3271 4993 ὁ
3285 4941 3385 5004 τῆς
3397 4938 3648 4991 διδάσκεις

2055 5038 2177 5102 λίας
2199 5037 2360 5090 αὑτοῦ
2389 5036 2566 5106 λόγος,
2595 5038 2652 5089 ἐν
2676 5035 2859 5107 μέσοις
2885 5033 3227 5104 τοῖςοέχθροῖς
3249 5031 3342 5084 καὶ
3363 5026 3646 5097 πολεμίοις

2059 5128 2247 5194 αὑτοῦ,
2278 5127 2369 5182 καὶ
2421 5128 2531 5181 τῶν
2584 5127 3022 5181 πεπιστευκότων
3067 5127 3147 5187 είς
3175 5123 3339 5178 αὑτὸν
3385 5119 3647 5174 ἁπάντων

2061 5223 2467 5293 κατακυριεύει.

379 5322 645 5382 passurus
667 5319 785 5366 erat
817 5315 884 5379 is,
933 5313 1002 5369 de
1028 5330 1138 5385 quo
1195 5319 1556 5384 vaticinatur,
1583 5331 1771 5390 aperte
1809 5320 2102 5392 signiﬁcat,
2136 5317 2326 5370 dicens
2356 5335 2368 5370 :
2401 5333 2420 5366 ‹
2456 5313 2532 5368 De
2567 5319 2812 5368 torrente
2863 5312 2920 5368 in
2980 5311 3070 5366 via
3117 5311 3302 5374 bibet,
3352 5318 3648 5381 propterea

377 5402 637 5455 exaltabit
659 5413 822 5475 caput
855 5405 922 5460 ".
965 5426 985 5459 ι
1018 5405 1338 5464 Torrentem
1361 5426 1549 5481 porro,
1583 5415 1950 5468 tentationum
1992 5423 2205 5481 tempus
2229 5407 2636 5478 intelligendum
2673 5407 2814 5462 alius
2857 5407 3066 5462 indicat
3119 5407 3364 5478 psalmus
3408 5407 3641 5464 dicens:

386 5511 406 5544 ι
453 5489 770 5548 Torrentem
815 5500 1163 5566 pertransivit
1215 5503 1394 5556 anima
1429 5512 1642 5560 nostra.
1690 5503 1946 5560 Forsitan
1986 5503 2310 5575 pertransiit
2359 5502 2541 5556 anima
2569 5511 2758 5557 nostra
2775 5516 2975 5572 aquam
3008 5501 3409 5557 intolerabilem
3438 5503 3508 5558 ³⁷.
3542 5520 3563 5555 ι

699 5688 810 5740 xiv,
837 5677 1022 5732 18-19.
1105 5679 1149 5710 ’³
1176 5677 1339 5735 ll-cbr.
1384 5682 1569 5748 ri,18.
1649 5682 1692 5713 ’δ
1732 5681 1893 5738 llehr.
1937 5699 1955 5737 ι

2059 5680 2252 5738 25-26.
2400 5679 2562 5738 Hebr.
2598 5696 2715 5749 vm,
2754 5680 2868 5751 1,2.
2894 5681 2940 5713 "
2964 5679 3108 5736 Psal.
3134 5696 3245 5748 cxx,
3282 5679 3332 5735 7.
3410 5681 3455 5712 "
3487 5677 3642 5740 Psal.

375 5751 566 5805 cum,
598 5744 650 5796 5.
