3846 6218
202 311 314 368 369
1120 307 1770 367 DEMONSTRATIONIS
1807 304 2266 365 EVANGELICIE'
2299 305 2428 362 LIB.
2467 304 2532 359 Υ.
3339 301 3445 361 370

203 430 264 486 In
298 439 545 488 torrente
571 429 740 502 igitur
769 431 939 495 bibet,
986 431 1185 502 inquit,
1235 433 1461 488 calicem
1498 429 1771 496 videlicet,
1811 444 1970 500 quem
2009 429 2127 500 ipse
2156 427 2261 484 sub
2298 426 2474 496 ipsum
2511 424 2784 496 passionis
2849 429 3064 494 tempus
3100 419 3444 491 signiﬁcavit,

202 523 438 580 dicens:
478 541 499 576 ι
532 521 718 588 Pater,
752 525 798 581 si
829 523 1091 595 possibile
1117 532 1223 590 est,
1245 532 1488 583 transeat
1515 525 1774 581 calixiste
1809 538 1841 578 a
1871 538 1958 579 me
1981 523 2050 574 “.
2083 541 2102 575 ι
2139 521 2206 576 Et
2247 535 2440 577 rursus
2473 539 2485 574 :
2535 537 2551 573 :
2589 519 2648 573 Si
2708 533 2818 572 non
2882 515 3141 586 possibile
3166 521 3252 569 est
3288 515 3442 568 illum

202 617 465 679 transire,
499 618 608 674 nisi
640 619 792 673 illum
836 619 1058 686 bibam,
1089 619 1181 674 ﬁat
1208 620 1462 676 voluntas
1494 628 1586 675 tua
1630 620 1699 671 ⁸⁸.
1749 637 1768 669 ι
1805 615 1941 672 Cum
2000 615 2168 686 igitur
2219 615 2364 670 hunc
2418 614 2645 669 calicem
2700 613 2950 676 bibisset,
3014 617 3131 664 tum
3185 609 3440 663 exaltavit

202 717 388 777 caput.
422 707 488 763 Et
517 710 661 766 sicut
694 710 771 764 ait
801 711 1112 781 Apostolus,
1141 712 1400 782 quoniam
1437 731 1457 765 ι
1495 712 1670 767 factus
1723 716 1808 766 est
1839 707 2100 764 obediens
2150 705 2302 762 Patri
2349 722 2522 777 usque
2567 706 2639 775 ad.
2700 713 2947 767 mortem,
2987 709 3214 756 mortem
3259 707 3441 754 autem

201 801 412 862 crucis.
464 822 484 853 ι
515 801 743 866 idcirco,
773 805 971 874 inquit,
1017 823 1035 855 ι
1073 805 1358 882 ριαιιθνίι,
1387 806 1539 860 illum
1600 803 1743 860 Deus
1783 803 1852 866 '°,
1895 801 2168 858 suscitans
2198 801 2348 856 illum
2372 816 2403 855 a
2435 801 2683 864 mortuis,
2714 807 2768 854 et
2808 797 2996 855 sedere
3041 797 3192 852 illum
3224 795 3350 850 fecit
3385 795 3442 851 in

201 891 429 946 dextera
465 908 587 956 sua,
636 909 804 964 supra
833 909 1049 949 omnem
1078 895 1477 965 principatum,
1536 902 1592 949 et
1656 897 2002 963 potestatem,
2067 898 2122 946 et
2152 891 2431 954 virtutem,
2487 898 2543 946 et
2592 891 3038 956 dominationem,
3071 897 3126 944 et
3154 902 3314 943 omne
3341 902 3441 942 no-

202 1000 328 1040 men
361 987 506 1056 quod
531 987 840 1041 nominetur
867 1003 978 1042 non
1004 988 1181 1044 solum
1208 988 1265 1042 in
1296 988 1400 1042 hoc
1425 986 1646 1054 saeculo,
1667 985 1762 1041 sed
1800 984 1962 1041 etiam
1985 984 2041 1038 in
2063 983 2266 1038 futuro.
2301 983 2366 1037 Et
2403 985 2586 1040 omnia
2636 983 2887 1053 subjecit,
2947 981 3143 1054 inquit,
3184 981 3287 1036 sub
3339 996 3436 1051 pe-

200 1078 366 1133 dibus
396 1080 516 1148 ejus
536 1079 602 1143 ",
637 1097 656 1131 ι
695 1080 995 1135 secundum
1028 1096 1172 1146 eam,
1199 1096 1320 1152 quae
1343 1079 1412 1135 ad
1435 1081 1616 1150 ipsum
1637 1078 1780 1133 facta
1818 1084 1922 1142 est,
1971 1077 2410 1148 promissionem,
2453 1091 2615 1147 quam
2657 1077 2713 1130 in
2757 1076 2967 1146 psalmo
3025 1071 3293 1137 declarat,
3351 1070 3440 1126 di-

200 1186 374 1227 cens:
422 1192 440 1222 ι
481 1170 622 1228 Sede
662 1173 926 1228 adextris
985 1175 1145 1239 meis,
1209 1173 1382 1230 donec
1431 1187 1630 1244 ponam
1694 1171 1946 1229 inimicos
1996 1179 2120 1227 tuos
2184 1171 2480 1226 scabellum
2523 1170 2719 1240 pedum
2761 1176 2998 1223 tuorum.
3059 1163 3434 1222 Dominarein

203 1262 385 1317 medio
429 1263 778 1338 inimicorum
838 1273 1078 1319 tuorum.
1120 1285 1139 1318 ι
1171 1265 1401 1322 Constat
1449 1279 1579 1320 vero
1642 1262 1982 1334 planissime,
2012 1263 2466 1333 quemadmodum
2499 1261 2660 1316 hodie
2683 1275 2900 1332 quoque
2927 1257 3226 1313 Salvatoris
3260 1257 3436 1310 nostri

200 1354 401 1422 virtus,
432 1369 497 1409 ac
524 1355 788 1411 doctrinae
817 1356 964 1412 illius
999 1357 1248 1423 verbum,
1282 1357 1339 1412 in
1367 1356 1548 1412 medio
1600 1356 1945 1411 inimicorum
2001 1365 2056 1411 et
2107 1354 2348 1411 hostium
2415 1367 2660 1416 suorum,
2717 1351 2970 1406 omnibus
3023 1349 3350 1420 quicumque
3379 1345 3435 1400 in

198 1451 380 1522 ipsum
407 1448 657 1516 credunt,
688 1451 1023 1507 dominatur.

727 1604 1123 1661 ΚΕΦΑΔΑΙΟΝ
1168 1609 1206 1659 Δ
1224 1647 1239 1660 .

204 1739 459 1811 Ὦςλ-κσὶ
504 1740 775 1806 Ἡσαΐας,
823 1739 1154 1811 προφητῶν
1180 1809 1187 1811 _
1200 1741 1484 1811 μέγιστος
1501 1781 1516 1805 ,
1567 1739 1773 1811 σαφῶς

262 1805 394 1880 οἶδε
438 1811 587 1865 Θεὸν
633 1805 1074 1876 ἐνίΘεῷέῖναι,
1118 1805 1312 1880 λέᾆεωῦ·
1369 1805 1579 1880 ὁμοίως
1628 1805 1773 1879 ἡμῖν

262 1879 586 1944 δοξάζουσι
614 1880 846 1950 Πατέρα
875 1883 946 1936 ἐν
975 1881 1105 1949 Υιῷ,
1141 1879 1239 1936 καὶ
1279 1879 1416 1936 Υἰόνλ
1445 1881 1516 1934 ἐν
1535 1881 1770 1949 Πατέρι.

267 2073 294 2106 ι
334 2054 478 2124 Ἐγὼ
530 2055 734 2128 Κύριος
777 2058 1012 2129 ἐποίησα
1043 2058 1168 2129 γῆν,
1221 2056 1314 2111 xci.
1363 2055 1648 2128 ἄνθρωπον
1683 2058 1770 2110 ἐπ’

187 2146 384 2216 αὐτῆς·
413 2146 524 2215 ἐγὼ
546 2150 613 2218 τῇ
644 2148 786 2218 χειρὶ
812 2165 914 2218 μου
945 2148 1253 2219 ἐστερέωσα
1275 2148 1366 2202 τόν
1390 2149 1634 2221 οὐρανὸν,
1660 2147 1770 2220 ἐγὼ

188 2239 330 2290 πᾶσι
359 2241 472 2300 τοῖς
499 2238 718 2310 ἄστροις
744 2240 1117 2312 ἐνετειλάμην,
1149 2239 1258 2309 ἐγὼ
1283 2241 1479 2313 ἤγειρα
1511 2243 1603 2296 τὸν
1631 2242 1769 2314 μετὰ

184 2328 534 2400 δικαιοσύνης
558 2328 796 2399 βασιλέα,
821 2331 914 2384 καὶ
941 2333 1112 2384 πᾶσαι
1138 2333 1192 2384 αί
1217 2331 1326 2384 ὁδοὶ
1354 2333 1516 2386 αὐτοῦ
1540 2333 1762 2386 εὐθεῖαι.

187 2415 362 2484 οὗτος
391 2421 736 2492 οἰκοδομήσει
767 2422 866 2493 τὴν
900 2422 1054 2478 πόλιν
1083 2441 1206 2495 μου,
1231 2423 1325 2477 καὶ
1350 2423 1448 2496 τὴν
1491 2424 1767 2496 αἰχμαλω-

184 2514 309 2567 σίαν
335 2513 432 2567 τοῦ
456 2512 585 2568 λαοῦ
619 2514 955 2586 ἐπιστρέψει,
981 2515 1040 2568 οὐ
1071 2515 1208 2587 μετὰ
1225 2515 1456 2590 λύτρων,
1481 2517 1600 2570 οὐδὲ
1628 2517 1765 2589 μετὰ

180 2603 394 2676 δώρων,
423 2601 544 2659 εἷπε
559 2605 763 2678 Κύριος
781 2607 1062 2662 Σαϐαὼθ.»
1092 2609 1241 2673 Τέως
1276 2610 1374 2679 μὲν
1403 2609 1572 2662 ταῦτα
1601 2613 1629 2664 6
1655 2610 1764 2664 τῶν

178 2696 321 2750 ὅλων
349 2697 578 2768 ποιητὴς
603 2697 754 2762 Θεὸς,
781 2700 909 2771 περί
941 2717 1087 2763 τινος
1113 2698 1375 2769 βασιλέως
1393 2701 1488 2754 καὶ
1513 2701 1762 2772 Σωτῆρος

181 2787 477 2857 μέλλοντος
518 2789 817 2860 οἰκοδομεῖν
855 2788 918 2844 τό
953 2790 1055 2860 τῆς
1105 2790 1385 2854 εὐσεϐείας
1427 2789 1758 2861 πολίτευμα,

178 2875 564 2947 λυτρώσασθαι
605 2877 702 2948 τὴν
740 2879 1121 2949 ὲπισυμϐᾶσαν
1163 2878 1472 2951 ἀνθρώποις
1517 2879 1620 2932 ὑπὸ
1664 2880 1762 2951 τῆς

175 2969 504 3039 δαιμονικῆς
546 2970 753 3042 πλάνης
799 2970 1194 3042 αἰχμαλωσίαν,
1221 2970 1311 3024 διὰ
1352 2970 1446 3024 τοῦ
1481 2971 1758 3044 προφήτου

177 3059 468 3125 θεσπίζεισ
527 3061 652 3132 ἑξῆς
696 3062 750 3116 δὲ
794 3062 1004 3127 τούτοις
1051 3062 1110 3116 τὸ
1155 3060 1491 3135 προφητικὸν
1543 3063 1758 3135 πνεῦμα

175 3152 279 3224 τὴν
319 3153 600 3224 ὑποταγὴν
644 3155 754 3208 τῶν
787 3155 1096 3223 ἀλλοφύλων
1140 3155 1311 3209 ἐθνῶν
1349 3155 1661 3221 αἰνίττεται,
1689 3155 1758 3226 ἥν

175 3244 614 3315 ὑπωταγήσονται
632 3245 709 3316 τῷ
729 3247 1208 3319 προφητεύομένῳ,
1227 3249 1322 3302 καί¹
1347 3247 1422 3312 ὡς
1449 3250 1755 3322 προσκυνή-

177 3353 370 3391 σουσιν
416 3336 566 3408 αὐτῷ
613 3331 702 3391 οἶα
737 3337 856 3408 Θεῷ
905 3341 952 3393 οἰ
1002 3339 1488 3411 ὑποταγησόμενοι,
1543 3341 1636 3394 καὶ
1680 3343 1756 3406 ὡς

174 3428 571 3501 προσεύξονται
609 3430 669 3482 ἐν
700 3430 868 3502 αὐτῷ,
905 3430 996 3485 διὰ
1036 3433 1096 3486 τὸ
1131 3432 1356 3504 μείζονα
1397 3437 1666 3488 κατοικεῖν
1697 3437 1755 3489 ἐν

172 3519 327 3589 αὐτῷ
357 3519 511 3580 Θεὸν,
545 3520 636 3572 τὸν
682 3521 943 3574 ἀνωτάτω
985 3522 1184 3595 δηλαδὴ
1217 3523 1456 3596 Πατέρα,
1491 3525 1584 3579 καὶ
1621 3524 1754 3578 Θεὸν

172 3609 283 3662 τῶν
325 3608 486 3662 ὅλων.
541 3609 622 3664 Τὰ
672 3609 730 3664 δὲ
773 3611 872 3681 τῆς
920 3609 1116 3676 λέξεως
1146 3611 1317 3679 οὕτως
1361 3614 1504 3686 ἔχει’
1543 3635 1561 3665 ι
1599 3615 1753 3668 Οὕτω

173 3702 324 3770 λέγει
373 3702 614 3774 Κύριοςο
667 3703 982 3757 Ἐκοπίασεν
1025 3705 1332 3774 Αἴγυπτος,
1381 3709 1475 3760 καὶ
1513 3708 1752 3780 ἐμπορία

171 3794 486 3859 Αἰθιόπων,
535 3795 628 3849 καὶ
681 3797 731 3849 οἱ
774 3795 1016 3867 Σαόαεὶμ
1065 3798 1256 3869 ἄνδρες
1303 3797 1492 3868 ὑψηλοὶ
1543 3799 1636 3851 ἐπὶ
1691 3799 1750 3850 σὲ

171 3887 548 3958 διαϐήσονται,
576 3887 669 3940 καὶ
702 3888 785 3941 σοὶ
820 3888 1031 3942 ἔσονται
1074 3889 1268 3954 δοῦλοι,
1314 3891 1410 3943 καὶ
1440 3890 1615 3944 ὀπίσω
1655 3891 1746 3944 σοῦ

171 3976 600 4046 ὸκολουθήσουσι
619 4019 635 4044 ,
665 3978 934 4049 δεδεμένοι
969 3979 1338 4049 χειροπέδαις,
1383 3981 1478 4034 καὶ
1507 3998 1748 4055 προσκυ-

171 4069 399 4138 νήσουσι
443 4069 577 4132 νέοι,
628 4069 722 4122 καὶ
765 4071 822 4121 ὲν
874 4069 956 4121 σοι
999 4069 1404 4141 προσεύξονται,
1451 4073 1532 4126 ὃτι
1571 4076 1630 4127 ἐν
1667 4077 1748 4128 σοὶ

171 4162 202 4213 ὁ
224 4160 362 4224 Θεός
396 4161 532 4224 ἐστι,
567 4161 662 4214 καὶ
688 4161 788 4214 οὐκ
824 4160 936 4214 ἐστι
961 4161 1092 4226 Θεὸς
1131 4161 1268 4234 πλὴν
1302 4162 1418 4218 σοῦ.
1465 4167 1536 4219 Σὺ
1567 4165 1674 4238 γὰρ
1699 4163 1752 4220 εἴ

173 4251 336 4351 Θεὸς,
519 4252 620 4306 οὐκ
666 4252 907 4351 ᾔδειμεν,
955 4253 1087 4351 Θεὸς
1128 4255 1220 4308 τοῦ
1275 4255 1490 4351 Ἰσραὴλ
1533 4259 1740 4330 Σωτήρ.
1773 4293 1816 4351 C

169 4343 633 4414 Αἰσχυνθήσονται
676 4345 769 4397 καὶ
807 4346 1230 4416 ἐντραπήσονται
1267 4347 1466 4413 πάντες
1510 4351 1560 4402 οἰ
1593 4351 1742 4403 ἀντι-

176 4437 420 4507 κείμενοι
448 4435 617 4506 αύτῷ,
653 4436 748 4489 καὶ
772 4436 1126 4508 πορεύσονται
1151 4439 1209 4491 ἐν
1242 4439 1522 4511 αἰσχύνῃ.»
1558 4439 1755 4495 Ταῦτα.

173 4526 275 4594 μὲν
309 4528 344 4597 ή
378 4526 704 4598 προφητεία.
740 4527 851 4597 Οὐχ
892 4525 1129 4598 ἠγοῦμαι
1169 4528 1225 4581 δὲ
1263 4531 1607 4601 ἀντωπήσειν
1649 4530 1740 4582 δύ-

168 4617 365 4672 νασθαι
406 4635 554 4682 τινα,
585 4617 688 4672 κᾶν
735 4618 938 4690 σφόδρα
979 4614 1332 4693 ᾖάγνὼμων,
1375 4619 1454 4690 τῷ
1492 4621 1740 4694 προδήλῳ

168 4710 264 4765 καὶ
309 4712 472 4778 σαφεῖ
512 4709 613 4779 τῆς
659 4708 875 4774 λέξεως,
914 4710 1158 4782 ἐναργῶς
1201 4710 1370 4776 οὕτως
1420 4713 1740 4782 εἰσαγούσης

167 4800 303 4854 Θεὸν
336 4801 430 4854 τοῦ
465 4802 680 4873 Ἰσραὴλ
703 4803 952 4873 Σωτῆρα,
975 4804 1068 4856 καὶ
1110 4803 1294 4873 ἕτερον
1321 4804 1379 4856 ἐν
1405 4803 1553 4874 αὐτῷ
1582 4804 1733 4858 Θεὸνο

172 4895 648 4966 «Προσκύνήσουσί
703 4912 819 4959 σοι,
852 4914 872 4948 ι
931 4896 1113 4965 φησὶν,
1163 4896 1253 4948 (οἱ
1296 4894 1509 4962 δίκαιοι,
1545 4897 1638 4951 καὶ
1677 4899 1739 4952 ἐν

166 4985 253 5038 σοὶ
294 4984 720 5057 προσεύξονται,
749 4987 831 5040 ὄτι
871 4989 928 5040 ἐν
960 4987 1040 5039 σοὶ
1083 4988 1112 5039 ὁ
1141 4987 1272 5051 Θεός
1304 4989 1451 5053 ἐστι,
1501 4989 1595 5044 καὶ
1637 4990 1736 5044 οὐκ

162 5079 284 5131 ἐστι
334 5077 467 5141 Θεὸς
514 5079 653 5150 πλὴν
693 5080 806 5132 σοῦ·
873 5080 936 5133 σὺ
989 5080 1094 5152 γὰρ
1143 5077 1195 5134 εἷ
1232 5083 1261 5134 6
1299 5080 1461 5146 Θεὸς,
1503 5083 1595 5136 καὶ
1635 5085 1734 5138 οὐκ

161 5170 411 5240 ⁴ᾔδειμεν,
446 5169 580 5233 Θεὸς
616 5169 712 5222 τοῦ
753 5169 963 5242 Ἰσραὴλ
1009 5169 1220 5242 Σωτήρ.
1251 5191 1270 5224 ι
1323 5172 1396 5226 Τδ
1441 5173 1528 5239 δὲ,
1581 5192 1601 5224 ι
1634 5175 1734 5229 οὐκ

163 5259 407 5330 ᾔδειμεν,
437 5279 458 5312 ι
491 5262 557 5314 ἐκ
586 5260 875 5332 προσώπου
897 5262 1006 5316 τῶν
1039 5264 1166 5334 πρὶν
1199 5263 1361 5318 αὐτὸν
1391 5265 1466 5336 μὴ
1490 5266 1732 5334 ἐπεγνω-

159 5349 337 5402 κότων
381 5348 533 5420 παρὰ
587 5350 767 5419 μόνοις
816 5353 924 5413 τοῖς
983 5351 1378 5422 Ἐὅδομήκοντα
1426 5355 1729 5425 εἰρημένον,

157 5441 362 5512 ἑτέρως
391 5437 502 5510 εἶχε
523 5442 584 5494 τὸ
611 5442 912 5512 Ἑϐραῖκὸν,
935 5443 963 5497 ὃ
989 5443 1303 5515 μεταλαϐὼν
1322 5446 1350 5497 6
1379 5447 1477 5518 μὲν
1503 5449 1729 5513 Ἀκύλας

157 5531 330 5602 φησί’
379 5551 399 5583 ι
439 5532 572 5596 Θεὸς
615 5535 722 5604 ἄρα
774 5535 988 5606 ἰσχυρὸς
1032 5538 1548 5610 ἀποκρυπτόμενος,
1598 5541 1730 5606 Θεὸς

1799 1605 1848 1663 Α

2475 1591 2702 1650 CAPUT
2736 1592 2824 1647 IV.

1872 1729 2032 1800 225
2059 1728 2210 1795 Quod
2255 1729 2413 1800 etiam
2463 1727 2676 1794 Isaias,
2717 1730 3091 1800 prophetarum
3133 1731 3434 1800 maximus,

1941 1799 2096 1869 plane
2132 1801 2272 1854 novit
2323 1799 2489 1853 Deum
2537 1817 2650 1854 esse
2701 1801 2756 1853 in
2799 1799 2930 1869 Deo_,
2983 1800 3134 1868 idque
3159 1799 3434 1869 gafﬁrmat,

1944 1866 2079 1924 sicut
2118 1871 2280 1924 etiam
2313 1887 2406 1923 nos
2435 1870 2524 1938 qui
2551 1869 2767 1926 Patrem
2795 1870 2849 1923 in
2879 1866 3116 1936 Filio,“
3144 1867 3197 1924 F
3201 1866 3349 1923 ilium
3378 1866 3435 1923 in

1942 1940 2106 1994 Patre
2127 1940 2505 2010 gloriﬁcamus.

1947 2070 1966 2102 ι
1997 2050 2108 2122 Ego
2141 2031 2410 2108 Dominus
2439 2051 2542 2108 feci
2586 2059 2814 2118 terram,
2863 2056 2918 2105 et
2963 2049 3236 2106 hominem
3269 2066 3433 2122 super

1867 2157 1932 2197 ea
1959 2160 1974 2209 ;
2004 2158 2104 2213 ego
2135 2159 2300 2200 manu
2345 2159 2465 2200 mea
2506 2143 2841 2199 consolidavi
2871 2144 3092 2208 cmlum,
3125 2157 3226 2213 ego
3253 2142 3430 2196 omni-

1867 2233 1971 2289 bus
2010 2235 2175 2292 astris
2218 2235 2494 2299 mandavi,
2528 2250 2628 2305 ego
2680 2235 2943 2290 suscitavi
2973 2249 3155 2304 regem
3188 2249 3312 2289 cum
3338 2234 3430 2304 ju-

1866 2326 2040 2391 stitia,
2085 2334 2141 2383 et
2173 2341 2362 2383 omnes
2393 2327 2495 2381 viae
2531 2327 2653 2396 ejus
2681 2335 2863 2381 rectas.
2906 2325 3007 2381 Hic
3042 2325 3330 2381 aediﬁcabit
3357 2325 3432 2380 ci-

1862 2419 2083 2474 vitatem
2134 2433 2331 2484 meam,
2382 2425 2439 2474 et
2484 2419 2853 2489 captivitatem
2895 2419 3080 2490 populi
3123 2424 3425 2482 convertet,

1863 2528 1971 2566 non
2013 2511 2210 2581 pretio,
2242 2526 2417 2581 neque
2465 2512 2805 2578 muneribus,
2840 2511 2978 2567 dixit
3024 2510 3291 2570 Dominus
3328 2509 3428 2568 Sa-

1863 2603 2028 2658 baoth
2054 2603 2121 2660 ³³.
2154 2621 2172 2654 ι
2214 2603 2435 2658 Interim
2477 2603 2696 2673 quidem
2739 2603 2855 2660 haec
2895 2604 3136 2661 universi
3176 2606 3430 2661 conditor

1861 2693 2026 2759 Deus,
2080 2693 2148 2749 de
2187 2693 2424 2765 quodam
2463 2710 2587 2766 rege
2624 2710 2688 2748 ac
2725 2694 3025 2762 Salvatore,
3057 2698 3149 2767 qui
3187 2697 3427 2752 aediﬁca-

1860 2794 2020 2842 turus
2043 2787 2115 2843 sit
2143 2787 2532 2857 rempublicam
2561 2788 2801 2858 pietatis,
2835 2797 2890 2844 et
2917 2789 3282 2845 conditionem
3315 2803 3424 2859 qua

1860 2877 2107 2933 homines
2159 2894 2190 2935 a
2247 2877 2548 2936 daemonico
2583 2897 2768 2936 errore
2828 2881 3024 2950 captivi
3065 2882 3420 2945 tenebantur,

1790 2949 1831 3007 Β
1861 2969 2250 3037 dissoluturus,
2285 2987 2383 3043 per
2405 2973 2724 3044 prophetam
2757 2949 3069 3044 respondet.
3103 2972 3162 3028 ln
3195 2974 3261 3029 iis
3293 2988 3424 3030 vero

1860 3081 1981 3136 quae
2005 3074 2329 3137 sequuntur,
2372 3076 2718 3122 externarum
2757 3080 2975 3136 quoque
3004 3066 3285 3121 nationum
3325 3067 3422 3120 ob-

1859 3155 2130 3224 sequium,
2179 3170 2289 3226 quo
2326 3155 2377 3210 ei
2443 3163 2570 3212 sunt
2625 3157 2966 3212 obsecutum
3007 3157 3099 3226 qui
3160 3163 3422 3213 venturus

1857 3248 2098 3312 canitur,
2155 3248 2508 3320 propheticus
2565 3247 2838 3320 signiﬁcat
2887 3249 3110 3320 Spiritus
3153 3269 3166 3305 :
3209 3266 3422 3306 necnon

1854 3338 2310 3408 quemadmodum
2333 3340 2483 3394 illum
2507 3349 2768 3411 tanquam
2798 3340 2968 3398 Deum
2995 3343 3298 3398 adorabunt
3319 3343 3419 3408 illi,

1853 3431 1947 3501 qui
1980 3431 2055 3484 ita
2088 3430 2155 3485 ad
2189 3431 2511 3501 obsequium
2539 3433 2812 3500 venerint,
2839 3441 2895 3491 et
2923 3435 3068 3505 quod
3102 3435 3266 3491 Deum
3298 3449 3422 3489 ora-

1853 3520 1990 3575 bunt
2034 3521 2089 3574 in
2132 3520 2598 3591 ipsozpropterea
2639 3525 2787 3595 quod
2837 3526 2893 3580 in
2948 3539 3014 3580 eo
3052 3525 3168 3595 ipse
3215 3524 3420 3579 habitet

1853 3612 1996 3669 Deus
2032 3629 2340 3683 supremus,
2370 3616 2618 3672 videlicet
2647 3617 2827 3683 Pater,
2863 3617 3214 3687 universique
3251 3615 3415 3672 Deus.

1850 3703 2031 3759 Locus
2057 3712 2236 3760 autem
2255 3707 2334 3762 sic
2348 3722 2405 3761 se
2427 3706 2586 3762 habet
2609 3707 2676 3762 ad
2695 3710 2915 3763 verbum
2940 3727 2954 3763 :
2980 3727 2998 3758 ι
3025 3707 3114 3761 Sic
3146 3705 3277 3760 dicit
3309 3707 3416 3760 Do-

1851 3797 2033 3853 minus
2078 3817 2090 3853 :
2138 3797 2428 3854 storavit
2455 3798 2743 3870 IEgyptus,
2774 3807 2827 3855 et
2876 3799 3171 3870 negotiatio
3200 3797 3417 3854 .‘Ethio—

1849 3903 2002 3958 pum,
2048 3899 2102 3946 et
2149 3890 2364 3946 Sabaim
2412 3892 2514 3948 viri
2543 3891 2742 3948 excelsi
2785 3891 2852 3946 ad
2885 3899 2938 3946 te
2981 3890 3315 3952 transibunt,
3359 3898 3415 3946 et

1849 3981 1928 4034 tui
1957 3989 2119 4036 erunt
2143 3981 2308 4046 servi,
2341 3989 2395 4036 et
2438 3996 2467 4036 a
2497 3990 2648 4052 tergo
2679 3988 2731 4036 te
2770 3990 3070 4052 sequentur
3096 3981 3264 4036 vincti
3295 3995 3414 4035 ma-

1848 4071 2012 4138 nicis,
2047 4080 2102 4127 et
2129 4071 2435 4128 adorabunt
2459 4072 2711 4144 juvenes,
2742 4081 2796 4131 et
2827 4074 2881 4129 in
2905 4082 2958 4130 te
2986 4076 3220 4130 orabunt
3242 4093 3255 4130 :
3275 4090 3416 4145 quo-

1848 4163 1994 4215 niam
2019 4163 2074 4217 in
2107 4172 2158 4218 te
2188 4162 2330 4219 Deus
2361 4173 2465 4229 est,
2496 4171 2550 4221 et
2581 4181 2690 4220 non
2727 4173 2812 4221 est
2841 4164 2984 4221 Deus
3018 4175 3211 4235 praeter
3239 4174 3325 4220 te:
3351 4171 3408 4218 tu

1848 4254 1990 4307 enim
2018 4269 2078 4308 es
2116 4253 2280 4318 Deus,
2312 4263 2365 4310 et
2397 4271 2507 4310 non
2541 4272 2888 4320 noveramus,
2926 4255 3069 4312 Deus
3097 4256 3260 4312 Israel
3292 4255 3412 4310 Sal-

1848 4352 2022 4398 vator.
2057 4343 2394 4400 Erubescent
2439 4353 2494 4401 et
2536 4347 2939 4402 confundentur
2966 4363 3155 4404 omnes
3182 4347 3276 4418 qui
3311 4348 3410 4402 ad-

1843 4442 2133 4489 versantur
2153 4435 2224 4500 ei,
2257 4443 2310 4490 et
2341 4437 2696 4493 ambulabunt
2733 4439 2787 4493 in
2819 4439 3028 4508 pudore
3051 4440 3116 4494 ⁸³.
3159 4459 3177 4492 ι
3211 4438 3408 4496 Hacte-

1843 4542 1947 4582 nus
1985 4527 2102 4597 ipsa
2149 4527 2456 4598 prophetia.
2498 4529 2786 4596 Caeterum,
2828 4531 3142 4602 neutiquam
3176 4533 3409 4588 arbitror

1841 4619 2150 4689 quempiam
2179 4627 2367 4675 contra
2397 4619 2472 4680 id,
2502 4621 2646 4691 quod
2678 4627 2789 4675 tam
2821 4629 3006 4693 aperte
3033 4629 3088 4678 et
3121 4622 3408 4692 perspicue

1839 4709 2078 4775 dicatur,
2104 4712 2188 4767 vel
2217 4712 2408 4768 oculos
2435 4711 2793 4778 directurum,
2829 4712 3081 4783 quamvis
3112 4711 3404 4768 admodum

1840 4801 1912 4856 sit
1958 4802 2226 4872 ingratus,
2274 4805 2368 4858 ubi
2412 4803 2488 4858 ita
2522 4804 2802 4860 evidenter
2840 4811 2895 4860 et
2922 4805 3083 4874 plane
3128 4805 3405 4860 inducitur

1838 4893 1984 4949 Deus
2035 4893 2203 4951 Israel
2249 4894 2519 4962 Salvator,
2567 4903 2628 4952 et
2679 4897 2735 4952 in
2791 4897 2885 4951 illo
2931 4896 3112 4952 Deus:
3147 4915 3166 4950 ι
3201 4896 3404 4950 Adora-

1838 4986 1974 5041 bunt
2013 4992 2086 5050 te,
2124 4985 2326 5056 inquit,
2363 4987 2522 5057 justi,
2569 4995 2624 5043 et
2653 4989 2710 5042 in
2755 4995 2807 5042 te
2837 4987 3092 5051 orabunt,
3144 4989 3403 5058 quoniam

1838 5080 1893 5134 in
1925 5089 1978 5136 te
2004 5088 2088 5136 est
2119 5079 2285 5146 Deus,
2314 5090 2369 5136 et
2396 5097 2505 5137 non
2529 5089 2616 5136 est
2643 5079 2788 5136 Deus
2819 5093 3015 5150 praeter
3044 5087 3097 5136 te
3129 5099 3141 5134 :
3168 5088 3224 5134 tu
3255 5082 3402 5135 enim

1834 5189 1895 5230 es
1933 5172 2112 5237 Deus,
2161 5183 2217 5230 et
2254 5173 2652 5237 nesciebamus,
2701 5171 2844 5228 Deus
2874 5171 3042 5228 Israel
3076 5171 3344 5228 Salvator.
3377 5190 3394 5225 ι

1833 5264 2004 5320 Porro
2052 5264 2223 5331 illud,
2278 5283 2299 5317 ι
2329 5265 2741 5332 nesciebamus,
2773 5282 2792 5316 ›
2836 5264 2982 5334 quod
3041 5280 3110 5319 ex
3167 5279 3400 5334 persona

1834 5374 2022 5415 eorum
2056 5357 2152 5428 qui
2180 5358 2335 5429 prius
2379 5359 2530 5414 illum
2559 5375 2671 5414 non
2693 5365 3050 5430 agnoverunt,
3073 5358 3237 5428 226
3258 5357 3400 5427 apud

1834 5451 1982 5506 solos
2013 5449 2154 5505 LXX
2186 5451 2392 5505 dictum
2427 5457 2533 5518 est,
2584 5451 2642 5506 in
2685 5450 2951 5507 Hebraico
2997 5452 3156 5506 aliter
3198 5450 3396 5517 habet;

1834 5544 1989 5614 quod
2011 5558 2144 5601 sane
2172 5543 2366 5614 Aquila
2400 5553 2748 5611 convertens,
2790 5546 2869 5600 sic
2897 5545 2974 5600 ait
3003 5564 3015 5599 :
3049 5563 3066 5597 ι
3099 5544 3240 5600 Deus
3267 5558 3398 5614 ergo

225 5733 273 5764 "
295 5731 486 5790 Matth.
517 5736 752 5806 nvl,v39
849 5739 892 5770 ’ν
916 5739 1027 5794 ibid
1072 5739 1158 5794 4‘2.
1213 5741 1257 5772 ”
1276 5739 1506 5812 Philipp.
1542 5757 1601 5807 ιι,
1635 5742 1750 5798 8-9.
1807 5744 1846 5778 ³¹
1872 5742 2132 5815 Ephes.t,
2161 5743 2348 5811 20,21.
2389 5745 2565 5816 f’lsa.
2592 5745 2923 5812 nv,l2,i5.
2996 5746 3039 5779 ’³
3057 5746 3188 5802 ibid.
3211 5741 3410 5802 “.15..
