3846 6218
371 276 470 334 3η

1008 274 1276 333 EUSEBII
1325 276 1810 335 CrESARlENSIS
1842 275 2221 350 OPP._PARS
2258 277 2325 333 ll.
2363 307 2434 319 —
2472 275 2974 353 APOLOGETICILI

3519 281 3625 337 372

372 397 532 453 fortis
553 396 824 460 occultus.
857 397 1000 454 Deus
1027 397 1194 456 Israel
1223 401 1316 471 qui
1341 402 1522 456 salvos
1545 400 1690 456 facit.
1719 421 1738 453 ι
1766 400 1939 456 Theo‘

2059 401 2270 472 Ἰσραὴλ
2307 399 2494 464 σώζων
2512 419 2523 430 ·
2550 420 2568 451 ›
2611 403 2639 453 6
2665 401 2720 454 δὲ
2747 400 3038 454 Θεοδοτίων
3063 417 3076 430 ·
3112 419 3131 451 ι
3158 399 3255 453 Διά
3285 398 3442 453 τοῦτο
3471 399 3628 470 ἰσχυ-

369 492 558 546 dotion
603 507 775 546 vero:
815 511 834 544 ς
862 491 1157 563 Propterea
1193 494 1349 550 fortis
1404 496 1761 551 absconditus
1803 494 1947 549 Deus

369 598 618 638 servans.
649 601 670 634 ι
711 580 816 636 Ubi
851 598 984 638 sane
1023 583 1181 640 valde
1210 586 1534 641 mirabiliter
1563 584 1946 640 absconditum

371 675 542 731 Deum
577 675 859 730 Christum
891 678 1151 751 nominat
1182 697 1195 732 :
1228 694 1440 733 necnon
1466 694 1687 734 causam
1729 694 1948 749 quoque

372 772 688 840 planissime
721 771 903 837 docet,
935 781 1158 843 prepter
1179 788 1340 844 quam
1374 789 1543 828 unum
1579 774 1780 842 ipsum,
1809 789 1947 844 qua—

370 874 534 921 tenus
564 865 708 919 inter
737 880 801 920 ea
833 881 955 935 quae
995 867 1178 937 genita
1207 875 1357 934 sunt,
1405 867 1742 933 nominatur,
1775 866 1945 922 Deum

373 966 550 1018 vocat.
583 958 652 1012 ob
673 957 852 1015 Patris
873 959 1124 1016 videlicet
1145 961 1200 1015 in
1222 961 1340 1031 ipso
1370 961 1763 1016 habitationem
1790 978 1803 1013 :
1836 978 1854 1012 ‹
1885 959 1945 1013 In

369 1051 491 1120 ipso
522 1051 694 1117 enim,
727 1071 745 1104 ι
777 1059 837 1107 ut
863 1053 1082 1108 divinus
1127 1053 1286 1110 docet
1311 1053 1607 1124 Apostolus
1634 1055 1701 1119 '9,
1743 1071 1761 1104 ‹
1797 1068 1948 1108 com-

370 1142 580 1211 placuit
610 1159 828 1199 omnem
856 1144 1253 1215 plenitudinem
1279 1146 1586 1202 divinitatis
1614 1146 1883 1202 habitare.
1921 1163 1941 1196 ι

369 1231 485 1287 Hoc
513 1232 694 1304 ipsum
733 1235 900 1290 verba
942 1235 1061 1307 ipsa
1107 1236 1411 1305 declarant,
1459 1253 1581 1309 quae
1615 1238 1695 1292 sic
1744 1252 1804 1292 se
1848 1236 1948 1290 ha-

370 1323 498 1376 bent
527 1343 540 1377 :
577 1341 596 1375 ‹
625 1323 896 1390 Quoniam
930 1325 985 1380 in
1028 1333 1083 1381 te
1114 1325 1260 1383 Deus
1306 1337 1414 1393 est,
1454 1337 1510 1385 et
1551 1344 1660 1384 non
1687 1335 1772 1384 est
1802 1327 1946 1384 Deus

367 1422 564 1482 praeter
596 1422 670 1469 te.
708 1434 725 1467 ι
759 1413 866 1470 Pro
898 1415 992 1470 illo
1015 1431 1146 1472 vero
1189 1418 1337 1488 quod
1383 1425 1487 1481 est,
1528 1436 1546 1468 ι
1583 1426 1779 1488 praeter
1803 1425 1880 1482 te,
1921 1437 1940 1470 ι

365 1504 729 1571 Theodotion,
771 1525 792 1557 ‹
823 1515 1020 1577 prater
1059 1509 1237 1579 ipsum
1270 1528 1290 1561 ι
1325 1509 1715 1580 interpretatus
1747 1517 1851 1574 est,
1885 1517 1947 1565 ut

365 1599 471 1652 hoc
492 1597 654 1652 modo
678 1601 843 1654 verba
869 1615 930 1655 se
955 1600 1189 1656 habeant
1223 1619 1236 1656 :
1263 1619 1283 1653 ‹
1311 1600 1428 1656 Νοη
1460 1609 1545 1658 est
1577 1600 1724 1658 Deus
1749 1608 1946 1672 praeter

365 1691 570 1761 ipsum,
607 1710 626 1742 ι
680 1705 808 1747 eum
860 1692 1119 1749 videlicet
1171 1708 1202 1747 a
1251 1709 1362 1763 quo
1396 1709 1476 1760 es,
1529 1709 1626 1764 per
1675 1708 1838 1764 quem
1881 1699 1943 1747 tu

2053 493 2142 562 ρὸς
2187 495 2453 564 κρυφαῖος
2496 492 2628 555 Θεὸς
2687 492 2892 556 σώζων.
2926 511 2946 544 ι
3013 493 3227 562 Σφόδρα
3296 491 3629 563 θαυμαστῶς

2050 586 2313 654 κρυφαῖον
2346 584 2478 636 Θεὸν
2505 583 2597 638 τὸν
2627 585 2858 655 Χριστὸν
2883 584 3168 655 ὀνομάζει·
3205 585 3298 639 καὶ
3323 585 3421 656 τὴν
3449 584 3630 640 αἰτίαν

2047 677 2124 739 δὲ,
2157 676 2222 729 δι’
2255 677 2322 746 ἣν
2352 676 2486 728 Θεὸν
2511 676 2673 729 αὑτὸν
2705 677 2864 747 μόνον
2896 677 2973 741 ὡς
3001 680 3059 730 ἐν
3083 679 3357 748 γεννητοῖς
3396 678 3536 748 μετά
3569 677 3631 731 τό

2049 767 2266 838 πρῶτον
2314 769 2408 822 καὶ
2446 768 2738 839 ἀγέννητον
2767 769 3051 833 ἀποκαλεῖ,
3083 770 3269 839 σαφῶς
3298 772 3626 836 ἐκδιδάσκει,

2047 859 2146 928 τὴν
2192 858 2286 910 τοῦ
2341 858 2552 930 Πατρός
2598 861 2654 913 ὲν
2704 860 2852 931 αὑτῷ
2900 861 3238 932 κατοίκησιν·
3269 883 3287 914 ‹
3333 864 3420 917 Ἐν
3453 863 3632 934 τούτῳ

2048 949 2209 1021 γάρ,›
2255 949 2394 1003 κατά
2426 950 2515 1003 τὸν
2551 950 2689 1004 θεῖον
2723 951 3037 1018 ἀπόστολον,
3079 972 3097 1003 ‹
3121 953 3380 1024 εὑδόκησε
3415 955 3524 1008 πᾶν
3569 954 3633 1007 τὸ

2049 1040 2324 1117 πλήρωμα
2369 1041 2468 1110 τῆς
2511 1041 2763 1112 θεότητος
2809 1045 3150 1114 κατοικῆσαι.
3183 1065 3203 1096 ι
3261 1045 3430 1098 Τοῦτο
3479 1046 3634 1116 δηλοῖ

2051 1131 2332 1200 φάσκουσα
2371 1134 2404 1202 ὴ
2430 1130 2606 1198 λέξις⁹
2680 1152 2699 1184 ι
2737 1135 2857 1187 Ὅτι
2901 1137 2960 1190 ὲν
3006 1137 3090 1189 col.
3141 1139 3170 1187 6
3196 1136 3329 1200 Θεός
3361 1139 3498 1200 ἐστι,
3533 1138 3631 1190 καὶ

2047 1224 2149 1277 οὑκ
2194 1223 2309 1276 ἐστι
2352 1224 2484 1288 Θεὸς
2534 1223 2673 1296 πλὴν
2717 1225 2835 1281 σοῦ.
2871 1245 2890 1277 ι
2966 1228 3110 1280 Ἀντὶ
3153 1228 3211 1280 δὲ
3248 1228 3364 1292 τοῦ,
3429 1248 3448 1281 ι
3488 1230 3630 1300 πλὴν

2049 1315 2165 1381 σοῦ,
2194 1336 2213 1368 ι
2265 1336 2284 1368 ι
2309 1317 2446 1389 πλὴν
2478 1318 2666 1385 αὑτοῦ,
2685 1337 2704 1371 ι
2737 1320 2766 1372 6
2794 1320 3088 1375 Θεοδοτίων
3120 1322 3437 1392 πεποίηκεν,
3473 1323 3540 1374 ἶν’
3569 1318 3630 1396 ᾖ·

2054 1426 2072 1458 ι
2107 1407 2220 1460 Οὑκ
2265 1407 2382 1464 ἐστι
2415 1408 2548 1472 Θεὸς
2595 1409 2733 1480 πλὴν
2782 1409 2980 1477 αὑτοῦ,
3012 1430 3031 1462 ι
3076 1411 3273 1483 δηλαδὴ
3320 1413 3410 1466 τοῦ
3451 1417 3511 1467 ὲν
3546 1415 3634 1469 σοὶ

2046 1497 2202 1564 Θεοῦ,
2247 1499 2313 1552 δι’
2353 1499 2412 1553 ὃν
2455 1501 2550 1553 καὶ
2591 1502 2656 1554 σὺ
2706 1502 2994 1573 τυγχάνεις
3043 1502 3119 1556 ὢν
3163 1503 3317 1568 Θεός.
3365 1507 3523 1558 Κατά
3573 1505 3634 1561 δὲ

2044 1587 2138 1642 τὸν
2175 1589 2406 1645 Ἀκύλαν
2453 1590 2628 1656 οὕτως
2673 1592 2823 1664 ἔχει’
2892 1613 2912 1646 ι
2948 1595 3096 1666 Πλὴν
3144 1598 3201 1648 ὲν
3243 1597 3326 1650 σοὶ
3385 1597 3632 1669 ἰσχυρὸς,

2045 1683 2140 1737 καὶ¹
2189 1683 2290 1738 οὑκ
2336 1683 2482 1738 ἐστιν
2526 1684 2607 1738 ἔτι
2669 1684 2823 1759 παρά
2868 1686 2969 1741 σοί.
3049 1688 3182 1753 Θεὸς
3229 1689 3336 1761 ἄρα
3407 1691 3631 1764 ἰσχυρὸς

362 1758 582 1852 quoque
623 1782 677 1836 id
718 1782 910 1851 habes,
954 1791 1015 1838 ut
1049 1782 1223 1840 Filius
1253 1758 1353 1841 sis.
1400 1758 1509 1840 Sed
1529 1758 1733 1855 aquila
1757 1787 1836 1837 ita
1864 1783 1939 1838 in-

2044 1773 2140 1827 καὶ
2185 1773 2689 1846 ἀποκρυπτόμενος,
2737 1758 2869 1841 Θεὸς
2916 1776 3121 1843 σώζων.
3149 1797 3168 1830 ι
3233 1758 3391 1833 Κατά
3534 1758 3632 1835 τὸν

363 1883 697 1946 terpretatus
723 1884 808 1932 est
840 1895 856 1931 :
897 1895 918 1929 ‹
956 1875 1348 1934 Verumtamen
1382 1877 1438 1932 in
1467 1886 1520 1932 te
1550 1876 1733 1943 fortis,
1757 1883 1812 1932 et
1830 1891 1941 1931 non

362 1975 450 2024 est
495 1967 730 2038 amplius
758 1968 904 2039 apud
951 1975 1027 2024 te.
1075 1968 1220 2026 Deus
1275 1985 1406 2041 ergo
1454 1969 1613 2025 fortis
1645 1976 1699 2025 et
1738 1969 1938 2033 latens,

362 2059 511 2116 Deus
552 2061 736 2116 salvos
767 2059 995 2116 faciens.
1028 2081 1046 2114 ι
1086 2060 1449 2133 Symmachus
1473 2077 1604 2118 vero
1633 2061 1785 2116 solus
1820 2061 1939 2116 sic:

367 2169 388 2202 ι
429 2152 485 2205 ln
509 2161 559 2207 te
588 2151 752 2218 Deus,
775 2160 830 2208 et
858 2169 968 2208 non
991 2161 1075 2210 est
1100 2156 1357 2225 amplius,
1376 2171 1556 2226 neque
1579 2153 1734 2209 adest
1756 2153 1902 2210 Deus
1921 2171 1939 2208 :

361 2257 490 2296 vere
546 2249 602 2296 tu
647 2241 793 2298 Deus
841 2243 1224 2312 absconditus,
1249 2245 1392 2302 Deus
1423 2245 1592 2302 Israel
1635 2259 1882 2300 servans.
1915 2261 1934 2295 ι

362 2329 468 2386 Ubi
503 2331 649 2402 quod
679 2333 823 2389 Deus
861 2334 932 2388 sit
981 2332 1235 2392 Christus
1281 2334 1397 2402 Dei,
1435 2335 1604 2390 verba
1631 2335 1749 2404 ipsa
1781 2334 1943 2405 plane

363 2424 663 2480 declarant.
713 2444 733 2477 ι
761 2425 898 2482 Nam
936 2433 1224 2498 propterea
1253 2429 1398 2499 quod
1423 2429 1477 2483 in
1516 2437 1591 2492 te,
1625 2427 1825 2499 inquit,
1856 2433 1943 2482 est

363 2517 532 2580 Deus.
565 2525 625 2572 tu
677 2533 810 2574 sane
848 2518 993 2574 Deus
1025 2518 1183 2575 fortis
1228 2527 1283 2572 et
1327 2520 1710 2576 absconditus.
1742 2539 1761 2572 ι
1797 2519 1942 2589 Ergo

360 2624 430 2664 ex
460 2609 566 2673 his,
601 2607 747 2664 Deus
774 2624 918 2665 unus
958 2612 1082 2677 erit,
1115 2611 1206 2681 qui
1243 2611 1410 2681 hujus
1445 2610 1828 2682 appellationis
1855 2617 1942 2666 est

362 2697 652 2755 Dominus.
697 2698 871 2756 Filius
903 2710 1086 2757 autem
1116 2703 1376 2774 quoniam
1408 2701 1570 2758 Pater
1609 2703 1658 2758 ei
1694 2703 1940 2773 seipsum

363 2792 755 2855 communicat,
809 2792 878 2847 de
933 2793 1436 2848 communicatione
1488 2794 1739 2850 veritatis
1789 2793 1939 2847 illius

361 2885 684 2955 dignitatem
715 2885 947 2956 accepit,
989 2886 1191 2957 quippe
1243 2888 1338 2956 qui
1364 2901 1540 2956 neque
1561 2901 1591 2939 a
1630 2886 1819 2956 seipso
1843 2887 1936 2950 sit,

361 2991 540 3051 neque
567 2979 636 3032 ab
661 2994 748 3042 eo,
771 2979 866 3049 qui
889 2979 1066 3048 ipsum
1091 2978 1300 3048 genuit,
1331 2977 1492 3034 Patre
1513 2976 1819 3044 deseratur,
1843 2977 1938 3032 sed

361 3069 466 3124 hoc
495 3071 674 3140 ipsum
705 3077 908 3135 totum,
943 3070 1090 3142 quod
1121 3079 1225 3136 est,
1263 3070 1407 3141 quod
1448 3069 1603 3135 vivit,
1635 3070 1779 3141 quod
1809 3069 1941 3126 sub—
1966 3098 2010 3157 ο

359 3159 530 3226 sistit,
577 3160 644 3214 ab
683 3175 750 3214 eo
799 3175 830 3214 a
861 3177 970 3230 quo
999 3167 1084 3216 est
1115 3159 1296 3224 Patre,
1333 3160 1596 3226 obtineat,
1627 3161 1722 3232 qui
1761 3176 1938 3232 neque

361 3247 578 3304 Patrem
613 3249 838 3316 deserit,
875 3259 938 3305 'et
983 3252 1049 3306 ab
1093 3252 1187 3306 illo
1215 3252 1476 3323 gignitur,
1509 3260 1562 3307 et
1595 3261 1707 3306 tum
1751 3261 1812 3307 ut
1842 3253 1936 3317 sit,

361 3350 478 3395 tum
512 3349 574 3395 ut
602 3340 775 3397 Filius
803 3342 896 3407 sit,
931 3359 1041 3398 non
1068 3358 1099 3397 a
1123 3345 1329 3414 seipso,
1371 3344 1464 3399 sed
1495 3359 1526 3398 a
1557 3343 1717 3399 Patre
1751 3345 1936 3400 habet.

357 3434 654 3502 Quocirca,
691 3435 898 3492 honore
935 3437 1083 3492 hunc
1131 3453 1347 3508 quoque
1395 3447 1455 3492 ut
1475 3437 1645 3493 Deum
1683 3442 1938 3510 prosequi

355 3529 540 3584 edocti
581 3545 794 3594 sumus,
837 3529 1316 3601 quemadmodum,
1365 3548 1486 3603 qua:
1517 3549 1663 3587 nunc
1697 3542 1940 3589 tractan-

358 3631 472 3688 tur,
515 3621 814 3692 prophetiae
857 3623 1162 3678 declarant.
1196 3622 1268 3677 Ut
1315 3623 1462 3679 enim
1510 3623 1746 3694 alicujus
1792 3627 1938 3698 regis

358 3714 543 3785 imago
571 3716 923 3770 veneratione
965 3714 1105 3770 allici
1143 3716 1302 3782 solet,
1332 3725 1556 3786 prOpter
1592 3718 1742 3771 illum
1779 3720 1937 3788 cujus

359 3806 691 3863 lineamenta
731 3824 992 3878 expressa
1044 3816 1098 3864 et
1145 3809 1560 3864 similitudinem
1606 3808 1712 3864 fert
1755 3809 1938 3879 (caete-

358 3915 505 3964 rum,
541 3901 793 3972 quamvis
824 3910 879 3957 et
920 3902 1101 3972 imago
1145 3901 1311 3970 regis,
1358 3909 1412 3956 et
1448 3901 1564 3972 ipse
1597 3918 1691 3956 rex
1731 3903 1938 3959 honore

358 3989 648 4058 afficiatur,
684 4008 828 4047 unus
859 4000 1041 4048 tamen
1073 3993 1176 4047 erit
1206 3994 1298 4062 qui
1325 3993 1646 4058 honoretur,
1672 4009 1783 4048 non
1805 3995 1933 4050 duo.

355 4081 479 4137 Non
511 4084 656 4139 enim
696 4084 806 4140 duo
836 4101 1018 4158 reges,
1055 4103 1220 4152 unus,
1265 4087 1477 4158 primus
1509 4095 1563 4144 et
1594 4103 1759 4144 verus
1800 4108 1814 4144 :
1858 4090 1938 4142 al-

357 4182 461 4236 ter.
501 4177 594 4247 qui
644 4177 762 4249 ipsa
794 4180 1032 4251 imagine
1066 4181 1139 4236 sit
1191 4197 1507 4252 expressus,
1558 4183 1654 4238 sed
1698 4200 1841 4238 unus
1881 4184 1936 4238 in

357 4276 592 4339 utroque
622 4285 729 4326 non
759 4271 922 4326 modo
955 4272 1299 4344 intelligitur,
1329 4290 1518 4330 verum
1563 4275 1726 4330 etiam
1759 4276 1938 4330 nomi-

355 4367 524 4412 natur
552 4369 716 4428 atque
749 4360 1091 4431 honoratur),
1123 4363 1205 4416 sic
1250 4377 1385 4418 sane
1443 4364 1757 4435 unigenitus
1801 4383 1937 4438 quo-

2043 1865 2342 1937 Σύμμαχον
2378 1868 2556 1938 μόνον’
2599 1886 2619 1920 ι
2665 1867 2756 1922 Ἐν
2793 1869 2877 1922 σοὶ
2907 1869 3061 1935 Θεὸς,
3095 1871 3189 1924 καὶ
3217 1872 3316 1925 οὑκ
3348 1873 3497 1926 ἔστιν
3524 1873 3630 1939 En,

2041 1958 2152 2012 οὐδ’
2196 1958 2433 2030 ὑπάρχει
2465 1960 2632 2026 Θεός·
2677 1960 2847 2026 ὅντως
2889 1963 2953 2016 σὺ
2997 1963 3131 2028 Θεὸς
3166 1969 3460 2037 κρυφαῖος,
3497 1967 3635 2033 Θεὸς

2057 2050 2272 2122 Ἰσραὴλ
2317 2050 2524 2117 σώζων.
2551 2071 2570 2104 ι
2633 2054 2711 2106 Δι’
2747 2047 2822 2108 ὧν
2860 2055 2922 2108 τὸ
2965 2055 3138 2110 αἴτιον
3179 2058 3273 2111 τοῦ
3314 2056 3453 2114 εἶναι
3493 2059 3636 2115 Θεὸν

2041 2141 2134 2196 τὸν
2163 2143 2397 2216 Χριστὸν
2442 2145 2536 2198 τοῦ
2563 2145 2722 2214 Θεοῦ,
2766 2147 2954 2216 σαφῶς
2992 2151 3021 2202 6
3051 2148 3208 2218 λόγος
3260 2153 3636 2226 παρέστησεν.

2050 2251 2068 2286 ι
2093 2233 2245 2286 Ἐπεὶ
2292 2234 2402 2307 γὰρ
2434 2236 2493 2288 ὲν
2523 2235 2626 2299 σοὶ,
2665 2254 2684 2287 ι
2723 2237 2908 2306 φησὶν,
2972 2255 2990 2289 ι
3016 2239 3136 2290 ἐστὶ
3161 2239 3316 2304 Θεὸς,
3341 2240 3428 2294 διὰ
3469 2241 3638 2296 τοῦτο

2045 2326 2111 2380 σὺ
2137 2326 2270 2390 Θεὸς
2295 2327 2513 2399 ἰσχυρὸς
2540 2327 2635 2381 καὶ
2663 2330 2948 2400 κρυφαῖος.
2979 2348 2998 2381 ›
3051 2331 3259 2385 Οὐκοῦν
3290 2332 3380 2386 διά
3421 2333 3638 2390 τούτων

2042 2420 2073 2472 6
2109 2420 2208 2490 μὲν
2261 2419 2467 2492 ἀληθὴς
2513 2419 2610 2474 καὶ
2649 2421 2809 2491 μόνος
2851 2421 3004 2487 Θεὸς,
3040 2417 3121 2486 εἷς
3177 2423 3244 2478 ἂν
3292 2424 3409 2496 εἴη,
3468 2426 3637 2496 μόνος

2043 2511 2251 2583 κυρίως
2294 2511 2576 2584 τυγχάνων
2617 2513 2718 2584 τῆς
2762 2515 3165 2588 προσηγορίας·
3215 2519 3244 2570 6
3283 2517 3339 2571 δὲ
3376 2517 3636 2590 δεύτερος

2047 2599 2316 2676 μετουσία
2343 2603 2438 2657 τοῦ
2485 2603 2718 2675 ἀληθοῦς
2757 2606 2857 2677 τῆς
2896 2607 3176 2672 κοινωνίας
3217 2607 3467 2679 ἠξΐωται,
3505 2611 3635 2665 οὔτε

2043 2695 2119 2749 ὢν
2148 2697 2267 2750 καθ’
2297 2697 2508 2763 ἑαυτὸν,
2531 2697 2655 2753 οὔτε
2688 2699 2935 2769 ὑφεστὼς
2963 2702 3084 2774 δίχα
3123 2703 3218 2756 τοῦ
3254 2703 3637 2771 θεοποιοῦντος

2043 2789 2206 2844 αὑτὸν
2229 2790 2473 2863 Πατρὸς,
2514 2791 2625 2845 οὔτ’
2652 2791 2779 2846 ἄνευ
2806 2793 2901 2846 τοῦ
2936 2795 3153 2866 Πατρὸς
3190 2795 3436 2866 θεολογοὺ
3446 2814 3635 2868 μενος,

2043 2880 2159 2934 ἀλλ’
2191 2881 2313 2936 ὅλον
2353 2883 2486 2936 αὑτὸ
2529 2883 2686 2937 τοῦτο
2731 2883 2808 2938 ὥν
2843 2903 2905 2938 τε
2945 2886 3039 2939 καὶ
3073 2885 3180 2950 ζῶν
3218 2889 3313 2941 καὶ
3353 2889 3632 2958 ὑφεστὼς,

2043 2971 2132 3026 διὰ
2171 2973 2262 3027 τὸν
2301 2973 2359 3027 ὲν
2402 2974 2550 3045 αὑτῷ
2589 2975 2837 3048 Πατέρα,
2887 2977 3059 3030 συνών
3099 2995 3160 3031 τε
3205 2979 3282 3050 τῷ
3306 2980 3506 3052 Πατρὶ,
3536 2982 3637 3034 καὶ

2045 3063 2104 3131 ἐξ
2146 3063 2332 3129 αὑτοῦ,
2377 3067 2472 3120 καὶ
2511 3066 2579 3119 δι’
2617 3067 2777 3120 αὑτὸν
2811 3067 3244 3140 θεοποιοὺμενος,
3284 3070 3344 3123 τό
3383 3089 3444 3124 τε
3489 3068 3635 3127 εἶναι

2044 3155 2181 3228 ὁμοῦ
2216 3158 2310 3210 καὶ
2352 3157 2413 3210 τὸ
2435 3157 2567 3223 Θεὸς
2607 3155 2746 3212 εἶναι
2777 3160 2876 3212 οὑκ
2914 3160 2971 3226 ἐξ
3012 3161 3226 3226 ἑαυτοῦ,
3268 3163 3422 3234 παρά
3447 3163 3507 3217 δὲ
3531 3164 3632 3216 τοῦ

2044 3249 2258 3320 Πατρὸς
2289 3249 2558 3320 ἐσχηκώς.
2593 3251 2686 3304 Διὸ
2713 3251 2776 3324 δὴ
2815 3251 2956 3323 μετὰ
2981 3253 3074 3307 τὸν
3091 3253 3309 3326 Πατέρα
3335 3257 3503 3328 τιμᾷν
3534 3259 3635 3310 καὶ

2044 3341 2206 3395 αὑτὸν
2237 3341 2314 3406 ὡς
2345 3343 2476 3397 Θεὸν
2519 3343 2897 3416 ἐδιδάχθημεν,
2930 3345 3016 3400 διὰ
3046 3347 3135 3400 τὸν
3167 3350 3226 3402 ὲν
3262 3349 3411 3420 αὑτῷ
3444 3367 3634 3404 κατοι-

2043 3433 2242 3488 κοῦντα
2272 3435 2425 3502 Θεὸν,
2459 3437 2746 3510 ώσπεροῦν
2784 3439 2842 3492 αἱ
2887 3439 3026 3510 μετά
3071 3443 3260 3514 χεῖρας
3311 3443 3633 3515 περιέχουσι

2042 3531 2389 3599 προφητεῖαι.
2436 3529 2525 3594 Ὦς
2550 3528 2659 3602 γὰρ
2692 3529 2759 3583 ἂν
2789 3531 3045 3603 τιμηθείη
3070 3533 3333 3603 βασιλέως
3351 3533 3516 3587 εἰκὼν
3539 3535 3633 3588 διὰ

2040 3617 2161 3682 τὸν,
2205 3611 2267 3672 οῦ
2305 3619 2434 3682 τοὺς
2475 3620 2832 3691 χαρακτῆρας
2873 3622 2970 3674 καὶ
3011 3623 3113 3693 τὴν
3155 3623 3416 3694 ὁμοίωσιν
3468 3625 3632 3698 φέρει

2042 3709 2379 3782 (τιμωμένης
2413 3712 2470 3764 δὲ
2500 3714 2600 3784 τῆς
2625 3713 2853 3778 εἰκόνος,
2891 3715 3103 3768 καὶτοῦ
3137 3717 3402 3787 βασιλέως
3440 3720 3637 3786 αὑτοῦ,

2041 3797 2122 3866 εἷς
2153 3802 2217 3856 ἂν
2248 3807 2279 3856 6
2303 3802 2611 3876 τιμώμενος
2637 3805 2732 3858 καὶ
2764 3806 2823 3859 οὑ
2853 3805 2946 3859 δύο
2965 3847 2980 3860 .
3009 3808 3082 3860 Οὑ
3107 3809 3216 3880 γὰρ
3241 3810 3334 3862 δύο
3360 3809 3629 3879 βασιλεῖς,

2039 3895 2068 3946 ὅ
2091 3913 2150 3948 τε
2178 3895 2394 3966 πρῶτος
2421 3897 2513 3950 καὶ
2535 3895 2762 3969 ἀληθὴς,
2796 3900 2891 3952 καὶ
2923 3901 2952 3952 ὁ
2981 3899 3072 3952 ἐπὶ
3092 3900 3193 3972 τῆς
3224 3903 3431 3967 εἰκόνος
3465 3922 3630 3957 τετυ-

2041 3987 2310 4057 πωμένος,
2336 3985 2414 4053 εἷς
2435 3989 2479 4043 δ’
2495 3992 2523 4043 6
2547 3992 2665 4044 κατ’
2689 3992 3035 4063 ἀμφοτέρων,
3055 3994 3114 4046 οὐ
3136 3993 3295 4064 μόνον
3317 3997 3436 4048 νοού
3446 4015 3634 4066 μενος,

2040 4079 2177 4134 ἀλλά
2196 4082 2289 4134 καὶ
2311 4082 2710 4153 ὀνομαζόμενος
2730 4084 2824 4136 καὶ
2843 4084 3194 4155 τιμώμενος),
3216 4085 3357 4138 οὕτω
3376 4086 3512 4157 δῆτα
3536 4087 3640 4142 καὶ

2039 4174 2068 4226 6
2091 4173 2383 4246 μονογενὴς
2399 4173 2548 4239 Υἱὸς,
2577 4174 2741 4230 εἰκὼν
2764 4173 2840 4229 ὢν
2875 4176 3033 4246 μόνος
3056 4175 3150 4230 τοῦ
3174 4176 3309 4230 Θεοῦ
3338 4177 3433 4231 τοῦ
3462 4181 3642 4251 ἀορά-

2011 4281 2154 4333 seu,
2192 4265 2415 4331 εἰκότως
2447 4267 2537 4321 διά
2576 4268 2700 4333 τὸν,
2737 4258 2798 4320 οὗ
2849 4268 3006 4338 φέρει
3052 4270 3343 4339 ὁμοίωσιν,
3375 4273 3542 4326 εἰκών
3567 4292 3638 4328 τε

2041 4357 2406 4428 ἀνηγόρευται
2441 4359 2536 4412 τοῦ
2564 4360 2797 4430 ἀοράτου
2827 4359 2986 4424 Θεοῦ,
3033 4361 3356 4416 θεοποιεῖταί
3395 4381 3457 4416 τε
3495 4366 3640 4436 πρὸς

355 4465 465 4519 que
513 4447 706 4516 Filius,
759 4467 886 4506 cum
941 4453 1092 4507 solus
1135 4453 1209 4506 sit
1251 4453 1428 4526 imago
1477 4455 1573 4510 Dei
1620 4457 1935 4526 invisibilis,

2044 4447 2206 4500 αὑτοῦ
2233 4448 2326 4500 τοῦ
2355 4449 2598 4520 Πατρός·
2628 4449 2770 4503 οὑτω
2808 4450 3068 4519 πεφυκὼς
3095 4452 3194 4521 τὴν
3226 4452 3433 4515 οὐσίαν,
3471 4456 3642 4508 αὑτό-

354 4543 520 4612 227
547 4543 742 4596 merito
773 4552 994 4613 propter
1026 4559 1150 4597 eum
1176 4584 1190 4608 ,
1238 4546 1398 4613 cujus
1452 4545 1558 4601 fert
1619 4549 1939 4604 similitudi-

355 4647 518 4695 nem,
562 4639 619 4685 et
669 4632 850 4702 imago
891 4634 1195 4703 appellatur
1239 4636 1332 4691 Dei
1385 4637 1715 4704 invisibilis,
1768 4649 1822 4695 et
1870 4641 1938 4695 ab

357 4724 480 4792 ipso
543 4722 705 4779 Patre
753 4723 984 4779 cﬂicitur
1016 4743 1030 4779 :
1067 4729 1266 4798 quippe
1326 4731 1420 4799 qui
1467 4731 1563 4784 tali
1612 4733 1811 4787 existat
1885 4741 1939 4787 et

355 4820 555 4866 natura
589 4822 643 4867 et
670 4815 931 4877 essentia,
956 4801 1190 4885 indeque
1220 4833 1284 4872 ex
1310 4835 1417 4888 quo
1443 4821 1676 4888 primum
1703 4823 1932 4887 exstitit,

355 4917 468 4958 non
524 4902 939 4971 acquisititiam,
1001 4903 1095 4958 sed
1146 4905 1450 4959 naturalem
1509 4905 1684 4962 Patris
1734 4908 1932 4978 imagi-

356 5011 482 5050 nem
521 4996 742 5050 referat.
797 4994 977 5061 Quare
1033 4995 1176 5052 idem
1223 5006 1420 5052 natura
1477 4998 1641 5060 Deus,
1696 5008 1750 5054 et
1791 5001 1935 5054 idem

355 5086 670 5156 unigenitus
715 5085 887 5142 Filius
913 5083 1148 5152 exsistit,
1194 5102 1304 5140 non
1360 5095 1539 5142 autem
1604 5096 1662 5142 ut
1695 5089 1804 5153 illi,
1841 5092 1936 5160 qui

351 5179 701 5234 extrinsecus
733 5185 1110 5242 assumuntur,
1151 5177 1460 5247 adoptatus,
1491 5179 1694 5250 quique
1733 5180 1938 5235 adven-

352 5269 535 5324 titium
571 5269 767 5323 divinae
799 5269 1181 5340 appellationis
1234 5270 1496 5326 honorem
1531 5272 1830 5341 possident.
1865 5272 1937 5326 At

350 5363 501 5417 enim
529 5361 630 5416 etsi
664 5369 857 5416 natura
889 5362 1203 5433 unigenitus
1234 5360 1426 5429 Filius,
1469 5361 1720 5433 Deusque
1749 5372 1938 5418 noster

352 5455 686 5519 celebratur,
709 5473 816 5510 non
846 5463 1026 5510 tamen
1067 5471 1097 5508 a
1129 5455 1310 5524 seipso
1349 5456 1527 5518 Deus,
1571 5456 1667 5510 sed
1707 5471 1774 5509 ex
1828 5455 1937 5509 Dco

351 5542 519 5603 Patre
551 5546 863 5616 unigenitus
895 5545 1089 5610 Filius,
1121 5553 1174 5599 ct
1201 5545 1405 5600 idcirco
1439 5545 1600 5601 Deus.
1629 5545 1936 5616 Totumun

416 5720 465 5754 ”
490 5719 703 5777 Ctrloss.
743 5737 776 5778 ι,
816 5721 896 5771 19.

2043 4539 2134 4593 θεν
2176 4557 2234 4592 τε
2283 4541 2391 4593 ἀπὸ
2444 4539 2669 4612 πρώτης
2707 4541 2998 4614 ὑπάρξεως
3050 4544 3318 4614 φυσικὴν,
3359 4545 3478 4598 ἀλλ’
3529 4547 3640 4601 οὐκ

2043 4629 2332 4700 ἐπίκτητον
2367 4628 2465 4700 τὴν
2509 4630 2692 4684 εἰκόνα
2737 4630 2832 4684 τοῦ
2879 4632 3091 4703 Πατρὸς
3132 4634 3495 4702 ἐπαγόμενος.
3538 4639 3641 4691 Διὸ

2041 4721 2135 4774 καὶ
2169 4721 2328 4788 φύσει
2377 4721 2509 4784 Θεὸς
2557 4721 2694 4792 ὁμοῦ
2748 4721 2840 4775 καὶ
2877 4722 3169 4794 μονογενὴς
3212 4724 3338 4786 Υἱὸς
3380 4725 3457 4778 ὢν
3500 4743 3642 4796 τυγ-

2041 4813 2212 4882 χάνει,
2251 4813 2371 4882 οὑχὶ
2420 4812 2476 4864 δὲ
2529 4813 2729 4884 ὁμοίιος
2777 4816 2888 4876 τοῖς
2945 4811 3141 4876 ἔξωθεν
3170 4815 3636 4886 εἰσποιουμένοις,

2040 4905 2479 4976 ὲπισυμϐεόηκός
2513 4924 2571 4959 τε
2620 4907 2681 4958 τὸ
2723 4906 2938 4977 ἀξίωμα
2986 4906 3089 4975 τῆς
3136 4907 3228 4959 τοῦ
3262 4908 3399 4961 Θεοῦ
3459 4928 3635 4982 προσ.

2038 4997 2268 5068 ηγορίας
2289 4997 2560 5069 ἐπέχουσι.
2592 4999 2736 5070 Πλὴν
2765 5001 2812 5051 εἰ
2847 5001 2940 5053 καὶ
2970 5000 3129 5069 φύσει
3162 5003 3459 5073 μονογενὴς
3497 5004 3634 5068 Υἱὸς

2040 5093 2136 5144 καὶ
2179 5091 2308 5154 Θεὸς
2353 5091 2511 5163 ἡμῶν
2559 5093 2985 5163 ἀνευφημεῖται,
3026 5092 3161 5146 ἀλλά
3195 5094 3357 5162 οὑχίὸ
3410 5096 3633 5166 πρῶτος

2039 5179 2191 5244 Θεὸς,
2221 5182 2435 5252 πρῶτος
2473 5183 2530 5236 δὲ
2559 5180 2653 5234 τοῦ
2691 5181 2825 5234 Θεοῦ
2879 5183 3174 5253 μονογενὴς
3219 5183 3366 5247 Υἱὸς,
3399 5185 3496 5238 καὶ
3542 5186 3634 5239 διὰ

2040 5275 2198 5325 τοῦτο
2228 5274 2374 5336 Θεός.
2413 5275 2522 5327 Καὶ
2549 5274 2666 5329 ὅλον
2696 5292 2759 5344 γε
2795 5274 2954 5327 τοῦτο
2976 5276 3145 5328 αἴτιον
3175 5273 3240 5328 ἂν
3270 5275 3357 5346 εἴη
3394 5277 3492 5330 τοῦ
3536 5280 3632 5332 καὶ

2041 5365 2200 5416 αὐτὸν
2259 5362 2398 5417 εἶναι
2443 5365 2609 5429 Θεὸν,
2663 5365 2725 5418 τὸ
2767 5368 2926 5438 μόνον
2970 5364 3106 5421 εἶναι
3161 5369 3318 5438 φύσει
3353 5370 3449 5422 τοῦ
3489 5369 3630 5425 Θεοῦ

2041 5455 2196 5516 Υἰὸν,
2232 5456 2326 5509 καὶ
2380 5458 2641 5527 μονογενῆ
2683 5457 3084 5530 χρηματίζειν,
3137 5462 3231 5514 καὶ
3275 5462 3336 5514 τὸ
3388 5462 3460 5514 δι’
3505 5465 3632 5520 ὄλιυ

2043 5546 2235 5611 σώζειν
2261 5547 2353 5600 τοῦ
2380 5549 2539 5620 μόνου
2563 5550 2697 5603 Θεοῦ
2721 5551 2822 5622 τὴν
2851 5551 3091 5623 ἔμψυχον
3111 5553 3202 5606 καὶ
3225 5554 3410 5619 ζῶσαν
3436 5557 3636 5627 νοερὰν
