3846 6218
240 278 357 332 575

1167 257 1822 322 DEMONSTRATIONIS
1860 247 2316 312 EVANGELICAE
2358 246 2483 300 LIB.
2533 242 2597 298 ν.

3393 231 3497 284 574

238 392 456 455 εἰκόνα,
488 389 628 444 κατά
663 387 837 440 πάντα
869 383 945 456 τῷ
973 384 1148 454 Πατρὶ
1186 376 1658 453 παρωμοιωμένην
1677 414 1692 439 ,
1734 372 1829 427 καὶ

1942 368 2035 422 hoc
2063 377 2194 421 sane
2231 374 2399 416 causa
2441 357 2586 419 erit,
2639 366 2737 408 cur
2781 350 2896 420 ipse
2925 360 3140 420 quoque
3184 342 3256 399 sit
3310 341 3454 397 Deus
3478 381 3494 406 ,

236 481 347 551 τῆς
385 481 636 552 θεότητός
680 496 738 532 τε
773 478 940 547 αὐτῆς
983 475 1080 546 τὴν
1116 473 1372 545 ὁμοίωσιν
1405 465 1824 539 ἐπιφερομένην.

235 571 438 646 Ταύτῃ
461 569 749 641 τοιγαροῦν
780 569 874 622 καὶ
899 567 1079 629 αὐτὸν,
1107 563 1252 617 ὼσάν
1282 562 1441 634 μόνον
1467 559 1594 612 Υἰὸν
1622 555 1716 610 καί
1736 555 1830 626 μό-

250 684 343 718 νον
383 665 567 718 εἰκόνα
614 661 742 715 ὄντα
795 659 888 713 τοῦ
937 656 1107 722 Θεοῦ,
1141 653 1365 724 καὶτῆς
1392 651 1687 721 ἀγεννήτου
1737 645 1830 700 καί⁹

249 758 495 827 ἀνάρχου
542 752 637 806 τοῦ
668 751 883 822 Πατρὸς
920 749 1109 812 οὐσίας
1148 745 1248 810 τὰς
1299 744 1555 814 δυνάμεις
1587 739 1727 794 κατά
1770 737 1831 790 τὸ

252 847 607 917 παράδειγμα
636 843 735 913 τῆς
765 839 1078 912 ὁμοιώσεως
1108 833 1591 908 περιϐεϐλημένον,
1630 831 1735 884 ὑπό
1771 847 1831 882 τε

247 937 347 990 τοῦ
381 937 599 991 πάντων
641 931 1034 1002 τεχνικωτάτου
1081 930 1174 982 καὶ
1213 927 1684 996 πανεπιστήμονος
1724 923 1832 987 ζω-

251 1028 470 1099 γράφου
498 1043 559 1078 τε
605 1023 700 1077 καὶ
731 1021 995 1088 ζωοποιοῦ
1023 1020 1239 1092 Πατρὸς
1271 1020 1350 1083 εἰς
1391 1017 1452 1071 τὸ
1497 1016 1576 1069 ἐτι
1609 1014 1834 1085 ἀκριϐὲς

245 1121 354 1190 ⁴εῆς
388 1117 701 1190 ὁμοιώσεως
723 1113 1179 1188 ἀπειργασμένον,
1210 1112 1342 1166 Θεὸν
1374 1111 1599 1174 εἰκότως
1620 1110 1669 1161 οἱ
1700 1107 1834 1162 θεῖοι

245 1209 646 1282 ἀναγορεύουσι
683 1209 853 1277 λόγοι,
880 1207 957 1271 ὡς
997 1207 1092 1260 καὶ
1121 1203 1325 1274 ταύτης
1357 1202 1496 1274 μετά
1525 1200 1634 1256 τῶν
1661 1199 1835 1255 ἄλλων

248 1304 407 1376 παρά
437 1301 532 1356 τοῦ
566 1301 782 1372 Πατρὸς
813 1297 1115 1370 ἠξιωμένον
1149 1295 1542 1368 προσηγορίας,
1577 1292 1836 1365 εἰληφότα

244 1412 332 1460 τε,
361 1395 476 1449 ἀλλ’
498 1395 600 1448 οὐκ
628 1394 924 1463 ἰδιόκτητον
967 1389 1135 1462 αὐτὴν
1166 1387 1457 1460 ἐσχηκότα.
1496 1387 1554 1439 '0
1594 1385 1692 1456 μὲν
1726 1384 1836 1457 γὰρ

245 1487 486 1549 δίδωσιν,
517 1488 547 1539 ὁ
575 1485 631 1539 δὲ
660 1483 957 1556 λαμϐάνει·
985 1480 1126 1535 ὥστε
1157 1479 1361 1552 κυρίως
1393 1477 1486 1532 καὶ
1507 1476 1603 1530 ἕνα
1629 1478 1836 1530 ἐκεῖνον

246 1579 394 1642 εἶναι
421 1580 577 1647 Θεὸν,
629 1579 723 1632 καὶ
757 1577 916 1648 μόνον
951 1574 1048 1646 μὲν
1077 1573 1171 1627 καὶ
1213 1570 1373 1642 φύσει
1418 1569 1581 1634 ὄντα,
1624 1568 1718 1622 καὶ
1760 1567 1836 1638 μὴ

249 1673 388 1743 παρ’
422 1670 611 1742 ἐτέρου
645 1667 914 1723 λαϐόντα’
955 1664 1045 1718 τὸν
1077 1663 1135 1716 δέ
1165 1663 1274 1716 τῶν
1311 1658 1629 1732 δευτερείων
1671 1657 1835 1728 ἠξιῶ-

247 1761 406 1825 σθαι,
439 1761 534 1814 καί
572 1758 634 1812 τὸ
682 1757 814 1811 Θεὸν
857 1749 996 1808 εἶναι
1023 1751 1257 1806 λαϐόντα
1301 1749 1452 1821 παρά
1491 1747 1585 1802 τοῦ
1622 1747 1836 1819 Πατρὸς

241 1852 422 1924 ἒχειν,
460 1850 610 1905 ὼσάν
651 1849 838 1903 εἰκόνα
865 1846 960 1900 τοῦ
986 1844 1146 1911 Θεοῦ,
1183 1845 1312 1916 μιᾶς
1338 1843 1426 1896 ἐπ’
1462 1841 1666 1913 ἀμφοῖν
1692 1838 1835 1893 κατὰ

246 1943 316 1998 τὸ
359 1942 712 2014 παράδειγμα
743 1939 843 2011 τῆς
877 1937 1128 2007 θεότητος
1160 1931 1578 2004 ἐπινοουμένης,
1613 1929 1731 1994 ἑνός
1774 1946 1836 1982 τε

247 2034 406 2098 ὄντος
441 2033 576 2087 Θεοῦ
603 2032 696 2086 τοῦ
739 2030 862 2085 καθ’
891 2027 1082 2083 ἐαυτὸν
1112 2025 1364 2096 ἀνάρχως
1390 2023 1487 2077 καὶ
1527 2023 1837 2093 ἀγεννήτως

247 2124 428 2189 ὕντος,
451 2125 538 2178 διὰ
559 2125 615 2178 δέ
632 2122 727 2177 τοῦ
753 2119 906 2187 Υἱοῦ,
939 2118 1089 2173 ὼσάν
1112 2118 1180 2172 δι’
1197 2117 1461 2188 ἐσόπτρου
1490 2115 1584 2169 καὶ
1607 2114 1833 2178 εἰκόνος,

251 2215 750 2289 ἐπιθεωρουμένου.
786 2211 958 2268 Τοῦτό
979 2229 1061 2266 τοι
1095 2209 1192 2264 καὶ
1221 2208 1282 2262 τὸ
1309 2205 1677 2278 πνευματικὸν
1707 2223 1835 2258 παι-

248 2309 402 2364 δεύει
447 2311 650 2379 λόγιον,
685 2309 785 2362 οὐκ
823 2307 998 2370 ἄλλως
1025 2305 1232 2376 φάσκον
1265 2302 1396 2357 Θεὸν
1425 2297 1563 2355 εἶναι
1601 2317 1836 2372 προσκυ-

248 2402 416 2472 νητὸν
436 2403 528 2455 τὸν
553 2399 900 2472 δηλούμενον,
931 2397 1046 2453 ἀλλ’
1075 2397 1111 2469 ἢ
1136 2395 1225 2450 διὰ
1244 2393 1334 2449 τὸν
1357 2390 1668 2448 ἐνοικοῦντα
1690 2389 1838 2462 αύτῷ

250 2495 501 2567 Πατέραο
531 2513 549 2546 ι
579 2495 667 2548 Ἐν
707 2494 792 2548 σοὶ
833 2511 851 2545 ι
889 2491 1021 2563 γὰρ,
1058 2489 1215 2561 φησί,
1250 2506 1271 2540 ι
1307 2485 1724 2558 προσεύξονται·
1753 2484 1835 2538 ὅτι

247 2589 312 2651 ἐν
355 2590 438 2641 σοὶ
462 2591 491 2642 ὁ
523 2588 656 2651 Θεός
695 2587 833 2640 ἐστι.
865 2605 884 2638 ι
903 2585 1018 2638 Καὶ
1052 2582 1118 2638 σὺ
1141 2581 1200 2637 δέ
1225 2579 1406 2644 αὐτὸς,
1437 2577 1570 2643 Θεὸς
1601 2577 1697 2643 ὢν,
1724 2575 1836 2629 Σω-

247 2679 360 2751 τὴρ
391 2679 485 2733 τοῦ
539 2677 756 2750 Ἰσραὴλ
799 2676 1122 2747 τυγχάνεις·
1159 2674 1255 2728 καὶ
1295 2672 1384 2727 διὰ
1414 2670 1573 2725 τοῦτο
1621 2667 1839 2739 ἰσχυρὸς

251 2773 352 2831 καὶ
387 2774 654 2844 κρυφαῖος
684 2769 821 2834 Θεὸς
862 2764 930 2822 εἶ’
961 2787 979 2820 ι
1008 2767 1132 2827 ἐπεὶ
1167 2768 1225 2820 ἐν
1255 2764 1339 2820 σοι
1365 2764 1394 2817 ὁ
1423 2762 1578 2826 Θεὸς,
1615 2761 1708 2814 καὶ
1739 2761 1840 2814 οὐκ

252 2864 405 2920 ἐστιν
443 2863 525 2916 ἐτι
557 2862 698 2934 πλὴν
744 2859 933 2915 αὐτοῦ.
973 2879 1000 2912 ι.
1039 2859 1185 2912 ’Δντὶ
1212 2857 1270 2910 δέ
1311 2855 1442 2924 τοῦ,
1487 2873 1504 2906 ι
1548 2851 1839 2906 ἐκοπίασεν

252 2956 571 3023 Αἴγυπτος,
612 2973 630 3005 ι
674 2952 737 3005 τὸ
785 2949 1105 3023 Ἑϐραῖκὸν,
1164 2948 1258 3009 καὶ
1307 2947 1357 3000 οἰ
1403 2944 1583 2999 λοιποὶ
1639 2943 1840 3005 πάντες

255 3047 617 3118 ἐρμηνευταί,
663 3063 682 3096 ι
708 3043 878 3106 κόπος
910 3041 1207 3110 Αἰγύπτου,
1231 3058 1252 3092 ›
1285 3036 1646 3100 ἐκδεδώκασιν
1665 3075 1680 3100 ,
1708 3034 1774 3087 ἵν’
1869 3080 1915 3144 C

250 3139 320 3196 τὸ
351 3139 646 3210 λεγόμενον
684 3135 952 3190 τοιοῦτον·
987 3153 1003 3186 ι
1024 3134 1114 3187 Σοὶ
1148 3131 1610 3205 προσκυνήσουσι,
1641 3127 1734 3181 καὶ
1758 3127 1841 3179 σοὶ

251 3233 475 3286 ἐσονται
506 3229 720 3293 δοῦλοι,
758 3231 787 3283 ὁ
817 3229 984 3292 κόπος
1028 3226 1304 3296 Αἰγύπτου
1324 3263 1340 3289 ,
1371 3224 1466 3277 καί⁵
1512 3224 1558 3294 ἡκ
1605 3219 1844 3292 ἐμπορία

253 3324 555 3389 Αἰθιόπων,
585 3321 682 3375 καὶ
706 3323 755 3374 οἰ
791 3319 1068 3390 Σεϐωείμ·
1101 3337 1119 3370 ι
1153 3316 1221 3371 δι’
1241 3307 1316 3373 ὧν
1347 3314 1633 3390 βάρϐαρα,
1667 3307 1841 3382 οἶμαι,

255 3415 356 3468 καί¹
388 3413 580 3484 ἄσημά
612 3429 735 3465 τινα
759 3410 886 3482 ἐθνη
911 3389 1236 3482 δηλοῦσθαι,
1263 3406 1358 3460 καὶ
1398 3389 1575 3460 πάντα
1606 3404 1707 3456 ὅσα
1741 3401 1842 3478 ’ήδη

255 3505 432 3561 πάλαι
477 3474 744 3576 πρότερον
787 3474 1196 3574 τῇίδαιμονικῇ
1237 3494 1546 3568 τετρύχωτο
1592 3474 1846 3546 δεισιδαι-

254 3597 446 3672 μονίᾳ,
490 3594 710 3666 Ἐπειδὴ
747 3593 858 3665 γάρ
897 3591 1186 3662 Αἰγύπτιοι
1229 3588 1446 3646 ἐδόκουν
1489 3586 1706 3640 πάντων
1736 3581 1846 3635 τῶν

252 3689 432 3742 ἐθνῶν
461 3685 1010 3757 δεισιδαιμονέστατοι
1041 3681 1328 3752 τυγχάνειν
1349 3719 1364 3744 ,
1394 3675 1600 3749 πρῶτοί
1623 3692 1681 3727 τε
1711 3689 1844 3727 κατ-

251 3780 427 3852 άρξαι
480 3782 582 3850 τῆς
626 3776 1018 3845 είδωλολάτρου
1049 3772 1279 3845 πλάνης,
1327 3770 1551 3832 εἰκότως
1597 3765 1846 3836 πρώτους

253 3873 463 3936 αὐτοὺς
510 3869 726 3942 τίθησιν
777 3864 1290 3938 ύποταγησομένους
1333 3860 1412 3932 τῷ
1460 3857 1709 3932 Χριστῷ·
1751 3857 1847 3910 καὶ

253 3967 326 4020 δι’
361 3961 546 4017 αὐτῶν
594 3961 691 4014 καὶ
742 3959 811 4014 τὰ
865 3959 995 4030 περί
1044 3956 1153 4011 τῶν
1195 3952 1398 4008 λοιπῶν
1445 3948 1846 4020 εἰδωλολατρῶν

256 4051 476 4124 φανερά
507 4049 832 4105 καθιστᾶσα.
863 4048 975 4102 Καὶ
1004 4045 1181 4100 ταῦτα
1227 4042 1583 4113 πεπλήρωται
1625 4040 1720 4093 ἐπὶ
1750 4038 1843 4093 τοῦ

257 4145 517 4216 Σωτῆρος
547 4143 642 4196 καὶ
663 4141 871 4212 Κυρίου
893 4139 1072 4210 ἡμῶν,
1093 4135 1171 4208 τῷ
1195 4137 1253 4190 ἐν
1283 4136 1447 4188 πᾶσιν
1470 4131 1648 4185 ἔθνεσι
1680 4147 1848 4203 προσ-

257 4234 546 4289 κυνεῖσθαι
576 4234 672 4286 καὶ
708 4229 979 4284 δουλεύειν
1009 4225 1158 4298 αὺτῷ
1196 4225 1365 4298 μυρία
1391 4222 1569 4294 πλήθη
1594 4220 1704 4274 τῶν
1743 4218 1846 4273 ἀνά

260 4325 362 4397 τὴν
395 4325 723 4395 οἰκουμένην
773 4319 967 4375 ἐθνῶν.
1021 4317 1284 4380 Αἰθίοπας
1332 4314 1389 4366 δὲ
1428 4313 1522 4367 καὶ
1565 4311 1845 4381 Σεϐωείμ,

1927 456 2076 529 quod
2099 455 2250 512 solus
2281 453 2352 508 sit
2378 457 2574 505 natura
2599 445 2695 500 Dei
2725 442 2928 505 Filius,
2961 446 3017 493 et
3055 435 3370 507 unigenitus
3404 447 3500 502 ap—

1929 524 2179 620 pelletur,
2210 555 2265 600 et
2293 543 2439 614 quod
2465 535 3162 620 usquequaquerconservet
3192 527 3314 596 ejus
3333 565 3348 588 ,
3404 524 3501 594 qui

1932 613 2082 694 solus
2111 641 2196 691 est
2217 613 2383 697 Deus,
2419 628 2710 684 animatam
2736 629 2792 677 et
2825 619 3005 674 vivam
3031 623 3084 671 et
3108 613 3500 683 intelligentem
3610 639 3612 642 ν

1931 727 2243 799 imaginem,
2267 729 2322 778 et
2343 722 2398 775 in
2424 717 2678 773 omnibus
2701 711 2807 782 ipsi
2829 706 2980 762 Patri
3013 703 3370 760 assimilatam
3391 738 3406 764 ,
3447 705 3508 753 et~

1932 794 2204 889 eam-quae
2233 814 2328 871 Dei
2375 812 2550 883 ipsius
2595 801 2917 864 substantiae
2947 794 3361 855 similitudinem
3390 803 3505 861 prae

1935 929 1994 971 se
2024 911 2181 968 ferat.
2202 907 2316 962 Hac
2336 920 2463 975 ergo
2492 902 2559 958 de
2584 912 2750 954 causa
2776 895 2955 966 ipsum
2984 892 3506 962 quoque,~tanquam

1933 1021 2059 1063 eum
2088 1003 2182 1075 qui
2214 1000 2364 1059 solus
2396 995 2588 1058 Filius,
2621 1002 2675 1047 et
2699 989 2851 1046 solus
2880 984 2977 1040 Dei
3007 982 3188 1051 imago
3211 977 3306 1042 sit,
3335 979 3392 1029 et
3416 975 3504 1028 in-

1935 1067 2199 1169 geniti-ac
2229 1087 2498 1163 principio
2526 1082 2766 1139 carentis
2793 1078 2974 1133 Patris
3010 1070 3265 1130 essentia;
3284 1107 3303 1134 ,
3329 1067 3507 1122 virtu-

1934 1162 2018 1247 tes
2044 1162 2342 1245 secundum
2372 1180 2680 1249 exemplum
2711 1166 3128 1230 assimilationis
3159 1162 3421 1225 indutus,
3453 1163 3510 1212 et

1937 1284 2006 1339 ab
2057 1279 2339 1343 hominum
2383 1266 2842 1329 artiﬁciosissimo
2875 1269 2932 1318 et
2976 1254 3346 1316 scientissimo
3384 1249 3531 1343 vita?

1937 1338 2283 1446 designatore
2323 1375 2378 1425 et
2406 1371 2628 1421 auctore
2658 1358 2851 1422 Patre,
2907 1350 2976 1407 ad
3023 1343 3289 1404 amussim
3334 1346 3390 1395 et
3441 1336 3512 1392 ad

1937 1443 2142 1523 certam
2189 1458 2629 1532 exquisitamque
2682 1443 3136 1505 assimilationem
3190 1448 3512 1507 expressus,

1937 1559 2107 1616 Deum
2130 1555 2326 1612 merito
2355 1549 2541 1607 divina
2561 1543 2833 1617 appellant
2858 1534 3079 1593 oracula
3101 1570 3119 1598 ,
3156 1536 3219 1597 ut
3247 1541 3357 1583 una
3387 1538 3515 1580 cum

1939 1649 2152 1708 caeteris
2181 1647 2250 1704 ad
2273 1645 2415 1700 hanc
2451 1653 2668 1714 quoque
2697 1625 3078 1705 appellationis
3110 1620 3454 1695 dignitatem,
3482 1629 3516 1668 a

1865 1736 1909 1792 Β
1938 1745 2099 1801 Patre
2126 1735 2417 1814 provectus
2458 1735 2550 1799 sit,
2571 1741 2803 1798 eamque
2841 1717 3154 1790 acceperit,
3194 1727 3305 1769 non
3335 1718 3516 1814 autem

2031 1799 2256 1908 proprio
2285 1831 2412 1902 jure
2441 1819 2827 1898 possidendam
2855 1809 3129 1870 habuerit.
3154 1805 3404 1908 Namque
3425 1799 3518 1854 ille

1935 1896 2155 2000 quidem
2188 1896 2303 1990 dat,
2331 1919 2424 1975 hic
2442 1896 2578 1975 vero
2609 1909 2840 1980 accipit;
2872 1896 3348 2000 itaque'su'ojure
3369 1905 3519 1947 unus

1937 1985 2030 2072 ille
2049 2020 2135 2071 est
2154 1985 2319 2074 Deus,
2337 2007 2432 2079 qui
2461 2019 2572 2060 non
2602 2001 2670 2056 ab
2694 1998 2864 2052 altero
2894 1989 3128 2079 accepit.
3151 1985 3252 2041 Hic
3281 1989 3532 2038 autemla.

1937 2101 2100 2157 Patre
2113 2098 2277 2154 habet
2299 2075 2371 2150 ut
2380 2092 2525 2148 Deus
2545 2089 2638 2154 sit,
2655 2094 2918 2154 tanquam
2941 2079 3038 2135 Dei
3061 2077 3243 2144 imago
3268 2093 3281 2128 :
3308 2075 3518 2141 utpote,

1939 2209 2063 2251 cum
2089 2207 2199 2246 una
2225 2191 2282 2245 in
2314 2183 2602 2246 ambobus,
2631 2179 2787 2250 juxta
2802 2164 3131 2242 exemplum,
3158 2161 3522 2221 divinitusin-
3601 2198 3604 2201 .

1937 2285 2237 2356 telligatur,
2255 2287 2308 2335 et
2321 2291 2467 2332 unus
2483 2275 2555 2330 sit
2565 2271 2733 2334 Deus,
2747 2266 2839 2338 qui
2855 2278 2953 2337 per
2970 2262 3210 2332 seipsum
3231 2256 3350 2313 sine
3363 2253 3520 2324 prin-

1938 2351 2176 2448 cipio,et
2210 2372 2330 2430 sine
2355 2365 2702 2442 generatione
2719 2360 2920 2418 existat
2945 2376 2960 2412 :
2991 2351 3297 2427 perFilium
3312 2354 3518 2409 autem,

1937 2437 2196 2540 tanquam
2209 2480 2306 2537 per
2314 2437 2594 2534 speculum
2606 2465 2660 2512 et
2675 2452 2988 2524 imaginem,
3001 2437 3523 2502 consideretur.Hoc

1940 2529 2306 2627 esu-scilicet,
2340 2529 2488 2625 quod
2515 2544 2802 2620 spirituale
2830 2542 2990 2598 docet
3027 2535 3342 2600 oraculum,
3373 2529 3520 2601 quod

1940 2668 2052 2708 non
2081 2650 2214 2704 alias
2237 2645 2369 2702 dicit
2394 2657 2542 2707 eum,
2572 2639 2641 2695 dc
2669 2651 2780 2707 quo
2807 2646 2988 2690 sermo
3021 2637 3142 2692 est,
3194 2625 3368 2680 Deum
3395 2636 3521 2677 esse

1942 2742 2319 2804 adorandum,
2359 2742 2581 2808 propter
2606 2729 3004 2786 inhabitantem
3032 2722 3088 2776 in
3121 2720 3242 2791 ipso
3273 2715 3514 2770 Patrem.

1948 2855 1968 2888 ‹
1991 2837 2050 2891 ln
2077 2841 2131 2890 te
2156 2851 2175 2885 ι
2195 2804 2617 2896 ειιίωίίηηυὶιμ
2641 2819 2914 2877 orabunt:
2938 2812 3197 2885 quoniam
3213 2809 3270 2863 in
3289 2814 3344 2862 te
3377 2804 3522 2858 Deus

1942 2935 2045 2985 est.
2088 2943 2108 2978 ι
2145 2921 2252 2980 Sed
2282 2932 2343 2975 tu
2373 2930 2593 2990 quoque
2621 2913 2741 2985 ipse
2769 2924 2897 2966 cum
2925 2905 3073 2961 Deus
3099 2902 3176 2959 sis
3197 2941 3214 2968 ,
3270 2897 3522 2953 Salvator

1943 3017 2111 3076 Israel
2137 2986 2404 3072 exsistis;
2432 3005 2675 3064 Proinde
2709 3001 2869 3059 fortis
2906 3006 2962 3056 et
2992 2991 3348 3052 absconditus
3375 2986 3522 3043 Deus

1945 3127 2005 3167 es
2032 3128 2046 3166 :
2084 3127 2104 3160 ι
2141 3105 2402 3178 quoniam
2439 3100 2498 3156 in
2523 3105 2580 3154 te
2604 3094 2770 3161 Deus,
2795 3101 2849 3149 et
2877 3105 2989 3146 non
3012 3095 3096 3143 est
3117 3080 3353 3153 amplius
3384 3091 3526 3148 pra:-

1944 3211 2028 3258 ter
2062 3170 2262 3271 ipsum.
2303 3214 2321 3248 ›
2355 3193 2521 3265 228
2547 3190 2656 3246 Pro
2684 3204 2750 3246 eo
2777 3198 2908 3243 vero
2933 3179 3081 3254 quod
3105 3183 3212 3239 est,
3247 3191 3267 3225 ι
3305 3170 3528 3226 labora-

1945 3293 2023 3348 vit
2054 3265 2344 3362 A-Egyptus,
2386 3305 2404 3337 )
2445 3281 2770 3338 Hebraicum
2805 3273 2994 3339 habet,
3029 3279 3084 3325 et
3111 3265 3311 3337 reliqui
3331 3274 3526 3362 omnes

1948 3350 2274 3453 interpretes
2300 3350 2697 3436 reddiderunt,
2749 3387 2768 3420 ι
2806 3366 2964 3422 labor
2987 3359 3205 3433 Egypti
3228 3396 3246 3425 ,
3300 3375 3328 3453 ι.
3373 3361 3434 3407 ut
3471 3350 3528 3405 id

1947 3449 2110 3550 quod
2123 3474 2323 3530 dicitur
2353 3469 2460 3526 tale
2488 3467 2560 3524 sit
2588 3484 2601 3520 :
2639 3482 2659 3516 ι
2699 3461 2778 3516 Te
2801 3457 3128 3520 adorabunt,
3166 3459 3222 3508 et
3255 3449 3334 3505 tui
3365 3452 3527 3504 erunt

1949 3543 2115 3633 servi,
2142 3567 2299 3621 labor
2331 3561 2548 3632 Egypti
2573 3596 2589 3624 ,
2636 3562 2691 3612 et
2729 3548 3029 3625 negotiatio
3068 3543 3422 3611 IEtbiopum,
3472 3543 3530 3590 et

1949 3660 2170 3718 Seboim
2200 3679 2213 3715 :
2254 3677 2273 3711 ι
2311 3655 2513 3727 quibus
2544 3648 2727 3706 verbis
2755 3645 3021 3702 barbaras
3071 3651 3173 3710 ego
3202 3633 3438 3690 arbitror
3471 3637 3530 3682 ct

1948 3757 2165 3826 ignotas
2227 3747 2495 3820 quasdam
2564 3742 2818 3798 nationes
2865 3729 3200 3807 signiﬁcari,
3245 3735 3300 3782 et
3337 3737 3528 3780 omnes

1948 3817 2308 3920 quaecumque
2329 3847 2488 3896 antea
2513 3833 2787 3908 quondam
2817 3825 3113 3885 daemonica
3136 3817 3526 3891 superstitione

1947 3909 2310 3996 vexabantur.
2339 3929 2478 3985 Nam
2505 3932 2794 3999 propterea
2816 3916 2962 3991 quod
2995 3911 3236 3986 [Egyptii
3267 3909 3370 3964 visi
3395 3913 3526 3962 sunt

1949 4030 2192 4088 omnium
2221 4024 2511 4082 nationum
2550 4007 3083 4087 superstitiosissimi
3130 4017 3284 4066 esse,
3328 3999 3524 4070 primi-

1949 4140 2056 4196 que
2078 4120 2277 4183 errori,
2303 4131 2411 4187 quo
2449 4111 2745 4170 simulacra
2767 4104 3111 4164 colerentur,
3158 4101 3346 4166 portas
3398 4105 3527 4160 ape-

1948 4183 2168 4271 ruisse:
2204 4183 2402 4266 merito
2447 4219 2543 4263 eos
2584 4203 2793 4273 primos
2823 4194 3096 4256 collocat,
3149 4187 3244 4257 qui
3304 4183 3530 4238 Christo

1952 4309 2062 4366 sint
2096 4300 2424 4374 subjiciendi
2452 4318 2465 4353 :
2510 4293 2706 4352 deinde
2736 4305 2833 4363 per
2864 4302 2960 4369 eos
2986 4324 3001 4350 ,
3033 4295 3157 4353 quae
3183 4278 3250 4332 ad
3284 4275 3532 4374 reliquos

271 4365 360 4397 ..ιν
396 4365 718 4395 ...ηυντ-..ην
773 4365 967 4375 --.πη
1021 4365 1282 4380 ----------,
1342 4365 1381 4366 η
1774 4365 1786 4381 ι
1830 4365 1837 4374 ,

260 4420 392 4482 τοὺς
431 4415 668 4471 ἐνταῦθα
697 4413 1094 4486 προσκυνήσειν
1123 4408 1202 4480 τῷ
1253 4404 1476 4479 Χριστῷ
1510 4420 1837 4475 προφητευσ-

1953 4398 2376 4456 simulacrorum
2409 4390 2648 4445 cultores
2680 4367 2986 4464 pertinent,
3029 4382 3091 4430 ut
3147 4376 3331 4441 aperta
3378 4365 3488 4420 sint
3513 4402 3531 4427 ,

2493 4480 2543 4486 --
2666 4477 2677 4486 ·
2760 4473 2849 4486 ι-ι
2926 4461 3530 4486 -ημ--“....ηι..,.ηη*

266 4509 486 4582 μένους,
517 4506 612 4560 καὶ
653 4505 741 4558 διά
767 4503 859 4556 τοῦ
900 4507 978 4555 οα¹
1012 4495 1229 4570 ψαλμοῦ
1260 4495 1500 4568 ἡγοῦμαι
1537 4491 1848 4566 δηλοῦσθαι,

260 4602 330 4655 δι’
353 4594 430 4655 ὧν
471 4600 712 4672 εἴρηται·
745 4616 764 4649 ι
805 4593 1065 4650 Ἐνώπιον
1096 4590 1262 4646 αὑτοῦ
1298 4584 1729 4661 προσπεσοῦνται
1760 4585 1853 4637 Αἰ-

264 4693 477 4759 θίοπες,
516 4691 613 4746 καὶ
639 4688 878 4760 βασιλεῖς
914 4684 1182 4758 Ἀράϐων,
1213 4682 1309 4736 καὶ
1331 4680 1479 4734 Σαϐὰ
1507 4678 1655 4749 δῶρα
1682 4693 1850 4747 προσ-

265 4785 487 4850 άξουσι·
525 4785 619 4838 καὶ
671 4779 1138 4855 προσκυνήσουσιν
1173 4774 1342 4845 αὐτῷ.
1384 4792 1404 4826 ι
1442 4771 1609 4844 Δῆλον
1650 4771 1714 4823 ἐκ
1751 4771 1848 4839 τῆς

267 4878 660 4950 συμφράσεως,
683 4877 766 4930 ὅτι
797 4873 879 4944 τῷ
906 4874 964 4925 ἐν
985 4870 1212 4934 ἐκείνοις
1235 4865 1696 4939 προφητευομένῳ
1717 4863 1850 4934 Χρι-

268 4969 383 5041 στῷ
416 4969 906 5040 προσκυνήσουσιν.

267 5061 570 5132 signiﬁcari
613 5068 767 5132 puto,
810 5059 902 5115 ubi
945 5059 1154 5115 dictum
1183 5063 1318 5113 est:
1366 5074 1386 5107 ‹
1424 5053 1622 5109 Coram
1670 5049 1764 5104 illo
1811 5045 2097 5120 procident
2134 5041 2321 5097 IEthio

267 5152 547 5208 adducent
576 5172 588 5206 :
624 5162 678 5208 et
707 5151 1013 5208 adorabunt
1041 5166 1166 5207 eum
1198 5149 1263 5202 ³⁸.
1302 5166 1322 5200 ι
1356 5145 1584 5201 Constat
1605 5157 1736 5198 vero
1774 5156 1846 5197 ex
1892 5139 2015 5211 ipso
2055 5141 2336 5201 contextu,

267 5245 325 5307 in
361 5245 472 5300 illis
511 5260 749 5316 quoque,
786 5253 845 5299 ut
873 5252 1140 5300 venturus
1171 5240 1388 5298 canitur
1415 5254 1448 5294 a
1473 5233 1773 5309 prophetis.

345 5532 389 5564 "
422 5530 836 5595 Psal.uxr,10

1956 4455 2140 4548 efﬁcit.
2173 4489 2242 4542 Et
2271 4486 2387 4539 haec
2415 4480 2635 4553 quidem
2666 4477 2722 4531 in
2760 4455 3042 4549 Salvatore
3072 4481 3138 4521 ac
3166 4461 3400 4517 Domino
3429 4470 3531 4510 no-

1960 4582 2473 4650 stroexspectatum
2495 4573 2704 4628 exitum
2737 4573 2897 4644 nacta
2930 4567 3078 4618 sunt.
3112 4556 3234 4612 Jam
3268 4551 3415 4607 enim
3443 4547 3532 4601 in~

1960 4648 2348 4732 numerabiles,
2379 4677 2479 4735 per
2510 4660 2696 4718 orbem
2737 4664 3035 4717 terrarum,
3072 4648 3360 4704 nationum
3399 4653 3535 4694 con~

1955 4778 2194 4832 ventus,
2221 4765 2276 4819 in
2307 4734 2562 4818 omnibus
2593 4753 2848 4828 gentibus
2879 4750 3032 4804 illum
3077 4743 3304 4799 adorant
3347 4734 3538 4832 illique

1957 4824 2222 4921 serviunt.
2254 4853 2544 4922 Ethiopas
2595 4824 2725 4901 vero
2768 4858 2833 4898 ac
2873 4839 3092 4896 Seboim
3123 4848 3218 4890 cos
3244 4871 3258 4896 ,
3307 4828 3402 4898 qui
3425 4824 3535 4922 _hic

1959 4947 2240 5008 adoraturi
2270 4944 2552 5000 Christum
2585 4942 2858 4994 canuntur
2879 4971 2893 4998 ,
2932 4945 3058 4985 Lxxr
3083 4937 3300 4996 quoque
3323 4915 3534 4989 psalmo

2325 5054 2449 5110 pes,
2502 5043 2557 5090 et
2590 5046 2746 5103 reges
2791 5026 3064 5087 Arabum,
3104 5027 3158 5076 et
3197 5014 3341 5071 Saba
3391 5008 3536 5064 dona

2367 5129 2648 5187 Christum
2689 5138 2812 5182 esse
2861 5119 3186 5176 adoraturos
3229 5121 3393 5169 cum,
3439 5099 3536 5172 qui
