3846 6218
280 162 383 219 575

893 273 1123 330 CAPUT
1169 274 1230 329 V.

279 391 324 451 Δ
367 394 572 460 psalmo
603 390 776 446 niui.
814 419 886 431 —
926 389 1080 456 Quod
1134 389 1226 444 Dei
1264 388 1488 460 Verbum
1542 402 1696 443 suam
1753 385 1852 438 Ita-

351 463 472 516 bens
505 468 788 517 essentiam
836 461 994 529 jussu
1023 460 1236 526 Patris,
1274 459 1444 529 David
1480 473 1620 529 mque
1653 462 1850 529 ac__nos

348 534 587 602 Opiﬁcem
629 524 869 602 universi
895 533 1073 602 novit;
1107 542 1156 584 et
1198 524 1335 600 quod
1386 524 1545 602 idem:
1581 526 1677 602 Dei
1727 524 1852 578 Ver-

349 597 507 666 bum,
551 603 686 657 idem
719 601 969 670 propheta
1003 601 1072 654 ad
1111 597 1380 654 hominum
1428 597 1684 670 medelam
1741 611 1853 649 esse

351 675 569 727 missum
595 690 628 726 a
653 669 813 726 Patre
842 673 1156 740 testiﬁcatur
1180 687 1199 733 ;
1227 679 1276 724 et
1304 669 1442 740 quod
1471 669 1608 721 brevi
1629 676 1854 740 tempore

356 744 652 798 universam
683 752 879 796 terram
909 736 1007 796 sua
1042 741 1282 794 doctrina
1316 736 1660 807 impleturum
1687 736 1849 789 canit.

362 1003 381 1035 ‹
421 981 602 1039 Verbo
657 981 871 1036 Domini
919 983 1042 1038 coeli
1089 981 1287 1036 ﬁrmati
1321 989 1490 1043 sunt,
1538 988 1595 1035 et
1658 979 1854 1050 spiritu

286 1079 401 1132 oris
428 1076 545 1144 ejus
577 1075 754 1130 omnis
786 1075 959 1130 virtus
989 1089 1197 1128 eorum.
1227 1092 1246 1125 ι
1282 1071 1338 1126 In
1373 1072 1582 1142 psalmo
1602 1087 1731 1126 vero
1767 1086 1856 1126 cvi

287 1170 370 1223 sic
424 1167 631 1221 dictum
664 1174 789 1220 est:
826 1182 845 1215 ι
885 1164 1029 1219 Misit
1060 1162 1298 1217 Verbum
1352 1178 1512 1218 suum
1540 1169 1595 1218 et
1646 1162 1858 1218 sanavit

286 1276 413 1323 eos,
458 1268 511 1314 et
544 1258 743 1327 eripuit
771 1271 866 1311 eos
917 1257 984 1312 de
1035 1256 1444 1312 interitionibus
1490 1271 1703 1313 eorum.
1737 1277 1756 1309 ι
1793 1255 1860 1310 Et

285 1365 484 1407 rursus
509 1363 685 1403 cx-Lvn
717 1367 731 1402 :
768 1367 787 1402 ι
834 1346 939 1414 Qui
981 1348 1183 1404 emittit
1229 1349 1506 1418 eloquium
1552 1363 1710 1402 suum
1745 1354 1860 1402 tera

288 1457 396 1506 rte,
438 1440 700 1496 velociter
733 1440 908 1494 currit
968 1454 1150 1495 sermo
1194 1439 1336 1510 ejus.
1380 1458 1401 1492 ι
1461 1440 1530 1494 At
1585 1440 1729 1496 enim
1767 1440 1857 1506 ei,

288 1532 383 1603 qui
417 1545 564 1586 nunc
595 1531 652 1586 in
689 1530 943 1586 manibus
989 1540 1093 1595 est,
1126 1533 1338 1600 psalmo
1368 1531 1592 1594 dicenti,
1626 1549 1646 1581 σ
1681 1529 1862 1586 Verbo

943 157 1212 215 EUSEBII
1248 155 1722 217 CESARIENSIS
1745 155 1898 213 OPP.
1927 153 2108 210 PARS
2143 151 2210 208 lt.
2244 183 2314 194 —-
2351 142 2860 207 APOLOGETICA.

1873 291 1929 348 Λ

3417 153 3525 208 576

2485 266 2876 344 ΚβΦΑΛΑΙυΝ
2913 267 2988 323 E'.

1958 370 2209 453 Ψαλμοῦ
2238 385 2358 448 λβν.
2403 414 2473 424 --
2514 383 2608 448 Ὧς
2661 381 2810 453 Θεοῦ
2853 382 3063 453 Adfor
3087 379 3345 453 οὐσιώδη
3393 380 3524 453 κει-τ’

2021 445 2411 513 ἐπίκέλεὺσιν
2464 445 2869 519 τοῦΠατρὸς,
2931 445 3144 519 ὁμοίως
3196 445 3342 519 ἡμῖν
3398 445 3527 504 οἶδε

2023 524 2389 594 δημιουργὸν
2422 521 2538 594 τῶν
2561 521 2842 594 ἁπάντων
2867 523 2901 576 ὁ
2914 593 2917 594 ν
2938 520 3116 594 Δᾳϐίδ
3132 538 3146 551 ·
3313 520 3394 584 ὡς
3418 519 3527 594 r61:

2023 587 2212 648 αὑτὸν
2235 587 2342 648 τοῦ
2377 592 2524 648 Θεοῦ
2556 593 2749 660 Λόγον
2783 594 2817 644 ὁ
2856 591 3038 657 αὐτὸς
3077 589 3388 660 προφήτης
3424 587 3530 660 ἐπὶ

2026 665 2310 732 θεραπείᾳ
2353 663 2474 716 τῶν
2506 659 2832 732 ἀνθρώπων
2871 662 2941 732 ἐκ
2988 660 3094 714 τοῦ
3136 659 3365 732 Πατρός

2024 727 2632 802 εᾰτάλθάιμαρτυρεῐῖ
2655 731 2748 802 καὶ
2773 731 2853 796 ὡς
2876 731 3388 802 ὼι-βραχεῖωόιςῳ
3413 727 3530 795 τὴν

2025 797 2356 873 σύμπασαὶε
2511 797 2865 869 πληρώσειν
2897 797 3017 869 τῆς⁷
3031 797 3533 856 αὐτοῦ’διδασκα-

2025 872 2165 940 λίὰς
2193 872 2471 932 θεσπίζει.

2034 1006 2052 1037 ι
2083 986 2174 1057 Τῷ
2213 987 2371 1057 Λόγῳ
2399 984 2604 1056 Κυρίου
2643 984 2692 1037 οἰ
2719 984 2934 1054 οὐρανοὶ
2972 981 3406 1054 ἐστερεώθησαν,
3433 980 3534 1036 καὶ

1958 1079 2036 1151 τῷ
2076 1077 2344 1149 πνεύματι
2391 1076 2481 1130 τοῦ
2521 1075 2783 1146 στόματος
2831 1073 2994 1128 αὐτοῦ
3042 1076 3190 1127 πᾶσα
3233 1075 3267 1144 ἡ
3305 1073 3535 1144 δύναμις

1959 1168 2159 1223 αὐτῶν.
2193 1187 2212 1219 ι
2242 1167 2352 1220 Καὶ
2385 1168 2442 1219 ἑν
2480 1172 2566 1237 ρς¹
2592 1165 2648 1217 δὲ
2675 1164 2872 1236 ψαλμῷ
2893 1164 3137 1236 εἴρηται·
3168 1183 3188 1216 ‹
3222 1164 3535 1218 Ἀπέστειλε

1958 1262 2050 1315 τὸν
2085 1260 2258 1328 Λόγον
2286 1257 2473 1322 αὐτοῦ,
2509 1257 2602 1310 καὶ
2650 1256 2836 1310 ἰάσατο
2870 1256 3099 1322 αὐτοὺς,
3129 1256 3222 1309 καὶ
3266 1253 3540 1326 ἐρρύσατο

1961 1354 2158 1416 αὐτοὺς
2209 1353 2275 1404 ὲκ
2311 1349 2418 1403 τῶν
2462 1348 2768 1420 διαφθορῶν
2813 1348 3007 1402 αὐτῶν.
3035 1367 3054 1400 ι
3096 1348 3207 1401 Καὶ
3263 1347 3425 1400 πάλιν
3475 1349 3539 1401 ὲν

1965 1443 2087 1516 Ρμζ’
2105 1459 2118 1472 ⁸
2161 1461 2179 1494 ι
2217 1442 2275 1495 '0
2305 1441 2646 1496 ἀποστέλλων
2670 1440 2730 1492 τὸ
2756 1439 2936 1508 λόγιον
2961 1438 3124 1492 αὑτοῦ
3167 1441 3231 1509 τῇ
3283 1439 3354 1510 γῇ
3377 1479 3393 1505 ,
3428 1437 3542 1504 ἕως

1960 1537 2159 1607 τάχους
2213 1535 2498 1606 δραμεῖται
2543 1536 2571 1587 ὁ
2633 1532 2791 1600 λόγος
2839 1529 3024 1586 αὐτοῦ.
3060 1551 3078 1583 ι
3116 1530 3275 1583 Ἀλλά
3301 1531 3411 1602 γὰρ
3457 1529 3542 1602 τῷ

287 1622 508 1678 Domini
563 1621 687 1677 cceli
741 1621 942 1676 ﬁrmati
997 1631 1165 1688 sunt,
1219 1643 1238 1675 ι
1293 1624 1591 1678 concordat
1642 1639 1860 1700 sacrum

1979 1627 2104 1681 ιετὰ
2136 1629 2324 1698 χεῖρας
2374 1623 2591 1695 ψαλμῷ,
2641 1623 2923 1692 φάσκοντι,
2993 1619 3127 1691 (Τῷ
3197 1620 3356 1691 Λόγῳ
3417 1620 3539 1672 Κυ-

288 1713 721 1784 229-':quoque
771 1711 1152 1783 Evangelium,
1207 1714 1385 1784 palam
1431 1713 1669 1768 dicens:
1727 1731 1748 1766 ι
1801 1712 1863 1768 ln

1979 1720 2081 1772 σίου
2125 1719 2174 1771 οἰ
2218 1717 2437 1789 οὐρανοὶ
2472 1713 2911 1786 ἐστερεώθησαν,
2960 1731 2980 1764 ι
3025 1711 3236 1784 συνᾴδει
3284 1711 3345 1764 τὸ
3395 1711 3543 1782 ἱερὸν

292 1805 561 1876 principio
583 1812 701 1860 erat
724 1802 988 1868 Verbum,
1012 1813 1067 1858 et
1087 1804 1327 1860 Verbum
1355 1815 1472 1860 erat
1500 1805 1645 1875 apud
1668 1805 1859 1869 Deum,

288 1906 344 1950 et
367 1894 510 1950 Deus
538 1902 658 1950 erat
687 1893 948 1950 Verbum.
1000 1894 1116 1950 Hoc
1166 1903 1287 1951 erat
1329 1896 1386 1950 in
1415 1897 1688 1968 principio
1717 1896 1862 1966 apud

292 1985 486 2052 Deum,
521 1987 708 2041 omnia
739 2002 838 2058 per
868 1987 1049 2058 ipsum
1099 1986 1242 2042 facta
1274 1996 1424 2054 sunt,
1467 1997 1522 2045 et
1570 1989 1691 2045 sine
1742 1990 1864 2060 ipso

290 2080 496 2134 factum
517 2087 602 2135 est
619 2079 757 2134 nihil
777 2080 843 2136 ⁸⁸.
877 2098 896 2131 ι
931 2079 1075 2136 Sane
1101 2081 1297 2136 merito
1317 2081 1667 2153 Evangelium
1693 2081 1865 2138 Deum

292 2170 446 2225 illum
476 2171 722 2225 nominat
763 2190 776 2225 :
821 2172 1041 2242 quando
1084 2173 1246 2227 etiam
1292 2189 1389 2243 per
1429 2189 1492 2228 ea
1537 2190 1656 2244 qua:
1710 2175 1864 2244 prius

293 2263 441 2318 dicta
474 2271 624 2327 sunt,
653 2263 798 2317 idem
829 2262 955 2328 hoc,
992 2263 1138 2333 quod
1168 2279 1316 2318 nunc
1349 2273 1410 2319 ut
1442 2265 1583 2320 Deus
1619 2265 1864 2320 celebra-

293 2361 386 2408 tur
410 2353 673 2419 Verbum,
705 2361 758 2408 et
785 2355 1072 2425 sapientia,
1102 2362 1157 2411 et
1189 2371 1409 2427 germen
1441 2354 1557 2418 Dei,
1585 2365 1640 2411 et
1671 2355 1867 2411 Sacer-

293 2444 418 2509 dos,
466 2451 521 2499 et
571 2443 848 2507 Christus,
901 2450 956 2498 et
1007 2442 1146 2508 Rex,
1190 2452 1242 2498 et
1294 2442 1580 2507 Dominus,
1621 2451 1674 2498 et
1721 2442 1864 2498 Deus

293 2536 474 2607 imago
503 2535 621 2600 Dei,
655 2537 984 2607 appellatum
1015 2544 1120 2593 est.
1163 2535 1359 2601 Porro,
1395 2543 1456 2590 ut
1497 2537 1591 2606 qui
1639 2543 1694 2591 et
1724 2537 1866 2593 alius

293 2626 369 2683 sit
396 2641 558 2697 quam
591 2627 773 2691 Pater,
801 2635 855 2683 et
889 2627 1134 2698 ejusdem
1165 2627 1486 2682 administer
1515 2628 1702 2692 fuerit,
1731 2627 1866 2683 adeo

294 2725 356 2772 ut
378 2717 539 2786 jussu
571 2718 719 2774 illius
754 2720 872 2789 ipse
922 2719 1107 2773 omnia
1139 2717 1470 2780 condiderit,
1523 2717 1577 2771 in
1609 2718 1867 2787 praesenti

1962 1809 2313 1879 Εὐαγγέλιον,
2347 1806 2644 1879 διαρρήδην
2670 1805 2826 1873 λέγον
2851 1820 2864 1833 ·
2903 1822 2922 1855 ι
2971 1803 3059 1855 Ἐν
3102 1803 3242 1872 ἀρχῇ
3271 1797 3338 1872 ἦν
3383 1802 3411 1854 6
3439 1800 3548 1854 Λό-

1962 1919 2078 1970 γος,
2107 1900 2256 1952 καὶὸ
2289 1897 2459 1965 Λόγος
2489 1892 2556 1967 ἦν
2599 1895 2735 1966 πρὸς
2779 1894 2870 1946 τὸν
2907 1893 3059 1957 Θεὸν,
3105 1893 3198 1944 καὶ
3239 1891 3369 1955 Θεὸς
3411 1886 3480 1961 ἦν
3509 1890 3547 1944 ὁ

1964 1994 2154 2061 Λόγος.
2187 1985 2354 2052 Οὗτος
2388 1985 2456 2059 ἦν
2486 1989 2543 2040 ἑν
2577 1987 2718 2058 ἀρχῇ
2751 1985 2887 2056 πρὸς
2925 1984 3016 2036 τὸν
3053 1984 3217 2036 Θεόν*
3255 1983 3430 2036 πάντα
3471 1979 3545 2036 δι’

1963 2081 2128 2139 αὐτοῦ
2173 2081 2408 2150 ἐγένετο,
2451 2079 2544 2132 καὶ
2588 2079 2758 2149 χωρὶς
2788 2075 2953 2130 αὐτοῦ
3005 2077 3220 2144 ἐγένετο
3251 2075 3371 2126 οὐδὲ
3398 2073 3477 2125 ἓν.
3513 2091 3537 2126 ι

1963 2176 2096 2229 Θεὸν
2124 2175 2351 2236 εἰκότως
2386 2171 2447 2225 τὸ
2471 2170 2804 2239 Εύαγγέλιον
2836 2167 3090 2238 ὀνομάζει
3117 2184 3128 2196 ο
3178 2165 3300 2218 ἐπεὶ
3328 2166 3423 2218 καὶ
3453 2164 3546 2218 διὰ

1963 2268 2071 2320 τῶν
2101 2265 2335 2338 πρόσθεν
2368 2264 2529 2326 αὐτὸς
2560 2256 2713 2324 οὗτος
2737 2264 2764 2314 6
2796 2260 2890 2314 νῦν
2911 2259 3324 2330 θεολογούμενος
3350 2260 3543 2326 Λόγος,

1964 2359 2060 2412 καὶ
2087 2359 2268 2428 σοφία,
2303 2357 2397 2409 καὶ
2442 2355 2688 2426 γέννημα
2714 2353 2869 2415 Θεοῦ,
2895 2353 2986 2406 καὶ
3039 2354 3236 2424 ἱερεὺς,
3266 2353 3362 2406 καὶ
3406 2353 3544 2422 Χρι-

1967 2451 2111 2514 στὸς,
2145 2451 2238 2503 καὶ
2267 2449 2537 2520 βασιλεὺς,
2573 2449 2668 2500 καὶ
2695 2445 2916 2516 Κύριος,
2945 2446 3039 2498 καὶ
3068 2445 3217 2509 Θεὸς,
3249 2445 3344 2498 καὶ
3384 2443 3550 2499 εἰκὼν

1966 2543 2302 2614 ἀνηγόρευτο
2324 2538 2418 2593 τοῦ
2444 2537 2600 2592 Θεοῦ.
2629 2538 2739 2592 Καὶ
2766 2539 2847 2590 ὅτι
2875 2554 2960 2606 γε,
2995 2536 3180 2607 ἕτερος
3208 2534 3284 2588 ὢν
3313 2535 3409 2588 τοῦ
3433 2534 3552 2590 Πα-

1965 2632 2116 2702 τρὸς,
2148 2630 2420 2701 ὑπουργὸς
2455 2625 2523 2699 ἦν
2555 2626 2743 2688 αὑτοῦ,
2790 2626 2928 2679 ὥστε
2974 2615 3423 2695 έπικελεῦομένου
3449 2622 3548 2679 τοῦ

1972 2723 2215 2793 μείζονος
2257 2721 2418 2776 αὑτὸν
2448 2721 2818 2790 δημιουργεῖν,
2853 2718 2979 2786 ἑξῆς
3010 2718 3151 2770 κατὰ
3181 2717 3271 2769 τὸν
3306 2717 3550 2787 παρόντα.

294 2809 552 2880 deinceps
583 2807 801 2864 Psalmo
835 2807 1083 2879 adjungit
1126 2826 1140 2862 :
1182 2824 1202 2858 ‹
1258 2804 1494 2870 Timeat,
1527 2805 1725 2874 inquit,
1756 2803 1868 2859 Doo

1979 2815 2208 2884 ἐπιλέγει
2257 2813 2504 2884 ψαλμόν·
2558 2831 2575 2863 ι
2611 2811 2903 2882 Φοϐηθήτω
2944 2809 3035 2862 τὸν
3084 2811 3287 2880 Κύριον
3328 2812 3480 2862 πᾶσα
3513 2810 3546 2878 ἡ

293 2901 506 2956 minum
555 2901 734 2956 omnis
768 2908 916 2956 terra
951 2918 965 2954 :
1017 2900 1085 2954 ab
1117 2913 1184 2954 eo
1211 2907 1394 2952 autem
1421 2903 1868 2951 commoveantur

1979 2907 2074 2977 γῆ·
2101 2907 2193 2960 ὑπ’
2220 2905 2384 2959 αὑτοῦ
2413 2905 2467 2956 δὲ
2493 2903 2905 2974 σαλευθήτωσαν
2933 2901 3132 2964 πάντες
3154 2903 3202 2952 οξ
3230 2900 3547 2953 κατοικοῦν-

294 3009 487 3051 omnes
514 2994 887 3049 inhabitantes
915 2992 1124 3047 orbem.
1182 2990 1452 3057 Quoniam
1487 2989 1604 3059 ipse
1632 2987 1792 3050 dixit,
1817 2996 1868 3042 et

1979 3017 2065 3062 τες
2095 2998 2435 3068 οἰκουμένην.
2465 2997 2588 3050 Ὅτι
2631 2996 2792 3059 αὐτὸς
2839 2991 2981 3057 εἷπε,
3031 2995 3125 3047 καὶ
3168 2992 3542 3064 ἐγενήθησαν·

294 3085 438 3140 facta
489 3095 646 3146 sunt:
712 3085 832 3156 ipse
878 3084 1178 3148 mandavit,
1233 3091 1288 3138 et
1331 3090 1512 3138 creata
1561 3090 1690 3137 sunt
1733 3082 1798 3132 ³⁷.
1843 3099 1862 3132 ι

295 3178 526 3233 Constat
554 3177 699 3232 enim
741 3175 888 3247 quod
917 3176 1011 3246 qui
1045 3175 1197 3238 dicit,
1234 3175 1301 3229 ad
1334 3174 1563 3227 alterum
1609 3172 1740 3226 dicit
1771 3189 1786 3226 :
1818 3179 1873 3226 et

296 3268 390 3338 qui
439 3266 683 3330 mandat,
723 3266 879 3320 alteri
913 3273 1108 3335 praeter
1164 3279 1223 3318 se
1263 3253 1516 3316 mandat.
1577 3259 1873 3330 Perspicue

297 3369 428 3410 vero
455 3363 580 3424 post
621 3353 797 3424 ipsam
830 3351 1130 3407 Salvatoris
1160 3351 1338 3406 nostri
1385 3351 1637 3405 humanae
1664 3357 1874 3404 natura

298 3445 756 3512 assumptionem,
799 3450 1102 3502 conventus
1133 3458 1201 3498 ex
1235 3441 1384 3495 omni
1417 3451 1585 3505 terra,
1633 3441 1738 3496 hoc
1764 3448 1869 3505 est,

299 3555 367 3594 cx
394 3538 671 3601 omnibus,
717 3552 837 3608 qua:
869 3544 1074 3591 terram
1120 3535 1388 3599 incolunt,
1423 3534 1759 3597 nationibus,
1788 3533 1873 3587 in-

298 3631 691 3693 numerabiles,
723 3645 833 3684 non
866 3629 1052 3683 itidem
1095 3635 1156 3682 ut
1203 3634 1363 3682 antea
1396 3628 1538 3682 ullos
1571 3627 1870 3692 daamones,

303 3723 399 3778 sed
427 3723 608 3793 ipsum
644 3722 936 3777 Dominum
975 3719 1162 3775 Jesum
1211 3720 1534 3788 timuerunt,
1583 3727 1638 3776 et
1683 3735 1875 3776 omnes

302 3815 612 3872 habitantes
661 3817 851 3870 orbem
906 3814 1165 3869 commoti
1212 3821 1364 3879 sunt,
1400 3813 1458 3867 in
1509 3813 1629 3883 ipso
1668 3811 1877 3867 Christi

302 3908 544 3972 nomine,
588 3909 730 3963 sicut
760 3922 1000 3978 praesens
1029 3906 1310 3960 oraculum
1341 3904 1490 3960 canit
1528 3923 1542 3958 :
1581 3921 1600 3955 ι
1639 3903 1874 3966 Timeat,

301 3999 500 4070 inquit,
535 3999 824 4054 Dominum
859 3999 1037 4053 omnis
1081 4005 1248 4063 terra,
1285 3998 1354 4052 ab
1405 4011 1472 4052 eo
1519 4003 1702 4050 autem
1734 4011 1881 4050 com-

303 4098 628 4146 moveantur
654 4105 845 4146 omnes
877 4090 1248 4145 inhabitantes
1275 4089 1483 4144 orbem.
1539 4107 1558 4138 s
1601 4086 1878 4144 Hactenus

304 4198 426 4252 quae
463 4182 532 4237 de
575 4197 615 4235 ιι
655 4188 709 4237 et
740 4197 849 4235 xxx
878 4181 1089 4251 psalmo
1114 4191 1338 4251 accepta
1374 4189 1525 4236 sunt.
1559 4179 1879 4236 Consimilia

303 4288 436 4328 vero
465 4273 551 4328 his
593 4279 656 4327 et
676 4288 920 4328 consona
966 4274 1022 4327 in
1053 4273 1266 4342 psalmo
1299 4287 1519 4342 quoque
1559 4289 1762 4326 cxwm
1793 4273 1878 4326 in-

302 4365 510 4428 venies,
555 4365 650 4434 qui
689 4363 848 4419 docet
879 4380 991 4418 non
1036 4378 1100 4419 ea
1155 4363 1342 4428 modo,
1392 4379 1513 4432 qua:
1556 4363 1624 4417 ad
1673 4371 1876 4418 terram

303 4457 595 4520 duntaxat,
629 4456 724 4512 sed
755 4457 920 4512 etiam
950 4471 1015 4510 ea
1063 4470 1186 4526 quae
1213 4454 1282 4508 ad
1311 4456 1534 4520 caelum,
1561 4461 1616 4510 et
1644 4455 1880 4511 breviter

303 4546 373 4600 ad
400 4546 712 4600 universam
747 4551 1056 4599 creaturam
1089 4543 1382 4614 pertinent,
1436 4543 1555 4613 ipso
1603 4540 1715 4596 Deo
1750 4541 1878 4595 uni-

303 4639 450 4694 versi
503 4638 733 4708 jubente
761 4636 1061 4692 exstitisse.
1097 4634 1242 4689 Dicit
1282 4635 1448 4705 igitur
1495 4653 1507 4687 :
1559 4652 1579 4685 ‹
1633 4632 1881 4687 Laudato

303 4733 595 4787 Dominum
625 4730 694 4785 de
719 4730 899 4794 caelis,
927 4729 1148 4784 laudate
1175 4743 1302 4784 eum
1341 4729 1398 4782 in
1428 4728 1684 4782 excelsis.
1736 4725 1882 4781 Lau-

301 4823 429 4879 date
455 4839 603 4887 eum,
636 4838 830 4878 omnes
856 4822 1034 4892 angeli
1065 4821 1219 4891 ejus;
1243 4821 1462 4876 laudate
1492 4835 1640 4884 eum,
1685 4834 1880 4876 omnes

303 4916 536 4972 virtutes
564 4915 706 4986 ejus.
770 4914 1015 4970 Laudate
1045 4930 1190 4979 eum,
1228 4914 1310 4970 sol
1349 4920 1406 4969 et
1459 4914 1611 4980 luna,
1657 4911 1882 4969 laudate

303 5022 452 5070 eum,
498 5021 690 5060 omnes
719 5004 892 5060 stellae
932 5013 986 5059 et
1016 5005 1202 5060 lumen
1234 5022 1248 5058 :
1283 5003 1544 5074 quoniam
1577 5005 1696 5073 ipse
1721 5003 1880 5068 dixit,

305 5106 361 5153 et
398 5097 539 5152 facta
575 5105 737 5162 sunt;
772 5096 892 5167 ipse
921 5095 1222 5163 mandavit,
1263 5103 1319 5152 et
1361 5105 1544 5151 creata
1587 5102 1719 5150 sunt
1747 5095 1813 5150 ³³.
1854 5113 1874 5147 ι

307 5189 465 5258 Quod
525 5189 572 5246 si
618 5190 736 5259 ipse
779 5186 1082 5253 mandavit,
1132 5189 1408 5258 quisnam,
1437 5202 1644 5259 quaeso,
1703 5201 1882 5258 usque

307 5283 446 5338 adeo
475 5297 728 5352 magnus,
764 5287 825 5337 ut
863 5281 1184 5336 mandatum
1243 5280 1313 5335 de
1358 5281 1526 5336 tantis
1571 5280 1741 5335 rebus
1768 5296 1888 5334 sus-

306 5371 511 5441 ciperet
531 5412 546 5435 ,
597 5381 796 5444 praeter
825 5373 922 5428 Dei
976 5371 1256 5428 Verbum?
1285 5372 1433 5441 quod
1472 5373 1622 5426 varie
1655 5373 1712 5426 in
1740 5387 1880 5442 prae-

308 5467 449 5524 senti
499 5481 688 5537 opere,
718 5481 749 5519 a
784 5465 966 5531 nobis,
991 5471 1256 5536 tanquam
1285 5463 1429 5520 Deus
1468 5463 1796 5528 celebratur,
1826 5470 1882 5517 et

411 5621 456 5655 ³⁸
487 5621 642 5678 Joan.
674 5639 716 5694 ι,
743 5621 860 5688 Ι,2.

1908 4330 1954 4387 D

1970 3090 2134 3152 αὐτὸς
2165 3089 2486 3151 ἐνετείλατο,
2520 3088 2613 3140 καὶ
2658 3086 3002 3155 ἐκτίσθησαν.
3044 3103 3065 3137 ›
3107 3082 3381 3155 Πρόδηλον
3417 3081 3551 3154 γὰρ,

1969 3182 2046 3246 ὼς
2087 3183 2115 3234 6
2138 3181 2332 3249 λέγων,
2368 3181 2539 3252 ἑτέρῳ
2561 3179 2708 3248 λέγει
2727 3195 2739 3208 ο
2770 3178 2865 3231 καὶ
2893 3177 2920 3228 6
2945 3177 3343 3246 ἐντελλόμενος,
3378 3172 3556 3244 ἑτέρῳ

1973 3276 2104 3346 παρ’
2135 3273 2324 3326 ἑαυτὸν
2362 3271 2686 3324 ἐντέλλεται.
2716 3268 2908 3337 Σαφῶς
2931 3267 2987 3320 δὲ
3023 3269 3115 3319 ἐπὶ
3153 3269 3219 3336 τῇ
3244 3264 3339 3318 τοῦ
3370 3263 3559 3335 Ero—ﬁ}-

1975 3385 2067 3439 ρος
2094 3369 2126 3436 ἡ
2137 3365 2253 3435 μῶν
2288 3363 2718 3434 ὲνανθρωπήσει,
2752 3361 2920 3432 μυρία
2947 3359 3126 3430 πλήθη
3149 3360 3212 3411 ὲκ
3245 3356 3425 3427 πάσης
3452 3355 3556 3427 τῆς

1972 3460 2098 3530 γῆς,
2130 3458 2275 3511 τοῦτ’
2310 3456 2454 3508 ἔστιν
2484 3455 2544 3519 ἐξ
2564 3455 2816 3508 ἁπάντων
2841 3453 2948 3506 τῶν
2981 3453 3072 3504 ἐπὶ
3095 3452 3193 3520 τῆς
3222 3449 3328 3519 γῆς
3357 3447 3557 3512 ἐθνῶν,

1973 3550 2157 3606 οὐκέτι
2186 3550 2263 3614 ὡς
2285 3549 2344 3602 τὸ
2371 3549 2498 3620 πρὶν
2525 3548 2649 3610 τοὺς
2674 3546 2951 3616 δαίμονας,
2985 3543 3096 3597 ἀλλ’
3128 3542 3288 3596 αὑτὸν
3311 3539 3556 3610 ἐφοϐήθη

1973 3641 2066 3694 τὸν
2107 3639 2311 3712 Κύριον
2357 3637 2593 3709 Ἰησοῦν·
2632 3637 2831 3699 πάντες
2860 3653 2919 3688 τε
2963 3637 3012 3688 οἰ
3045 3631 3426 3694 κατοικοῦντες
3455 3631 3559 3701 τὴν

1979 3734 2303 3805 οἰκουμένην
2343 3731 2710 3802 ὲσαλεύθησαν
2759 3730 2850 3781 ἐπὶ
2902 3727 2979 3798 τῷ
3009 3726 3103 3778 τοῦ
3149 3723 3387 3796 Χριστοῦ
3440 3723 3560 3775 ὀνό-

1986 3844 2135 3898 ματι,
2181 3823 2487 3887 ἀκολούθως
2513 3821 2589 3892 τῷ
2627 3821 2721 3874 νῦν
2768 3820 3029 3889 φάσκοντι
3071 3817 3236 3885 λογίῳ
3261 3832 3273 3845 ’
3330 3833 3348 3865 ι
3383 3814 3564 3886 @061;-

1981 3917 2128 3988 θήτω
2158 3915 2249 3967 τὸν
2282 3913 2486 3985 Κύριον
2515 3913 2666 3965 πᾶσα
2695 3913 2728 3982 ἡ
2765 3912 2856 3980 γῆ,
2887 3911 2979 3964 ὑπ’
3009 3908 3171 3962 αὑτοῦ
3200 3907 3258 3975 δὲ
3291 3906 3559 3977 σαλευθή-

1976 4025 2157 4062 τωσαν
2204 4006 2406 4068 πάντες
2460 4005 2510 4058 οἱ
2560 4003 2937 4066 κατοικοῦντες
2986 4001 3084 4072 τὴν
3131 3999 3472 4070 οἰκουμένην.
3534 4017 3554 4049 ι

1979 4099 2164 4153 Ταῦτα
2197 4099 2295 4169 μὲν
2321 4093 2412 4149 οὖν
2436 4098 2499 4148 ἐκ
2528 4094 2620 4148 τοῦ
2667 4093 2710 4164 β’
2741 4094 2835 4148 καὶ
2859 4094 2900 4146 λ’
2933 4091 3171 4164 ψαλμοῦ.
3200 4091 3475 4162 Σύμφωνα
3501 4089 3564 4143 δὲ

1978 4191 2188 4254 τούτοις
2216 4189 2397 4260 εὕροις
2435 4187 2501 4241 ἂν
2534 4187 2628 4239 καὶ
2674 4189 2732 4238 ἑν
2780 4191 2907 4257 ρμη⁹
2950 4183 3169 4254 ψαλμῷ,
3214 4183 3273 4246 ὃς
3317 4182 3564 4234 διδάσκει

1981 4282 2040 4334 ού
2067 4281 2136 4334 τὰ
2181 4281 2309 4350 περί¹
2330 4277 2432 4346 γῆν
2463 4278 2619 4348 μόνα,
2655 4276 2789 4329 ἀλλὰ
2831 4275 2923 4329 καὶ
2947 4274 3012 4328 τὰ
3039 4274 3162 4328 κατ’
3184 4273 3432 4344 οὐρανὸν,
3464 4271 3565 4325 καὶ

1985 4371 2285 4442 συλλήϐδην
2318 4372 2535 4424 ἃπασαν
2571 4369 2669 4439 τὴν
2706 4368 2903 4430 κτίσιν,
2939 4365 3057 4420 κατ’
3092 4365 3436 4418 ὲπικέλευσιν
3465 4363 3563 4418 τοῦ

1983 4462 2091 4515 τῶν
2133 4462 2269 4515 ὅλων
2311 4460 2446 4514 Θεοῦ
2493 4457 2792 4528 γεγονέναι.
2844 4455 3005 4523 Λέγει
3036 4455 3080 4508 δ’
3113 4449 3237 4507 οὖν’
3293 4472 3311 4504 ι
3351 4454 3564 4505 Αἰνεῖτε

1983 4553 2075 4605 τὸν
2108 4551 2311 4620 Κύριον
2360 4552 2424 4603 ἐκ
2460 4549 2567 4601 τῶν
2610 4545 2873 4619 οὐρανῶν,
2923 4547 3123 4598 αἰνεῖτε
3165 4541 3329 4595 αὐτὸν
3363 4543 3420 4593 έν
3450 4542 3566 4603 τοῖς

1986 4645 2248 4714 ὑψίστοις.
2272 4642 2479 4695 Αἰνεῖτε
2509 4638 2670 4692 αὑτὸν
2690 4637 2890 4699 πάντες
2910 4635 3127 4704 ἄγγελοι
3155 4632 3340 4694 αὐτοῦ,
3360 4633 3564 4684 αἰνεῖτε

1985 4737 2147 4792 αὐτὸν
2179 4738 2350 4789 πᾶσαι
2392 4736 2446 4787 αἰ
2475 4733 2728 4802 δυνάμεις
2765 4729 2946 4782 αὐτοῦ.
2979 4729 3187 4781 Αἰνεῖτε
3216 4725 3380 4780 αὐτὸν
3413 4724 3566 4794 ἥλιος

1989 4829 2084 4882 καὶ
2117 4826 2334 4897 σελήνη,
2383 4825 2584 4878 αἰνεῖτε
2626 4819 2789 4874 αὑτὸν
2834 4817 3011 4870 πάντα
3047 4817 3116 4870 τὰ
3165 4816 3342 4886 ἄστρα
3379 4814 3479 4867 καὶ
3504 4812 3567 4865 τὸ

1989 4919 2132 4990 φῶς·
2183 4919 2265 4970 ὃτι
2308 4914 2470 4978 αὐτὸς
2510 4908 2664 4976 εἶπε,
2715 4910 2809 4963 καὶ
2856 4907 3220 4979 ἐγενήθησαν·
3271 4904 3437 4967 αὐτὸς
3475 4905 3566 4956 ὲν-

1989 5011 2252 5074 ετείλατο,
2287 5008 2381 5061 καὶ
2401 5003 2744 5074 ἐκτίσθησαν.
2777 5021 2796 5054 ι
2823 5001 2885 5054 Εἰ
2915 4999 3024 5070 γὰρ
3051 4999 3211 5061 αὐτὸς
3239 4996 3564 5060 ἐνετείλατο,

1989 5102 2085 5157 καὶ
2133 5101 2217 5164 τίς
2265 5095 2333 5169 ἦν
2373 5093 2654 5158 τοσοῦτος,
2703 5093 2778 5155 ὡς
2829 5091 2928 5162 τὴν
2983 5091 3110 5161 περὶ
3151 5089 3262 5142 τῶν
3310 5085 3568 5158 τηλικού-

1985 5210 2092 5248 των
2123 5190 2339 5260 ὲντολὴν
2387 5184 2770 5252 ὑποδέξασθαι,
2808 5183 2903 5254 ἢὸ
2947 5179 3041 5234 τοῦ
3098 5179 3234 5233 Θεοῦ
3282 5178 3495 5246 Λόγοςς
3538 5176 3568 5229 6

1985 5281 2244 5344 ποικίλως
2272 5278 2360 5332 διὰ
2390 5277 2491 5348 τῆς
2537 5274 2820 5347 παρούσης
2859 5275 2993 5343 ἡμῖν
3025 5269 3335 5331 ὑποθέσεως
3381 5266 3565 5320 θεολοο

1985 5371 2268 5441 γούμενος,
2317 5368 2412 5422 καὶ
2451 5367 2623 5435 Λόγος
2657 5363 2794 5418 Θεοῦ
2843 5360 3380 5433 προσαγορευόμενος
3422 5356 3566 5410 εἰκό-

1983 5475 2113 5524 τως,
2138 5461 2220 5514 ὃτι
2261 5458 2325 5530 δὴ
2352 5460 2474 5523 τοὺς
2498 5456 2605 5513 τῶν
2648 5454 2900 5510 ἁπάντων
2929 5453 2992 5524 δη
3002 5449 3351 5524 μιουργικούς
3377 5465 3438 5503 τε
3471 5447 3563 5503 καὶ

967 5623 1016 5697 ,³⁷
1039 5620 1181 5678 Psal.
1212 5637 1386 5692 xxx",
1419 5619 1536 5680 8-9.
1613 5619 1660 5653 ³³
1685 5617 1832 5676 Psal.
1864 5633 2089 5688 curm,
2125 5617 2237 5674 1-5.
