3846 6218
141 268 251 327 377

1065 261 1723 320 DEMONSTRATIONIS
1759 261 2218 320 EVANGELICE
2260 261 2390 319 LIB.
2429 260 2496 316 V.
3294 259 3398 317 378

145 385 469 457 ποιητικοὺς
492 383 684 454 λόγους
713 374 767 438 ό’
786 383 1182 456 παντοκράτωρ
1210 385 1269 437 ἐν
1307 381 1456 454 αὐτῷ
1494 379 1730 438 καταϐέ-

1845 380 2075 438 Verbum
2105 379 2202 436 Dei
2229 380 2555 452 appellatur,
2587 379 2785 434 merito
2817 377 2950 434 illud
2982 377 3224 449 quidem,
3272 394 3397 448 pro-

146 479 366 561 611119;,
405 475 549 546 λόγῳ
589 474 686 528 καὶ
719 473 870 541 τάξει
901 473 970 528 τὰ
1009 473 1302 544 σύμπαντα
1331 472 1537 526 διέπειν
1579 469 1729 542 αὑτῷ

147 571 243 624 καὶ
271 567 633 640 διακυϐερνᾷν
672 567 964 639 παραδούς.
1007 567 1100 637 Μὴ
1133 566 1241 636 γὰρ
1281 561 1375 620 οὖν
1419 583 1501 630 τις
1531 565 1730 620 ὑπολά-

148 663 235 715 ϐοι
264 662 346 733 τῷ
375 661 530 732 παρά
560 659 866 732 ἀνθρώποις
907 661 972 713 ἐκ
1003 659 1284 712 συλλαϐῶν
1320 659 1635 722 συνεστῶτι,
1666 657 1731 711 ἐκ

148 770 208 806 τε
248 753 533 824 ὀνομάτων
565 753 660 806 καὶ
685 752 946 823 ῥημάτων
970 751 1332 822 συγκειμένῳ,
1355 751 1604 822 ἐνάρθρῳ
1637 749 1732 802 καὶ

150 845 474 916 προφορικῷ
500 845 644 916 λόγῳ
665 845 756 898 τὸν
795 843 888 897 τοῦ
915 843 1050 897 Θεοῦ
1083 844 1382 914 παρόμοιον
1406 841 1692 912 τυγχάνειν
1713 857 1726 871 ο

150 937 323 1008 ὁτιδὴ
363 939 394 991 6
430 940 560 1009 παρ’
599 940 732 1008 ἡμῖν
763 937 920 1005 λόγος
947 939 1005 989 ἐν
1044 938 1250 1006 φωναῖς
1287 935 1383 988 καὶ
1420 932 1730 998 συλλαϐαῖς,

150 1031 247 1083 καὶ
275 1032 392 1092 τοῖς
417 1030 504 1083 διὰ
534 1030 737 1084 τούτων
764 1029 1180 1102 σημαινομένοις
1215 1027 1475 1098 κέκτηται
1514 1026 1613 1096 τὴν
1644 1026 1734 1078 οὐ-

154 1121 300 1184 σίαν,
339 1120 430 1175 διὰ
461 1120 706 1192 γλώττης
735 1123 830 1176 καὶ
877 1121 1174 1193 ἀρτηριῶν,
1217 1118 1498 1191 φάρυγγός
1537 1134 1597 1170 τε
1638 1116 1736 1170 καὶ

156 1213 425 1284 στόματος
462 1213 869 1286 προφερόμενος
895 1231 909 1244 °
948 1217 977 1268 6
1017 1214 1076 1267 δὲ
1115 1216 1217 1286 τῆς
1249 1213 1426 1266 ἀϊδίου
1455 1213 1550 1266 καὶ
1584 1213 1732 1266 ἀσω-

157 1304 334 1377 μάτου
375 1304 609 1375 φύσεως,
651 1306 827 1378 πάντη
870 1305 1008 1359 κατά
1053 1306 1231 1360 πάντα
1267 1302 1362 1358 τοῦ
1414 1305 1537 1359 καθ’
1585 1306 1733 1376 ἡμᾶς

153 1399 631 1470 παρηλλαγμένος,
665 1399 815 1453 οὐδὲν
842 1398 1176 1469 ἀνθρώπειον
1204 1399 1447 1466 ἐπάγοιτ’
1476 1397 1563 1462 ἂν,
1597 1396 1737 1469 μόνῃ

153 1490 494 1562 κεχρημένος
519 1493 586 1562 τῇ
609 1491 706 1562 τῆς
733 1493 1089 1562 προσρήσεως
1107 1490 1395 1562 ὁμωνυμίᾳ
1413 1507 1426 1520 ο
1452 1490 1573 1543 ἐπεὶ
1597 1489 1735 1559 μήτε

152 1581 340 1652 φωνὴν
388 1579 486 1651 τὴν
525 1581 593 1634 δι’
630 1581 791 1651 ἀέρος
827 1579 1103 1652 κρούσεως
1151 1579 1541 1650 ὑφισταμένην,
1599 1578 1735 1649 μήτε

155 1674 220 1744 ,δή
230 1691 402 1744 ματα,
425 1676 564 1746 μήτε
593 1673 884 1739 συλλαϐὰς,
912 1674 1047 1746 μήτε
1076 1673 1343 1742 γλῶτταν,
1374 1674 1511 1743 μήτε
1542 1673 1732 1743 στόμα,

156 1769 296 1837 μήτε
339 1767 477 1831 ὅλως
515 1785 568 1820 τι
605 1767 714 1821 τῶν
752 1767 1104 1838 ἀνθρωπείων
1147 1768 1242 1820 καὶ
1272 1766 1482 1838 θνητῶν
1516 1766 1606 1819 ἐπὶ
1640 1766 1734 1820 τοῦ

151 1859 262 1912 τῶν
306 1859 446 1913 ὅλων
489 1858 626 1913 Θεοῦ
676 1859 1077 1933 παραληπτέον.
1113 1859 1305 1928 Ψυχῆς
1345 1858 1454 1931 γὰρ
1494 1857 1559 1912 ἂν
1594 1858 1680 1928 εἴη
1707 1861 1736 1911 6

149 1950 311 2018 λόγος
341 1947 515 2014 οὗτος,
541 1953 570 2004 6
595 1951 843 2022 οὐδαμῶς
871 1946 982 2015 οἷός
1018 1968 1077 2004 τε
1108 1949 1228 2003 καθ’
1261 1952 1449 2004 ἑαυτὸν
1477 1951 1598 2020 δίχα
1629 1950 1734 2020 ψυ-

148 2047 254 2113 χῆς
280 2039 443 2108 εἶναι,
473 2043 506 2115 ἦ
545 2043 863 2112 ὑποστῆναι.
898 2043 1114 2097 Τοιόσδε
1143 2043 1251 2115 γὰρ
1272 2045 1299 2096 6
1329 2044 1386 2095 ἐν
1429 2042 1736 2114 ἀνθρώποις

149 2135 333 2203 λόγος,
367 2135 508 2198 ἰδίως
541 2135 638 2205 μὲν
682 2134 932 2198 ἀνούσιος
957 2135 1031 2188 ῶν
1063 2135 1155 2189 καὶ
1194 2133 1586 2200 ἀνυπόστατος,
1615 2134 1734 2188 ὅλον

147 2226 206 2278 δὲ
232 2227 370 2279 αὐτὸ
396 2226 610 2296 κίνησίς
653 2243 712 2279 τε
753 2225 846 2283 καὶ
880 2225 1130 2296 ἐνέργεια
1157 2225 1396 2288 διανοίας
1429 2226 1730 2295 τυγχάνων.

162 2317 329 2369 Ἀλλά
358 2316 468 2388 γὰρ
498 2319 557 2370 οὐ
592 2319 687 2370 καὶ
714 2319 742 2370 6
772 2317 864 2371 τοῦ
895 2317 1030 2370 Θεοῦ
1055 2315 1315 2380 τοιοῦτος,
1345 2317 1482 2386 ἔχων
1529 2317 1586 2369 δέ
1611 2316 1733 2370 καθ’

151 2407 348 2462 ἐαυτὸν
391 2410 599 2462 οἰκείαν
647 2410 942 2463 ὑπόστασιν
1003 2409 1144 2463 πάνυ
1189 2408 1340 2463 θείαν
1388 2411 1482 2463 καὶ
1524 2409 1735 2480 νοεράν,

155 2499 305 2562 ἰδίως
343 2498 442 2569 μὲν
467 2500 810 2569 ὑφεστῶσαν,
843 2501 987 2564 ἰδίως
1014 2500 1059 2553 δ’
1087 2496 1152 2554 αὖ
1195 2501 1355 2554 πάλιν
1387 2501 1736 2572 ἐνεργοῦσαν,

148 2593 320 2647 άῢλόν
349 2610 410 2646 τε
443 2589 609 2646 οὖσαν
651 2594 748 2646 καὶ
789 2592 1108 2663 ἀσώματον,
1145 2593 1242 2647 καὶ
1285 2593 1428 2647 κατά
1466 2595 1644 2647 πάντα
1670 2598 1736 2666 τῇ

148 2683 248 2738 τοῦ
296 2683 515 2754 πρώτου
568 2684 663 2738 καὶ
710 2686 1007 2756 ἀγεννήτου
1057 2686 1151 2739 καὶ
1207 2686 1367 2755 μόνου
1407 2686 1541 2739 Θεοῦ
1582 2686 1738 2756 φύσει

149 2778 658 2848 παρωμοιωμένην,
703 2780 830 2841 τοὺς
871 2779 980 2832 τῶν
1027 2779 1300 2851 γεννητῶν
1349 2779 1603 2834 ἁπάντων
1649 2780 1740 2832 λό-

151 2887 322 2938 γους,
366 2872 460 2924 καὶ
503 2871 601 2935 τὰς
627 2871 735 2924 τῶν
763 2871 1056 2944 ὁρωμένων
1087 2873 1412 2942 ἀσωμάτους
1436 2890 1494 2926 τε
1524 2875 1618 2926 καὶ
1651 2876 1743 2928 άο-

155 2963 358 3034 ράτους
391 2962 534 3024 ἰδέας
563 2963 621 3014 ἐν
646 2963 782 3032 αὑτῇ
809 2962 1096 3034 φέρουσαν.
1117 2962 1208 3015 Διὸ
1228 2963 1321 3016 καὶ
1340 2964 1528 3032 σοφίαν
1550 2964 1740 3036 αὐτὴν,

152 3054 258 3106 καὶ
292 3051 429 3105 Θεὸν
465 3053 636 3120 Λόγον
679 3054 731 3105 οἱ
774 3052 906 3105 θεῖοι
939 3053 1177 3124 χρησμοὶ
1223 3054 1738 3126 προσαγορεύουσιν.

1828 483 2013 548 pterea
2041 474 2188 544 quod
2223 473 2471 529 omnium
2497 487 2682 527 rerum
2731 471 3058 527 artiﬁciosas
3088 478 3251 540 atque
3290 470 3404 528 etii-

1829 583 1990 624 caces
2021 567 2288 631 rationes,
2319 565 2666 636 omnipotens
2718 565 2776 619 in
2821 564 3000 635 ipsum
3050 563 3350 632 conjecerit
3383 581 3400 618 :

1831 663 1996 734 230
2054 661 2256 732 quippe
2294 662 2389 731 qui
2426 660 2642 714 ratione
2687 666 2852 729 atque
2903 658 3098 713 ordine
3146 656 3403 712 universa

1831 755 1932 818 illi,
1961 762 2015 809 et
2043 751 2415 824 dispensanda
2441 758 2496 806 et
2525 749 2878 821 gubernanda
2897 748 3206 804 tradiderit.
3231 747 3404 803 Nemo

1830 846 2000 917 igitur
2031 853 2184 916 putet
2215 844 2488 905 humanae,
2536 857 2658 912 quae
2687 856 2755 894 ex
2789 841 3014 911 syllabis
3063 846 3300 903 constat,
3351 845 3408 892 et

1831 955 1900 996 ex
1934 938 2252 995 nominibus
2277 945 2330 992 et
2347 937 2532 992 verbis
2555 936 2926 1005 componitur,
2959 932 3284 997 articulatae,
3323 938 3408 986 at-

1832 1046 1940 1102 que
1970 1028 2294 1085 enuntiabili
2326 1028 2584 1092 orationi,
2622 1026 2720 1082 Dei
2757 1026 2986 1081 verbum
3019 1023 3198 1080 simile
3230 1039 3354 1079 esse
3388 1041 3403 1078 :

1833 1124 2094 1195 quoniam
2127 1130 2316 1178 nostra
2349 1121 2464 1175 haec
2492 1119 2672 1174 oratio
2718 1119 2775 1173 in
2820 1117 3049 1173 vocibus
3077 1124 3132 1171 et
3159 1114 3406 1187 syllabis,

1833 1224 1890 1272 et
1922 1215 1990 1272 iis
2011 1230 2133 1285 qua:
2161 1229 2258 1284 per
2290 1213 2406 1268 haec
2433 1211 2836 1283 signiﬁcantur,
2865 1207 3127 1280 quicquid
3151 1209 3269 1277 ipsa
3301 1213 3405 1270 est,

1835 1307 2046 1363 obtinet
2075 1326 2088 1361 :
2121 1314 2332 1376 utpote,
2387 1320 2509 1375 quae
2551 1318 2648 1374 per
2677 1302 2940 1371 linguam,
2986 1308 3041 1355 et
3069 1300 3322 1363 arterias,
3354 1305 3411 1354 et

1837 1399 2044 1465 fauces,
2083 1409 2137 1454 et
2178 1414 2262 1462 os,
2306 1397 2623 1468 proferatur
2660 1414 2674 1448 :
2707 1395 3058 1465 sempiternae
3083 1407 3214 1447 vero
3246 1399 3411 1462 atque

1836 1494 2173 1563 incorporeas
2200 1498 2408 1544 naturae
2433 1487 2676 1544 Verbum
2706 1487 2856 1540 omni
2902 1485 3127 1540 omnino
3171 1483 3407 1546 ratione,

1836 1602 1958 1656 quae
1989 1601 2018 1639 a
2052 1585 2214 1640 nobis
2247 1581 2482 1654 proferri
2519 1581 2698 1637 solent
2733 1579 2899 1634 verba
2933 1584 3409 1648 praetergressum,

1837 1680 1973 1734 nihil
2003 1679 2256 1732 humanae
2276 1675 2508 1730 rationis
2531 1688 2642 1743 prae
2671 1687 2730 1727 se
2763 1670 2922 1738 ferat,
2954 1670 3050 1725 sed
3080 1670 3252 1724 solam
3285 1682 3412 1722 cum

1841 1772 2083 1826 humano
2131 1768 2301 1824 verbo
2354 1779 2705 1822 communem
2758 1761 3177 1832 appellationem
3227 1759 3410 1829 possi-

1842 1861 1966 1916 deat
2008 1879 2020 1914 :
2054 1859 2272 1930 quando
2299 1873 2478 1927 neque
2507 1870 2721 1918 vocem,
2773 1867 2897 1923 quae
2934 1866 3001 1905 ex
3055 1849 3197 1904 aeris
3249 1848 3410 1918 pulsu

1842 1958 2080 2015 constet,
2110 1965 2287 2020 neque
2313 1948 2584 2004 dictiones
2617 1946 2779 2010 ullas,
2809 1957 2986 2013 neque
3025 1941 3284 2012 syllabas,
3315 1953 3415 1994 ne-

1843 2059 1949 2112 que
1981 2042 2245 2111 linguam,
2282 2054 2462 2108 neque
2493 2053 2580 2101 os,
2627 2051 2805 2104 neque
2854 2034 3078 2088 omnino
3134 2029 3414 2102 quidpiam

1841 2132 2066 2187 humani
2118 2131 2232 2185 sive
2273 2127 2545 2193 mortalis,
2585 2126 2644 2181 in
2692 2124 2805 2180 Deo
2848 2121 3093 2178 universi
3144 2120 3414 2189 accipere,

1841 2225 1957 2279 sive
1986 2223 2310 2292 intelligere,
2341 2219 2424 2274 fas
2452 2225 2560 2274 est.
2591 2216 2650 2271 ld
2680 2216 2826 2271 enim
2855 2215 3080 2270 verbum
3115 2215 3310 2266 animae
3329 2225 3418 2266 es-

1841 2323 1945 2381 set,
1980 2313 2124 2384 quod
2168 2312 2320 2366 nullo
2349 2295 2512 2363 modo
2543 2322 2642 2378 per
2685 2306 2927 2375 seipsum
2957 2303 3027 2357 ab
3056 2303 3234 2356 anima
3267 2315 3420 2355 seor-

1840 2420 1964 2463 sum
1994 2408 2181 2473 posset
2207 2414 2351 2463 esse,
2395 2405 2490 2452 aut
2519 2396 2842 2452 consistere.
2877 2392 3009 2447 Tale
3048 2392 3193 2447 enim
3226 2391 3421 2445 huma-

1840 2513 1973 2552 num
2029 2501 2115 2550 est
2157 2493 2406 2556 verbum,
2451 2489 2599 2560 quod
2649 2487 2902 2559 privatim
2936 2485 3156 2556 quidem
3186 2484 3416 2548 nullam,

1843 2605 2020 2659 neque
2063 2585 2382 2647 essentiam,
2438 2596 2616 2651 neque
2661 2579 3024 2634 substantiam
3077 2576 3259 2637 habet,
3323 2573 3419 2629 sed

1844 2690 2017 2737 totum
2052 2680 2225 2734 libera
2259 2674 2507 2746 quaedam
2540 2673 2711 2727 motio
2743 2678 2850 2734 est,
2901 2677 2956 2724 et
3006 2666 3292 2723 efficientia
3321 2681 3418 2720 co-

1842 2773 2148 2848 gitationis.
2207 2769 2500 2830 Caeterum,
2534 2765 2714 2835 ipsum
2746 2762 2842 2816 Dei
2872 2761 3110 2816 Verbum
3143 2775 3254 2814 non
3287 2759 3417 2823 tale,

1845 2868 1943 2923 sed
1974 2881 2072 2936 per
2105 2864 2348 2933 seipsum
2381 2861 2592 2914 habens
2617 2858 2894 2929 propriam
2919 2851 3304 2914 substantiam,
3326 2866 3421 2905 us-

1844 2973 2170 3031 quequaque
2201 2956 2443 3010 divinam
2478 2959 2641 3021 atque
2677 2949 3089 3015 intelligentem,
3138 2959 3258 3014 quae
3306 2944 3420 3012 pri-

1841 3055 2010 3108 vatim
2053 3048 2270 3119 quidem
2317 3042 2602 3109 subsistit,
2649 3039 3010 3111 privatimque
3054 3035 3197 3090 idem
3235 3032 3418 3096 ellicit,

152 3146 430 3218 quidquid
464 3145 646 3209 ellicit,
678 3161 868 3200 verum
898 3147 1142 3201 materiae
1173 3149 1351 3203 omnis
1380 3158 1464 3205 est
1509 3167 1728 3222 expers,
1766 3159 1820 3207 et
1849 3151 2197 3217 incorporea,
2227 3147 2282 3196 et
2321 3138 2470 3194 omni
2529 3137 2742 3190 ratione
2770 3131 2933 3205 primi
2970 3138 3027 3186 et
3055 3129 3303 3201 ingeniti,
3358 3132 3414 3182 et

152 3240 337 3296 solius
370 3240 466 3296 Dei
511 3246 720 3294 naturae
753 3238 1078 3303 assimilata,
1121 3255 1310 3296 earum
1364 3218 1611 3299 omnium
1678 3260 1864 3300 rerum
1925 3256 2048 3313 quae
2088 3238 2246 3292 facta:
2315 3239 2464 3295 sunt,
2505 3229 2767 3288 rationes,
2804 3233 2860 3279 et
2911 3237 3101 3278 earum
3149 3235 3271 3291 quae
3305 3218 3410 3274 sub

150 3335 343 3388 visum
372 3332 597 3395 cadunt,
632 3332 984 3402 incorporeas
1013 3339 1068 3386 et
1091 3320 1396 3390 invisibiles
1426 3339 1659 3406 species,
1713 3337 1770 3392 in
1808 3311 1990 3406 seipsa
2058 3331 2258 3386 ferens.
2305 3324 2486 3392 Quare
2520 3322 2670 3376 illam
2717 3327 2773 3375 et
2816 3316 3152 3387 Sapientiam
3210 3321 3264 3369 et
3321 3311 3416 3366 Dei

153 3427 428 3492 Verbtln,
459 3425 645 3481 divina
677 3427 899 3481 oracula
925 3428 1220 3496 appellant.

695 3520 1093 3574 ΚΕΦΑΛΑΙΟΝ
1128 3523 1219 3588 ς’.

163 3607 271 3688 Ὠς
300 3609 403 3688 καὶ
450 3607 692 3688 'Hg’ai‘ag
730 3609 842 3688 δύο
885 3609 1150 3688 βορίους
1197 3613 1411 3688 ομοίως
1449 3614 1530 3688 τῷ
1570 3615 1748 3688 Δᾳϐὶδ

235 3680 538 3758 ὁμολργιεῖ,
576 3680 677 3758 καὶ
721 3681 829 3733 τὸν
852 3680 1159 3758 ⁵δεύτεροτῄ
1196 3681 1558 3758 δημιουργὸν
1593 3684 1745 3741 εἶναι

239 3747 360 3802 τῶν
391 3747 573 3812 ὅλων,
603 3749 920 3818 ὠσπεροῦν
952 3747 1051 3804 καὶ
1093 3747 1634 3825 αὑτοϊδοξᾶζομεν.

239 3860 260 3892 ι
297 3841 505 3894 Ἀκουέ
557 3860 682 3913 μου,
723 3841 918 3895 Ἰακὼϐ
938 3845 1032 3897 καὶ
1067 3845 1304 3916 Ἰσραὴλ,
1323 3846 1380 3899 ὃν
1419 3847 1528 3917 ἐγὼ
1572 3849 1742 3905 καλῶ.

171 3933 320 4003 Ἐγώ
348 3935 466 4004 εἰμι
499 3933 733 4004 πρῶτος,
767 3935 862 3988 καὶ
888 3934 997 4003 ἐγώ
1030 3936 1146 4005 εἰμι
1176 3937 1256 4000 είς
1297 3937 1387 3990 τὸν
1427 3939 1620 4004 αἰῶνα,
1652 3940 1747 3993 καὶ

159 4027 196 4095 ὴ
229 4025 356 4095 χείρ
403 4041 513 4093 μου.
549 4022 877 4094 ἐθεμελίωσε
907 4024 1005 4095 τὴν
1049 4025 1174 4095 γῆν,
1229 4027 1321 4079 καὶ
1361 4030 1394 4098 ἡ
1442 4028 1592 4094 δεξιά
1643 4047 1745 4102 μου

159 4117 469 4188 ἐστερέωσε
507 4117 598 4170 τὸν
636 4116 883 4189 οὐρανόν.
943 4117 1174 4170 Καλέσω
1223 4120 1444 4186 αὐτοὺς,
1492 4123 1587 4177 καὶ
1621 4125 1749 4197 στή-

162 4223 354 4260 σονται
401 4207 540 4278 ἅμα,
572 4209 666 4261 καὶ
707 4208 1130 4280 συναχθήσονται
1171 4211 1394 4276 πάντες,
1442 4214 1537 4267 καὶ
1579 4215 1746 4268 ἀκού-

161 4318 372 4366 σονται,
409 4301 492 4364 τίς
522 4301 704 4364 αὐτοῖς
730 4301 1018 4373 ἀνήγγειλε
1049 4303 1242 4358 ταῦτα.
1279 4305 1484 4378 Κύριος
1517 4307 1747 4375 ἀγαπῶν

158 4411 246 4457 σε,
278 4392 504 4462 ἐποίησε
547 4393 606 4446 τὺ
649 4393 859 4464 θέλημά
902 4412 996 4448 σου
1029 4396 1119 4449 ἐπὶ
1150 4397 1464 4464 Βαϐυλῶνα,
1493 4401 1586 4454 τοῦ
1617 4396 1748 4473 ἆραι

160 4482 391 4553 σπέρμα
419 4481 717 4536 Χαλδαίων.
768 4484 905 4553 Ἐγὼ
933 4484 1188 4556 ἐλάλησα,
1221 4489 1313 4542 καὶ
1354 4488 1464 4556 ἐγὼ
1489 4490 1745 4546 ἐκάλεσα.

109 4582 112 4585 ’
163 4575 418 4643 Ἥγαγον
451 4575 633 4640 αὐτὸν,
667 4577 760 4629 καὶ
791 4577 1044 4630 εύώδωσα
1081 4578 1177 4650 τὴν
1205 4580 1324 4634 ὁδὸν
1351 4582 1535 4635 αὐτοῦ.
1574 4583 1748 4655 Προσ-

163 4666 409 4733 ατάγετε
437 4665 572 4735 πρὸς
614 4665 702 4735 μὲ,
737 4668 831 4720 καὶ
868 4666 1136 4720 ἀκούσατε
1163 4669 1353 4723 ταῦτα.
1387 4673 1499 4725 Οὐκ
1530 4671 1624 4724 ἀπ’
1650 4674 1749 4745 ἀρ-

161 4758 267 4828 χῆς
291 4759 352 4810 ἐν
393 4760 575 4828 κρυφῇ
603 4757 894 4830 λελάληκα.
939 4760 1130 4815 Ἦνίκα
1161 4763 1394 4829 ἐγένετο,
1437 4765 1555 4817 ἐκεῖ
1575 4766 1744 4837 ήμην.

1769 3527 1816 3589 C

2453 3502 2684 3560 CAPUT
2723 3500 2813 3557 Vl.

1848 3607 2002 3677 Quod
2036 3606 2215 3677 Isaias
2250 3599 2495 3655 similiter
2522 3607 2580 3650 ut
2605 3595 2796 3677 David‘,
2825 3592 2980 3655 duos,
3001 3588 3218 3673 Patrem
3246 3599 3294 3677 εξ

1916 3659 2049 3733 lium
2077 3659 2382 3744 icon/iretur,
2421 3679 2471 3744 et
2502 3683 2685 3744 eorum
2727 3665 2956 3718 alterum
2988 3661 3219 3744 universi
3251 3659 3422 3729 Opiﬁ-

1922 3765 2054 3812 cem,
2085 3733 2528 3816 quemadmodum
2555 3739 2658 3808 ipsi
2692 3749 2894 3807 quoque
2924 3733 3208 3785 credimus.

1923 3862 1941 3895 ε
1989 3841 2127 3895 Audi
2177 3853 2285 3901 me,
2336 3835 2526 3897 Jacob,
2580 3838 2634 3887 et
2681 3828 2852 3884 Israel
2896 3841 3060 3897 quem
3107 3839 3212 3894 ego
3256 3836 3416 3877 voco.

1846 3935 1960 4006 Ego
2009 3947 2130 3988 sum
2185 3929 2418 4000 primus,
2474 3931 2529 3978 et
2577 3936 2679 3992 ego
2735 3935 2857 3975 sum
2914 3919 2971 3973 in
3025 3922 3310 3978 aeternum,
3367 3917 3425 3967 et

1848 4005 2047 4083 manus
2115 4039 2237 4080 mea
2297 4017 2549 4076 fundavit
2607 4025 2848 4078 terram,
2923 4009 3082 4079 231
3157 4013 3213 4062 et
3285 4005 3422 4060 dex-

1847 4128 1965 4176 tera
2024 4131 2143 4172 mea
2205 4108 2571 4169 consolidavit
2631 4106 2826 4162 emlos.
2889 4099 3112 4156 Vocabo
3177 4113 3312 4164 eos,
3369 4107 3424 4153 et

1848 4213 2070 4269 stabunt
2115 4206 2298 4269 simul,
2331 4211 2384 4259 et
2431 4199 2909 4272 congregabuntur
2957 4207 3182 4255 omnes,
3225 4196 3279 4244 et
3323 4204 3424 4242 au-

1848 4305 2018 4367 dient,
2062 4301 2186 4372 quis
2223 4298 2303 4354 eis
2339 4292 2686 4349 annuntiavit
2735 4289 2872 4343 haec.
2908 4285 3173 4340 Dominus
3212 4281 3306 4352 qui
3339 4280 3425 4334 dio

1848 4393 1963 4463 ligit
1993 4371 2087 4458 te,
2119 4388 2246 4444 fecit
2267 4385 2600 4440 voluntatem
2629 4387 2778 4433 tuam
2816 4377 2871 4430 in
2901 4374 3206 4446 Babylone,
3235 4379 3296 4424 ut
3321 4371 3424 4423 tol-

1848 4485 1982 4539 leret
2010 4497 2193 4537 semen
2226 4476 2627 4532 Chaldaeorum.
2665 4470 2779 4540 Ego
2806 4469 3027 4523 locutus
3062 4479 3207 4527 sum,
3231 4470 3285 4518 et
3324 4477 3424 4532 ego

1848 4576 2036 4631 vocavi
2067 4591 2085 4640 ;
2113 4573 2242 4628 duxi
2275 4585 2398 4626 eum
2421 4609 2436 4633 ,
2487 4574 2541 4622 et
2575 4563 2751 4620 direxi
2802 4560 2946 4616 viam
2977 4558 3136 4628 ejus:
3173 4556 3425 4610 adducite

1849 4669 1917 4725 ad
1949 4686 2056 4734 me,
2085 4676 2141 4724 et
2169 4667 2351 4721 audite
2386 4664 2519 4716 haec.
2547 4659 2667 4715 Non
2701 4657 2770 4712 ab
2804 4655 2960 4710 initio
3000 4655 3057 4709 in
3100 4652 3315 4707 occulto
3344 4650 3425 4704 lo—

1849 4771 2009 4819 cutus
2050 4775 2191 4815 sum.
2223 4754 2453 4823 Quando
2483 4752 2662 4815 fiebat,
2696 4748 2808 4802 illic
2843 4761 2992 4801 eram
3023 4764 3036 4798 :
3073 4751 3126 4798 et
3151 4756 3296 4796 nunc
3317 4740 3424 4794 Do-

162 4849 278 4902 Καὶ
302 4846 401 4902 νῦν
421 4847 623 4919 Κύριος
645 4849 849 4920 Κύριος
877 4852 1184 4906 ἀπέσταλκέ
1210 4871 1300 4924 με,
1321 4855 1416 4908 καὶ
1444 4855 1503 4909 τὺ
1531 4832 1738 4926 πνεῦμα

1850 4856 2034 4910 minus
2066 4849 2330 4905 Dominus
2358 4845 2508 4901 misit
2536 4858 2642 4905 me,
2665 4847 2720 4896 et
2744 4839 2970 4909 spiritus
2997 4837 3117 4906 ejus
3145 4835 3208 4888 '9.
3239 4853 3258 4885 ›
3280 4832 3427 4887 Con-

161 4938 358 4994 αὐτοῦ.
396 4959 416 4992 ι
454 4940 593 5013 Ὅρα
649 4941 714 5011 δὴ
766 4944 860 4996 καὶ
915 4942 1009 4998 νῦν
1059 4945 1180 4998 τίνα
1226 4946 1426 5017 τρόπον
1469 4950 1498 5001 6
1544 4949 1742 5018 φήσας,

167 5051 187 5083 α
243 5032 390 5102 Ἐγώ
413 5035 529 5105 εἰμι
560 5036 588 5087 6
620 5035 858 5105 πρῶτος,
889 5037 984 5090 καὶ
1015 5037 1126 5106 ἐγώ
1153 5040 1266 5109 εἰμι
1293 5042 1374 5104 είς
1417 5042 1509 5095 τὸν
1551 5042 1742 5104 αἰῶνα,

161 5127 192 5177 6
238 5125 340 5196 τὴν
370 5125 472 5197 γῆν
497 5126 591 5180 καὶ
619 5128 708 5180 τὸν
732 5127 957 5198 οὐρανὸν
986 5131 1408 5201 συστησάμενος,
1450 5151 1469 5183 ι
1502 5134 1746 5205 ἐναργῶς

159 5216 340 5279 οὕτως
391 5217 726 5270 ἀπεστάλθαι
779 5219 1032 5289 ὁμολογεῖ
1087 5221 1192 5274 ὑπὸ
1241 5223 1452 5294 Κυρίου
1515 5225 1742 5297 Κυρίου,

159 5306 312 5360 οὕτω
344 5307 436 5360 τὸν
462 5307 682 5380 Πατέρα
727 5310 971 5382 συνήθως
1003 5311 1084 5376 δὶς
1124 5312 1328 5386 Κύριον
1380 5316 1746 5387 ἀναγορεύων,

162 5397 242 5461 ὡς
273 5397 341 5450 ἂν
368 5398 512 5469 ἔχοις
557 5403 651 5454 καὶ
696 5402 900 5475 ταύτην
929 5405 1330 5475 ἀναμφίλεκτον
1368 5407 1460 5460 τοῦ
1487 5405 1750 5479 ζητουμέ-

159 5506 258 5542 νου
287 5488 388 5560 τὴν
425 5491 748 5561 μαρτυρίαν.
785 5495 1008 5565 Πρῶτον
1044 5495 1100 5548 δὲ
1146 5497 1308 5550 αὑτὸν
1349 5497 1425 5561 ὡς
1469 5499 1526 5550 ἐν
1554 5515 1747 5569 γεννη-

159 5585 280 5646 τοῖς
309 5583 552 5646 εὐσεϐῶς
579 5581 714 5639 εἶναι
740 5585 910 5655 λέγει,
939 5589 1036 5661 τὴν
1069 5588 1303 5660 ἄναρχον
1336 5591 1429 5644 καὶ
1458 5589 1747 5660 ἀγέννητον
1801 5642 1809 5654 ,

237 5717 285 5750 ³³
308 5716 413 5773 lsa.
453 5726 638 5777 “vni.
681 5716 869 5776 12-16.

1854 4946 2054 5009 sidera,
2081 4957 2286 5014 quaeso,
2317 4940 2428 5003 hic,
2454 4949 2693 5008 quonam
2726 4931 2887 4986 modo
2907 4930 3000 4998 qui
3029 4925 3168 4982 dixit
3196 4941 3210 4978 :
3253 4942 3272 4976 ι
3312 4923 3425 4994 Ego

1854 5054 1974 5095 sum
2004 5037 2233 5107 primus,
2259 5040 2311 5088 et
2336 5046 2437 5101 ego
2487 5043 2609 5084 sum
2641 5026 2694 5079 in
2726 5031 3012 5084 atomum,
3065 5017 3160 5089 qui
3217 5023 3424 5071 terram

1851 5141 1906 5188 et
1931 5131 2130 5185 caelum
2151 5122 2530 5187 condidit,iita
2557 5121 2716 5190 plane
2742 5131 2800 5170 se
2820 5115 3048 5168 missum
3073 5125 3197 5166 esse
3225 5108 3426 5163 fatetur

1851 5238 1883 5277 a
1917 5221 2148 5276 Domino
2182 5216 2432 5272 Domino.
2485 5210 2578 5265 Sic
2606 5210 2752 5264 enim
2782 5205 2998 5259 Patrem
3026 5201 3311 5256 consuevit
3337 5198 3426 5255 bis

1848 5311 2140 5367 Dominum
2162 5307 2454 5378 appellare.
2485 5300 2671 5370 Itaque
2687 5297 2857 5351 habes
2881 5295 2986 5348 hoc
3017 5307 3235 5363 quoque
3263 5290 3425 5345 indu-

1848 5405 2104 5464 bitatum,
2130 5400 2198 5454 de
2229 5413 2294 5453 eo
2326 5396 2392 5450 de
2424 5408 2532 5463 quo
2558 5389 2845 5461 qumritur,
2874 5384 3248 5441 testimonium
3303 5380 3424 5435 Pri-

1847 5509 1999 5550 mum
2029 5506 2158 5547 vero
2185 5490 2334 5545 illum
2369 5486 2456 5539 hic
2489 5483 2624 5538 dicit
2658 5497 2782 5537 esse
2816 5479 3080 5550 propheta
3108 5516 3123 5542 ,
3158 5489 3316 5546 quem
3365 5473 3422 5528 in

1849 5589 1917 5645 iis
1946 5601 2066 5659 qua:
2093 5584 2275 5658 genita
2305 5586 2432 5638 sunt
2470 5578 2556 5648 pie
2602 5575 2732 5631 colit
2758 5592 2772 5630 :
2809 5587 2935 5630 nam
2965 5585 3086 5642 quae
3127 5569 3246 5628 sine
3271 5566 3424 5638 prin-
