3846 6218
377 188 484 248 379

1075 184 1345 240 EUSEBII
1383 185 1862 244 CAESARIENSIS
1883 186 2034 244 OPP.
2071 188 2252 245 PARS
2287 191 2355 246 ll.
2393 221 2464 233 ——
2499 189 2996 246 APOLOGETICA.

3539 189 3652 244 580

379 305 524 375 cipio
547 310 651 368 est,
677 317 906 374 qua‘que
929 304 1111 375 genita
1148 321 1257 360 non
1283 314 1388 370 est,
1418 309 1682 371 essentia,
1707 323 1826 363 eam
1849 315 1953 368 ,at—
1979 359 1980 369 ,

2098 311 2148 364 al
2173 313 2273 384 τὴν
2300 313 2439 385 ὑπὲρ
2466 312 2527 365 τὸ
2560 312 2774 383 πρῶτον
2801 311 2988 364 οὐσίαν
3019 309 3307 381 ἀπονέμων
3336 305 3416 382 τῷ
3442 309 3625 380 Ila-cpi

379 396 571 450 tribuit
603 394 774 450 Patri.
809 394 1052 450 Primum
1084 397 1228 451 enim
1291 397 1347 451 in
1377 399 1562 468 aliquo
1609 398 1817 470 majore
1857 415 1960 454 nu-

379 503 535 543 mero
587 487 880 552 antecedit,
916 496 971 542 et
1007 489 1215 543 honore
1265 497 1428 560 atque
1476 490 1668 545 ordine
1723 491 1967 561 przeponi

383 581 562 635 solet:
594 579 738 648 quod
794 579 1010 648 quidem
1063 581 1380 649 neutiquam
1433 579 1582 635 Patri
1621 582 1956 636 conveniat:

383 685 497 724 non
541 671 684 724 enim
733 685 923 724 eorum
969 685 1092 740 qua:
1130 671 1310 740 genita
1343 679 1470 725 sunt
1518 672 1728 742 primus
1761 680 1845 726 est
1875 689 1969 727 su-

385 777 608 833 premus
638 760 809 828 Deus,
847 762 1104 831 quoniam
1140 778 1207 816 ne
1229 763 1552 834 principium
1583 764 1799 834 quidem
1821 764 1967 820 illius

386 853 558 906 ullum
593 852 889 922 excogitari
925 860 1124 922 potest,
1166 853 1260 906 sed
1290 861 1375 908 est
1410 855 1553 908 ultra
1584 855 1843 924 primum,
1871 863 1963 909 ut-

387 948 513 1010 pote
566 941 660 1011 qui
719 941 954 1010 primum
1000 943 1115 1010 ipse
1162 943 1442 1011 genuerit,
1483 951 1647 1013 atque
1705 951 1764 997 ut
1797 951 1962 1010 esset,

387 1032 577 1086 fecerit
618 1050 631 1086 :
671 1032 1106 1102 quandoquidem
1155 1033 1331 1087 solum
1388 1034 1636 1088 divinum
1685 1033 1963 1098 Verbum,

2067 404 2139 456 T6
2181 405 2289 476 γάρ
2313 421 2394 457 τοι
2437 403 2652 476 πρῶτον
2684 401 2917 474 ἀριθμοῦ
2954 401 3196 464 πλείονος
3231 402 3462 470 ἡγεῖται,
3508 401 3646 468 τιμῇ

2065 497 2160 549 καὶ
2189 496 2339 560 τάξει
2370 494 2807 567 προτεταγμένον
2832 511 2844 524 ·
2883 495 3020 564 ὅπερ
3047 492 3147 545 οὐκ
3181 491 3244 544 ἂν
3276 491 3370 544 ἐπὶ
3401 492 3497 544 τοῦ
3528 493 3648 544 Πα-

2063 587 2192 659 τρὸς
2221 588 2510 658 ἀρμόσειεν
2535 604 2547 616 ·
2580 587 2641 640 οὐ
2690 585 2800 655 γὰρ
2827 586 2890 655 δὴ
2925 583 3199 654 γεννητῶν
3238 582 3452 653 πρῶτος
3491 584 3522 635 6
3551 580 3653 635 ἐπὶ

2066 679 2284 731 πάντων
2311 677 2466 742 Θεὸς,
2497 679 2619 730 ἐπεὶ
2655 677 2778 747 μηδ’
2821 677 2962 746 ἀρχή
3005 693 3090 739 τις
3123 676 3412 728 ἐπινοεῖται
3440 672 3609 725 αὐτοῦ
3629 687 3647 702 ⁸

2065 771 2320 823 ἐπέκεινα
2353 769 2395 821 δ’
2424 771 2490 823 ἂν
2521 770 2604 838 εἴη
2635 767 2727 820 καὶ
2757 766 3017 820 ἀνωτάτω
3055 764 3147 819 τοῦ
3179 765 3414 837 πρώτου,
3455 765 3554 817 an
3582 762 3651 832 δὴ

2067 858 2230 923 αὐτὸς
2260 861 2355 913 καὶ
2385 859 2446 911 τὸ
2479 857 2692 928 πρῶτον
2739 858 3009 928 γεννήσας
3039 857 3133 909 καὶ
3180 855 3650 925 ὑποστησάμενος,

2069 950 2232 1019 μόνου
2276 948 2371 1002 τοῦ
2416 948 2564 1001 θείου
2593 947 2766 1014 Λόγου
2803 945 3019 999 πάντων
3049 944 3153 996 τῶν
3179 943 3385 1012 θνητῶν
3428 941 3655 1013 πρώτου

2065 1040 2515 1113 χρηματίζοντος.
2550 1041 2720 1109 Ζητου
2729 1038 2889 1109 μένου
2915 1037 2972 1089 δέ
2997 1036 3124 1108 ἄρα,
3148 1035 3290 1088 κατά
3315 1034 3396 1099 τὸ,
3429 1055 3449 1083 ‹
3476 1033 3657 1096 Αὐτὸς

388 1127 631 1180 omnium
664 1142 853 1182 eorum
879 1142 998 1196 qua:
1027 1126 1210 1198 genita
1237 1135 1385 1195 sunt,
1408 1128 1642 1198 primum
1667 1127 1792 1196 iure
1823 1143 1969 1182 nun-

2098 1127 2213 1196 ἷπε,
2243 1131 2336 1185 καὶ
2383 1130 2753 1202 ἐγενήθησαν⁹
2797 1128 2960 1190 αὐτὸς
3005 1125 3324 1190 ἐνετείλατο,
3367 1123 3461 1178 καὶ
3505 1122 3660 1175 ἐκτί-

388 1232 642 1292 cupatur.
680 1222 813 1277 Cum
842 1238 973 1292 ergo
1002 1230 1337 1292 quaereretur
1385 1223 1443 1277 in
1473 1223 1590 1287 illo,
1623 1243 1642 1276 ‹
1681 1221 1800 1293 Ipse
1827 1222 1967 1277 dixit

2098 1225 2297 1296 θησαν,
2349 1244 2366 1276 ι
2419 1225 2524 1278 τίνι
2572 1223 2671 1294 τὴν
2716 1220 2822 1276 τῶν
2871 1218 3143 1304 γεννητῶν
3192 1216 3503 1270 ἐντέταλται
3556 1215 3660 1287 δη-

388 1324 442 1370 et
478 1312 622 1367 facta
671 1322 819 1378 sunt,
855 1315 971 1383 ipse
1015 1313 1295 1368 mandavit
1335 1321 1390 1369 et
1441 1321 1624 1370 creata
1665 1322 1796 1371 sunt
1826 1316 1897 1382 ⁸ο,
1942 1333 1961 1368 ι

2098 1316 2382 1390 ιιουργίαν,
2409 1316 2504 1370 νῦν
2533 1314 2719 1385 σαφῶς
2744 1313 3139 1375 ἀποδέδεικται,
3169 1313 3250 1365 ὅτι
3280 1309 3358 1380 τῷ
3387 1310 3658 1380 φήσαντι·

390 1404 607 1458 cuinam
651 1405 1009 1457 creandarum
1045 1418 1228 1457 rerum
1281 1403 1622 1460 mandaverit
1667 1406 1968 1476 opiﬁcium,

2144 1407 2209 1460 Ἡ
2238 1409 2360 1478 χείρ
2398 1425 2499 1478 μου
2527 1405 2856 1477 ἐθεμελίωσε
2887 1404 2986 1475 τὴν
3019 1403 3144 1472 γῆν,
3174 1401 3268 1455 κα)¹
3293 1403 3325 1472 ἡ
3366 1398 3517 1463 δεξιά
3555 1415 3661 1468 μου

391 1511 540 1550 nunc
574 1496 859 1564 perspicue
891 1495 1321 1551 demonstratum
1364 1504 1482 1563 est,
1532 1496 1678 1566 quod
1720 1497 1972 1553 videlicet

2098 1499 2374 1572 arspéwas
2404 1499 2496 1552 τὸν
2527 1499 2755 1570 οὐρανόν
2774 1514 2790 1529 ο
2827 1516 2847 1550 ι
2892 1497 2952 1560 ὃς
2994 1495 3088 1549 καὶ
3117 1495 3254 1566 πρὸς
3284 1492 3378 1546 τοῦ
3414 1492 3668 1563 κρείττο-

391 1590 441 1641 ei
474 1588 565 1657 qui
597 1588 736 1642 dixit
777 1608 790 1643 :
843 1607 864 1640 ς
902 1587 1093 1643 Manus
1157 1603 1278 1643 mea
1333 1587 1583 1644 fundavit
1633 1599 1834 1644 terram
1860 1629 1876 1654 ,
1917 1596 1972 1645 et

2098 1608 2167 1655 νος
2190 1591 2528 1645 ἀπεστάλθαι
2569 1590 2822 1662 ὁμολογεῖ
2864 1589 3036 1658 λέγων
3056 1605 3070 1618 ·
3108 1608 3126 1640 ι
3163 1586 3278 1641 Νῦν
3309 1586 3516 1658 Κύριος
3544 1584 3665 1639 Κύ-

393 1682 581 1734 dextra
616 1694 736 1734 mea
765 1679 1124 1735 consolidavit
1154 1679 1350 1734 ccclum
1381 1700 1399 1732 ι
1420 1681 1514 1750 qui
1549 1680 1714 1735 etiam
1745 1696 1804 1737 se
1825 1679 1974 1734 aPa-

2098 1699 2194 1745 >ιος
2232 1681 2542 1735 ἀπέσταλκε
2579 1657 2668 1752 με,
2710 1657 2805 1733 καὶ
2841 1678 2901 1732 τὸ
2941 1657 3166 1748 πνεῦμα
3194 1673 3380 1729 αὑτοῦ.
3404 1657 3439 1726 ν»
3479 1671 3582 1743 Εἴη
3617 1672 3665 1723 δ’

394 1780 480 1827 tre
510 1772 735 1828 missum
777 1786 901 1827 esse
933 1769 1220 1825 conﬁtetur
1251 1771 1346 1824 ubi
1399 1771 1510 1824 ait:
1547 1788 1567 1821 ι
1603 1768 1760 1824 Nunc
1791 1768 1975 1823 Domi-

2098 1775 2143 1829 ἰν
2175 1777 2203 1829 6
2251 1775 2382 1837 Θεὸς
2432 1773 2604 1842 Λόγος
2647 1771 2744 1826 καὶ
2788 1769 2960 1825 ταῦτα
3009 1769 3253 1840 φάσκων,
3293 1785 3316 1820 ‹
3351 1766 3541 1835 ἐπειδὴ
3587 1764 3669 1834 τῷ

394 1877 502 1918 nus
542 1861 800 1916 Dominus
836 1860 983 1915 misit
1013 1875 1120 1924 me,
1147 1867 1202 1914 et
1231 1860 1459 1931 spiritus
1494 1859 1635 1928 ejus.
1674 1878 1694 1912 ι
1733 1858 1849 1911 Erit
1878 1873 1976 1912 au-

2098 1867 2237 1936 ldytp
2273 1865 2483 1935 Κυρίου
2518 1866 2566 1917 οἱ
2599 1863 2819 1934 οὐρανοὶ
2851 1859 3283 1930 ἐστερεώθησαν,
3323 1877 3345 1910 ι
3381 1856 3527 1911 κατά
3567 1855 3670 1927 τὴν

396 1962 505 2008 tem
539 1952 679 2007 Deus
715 1951 946 2007 Verbum
987 1952 1080 2020 qui
1125 1951 1240 2006 haec
1289 1951 1456 2014 dicat,
1489 1969 1510 2002 ‹
1546 1950 1766 2021 quando
1797 1948 1976 2005 Verbo

2098 1957 2187 2010 ιπὸ
2211 1950 2545 2026 τοῦψαλμοῦ
2580 1953 2902 2026 παράθεσιν.
2940 1951 3088 2023 Πλὴν
3116 1949 3272 2015 ἀλλά,
3295 1950 3346 2002 εἰ
3380 1949 3477 2003 καὶ
3503 1947 3670 2011 αὐτὸς

398 2042 614 2096 Domini
643 2042 767 2096 coeli
803 2041 1002 2095 firmati
1031 2049 1179 2106 sunt,
1209 2060 1228 2092 ι
1248 2056 1315 2095 ex
1342 2057 1407 2097 eo
1436 2040 1640 2096 Psalmi
1667 2041 1786 2094 loco
1810 2054 1973 2110 quam

2098 2051 2108 2100 5
2141 2047 2235 2101 τοῦ
2269 2046 2404 2101 Θεοῦ
2434 2047 2606 2115 Λόγος
2649 2047 2716 2114 τῇ
2760 2045 2977 2111 Κύριος
3015 2039 3344 2108 θεολογείται
3392 2053 3671 2109 προσηγο-

399 2149 567 2202 supra
608 2135 1001 2203 apposuimus:
1045 2133 1139 2189 sed
1173 2135 1316 2189 enim
1365 2149 1487 2188 cum
1538 2134 1716 2202 ipsum
1751 2147 1970 2204 quoque

397 2222 496 2278 Dei
531 2221 768 2277 Verbum
789 2262 804 2286 ,
847 2221 1060 2277 Domini
1084 2223 1441 2294 appellatione
1473 2233 1529 2279 ut
1558 2223 1702 2278 Deus
1727 2224 1975 2279 celebre-

399 2322 513 2380 tur,
547 2323 727 2369 tauien
771 2315 951 2385 ipsum
994 2323 1203 2386 patrem
1232 2314 1518 2370 Dominum
1539 2356 1554 2381 ,
1590 2317 1826 2370 maxima
1855 2331 1981 2370 cum

398 2408 705 2462 reverentia
734 2422 799 2461 ac
836 2408 1036 2478 pietate
1068 2407 1154 2463 bis
1186 2406 1475 2462 Dominum
1506 2409 1778 2478 appellat,
1827 2415 1890 2462 ut
1922 2407 1980 2463 in

399 2513 468 2552 eo
504 2498 817 2553 diversitate
839 2498 1078 2554 nominis
1109 2505 1312 2553 utatur.
1353 2516 1372 2549 ‹
1407 2496 1564 2553 Nunc
1598 2516 1618 2549 ι
1652 2498 1835 2564 enim,
1884 2497 1977 2552 in»

402 2589 543 2657 quit,
580 2607 600 2639 ι
632 2588 896 2644 Dominus
927 2589 1212 2656 [Dominus
1236 2590 1395 2656 Qmisit
1423 2605 1509 2644 me
1531 2629 1546 2654 ,
1587 2608 1606 2642 ι
1640 2596 1828 2659 utpote
1856 2604 1982 2644 cum

401 2678 566 2736 Pater
589 2688 643 2736 et
665 2680 806 2737 Deus
833 2682 924 2746 sit,
957 2689 1009 2738 et
1042 2692 1148 2737 tam
1179 2683 1264 2738 sui
1302 2681 1568 2752 unigeniti
1607 2679 1790 2746 Verbi,
1817 2696 1982 2752 quam

403 2788 593 2827 eorum
615 2775 878 2837 omnium,
904 2775 1063 2845 232
1087 2791 1207 2844 quae
1229 2776 1322 2829 illo
1347 2774 1622 2844 posterius
1651 2772 1794 2828 facta
1825 2781 1978 2841 sunt,

403 2873 634 2926 quorum
666 2874 787 2913 cum
816 2869 1134 2930 potestatem
1165 2877 1228 2916 ac
1250 2862 1549 2917 dominium
1573 2876 1604 2915 a
1628 2860 1788 2918 Patre
1807 2862 1984 2932 ipsum

401 2947 500 3003 Dci
527 2948 765 3005 Verbum
807 2954 1118 3022 acceperit,
1171 2961 1433 3025 tanquam
1473 2954 1544 3017 is,
1571 2956 1665 3026 qui
1696 2966 1752 3010 et
1805 2956 1986 3026 legiti-

2083 2140 2196 2210 ρίᾳ,
2229 2139 2377 2208 ὅμως
2405 2137 2495 2189 τὸν
2519 2134 2780 2188 ἀνωτάτω
2805 2134 2901 2186 κα)⁵
2927 2131 3210 2202 κρείττονα
3243 2127 3463 2199 Πατέρα
3496 2125 3668 2180 αὑτοῦ

2082 2231 2176 2282 καὶ
2212 2228 2418 2299 Κύριον
2448 2222 2506 2280 εὖ
2542 2225 2688 2298 μάλα
2717 2223 2956 2287 εὐσεϐῶς
2993 2222 3075 2286 δὶς
3103 2220 3306 2291 Κύριον
3337 2219 3503 2273 αὑτὸν
3537 2220 3670 2272 ἀνα-

2083 2321 2255 2384 καλεῖ,
2273 2319 2349 2390 τῷ
2375 2319 2615 2390 διαφόρῳ
2638 2315 2920 2388 χρώμενος
2934 2315 3020 2366 ἐπ’
3037 2312 3201 2368 αὑτοῦ
3231 2311 3476 2381 ὀνόματι.
3500 2327 3519 2360 ι
3557 2310 3669 2361 Καὶ

2083 2411 2178 2466 νῦν
2204 2431 2223 2463 ι
2243 2411 2372 2481 γὰρ,
2389 2410 2542 2481 φησὶ,
2581 2428 2599 2460 t
2622 2407 2826 2478 Κύριος
2848 2404 3051 2476 Κύριος
3078 2400 3386 2457 ἀπέσταλκέ
3405 2416 3496 2469 με,
3520 2417 3539 2449 ι
3571 2399 3673 2450 ὡσ-

2085 2501 2150 2554 ἀν
2181 2502 2384 2572 κυρίως
2417 2501 2570 2562 ὄντος
2601 2499 2694 2552 τοῦ
2729 2498 2822 2550 ἐπί
2855 2497 3072 2550 πάντων
3115 2491 3250 2546 Θεοῦ
3285 2489 3526 2562 πρώτου,
3577 2489 3673 2541 καὶ

2084 2590 2298 2660 άληθῶς
2330 2589 2535 2660 Κυρίου
2581 2587 2747 2640 αὐτοῦ
2778 2602 2839 2638 τε
2868 2584 2962 2638 τοῦ
3008 2579 3332 2654 μονογενοῦς
3367 2576 3533 2631 αὑτοῦ
3565 2577 3672 2630 Λό-

2085 2699 2204 2753 γου,
2239 2683 2333 2735 καὶ
2358 2681 2466 2733 τῶν
2501 2682 2619 2751 μετ’
2647 2679 2809 2734 αὐτὸν
2837 2674 3108 2748 γεννητῶν
3139 2673 3413 2739 ἁπάντων,
3441 2669 3565 2723 καθ’
3597 2663 3673 2722 ὧν

2085 2775 2355 2847 δευτέρως
2385 2774 2484 2845 τὴν
2515 2771 2711 2843 κυρίαν
2745 2771 2839 2825 καὶ
2869 2766 3185 2822 δεσποτείαν
3227 2764 3378 2836 παρά
3414 2763 3509 2817 τοῦ
3555 2763 3670 2815 Πα-

2085 2868 2214 2940 τρὸς
2250 2868 2280 2918 6
2311 2864 2405 2920 τοῦ
2444 2863 2579 2918 Θεοῦ
2624 2863 2796 2930 Λόγος
2845 2859 3262 2930 ἀναδεξάμενος,
3311 2853 3402 2910 οἷα
3448 2857 3670 2928 γνήσιος

2091 2959 2218 3022 Υἱὸς
2242 2959 2334 3011 καὶ
2375 2957 2690 3028 μονογενὴς,
2726 2953 2977 3024 δεύτερος
3017 2949 3246 3021 εἰκότως,
3275 2949 3371 3008 καὶ
3404 2949 3568 3014 αὐτὸς
3606 2947 3674 3007 ἂν

405 3056 550 3108 mus,
580 3050 634 3095 et
663 3044 859 3098 unicus
886 3043 1057 3100 Filius
1088 3047 1179 3111 sit,
1215 3049 1410 3102 merito
1441 3049 1605 3103 etiam
1630 3050 1747 3118 ipse
1781 3049 1849 3103 ab
1891 3049 1980 3114 iis,

2098 3021 2327 3114 εὐσεϐῶς
2352 3021 2682 3122 γρηματίξοι
2719 3021 2956 3119 Κύριός,

407 3132 500 3199 qui
531 3139 585 3184 et
619 3133 704 3201 pic
735 3140 788 3186 et
823 3134 1076 3206 religiose
1099 3136 1280 3192 colere
1307 3136 1478 3194 Deum
1505 3140 1716 3206 volunt,
1747 3139 1986 3211 appella-

407 3221 558 3276 bitur
586 3221 874 3280 Dominus.

1009 3338 1239 3396 CAPUT
1282 3340 1392 3397 VII.

411 3450 454 3503 Α
496 3449 701 3506 Genesi.
733 3480 803 3490 —
832 3449 984 3515 Quod
1012 3454 1172 3507 etiam
1214 3458 1480 3510 maximus
1529 3457 1623 3512 Dei
1661 3477 1838 3514 servus
1872 3459 1990 3515 Mo-

483 3537 595 3599 ses,
665 3521 721 3574 in
791 3521 972 3599 mundi
1013 3523 1403 3599 fabricatione,
1473 3531 1710 3599 cognovit
1765 3533 1984 3586 Patrem

486 3590 753 3660 Deumque
793 3590 1044 3654 universi,
1078 3612 1196 3647 cum
1225 3590 1396 3650 altero
1417 3590 1888 3656 cominunicantem
1922 3603 1986 3656 de

485 3661 709 3734 hominis
728 3663 970 3734 Aopﬁiﬁcio,
1014 3664 1109 3718 hoc
1147 3681 1304 3734 porro
1335 3668 1571 3722 divinum
1613 3687 1725 3725 esse
1767 3672 1990 3727 Verbum

489 3742 609 3785 ante
646 3732 945 3786 didicimus.

492 3930 508 3960 ι
549 3911 616 3965 Et
643 3913 782 3967 dixit
813 3913 955 3971 Deus
979 3914 1585 3972 :Faciamushominem
1611 3916 1679 3971 ad
1698 3917 1990 3988 imaginem

417 4020 480 4058 ac
514 4005 922 4060 similitudinem
938 4007 1265 4073 nostram“,
1299 4027 1318 4060 ι
1353 4016 1410 4062 et
1439 4024 1634 4064 rursus
1669 4026 1681 4062 :
1713 4028 1732 4060 ι
1756 4007 1821 4062 Et
1847 4011 1988 4064 dixit

416 4094 583 4162 Deus,
610 4112 718 4150 non
756 4104 840 4152 est
867 4097 1072 4152 bonum
1100 4114 1223 4154 esse
1252 4097 1529 4153 hominem
1575 4099 1751 4154 solum
1773 4139 1788 4163 ,
1825 4098 1993 4154 facia-

415 4203 539 4242 mus
572 4187 646 4240 illi
675 4188 1001 4258 adjutorium
1021 4189 1320 4245 secundum
1345 4189 1522 4259 ipsum
1545 4189 1729 4244 “.iAc
1753 4206 1822 4246 ne
1842 4192 1989 4262 quis-

417 4280 561 4349 piam
595 4279 901 4349 suspicetur
928 4280 1043 4334 haec
1073 4279 1142 4334 ad
1177 4281 1414 4351 Angelos
1456 4281 1603 4336 dicta
1645 4280 1837 4350 fuisse,
1870 4297 1994 4336 con-

2611 3337 3008 3392 ΚΕΦΑΛᾹΙΟΝ
3057 3338 3130 3390 Ζ¹υ

2103 3458 2246 3514 Ἀπὸ
2278 3456 2389 3526 τῆς
2429 3456 2755 3526 Γενέσεως.
2784 3483 2856 3526 -ῖ-
2890 3452 2984 3526 ᾩς
3029 3448 3130 3526 καὶ
3169 3450 3202 3502 ό
3242 3446 3533 3526 μέγιστος
3567 3445 3675 3526 εοῦ

2164 3527 2318 3582 Θεοῦ
2337 3512 2622 3595 ’θεράπων
2654 3512 2904 3595 Moiqﬁg
2924 3512 2996 3575 ἐῶ·
3151 3512 3513 3595 κοὰμοποιίςι
3551 3512 3678 3595 οἶδε

2162 3597 2393 3665 Πατέρα
2411 3586 3049 3665 οιαὶ-θεὸνῖτῶέιῖὄλοη,
3081 3586 3263 3665 ἑτέρῳ
3285 3586 3677 3665 κοινολογοᾴ-

2157 3655 2346 3740 μενοᾶ
2387 3667 2488 3720 ἐπὶ
2519 3655 2593 3733 ἦ
2635 3664 2742 3718 τοῦ
2789 3660 3104 3728 ἀνθρώπου
3135 3655 3490 3727 δὴμιουργίᾳ
3514 3672 3529 3684 ·
3572 3655 3678 3707 τὸν

2161 3739 2323 3793 θεῖον⁸
2372 3736 2441 3790 δὲ
2490 3739 2686 3806 Λόγον
2739 3731 2958 3786 τοῦτον
3005 3726 3161 3784 εἶναι
3215 3724 3674 3797 προμεμαθήκα-

2155 3827 2295 3880 μεν.

2169 3941 2188 3975 ‹
2228 3923 2340 3976 Kal
2385 3915 2540 3974 εἶπεν
2568 3918 2598 3971 6
2645 3916 2818 3980 Θεόςο
2867 3915 3193 3985 Ποιήσωμεν
3237 3910 3527 3980 ἄνθρωπον
3560 3913 3678 3964 κατ’

2094 4015 2278 4070 εἰκόνα
2294 4012 2563 4085 ἡμετέραν
2588 4009 2682 4064 καὶ
2707 4007 2828 4062 καθ’
2854 4005 3132 4077 ὁμοίωσιν·
3156 4023 3174 4055 ι
3196 4004 3290 4057 καὶ
3318 3998 3475 4064 αὖθις
3495 4018 3542 4053 ⁸(
3569 4003 3680 4056 Καὶ

2095 4100 2245 4158 εἶπεν
2287 4105 2317 4154 6
2353 4101 2522 4164 Θεόςο
2562 4101 2638 4153 Οὐ
2691 4098 2856 4151 καλὸν
2918 4093 3056 4150 εἶναι
3101 4094 3192 4147 τὸν
3235 4093 3524 4164 ἄνθρωπον
3584 4093 3682 4161 μὸ-

2094 4213 2206 4260 νον,
2237 4194 2552 4264 ποιήσωμεν
2582 4188 2730 4260 αὐτῷ
2775 4187 2967 4259 βοηθὸν
3009 4186 3132 4240 κατ’
3179 4185 3358 4239 αὐτόν.
3389 4203 3409 4235 ι
3447 4186 3565 4238 Καὶ
3598 4187 3684 4237 ἵνα

2095 4303 2160 4354 γε
2189 4286 2262 4355 μή
2307 4300 2391 4347 τις
2423 4281 2561 4354 πρὸς
2609 4279 2873 4349 ἀγγέλους
2914 4277 3089 4332 ταῦτα
3118 4276 3367 4348 εἰρῆσθαι
3410 4275 3682 4346 νομίσειε,

416 4369 570 4423 tinuo
598 4369 840 4423 declarat
865 4385 988 4424 eum
1015 4369 1102 4424 cui
1129 4371 1456 4440 imperatum
1482 4372 1578 4438 sit,
1598 4388 1711 4427 non
1743 4389 1866 4431 esse
1897 4389 1980 4427 an-

2098 4373 2438 4446 παραχρῆμα
2485 4372 2636 4444 δηλοῖ
2662 4372 2770 4426 ιτὸν
2819 4367 3248 4438 κεκελευσμένον
3298 4369 3400 4420 οὐκ
3449 4367 3685 4436 ἄγγελον

416 4461 594 4530 gelum
628 4460 758 4523 Dei,
802 4461 991 4517 dicens
1028 4481 1040 4516 :
1083 4481 1102 4513 ι
1129 4461 1195 4514 Ει
1225 4462 1352 4518 fecit
1382 4464 1526 4520 Deus
1567 4464 1867 4523 hominem.
1922 4464 1992 4520 ad

417 4553 704 4624 imaginem
729 4553 824 4608 Dei
853 4553 979 4610 fecit
1005 4553 1175 4608 illum.
1207 4555 1255 4587 υ
1295 4575 1315 4608 ι

988 4669 1215 4726 CAPUT
1255 4668 1392 4725 VIII.

417 4775 730 4852 Ab_eadem.
776 4810 847 4818 —
896 4781 1049 4846 Quod
1099 4782 1300 4852 quidem
1337 4780 1509 4836 Moses
1566 4783 1644 4836 bis
1687 4783 1992 4850 planissime

491 4847 795 4969 Dong'num,
839 4852 950 4904 sine
981 4847 1121 4906 ullis'
1161 4854 1442 4907 involucris
1469 4892 1483 4916 ,
1537 4847 1816 4924 theologice
1850 4870 1991 4907 com-

491 4934 604 4969 men
648 4927 722 4969 at.

490 4927 722 4972 mandat.

497 5029 516 5060 ι
557 5007 650 5064 Sol
677 5017 832 5066 ortus
856 5018 939 5067 est
968 5027 1130 5083 super
1164 5022 1365 5071 terram
1390 5058 1406 5084 ,
1449 5025 1504 5070 et
1554 5015 1654 5070 Lot
1713 5016 1992 5087 ingressus

416 5109 502 5155 cst
531 5102 586 5155 in
616 5099 807 5173 Segor,
834 5110 887 5158 et
919 5104 1054 5174 pluit
1100 5105 1364 5164 Dominus
1398 5124 1570 5180 super-
1598 5109 1833 5164 Sodoma
1879 5111 1993 5165 sul—

2092 4467 2222 4520 ὄντα
2255 4464 2412 4530 Θεοῦ,
2444 4464 2637 4534 λέγων’
2668 4483 2686 4515 ι
2708 4464 2819 4516 Καὶ
2842 4461 3098 4533 ἐποίησεν
3129 4464 3157 4514 6
3187 4461 3320 4524 Θεὸς
3349 4461 3442 4515 τὸν
3467 4461 3683 4532 ἄνθρω-

2093 4577 2193 4613 πον
2220 4576 2234 4590 ·
2279 4557 2397 4611 κατ’
2429 4557 2613 4610 εἰκόνα
2640 4553 2776 4608 Θεοῦ
2800 4554 3054 4624 ἐποίησεν
3073 4553 3256 4606 αὐτόν.
3299 4571 3319 4606 ι

2621 4667 3016 4726 ΚΕΦΛΛΑΙΟΝ
3060 4670 3144 4722 H'.

2112 4784 2245 4841 Ἀπὸ
2274 4783 2383 4852 τῆς
2407 4782 2617 4854 αὐτῆς.
2647 4813 2709 4822 --
2745 4783 2842 4847 iac
2870 4785 2902 4835 ό
2946 4781 3128 4854 αὐτὸς
3164 4779 3388 4846 Μωσῆς
3428 4781 3543 4834 δύο
3571 4798 3677 4854 φε-

2169 4852 2439 4923 φέστατα
2482 4853 2743 4921 Κυρίους
2789 4852 3284 4918 ἀνεπικαλύπτως
3317 4852 3612 4919 θεολογεῐ.

2177 5031 2196 5063 ι
2237 5012 2295 5064 Ὁ
2331 5010 2483 5082 ἥλιος
2513 5009 2784 5065 ἀνέτειλεν
2813 5010 2906 5063 ἐπὶ
2935 5009 3034 5081 τὴν
3063 5008 3188 5078 γῆν,
3221 4998 3318 5061 καί
3347 5007 3472 5060 Λὼτ
3502 5007 3683 5078 εἰσῆλ-

2100 5105 2190 5158 θεν
2236 5106 2314 5167 εἰς
2337 5101 2554 5173 Σηγὼρ,
2589 5101 2683 5154 καὶ
2706 5100 2894 5173 ἔϐρεξε
2933 5099 3139 5171 Κύριος
3181 5099 3274 5152 ἐπὶ
3301 5098 3509 5169 Σόδομα
3543 5097 3683 5150 θεῖον

417 5192 508 5247 fur
533 5199 587 5247 et
636 5194 811 5264 ignem
846 5211 878 5249 a
918 5195 1150 5253 Domino
1184 5199 1249 5255 “.
1293 5220 1311 5252 ι
1347 5200 1515 5256 Plane
1569 5201 1655 5258 bis
1701 5200 1980 5256 Dominum

2099 5199 2193 5251 καὶ
2216 5195 2325 5268 πῦρ
2349 5195 2499 5266 παρά
2523 5195 2749 5265 Κυρίου.
2783 5214 2803 5246 ι
2840 5193 3033 5263 Σαφῶς
3062 5193 3313 5264 δεύτερον
3336 5191 3680 5264 ἀναγορεύει,

417 5281 689 5345 nominat,
714 5290 768 5336 et
805 5283 934 5338 huic
967 5285 1127 5342 docet
1157 5289 1224 5343 ab
1259 5290 1350 5345 illo
1380 5291 1698 5346 mandatum
1733 5308 1886 5358 csse,
1934 5302 1980 5346 ul

2098 5293 2156 5345 ὃν
2184 5293 2277 5345 καὶ
2313 5290 2552 5344 διδάσκει
2582 5289 2733 5360 παρὰ
2775 5287 2868 5340 τοῦ
2902 5287 3145 5358 μείζονος
3189 5285 3561 5357 ἐπιτραπέντα
3587 5285 3682 5353 τὴν

419 5374 619 5444 impios
652 5375 834 5429 debito
867 5379 1139 5448 supplicio
1182 5380 1378 5436 alliciat
1413 5402 1426 5437 :
1471 5385 1669 5438 ctenim
1707 5384 1831 5438 licet
1881 5399 1980 5437 non

2101 5384 2242 5438 κατὰ
2269 5384 2376 5436 τῶν
2421 5381 2634 5435 ἀσεϐῶν
2679 5379 3007 5450 ποιήσασθαι
3052 5379 3342 5450 τιμωρίαν.
3383 5378 3532 5450 Πλὴν
3571 5373 3681 5430 ἀλλ’

421 5467 592 5521 semel
624 5466 910 5524 Dominum
939 5481 1124 5539 aperte
1155 5474 1435 5540 dicamus,
1472 5492 1580 5530 non
1611 5484 1791 5532 tamen
1825 5477 1980 5531 simili

2101 5480 2148 5530 εἰ
2172 5479 2268 5530 καὶ
2291 5477 2383 5530 δύο
2409 5477 2644 5546 Κυρίους
2671 5471 3123 5535 ἀνεπικαλύπτως
3153 5469 3545 5542 ὁμολογοῦμεν,
3572 5467 3682 5523 ἀλλ’

489 5621 534 5654 ’⁸⁸
563 5621 706 5680 Psal.
733 5640 902 5694 xxxii,
942 5626 994 5684 9.
1074 5630 1112 5660 "
1147 5630 1280 5685 Gen.
1317 5630 1472 5697 1,26.
1552 5632 1593 5663 δ’
1625 5632 1759 5687 Gen.
1792 5647 1853 5698 ιι,
1891 5632 1953 5686 18

2126 5629 2259 5686 Gen.
2295 5648 2331 5696 ι,
2369 5631 2454 5684 27.
2520 5630 2562 5661 “
2595 5629 2729 5684 (ἕω.
2763 5643 2874 5694 ιιι,
2905 5625 3094 5694 23,24.
