3846 6218
200 224 305 279 38!

1154 215 1804 276 DEMONSTRATIONIS
1839 219 2319 275 EVANGELICA'].
2362 218 2489 273 LIB.
2535 219 2600 273 V.

3356 217 3463 273 382

192 339 258 391 οὐ
297 339 392 391 xui
431 339 548 401 ταῖς
588 337 803 407 ὁμοίαις
831 336 918 389 ἐπ’
944 335 1275 406 ἀμφοτέροις
1313 335 1573 406 χρώμεθα
1607 333 1787 390 θεολο-

1887 335 2090 405 ubique
2119 334 2323 388 utimur
2349 332 2645 402 theologia,
2678 331 2777 387 sed
2807 329 2896 401 pia
2928 329 3194 400 quadam,
3233 343 3298 384 ac
3328 331 3460 384 reli-

191 431 376 498 γίαις·
403 427 642 492 εὐσεϐῶς
681 428 738 480 δὲ
773 431 838 498 τῇ
867 427 1016 492 τάξει
1059 426 1351 499 χρώμενοι,
1378 429 1470 482 τὸν
1504 427 1610 498 μὲν
1643 429 1783 482 ἀνω-

190 521 347 574 τάτω
381 519 599 591 Πατέρα
627 519 723 572 καὶ
749 517 880 571 Θεὸν
906 508 1011 572 xui
1025 518 1250 590 Κύριον,
1281 519 1376 573 xui
1399 516 1495 572 τοῦ
1525 518 1779 589 δευτέρου

190 607 405 678 Κύριον
447 609 542 660 xui
595 607 726 661 Θεὸν
772 603 910 662 εἶναι
962 607 1398 678 πεπαιδεύμεθα’
1447 608 1538 662 τὸν
1576 607 1634 661 δὲ
1682 607 1779 661 τοῦ

191 699 335 753 Θεοῦ
368 700 561 768 Λόγον,
592 699 685 752 τὸν
711 699 960 772 δεύτερον
978 699 1204 772 Κύριον,
1227 699 1336 754 τῶν
1365 700 1464 772 μὲν
1494 701 1585 753 ὑπ’
1616 700 1780 754 αὐτὸν

191 791 486 860 δεσπότην,
517 791 616 844 οὐκ
661 792 741 844 ἐτι
784 792 840 845 δὲ
881 792 1083 863 ὁμοίως
1125 790 1346 846 καὶτοῦ
1394 792 1657 863 μείζονος.
1702 793 1776 846 Οὐ

192 884 306 954 γὰρ
340 883 433 937 τοῦ
480 884 694 953 Πατρὸς
736 883 972 954 Κύριος,
1016 884 1137 937 οὐδὲ
1184 883 1278 938 τοῦ
1307 883 1519 957 Πατρὸς
1562 885 1712 950 Θεὸς,
1745 887 1777 938 6

191 975 330 1038 Θεὸς
359 975 551 1043 Λόγος,
590 975 707 1028 ἀλλ’
747 975 952 1029 ἐκείνου
985 975 1083 1046 μὲν
1111 974 1295 1041 εἰκὼν,
1336 976 1431 1030 καὶ
1458 977 1649 1045 Λόγος,
1680 979 1776 1031 xui

193 1065 386 1134 σοφία,
412 1065 508 1118 xui
535 1065 783 1136 δύναμις,
812 1065 922 1120 τῶν
947 1067 1004 1120 δὲ
1035 1069 1150 1138 μετ’
1178 1067 1340 1120 αὐτὸν
1365 1067 1632 1138 δεσπότης
1665 1067 1778 1120 Κύ-

195 1172 334 1225 ριος,
371 1157 468 1208 xui
488 1155 620 1220 Θεός
639 1174 651 1186 ·
688 1159 716 1209 6
745 1156 803 1210 δέ
837 1174 901 1226 γε
931 1157 1121 1229 Πατὴρ
1152 1155 1364 1210 καὶτοῦ
1397 1156 1527 1210 Υὶοῦ
1561 1157 1772 1230 Πατὴρ,

189 1247 288 1298 καὶ
332 1247 536 1319 Κύριος
581 1249 676 1301 xui
718 1247 870 1311 Θεός.
903 1249 1066 1302 Ὅθεν
1113 1249 1338 1312 εἰκότως
1388 1248 1774 1320 ἀνατρέχουσιν

190 1338 273 1400 είς
305 1338 438 1407 μίαν
463 1339 638 1412 ἀρχήν
655 1357 670 1370 ·
703 1341 796 1394 xui
821 1342 900 1405 εἰς
927 1341 1025 1394 ἕνα
1051 1341 1182 1394 Θεὸν
1208 1341 1522 1395 συνίσταται
1546 1341 1676 1411 ἡμῖν
1702 1340 1770 1394 τὰ

188 1428 290 1498 τῆς
313 1429 572 1492 εὐσεϐοῦς
605 1429 901 1500 θεολογίας.

1884 425 2036 497 giosa
2066 425 2420 480 distinctione
2452 430 2708 486 utentes,
2740 423 2892 476 illum
2933 421 3153 492 quidem
3191 431 3245 476 et
3290 420 3463 477 Deum

1882 526 1936 571 et
1964 515 2251 572 Dominum
2275 555 2292 580 ,
2334 515 2502 584 hujus
2531 513 2697 568 etiam
2732 512 2950 567 Patrem
2978 528 3104 567 esse
3135 510 3316 566 edocti
3369 529 3464 567 su-

1882 623 2048 673 mus;
2087 608 2232 662 hunc
2256 622 2386 662 vero
2413 606 2617 676 ipsum,
2654 621 2815 676 quem
2846 613 2902 660 et
2957 603 3122 659 Verbi
3167 613 3221 657 et
3248 603 3463 658 Domini

1883 700 2242 771 appellatione
2263 698 2571 770 signiﬁcare
2593 698 3005 760 consuevimus,
3025 712 3215 750 eorum
3241 696 3462 765 quidem

1879 793 1974 865 qui
1999 800 2122 863 post
2139 792 2338 862 ipsum,
2360 799 2414 846 et
2442 791 2546 846 sub
2572 790 2692 859 ipso
2710 799 2856 853 sunt,
2872 804 2994 844 esse
3010 787 3323 849 Dominum,
3342 789 3462 857 ejus

1881 892 2063 940 autem
2084 885 2175 953 qui
2199 898 2370 938 unum
2397 897 2522 937 cum
2548 881 2668 951 ipso
2687 888 2796 946 est,
2828 879 3144 949 neutiquam
3168 878 3419 933 similiter
3443 898 3458 933 :

1881 975 2042 1046 233
2075 990 2252 1044 neque
2288 973 2435 1029 enim
2480 971 2660 1026 Patris
2701 971 2995 1035 Dominus,
3052 985 3229 1038 neque
3280 967 3463 1025 Patris

1881 1066 2047 1131 Deus,
2079 1067 2127 1121 is
2155 1068 2250 1137 qui
2288 1076 2374 1121 est
2428 1064 2572 1120 Deus
2605 1063 2885 1126 Verbum,
2930 1062 3024 1118 sed
3057 1063 3206 1116 illius
3243 1061 3461 1131 quidem

1881 1156 2082 1227 imago,
2119 1166 2174 1212 et
2202 1156 2464 1220 Verbum,
2499 1163 2554 1210 et
2587 1154 2888 1225 Sapientia,
2919 1161 2974 1209 et
3004 1153 3215 1216 virtus,
3269 1167 3463 1208 eorum

1879 1265 2011 1304 vero
2040 1264 2163 1320 quae
2207 1256 2332 1319 post
2378 1249 2558 1318 ipsum
2620 1247 2958 1301 collocantur
3017 1245 3305 1300 Dominum
3364 1244 3463 1298 ha-

1876 1341 2032 1406 bens,
2087 1349 2142 1396 et
2194 1339 2456 1396 Dominus
2500 1350 2554 1395 et
2589 1338 2736 1395 Deus
2771 1359 2784 1394 :
2830 1340 2919 1394 ille
2952 1354 3081 1394 vero
3110 1353 3233 1393 cum
3261 1345 3315 1392 et
3355 1336 3464 1389 Do-

1875 1435 2078 1497 minus,
2112 1441 2166 1489 et
2194 1433 2337 1488 Deus
2378 1434 2484 1496 sit,
2534 1433 2700 1486 etiam
2754 1439 2910 1501 pater
2943 1439 3029 1485 est
3065 1429 3264 1498 hujus,
3317 1427 3464 1482 sicut

187 1517 281 1572 hic
317 1520 466 1576 illius
503 1529 587 1576 est
627 1521 818 1578 Filius.
843 1524 1024 1590 Quare
1054 1539 1179 1578 cum
1201 1523 1256 1579 hi
1293 1525 1401 1580 duo
1435 1541 1604 1581 unum
1629 1525 1760 1590 sint,
1801 1527 1997 1582 merito
2054 1541 2120 1582 ea
2172 1540 2295 1596 quae
2352 1525 2421 1580 ad
2457 1525 2770 1597 religiosam
2821 1522 3152 1595 theologiam
3188 1521 3463 1593 pertinent

186 1609 246 1664 in
266 1625 443 1665 unum
470 1613 798 1686 principium
819 1615 978 1671 nobis
1013 1615 1300 1683 recidunt,
1337 1629 1391 1673 ct
1423 1617 1478 1672 in
1514 1634 1624 1673 uno
1654 1617 1764 1674 Deo
1799 1619 2128 1676 consistunt.

727 1747 1122 1803 ΚΕΦΑΛΑΙΟΝ
1167 1749 1246 1804 Θ’.

197 1876 367 1953 Ἀπὸ,
394 1881 504 1948 τῆς
543 1880 766 1953 αὐτῆς.
797 1913 867 1923 —
899 1883 992 1948 Ὠς
1046 1886 1081 1938 ὁ
1111 1883 1294 1950 αὐτὸς
1344 1885 1620 1953 θεράπων
1673 1887 1782 1942 τὸν

259 1950 417 2003 Θεὸν
467 1951 660 2016 Λόγον
685 1951 1213 2026 δηλοῖ-δεύτερον
1262 1950 1418 2009 Θεὸν
1446 1957 1543 2009 καὶ
1565 1961 1782 2026 Κύριον

257 2022 829 2096 προῳνομιιρμένον,
991 2025 1304 2092 ἀνθρώπου
1349 2044 1414 2079 τε
1447 2022 1660 2096 μορφῇ
1680 2029 1779 2083 καὶ

259 2087 528 2214 ῗχήμαέι
551 2087 742 2163 ὦρθαι
771 2111 834 2147 τε
859 2094 956 2147 καὶ
977 2087 1336 2164 χρηματίσαι
1363 2087 1489 2163 τοῑξν
1515 2087 1782 2165 ἓτᾶλὶιιοῖς

287 2179 516 2230 στορει.

266 2293 287 2325 α
341 2273 518 2345 Ὠφθη
550 2274 606 2328 δὲ
635 2274 839 2346 Κύριος
871 2276 950 2348 τῷ
992 2277 1262 2350 Ἀϐραὰμ,
1288 2280 1382 2334 xui
1413 2274 1562 2333 εἷπεν
1592 2280 1742 2354 αὐτῷ
1761 2300 1776 2315 ο

181 2363 279 2435 Τῷ
310 2364 588 2435 σπέρματί
624 2382 715 2418 σου
761 2365 916 2420 δώσω
951 2369 1051 2440 τὴν
1083 2370 1185 2440 γῆν
1213 2369 1442 2443 ταύτην.
1478 2391 1497 2422 ι
1539 2372 1649 2426 Kui
1675 2373 1781 2426 πά-

181 2455 270 2507 λιν
291 2472 304 2484 ο
337 2473 358 2505 ι
401 2454 647 2523 Ἐγένετο
673 2453 923 2527 Ἀϐραὰμ
949 2457 1085 2510 ἑτῶν
1109 2460 1458 2530 ἐννενήκοντα
1479 2461 1654 2526 ὲννέα,
1683 2465 1780 2516 xui

179 2546 352 2616 ὤφθη
365 2545 569 2618 Κύριος
591 2545 670 2617 τῷ
696 2547 964 2620 Ἀϐραὰμ,
994 2550 1088 2603 xui
1105 2546 1258 2604 εἶπεν
1292 2552 1462 2623 αὐτῷ’
1498 2553 1637 2624 Ἐγώ
1661 2557 1778 2626 εἰμι

179 2640 212 2692 6
231 2639 388 2701 Θεὸς.
411 2640 707 2711 Εύαρέστει
738 2641 966 2694 ἐνώπιόν
1012 2661 1136 2714 μου,
1158 2645 1253 2697 xui
1280 2645 1433 2714 γίνου
1464 2646 1776 2719 ἄμεμπτος,

178 2731 280 2783 καὶ
294 2730 534 2801 θήσομαι
554 2731 653 2802 τὴν
684 2731 947 2805 διαθήκην
965 2751 1066 2804 μου
1085 2735 1186 2789 ἀνὰ
1206 2737 1368 2807 μέσον
1391 2739 1526 2808 ἐμοῦ
1555 2742 1642 2794 καὶ
1672 2741 1778 2796 ἀνὰ

180 2823 356 2892 μέσον
369 2841 483 2887 σου,
499 2824 593 2877 καὶ
610 2824 864 2895 πληθυνῶ
879 2843 939 2878 σε
953 2828 1175 2898 σφόδρα.
1193 2849 1210 2879 ι
1232 2831 1342 2883 Καὶ
1359 2827 1534 2896 αὖθις
1561 2851 1578 2884 ι
1596 2834 1777 2905 Ὠφθη

176 2913 240 2966 δὲ
272 2915 302 2965 6
326 2914 460 2976 Θεὸς
488 2915 638 2986 αὐτῷ
661 2916 797 2987 πρὸς
833 2921 899 2989 τῇ
931 2919 1052 2990 δρυῒ
1080 2922 1146 2992 τῇ
1182 2921 1446 2994 Μαμϐρῆ,
1466 2923 1775 2996 καθημένου

176 3005 352 3059 αὐτοῦ
399 3007 491 3060 ἐπὶ
519 3009 618 3078 τῆς
648 3009 814 3079 θύρας
851 3014 949 3082 τῆς
990 3014 1194 3085 σκηνῆς
1217 3015 1378 3070 αὐτοῦ
1410 3018 1770 3091 μεσημϐρίας.

2484 1750 2717 1808 CAPUT
2758 1751 2854 1809 IX.

1881 1889 1958 1943 Ab
1997 1889 2200 1945 eadem.
2223 1921 2296 1930 ——
2319 1889 2472 1955 Quod
2516 1889 2658 1943 idem
2689 1889 2859 1944 Deum
2906 1886 3155 1951 Verbum,
3195 1887 3462 1958 signiﬁcat

1953 1960 2121 2014 Deum
2161 1978 2223 2014 ac
2265 1961 2551 2014 Dominum
2585 1961 2733 2028 prius
2773 1961 3103 2012 nominatum
3148 1967 3198 2011 et
3234 1959 3372 2027 quod
3405 1962 3463 2014 in

1952 2033 2176 2086 hominis
2220 2031 2416 2100 forma,
2457 2041 2505 2084 et
2540 2031 2734 2100 ﬁgura,
2773 2033 3020 2100 etgvisum
3060 2045 3193 2092 esse,
3232 2041 3281 2082 et
3317 2031 3461 2084 anti-

1948 2103 2064 2170 quis
2092 2098 2343 2173 responsa
2372 2098 2594 2156 dedisse'
2618 2098 2920 2154 conscribit.

1957 2299 1976 2332 ι
2002 2281 2269 2351 Apparuit
2307 2288 2487 2336 autem
2519 2279 2784 2336 Dominus
2816 2279 3071 2345 Abrahae,
3117 2287 3171 2334 et
3203 2280 3340 2334 dixit
3363 2280 3412 2334 ei
3441 2297 3457 2332 :

1881 2367 2088 2424 Semini
2118 2378 2212 2426 tuo
2245 2370 2386 2425 dabo
2413 2378 2614 2424 terram
2643 2369 2863 2422 hanc“.
2891 2389 2912 2422 ι
2933 2369 3001 2422 Ει
3030 2384 3225 2424 rursus
3249 2388 3262 2423 :
3284 2387 3303 2419 ‹
3331 2367 3462 2422 Erat

1879 2460 2156 2516 Abraham
2201 2477 2473 2517 annorum
2522 2462 2822 2531 nonaginta
2857 2475 3074 2526 novem,
3108 2469 3162 2514 ct
3207 2461 3462 2530 apparuit

1879 2549 2144 2606 Dominus
2192 2551 2444 2614 Abrahaa,
2487 2559 2541 2605 et
2592 2551 2732 2606 dixit
2782 2550 2830 2605 ei
2885 2567 2897 2604 :
2960 2549 3072 2621 Ego
3112 2566 3232 2604 sum
3267 2549 3456 2605 Deus:

1878 2640 2017 2696 bene
2051 2642 2285 2712 placitus
2330 2644 2407 2699 sis
2452 2658 2638 2698 coram
2679 2658 2787 2708 me,
2833 2649 2888 2697 et
2931 2649 3051 2696 esto
3084 2630 3456 2710 inculpabilis,

1879 2741 1932 2788 et
1973 2749 2175 2805 ponam
2222 2742 2610 2790 testamentum
2647 2751 2831 2814 meum
2861 2735 3003 2789 inter
3047 2741 3102 2789 te
3150 2741 3204 2789 et
3250 2749 3360 2803 me,
3402 2741 3460 2789 et

1878 2827 2253 2896 multiplicabo
2300 2835 2354 2883 te
2396 2828 2556 2884 valde
2575 2828 2642 2882 ⁸⁸.
2677 2847 2696 2880 ι
2734 2827 2802 2881 Ει
2848 2841 3044 2881 rursus
3083 2845 3098 2880 :
3137 2845 3156 2877 ι
3195 2823 3459 2896 Apparuit

1880 2930 2058 2976 autem
2081 2920 2226 2976 Deus
2260 2921 2310 2976 ei
2339 2920 2481 2990 apud
2511 2935 2772 2990 quercum
2797 2918 3062 2984 Mambre,
3085 2919 3214 2973 dum
3241 2916 3457 2972 sederet

1879 3013 1938 3068 in
1984 3014 2130 3070 ostio
2172 3013 2514 3067 tabernaculi
2543 3013 2650 3076 sui,
2687 3011 2808 3082 ipso
2855 3011 3123 3074 meridie;
3156 3025 3281 3064 cum
3321 3021 3455 3065 vero

188 3095 533 3167 Ἀναβλέψας
567 3100 624 3153 δὲ
654 3105 766 3166 τοῖς
806 3103 1104 3174 ὀφθαλμοῖς
1133 3105 1320 3169 αὑτοῦ,
1361 3103 1467 3160 εἶδε
1489 3125 1503 3137 ’
1533 3109 1627 3162 xui
1660 3110 1770 3162 ἰδοὺ

1877 3105 2052 3161 oculis
2087 3105 2204 3160 suis
2235 3107 2587 3174 respexisset,
2618 3105 2775 3170 vidit,
2806 3112 2861 3160 et
2892 3119 3022 3160 ecce
3054 3112 3166 3160 tres
3197 3105 3300 3158 viri
3342 3111 3454 3160 ste-

172 3193 328 3259 τρεῖς
353 3189 544 3262 ἄνδρες
569 3193 912 3265 είστήκεισαν
933 3195 1117 3249 ἐπάνω
1136 3197 1321 3252 αὑτοῦ.
1339 3199 1446 3251 Kai
1470 3199 1589 3254 ἰδὼν
1610 3219 1771 3274 προσ-

173 3282 420 3352 έδραμεν
478 3284 557 3346 είς
598 3285 920 3355 συνάντησιν
958 3287 1141 3351 αὐτοῖς
1180 3289 1288 3342 ἀπὸ
1317 3291 1418 3361 τῆς
1451 3289 1620 3363 θύρας
1671 3293 1770 3363 τῆς

174 3375 410 3445 σκηνῆς,
469 3375 564 3427 καὶ
626 3377 1022 3448 προσεκύνησε.
1064 3398 1083 3431 ›
1122 3381 1233 3434 Kai
1293 3382 1420 3454 ἑξῆς
1479 3384 1618 3454 μετὰ
1668 3387 1768 3459 τὴν

172 3465 450 3521 ὀπτασίαν
493 3470 776 3544 ἐπιφέρει·
815 3492 835 3524 ‹
875 3473 934 3526 Ὀ
977 3473 1034 3527 δὲ
1097 3476 1304 3547 Κύριος
1341 3474 1523 3531 εἶπεν·
1566 3480 1639 3534 Οὐ
1693 3483 1766 3556 μὴ

172 3558 375 3628 κρύψω
404 3560 516 3628 ἐγὼ
571 3563 679 3616 ἀπὸ
728 3563 979 3636 Ἀϐραὰμ
1037 3567 1132 3621 τοῦ
1187 3569 1376 3632 παιδός
1423 3588 1526 3641 μου
1573 3571 1610 3625 ἃ
1660 3572 1770 3642 ἐγὼ

386 3650 638 3723 Ἀϐραὰμ
664 3653 720 3706 δὲ
748 3656 1030 3726 γενόμενος
1052 3657 1204 3711 ἔσται
1224 3660 1304 3722 εἰς
1322 3659 1473 3723 ἔθνος
1505 3666 1646 3732 μέγα
1673 3663 1768 3716 καὶ

173 3737 340 3801 πολὺ,
377 3739 474 3793 xui
512 3741 1027 3814 ὲνευλογηθήσονται
1070 3749 1128 3800 ὲν
1154 3749 1304 3819 αὐτῷ
1331 3750 1511 3813 πάντα
1538 3751 1610 3804 τά
1637 3750 1766 3822 ἔθνη

171 3829 276 3898 τῆς
309 3830 436 3900 γῆς.
482 3849 501 3882 ι
550 3834 657 3886 Καὶ
688 3834 897 3900 τούτοις
928 3833 1082 3901 αὖθις
1109 3839 1350 3909 ἐπιλέγει
1381 3841 1457 3904 ὡς
1493 3843 1622 3915 περὶ
1647 3843 1766 3896 ἑτέ-

180 3937 276 3990 pou
302 3938 316 3950 ο
359 3940 378 3972 ι
413 3923 598 3993 ’ῌδειν
626 3924 755 3996 γὰρ,
791 3928 873 3979 ὅτι
906 3928 1156 3994 συντάξει
1175 3933 1288 3994 τοῖς
1310 3933 1447 3996 υἱοῖς
1471 3933 1636 3986 αὐτοῦ
1671 3935 1769 3988 καὶ

173 4013 256 4084 τῷ
291 4013 428 4086 οἴκῳ
460 4016 623 4070 αὑτοῦ
658 4019 775 4088 μεθ’
806 4021 986 4086 αὑτὸν,
1027 4023 1123 4076 xui
1158 4023 1450 4092 φυλάξουσι
1488 4027 1588 4090 τὰς
1612 4027 1767 4090 ὁδοὺς

173 4106 411 4178 Κυρίου,
439 4112 612 4162 ποιεῖν
632 4111 976 4185 δικαιοσύνην
1004 4115 1098 4169 xui
1131 4117 1334 4188 κρίσιν,
1366 4118 1514 4183 ὅπως
1551 4120 1766 4188 ἐπαγά-

171 4213 246 4270 γῃ
305 4199 513 4269 Κύριος
561 4202 653 4254 ἐπὶ
696 4203 946 4276 Ἀϐραὰμ
992 4205 1028 4260 ἀ
1081 4207 1310 4279 ὲλάλησε
1351 4209 1489 4282 πρὸς
1525 4211 1706 4265 αὐτόν.
1739 4232 1760 4265 ι

172 4289 366 4345 Ταῦτα
398 4292 562 4357 αὐτὸς
586 4295 1000 4367 ἀναγέγραπται
1028 4297 1202 4367 λέγων
1240 4301 1270 4352 6
1299 4302 1653 4372 χρηματίζων
1685 4303 1765 4376 τῷ

184 4381 443 4454 Ἀϐραὰμ
481 4384 703 4456 Κύριος,
737 4387 924 4458 ἕτερον
959 4389 1163 4460 Κύριον
1206 4392 1517 4462 ὁμολογῶν,
1560 4395 1764 4467 δηλαδὴ

169 4477 267 4531 τὸν
322 4478 490 4531 αὑτοῦ
537 4480 776 4552 Πατέρα,
817 4483 912 4536 xui
953 4483 1180 4556 ποιητὴν
1214 4485 1308 4538 τοῦ
1338 4488 1560 4560 παντὸς.
1597 4489 1664 4542 Ὅ
1698 4506 1764 4558 γε

175 4572 285 4642 μὴν
327 4571 601 4643 Ἀϐραὰμ,
637 4569 724 4627 οἷα
751 4577 1035 4648 προφήτης
1063 4577 1368 4648 κατάληψιν
1385 4560 1524 4649 ἔχων
1557 4579 1758 4652 ἀκριϐῆ

170 4663 265 4714 τοῦ
294 4665 746 4734 χρηματίζοντος,
778 4667 904 4739 ἑξῆς
929 4672 1041 4731 τοῖς
1064 4669 1439 4740 προεκτεθεῖσι
1475 4673 1759 4726 ποτνιᾶται

168 4753 346 4821 λέγων
368 4773 380 4784 ·
420 4776 438 4807 ι
478 4758 587 4810 Kai
615 4757 689 4830 μὴ
717 4760 1084 4833 συναπολέσῃς
1118 4761 1325 4815 δίκαιον
1359 4762 1475 4832 μετ’
1504 4763 1755 4828 ἀσεϐοῦς,

169 4846 265 4895 καὶ
295 4844 449 4898 ἔσται
480 4849 509 4898 ὁ
542 4848 748 4910 δίκαιος
773 4849 848 4912 ὡς
877 4849 1098 4922 ἀσεϐής.
1147 4851 1269 4904 Ἐὰν
1291 4845 1392 4906 ὦσι
1421 4853 1758 4924 πεντήκοντα

166 4934 368 4988 δίκαιοι
383 4939 442 4988 ἐν
467 4940 532 5008 τῇ
551 4938 722 5002 πόλει,
756 4941 975 5005 ἀπολεῖς
1003 4941 1231 5008 αύτούς;
1261 4943 1359 4994 ούκ
1379 4944 1601 5013 ἀνήσεις
1622 4944 1758 4998 πάν-

166 5041 235 5076 τα
270 5027 366 5079 τὸν
399 5028 565 5082 τόπον
597 5031 782 5084 ἕνεκεν
821 5033 930 5085 τῶν
979 5035 1314 5105 πεντήκοντα
1343 5033 1600 5099 δικαίων;
1631 5037 1755 5107 Μη-

164 5117 356 5188 δαμῶς
384 5120 448 5172 ab
482 5124 729 5194 ποιήσεις
756 5123 818 5177 τὸ
849 5125 996 5197 ῥῆμα
1025 5124 1202 5190 τοῦτο,
1227 5127 1320 5179 τοῦ
1349 5127 1662 5180 ἀποκτεῖναι
1685 5127 1758 5181 δί-

166 5229 322 5266 καιον
355 5215 494 5283 μετά
516 5215 765 5280 ἀσεϐοῦς,
798 5217 892 5270 xui
915 5217 1064 5272 ἔσται
1091 5221 1119 5272 6
1149 5219 1354 5283 δίκαιος
1373 5221 1448 5284 ὡς
1474 5222 1503 5273 6
1529 5220 1752 5291 ἀσεϐής·

169 5303 459 5375 μηδαμῶς·
493 5308 522 5358 ὁ
549 5307 748 5379 κρίνων
770 5311 949 5364 πᾶσαν
983 5311 1082 5382 τὴν
1106 5312 1229 5382 γῆν,
1259 5313 1321 5364 ού
1355 5314 1602 5385 ποιήσεις
1636 5312 1756 5384 κρί-

169 5413 291 5458 civ;
325 5416 343 5448 ι
390 5399 665 5466 Ἀγγέλοις
707 5400 770 5473 δὴ
800 5404 1027 5472 φάσκειν
1050 5403 1243 5468 ταῦτα,
1295 5405 1330 5475 ἦ
1371 5421 1474 5458 τινι
1514 5405 1626 5458 τῶν
1657 5404 1750 5457 τοῦ

163 5488 302 5542 Θεοῦ
349 5489 696 5562 λειτουργῶν,
743 5495 840 5566 οὐχ
893 5495 1133 5566 ἡγοῦμαι
1169 5496 1420 5566 λέγεσθαι
1453 5497 1748 5569 ἁρμόζεινο

1869 3205 2051 3254 terant
2097 3213 2262 3267 supra
2311 3213 2436 3252 eum
2464 3215 2480 3254 :
2512 3206 2567 3253 et
2613 3213 2740 3252 cum
2782 3197 3015 3252 vidisset
3068 3197 3310 3250 accurrit
3347 3197 3450 3250 ob-

1869 3291 2012 3345 viam
2043 3290 2174 3354 illis,
2209 3290 2278 3344 ab
2309 3291 2450 3344 ostio
2476 3289 2839 3353 tabernaculi,
2874 3297 2929 3344 et
2961 3289 3212 3343 adoravit
3228 3287 3295 3342 ".
3326 3306 3345 3339 ι
3371 3288 3454 3341 Ac

1869 3381 2126 3452 deinceps
2150 3391 2274 3452 post
2297 3382 2566 3436 visionem
2594 3380 2840 3451 adjungit
2863 3399 2877 3435 :
2915 3399 2935 3432 ι
2970 3379 3238 3436 Dominus
3267 3387 3449 3432 autem

1868 3473 2027 3537 dixit,
2059 3489 2169 3527 non
2200 3473 2390 3528 celabo
2415 3487 2518 3542 ego
2545 3471 2821 3526 Abraham
2863 3487 3094 3542 puerqu
3119 3488 3298 3527 meum
3330 3486 3452 3541 quae

1869 3564 2030 3619 facio.
2063 3565 2336 3619 Abraham
2364 3579 2495 3620 vero
2532 3579 2658 3618 cum
2699 3565 2792 3628 sit,
2821 3564 2930 3618 erit
2977 3563 3034 3618 in
3065 3573 3279 3635 gentem
3335 3578 3453 3617 ma-

1869 3672 2028 3728 gnam
2084 3665 2139 3712 et
2176 3658 2401 3710 multam
2437 3667 2527 3712 :et
2576 3656 2973 3711 benedicentur
3037 3655 3094 3709 in
3146 3671 3212 3710 eo
3257 3670 3450 3709 omnes

1867 3755 2055 3817 gentes
2102 3746 2345 3802 terrae“.
2382 3766 2401 3799 ι
2441 3745 2618 3816 Atque
2667 3746 2756 3801 his
2802 3759 2998 3801 rursus
3040 3744 3287 3815 adjungit
3324 3753 3451 3798 tan-

1868 3855 2030 3909 quam
2064 3839 2131 3894 de
2164 3839 2374 3894 altero:
2407 3857 2426 3890 ‹
2455 3837 2591 3893 Novi
2626 3837 2772 3892 enim
2802 3837 2949 3908 quod
2981 3837 3280 3892 constituet
3321 3836 3448 3890 [iliis

1868 3933 2007 3998 suis,
2031 3940 2085 3987 et
2111 3932 2297 3987 domui
2325 3947 2458 3997 suae,
2499 3939 2554 3986 ct
2589 3932 2905 3986 custodiant
2935 3931 3056 3986 vias
3084 3929 3326 3994 Domini,
3362 3928 3447 3983 fa-

1868 4039 1994 4080 cere
2019 4024 2290 4094 justitiam
2315 4032 2370 4081 et
2399 4023 2689 4094 judicium,
2726 4031 2786 4078 ut
2810 4022 3037 4078 inducat
3063 4021 3328 4078 Dominus
3351 4036 3446 4077 su-

1867 4133 1966 4188 per
2027 4117 2304 4180 Abraham
2367 4131 2490 4188 qua:
2547 4115 2770 4171 locutus
2824 4122 2912 4170 est
2983 4116 3052 4170 ad
3123 4115 3276 4169 illum
3313 4118 3380 4172 δ’.
3421 4135 3441 4168 ι

1868 4209 2032 4282 234
2049 4209 2156 4264 Hic
2197 4209 2358 4280 plane
2391 4210 2656 4279 scriptum
2699 4216 2805 4274 est,
2842 4224 2968 4264 eum
3014 4206 3304 4264 Dominum
3343 4209 3438 4278 qui

1866 4302 2099 4356 Abrahae
2127 4299 2515 4370 respondebat,
2545 4301 2662 4355 haec
2689 4299 2898 4364 dicere,
2928 4298 3024 4353 ubi
3057 4298 3311 4354 videlicet
3341 4298 3449 4354 Do-

1866 4393 2076 4448 minum
2129 4391 2424 4447 conﬁtetur
2480 4390 2702 4447 Patrem
2756 4405 2941 4456 suum,
2991 4397 3047 4445 et
3093 4390 3446 4446 Conditorem

1794 4468 1842 4528 Ι)
1869 4485 2110 4542 universi
2149 4487 2308 4556 :ipse
2346 4493 2532 4540 tamen
2583 4484 2882 4551 Abraham,
2931 4484 3100 4539 veluti
3155 4485 3442 4555 pr0pheta,

1864 4579 2200 4648 exploratam
2233 4585 2290 4633 et
2317 4589 2524 4634 certam
2559 4578 2680 4648 ejus
2713 4578 2808 4648 qui
2839 4575 3204 4648 respondebat
3235 4577 3444 4648 cogita—

1861 4672 2067 4726 tionem
2092 4671 2324 4736 habens,
2355 4669 2616 4742 deinceps
2645 4686 2772 4726 cum
2804 4670 3156 4725 veneratione
3200 4685 3316 4734 eos,
3347 4670 3443 4740 qui

1863 4771 1991 4820 ante
2030 4764 2265 4834 expositi
2311 4771 2462 4829 sunt,
2509 4771 2652 4829 orat,
2705 4764 2932 4820 dicens:
2963 4783 2981 4814 ‹
3014 4762 3092 4818 Ne
3131 4763 3331 4833 perdas
3354 4763 3444 4832 ju—

1863 4864 2008 4912 stum
2058 4857 2224 4912 simul
2269 4872 2394 4911 cum
2442 4857 2633 4926 impio,
2667 4865 2723 4912 et
2772 4857 2877 4912 erit
2901 4856 3087 4926 justus
3137 4856 3297 4924 quasi
3338 4858 3443 4909 im-

1862 4947 2008 5017 pius.
2039 4945 2097 5000 Si
2131 4947 2246 5002 sint
2272 4947 2670 5017 quinquaginta
2695 4948 2835 5016 justi
2868 4947 2922 5001 in
2967 4947 3212 5012 civitate,
3244 4947 3440 5016 perdes

1863 5038 1995 5093 eos?
2022 5053 2204 5092 nonne
2241 5039 2485 5092 dimittes
2513 5055 2732 5093 omnem
2779 5039 2982 5103 locum,
3014 5047 3237 5109 propter
3276 5039 3439 5108 quin-

1866 5129 2128 5200 quaginta
2152 5127 2737 5200 justosi‘Nequaquam
2772 5137 2828 5184 tu
2861 5130 3031 5185 facies
3061 5129 3434 5194 verbumhoc,

1861 5229 1925 5274 ut
1971 5221 2272 5276 interﬁcias
2301 5221 2512 5291 justum
2576 5237 2700 5276 cum
2748 5221 2949 5292 impio,
3000 5227 3055 5276 et
3104 5223 3208 5276 erit
3253 5221 3437 5291 justus

1859 5314 2017 5384 quasi
2069 5313 2301 5382 impius;
2327 5329 2712 5384 nequaquam:
2745 5314 2838 5383 qui
2866 5313 3086 5383 judicas
3120 5314 3435 5369 universam

1858 5412 2100 5470 terram,
2149 5421 2260 5458 non
2310 5406 2478 5461 facies
2519 5406 2786 5475 judicium
2812 5406 2900 5458 ὀἳ
2931 5425 2949 5457 ι
2986 5407 3158 5461 Porro
3201 5407 3316 5460 haec
3368 5405 3435 5458 ad

1863 5497 2108 5566 angelos,
2138 5506 2231 5551 aut
2279 5498 2344 5552 ad
2387 5501 2696 5569 quempiam
2745 5515 2811 5553 ex
2851 5497 2945 5552 Dei
2990 5497 3259 5554 ministris
3291 5497 3440 5552 dicta

229 5675 272 5705 “
300 5674 435 5732 Gen.
468 5693 563 5746 xu,
598 5678 645 5732 7.
714 5679 758 5711 ⁸⁵
785 5679 917 5736 Gen.
957 5697 1090 5751 xvn,
1124 5681 1236 5754 ιβ.
1300 5683 1340 5715 ⁸⁷
1368 5681 1502 5740 Gen.
1538 5699 1691 5752 mn,
1723 5685 1788 5748 με

1903 5684 1945 5716 ’⁵⁸
1978 5686 2087 5743 ibid
2149 5687 2342 5756 £7,18.
2423 5689 2464 5726 ‘9
2499 5689 2626 5745 ibid.
2667 5690 2748 5744 19.
2828 5689 2872 5720 ⁸ο
2907 5687 3254 5761 ibidﬂdﬂS.
