3846 6218
358 231 465 289 383

1041 227 1314 289 EUSEBII
1351 230 1826 289 CAESARIENSIS
1859 232 2011 290 OPP.
2052 231 2232 289 PARS
2269 229 2334 288 ll.
2373 263 2442 276 —
2478 211 2996 293 APOLOGETICA.

3508 237 3614 292 386

359 366 504 415 esse,
545 357 915 408 consentanee
942 349 1052 408 dici
1080 368 1193 409 non
1223 354 1496 411 arbitror:
1518 372 1629 412 non
1660 357 1808 414 enim
1837 373 1937 414 cu—

2052 359 2158 414 ›ύδὲ
2191 357 2299 429 γὰρ
2339 355 2433 411 τοῦ
2473 357 2727 428 τυχόντος
2766 356 2832 412 ἂν
2867 357 2950 429 είη
2991 356 3052 410 τὸ
3081 358 3283 430 κρίνειν
3318 359 3498 411 πᾶσαν
3519 356 3621 428 τὴν

358 443 584 515 juslibet
623 444 742 507 sit,'
763 443 1012 514 judicare
1058 452 1266 501 terram
1315 448 1654 504 universam.
1685 448 1794 506 Sed
1834 467 1938 507 nec

363 534 592 607 angelus
621 535 842 606 quidem
863 544 948 592 est
978 538 1314 605 nominatus,
1344 555 1506 611 quem
1533 543 1783 612 superior
1800 544 1942 599 scri—

365 636 528 699 ptura
557 627 848 699 signiﬁcat,
883 644 1073 684 verum
1103 631 1244 687 alius
1275 633 1549 703 quispiam
1579 637 1771 706 angelo
1799 652 1939 707 prm-

364 720 620 785 stantior,
652 718 796 776 Deus
825 721 1017 792 utique
1047 737 1111 778 ac
1131 721 1419 791 Dominus,
1451 727 1545 795 qui
1569 742 1692 781 cum
1722 728 1941 786 duobus

366 811 576 881 angelis
633 811 689 865 in
748 811 925 866 forma
978 812 1258 879 hominis,
1313 815 1386 870 ad
1449 831 1618 887 supra
1677 819 1937 888 scriptam

365 917 630 974 quercum
678 909 763 958 est
803 904 976 960 visus.
1013 902 1286 962 Praaterea
1335 922 1406 962 ne
1451 907 1671 964 Patrem
1718 911 1940 980 quidem

367 994 536 1049 Deum
567 994 714 1050 hunc
757 993 928 1052 fuisse
959 998 1263 1067 putandum
1290 1005 1396 1064 est,
1424 1000 1520 1071 qui
1559 1000 1943 1072 hujuscemodi

365 1088 546 1144 verbis
578 1089 892 1147 indicatur:
925 1091 1109 1148 dicere
1134 1093 1303 1157 enim,
1349 1094 1406 1149 id
1446 1098 1644 1151 mutari
1677 1097 1822 1168 quod
1851 1096 1939 1152 di-

365 1179 554 1233 vinum
589 1187 696 1244 est,
721 1187 776 1235 et
807 1180 1030 1252 ﬁgurari
1054 1182 1110 1237 in
1143 1183 1382 1253 speciem
1415 1199 1478 1239 ac
1505 1184 1734 1240 formam
1767 1187 1942 1240 homi-

364 1269 472 1337 nis,
499 1273 819 1343 neutiquam
855 1275 1004 1344 pitim
1040 1283 1145 1330 est.
1177 1274 1442 1347 Superest
1471 1278 1640 1348 igitur
1675 1286 1734 1333 ut
1765 1278 1940 1334 conli-

366 1370 582 1417 tcamur
613 1365 766 1420 illum
806 1365 978 1423 fuisse
1005 1366 1099 1424 Dei
1134 1367 1395 1434 Verbum,
1433 1371 1580 1440 quod
1621 1387 1652 1426 a
1696 1373 1856 1428 nobis
1885 1373 1942 1427 in

366 1453 436 1510 iis
464 1471 586 1525 qua:
622 1459 857 1514 antehac
907 1462 1111 1531 scripta
1154 1462 1348 1529 habes,
1385 1462 1482 1520 Dei
1532 1467 1754 1521 nomine
1796 1467 1943 1522 cele-

366 1543 582 1600 bratum
615 1556 700 1604 est
731 1568 743 1604 :
776 1565 885 1620 qua
920 1551 988 1607 de
1017 1567 1184 1610 causa
1214 1554 1378 1610 hodie
1405 1571 1624 1625 quoque
1657 1572 1686 1610 a
1720 1557 1938 1624 vicinis,

366 1643 422 1689 et
449 1635 505 1690 in
549 1639 800 1707 proximo
843 1641 1245 1708 habitantibus,
1278 1645 1436 1714 quasi
1470 1644 1690 1702 divinus
1719 1647 1938 1712 colitur,

2038 448 2164 519 γῆν.
2211 447 2349 500 Ἀλλ’
2390 447 2498 500 οὐδ’
2538 445 2767 515 ἄγγελος
2803 448 2832 500 6
2870 448 3210 519 προγραφεὶς
3235 447 3618 520 ἀνηγόρευται,

2040 541 2303 612 κρείττων
2348 541 2405 594 δέ
2445 557 2530 603 τις
2562 539 2794 608 ἀγγέλου
2831 538 2965 602 Θεὸς
3004 538 3101 593 καὶ
3131 538 3356 610 Κύριος,
3381 539 3522 610 πρὸς
3549 541 3620 613 τῇ
3727 581 3730 584 .

2040 631 2504 705 ἀναγεγραμμένῃ
2531 631 2661 704 δρυῒ
2678 630 2816 702 μετὰ
2851 630 2961 682 τῶν
2988 630 3132 684 δυεῖν
3159 631 3404 700 ἀγγέλων
3433 635 3491 684 ἐν
3520 633 3620 684 ἀνι

2040 725 2259 798 θρώπου
2296 727 2532 796 σχήματι
2567 724 2800 796 ὁραθείς.
2833 721 3002 777 Πάλιν
3031 740 3094 792 γε
3123 722 3226 794 μὴν
3252 724 3373 778 οὐδὲ
3401 722 3492 778 τὸν
3524 724 3622 778 ἐπὶ

2041 819 2260 873 πάντων
2300 818 2434 870 Θεὸν
2465 816 2701 888 ἡγητέον
2739 813 2828 868 διὰ
2863 815 3066 868 τούτων
3099 815 3418 886 δηλοῦσθαι·
3452 833 3623 888 μετα-

2041 909 2253 962 ϐάλλειν
2295 909 2404 979 γὰρ
2437 908 2599 978 φάναι
2643 908 2706 961 τὸ
2743 907 2905 973 θεῖον,
2942 907 3036 962 καὶ
3063 907 3493 978 χρηματίζεσθαι
3537 910 3620 972 εις

2040 1000 2231 1071 ἀνδρὸς
2263 995 2401 1063 εἶδος
2453 1000 2548 1053 καὶ
2593 999 2827 1071 μορφὴν,
2873 999 2972 1052 οὐκ
3004 999 3218 1066 εὐαγές.
3269 997 3531 1052 Δείπεται
3555 998 3620 1069 δὴ

2039 1090 2201 1144 αὐτὸν
2232 1089 2370 1143 εἶναι
2400 1088 2492 1142 τὸν
2509 1087 2606 1141 τοῦ
2639 1088 2774 1140 Θεοῦ
2807 1087 2999 1156 Λόγον,
3019 1087 3109 1139 τὸν
3137 1087 3226 1140 διὰ
3254 1087 3363 1140 τῶν
3385 1087 3621 1158 πρόσθεν

2039 1180 2506 1252 τεθεολογημένον,
2539 1179 2839 1251 ὀμολογείνι
2869 1178 3030 1232 Ὅθεν
3059 1179 3232 1232 εἰσέτι
3280 1181 3372 1232 καὶ
3394 1178 3487 1232 νῦν
3511 1195 3623 1232 πα-

2045 1275 2112 1346 ρὰ
2141 1275 2254 1336 τοῖς
2286 1272 2698 1345 πλησιοχώροις,
2741 1270 2889 1324 ώσὰν
2933 1270 3074 1334 θεῖος
3107 1273 3135 1324 6
3165 1270 3329 1334 τόπος
3353 1271 3433 1332 εἰς
3453 1269 3624 1340 τιμὴν

2040 1365 2149 1419 τῶν
2199 1364 2385 1418 αὐτόθι
2430 1363 2508 1436 τῷ
2552 1362 2801 1435 Ἀϐραὰμ
2837 1361 3206 1431 ἐπιφανέντων
3236 1360 3624 1432 θρησκεύεται,
3713 1368 3725 1379 ⁵

2042 1457 2134 1510 καὶ
2153 1455 2437 1527 θεωρεῖται
2472 1472 2536 1524 γε
2565 1456 2646 1518 είς
2677 1452 2838 1526 δεῦρο
2860 1453 3186 1525 διαμένουσα
3217 1453 3249 1522 ἡ
3277 1450 3625 1522 τερέϐινθοςο

2041 1551 2090 1602 οἱ
2119 1547 2227 1620 γὰρ
2260 1546 2338 1617 τῷ
2373 1545 2622 1618 Ἀϐραὰμ
2656 1543 3090 1610 ὲπιξενωθέντες,
3118 1543 3210 1596 ἐπὶ
3241 1543 3462 1614 Γραφῆς
3493 1542 3629 1594 ἀνα-

2043 1641 2302 1710 κείμενοι,
2337 1637 2430 1722 δύο
2472 1637 2571 1708 μὲν
2613 1636 2972 1707 ἑκατέρωθεν,
3018 1636 3180 1706 μέσος
3217 1635 3275 1690 δὲ
3306 1636 3334 1687 ὁ
3357 1633 3628 1705 κρείττων

368 1738 532 1800 atque
555 1731 882 1788 observatur
921 1735 970 1790 is
1014 1736 1193 1802 locus,
1223 1737 1449 1793 honoris
1485 1737 1708 1793 illorum
1768 1740 1941 1805 gratia

2052 1731 2325 1802 ὅπερέχων
2354 1733 2421 1800 τῇ
2450 1731 2600 1800 τιμῇ.
2625 1729 2724 1798 Εἴη
2754 1727 2798 1781 δ’
2821 1725 2885 1781 ἂν
2911 1728 2939 1779 6
2963 1726 3327 1798 δεδηλωμένος
3347 1727 3477 1794 ἡμῖν
3501 1722 3627 1777 Κύ-

367 1820 460 1888 qui
483 1819 716 1876 Ahrahaa
745 1822 800 1876 in
832 1823 926 1878 illo
954 1825 1058 1879 visi
1086 1836 1215 1880 sunt
1243 1829 1262 1894 ξ
1288 1834 1451 1896 atque
1475 1828 1635 1881 etiam
1667 1843 1815 1882 nunc
1839 1829 1942 1883 ibi-

367 1909 490 1965 dem
518 1927 845 1981 permanens
884 1916 1230 1972 terebinthus
1258 1919 1599 1988 conspicitur
1633 1935 1647 1972 :
1678 1918 1771 1988 qui
1795 1919 1940 1974 enim

369 2001 439 2055 ab
471 2001 746 2058 Abraham
783 2005 1022 2074 hospitio
1047 2008 1288 2077 suscepti
1321 2017 1471 2071 sunt,
1510 2018 1568 2062 ut
1593 2009 1758 2063 habet
1789 2008 1940 2063 Scri-

368 2098 550 2160 ptura,
603 2095 984 2150 recumbentes
1023 2104 1180 2151 erant
1229 2097 1338 2152 duo
1387 2098 1607 2168 quidem
1660 2100 1937 2170 utrinque,

369 2182 584 2238 medius
623 2193 806 2240 autem
855 2188 1234 2252 excellentior,
1279 2196 1334 2244 et
1363 2191 1456 2260 qui
1505 2192 1744 2261 reliquos
1792 2200 1943 2247 ante-

366 2275 492 2331 iret.
537 2277 636 2332 Hic
677 2293 807 2334 vero
858 2281 929 2334 sit
973 2281 1133 2351 plane
1169 2281 1238 2347 is,
1275 2281 1341 2336 de
1382 2298 1492 2353 quo
1520 2283 1780 2348 diximus,
1823 2283 1942 2353 ipse

370 2365 560 2437 utique
604 2366 870 2426 Dominus
915 2385 980 2424 ac
1022 2371 1275 2424 Salvator
1315 2380 1524 2437 noster,
1560 2389 1721 2444 quem
1773 2374 1937 2428 etiam

2051 1839 2163 1893 ριος
2191 1821 2370 1884 αὐτὸς,
2406 1822 2434 1873 6
2455 1819 2718 1891 ἡμέτερος
2743 1817 2953 1889 Σωτὴρ,
2977 1817 3035 1870 ὃν
3061 1817 3153 1870 καὶ
3178 1819 3228 1868 οἱ
3259 1815 3499 1884 ἀγνῶτες
3545 1811 3629 1885 (1)

2049 1913 2284 1976 σέϐουσι,
2313 1911 2381 1964 τὰ
2407 1911 2524 1964 θεῖα
2551 1911 2706 1979 λόγια
2733 1909 3099 1980 πιστούμενοι.
3135 1902 3300 1971 Οὗτος
3333 1906 3389 1960 δὲ
3405 1903 3498 1960 οὖν
3529 1908 3632 1960 αύ-

2043 2005 2156 2068 τὸς,
2191 2005 2248 2071 ἐξ
2278 2006 2483 2060 ἐκείνου
2529 2004 2596 2058 τὰ
2624 2005 2720 2075 τῆς
2753 2002 3030 2066 εὐσεϐείας
3065 2002 3356 2072 σπέρματα
3397 2001 3478 2063 εἰς
3527 2001 3631 2053 ἀν-

2046 2097 2298 2169 θρώπους
2342 2095 2831 2166 καταϐαλλόμενος,
2884 2093 3216 2165 ἀνθρώπειον
3249 2092 3446 2156 ὑποδὺς
3487 2087 3631 2155 εἶδός

2045 2206 2107 2242 τε
2155 2189 2250 2242 καὶ
2280 2189 2484 2259 σχῆμα,
2516 2189 2594 2258 τῷ
2621 2187 2858 2256 θεοφιλεῖ
2884 2187 3185 2257 προπάτορι
3226 2185 3493 2256 Ἀϐραὰμ,
3528 2185 3629 2236 ὅσ-

2045 2297 2129 2342 τις
2153 2278 2260 2349 εἴη,
2277 2280 2437 2332 αὑτὸν
2465 2278 2708 2348 ἐξέφηνε,
2725 2277 2819 2330 καὶ
2835 2277 2932 2347 τὴν
2951 2275 3052 2329 τοῦ,
3068 2276 3278 2348 Πατρὸς
3304 2274 3468 2329 αὑτοῦ
3490 2292 3632 2347 παρ-

2046 2371 2214 2424 εδίδου
2245 2370 2468 2444 γνώμην

369 2461 676 2531 pertinaces
711 2470 766 2518 et
798 2463 1084 2530 increduli,
1136 2464 1319 2519 divina
1362 2467 1587 2522 oracula
1619 2469 2033 2528 conlirmantes,
2063 2475 2396 2521 venerantur
2429 2484 2442 2520 :
2478 2466 2568 2520 hic
2598 2466 2714 2536 ipse
2753 2465 2917 2537 igitur
2957 2482 3020 2522 ex
3092 2466 3208 2531 illo,
3276 2465 3494 2535 pietatis
3547 2464 3634 2534 ja-

369 2557 520 2613 ciens
563 2557 631 2612 ad
681 2558 932 2616 homines
997 2561 1229 2625 semina,
1281 2562 1576 2616 humanam
1623 2564 1858 2633 Speciem
1905 2577 1969 2616 ac
2009 2563 2238 2631 ﬁguram
2288 2561 2536 2627 indutus,
2585 2559 2681 2616 Dei
2747 2560 2923 2616 amico
2983 2568 3148 2632 atque
3201 2539 3426 2630 antiquo'
3475 2557 3631 2616 Patri

371 2647 602 2707 Abrahae
625 2652 864 2723 seipsum
888 2653 1140 2724 quisnam
1160 2663 1329 2722 esset,
1358 2656 1617 2722 ostendit,
1641 2655 1927 2726 Patrisque
1953 2656 2040 2713 sui
2071 2655 2298 2710 tradidit
2326 2655 2683 2711 sententiam.

888 2769 1050 2841 235
1080 2769 1312 2826 CAPUT
1351 2771 1422 2826 x.

369 2880 937 2956 Ab_eadem.—Qu_od
976 2883 1114 2938 idem
1144 2885 1399 2956 propheta
1439 2886 1494 2940 in
1528 2885 1719 2956 Iacob,
1771 2903 1946 2940 mam-

444 2953 630 3022 {estius
677 2971 794 3007 eum
839 2953 1050 3024 degquo
1091 2953 1292 3023 agitur,
1344 2957 1545 3010 indicat
1597 2955 1878 3010 Dominum
1923 2974 1942 3011 :

440 3045 590 3097 quem
636 3040 764 3081 sane
807 3034 860 3078 et
903 3022 1075 3078 Deum
1121 3022 1171 3080 et
1220 3027 1464 3098 angelum
1503 3042 1805 3095 supremum
1845 3027 1945 3081 Dei

439 3107 613 3153 vocat.

446 3230 466 3262 ι
497 3209 566 3264 Et
595 3211 878 3281 profectus
899 3217 984 3265 est
1017 3210 1071 3264 in
1107 3206 1378 3276 Charran,
1401 3216 1457 3265 et
1476 3208 1625 3265 venit
1653 3210 1708 3263 in
1739 3207 1942 3273 locum,

368 3312 424 3360 et
442 3302 700 3358 dormivit
729 3303 839 3357 illic
875 3319 891 3360 :
923 3303 1198 3358 occiderat
1222 3303 1367 3359 enim
1391 3303 1494 3359 sol.
1529 3301 1596 3356 Et
1621 3303 1828 3373 accepit
1860 3303 1944 3356 la-

370 3394 547 3466 pides,
573 3404 628 3449 et
658 3395 844 3465 posuit
865 3395 970 3450 sub
1001 3396 1176 3466 capite
1205 3411 1329 3461 suo,
1359 3404 1416 3466 et
1445 3395 1707 3451 dormivit
1735 3395 1792 3449 in
1823 3395 1944 3450 loco

370 3487 488 3551 illo,
511 3494 566 3542 et
597 3487 929 3542 somniavit:
959 3497 1012 3542 et
1043 3501 1172 3543 ecce
1200 3489 1349 3543 scala
1380 3495 1543 3543 terra:
1571 3487 1757 3550 infixa,
1786 3487 1945 3556 cujus

371 3582 538 3647 caput
564 3576 916 3647 perveniebat
945 3592 1120 3647 usque
1163 3575 1231 3630 ad
1276 3577 1500 3642 coelum,
1534 3585 1586 3632 et
1623 3575 1802 3647 angeli
1848 3574 1945 3630 Dei

375 3668 745 3724 ascendebant
772 3684 872 3739 per
929 3684 1070 3724 eam.
1107 3668 1176 3724 Et
1218 3667 1482 3723 Dominus
1512 3669 1845 3724 innitebatur
1871 3669 1944 3734 ei,

371 3767 429 3814 et
460 3758 597 3814 dixit
626 3778 639 3814 :
674 3759 786 3831 Ego
833 3759 1098 3816 Dominus
1138 3759 1282 3817 Deus
1312 3759 1584 3814 Abraham
1637 3759 1808 3830 patris
1839 3758 1943 3827 tui,

373 3857 428 3905 et
452 3848 594 3905 Deus
617 3848 792 3914 Isaac,
824 3867 894 3907 ne
923 3852 1121 3907 timeas
1157 3869 1170 3906 :
1223 3859 1374 3907 terra
1419 3851 1475 3905 in
1505 3867 1613 3922 qua
1641 3860 1700 3906 tu
1737 3850 1944 3907 dormis

375 3942 432 3997 in
465 3942 604 4013 ipsa,
641 3942 736 3997 tibi
767 3941 909 3998 dabo
935 3958 1078 4008 eam,
1123 3949 1177 3999 et
1205 3942 1399 3999 semini
1429 3949 1545 3998 tuo.
1604 3941 1672 3996 Et
1713 3943 1819 3998 erit
1849 3958 1941 3999 se-

375 4050 499 4090 men
527 4045 681 4091 tuum
713 4037 860 4092 sicut
886 4052 1052 4092 arena
1085 4037 1279 4102 maris,
1310 4044 1364 4093 et
1386 4037 1705 4092 dilatabitur
1737 4037 1805 4092 ad
1830 4053 1948 4092 ina-

375 4143 455 4193 re,
479 4135 533 4183 et
578 4127 878 4194 Orientem,
917 4136 972 4185 et
1005 4128 1073 4184 ad
1109 4129 1356 4195 boream,
1380 4135 1435 4183 et
1473 4128 1726 4184 africum.
1757 4127 1824 4182 Et
1852 4128 1950 4184 be-

375 4219 698 4275 nedicentur
725 4222 781 4276 in
811 4229 864 4277 te
906 4235 1100 4278 omnes
1127 4221 1308 4277 tribus
1335 4228 1518 4286 teme,
1558 4227 1615 4277 et
1647 4221 1706 4274 in
1739 4220 1946 4276 semine

375 4320 493 4369 tuo.
536 4311 604 4367 Et
630 4327 760 4369 ecce
783 4327 886 4384 ego
914 4328 1037 4368 sum
1067 4321 1274 4378 tecum,
1299 4311 1616 4370 custodiens
1643 4319 1698 4368 te
1718 4312 1773 4366 in
1795 4311 1947 4366 omni

2583 2770 2984 2826 ΚΕΦΑΛΔΙΟΝ
3021 2771 3079 2824 ι’.

2060 2887 2193 2942 Ἀπὸ
2236 2885 2347 2954 τῆς
2396 2885 2608 2954 αὐτῆς.
2640 2916 2707 2930 --
2748 2886 2838 2952 Ὡς
2891 2888 2925 2940 ὁ
2962 2884 3144 2951 αὐτὸς
3177 2883 3489 2954 προφήτης
3529 2884 3630 2938 ἐπὶ

2118 2956 2224 3010 τοῦ
2264 2955 2478 3020 Ἰακὼϐ,
2507 2957 2883 3024 σαφέστερον
2905 2956 3177 3024 ἐμφαίνει
3201 2956 3307 3008 τὸν
3333 2955 3632 3021 δηλούμε-

2117 3044 2228 3080 νον
2257 3028 2500 3094 Κύριον,
2531 3023 2603 3078 δν
2624 3026 2699 3093 δὴ
2729 3023 2828 3079 καὶ
2861 3023 3029 3092 Θεὸν,
3065 3025 3164 3077 καὶ
3189 3023 3450 3094 ἄγγελον
3476 3027 3632 3078 ἀπο-

1969 3098 2013 3156 C
2114 3098 2290 3151 καλεῖ
2307 3096 2413 3151 τοῦ
2440 3096 2539 3149 ἐπὶ
2567 3096 2809 3151 πάντων
2835 3095 2982 3150 Θεοῦ
3021 3094 3383 3163 προσειπών.

2128 3227 2150 3261 ι
2170 3208 2282 3261 Kal
2302 3207 2571 3280 ἐπορεύθη
2599 3209 2679 3271 είς
2711 3207 2936 3279 Χαρρὰν
2954 3247 2969 3272 ,
3005 3205 3099 3260 καὶ
3127 3207 3411 3276 ἀπήντησε
3440 3205 3593 3274 τόπῳ
3611 3244 3629 3268 ,

2052 3302 2145 3355 καὶ
2180 3299 2450 3373 ἐκοιμήθη
2477 3301 2621 3352 ἐκεῖο
2653 3298 2740 3352 ἔδυ
2779 3297 2888 3370 γὰρ
2908 3300 2941 3352 ὁ.
2961 3299 3133 3369 ἥλιος.
3161 3297 3269 3350 Καὶ
3303 3296 3495 3350 ἔλαϐεν
3523 3296 3633 3350 ἀπὸ

2050 3395 2158 3448 τῶν
2180 3393 2368 3456 λίθων,
2396 3392 2491 3446 καλ⁸
2523 3391 2687 3462 ἔθηκε
2713 3390 2849 3462 πρὸς
2881 3390 3123 3460 κεφαλῆς
3146 3387 3332 3453 αὑτοῦ,
3362 3389 3457 3441 καὶ
3483 3391 3630 3440 ἐκοιο

2056 3485 2201 3558 μήθη
2232 3486 2292 3538 ἐν
2319 3484 2398 3556 τῷ
2425 3484 2574 3553 τόπῳ
2608 3481 2820 3553 ἐκείνῳ,
2851 3483 2947 3535 καὶ
2972 3481 3306 3552 ἐνυπνιάσθη
3329 3497 3342 3510 ·
3376 3481 3476 3534 καὶ
3518 3481 3629 3533 ἰδοὺ

2053 3579 2255 3652 κλίμαξ
2283 3578 2652 3650 ἐστηριγμένη
2697 3579 2777 3643 είς
2807 3577 2905 3648 τὴν
2943 3577 3048 3648 γῆν
3068 3615 3082 3639 ,
3112 3572 3180 3648 ἧς
3215 3578 3249 3646 ἡ
3289 3574 3498 3645 κεφαλὴ
3526 3575 3633 3643 ἀφ-

2055 3676 2254 3727 ικνεῖτο
2287 3674 2368 3735 εἰς
2399 3670 2490 3725 τὸν
2514 3669 2762 3742 οὐρανὸν,
2788 3670 2882 3724 καὶ
2907 3670 2956 3722 οἱ
2983 3667 3209 3737 ἄγγελοι
3233 3666 3327 3719 τοῦ
3357 3665 3496 3719 Θεοῦ
3537 3668 3633 3720 ἀν-

2055 3749 2291 3831 έϐαινον,
2313 3763 2408 3816 καὶ
2435 3762 2755 3816 κατέϐαινον
2782 3761 2869 3815 ἐπ’
2899 3761 3088 3831 αὑτήν.
3121 3761 3181 3813 '0
3213 3759 3269 3812 δὲ
3298 3757 3505 3829 Κύριος
3533 3761 3631 3811 ἐπ-

2053 3858 2342 3928 εστήρικτο
2387 3856 2475 3908 ἐπ’
2520 3854 2723 3925 αὐτῆς,
2764 3853 2859 3906 καὶ
2897 3847 3088 3906 εἶπεν·
3145 3850 3286 3920 Ἐγὼ
3337 3849 3546 3920 Κύριος
3597 3851 3629 3901 6

2051 3948 2184 4012 Θεὸς
2221 3947 2470 4020 Ἀϐραὰμ
2509 3946 2606 4001 τοῦ
2636 3946 2842 4018 πατρός
2877 3961 2970 3997 σου
2991 3983 3005 4007 ,
3037 3943 3132 3996 καὶ
3162 3945 3190 3996 6
3231 3941 3362 4006 Θεὸς
3401 3941 3589 3995 Ἰσαὰκ
3609 3983 3625 4003 ,

2055 4036 2130 4108 μὴ
2161 4034 2329 4107 φοϐοῦ
2348 4053 2363 4066 ο
2397 4037 2430 4106 ἡ
2460 4036 2531 4106 γῆ
2568 4036 2655 4104 ἐφ’
2689 4035 2757 4106 ἢν
2796 4035 2862 4086 σὺ
2895 4031 3176 4096 καθεύδεις
3202 4032 3288 4085 ἐπ’
3317 4031 3509 4101 αὐτὴν,
3546 4033 3632 4083 σοι
3656 4045 3669 4052 ·

2051 4131 2208 4185 δώσω
2239 4129 2441 4201 αὐτὴν,
2474 4130 2570 4184 καὶ
2609 4129 2689 4200 τῷ
2729 4127 3002 4201 σπέρματί
3052 4144 3168 4180 σου.
3213 4125 3324 4178 Kal
3370 4125 3522 4178 ἔσται
3569 4124 3631 4176 τὸ

2055 4221 2275 4292 σπέρμα
2298 4237 2392 4274 σου
2416 4221 2491 4284 ὡς
2519 4223 2552 4292 ή
2588 4219 2770 4291 ἄμμος
2801 4220 2900 4289 τῆς
2927 4217 3202 4287 θαλάσσης
3221 4256 3236 4280 ,
3269 4215 3363 4268 καὶ
3389 4215 3630 4272 πλατυν-

2054 4312 2277 4384 θήσεται
2303 4312 2396 4366 ἐπὶ
2425 4311 2699 4366 θάλασσαν
2729 4312 2822 4365 καὶ
2850 4310 3116 4373 ἀνατολὰς
3134 4349 3149 4373 ,
3180 4309 3274 4361 καὶ
3303 4307 3395 4360 ἐπὶ
3426 4307 3633 4380 βορρᾶν

378 4404 489 4468 via,
525 4419 875 4476 quacumque
918 4406 1024 4462 iter
1061 4405 1280 4471 feceris,
1315 4413 1371 4462 et
1417 4414 1738 4462 convertam
1788 4413 1844 4460 te
1889 4405 1943 4460 in

2053 4403 2148 4458 καὶ
2170 4404 2311 4458 λίϐα.
2337 4404 2448 4458 Kal
2481 4404 2996 4474 ὲνευλογηθήσονται
3024 4404 3087 4454 μὲν
3121 4402 3202 4454 σοὶ
3234 4402 3404 4453 πᾶσαι
3440 4402 3495 4452 αἱ
3531 4417 3634 4468 φυδ

376 4503 582 4551 terram
626 4495 770 4550 hanc
805 4515 819 4552 :
855 4497 1116 4567 quoniam
1145 4511 1257 4552 non
1305 4505 1361 4553 te
1393 4499 1719 4569 relinquam,
1772 4497 1943 4552 donec

2052 4495 2139 4550 λαὶ
2171 4496 2268 4567 τῆς
2304 4495 2410 4566 γῆς
2431 4535 2445 4560 ,
2475 4497 2570 4549 καὶ
2597 4497 2654 4548 ὲν
2787 4464 3062 4566 σπέρματί
3095 4509 3209 4545 σου.
3239 4493 3350 4544 Kal
3378 4492 3488 4543 ἰδοὺ
3519 4464 3634 4559 ἐγὼ

377 4584 572 4642 faciam
601 4587 785 4643 omnia
808 4603 1168 4659 quaecumque
1194 4589 1410 4645 locutus
1451 4607 1570 4647 sum
1607 4590 1729 4646 tibi.
1765 4590 1830 4644 Et
1850 4583 1960 4646 ex-i

377 4684 661 4749 perrectus
689 4685 776 4734 est
817 4678 989 4734 Jacob
1029 4695 1060 4734 a
1090 4695 1308 4746 somno,
1339 4691 1395 4736 et
1425 4683 1502 4736 ait
1529 4701 1542 4736 :
1577 4681 1841 4740 Dominus
1863 4691 1951 4739 est

378 4771 436 4826 in
484 4771 607 4825 loco
654 4771 779 4835 hoc,
811 4785 914 4841 ego
961 4781 1142 4828 autem
1173 4773 1506 4828 nesciebam.
1541 4773 1608 4829 Et
1656 4775 1860 4841 timuit,
1895 4783 1950 4831 et

378 4863 456 4918 ait
492 4880 506 4918 :
543 4861 717 4928 Quam
745 4863 1013 4919 terribilis
1059 4871 1145 4920 est
1198 4865 1354 4922 locus
1399 4867 1524 4921 hic!
1570 4882 1682 4922 non
1728 4875 1812 4923 est
1844 4868 1949 4923 hoc

378 4954 548 5019 aliud,
578 4954 686 5009 nisi
715 4953 912 5010 domus
957 4955 1074 5021 Dei,
1110 4963 1166 5012 et
1210 4957 1327 5012 haec
1359 4969 1516 5029 porta
1545 4959 1692 5014 cceli.
1724 4958 1791 5013 Et
1820 4975 1946 5015 sur-

378 5044 522 5100 rexit
556 5041 726 5100 Iacob
754 5060 936 5111 mane,
970 5052 1026 5102 et
1075 5048 1290 5118 accepit
1320 5049 1578 5120 lapidem,
1621 5066 1782 5119 quem
1818 5067 1948 5120 sup-

380 5135 564 5207 posuit
591 5136 758 5206 capiti
789 5151 912 5202 suo,
941 5145 995 5194 et
1016 5139 1189 5194 erexit
1221 5140 1373 5194 illum
1403 5156 1504 5212 pro
1527 5142 1705 5206 titulo,
1743 5143 1797 5197 et
1819 5141 1948 5198 εσυ·
1990 5162 1997 5171 ·

380 5223 462 5279 dit
479 5224 660 5294 oleum
690 5225 745 5280 in
777 5241 1051 5282 summum
1080 5228 1251 5293 illius,
1288 5237 1343 5284 et
1365 5231 1580 5286 vocavit
1621 5230 1791 5287 Jacob
1849 5248 1949 5288 no-

381 5333 506 5372 men
529 5317 637 5372 loci
667 5317 834 5382 illius,
861 5319 1086 5376 domum
1113 5320 1209 5377 Dei
1229 5324 1297 5379 ⁵⁸.
1339 5343 1358 5375 ›
1397 5323 1555 5389 Eum,
1585 5325 1678 5397 qui
1702 5326 1805 5381 hoc
1828 5327 1950 5383 loco

379 5415 501 5474 tam,
529 5410 714 5465 multis
743 5412 925 5468 verbis
966 5416 1260 5486 respondet
1307 5415 1621 5486 Dominum,
1666 5426 1720 5474 et
1755 5418 1945 5487 Deum,

475 5563 519 5594 "
552 5562 688 5622 Gen.
715 5583 891 5631 xxvii,
925 5569 1110 5624 1049.

453 5697 532 5771 (1)
567 5699 836 5775 Interpres
864 5704 1075 5779 legebat
1105 5705 1436 5778 ἀγνώμονες-

2049 4591 2165 4659 εἰμι
2209 4588 2346 4660 μετὰ
2372 4589 2465 4642 σοῦ
2485 4627 2502 4652 ,
2530 4587 2910 4657 διαφυλάσσων
2941 4603 3002 4638 σε
3031 4589 3088 4639 ἐν
3119 4588 3185 4656 τῇ
3216 4583 3320 4654 ὁδῷ
3345 4584 3498 4655 πάσῃ
3517 4623 3532 4646 ,
3570 4577 3631 4636 οὗ

2046 4681 2112 4735 ἂν
2147 4681 2438 4753 πορευθῇς,
2461 4681 2554 4734 καὶ
2576 4681 2905 4752 ἀποστρέψω
2928 4696 2990 4732 σε
3018 4679 3098 4741 είς
3128 4677 3226 4748 τὴν
3259 4678 3363 4746 γῆν
3397 4676 3629 4746 ταύτην·

2049 4773 2133 4827 ὅτι
2175 4773 2236 4826 οὐ
2282 4775 2354 4845 μή
2409 4791 2469 4827 σε
2513 4773 2928 4843 ὲγκαταλείπω,
2988 4772 3093 4834 ἕως
3134 4767 3227 4823 τοῦ
3280 4768 3510 4838 ποιῆσαί
3563 4785 3632 4838 με

2051 4864 2227 4919 πάντα
2261 4866 2364 4918 ὅσα
2405 4864 2646 4936 ἐλάλησα
2682 4882 2785 4919 σοι.
2821 4865 2932 4918 Καὶ
2973 4860 3242 4934 ἐξηγέρθη
3285 4859 3482 4913 Ἰακὼϐ
3522 4859 3634 4912 ἀπὸ

2048 4957 2144 5011 τοῦ
2175 4956 2343 5012 ὕπνου
2387 4959 2549 5013 αὐτοῦ
2575 4999 2590 5024 ,
2631 4959 2726 5011 καὶ
2755 4953 2937 5022 εἶπεν,
2967 4957 3069 5020 ὅτι,
3114 4955 3270 5006 Ἔστι
3306 4951 3519 5022 Κύριος
3573 4951 3634 5002 ἐν

2050 5049 2128 5120 τῷ
2153 5049 2302 5122 τόπῳ
2340 5050 2550 5122 τούτῳ,
2587 5048 2696 5120 ἐγὼ
2736 5049 2793 5103 δὲ
2838 5049 2936 5102 οὐκ
2981 5047 3146 5118 ᾔδειν.
3190 5044 3301 5096 Kal
3342 5040 3592 5112 ἐφοϐήθη
3616 5079 3632 5102 ,

2052 5143 2148 5196 καὶ
2205 5138 2392 5196 εἶπενο
2443 5144 2531 5208 Ὠς
2597 5141 2825 5214 φοϐερὸς
2863 5143 2892 5194 6
2928 5140 3092 5202 τόπος
3135 5127 3322 5199 οὗτοςὲ
3367 5135 3471 5188 οὐκ
3514 5134 3634 5186 ἐστι

2048 5236 2206 5289 τοῦτο
2234 5236 2346 5290 ἀλλ’
2378 5236 2411 5308 ἢ
2441 5233 2589 5300 οἶκος
2619 5235 2776 5301 Θεοῦ,
2808 5235 2902 5288 καὶ
2933 5233 3071 5302 αὕτη
3101 5234 3136 5302 ἡ
3172 5229 3315 5299 πύλη
3346 5227 3445 5282 τοῦ
3472 5227 3634 5299 οὐρα-

2048 5325 2162 5381 νοῦ.
2193 5327 2304 5380 Καὶ
2336 5328 2535 5400 ἀνέστη
2579 5325 2773 5381 Ἰακὼϐ
2806 5326 2866 5379 τὸ
2905 5324 3085 5398 πρωῒ.
3119 5326 3214 5378 καὶ
3239 5320 3398 5375 ἔλαϐε
3429 5319 3524 5373 τὸν
3551 5317 3634 5371 λί-

2054 5418 2176 5488 θον,
2203 5419 2263 5474 ὂν
2302 5420 2544 5492 ὑπέθηκε
2585 5420 2723 5492 πρὸς
2750 5418 2995 5490 κεφαλῆς
3024 5415 3220 5480 αὑτοῦ,
3271 5415 3364 5468 καὶ
3403 5411 3637 5480 ἔστησεν
