3846 6218
138 341 246 396 385

1059 339 1717 400 DEMONSTRATIONIS
1753 343 2218 401 EVANGELIC/E
2261 345 2394 403 LIB.
2437 347 2504 403 ν.

3305 358 3412 416 588

137 455 307 510 αὑτὸν
335 457 540 528 στήλην
564 497 578 520 ,
615 459 710 511 καὶ
751 458 976 530 ἐπέχεεν
1009 458 1186 514 ἔλαιον
1215 461 1312 515 ἐπὶ
1348 461 1409 515 τὸ
1437 462 1605 536 ἄκρον
1633 463 1730 517 αὐ-
1757 470 1778 528 Α

1832 464 2084 536 angelum
2132 479 2354 536 quoque
2409 463 2506 521 Dei
2557 465 2820 539 deinceps
2875 485 3201 542 progressus
3258 472 3412 531 inve-

137 546 269 616 τῆς,
312 547 409 600 καὶ
438 546 664 600 ἐκάλεσε
701 548 895 602 Ἰακὼϐ
926 550 988 602 τὸ
1021 551 1194 621 ὄνομα
1237 551 1332 604 τοῦ
1361 553 1528 606 τόπου
1579 555 1728 607 ὲκείυ

142 658 259 705 νου,
287 635 438 704 οἶκος
470 640 627 695 Θεοῦ.
664 661 682 692 ι
717 643 917 696 Τοῦτον
943 645 1037 696 τὸν
1083 643 1316 698 ἐνταῦθα
1347 645 1438 700 διὰ
1459 647 1730 700 τοσούτων

142 732 552 804 χρηματίζοντα
600 734 806 805 Κύριον
855 736 950 788 καὶ
995 736 1147 803 Θεὸν,
1196 737 1423 807 ἄγγελον
1451 738 1544 792 τοῦ
1591 738 1727 792 Θεοῦ

137 824 348 895 προῖὼν
391 825 518 897 ἑξῆς
549 827 804 897 εὑρήσεις
829 869 843 890 ,
879 816 938 881 ἔν
970 822 1052 892 οἷς
1080 846 1212 900 φησι
1249 831 1386 901 πρὸς
1416 829 1515 894 τὰς
1545 835 1730 900 γυναῖ-

134 933 241 982 κας
283 917 447 982 αὐτὸς
502 916 724 972 Ἰακώϐ·
757 937 775 970 ι
806 919 918 971 Καὶ
968 916 1092 973 εῐπέ
1141 939 1230 992 μοι
1280 923 1310 974 6
1361 922 1590 991 ἄγγελος
1634 924 1726 978 τοῦ

133 1009 274 1063 Θεοῦ
298 1010 422 1063 καθ’
455 1009 622 1064 ὕπνον
643 1028 654 1042 ·
706 1011 918 1066 Ἰακώϐ.
989 1012 1128 1082 Ἐγὼ
1153 1013 1208 1067 δὲ
1232 1009 1387 1068 εἶπα·
1435 1015 1500 1067 Τί
1530 1017 1645 1068 ὲστι
1665 1033 1680 1082 ;
1704 1035 1723 1068 ι

135 1102 251 1157 Καὶ
282 1103 412 1173 ἑξῆς
431 1119 444 1132 ·
469 1123 488 1155 ι
525 1104 796 1178 Ἑώρακα,
831 1126 848 1157 ι
875 1107 1028 1178 φησι,
1055 1127 1073 1159 ι
1099 1108 1276 1163 πάντα
1305 1110 1404 1162 ὅσα
1435 1109 1620 1162 Λάϐαν
1645 1111 1729 1163 σοὶ

137 1195 304 1246 ποιεῖ.
344 1191 488 1262 Ἐγὼ
515 1195 544 1247 6
566 1194 700 1259 Θεὸς
730 1197 758 1247 6
784 1196 970 1264 ὀφθείς
1008 1213 1090 1250 σοι
1116 1199 1175 1251 ὲν
1202 1198 1376 1270 τόπῳ,
1403 1194 1465 1253 06
1497 1199 1727 1271 ήλειψάς

144 1299 236 1351 μοι
272 1285 394 1337 ἐκεῖ
423 1285 624 1356 στήλην
650 1325 664 1349 ,
714 1287 809 1340 καὶ
852 1285 1001 1358 ηὔξω
1043 1306 1134 1360 μοι
1166 1290 1351 1362 εὐχήν.
1391 1291 1545 1362 »Ἆρ’
1568 1287 1660 1345 οὖν
1699 1293 1730 1344 6

134 1375 398 1446 ἀνωτέρω
426 1377 626 1448 φήσας,
667 1397 686 1429 ι
728 1378 868 1447 Ἐγὼ
898 1379 1104 1450 Κύριος
1135 1383 1164 1434 6
1193 1381 1325 1446 Θεὸς
1357 1382 1609 1454 Ἀϐραὰμ
1632 1381 1726 1436 τοῦ

136 1468 345 1538 πατρός
366 1485 480 1532 σου,
499 1469 592 1522 καὶ
619 1471 648 1522 6
675 1470 806 1534 Θεὸς
822 1472 1057 1540 Ἰσαὰκ,›
1084 1467 1128 1541 ᾧ
1154 1473 1247 1526 καὶ⁸
1272 1475 1472 1546 στήλην
1502 1475 1730 1548 ἀνέστη-

138 1575 226 1611 σεν
251 1561 281 1612 6
306 1559 578 1632 θεοφιλὴς,
623 1561 756 1625 Θεὸς
793 1564 892 1634 μὲν
920 1559 988 1634 ἦν
1026 1565 1120 1618 καὶ
1164 1565 1369 1637 Κύριος
1423 1567 1592 1638 (αὐτῷ
1619 1569 1727 1640 γὰρ

135 1647 352 1715 λέγοντι
397 1649 760 1720 πιστευτέον),
811 1652 872 1704 06
913 1651 1018 1722 μὴν
1050 1652 1078 1704 6
1126 1653 1217 1706 ἐπὶ
1262 1652 1514 1711 πάντων.
1552 1653 1666 1707 ἀλλ’
1697 1655 1726 1707 6

135 1737 349 1790 ἐκείνου
370 1739 647 1812 δεύτερος,
676 1740 744 1793 τὰ
775 1741 870 1794 τοῦ
906 1743 1118 1814 Πατρὸς
1149 1746 1228 1806 είς
1259 1743 1582 1815 ἀνθρώπους
1606 1745 1724 1798 διαη

1829 557 1948 612 nies
1978 576 1993 612 :
2043 557 2136 612 ubi
2181 557 2249 612 ad
2285 557 2544 614 mulieres
2571 560 2646 612 ait
2675 560 2794 630 ipse
2823 560 2996 618 Jacob
3031 584 3043 618 :
3108 583 3128 618 ι
3171 564 3239 620 Ει
3267 568 3410 622 dixit

1830 648 1962 703 mihi
2014 649 2240 719 angelus
2288 647 2383 704 Dei
2432 649 2487 704 in
2534 652 2767 717 somnis,
2824 652 3021 710 Jacob.
3065 655 3179 728 Ego
3226 666 3410 714 autem

1829 740 1941 794 dixi
1974 757 1987 794 :
2021 739 2163 808 Quid
2203 749 2289 797 est
2315 741 2403 794 υτ
2434 760 2453 794 ι
2488 741 2554 796 Ει
2581 742 2840 816 deinceps
2872 764 2886 801 :
2923 765 2943 799 ι
2978 746 3123 817 Vidi,
3164 769 3184 802 ι
3211 751 3410 821 inquit,

1829 832 1994 904 236
2029 852 2046 884 ι
2078 833 2261 888 omnia
2307 848 2668 906 quaecumque
2704 834 2892 893 Laban
2949 840 3048 894 tibi
3080 840 3230 898 facit.
3295 842 3413 912 Ego

1829 924 1996 988 Deus,
2045 927 2139 996 qui
2182 925 2408 996 apparui
2455 924 2554 982 tibi
2586 927 2644 982 in
2677 927 2820 993 loco,
2868 930 2961 986 ubi
3011 933 3218 989 unxisti
3271 933 3409 989 mihi

1828 1017 2070 1082 titulum,
2103 1024 2160 1072 et
2181 1018 2378 1073 vovisti
2418 1019 2553 1074 mihi
2581 1027 2768 1076 votum
2793 1022 2858 1077 ⁸³.
2902 1042 2923 1076 ι
2955 1023 3100 1095 Ergo
3125 1025 3218 1096 qui
3242 1041 3409 1098 supra

1828 1110 2063 1172 dixerat,
2105 1127 2123 1160 ι
2172 1108 2286 1181 Ego
2309 1109 2572 1166 Dominus
2605 1109 2748 1169 Deus
2786 1114 3064 1170 Abraham
3091 1117 3266 1187 patris
3297 1118 3404 1183 tui,

1829 1213 1881 1257 et
1912 1201 2054 1257 Deus
2084 1200 2258 1267 Isaac,
2293 1221 2312 1256 ι
2339 1203 2428 1258 cui
2463 1210 2517 1258 et
2559 1203 2780 1260 titulum
2833 1207 3008 1262 erexit
3043 1207 3139 1264 Dei
3171 1210 3406 1272 amicus,

1829 1293 1972 1350 Deus
2002 1295 2221 1365 quidem
2253 1304 2372 1350 erat
2413 1303 2468 1351 et
2519 1295 2786 1353 Dominus
2829 1299 2958 1371 (ipsi
3008 1301 3156 1356 enim
3202 1301 3408 1358 dicenti

1828 1385 2206 1459 credendum),
2241 1403 2352 1442 non
2384 1394 2566 1443 tamen
2598 1389 2646 1444 is
2676 1391 2769 1460 qui
2795 1374 2958 1446 Pater
2977 1399 3083 1456 est,
3111 1399 3166 1447 et
3199 1407 3229 1447 a
3256 1393 3410 1448 nullo

1827 1485 1932 1545 est,
1970 1477 2065 1534 sed
2094 1479 2188 1549 qui
2214 1493 2300 1543 ea,
2341 1495 2463 1550 quae
2490 1480 2555 1535 ad
2586 1479 2802 1538 Patrem
2835 1482 3132 1552 pertinent,
3170 1483 3410 1546 homini-

1827 1569 1931 1625 bus
1974 1569 2358 1626 subministrat
2396 1578 2452 1626 et
2495 1572 2732 1626 nuntiat.
2786 1571 3058 1639 Quocirca
3106 1573 3270 1630 etiam
3302 1590 3402 1630 an-

1826 1662 2009 1733 gelum
2062 1661 2244 1733 ipsum
2297 1665 2352 1718 in
2406 1663 2662 1733 praesenti
2720 1672 2881 1719 vocat
2939 1664 3109 1720 Jacob
3165 1667 3257 1721 ubi
3306 1667 3405 1730 ait,

1833 1772 1851 1804 ι
1888 1752 2034 1807 Dixit
2063 1753 2198 1807 mihi
2228 1755 2455 1825 angelus
2486 1754 2580 1809 Dei
2606 1754 2662 1809 in
2687 1755 2895 1811 somnis
2915 1755 3079 1812 verba
3114 1755 3267 1812 haec:
3295 1756 3409 1828 Ego

131 1828 464 1900 κενούμενος
495 1833 588 1884 καὶ
610 1831 961 1901 διαγγέλλων.
1001 1835 1091 1886 Διὸ
1121 1836 1211 1887 καὶ
1242 1834 1471 1903 ἄγγελον
1505 1837 1666 1889 αὐτὸν
1699 1839 1728 1890 6
1760 1856 1778 1910 ι

1829 1855 1950 1895 sum
1981 1840 2145 1907 Deus,
2178 1842 2270 1913 qui
2296 1843 2524 1913 apparui
2544 1843 2642 1898 tibi
2667 1845 2724 1899 in
2753 1845 2896 1900 loco.
2937 1865 2958 1898 ι
3003 1845 3145 1917 Ergo
3170 1847 3314 1902 idem
3354 1857 3410 1901 et

145 1919 345 1973 Ἰακὼϐ
375 1921 467 1974 ἐπὶ
487 1922 580 1976 τοῦ
608 1925 871 1995 παρόντος
899 1924 1085 1979 καλεῖ·
1117 1945 1136 1977 ι
1159 1922 1296 1979 Εἰπέ
1321 1944 1410 1998 μοι
1436 1930 1464 1978 ὁ
1493 1927 1722 1994 ἄγγελος

127 2013 226 2066 τοῦ
275 2013 417 2067 Θεοῦ
472 2017 696 2085 φάσκων
745 2016 867 2070 καθ’
901 2017 1094 2071 ὓπνον’
1134 2018 1273 2088 Ἐγώ
1323 2021 1436 2088 είμι
1469 2018 1496 2069 6
1529 2018 1660 2082 Θεὸς
1695 2021 1724 2072 6

128 2104 324 2174 ὀφθείς
361 2125 445 2160 σοι
483 2110 540 2160 ἐν
577 2108 655 2180 τῷ
698 2109 866 2180 τόπῳ.
900 2129 919 2159 ι
957 2110 1166 2164 Οὐκοῦν
1211 2113 1240 2164 6
1285 2111 1448 2174 αὐτὸς
1492 2111 1724 2180 ἄγγελος

128 2197 346 2268 Κυρίου
366 2199 461 2252 καὶ
486 2199 619 2264 Θεὸς
651 2202 741 2255 καὶ
786 2202 1012 2274 Κύριος,
1046 2203 1233 2273 σαφῶς
1261 2203 1347 2257 διὰ
1396 2204 1599 2257 τούτων
1632 2205 1724 2257 ἁν-

127 2291 456 2362 ηγόρευται.
503 2293 613 2346 Kal.
649 2295 708 2346 ὲν
751 2295 948 2367 Ἡσαΐᾳ
974 2295 1031 2348 δὲ
1054 2295 1133 2366 τῷ
1171 2298 1446 2368 προφήτῃ,
1481 2295 1724 2367 μεγάλης

129 2383 335 2454 βουλῆς
379 2384 640 2454 ἄγγελος,
685 2386 821 2457 ὁμοῦ
861 2386 917 2440 δὲ
962 2387 1058 2441 καὶ
1101 2387 1234 2451 Θεὸς
1267 2388 1362 2441 καὶ
1411 2389 1594 2459 ἄρχων
1627 2389 1722 2441 καὶ

125 2474 491 2548 ὲξουσιαστὴς
508 2479 991 2550 προσαγορεύεται,
1011 2481 1070 2533 ὲν
1095 2474 1176 2544 οἷς
1194 2479 1290 2551 τὴν
1310 2482 1388 2544 είς
1403 2479 1721 2552 ἀνθρώπους

125 2566 300 2623 αὐτοῦ
332 2568 546 2636 γένεσιν
575 2570 842 2635 θεσπίζει,
876 2570 1080 2640 λέγων·
1120 2589 1138 2621 ι
1173 2571 1294 2624 Ὅτι
1325 2570 1535 2623 παιδίον
1565 2572 1720 2639 εγεν-

123 2657 265 2729 νήθη
300 2660 455 2730 ήμῖν,
487 2661 582 2716 καὶ
623 2662 738 2726 υἱὸς
763 2662 920 2732 ἐδόθη
966 2664 1100 2732 ἡμῖν
1119 2703 1137 2734 η,
1179 2655 1238 2716 06
1269 2662 1301 2732 ἡ
1333 2662 1474 2734 ἁρχὴ
1507 2662 1600 2714 ἐπὶ
1627 2661 1720 2715 τοῦ

1828 1932 2056 2002 angelus
2085 1931 2324 1997 Domini,
2349 1941 2406 1989 et
2433 1933 2601 2000 Deus,
2629 1943 2683 1990 et
2724 1935 3010 2003 Dominus,
3043 1937 3203 2008 plane
3232 1938 3288 1992 in
3318 1937 3408 1993 his

1828 2023 2131 2093 appellatus
2178 2031 2282 2080 est.
2319 2023 2388 2079 Et
2435 2026 2581 2096 apud
2611 2025 2809 2082 lsaiam
2843 2029 3170 2098 prophetam
3223 2028 3407 2100 magni

1827 2113 2043 2168 consilii
2076 2115 2325 2183 angelus,
2361 2113 2691 2187 interimque
2721 2124 2775 2172 et
2818 2116 2983 2182 Deus,
3021 2125 3075 2173 et
3126 2117 3404 2188 princeps,

1829 2214 1883 2260 et
1911 2213 2238 2274 potestatem
2282 2205 2494 2262 habens
2545 2208 2884 2274 nominatur,
2927 2210 3020 2264 ubi
3056 2218 3212 2266 ortus
3254 2211 3407 2266 illius

1830 2297 1977 2352 inter
2023 2298 2278 2354 homines
2325 2300 2566 2367 canitur,
2591 2301 2883 2366 adicente,
2967 2302 3111 2372 quod
3152 2320 3169 2353 ι
3206 2319 3409 2375 pueru-

1827 2389 1915 2444 lus
1947 2398 2109 2444 natus
2141 2400 2226 2445 est
2256 2392 2438 2456 nobis,
2471 2399 2527 2449 et
2564 2391 2708 2446 illius
2743 2392 2906 2449 datus
2927 2403 3012 2449 est
3039 2393 3223 2456 nobis,
3245 2395 3406 2464 cujus

1826 2479 2168 2550 principatus
2189 2495 2356 2551 super
2385 2482 2676 2538 humerum
2709 2483 2851 2554 ejus,
2880 2492 2935 2539 et
2958 2495 3185 2540 vocatur
3205 2502 3407 2542 nomen

1828 2571 1949 2642 ejus
1982 2571 2163 2642 magni
2195 2572 2416 2628 consilii
2446 2575 2697 2645 angelus,
2756 2576 3012 2646 princeps
3054 2577 3228 2647 pacis,
3259 2575 3404 2630 Deus

1828 2661 2010 2730 fortis,
2035 2664 2336 2732 potentiam
2362 2663 2595 2730 habens,
2624 2675 2776 2735 pater
2807 2665 2977 2722 futuri
3002 2670 3174 2724 seculi
3194 2668 3262 2723 “.
3303 2686 3326 2722 ι

123 2751 284 2822 ὤμου
318 2754 519 2820 αὑτοῦ,
569 2757 664 2809 καὶ
695 2755 940 2810 καλεῖται
981 2757 1042 2810 τὸ
1077 2757 1246 2828 ὄνομα
1277 2757 1440 2811 a6106
1478 2757 1720 2831 μεγάλης
1759 2756 1954 2828 βουλῆς
2015 2757 2266 2827 ἄγγελος,
2302 2758 2486 2830 ἄρχων
2546 2762 2789 2833 είρήνης,
2818 2762 2951 2827 Θεὸς
2985 2763 3221 2837 ἰσχυρὸς,
3252 2763 3406 2830 ἐξου-

124 2850 362 2920 σιαστὴς
384 2891 400 2916 ,
433 2851 614 2924 πατὴρ
638 2852 733 2906 τοῦ
767 2852 1054 2923 μέλλοντος
1079 2852 1293 2916 αἰῶνος.
1344 2873 1362 2905 ι

665 2970 1060 3022 ΚΕΦᾹΛΑΙΟΝ
1097 2972 1200 3024 ῙΑ¹.

132 3087 236 3152 Ὠς
269 3084 372 3139 καί
413 3083 616 3138 Ἰακὼϐ
652 3082 758 3136 τὸν
807 3082 1268 3150 προδηλωθέντα
1299 3084 1399 3138 καὶ
1441 3085 1591 3138 Θεὸν
1619 3085 1720 3139 καὶ

2430 2967 2662 3023 CAPUT
2712 2967 2804 3023 XI.

1830 3079 1983 3148 Quod
2017 3081 2175 3134 etiam
2197 3079 2366 3134 Jacob
2391 3096 2532 3145 eum,
2574 3081 2638 3134 de
2680 3097 2780 3151 quo
2815 3081 3052 3150 proxime
3079 3081 3279 3136 dictum
3300 3095 3401 3149 est,

198 3159 443 3233 Κύριοτζ,
469 3155 568 3233 καὶ
590 3153 667 3220 δὴ
694 3152 792 3233 καί
821 3154 1100 3233 ἄγγελον,
1127 3155 1342 3233 ὁμοίως
1373 3154 1454 3233 τῷ
1488 3157 1732 3233 Ἀϐραὰμ
1758 3169 1778 3226 (

1904 3161 1953 3204 et
1987 3152 2150 3233 Deum
2180 3160 2229 3204 et
2259 3151 2566 3233 Dominum,
2590 3161 2846 3233 praeterea
2871 3155 3110 3233 angelum
3134 3155 3402 3233 similiter,

196 3229 270 3278 ἐν
319 3224 636 3292 ἀνθρώπου
674 3223 937 3292 σχήματι
983 3226 1186 3293 θεωρεῖ
1224 3223 1324 3278 διὰ
1380 3223 1492 3293 τῆς
1533 3223 1723 3293 οὕτως·

198 3297 470 3365 ἐχούσης
497 3295 788 3362 ἱστορίας.

205 3429 225 3461 ι
273 3408 542 3472 Ἀναστὰς
583 3409 640 3463 δὲ
685 3409 782 3480 τὴν
824 3407 997 3462 νύκτα
1043 3409 1282 3480 ἐκείνην,
1315 3409 1476 3463 ἔλαϐε
1505 3409 1603 3474 τὰς
1629 3411 1722 3465 δύο

123 3505 418 3572 γυναῖκας,
445 3502 540 3554 καὶ
564 3500 664 3564 τὰς
687 3500 780 3553 δύο
809 3501 1121 3566 παιδίσκας,
1151 3503 1246 3554 καὶ
1274 3503 1340 3556 τὰ
1369 3503 1560 3556 ἕνδεκα
1595 3522 1723 3559 παι-

121 3594 212 3648 δία
265 3593 433 3647 αὑτοῦ
455 3634 470 3658 ,
508 3594 604 3646 καὶ
634 3592 787 3663 διέϐη
814 3593 911 3664 τὴν
944 3593 1192 3648 διάϐασιν
1229 3593 1327 3666 τὴν
1366 3595 1560 3648 Ἰακώϐ
1583 3613 1596 3626 ο
1630 3598 1723 3650 καὶ

122 3687 322 3740 ἂαϐεν
387 3688 618 3750 αὐτοὺς,
669 3686 764 3738 καὶ
810 3685 1084 3739 διεϐίϐασε
1158 3687 1335 3740 πάντα
1387 3687 1454 3742 τὰ
1504 3689 1716 3742 ἑαυτοῦ.

135 3778 477 3848 ’Υπελείφθη
499 3778 558 3830 δὲ
591 3777 783 3831 Ἰακὼϐ
813 3778 993 3848 μόνος,
1026 3779 1118 3833 καὶ
1147 3778 1376 3834 ἐπάλαιε
1410 3782 1527 3849 μετ’
1555 3780 1720 3834 αὑτοῦ

123 3869 418 3940 ἄνθρωπος
455 3869 561 3933 ἕως
603 3870 768 3941 πρωῒ.
805 3865 928 3922 Εἷδε
981 3871 1066 3936 δὲ,
1110 3871 1188 3923 ὅτι
1228 3871 1286 3923 06
1321 3871 1540 3924 δύναται
1587 3872 1722 3943 πρὸς

121 3963 315 4025 αὑτὸν,
359 3963 455 4014 καὶ
481 3962 659 4032 ἥψατο
687 3961 782 4015 τοῦ
811 3963 1050 4024 πλάτους
1082 3962 1172 4015 τοῦ
1204 3962 1380 4033 μηροῦ
1408 3963 1596 4026 αὑτοῦ,
1627 3965 1722 4017 καὶ

122 4058 404 4129 ὲνὰρκησε
427 4055 488 4107 τὸ
514 4053 714 4117 πλάτος
737 4054 829 4106 τοῦ
853 4053 1028 4125 μηροῦ
1058 4053 1272 4117 Ἰακὼϐ,
1293 4055 1350 4107 ὲν
1373 4053 1451 4124 τῷ
1472 4055 1722 4108 παλαίειν

119 4147 292 4202 αὑτὸν
347 4147 466 4216 μετ’
507 4145 694 4199 αὑτοῦ.
759 4146 869 4199 Καὶ
916 4141 1072 4198 εἶπεν
1119 4144 1306 4215 αὐτῷ’
1380 4145 1721 4202 Ἀπόστειλον

121 4257 234 4310 με·
288 4237 462 4307 ἀνέϐη
495 4237 604 4308 γὰρ
647 4239 676 4290 6
713 4237 930 4308 ὄρθρος.
991 4237 1050 4291 '0
1097 4237 1154 4290 δὲ
1209 4234 1395 4291 εἶπεν·
1444 4239 1516 4291 O6
1555 4240 1629 4310 μή
1661 4255 1720 4293 σε

114 4329 470 4394 ἀποστείλω,
509 4329 604 4383 ἐὰν
661 4330 735 4400 μή
797 4345 863 4400 με
911 4328 1230 4400 εὐλογήσῃς.
1281 4324 1415 4382 Εἴπε
1457 4331 1503 4383 δ’
1534 4329 1715 4400 αὐτῷ’

114 4421 186 4473 Τί
250 4419 314 4472 τὸ
385 4417 558 4488 ὄνομα
626 4434 750 4482 σονς
810 4418 866 4470 '0
916 4416 972 4469 δὲ
1043 4412 1228 4469 εἶπενι
1301 4416 1514 4473 Ἰακώϐ.
1584 4416 1720 4472 Εἷπε

1899 3232 1956 3273 ut
1979 3222 2245 3274 Abraham
2284 3222 2336 3274 in
2363 3222 2589 3274 hominis
2619 3221 2794 3288 forma
2827 3221 3229 3292 contemplatur,
3263 3227 3320 3280 in
3343 3243 3406 3286 ea

1895 3292 2121 3345 historia
2149 3307 2264 3361 quae
2298 3292 2374 3344 sic
2421 3307 2476 3344 se
2515 3292 2697 3347 habet.

1898 3424 1918 3458 ι
1954 3405 2197 3477 Surgeus
2232 3412 2414 3460 autem
2444 3413 2607 3460 nocte
2632 3405 2745 3469 illa,
2773 3407 2982 3476 accepit
3010 3407 3150 3465 duas
3173 3424 3401 3474 uxores,

1823 3512 1887 3552 ac
1930 3498 2067 3552 duas
2115 3496 2374 3561 famulas,
2425 3504 2480 3552 et
2525 3497 2781 3552 undecim
2831 3498 3094 3568 puerulos
3147 3515 3303 3563 suos,
3351 3510 3408 3557 et

1822 3591 2078 3646 transivit
2120 3591 2318 3646 vadum
2372 3589 2566 3656 Jacob,
2599 3597 2655 3646 et
2687 3591 2898 3660 accepit
2931 3606 3047 3657 eos,
3085 3600 3139 3647 et
3161 3594 3404 3648 traduxit

1821 3684 2005 3740 omnia
2059 3699 2179 3738 sua.
2247 3681 2314 3736 Et
2385 3682 2614 3738 relictus
2674 3689 2761 3738 est
2812 3682 2930 3752 ipse
2987 3680 3160 3738 Jacoh
3211 3685 3402 3752 solus,

1821 3782 1875 3831 et
1899 3775 2212 3830 luctabatur
2235 3789 2361 3830 cum
2397 3789 2463 3829 eo
2492 3775 2656 3829 homo
2680 3789 2858 3844 usque
2889 3789 3067 3828 mane.
3121 3773 3272 3830 Vidit
3305 3793 3406 3831 au-

1821 3879 1928 3924 tem
1953 3869 2098 3939 quod
2121 3884 2230 3922 non
2253 3875 2438 3939 posset
2462 3868 2928 3931 adversus'illum,
2948 3875 3003 3922 et
3025 3868 3206 3939 attigit
3227 3869 3409 3924 latitu-

1822 3959 2001 4015 dinem
2025 3960 2248 4017 femoris
2262 3962 2402 4030 ejus,
2420 3967 2475 4016 et
2501 3961 2706 4032 torpuit
2723 3961 2954 4016 latitudo
2973 3960 3196 4017 femoris
3211 3961 3404 4029 Jacoh,

1821 4051 1950 4105 dum
1981 4051 2284 4106 luctaretur
2313 4051 2403 4106 hic
2432 4066 2557 4106 cum
2590 4051 2704 4106 illo.
2742 4049 2808 4104 Et
2835 4052 2974 4106 dixit
3022 4053 3074 4108 ei
3119 4073 3133 4109 :
3184 4053 3408 4110 Dimitte

1822 4157 1929 4206 me,
1963 4143 2212 4197 ascendit
2239 4142 2386 4197 enim
2421 4157 2643 4198 aurora.
2686 4141 2788 4197 Hic
2819 4159 2949 4199 vero
2979 4143 3120 4199 dixit
3149 4164 3164 4201 :
3196 4143 3319 4200 Non
3348 4152 3406 4201 te

1820 4235 2111 4302 dimittam,
2155 4235 2262 4291 nisi
2305 4235 2440 4290 mihi
2486 4235 2852 4292 henedixeris.
2898 4235 3047 4292 Dixit
3075 4247 3260 4292 autem
3293 4238 3346 4294 ei
3385 4257 3400 4272 ο

1821 4326 1977 4394 Quod
2011 4335 2095 4382 est
2123 4342 2325 4383 nomen
2356 4327 2553 4383 tuum?
2581 4329 2650 4383 At
2681 4328 2772 4384 hic
2803 4328 2943 4385 dixit
2971 4331 3023 4384 ei
3059 4348 3072 4385 :
3117 4327 3307 4386 Jacol).
3336 4329 3409 4388 Et

1821 4419 1958 4474 dixit
1982 4419 2032 4474 ei
2057 4437 2070 4474 :
2099 4418 2221 4474 Non
2246 4420 2480 4491 amplius
2494 4419 2666 4477 Jaeob
2687 4422 2972 4478 vocabitur
2999 4437 3200 4479 nomen
3226 4432 3403 4483 tuum.

110 4511 158 4566 δ’
217 4509 391 4580 αὐτῷ·
443 4510 640 4564 υῦκὲτι
688 4508 882 4564 Ἰακὼϐ
913 4509 1243 4580 κληθήσεται
1293 4511 1355 4563 τὸ
1380 4511 1550 4582 ὄνομά
1584 4529 1709 4574 σου,
1743 4513 1778 4571 ι]

1827 4509 1980 4580 237
2009 4511 2103 4565 sed
2128 4507 2295 4566 Israel
2331 4511 2435 4566 erit
2463 4526 2664 4567 nomen
2692 4519 2847 4566 tuum
2895 4529 2910 4567 :
2945 4514 3205 4584 quoniam
3253 4515 3405 4570 inva-

112 4605 238 4659 ἀλλ’
274 4603 494 4675 Ἰσραὴλ
522 4603 671 4657 ἔσται
696 4602 757 4656 τὸ
785 4602 957 4673 ὄνομα
990 4619 1082 4655 σου
1107 4620 1122 4634 ο
1150 4604 1232 4656 ὅτι
1255 4604 1543 4674 ἐνίσχυσας
1575 4604 1712 4676 μετὰ

111 4695 284 4760 Θεοῦ,
319 4697 416 4748 καὶ
449 4695 565 4766 μετ’
598 4693 898 4767 ἀνθρώπων
928 4694 1150 4760 δυνατὸς
1195 4694 1314 4767 ἔσῃ.
1361 4696 1716 4769 Ἠρώτησεδὲ

125 4787 358 4852 Ἰακὼϐ,
391 4788 488 4840 καὶ
519 4783 669 4842 εἶπεν
689 4806 702 4818 ·
752 4787 1094 4856 Ἀνάγγειλὸν
1142 4805 1232 4859 μοι
1265 4788 1328 4841 τὸ
1365 4789 1537 4859 ὖνομὸι
1598 4806 1712 4843 σου.

111 4883 232 4935 Καὶ
267 4877 455 4934 εἶπεν·
495 4881 612 4934 Ἵνα
660 4881 714 4934 τί
766 4879 929 4934 τοῦτο
980 4883 1210 4952 ἐρωτᾷς,
1247 4881 1307 4935 τὸ
1356 4882 1526 4953 ὄνομα
1579 4901 1713 4954 μου;

113 4971 235 5026 Καὶ
281 4972 579 5042 εὐλόγησεν
633 4973 796 5026 αὐτὸν
855 4976 990 5037 ἐκεῖ,
1027 4975 1119 5026 καὶ
1167 4973 1390 5028 ἐκάλεσε
1440 4974 1503 5028 τὸ
1546 4975 1716 5046 ὄνομα

110 5063 214 5117 τοῦ
229 5062 404 5115 τόπου
426 5061 632 5115 ἐκείνου
661 5062 876 5128 Ἰακὼϐ,
895 5059 1072 5129 Εἶδος
1094 5063 1261 5118 Θεοῦ.
1282 5059 1435 5116 Εἶδον
1455 5062 1564 5135 γὰρ
1582 5063 1714 5118 Θεὸν

116 5155 421 5226 πρόσωπον
466 5153 602 5224 πρὸς
648 5153 957 5224 πρόσωπον,
990 5155 1088 5207 καὶ
1119 5153 1296 5224 ἐσώθη
1334 5157 1366 5226 ἡ
1401 5155 1547 5226 ψυχή
1585 5173 1706 5225 μου.

127 5244 403 5299 Ἀνέτειλε
436 5244 492 5298 δὲ
522 5245 670 5316 αὐτῷ
713 5247 742 5298 6
779 5246 949 5316 ἥλιος,
982 5247 1144 5316 ἠνίκα
1191 5247 1437 5317 παρῆλθε
1465 5247 1528 5300 τὸ
1573 5243 1712 5310 εἶδος

110 5337 214 5392 τοῦ
240 5336 403 5389 Θεοῦ.
451 5356 470 5389 ι
499 5335 589 5408 Τῷ
624 5339 722 5409 μὲν
771 5341 960 5393 Μωσεί
989 5340 1206 5410 εἴρητο*
1243 5357 1262 5389 ι
1295 5339 1482 5403 Οὐδεὶς
1527 5339 1717 5408 ὄψεται

109 5430 177 5483 τὸ
203 5427 505 5500 πρόσωπόν
543 5446 644 5500 μου
677 5432 772 5484 καὶ
809 5429 1052 5501 ζήσεται·
1086 5449 1107 5483 ι
1141 5431 1202 5485 ὲν
1222 5431 1432 5495 τούτοις
1457 5431 1513 5484 δὲ
1545 5432 1574 5483 6
1618 5431 1720 5485 Ἰα-

109 5519 240 5577 κὼϐ
291 5515 402 5574 εἶδε
452 5519 584 5574 Θεὸν
633 5521 732 5592 οὐχ
783 5521 993 5600 ἁπλῷς,
1049 5516 1183 5576 ἀλλὰ
1236 5523 1528 5593 πρόσωπον
1581 5523 1718 5594 πρὸς

109 5613 449 5685 πρόσωπον·
486 5614 580 5667 καὶ
604 5613 794 5679 σωθείς
825 5631 889 5683 γε
912 5617 972 5668 06
1005 5616 1068 5669 16
1099 5615 1281 5686 σῶμα,
1316 5615 1453 5669 ἀλλὰ
1482 5614 1581 5688 τὴν
1610 5614 1718 5686 ψυ-

217 5767 273 5800 "
307 5767 443 5825 Gen.
478 5785 630 5837 xxxi,
661 5770 743 5826 ll.

842 5771 887 5805 ⁸³
917 5771 1048 5827 ibid.
1090 5769 1174 5839 12,
1204 5771 1294 5828 15.
1325 5771 1372 5805 ⁸⁸
1401 5771 1507 5829 lsa.
1536 5785 1611 5836 Ix,
1645 5769 1700 5828 6.
1777 5771 1821 5804 ⁸⁸
1852 5768 1987 5827 Gen.
2024 5783 2202 5837 χχιιι,
2237 5767 2434 5825 22-51.

1819 4602 1969 4658 luisti
1994 4618 2118 4658 cum
2170 4602 2303 4672 Deo,
2337 4605 2503 4658 etiam
2535 4619 2660 4658 cum
2690 4605 3011 4662 hominibus
3047 4613 3242 4678 potens
3267 4607 3402 4662 eris.

1822 4694 2186 4765 Interrogavit
2206 4710 2338 4750 vero
2367 4693 2539 4750 Jacob
2563 4705 2617 4751 et
2645 4696 2722 4750 ait
2748 4715 2761 4751 :
2800 4695 2985 4752 Indica
3035 4697 3168 4752 mihi
3200 4713 3403 4754 nomen

1822 4795 2000 4844 tuum.
2052 4787 2120 4841 Et
2159 4788 2236 4841 ait
2277 4807 2290 4842 :
2329 4786 2472 4854 Quid
2517 4789 2592 4843 ita
2623 4790 2822 4860 quaeris
2854 4805 3050 4846 nomen
3081 4789 3305 4846 meum?
3335 4789 3407 4845 Et

1825 4877 2108 4934 benedixit
2139 4878 2188 4932 ei
2229 4877 2285 4931 in
2329 4879 2425 4933 illo
2467 4879 2612 4944 loco,
2654 4887 2710 4934 et
2754 4881 2969 4936 vocavit
3004 4879 3175 4936 Jacob
3201 4897 3402 4938 nomen

1823 4969 1931 5024 loci
1971 4969 2144 5034 illius,
2179 4967 2417 5039 Speciem
2461 4968 2581 5026 Dei.
2613 4970 2820 5042 Aspexi
2851 4971 2997 5026 enim
3047 4969 3220 5026 Deum
3261 4973 3403 5028 facie

1822 5060 1892 5116 ad
1926 5059 2123 5116 faciem
2161 5080 2176 5116 :
2217 5068 2274 5115 et
2301 5068 2517 5116 servata
2567 5072 2652 5118 est
2693 5063 2875 5117 anima
2925 5077 3067 5118 mea.
3123 5061 3290 5120 Ortus
3317 5075 3404 5120 est

1820 5163 2000 5210 autem
2042 5154 2119 5208 illi
2151 5154 2254 5220 sol,
2287 5169 2412 5209 cum
2463 5156 2755 5211 transisset
2793 5155 3015 5225 species
3049 5155 3144 5210 Dei
3174 5156 3243 5212 ⁸⁸.
3283 5175 3304 5209 ι
3334 5154 3402 5210 Ει

1818 5243 1955 5300 Mosi
1973 5244 2190 5315 quidem
2204 5246 2407 5300 dictum
2422 5255 2506 5300 est
2521 5264 2532 5298 :
2545 5263 2564 5296 ι
2585 5243 2779 5301 Nullus
2795 5245 3000 5300 videbit
3014 5245 3208 5301 faciem
3224 5261 3400 5302 meam

1816 5345 1872 5392 et
1904 5338 2050 5392 vivet
2073 5335 2155 5391 “:
2189 5356 2208 5389 ›
2244 5335 2336 5390 hic
2360 5343 2540 5391 autem
2559 5333 2730 5393 Jacob
2761 5335 2899 5391 vidit
2928 5335 3102 5393 Deum
3127 5352 3238 5392 non
3269 5336 3402 5392 sim-

1818 5430 2058 5503 pliciter,
2094 5429 2191 5485 sed
2229 5428 2370 5485 facie
2399 5427 2469 5484 ad
2500 5430 2699 5486 faciem
2743 5449 2756 5483 :
2790 5437 2846 5484 et
2877 5446 3004 5485 cum
3033 5439 3281 5486 servatus
3306 5445 3400 5486 es-

1821 5531 1928 5586 set,
1955 5538 2066 5576 non
2101 5536 2354 5592 corpore,
2382 5521 2478 5578 sed
2497 5521 2802 5606 animm/ad
2829 5523 3212 5593 appellationis
3231 5519 3404 5578 Israel

1823 5613 2150 5685 dignitatem
2183 5621 2500 5682 assumptus
2525 5620 2631 5678 est,
2665 5625 2787 5685 qua:
2810 5626 2941 5666 sane
2968 5609 3259 5682 appellatio
3283 5607 3406 5667 ani-

2542 5771 2588 5803 "
2615 5767 2789 5825 Exod.
2825 5780 3004 5833 xxxu,
3031 5764 3122 5823 20.
