  <div class='ocr_page' id='page_1' title='image "/cluster/home/n/w/nwhite01/storage/ocr_20150623/22/nnc1.0046978372/209.png"; bbox 0 0 3846 6218; ppageno 0'>
   <div class='ocr_carea' id='block_1_1' title="bbox 401 335 510 396">
    <p class='ocr_par' dir='ltr' id='par_1_1' title="bbox 401 335 510 396">
     <span class='ocr_line' id='line_1_1' title="bbox 401 335 510 396; baseline -0.037 0"><span class='ocrx_word' id='word_1_1' title='bbox 401 335 510 396; x_wconf 76' lang='lat'><strong>587</strong></span> 
     </span>
    </p>
   </div>
   <div class='ocr_carea' id='block_1_2' title="bbox 1059 331 1988 397">
    <p class='ocr_par' dir='ltr' id='par_1_2' title="bbox 1059 335 1988 397">
     <span class='ocr_line' id='line_1_2' title="bbox 1059 335 1988 397; baseline 0.001 -6"><span class='ocrx_word' id='word_1_2' title='bbox 1059 335 1337 393; x_wconf 82' lang='lat' dir='ltr'><strong>&#39;EUSEBII</strong></span> <span class='ocrx_word' id='word_1_3' title='bbox 1372 337 1483 393; x_wconf 70' lang='lat' dir='ltr'><strong>(J/E</strong></span> <span class='ocrx_word' id='word_1_4' title='bbox 1492 336 1740 394; x_wconf 80' lang='lat' dir='ltr'><strong>SARIEN</strong></span> <span class='ocrx_word' id='word_1_5' title='bbox 1747 337 1806 397; x_wconf 88' lang='lat' dir='ltr'><strong>SI</strong></span> <span class='ocrx_word' id='word_1_6' title='bbox 1813 338 1850 394; x_wconf 89' lang='lat' dir='ltr'><strong>S</strong></span> <span class='ocrx_word' id='word_1_7' title='bbox 1888 337 1988 394; x_wconf 74' lang='grc' dir='ltr'><strong>ΟΡ]</strong></span> 
     </span>
    </p>
   </div>
   <div class='ocr_carea' id='block_1_3' title="bbox 2090 331 2994 397">
    <p class='ocr_par' dir='ltr' id='par_1_3' title="bbox 2090 331 2994 392">
     <span class='ocr_line' id='line_1_3' title="bbox 2090 331 2994 392; baseline -0.007 0"><span class='ocrx_word' id='word_1_8' title='bbox 2090 336 2242 392; x_wconf 73' lang='lat' dir='ltr'><strong>’ARS</strong></span> <span class='ocrx_word' id='word_1_9' title='bbox 2281 335 2462 390; x_wconf 63' lang='grc' dir='ltr'>ιιεέ-</span> <span class='ocrx_word' id='word_1_10' title='bbox 2496 331 2994 390; x_wconf 75' lang='lat' dir='ltr'><strong>APOLOGETICA.</strong></span> 
     </span>
    </p>
   </div>
   <div class='ocr_carea' id='block_1_4' title="bbox 3563 334 3666 390">
    <p class='ocr_par' dir='ltr' id='par_1_4' title="bbox 3563 334 3666 390">
     <span class='ocr_line' id='line_1_4' title="bbox 3563 334 3666 390; baseline 0.01 -1"><span class='ocrx_word' id='word_1_11' title='bbox 3563 334 3666 390; x_wconf 79' lang='lat'><strong>588</strong></span> 
     </span>
    </p>
   </div>
   <div class='ocr_carea' id='block_1_5' title="bbox 404 421 1988 527">
    <p class='ocr_par' dir='ltr' id='par_1_5' title="bbox 404 449 1986 522">
     <span class='ocr_line' id='line_1_5' title="bbox 404 449 1986 522; baseline -0.002 -14"><span class='ocrx_word' id='word_1_12' title='bbox 404 466 619 508; x_wconf 90' lang='lat' dir='ltr'><strong>marum</strong></span> <span class='ocrx_word' id='word_1_13' title='bbox 652 449 997 520; x_wconf 79' lang='lat' dir='ltr'><strong>cognominis</strong></span> <span class='ocrx_word' id='word_1_14' title='bbox 1020 459 1144 506; x_wconf 88' lang='lat' dir='ltr'><strong>est:</strong></span> <span class='ocrx_word' id='word_1_15' title='bbox 1181 451 1450 521; x_wconf 86' lang='lat' dir='ltr'><strong>siquidem</strong></span> <span class='ocrx_word' id='word_1_16' title='bbox 1483 451 1663 522; x_wconf 91' lang='lat' dir='ltr'><strong>ipsum</strong></span> <span class='ocrx_word' id='word_1_17' title='bbox 1694 451 1864 507; x_wconf 88' lang='lat' dir='ltr'><strong>Israel</strong></span> <span class='ocrx_word' id='word_1_18' title='bbox 1887 466 1986 506; x_wconf 88' lang='lat' dir='ltr'><strong>no-</strong></span> 
     </span>
    </p>
   </div>
   <div class='ocr_carea' id='block_1_6' title="bbox 2090 421 3664 527">
    <p class='ocr_par' dir='ltr' id='par_1_6' title="bbox 2090 421 3664 522">
     <span class='ocr_line' id='line_1_6' title="bbox 2090 421 3664 522; baseline -0.007 -19"><span class='ocrx_word' id='word_1_19' title='bbox 2090 449 2208 520; x_wconf 81' lang='grc' dir='ltr'>χὴν,</span> <span class='ocrx_word' id='word_1_20' title='bbox 2241 449 2340 519; x_wconf 81' lang='grc' dir='ltr'><strong>τῆς</strong></span> <span class='ocrx_word' id='word_1_21' title='bbox 2390 448 2481 502; x_wconf 77' lang='grc' dir='ltr'>ἐπὶ</span> <span class='ocrx_word' id='word_1_22' title='bbox 2511 449 2603 500; x_wconf 89' lang='grc' dir='ltr'><strong>τὸν</strong></span> <span class='ocrx_word' id='word_1_23' title='bbox 2650 446 2864 518; x_wconf 82' lang='grc' dir='ltr'>Ἰσραὴλ</span> <span class='ocrx_word' id='word_1_24' title='bbox 2897 421 3281 518; x_wconf 66' lang='grc' dir='ltr'>προσωνυμίαις</span> <span class='ocrx_word' id='word_1_25' title='bbox 3310 450 3539 522; x_wconf 61' lang='grc' dir='ltr'>ἠξιώθη,</span> <span class='ocrx_word' id='word_1_26' title='bbox 3576 469 3664 520; x_wconf 76' lang='grc' dir='ltr'><strong>φε-</strong></span> 
     </span>
    </p>
   </div>
   <div class='ocr_carea' id='block_1_7' title="bbox 404 543 1982 614">
    <p class='ocr_par' dir='ltr' id='par_1_7' title="bbox 404 543 1982 614">
     <span class='ocr_line' id='line_1_7' title="bbox 404 543 1982 614; baseline 0.002 -16"><span class='ocrx_word' id='word_1_27' title='bbox 404 560 554 607; x_wconf 88' lang='lat' dir='ltr'><strong>men,</strong></span> <span class='ocrx_word' id='word_1_28' title='bbox 621 544 666 597; x_wconf 90' lang='lat' dir='ltr'><strong>si</strong></span> <span class='ocrx_word' id='word_1_29' title='bbox 724 543 1129 613; x_wconf 85' lang='lat' dir='ltr'><strong>interpreteris,</strong></span> <span class='ocrx_word' id='word_1_30' title='bbox 1178 543 1432 597; x_wconf 82' lang='lat' dir='ltr'><strong>videntem</strong></span> <span class='ocrx_word' id='word_1_31' title='bbox 1475 543 1643 598; x_wconf 87' lang='lat' dir='ltr'><strong>Deum</strong></span> <span class='ocrx_word' id='word_1_32' title='bbox 1691 544 1982 614; x_wconf 82' lang='lat' dir='ltr'><strong>signiﬁcat.</strong></span> 
     </span>
    </p>
   </div>
   <div class='ocr_carea' id='block_1_8' title="bbox 405 632 2010 703">
    <p class='ocr_par' dir='ltr' id='par_1_8' title="bbox 405 632 2010 703">
     <span class='ocr_line' id='line_1_8' title="bbox 405 632 2010 703; baseline 0.002 -16"><span class='ocrx_word' id='word_1_33' title='bbox 405 632 525 687; x_wconf 89' lang='lat' dir='ltr'><strong>Non</strong></span> <span class='ocrx_word' id='word_1_34' title='bbox 559 633 726 703; x_wconf 93' lang='lat' dir='ltr'><strong>igitur</strong></span> <span class='ocrx_word' id='word_1_35' title='bbox 748 641 957 702; x_wconf 85' lang='lat' dir='ltr'><strong>patrem</strong></span> <span class='ocrx_word' id='word_1_36' title='bbox 985 632 1154 687; x_wconf 88' lang='lat' dir='ltr'><strong>Deum</strong></span> <span class='ocrx_word' id='word_1_37' title='bbox 1176 632 1333 696; x_wconf 81' lang='lat' dir='ltr'><strong>vidit,</strong></span> <span class='ocrx_word' id='word_1_38' title='bbox 1355 633 1449 688; x_wconf 91' lang='lat' dir='ltr'><strong>sed</strong></span> <span class='ocrx_word' id='word_1_39' title='bbox 1474 632 1642 688; x_wconf 90' lang='lat' dir='ltr'><strong>Deum</strong></span> <span class='ocrx_word' id='word_1_40' title='bbox 1668 634 1858 699; x_wconf 79' lang='lat' dir='ltr'><strong>(ilium,</strong></span> <span class='ocrx_word' id='word_1_41' title='bbox 1887 651 2010 690; x_wconf 60' lang='grc' dir='ltr'>(ιιι-⁸</span> 
     </span>
    </p>
   </div>
   <div class='ocr_carea' id='block_1_9' title="bbox 403 724 1980 796">
    <p class='ocr_par' dir='ltr' id='par_1_9' title="bbox 403 724 1980 796">
     <span class='ocr_line' id='line_1_9' title="bbox 403 724 1980 796; baseline 0.003 -18"><span class='ocrx_word' id='word_1_42' title='bbox 403 724 496 794; x_wconf 87' lang='lat' dir='ltr'><strong>jus</strong></span> <span class='ocrx_word' id='word_1_43' title='bbox 525 725 690 780; x_wconf 88' lang='lat' dir='ltr'><strong>etiam</strong></span> <span class='ocrx_word' id='word_1_44' title='bbox 724 725 1002 779; x_wconf 78' lang='lat' dir='ltr'><strong>curiosius</strong></span> <span class='ocrx_word' id='word_1_45' title='bbox 1038 726 1457 794; x_wconf 76' lang='lat' dir='ltr'><strong>appellationem</strong></span> <span class='ocrx_word' id='word_1_46' title='bbox 1491 727 1758 796; x_wconf 65' lang='lat' dir='ltr'><strong>quaerenti</strong></span> <span class='ocrx_word' id='word_1_47' title='bbox 1789 726 1980 793; x_wconf 89' lang='lat' dir='ltr'><strong>Jacob,</strong></span> 
     </span>
    </p>
   </div>
   <div class='ocr_carea' id='block_1_10' title="bbox 407 817 1986 893">
    <p class='ocr_par' dir='ltr' id='par_1_10' title="bbox 407 817 1986 893">
     <span class='ocr_line' id='line_1_10' title="bbox 407 817 1986 893; baseline 0.001 -20"><span class='ocrx_word' id='word_1_48' title='bbox 407 817 651 873; x_wconf 88' lang='lat' dir='ltr'><strong>nondum</strong></span> <span class='ocrx_word' id='word_1_49' title='bbox 687 827 806 873; x_wconf 83' lang='lat' dir='ltr'><strong>erat</strong></span> <span class='ocrx_word' id='word_1_50' title='bbox 842 817 1162 872; x_wconf 84' lang='lat' dir='ltr'><strong>enuntiandi</strong></span> <span class='ocrx_word' id='word_1_51' title='bbox 1208 826 1421 887; x_wconf 87' lang='lat' dir='ltr'><strong>tempus</strong></span> <span class='ocrx_word' id='word_1_52' title='bbox 1474 837 1486 873; x_wconf 94' lang='lat'>:</span> <span class='ocrx_word' id='word_1_53' title='bbox 1537 818 1682 888; x_wconf 89' lang='lat' dir='ltr'><strong>quod</strong></span> <span class='ocrx_word' id='word_1_54' title='bbox 1711 820 1758 893; x_wconf 77' lang='lat' dir='ltr'><strong>si</strong></span> <span class='ocrx_word' id='word_1_55' title='bbox 1793 835 1986 889; x_wconf 89' lang='lat' dir='ltr'><strong>quem-</strong></span> 
     </span>
    </p>
   </div>
   <div class='ocr_carea' id='block_1_11' title="bbox 407 910 1982 981">
    <p class='ocr_par' dir='ltr' id='par_1_11' title="bbox 407 910 1982 981">
     <span class='ocr_line' id='line_1_11' title="bbox 407 910 1982 981; baseline 0.002 -19"><span class='ocrx_word' id='word_1_56' title='bbox 407 911 552 980; x_wconf 83' lang='lat' dir='ltr'><strong>piam</strong></span> <span class='ocrx_word' id='word_1_57' title='bbox 584 925 650 964; x_wconf 86' lang='lat' dir='ltr'><strong>ex</strong></span> <span class='ocrx_word' id='word_1_58' title='bbox 698 910 931 981; x_wconf 81' lang='lat' dir='ltr'><strong>angelis,</strong></span> <span class='ocrx_word' id='word_1_59' title='bbox 964 918 1058 964; x_wconf 91' lang='lat' dir='ltr'><strong>aut</strong></span> <span class='ocrx_word' id='word_1_60' title='bbox 1104 925 1171 964; x_wconf 79' lang='lat' dir='ltr'><strong>ex</strong></span> <span class='ocrx_word' id='word_1_61' title='bbox 1217 910 1305 977; x_wconf 88' lang='lat' dir='ltr'><strong>iis,</strong></span> <span class='ocrx_word' id='word_1_62' title='bbox 1341 911 1432 980; x_wconf 90' lang='lat' dir='ltr'><strong>qui</strong></span> <span class='ocrx_word' id='word_1_63' title='bbox 1471 912 1672 966; x_wconf 70' lang='lat' dir='ltr'><strong>cmlum</strong></span> <span class='ocrx_word' id='word_1_64' title='bbox 1711 912 1982 980; x_wconf 86' lang='lat' dir='ltr'><strong>incolunt,</strong></span> 
     </span>
    </p>
   </div>
   <div class='ocr_carea' id='block_1_12' title="bbox 407 1003 1983 1074">
    <p class='ocr_par' dir='ltr' id='par_1_12' title="bbox 407 1003 1983 1074">
     <span class='ocr_line' id='line_1_12' title="bbox 407 1003 1983 1074; baseline 0.003 -18"><span class='ocrx_word' id='word_1_65' title='bbox 407 1003 610 1057; x_wconf 87' lang='lat' dir='ltr'><strong>divinis</strong></span> <span class='ocrx_word' id='word_1_66' title='bbox 640 1003 948 1072; x_wconf 81' lang='lat' dir='ltr'><strong>spiritibus,</strong></span> <span class='ocrx_word' id='word_1_67' title='bbox 982 1018 1107 1058; x_wconf 91' lang='lat' dir='ltr'><strong>eum</strong></span> <span class='ocrx_word' id='word_1_68' title='bbox 1144 1006 1238 1074; x_wconf 92' lang='lat' dir='ltr'><strong>qui</strong></span> <span class='ocrx_word' id='word_1_69' title='bbox 1276 1005 1484 1059; x_wconf 89' lang='lat' dir='ltr'><strong>sanctis</strong></span> <span class='ocrx_word' id='word_1_70' title='bbox 1537 1006 1760 1059; x_wconf 88' lang='lat' dir='ltr'><strong>oracula</strong></span> <span class='ocrx_word' id='word_1_71' title='bbox 1816 1007 1983 1060; x_wconf 90' lang='lat' dir='ltr'><strong>mini-</strong></span> 
     </span>
    </p>
   </div>
   <div class='ocr_carea' id='block_1_13' title="bbox 407 1095 1979 1166">
    <p class='ocr_par' dir='ltr' id='par_1_13' title="bbox 407 1095 1979 1166">
     <span class='ocr_line' id='line_1_13' title="bbox 407 1095 1979 1166; baseline 0.003 -18"><span class='ocrx_word' id='word_1_72' title='bbox 407 1096 621 1148; x_wconf 88' lang='lat' dir='ltr'><strong>strabat</strong></span> <span class='ocrx_word' id='word_1_73' title='bbox 671 1095 872 1164; x_wconf 85' lang='lat' dir='ltr'><strong>aliquis</strong></span> <span class='ocrx_word' id='word_1_74' title='bbox 911 1097 1223 1165; x_wconf 77' lang='lat' dir='ltr'><strong>suspicetur</strong></span> <span class='ocrx_word' id='word_1_75' title='bbox 1269 1110 1414 1161; x_wconf 90' lang='lat' dir='ltr'><strong>esse,</strong></span> <span class='ocrx_word' id='word_1_76' title='bbox 1461 1097 1622 1166; x_wconf 91' lang='lat' dir='ltr'><strong>plane</strong></span> <span class='ocrx_word' id='word_1_77' title='bbox 1659 1096 1930 1166; x_wconf 85' lang='lat' dir='ltr'><strong>decipitur</strong></span> <span class='ocrx_word' id='word_1_78' title='bbox 1966 1117 1979 1152; x_wconf 92' lang='lat'><strong>:</strong></span> 
     </span>
    </p>
   </div>
   <div class='ocr_carea' id='block_1_14' title="bbox 407 1184 1986 1260">
    <p class='ocr_par' dir='ltr' id='par_1_14' title="bbox 407 1184 1986 1260">
     <span class='ocr_line' id='line_1_14' title="bbox 407 1184 1986 1260; baseline 0.004 -22"><span class='ocrx_word' id='word_1_79' title='bbox 407 1184 512 1239; x_wconf 90' lang='lat' dir='ltr'><strong>hoc</strong></span> <span class='ocrx_word' id='word_1_80' title='bbox 541 1200 606 1240; x_wconf 85' lang='lat' dir='ltr'><strong>ex</strong></span> <span class='ocrx_word' id='word_1_81' title='bbox 640 1186 758 1256; x_wconf 89' lang='lat' dir='ltr'><strong>ipso</strong></span> <span class='ocrx_word' id='word_1_82' title='bbox 792 1189 1078 1256; x_wconf 85' lang='lat' dir='ltr'><strong>probatur,</strong></span> <span class='ocrx_word' id='word_1_83' title='bbox 1111 1186 1255 1257; x_wconf 92' lang='lat' dir='ltr'><strong>quod</strong></span> <span class='ocrx_word' id='word_1_84' title='bbox 1283 1187 1373 1240; x_wconf 90' lang='lat' dir='ltr'><strong>hic</strong></span> <span class='ocrx_word' id='word_1_85' title='bbox 1420 1187 1538 1257; x_wconf 92' lang='lat' dir='ltr'><strong>ipse</strong></span> <span class='ocrx_word' id='word_1_86' title='bbox 1563 1187 1630 1252; x_wconf 82' lang='lat' dir='ltr'><strong>de</strong></span> <span class='ocrx_word' id='word_1_87' title='bbox 1661 1204 1771 1258; x_wconf 92' lang='lat' dir='ltr'><strong>quo</strong></span> <span class='ocrx_word' id='word_1_88' title='bbox 1806 1190 1986 1260; x_wconf 92' lang='lat' dir='ltr'><strong>loqui-</strong></span> 
     </span>
    </p>
   </div>
   <div class='ocr_carea' id='block_1_15' title="bbox 408 1277 1981 1351">
    <p class='ocr_par' dir='ltr' id='par_1_15' title="bbox 408 1277 1981 1351">
     <span class='ocr_line' id='line_1_15' title="bbox 408 1277 1981 1351; baseline 0.005 -21"><span class='ocrx_word' id='word_1_89' title='bbox 408 1292 554 1341; x_wconf 88' lang='lat' dir='ltr'><strong>mur,</strong></span> <span class='ocrx_word' id='word_1_90' title='bbox 605 1288 658 1333; x_wconf 91' lang='lat' dir='ltr'><strong>et</strong></span> <span class='ocrx_word' id='word_1_91' title='bbox 695 1277 906 1333; x_wconf 89' lang='lat' dir='ltr'><strong>Domini</strong></span> <span class='ocrx_word' id='word_1_92' title='bbox 941 1286 996 1334; x_wconf 89' lang='lat' dir='ltr'><strong>et</strong></span> <span class='ocrx_word' id='word_1_93' title='bbox 1045 1279 1141 1333; x_wconf 89' lang='lat' dir='ltr'><strong>Dei</strong></span> <span class='ocrx_word' id='word_1_94' title='bbox 1175 1279 1542 1349; x_wconf 86' lang='lat' dir='ltr'><strong>appellatione</strong></span> <span class='ocrx_word' id='word_1_95' title='bbox 1586 1294 1935 1351; x_wconf 88' lang='lat' dir='ltr'><strong>nuncupatur</strong></span> <span class='ocrx_word' id='word_1_96' title='bbox 1965 1302 1981 1338; x_wconf 90' lang='lat'><strong>:</strong></span> 
     </span>
    </p>
   </div>
   <div class='ocr_carea' id='block_1_16' title="bbox 406 1367 1988 1442">
    <p class='ocr_par' dir='ltr' id='par_1_16' title="bbox 406 1367 1988 1442">
     <span class='ocr_line' id='line_1_16' title="bbox 406 1367 1988 1442; baseline 0.003 -20"><span class='ocrx_word' id='word_1_97' title='bbox 406 1368 611 1422; x_wconf 84' lang='lat' dir='ltr'><strong>etenim</strong></span> <span class='ocrx_word' id='word_1_98' title='bbox 643 1373 698 1424; x_wconf 74' lang='lat' dir='ltr'><strong>et</strong></span> <span class='ocrx_word' id='word_1_99' title='bbox 729 1367 897 1424; x_wconf 91' lang='lat' dir='ltr'><strong>Deum</strong></span> <span class='ocrx_word' id='word_1_100' title='bbox 930 1371 1107 1439; x_wconf 91' lang='lat' dir='ltr'><strong>ipsum</strong></span> <span class='ocrx_word' id='word_1_101' title='bbox 1158 1371 1342 1424; x_wconf 88' lang='lat' dir='ltr'><strong>divina</strong></span> <span class='ocrx_word' id='word_1_102' title='bbox 1377 1371 1664 1441; x_wconf 86' lang='lat' dir='ltr'><strong>Scriptura</strong></span> <span class='ocrx_word' id='word_1_103' title='bbox 1697 1372 1860 1442; x_wconf 89' lang='lat' dir='ltr'><strong>plane</strong></span> <span class='ocrx_word' id='word_1_104' title='bbox 1887 1387 1988 1427; x_wconf 87' lang='lat' dir='ltr'><strong>vo-</strong></span> 
     </span>
    </p>
   </div>
   <div class='ocr_carea' id='block_1_17' title="bbox 407 1459 1988 1533">
    <p class='ocr_par' dir='ltr' id='par_1_17' title="bbox 407 1459 1988 1533">
     <span class='ocr_line' id='line_1_17' title="bbox 407 1459 1988 1533; baseline 0.004 -19"><span class='ocrx_word' id='word_1_105' title='bbox 407 1459 565 1523; x_wconf 89' lang='lat' dir='ltr'><strong>citat,</strong></span> <span class='ocrx_word' id='word_1_106' title='bbox 602 1466 656 1528; x_wconf 78' lang='lat' dir='ltr'><strong>et</strong></span> <span class='ocrx_word' id='word_1_107' title='bbox 686 1459 976 1516; x_wconf 91' lang='lat' dir='ltr'><strong>Dominum</strong></span> <span class='ocrx_word' id='word_1_108' title='bbox 1005 1462 1133 1516; x_wconf 89' lang='lat' dir='ltr'><strong>item</strong></span> <span class='ocrx_word' id='word_1_109' title='bbox 1167 1463 1423 1532; x_wconf 87' lang='lat' dir='ltr'><strong>appellat,</strong></span> <span class='ocrx_word' id='word_1_110' title='bbox 1463 1464 1583 1533; x_wconf 86' lang='lat' dir='ltr'><strong>ejus</strong></span> <span class='ocrx_word' id='word_1_111' title='bbox 1615 1465 1853 1521; x_wconf 90' lang='lat' dir='ltr'><strong>nominis</strong></span> <span class='ocrx_word' id='word_1_112' title='bbox 1886 1465 1988 1520; x_wconf 90' lang='lat' dir='ltr'><strong>ho-</strong></span> 
     </span>
    </p>
   </div>
   <div class='ocr_carea' id='block_1_18' title="bbox 406 1549 1987 1625">
    <p class='ocr_par' dir='ltr' id='par_1_18' title="bbox 406 1549 1987 1625">
     <span class='ocr_line' id='line_1_18' title="bbox 406 1549 1987 1625; baseline 0.007 -26"><span class='ocrx_word' id='word_1_113' title='bbox 406 1561 598 1601; x_wconf 90' lang='lat' dir='ltr'><strong>norem</strong></span> <span class='ocrx_word' id='word_1_114' title='bbox 627 1549 704 1602; x_wconf 92' lang='lat' dir='ltr'><strong>illi</strong></span> <span class='ocrx_word' id='word_1_115' title='bbox 746 1549 1016 1614; x_wconf 83' lang='lat' dir='ltr'><strong>tribuens,</strong></span> <span class='ocrx_word' id='word_1_116' title='bbox 1065 1551 1210 1621; x_wconf 90' lang='lat' dir='ltr'><strong>quod</strong></span> <span class='ocrx_word' id='word_1_117' title='bbox 1254 1553 1397 1622; x_wconf 88' lang='lat' dir='ltr'><strong>apud</strong></span> <span class='ocrx_word' id='word_1_118' title='bbox 1450 1552 1707 1609; x_wconf 74' lang='lat' dir='ltr'><strong>Hebraeos</strong></span> <span class='ocrx_word' id='word_1_119' title='bbox 1749 1563 1987 1625; x_wconf 85' lang='lat' dir='ltr'><strong>quatuor</strong></span> 
     </span>
    </p>
   </div>
   <div class='ocr_carea' id='block_1_19' title="bbox 409 1639 1987 1718">
    <p class='ocr_par' dir='ltr' id='par_1_19' title="bbox 409 1639 1987 1718">
     <span class='ocr_line' id='line_1_19' title="bbox 409 1639 1987 1718; baseline 0.007 -26"><span class='ocrx_word' id='word_1_120' title='bbox 409 1639 609 1696; x_wconf 86' lang='lat' dir='ltr'><strong>litteris</strong></span> <span class='ocrx_word' id='word_1_121' title='bbox 636 1649 881 1708; x_wconf 76' lang='lat' dir='ltr'><strong>notatur,</strong></span> <span class='ocrx_word' id='word_1_122' title='bbox 909 1643 1055 1714; x_wconf 89' lang='lat' dir='ltr'><strong>quod</strong></span> <span class='ocrx_word' id='word_1_123' title='bbox 1097 1660 1234 1700; x_wconf 84' lang='lat' dir='ltr'><strong>sane</strong></span> <span class='ocrx_word' id='word_1_124' title='bbox 1268 1645 1322 1699; x_wconf 91' lang='lat' dir='ltr'><strong>in</strong></span> <span class='ocrx_word' id='word_1_125' title='bbox 1361 1661 1469 1700; x_wconf 90' lang='lat' dir='ltr'><strong>una</strong></span> <span class='ocrx_word' id='word_1_126' title='bbox 1511 1645 1770 1702; x_wconf 79' lang='lat' dir='ltr'><strong>iucﬂabili</strong></span> <span class='ocrx_word' id='word_1_127' title='bbox 1823 1655 1987 1718; x_wconf 80' lang='lat' dir='ltr'><strong>atque</strong></span> 
     </span>
    </p>
   </div>
   <div class='ocr_carea' id='block_1_20' title="bbox 407 1731 1987 1811">
    <p class='ocr_par' dir='ltr' id='par_1_20' title="bbox 407 1731 1987 1811">
     <span class='ocr_line' id='line_1_20' title="bbox 407 1731 1987 1811; baseline 0.006 -26"><span class='ocrx_word' id='word_1_128' title='bbox 407 1731 466 1786; x_wconf 91' lang='lat' dir='ltr'><strong>in</strong></span> <span class='ocrx_word' id='word_1_129' title='bbox 522 1733 908 1789; x_wconf 80' lang='lat' dir='ltr'><strong>inenuntiab-ili</strong></span> <span class='ocrx_word' id='word_1_130' title='bbox 959 1735 1058 1791; x_wconf 89' lang='lat' dir='ltr'><strong>Dei</strong></span> <span class='ocrx_word' id='word_1_131' title='bbox 1118 1738 1482 1808; x_wconf 88' lang='lat' dir='ltr'><strong>appellatione</strong></span> <span class='ocrx_word' id='word_1_132' title='bbox 1531 1754 1768 1809; x_wconf 88' lang='lat' dir='ltr'><strong>ponere,</strong></span> <span class='ocrx_word' id='word_1_133' title='bbox 1831 1742 1987 1811; x_wconf 90' lang='lat' dir='ltr'><strong>pueri</strong></span> 
     </span>
    </p>
   </div>
   <div class='ocr_carea' id='block_1_21' title="bbox 2093 539 3673 615">
    <p class='ocr_par' dir='ltr' id='par_1_21' title="bbox 2093 539 3673 615">
     <span class='ocr_line' id='line_1_21' title="bbox 2093 539 3673 615; baseline 0.003 -23"><span class='ocrx_word' id='word_1_134' title='bbox 2093 540 2341 612; x_wconf 88' lang='grc' dir='ltr'>ρωνύμου</span> <span class='ocrx_word' id='word_1_135' title='bbox 2393 539 2579 610; x_wconf 81' lang='grc' dir='ltr'>ψυχῶν</span> <span class='ocrx_word' id='word_1_136' title='bbox 2624 539 3024 610; x_wconf 83' lang='grc' dir='ltr'><strong>προσηγορίας,</strong></span> <span class='ocrx_word' id='word_1_137' title='bbox 3075 539 3130 591; x_wconf 77' lang='grc' dir='ltr'><strong>εί</strong></span> <span class='ocrx_word' id='word_1_138' title='bbox 3175 558 3257 609; x_wconf 88' lang='grc' dir='ltr'><strong>γε,</strong></span> <span class='ocrx_word' id='word_1_139' title='bbox 3312 542 3673 615; x_wconf 78' lang='grc' dir='ltr'>ὲρμηνευθὲν,</span> 
     </span>
    </p>
   </div>
   <div class='ocr_carea' id='block_1_22' title="bbox 2088 629 3671 708">
    <p class='ocr_par' dir='ltr' id='par_1_22' title="bbox 2088 629 3671 708">
     <span class='ocr_line' id='line_1_22' title="bbox 2088 629 3671 708; baseline 0.001 -23"><span class='ocrx_word' id='word_1_140' title='bbox 2088 634 2316 708; x_wconf 71' lang='grc' dir='ltr'>ὁρῶντα</span> <span class='ocrx_word' id='word_1_141' title='bbox 2345 632 2492 685; x_wconf 80' lang='grc' dir='ltr'>Θεὸν</span> <span class='ocrx_word' id='word_1_142' title='bbox 2517 631 2577 683; x_wconf 91' lang='grc' dir='ltr'><strong>τὸ</strong></span> <span class='ocrx_word' id='word_1_143' title='bbox 2609 629 2823 702; x_wconf 85' lang='grc' dir='ltr'>Ἰσραὴλ</span> <span class='ocrx_word' id='word_1_144' title='bbox 2843 631 3010 702; x_wconf 78' lang='grc' dir='ltr'>δνομα</span> <span class='ocrx_word' id='word_1_145' title='bbox 3028 633 3297 702; x_wconf 80' lang='grc' dir='ltr'><strong>σημαίνει.</strong></span> <span class='ocrx_word' id='word_1_146' title='bbox 3315 635 3428 686; x_wconf 83' lang='grc' dir='ltr'>Οὐκ</span> <span class='ocrx_word' id='word_1_147' title='bbox 3449 634 3560 704; x_wconf 83' lang='grc' dir='ltr'>ἄρα</span> <span class='ocrx_word' id='word_1_148' title='bbox 3578 634 3671 686; x_wconf 90' lang='grc' dir='ltr'><strong>τὸν</strong></span> 
     </span>
    </p>
   </div>
   <div class='ocr_carea' id='block_1_23' title="bbox 2088 718 3669 794">
    <p class='ocr_par' dir='ltr' id='par_1_23' title="bbox 2088 718 3669 794">
     <span class='ocr_line' id='line_1_23' title="bbox 2088 718 3669 794; baseline -0.001 -16"><span class='ocrx_word' id='word_1_149' title='bbox 2088 725 2180 778; x_wconf 75' lang='grc' dir='ltr'><strong>ἐπὶ</strong></span> <span class='ocrx_word' id='word_1_150' title='bbox 2209 724 2426 777; x_wconf 82' lang='grc' dir='ltr'>πάντων</span> <span class='ocrx_word' id='word_1_151' title='bbox 2457 723 2588 776; x_wconf 83' lang='grc' dir='ltr'>Θεὸν</span> <span class='ocrx_word' id='word_1_152' title='bbox 2613 723 2777 794; x_wconf 77' lang='grc' dir='ltr'>ἑώρα·</span> <span class='ocrx_word' id='word_1_153' title='bbox 2811 723 3038 794; x_wconf 87' lang='grc' dir='ltr'>ἀόρατος</span> <span class='ocrx_word' id='word_1_154' title='bbox 3064 723 3171 794; x_wconf 84' lang='grc' dir='ltr'><strong>γὰρ</strong></span> <span class='ocrx_word' id='word_1_155' title='bbox 3203 718 3358 787; x_wconf 76' lang='grc' dir='ltr'>οὗτος</span> <span class='ocrx_word' id='word_1_156' title='bbox 3388 726 3483 777; x_wconf 69' lang='grc' dir='ltr'>καὶ</span> <span class='ocrx_word' id='word_1_157' title='bbox 3505 724 3669 794; x_wconf 80' lang='grc' dir='ltr'>ἄτρε-</span> 
     </span>
    </p>
   </div>
   <div class='ocr_carea' id='block_1_24' title="bbox 2074 813 3674 888">
    <p class='ocr_par' dir='ltr' id='par_1_24' title="bbox 2074 813 3674 888">
     <span class='ocr_line' id='line_1_24' title="bbox 2074 813 3674 888; baseline 0.001 -19"><span class='ocrx_word' id='word_1_158' title='bbox 2074 833 2238 879; x_wconf 88' lang='grc' dir='ltr'>-πτος,</span> <span class='ocrx_word' id='word_1_159' title='bbox 2263 817 2356 869; x_wconf 75' lang='grc' dir='ltr'><strong>καὶ</strong></span> <span class='ocrx_word' id='word_1_160' title='bbox 2384 813 2632 888; x_wconf 83' lang='grc' dir='ltr'><strong>οὐδαμῶς</strong></span> <span class='ocrx_word' id='word_1_161' title='bbox 2660 815 2727 869; x_wconf 84' lang='grc' dir='ltr'>ἂν</span> <span class='ocrx_word' id='word_1_162' title='bbox 2750 817 2828 878; x_wconf 87' lang='grc' dir='ltr'><strong>είς</strong></span> <span class='ocrx_word' id='word_1_163' title='bbox 2851 813 3133 886; x_wconf 79' lang='grc' dir='ltr'>ἄνθρωπον</span> <span class='ocrx_word' id='word_1_164' title='bbox 3164 816 3503 886; x_wconf 89' lang='grc' dir='ltr'>μεταϐάλλοι,</span> <span class='ocrx_word' id='word_1_165' title='bbox 3527 817 3674 870; x_wconf 79' lang='grc' dir='ltr'>ἁπά-</span> 
     </span>
    </p>
   </div>
   <div class='ocr_carea' id='block_1_25' title="bbox 2089 902 3668 978">
    <p class='ocr_par' dir='ltr' id='par_1_25' title="bbox 2089 902 3668 978">
     <span class='ocr_line' id='line_1_25' title="bbox 2089 902 3668 978; baseline 0 -18"><span class='ocrx_word' id='word_1_166' title='bbox 2089 926 2188 978; x_wconf 83' lang='grc' dir='ltr'><strong>σης</strong></span> <span class='ocrx_word' id='word_1_167' title='bbox 2225 907 2300 962; x_wconf 82' lang='grc' dir='ltr'>ὢν</span> <span class='ocrx_word' id='word_1_168' title='bbox 2347 907 2606 961; x_wconf 87' lang='grc' dir='ltr'><strong>ἀνωτάτω</strong></span> <span class='ocrx_word' id='word_1_169' title='bbox 2638 908 3076 978; x_wconf 81' lang='grc' dir='ltr'>οὐσίας.’¹Ετερον</span> <span class='ocrx_word' id='word_1_170' title='bbox 3109 909 3236 978; x_wconf 81' lang='grc' dir='ltr'>ἄρα,</span> <span class='ocrx_word' id='word_1_171' title='bbox 3271 902 3330 962; x_wconf 78' lang='grc' dir='ltr'>οὗ</span> <span class='ocrx_word' id='word_1_172' title='bbox 3367 910 3462 961; x_wconf 77' lang='grc' dir='ltr'><strong>καὶ</strong></span> <span class='ocrx_word' id='word_1_173' title='bbox 3498 908 3668 961; x_wconf 84' lang='grc' dir='ltr'>πολυ-</span> 
     </span>
    </p>
   </div>
   <div class='ocr_carea' id='block_1_26' title="bbox 2087 995 3671 1073">
    <p class='ocr_par' dir='ltr' id='par_1_26' title="bbox 2087 995 3671 1073">
     <span class='ocr_line' id='line_1_26' title="bbox 2087 995 3671 1073; baseline -0.001 -19"><span class='ocrx_word' id='word_1_174' title='bbox 2087 1000 2490 1073; x_wconf 83' lang='grc' dir='ltr'>πραγμονοῦντι</span> <span class='ocrx_word' id='word_1_175' title='bbox 2522 999 2712 1070; x_wconf 90' lang='grc' dir='ltr'>καιρός</span> <span class='ocrx_word' id='word_1_176' title='bbox 2745 1016 2832 1052; x_wconf 89' lang='grc' dir='ltr'><strong>πω</strong></span> <span class='ocrx_word' id='word_1_177' title='bbox 2863 999 2964 1050; x_wconf 89' lang='grc' dir='ltr'><strong>οὐκ</strong></span> <span class='ocrx_word' id='word_1_178' title='bbox 2992 995 3061 1067; x_wconf 72' lang='grc' dir='ltr'>ἦν</span> <span class='ocrx_word' id='word_1_179' title='bbox 3089 998 3320 1068; x_wconf 80' lang='grc' dir='ltr'>ἐκφάναι</span> <span class='ocrx_word' id='word_1_180' title='bbox 3347 999 3425 1069; x_wconf 79' lang='grc' dir='ltr'>τῷ</span> <span class='ocrx_word' id='word_1_181' title='bbox 3473 999 3671 1052; x_wconf 83' lang='grc' dir='ltr'>Ἰακὼϐ</span> 
     </span>
    </p>
   </div>
   <div class='ocr_carea' id='block_1_27' title="bbox 2085 1090 3676 1164">
    <p class='ocr_par' dir='ltr' id='par_1_27' title="bbox 2085 1090 3676 1164">
     <span class='ocr_line' id='line_1_27' title="bbox 2085 1090 3676 1164; baseline -0.001 -20"><span class='ocrx_word' id='word_1_182' title='bbox 2085 1091 2183 1164; x_wconf 84' lang='grc' dir='ltr'><strong>τὴν</strong></span> <span class='ocrx_word' id='word_1_183' title='bbox 2217 1091 2606 1163; x_wconf 85' lang='grc' dir='ltr'>προσηγορίαν.</span> <span class='ocrx_word' id='word_1_184' title='bbox 2628 1092 2691 1143; x_wconf 76' lang='lat' dir='ltr'><strong>El</strong></span> <span class='ocrx_word' id='word_1_185' title='bbox 2722 1090 2778 1143; x_wconf 84' lang='grc' dir='ltr'>δὲ</span> <span class='ocrx_word' id='word_1_186' title='bbox 2802 1090 3045 1160; x_wconf 85' lang='grc' dir='ltr'>ἀγγέλων</span> <span class='ocrx_word' id='word_1_187' title='bbox 3071 1090 3212 1156; x_wconf 78' lang='grc' dir='ltr'>τινὰ,</span> <span class='ocrx_word' id='word_1_188' title='bbox 3239 1091 3271 1161; x_wconf 81' lang='grc' dir='ltr'>ἢ</span> <span class='ocrx_word' id='word_1_189' title='bbox 3300 1092 3408 1144; x_wconf 90' lang='grc' dir='ltr'><strong>τῶν</strong></span> <span class='ocrx_word' id='word_1_190' title='bbox 3438 1090 3562 1144; x_wconf 79' lang='grc' dir='ltr'>κατ’</span> <span class='ocrx_word' id='word_1_191' title='bbox 3583 1091 3676 1143; x_wconf 79' lang='grc' dir='ltr'>οὐ·</span> 
     </span>
    </p>
   </div>
   <div class='ocr_carea' id='block_1_28' title="bbox 2089 1183 3675 1256">
    <p class='ocr_par' dir='ltr' id='par_1_28' title="bbox 2089 1183 3675 1256">
     <span class='ocr_line' id='line_1_28' title="bbox 2089 1183 3675 1256; baseline -0.001 -19"><span class='ocrx_word' id='word_1_192' title='bbox 2089 1184 2248 1256; x_wconf 85' lang='grc' dir='ltr'>ρανὸν</span> <span class='ocrx_word' id='word_1_193' title='bbox 2273 1184 2429 1238; x_wconf 86' lang='grc' dir='ltr'>θείων</span> <span class='ocrx_word' id='word_1_194' title='bbox 2451 1183 2795 1253; x_wconf 87' lang='grc' dir='ltr'>πνευμάτων,</span> <span class='ocrx_word' id='word_1_195' title='bbox 2814 1183 2904 1236; x_wconf 90' lang='grc' dir='ltr'><strong>τὸν</strong></span> <span class='ocrx_word' id='word_1_196' title='bbox 2924 1186 3037 1247; x_wconf 90' lang='grc' dir='ltr'>τοῖς</span> <span class='ocrx_word' id='word_1_197' title='bbox 3053 1184 3226 1252; x_wconf 81' lang='grc' dir='ltr'>ἁγίοις</span> <span class='ocrx_word' id='word_1_198' title='bbox 3239 1185 3365 1247; x_wconf 79' lang='grc' dir='ltr'>τοὺς</span> <span class='ocrx_word' id='word_1_199' title='bbox 3387 1185 3675 1254; x_wconf 69' lang='grc' dir='ltr'>χρησμοὺς</span> 
     </span>
    </p>
   </div>
   <div class='ocr_carea' id='block_1_29' title="bbox 2085 1273 3670 1349">
    <p class='ocr_par' dir='ltr' id='par_1_29' title="bbox 2085 1273 3670 1349">
     <span class='ocr_line' id='line_1_29' title="bbox 2085 1273 3670 1349; baseline -0.002 -18"><span class='ocrx_word' id='word_1_200' title='bbox 2085 1277 2492 1349; x_wconf 86' lang='grc' dir='ltr'>διακονούμενον</span> <span class='ocrx_word' id='word_1_201' title='bbox 2518 1276 2777 1330; x_wconf 85' lang='grc' dir='ltr'>ὑπολάϐοι</span> <span class='ocrx_word' id='word_1_202' title='bbox 2808 1295 2890 1341; x_wconf 91' lang='grc' dir='ltr'><strong>τις</strong></span> <span class='ocrx_word' id='word_1_203' title='bbox 2916 1273 3073 1342; x_wconf 83' lang='grc' dir='ltr'>εἶναι,</span> <span class='ocrx_word' id='word_1_204' title='bbox 3108 1277 3294 1347; x_wconf 88' lang='grc' dir='ltr'>σαφῶς</span> <span class='ocrx_word' id='word_1_205' title='bbox 3323 1277 3636 1346; x_wconf 72' lang='grc' dir='ltr'>διέψευσται</span> <span class='ocrx_word' id='word_1_206' title='bbox 3655 1293 3670 1306; x_wconf 75' lang='grc' dir='ltr'><strong>ο</strong></span> 
     </span>
    </p>
   </div>
   <div class='ocr_carea' id='block_1_30' title="bbox 2085 1368 3676 1443">
    <p class='ocr_par' dir='ltr' id='par_1_30' title="bbox 2085 1368 3676 1443">
     <span class='ocr_line' id='line_1_30' title="bbox 2085 1368 3676 1443; baseline -0.001 -19"><span class='ocrx_word' id='word_1_207' title='bbox 2085 1370 2244 1424; x_wconf 89' lang='grc' dir='ltr'>τοῦτο</span> <span class='ocrx_word' id='word_1_208' title='bbox 2277 1371 2375 1443; x_wconf 86' lang='grc' dir='ltr'><strong>μὲν</strong></span> <span class='ocrx_word' id='word_1_209' title='bbox 2399 1370 2507 1424; x_wconf 80' lang='grc' dir='ltr'><strong>ἀπὸ</strong></span> <span class='ocrx_word' id='word_1_210' title='bbox 2537 1369 2631 1423; x_wconf 90' lang='grc' dir='ltr'><strong>τοῦ</strong></span> <span class='ocrx_word' id='word_1_211' title='bbox 2664 1369 3151 1441; x_wconf 87' lang='grc' dir='ltr'>κυριολεκτεῖσθαι,</span> <span class='ocrx_word' id='word_1_212' title='bbox 3183 1369 3278 1423; x_wconf 77' lang='grc' dir='ltr'>καὶ</span> <span class='ocrx_word' id='word_1_213' title='bbox 3303 1368 3676 1438; x_wconf 83' lang='grc' dir='ltr'>θεολογεῖσθαι</span> 
     </span>
    </p>
   </div>
   <div class='ocr_carea' id='block_1_31' title="bbox 2086 1459 3679 1532">
    <p class='ocr_par' dir='ltr' id='par_1_31' title="bbox 2086 1459 3679 1532">
     <span class='ocr_line' id='line_1_31' title="bbox 2086 1459 3679 1532; baseline -0.003 -18"><span class='ocrx_word' id='word_1_214' title='bbox 2086 1461 2176 1515; x_wconf 90' lang='grc' dir='ltr'><strong>τὸν</strong></span> <span class='ocrx_word' id='word_1_215' title='bbox 2207 1460 2533 1532; x_wconf 87' lang='grc' dir='ltr'>δηλούμενον</span> <span class='ocrx_word' id='word_1_216' title='bbox 2553 1477 2567 1490; x_wconf 89' lang='grc'><strong>·</strong></span> <span class='ocrx_word' id='word_1_217' title='bbox 2603 1461 2699 1514; x_wconf 80' lang='grc' dir='ltr'><strong>καὶ</strong></span> <span class='ocrx_word' id='word_1_218' title='bbox 2728 1459 2836 1530; x_wconf 86' lang='grc' dir='ltr'>γὰρ</span> <span class='ocrx_word' id='word_1_219' title='bbox 2855 1460 2950 1513; x_wconf 72' lang='grc' dir='ltr'><strong>καὶ</strong></span> <span class='ocrx_word' id='word_1_220' title='bbox 2981 1460 3113 1512; x_wconf 82' lang='grc' dir='ltr'>Θεὸν</span> <span class='ocrx_word' id='word_1_221' title='bbox 3146 1459 3307 1513; x_wconf 90' lang='grc' dir='ltr'>αὐτὸν</span> <span class='ocrx_word' id='word_1_222' title='bbox 3330 1462 3364 1530; x_wconf 81' lang='grc' dir='ltr'><strong>ἡ</strong></span> <span class='ocrx_word' id='word_1_223' title='bbox 3392 1459 3510 1513; x_wconf 90' lang='grc' dir='ltr'>θεία</span> <span class='ocrx_word' id='word_1_224' title='bbox 3532 1461 3573 1510; x_wconf 90' lang='grc' dir='ltr'><strong>Γ</strong></span> <span class='ocrx_word' id='word_1_225' title='bbox 3580 1477 3679 1532; x_wconf 86' lang='grc' dir='ltr'>ρα-</span> 
     </span>
    </p>
   </div>
   <div class='ocr_carea' id='block_1_32' title="bbox 2089 1551 3673 1625">
    <p class='ocr_par' dir='ltr' id='par_1_32' title="bbox 2089 1551 3673 1625">
     <span class='ocr_line' id='line_1_32' title="bbox 2089 1551 3673 1625; baseline -0.001 -20"><span class='ocrx_word' id='word_1_226' title='bbox 2089 1552 2163 1624; x_wconf 83' lang='grc' dir='ltr'>φὴ</span> <span class='ocrx_word' id='word_1_227' title='bbox 2196 1553 2492 1625; x_wconf 80' lang='grc' dir='ltr'>διαρρήδην</span> <span class='ocrx_word' id='word_1_228' title='bbox 2525 1551 2866 1624; x_wconf 86' lang='grc' dir='ltr'>ἀναγορεύει,</span> <span class='ocrx_word' id='word_1_229' title='bbox 2901 1553 2996 1605; x_wconf 77' lang='grc' dir='ltr'>καὶ</span> <span class='ocrx_word' id='word_1_230' title='bbox 3040 1552 3242 1623; x_wconf 83' lang='grc' dir='ltr'>Κύριον</span> <span class='ocrx_word' id='word_1_231' title='bbox 3283 1553 3568 1616; x_wconf 77' lang='grc' dir='ltr'>ἀποκαλεῖ,</span> <span class='ocrx_word' id='word_1_232' title='bbox 3603 1556 3673 1623; x_wconf 81' lang='grc' dir='ltr'>τῇ</span> 
     </span>
    </p>
   </div>
   <div class='ocr_carea' id='block_1_33' title="bbox 2087 1644 3675 1716">
    <p class='ocr_par' dir='ltr' id='par_1_33' title="bbox 2087 1644 3675 1716">
     <span class='ocr_line' id='line_1_33' title="bbox 2087 1644 3675 1716; baseline -0.001 -18"><span class='ocrx_word' id='word_1_233' title='bbox 2087 1644 2176 1699; x_wconf 73' lang='grc' dir='ltr'>διὰ</span> <span class='ocrx_word' id='word_1_234' title='bbox 2223 1644 2333 1699; x_wconf 87' lang='grc' dir='ltr'><strong>τῶν</strong></span> <span class='ocrx_word' id='word_1_235' title='bbox 2376 1646 2657 1716; x_wconf 82' lang='grc' dir='ltr'>τεσσάρων</span> <span class='ocrx_word' id='word_1_236' title='bbox 2689 1645 2818 1716; x_wconf 87' lang='grc' dir='ltr'>παρ’</span> <span class='ocrx_word' id='word_1_237' title='bbox 2848 1644 3119 1714; x_wconf 88' lang='grc' dir='ltr'>Ἑϐραίοις</span> <span class='ocrx_word' id='word_1_238' title='bbox 3153 1645 3431 1714; x_wconf 85' lang='grc' dir='ltr'>στοιχείων</span> <span class='ocrx_word' id='word_1_239' title='bbox 3473 1648 3675 1714; x_wconf 78' lang='grc' dir='ltr'>ἐπιση-</span> 
     </span>
    </p>
   </div>
   <div class='ocr_carea' id='block_1_34' title="bbox 2093 1734 3676 1807">
    <p class='ocr_par' dir='ltr' id='par_1_34' title="bbox 2093 1734 3676 1807">
     <span class='ocr_line' id='line_1_34' title="bbox 2093 1734 3676 1807; baseline -0.001 -18"><span class='ocrx_word' id='word_1_240' title='bbox 2093 1734 2314 1807; x_wconf 85' lang='grc' dir='ltr'>μειώσει</span> <span class='ocrx_word' id='word_1_241' title='bbox 2341 1736 2574 1806; x_wconf 85' lang='grc' dir='ltr'>τιμῶσα,</span> <span class='ocrx_word' id='word_1_242' title='bbox 2611 1736 2678 1807; x_wconf 81' lang='grc' dir='ltr'>ἢν</span> <span class='ocrx_word' id='word_1_243' title='bbox 2701 1735 2794 1790; x_wconf 73' lang='grc' dir='ltr'><strong>ἐπὶ</strong></span> <span class='ocrx_word' id='word_1_244' title='bbox 2829 1735 2994 1806; x_wconf 88' lang='grc' dir='ltr'>μόνης</span> <span class='ocrx_word' id='word_1_245' title='bbox 3023 1737 3122 1806; x_wconf 82' lang='grc' dir='ltr'>τῆς</span> <span class='ocrx_word' id='word_1_246' title='bbox 3147 1736 3532 1806; x_wconf 84' lang='grc' dir='ltr'>ἀνεκφωνήτου</span> <span class='ocrx_word' id='word_1_247' title='bbox 3578 1737 3676 1788; x_wconf 78' lang='grc' dir='ltr'><strong>καὶ</strong></span> 
     </span>
    </p>
   </div>
   <div class='ocr_carea' id='block_1_35' title="bbox 408 1819 1988 1898">
    <p class='ocr_par' dir='ltr' id='par_1_35' title="bbox 408 1819 1983 1896">
     <span class='ocr_line' id='line_1_35' title="bbox 408 1819 1983 1896; baseline 0.006 -20"><span class='ocrx_word' id='word_1_248' title='bbox 408 1819 762 1878; x_wconf 63' lang='lat' dir='ltr'><strong>Hebraeorum</strong></span> <span class='ocrx_word' id='word_1_249' title='bbox 792 1835 1199 1880; x_wconf 88' lang='lat' dir='ltr'><strong>consueverunt</strong></span> <span class='ocrx_word' id='word_1_250' title='bbox 1230 1845 1242 1880; x_wconf 95' lang='lat'>:</span> <span class='ocrx_word' id='word_1_251' title='bbox 1278 1829 1542 1896; x_wconf 87' lang='lat' dir='ltr'><strong>probatur</strong></span> <span class='ocrx_word' id='word_1_252' title='bbox 1581 1830 1746 1884; x_wconf 90' lang='lat' dir='ltr'><strong>etiam</strong></span> <span class='ocrx_word' id='word_1_253' title='bbox 1798 1846 1862 1885; x_wconf 81' lang='lat' dir='ltr'><strong>ex</strong></span> <span class='ocrx_word' id='word_1_254' title='bbox 1897 1845 1983 1896; x_wconf 89' lang='lat' dir='ltr'><strong>eo,</strong></span> 
     </span>
    </p>
   </div>
   <div class='ocr_carea' id='block_1_36' title="bbox 2090 1819 3676 1898">
    <p class='ocr_par' dir='ltr' id='par_1_36' title="bbox 2092 1823 3676 1898">
     <span class='ocr_line' id='line_1_36' title="bbox 2092 1823 3676 1898; baseline -0.001 -19"><span class='ocrx_word' id='word_1_255' title='bbox 2092 1828 2330 1898; x_wconf 76' lang='grc' dir='ltr'>ἀρρήτου</span> <span class='ocrx_word' id='word_1_256' title='bbox 2365 1826 2734 1898; x_wconf 77' lang='grc' dir='ltr'>προσηγορίας</span> <span class='ocrx_word' id='word_1_257' title='bbox 2765 1825 2866 1896; x_wconf 81' lang='grc' dir='ltr'><strong>τῆς</strong></span> <span class='ocrx_word' id='word_1_258' title='bbox 2897 1823 2991 1878; x_wconf 91' lang='grc' dir='ltr'><strong>τοῦ</strong></span> <span class='ocrx_word' id='word_1_259' title='bbox 3036 1824 3170 1878; x_wconf 82' lang='grc' dir='ltr'>Θεοῦ</span> <span class='ocrx_word' id='word_1_260' title='bbox 3207 1825 3505 1878; x_wconf 82' lang='grc' dir='ltr'>συντιθέναι</span> <span class='ocrx_word' id='word_1_261' title='bbox 3543 1827 3676 1879; x_wconf 63' lang='grc' dir='ltr'>παῖς</span> 
     </span>
    </p>
   </div>
   <div class='ocr_carea' id='block_1_37' title="bbox 407 1914 1982 1992">
    <p class='ocr_par' dir='ltr' id='par_1_37' title="bbox 407 1914 1982 1992">
     <span class='ocr_line' id='line_1_37' title="bbox 407 1914 1982 1992; baseline 0.006 -25"><span class='ocrx_word' id='word_1_262' title='bbox 407 1914 557 1983; x_wconf 91' lang='lat' dir='ltr'><strong>quod</strong></span> <span class='ocrx_word' id='word_1_263' title='bbox 593 1916 928 1988; x_wconf 91' lang='lat' dir='ltr'><strong>ubicumque</strong></span> <span class='ocrx_word' id='word_1_264' title='bbox 959 1915 1243 1988; x_wconf 88' lang='lat' dir='ltr'><strong>Scriptura</strong></span> <span class='ocrx_word' id='word_1_265' title='bbox 1275 1921 1496 1990; x_wconf 84' lang='lat' dir='ltr'><strong>angelos</strong></span> <span class='ocrx_word' id='word_1_266' title='bbox 1546 1921 1818 1992; x_wconf 77' lang='lat' dir='ltr'><strong>appellare</strong></span> <span class='ocrx_word' id='word_1_267' title='bbox 1847 1923 1982 1988; x_wconf 87' lang='lat' dir='ltr'><strong>vult,</strong></span> 
     </span>
    </p>
   </div>
   <div class='ocr_carea' id='block_1_38' title="bbox 408 2008 1990 2085">
    <p class='ocr_par' dir='ltr' id='par_1_38' title="bbox 408 2008 1990 2085">
     <span class='ocr_line' id='line_1_38' title="bbox 408 2008 1990 2085; baseline 0.006 -25"><span class='ocrx_word' id='word_1_268' title='bbox 408 2015 594 2077; x_wconf 84' lang='lat' dir='ltr'><strong>aperte</strong></span> <span class='ocrx_word' id='word_1_269' title='bbox 611 2008 714 2064; x_wconf 91' lang='lat' dir='ltr'><strong>hoc</strong></span> <span class='ocrx_word' id='word_1_270' title='bbox 735 2009 885 2076; x_wconf 80' lang='lat' dir='ltr'><strong>facit,</strong></span> <span class='ocrx_word' id='word_1_271' title='bbox 913 2011 1242 2082; x_wconf 88' lang='lat' dir='ltr'><strong>angelosque</strong></span> <span class='ocrx_word' id='word_1_272' title='bbox 1271 2013 1528 2068; x_wconf 87' lang='lat' dir='ltr'><strong>distincte</strong></span> <span class='ocrx_word' id='word_1_273' title='bbox 1557 2014 1849 2085; x_wconf 83' lang='lat' dir='ltr'><strong>signiﬁcat.</strong></span> <span class='ocrx_word' id='word_1_274' title='bbox 1871 2013 1990 2070; x_wconf 88' lang='lat' dir='ltr'><strong>Sic-</strong></span> 
     </span>
    </p>
   </div>
   <div class='ocr_carea' id='block_1_39' title="bbox 410 2100 1981 2175">
    <p class='ocr_par' dir='ltr' id='par_1_39' title="bbox 410 2100 1981 2175">
     <span class='ocr_line' id='line_1_39' title="bbox 410 2100 1981 2175; baseline 0.005 -24"><span class='ocrx_word' id='word_1_275' title='bbox 410 2107 472 2152; x_wconf 92' lang='lat' dir='ltr'><strong>ut</strong></span> <span class='ocrx_word' id='word_1_276' title='bbox 528 2114 623 2153; x_wconf 93' lang='lat' dir='ltr'><strong>eos</strong></span> <span class='ocrx_word' id='word_1_277' title='bbox 665 2100 760 2168; x_wconf 88' lang='lat' dir='ltr'><strong>qui</strong></span> <span class='ocrx_word' id='word_1_278' title='bbox 805 2101 866 2154; x_wconf 88' lang='lat' dir='ltr'><strong>in</strong></span> <span class='ocrx_word' id='word_1_279' title='bbox 918 2100 1174 2156; x_wconf 90' lang='lat' dir='ltr'><strong>Sodomis</strong></span> <span class='ocrx_word' id='word_1_280' title='bbox 1217 2112 1396 2167; x_wconf 89' lang='lat' dir='ltr'><strong>erant,</strong></span> <span class='ocrx_word' id='word_1_281' title='bbox 1430 2119 1556 2158; x_wconf 92' lang='lat' dir='ltr'><strong>cum</strong></span> <span class='ocrx_word' id='word_1_282' title='bbox 1588 2104 1739 2175; x_wconf 91' lang='lat' dir='ltr'><strong>impii</strong></span> <span class='ocrx_word' id='word_1_283' title='bbox 1778 2115 1981 2172; x_wconf 87' lang='lat' dir='ltr'><strong>essent,</strong></span> 
     </span>
    </p>
   </div>
   <div class='ocr_carea' id='block_1_40' title="bbox 409 2191 1985 2264">
    <p class='ocr_par' dir='ltr' id='par_1_40' title="bbox 409 2191 1985 2264">
     <span class='ocr_line' id='line_1_40' title="bbox 409 2191 1985 2264; baseline 0.006 -20"><span class='ocrx_word' id='word_1_284' title='bbox 409 2191 458 2246; x_wconf 90' lang='lat' dir='ltr'><strong>is</strong></span> <span class='ocrx_word' id='word_1_285' title='bbox 486 2192 578 2260; x_wconf 90' lang='lat' dir='ltr'><strong>qui</strong></span> <span class='ocrx_word' id='word_1_286' title='bbox 609 2191 843 2247; x_wconf 64' lang='lat' dir='ltr'><strong>Abrahae</strong></span> <span class='ocrx_word' id='word_1_287' title='bbox 875 2193 1232 2264; x_wconf 83' lang='lat' dir='ltr'><strong>responderat</strong></span> <span class='ocrx_word' id='word_1_288' title='bbox 1263 2194 1409 2251; x_wconf 90' lang='lat' dir='ltr'><strong>Deus</strong></span> <span class='ocrx_word' id='word_1_289' title='bbox 1449 2211 1513 2251; x_wconf 90' lang='lat' dir='ltr'><strong>ac</strong></span> <span class='ocrx_word' id='word_1_290' title='bbox 1560 2196 1847 2262; x_wconf 89' lang='lat' dir='ltr'><strong>Dominus,</strong></span> <span class='ocrx_word' id='word_1_291' title='bbox 1882 2213 1985 2254; x_wconf 91' lang='lat' dir='ltr'><strong>suo</strong></span> 
     </span>
    </p>
   </div>
   <div class='ocr_carea' id='block_1_41' title="bbox 409 2282 1985 2356">
    <p class='ocr_par' dir='ltr' id='par_1_41' title="bbox 409 2282 1985 2356">
     <span class='ocr_line' id='line_1_41' title="bbox 409 2282 1985 2356; baseline 0.004 -22"><span class='ocrx_word' id='word_1_292' title='bbox 409 2282 645 2336; x_wconf 89' lang='lat' dir='ltr'><strong>adventu</strong></span> <span class='ocrx_word' id='word_1_293' title='bbox 685 2284 1002 2353; x_wconf 89' lang='lat' dir='ltr'><strong>neutiquam</strong></span> <span class='ocrx_word' id='word_1_294' title='bbox 1053 2284 1250 2356; x_wconf 87' lang='lat' dir='ltr'><strong>dignos</strong></span> <span class='ocrx_word' id='word_1_295' title='bbox 1292 2285 1474 2352; x_wconf 85' lang='lat' dir='ltr'><strong>elIicit,</strong></span> <span class='ocrx_word' id='word_1_296' title='bbox 1523 2287 1985 2356; x_wconf 89' lang='lat' dir='ltr'><strong>quemadmodum</strong></span> 
     </span>
    </p>
   </div>
   <div class='ocr_carea' id='block_1_42' title="bbox 409 2375 1984 2448">
    <p class='ocr_par' dir='ltr' id='par_1_42' title="bbox 409 2375 1984 2448">
     <span class='ocr_line' id='line_1_42' title="bbox 409 2375 1984 2448; baseline 0.006 -21"><span class='ocrx_word' id='word_1_297' title='bbox 409 2389 604 2429; x_wconf 87' lang='lat' dir='ltr'><strong>rursus</strong></span> <span class='ocrx_word' id='word_1_298' title='bbox 651 2375 784 2429; x_wconf 89' lang='lat' dir='ltr'><strong>dicit</strong></span> <span class='ocrx_word' id='word_1_299' title='bbox 819 2375 1102 2448; x_wconf 86' lang='lat' dir='ltr'><strong>Scriptura</strong></span> <span class='ocrx_word' id='word_1_300' title='bbox 1143 2377 1328 2432; x_wconf 88' lang='lat' dir='ltr'><strong>divina</strong></span> <span class='ocrx_word' id='word_1_301' title='bbox 1364 2397 1378 2433; x_wconf 90' lang='lat'>:</span> <span class='ocrx_word' id='word_1_302' title='bbox 1421 2397 1439 2428; x_wconf 80' lang='grc' dir='ltr'><strong>ι</strong></span> <span class='ocrx_word' id='word_1_303' title='bbox 1475 2377 1738 2436; x_wconf 89' lang='lat' dir='ltr'><strong>Dominus</strong></span> <span class='ocrx_word' id='word_1_304' title='bbox 1765 2380 1984 2448; x_wconf 86' lang='lat' dir='ltr'><strong>quidem</strong></span> 
     </span>
    </p>
   </div>
   <div class='ocr_carea' id='block_1_43' title="bbox 408 2467 1986 2541">
    <p class='ocr_par' dir='ltr' id='par_1_43' title="bbox 408 2467 1986 2541">
     <span class='ocr_line' id='line_1_43' title="bbox 408 2467 1986 2541; baseline 0.005 -20"><span class='ocrx_word' id='word_1_305' title='bbox 408 2467 564 2530; x_wconf 83' lang='lat' dir='ltr'><strong>abiit,</strong></span> <span class='ocrx_word' id='word_1_306' title='bbox 601 2477 890 2539; x_wconf 88' lang='lat' dir='ltr'><strong>postquam</strong></span> <span class='ocrx_word' id='word_1_307' title='bbox 920 2468 1084 2525; x_wconf 89' lang='lat' dir='ltr'><strong>desiit</strong></span> <span class='ocrx_word' id='word_1_308' title='bbox 1135 2471 1285 2541; x_wconf 90' lang='lat' dir='ltr'><strong>loqui</strong></span> <span class='ocrx_word' id='word_1_309' title='bbox 1342 2485 1466 2525; x_wconf 89' lang='lat' dir='ltr'><strong>cum</strong></span> <span class='ocrx_word' id='word_1_310' title='bbox 1513 2471 1812 2529; x_wconf 87' lang='lat' dir='ltr'><strong>Abraham.</strong></span> <span class='ocrx_word' id='word_1_311' title='bbox 1867 2471 1986 2529; x_wconf 93' lang='lat' dir='ltr'><strong>Duo</strong></span> 
     </span>
    </p>
   </div>
   <div class='ocr_carea' id='block_1_44' title="bbox 407 2558 1986 2632">
    <p class='ocr_par' dir='ltr' id='par_1_44' title="bbox 407 2558 1986 2632">
     <span class='ocr_line' id='line_1_44' title="bbox 407 2558 1986 2632; baseline 0.005 -21"><span class='ocrx_word' id='word_1_312' title='bbox 407 2574 540 2614; x_wconf 89' lang='lat' dir='ltr'><strong>vero</strong></span> <span class='ocrx_word' id='word_1_313' title='bbox 569 2560 744 2630; x_wconf 83' lang='lat' dir='ltr'><strong>angeli</strong></span> <span class='ocrx_word' id='word_1_314' title='bbox 803 2558 1042 2616; x_wconf 89' lang='lat' dir='ltr'><strong>Sodoma</strong></span> <span class='ocrx_word' id='word_1_315' title='bbox 1075 2561 1327 2616; x_wconf 89' lang='lat' dir='ltr'><strong>abierunt</strong></span> <span class='ocrx_word' id='word_1_316' title='bbox 1373 2561 1590 2632; x_wconf 81' lang='lat' dir='ltr'><strong>vesperi</strong></span> <span class='ocrx_word' id='word_1_317' title='bbox 1648 2563 1716 2617; x_wconf 85' lang='grc'><strong>⁵⁷.</strong></span> <span class='ocrx_word' id='word_1_318' title='bbox 1773 2580 1791 2614; x_wconf 74' lang='grc' dir='ltr'><strong>ι</strong></span> <span class='ocrx_word' id='word_1_319' title='bbox 1850 2560 1986 2618; x_wconf 86' lang='lat' dir='ltr'><strong>ltem</strong></span> 
     </span>
    </p>
   </div>
   <div class='ocr_carea' id='block_1_45' title="bbox 409 2651 1985 2725">
    <p class='ocr_par' dir='ltr' id='par_1_45' title="bbox 409 2651 1985 2725">
     <span class='ocr_line' id='line_1_45' title="bbox 409 2651 1985 2725; baseline 0.003 -19"><span class='ocrx_word' id='word_1_320' title='bbox 409 2653 515 2722; x_wconf 91' lang='lat' dir='ltr'><strong>ipsi</strong></span> <span class='ocrx_word' id='word_1_321' title='bbox 538 2651 710 2708; x_wconf 88' lang='lat' dir='ltr'><strong>Jacob</strong></span> <span class='ocrx_word' id='word_1_322' title='bbox 740 2672 759 2704; x_wconf 79' lang='grc' dir='ltr'><strong>ι</strong></span> <span class='ocrx_word' id='word_1_323' title='bbox 796 2654 1015 2708; x_wconf 83' lang='lat' dir='ltr'><strong>obviam</strong></span> <span class='ocrx_word' id='word_1_324' title='bbox 1053 2661 1321 2709; x_wconf 88' lang='lat' dir='ltr'><strong>venerunt</strong></span> <span class='ocrx_word' id='word_1_325' title='bbox 1349 2655 1528 2725; x_wconf 83' lang='lat' dir='ltr'><strong>angeli</strong></span> <span class='ocrx_word' id='word_1_326' title='bbox 1577 2653 1696 2708; x_wconf 90' lang='lat' dir='ltr'><strong>Dei.</strong></span> <span class='ocrx_word' id='word_1_327' title='bbox 1746 2653 1814 2708; x_wconf 83' lang='lat' dir='ltr'><strong>Et</strong></span> <span class='ocrx_word' id='word_1_328' title='bbox 1859 2670 1985 2710; x_wconf 89' lang='lat' dir='ltr'><strong>cum</strong></span> 
     </span>
    </p>
   </div>
   <div class='ocr_carea' id='block_1_46' title="bbox 407 2741 1986 2806">
    <p class='ocr_par' dir='ltr' id='par_1_46' title="bbox 407 2741 1986 2806">
     <span class='ocr_line' id='line_1_46' title="bbox 407 2741 1986 2806; baseline 0.005 -14"><span class='ocrx_word' id='word_1_329' title='bbox 407 2741 637 2796; x_wconf 84' lang='lat' dir='ltr'><strong>vidisset</strong></span> <span class='ocrx_word' id='word_1_330' title='bbox 681 2742 839 2806; x_wconf 81' lang='lat' dir='ltr'><strong>dixit,</strong></span> <span class='ocrx_word' id='word_1_331' title='bbox 872 2742 1064 2798; x_wconf 85' lang='lat' dir='ltr'><strong>Castra</strong></span> <span class='ocrx_word' id='word_1_332' title='bbox 1096 2741 1190 2797; x_wconf 92' lang='lat' dir='ltr'><strong>Dei</strong></span> <span class='ocrx_word' id='word_1_333' title='bbox 1223 2741 1360 2806; x_wconf 68' lang='lat' dir='ltr'><strong>haec,</strong></span> <span class='ocrx_word' id='word_1_334' title='bbox 1417 2751 1473 2798; x_wconf 90' lang='lat' dir='ltr'><strong>et</strong></span> <span class='ocrx_word' id='word_1_335' title='bbox 1515 2743 1730 2797; x_wconf 87' lang='lat' dir='ltr'><strong>vocavit</strong></span> <span class='ocrx_word' id='word_1_336' title='bbox 1785 2759 1986 2800; x_wconf 64' lang='lat' dir='ltr'><strong>nomen</strong></span> 
     </span>
    </p>
   </div>
   <div class='ocr_carea' id='block_1_47' title="bbox 409 2832 1988 2901">
    <p class='ocr_par' dir='ltr' id='par_1_47' title="bbox 409 2832 1988 2901">
     <span class='ocr_line' id='line_1_47' title="bbox 409 2832 1988 2901; baseline 0.003 -14"><span class='ocrx_word' id='word_1_337' title='bbox 409 2835 517 2889; x_wconf 86' lang='lat' dir='ltr'><strong>luci</strong></span> <span class='ocrx_word' id='word_1_338' title='bbox 563 2834 735 2901; x_wconf 88' lang='lat' dir='ltr'><strong>illius,</strong></span> <span class='ocrx_word' id='word_1_339' title='bbox 786 2833 983 2888; x_wconf 87' lang='lat' dir='ltr'><strong>Castra</strong></span> <span class='ocrx_word' id='word_1_340' title='bbox 1010 2834 1076 2888; x_wconf 79' lang='grc'><strong>⁵⁸.</strong></span> <span class='ocrx_word' id='word_1_341' title='bbox 1118 2853 1137 2888; x_wconf 72' lang='grc' dir='ltr'><strong>ι</strong></span> <span class='ocrx_word' id='word_1_342' title='bbox 1171 2832 1263 2889; x_wconf 88' lang='lat' dir='ltr'><strong>Sic</strong></span> <span class='ocrx_word' id='word_1_343' title='bbox 1294 2849 1427 2890; x_wconf 89' lang='lat' dir='ltr'><strong>sane</strong></span> <span class='ocrx_word' id='word_1_344' title='bbox 1459 2833 1554 2889; x_wconf 92' lang='lat' dir='ltr'><strong>Dei</strong></span> <span class='ocrx_word' id='word_1_345' title='bbox 1583 2835 1793 2889; x_wconf 89' lang='lat' dir='ltr'><strong>amicus</strong></span> <span class='ocrx_word' id='word_1_346' title='bbox 1820 2835 1988 2891; x_wconf 80' lang='lat' dir='ltr'><strong>visio-</strong></span> 
     </span>
    </p>
   </div>
   <div class='ocr_carea' id='block_1_48' title="bbox 408 2926 1987 2998">
    <p class='ocr_par' dir='ltr' id='par_1_48' title="bbox 408 2926 1987 2998">
     <span class='ocr_line' id='line_1_48' title="bbox 408 2926 1987 2998; baseline 0.001 -16"><span class='ocrx_word' id='word_1_347' title='bbox 408 2943 506 2983; x_wconf 84' lang='lat' dir='ltr'><strong>nes</strong></span> <span class='ocrx_word' id='word_1_348' title='bbox 537 2926 883 2984; x_wconf 89' lang='lat' dir='ltr'><strong>discernebat</strong></span> <span class='ocrx_word' id='word_1_349' title='bbox 911 2947 924 2983; x_wconf 94' lang='lat'><strong>:</strong></span> <span class='ocrx_word' id='word_1_350' title='bbox 959 2926 1191 2998; x_wconf 88' lang='lat' dir='ltr'><strong>proinde</strong></span> <span class='ocrx_word' id='word_1_351' title='bbox 1219 2943 1366 2982; x_wconf 91' lang='lat' dir='ltr'><strong>nunc</strong></span> <span class='ocrx_word' id='word_1_352' title='bbox 1398 2927 1620 2998; x_wconf 89' lang='lat' dir='ltr'><strong>quidem</strong></span> <span class='ocrx_word' id='word_1_353' title='bbox 1647 2943 1846 2983; x_wconf 86' lang='lat' dir='ltr'><strong>nomen</strong></span> <span class='ocrx_word' id='word_1_354' title='bbox 1879 2928 1987 2984; x_wconf 86' lang='lat' dir='ltr'><strong>loci</strong></span> 
     </span>
    </p>
   </div>
   <div class='ocr_carea' id='block_1_49' title="bbox 407 3018 1986 3092">
    <p class='ocr_par' dir='ltr' id='par_1_49' title="bbox 407 3018 1986 3092">
     <span class='ocr_line' id='line_1_49' title="bbox 407 3018 1986 3092; baseline 0.003 -18"><span class='ocrx_word' id='word_1_355' title='bbox 407 3018 600 3074; x_wconf 80' lang='lat' dir='ltr'><strong>Castra</strong></span> <span class='ocrx_word' id='word_1_356' title='bbox 632 3020 890 3090; x_wconf 87' lang='lat' dir='ltr'><strong>appellat,</strong></span> <span class='ocrx_word' id='word_1_357' title='bbox 922 3035 989 3075; x_wconf 85' lang='lat' dir='ltr'><strong>ex</strong></span> <span class='ocrx_word' id='word_1_358' title='bbox 1019 3035 1084 3076; x_wconf 91' lang='lat' dir='ltr'><strong>eo</strong></span> <span class='ocrx_word' id='word_1_359' title='bbox 1115 3019 1263 3091; x_wconf 90' lang='lat' dir='ltr'><strong>quod</strong></span> <span class='ocrx_word' id='word_1_360' title='bbox 1294 3021 1407 3075; x_wconf 93' lang='lat' dir='ltr'><strong>illic</strong></span> <span class='ocrx_word' id='word_1_361' title='bbox 1435 3021 1757 3092; x_wconf 79' lang='lat' dir='ltr'><strong>angelorum</strong></span> <span class='ocrx_word' id='word_1_362' title='bbox 1803 3030 1986 3078; x_wconf 87' lang='lat' dir='ltr'><strong>castra</strong></span> 
     </span>
    </p>
   </div>
   <div class='ocr_carea' id='block_1_50' title="bbox 407 3112 1987 3185">
    <p class='ocr_par' dir='ltr' id='par_1_50' title="bbox 407 3112 1987 3185">
     <span class='ocr_line' id='line_1_50' title="bbox 407 3112 1987 3185; baseline 0.003 -20"><span class='ocrx_word' id='word_1_363' title='bbox 407 3113 624 3168; x_wconf 88' lang='lat' dir='ltr'><strong>viderit.</strong></span> <span class='ocrx_word' id='word_1_364' title='bbox 655 3113 761 3168; x_wconf 90' lang='lat' dir='ltr'><strong>Ubi</strong></span> <span class='ocrx_word' id='word_1_365' title='bbox 793 3122 975 3168; x_wconf 90' lang='lat' dir='ltr'><strong>autem</strong></span> <span class='ocrx_word' id='word_1_366' title='bbox 1014 3128 1140 3167; x_wconf 92' lang='lat' dir='ltr'><strong>cum</strong></span> <span class='ocrx_word' id='word_1_367' title='bbox 1190 3114 1312 3183; x_wconf 86' lang='lat' dir='ltr'><strong>ipso</strong></span> <span class='ocrx_word' id='word_1_368' title='bbox 1364 3112 1476 3168; x_wconf 91' lang='lat' dir='ltr'><strong>Deo</strong></span> <span class='ocrx_word' id='word_1_369' title='bbox 1529 3114 1789 3185; x_wconf 90' lang='lat' dir='ltr'><strong>loquitur,</strong></span> <span class='ocrx_word' id='word_1_370' title='bbox 1827 3123 1987 3170; x_wconf 81' lang='lat' dir='ltr'><strong>vocat</strong></span> 
     </span>
    </p>
   </div>
   <div class='ocr_carea' id='block_1_51' title="bbox 409 3203 1986 3274">
    <p class='ocr_par' dir='ltr' id='par_1_51' title="bbox 409 3203 1986 3274">
     <span class='ocr_line' id='line_1_51' title="bbox 409 3203 1986 3274; baseline 0.003 -16"><span class='ocrx_word' id='word_1_371' title='bbox 409 3220 609 3265; x_wconf 82' lang='lat' dir='ltr'><strong>nomen</strong></span> <span class='ocrx_word' id='word_1_372' title='bbox 636 3203 762 3269; x_wconf 87' lang='lat' dir='ltr'><strong>loci,</strong></span> <span class='ocrx_word' id='word_1_373' title='bbox 799 3204 1044 3274; x_wconf 87' lang='lat' dir='ltr'><strong>Speciem</strong></span> <span class='ocrx_word' id='word_1_374' title='bbox 1072 3204 1188 3273; x_wconf 91' lang='lat' dir='ltr'><strong>Dei,</strong></span> <span class='ocrx_word' id='word_1_375' title='bbox 1239 3207 1325 3261; x_wconf 91' lang='lat' dir='ltr'><strong>his</strong></span> <span class='ocrx_word' id='word_1_376' title='bbox 1352 3207 1536 3262; x_wconf 87' lang='lat' dir='ltr'><strong>verbis</strong></span> <span class='ocrx_word' id='word_1_377' title='bbox 1575 3225 1586 3262; x_wconf 94' lang='lat'><strong>:</strong></span> <span class='ocrx_word' id='word_1_378' title='bbox 1629 3225 1647 3259; x_wconf 77' lang='grc' dir='ltr'><strong>ι</strong></span> <span class='ocrx_word' id='word_1_379' title='bbox 1686 3206 1811 3262; x_wconf 77' lang='lat' dir='ltr'><strong>Vidi</strong></span> <span class='ocrx_word' id='word_1_380' title='bbox 1840 3209 1986 3264; x_wconf 90' lang='lat' dir='ltr'><strong>enim</strong></span> 
     </span>
    </p>
   </div>
   <div class='ocr_carea' id='block_1_52' title="bbox 411 3296 1990 3372">
    <p class='ocr_par' dir='ltr' id='par_1_52' title="bbox 411 3296 1990 3372">
     <span class='ocr_line' id='line_1_52' title="bbox 411 3296 1990 3372; baseline 0.004 -22"><span class='ocrx_word' id='word_1_381' title='bbox 411 3298 582 3352; x_wconf 91' lang='lat' dir='ltr'><strong>Deum</strong></span> <span class='ocrx_word' id='word_1_382' title='bbox 616 3296 754 3352; x_wconf 84' lang='lat' dir='ltr'><strong>facie</strong></span> <span class='ocrx_word' id='word_1_383' title='bbox 779 3299 844 3352; x_wconf 88' lang='lat' dir='ltr'><strong>ad</strong></span> <span class='ocrx_word' id='word_1_384' title='bbox 880 3296 1096 3352; x_wconf 83' lang='lat' dir='ltr'><strong>faciem.</strong></span> <span class='ocrx_word' id='word_1_385' title='bbox 1131 3318 1149 3350; x_wconf 76' lang='grc' dir='ltr'><strong>ι</strong></span> <span class='ocrx_word' id='word_1_386' title='bbox 1185 3299 1328 3364; x_wconf 85' lang='lat' dir='ltr'><strong>Quin</strong></span> <span class='ocrx_word' id='word_1_387' title='bbox 1356 3308 1411 3354; x_wconf 86' lang='lat' dir='ltr'><strong>et</strong></span> <span class='ocrx_word' id='word_1_388' title='bbox 1438 3299 1574 3355; x_wconf 86' lang='lat' dir='ltr'><strong>Mosi</strong></span> <span class='ocrx_word' id='word_1_389' title='bbox 1624 3303 1844 3371; x_wconf 90' lang='lat' dir='ltr'><strong>quoties</strong></span> <span class='ocrx_word' id='word_1_390' title='bbox 1895 3317 1990 3372; x_wconf 89' lang='lat' dir='ltr'><strong>ap-</strong></span> 
     </span>
    </p>
   </div>
   <div class='ocr_carea' id='block_1_53' title="bbox 412 3388 1986 3464">
    <p class='ocr_par' dir='ltr' id='par_1_53' title="bbox 412 3388 1986 3464">
     <span class='ocr_line' id='line_1_53' title="bbox 412 3388 1986 3464; baseline 0.004 -23"><span class='ocrx_word' id='word_1_391' title='bbox 412 3396 567 3458; x_wconf 87' lang='lat' dir='ltr'><strong>paret</strong></span> <span class='ocrx_word' id='word_1_392' title='bbox 582 3389 830 3459; x_wconf 89' lang='lat' dir='ltr'><strong>angelus,</strong></span> <span class='ocrx_word' id='word_1_393' title='bbox 859 3388 964 3444; x_wconf 86' lang='lat' dir='ltr'><strong>hoc</strong></span> <span class='ocrx_word' id='word_1_394' title='bbox 983 3390 1160 3460; x_wconf 91' lang='lat' dir='ltr'><strong>ipsum</strong></span> <span class='ocrx_word' id='word_1_395' title='bbox 1176 3390 1359 3444; x_wconf 90' lang='lat' dir='ltr'><strong>divina</strong></span> <span class='ocrx_word' id='word_1_396' title='bbox 1387 3389 1674 3462; x_wconf 89' lang='lat' dir='ltr'><strong>Scriptura</strong></span> <span class='ocrx_word' id='word_1_397' title='bbox 1697 3393 1986 3464; x_wconf 82' lang='lat' dir='ltr'><strong>signiﬁcat,</strong></span> 
     </span>
    </p>
   </div>
   <div class='ocr_carea' id='block_1_54' title="bbox 409 3481 1996 3556">
    <p class='ocr_par' dir='ltr' id='par_1_54' title="bbox 409 3481 1996 3556">
     <span class='ocr_line' id='line_1_54' title="bbox 409 3481 1996 3556; baseline 0.006 -18"><span class='ocrx_word' id='word_1_398' title='bbox 409 3484 604 3538; x_wconf 85' lang='lat' dir='ltr'><strong>dicens</strong></span> <span class='ocrx_word' id='word_1_399' title='bbox 656 3502 668 3536; x_wconf 95' lang='lat'>:</span> <span class='ocrx_word' id='word_1_400' title='bbox 708 3481 874 3553; x_wconf 73' lang='lat'><strong>238</strong></span> <span class='ocrx_word' id='word_1_401' title='bbox 900 3499 918 3534; x_wconf 77' lang='grc' dir='ltr'><strong>ι</strong></span> <span class='ocrx_word' id='word_1_402' title='bbox 948 3482 1215 3552; x_wconf 82' lang='lat' dir='ltr'><strong>Apparuit</strong></span> <span class='ocrx_word' id='word_1_403' title='bbox 1257 3498 1388 3538; x_wconf 85' lang='lat' dir='ltr'><strong>vero</strong></span> <span class='ocrx_word' id='word_1_404' title='bbox 1416 3484 1495 3538; x_wconf 87' lang='lat' dir='ltr'><strong>illi</strong></span> <span class='ocrx_word' id='word_1_405' title='bbox 1518 3487 1746 3556; x_wconf 79' lang='lat' dir='ltr'><strong>angelus</strong></span> <span class='ocrx_word' id='word_1_406' title='bbox 1775 3486 1996 3547; x_wconf 84' lang='lat' dir='ltr'><strong>Domini.</strong></span> 
     </span>
    </p>
   </div>
   <div class='ocr_carea' id='block_1_55' title="bbox 412 3571 1992 3648">
    <p class='ocr_par' dir='ltr' id='par_1_55' title="bbox 412 3571 1992 3648">
     <span class='ocr_line' id='line_1_55' title="bbox 412 3571 1992 3648; baseline 0.004 -21"><span class='ocrx_word' id='word_1_407' title='bbox 412 3573 470 3628; x_wconf 88' lang='lat' dir='ltr'><strong>in</strong></span> <span class='ocrx_word' id='word_1_408' title='bbox 493 3571 710 3627; x_wconf 82' lang='lat' dir='ltr'><strong>ﬂamma</strong></span> <span class='ocrx_word' id='word_1_409' title='bbox 737 3575 881 3644; x_wconf 82' lang='lat' dir='ltr'><strong>ignis</strong></span> <span class='ocrx_word' id='word_1_410' title='bbox 911 3573 1033 3629; x_wconf 92' lang='lat' dir='ltr'><strong>rubi</strong></span> <span class='ocrx_word' id='word_1_411' title='bbox 1051 3574 1121 3629; x_wconf 76' lang='grc'><strong>⁸³.</strong></span> <span class='ocrx_word' id='word_1_412' title='bbox 1162 3595 1181 3627; x_wconf 78' lang='grc' dir='ltr'><strong>ι</strong></span> <span class='ocrx_word' id='word_1_413' title='bbox 1204 3573 1438 3641; x_wconf 81' lang='lat' dir='ltr'><strong>Quoties</strong></span> <span class='ocrx_word' id='word_1_414' title='bbox 1469 3591 1599 3633; x_wconf 82' lang='lat' dir='ltr'><strong>vero</strong></span> <span class='ocrx_word' id='word_1_415' title='bbox 1629 3578 1676 3633; x_wconf 87' lang='lat' dir='ltr'><strong>is</strong></span> <span class='ocrx_word' id='word_1_416' title='bbox 1701 3578 1792 3648; x_wconf 91' lang='lat' dir='ltr'><strong>qui</strong></span> <span class='ocrx_word' id='word_1_417' title='bbox 1815 3579 1908 3648; x_wconf 76' lang='lat' dir='ltr'><strong>jus</strong></span> <span class='ocrx_word' id='word_1_418' title='bbox 1935 3587 1992 3636; x_wconf 85' lang='lat' dir='ltr'><strong>et</strong></span> 
     </span>
    </p>
   </div>
   <div class='ocr_carea' id='block_1_56' title="bbox 411 3665 1989 3738">
    <p class='ocr_par' dir='ltr' id='par_1_56' title="bbox 411 3665 1989 3738">
     <span class='ocr_line' id='line_1_56' title="bbox 411 3665 1989 3738; baseline 0.004 -18"><span class='ocrx_word' id='word_1_419' title='bbox 411 3673 738 3738; x_wconf 88' lang='lat' dir='ltr'><strong>potestatem</strong></span> <span class='ocrx_word' id='word_1_420' title='bbox 770 3667 956 3731; x_wconf 82' lang='lat' dir='ltr'><strong>habet,</strong></span> <span class='ocrx_word' id='word_1_421' title='bbox 986 3665 1109 3736; x_wconf 84' lang='lat' dir='ltr'><strong>ipse</strong></span> <span class='ocrx_word' id='word_1_422' title='bbox 1141 3667 1335 3738; x_wconf 91' lang='lat' dir='ltr'><strong>utique</strong></span> <span class='ocrx_word' id='word_1_423' title='bbox 1386 3669 1736 3724; x_wconf 83' lang='lat' dir='ltr'><strong>oraculorum</strong></span> <span class='ocrx_word' id='word_1_424' title='bbox 1789 3678 1844 3726; x_wconf 90' lang='lat' dir='ltr'><strong>et</strong></span> <span class='ocrx_word' id='word_1_425' title='bbox 1900 3687 1989 3727; x_wconf 89' lang='lat' dir='ltr'><strong>re-</strong></span> 
     </span>
    </p>
   </div>
   <div class='ocr_carea' id='block_1_57' title="bbox 415 3759 1990 3831">
    <p class='ocr_par' dir='ltr' id='par_1_57' title="bbox 415 3759 1990 3831">
     <span class='ocr_line' id='line_1_57' title="bbox 415 3759 1990 3831; baseline 0.001 -15"><span class='ocrx_word' id='word_1_426' title='bbox 415 3774 745 3830; x_wconf 83' lang='lat' dir='ltr'><strong>sponsorum</strong></span> <span class='ocrx_word' id='word_1_427' title='bbox 769 3766 989 3823; x_wconf 85' lang='lat' dir='ltr'><strong>auctor,</strong></span> <span class='ocrx_word' id='word_1_428' title='bbox 1021 3759 1098 3813; x_wconf 91' lang='lat' dir='ltr'><strong>ita</strong></span> <span class='ocrx_word' id='word_1_429' title='bbox 1138 3759 1243 3814; x_wconf 88' lang='lat' dir='ltr'><strong>hoc</strong></span> <span class='ocrx_word' id='word_1_430' title='bbox 1271 3760 1497 3831; x_wconf 89' lang='lat' dir='ltr'><strong>planum</strong></span> <span class='ocrx_word' id='word_1_431' title='bbox 1528 3760 1682 3825; x_wconf 81' lang='lat' dir='ltr'><strong>facit,</strong></span> <span class='ocrx_word' id='word_1_432' title='bbox 1725 3770 1786 3816; x_wconf 90' lang='lat' dir='ltr'><strong>ut</strong></span> <span class='ocrx_word' id='word_1_433' title='bbox 1835 3762 1990 3818; x_wconf 84' lang='lat' dir='ltr'><strong>illum</strong></span> 
     </span>
    </p>
   </div>
   <div class='ocr_carea' id='block_1_58' title="bbox 413 3845 1992 3924">
    <p class='ocr_par' dir='ltr' id='par_1_58' title="bbox 413 3845 1992 3924">
     <span class='ocr_line' id='line_1_58' title="bbox 413 3845 1992 3924; baseline 0.003 -17"><span class='ocrx_word' id='word_1_434' title='bbox 413 3861 469 3907; x_wconf 88' lang='lat' dir='ltr'><strong>et</strong></span> <span class='ocrx_word' id='word_1_435' title='bbox 491 3845 780 3907; x_wconf 89' lang='lat' dir='ltr'><strong>Dominum</strong></span> <span class='ocrx_word' id='word_1_436' title='bbox 807 3859 862 3906; x_wconf 90' lang='lat' dir='ltr'><strong>et</strong></span> <span class='ocrx_word' id='word_1_437' title='bbox 891 3851 1083 3916; x_wconf 91' lang='lat' dir='ltr'><strong>Deum,</strong></span> <span class='ocrx_word' id='word_1_438' title='bbox 1115 3867 1385 3923; x_wconf 88' lang='lat' dir='ltr'><strong>nusquam</strong></span> <span class='ocrx_word' id='word_1_439' title='bbox 1433 3868 1565 3909; x_wconf 91' lang='lat' dir='ltr'><strong>vero</strong></span> <span class='ocrx_word' id='word_1_440' title='bbox 1607 3855 1858 3924; x_wconf 85' lang='lat' dir='ltr'><strong>angelum</strong></span> <span class='ocrx_word' id='word_1_441' title='bbox 1891 3872 1992 3910; x_wconf 88' lang='lat' dir='ltr'><strong>no-</strong></span> 
     </span>
    </p>
   </div>
   <div class='ocr_carea' id='block_1_59' title="bbox 414 3941 1991 4017">
    <p class='ocr_par' dir='ltr' id='par_1_59' title="bbox 414 3941 1991 4017">
     <span class='ocr_line' id='line_1_59' title="bbox 414 3941 1991 4017; baseline 0.003 -19"><span class='ocrx_word' id='word_1_442' title='bbox 414 3943 607 3998; x_wconf 88' lang='lat' dir='ltr'><strong>minet.</strong></span> <span class='ocrx_word' id='word_1_443' title='bbox 656 3941 836 3997; x_wconf 86' lang='lat' dir='ltr'><strong>Simili</strong></span> <span class='ocrx_word' id='word_1_444' title='bbox 867 3942 1082 3998; x_wconf 88' lang='lat' dir='ltr'><strong>ratione</strong></span> <span class='ocrx_word' id='word_1_445' title='bbox 1133 3944 1298 3998; x_wconf 87' lang='lat' dir='ltr'><strong>etiam</strong></span> <span class='ocrx_word' id='word_1_446' title='bbox 1334 3943 1392 3998; x_wconf 91' lang='lat' dir='ltr'><strong>in</strong></span> <span class='ocrx_word' id='word_1_447' title='bbox 1425 3944 1564 3999; x_wconf 91' lang='lat' dir='ltr'><strong>mari</strong></span> <span class='ocrx_word' id='word_1_448' title='bbox 1608 3943 1797 4000; x_wconf 82' lang='lat' dir='ltr'><strong>Rubro</strong></span> <span class='ocrx_word' id='word_1_449' title='bbox 1828 3947 1991 4017; x_wconf 85' lang='lat' dir='ltr'><strong>plane</strong></span> 
     </span>
    </p>
   </div>
   <div class='ocr_carea' id='block_1_60' title="bbox 414 4034 1992 4105">
    <p class='ocr_par' dir='ltr' id='par_1_60' title="bbox 414 4034 1992 4105">
     <span class='ocr_line' id='line_1_60' title="bbox 414 4034 1992 4105; baseline 0.003 -18"><span class='ocrx_word' id='word_1_450' title='bbox 414 4035 667 4104; x_wconf 90' lang='lat' dir='ltr'><strong>angelum</strong></span> <span class='ocrx_word' id='word_1_451' title='bbox 696 4034 1099 4104; x_wconf 91' lang='lat' dir='ltr'><strong>Dominumque</strong></span> <span class='ocrx_word' id='word_1_452' title='bbox 1115 4034 1422 4105; x_wconf 89' lang='lat' dir='ltr'><strong>distinguit,</strong></span> <span class='ocrx_word' id='word_1_453' title='bbox 1448 4036 1540 4090; x_wconf 90' lang='lat' dir='ltr'><strong>ubi</strong></span> <span class='ocrx_word' id='word_1_454' title='bbox 1571 4037 1648 4090; x_wconf 85' lang='lat' dir='ltr'><strong>ait</strong></span> <span class='ocrx_word' id='word_1_455' title='bbox 1681 4055 1693 4090; x_wconf 93' lang='lat'><strong>:</strong></span> <span class='ocrx_word' id='word_1_456' title='bbox 1732 4055 1752 4088; x_wconf 77' lang='grc' dir='ltr'><strong>ι</strong></span> <span class='ocrx_word' id='word_1_457' title='bbox 1795 4035 1992 4093; x_wconf 81' lang='lat' dir='ltr'><strong>Sustu-</strong></span> 
     </span>
    </p>
   </div>
   <div class='ocr_carea' id='block_1_61' title="bbox 415 4121 1989 4195">
    <p class='ocr_par' dir='ltr' id='par_1_61' title="bbox 415 4121 1989 4195">
     <span class='ocr_line' id='line_1_61' title="bbox 415 4121 1989 4195; baseline 0 -17"><span class='ocrx_word' id='word_1_458' title='bbox 415 4126 588 4195; x_wconf 88' lang='lat' dir='ltr'><strong>litque</strong></span> <span class='ocrx_word' id='word_1_459' title='bbox 616 4139 677 4180; x_wconf 89' lang='lat' dir='ltr'><strong>se</strong></span> <span class='ocrx_word' id='word_1_460' title='bbox 709 4124 935 4194; x_wconf 84' lang='lat' dir='ltr'><strong>angelus</strong></span> <span class='ocrx_word' id='word_1_461' title='bbox 963 4121 1060 4178; x_wconf 89' lang='lat' dir='ltr'><strong>Dei</strong></span> <span class='ocrx_word' id='word_1_462' title='bbox 1087 4123 1180 4194; x_wconf 90' lang='lat' dir='ltr'><strong>qui</strong></span> <span class='ocrx_word' id='word_1_463' title='bbox 1211 4123 1524 4178; x_wconf 89' lang='lat' dir='ltr'><strong>ambulabat</strong></span> <span class='ocrx_word' id='word_1_464' title='bbox 1555 4131 1684 4179; x_wconf 89' lang='lat' dir='ltr'><strong>ante</strong></span> <span class='ocrx_word' id='word_1_465' title='bbox 1712 4133 1896 4180; x_wconf 87' lang='lat' dir='ltr'><strong>castra</strong></span> <span class='ocrx_word' id='word_1_466' title='bbox 1924 4126 1989 4178; x_wconf 81' lang='lat' dir='ltr'><strong>li-</strong></span> 
     </span>
    </p>
   </div>
   <div class='ocr_carea' id='block_1_62' title="bbox 413 4214 1992 4287">
    <p class='ocr_par' dir='ltr' id='par_1_62' title="bbox 413 4214 1992 4287">
     <span class='ocr_line' id='line_1_62' title="bbox 413 4214 1992 4287; baseline -0.001 -13"><span class='ocrx_word' id='word_1_467' title='bbox 413 4219 616 4274; x_wconf 91' lang='lat' dir='ltr'><strong>liorum</strong></span> <span class='ocrx_word' id='word_1_468' title='bbox 648 4217 841 4281; x_wconf 84' lang='lat' dir='ltr'><strong>Israel,</strong></span> <span class='ocrx_word' id='word_1_469' title='bbox 888 4226 942 4272; x_wconf 87' lang='lat' dir='ltr'><strong>et</strong></span> <span class='ocrx_word' id='word_1_470' title='bbox 974 4216 1108 4271; x_wconf 90' lang='lat' dir='ltr'><strong>abiit</strong></span> <span class='ocrx_word' id='word_1_471' title='bbox 1155 4223 1424 4287; x_wconf 87' lang='lat' dir='ltr'><strong>post-eos.</strong></span> <span class='ocrx_word' id='word_1_472' title='bbox 1457 4214 1693 4270; x_wconf 87' lang='lat' dir='ltr'><strong>Sustulit</strong></span> <span class='ocrx_word' id='word_1_473' title='bbox 1723 4224 1903 4272; x_wconf 90' lang='lat' dir='ltr'><strong>autem</strong></span> <span class='ocrx_word' id='word_1_474' title='bbox 1932 4233 1992 4272; x_wconf 89' lang='lat' dir='ltr'><strong>se</strong></span> 
     </span>
    </p>
   </div>
   <div class='ocr_carea' id='block_1_63' title="bbox 415 4308 1992 4375">
    <p class='ocr_par' dir='ltr' id='par_1_63' title="bbox 415 4308 1992 4375">
     <span class='ocr_line' id='line_1_63' title="bbox 415 4308 1992 4375; baseline -0.002 -8"><span class='ocrx_word' id='word_1_475' title='bbox 415 4312 579 4367; x_wconf 87' lang='lat' dir='ltr'><strong>etiam</strong></span> <span class='ocrx_word' id='word_1_476' title='bbox 613 4311 871 4366; x_wconf 86' lang='lat' dir='ltr'><strong>columna</strong></span> <span class='ocrx_word' id='word_1_477' title='bbox 901 4309 1064 4364; x_wconf 88' lang='lat' dir='ltr'><strong>nubis</strong></span> <span class='ocrx_word' id='word_1_478' title='bbox 1094 4325 1125 4363; x_wconf 89' lang='lat' dir='ltr'><strong>a</strong></span> <span class='ocrx_word' id='word_1_479' title='bbox 1159 4309 1300 4364; x_wconf 80' lang='lat' dir='ltr'><strong>facie</strong></span> <span class='ocrx_word' id='word_1_480' title='bbox 1330 4324 1522 4364; x_wconf 90' lang='lat' dir='ltr'><strong>eorum</strong></span> <span class='ocrx_word' id='word_1_481' title='bbox 1549 4309 1616 4364; x_wconf 78' lang='grc' dir='ltr'>⁸ο.</span> <span class='ocrx_word' id='word_1_482' title='bbox 1661 4329 1682 4362; x_wconf 82' lang='grc'><strong><em>›</em></strong></span> <span class='ocrx_word' id='word_1_483' title='bbox 1717 4308 1992 4375; x_wconf 85' lang='lat' dir='ltr'><strong>Quemad-</strong></span> 
     </span>
    </p>
   </div>
   <div class='ocr_carea' id='block_1_64' title="bbox 416 4399 1990 4473">
    <p class='ocr_par' dir='ltr' id='par_1_64' title="bbox 416 4399 1990 4473">
     <span class='ocr_line' id='line_1_64' title="bbox 416 4399 1990 4473; baseline 0 -15"><span class='ocrx_word' id='word_1_484' title='bbox 416 4403 640 4459; x_wconf 87' lang='lat' dir='ltr'><strong>modum</strong></span> <span class='ocrx_word' id='word_1_485' title='bbox 690 4403 746 4457; x_wconf 91' lang='lat' dir='ltr'><strong>in</strong></span> <span class='ocrx_word' id='word_1_486' title='bbox 780 4401 1156 4473; x_wconf 87' lang='lat' dir='ltr'><strong>superioribus</strong></span> <span class='ocrx_word' id='word_1_487' title='bbox 1199 4400 1465 4457; x_wconf 89' lang='lat' dir='ltr'><strong>Dominus</strong></span> <span class='ocrx_word' id='word_1_488' title='bbox 1525 4399 1699 4455; x_wconf 81' lang='lat' dir='ltr'><strong>forma</strong></span> <span class='ocrx_word' id='word_1_489' title='bbox 1751 4403 1990 4459; x_wconf 87' lang='lat' dir='ltr'><strong>hominis</strong></span> 
     </span>
    </p>
   </div>
   <div class='ocr_carea' id='block_1_65' title="bbox 2013 3175 2056 3233">
    <p class='ocr_par' dir='ltr' id='par_1_65' title="bbox 2013 3175 2056 3233">
     <span class='ocr_line' id='line_1_65' title="bbox 2013 3175 2056 3233; baseline 0 0"><span class='ocrx_word' id='word_1_490' title='bbox 2013 3175 2056 3233; x_wconf 88' lang='lat' dir='ltr'><strong>C</strong></span> 
     </span>
    </p>
   </div>
   <div class='ocr_carea' id='block_1_66' title="bbox 2088 1914 3675 1988">
    <p class='ocr_par' dir='ltr' id='par_1_66' title="bbox 2088 1914 3675 1988">
     <span class='ocr_line' id='line_1_66' title="bbox 2088 1914 3675 1988; baseline -0.003 -17"><span class='ocrx_word' id='word_1_491' title='bbox 2088 1918 2176 1982; x_wconf 89' lang='grc' dir='ltr'><strong>δες</strong></span> <span class='ocrx_word' id='word_1_492' title='bbox 2214 1916 2477 1988; x_wconf 84' lang='grc' dir='ltr'>Ἐϐραίων</span> <span class='ocrx_word' id='word_1_493' title='bbox 2501 1915 2756 1969; x_wconf 86' lang='grc' dir='ltr'>εἰώθασι·</span> <span class='ocrx_word' id='word_1_494' title='bbox 2784 1914 2942 1969; x_wconf 86' lang='grc' dir='ltr'>τοῦτο</span> <span class='ocrx_word' id='word_1_495' title='bbox 2965 1914 3022 1968; x_wconf 81' lang='grc' dir='ltr'><strong>δὲ</strong></span> <span class='ocrx_word' id='word_1_496' title='bbox 3042 1915 3136 1967; x_wconf 79' lang='grc' dir='ltr'><strong>καὶ</strong></span> <span class='ocrx_word' id='word_1_497' title='bbox 3157 1914 3265 1971; x_wconf 86' lang='grc' dir='ltr'><strong>ἀπὸ</strong></span> <span class='ocrx_word' id='word_1_498' title='bbox 3287 1914 3379 1966; x_wconf 84' lang='grc' dir='ltr'><strong>τοῦ</strong></span> <span class='ocrx_word' id='word_1_499' title='bbox 3403 1914 3675 1984; x_wconf 86' lang='grc' dir='ltr'>ἀγγέλους</span> 
     </span>
    </p>
   </div>
   <div class='ocr_carea' id='block_1_67' title="bbox 2090 2005 3676 2082">
    <p class='ocr_par' dir='ltr' id='par_1_67' title="bbox 2090 2005 3676 2082">
     <span class='ocr_line' id='line_1_67' title="bbox 2090 2005 3676 2082; baseline -0.005 -16"><span class='ocrx_word' id='word_1_500' title='bbox 2090 2011 2275 2081; x_wconf 80' lang='grc' dir='ltr'>σαφῶς</span> <span class='ocrx_word' id='word_1_501' title='bbox 2306 2009 2581 2082; x_wconf 80' lang='grc' dir='ltr'>διορίζειν,</span> <span class='ocrx_word' id='word_1_502' title='bbox 2615 2011 2703 2063; x_wconf 86' lang='grc' dir='ltr'><strong>ὅτε</strong></span> <span class='ocrx_word' id='word_1_503' title='bbox 2743 2009 2807 2080; x_wconf 84' lang='grc' dir='ltr'>δὴ</span> <span class='ocrx_word' id='word_1_504' title='bbox 2856 2005 3094 2079; x_wconf 84' lang='grc' dir='ltr'>βούλοιτο</span> <span class='ocrx_word' id='word_1_505' title='bbox 3126 2006 3387 2076; x_wconf 83' lang='grc' dir='ltr'>ἀγγέλους</span> <span class='ocrx_word' id='word_1_506' title='bbox 3427 2006 3618 2059; x_wconf 78' lang='grc' dir='ltr'>καλεῖν</span> <span class='ocrx_word' id='word_1_507' title='bbox 3645 2008 3676 2058; x_wconf 80' lang='grc' dir='ltr'>ὁ</span> 
     </span>
    </p>
   </div>
   <div class='ocr_carea' id='block_1_68' title="bbox 2087 2099 3678 2174">
    <p class='ocr_par' dir='ltr' id='par_1_68' title="bbox 2087 2099 3678 2174">
     <span class='ocr_line' id='line_1_68' title="bbox 2087 2099 3678 2174; baseline -0.003 -18"><span class='ocrx_word' id='word_1_508' title='bbox 2087 2103 2265 2172; x_wconf 86' lang='grc' dir='ltr'>λόγος,</span> <span class='ocrx_word' id='word_1_509' title='bbox 2300 2102 2487 2174; x_wconf 81' lang='grc' dir='ltr'>ὥσπερ</span> <span class='ocrx_word' id='word_1_510' title='bbox 2518 2103 2646 2165; x_wconf 82' lang='grc' dir='ltr'>τοὺς</span> <span class='ocrx_word' id='word_1_511' title='bbox 2674 2104 2732 2156; x_wconf 86' lang='grc' dir='ltr'>ὲν</span> <span class='ocrx_word' id='word_1_512' title='bbox 2765 2099 3016 2170; x_wconf 88' lang='grc' dir='ltr'>Σοδόμοις</span> <span class='ocrx_word' id='word_1_513' title='bbox 3045 2099 3259 2162; x_wconf 89' lang='grc' dir='ltr'>ἀσεϐεῖς</span> <span class='ocrx_word' id='word_1_514' title='bbox 3283 2099 3460 2164; x_wconf 76' lang='grc' dir='ltr'>ὄντας,</span> <span class='ocrx_word' id='word_1_515' title='bbox 3495 2102 3524 2152; x_wconf 81' lang='grc' dir='ltr'>ὁ</span> <span class='ocrx_word' id='word_1_516' title='bbox 3576 2100 3678 2169; x_wconf 78' lang='grc' dir='ltr'><strong>μὲν</strong></span> 
     </span>
    </p>
   </div>
   <div class='ocr_carea' id='block_1_69' title="bbox 2087 2191 3674 2266">
    <p class='ocr_par' dir='ltr' id='par_1_69' title="bbox 2087 2191 3674 2266">
     <span class='ocr_line' id='line_1_69' title="bbox 2087 2191 3674 2266; baseline -0.002 -19"><span class='ocrx_word' id='word_1_517' title='bbox 2087 2195 2164 2266; x_wconf 85' lang='grc' dir='ltr'>τῷ</span> <span class='ocrx_word' id='word_1_518' title='bbox 2197 2197 2446 2266; x_wconf 82' lang='grc' dir='ltr'>Ἀϐραὰμ</span> <span class='ocrx_word' id='word_1_519' title='bbox 2469 2192 2823 2266; x_wconf 81' lang='grc' dir='ltr'>χρηματίζων</span> <span class='ocrx_word' id='word_1_520' title='bbox 2845 2193 2978 2257; x_wconf 83' lang='grc' dir='ltr'>Θεὸς</span> <span class='ocrx_word' id='word_1_521' title='bbox 3005 2193 3100 2245; x_wconf 78' lang='grc' dir='ltr'><strong>καὶ</strong></span> <span class='ocrx_word' id='word_1_522' title='bbox 3135 2191 3339 2262; x_wconf 86' lang='grc' dir='ltr'>Κύριος</span> <span class='ocrx_word' id='word_1_523' title='bbox 3370 2191 3469 2260; x_wconf 81' lang='grc' dir='ltr'><strong>τῆς</strong></span> <span class='ocrx_word' id='word_1_524' title='bbox 3503 2192 3674 2245; x_wconf 75' lang='grc' dir='ltr'>αὐτοῦ</span> 
     </span>
    </p>
   </div>
   <div class='ocr_carea' id='block_1_70' title="bbox 2088 2283 3677 2361">
    <p class='ocr_par' dir='ltr' id='par_1_70' title="bbox 2088 2283 3677 2361">
     <span class='ocr_line' id='line_1_70' title="bbox 2088 2283 3677 2361; baseline -0.001 -19"><span class='ocrx_word' id='word_1_525' title='bbox 2088 2289 2387 2360; x_wconf 85' lang='grc' dir='ltr'>παρουσίας</span> <span class='ocrx_word' id='word_1_526' title='bbox 2423 2288 2674 2359; x_wconf 82' lang='grc' dir='ltr'>οὐδαμῶς</span> <span class='ocrx_word' id='word_1_527' title='bbox 2701 2287 2860 2353; x_wconf 84' lang='grc' dir='ltr'>ἀξιοῖ,</span> <span class='ocrx_word' id='word_1_528' title='bbox 2883 2289 2958 2352; x_wconf 88' lang='grc' dir='ltr'><strong>ὡς</strong></span> <span class='ocrx_word' id='word_1_529' title='bbox 2980 2283 3135 2351; x_wconf 78' lang='grc' dir='ltr'>αὖθις</span> <span class='ocrx_word' id='word_1_530' title='bbox 3163 2289 3196 2358; x_wconf 81' lang='grc' dir='ltr'>ἡ</span> <span class='ocrx_word' id='word_1_531' title='bbox 3219 2286 3338 2339; x_wconf 88' lang='grc' dir='ltr'>θεία</span> <span class='ocrx_word' id='word_1_532' title='bbox 3372 2285 3566 2361; x_wconf 74' lang='grc' dir='ltr'>Γραφῂ</span> <span class='ocrx_word' id='word_1_533' title='bbox 3590 2285 3677 2340; x_wconf 82' lang='grc' dir='ltr'><strong>λέ-</strong></span> 
     </span>
    </p>
   </div>
   <div class='ocr_carea' id='block_1_71' title="bbox 2087 2378 3678 2454">
    <p class='ocr_par' dir='ltr' id='par_1_71' title="bbox 2087 2378 3678 2454">
     <span class='ocr_line' id='line_1_71' title="bbox 2087 2378 3678 2454; baseline -0.004 -18"><span class='ocrx_word' id='word_1_534' title='bbox 2087 2400 2199 2452; x_wconf 87' lang='grc' dir='ltr'>γει·</span> <span class='ocrx_word' id='word_1_535' title='bbox 2243 2403 2261 2434; x_wconf 76' lang='grc' dir='ltr'><strong>ι</strong></span> <span class='ocrx_word' id='word_1_536' title='bbox 2285 2384 2341 2436; x_wconf 89' lang='grc' dir='ltr'>Ὁ</span> <span class='ocrx_word' id='word_1_537' title='bbox 2385 2382 2484 2453; x_wconf 83' lang='grc' dir='ltr'><strong>μὲν</strong></span> <span class='ocrx_word' id='word_1_538' title='bbox 2525 2384 2731 2454; x_wconf 88' lang='grc' dir='ltr'>Κύριος</span> <span class='ocrx_word' id='word_1_539' title='bbox 2763 2381 3023 2452; x_wconf 79' lang='grc' dir='ltr'>ἀπῆλθεν,</span> <span class='ocrx_word' id='word_1_540' title='bbox 3054 2381 3129 2444; x_wconf 85' lang='grc' dir='ltr'>ὡς</span> <span class='ocrx_word' id='word_1_541' title='bbox 3171 2379 3445 2432; x_wconf 77' lang='grc' dir='ltr'>ἐπαύσατο</span> <span class='ocrx_word' id='word_1_542' title='bbox 3495 2378 3678 2431; x_wconf 76' lang='grc' dir='ltr'>λαλῶν</span> 
     </span>
    </p>
   </div>
   <div class='ocr_carea' id='block_1_72' title="bbox 2086 2471 3678 2547">
    <p class='ocr_par' dir='ltr' id='par_1_72' title="bbox 2086 2471 3678 2547">
     <span class='ocr_line' id='line_1_72' title="bbox 2086 2471 3678 2547; baseline -0.004 -19"><span class='ocrx_word' id='word_1_543' title='bbox 2086 2474 2164 2546; x_wconf 83' lang='grc' dir='ltr'>τῷ</span> <span class='ocrx_word' id='word_1_544' title='bbox 2197 2475 2479 2547; x_wconf 80' lang='grc' dir='ltr'>Ἀϐραάμ·</span> <span class='ocrx_word' id='word_1_545' title='bbox 2523 2475 2573 2528; x_wconf 83' lang='grc' dir='ltr'>οἱ</span> <span class='ocrx_word' id='word_1_546' title='bbox 2617 2475 2674 2528; x_wconf 87' lang='grc' dir='ltr'>δὲ</span> <span class='ocrx_word' id='word_1_547' title='bbox 2705 2474 2799 2527; x_wconf 91' lang='grc' dir='ltr'><strong>δύο</strong></span> <span class='ocrx_word' id='word_1_548' title='bbox 2830 2473 3049 2543; x_wconf 83' lang='grc' dir='ltr'>ἄγγελοι</span> <span class='ocrx_word' id='word_1_549' title='bbox 3081 2472 3322 2542; x_wconf 82' lang='grc' dir='ltr'>ἀπῆλθον</span> <span class='ocrx_word' id='word_1_550' title='bbox 3354 2473 3433 2535; x_wconf 87' lang='grc' dir='ltr'>εἰς</span> <span class='ocrx_word' id='word_1_551' title='bbox 3465 2471 3678 2541; x_wconf 73' lang='grc' dir='ltr'>Σόδομα</span> 
     </span>
    </p>
   </div>
   <div class='ocr_carea' id='block_1_73' title="bbox 2089 2559 3673 2636">
    <p class='ocr_par' dir='ltr' id='par_1_73' title="bbox 2089 2559 3673 2636">
     <span class='ocr_line' id='line_1_73' title="bbox 2089 2559 3673 2636; baseline -0.001 -20"><span class='ocrx_word' id='word_1_552' title='bbox 2089 2564 2220 2617; x_wconf 82' lang='grc' dir='ltr'>ὲσπέ</span> <span class='ocrx_word' id='word_1_553' title='bbox 2229 2582 2345 2636; x_wconf 92' lang='grc' dir='ltr'>ρας.</span> <span class='ocrx_word' id='word_1_554' title='bbox 2360 2584 2378 2615; x_wconf 74' lang='grc' dir='ltr'><strong>ι</strong></span> <span class='ocrx_word' id='word_1_555' title='bbox 2395 2564 2505 2617; x_wconf 76' lang='grc' dir='ltr'><strong>Καὶ</strong></span> <span class='ocrx_word' id='word_1_556' title='bbox 2515 2563 2592 2634; x_wconf 82' lang='grc' dir='ltr'>τῷ</span> <span class='ocrx_word' id='word_1_557' title='bbox 2607 2563 2800 2617; x_wconf 86' lang='grc' dir='ltr'>Ἰακὼϐ</span> <span class='ocrx_word' id='word_1_558' title='bbox 2817 2563 2873 2616; x_wconf 83' lang='grc' dir='ltr'>δὲ</span> <span class='ocrx_word' id='word_1_559' title='bbox 2885 2582 2902 2614; x_wconf 75' lang='grc' dir='ltr'><strong>ι</strong></span> <span class='ocrx_word' id='word_1_560' title='bbox 2926 2564 3259 2633; x_wconf 84' lang='grc' dir='ltr'>συνήντησαν</span> <span class='ocrx_word' id='word_1_561' title='bbox 3275 2560 3494 2630; x_wconf 84' lang='grc' dir='ltr'>ἄγγελοι</span> <span class='ocrx_word' id='word_1_562' title='bbox 3510 2559 3673 2615; x_wconf 82' lang='grc' dir='ltr'>Θεοῦ.</span> 
     </span>
    </p>
   </div>
   <div class='ocr_carea' id='block_1_74' title="bbox 2087 2649 3676 2725">
    <p class='ocr_par' dir='ltr' id='par_1_74' title="bbox 2087 2649 3676 2725">
     <span class='ocr_line' id='line_1_74' title="bbox 2087 2649 3676 2725; baseline -0.004 -17"><span class='ocrx_word' id='word_1_563' title='bbox 2087 2653 2198 2708; x_wconf 77' lang='grc' dir='ltr'>Καὶ</span> <span class='ocrx_word' id='word_1_564' title='bbox 2233 2652 2357 2707; x_wconf 84' lang='grc' dir='ltr'>ἰδὼν</span> <span class='ocrx_word' id='word_1_565' title='bbox 2419 2649 2562 2716; x_wconf 79' lang='grc' dir='ltr'>εἷπε,</span> <span class='ocrx_word' id='word_1_566' title='bbox 2609 2652 2936 2725; x_wconf 76' lang='grc' dir='ltr'>Παρεμϐολὴ</span> <span class='ocrx_word' id='word_1_567' title='bbox 2983 2652 3119 2706; x_wconf 83' lang='grc' dir='ltr'>Θεοῦ</span> <span class='ocrx_word' id='word_1_568' title='bbox 3178 2650 3337 2720; x_wconf 78' lang='grc' dir='ltr'>αὕτη,</span> <span class='ocrx_word' id='word_1_569' title='bbox 3392 2651 3487 2703; x_wconf 76' lang='grc' dir='ltr'><strong>καὶ</strong></span> <span class='ocrx_word' id='word_1_570' title='bbox 3544 2651 3676 2702; x_wconf 72' lang='grc' dir='ltr'>ἑκά-</span> 
     </span>
    </p>
   </div>
   <div class='ocr_carea' id='block_1_75' title="bbox 2087 2739 3678 2815">
    <p class='ocr_par' dir='ltr' id='par_1_75' title="bbox 2087 2739 3678 2815">
     <span class='ocr_line' id='line_1_75' title="bbox 2087 2739 3678 2815; baseline -0.004 -16"><span class='ocrx_word' id='word_1_571' title='bbox 2087 2744 2211 2799; x_wconf 82' lang='grc' dir='ltr'>λεσε</span> <span class='ocrx_word' id='word_1_572' title='bbox 2233 2743 2295 2801; x_wconf 87' lang='grc' dir='ltr'><strong>τὸ</strong></span> <span class='ocrx_word' id='word_1_573' title='bbox 2320 2745 2492 2815; x_wconf 76' lang='grc' dir='ltr'>δνομα</span> <span class='ocrx_word' id='word_1_574' title='bbox 2518 2743 2610 2798; x_wconf 81' lang='grc' dir='ltr'><strong>τοῦ</strong></span> <span class='ocrx_word' id='word_1_575' title='bbox 2631 2743 3026 2798; x_wconf 62' lang='grc' dir='ltr'>τόπουέὲκείνου</span> <span class='ocrx_word' id='word_1_576' title='bbox 3051 2743 3446 2812; x_wconf 75' lang='grc' dir='ltr'>Παρεμϐολαί.</span> <span class='ocrx_word' id='word_1_577' title='bbox 3475 2761 3494 2794; x_wconf 74' lang='grc' dir='ltr'><strong>ι</strong></span> <span class='ocrx_word' id='word_1_578' title='bbox 3515 2739 3678 2794; x_wconf 80' lang='grc' dir='ltr'>Οὐτω</span> 
     </span>
    </p>
   </div>
   <div class='ocr_carea' id='block_1_76' title="bbox 2085 2831 3678 2910">
    <p class='ocr_par' dir='ltr' id='par_1_76' title="bbox 2085 2831 3678 2910">
     <span class='ocr_line' id='line_1_76' title="bbox 2085 2831 3678 2910; baseline -0.004 -18"><span class='ocrx_word' id='word_1_579' title='bbox 2085 2838 2145 2892; x_wconf 81' lang='grc' dir='ltr'>δὲ</span> <span class='ocrx_word' id='word_1_580' title='bbox 2170 2840 2201 2894; x_wconf 77' lang='grc' dir='ltr'><strong>ὁ</strong></span> <span class='ocrx_word' id='word_1_581' title='bbox 2227 2836 2480 2910; x_wconf 80' lang='grc' dir='ltr'>θεοφιλὴς</span> <span class='ocrx_word' id='word_1_582' title='bbox 2503 2831 2561 2890; x_wconf 79' lang='grc' dir='ltr'><strong>εὖ</strong></span> <span class='ocrx_word' id='word_1_583' title='bbox 2583 2836 2818 2908; x_wconf 87' lang='grc' dir='ltr'>διέκρινε</span> <span class='ocrx_word' id='word_1_584' title='bbox 2839 2835 2938 2900; x_wconf 81' lang='grc' dir='ltr'>τὰς</span> <span class='ocrx_word' id='word_1_585' title='bbox 2958 2835 3243 2898; x_wconf 83' lang='grc' dir='ltr'>ὀπτασίας,</span> <span class='ocrx_word' id='word_1_586' title='bbox 3270 2835 3411 2888; x_wconf 85' lang='grc' dir='ltr'>ῶστε</span> <span class='ocrx_word' id='word_1_587' title='bbox 3442 2834 3538 2886; x_wconf 88' lang='grc' dir='ltr'><strong>νῦν</strong></span> <span class='ocrx_word' id='word_1_588' title='bbox 3579 2835 3678 2903; x_wconf 78' lang='grc' dir='ltr'><strong>μὲν</strong></span> 
     </span>
    </p>
   </div>
   <div class='ocr_carea' id='block_1_77' title="bbox 2087 2923 3680 3000">
    <p class='ocr_par' dir='ltr' id='par_1_77' title="bbox 2087 2923 3680 3000">
     <span class='ocr_line' id='line_1_77' title="bbox 2087 2923 3680 3000; baseline -0.008 -17"><span class='ocrx_word' id='word_1_589' title='bbox 2087 2929 2147 2983; x_wconf 89' lang='grc' dir='ltr'><strong>τὸ</strong></span> <span class='ocrx_word' id='word_1_590' title='bbox 2177 2928 2348 3000; x_wconf 76' lang='grc' dir='ltr'>ὄνομα</span> <span class='ocrx_word' id='word_1_591' title='bbox 2377 2930 2473 2982; x_wconf 94' lang='grc' dir='ltr'><strong>τοῦ</strong></span> <span class='ocrx_word' id='word_1_592' title='bbox 2506 2929 2671 2982; x_wconf 89' lang='grc' dir='ltr'>τόπου</span> <span class='ocrx_word' id='word_1_593' title='bbox 2699 2925 3049 2998; x_wconf 81' lang='grc' dir='ltr'>παρεμϐολὰς</span> <span class='ocrx_word' id='word_1_594' title='bbox 3069 2925 3272 2990; x_wconf 89' lang='grc' dir='ltr'>καλεῖν,</span> <span class='ocrx_word' id='word_1_595' title='bbox 3307 2925 3415 2977; x_wconf 86' lang='grc' dir='ltr'><strong>ἀπὸ</strong></span> <span class='ocrx_word' id='word_1_596' title='bbox 3443 2923 3542 2994; x_wconf 73' lang='grc' dir='ltr'>τῆς</span> <span class='ocrx_word' id='word_1_597' title='bbox 3568 2923 3680 2976; x_wconf 67' lang='grc' dir='ltr'>τῶν</span> 
     </span>
    </p>
   </div>
   <div class='ocr_carea' id='block_1_78' title="bbox 2087 3015 3683 3092">
    <p class='ocr_par' dir='ltr' id='par_1_78' title="bbox 2087 3015 3683 3092">
     <span class='ocr_line' id='line_1_78' title="bbox 2087 3015 3683 3092; baseline -0.004 -17"><span class='ocrx_word' id='word_1_598' title='bbox 2087 3021 2394 3091; x_wconf 81' lang='grc' dir='ltr'>ἀγγελικῶν</span> <span class='ocrx_word' id='word_1_599' title='bbox 2423 3019 2785 3092; x_wconf 85' lang='grc' dir='ltr'>παρεμϐολῶν</span> <span class='ocrx_word' id='word_1_600' title='bbox 2818 3018 2964 3082; x_wconf 90' lang='grc' dir='ltr'>θέας.</span> <span class='ocrx_word' id='word_1_601' title='bbox 2986 3020 3112 3072; x_wconf 83' lang='grc' dir='ltr'>Ὅτε</span> <span class='ocrx_word' id='word_1_602' title='bbox 3149 3018 3204 3071; x_wconf 88' lang='grc' dir='ltr'><strong>δὲ</strong></span> <span class='ocrx_word' id='word_1_603' title='bbox 3235 3016 3312 3087; x_wconf 81' lang='grc' dir='ltr'>τῷ</span> <span class='ocrx_word' id='word_1_604' title='bbox 3357 3015 3476 3086; x_wconf 82' lang='grc' dir='ltr'><strong>Θεῷ</strong></span> <span class='ocrx_word' id='word_1_605' title='bbox 3507 3032 3683 3087; x_wconf 80' lang='grc' dir='ltr'>προσ-</span> 
     </span>
    </p>
   </div>
   <div class='ocr_carea' id='block_1_79' title="bbox 2088 3107 3677 3187">
    <p class='ocr_par' dir='ltr' id='par_1_79' title="bbox 2088 3107 3677 3187">
     <span class='ocr_line' id='line_1_79' title="bbox 2088 3107 3677 3187; baseline -0.004 -19"><span class='ocrx_word' id='word_1_606' title='bbox 2088 3114 2284 3187; x_wconf 86' lang='grc' dir='ltr'>ομιλεῖ,</span> <span class='ocrx_word' id='word_1_607' title='bbox 2311 3113 2466 3168; x_wconf 87' lang='grc' dir='ltr'>καλεῖ</span> <span class='ocrx_word' id='word_1_608' title='bbox 2479 3114 2539 3167; x_wconf 91' lang='grc' dir='ltr'><strong>τὸ</strong></span> <span class='ocrx_word' id='word_1_609' title='bbox 2558 3114 2725 3184; x_wconf 78' lang='grc' dir='ltr'>ὄνομα</span> <span class='ocrx_word' id='word_1_610' title='bbox 2744 3111 2838 3166; x_wconf 86' lang='grc' dir='ltr'><strong>τοῦ</strong></span> <span class='ocrx_word' id='word_1_611' title='bbox 2863 3113 3027 3166; x_wconf 88' lang='grc' dir='ltr'>τόπου</span> <span class='ocrx_word' id='word_1_612' title='bbox 3044 3107 3195 3174; x_wconf 77' lang='grc' dir='ltr'>Εἶδος</span> <span class='ocrx_word' id='word_1_613' title='bbox 3210 3109 3366 3174; x_wconf 83' lang='grc' dir='ltr'>Θεοῦ,</span> <span class='ocrx_word' id='word_1_614' title='bbox 3386 3109 3677 3176; x_wconf 68' lang='grc' dir='ltr'>ὲπιλέγωψ</span> 
     </span>
    </p>
   </div>
   <div class='ocr_carea' id='block_1_80' title="bbox 2097 3202 3681 3282">
    <p class='ocr_par' dir='ltr' id='par_1_80' title="bbox 2097 3202 3681 3282">
     <span class='ocr_line' id='line_1_80' title="bbox 2097 3202 3681 3282; baseline -0.006 -19"><span class='ocrx_word' id='word_1_615' title='bbox 2097 3229 2115 3262; x_wconf 75' lang='grc' dir='ltr'><strong>ι</strong></span> <span class='ocrx_word' id='word_1_616' title='bbox 2146 3205 2300 3263; x_wconf 82' lang='grc' dir='ltr'>Εἶδον</span> <span class='ocrx_word' id='word_1_617' title='bbox 2330 3208 2440 3282; x_wconf 85' lang='grc' dir='ltr'><strong>γὰρ</strong></span> <span class='ocrx_word' id='word_1_618' title='bbox 2469 3207 2600 3260; x_wconf 81' lang='grc' dir='ltr'>Θεὸν</span> <span class='ocrx_word' id='word_1_619' title='bbox 2629 3207 2919 3278; x_wconf 83' lang='grc' dir='ltr'>πρόσωπον</span> <span class='ocrx_word' id='word_1_620' title='bbox 2953 3205 3090 3276; x_wconf 88' lang='grc' dir='ltr'>πρὸς</span> <span class='ocrx_word' id='word_1_621' title='bbox 3118 3205 3429 3276; x_wconf 84' lang='grc' dir='ltr'>πρόσωπον.</span> <span class='ocrx_word' id='word_1_622' title='bbox 3465 3221 3484 3253; x_wconf 75' lang='grc' dir='ltr'><strong>ι</strong></span> <span class='ocrx_word' id='word_1_623' title='bbox 3517 3202 3681 3254; x_wconf 70' lang='grc' dir='ltr'>Ἀλλὰ</span> 
     </span>
    </p>
   </div>
   <div class='ocr_carea' id='block_1_81' title="bbox 2090 3296 3682 3371">
    <p class='ocr_par' dir='ltr' id='par_1_81' title="bbox 2090 3296 3682 3371">
     <span class='ocr_line' id='line_1_81' title="bbox 2090 3296 3682 3371; baseline -0.005 -15"><span class='ocrx_word' id='word_1_624' title='bbox 2090 3302 2185 3356; x_wconf 80' lang='grc' dir='ltr'><strong>καὶ</strong></span> <span class='ocrx_word' id='word_1_625' title='bbox 2223 3301 2301 3371; x_wconf 83' lang='grc' dir='ltr'>τῷ</span> <span class='ocrx_word' id='word_1_626' title='bbox 2337 3301 2545 3365; x_wconf 78' lang='grc' dir='ltr'>Μωσεῖ,</span> <span class='ocrx_word' id='word_1_627' title='bbox 2587 3301 2662 3353; x_wconf 84' lang='grc' dir='ltr'><strong>ὅτ’</strong></span> <span class='ocrx_word' id='word_1_628' title='bbox 2689 3300 2919 3369; x_wconf 81' lang='grc' dir='ltr'>ἄγγελος</span> <span class='ocrx_word' id='word_1_629' title='bbox 2957 3299 3323 3368; x_wconf 77' lang='grc' dir='ltr'>ἐπιφαίνεται,</span> <span class='ocrx_word' id='word_1_630' title='bbox 3367 3296 3514 3349; x_wconf 75' lang='grc' dir='ltr'>τοῦτ’</span> <span class='ocrx_word' id='word_1_631' title='bbox 3545 3296 3682 3350; x_wconf 82' lang='grc' dir='ltr'>αὐτὸ</span> 
     </span>
    </p>
   </div>
   <div class='ocr_carea' id='block_1_82' title="bbox 2092 3388 3680 3464">
    <p class='ocr_par' dir='ltr' id='par_1_82' title="bbox 2092 3388 3680 3464">
     <span class='ocr_line' id='line_1_82' title="bbox 2092 3388 3680 3464; baseline -0.002 -18"><span class='ocrx_word' id='word_1_632' title='bbox 2092 3395 2183 3454; x_wconf 77' lang='grc' dir='ltr'><strong>καὶ</strong></span> <span class='ocrx_word' id='word_1_633' title='bbox 2211 3395 2244 3464; x_wconf 84' lang='grc' dir='ltr'>ὴ</span> <span class='ocrx_word' id='word_1_634' title='bbox 2267 3393 2385 3446; x_wconf 89' lang='grc' dir='ltr'>θεία</span> <span class='ocrx_word' id='word_1_635' title='bbox 2414 3391 2602 3463; x_wconf 82' lang='grc' dir='ltr'>Γραφὴ</span> <span class='ocrx_word' id='word_1_636' title='bbox 2628 3393 2900 3464; x_wconf 86' lang='grc' dir='ltr'>σημαίνει,</span> <span class='ocrx_word' id='word_1_637' title='bbox 2933 3391 3163 3460; x_wconf 78' lang='grc' dir='ltr'>λέγουσα</span> <span class='ocrx_word' id='word_1_638' title='bbox 3187 3406 3199 3420; x_wconf 84' lang='grc'><em>’</em></span> <span class='ocrx_word' id='word_1_639' title='bbox 3225 3409 3243 3441; x_wconf 79' lang='grc' dir='ltr'><strong>ι</strong></span> <span class='ocrx_word' id='word_1_640' title='bbox 3274 3388 3452 3460; x_wconf 76' lang='grc' dir='ltr'>Ὠφθη</span> <span class='ocrx_word' id='word_1_641' title='bbox 3486 3389 3540 3441; x_wconf 77' lang='grc' dir='ltr'>δὲ</span> <span class='ocrx_word' id='word_1_642' title='bbox 3575 3389 3680 3456; x_wconf 82' lang='grc' dir='ltr'>ἆγ-</span> 
     </span>
    </p>
   </div>
   <div class='ocr_carea' id='block_1_83' title="bbox 2089 3482 3685 3558">
    <p class='ocr_par' dir='ltr' id='par_1_83' title="bbox 2089 3482 3685 3558">
     <span class='ocr_line' id='line_1_83' title="bbox 2089 3482 3685 3558; baseline -0.002 -20"><span class='ocrx_word' id='word_1_643' title='bbox 2089 3486 2243 3555; x_wconf 90' lang='grc' dir='ltr'>γελος</span> <span class='ocrx_word' id='word_1_644' title='bbox 2288 3485 2493 3558; x_wconf 84' lang='grc' dir='ltr'>Κυρίου</span> <span class='ocrx_word' id='word_1_645' title='bbox 2534 3484 2683 3556; x_wconf 85' lang='grc' dir='ltr'>αὐτῷ</span> <span class='ocrx_word' id='word_1_646' title='bbox 2725 3488 2782 3539; x_wconf 79' lang='grc' dir='ltr'>ἐν</span> <span class='ocrx_word' id='word_1_647' title='bbox 2821 3485 2979 3554; x_wconf 78' lang='grc' dir='ltr'>φλογὶ</span> <span class='ocrx_word' id='word_1_648' title='bbox 3011 3484 3181 3555; x_wconf 89' lang='grc' dir='ltr'>πυρὸς</span> <span class='ocrx_word' id='word_1_649' title='bbox 3213 3483 3396 3553; x_wconf 81' lang='grc' dir='ltr'>βάτου.</span> <span class='ocrx_word' id='word_1_650' title='bbox 3432 3483 3594 3534; x_wconf 75' lang='grc' dir='ltr'>»Ὅτε</span> <span class='ocrx_word' id='word_1_651' title='bbox 3625 3482 3685 3535; x_wconf 68' lang='grc' dir='ltr'>δὲ</span> 
     </span>
    </p>
   </div>
   <div class='ocr_carea' id='block_1_84' title="bbox 2090 3573 3683 3650">
    <p class='ocr_par' dir='ltr' id='par_1_84' title="bbox 2090 3573 3683 3650">
     <span class='ocr_line' id='line_1_84' title="bbox 2090 3573 3683 3650; baseline -0.003 -19"><span class='ocrx_word' id='word_1_652' title='bbox 2090 3577 2179 3632; x_wconf 92' lang='grc' dir='ltr'><strong>τὸν</strong></span> <span class='ocrx_word' id='word_1_653' title='bbox 2205 3577 2489 3650; x_wconf 80' lang='grc' dir='ltr'>αὐθέντην,</span> <span class='ocrx_word' id='word_1_654' title='bbox 2522 3578 2681 3630; x_wconf 91' lang='grc' dir='ltr'>αὐτὸν</span> <span class='ocrx_word' id='word_1_655' title='bbox 2707 3577 2772 3648; x_wconf 83' lang='grc' dir='ltr'>δὴ</span> <span class='ocrx_word' id='word_1_656' title='bbox 2797 3577 2888 3630; x_wconf 89' lang='grc' dir='ltr'><strong>τὸν</strong></span> <span class='ocrx_word' id='word_1_657' title='bbox 2917 3575 3321 3646; x_wconf 79' lang='grc' dir='ltr'>χρηματίζοντα</span> <span class='ocrx_word' id='word_1_658' title='bbox 3351 3574 3520 3645; x_wconf 86' lang='grc' dir='ltr'>δηλοῖ,</span> <span class='ocrx_word' id='word_1_659' title='bbox 3544 3573 3683 3627; x_wconf 73' lang='grc' dir='ltr'>Θεὸν</span> 
     </span>
    </p>
   </div>
   <div class='ocr_carea' id='block_1_85' title="bbox 2091 3664 3682 3742">
    <p class='ocr_par' dir='ltr' id='par_1_85' title="bbox 2091 3664 3682 3742">
     <span class='ocr_line' id='line_1_85' title="bbox 2091 3664 3682 3742; baseline -0.003 -19"><span class='ocrx_word' id='word_1_660' title='bbox 2091 3670 2185 3723; x_wconf 68' lang='grc' dir='ltr'>καὶ</span> <span class='ocrx_word' id='word_1_661' title='bbox 2217 3669 2442 3742; x_wconf 89' lang='grc' dir='ltr'>Κύριον,</span> <span class='ocrx_word' id='word_1_662' title='bbox 2483 3669 2618 3722; x_wconf 83' lang='grc' dir='ltr'>ἀλλὰ</span> <span class='ocrx_word' id='word_1_663' title='bbox 2663 3667 2846 3721; x_wconf 88' lang='grc' dir='ltr'>οὐκέτι</span> <span class='ocrx_word' id='word_1_664' title='bbox 2888 3667 3116 3736; x_wconf 83' lang='grc' dir='ltr'>ἄγγελον</span> <span class='ocrx_word' id='word_1_665' title='bbox 3149 3664 3425 3738; x_wconf 82' lang='grc' dir='ltr'>ὀνομάζει.</span> <span class='ocrx_word' id='word_1_666' title='bbox 3443 3667 3682 3737; x_wconf 80' lang='grc' dir='ltr'>Ὁμοίως</span> 
     </span>
    </p>
   </div>
   <div class='ocr_carea' id='block_1_86' title="bbox 2091 3755 3684 3832">
    <p class='ocr_par' dir='ltr' id='par_1_86' title="bbox 2091 3755 3684 3832">
     <span class='ocr_line' id='line_1_86' title="bbox 2091 3755 3684 3832; baseline -0.003 -18"><span class='ocrx_word' id='word_1_667' title='bbox 2091 3762 2185 3814; x_wconf 78' lang='grc' dir='ltr'><strong>καὶ</strong></span> <span class='ocrx_word' id='word_1_668' title='bbox 2233 3762 2326 3814; x_wconf 74' lang='grc' dir='ltr'>ἐπὶ</span> <span class='ocrx_word' id='word_1_669' title='bbox 2373 3762 2471 3832; x_wconf 83' lang='grc' dir='ltr'><strong>τῆς</strong></span> <span class='ocrx_word' id='word_1_670' title='bbox 2508 3758 2775 3831; x_wconf 81' lang='grc' dir='ltr'>Ἐρυθρᾶς</span> <span class='ocrx_word' id='word_1_671' title='bbox 2803 3757 3078 3830; x_wconf 85' lang='grc' dir='ltr'>θαλάσσης</span> <span class='ocrx_word' id='word_1_672' title='bbox 3113 3755 3336 3828; x_wconf 86' lang='grc' dir='ltr'>διορίζει</span> <span class='ocrx_word' id='word_1_673' title='bbox 3373 3760 3562 3826; x_wconf 82' lang='grc' dir='ltr'>σαφῶς</span> <span class='ocrx_word' id='word_1_674' title='bbox 3589 3759 3684 3810; x_wconf 82' lang='grc' dir='ltr'><strong>τὸν</strong></span> 
     </span>
    </p>
   </div>
   <div class='ocr_carea' id='block_1_87' title="bbox 2091 3844 3687 3923">
    <p class='ocr_par' dir='ltr' id='par_1_87' title="bbox 2091 3844 3687 3923">
     <span class='ocr_line' id='line_1_87' title="bbox 2091 3844 3687 3923; baseline -0.002 -16"><span class='ocrx_word' id='word_1_675' title='bbox 2091 3853 2317 3923; x_wconf 84' lang='grc' dir='ltr'>ἄγγελον</span> <span class='ocrx_word' id='word_1_676' title='bbox 2341 3853 2433 3906; x_wconf 76' lang='grc' dir='ltr'><strong>καὶ</strong></span> <span class='ocrx_word' id='word_1_677' title='bbox 2464 3853 2564 3906; x_wconf 86' lang='grc' dir='ltr'>τὸν·</span> <span class='ocrx_word' id='word_1_678' title='bbox 2591 3852 2816 3923; x_wconf 90' lang='grc' dir='ltr'>Κύριον,</span> <span class='ocrx_word' id='word_1_679' title='bbox 2849 3850 2916 3904; x_wconf 75' lang='grc' dir='ltr'>δι’</span> <span class='ocrx_word' id='word_1_680' title='bbox 2942 3844 3017 3904; x_wconf 83' lang='grc' dir='ltr'>ὧν</span> <span class='ocrx_word' id='word_1_681' title='bbox 3058 3866 3223 3922; x_wconf 87' lang='grc' dir='ltr'>φησιν</span> <span class='ocrx_word' id='word_1_682' title='bbox 3242 3867 3256 3881; x_wconf 88' lang='grc'><strong>·</strong></span> <span class='ocrx_word' id='word_1_683' title='bbox 3295 3869 3314 3902; x_wconf 81' lang='grc' dir='ltr'><strong>ι</strong></span> <span class='ocrx_word' id='word_1_684' title='bbox 3339 3850 3534 3920; x_wconf 75' lang='grc' dir='ltr'>Ἐξῆρέ</span> <span class='ocrx_word' id='word_1_685' title='bbox 3562 3849 3625 3904; x_wconf 80' lang='grc' dir='ltr'>δὲ</span> <span class='ocrx_word' id='word_1_686' title='bbox 3655 3853 3687 3904; x_wconf 80' lang='grc' dir='ltr'>ὁ</span> 
     </span>
    </p>
   </div>
   <div class='ocr_carea' id='block_1_88' title="bbox 2091 3942 3686 4016">
    <p class='ocr_par' dir='ltr' id='par_1_88' title="bbox 2091 3942 3686 4016">
     <span class='ocr_line' id='line_1_88' title="bbox 2091 3942 3686 4016; baseline -0.004 -18"><span class='ocrx_word' id='word_1_687' title='bbox 2091 3945 2319 4014; x_wconf 76' lang='grc' dir='ltr'>ἄγγελος</span> <span class='ocrx_word' id='word_1_688' title='bbox 2347 3946 2441 3997; x_wconf 92' lang='grc' dir='ltr'><strong>τοῦ</strong></span> <span class='ocrx_word' id='word_1_689' title='bbox 2474 3943 2609 3997; x_wconf 78' lang='grc' dir='ltr'>Θειιῦ</span> <span class='ocrx_word' id='word_1_690' title='bbox 2639 3947 2667 3997; x_wconf 88' lang='grc' dir='ltr'>ὁ</span> <span class='ocrx_word' id='word_1_691' title='bbox 2697 3942 3168 4016; x_wconf 89' lang='grc' dir='ltr'>προπορευόμενος</span> <span class='ocrx_word' id='word_1_692' title='bbox 3188 3942 3287 4012; x_wconf 87' lang='grc' dir='ltr'>τῆς</span> <span class='ocrx_word' id='word_1_693' title='bbox 3321 3942 3686 4013; x_wconf 79' lang='grc' dir='ltr'>παρεμϐολῆς</span> 
     </span>
    </p>
   </div>
   <div class='ocr_carea' id='block_1_89' title="bbox 2089 4033 3690 4109">
    <p class='ocr_par' dir='ltr' id='par_1_89' title="bbox 2089 4033 3690 4109">
     <span class='ocr_line' id='line_1_89' title="bbox 2089 4033 3690 4109; baseline -0.002 -19"><span class='ocrx_word' id='word_1_694' title='bbox 2089 4038 2198 4090; x_wconf 89' lang='grc' dir='ltr'><strong>τῶν</strong></span> <span class='ocrx_word' id='word_1_695' title='bbox 2230 4037 2361 4090; x_wconf 83' lang='grc' dir='ltr'>υἱῶν</span> <span class='ocrx_word' id='word_1_696' title='bbox 2393 4036 2630 4109; x_wconf 76' lang='grc' dir='ltr'>Ἰσραὴλ,</span> <span class='ocrx_word' id='word_1_697' title='bbox 2667 4037 2761 4089; x_wconf 73' lang='grc' dir='ltr'><strong>καὶ</strong></span> <span class='ocrx_word' id='word_1_698' title='bbox 2794 4035 3065 4107; x_wconf 78' lang='grc' dir='ltr'>ἐπορεύθη</span> <span class='ocrx_word' id='word_1_699' title='bbox 3100 4037 3166 4087; x_wconf 78' lang='grc' dir='ltr'><strong>ἐκ</strong></span> <span class='ocrx_word' id='word_1_700' title='bbox 3190 4033 3299 4086; x_wconf 89' lang='grc' dir='ltr'><strong>τῶν</strong></span> <span class='ocrx_word' id='word_1_701' title='bbox 3331 4034 3557 4086; x_wconf 76' lang='grc' dir='ltr'>ὄπισθεν</span> <span class='ocrx_word' id='word_1_702' title='bbox 3593 4036 3690 4087; x_wconf 82' lang='grc' dir='ltr'>αὐ-</span> 
     </span>
    </p>
   </div>
   <div class='ocr_carea' id='block_1_90' title="bbox 2091 4126 3687 4202">
    <p class='ocr_par' dir='ltr' id='par_1_90' title="bbox 2091 4126 3687 4202">
     <span class='ocr_line' id='line_1_90' title="bbox 2091 4126 3687 4202; baseline -0.002 -20"><span class='ocrx_word' id='word_1_703' title='bbox 2091 4131 2218 4184; x_wconf 89' lang='grc' dir='ltr'>τῶν.</span> <span class='ocrx_word' id='word_1_704' title='bbox 2239 4131 2428 4202; x_wconf 78' lang='grc' dir='ltr'>Ἑξῆρε</span> <span class='ocrx_word' id='word_1_705' title='bbox 2454 4131 2508 4184; x_wconf 81' lang='grc' dir='ltr'>δὲ</span> <span class='ocrx_word' id='word_1_706' title='bbox 2542 4132 2634 4183; x_wconf 82' lang='grc' dir='ltr'><strong>καὶ</strong></span> <span class='ocrx_word' id='word_1_707' title='bbox 2661 4131 2689 4182; x_wconf 89' lang='grc' dir='ltr'>ὁ</span> <span class='ocrx_word' id='word_1_708' title='bbox 2719 4129 2910 4192; x_wconf 88' lang='grc' dir='ltr'>στῦλος</span> <span class='ocrx_word' id='word_1_709' title='bbox 2941 4128 3042 4198; x_wconf 78' lang='grc' dir='ltr'>τῆς</span> <span class='ocrx_word' id='word_1_710' title='bbox 3065 4126 3293 4197; x_wconf 85' lang='grc' dir='ltr'>νεφέλης</span> <span class='ocrx_word' id='word_1_711' title='bbox 3321 4127 3431 4180; x_wconf 88' lang='grc' dir='ltr'><strong>ἀπὸ</strong></span> <span class='ocrx_word' id='word_1_712' title='bbox 3458 4127 3687 4198; x_wconf 81' lang='grc' dir='ltr'>προοὼ-</span> 
     </span>
    </p>
   </div>
   <div class='ocr_carea' id='block_1_91' title="bbox 2093 4217 3692 4290">
    <p class='ocr_par' dir='ltr' id='par_1_91' title="bbox 2093 4217 3692 4290">
     <span class='ocr_line' id='line_1_91' title="bbox 2093 4217 3692 4290; baseline -0.003 -18"><span class='ocrx_word' id='word_1_713' title='bbox 2093 4238 2195 4274; x_wconf 85' lang='grc' dir='ltr'><strong>που</strong></span> <span class='ocrx_word' id='word_1_714' title='bbox 2233 4221 2432 4274; x_wconf 84' lang='grc' dir='ltr'>αὐτῶν.</span> <span class='ocrx_word' id='word_1_715' title='bbox 2465 4221 2702 4290; x_wconf 77' lang='grc' dir='ltr'>»Ὥσπερ</span> <span class='ocrx_word' id='word_1_716' title='bbox 2733 4219 2788 4271; x_wconf 89' lang='grc' dir='ltr'>δὲ</span> <span class='ocrx_word' id='word_1_717' title='bbox 2811 4219 2904 4271; x_wconf 78' lang='grc' dir='ltr'><strong>ἐπὶ</strong></span> <span class='ocrx_word' id='word_1_718' title='bbox 2931 4218 3038 4271; x_wconf 90' lang='grc' dir='ltr'><strong>τῶν</strong></span> <span class='ocrx_word' id='word_1_719' title='bbox 3073 4217 3356 4288; x_wconf 78' lang='grc' dir='ltr'>προτέρων</span> <span class='ocrx_word' id='word_1_720' title='bbox 3387 4219 3444 4269; x_wconf 78' lang='grc' dir='ltr'>ὲν</span> <span class='ocrx_word' id='word_1_721' title='bbox 3476 4217 3692 4286; x_wconf 76' lang='grc' dir='ltr'>ἀνθρὼ-</span> 
     </span>
    </p>
   </div>
   <div class='ocr_carea' id='block_1_92' title="bbox 2092 4309 3694 4384">
    <p class='ocr_par' dir='ltr' id='par_1_92' title="bbox 2092 4309 3694 4384">
     <span class='ocr_line' id='line_1_92' title="bbox 2092 4309 3694 4384; baseline -0.002 -20"><span class='ocrx_word' id='word_1_722' title='bbox 2092 4331 2194 4366; x_wconf 89' lang='grc' dir='ltr'><strong>που</strong></span> <span class='ocrx_word' id='word_1_723' title='bbox 2225 4316 2462 4384; x_wconf 84' lang='grc' dir='ltr'>σχήματι</span> <span class='ocrx_word' id='word_1_724' title='bbox 2488 4314 2597 4376; x_wconf 88' lang='grc' dir='ltr'>τοῖς</span> <span class='ocrx_word' id='word_1_725' title='bbox 2628 4311 2876 4372; x_wconf 86' lang='grc' dir='ltr'>παλαιοῖς</span> <span class='ocrx_word' id='word_1_726' title='bbox 2907 4313 2934 4363; x_wconf 90' lang='grc' dir='ltr'>ὁ</span> <span class='ocrx_word' id='word_1_727' title='bbox 2957 4309 3158 4380; x_wconf 85' lang='grc' dir='ltr'>Κύριος</span> <span class='ocrx_word' id='word_1_728' title='bbox 3188 4309 3545 4380; x_wconf 78' lang='grc' dir='ltr'>χρηματίζων</span> <span class='ocrx_word' id='word_1_729' title='bbox 3574 4313 3694 4361; x_wconf 78' lang='grc' dir='ltr'>εἰσ-</span> 
     </span>
    </p>
   </div>
   <div class='ocr_carea' id='block_1_93' title="bbox 2091 4400 3690 4475">
    <p class='ocr_par' dir='ltr' id='par_1_93' title="bbox 2091 4400 3690 4475">
     <span class='ocr_line' id='line_1_93' title="bbox 2091 4400 3690 4475; baseline -0.002 -17"><span class='ocrx_word' id='word_1_730' title='bbox 2091 4404 2276 4475; x_wconf 80' lang='grc' dir='ltr'>ῆκται,</span> <span class='ocrx_word' id='word_1_731' title='bbox 2320 4404 2461 4456; x_wconf 76' lang='grc' dir='ltr'>οὕτω</span> <span class='ocrx_word' id='word_1_732' title='bbox 2487 4405 2580 4456; x_wconf 76' lang='grc' dir='ltr'><strong>καὶ</strong></span> <span class='ocrx_word' id='word_1_733' title='bbox 2609 4402 2841 4456; x_wconf 80' lang='grc' dir='ltr'>ἐνταῦθα</span> <span class='ocrx_word' id='word_1_734' title='bbox 2877 4403 2964 4455; x_wconf 76' lang='grc' dir='ltr'>διὰ</span> <span class='ocrx_word' id='word_1_735' title='bbox 3001 4400 3248 4471; x_wconf 83' lang='grc' dir='ltr'>νεφέλης.</span> <span class='ocrx_word' id='word_1_736' title='bbox 3281 4402 3392 4453; x_wconf 71' lang='grc' dir='ltr'><strong>Καὶ</strong></span> <span class='ocrx_word' id='word_1_737' title='bbox 3430 4401 3690 4455; x_wconf 82' lang='grc' dir='ltr'>λέλεκται</span> 
     </span>
    </p>
   </div>
   <div class='ocr_carea' id='block_1_94' title="bbox 414 4478 1988 4596">
    <p class='ocr_par' dir='ltr' id='par_1_94' title="bbox 414 4478 1988 4566">
     <span class='ocr_line' id='line_1_94' title="bbox 414 4478 1988 4566; baseline 0 -16"><span class='ocrx_word' id='word_1_738' title='bbox 414 4495 754 4566; x_wconf 89' lang='lat' dir='ltr'><strong>respondens</strong></span> <span class='ocrx_word' id='word_1_739' title='bbox 798 4478 1041 4563; x_wconf 76' lang='lat' dir='ltr'><strong>antiquis</strong></span> <span class='ocrx_word' id='word_1_740' title='bbox 1092 4493 1406 4557; x_wconf 89' lang='lat' dir='ltr'><strong>inducitur,</strong></span> <span class='ocrx_word' id='word_1_741' title='bbox 1459 4494 1540 4548; x_wconf 87' lang='lat' dir='ltr'><strong>sic</strong></span> <span class='ocrx_word' id='word_1_742' title='bbox 1578 4495 1683 4548; x_wconf 89' lang='lat' dir='ltr'><strong>hoc</strong></span> <span class='ocrx_word' id='word_1_743' title='bbox 1729 4495 1849 4549; x_wconf 93' lang='lat' dir='ltr'><strong>loco</strong></span> <span class='ocrx_word' id='word_1_744' title='bbox 1893 4511 1988 4565; x_wconf 92' lang='lat' dir='ltr'><strong>per</strong></span> 
     </span>
    </p>
   </div>
   <div class='ocr_carea' id='block_1_95' title="bbox 2090 4478 3686 4596">
    <p class='ocr_par' dir='ltr' id='par_1_95' title="bbox 2093 4493 3686 4567">
     <span class='ocr_line' id='line_1_95' title="bbox 2093 4493 3686 4567; baseline -0.003 -18"><span class='ocrx_word' id='word_1_745' title='bbox 2093 4498 2222 4566; x_wconf 88' lang='grc' dir='ltr'>γοῦν</span> <span class='ocrx_word' id='word_1_746' title='bbox 2267 4496 2425 4567; x_wconf 74' lang='grc' dir='ltr'><strong>ἐξῆςο</strong></span> <span class='ocrx_word' id='word_1_747' title='bbox 2459 4515 2478 4547; x_wconf 78' lang='grc' dir='ltr'><strong>ι</strong></span> <span class='ocrx_word' id='word_1_748' title='bbox 2502 4495 2763 4567; x_wconf 80' lang='grc' dir='ltr'>Ἐγενήθη</span> <span class='ocrx_word' id='word_1_749' title='bbox 2805 4494 2860 4548; x_wconf 81' lang='grc' dir='ltr'><strong>δὲ</strong></span> <span class='ocrx_word' id='word_1_750' title='bbox 2906 4496 2964 4547; x_wconf 85' lang='grc' dir='ltr'><strong>ὲν</strong></span> <span class='ocrx_word' id='word_1_751' title='bbox 3003 4497 3068 4564; x_wconf 85' lang='grc' dir='ltr'>τῇ</span> <span class='ocrx_word' id='word_1_752' title='bbox 3104 4493 3316 4563; x_wconf 82' lang='grc' dir='ltr'>φυλακῇ</span> <span class='ocrx_word' id='word_1_753' title='bbox 3356 4496 3424 4564; x_wconf 83' lang='grc' dir='ltr'>τῇ</span> <span class='ocrx_word' id='word_1_754' title='bbox 3456 4493 3686 4564; x_wconf 78' lang='grc' dir='ltr'>ἐωθινῇ,</span> 
     </span>
    </p>
   </div>
   <div class='ocr_carea' id='block_1_96' title="bbox 414 4576 1992 4657">
    <p class='ocr_par' dir='ltr' id='par_1_96' title="bbox 414 4576 1992 4657">
     <span class='ocr_line' id='line_1_96' title="bbox 414 4576 1992 4657; baseline -0.002 -14"><span class='ocrx_word' id='word_1_755' title='bbox 414 4588 655 4643; x_wconf 88' lang='lat' dir='ltr'><strong>nubem:</strong></span> <span class='ocrx_word' id='word_1_756' title='bbox 687 4588 872 4657; x_wconf 86' lang='lat' dir='ltr'><strong>itaque</strong></span> <span class='ocrx_word' id='word_1_757' title='bbox 902 4576 1162 4655; x_wconf 80' lang='lat' dir='ltr'><strong>deinceps</strong></span> <span class='ocrx_word' id='word_1_758' title='bbox 1190 4585 1357 4638; x_wconf 88' lang='lat' dir='ltr'><strong>verba</strong></span> <span class='ocrx_word' id='word_1_759' title='bbox 1406 4584 1485 4640; x_wconf 90' lang='lat' dir='ltr'><strong>sic</strong></span> <span class='ocrx_word' id='word_1_760' title='bbox 1514 4586 1716 4641; x_wconf 88' lang='lat' dir='ltr'><strong>habent</strong></span> <span class='ocrx_word' id='word_1_761' title='bbox 1750 4607 1766 4642; x_wconf 87' lang='lat'><strong>:</strong></span> <span class='ocrx_word' id='word_1_762' title='bbox 1813 4605 1833 4638; x_wconf 73' lang='grc' dir='ltr'><strong>ι</strong></span> <span class='ocrx_word' id='word_1_763' title='bbox 1887 4586 1992 4640; x_wconf 84' lang='lat' dir='ltr'><strong>Fa-</strong></span> 
     </span>
    </p>
   </div>
   <div class='ocr_carea' id='block_1_97' title="bbox 417 4677 1993 4748">
    <p class='ocr_par' dir='ltr' id='par_1_97' title="bbox 417 4677 1993 4748">
     <span class='ocr_line' id='line_1_97' title="bbox 417 4677 1993 4748; baseline -0.001 -14"><span class='ocrx_word' id='word_1_764' title='bbox 417 4687 567 4734; x_wconf 91' lang='lat' dir='ltr'><strong>ctum</strong></span> <span class='ocrx_word' id='word_1_765' title='bbox 597 4688 682 4734; x_wconf 89' lang='lat' dir='ltr'><strong>cst</strong></span> <span class='ocrx_word' id='word_1_766' title='bbox 707 4687 890 4733; x_wconf 87' lang='lat' dir='ltr'><strong>autem</strong></span> <span class='ocrx_word' id='word_1_767' title='bbox 916 4679 972 4731; x_wconf 90' lang='lat' dir='ltr'><strong>in</strong></span> <span class='ocrx_word' id='word_1_768' title='bbox 994 4677 1181 4748; x_wconf 89' lang='lat' dir='ltr'><strong>vigilia</strong></span> <span class='ocrx_word' id='word_1_769' title='bbox 1211 4677 1502 4743; x_wconf 88' lang='lat' dir='ltr'><strong>matutina,</strong></span> <span class='ocrx_word' id='word_1_770' title='bbox 1536 4686 1592 4733; x_wconf 90' lang='lat' dir='ltr'><strong>et</strong></span> <span class='ocrx_word' id='word_1_771' title='bbox 1619 4679 1860 4748; x_wconf 77' lang='lat' dir='ltr'><strong>respexit</strong></span> <span class='ocrx_word' id='word_1_772' title='bbox 1883 4678 1993 4733; x_wconf 88' lang='lat' dir='ltr'><strong>Do-</strong></span> 
     </span>
    </p>
   </div>
   <div class='ocr_carea' id='block_1_98' title="bbox 418 4767 1994 4840">
    <p class='ocr_par' dir='ltr' id='par_1_98' title="bbox 418 4767 1994 4840">
     <span class='ocr_line' id='line_1_98' title="bbox 418 4767 1994 4840; baseline 0.001 -15"><span class='ocrx_word' id='word_1_773' title='bbox 418 4771 603 4826; x_wconf 90' lang='lat' dir='ltr'><strong>minus</strong></span> <span class='ocrx_word' id='word_1_774' title='bbox 634 4771 692 4824; x_wconf 87' lang='lat' dir='ltr'><strong>in</strong></span> <span class='ocrx_word' id='word_1_775' title='bbox 729 4777 913 4825; x_wconf 88' lang='lat' dir='ltr'><strong>castra</strong></span> <span class='ocrx_word' id='word_1_776' title='bbox 941 4767 1324 4840; x_wconf 68' lang='lat' dir='ltr'><strong>Egyptiorum</strong></span> <span class='ocrx_word' id='word_1_777' title='bbox 1354 4768 1411 4822; x_wconf 89' lang='lat' dir='ltr'><strong>in</strong></span> <span class='ocrx_word' id='word_1_778' title='bbox 1443 4769 1700 4824; x_wconf 87' lang='lat' dir='ltr'><strong>columna</strong></span> <span class='ocrx_word' id='word_1_779' title='bbox 1723 4771 1907 4838; x_wconf 91' lang='lat' dir='ltr'><strong>nubis,</strong></span> <span class='ocrx_word' id='word_1_780' title='bbox 1939 4780 1994 4826; x_wconf 88' lang='lat' dir='ltr'><strong>et</strong></span> 
     </span>
    </p>
   </div>
   <div class='ocr_carea' id='block_1_99' title="bbox 417 4859 1996 4932">
    <p class='ocr_par' dir='ltr' id='par_1_99' title="bbox 417 4859 1996 4932">
     <span class='ocr_line' id='line_1_99' title="bbox 417 4859 1996 4932; baseline -0.001 -15"><span class='ocrx_word' id='word_1_781' title='bbox 417 4877 514 4932; x_wconf 90' lang='lat' dir='ltr'><strong>per</strong></span> <span class='ocrx_word' id='word_1_782' title='bbox 567 4869 738 4917; x_wconf 88' lang='lat' dir='ltr'><strong>totam</strong></span> <span class='ocrx_word' id='word_1_783' title='bbox 773 4859 979 4916; x_wconf 90' lang='lat' dir='ltr'><strong>deserti</strong></span> <span class='ocrx_word' id='word_1_784' title='bbox 1026 4859 1305 4930; x_wconf 86' lang='lat' dir='ltr'><strong>regionem</strong></span> <span class='ocrx_word' id='word_1_785' title='bbox 1357 4860 1415 4914; x_wconf 89' lang='lat' dir='ltr'><strong>in</strong></span> <span class='ocrx_word' id='word_1_786' title='bbox 1466 4861 1720 4915; x_wconf 91' lang='lat' dir='ltr'><strong>columna</strong></span> <span class='ocrx_word' id='word_1_787' title='bbox 1765 4877 1862 4932; x_wconf 91' lang='lat' dir='ltr'><strong>per</strong></span> <span class='ocrx_word' id='word_1_788' title='bbox 1890 4877 1996 4916; x_wconf 84' lang='lat' dir='ltr'><strong>nu—</strong></span> 
     </span>
    </p>
   </div>
   <div class='ocr_carea' id='block_1_100' title="bbox 418 4951 1996 5026">
    <p class='ocr_par' dir='ltr' id='par_1_100' title="bbox 418 4951 1996 5026">
     <span class='ocr_line' id='line_1_100' title="bbox 418 4951 1996 5026; baseline 0.002 -18"><span class='ocrx_word' id='word_1_789' title='bbox 418 4955 543 5010; x_wconf 91' lang='lat' dir='ltr'><strong>bem</strong></span> <span class='ocrx_word' id='word_1_790' title='bbox 573 4955 642 5020; x_wconf 76' lang='lat'><strong>“,</strong></span> <span class='ocrx_word' id='word_1_791' title='bbox 676 4972 697 5006; x_wconf 73' lang='grc' dir='ltr'><strong>ι</strong></span> <span class='ocrx_word' id='word_1_792' title='bbox 739 4952 885 5008; x_wconf 92' lang='lat' dir='ltr'><strong>Deus</strong></span> <span class='ocrx_word' id='word_1_793' title='bbox 920 4951 1059 5008; x_wconf 86' lang='lat' dir='ltr'><strong>Mosi</strong></span> <span class='ocrx_word' id='word_1_794' title='bbox 1097 4952 1414 5024; x_wconf 90' lang='lat' dir='ltr'><strong>respondet.</strong></span> <span class='ocrx_word' id='word_1_795' title='bbox 1445 4951 1616 5010; x_wconf 89' lang='lat' dir='ltr'><strong>Plane</strong></span> <span class='ocrx_word' id='word_1_796' title='bbox 1660 4955 1827 5025; x_wconf 87' lang='lat' dir='ltr'><strong>igitur</strong></span> <span class='ocrx_word' id='word_1_797' title='bbox 1857 4972 1996 5026; x_wconf 89' lang='lat' dir='ltr'><strong>quo-</strong></span> 
     </span>
    </p>
   </div>
   <div class='ocr_carea' id='block_1_101' title="bbox 418 5044 1992 5119">
    <p class='ocr_par' dir='ltr' id='par_1_101' title="bbox 418 5044 1992 5119">
     <span class='ocr_line' id='line_1_101' title="bbox 418 5044 1992 5119; baseline 0.003 -19"><span class='ocrx_word' id='word_1_798' title='bbox 418 5048 521 5102; x_wconf 91' lang='lat' dir='ltr'><strong>ties</strong></span> <span class='ocrx_word' id='word_1_799' title='bbox 543 5046 722 5116; x_wconf 88' lang='lat' dir='ltr'><strong>angeli</strong></span> <span class='ocrx_word' id='word_1_800' title='bbox 754 5054 1006 5100; x_wconf 90' lang='lat' dir='ltr'><strong>naturam</strong></span> <span class='ocrx_word' id='word_1_801' title='bbox 1039 5044 1216 5100; x_wconf 83' lang='lat' dir='ltr'><strong>oratio</strong></span> <span class='ocrx_word' id='word_1_802' title='bbox 1267 5044 1576 5116; x_wconf 88' lang='lat' dir='ltr'><strong>signiticare</strong></span> <span class='ocrx_word' id='word_1_803' title='bbox 1628 5048 1765 5113; x_wconf 90' lang='lat' dir='ltr'><strong>vult,</strong></span> <span class='ocrx_word' id='word_1_804' title='bbox 1814 5064 1992 5119; x_wconf 90' lang='lat' dir='ltr'><strong>neque</strong></span> 
     </span>
    </p>
   </div>
   <div class='ocr_carea' id='block_1_102' title="bbox 420 5135 1992 5209">
    <p class='ocr_par' dir='ltr' id='par_1_102' title="bbox 420 5135 1992 5209">
     <span class='ocr_line' id='line_1_102' title="bbox 420 5135 1992 5209; baseline 0.003 -19"><span class='ocrx_word' id='word_1_805' title='bbox 420 5137 610 5198; x_wconf 90' lang='lat' dir='ltr'><strong>Deum,</strong></span> <span class='ocrx_word' id='word_1_806' title='bbox 654 5152 831 5207; x_wconf 90' lang='lat' dir='ltr'><strong>neque</strong></span> <span class='ocrx_word' id='word_1_807' title='bbox 882 5135 1199 5202; x_wconf 89' lang='lat' dir='ltr'><strong>Dominum,</strong></span> <span class='ocrx_word' id='word_1_808' title='bbox 1232 5138 1328 5192; x_wconf 90' lang='lat' dir='ltr'><strong>sed</strong></span> <span class='ocrx_word' id='word_1_809' title='bbox 1355 5137 1560 5209; x_wconf 90' lang='lat' dir='ltr'><strong>absque</strong></span> <span class='ocrx_word' id='word_1_810' title='bbox 1596 5141 1706 5194; x_wconf 86' lang='lat' dir='ltr'><strong>ulla</strong></span> <span class='ocrx_word' id='word_1_811' title='bbox 1738 5141 1992 5196; x_wconf 89' lang='lat' dir='ltr'><strong>obscuri-</strong></span> 
     </span>
    </p>
   </div>
   <div class='ocr_carea' id='block_1_103' title="bbox 421 5225 1993 5298">
    <p class='ocr_par' dir='ltr' id='par_1_103' title="bbox 421 5225 1993 5298">
     <span class='ocr_line' id='line_1_103' title="bbox 421 5225 1993 5298; baseline 0.001 -19"><span class='ocrx_word' id='word_1_812' title='bbox 421 5235 530 5281; x_wconf 89' lang='lat' dir='ltr'><strong>tate</strong></span> <span class='ocrx_word' id='word_1_813' title='bbox 577 5228 826 5298; x_wconf 87' lang='lat' dir='ltr'><strong>angelum</strong></span> <span class='ocrx_word' id='word_1_814' title='bbox 861 5227 1108 5280; x_wconf 88' lang='lat' dir='ltr'><strong>nominat</strong></span> <span class='ocrx_word' id='word_1_815' title='bbox 1138 5242 1154 5282; x_wconf 90' lang='lat'><strong>:</strong></span> <span class='ocrx_word' id='word_1_816' title='bbox 1201 5225 1416 5296; x_wconf 87' lang='lat' dir='ltr'><strong>quoties</strong></span> <span class='ocrx_word' id='word_1_817' title='bbox 1457 5242 1586 5282; x_wconf 89' lang='lat' dir='ltr'><strong>vero</strong></span> <span class='ocrx_word' id='word_1_818' title='bbox 1622 5227 1910 5283; x_wconf 87' lang='lat' dir='ltr'><strong>Dominum</strong></span> <span class='ocrx_word' id='word_1_819' title='bbox 1939 5237 1993 5282; x_wconf 86' lang='lat' dir='ltr'><strong>et</strong></span> 
     </span>
    </p>
   </div>
   <div class='ocr_carea' id='block_1_104' title="bbox 424 5320 1994 5393">
    <p class='ocr_par' dir='ltr' id='par_1_104' title="bbox 424 5320 1994 5393">
     <span class='ocr_line' id='line_1_104' title="bbox 424 5320 1994 5393; baseline -0.002 -18"><span class='ocrx_word' id='word_1_820' title='bbox 424 5323 614 5384; x_wconf 90' lang='lat' dir='ltr'><strong>Deum,</strong></span> <span class='ocrx_word' id='word_1_821' title='bbox 643 5338 767 5376; x_wconf 90' lang='lat' dir='ltr'><strong>eum</strong></span> <span class='ocrx_word' id='word_1_822' title='bbox 798 5321 891 5393; x_wconf 87' lang='lat' dir='ltr'><strong>qui</strong></span> <span class='ocrx_word' id='word_1_823' title='bbox 931 5329 1163 5393; x_wconf 83' lang='lat' dir='ltr'><strong>apparet</strong></span> <span class='ocrx_word' id='word_1_824' title='bbox 1193 5321 1468 5392; x_wconf 84' lang='lat' dir='ltr'><strong>intelligit,</strong></span> <span class='ocrx_word' id='word_1_825' title='bbox 1525 5320 1612 5374; x_wconf 85' lang='lat' dir='ltr'><strong>his</strong></span> <span class='ocrx_word' id='word_1_826' title='bbox 1645 5320 1780 5388; x_wconf 89' lang='lat' dir='ltr'><strong>ipsis</strong></span> <span class='ocrx_word' id='word_1_827' title='bbox 1813 5320 1994 5388; x_wconf 88' lang='lat' dir='ltr'><strong>palam</strong></span> 
     </span>
    </p>
   </div>
   <div class='ocr_carea' id='block_1_105' title="bbox 423 5410 1997 5479">
    <p class='ocr_par' dir='ltr' id='par_1_105' title="bbox 423 5410 1997 5479">
     <span class='ocr_line' id='line_1_105' title="bbox 423 5410 1997 5479; baseline -0.002 -12"><span class='ocrx_word' id='word_1_828' title='bbox 423 5413 595 5467; x_wconf 87' lang='lat' dir='ltr'><strong>utitur</strong></span> <span class='ocrx_word' id='word_1_829' title='bbox 653 5414 1046 5470; x_wconf 82' lang='lat' dir='ltr'><strong>locutionibus.</strong></span> <span class='ocrx_word' id='word_1_830' title='bbox 1110 5413 1267 5479; x_wconf 86' lang='lat' dir='ltr'><strong>Quod</strong></span> <span class='ocrx_word' id='word_1_831' title='bbox 1303 5427 1434 5467; x_wconf 89' lang='lat' dir='ltr'><strong>vero</strong></span> <span class='ocrx_word' id='word_1_832' title='bbox 1466 5410 1756 5466; x_wconf 91' lang='lat' dir='ltr'><strong>Dominum</strong></span> <span class='ocrx_word' id='word_1_833' title='bbox 1797 5410 1997 5464; x_wconf 81' lang='lat' dir='ltr'><strong>Deum-</strong></span> 
     </span>
    </p>
   </div>
   <div class='ocr_carea' id='block_1_106' title="bbox 421 5503 1998 5578">
    <p class='ocr_par' dir='ltr' id='par_1_106' title="bbox 421 5503 1998 5578">
     <span class='ocr_line' id='line_1_106' title="bbox 421 5503 1998 5578; baseline -0.001 -19"><span class='ocrx_word' id='word_1_834' title='bbox 421 5520 529 5578; x_wconf 87' lang='lat' dir='ltr'><strong>que</strong></span> <span class='ocrx_word' id='word_1_835' title='bbox 560 5520 666 5560; x_wconf 91' lang='lat' dir='ltr'><strong>non</strong></span> <span class='ocrx_word' id='word_1_836' title='bbox 694 5522 817 5560; x_wconf 89' lang='lat' dir='ltr'><strong>eum</strong></span> <span class='ocrx_word' id='word_1_837' title='bbox 855 5507 1124 5576; x_wconf 83' lang='lat' dir='ltr'><strong>signiticet</strong></span> <span class='ocrx_word' id='word_1_838' title='bbox 1147 5505 1239 5574; x_wconf 85' lang='lat' dir='ltr'><strong>qui</strong></span> <span class='ocrx_word' id='word_1_839' title='bbox 1269 5512 1424 5574; x_wconf 88' lang='lat' dir='ltr'><strong>pater</strong></span> <span class='ocrx_word' id='word_1_840' title='bbox 1449 5511 1552 5569; x_wconf 87' lang='lat' dir='ltr'><strong>est,</strong></span> <span class='ocrx_word' id='word_1_841' title='bbox 1586 5504 1716 5573; x_wconf 86' lang='lat' dir='ltr'><strong>ipsae</strong></span> <span class='ocrx_word' id='word_1_842' title='bbox 1750 5503 1998 5573; x_wconf 85' lang='lat' dir='ltr'><strong>Scriptu-</strong></span> 
     </span>
    </p>
   </div>
   <div class='ocr_carea' id='block_1_107' title="bbox 519 5745 2008 5827">
    <p class='ocr_par' dir='ltr' id='par_1_107' title="bbox 519 5745 2008 5827">
     <span class='ocr_line' id='line_1_107' title="bbox 519 5745 2008 5827; baseline -0.008 -13"><span class='ocrx_word' id='word_1_843' title='bbox 519 5755 563 5791; x_wconf 71' lang='grc' dir='ltr'><strong>’τ</strong></span> <span class='ocrx_word' id='word_1_844' title='bbox 597 5757 730 5814; x_wconf 88' lang='lat' dir='ltr'><strong>Gen.</strong></span> <span class='ocrx_word' id='word_1_845' title='bbox 765 5772 921 5820; x_wconf 76' lang='lat' dir='ltr'><strong>xvm,</strong></span> <span class='ocrx_word' id='word_1_846' title='bbox 955 5757 1051 5827; x_wconf 79' lang='lat'><strong>&#39;53;</strong></span> <span class='ocrx_word' id='word_1_847' title='bbox 1094 5771 1207 5822; x_wconf 66' lang='lat' dir='ltr'><strong>xxx,</strong></span> <span class='ocrx_word' id='word_1_848' title='bbox 1243 5755 1293 5809; x_wconf 86' lang='lat' dir='ltr'><strong>l.</strong></span> <span class='ocrx_word' id='word_1_849' title='bbox 1402 5753 1447 5786; x_wconf 78' lang='grc'><strong>⁸⁸</strong></span> <span class='ocrx_word' id='word_1_850' title='bbox 1477 5751 1612 5807; x_wconf 84' lang='lat' dir='ltr'><strong>Gen.</strong></span> <span class='ocrx_word' id='word_1_851' title='bbox 1656 5765 1829 5816; x_wconf 74' lang='lat' dir='ltr'><strong>\xxn,</strong></span> <span class='ocrx_word' id='word_1_852' title='bbox 1863 5747 1915 5814; x_wconf 82' lang='lat' dir='ltr'><strong>l,</strong></span> <span class='ocrx_word' id='word_1_853' title='bbox 1954 5745 2008 5802; x_wconf 72' lang='lat'><strong>2.</strong></span> 
     </span>
    </p>
   </div>
   <div class='ocr_carea' id='block_1_108' title="bbox 2095 4585 3688 4658">
    <p class='ocr_par' dir='ltr' id='par_1_108' title="bbox 2095 4585 3688 4658">
     <span class='ocr_line' id='line_1_108' title="bbox 2095 4585 3688 4658; baseline -0.001 -16"><span class='ocrx_word' id='word_1_854' title='bbox 2095 4591 2189 4642; x_wconf 77' lang='grc' dir='ltr'>καὶ</span> <span class='ocrx_word' id='word_1_855' title='bbox 2235 4587 2500 4657; x_wconf 72' lang='grc' dir='ltr'>ὲπέϐλεψε</span> <span class='ocrx_word' id='word_1_856' title='bbox 2548 4587 2750 4658; x_wconf 88' lang='grc' dir='ltr'>Κύριος</span> <span class='ocrx_word' id='word_1_857' title='bbox 2787 4588 2866 4649; x_wconf 86' lang='grc' dir='ltr'>εἰς</span> <span class='ocrx_word' id='word_1_858' title='bbox 2899 4587 2998 4658; x_wconf 81' lang='grc' dir='ltr'><strong>τὴν</strong></span> <span class='ocrx_word' id='word_1_859' title='bbox 3045 4585 3396 4656; x_wconf 79' lang='grc' dir='ltr'>παρεμϐολὴν</span> <span class='ocrx_word' id='word_1_860' title='bbox 3439 4587 3550 4639; x_wconf 85' lang='grc' dir='ltr'><strong>τῶν</strong></span> <span class='ocrx_word' id='word_1_861' title='bbox 3585 4589 3688 4640; x_wconf 79' lang='grc' dir='ltr'><strong>ΑΞ-</strong></span> 
     </span>
    </p>
   </div>
   <div class='ocr_carea' id='block_1_109' title="bbox 2095 4678 3692 4752">
    <p class='ocr_par' dir='ltr' id='par_1_109' title="bbox 2095 4678 3692 4752">
     <span class='ocr_line' id='line_1_109' title="bbox 2095 4678 3692 4752; baseline -0.003 -17"><span class='ocrx_word' id='word_1_862' title='bbox 2095 4683 2340 4750; x_wconf 88' lang='grc' dir='ltr'>γυπτίων</span> <span class='ocrx_word' id='word_1_863' title='bbox 2373 4684 2428 4735; x_wconf 82' lang='grc' dir='ltr'><strong>ὲν</strong></span> <span class='ocrx_word' id='word_1_864' title='bbox 2455 4680 2629 4751; x_wconf 86' lang='grc' dir='ltr'>στύλῳ</span> <span class='ocrx_word' id='word_1_865' title='bbox 2674 4681 2844 4752; x_wconf 90' lang='grc' dir='ltr'>πυρὸς</span> <span class='ocrx_word' id='word_1_866' title='bbox 2881 4681 2975 4733; x_wconf 79' lang='grc' dir='ltr'>καὶ</span> <span class='ocrx_word' id='word_1_867' title='bbox 3016 4679 3262 4749; x_wconf 77' lang='grc' dir='ltr'>νεφέλης·</span> <span class='ocrx_word' id='word_1_868' title='bbox 3311 4697 3328 4729; x_wconf 80' lang='grc' dir='ltr'><strong>ι</strong></span> <span class='ocrx_word' id='word_1_869' title='bbox 3354 4678 3425 4731; x_wconf 81' lang='grc' dir='ltr'>δι’</span> <span class='ocrx_word' id='word_1_870' title='bbox 3455 4679 3590 4749; x_wconf 80' lang='grc' dir='ltr'>ὅλης</span> <span class='ocrx_word' id='word_1_871' title='bbox 3633 4680 3692 4731; x_wconf 74' lang='grc' dir='ltr'><strong>δὲ</strong></span> 
     </span>
    </p>
   </div>
   <div class='ocr_carea' id='block_1_110' title="bbox 2095 4771 3692 4846">
    <p class='ocr_par' dir='ltr' id='par_1_110' title="bbox 2095 4771 3692 4846">
     <span class='ocr_line' id='line_1_110' title="bbox 2095 4771 3692 4846; baseline -0.001 -19"><span class='ocrx_word' id='word_1_872' title='bbox 2095 4774 2198 4844; x_wconf 86' lang='grc' dir='ltr'><strong>τῆς</strong></span> <span class='ocrx_word' id='word_1_873' title='bbox 2227 4776 2433 4846; x_wconf 78' lang='grc' dir='ltr'>ἐρήμου</span> <span class='ocrx_word' id='word_1_874' title='bbox 2478 4776 2536 4827; x_wconf 81' lang='grc' dir='ltr'><strong>ὲν</strong></span> <span class='ocrx_word' id='word_1_875' title='bbox 2567 4773 2742 4844; x_wconf 87' lang='grc' dir='ltr'>στύλῳ</span> <span class='ocrx_word' id='word_1_876' title='bbox 2781 4773 2880 4844; x_wconf 86' lang='grc' dir='ltr'>τῆς</span> <span class='ocrx_word' id='word_1_877' title='bbox 2911 4772 3140 4843; x_wconf 77' lang='grc' dir='ltr'>νεφέλης</span> <span class='ocrx_word' id='word_1_878' title='bbox 3186 4775 3215 4825; x_wconf 87' lang='grc' dir='ltr'>ὁ</span> <span class='ocrx_word' id='word_1_879' title='bbox 3263 4771 3396 4835; x_wconf 86' lang='grc' dir='ltr'>Θεὸς</span> <span class='ocrx_word' id='word_1_880' title='bbox 3434 4772 3519 4843; x_wconf 77' lang='grc' dir='ltr'><strong>τῷ</strong></span> <span class='ocrx_word' id='word_1_881' title='bbox 3557 4775 3692 4826; x_wconf 77' lang='grc' dir='ltr'><strong>Μω-</strong></span> 
     </span>
    </p>
   </div>
   <div class='ocr_carea' id='block_1_111' title="bbox 2100 4863 3691 4938">
    <p class='ocr_par' dir='ltr' id='par_1_111' title="bbox 2100 4863 3691 4938">
     <span class='ocr_line' id='line_1_111' title="bbox 2100 4863 3691 4938; baseline -0.003 -18"><span class='ocrx_word' id='word_1_882' title='bbox 2100 4871 2183 4920; x_wconf 89' lang='grc' dir='ltr'><strong>σεῖ</strong></span> <span class='ocrx_word' id='word_1_883' title='bbox 2208 4865 2580 4938; x_wconf 83' lang='grc' dir='ltr'>χρηματίζων.</span> <span class='ocrx_word' id='word_1_884' title='bbox 2619 4865 2886 4936; x_wconf 82' lang='grc' dir='ltr'>Ἀκριϐῶς</span> <span class='ocrx_word' id='word_1_885' title='bbox 2921 4866 3028 4937; x_wconf 89' lang='grc' dir='ltr'>ἄρα</span> <span class='ocrx_word' id='word_1_886' title='bbox 3054 4865 3144 4916; x_wconf 83' lang='grc' dir='ltr'><strong>ὅτε</strong></span> <span class='ocrx_word' id='word_1_887' title='bbox 3180 4863 3276 4933; x_wconf 82' lang='grc' dir='ltr'><strong>μὲν</strong></span> <span class='ocrx_word' id='word_1_888' title='bbox 3310 4863 3553 4932; x_wconf 81' lang='grc' dir='ltr'>ἀγγέλου</span> <span class='ocrx_word' id='word_1_889' title='bbox 3585 4865 3691 4932; x_wconf 75' lang='grc' dir='ltr'>φύ-</span> 
     </span>
    </p>
   </div>
   <div class='ocr_carea' id='block_1_112' title="bbox 2101 4956 3693 5030">
    <p class='ocr_par' dir='ltr' id='par_1_112' title="bbox 2101 4956 3693 5030">
     <span class='ocr_line' id='line_1_112' title="bbox 2101 4956 3693 5030; baseline -0.004 -15"><span class='ocrx_word' id='word_1_890' title='bbox 2101 4979 2184 5015; x_wconf 92' lang='grc' dir='ltr'><strong>σιν</strong></span> <span class='ocrx_word' id='word_1_891' title='bbox 2211 4963 2238 5013; x_wconf 89' lang='grc' dir='ltr'>ὁ</span> <span class='ocrx_word' id='word_1_892' title='bbox 2263 4961 2417 5029; x_wconf 87' lang='grc' dir='ltr'>λόγος</span> <span class='ocrx_word' id='word_1_893' title='bbox 2439 4959 2634 5030; x_wconf 88' lang='grc' dir='ltr'>δηλοῦν</span> <span class='ocrx_word' id='word_1_894' title='bbox 2663 4958 2931 5029; x_wconf 85' lang='grc' dir='ltr'>βούλεται,</span> <span class='ocrx_word' id='word_1_895' title='bbox 2965 4958 3221 5011; x_wconf 87' lang='grc' dir='ltr'>οὐδέποτε</span> <span class='ocrx_word' id='word_1_896' title='bbox 3255 4956 3392 5008; x_wconf 86' lang='grc' dir='ltr'>Θεὸν</span> <span class='ocrx_word' id='word_1_897' title='bbox 3417 4958 3543 5010; x_wconf 77' lang='grc' dir='ltr'>οὐδὲ</span> <span class='ocrx_word' id='word_1_898' title='bbox 3575 4958 3693 5011; x_wconf 63' lang='lat' dir='ltr'><strong>ne.</strong></span> 
     </span>
    </p>
   </div>
   <div class='ocr_carea' id='block_1_113' title="bbox 2103 5045 3690 5125">
    <p class='ocr_par' dir='ltr' id='par_1_113' title="bbox 2103 5045 3690 5125">
     <span class='ocr_line' id='line_1_113' title="bbox 2103 5045 3690 5125; baseline -0.004 -18"><span class='ocrx_word' id='word_1_899' title='bbox 2103 5071 2236 5125; x_wconf 89' lang='grc' dir='ltr'>ριον,</span> <span class='ocrx_word' id='word_1_900' title='bbox 2263 5053 2378 5106; x_wconf 80' lang='grc' dir='ltr'>ἀλλ’</span> <span class='ocrx_word' id='word_1_901' title='bbox 2409 5052 2859 5115; x_wconf 82' lang='grc' dir='ltr'>ἀνεπικαλύπτως</span> <span class='ocrx_word' id='word_1_902' title='bbox 2905 5050 3131 5120; x_wconf 76' lang='grc' dir='ltr'>ἄγγελον</span> <span class='ocrx_word' id='word_1_903' title='bbox 3175 5045 3434 5119; x_wconf 84' lang='grc' dir='ltr'>ὀνομάζει</span> <span class='ocrx_word' id='word_1_904' title='bbox 3455 5066 3468 5078; x_wconf 85' lang='grc'><strong>·</strong></span> <span class='ocrx_word' id='word_1_905' title='bbox 3509 5050 3598 5101; x_wconf 80' lang='grc' dir='ltr'>ὅτε</span> <span class='ocrx_word' id='word_1_906' title='bbox 3631 5051 3690 5102; x_wconf 77' lang='grc' dir='ltr'>δὲ</span> 
     </span>
    </p>
   </div>
   <div class='ocr_carea' id='block_1_114' title="bbox 2100 5141 3691 5218">
    <p class='ocr_par' dir='ltr' id='par_1_114' title="bbox 2100 5141 3691 5218">
     <span class='ocr_line' id='line_1_114' title="bbox 2100 5141 3691 5218; baseline -0.003 -19"><span class='ocrx_word' id='word_1_907' title='bbox 2100 5147 2302 5218; x_wconf 88' lang='grc' dir='ltr'>Κύριον</span> <span class='ocrx_word' id='word_1_908' title='bbox 2327 5147 2422 5200; x_wconf 81' lang='grc' dir='ltr'><strong>καὶ</strong></span> <span class='ocrx_word' id='word_1_909' title='bbox 2451 5146 2583 5199; x_wconf 85' lang='grc' dir='ltr'>Θεὸν</span> <span class='ocrx_word' id='word_1_910' title='bbox 2606 5143 2712 5197; x_wconf 71' lang='grc' dir='ltr'>οἶδε</span> <span class='ocrx_word' id='word_1_911' title='bbox 2751 5144 2841 5198; x_wconf 91' lang='grc' dir='ltr'><strong>τὸν</strong></span> <span class='ocrx_word' id='word_1_912' title='bbox 2864 5143 3299 5213; x_wconf 82' lang='grc' dir='ltr'>ἐπιφαινόμενον,</span> <span class='ocrx_word' id='word_1_913' title='bbox 3333 5141 3565 5205; x_wconf 85' lang='grc' dir='ltr'>ταύταις</span> <span class='ocrx_word' id='word_1_914' title='bbox 3591 5143 3691 5195; x_wconf 82' lang='grc' dir='ltr'>αύ-</span> 
     </span>
    </p>
   </div>
   <div class='ocr_carea' id='block_1_115' title="bbox 2097 5232 3688 5310">
    <p class='ocr_par' dir='ltr' id='par_1_115' title="bbox 2097 5232 3688 5310">
     <span class='ocr_line' id='line_1_115' title="bbox 2097 5232 3688 5310; baseline -0.004 -19"><span class='ocrx_word' id='word_1_915' title='bbox 2097 5243 2218 5301; x_wconf 83' lang='grc' dir='ltr'>ταῖς</span> <span class='ocrx_word' id='word_1_916' title='bbox 2251 5238 2436 5306; x_wconf 83' lang='grc' dir='ltr'>σαφῶς</span> <span class='ocrx_word' id='word_1_917' title='bbox 2459 5241 2717 5310; x_wconf 87' lang='grc' dir='ltr'>κέχρηται</span> <span class='ocrx_word' id='word_1_918' title='bbox 2747 5239 2864 5299; x_wconf 89' lang='grc' dir='ltr'>ταῖς</span> <span class='ocrx_word' id='word_1_919' title='bbox 2894 5236 3248 5306; x_wconf 89' lang='grc' dir='ltr'>προσρήρεσι.</span> <span class='ocrx_word' id='word_1_920' title='bbox 3275 5232 3486 5305; x_wconf 85' lang='grc' dir='ltr'>Κύριον</span> <span class='ocrx_word' id='word_1_921' title='bbox 3514 5233 3570 5285; x_wconf 77' lang='grc' dir='ltr'><strong>δὲ</strong></span> <span class='ocrx_word' id='word_1_922' title='bbox 3594 5234 3688 5285; x_wconf 66' lang='grc' dir='ltr'><strong>καὶ</strong></span> 
     </span>
    </p>
   </div>
   <div class='ocr_carea' id='block_1_116' title="bbox 2099 5325 3688 5401">
    <p class='ocr_par' dir='ltr' id='par_1_116' title="bbox 2099 5325 3688 5401">
     <span class='ocr_line' id='line_1_116' title="bbox 2099 5325 3688 5401; baseline -0.005 -17"><span class='ocrx_word' id='word_1_923' title='bbox 2099 5332 2230 5384; x_wconf 84' lang='grc' dir='ltr'>Θεὸν</span> <span class='ocrx_word' id='word_1_924' title='bbox 2255 5333 2336 5384; x_wconf 85' lang='grc' dir='ltr'>ὃτι</span> <span class='ocrx_word' id='word_1_925' title='bbox 2366 5331 2438 5401; x_wconf 83' lang='grc' dir='ltr'>μὴ</span> <span class='ocrx_word' id='word_1_926' title='bbox 2468 5331 2557 5383; x_wconf 89' lang='grc' dir='ltr'><strong>τὸν</strong></span> <span class='ocrx_word' id='word_1_927' title='bbox 2583 5331 2750 5383; x_wconf 79' lang='grc' dir='ltr'>αἴτιον</span> <span class='ocrx_word' id='word_1_928' title='bbox 2775 5328 2940 5400; x_wconf 85' lang='grc' dir='ltr'>δηλοῖ,</span> <span class='ocrx_word' id='word_1_929' title='bbox 2965 5326 3257 5398; x_wconf 83' lang='grc' dir='ltr'>προφανῶς</span> <span class='ocrx_word' id='word_1_930' title='bbox 3279 5325 3570 5390; x_wconf 72' lang='grc' dir='ltr'>ἐπέδειξαν</span> <span class='ocrx_word' id='word_1_931' title='bbox 3589 5326 3688 5395; x_wconf 75' lang='grc' dir='ltr'>τῆς</span> 
     </span>
    </p>
   </div>
   <div class='ocr_carea' id='block_1_117' title="bbox 2101 5417 3686 5494">
    <p class='ocr_par' dir='ltr' id='par_1_117' title="bbox 2101 5417 3686 5494">
     <span class='ocr_line' id='line_1_117' title="bbox 2101 5417 3686 5494; baseline -0.008 -17"><span class='ocrx_word' id='word_1_932' title='bbox 2101 5424 2251 5487; x_wconf 85' lang='grc' dir='ltr'>θείας</span> <span class='ocrx_word' id='word_1_933' title='bbox 2281 5423 2504 5494; x_wconf 81' lang='grc' dir='ltr'>Γραφῆς</span> <span class='ocrx_word' id='word_1_934' title='bbox 2549 5425 2602 5474; x_wconf 75' lang='lat' dir='ltr'><strong>al</strong></span> <span class='ocrx_word' id='word_1_935' title='bbox 2643 5421 2835 5486; x_wconf 77' lang='grc' dir='ltr'>λέξεις,</span> <span class='ocrx_word' id='word_1_936' title='bbox 2869 5419 3094 5487; x_wconf 84' lang='grc' dir='ltr'>ἄγγελον</span> <span class='ocrx_word' id='word_1_937' title='bbox 3121 5418 3254 5470; x_wconf 82' lang='grc' dir='ltr'>Θεοῦ</span> <span class='ocrx_word' id='word_1_938' title='bbox 3284 5417 3686 5489; x_wconf 77' lang='grc' dir='ltr'>προσειποῦσαι</span> 
     </span>
    </p>
   </div>
   <div class='ocr_carea' id='block_1_118' title="bbox 2101 5511 3683 5583">
    <p class='ocr_par' dir='ltr' id='par_1_118' title="bbox 2101 5511 3683 5583">
     <span class='ocr_line' id='line_1_118' title="bbox 2101 5511 3683 5583; baseline -0.007 -13"><span class='ocrx_word' id='word_1_939' title='bbox 2101 5517 2191 5569; x_wconf 88' lang='grc' dir='ltr'><strong>τὸν</strong></span> <span class='ocrx_word' id='word_1_940' title='bbox 2215 5517 2305 5569; x_wconf 75' lang='grc' dir='ltr'><strong>ἐπὶ</strong></span> <span class='ocrx_word' id='word_1_941' title='bbox 2323 5515 2421 5569; x_wconf 89' lang='grc' dir='ltr'><strong>τοῦ</strong></span> <span class='ocrx_word' id='word_1_942' title='bbox 2447 5514 2640 5568; x_wconf 86' lang='grc' dir='ltr'>Ἰακὼϐ</span> <span class='ocrx_word' id='word_1_943' title='bbox 2660 5513 2862 5583; x_wconf 89' lang='grc' dir='ltr'>Κύριον</span> <span class='ocrx_word' id='word_1_944' title='bbox 2887 5514 2982 5565; x_wconf 82' lang='grc' dir='ltr'><strong>καὶ</strong></span> <span class='ocrx_word' id='word_1_945' title='bbox 3007 5511 3139 5564; x_wconf 88' lang='grc' dir='ltr'>Θεὸν</span> <span class='ocrx_word' id='word_1_946' title='bbox 3161 5511 3683 5581; x_wconf 84' lang='grc' dir='ltr'>προωνομασμένον.</span> 
     </span>
    </p>
   </div>
   <div class='ocr_carea' id='block_1_119' title="bbox 2089 5731 3618 5812">
    <p class='ocr_par' dir='ltr' id='par_1_119' title="bbox 2089 5731 3618 5812">
     <span class='ocr_line' id='line_1_119' title="bbox 2089 5731 3618 5812; baseline -0.008 -14"><span class='ocrx_word' id='word_1_947' title='bbox 2089 5745 2133 5780; x_wconf 77' lang='grc'><strong>’⁵⁸</strong></span> <span class='ocrx_word' id='word_1_948' title='bbox 2171 5743 2338 5799; x_wconf 77' lang='lat' dir='ltr'><strong>Exod.</strong></span> <span class='ocrx_word' id='word_1_949' title='bbox 2379 5759 2460 5810; x_wconf 80' lang='lat' dir='ltr'><strong>in,</strong></span> <span class='ocrx_word' id='word_1_950' title='bbox 2492 5741 2547 5795; x_wconf 79' lang='grc'>2.</span> <span class='ocrx_word' id='word_1_951' title='bbox 2661 5737 2706 5770; x_wconf 78' lang='grc'><strong>⁸⁸</strong></span> <span class='ocrx_word' id='word_1_952' title='bbox 2732 5736 2902 5792; x_wconf 77' lang='lat' dir='ltr'><strong>Exod.</strong></span> <span class='ocrx_word' id='word_1_953' title='bbox 2935 5751 3046 5802; x_wconf 72' lang='lat' dir='ltr'><strong>xxv,</strong></span> <span class='ocrx_word' id='word_1_954' title='bbox 3080 5734 3166 5812; x_wconf 71' lang='lat' dir='ltr'><strong>l9.</strong></span> <span class='ocrx_word' id='word_1_955' title='bbox 3245 5734 3307 5811; x_wconf 83' lang='lat'><strong>_“</strong></span> <span class='ocrx_word' id='word_1_956' title='bbox 3344 5732 3480 5788; x_wconf 86' lang='lat' dir='ltr'><strong>ibid.</strong></span> <span class='ocrx_word' id='word_1_957' title='bbox 3525 5731 3618 5787; x_wconf 68' lang='grc'><strong>24.</strong></span> 
     </span>
    </p>
   </div>
  </div>
