3846 6218
124 330 226 387 ξιεςι

1029 330 1683 419 ΒΕΜΟΝΞΤΒξΤΙΟΝΙδ
1722 326 2178 384 EVANGELICA‘Z
2220 326 2351 380 LIB.
2395 324 2462 380 V.

3291 329 3396 384 590

69 534 72 535 ν
122 450 389 505 Λείπεταί
414 469 498 514 τις
541 451 650 520 ἄρα
687 451 762 504 ῶν
795 453 852 504 ὲν
884 453 996 514 τοῖς
1041 447 1160 505 οὖσι
1193 452 1324 515 Θεὸς
1373 452 1468 504 καὶ
1515 450 1712 521 Κύριος

1824 463 1894 501 rae
1925 447 2125 502 divinae
2157 446 2465 500 locutiones
2493 444 2551 498 in
2585 442 2961 514 superioribus
2989 443 3397 500 evidentissima

126 543 266 611 μετά
310 543 402 596 τὸν
439 543 786 612 παμϐασιλέα
830 545 924 596 καὶ
964 543 1095 596 Θεὸν
1127 544 1232 597 τῶν
1257 543 1420 596 ὅλων·
1448 542 1533 613 εἴη
1563 543 1606 594 δ’
1636 544 1700 594 ἂν

1824 540 2119 603 ιδιεηᾱιιηι,
2167 538 2260 591 ubi
2309 538 2560 608 angelum
2611 535 2708 592 Dei
2753 537 3023 607 appellant
3073 553 3220 605 eum,
3270 537 3367 608 qui

123 629 279 698 οὗτος
311 638 341 688 6
372 635 478 706 πρὸ
505 635 715 689 αἰώνων
742 637 837 690 τοῦ
866 637 999 690 Θεοῦ
1033 639 1224 705 Λόγος,
1264 639 1292 688 6
1321 635 1581 706 κρείττων
1609 634 1704 702 μὲν

122 725 154 794 ἢ
185 727 336 777 πᾶσα
363 723 627 796 ἀγγελικὴ
653 723 834 795 φύσις,
868 727 1038 796 μείων
1072 727 1128 779 δὲ
1157 725 1190 796 ἢ
1222 724 1363 778 κατά
1398 723 1459 777 τὸ
1493 722 1707 794 πρῶτον

125 835 327 871 αιτιον.

1812 647 1936 687 cum
1967 631 2033 686 de
2061 629 2231 684 Jacob
2265 644 2448 685 sermo
2476 635 2644 693 esset,
2693 627 2959 683 Dominus
3001 639 3055 684 et
3111 629 3258 686 Deus
3308 637 3396 685 est

1823 725 2163 779 nominatus.
2203 722 2466 792 Superest
2493 722 2659 792 igitur
2692 729 2751 776 ut
2780 738 3111 793 quaeramus,
3137 723 3392 792 quisnam

1826 818 1921 883 sit,
1958 819 2013 872 in
2047 818 2115 872 iis
2140 832 2259 887 qua:
2286 825 2431 880 sunt,
2469 814 2612 871 Deus
2655 826 2707 870 et
2744 814 3030 880 Dominus,
3076 821 3274 885 praeter
3298 828 3396 884 pa-

1826 919 1964 967 trem
1987 911 2252 973 omnium,
2277 917 2330 964 et
2353 925 2534 977 regem
2548 908 2828 978 Deumque
2845 910 3087 966 universi
3115 929 3130 965 :
3158 909 3265 966 erit
3289 923 3392 964 au-

120 1013 230 1058 tem
259 1006 350 1060 hic
384 1004 622 1062 Verbum
649 1005 746 1062 Dei
770 1007 918 1079 quod
944 1014 1028 1062 est
1065 1016 1194 1062 ante
1225 1007 1450 1071 saecula,
1477 1005 1739 1077 superior
1772 1009 1993 1079 quidem
2018 1007 2163 1062 omni
2188 1005 2432 1076 angelica
2461 1011 2677 1069 natura,
2706 1002 2987 1074 profectus
3029 1012 3209 1058 autem
3233 1002 3302 1058 ab
3327 1018 3395 1057 eo

119 1102 212 1171 qui
240 1111 397 1173 pater
432 1113 537 1162 est.

649 1176 1052 1228 ΚΕΦΑΛΑΙΟΝ
1089 1176 1189 1229 ΙΒ’.

131 1262 229 1330 Ὠς
254 1260 428 1330 αὖθις
457 1267 555 1320 ἐπὶ
598 1268 704 1321 τοῦ
733 1267 930 1321 Ἰακὼϐ
950 1267 1227 1335 δεύτερον
1269 1266 1418 1321 Θεὸν
1447 1269 1655 1335 σαφῶς
1684 1267 1717 1319 ὁ

613 1340 794 1406 λόγος
819 1340 1215 1405 παρίστησιν.

192 1445 212 1477 ι
237 1421 375 1480 Εἷπε
404 1427 459 1480 δὲ
494 1429 522 1480 6
545 1428 676 1492 Θεὸς
708 1429 920 1483 Ἰακὼ6’
955 1429 1224 1491 Ἀναστὰς
1251 1426 1484 1499 ἀνάϐηθι
1522 1428 1603 1488 είς
1626 1425 1716 1477 τὸν

115 1518 284 1571 τόπον
323 1519 550 1589 Βαιθὴλ,
584 1523 678 1574 καὶ
707 1522 845 1576 οἴκει
879 1524 1012 1586 ἐκεῖ,
1047 1523 1141 1576 καὶ
1173 1520 1398 1590 ποίησον
1422 1519 1716 1589 θυσιαστή-

121 1623 235 1676 ριον
263 1606 344 1677 τῷ
380 1609 524 1678 Θεῷ,
544 1609 632 1680 ’τῷ
658 1609 876 1679 ὀφθέντι
909 1628 990 1664 σοι
1023 1612 1080 1663 έν
1107 1609 1186 1680 τῷ
1212 1608 1628 1680 ἀποδιδράσκειν
1661 1623 1721 1659 σε

116 1698 225 1752 ἀπὸ
286 1700 580 1771 προσώπου
663 1698 837 1757 Ἡσαῦ
897 1699 993 1757 τοῦ
1041 1701 1266 1770 ἀδελφοῦ
1320 1719 1433 1755 σου.
1468 1697 1623 1753 ,Εἶπε
1661 1699 1720 1752 δὲ

2412 1180 2642 1237 CAPUT
2681 1179 2798 1235 XII.

1825 1277 1977 1346 Quod
2017 1293 2201 1331 rursus
2246 1275 2304 1329 in
2350 1272 2519 1327 Jacob
2573 1274 2803 1346 genitum
2843 1271 3041 1339 Deum,
3088 1275 3244 1342 plane
3277 1278 3393 1346 ipsa

2334 1346 2504 1398 oratio
2532 1359 2642 1412 pra:
2677 1361 2733 1397 se
2767 1344 2889 1412 fert.

1897 1453 1919 1485 ι
1957 1432 2102 1488 Dixit
2133 1439 2316 1488 autem
2338 1430 2484 1487 Deus
2514 1432 2582 1485 ad
2613 1429 2782 1486 Jacob
2819 1451 2832 1485 :
2867 1431 3040 1504 Surge
3070 1441 3125 1489 et
3157 1436 3395 1492 ascende

1820 1526 1876 1580 in
1904 1526 2083 1604 locum
2112 1523 2320 1590 Bethel,
2352 1531 2406 1580 et
2445 1524 2630 1578 habita
2658 1523 2793 1589 illic,
2838 1524 3008 1579 et'fac
3069 1527 3240 1582 altare
3287 1527 3398 1582 Deo

1821 1617 1916 1687 qui
1944 1617 2044 1670 tibi
2075 1617 2349 1686 apparuit,
2375 1630 2500 1670 cum
2540 1615 2758 1686 fugeres
2783 1629 2814 1669 a
2856 1614 2993 1669 facie
3035 1615 3178 1670 Esau
3208 1616 3398 1675 fratris
3441 1678 3447 1686 ,

1821 1707 1920 1762 tui.
1957 1707 2025 1760 Et
2051 1707 2191 1761 dixit
2214 1705 2384 1760 Jacob
2408 1705 2596 1760 domui
2626 1721 2758 1767 suae,
2789 1705 3114 1760 etomnibus
3145 1708 3238 1777 qui
3267 1723 3395 1763 cum

132 1789 332 1844 Ἰακὼϐ
385 1791 463 1862 τῷ
510 1793 645 1864 οἴκῳ
693 1794 861 1848 αὑτοῦ
909 1795 1006 1847 καὶ
1049 1795 1182 1847 πᾶσι
1214 1795 1328 1856 τοῖς
1363 1792 1482 1863 μεθ’
1513 1791 1712 1844 αὐτοῦ’

1824 1798 1940 1869 ipso
1967 1806 2126 1853 erant
2158 1817 2172 1853 :
2198 1797 2396 1852 Tollite
2419 1796 2552 1852 deos
2593 1796 2802 1851 alienos
2825 1796 2892 1850 de
2915 1797 3091 1851 medio
3120 1800 3310 1865 vestri,
3341 1807 3400 1855 et

120 1886 330 1955 Ἀρατε
360 1886 498 1949 ἶτοὺς
531 1886 687 1951 θεοὺς
730 1889 855 1951 τοὺς
890 1887 1200 1958 ἀλλοτρίους
1244 1886 1310 1938 ὲκ
1343 1885 1505 1954 μέσου
1537 1883 1711 1955 ὑμῶν,

114 1974 210 2026 καὶ
239 1971 639 2045 καθαρίσασθε,
671 1976 763 2029 καὶ
793 1975 1057 2042 ἀλλάξατε
1082 1974 1181 2037 τὰς
1205 1974 1398 2037 στολὰς
1421 1973 1450 2025 ὑ
1460 1971 1596 2044 μῶν,
1617 1973 1714 2024 καὶ

111 2067 454 2130 ἀναστάντες
499 2067 788 2140 ἀναδῶμεν
834 2071 915 2132 εἰς
963 2066 1546 2139 Βαιθήλ·ποιήσωμεν
1597 2067 1714 2117 ἐκεῖ

114 2159 510 2232 θυσιαστήριον
541 2160 618 2231 τῷ
645 2161 856 2233 Κυρίῳ,
887 2158 1252 2213 ὲπακούσαντί
1296 2176 1397 2230 μου
1444 2160 1502 2211 ἐν
1533 2157 1716 2229 ἡμέρᾳ

116 2253 385 2323 θλίψεως,
413 2253 473 2316 ὃς
502 2249 570 2325 ἧν
609 2256 726 2325 μετ’
757 2253 910 2324 ἐμοῦ,
947 2253 1040 2306 καὶ
1069 2251 1242 2305 ἔσωσέ
1275 2269 1340 2322 με
1369 2253 1425 2302 ὲν
1451 2253 1516 2321 τῇ
1542 2249 1648 2320 6δῴ

121 2345 460 2416 ἐπορεύθην.
488 2365 508 2396 ι
528 2344 791 2398 Ἐνταῦθα
813 2347 841 2398 6
869 2342 1001 2408 Θεὸς
1025 2343 1187 2406 αὐτὸς
1213 2343 1241 2396 6
1263 2341 1372 2396 τῶν
1396 2341 1552 2405 ὅλων,
1575 2342 1602 2394 6
1629 2340 1716 2410 μό-

115 2454 211 2500 νος
230 2437 536 2506 ἀγέννητος
570 2437 664 2490 καὶ
693 2437 954 2490 ἀνωτάτω
986 2436 1223 2500 πάντων,
1241 2436 1340 2487 οὐκ
1359 2433 1563 2506 ὀφθεὶς,
1580 2431 1717 2487 ἀλλά

110 2531 226 2600 γὰρ
261 2529 514 2600 ἀοράτως
548 2529 894 2600 χρηματίσας
917 2527 996 2600 τῷ
1028 2527 1243 2593 Ἰακὼϐ,
1277 2527 1504 2598 δυνάμει
1531 2542 1591 2578 τε
1625 2525 1716 2596 ἀρ-

115 2623 271 2694 ρήτῳ
300 2621 466 2675 αὑτὸν
493 2623 845 2693 ἀνακινήσας,
881 2621 1012 2693 περὶ
1044 2621 1233 2692 ἐτέρου
1266 2619 1452 2689 σαφῶς
1482 2619 1714 2670 ποιεῖται

108 2715 210 2766 τὸν
241 2713 428 2782 λόγον.
457 2710 593 2766 Εἷπε
616 2712 746 2782 γοῦν
771 2715 800 2766 6
829 2712 962 2777 Θεὸς
990 2711 1139 2782 αὐτῷ
1159 2729 1172 2742 ·
1211 2729 1230 2762 ‹
1262 2711 1494 2781 Ποίησον
1528 2708 1716 2762 θυσια-

109 2807 344 2878 στήριον
481 2804 599 2874 Θεῷ
625 2804 704 2876 τῷ
729 2804 946 2873 ὀφθέντι
983 2821 1087 2858 σοι.
1114 2803 1237 2866 »Τίς
1256 2803 1300 2856 δ’
1320 2799 1387 2875 ἦν
1411 2805 1439 2855 6
1469 2817 1715 2871 προγραη

109 2895 241 2961 φεὶς
294 2887 476 2962 ὦφθαι
526 2893 697 2964 αὐτῷ,
732 2893 935 2965 ἀρτίως
968 2893 1414 2964 παρεστήσαμεν,
1453 2890 1544 2943 τὸν
1582 2889 1714 2942 Θεὸν

113 2986 294 3053 Λόγον
320 2980 463 3038 εἶναι
485 2985 895 3048 ἀποδείξαντες.

655 3097 1052 3153 ΚΕΦΑΛΑῘΟΝ
1077 3096 1176 3150 1Γ’.

128 3215 266 3269 Ἀπὸ
287 3213 402 3281 τῆς
447 3213 712 3278 Ἐξόδου.
738 3243 809 3256 ——
845 3213 938 3277 Ὠς
963 3208 1126 3281 ὀίὲπὶ
1146 3207 1389 3281 πάνςτων
1413 3207 1713 3281 8869.96-

190 3285 298 3352 τὸς
336 3273 423 3337 ὧν
455 3288 487 3338 ό
525 3273 599 3336 δι’
647 3273 928 3352 ἀγγέλου⁷
952 3280 1034 3345 τῷ
1077 3273 1710 3352 Μωᾳιξζχρηματίζιρνρ

189 3345 387 3424 ὦφθαι
433 3353 555 3418 τοῖς
584 3345 910 3424 γπαέῥάσιν,
948 3349 1147 3405 οὐκέτι
1182 3347 1255 3401 δι’
1282 3345 1560 3418 ἀγγέλου,
1616 3345 1715 3400 διὰ

190 3423 263 3479 δὲ
285 3424 398 3479 τοῦ
418 3424 554 3478 Υίοῦ
568 3423 861 3478 διδάσκει.

196 3559 214 3587 ι
241 3539 356 3592 Καὶ
381 3537 588 3607 Μωσῆς
621 3531 688 3606 ἦν
710 3533 1012 3605 ποιμαίνων
1043 3531 1113 3586 τά
1134 3527 1601 3601 πρόϐαταἸωθὼρ
1618 3527 1712 3581 τοῦ

111 3631 377 3703 γαμϐροῦ
408 3629 572 3683 αὐτοῦ
592 3646 606 3660 ο
643 3629 736 3682 καὶ
783 3623 946 3700 ἦλθεν
971 3628 1050 3689 είς
1074 3625 1134 3678 τὸ
1157 3623 1283 3695 ὅρος
1305 3622 1367 3675 τὸ
1397 3623 1455 3674 ὲν
1486 3619 1711 3691 Χωρήϐ.

111 3725 306 3794 Ὠφθη
334 3724 393 3776 δὲ
427 3721 574 3792 αὐτῷ
621 3719 853 3789 ἄγγελος
890 3717 1098 3789 Κυρίου
1125 3717 1182 3769 ὲν
1206 3713 1339 3786 πυρὶ
1374 3712 1571 3783 φλογὸς
1618 3711 1716 3782 βά-

107 3836 240 3871 του.
284 3835 304 3868 ι
345 3815 456 3869 Καὶ
487 3813 606 3885 μεθ’
638 3814 832 3882 ἕτερα*
876 3829 896 3863 ‹
933 3810 1020 3871 Ὡς
1051 3808 1107 3861 δὲ
1149 3802 1308 3872 εἶδεν,
1336 3807 1418 3860 ὅτι
1452 3805 1716 3876 προσάγει

111 3909 278 3972 ἰδεῖν,
330 3906 590 3960 ἐκάλεσεν
643 3904 802 3980 αὐτὸν
838 3904 903 3956 ὲκ
955 3900 1119 3972 μέσου
1172 3897 1274 3966 τῆς
1306 3897 1467 3967 βάτου
1505 3895 1678 3963 λέγων
1698 3911 1712 3924 ·

109 4001 324 4069 Μωησῆ,
365 3998 561 4070 Μωσῆ,
599 3996 673 4068 μὴ
717 3994 943 4066 ὲγγίσῃς
992 3984 1114 4045 ὧδε.
1147 3987 1322 4042 Λῦσαι
1352 3988 1414 4040 τὸ
1465 3985 1716 4057 ὑπόδημα

109 4090 306 4143 τωδῶν
357 4106 481 4142 σου·
508 4091 538 4143 6
571 4087 680 4159 γάρ
707 4087 870 4148 τόπος
895 4087 953 4138 ὲν
985 4075 1030 4150 ᾧ
1060 4083 1124 4135 σὺ
1158 4071 1431 4151 ἓστηκαςξ
1465 4080 1536 4149 γῆ
1587 4078 1717 4146 ἀγία

107 4182 268 4236 ἐστί.
309 4201 330 4232 ι
359 4181 469 4234 Καὶ
498 4182 614 4250 μετ’
643 4179 800 4247 ὀλίγα
823 4194 837 4208 ο
873 4195 892 4229 ι
926 4177 1038 4229 Καὶ
1066 4170 1186 4228 εἷπε
1220 4171 1423 4243 Κύριος
1449 4169 1584 4242 πρὸς
1617 4171 1716 4223 αὺ-

105 4273 252 4326 τόν·
311 4269 458 4338 Ἐγώ
505 4271 620 4340 είμι
662 4270 690 4322 6
765 4265 861 4320 ὢν.
911 4284 930 4317 ι
981 4265 1093 4318 Καὶ
1146 4258 1338 4324 αὖθις
1385 4279 1405 4311 ‹
1458 4259 1716 4328 Ἐλάλησε

106 4364 338 4435 Κύριος
387 4360 525 4428 πρὸς
560 4357 790 4428 Μωσῆν,
836 4356 932 4411 καὶ
979 4351 1098 4408 εἷπε
1149 4354 1286 4424 πρὸς
1325 4351 1517 4404 αὐτόν’
1579 4348 1718 4417 Ἐγὼ

106 4456 339 4528 Κύριος
362 4451 549 4521 ὤφθην
569 4450 707 4521 πρὸς
737 4446 1008 4520 Ἀϐραὰμ,
1034 4445 1128 4499 καὶ
1153 4444 1356 4506 Ἰσαάκ,
1386 4442 1478 4496 καὶ
1506 4440 1715 4505 Ἰακὼὸ,
1747 4487 1793 4542 D

106 4551 261 4610 Θεὸς
282 4546 364 4598 ῶν
385 4543 582 4608 αὐτῶν,
607 4543 700 4595 καὶ
721 4540 784 4594 τὸ
806 4539 978 4610 ὄνομά
998 4555 1100 4610 μου
1122 4537 1221 4590 οὐκ
1240 4535 1486 4606 ἐδήλωσα
1514 4534 1715 4596 αὐτοῖς,

106 4641 216 4694 καὶ
245 4639 458 4707 ἕστησα
487 4635 584 4704 τὴν
617 4632 881 4703 διαθήκην
918 4648 1020 4702 μου
1055 4629 1192 4699 πρὸς
1213 4625 1427 4689 αὐτούς.
1462 4643 1480 4676 ι
1514 4624 1722 4693 Ὥσπερ

103 4733 213 4785 ἐπὶ
243 4729 362 4781 τῶν
395 4730 454 4780 ὲν
485 4723 793 4796 ἀνθρώποις
834 4720 1150 4795 προφητῶν,
1190 4718 1434 4780 Ἡσαΐου,
1479 4717 1610 4787 φέρε
1646 4717 1723 4768 εί-

105 4827 271 4886 πεῖν,
302 4820 402 4873 καὶ
459 4817 744 4888 Ἱερεμίου,
784 4816 879 4868 καὶ
915 4814 1024 4867 τῶν
1056 4810 1480 4884 παραπλησίων,
1516 4807 1722 4878 ἀνθρω-

106 4933 223 4979 πος
264 4913 373 4983 μὲν
405 4907 472 4980 ἦν
502 4910 564 4962 τὸ
613 4906 912 4980 ὁρώμενον,
946 4905 1077 4967 Θεὸς
1118 4904 1174 4956 δὲ
1218 4905 1246 4956 6
1281 4901 1370 4955 διὰ
1406 4899 1500 4952 τοῦ
1533 4916 1718 4968 φαινο-

108 5006 319 5078 μένου,
368 5001 515 5053 ὠσάν
569 4999 635 5052 δι’
682 4997 914 5070 ὀργάνου
977 4993 1283 5058 θεσπίζων
1325 4991 1420 5044 καὶ
1458 4989 1578 5042 τοτὲ
1619 4989 1717 5060 μὲν

105 5094 374 5169 Χριστοῦ
437 5091 760 5162 πρόσωπον,
833 5088 956 5142 τοτὲ
1019 5087 1077 5140 δὲ
1137 5084 1454 5154 Πνεύματος
1524 5081 1714 5150 ἁγίου,

105 5189 246 5244 τοτὲ
293 5187 354 5239 δὲ
402 5183 494 5238 τοῦ
552 5183 646 5237 ἐπὶ
705 5181 921 5235 πάντων
975 5176 1111 5232 Θεοῦ
1163 5172 1397 5247 ἦν,,διά
1452 5171 1545 5226 τοῦ
1587 5189 1719 5244 προ-

106 5283 302 5352 φήτου
355 5273 727 5347 χρηματίζονο
792 5273 933 5326 οὕτω
995 5269 1059 5342 δὴ
1097 5268 1191 5322 καὶ
1237 5266 1330 5320 νῦν
1375 5262 1717 5334 εἰσαγομένῳ

103 5374 193 5444 τῷ
242 5369 445 5425 Μωσεῖ
485 5371 514 5421 6
573 5365 833 5420 ἀνωτάτω
894 5363 990 5418 καὶ
1045 5361 1139 5415 ἐπὶ
1191 5360 1408 5414 πάντων
1448 5355 1582 5418 Θεὸς
1630 5353 1719 5408 διὰ

103 5464 210 5517 τοῦ
281 5459 546 5530 φανέντος
601 5459 836 5527 ἀγγέλου
903 5456 972 5510 τά
1035 5452 1373 5526 προκείμενα
1437 5445 1715 5511 θεσπίζει·

107 5552 192 5609 ὧν
242 5553 465 5621 γένοιτο
491 5550 576 5624 ,ἂν
605 5552 634 5602 6
678 5548 802 5612 νοῦς
843 5547 1080 5601 τοιόσδεο
1128 5543 1219 5596 Σοὶ
1256 5541 1374 5611 μὲν,
1409 5532 1454 5591 ὧ
1507 5537 1721 5611 προφῆ-

104 5667 203 5709 τα,
263 5644 422 5697 ὠσάν
478 5642 813 5711 εἰσαγομένῳ
855 5641 945 5694 καὶ
997 5637 1158 5709 μηδὲν
1201 5631 1365 5686 πλέον
1421 5627 1719 5699 ἀγγελικῆς

219 5769 272 5801 ⁶²
302 5765 447 5821 Gen.
489 5772 654 5828 x'xxv,
682 5762 796 5817 1-3.
897 5761 940 5792 ⁸³
971 5759 1139 5814 Eimd.
1173 5773 1256 5822 ιιι,
1289 5755 1340 5808 1.

1733 3149 1780 3207 C

1432 5752 1478 5784 “
1515 5750 1648 5807 ibid.
1680 5748 1734 5813 4,
1761 5748 1815 5804 5.
1895 5749 1938 5780 ⁸⁵
1970 5745 2102 5802 ibid.
2135 5745 2220 5800 14.

1820 1890 2149 1962 purgamini,
2181 1897 2235 1944 et
2256 1897 2463 1943 mutate
2485 1888 2703 1942 habitus
2733 1896 2967 1952 vestros,
2991 1896 3046 1942 et
3075 1904 3392 1960 surgamus,

1821 1983 2294 2051 ascendamusque
2326 1981 2382 2035 in
2409 1979 2603 2034 Bethel
2639 1999 2652 2034 :
2688 1987 2743 2034 et
2769 1978 3033 2036 faciamus
3073 1981 3238 2052 239
3283 1983 3397 2037 illic

1821 2076 1992 2130 altare
2023 2074 2276 2137 Domino,
2307 2073 2402 2144 qui
2433 2071 2712 2126 exaudivit
2745 2086 2833 2126 me
2860 2070 2915 2124 in
2959 2071 3046 2126 die
3087 2073 3400 2128 tribulatio-

1821 2168 1929 2232 nis,
1953 2167 2048 2237 qui
2076 2166 2179 2221 l‘uit
2207 2180 2444 2228 mecum,
2470 2172 2525 2218 et
2555 2163 2793 2219 servavit
2818 2178 2925 2226 me,
2957 2163 3012 2217 in
3039 2164 3124 2217 via
3147 2180 3255 2234 qua
3280 2180 3403 2235 pro-

1821 2259 1996 2314 fectus
2026 2274 2146 2314 sum
2173 2258 2239 2312 ⁶².
2281 2276 2300 2310 ι
2332 2256 2447 2311 Hoc
2479 2256 2602 2310 loco
2655 2253 2802 2310 Deus
2848 2255 2965 2325 ipse
3009 2256 3272 2323 universi,
3302 2257 3398 2327 qui

1823 2352 1994 2412 solus.
2032 2366 2208 2421 neque
2239 2349 2440 2414 factus,
2488 2364 2665 2420 neque
2696 2349 2934 2418 genitus,
2993 2355 3046 2403 et
3106 2363 3402 2419 supremus

1821 2439 2068 2498 omnium
2103 2453 2206 2507 est,
2249 2457 2360 2497 non
2388 2443 2562 2506 visus,
2614 2441 2710 2498 sed
2748 2441 3104 2496 invisibiliter
3136 2441 3276 2495 dans
3309 2455 3400 2496 re-

1821 2551 2022 2606 sponsa
2051 2536 2155 2605 ipsi
2172 2533 2371 2597 Jacob,
2404 2542 2459 2589 et
2489 2535 2694 2589 virtute
2721 2532 2980 2587 ineﬂ‘abili
3010 2533 3250 2602 seipsum
3277 2548 3401 2588 mo-

1820 2643 1974 2694 vens,
2002 2628 2068 2682 de
2106 2627 2214 2681 alio
2251 2627 2414 2681 verba
2446 2625 2578 2681 facit
2607 2627 2946 2695 planissime.
2985 2624 3129 2679 Dixit
3157 2641 3288 2695 ergo
3316 2625 3397 2680 illi

1820 2721 1965 2776 Deus
1997 2739 2011 2775 :
2057 2738 2077 2772 ‹
2113 2718 2224 2775 Fac
2258 2721 2431 2775 altare
2461 2718 2574 2775 Deo
2615 2719 2708 2789 qui
2738 2719 2995 2790 apparuit
3021 2719 3138 2772 tibi.
3199 2738 3218 2770 ι
3263 2718 3402 2784 Quis

1821 2821 2003 2868 autem
2037 2811 2127 2867 hic
2157 2812 2250 2876 sit,
2279 2813 2371 2882 qui
2399 2812 2640 2880 scriptus
2669 2820 2753 2865 est
2790 2826 2958 2880 supra
3002 2810 3079 2864 illi
3113 2810 3400 2879 apparuis-

1822 2918 1902 2966 se,
1931 2902 2094 2972 paulo
2126 2911 2255 2956 ante
2279 2901 2658 2972 exposuimus,
2691 2900 2785 2955 ubi
2810 2898 2979 2954 Deum
3006 2896 3245 2952 Verbum
3275 2911 3402 2953 esse

1820 2994 2342 3050 demonstravimus.

2402 3082 2632 3137 CAPUT
2669 3079 2810 3137 XIII.

1812 3197 1892 3253 Ab
1932 3197 2139 3252 Exodo.
2172 3230 2242 3238 -—
2270 3197 2421 3263 Quod
2473 3198 2611 3250 Deus
2646 3195 2829 3259 Pater,
2861 3211 2977 3248 cum
3015 3192 3152 3248 Mosi
3185 3209 3402 3263 respon-

1883 3268 2018 3322 derit
2065 3285 2155 3338 per
2201 3268 2440 3337 angelum
2505 3284 2558 3320 se
2629 3267 2891 3338 patrib_us_
2919 3266 3256 3338 apparuisse,
3294 3281 3404 3320 non

1883 3333 2110 3408 amplius
2143 3355 2235 3408 per
2263 3333 2523 3410 angelum,
2549 3333 2638 3391 sed
2660 3352 2751 3404 per
2778 3333 2980 3389 Filium
3000 3336 3167 3391 docet.

1890 3536 1911 3570 ι
1955 3517 2024 3572 Ει
2051 3516 2231 3574 Moses
2256 3525 2375 3572 erat
2404 3531 2637 3588 pascens
2663 3529 2793 3570 oves
2817 3513 3010 3570 Jotbor
3051 3513 3223 3568 soceri
3265 3511 3353 3568 sui
3378 3530 3400 3568 :

1813 3616 1869 3666 et
1896 3609 2045 3665 venit
2067 3610 2134 3664 ad
2172 3617 2411 3664 montem
2443 3606 2537 3662 Dei
2579 3607 2634 3662 in
2672 3605 2906 3662 Choreb.
2938 3604 3005 3658 Et
3064 3605 3314 3674 apparuit
3347 3602 3406 3658 ei

1816 3703 2042 3774 angelus
2070 3701 2285 3756 Domini
2315 3700 2370 3754 in
2414 3697 2634 3753 ﬂamma
2664 3696 2808 3767 ignis
2856 3695 2980 3750 rubi
3009 3693 3075 3747 ⁸³.
3122 3713 3141 3746 ι
3177 3693 3243 3747 Et
3274 3700 3407 3764 post

1816 3795 1961 3850 alia:
2000 3812 2018 3844 ε
2058 3791 2126 3846 Ει
2155 3801 2213 3847 ιιι
2257 3791 2394 3845 vidit
2441 3789 2586 3861 quod
2618 3788 2901 3844 accederet
2947 3786 3017 3840 ad
3065 3784 3352 3840 videndum
3379 3823 3400 3848 ,

1815 3886 2030 3942 vocavit
2064 3885 2218 3939 illum
2249 3882 2318 3937 de
2352 3881 2531 3937 medio
2578 3879 2702 3934 rubi
2757 3877 2952 3933 dicens
2983 3895 2999 3932 :
3032 3875 3216 3931 Moses
3236 3913 3250 3938 ,
3283 3873 3404 3928 Mo-

1816 3995 1940 4042 ses,
1991 3992 2061 4032 ne
2093 3974 2320 4047 propius
2368 3973 2481 4029 huc
2511 3971 2830 4028 accesseris.
2866 3968 3027 4024 Solve
3059 3969 3400 4024 calceamen-

1815 4076 1930 4122 tum
1961 4065 2158 4137 pedum
2191 4071 2411 4118 tuorum
2444 4082 2458 4117 :
2497 4062 2651 4118 locus
2678 4060 2822 4117 enim
2848 4059 2904 4113 in
2935 4073 3044 4129 quo
3070 4067 3207 4122 stas,
3251 4063 3399 4110 terra

1818 4163 2008 4213 sancta
2037 4162 2122 4211 est
2144 4152 2318 4207 “.tEt
2345 4159 2470 4223 post
2501 4166 2696 4223 pauca,
2733 4169 2752 4203 ι
2789 4159 2844 4205 et
2875 4149 3013 4204 dixit
3040 4148 3303 4204 Dominus
3328 4147 3403 4200 ad

1817 4247 1970 4301 illum
1998 4265 2011 4300 :
2068 4245 2182 4315 Ego
2239 4259 2360 4299 sum
2389 4244 2624 4314 quisum
2644 4243 2710 4297 ⁸⁸.
2743 4240 2846 4295 ιΕι
2873 4256 3068 4297 rursus
3090 4241 3135 4272 “
3167 4258 3182 4294 :
3229 4258 3248 4290 ι
3287 4236 3396 4292 Lo-

1818 4347 1978 4393 cutus
2006 4346 2089 4392 est
2117 4335 2378 4391 Dominus
2412 4334 2481 4389 ad
2525 4333 2728 4389 Mosem
2763 4353 2776 4387 :
2807 4331 2873 4386 Et
2915 4333 3054 4387 dixit
3100 4331 3170 4386 ad
3202 4331 3353 4386 illum
3381 4349 3398 4384 :

1820 4430 1934 4501 Ego
1961 4429 2226 4485 Dominus
2255 4428 2408 4483 visus
2457 4441 2580 4482 sum
2629 4425 2698 4480 ab
2726 4423 3026 4489 Abraham,
3061 4430 3116 4479 et
3141 4423 3311 4486 Isaac,
3343 4429 3401 4476 et

1819 4522 2010 4587 Jacob,
2041 4537 2164 4577 cum
2199 4535 2390 4576 eorum
2427 4519 2531 4574 sim
2568 4517 2733 4584 Deus,
2761 4525 2816 4572 et
2845 4531 3046 4572 nomen
3069 4530 3250 4570 meum
3285 4529 3402 4570 non

1821 4614 2057 4670 iudicavi
2125 4613 2255 4679 illis,
2318 4618 2372 4688 et
2415 4609 2676 4665 constitui
2703 4615 3090 4663 testamentum
3115 4621 3300 4661 meum
3329 4605 3396 4658 ad

1820 4708 1963 4762 illos.
1997 4725 2016 4758 ι
2039 4701 2511 4771 Quemadmodum
2535 4700 2679 4770 apud
2700 4699 2993 4770 pr0phetas
3009 4699 3066 4752 in
3082 4697 3399 4752 hominibus

1819 4806 2126 4861 versantes,
2150 4795 2301 4851 verbi
2335 4793 2533 4864 gratia,
2586 4791 2780 4846 Isaiam
2819 4795 2874 4844 et
2897 4786 3215 4852 Jeremiam,
3245 4796 3301 4841 et
3320 4786 3399 4842 si-

1819 4890 1998 4954 miles,
2026 4890 2187 4942 homo
2208 4885 2430 4957 quidem
2469 4891 2609 4946 erat,
2639 4883 2693 4937 id
2725 4882 2874 4953 quod
2904 4880 3224 4943 videbatur,
3257 4878 3402 4934 Deus

1825 4991 2008 5036 autem
2039 4979 2132 5049 qui
2157 4993 2253 5048 per
2279 4977 2334 5031 id
2369 4976 2514 5045 quod
2545 4975 2862 5045 apparebat,
2891 4979 3150 5042 tanquam
3186 4985 3283 5040 per
3311 4970 3400 5024 in-

1822 5077 2189 5130 strumentum
2220 5068 2546 5138 loquebatur
2575 5084 2589 5133 ;
2622 5074 2676 5120 et
2711 5063 2873 5119 modo
2903 5062 3110 5118 Christi
3142 5076 3396 5131 persona,
3438 5100 3442 5106 .

1821 5164 1986 5220 modo
2015 5159 2192 5220 sancti
2221 5158 2479 5231 Spiritus,
2513 5156 2676 5212 modo
2711 5154 2952 5232 supremi
2981 5152 3078 5208 Dei
3101 5159 3240 5218 erat,
3279 5167 3403 5222 quae

1748 5272 1750 5274 ν
1820 5269 1918 5326 per
1947 5252 2271 5324 prophetam
2303 5263 2566 5320 reSponsa
2621 5246 2821 5313 dabat;
2874 5245 2956 5308 sic
2998 5244 3187 5314 utique
3227 5244 3400 5306 etiam

1822 5361 1970 5402 nunc
2001 5345 2158 5407 Mosi,
2191 5343 2284 5414 qui
2333 5339 2738 5404 introducitur,
2788 5352 3079 5408 supremus
3129 5343 3182 5392 et
3213 5335 3399 5390 omnia

1824 5439 1928 5495 sub
1959 5453 2020 5494 se
2047 5437 2254 5492 habens
2284 5432 2450 5499 Deus,
2472 5448 2570 5503 per
2594 5446 2718 5486 eum
2748 5430 2842 5500 qui
2873 5436 3096 5500 apparet
3121 5428 3398 5498 angelum,

1822 5546 1888 5586 ea
1955 5545 2077 5602 quae
2139 5527 2418 5598 proposita
2482 5532 2658 5587 sunt,
2730 5520 2898 5576 canit.
2976 5518 3217 5586 Quorum
3283 5516 3401 5571 haec

1826 5624 1988 5696 2&0
2014 5622 2284 5678 sententia
2319 5619 2390 5676 sit
2423 5632 2555 5674 sane
2581 5637 2593 5671 :
2626 5615 2747 5671 Tibi
2779 5612 3021 5684 quidem,
3050 5626 3083 5666 ο
3113 5609 3401 5682 propheta,

2298 5744 2342 5775 ⁶⁶
2374 5740 2547 5796 Exod.
2585 5755 2660 5806 vr,
2695 5737 2812 5790 2-4.
