3846 6218
450 363 550 421 591

1111 363 1378 423 EUSEBII
1417 365 1895 423 CAESARIENSIS
1935 363 2085 421 OPP.
2129 362 2309 422 PARS
2346 364 2410 421 ii.
2452 397 2520 406 —
2555 364 3054 423 APOLOGETICA.

3600 353 3727 428 σει-ι’

449 490 708 552 tanquam
737 467 786 536 ei
807 479 902 552 qui
929 481 1107 538 adhuc
1133 483 1400 549 eruditur,
1435 493 1488 540 et
1516 485 1608 554 qui
1643 485 1780 539 nihil
1808 483 2009 541 visione

2123 484 2387 548 ὀπτασίας
2430 483 2719 556 χωροῦντι,
2758 484 2896 547 τέως
2942 484 3034 537 τὸν
3082 483 3213 555 ὲμὸν
3266 485 3498 554 ἄγγελον
3552 486 3707 543 ἐϐου-

449 573 695 645 angelica
721 574 956 645 amplius
978 575 1142 646 capit,
1173 577 1392 631 interim
1426 579 1680 648 angelum
1719 593 1900 633 meum
1932 595 2028 634 ex-

451 668 628 724 hiberi
654 669 946 724 videndum
965 669 1148 738 volui;
1181 671 1276 726 sed
1300 687 1477 726 meum
1503 688 1700 728 nomen
1724 673 1822 727 tibi
1850 674 2028 729 solum

448 767 639 814 notum
667 759 830 825 facio,
860 759 988 815 dum
1017 760 1186 816 doceo
1218 772 1289 826 te,
1315 778 1400 817 me
1426 779 1550 818 eum
1582 778 1704 819 esse
1731 765 1824 834 qui
1864 780 1985 820 sum
2007 806 2022 831 ,

446 862 501 908 et
529 869 727 909 nomen
759 869 938 908 meum
970 870 1091 910 esse
1141 854 1453 912 Dominum.
1505 856 1637 912 Tuis
1675 875 1806 914 vero
1855 859 2027 928 patri-

446 943 550 998 bus
583 960 693 998 non
723 944 828 1000 hoc
858 945 1035 1000 solum
1069 945 1343 1014 indicavi,
1395 947 1491 1004 sed
1538 949 1702 1004 etiam
1756 949 1862 1006 hoc
1903 953 2025 1021 ipso

444 1035 680 1105 amplius
709 1037 937 1106 largitus
967 1053 1086 1092 sum
1113 1058 1124 1092 :
1156 1053 1282 1093 nam
1313 1041 1382 1095 ab
1410 1041 1520 1097 illis
1541 1057 1662 1097 sum
1684 1043 1857 1098 visus.
1887 1043 2022 1110 Quis

444 1143 572 1184 vero
600 1129 673 1184 sit
701 1130 794 1200 qui
821 1129 1070 1199 patribus
1100 1131 1253 1187 visus
1296 1131 1402 1196 sit,
1445 1139 1500 1188 et
1538 1135 1682 1204 quod
1726 1149 1836 1192 non
1866 1145 2022 1206 pater

441 1219 609 1286 Deus,
636 1227 793 1276 antea
831 1222 1264 1277 demonstratum
1295 1232 1400 1290 est,
1430 1225 1522 1279 ubi
1558 1224 1727 1282 Deum
1756 1238 1810 1282 et
1843 1225 2022 1283 Domi-

441 1331 572 1368 num
603 1314 854 1385 angelum
880 1313 973 1369 Dei
999 1317 1337 1370 nominatum
1359 1331 1480 1372 esse
1501 1317 2015 1376 demonstravimus.

439 1406 728 1470 (laterum,
755 1421 992 1476 quonam
1016 1407 1177 1462 modo
1197 1408 1308 1474 hic,
1331 1409 1421 1463 ille
1445 1409 1539 1478 qui
1565 1418 1719 1479 pater
1746 1412 1818 1466 sit
1850 1410 2016 1479 Deus,

437 1508 492 1553 et
516 1499 697 1553 omnia
728 1498 831 1554 sub
861 1513 920 1554 se
946 1498 1164 1563 habeat,
1196 1499 1342 1554 dicat
1370 1516 1430 1556 se
1469 1516 1501 1556 a
1521 1503 1780 1572 patribus
1803 1504 1977 1560 visum
1998 1545 2014 1570 ,

437 1592 634 1648 merito
663 1591 862 1661 aliquis
905 1599 1132 1661 quierat.
1159 1590 1536 1662 Explicabitur
1581 1611 1746 1665 porro
1801 1596 1855 1652 id
1881 1637 1896 1663 ,
1949 1597 2018 1653 de

436 1695 546 1751 quo
569 1681 866 1750 quaeritur,
910 1680 959 1736 si
985 1681 1183 1736 divina:
1213 1679 1514 1752 Scriptura:
1563 1682 1900 1753 diligentiam
1933 1694 2016 1742 at-

436 1773 745 1827 tendamus.
773 1771 909 1826 Nam
947 1787 1072 1827 cum
1125 1775 1268 1844 apud
1303 1774 1657 1846 Septuaginta
1685 1779 1760 1832 ita
1808 1779 2013 1834 dictum

2129 573 2297 647 λήθην
2319 575 2569 646 ὀφθῆναι,
2600 575 2840 647 ἐμαυτοῦ
2873 593 2932 628 τε
2969 577 3208 646 τοῠνομά
3233 593 3316 629 σοι
3349 577 3509 649 μόνον
3531 580 3707 650 ἐμφα-

2128 669 2216 730 νὲς
2245 667 2565 740 καθίστημι,
2598 669 2884 733 διδάσκων,
2915 669 2999 722 ὅτι
3041 668 3151 736 ἐγώ
3179 670 3293 739 είμι
3318 671 3348 722 6
3387 669 3485 735 ὢν,
3507 671 3604 724 καὶ
3625 672 3707 728 ὅτι

2125 759 2185 813 τὸ
2210 760 2382 831 ὄνομά
2415 759 2514 830 μού
2567 762 2684 813 ἐστι
2708 759 2932 830 Κύριος.
2957 760 3081 823 Τοῖς
3108 759 3166 812 δὲ
3200 762 3313 824 σοῖς
3341 760 3616 831 πατράσιν
3646 762 3705 814 ού

2125 850 2282 903 τοῦτο
2315 851 2475 921 μόνον
2503 850 2769 922 ἐδήλωσα,
2800 849 2936 904 ἀλλά
2957 851 3051 904 καὶ
3071 851 3261 904 τούτου
3285 851 3466 922 μεῖζον
3500 853 3705 923 ὲδωρη-

2126 940 2307 1012 σάμην
2327 958 2340 971 ·
2371 940 2562 1014 ὤφθην
2599 941 2710 1013 γὰρ
2741 940 2942 1006 αὐτοῖς.
2980 942 3077 1006 Τίς
3107 942 3154 995 δ’
3187 937 3257 1013 ἦν
3295 943 3326 994 6
3349 945 3463 1006 τοῖς
3493 946 3706 1014 πατρά-

2131 1049 2217 1087 σιν
2264 1033 2470 1102 ὀφθεὶς,
2527 1034 2622 1087 καὶ
2669 1034 2752 1088 ὅτι
2786 1035 2916 1106 μὴὸ
2965 1034 3058 1087 ἐπὶ
3108 1034 3325 1089 πάντων
3373 1034 3532 1098 Θεὸς,
3575 1053 3706 1106 προ-

2125 1124 2524 1189 αποδέδεικται,
2553 1125 2716 1197 ἡνίκα
2741 1123 2833 1178 τὸν
2861 1123 2995 1178 Θεὸν
3018 1123 3224 1179 καὶτὸν
3249 1123 3452 1196 Κύριον
3472 1125 3705 1194 ἄγγελον

2119 1218 2256 1272 Θεοῦ
2303 1217 2618 1289 ὠνομάσθαι
2667 1216 3078 1288 ὲπεδείκνυμεν.
3112 1217 3237 1280 Πῶς
3264 1213 3356 1272 οὖν
3395 1217 3635 1274 ἐνταῦθα
3675 1220 3705 1272 6

2121 1311 2378 1365 ἐπέκεινα
2424 1310 2534 1365 τῶν
2595 1309 2754 1374 ὅλων,
2785 1309 2946 1374 αὐτὸς
2969 1308 3043 1363 ὣν
3081 1310 3110 1362 6
3149 1309 3308 1380 μόνος
3347 1310 3444 1363 ἐπὶ
3479 1311 3700 1365 πάντων

2118 1402 2270 1469 Θεὸς,
2296 1398 2500 1473 ’ὧφθαί
2551 1420 2686 1474 φησι
2729 1406 2844 1468 τοῖς
2889 1403 3182 1474 πατράσιν,
3233 1402 3465 1475 ζητήσαι
3510 1405 3578 1458 ἄν
3617 1421 3702 1466 τις

2118 1496 2360 1560 εἰκότως.
2393 1495 2594 1566 Λυθείη
2616 1495 2661 1549 δ’
2688 1495 2755 1550 ἂν
2776 1495 2837 1549 τὸ
2862 1494 3116 1567 ζητηθέν,
3143 1495 3192 1548 εί
3224 1497 3291 1566 τῇ
3319 1494 3576 1566 ἀκριϐείᾳ
3599 1495 3703 1564 τῆς

2117 1587 2268 1652 θείας
2321 1589 2546 1660 Γραφῆς
2598 1589 3018 1658 ὲπιστήσαιμεν.
3065 1586 3373 1657 Δεγομένου
3423 1587 3531 1658 γὰρ
3587 1589 3702 1650 τοίς

2129 1679 2528 1752 Ἐϐδομήκοντα
2562 1679 2680 1744 τοῦ,
2718 1697 2737 1730 ι
2767 1679 2878 1732 Καὶ
2901 1677 3092 1750 ὤφθην
3121 1678 3257 1750 πρὸς
3287 1677 3557 1750 ’Δϐραάμ,
3602 1677 3703 1731 καὶ

2127 1772 2331 1836 Ἰσαὰκ,
2361 1774 2455 1826 καὶ
2493 1770 2708 1837 Ἰακὼϐ,
2733 1770 2864 1834 Θεὸς
2894 1770 3070 1824 αὐτῶν
3098 1770 3192 1834 ὧν,
3227 1788 3245 1821 ι
3279 1770 3309 1822 6
3334 1770 3430 1840 μὲν
3469 1768 3701 1832 ’Δκύλας

436 1867 543 1921 sit:
586 1884 605 1918 ι
647 1866 715 1919 Et
735 1866 886 1921 visus
915 1881 1036 1922 sum
1067 1866 1136 1921 ab
1159 1838 1464 1935 —Abraha-m,
1492 1838 1547 1924 e—t
1580 1868 1768 1934 lsaac,
1816 1881 1871 1926 et
1917 1871 2009 1926 Ja-

2117 1865 2250 1936 φησί
2271 1881 2315 1915 ⁸(
2352 1864 2463 1918 Καὶ
2483 1863 2703 1935 ὼράθην
2729 1863 2866 1935 πρὸς
2904 1861 3173 1933 Ἀϐραὰμ,
3203 1838 3450 1932 καὶπρὸς
3487 1861 3698 1925 Ἰσαὰκ,

433 1959 560 2024 cob,
591 1975 715 2013 cum
739 1974 928 2014 eorum
963 1959 1068 2014 sim
1101 1958 1279 2025 Deus,
1337 1978 1356 2013 ι
1413 1961 1608 2032 Aquila
1657 1963 1874 2033 quidem
1932 1964 2014 2021 sic

433 2050 554 2102 ait:
594 2068 613 2100 c
653 2047 720 2102 Et
748 2049 902 2104 visus
961 2063 1084 2103 sum
1147 2050 1218 2104 ab
1285 2049 1598 2120 Abraham,
1651 2061 1706 2108 et
1739 2055 1807 2109 ab
1836 2053 2008 2121 lsaac,

431 2146 488 2192 et
516 2139 584 2193 ab
613 2136 783 2193 Jacob
815 2138 873 2193 in
918 2137 1030 2193 Deo
1074 2138 1210 2195 satis
1249 2141 1456 2205 multo,
1522 2160 1542 2194 ι
1581 2143 1782 2212 quibus
1828 2145 2010 2201 verbis

431 2231 752 2299 planissime
783 2231 1012 2294 indicat,
1043 2245 1154 2286 non
1180 2231 1359 2302 ipsum
1390 2232 1543 2287 illum
1574 2235 1667 2304 qui
1705 2233 1867 2291 Pater
1900 2245 2005 2302 est,

431 2337 528 2392 per
550 2322 790 2391 seipsum
820 2321 1161 2391 apparuisse.
1194 2321 1380 2393 Neque
1410 2339 1542 2380 vero
1572 2328 1714 2380 sicut
1747 2326 1904 2392 Mosi,
1934 2331 2008 2384 ita

429 2414 594 2468 etiam
623 2414 869 2484 patribus
908 2429 1003 2483 per
1032 2414 1308 2484 angelum,
1346 2424 1440 2470 aut
1498 2432 1596 2486 per
1626 2417 1823 2473 rubum
1849 2459 1863 2483 ,
1915 2429 2008 2474 aut

430 2505 631 2574 ignem,
667 2504 762 2561 sed
805 2505 859 2559 in
889 2505 998 2561 Deo
1029 2507 1164 2562 satis
1196 2508 1370 2562 multo
1419 2510 1643 2564 oracula
1677 2511 2002 2580 praebuisse.

429 2595 608 2662 Quare
632 2596 797 2650 etiam
839 2597 1086 2665 patribus
1134 2613 1231 2668 per
1277 2599 1475 2654 Filium
1518 2602 1670 2656 visus
1695 2611 1780 2658 est
1823 2602 2004 2671 Pater,

426 2685 886 2757 quemadmodum
925 2687 982 2742 in
1013 2686 1323 2760 Evangeliis
1352 2691 1426 2746 ab
1451 2692 1570 2763 ipso
1597 2692 1804 2749 dictum
1837 2694 2006 2752 habe-

428 2786 517 2830 tur
545 2776 588 2806 ⁶⁷
625 2794 638 2830 :
673 2793 693 2827 ι
730 2777 835 2842 Qui
878 2777 1011 2832 vidit
1065 2794 1180 2842 me,
1233 2779 1368 2835 vidit
1416 2780 1676 2838 Patrem:
1730 2803 1748 2835 ι
1790 2785 1843 2838 in
1886 2787 2006 2855 ipso

425 2868 571 2923 enim
594 2877 648 2923 et
676 2883 771 2938 per
799 2869 977 2939 ipsum
1017 2868 1200 2926 Patris
1234 2871 1472 2940 cognitio
1514 2873 1864 2943 prodebatur.
1898 2875 2004 2933 Sed

423 2975 548 3014 cum
601 2960 915 3016 hominibus
957 2961 1216 3016 salutaris
1253 2974 1570 3032 appareret,
1636 2973 1750 3020 tum
1782 2983 1877 3038 per
1907 2968 2001 3025 lilii

424 3052 717 3107 humanam
753 3052 983 3108 formam
1014 3053 1300 3109 videbatur
1350 3069 1381 3108 a
1415 3055 1510 3111 Dei
1561 3059 1786 3122 amicis,
1840 3067 2003 3132 atque

2113 1958 2206 2012 καὶ
2231 1958 2367 2028 πρὸς
2395 1957 2584 2012 Ἰακὼϐ
2615 1960 2672 2010 ὲν
2698 1956 2818 2028 Θεῴ
2848 1956 3018 2026 ἱκανῷ
3036 1973 3050 1985 ·
3085 1976 3103 2008 ι
3129 1957 3194 2009 δι’
3215 1949 3290 2009 ὧν
3339 1954 3525 2025 σαφῶς
3552 1972 3700 2028 παρ-

2115 2049 2345 2121 ίστησιν,
2372 2051 2453 2104 ὅτι
2483 2052 2557 2122 μὴ
2587 2050 2749 2114 αὑτὸς
2768 2052 2795 2103 6
2821 2050 2914 2102 ἐπὶ
2948 2049 3167 2102 πάντων
3191 2047 3342 2111 Θεὸς,
3368 2050 3396 2100 6
3424 2047 3584 2118 μόνος
3597 2045 3696 2110 ὢν,

2108 2141 2178 2194 δι’
2206 2141 2398 2194 ἑαυτοῦ
2425 2140 2600 2213 ὤφθη.
2641 2140 2780 2194 Ἀλλ’
2815 2141 2922 2194 οὐδ’
2960 2139 3156 2210 ’ὥσπερ
3199 2138 3277 2208 τῷ
3307 2139 3517 2202 Μωσεῖ,
3548 2136 3698 2191 οὓτω

2109 2235 2204 2288 καὶ
2228 2237 2342 2298 τοῖς
2377 2235 2636 2306 πατράσι,
2667 2235 2734 2289 δι’
2765 2234 3026 2303 ἀγγέλου,
3055 2234 3089 2304 ἦ
3123 2233 3210 2286 διὰ
3235 2231 3418 2303 βάτου,
3441 2232 3474 2302 ἦ
3498 2229 3694 2302 πυρὸς,

2108 2327 2224 2382 ἀλλ’
2253 2330 2310 2381 ὲν
2339 2326 2458 2397 Θεῷ
2485 2325 2652 2397 ἱκανῷ
2680 2325 3109 2398 χρηματίζοντι·
3150 2324 3293 2378 ὥστε
3317 2322 3404 2376 διὰ
3425 2320 3521 2376 τοῦ
3554 2320 3695 2376 Υῐοῦ

2108 2420 2326 2490 Πατέρα
2352 2422 2446 2473 καὶ
2492 2423 2603 2483 τοῖς
2633 2419 2904 2491 πατράσιν
2955 2417 3250 2489 ἑωρᾶσθαι,
3275 2417 3417 2471 κατά
3452 2416 3514 2468 τὸ
3535 2416 3694 2486 είρηα

2111 2512 2268 2582 μένον
2293 2515 2352 2566 ὲν
2381 2511 2730 2580 Εύαγγελίοις
2760 2511 2895 2582 πρὸς
2923 2509 3088 2564 αὑτοῦ
3107 2527 3121 2538 ο
3161 2527 3180 2561 ι
3227 2510 3286 2562 Ὃ
3308 2506 3568 2578 ἑωρακὼς
3591 2507 3694 2576 ὲμὶ

2107 2605 2320 2674 ἑώρακε
2362 2605 2452 2658 τὸν
2489 2604 2728 2675 Πατέρα·
2758 2623 2776 2654 ι
2808 2605 2866 2656 ὲν
2896 2603 3042 2674 αύτῷ
3073 2603 3182 2674 γὰρ
3223 2602 3317 2656 καὶ
3349 2601 3416 2653 δι’
3457 2598 3627 2654 αὐτοῦ
3660 2600 3692 2668 ἡ

2105 2697 2199 2752 τοῦ
2254 2699 2467 2771 Πατρὸς
2524 2696 2938 2752 ἀπεκαλύπτετο
2999 2696 3219 2764 γνῶσις.
3279 2694 3419 2746 Ἀλλ’
3463 2695 3550 2746 ὅτε
3596 2693 3693 2763 μὲν

2106 2789 2404 2860 ἀνθρώπων
2445 2790 2710 2860 σωτήριος
2736 2786 3065 2856 ἀπεφαίνετο
3088 2785 3184 2858 (i),
3205 2783 3294 2838 διὰ
3325 2785 3425 2854 τῆς
3442 2783 3537 2836 τοῦ
3560 2782 3692 2835 Υἱοῦ

2105 2879 2448 2951 ἀνθρωπείας
2490 2881 2704 2951 μορφῆς
2743 2881 2970 2951 ἑωρᾶτο,
3003 2883 3114 2942 τοῖς
3156 2877 3428 2946 θεοφιλέσι
3471 2874 3572 2946 τὴν
3612 2875 3691 2937 είς

2105 2973 2422 3044 ἀνθρώπους
2452 2973 2618 3026 αὐτοῦ
2649 2973 2910 3044 ἐσομένην
2937 2970 3208 3040 σωτηρίαν
3235 2972 3346 3032 τοῖς
3379 2969 3515 3020 πᾶσι
3545 2982 3688 3035 παρ-

2103 3062 2270 3117 οῦσαν
2307 3064 2365 3130 ἐξ
2410 3063 2619 3116 ἐκείνου
2665 3062 3293 3135 προαρραϐωνιζόμενος.
3346 3061 3473 3112 Ὅτε
3499 3059 3554 3111 δὲ
3579 3057 3689 3111 τῶν

423 3146 568 3201 inter
597 3146 844 3201 homines
876 3145 1114 3198 futuram
1179 3145 1354 3214 ipsius
1415 3148 1644 3202 salutem
1673 3193 1687 3216 ,
1745 3153 2002 3209 omnibus

2114 3153 2318 3207 ἀσεϐῶν
2347 3153 2608 3226 τιμωρὸς,
2637 3155 2730 3207 καὶ
2761 3152 3027 3224 κολαστὴς
3057 3151 3164 3204 τῶν
3191 3151 3506 3218 Αἰγυπτίων
3532 3149 3687 3219 ἔμελ-

423 3242 768 3304 ιιιιίεδοιιιοιῐι,
803 3249 870 3288 ex
917 3234 1010 3290 illo
1043 3234 1200 3304 quasi
1230 3235 1446 3289 arrham
1480 3244 1534 3292 et
1556 3238 1748 3309 pignus
1780 3241 2000 3297 exhibe-

423 3327 534 3381 bat.
579 3325 714 3380 Cum
769 3339 899 3380 vero
940 3327 1232 3396 impiorum
1285 3327 1470 3392 ultor,
1529 3337 1584 3384 et
1615 3328 1998 3401 Egyptioruun

421 3419 715 3490 castigator
744 3416 960 3472 futurus
988 3428 1153 3485 esset,
1207 3435 1316 3474 non
1349 3421 1584 3491 amplius
1615 3423 1670 3476 in
1704 3423 1813 3479 Deo
1864 3427 1999 3484 satis

2105 3246 2195 3299 λεν
2230 3244 2468 3308 ἔσεσθαι,
2508 3246 2693 3298 ούκέτι
2736 3247 2793 3298 ὲν
2841 3242 2960 3314 Θεῷ
2995 3243 3184 3312 ἱκανῷ,
3213 3241 3326 3294 ἀλλ’
3373 3243 3432 3294 ὲν
3466 3239 3686 3310 ἀγγέλῳ

2101 3343 2330 3410 διακόνῳ
2377 3341 2479 3410 τῆς
2530 3340 2797 3410 τιμωρίας
2827 3339 2919 3392 καί⁵
2972 3338 3031 3390 ἐν
3075 3337 3203 3389 εῖδει
3237 3335 3429 3407 πυρὸς,
3462 3335 3558 3386 καὶ
3587 3333 3684 3404 τῆς

2101 3435 2222 3487 ὅσον
2244 3432 2394 3486 οὔπω
2427 3431 2725 3502 μελλούσης
2746 3431 2940 3493 αὐτοὺς
2970 3430 3126 3500 δίκην
3159 3427 3355 3500 ἀγρίας
3385 3427 3482 3479 καὶ
3517 3429 3686 3478 ἀκαν-

2102 3523 2302 3588 θώδους
2336 3523 2468 3594 ὕλης
2485 3521 2792 3576 κατεσθίειν
2823 3521 3017 3590 φλογὸς
3041 3519 3428 3592 παρεφαίνετο.
3445 3518 3687 3570 Αίνίττε-

2103 3615 2228 3668 σθαι
2241 3613 2333 3667 οὖν
2355 3631 2484 3683 φασι
2495 3614 2593 3684 τὴν
2614 3613 2710 3683 μὲν
2725 3612 2904 3682 βάτον,
2918 3613 3017 3683 τὴν
3036 3611 3144 3664 τῶν
3154 3607 3468 3677 Αἰγυπτίων
3485 3607 3684 3678 ἀγρίαν

421 3511 627 3577 multo,
669 3511 765 3566 sed
794 3512 851 3564 in
880 3511 1070 3582 angelo
1103 3513 1354 3580 supplicii
1407 3513 1677 3578 ministro,
1703 3523 1756 3570 et
1788 3517 1842 3571 in
1875 3533 1999 3588 spe-

421 3604 503 3659 cie
528 3603 690 3674 ignis,
721 3609 775 3657 et
824 3601 1086 3669 ﬂammai,
1139 3619 1260 3674 qua!
1303 3604 1414 3658 cito
1442 3605 1619 3660 instar
1647 3610 1880 3678 agreSLis
1932 3627 1996 3666 ac

421 3696 706 3750 senticosa:
740 3696 984 3752 materiae
1013 3697 1137 3752 illos
1181 3703 1298 3752 erat
1342 3697 1670 3752 devoratura
1696 3737 1711 3763 ,
1765 3717 1997 3771 appare-

2114 3709 2194 3762 καὶ
2213 3708 2394 3779 ἀπηνῆ
2411 3707 2503 3761 καὶ
2520 3707 2790 3778 ἀνήμερον
2812 3705 3129 3776 μοχθηρίαν·
3151 3705 3213 3756 τὸ
3233 3703 3290 3755 δὲ
3307 3701 3439 3773 πῦρ,
3456 3701 3556 3771 τὴν
3571 3700 3684 3752 δια-

419 3789 530 3844 bat.
567 3789 766 3843 Dicunt
817 3789 983 3861 igitur
1029 3805 1126 3860 per
1171 3790 1377 3844 .rubum
1423 3791 1643 3860 quidem
1698 3793 1996 3864 significari

2114 3799 2362 3854 lw6é'isav
2380 3798 2576 3861 αὐτοὺς
2618 3796 2860 3866 τιμωρὸν
2884 3797 2977 3848 καὶ
3028 3794 3384 3865 κολαστήριον
3423 3790 3677 3860 δύναμιν.

421 3881 801 3956 JEgyptiorum
839 3889 1107 3954 agrestem
1148 3891 1203 3938 et
1231 3885 1494 3940 immitem
1521 3893 1576 3942 et
1611 3886 1782 3942 feram
1817 3895 2009 3961 pravit:

2114 3913 2160 3962 ri,
2192 3911 2289 3966 per
2317 3896 2497 3965 ignem
2547 3907 2677 3947 vero
2727 3892 2837 3946 vim
2891 3892 3037 3945 illam
3087 3890 3445 3945 ulciscentem
3493 3893 3549 3942 et
3584 3900 3678 3941 ca-

418 3977 706 4048 stigantem
734 3993 854 4049 qua:
881 3978 1006 4032 illos
1042 3977 1261 4033 invasit.
3096 3980 3099 3981 ⁷

893 4073 1052 4144 241
1087 4070 1320 4127 CAPUT
1355 4071 1497 4128 xw.

417 4163 571 4238 Quod
627 4163 1066 4238 quemadmodum
1105 4163 1344 4238 patribus
1399 4165 1633 4222 humana
1676 4169 1870 4238 forma,
1912 4174 1988 4227 sic

488 4236 541 4306 in
567 4233 735 4304 specie
760 4233 912 4289 nubis
947 4233 1147 4305 Moysi,
1177 4241 1226 4288 et
1249 4245 1436 4288 cuncto
1465 4238 1660 4306 populo
1676 4233 1829 4297 'Deus
1863 4240 1990 4297 Ver-

486 4305 607 4358 bum
631 4307 901 4373 apparuit.

2618 4073 3014 4134 ΚΕΦᾹΛΑΙΟΝ
3053 4074 3129 4125 ΙΔ¹

2099 4175 2198 4239 Ὠς
2225 4171 2490 4238 καθάπερ
2518 4169 2642 4234 τοῖς
2684 4164 2984 4239 πατράσιις
3018 4164 3087 4216 ἐν
3116 4164 3468 4239 ἀ-ιςθρωίτίνῳ
3519 4165 3647 4232 om

2155 4232 2318 4322 ίιᾳτι,
2343 4232 2529 4322 οὕτως
2559 4232 2630 4322 ei;
2658 4232 2810 4322 δείξει
2837 4235 3100 4322 regite];
3137 4232 3346 4288 Μωσεῖ
3363 4232 3465 4291 καὶ
3491 4233 3674 4292 παντὶ

2158 4305 2240 4379 ἱῴ
2268 4305 2395 4377 λαῷ
2421 4314 2454 4365 ό
2485 4308 2629 4375 Θεὸς
2658 4308 2850 4376 Λόγος
2881 4305 3173 4374 ἐφαίνετο.

481 4419 657 4474 «Dixit
684 4429 865 4476 autem
885 4418 1154 4477 Dominus
1181 4417 1248 4472 ad
1275 4418 1514 4476 Mosem:
1547 4421 1689 4480 Ecce
1708 4441 1808 4497 ego
1829 4428 1988 4483 venio

2165 4445 2185 4478 σ
2226 4420 2362 4478 Εἷπε
2401 4422 2458 4476 δὲ
2496 4420 2700 4492 Κύριος
2747 4417 2883 4489 πρὸς
2920 4416 3145 4485 Μωσῆψ
3184 4415 3316 4471 Ἰδοὺ
3343 4415 3457 4484 ἐγὼ
3496 4434 3674 4488 παρα-

411 4511 477 4565 ad
513 4519 566 4566 te
595 4512 652 4566 in
684 4513 938 4566 columna
973 4510 1164 4574 nubis,
1205 4517 1266 4564 ut
1294 4511 1484 4566 audiat
1515 4515 1751 4585 populus
1782 4533 1868 4572 me
1903 4519 1984 4571 lo-

2114 4515 2306 4585 ’ίνομαι
2359 4512 2494 4582 πρὸς
2536 4510 2595 4563 σὲ
2627 4510 2686 4562 ὲν
2725 4507 2900 4577 στύλῳ
2943 4505 3191 4576 νεφέλης,
3242 4505 3328 4558 ἴνα
3392 4505 3606 4576 ἀκούσῃ
3643 4509 3674 4559 6

408 4613 662 4676 quentem
689 4604 756 4658 ad
791 4614 862 4667 te,
901 4611 957 4658 et
982 4603 1083 4658 tibi
1107 4604 1334 4658 credant
1359 4604 1435 4672 ⁶⁸;
1473 4623 1493 4656 ι
1519 4614 1574 4660 et
1600 4622 1721 4676 qua:
1746 4623 1986 4678 sequun-

2114 4606 2207 4668 αὸς
2231 4603 2517 4665 λαλοῦντός
2544 4619 2644 4672 μου
2669 4600 2806 4673 πρὸς
2824 4601 2903 4662 σὲ,
2929 4599 3020 4652 καί
3052 4615 3132 4650 σοι
3161 4595 3498 4650 πιστεύσωσι
3520 4613 3535 4627 ο
3551 4596 3673 4649 »καὶ

408 4704 500 4749 tur
531 4714 545 4750 :
577 4713 595 4746 ι
632 4695 776 4751 Deus
806 4704 986 4750 autem
1017 4694 1371 4750 antecedebat
1401 4711 1496 4752 eos
1521 4695 1611 4751 die
1645 4699 1700 4751 in
1729 4700 1984 4754 columna

2114 4695 2208 4763 ξῆς
2231 4712 2244 4724 '
2296 4713 2314 4745 ι
2353 4695 2411 4747 Ὀ
2449 4693 2506 4746 δὲ
2547 4693 2680 4755 Θεὸς
2741 4694 2924 4762 ἡγεῖτο
2965 4689 3141 4742 αὐτῶν
3191 4689 3410 4761 ἡμέρας
3461 4689 3586 4758 μὲν,
3616 4690 3671 4740 ὲν

406 4787 570 4841 nobis
598 4787 652 4841 in
676 4788 784 4851 via,
809 4793 975 4840 noctu
1000 4799 1131 4840 vero
1153 4783 1210 4838 in
1236 4786 1491 4839 columna
1523 4785 1667 4856 ignis
1689 4795 1750 4841 ut
1778 4789 1984 4844 luceret

2114 4783 2258 4853 τύλῳ
2279 4783 2526 4853 νεφέλης,
2555 4781 2722 4846 δεῖξαι
2750 4782 2932 4844 αὐτοῖς
2965 4780 3064 4850 τὴν
3087 4779 3231 4831 ὁδόνο
3260 4781 3358 4848 τὴν
3385 4778 3446 4830 δὲ
3477 4778 3667 4842 νύκτα,

405 4879 486 4935 eis
505 4880 573 4934 ".
602 4899 621 4932 ι
645 4879 710 4933 Et
738 4894 962 4935 rursus:
991 4897 1010 4930 ι
1039 4877 1331 4935 Descendit
1352 4877 1620 4934 Dominus
1649 4879 1704 4933 in
1728 4881 1983 4936 columna

2114 4891 2136 4926 ν
2181 4873 2358 4945 στύλῳ
2402 4872 2602 4944 πυρὸς,
2645 4871 2739 4924 τοῦ
2777 4870 2988 4942 φαίνειν
3028 4871 3230 4934 αὐτοῖς.
3256 4889 3276 4921 ι
3316 4870 3431 4922 Καὶ
3473 4869 3667 4921 πάλιν·

402 4970 566 5027 nubis
593 4971 660 5024 ⁷⁵.
692 4990 712 5023 ι
744 4971 810 5024 Ει
833 4986 1062 5026 rursus:
1102 4989 1122 5023 ι
1149 4970 1285 5026 Cum
1313 4981 1492 5027 autem
1522 4974 1805 5042 ingressus
1832 4983 1977 5028 esset

2152 4965 2374 5036 Κατέϐη
2414 4965 2617 5034 Κύριος
2661 4965 2718 5016 ὲν
2769 4961 2942 5034 στύλῳ
2982 4961 3232 5031 νεφέλης.
3258 4979 3275 5012 ι
3319 4961 3434 5015 Καὶ
3478 4957 3664 5024 αὖθις*

402 5059 581 5115 Moses
607 5060 665 5114 in
690 5059 1133 5126 tabernaculum,
1166 5058 1450 5116 descendit
1489 5063 1745 5116 columna
1789 5063 1972 5126 nubis,

2152 5056 2342 5110 Ἦνίκα
2373 5057 2418 5108 δ’
2460 5055 2526 5108 ἂν
2553 5053 2765 5124 εἰσῆλθε
2807 5053 3013 5122 Μωσῆς
3044 5053 3124 5115 εἰς
3155 5052 3255 5122 τὴν
3275 5051 3508 5121 σκηνὴν,
3537 5066 3666 5104 κατ·

398 5161 454 5206 et
478 5151 630 5206 stetit
655 5153 710 5205 in
735 5149 947 5206 foribus
975 5151 1316 5207 tabernaculi
1347 5191 1363 5218 ,
1406 5161 1461 5208 et
1489 5154 1820 5224 loquebatur
1845 5169 1971 5208 cum

2114 5145 2291 5200 ϐαινεν
2337 5150 2366 5200 6
2413 5145 2602 5208 στῦλος
2644 5145 2745 5214 τῆς
2781 5143 3041 5214 νεφέλης,
3077 5143 3174 5196 καὶ
3201 5141 3387 5195 ἵστατο
3424 5142 3523 5194 ἐπὶ
3570 5139 3667 5201 τὰς

399 5240 569 5309 Mose,
606 5248 661 5296 et
700 5242 956 5298 cernebat
992 5243 1174 5298 omnis
1199 5243 1434 5314 populus
1464 5247 1775 5300 columnam
1809 5245 1972 5300 nubis

2117 5238 2250 5317 ύρας
2275 5239 2374 5310 τῆς
2407 5237 2632 5309 σκηνῆς,
2683 5237 2776 5290 καὶ
2813 5236 2993 5289 ἐλάλει
3036 5234 3115 5306 τῷ
3142 5235 3352 5297 Μωσεί,
3389 5233 3488 5287 καὶ
3519 5231 3664 5302 ἑώρα

397 5340 636 5388 stantem
663 5334 719 5387 in
761 5330 974 5390 foribus
1016 5334 1386 5402 tabernaculi,
1424 5344 1480 5390 et
1520 5344 1756 5392 stantem
1787 5337 1967 5391 omnis

2115 5332 2178 5394 ἃς
2213 5333 2243 5386 6
2265 5331 2394 5394 λαὸς
2426 5331 2518 5384 τὸν
2548 5331 2738 5384 στῦλον
2775 5328 2876 5398 τῆς
2909 5326 3138 5396 νεφέλης
3167 5325 3378 5378 ἑστῶτα
3421 5326 3522 5378 ἐπὶ
3553 5324 3661 5377 τῶν

396 5425 631 5496 populus
671 5424 1063 5491 adoraverunt,
1110 5427 1495 5498 unusquisque
1548 5442 1579 5482 a
1623 5426 1835 5482 foribus
1880 5427 1968 5481 sui

2114 5423 2250 5496 δρῶν
2289 5423 2391 5493 τῆς
2432 5424 2664 5494 σκηνῆς·
2718 5423 2814 5476 καὶ
2839 5422 3060 5487 στάντες
3109 5419 3218 5482 πᾶς
3259 5420 3288 5471 6
3329 5416 3461 5480 λαὸς
3494 5433 3662 5489 προσ-

393 5516 734 5571 tabernaculi
759 5513 825 5570 ’¹.
867 5535 886 5570 ι
921 5516 1164 5588 Populus
1209 5517 1432 5591 quidem
1466 5517 1725 5572 cernebat
1757 5517 1969 5571 colum-

2114 5515 2364 5586 ιιύνησαν,
2389 5515 2617 5578 ικαστος
2639 5516 2746 5569 άπὸ
2763 5515 2860 5586 τῆς
2886 5512 3054 5584 θύρας
3079 5511 3179 5581 τῆς
3200 5508 3409 5581 σκηνῆς
3436 5509 3656 5563 αὑτοῦ.»

395 5623 520 5664 nam
565 5611 727 5665 nubis
770 5611 876 5666 hoc
907 5612 1049 5676 loco,
1093 5627 1220 5666 cum
1246 5610 1400 5667 Mose
1442 5625 1574 5666 vero
1615 5611 1963 5681 loquebatur.

2114 5611 2140 5664 3
2166 5610 2264 5682 μὲν
2301 5604 2396 5664 οὖν
2422 5609 2549 5670 λαὸς
2579 5608 2725 5678 ἑώρα
2765 5607 2855 5660 τὸν
2886 5605 3075 5659 στῦλον
3102 5606 3202 5675 τῆς
3234 5601 3487 5674 νεφέλης,
3525 5602 3658 5659 Μω-

462 5725 506 5756 ⁶⁷
533 5725 691 5780 Joan.
723 5742 836 5790 xiv,
869 5727 922 5780 9.
999 5726 1044 5758 ⁸⁸
1074 5725 1244 5781 Exod.
1267 5741 1384 5793 xxx,
1440 5726 1496 5781 9.
1572 5726 1616 5758 "
1652 5724 1822 5781 Exod.
1854 5725 2009 5792 xul,‘.

2171 5725 2230 5802 ,⁷⁸
2264 5723 2427 5782 Num.
2465 5740 2562 5793 xu,
2596 5723 2648 5779 5.
2725 5724 2770 5755 τί
2805 5721 2975 5778 Exod.
3010 5736 3210 5788 xum,
3239 5717 3411 5788 9,10.

463 5817 541 5892 (1)
587 5819 989 5888 Ἄπι-φαίνετο.
1023 5818 1184 5876 Forte
1213 5819 1556 5889 ἐπεφαίνετο.
1600 5817 1754 5876 Enn.
