3846 6218
167 295 273 350 393

1086 288 1738 345 DEMONSTRATIONIS
1773 286 2232 343 EVANGELICJE
2273 285 2400 340 LIB.
2443 285 2505 340 V.

3321 289 3428 344 594

167 411 254 463 σεῖ
279 409 325 463 δ’
348 409 548 464 ἐλάλει.
580 409 676 474 Τίς
704 411 748 464 δ’
777 410 954 464 ἐλάλει
975 450 989 473 ,
1019 411 1053 482 ἢ
1092 409 1332 482 δηλονότι
1360 413 1389 464 6
1428 411 1616 474 στῦλος
1652 410 1751 481 τῆς

1865 406 1989 474 Quis
2017 421 2178 477 porro
2221 403 2589 476 loquebatur?
2623 404 2879 459 columna
2931 403 3094 461 nubis
3146 404 3425 470 videlicet,

168 501 417 572 νεφέλης,
447 503 476 554 6
498 501 761 573 πρότερον
789 504 902 563 τοῖς
925 501 1199 572 πατράσιν
1223 503 1281 554 ἐν
1316 501 1604 572 ἀνθρώπου
1645 518 1749 570 φα-

166 593 277 656 νεὶς
304 594 406 664 σχή
417 609 578 663 ματι;
613 594 1101 665 Προαποδέδεικται
1133 594 1209 657 δέ,
1235 595 1318 647 ὅτι
1349 595 1421 666 μὴ
1449 595 1478 647 6
1502 595 1593 647 ἐπὶ
1617 594 1753 647 πάν-

165 699 276 737 των
305 683 439 747 Θεὸς
469 678 624 748 οὗτος
655 681 743 756 ἧν,
777 685 963 756 ἕτερος
988 684 1066 752 66,
1104 684 1162 737 6v
1190 684 1326 737 Θεοῦ
1365 685 1535 753 Λόγον
1575 685 1751 756 ὑπάρ-

165 791 332 844 χοντα
366 775 602 846 Χριστὸν
647 777 811 846 ἡμεῖς
851 774 1364 846 προσαγορεύομεν·
1410 774 1470 838 ὃς
1499 776 1593 828 καὶ
1630 776 1751 828 τότε

164 866 262 918 τοῦ
301 866 543 938 πλήθους
573 867 759 921 ἕνεκεν
790 869 980 920 Μωσεῖ
1013 883 1072 919 τε
1133 866 1282 938 αὐτῷ
1309 867 1404 920 καὶ
1429 865 1506 937 τῷ
1541 867 1655 936 λαῷ
1695 869 1752 920 ἐν

167 959 348 1028 στόλῳ
385 958 614 1028 νεφέλης
641 957 954 1028 ἐθεωρείτο,
981 955 1070 1009 διὰ
1095 957 1156 1009 τὸ
1195 958 1268 1028 μὴ
1313 961 1510 1027 χωρεῖν
1555 959 1754 1022 αὐτοὺς

164 1048 372 1118 ὁμοίως
408 1052 522 1112 τοῖς
575 1029 848 1119 πατράσιν
885 1049 942 1100 ἐν
989 1046 1279 1116 ἀνθρώπου
1333 1051 1571 1119 σχήματι
1620 1049 1753 1120 ὁρᾷν

165 1141 354 1194 αὐτόν.
383 1141 613 1194 Τελείων
660 1141 770 1211 γάρ
793 1158 846 1194 τι
884 1137 952 1212 ἦν
979 1141 1040 1194 τὸ
1081 1143 1318 1213 προορᾷν
1351 1140 1610 1194 δύνασθαι
1652 1142 1754 1212 τὴν

167 1231 470 1300 μέλλουσαν
520 1231 738 1285 ἔσεσθαί
798 1249 929 1284 ποτε
985 1233 1066 1295 είς
1116 1231 1441 1304 ἀνθρώπους
1492 1232 1753 1304 ἐνσαρκον

165 1324 492 1394 ἐπιφάνειαν
523 1324 711 1389 αὑτοῦ,
747 1326 834 1394 ἢν,
870 1325 992 1378 ἐπεὶ
1042 1326 1174 1397 μηδέ
1205 1326 1327 1378 τότε
1377 1321 1488 1388 οἷός
1522 1342 1581 1378 τε
1621 1321 1690 1396 ἦν
1725 1327 1754 1378 6

163 1417 278 1478 πᾶς
303 1415 436 1478 λαὸς
471 1419 688 1488 χωρεῖν,
718 1417 943 1479 εἰκότως
969 1418 1090 1469 τοτὲ
1119 1417 1215 1488 μὲν
1245 1419 1430 1481 αὐτοῖς
1451 1415 1540 1470 διὰ
1556 1415 1750 1487 πυρὸς,

163 1502 332 1570 φόϐου
358 1505 519 1575 χάριν
549 1506 641 1557 καὶ
678 1505 1073 1576 καταπλήξεως
1091 1546 1106 1569 ,
1140 1506 1260 1558 τοτέ
1288 1506 1344 1560 66
1384 1506 1472 1559 διὰ
1502 1505 1750 1576 νεφέλης,

161 1594 314 1648 ώσὰν
339 1598 787 1668 ἐπεσκιασμένως
835 1601 930 1652 καὶ
973 1599 1402 1670 κεκαλυμμένους
1451 1598 1754 1669 νομοθετῶν

161 1688 384 1754 αὐτοὺς,
414 1689 607 1762 ὁρῷτο,
631 1691 830 1761 ὁμοίως
862 1691 918 1744 66
983 1692 1077 1745 καὶ
1107 1691 1184 1761 τῷ
1225 1694 1414 1746 Μωσεί
1439 1691 1504 1745 δι’
1534 1691 1749 1754 αὐτούς.

693 1983 1095 2037 ΚΕΦΑΛΑΙΟΝ
1134 1986 1232 2038 IE’.

161 2101 297 2154 Ὀτι
325 2097 484 2169 μηδὲ
524 2099 814 2169 ἀγγελικὴ
867 2099 1053 2169 φύσις
1074 2094 1153 2168 ἦν
1184 2097 1342 2169 ἠῌτῷ
1378 2099 1578 2154 Μωσεῖ
1607 2119 1752 2169 γρη-

226 2165 583 2296 ιᾶαὶίζουσα,
611 2165 907 2238 ’κρείττων
967 2167 1036 2221 δέ
1077 2165 1169 2236 τις
1213 2165 1299 2240 ἦν
1323 2169 1362 2238 ἣ
1413 2173 1542 2224 κατ’
1587 2165 1755 2243 ἁλί-γέ-

278 2258 371 2294 ον.

237 2356 256 2388 ι
289 2332 426 2390 Εῐπε
466 2338 700 2409 Κύριος·
741 2335 870 2389 Ἰδοὺ
925 2332 1037 2403 ἐγὼ
1069 2335 1383 2388 ἀποστέλλω
1407 2335 1498 2390 τὸν
1527 2337 1755 2406 ἄγγελόν

161 2446 268 2498 μου
303 2427 411 2499 πρὸ
442 2426 736 2500 προσώπου
779 2445 903 2497 μου,
949 2428 1034 2479 ἵνα
1071 2426 1281 2500 φυλάξῃ
1315 2444 1375 2480 σε
1423 2429 1480 2480 ἐν
1508 2432 1575 2500 τῇ
1630 2429 1754 2498 ὁδῷ,

155 2520 311 2582 ὅπως
333 2517 608 2591 εἰσαγάγῃ
627 2535 685 2571 σε
708 2520 788 2582 είς
809 2517 906 2590 τὴν
933 2519 1057 2588 γῆν,
1075 2518 1142 2588 ἣν
1165 2519 1438 2588 ήτοίμασά
1462 2536 1561 2572 σοι.
1583 2520 1758 2590 Πρόσ-

153 2629 252 2681 εχε
293 2610 443 2681 αὐτῷ
477 2612 569 2664 καὶ
612 2612 863 2665 είσάκουε
914 2611 1112 2676 αὐτοῦ,
1146 2612 1240 2664 καὶ
1278 2611 1353 2682 μὴ
1399 2611 1614 2666 ἀπείθει
1663 2614 1758 2666 αὐ-

1855 515 1980 554 cum
2016 499 2158 554 idem
2204 497 2347 553 Deus
2377 483 2538 552 antea
2586 497 2833 565 patribus
2871 496 2926 550 in
2968 496 3208 551 hominis
3250 496 3429 551 forma

1856 592 2219 662 apparuisset.
2278 589 2454 660 Supra
2504 603 2635 642 vero
2679 588 2792 658 jam
2835 587 3270 643 demonstratum
3321 597 3428 652 est,

1855 683 2002 754 quod
2031 698 2139 736 non
2177 681 2339 736 Pater
2362 681 2503 735 Deus
2523 681 2612 734 hic
2633 688 2801 744 esset,
2829 681 2910 736 sic
2933 681 3095 746 alter,
3117 695 3278 750 quem
3301 696 3429 740 nos,

1854 791 1978 828 cum
2026 773 2120 829 Dei
2164 774 2237 829 sit
2278 771 2542 837 Verbum,
2576 772 2855 828 Christum
2898 787 3303 842 nuncupamus,
3333 772 3430 843 qui

1853 871 1986 918 tunc
2010 874 2232 933 propter
2255 863 2658 918 multitudinem
2686 864 2988 934 vulgarem,
3047 871 3102 918 et
3133 863 3237 933 ipsi
3268 863 3428 928 Mosi,

1854 963 1906 1010 et
1944 956 2144 1025 populo
2176 956 2228 1010 in
2269 956 2525 1010 columna
2555 955 2720 1010 nubis
2754 956 3101 1019 cernebatur,
3139 963 3432 1026 propterea

1855 1047 1999 1116 quod
2047 1063 2156 1100 non
2196 1047 2382 1101 itidem
2415 1056 2474 1100 ut
2502 1057 2707 1117 patres,
2747 1047 2934 1111 videre
2967 1047 3120 1100 illum
3167 1048 3221 1101 in
3255 1047 3431 1102 forma

1856 1139 2116 1201 hominis,
2151 1137 2328 1192 idonei
2352 1145 2556 1193 essent.
2591 1136 2966 1193 Perfectorum
2991 1139 3134 1194 enim
3159 1139 3261 1193 hoc
3287 1147 3428 1204 erat,

1855 1247 2020 1302 posse
2051 1232 2198 1286 illius
2232 1231 2526 1286 adventum
2554 1232 2864 1301 providere,
2893 1232 2986 1302 qui
3017 1232 3146 1286 olim
3171 1235 3224 1286 in
3252 1232 3428 1286 homi-

1854 1322 2018 1378 nibus
2071 1337 2300 1392 corpore
2357 1323 2596 1376 humano
2659 1333 2962 1392 assumpto,
3013 1321 3232 1380 futurus
3283 1331 3426 1387 erat,

1856 1430 2018 1485 quem
2055 1430 2211 1478 sane,
2248 1429 2374 1468 cum
2405 1430 2474 1469 ne
2505 1423 2637 1468 tunc
2666 1415 2886 1484 quidem
2922 1415 3212 1470 universus
3253 1431 3429 1485 popu-

1855 1508 1941 1562 lus
1959 1514 2140 1578 posset
2165 1522 2382 1576 capere,
2409 1508 2604 1561 merito
2623 1507 2758 1561 alias
2776 1506 2996 1577 quidem
3019 1508 3099 1563 eis
3115 1523 3214 1578 per
3228 1509 3430 1579 ignem,

1854 1597 2094 1654 terrendi
2139 1597 2538 1668 eoliibeudique
2591 1612 2783 1660 causa,
2845 1598 2982 1652 alias
3025 1592 3123 1667 per
3196 1599 3426 1664 nubem,

1855 1693 2013 1761 quasi
2060 1690 2384 1746 adumbrate
2432 1699 2597 1760 atque
2632 1690 2875 1744 involute
2921 1690 3058 1744 dans
3102 1690 3212 1746 illis
3258 1692 3428 1762 leges,

1779 1777 1822 1833 Β
1851 1783 2196 1846 cernebatur,
2217 1781 2516 1852 eademque
2553 1782 2763 1836 ralione
2805 1780 2940 1836 Mosi
2960 1795 3178 1852 quoque
3210 1790 3434 1853 propter

1855 1875 2000 1930 illos.

2477 1983 2708 2039 CAPUT
2736 1983 2830 2038 XV

1855 2099 2015 2172 242
2062 2097 2216 2164 Quod
2248 2099 2485 2168 angelica
2528 2115 2646 2172 non
2677 2099 2857 2172 fuerit
2881 2108 3097 2163 natura,
3132 2115 3250 2168 qua:
3293 2097 3436 2172 Mosi

1922 2169 2086 2222 dabat
2133 2185 2411 2238 responsa,
2447 2169 2537 2224 sed
2577 2169 2923 2239 praestantior
2958 2185 3117 2240 quam
3151 2179 3209 2223 ut
3243 2169 3314 2222 ad
3344 2187 3437 2224 an-

1920 2242 2093 2310 gelum
2123 2240 2309 2308 referri
2337 2241 2526 2308 possit.

1924 2351 1942 2382 ι
1969 2331 2115 2386 Dixit
2143 2331 2440 2387 Dominus:
2481 2331 2622 2386 Ecce
2642 2347 2745 2401 ego
2781 2332 2939 2386 mitto
2971 2333 3224 2404 angelum
3251 2347 3436 2388 meum

1859 2431 1985 2478 ante
2015 2423 2209 2478 faciem
2256 2431 2428 2489 tuam,
2463 2431 2520 2477 ut
2550 2424 2824 2479 custodiat
2866 2435 2916 2480 te
2939 2425 2994 2479 in
3030 2427 3138 2491 via,
3169 2435 3228 2481 ut
3257 2425 3436 2480 intro-

1857 2512 2023 2568 ducat
2053 2526 2104 2570 te
2136 2515 2190 2568 in
2221 2522 2450 2576 terram,
2483 2530 2648 2584 quam
2668 2516 2854 2585 paravi
2873 2516 2972 2572 tibi
2997 2533 3010 2582 ;
3036 2518 3267 2572 observa
3285 2533 3436 2586 eum,

1857 2611 1911 2658 et
1940 2603 2066 2658 audi
2098 2620 2245 2669 eum,
2276 2621 2375 2659 nec
2404 2605 2481 2662 sis
2503 2607 2767 2662 adversus
2791 2607 2943 2662 illum
2963 2617 3256 2663 contumax
3286 2627 3300 2677 ;
3326 2624 3438 2665 non

152 2703 239 2772 τῷ
262 2719 275 2731 ·
308 2702 371 2754 οὑ
421 2701 530 2771 γὰρ
566 2701 640 2772 μὴ
674 2701 1062 2772 ὑποστείληταί
1093 2719 1180 2754 σε·
1216 2703 1276 2755 τὸ
1315 2701 1422 2774 γὰρ
1452 2703 1624 2774 ὄνομά
1656 2721 1753 2776 μου

1865 2697 2004 2750 enim
2030 2696 2266 2752 dimittet
2298 2707 2382 2766 te;
2414 2714 2614 2754 nomen
2637 2700 2782 2754 enim
2806 2715 2986 2755 meum
3008 2709 3094 2755 est
3123 2701 3178 2756 in
3203 2701 3297 2756 illo
3313 2703 3380 2756 ⁷⁸.
3412 2723 3432 2755 1

156 2791 317 2844 ἐστὶν
354 2791 444 2842 ἐπ’
479 2789 646 2861 αὐτῷ.
687 2810 706 2842 ι
754 2792 864 2844 Καὶ
909 2791 968 2843 ἐν
1015 2791 1187 2862 ἑτέρῳ
1233 2792 1416 2863 τόπῳ·
1464 2812 1482 2844 ι
1522 2789 1658 2846 Εἷπε
1699 2794 1753 2846 66

1865 2788 1928 2843 Et
1959 2789 2015 2844 in
2041 2789 2153 2844 alio
2171 2790 2291 2845 loco
2321 2809 2334 2845 :
2361 2811 2379 2841 ι
2406 2790 2554 2846 Dixit
2590 2801 2769 2847 autem
2793 2790 3056 2848 Dominus
3103 2794 3170 2848 ad
3198 2793 3435 2850 Mosem:

154 2881 373 2954 Κύριος
427 2881 565 2954 πρὸς
623 2883 857 2952 Μωσῆν·
901 2882 1145 2946 Βάδισον,
1194 2884 1291 2936 καὶ
1351 2883 1615 2957 ὁδήγησον
1665 2886 1753 2939 τὸν

1865 2878 2036 2943 Vade,
2068 2886 2122 2934 et
2149 2879 2260 2934 dux
2292 2888 2414 2935 esto
2432 2880 2598 2950 hujus
2627 2882 2817 2951 populi
2846 2881 2913 2935 ad
2939 2883 3118 2935 locum
3144 2896 3304 2950 quem
3326 2880 3439 2937 dixi

153 2973 296 3027 λαὸν
329 2976 412 3037 είς
435 2974 528 3026 τὸν
554 2973 719 3026 τόπον
743 2973 801 3026 ὃν
827 2973 1027 3045 εἴρηκά
1054 2991 1136 3027 σοι
1155 2991 1168 3004 ·
1208 2973 1314 3028 ἰδοὺ
1343 2976 1370 3027 6
1395 2975 1625 3044 ἄγγελός
1657 2993 1753 3048 μου

1865 2970 1980 3037 tibi;
2007 2986 2134 3027 ecce
2172 2973 2398 3042 angelus
2421 2989 2576 3028 meus
2593 2974 2867 3029 antecedit
2894 2974 3028 3029 te”.
3061 2993 3080 3026 1
3109 2973 3174 3027 Et
3198 2989 3392 3030 rursus
3423 2995 3437 3030 :

154 3063 571 3136 προπορεῦεται
612 3065 718 3136 πρὸ
737 3063 1029 3135 προσώπου
1058 3083 1172 3119 σου.
1204 3085 1222 3118 ι
1253 3066 1365 3120 Καὶ
1389 3067 1579 3123 πάλιν·
1606 3087 1625 3120 ι
1649 3069 1753 3122 Καὶ

1868 3081 1888 3114 ι
1911 3060 1980 3116 Ει
1995 3063 2135 3117 dixit
2158 3063 2422 3119 Dominus
2458 3065 2526 3119 ad
2562 3065 2762 3121 Mosem
2783 3085 2795 3120 :
2817 3066 2940 3131 Abi,
2972 3074 3026 3120 et
3046 3065 3283 3122 ascende
3311 3067 3440 3122 hinc

151 3115 533 3228 esset,
596 3115 1024 3227 satias;
1064 3115 1363 3229 ᾗέρεὶςᾷὖῖ
1387 3115 1753 3232 ἐέᾷιῖἐινάὶέῇὄὲ

1865 3156 1920 3204 ιιι
1963 3157 2018 3205 et
2047 3152 2306 3222 populus,
2349 3173 2367 3205 1
2392 3163 2447 3208 et
2486 3162 2683 3210 caetera
2713 3175 2727 3210 :
2753 3154 2864 3209 «Et
2905 3172 3014 3210 una
3055 3156 3268 3212 mittam
3315 3165 3443 3213 ante

155 3248 424 3302 ἐντεῦθεν
479 3248 543 3300 σὺ
579 3249 674 3301 καὶ
719 3250 748 3301 6
785 3248 940 3311 λαός·
981 3267 1000 3301 ι
1035 3249 1130 3302 καὶ
1172 3249 1241 3304 τὰ
1265 3250 1412 3322 έξῆς·
1453 3253 1602 3306 «Καὶ
1638 3269 1753 3306 συν-

1865 3239 2055 3296 l'aciem
2087 3251 2237 3297 tuam
2277 3245 2532 3316 angelum
2593 3262 2773 3301 meum
2803 3248 2908 3302 ".1
2959 3246 3054 3303 Ila:
3090 3263 3224 3304 sane
3253 3265 3440 3315 voces,

156 3339 455 3395 ατωστελῶ
504 3339 610 3408 πρὸ
664 3339 958 3409 προσώπου
1005 3357 1099 3393 σου
1149 3342 1240 3396 τὸν
1293 3342 1524 3412 ἄγγελόν
1567 3361 1691 3415 μου.
1732 3363 1752 3397 1

1865 3334 2005 3405 quod
2044 3349 2156 3390 non
2195 3337 2375 3408 angeli
2406 3338 2504 3393 sed
2538 3339 2711 3395 solius
2745 3337 2843 3396 Dei
2873 3341 3007 3406 sint,
3041 3342 3338 3414 unicuique
3361 3343 3447 3398 ian

151 3429 339 3487 Δῦται
381 3432 466 3486 ὅτι
521 3432 596 3502 μὴ
636 3431 892 3500 ἀγγέλου,
931 3431 1094 3502 μόνου
1121 3432 1177 3486 66
1227 3433 1362 3487 Θεοῦ
1408 3435 1649 3504 γένοιντο
1694 3435 1753 3491 ἂν

1865 3427 1965 3482 cile
1986 3435 2242 3484 constare
2270 3436 2474 3499 potest.
2503 3429 2678 3500 Cujus
2707 3446 2872 3502 porro
2896 3431 3014 3499 Dei,
3043 3433 3146 3489 nisi
3180 3435 3303 3504 ejus
3346 3442 3444 3506 qut

153 3524 368 3594 φωναὶ,
396 3524 559 3576 παντί
589 3540 668 3592 τῳ
698 3523 982 3594 πρόδηλον.
1007 3523 1143 3577 Θεοῦ
1172 3524 1229 3579 δὲ
1255 3525 1431 3590 τίνος,
1467 3526 1616 3597 ἢτοῦ
1647 3529 1753 3592 τοῖς

1865 3519 2058 3590 priscis
2079 3521 2334 3591 patribus
2364 3523 2436 3578 sit
2456 3522 2650 3579 visus?
2670 3539 2832 3594 quem
2862 3525 3116 3595 angelum
3146 3524 3242 3582 Dei
3279 3527 3444 3597 plane

151 3616 544 3688 προπάτορσιν
593 3616 946 3687 ἐωραμένου;
998 3616 1058 3669 ὃν
1110 3619 1338 3686 ἄγγελον
1383 3619 1517 3673 Θεοῦ
1572 3621 1762 3690 σαφῶς

153 3711 468 3781 προσεῖπεν
497 3712 526 3763 ό
558 3708 769 3762 Ἰακώϐ.
799 3702 968 3772 Οὗτος
999 3710 1057 3764 66
1088 3706 1157 3781 ἦν
1176 3714 1308 3782 ἡμῖν
1335 3715 1362 3765 6
1394 3712 1530 3766 Θεοῦ
1566 3713 1759 3782 Λόγος,

154 3799 319 3853 ὼσὰν
355 3801 452 3862 καὶ
481 3799 616 3853 Θεοῦ
647 3803 778 3863 παῖς
800 3801 893 3853 καὶ
909 3801 1090 3865 αὐτὸς,
1107 3801 1261 3868 Θεὸς,
1281 3804 1375 3857 καὶ
1401 3803 1606 3876 Κύριος
1629 3805 1764 3858 ώνο-

160 3894 477 3967 μασμένος.

688 3987 1084 4040 ΚΕΦΑΛΑΙΟΝ
1125 3989 1242 4054 ις’.

168 4077 276 4145 Ὠς
306 4079 342 4131 ὀ
366 4076 556 4143 αὐτὸς
585 4078 804 4150 Κύριος
832 4078 966 4150 περὶ
991 4077 1197 4150 ἐτέρου
1227 4078 1498 4135 διδάσκει
1516 4082 1757 4150 Κυρίου.

633 4149 778 4202 Ἀπὸ
812 4149 920 4203 τοῦ
961 4149 1320 4219 Δεκαλόγου.

244 4259 266 4292 ς
309 4237 455 4308 Ἐγώ
481 4241 597 4309 εἰμι
625 4239 830 4311 Κύριος
853 4243 882 4295 6
916 4239 1050 4305 Θεός
1079 4258 1198 4305 σου,
1228 4243 1256 4294 ὁ
1281 4241 1564 4311 ἐξαγαγών
1594 4261 1653 4297 σε
1696 4246 1762 4300 ἐκ

160 4333 277 4403 τῆς
299 4333 580 4402 Αἰγύπτου
604 4373 620 4398 ,
674 4333 732 4402 ἐξ
763 4335 916 4388 οἴκου
962 4334 1220 4399 δουλείας.
1251 4335 1365 4388 Οὐκ
1417 4335 1630 4389 ἔσονταί
1680 4353 1762 4391 σοι

158 4426 284 4481 θεοὶ
313 4425 494 4498 ἕτεροι
510 4426 649 4498 πλὴν
675 4426 831 4498 ἐμοῦ,
858 4445 876 4478 1
905 4426 1086 4481 καὶτὰ
1107 4426 1254 4497 ἑξῆς·
1286 4447 1304 4479 ι
1343 4427 1483 4496 Ἐγὼ
1509 4429 1617 4498 γάρ
1646 4429 1761 4499 είμι

1861 3612 2157 3683 appellavit
2200 3611 2395 3670 Iacob.
2446 3614 2563 3670 Hoc
2606 3623 2792 3672 autem
2841 3617 3005 3673 nobis
3060 3617 3152 3673 Dei
3197 3615 3441 3676 Verbum

1861 3705 1984 3772 ft..t,
2017 3713 2207 3779 utpote
2235 3723 2360 3763 cum
2395 3717 2449 3764 et
2482 3708 2576 3765 Dei
2611 3708 2806 3776 Filius,
2827 3720 2880 3766 et
2909 3709 3072 3779 Deus,
3095 3722 3150 3766 et
3177 3711 3444 3771 Dominus

1861 3799 1979 3870 ipse
2013 3800 2085 3854 sit
2111 3801 2452 3856 nominatus.

2463 3983 2697 4040 CAPUT
2729 3983 2870 4041 XVI.

1865 4074 2017 4143 Quod
2046 4074 2184 4130 idem
2202 4075 2459 4132 Dominus
2485 4079 2549 4132 de
2576 4079 2682 4132 alio
2701 4079 2872 4142 docet,
2891 4079 3088 4136 scilicet
3109 4077 3160 4134 F
3163 4080 3278 4138 ilio.
3303 4111 3374 4123 —
3395 4083 3442 4138 Α

2319 4147 2496 4212 decem
2533 4151 2810 4220 prwceplis
2834 4151 2983 4220 legis.

1940 4255 1960 4289 ι
1987 4236 2100 4309 Ego
2131 4254 2252 4294 sum
2284 4238 2550 4296 Dominus
2591 4240 2736 4298 Deus
2776 4253 2922 4309 tuus,
2955 4241 3050 4313 qui
3087 4241 3252 4297 eduxi
3290 4253 3342 4299 te
3367 4243 3438 4300 de

1863 4337 2007 4385 terra
2028 4329 2269 4402 Egypti,
2290 4331 2357 4386 de
2389 4332 2552 4387 domo
2582 4334 2885 4389 servitutis.
2913 4331 3034 4388 Non
3056 4342 3218 4390 erunt
3237 4334 3335 4388 tibi
3366 4333 3444 4388 dii

1865 4423 1960 4477 alii
1991 4431 2190 4494 prater
2218 4439 2324 4487 me,
2350 4443 2368 4475 1
2405 4433 2461 4480 et
2491 4432 2709 4482 caetera.
2750 4444 2769 4478 ι
2796 4425 2908 4497 Ego
2930 4427 3076 4482 enim
3108 4442 3228 4483 sum
3257 4425 3446 4481 Domi-

161 4515 380 4588 Κύριος
405 4517 436 4569 6
483 4517 614 4581 Θεός
645 4534 758 4583 σου,
792 4517 926 4582 Θεὸς
963 4518 1230 4592 ζηλωτής.
1261 4539 1280 4572 ι
1330 4521 1441 4574 Καὶ
1487 4520 1753 4590 ἐπιλέγει·

1867 4530 1973 4568 nus
1998 4515 2142 4570 Deus
2170 4523 2296 4570 tuus
2316 4506 2721 4582 aemulator",1
2756 4525 2810 4572 et
2841 4515 3124 4588 adiungit:
3158 4535 3177 4568 ι
3200 4515 3320 4572 Νοιι
3353 4533 3449 4572 su-

164 4625 188 4659 c
216 4607 298 4660 υὺ
329 4606 476 4678 λήψῃ
505 4606 566 4659 τὸ
586 4607 756 4679 ὃνομα
777 4608 982 4680 Κυρίου
1010 4609 1104 4663 τοῦ
1128 4610 1261 4664 Θεοῦ
1292 4629 1385 4664 σου
1411 4613 1502 4665 ἐπὶ
1525 4611 1758 4684 ματαίῳ.

159 4701 247 4755 Οὔ
271 4697 386 4769 γὰρ
413 4699 487 4772 μὴ
520 4700 796 4775 καθαρίσῃ
826 4702 1031 4774 Κύριος
1056 4701 1147 4756 τὸν
1187 4703 1528 4774 λαμϐάνοντα
1554 4705 1615 4758 τὸ
1645 4704 1762 4758 δνο-

165 4807 256 4862 μα
295 4789 464 4843 αὐτοῦ
501 4790 596 4844 ἐπὶ
637 4790 868 4863 ματαίῳ.
894 4811 914 4844 1
952 4792 1246 4846 Κάνταῦθα
1292 4794 1450 4858 αὐτὸς
1489 4796 1519 4846 6
1559 4793 1762 4866 Κύριος

162 4881 307 4953 περὶ
333 4880 523 4950 ἐτέρου
558 4879 768 4952 Κυρίου
797 4881 867 4934 τὰ
907 4882 1246 4953 προκείμενα
1272 4882 1532 4936 διδάσκει.
1575 4881 1761 4936 Εἰπὼν

161 4971 346 5043 γοῦν,
379 4988 398 5021 ι
438 4969 581 5039 Ἐγώ
615 4972 729 5042 εἰμι
765 4970 969 5042 Κύριος
1012 4974 1041 5025 6
1092 4971 1226 5036 Θεός
1271 4990 1389 5037 σου,
1433 4993 1450 5024 ι
1488 4973 1758 5043 ἐπιλέγει·

169 5082 193 5117 c
221 5063 305 5118 Οὐ
501 5062 562 5115 τὸ
580 5062 750 5133 ὄνομα
774 5063 983 5134 Κυρίου
1011 5062 1106 5116 τοῦ
1139 5063 1273 5117 Θεοῦ
1307 5077 1430 5118 σου·
1459 5084 1477 5116 ι
1506 5065 1635 5136 περὶ
1666 5064 1762 5120 τοῦ

165 5151 399 5224 Πατρὸς
433 5150 631 5222 δηλαδὴ
656 5153 751 5206 καὶ
779 5151 915 5205 Θεοῦ
944 5151 1053 5206 τῶν
1073 5153 1207 5207 ὅλων
1227 5155 1256 5205 ὁ
1276 5154 1526 5226 δεύτερος
1562 5155 1765 5228 Κύριος

163 5245 269 5298 τὸν
301 5243 610 5314 θεράποντα
653 5244 1048 5316 μυσταγωγῶν.
1079 5244 1276 5318 Εῦροις
1303 5247 1349 5299 6‘
1385 5246 1451 5300 ἂν
1489 5250 1585 5302 καὶ
1631 5249 1765 5302 ἄλλα

169 5335 356 5409 μυρία
384 5336 451 5390 δι’
478 5335 606 5407 ὅλης
627 5337 728 5409 τῆς
767 5340 919 5410 ἱερᾶς
949 5341 1192 5412 Γραφῆς,
1228 5340 1622 5410 παραπλησίως
1641 5341 1766 5397 τού-

166 5445 295 5493 τοις
333 5427 757 5500 ἐξενηνεγμένα,
795 5431 864 5484 δι’
891 5427 968 5485 ὧν
1007 5434 1036 5484 ὁ
1079 5431 1240 5496 Θεὸς,
1285 5433 1361 5496 ὡς
1405 5433 1534 5506 περὶ
1579 5434 1766 5506 ἐτέρου

166 5518 344 5583 Θεοῦ,
377 5521 474 5573 καὶ
505 5521 668 5585 αὐτὸς
700 5523 730 5576 6
765 5522 989 5594 Κύριος,
1033 5523 1106 5588 ὡς
1143 5527 1271 5595 περὶ
1311 5523 1499 5596 ἐτέρου
1538 5525 1764 5598 Κυρίου,

165 5613 308 5674 τοὺς
340 5612 629 5681 χρησμοὺς
655 5613 914 5667 ἐποιεῖτο.

1865 4619 1985 4659 mes
2008 4619 2207 4660 nomen
2246 4604 2464 4660 Domini
2491 4606 2585 4662 Dei
2623 4607 2699 4662 tui
2714 4607 2768 4662 in
2815 4609 3106 4665 vanum".
3149 4607 3264 4663 Nec
3301 4609 3448 4664 enim

1865 4695 2089 4751 habebit
2114 4697 2386 4752 insontem
2409 4695 2675 4754 Dominus
2699 4714 2822 4754 eum
2848 4699 2942 4770 qui
2967 4699 3327 4768 assumpserit
3354 4713 3452 4752 no-

1867 4802 1989 4842 men
2007 4788 2220 4843 Domini
2235 4789 2319 4845 sui
2334 4788 2556 4845 frustra.
2570 4808 2590 4842 1
2612 4788 2728 4845 Hoc
2740 4792 2902 4846 etiam
2918 4791 3038 4845 loco
3054 4791 3171 4860 ipse
3185 4788 3450 4845 Dominus

1866 4894 1930 4934 ea
1969 4896 2092 4951 quae
2120 4884 2367 4952 exposita
2395 4890 2524 4938 sunt
2557 4884 2624 4938 de
2662 4884 2770 4938 alio
2785 4882 2965 4944 docet.
3002 4881 3282 4953 Siquidem
3317 4895 3445 4959 cum

1864 4972 2102 5036 dixerit,
2124 4991 2142 5023 ι
2168 4973 2281 5044 Ego
2311 4990 2431 5030 sum
2455 4975 2717 5030 Dominus
2765 4975 2906 5030 Deus
2930 4983 3080 5042 tuus,
3110 4995 3130 5028 1
3161 4974 3408 5044 adjungit
3432 4991 3449 5030 :

1872 5081 1890 5115 ι
1915 5063 2034 5118 Non
2078 5081 2264 5120 sumes
2293 5083 2494 5122 nomen
2521 5067 2736 5123 Domini
2766 5067 2861 5125 Dei
2877 5069 2990 5123 tui:
3024 5087 3042 5120 1
3066 5066 3229 5140 243
3250 5067 3454 5136 quippe

1865 5171 1989 5211 cum
2003 5155 2069 5212 de
2095 5155 2258 5213 Patre
2279 5167 2332 5214 et
2354 5157 2465 5214 Deo
2487 5161 2750 5226 universi,
2775 5162 2823 5216 is
2837 5161 2931 5232 qui
2961 5160 3028 5216 ab
3048 5161 3140 5215 illo
3163 5169 3248 5216 est
3270 5159 3456 5215 Domi-

1865 5264 1993 5313 nus,
2027 5265 2186 5303 suum
2211 5266 2428 5306 servum
2455 5253 2630 5308 sacris
2655 5253 2856 5308 initiet.
2873 5251 2994 5307 Alia
3007 5261 3266 5324 prmterea
3285 5252 3450 5306 innu-

1869 5342 2156 5397 merabilia
2201 5343 2447 5399 invenies
2479 5359 2576 5415 per
2617 5352 2788 5400 totam
2825 5345 3168 5417 Scripturam
3209 5359 3450 5410 sacram,

1869 5445 1990 5500 quae
2031 5434 2224 5488 eadem
2270 5434 2479 5490 ratione
2508 5451 2617 5506 qua
2664 5436 2780 5492 haec
2827 5437 3112 5494 enuntiata
3156 5446 3308 5504 sunt,
3359 5437 3454 5492 ubi

1868 5521 2029 5578 Pater
2067 5532 2330 5595 tanquam
2381 5527 2448 5580 de
2475 5528 2580 5583 alia
2610 5545 2870 5600 persona,
2920 5539 2974 5586 et
3026 5531 3146 5601 ipse
3189 5529 3456 5586 Dominus

1871 5623 2128 5687 tanquam
2153 5616 2222 5674 de
2267 5618 2374 5673 alio
2422 5622 2682 5690 quodam,
2719 5624 2943 5679 oracula
2973 5624 3257 5680 reddebat.

255 5768 304 5799 "
333 5765 510 5821 Exod.
539 5781 698 5831 χχιιι,
728 5767 922 5832 εοβι.
997 5770 1044 5800 ⁷³
1079 5770 1228 5826 Exod
1282 5787 1456 5840 xxx",
1487 5772 1575 5829 54.
1652 5774 1697 5805 τ’
1733 5772 1753 5827 Ι

1865 5774 1902 5830 l.
1933 5789 2130 5843 χχχιιι,
2163 5776 2288 5846 l,2.
2368 5777 2413 5810 ⁷³
2443 5776 2613 5835 Exod.
2655 5779 2891 5846 311,2-5.
2965 5781 3014 5814 "
3052 5779 3188 5835 ibid.
3233 5817 3277 5838 ..

510 5860 783 5922 Ριτιιοι..
817 5865 933 5926 Gn.
974 5865 1176 5929 XXll.

3098 5871 3173 5932 13
