3846 6218
380 297 480 352 ὅ95

379 527 532 599 Quod
564 545 609 583 ιδ
642 523 1128 584 ηινειιδυοηιίηιιε,
1177 519 1265 591 qui
1294 514 1440 599 Mosi
1477 527 1730 599 respousa
1759 503 1945 599 dqba},

435 602 603 656 alium
643 577 821 666 ἆᾱιάᾱ
847 603 962 649 erat
998 577 1306 666 agnoscens,
1337 577 1781 652 Patrem'utique,
1813 577 1949 630 hunc

448 675 619 742 ipsum
651 663 806 721 suum
833 665 1002 720 Deum
1025 663 1266 717 vocabat.

455 806 473 838 ι
499 786 564 839 Ει
595 784 733 840 dixit
755 781 1023 835 Dominus
1061 778 1129 832 ad
1159 776 1399 846 Moysem
1427 793 1440 828 :
1466 771 1532 824 Et
1571 771 1676 823 hoc
1706 765 1803 820 tibi
1838 779 1953 819 ver-

381 883 530 942 bum,
568 877 717 948 quod
740 873 950 937 dixisti,
980 871 1199 925 faciam.
1238 864 1499 922 Invenisti
1533 862 1678 916 enim
1717 858 1950 929 gratiam

379 987 564 1027 coram
582 985 689 1034 me,
709 977 759 1024 et
775 965 904 1022 novi
917 973 970 1019 te
983 971 1179 1034 pra-ter
1191 975 1404 1015 omnes.
1419 977 1436 1009 ι
1462 956 1527 1011 Ει
1551 956 1688 1010 dixit
1706 953 1917 1025 Moyses
1937 969 1950 1004 :

385 1084 404 1116 ι
425 1061 662 1118 Ostende
683 1059 978 1113 mibituam
997 1056 1248 1124 gloriam.
1264 1072 1282 1103 ι
1300 1051 1366 1104 Et
1382 1050 1520 1105 dixit
1536 1069 1548 1104 :
1563 1069 1580 1100 ι
1602 1047 1714 1118 Ego
1736 1043 1954 1100 anteibo

380 1156 530 1226 prior
572 1162 627 1208 te
659 1151 832 1222 gloria
868 1163 1012 1213 mea,
1045 1153 1100 1201 et
1122 1146 1330 1200 vocabo
1365 1144 1422 1197 in
1453 1141 1675 1196 nomine
1699 1153 1818 1193 meo
1845 1136 1953 1191 Do-

379 1245 590 1298 minum
627 1255 809 1298 coram
839 1249 913 1304 te,
946 1246 1002 1293 et
1040 1235 1346 1292 miserabor
1379 1232 1758 1302 cujuscunque
1789 1227 1956 1282 mise-

380 1347 528 1400 reor,
575 1341 630 1388 et
674 1333 918 1386 clemens
966 1343 1062 1384 ero
1103 1342 1232 1397 erga
1265 1337 1652 1395 quemcunque
1690 1335 1810 1376 sum
1844 1318 1954 1374 cle-

380 1427 618 1483 mens".
646 1445 664 1476 ι
689 1423 754 1477 Et
782 1432 906 1493 post
934 1422 1043 1475 alia
1081 1419 1352 1488 adjungit,
1379 1425 1543 1486 atque
1569 1415 1644 1468 ait
1668 1433 1680 1467 :
1707 1431 1725 1464 ι
1765 1410 1830 1464 Et
1869 1410 1959 1466 de-

381 1518 598 1576 scendit
620 1514 956 1570 Dominusin
979 1512 1142 1576 nube,
1170 1519 1226 1567 et
1243 1509 1452 1565 adstitit
1478 1509 1527 1562 ei
1557 1507 1687 1564 illic.
1715 1513 1768 1560 et
1795 1517 1955 1558 voca.

379 1611 457 1664 vit
498 1608 556 1662 in
624 1605 847 1661 nomine
890 1600 1140 1655 Domini:
1191 1606 1246 1654 et
1283 1596 1537 1652 transivit
1585 1593 1850 1647 Dominus
1901 1589 1960 1643 in

378 1701 601 1756 nomine
649 1698 844 1769 ipsius,
879 1702 934 1751 et
974 1693 1224 1748 vocavit:
1249 1689 1500 1752 Domine,
1528 1685 1780 1748 Domine,
1819 1681 1958 1736 Deus
1989 1732 2032 1788 Β

317 1861 322 1866 ,
379 1793 622 1850 clemens
647 1798 701 1845 et
735 1787 1073 1848 misericors,
1104 1780 1457 1852 longanimis,
1492 1785 1546 1833 et
1574 1777 1758 1830 multa:
1801 1773 1959 1826 mise-

378 1881 633 1944 rationis,
678 1885 734 1932 et
778 1890 966 1942 verax,
1008 1881 1064 1928 et
1106 1871 1381 1942 justitiam
1441 1880 1691 1928 servans,
1747 1862 1956 1917 faciens

379 1971 816 2031 misericordiam
867 1970 921 2023 in
986 1964 1178 2027 millia,
1229 1960 1485 2016 auferens
1541 1955 1863 2026 iniquitates
1902 1961 1956 2009 ct

381 2063 701 2135 injustitias,
726 2066 780 2114 et
798 2062 1021 2129 peccata
1055 2070 1069 2106 :
1099 2060 1154 2109 et
1198 2051 1521 2124 purgatione
1543 2063 1655 2135 non
1703 2044 1957 2116 purgabit

381 2168 566 2208 reum:
601 2149 869 2208 inducens
902 2151 1125 2217 peccata
1157 2149 1374 2214 patrum
1421 2141 1478 2193 in
1509 2135 1672 2202 ﬁlios,
1720 2147 1774 2190 et
1816 2135 1956 2189 filios

381 2243 642 2306 ﬁliorum,
676 2242 731 2295 in
772 2233 993 2294 tertiam
1051 2246 1106 2293 et
1136 2243 1388 2307 quartam
1419 2225 1825 2304 generationem
1855 2249 1868 2283 :
1901 2236 1956 2283 et

379 2350 506 2390 cum
537 2335 852 2390 festinasset
910 2331 1109 2397 Moses,
1155 2335 1416 2384 curvatus
1449 2327 1506 2379 in
1539 2328 1739 2380 terram
1761 2323 1956 2377 adora-

379 2427 456 2480 vit
472 2427 537 2478 ⁷⁸.
565 2445 583 2478 ι
616 2423 1090 2496 Contemplamini,
1113 2434 1320 2492 quaeso,
1345 2432 1582 2488 quonam
1607 2416 1768 2471 modo
1792 2415 1955 2469 etiam

380 2532 530 2573 nunc
583 2518 701 2588 ipse
745 2516 1027 2583 Dominus,
1079 2515 1172 2585 qui
1231 2516 1288 2568 in
1346 2512 1491 2567 nube
1539 2507 1847 2571 descendit,
1903 2515 1957 2562 et

381 2611 518 2667 Mosi
575 2610 787 2666 adstitit
829 2611 886 2664 in
932 2609 1152 2663 nomine
1192 2606 1427 2670 Domini,
1468 2603 1743 2659 vocaverit
1788 2603 1954 2655 alium

381 2712 580 2776 praeter
612 2705 876 2774 seipsum,
911 2703 1006 2772 qui
1041 2702 1236 2757 solitus
1267 2699 1339 2755 sit
1376 2713 1444 2754 ex
1477 2695 1956 2765 conduplicatione

378 2797 465 2851 bis
495 2794 762 2848 Dominus
806 2791 1092 2862 appellari,
1127 2799 1388 2858 tanquam
1431 2803 1578 2850 eum,
1625 2801 1656 2839 a
1690 2799 1800 2855 quo
1839 2785 1954 2854 ipse

381 2889 473 2952 sit,
511 2886 846 2956 reliquorum
876 2884 1119 2938 omnium
1147 2882 1239 2950 jus
1261 2887 1700 2951 potestatemque
1723 2879 1952 2939 habens,

382 2978 476 3034 Dei
504 2977 728 3032 nomine
755 2975 1082 3036 celebretur,
1101 2986 1262 3026 suum
1296 2970 1485 3039 utique
1507 2966 1724 3021 Patrem
1747 2985 1761 3033 ;
1789 2973 1952 3035 atque

1068 284 1338 343 EUSEBH
1378 271 1855 338 CAESARIENSIS
1892 267 2282 340 OPP..PARS.
2325 266 2388 322 ll.
2430 297 2499 306 —
2536 265 3036 322 APOLOGETICA.

943 406 1164 466 CAPU’!
1206 402 1372 458 XVII.
1986 389 2028 445 Α

3536 271 3647 328 396

2587 383 2982 436 ΚΕΦΑΛΑΙΟΝ
3007 384 3107 436 lZ'.

2067 495 2164 562 Ὠς
2186 497 2370 562 αὐτὸς
2393 493 2567 562 αὖθις
2598 501 2630 549 ό
2654 495 2732 560 τῷ
2781 494 2987 548 Μωσεῐ
3009 492 3378 563 χρηματίζων
3398 496 3642 563 Κύριος,

2124 568 2328 635 ἕτερον
2371 569 2590 635 Κύριον
2631 566 2943 634 κρείττονα
2993 564 3211 618 ἑαυτοῦ
3257 564 3364 618 τὸν
3411 566 3650 633 Πατέρα

2125 634 2494 708 γιγνώσκων,
2522 637 2738 690 τοῦτον
2764 637 3056 704 ἀληθινὸν
3090 634 3239 688 Θεὸν
3270 635 3644 690 ἀνεκαλεῖτο.

2138 771 2157 805 ι
2208 752 2318 806 Kal
2380 746 2500 803 εἷπε
2561 751 2766 821 Κύριος
2805 749 2942 820 πρὸς
2991 748 3236 819 Μωσῆν·
3297 749 3409 801 Kal.
3451 747 3644 802 τοῦτόν

2061 864 2143 901 σοι
2194 845 2285 900 τὸν
2335 844 2514 914 λόγον,
2557 843 2616 897 ὃν
2671 843 2919 914 εἴρηκας,
2957 841 3185 912 ποιήσω.
3231 839 3490 911 Εὖρηκας
3532 839 3643 912 γάρ

2057 941 2218 1011 χάριν
2243 937 2474 992 ἐνώπιόν
2510 953 2634 1008 μου,
2669 936 2764 989 καὶ
2785 931 2903 988 οἶδά
2933 951 2991 986 σε
3020 933 3170 1004 παρὰ
3205 933 3434 996 πάντας.
3475 952 3495 983 ι
3533 933 3648 984 Καὶ

2056 1028 2176 1086 εἷπε
2209 1031 2434 1102 Μωσῆς·
2464 1049 2482 1080 ι
2511 1027 2693 1093 Δεῖξόν
2729 1045 2821 1098 μοι
2874 1028 2974 1098 τὴν
3015 1024 3245 1079 σεαυτοῦ
3267 1025 3444 1091 δόξαν.
3485 1044 3506 1076 ι
3533 1025 3646 1078 Καὶ

2059 1120 2210 1177 εἶπεν
2230 1140 2243 1152 ·
2277 1141 2295 1174 ι
2340 1121 2482 1190 Ἐγὼ
2515 1120 2961 1193 προπορεύσομαι
2995 1119 3263 1190 πρότερός
3300 1135 3392 1171 σου
3415 1121 3483 1188 τῇ
3513 1117 3643 1190 δόξῃ

2062 1233 2187 1288 μου,
2209 1216 2304 1269 καὶ
2328 1214 2542 1268 καλέσω
2565 1216 2623 1268 ἐν
2648 1213 2873 1282 ὀνόματί
2899 1230 3001 1282 μου
3025 1211 3227 1283 Κύριον
3243 1211 3495 1281 ,ἐναντίον
3523 1228 3641 1274 σου,

2058 1312 2153 1364 καὶ
2181 1309 2388 1380 ἐλεήσω
2452 1307 2511 1361 ὃν
2563 1308 2629 1362 ἂν
2670 1305 2826 1370 ἐλεῶ,
2870 1307 2965 1360 καὶ
2990 1306 3340 1376 ὀἰκτειρήσω
3371 1303 3430 1356 ὃν
3467 1304 3533 1357 ἂν
3565 1305 3646 1356 ol-

2060 1403 2282 1476 κτείρω.
2321 1420 2339 1452 ι
2372 1400 2483 1452 Καὶ
2544 1399 2662 1471 μεθ’
2709 1398 2872 1469 ἔτερα
2918 1397 3172 1468 ἐπιφέρει
3227 1397 3428 1464 λέγων·
3472 1415 3490 1445 r
3529 1394 3646 1449 Καὶ

2060 1497 2262 1567 κατέϐη
2276 1495 2480 1567 Κύριος
2498 1496 2554 1547 ἐν
2574 1493 2797 1566 νεφέλῃ,
2818 1493 2913 1545 καὶ
2930 1492 3179 1562 παρέστη
3207 1489 3357 1560 αὑτῷ
3392 1491 3531 1553 ἐκεῖ,
3549 1489 3649 1541 καὶ

2060 1590 2320 1661 ἐλάλησεν
2355 1591 2412 1642 ἐν
2457 1587 2681 1656 ὀνόματι
2732 1584 2938 1656 Κυρίου
2963 1601 2977 1614 ·
3010 1583 3104 1637 καὶ
3151 1581 3398 1653 παρῆλθε
3437 1581 3650 1652 Κύριος

2061 1685 2119 1738 ὲν
2163 1683 2388 1752 ὀνόματι
2425 1678 2616 1743 αὐτοῦ,
2660 1677 2759 1731 καὶ
2803 1677 3068 1729 ἐκάλεσεο
3108 1674 3301 1744 Κύριε,
3357 1673 3557 1745 Κύριε,
3613 1673 3650 1724 6

2059 1775 2191 1838 Θεὸς
2229 1761 2526 1844 οἰκτίρμων
2586 1771 2679 1824 καὶ
2711 1771 2978 1840 ἐλεήμων,
3029 1765 3382 1838 μακρόθυμος
3415 1765 3511 1818 καὶ
3545 1780 3649 1817 πο-

2057 1866 2300 1929 λυέλεος,
2346 1864 2442 1918 καὶ
2480 1861 2769 1932 ἀληθινὸς,
2816 1862 2911 1914 καὶ
2957 1857 3300 1928 δικαιοσύνην
3341 1855 3645 1927 διατηρῶν,

2057 1957 2226 2011 ποιῶν
2253 1955 2400 2020 ἔλεος
2428 1957 2508 2018 είς
2547 1953 2810 2024 χιλιάδας,
2836 1951 3084 2023 ἀφαιρῶν
3116 1950 3365 2020 ἀνομίας,
3400 1949 3495 2001 καὶ
3527 1947 3650 2001 ἀδι-

2057 2049 2201 2112 κίας,
2235 2048 2330 2102 καὶ
2361 2046 2636 2118 ἁμαρτίας
2656 2063 2667 2074 ·
2699 2045 2793 2098 καὶ
2826 2043 3154 2115 καθαρισμῷ
3179 2043 3238 2094 οὺ
3273 2041 3528 2111 καθαριεῖ
3551 2039 3648 2091 τὸν

2057 2143 2262 2212 ἔνοχον,
2311 2141 2540 2207 ἀπάγων
2585 2137 2864 2209 ἁμαρτίας
2907 2135 3159 2207 πατέρων
3189 2135 3282 2186 ἐπὶ
3311 2133 3500 2196 τέκνα,
3550 2131 3650 2186 καὶ

2057 2235 2226 2288 τέκνα
2249 2233 2476 2295 τέκνων,
2514 2232 2606 2284 ἐπὶ
2635 2231 2825 2302 τρίτην
2849 2229 2942 2282 καὶ
2975 2229 3241 2298 τετάρτην
3266 2226 3460 2292 γενεάν
3489 2244 3504 2255 ·
3546 2226 3648 2278 καὶ

2059 2326 2300 2389 σπεύσας
2345 2327 2583 2394 Μωσῆς,
2635 2323 2812 2392 κύψας
2850 2322 2944 2374 ἐπὶ
2987 2321 3085 2391 τὴν
3133 2319 3238 2388 γῆν
3292 2317 3648 2390 προσεκύνη-

2059 2435 2169 2473 σεν.
2209 2437 2227 2468 ι
2259 2417 2400 2487 Ὅρα
2433 2415 2497 2486 δὴ
2523 2415 2646 2469 τίνα
2670 2414 2870 2486 τρόπον
2898 2413 2992 2466 καὶ
3015 2411 3110 2464 νῦν
3143 2409 3304 2474 αὐτὸς
3331 2412 3359 2462 6
3385 2408 3594 2480 Κύριος
3615 2409 3654 2460 ὁ

2062 2509 2301 2574 καταϐὰς
2325 2508 2584 2562 ἐκάλεσεν
2629 2508 2689 2560 ἐν
2742 2505 2963 2576 νεφέλῃ,
2996 2503 3092 2558 καὶ
3130 2501 3206 2572 τῷ
3235 2503 3425 2555 Μωσεῖ
3462 2517 3648 2572 παρα-

2059 2601 2191 2665 στὰς
2223 2602 2282 2653 ἐν
2342 2598 2566 2668 ὀνόματι
2614 2595 2844 2667 Κυρίου,
2879 2594 3066 2662 ἕτερον
3099 2591 3228 2660 παρ’
3262 2589 3477 2651 ἑαυτὸν,
3516 2604 3646 2639 συν-

2057 2693 2204 2763 ήθως
2231 2690 2374 2744 κατὰ
2415 2689 2782 2743 ἀναδίπλωσιν
2808 2685 2889 2749 δὶς
2935 2683 3138 2755 Κύριον
3186 2681 3644 2750 ἐπικαλούμενον,

2058 2783 2206 2837 ὼσάν
2248 2784 2343 2835 καὶ
2377 2778 2569 2834 ἐαυτοῦ
2601 2782 2695 2833 καὶ
2722 2779 2828 2832 τῶν
2857 2776 3059 2830 λοιπῶν
3085 2773 3339 2828 ἁπάντων
3370 2773 3647 2842 δεσπότην

2059 2876 2496 2946 θεολογούμενον,
2529 2874 2619 2927 τὸν
2658 2871 2852 2925 ἑαυτοῦ
2900 2872 3148 2942 Πατέραο
3194 2868 3290 2922 καὶ
3333 2869 3416 2920 ὅτι
3467 2883 3533 2934 γε
3587 2868 3652 2917 ἐν

2059 2969 2265 3034 τούτοις
2304 2970 2364 3022 ού
2412 2968 2651 3038 Μωσῆς,
2687 2967 2763 3030 ὡς
2806 2965 2872 3019 ἂν
2917 2964 3177 3018 ὑπολάϐοι
3227 2979 3330 3025 τις,
3365 2959 3503 3014 ἀλλά
3536 2958 3649 3029 γάρ

379 3073 508 3125 utin
531 3070 618 3124 his
647 3083 760 3121 non
811 3065 1010 3128 Moses,
1047 3064 1191 3119 sicut
1215 3062 1445 3118 forsitan
1470 3059 1741 3129 quispiam
1771 3058 1953 3126 suspi-

2064 3063 2222 3126 αὐτὸς
2254 3065 2282 3116 ὁ
2330 3061 2534 3134 Κύριος
2581 3060 2766 3129 ἕτερον
2810 3057 3013 3126 Κύριον
3061 3056 3151 3108 τὸν
3193 3053 3414 3125 Πατέρα
3464 3052 3646 3114 καλεῖ,

379 3171 557 3226 cetur,
599 3161 695 3216 sed
745 3162 865 3230 ipse
909 3158 1173 3212 Dominus
1202 3156 1368 3210 alium
1408 3168 1570 3209 suum
1599 3151 1816 3206 Patrem
1852 3166 1953 3205 vo-

379 3265 506 3310 cat:
535 3263 662 3309 ante
705 3254 851 3308 enim
891 3252 938 3306 is
995 3251 1088 3320 qui
1129 3248 1262 3304 Mosi
1299 3247 1599 3318 respondit,
1650 3247 1756 3302 ait:
1796 3264 1815 3298 ι
1843 3245 1954 3316 Ego

377 3347 628 3403 transibo
654 3345 806 3416 prior
839 3351 893 3399 te
941 3343 1114 3413 gloria
1151 3357 1295 3406 mea,
1322 3350 1375 3396 et
1396 3341 1605 3394 vocabo
1635 3340 1691 3394 in
1732 3341 1954 3396 nomine

381 3439 616 3496 Domini.
648 3457 666 3490 ι
705 3434 806 3492 Ubi
837 3437 1002 3506 igitur
1036 3435 1139 3489 hoc
1176 3434 1333 3494 dixit,
1385 3432 1666 3502 Scriptura
1696 3433 1953 3503 deinceps

380 3534 556 3588 instar
567 3531 896 3585 narrationis
908 3529 1151 3598 adjungit
1171 3525 1355 3598 ι244
1371 3545 1387 3575 ι
1402 3525 1466 3579 Ει
1479 3525 1756 3581 descendit
1770 3524 1955 3579 Domi-

381 3642 487 3681 nus
515 3627 572 3680 in
602 3625 765 3688 nube,
791 3629 845 3678 et
873 3622 1088 3677 adstitit
1108 3622 1158 3676 ei
1182 3623 1314 3686 illic,
1340 3629 1393 3675 et
1414 3622 1629 3675 vocavit
1655 3621 1709 3674 in
1735 3619 1953 3674 nomine

381 3717 652 3771 Domini.»
705 3715 874 3786 Igitur
911 3715 1029 3784 ipse
1058 3713 1320 3768 Dominus
1348 3713 1476 3766 dum
1507 3722 1612 3776 est,
1651 3712 1792 3782 quod
1827 3727 1954 3780 pro-

380 3809 624 3870 miserat,
661 3814 1042 3877 praestaturus,
1073 3803 1378 3867 descendit,
1405 3809 1458 3857 et
1491 3801 1951 3873 quemadmodum

377 3899 544 3953 verba
576 3900 694 3968 ipsa
715 3897 1044 3968 significant,
1069 3895 1417 3966 progreditur
1447 3905 1572 3949 ante
1619 3893 1813 3948 faciem
1841 3894 1955 3948 Mo-

380 3991 480 4045 sis.
510 3989 628 4060 Ipse
670 3997 850 4042 autem
892 3988 1156 4041 Dominus
1199 3993 1357 4040 vocat
1398 3986 1620 4040 dicens:
1681 4002 1700 4034 ι
1727 3983 1954 4038 Domine

381 4077 545 4138 Deus,
587 4077 827 4132 clemens
855 4084 908 4131 et
934 4077 1268 4138 misericors,
1306 4096 1323 4127 ι
1362 4084 1417 4129 et
1447 4090 1569 4144 qua:
1601 4083 1946 4144 sequuntur:

379 4169 579 4238 quibus
615 4169 797 4224 verbis
842 4169 1002 4238 plane
1045 4169 1162 4237 ipse
1193 4168 1455 4222 Dominus
1497 4183 1654 4223 suum
1712 4184 1951 4236 servum,

380 4269 435 4314 et
463 4261 706 4330 seipsum
733 4260 989 4330 quisnam
1028 4268 1192 4323 esset,
1226 4268 1280 4314 et
1308 4259 1534 4329 ingeniti
1563 4259 1775 4313 Domini
1810 4261 1950 4312 noti-

380 4349 534 4412 tiam,
567 4349 726 4419 quasi
775 4351 948 4404 sacris
984 4349 1209 4402 initians
1253 4349 1430 4402 docet.
1474 4348 1586 4402 Hoc
1620 4365 1746 4404 vero
1773 4350 1949 4418 ipsum

2063 3151 2394 3225 παραλαϐὼν
2441 3151 2600 3214 αὐτὸς
2627 3152 2654 3203 6
2685 3146 3040 3222 χρηματίζων
3079 3145 3156 3216 τῷ
3188 3145 3379 3197 Μωσεῖ
3439 3158 3646 3214 φησιν’

2067 3262 2086 3294 ι
2109 3241 2251 3311 Ἐγὼ
2279 3239 2683 3312 παρελεύσομαι
2714 3238 2980 3311 πρότερός
3009 3253 3102 3289 σου
3133 3238 3200 3306 τῇ
3233 3234 3359 3304 δόξῃ
3391 3250 3512 3304 μου,
3549 3249 3652 3285 κα-

2060 3335 2200 3387 λέσω
2245 3335 2303 3386 ὲν
2347 3333 2570 3402 ὀνόματι
2603 3331 2829 3402 Κυρίου.
2871 3349 2891 3380 ι
2939 3327 3110 3380 Τοῦτο
3155 3324 3286 3395 γοῦν
3332 3323 3647 3394 εἰρηκότος,

2061 3429 2187 3499 ἐξῆς
2212 3409 2451 3496 ἐπιλέγει
2485 3425 2728 3496 ἡΓραφὴ
2758 3419 3166 3494 διηγηματικῶς
3189 3437 3204 3451 ο
3237 3437 3256 3471 ι
3293 3418 3404 3472 Καὶ
3435 3415 3648 3488 κατέϐη

2060 3523 2266 3592 Κύριος
2317 3523 2374 3575 ἐν
2422 3519 2640 3590 νεφέλῃ,
2693 3517 2787 3570 καὶ
2840 3515 3086 3586 παρέστη
3148 3511 3297 3583 αὐτῷ
3353 3513 3488 3572 ἐκεῖ,
3548 3509 3651 3561 καὶ

2060 3613 2318 3667 ἐκάλεσεν
2361 3614 2417 3663 ἐν
2463 3610 2684 3680 ὀνόματι
2726 3609 2954 3680 Κυρίου.
2990 3627 3008 3658 ι
3038 3605 3245 3659 Οὐκοῦν
3280 3604 3444 3666 αὐτὸς
3467 3604 3495 3654 ό
3529 3602 3650 3654 Κύ-

2065 3723 2176 3778 ριος
2195 3705 2292 3776 τὴν
2320 3703 2610 3773 ὑπόσχεσιν
2641 3700 2739 3772 τὴν
2764 3700 2927 3754 αὑτοῦ
2953 3697 3257 3769 πληρώσων
3289 3695 3520 3757 κάτεισι,
3550 3694 3650 3748 καὶ

2061 3797 2248 3868 ῶσπερ
2275 3799 2303 3848 6
2334 3795 2489 3864 λόγος
2537 3792 2694 3863 φησὶ,
2739 3791 2952 3862 πρόεισι
2987 3789 3093 3860 πρὸ
3127 3785 3420 3859 προσώπου
3445 3783 3647 3852 Μωσῆ.

2059 3888 2170 3941 Kal.
2197 3887 2358 3950 αὐτὸς
2387 3885 2451 3956 δὴ
2481 3887 2510 3938 6
2533 3885 2736 3954 Κύριος
2765 3879 2920 3935 καλεῖ
2941 3879 3114 3946 λέγων
3133 3893 3147 3906 θ
3181 3895 3199 3927 ι
3232 3874 3405 3945 Κύριε
3431 3875 3460 3925 6
3488 3873 3651 3937 Θεὸς,

2061 3979 2359 4049 οἰκτίρμων
2406 3977 2500 4030 καὶ
2533 3975 2800 4045 ἐλεήμων,
2861 3991 2880 4023 ι
2927 3970 3022 4024 καὶ
3064 3969 3135 4022 τὰ
3175 3967 3334 4037 ἑξῆς
3390 3963 3580 4034 σαφῶς
3621 3965 3654 4016 6

2061 4072 2265 4142 Κύριος
2292 4070 2381 4122 τὸν
2422 4067 2746 4139 θεράποντα,
2777 4063 2968 4117 ἑαυτόν
3001 4078 3062 4114 τε
3096 4062 3242 4123 ὅστις
3270 4059 3380 4128 εἴη,
3415 4056 3513 4109 xal.
3546 4055 3652 4125 τὴν

2060 4164 2154 4218 τοῦ
2183 4164 2489 4234 κρείττονος
2537 4159 2742 4231 Κυρίου
2796 4157 2997 4227 γνῶσιν
3045 4151 3436 4225 μυσταγωγῶν.
3473 4147 3655 4200 Τοῦτο

2059 4258 2117 4311 δέ
2161 4275 2243 4310 σοι
2286 4256 2650 4327 παραστήσει,
2684 4251 2833 4315 ἔνθα,
2885 4246 3320 4321 προσευχόμενος
3364 4241 3506 4313 ὑπὲρ
3547 4241 3654 4294 τοῦ

2060 4349 2210 4415 λαοῦ,
2269 4347 2378 4400 τῶν
2443 4345 2820 4416 προκειμένων
2870 4340 2964 4394 τοῦ
3035 4339 3243 4409 Κυρίου
3309 4334 3656 4406 μνημονεύει

378 4441 478 4496 tibi
513 4441 828 4509 planissime
861 4440 1257 4494 demonstrabit
1287 4441 1400 4509 ipse
1427 4439 1658 4512 Moyses,
1678 4441 1769 4496 ubi
1795 4457 1955 4496 orans

2066 4441 2279 4512 φωνῶν,
2305 4440 2397 4493 τὸν
2419 4439 2624 4510 Κύριον
2655 4436 2827 4490 ταῦτα
2853 4431 3155 4504 εἰρηκέναι,
3178 4428 3294 4482 ἀλλ’
3321 4429 3423 4480 οὐκ
3457 4427 3652 4490 αὐτὸν,

380 4546 480 4602 pro
509 4531 728 4599 populo,
769 4544 934 4598 supra
974 4530 1250 4597 expositas
1287 4528 1500 4583 Domini
1537 4546 1700 4585 voces
1720 4545 1962 4585 comme-

383 4629 593 4675 morat:
624 4621 737 4674 illic
767 4623 914 4675 enim
946 4621 1238 4689 intelliges,
1265 4619 1554 4674 Dominum
1581 4622 1696 4676 hate
1724 4621 1957 4687 dixisse,

381 4729 491 4787 non
515 4713 690 4782 ipsum
723 4712 986 4784 Moysem,
1006 4729 1128 4766 cum
1161 4713 1326 4768 dicit:
1353 4733 1371 4766 ι
1393 4714 1460 4768 Ει
1494 4731 1640 4768 nunc
1671 4716 1963 4771 extollatur

383 4821 579 4859 manus
605 4813 723 4868 tua,
743 4803 992 4869 Domine,
1017 4806 1472 4875 quemadmodum
1496 4808 1703 4874 dixisti,
1735 4809 1960 4865 dicens:

380 4896 648 4952 Dominus
693 4897 1050 4966 longanimis,
1095 4907 1148 4952 et
1197 4900 1380 4953 multa;
1446 4901 1857 4968 misericordia',
1909 4909 1964 4957 et

383 5004 570 5055 verax,
592 4988 1185 5059 auferensiniquitates
1211 4998 1264 5044 et
1295 4991 1596 5060 injustitias
1626 4999 1679 5047 et
1708 5002 1954 5062 peccata,

383 5089 438 5136 et
489 5081 816 5152 purgatione
851 5096 962 5135 non
998 5083 1249 5152 purgabit
1288 5098 1463 5150 reum,
1489 5086 1583 5154 qui
1620 5085 1803 5141 reddis
1834 5102 1961 5156 pec-

386 5179 510 5226 cata
534 5179 751 5241 patrum
786 5172 842 5226 in
873 5171 1031 5237 filios,
1074 5188 1248 5243 usque
1277 5174 1332 5228 in
1375 5176 1591 5229 tertiam
1628 5185 1681 5231 et
1708 5187 1960 5247 quartam

385 5263 812 5332 generationem.
842 5282 861 5316 ι
912 5262 1156 5319 Observa
1200 5272 1381 5318 autem
1428 5282 1667 5335 quonam
1707 5268 1870 5322 modo
1905 5269 1958 5322 in

387 5354 472 5408 his
502 5354 620 5423 ipse
651 5353 913 5411 Dominus
939 5356 1028 5409 ubi
1055 5355 1270 5412 Patrem
1295 5359 1682 5429 longanimem,
1703 5369 1755 5414 et
1778 5362 1962 5416 multa:

389 5444 778 5500 misericordia:
810 5448 1123 5516 appellavit,
1157 5457 1272 5502 tum
1308 5449 1576 5520 adjungit,
1625 5452 1803 5521 ipsum
1837 5469 1959 5508 esse

387 5551 659 5604 veracem,
701 5539 846 5608 quod
891 5555 1025 5596 sane
1071 5557 1197 5596 cum
1242 5559 1308 5598 eo
1348 5545 1669 5610 concordat,
1717 5546 1862 5616 quod
1902 5546 1958 5601 in

487 5696 530 5726 ’⁷
559 5693 730 5748 Exod.
762 5710 954 5757 xxxm.
983 5696 1168 5754 l7-l9.
1264 5699 1309 5730 "
1345 5698 1516 5755 EXOd-
1551 5716 1746 5766 ΧΧῐινν
1787 5701 1839 5760 Ιε
1877 5700 1997 5759 5’8-

2061 4537 2118 4588 ἐν
2147 4529 2228 4598 οἷς
2251 4549 2415 4603 φησιο
2459 4550 2477 4583 ι
2513 4530 2624 4583 Καὶ
2653 4528 2748 4581 νῦν
2773 4525 3040 4596 ὑψωθήτω
3073 4524 3106 4593 ἡ
3140 4521 3260 4591 χείρ
3297 4537 3416 4581 σου,
3449 4518 3653 4589 Κύριε.

2060 4626 2120 4679 ὃν
2161 4626 2360 4698 τρόπον
2407 4620 2566 4686 εἶπας
2615 4620 2825 4689 λέγων·
2885 4617 3089 4688 Κύριος
3155 4611 3511 4685 μακρόθυμος
3554 4610 3656 4662 καὶ

2061 4718 2367 4780 πολυέλεος,
2399 4717 2493 4769 καὶ
2522 4712 2793 4784 ἀληθινὸς,
2824 4708 3076 4781 ἀφαιρῶν
3134 4706 3364 4776 ἀνομίας
3398 4704 3495 4756 καὶ
3535 4703 3656 4756 ἀδι-

2061 4810 2205 4873 κίας,
2242 4807 2336 4861 καὶ
2365 4804 2669 4876 ἁμαρτίας·
2703 4802 2797 4856 καὶ
2821 4796 3148 4870 καθαρισμῷ
3173 4798 3233 4849 ού
3269 4795 3527 4865 καθαριεῖ
3559 4793 3656 4845 τὸν

2061 4902 2263 4971 ἔνοχον,
2300 4897 2585 4960 ἀποδιδοὺς
2619 4894 2892 4966 ἁμαρτίας
2937 4890 3190 4962 πατέρων
3220 4887 3313 4941 ἐπὶ
3345 4887 3513 4939 τέκνα
3545 4886 3655 4947 ἕως

2067 4995 2160 5048 ἐπὶ
2186 4994 2377 5064 τρίτην
2405 4991 2500 5044 καὶ
2526 4987 2791 5058 τετάρτην
2816 4984 3027 5053 γενεάν.
3067 5001 3086 5034 ι
3130 4981 3410 5049 Ἐπιτήρει
3443 4977 3502 5030 δὲ
3525 4976 3651 5028 τίνα

2065 5087 2266 5159 τρόπον
2308 5085 2366 5136 ἐν
2413 5082 2620 5144 τούτοις
2650 5079 2809 5143 αὐτὸς
2849 5078 2876 5129 6
2913 5075 3139 5147 Κύριος,
3168 5072 3260 5126 τὸν
3291 5071 3514 5140 Πατέρα
3546 5084 3651 5137 μα-

2068 5176 2340 5249 κρόθυμον
2375 5174 2470 5229 καὶ
2499 5171 2785 5225 πολυέλεον
2818 5165 3080 5230 ἐπειπὼν,
3115 5161 3444 5236 προστίθησι
3474 5159 3652 5225 λέγων

2066 5270 2230 5322 αὐτὸν
2289 5268 2382 5322 καὶ
2444 5264 2695 5337 ἀληθινὸν
2722 5303 2737 5329 ,
2792 5259 3098 5332 συμφώνως
3165 5255 3263 5326 τῷ,
3319 5275 3338 5306 ι
3382 5254 3501 5306 Ἵνα
3561 5268 3650 5318 γι-

2067 5361 2354 5430 γνώσκωσί
2425 5377 2482 5412 σε
2555 5359 2645 5411 τὸν
2721 5356 2879 5428 μόνον
2954 5349 3207 5422 ἀληθινὸν
3271 5346 3438 5409 Θεὸν,
3509 5362 3528 5395 ι
3594 5342 3650 5393 ἐν

2067 5453 2417 5522 Εὐαγγελίοις
2459 5454 2547 5520 ὑφ’
2577 5451 2694 5512 ἐνὸς
2737 5447 2833 5502 καὶ
2875 5444 2968 5498 τοῦ
3001 5439 3168 5496 αὐτοῦ
3204 5437 3463 5507 Σωτῆρος
3494 5430 3650 5505 ἡμῶν

2067 5548 2359 5621 εἰρημένῳ.
2399 5547 2575 5602 Μόνον
2617 5541 2750 5614 γοῦν
2798 5537 3051 5612 ἀληθινὸν
3082 5532 3214 5588 Θεὸν
3259 5529 3470 5601 σφόδρα
3500 5527 3648 5582 δύσεο
