3846 6218
239 321 345 384 597

1206 313 1860 382 DEMONSTRATiONlS
1895 311 2350 380 EvANcELtcAs
2389 312 2513 378 LIB.
2557 312 2620 380 v.

3389 325 3487 376 52H

238 447 347 510 ϐὡς
377 441 643 502 ἀποκαλεῖ
690 448 781 502 τὸν
819 441 1059 519 Πατέρα,
1098 447 1158 500 τὸ
1202 448 1479 518 προσῆκον
1524 448 1800 518 ἀπονέμωι

1923 447 2235 518 Evangeliis
2282 447 2490 502 dictum
2521 455 2608 503 est
2644 445 2713 500 ab
2738 458 2868 499 uno
2890 451 2946 500 et
2989 442 3179 500 eodem
3209 440 3490 498 Salvatore

239 537 408 602 σέϐας
435 541 501 610 τῇ
536 537 817 610 ἀγεννήτῳ
853 537 1032 607 φύσει,
1063 531 1131 608 ἦς
1160 537 1321 590 αὑτὸν
1355 538 1537 591 εἰκόνα
1559 533 1695 590 εἶναι
1725 538 1800 591 κα¹

1924 545 2146 593 nostro:
2173 556 2192 589 ‹
2220 539 2289 594 Ut
2317 546 2654 610 cognoscant
2681 544 2734 592 te
2775 536 2950 592 solum
2975 549 3160 590 verum
3185 533 3352 589 Deum
3373 534 3442 588 ".
3467 550 3488 584 ι

238 629 487 700 γέννημα
511 631 560 682 οἱ
583 623 716 683 θεῖοι
741 627 889 701 λόγοι
920 629 1286 684 παιδεύουσιν.

1927 628 2113 685 Solum
2160 631 2326 701 igitur
2376 646 2566 686 verum
2620 629 2786 684 Deum
2823 626 3115 682 admodum
3150 625 3238 696 pie
3273 640 3338 680 ac
3365 625 3488 680 reli-

233 719 388 789 giose
420 717 635 774 Patrem
668 727 849 786 vocat,
881 727 939 773 ut
969 720 1050 774 sic
1086 729 1293 773 naturae
1324 720 1580 790 ingenitae
1621 719 2035 774 convenientem
2091 721 2356 778 honorem
2407 727 2462 776 et
2490 721 2697 775 cultum
2715 720 3000 784 attribuat,
3064 718 3226 788 cujus
3285 725 3492 772 natura

233 822 289 865 et
316 810 496 881 ipsum
530 811 826 883 imaginem
858 827 981 866 esse
1007 818 1060 866 et
1108 811 1351 866 sobolem
1390 811 1574 865 divina
1609 810 1807 865 docent
1842 813 2085 867 oracula.

754 922 1149 976 ΚΕΦΑΛΑΙΟΝ
1190 922 1298 976 IH'.

2483 915 2711 977 CAPUT
2749 916 2940 975 XVIII.

242 1013 388 1070 Ἀπὸ
419 1011 537 1065 τῶν
582 1013 882 1083 ’ᾼριθμῶη
905 1045 976 1054 -
1009 1015 1102 1080 Ὠς
1133 1013 1239 1067 τὸν
1271 1013 1418 1067 Θεὸν
1455 1011 1534 1083 τῷ
1577 1011 1800 1083 Ἰσραὴλ

1921 1013 1965 1069 Α
2000 1012 2272 1069 Numeris.
2300 1046 2372 1055 —
2397 1014 2550 1080 Quod
2582 1013 2748 1068 Deum
2776 1014 2875 1083 ipsi
2907 1011 3082 1066 Israel
3106 1006 3361 1083 visibilem
3381 1021 3487 1067 esse

306 1084 528 1150 ὁρατόν
562 1079 713 1136 εἶναι
732 1079 782 1152 ’ἠ
815 1085 944 1138 θεία
969 1084 1244 1138 διδάσκει
1274 1082 1508 1153 Γρᾱφὴ,
1532 1082 1638 1135 τὸν
1669 1079 1816 1136 Θεὸν

302 1155 500 1223 Λόγον
527 1157 924 1223 αἰνιττομένη,

311 1265 402 1318 Ἐν
439 1269 550 1330 τοῖς
614 1265 890 1339 Ἀριθμοῖς
942 1266 970 1318 6
1013 1263 1217 1337 Μωσῆς
1275 1263 1566 1336 εὐχόμενός
1615 1278 1811 1333 φησιν’

232 1378 251 1410 ι
268 1360 394 1412 Ὅτι
418 1360 482 1412 σὺ
501 1355 552 1411 εἴ
578 1360 781 1430 Κύριος
805 1359 861 1411 ἐν
887 1357 965 1428 τῷ
991 1357 1104 1429 λαῷ
1124 1353 1317 1428 τούτῳ,
1340 1358 1489 1420 ὅστις
1513 1354 1812 1426 ὀφθαλμοῖς

223 1453 348 1504 κατ’
391 1451 702 1521 ὀφθαλμοὺς
733 1450 940 1522 ὀπτὰνῃ
983 1451 1068 1516 σὺ,
1102 1449 1314 1521 Κύριε)
1352 1468 1370 1500 ι
1408 1447 1524 1502 ἀνθ’
1553 1440 1614 1500 οὗ
1648 1450 1676 1501 6
1712 1449 1810 1519 μὲν

1991 1085 2174 1138 divina
2217 1086 2365 1140 docet
2389 1085 2688 1154 Scriptura,
2736 1082 2853 1154 qua:
2901 1086 3073 1154 ipsum
3116 1082 3216 1136 Dei
3266 1082 3489 1137 Verbum

1991 1157 2279 1226 signiﬁcat.
2338 1221 2340 1224 ν

1985 1267 2045 1321 In
2098 1266 2353 1324 Numeris
2395 1267 2574 1326 Moses
2636 1280 2802 1326 orans
2839 1269 2944 1324 ait:
2993 1267 3303 1334 «Quoniam
3336 1273 3397 1321 tu
3429 1281 3490 1325 es

1914 1357 2181 1414 Dominus
2216 1361 2272 1413 in
2305 1361 2504 1430 populo
2535 1363 2639 1414 hoc
2681 1362 2774 1430 qui
2809 1360 2986 1415 oculis
3025 1360 3091 1414 ad
3115 1361 3306 1416 oculos
3337 1360 3491 1417 vide-

1914 1451 1992 1506 ris
2027 1459 2108 1515 tu,
2145 1449 2372 1505 Domine
2399 1448 2474 1505 ⁸⁶ε
2515 1470 2532 1502 ι
2559 1461 2659 1521 pro
2684 1465 2793 1522 quo
2825 1466 2957 1506 sane
2985 1450 3181 1520 Aquila
3215 1451 3488 1506 reddidit:

236 1545 473 1608 Ἀκύλας
514 1547 807 1613 ἐξέδωκεν·
844 1564 862 1597 ‹
897 1547 1018 1598 Ὀτι
1073 1545 1136 1598 σὺ
1165 1533 1234 1608 εἷ,
1271 1543 1464 1614 Κύριε,
1500 1543 1556 1594 ἐν
1589 1542 1800 1612 ἐγκάτιε

1921 1557 1941 1591 ι
1971 1539 2241 1606 Quoniam
2273 1547 2330 1595 tu
2359 1555 2444 1606 es,
2478 1540 2726 1610 Domine,
2751 1541 2806 1597 in
2833 1543 3138 1598 visceribus
3170 1543 3354 1613 populi
3385 1536 3490 1597 hu;

221 1636 322 1691 τοῦ
353 1636 485 1689 λαοῦ
523 1637 732 1700 τούτου,
767 1633 824 1701 ὃς
855 1630 1129 1708 ὀφθαλμὸν
1161 1639 1218 1691 ἐν
1247 1633 1542 1706 ὀφθαλμοῖς
1575 1634 1678 1704 ὁρᾷ
1716 1633 1803 1696 σὺ,

223 1726 405 1798 Κύριε
425 1744 437 1756 ·
489 1746 507 1778 ι
535 1729 563 1779 6
593 1727 648 1780 δέ
677 1719 996 1797 Σύμμαχος·
1029 1744 1048 1777 ι
1080 1727 1200 1780 ’Ότι
1235 1727 1299 1780 σὺ
1329 1720 1397 1789 εἴ,
1424 1722 1613 1796 Κύριε.
1647 1743 1666 1775 ι
1697 1722 1808 1774 Καὶ

1909 1632 2025 1704 jus,
2072 1634 2164 1702 qui
2215 1633 2437 1687 oculum
2484 1633 2541 1688 in
2588 1635 2764 1689 oculis
2815 1635 3020 1691 videris
3069 1644 3147 1702 tu,
3187 1635 3432 1690 Domine.
3465 1653 3485 1688 ι

1913 1723 2075 1797 245
2103 1723 2466 1796 Symmachus
2492 1735 2673 1780 autem
2710 1743 2724 1780 :
2767 1744 2786 1776 ι
2819 1725 3087 1792 Quoniam
3146 1737 3204 1782 tu
3250 1742 3334 1792 es,
3379 1725 3488 1782 ι)οι

220 1819 284 1872 ἐν
323 1818 517 1890 Ἐξόδῳ
543 1819 772 1891 εἴρηται·
804 1839 820 1870 ι
849 1819 959 1873 Καὶ
989 1818 1152 1891 ἀνέϐη
1213 1818 1440 1890 Μωσῆς,
1463 1817 1556 1872 καὶ
1580 1813 1800 1887 Ἀαρὼν,

1917 1819 2084 1874 mine.
2114 1837 2133 1870 ι
2169 1817 2235 1870 Ει
2278 1818 2336 1872 in
2366 1816 2552 1872 Exodo
2581 1817 2786 1872 dictum
2818 1828 2894 1874 est
2926 1839 2938 1874 :
2964 1839 2982 1871 ι
3005 1818 3070 1872 Ει
3103 1820 3349 1876 ascendit
3374 1820 3491 1875 M0.

222 1909 322 1961 καὶ
385 1909 574 1962 Ναδὰϐ
599 1950 614 1974 ,
670 1911 763 1962 καὶ
819 1910 1058 1974 Ἀϐιοὺδ,
1111 1911 1204 1962 καὶ
1265 1909 1636 1980 ἐϐδομήκοντα
1699 1906 1809 1961 τῶν

221 2001 616 2073 πρεσϐυτέρων
655 2000 749 2054 τοῦ
793 2000 1008 2073 Ἰσραὴλ
1027 2040 1042 2064 ,
1073 2002 1166 2054 καὶ
1197 1997 1334 2054 εἶδον
1366 2001 1456 2054 τὸν
1478 2001 1640 2054 τόπων
1676 2001 1807 2054 ὅπου

218 2095 455 2162 ἔστηκεν
504 2095 532 2145 6
573 2087 704 2157 Θεὸς
754 2094 1002 2164 Ἰσραήλ·
1043 2113 1062 2145 ι
1100 2093 1215 2146 ἀνθ’
1246 2086 1308 2146 οὗ
1348 2096 1376 2147 6
1421 2093 1519 2164 μὲν
1557 2092 1809 2158 Ἀκύλαςο

225 2204 246 2237 ι
278 2187 394 2239 Καὶ
446 2180 582 2238 εἶδον
604 2226 619 2247 ,
663 2187 819 2254 φησὶ,
867 2179 956 2239 τὸν
1007 2185 1138 2239 Θεὸν
1179 2185 1426 2258 Ἰσραήλ·
1460 2205 1478 2237 ι
1515 2189 1542 2239 6
1571 2186 1627 2239 δὲ
1661 2185 1807 2258 Σύμ-

222 2294 403 2348 μαχος
427 2293 440 2306 ·
471 2295 491 2328 ι
532 2276 639 2330 Καὶ
663 2273 801 2330 εἶδον
818 2277 1057 2348 ὁράματι
1085 2277 1178 2330 τὸν
1208 2273 1340 2330 Θεὸν
1381 2277 1617 2349 Ἰσραήλ.
1650 2297 1669 2329 ι
1709 2279 1808 2332 Διὰ

215 2365 302 2432 τὸ,
337 2386 354 2418 ι
375 2366 506 2420 Θεὸν
540 2367 714 2430 οὐδεὶς
740 2367 950 2438 ἑώρακε
980 2366 1197 2421 πώποτε
1220 2408 1234 2432 ,
1280 2386 1298 2419 ι
1331 2367 1450 2438 τάχ’
1474 2368 1538 2422 ἄν
1556 2381 1639 2432 τις
1659 2371 1810 2422 ἐνανδ

213 2458 342 2511 τίαν
372 2454 605 2530 εἶναιτῷ
639 2459 968 2530 σωτηριώδει
1008 2460 1166 2530 Λόγῳ
1201 2459 1300 2532 τὴν
1345 2460 1628 2532 παροῦσαν
1675 2462 1809 2514 ὐπο-

217 2545 379 2604 λάϐοι
409 2549 584 2616 λέξιν,
619 2549 694 2614 ὡς
729 2549 922 2623 ὁρατὸν
956 2552 1348 2624 ὑποτιθεμένην
1383 2552 1475 2604 τὸν
1513 2553 1612 2624 τὴν
1646 2552 1807 2622 φύσιν

218 2646 474 2716 ἀόρατον.
518 2636 659 2696 Ἀλλ’
693 2645 741 2695 εί
780 2644 873 2696 καὶ
894 2643 1067 2696 ταῦτα
1098 2638 1189 2696 ἐπὶ
1216 2643 1306 2695 τὸν
1327 2643 1497 2711 Λόγον
1519 2643 1608 2696 τοῦ
1634 2642 1769 2696 Θεοῦ
1789 2684 1804 2708 ,

215 2735 312 2787 ⁸«ἐὸν
347 2732 670 2805 πολυμερῶς
693 2734 784 2786 καὶ
815 2732 1167 2807 πολυτρόπως
1195 2733 1428 2802 ὀφθέντα
1454 2735 1566 2796 τοῖς
1596 2734 1807 2804 πατρά-

221 2843 306 2878 σιν
356 2825 641 2888 ἐκλάϐοις,
700 2825 900 2896 ὁμοίως
947 2827 1057 2888 τοῖς
1107 2825 1608 2896 προαποδειχθεῖσιν
1651 2827 1804 2896 ἡμῖν,

217 2919 403 2974 οὐκέτ’
441 2920 505 2973 ἂν
525 2919 692 2985 δόξειε
716 2913 828 2982 τοῖς
849 2920 1110 2982 ἐναντίοις
1141 2912 1506 2989 περιπίπτειν.
1534 2917 1665 2971 Θεὸν
1707 2921 1808 2972 Ἰσ-

221 3013 368 3086 ραὴλ
398 3011 606 3065 ἐνταῦθ’
641 3010 912 3082 ὁρώμενον
946 3002 1106 3064 αὑτὸν
1130 3005 1334 3062 ἐκεῖνον
1363 3005 1497 3066 εἶναι
1533 3009 1804 3075 διδάσκει,

215 3101 278 3158 ὃν
316 3106 412 3159 καὶ
451 3103 530 3174 τῷ
574 3104 790 3175 Ἰσραὴλ
827 3096 1076 3173 ὀφθέντα,
1116 3103 1205 3154 ὅτε
1227 3101 1482 3154 ἐπάλαιεν
1519 3101 1806 3172 ἄνθρωπος

1913 1927 2001 1967 ses
2029 1918 2084 1965 et
2122 1909 2327 1972 Aaron,
2363 1919 2418 1964 et
2447 1908 2658 1977 Nadab,
2700 1917 2755 1965 et
2792 1911 2991 1974 Abiud,
3046 1918 3101 1966 et
3138 1913 3490 1983 septuaginta

1909 2019 1978 2060 ex
2009 2002 2316 2060 senioribus
2349 2001 2539 2066 Israel,
2583 2009 2637 2055 et
2673 2000 2932 2056 viderunt
2961 2002 3141 2056 locum
3194 2003 3290 2057 ubi
3322 2011 3490 2059 stete»

1911 2105 1997 2151 rat
2021 2096 2163 2152 Deus
2196 2093 2448 2156 Israel“;
2477 2114 2498 2146 ι
2522 2108 2622 2163 pro
2638 2107 2748 2162 quo
2764 2093 2960 2164 Aquila
2994 2112 3006 2147 :
3050 2112 3070 2144 ‹
3109 2093 3176 2150 Ει
3206 2095 3482 2161 viderunt,

1911 2188 2111 2259 inquit,
2143 2187 2312 2241 Deum
2348 2183 2552 2251 Israel;
2582 2203 2601 2237 ι
2632 2183 2995 2256 Symmachus
3023 2196 3240 2242 autem:
3267 2205 3286 2238 ι
3319 2186 3490 2242 Εινὶδ

1909 2281 2109 2336 derunt
2138 2281 2348 2337 visione
2376 2279 2545 2334 Deum
2575 2276 2764 2334 Israel.
2797 2299 2816 2331 ›
2851 2278 3143 2342 Caeterum,
3170 2293 3394 2350 propter
3419 2283 3458 2335 il
3475 2312 3490 2322 ηε

1909 2373 2004 2428 Iud
2029 2391 2041 2426 :
2069 2389 2087 2424 ι
2121 2370 2290 2427 Deum
2311 2385 2472 2425 nemo
2501 2369 2637 2424 vidit
2659 2384 2901 2438 unquam
2922 2369 2991 2434 θ’,
3019 2389 3038 2421 ι
3068 2368 3303 2426 fortasse
3326 2371 3491 2426 verba

1909 2476 2032 2534 qua:
2058 2461 2163 2516 hoc
2191 2461 2313 2515 loco
2341 2461 2520 2530 posita
2553 2467 2702 2523 sunt,
2737 2461 2964 2514 salutari
2993 2457 3175 2514 Verbo
3211 2462 3490 2515 contraria

1908 2566 2030 2609 esse
2079 2552 2351 2622 quispiam
2398 2551 2748 2621 suspicetur:
2784 2559 2992 2620 utpote,
3044 2565 3169 2604 cum
3217 2551 3489 2607 visibilem

1910 2645 2064 2699 illum
2100 2643 2325 2710 faciant,
2356 2643 2450 2713 qui
2473 2651 2671 2697 natura
2699 2643 2993 2698 invisibilis
3025 2651 3128 2698 est.
3162 2641 3269 2698 Sed
3298 2645 3343 2698 si
3374 2645 3488 2699 hmc

1907 2736 1978 2792 de
2003 2735 2183 2791 Verbo
2216 2735 2308 2791 Dei
2343 2736 2642 2805 acceperis,
2677 2735 2772 2806 qui
2803 2736 3158 2790 multifariam
3189 2736 3487 2807 multisque

1909 2825 2086 2882 modis
2124 2842 2154 2880 a
2198 2826 2448 2896 patribus
2493 2838 2576 2880 est
2602 2826 2776 2891 visus,
2824 2827 2969 2881 sicut
3011 2841 3114 2882 nos
3161 2827 3218 2880 in
3273 2827 3341 2881 iis
3366 2841 3489 2897 qua:

1910 2931 2077 2986 supra
2113 2924 2334 2970 ostensa
2364 2924 2493 2970 sunt
2521 2915 2854 2985 accepimus.
2906 2918 3226 2986 neutiquam
3263 2916 3318 2970 in
3348 2931 3486 2972 cond

1909 3010 2077 3062 traria
2120 3009 2392 3063 videberis
2432 3008 2529 3062 tibi
2581 2997 2846 3064 i’ecidere.
2897 3006 3002 3074 Qui
3035 3009 3179 3063 enim
3211 3009 3300 3064 hic
3341 3008 3488 3066 Deus

1908 3100 2078 3156 Israel
2112 3102 2376 3166 cernitur,
2413 3101 2590 3170 ipsum
2625 3100 2778 3154 illum
2813 3115 2936 3156 esse
2958 3102 3177 3168 docent,
3212 3104 3306 3174 qui
3335 3111 3389 3158 et
3419 3105 3488 3159 ab

221 3196 342 3266 μετ’
367 3194 530 3248 αὑτοῦ
555 3235 570 3259 ,
604 3194 664 3257 ὃς
703 3191 796 3247 καὶ
830 3193 1043 3264 πρῶτος
1081 3192 1246 3246 αὐτοῦ
1285 3193 1383 3262 τὴν
1418 3193 1800 3265 προσωνυμίαν

1912 3191 2080 3247 Israel
2121 3192 2275 3246 visus
2324 3199 2428 3256 est,
2477 3190 2697 3260 quando
2739 3190 2902 3245 homo
2947 3191 3185 3246 luctatus
3229 3170 3318 3248 cst
3358 3207 3487 3247 cum

216 3283 286 3342 ἐκ
317 3286 412 3340 τοῦ
453 3283 642 3340 Ἰακὼϐ
671 3285 762 3337 ἐπὶ
783 3284 871 3337 τὸν
901 3283 1116 3356 Ἰσραὴλ
1151 3284 1572 3356 μεταϐέϐληκεν,
1599 3282 1801 3348 εἰπὼν,

223 3396 245 3431 ε
278 3378 401 3432 Ὀτι
445 3377 729 3448 ἐνίσχυσας
774 3376 911 3446 μετὰ
952 3375 1126 3441 Θεοῦ,
1183 3395 1202 3427 ι
1246 3377 1332 3430 ὅτε
1374 3377 1468 3429 καὶ
1506 3377 1607 3447 τῆς
1653 3375 1804 3441 θείας

216 3468 389 3524 αὐτοῦ
426 3469 706 3539 δυνάμεως
752 3467 1002 3538 αἴσθησιν
1029 3466 1209 3521 λαϐὼν
1249 3469 1278 3520 6
1321 3467 1534 3533 Ἰακὼϐ,
1575 3465 1801 3523 ἐκάλεσε

213 3559 310 3614 τὸν
358 3559 519 3612 τόπον
560 3560 763 3611 ἐκεῖνον
795 3554 950 3622 Εἶδος
993 3556 1127 3610 Θεοῦ
1148 3600 1162 3624 ,
1206 3557 1374 3611 εἰπὼν
1400 3597 1416 3622 ,
1452 3579 1470 3609 ι
1513 3554 1664 3612 Εἶδον
1693 3560 1801 3630 γὰρ

215 3651 353 3705 Θεὸν
400 3651 688 3723 πρόσωπον
731 3650 867 3720 πρὸς
909 3649 1231 3721 πρόσωπον,
1273 3652 1365 3703 καὶ
1397 3650 1573 3722 ἐσώθη
1625 3667 1726 3721 μου
1763 3653 1795 3722 ὴ

215 3736 369 3807 ψυχὴ
389 3777 404 3799 ,
442 3755 461 3788 ι
485 3737 582 3806 οὐχ
620 3737 805 3809 ἕτερον
842 3737 1109 3808 ὑπάρχειν
1139 3737 1232 3791 τοῦ
1264 3737 1399 3792 Θεοῦ
1430 3739 1626 3808 Λόγου,
1661 3739 1801 3792 κατὰ

215 3829 310 3882 τὸν
341 3830 537 3881 οἰκεῖον
569 3827 757 3898 καιρὸν
786 3827 1234 3898 παρεστήσαμεν.

740 4021 1133 4084 ΚΕΦΑΛΑΙΟΝ
1173 4025 1276 4085 19'.

239 4140 375 4214 Δπῤ
402 4143 508 4197 τοῦ
536 4143 727 4214 Ἰησοῦ
757 4143 865 4197 τοῦ
885 4141 1076 4214 Ναυῆ.
1098 4173 1165 4182 -
1187 4145 1280 4210 Ὠς
1310 4145 1344 4198 ὀ
1367 4145 1513 4210 Θεὸς
1537 4138 1745 4214 Λόγος,
1762 4149 1796 4199 ό

283 4212 370 4283 τῷ
386 4213 591 4267 Μωσεῐ
630 4213 1016 4282 χρηματίζων,
1048 4215 1262 4282 ὁμοίως
1288 4214 1413 4280 τοῖς
1441 4212 1636 4268 πάλαι
1655 4232 1798 4283 προ-

281 4282 609 4351 πάτορσιν,
661 4284 826 4352 ὤφθη
874 4284 1208 4352 καὶ,’1ησοῦ
1246 4284 1327 4351 τῷ
1354 4285 1614 4352 Μωσέως
1671 4282 1796 4340 διαν-

280 4353 447 4422 ὄόχῳ
473 4355 543 4408 ἐν
571 4353 883 4422 ἀνθρώπου
913 4353 1175 4424 σχήματι

291 4484 312 4517 ι
339 4467 452 4519 Καὶ
483 4465 735 4536 ἐγενήθη,
763 4466 838 4528 ὡς
864 4459 933 4536 ἦν
964 4464 1170 4536 Ἰησοῦς
1197 4467 1256 4519 ἐν
1294 4464 1632 4537 Ἱεριχὼ,καὶ
1664 4467 1794 4520 ἀναε

1909 3285 2031 3355 ipso
2065 3303 2078 3338 :
2114 3285 2413 3354 quinetiam
2447 3283 2658 3353 primus
2700 3282 2848 3338 illius
2894 3299 3093 3339 nomen
3125 3285 3380 3348 mutavit,
3417 3299 3486 3341 ex

1906 3375 2076 3433 Jacob
2107 3377 2162 3431 in
2193 3377 2382 3441 Israel,
2413 3377 2642 3431 dicens:
2679 3394 2697 3427 ι
2730 3376 3000 3442 Quoniam
3035 3378 3316 3434 invaluisti
3360 3393 3487 3433 cum

1907 3471 2018 3527 Deo
2041 3472 2109 3535 ⁸⁸,
2139 3490 2158 3522 ι
2188 3486 2296 3540 quo
2329 3479 2573 3540 tempore
2603 3471 2843 3525 divinam
2879 3471 3026 3526 illius
3059 3471 3318 3527 virtutem
3355 3486 3487 3527 sen-s

1905 3563 2050 3619 tiens
2091 3563 2282 3629 Iacob,
2340 3564 2558 3618 vocavit
2615 3564 2799 3618 lucum
2847 3565 3023 3632 illum,
3067 3564 3316 3637 Speciem
3363 3565 3482 3630 Dei,

1903 3669 2031 3708 eum
2066 3653 2203 3707 dixit
2230 3674 2241 3707 :
2268 3673 2286 3705 ι
2317 3652 2444 3707 Vidi
2481 3653 2626 3708 enim
2677 3651 2849 3708 Deum
2882 3654 3019 3709 facie
3058 3655 3127 3709 ad
3166 3653 3385 3721 faciem,
3428 3663 3486 3711 et

1904 3752 2120 3801 servata
2153 3751 2238 3799 est
2273 3747 2454 3799 anima
2486 3760 2609 3800 mea
2628 3746 2676 3778 ⁸⁵
2703 3765 2716 3799 :
2749 3765 2767 3797 ι
2805 3760 2968 3815 quem
3000 3761 3134 3802 sane
3164 3744 3335 3802 Deum
3363 3762 3477 3803 non

1904 3838 2071 3892 alium
2119 3853 2244 3892 esse
2292 3853 2459 3909 quam
2495 3838 2589 3893 Dei
2648 3837 2912 3904 Verbum,
2959 3853 3062 3893 suo
3093 3847 3336 3910 tempore
3383 3840 3482 3896 dce

1901 3932 2353 3987 monstravimus.

2483 4033 2714 4099 CAPUT
2753 4033 2898 4100 XIX.

1898 4139 1941 4192 Α
1970 4137 2101 4194 Iesu
2130 4137 2302 4195 Nave.
2327 4168 2397 4177 —
2422 4137 2575 4204 Quod
2622 4138 2718 4192 Dei
2757 4137 3006 4202 Verbum,
3049 4135 3186 4258 zuod
3206 4123 3346 4190 Mosi
3377 4144 3481 4190 non

1966 4226 2114 4258 secus
2175 4219 2330 4258 atoue
2389 4211 2622 4258 antiauis
2684 4209 2920 4258 patribus
2979 4206 3048 4258 da
3087 4216 3143 4258 at
3193 4221 3478 4258 responsa.

1966 4226 2114 4264 secus
2175 4211 2622 4279 atque__antiquis
2682 4209 2920 4278 patribus
2979 4206 3143 4279 dabat
3193 4221 3478 4279 responsa,

1965 4282 2127 4361 etiam
2172 4277 2303 4335 Iesu
2341 4277 2527 4334 Mosis‘
2555 4280 2848 4334 successori
2897 4279 2953 4332 in
2999 4277 3224 4332 hominis
3271 4277 3477 4345 forma.

1967 4359 2112 4405 visus
2140 4359 2239 4404 est.

1975 4482 1994 4516 ι
2024 4461 2091 4518 Ει
2121 4461 2328 4517 factum
2363 4470 2467 4527 est,
2508 4460 2603 4516 ubi
2642 4459 2746 4515 fuit
2776 4458 2938 4516 Jesus
2957 4459 3013 4513 in
3036 4455 3276 4523 Iericho,
3299 4465 3354 4513 et
3388 4471 3480 4513 re-

206 4558 416 4628 ϐλέψας
443 4560 544 4630 ὁρᾷ
567 4558 850 4628 ἄνθρωπον
870 4559 1136 4630 ἑστηκότα
1169 4559 1457 4614 κατέναντι
1488 4559 1675 4624 αὐτοῦ,
1700 4562 1793 4615 καὶ

1912 4555 2140 4627 spiciens
2166 4555 2314 4610 videt
2347 4554 2622 4610 hominem
2668 4560 2903 4609 stantem
2944 4565 3130 4605 coram
3161 4565 3242 4615 se,
3277 4557 3332 4605 et
3363 4549 3480 4621 glas

205 4653 244 4723 ἡ
282 4653 530 4723 ῥομφαία
557 4652 870 4722 ἐσπασμένη
908 4652 964 4704 ἐν
994 4654 1058 4722 τῇ
1090 4653 1235 4722 χειρὶ⁹
1266 4651 1453 4705 αὑτοῦ.
1479 4653 1586 4704 Καὶ
1621 4669 1792 4720 προσ-

204 4743 383 4797 ελθὼν
404 4743 433 4794 6
463 4743 665 4813 Ἰησοῦς
691 4739 841 4794 εἶπεν
861 4760 875 4772 ο
930 4743 1225 4816 Ἦμέτερος
1249 4741 1319 4806 εἴ,
1359 4743 1391 4814 ἢ
1430 4743 1537 4796 τῶν
1562 4745 1793 4796 ὑπεναν-

203 4835 377 4899 τίων;
412 4836 521 4888 Καὶ
557 4830 708 4888 εἶπεν
756 4833 906 4904 αύτῷ
930 4852 943 4864 ⁸
990 4834 1130 4903 Ἐγὼ
1167 4835 1604 4907 ἀρχιστράτηγος
1633 4831 1792 4889 δυνά-

207 4945 361 4999 μεως
392 4925 596 4997 Κυρίου
633 4926 1003 4997 παραγέγοναο
1063 4927 1158 4980 καὶ⁹
1194 4927 1402 4998 Ἰησοῦς
1462 4927 1656 4980 ἔπεσεν
1697 4926 1791 4980 ἐπὶ

207 5019 506 5091 πρόσωπον
533 5020 626 5071 ἐπὶ
651 5018 752 5088 τὴν
781 5019 906 5090 γῆν,
939 5019 1030 5072 καὶ
1081 5006 1231 5072 εἶπεν
1284 5018 1465 5090 αὐτῷ’
1521 5013 1786 5083 Δέσποτα,

202 5110 259 5162 τί
302 5109 666 5179 προστάσσεις
709 5108 788 5179 τῷ
831 5109 910 5180 σῷ
961 5111 1184 5180 οἰκέτης
1238 5112 1345 5163 Καὶ
1387 5111 1535 5179 λέγει
1562 5104 1592 5162 6
1632 5112 1791 5181 ἀρχι-

207 5203 514 5272 στράτηγος
544 5202 776 5272 Κυρίου·
817 5219 836 5252 ι
889 5193 1060 5270 Ἰησοῦ
1081 5243 1096 5266 ,
1121 5201 1280 5255 λῦσαι
1314 5201 1373 5254 τὸ
1401 5202 1654 5274 ὑπόδημα
1680 5201 1789 5254 τῶν

205 5291 386 5346 ποδῶν
422 5308 515 5344 σου
536 5309 548 5321 ο
580 5293 609 5344 6
639 5291 749 5363 γὰρ
778 5291 940 5357 τόπος
967 5295 1050 5362 ἐφ’
1085 5287 1129 5362 ᾧ
1163 5295 1228 5347 σὺ
1260 5293 1519 5364 ἕστηκας,
1554 5294 1623 5364 γῆ
1654 5292 1786 5360 ἁγία

203 5383 378 5436 ἐστίν.
401 5401 419 5431 ι
436 5383 583 5435 mea
605 5382 670 5454 δὴ
693 5382 866 5438 ταῦτα
893 5385 986 5438 καὶ
1009 5378 1532 5456 Μωῦσεῖὰρχομὲνῳ
1545 5382 1790 5453 τῆςθεω-

206 5473 331 5544 ρίας
359 5475 451 5526 ἐπὶ
480 5473 576 5543 τῆς
611 5473 771 5543 βάτου
798 5475 932 5546 πρὸς
951 5474 1044 5528 τοῦ
1076 5475 1282 5547 Κυρίου
1308 5475 1512 5546 εἴρητο,
1534 5473 1609 5536 ὼς
1637 5473 1787 5543 δηλοί

200 5566 235 5633 ἡ
269 5565 463 5635 Γραφή
484 5581 496 5594 ·
539 5584 558 5616 ι
608 5565 694 5628 Ὠς
720 5565 778 5618 δὲ
805 5561 910 5620 εἶδε
943 5566 1180 5638 Κύριος,
1211 5567 1294 5620 ὅτι
1328 5565 1593 5640 προσάγει
1631 5561 1782 5628 ἰδεῖν,

262 5721 316 5751 ⁷⁸
343 5719 500 5775 Joan.
539 5736 673 5782 xvn,
704 5723 758 5776 5.

195 5783 290 5844 δυ.
369 5793 415 5823 ⁸⁸
439 5792 555 5847 Jos.
593 5809 645 5856 ν,
675 5787 858 5849 ίῦιίθ.

1895 4649 2021 4704 dius
2053 4648 2249 4717 vagina
2282 4655 2480 4702 exutus
2509 4649 2566 4701 in
2599 4662 2768 4702 manu
2811 4646 2952 4716 ejus,
2989 4651 3044 4700 et
3094 4642 3360 4699 accedens
3387 4641 3478 4697 Je-

1895 4757 1994 4797 sus
2014 4739 2183 4796 dixit:
2203 4738 2400 4795 Noster
2422 4755 2502 4804 es,
2529 4753 2601 4793 an
2628 4736 3110 4792 adversariorum?
3133 4734 3198 4788 Et
3221 4735 3360 4790 dixit
3381 4735 3433 4791 ei
3457 4747 3472 4790 :

1897 4824 2010 4902 Ego
2041 4831 2297 4902 princeps
2331 4832 2726 4900 imperatorum
2751 4827 3028 4882 exercitus
3057 4824 3296 4892 Domini,
3324 4835 3474 4879 anno

1893 4922 2040 4977 veni.-
2065 4920 2132 4973 Et
2155 4919 2317 4974 Jesus
2353 4919 2551 4974 cecidit
2587 4917 2728 4973 facie
2761 4917 2817 4971 in
2850 4925 3074 4980 terram,
3120 4922 3174 4970 et
3206 4915 3345 4968 dixit
3370 4913 3420 4969 ei
3457 4925 3472 4970 ι

1893 5012 2156 5078 Domine,
2203 5010 2368 5083 246
2395 5010 2528 5080 quid
2581 5009 2820 5078 imperas
2875 5020 3036 5062 servo
3091 5007 3228 5060 tuo?
3281 5005 3349 5059 Et
3401 5006 3476 5060 ait

1892 5105 2150 5176 princeps
2185 5104 2575 5171 imperatorum
2602 5099 2819 5154 Domini
2853 5097 3042 5162 :Jesu,
3079 5099 3229 5153 solve
3259 5098 3474 5152 calcea‘

1893 5197 2139 5248 mentum
2174 5192 2375 5260 pedum
2422 5200 2663 5253 tuorum,
2711 5189 2866 5243 locus
2900 5188 3046 5242 enim
3083 5187 3140 5240 in
3181 5200 3290 5256 quo
3334 5194 3471 5251 stas,

1892 5297 2038 5342 terra
2069 5294 2258 5341 sancta
2287 5291 2372 5339 est
2389 5283 2459 5338 ⁸³.
2487 5301 2505 5334 ι
2523 5280 2727 5336 Eadem
2779 5295 2912 5336 sane
2953 5279 3069 5334 haec
3097 5278 3230 5334 Mosi
3255 5291 3474 5349 quoque

1894 5377 2052 5432 initio
2078 5376 2308 5432 visionis
2341 5375 2399 5429 in
2427 5373 2586 5437 rubo,
2623 5373 2692 5427 ab
2719 5371 2839 5441 ipso
2863 5370 3097 5427 Domino
3139 5371 3288 5424 dicta
3321 5379 3471 5436 sunt,

1895 5471 2038 5525 sicut
2078 5468 2362 5540 Scriptura
2404 5466 2649 5521 indicat:
2686 5483 2704 5516 ι
2731 5463 2801 5518 Ut
2826 5479 2960 5519 vero
2999 5463 3137 5519 vidit
3186 5462 3468 5524 Dominus,

1891 5561 2040 5633 quod
2077 5560 2364 5616 aocederet
2403 5557 2473 5612 ad
2503 5556 2824 5624 videndum,
2857 5555 3074 5613 vocavit
3117 5570 3242 5610 eum
3284 5554 3467 5610 Domi‘l

859 5724 904 5756 ⁸ο
934 5722 1095 5778 Num.
1127 5739 1240 5790 11v,
1274 5723 1358 5778 M.
1438 5722 1482 5755 ⁸³
1513 5719 1687 5776 Exod.
1721 5735 1800 5775 ιχ]

1912 5716 2073 5786 9,10.
2147 5714 2372 5772 “Joan.
2410 5731 2450 5781 1,
2488 5714 2575 5770 18ι
2651 5714 2696 5747 ⁸³
2727 5713 2863 5771 Gen.
2891 5728 3068 5782 χχιιι,
3095 5711 3186 5768 28.
3261 5710 3310 5744 ⁸⁸
3335 5702 3469 5768 ibid.
