3846 6218
349 287 457 340 59')

1021 280 1290 338 EUSEBII
1319 284 1797 344 CESARIENSIS
1837 291 1986 345 ()PP.
2028 290 2210 346 PARS
2242 290 2308 348 ll.
2347 324 2417 335 ——
2445 291 2941 348 APOLOGETICA.

3510 295 3613 347 400

353 417 459 456 nus
491 401 560 456 de
585 400 766 456 medio
793 397 939 457 rubi.
973 397 1163 454 dicens
1189 419 1201 453 :
1238 399 1436 467 Moses,
1471 401 1672 468 Moses,
1708 421 1776 460 ne
1801 423 1908 476 pro-

2029 409 2281 462 ὲκάλεσεν
2307 408 2464 464 αὑτὸν
2492 411 2520 461 6
2549 408 2752 479 Κύριος
2777 409 2840 462 ὲκ
2869 407 3032 478 μέσου
3065 406 3164 476 τῆς
3200 406 3362 476 βάτου
3401 407 3573 475 λέγων
3595 423 3612 438 ο

351 497 475 564 pius
514 495 818 550 accesseris
879 493 988 549 huc
1016 511 1030 549 :
1058 495 1209 551 solve
1256 496 1682 552 calceamentu-m
1729 500 1906 568 pedun

2035 499 2229 570 Μωσῆ,
2267 501 2459 570 Μωσῆ,
2501 501 2574 571 μὴ
2608 500 2835 570 ἐγγίσῃς
2894 493 3015 551 ὦδε.
3045 497 3216 550 Λῦσαι
3243 497 3304 550 τὸ
3357 497 3613 568 ὑπόδημα

351 597 612 656 tuorum,
681 589 836 642 locus
921 586 1066 643 enim
1149 587 1202 642 in
1276 604 1386 659 quo
1447 596 1504 642 ιιι
1567 597 1724 652 stas,
1785 599 1929 645 terra

350 690 540 736 sancta
591 689 675 736 est
694 681 761 736 ⁸⁸.
800 701 818 734 ι
860 679 1013 736 Unus
1051 695 1180 751 ergo
1233 695 1396 750 atque
1428 681 1568 734 idem
1618 682 1720 735 fuit
1765 681 1926 746 Deus,

350 771 442 840 qui
493 769 759 824 ambobus
810 769 1130 840 respondit,
1185 770 1645 840 quemadmodum
1694 787 1761 826 ex
1809 773 1928 843 ipso

349 865 623 927 prmcepto
650 864 887 912 constat.
918 856 1022 912 Sed
1056 873 1202 912 nunc
1233 860 1454 929 quidem
1499 875 1595 929 per
1629 862 1925 932 principem

350 949 742 1018 imperatorum
787 950 1063 1004 exercitus
1111 950 1268 1019 ejus:
1300 951 1435 1007 Mosi
1479 969 1610 1007 vero
1661 970 1758 1023 per
1801 971 1924 1009 eum
1961 1008 1970 1017 ,

350 1041 598 1111 angelum
631 1041 723 1110 qui
754 1041 906 1097 visus
955 1041 1151 1106 fuerat,
1185 1044 1467 1097 oraculum
1499 1045 1736 1100 exhibet.
1785 1045 1928 1099 Mili-

349 1132 436 1186 tiae
463 1145 594 1185 Vero
634 1131 832 1186 cmlum
867 1131 972 1186 sub
1018 1148 1076 1187 se
1106 1133 1375 1196 habentis,
1414 1142 1468 1187 et
1502 1135 1779 1190 exercitus
1807 1137 1926 1206 ipso

347 1222 552 1278 mundo
596 1223 918 1293 superioris,
943 1233 997 1278 et
1029 1224 1321 1294 spirituum
1369 1226 1749 1293 invisibilium,
1786 1228 1927 1283 divi-

347 1331 654 1387 tuorumque
695 1317 1012 1386 angelorum
1063 1324 1228 1386 atque
1291 1319 1742 1390 arehangelorum
1787 1322 1921 1391 regi,

344 1407 693 1478 perfectoque
717 1408 957 1464 universi
990 1407 1100 1464 Deo
1131 1409 1539 1465 inservientium
1573 1411 1756 1478 (sicuti
1782 1413 1924 1482 apud

343 1498 620 1554 Dauielem
669 1500 874 1554 dictum
923 1507 1050 1556 est:
1083 1518 1101 1550 ι
1133 1499 1278 1555 Mille
1316 1501 1486 1556 millia
1537 1504 1925 1559 ministrabant

342 1590 415 1654 ei,
447 1595 502 1644 et
532 1590 739 1645 centies
771 1591 917 1645 mille
937 1590 1108 1645 millia
1125 1592 1653 1648 assistebantcoram
1679 1610 1744 1650 eo
1763 1594 1807 1626 ⁸⁷
1828 1600 1868 1665 );
1895 1615 1914 1648 ι

343 1681 612 1743 omnium,
655 1682 900 1750 inquam,
944 1681 1135 1734 talium
1180 1697 1492 1751 supremus,
1533 1685 1658 1754 quis
1701 1687 1919 1741 tandem

341 1770 414 1826 sit
448 1771 609 1834 alius,
656 1785 819 1840 quam
869 1769 964 1826 Dei
996 1769 1260 1833 Verbum,
1314 1779 1368 1826 et
1399 1774 1760 1842 primogenita
1816 1775 1914 1830 Sa-

340 1859 571 1929 pientia.
618 1867 673 1915 et
717 1859 936 1914 soboles
981 1858 1208 1914 divina?
1258 1859 1450 1915 Merito
1493 1877 1622 1933 ergo
1661 1863 1916 1936 princeps

339 1951 729 2021 imperatorum
776 1952 1054 2006 exercitus
1094 1951 1307 2006 Domini
1353 1953 1457 2007 hoc
1489 1954 1542 2007 in
1587 1955 1707 2010 loco
1738 1956 1916 2011 dictus

338 2051 444 2112 est,
475 2051 661 2115 utpote
685 2045 782 2115 qui
811 2045 965 2111 alibi,
1015 2054 1066 2099 et
1101 2044 1282 2114 magni
1323 2045 1541 2099 consilii
1569 2047 1818 2116 angelus.
1861 2058 1915 2102 et

337 2149 629 2191 consessor
662 2135 876 2198 Patris.
907 2143 961 2192 et
1006 2144 1244 2191 aeternus
1287 2150 1352 2190 ac
1395 2151 1624 2207 magnus
1659 2141 1914 2196 sacerdos

335 2243 480 2294 esse,
517 2229 586 2283 sit
612 2227 1042 2285 demonstratus.
1077 2227 1186 2283 Sed
1221 2228 1352 2282 illud
1391 2244 1609 2298 quoque
1631 2239 1911 2286 ostensum

335 2328 442 2386 est,
485 2322 632 2392 quod
669 2321 814 2376 idem
854 2329 910 2374 et
945 2319 1229 2385 Dominus,
1265 2328 1321 2375 et
1356 2319 1521 2382 Deus,
1563 2330 1618 2376 et
1658 2321 1912 2380 Christus

335 2412 429 2474 sit,
459 2415 551 2482 qui
583 2428 613 2467 a
633 2412 793 2467 Patre
816 2413 938 2468 oleo
957 2412 1340 2467 exsultationis
1375 2421 1460 2468 est
1490 2421 1706 2469 unctus.
1739 2413 1913 2469 Abra-

335 2504 418 2559 hae
451 2503 614 2574 igitur
655 2504 798 2575 apud
849 2519 1111 2574 quercum
1161 2505 1312 2560 visus
1346 2503 1401 2558 in
1445 2503 1686 2578 hominis
1731 2503 1908 2560 forma

333 2597 539 2668 quieta,
575 2597 874 2668 habituque
905 2596 1157 2668 paciﬁco,
1198 2597 1443 2668 seipsum
1488 2597 1749 2661 ostendit,
1783 2613 1908 2652 cum

327 2704 398 2744 ex
431 2689 523 2743 illo
553 2704 727 2759 usque
755 2698 998 2759 tempore
1041 2691 1338 2746 salutarem
1368 2705 1527 2746 suum
1563 2690 1628 2744 ad
1659 2689 1908 2745 homines

333 2779 623 2836 adventum
682 2781 1048 2837 exordiretur.
1095 2782 1204 2852 lpsi
1249 2799 1378 2838 vero
1423 2781 1596 2838 Iacob
1647 2790 1906 2853 tanquam

328 2873 759 2928 exercitabundo
783 2888 847 2928 ac
881 2875 1164 2938 certatori,
1194 2876 1288 2945 qui
1314 2875 1580 2930 adversus
1615 2875 1823 2938 hostes,
1851 2883 1905 2930 et

327 2963 660 3026 luetaturus.
698 2973 752 3021 et
783 2965 1134 3036 praeliaturus
1160 2977 1326 3030 esset,
1358 2967 1524 3022 veluti
1565 2967 1749 3020 homo.
1798 2964 1903 3020 Sed

331 3055 534 3113 Mosem
567 3066 621 3114 et
652 3060 910 3129 populum
950 3059 1004 3114 in
1036 3061 1218 3130 specie
1247 3059 1410 3115 nubis
1437 3066 1600 3130 atque
1627 3059 1766 3129 ignis
1801 3059 1904 3114 du-

2029 590 2138 644 τῶν
2183 591 2357 644 ποδῶν
2395 608 2520 644 σου·
2551 593 2580 643 6
2608 591 2716 661 γὰρ
2752 595 2914 653 τόπος
2949 591 3006 642 ὲν
3043 583 3088 657 ᾧ
3131 591 3200 643 σὺ
3237 590 3479 659 ἕστηκας
3524 591 3612 642 ἐπ’

2029 682 2191 735 αὑτοῦ
2225 683 2295 752 γῆ
2337 681 2467 750 ἁγία
2510 681 2674 734 ἐστίν.
2705 702 2722 734 ι
2755 675 2848 745 Εἷς
2875 682 2982 752 ἄρα
3003 680 3096 734 καὶ
3124 683 3152 734 6
3174 680 3333 744 αὑτὸς
3355 677 3420 750 ἦν
3448 684 3474 732 6
3499 684 3610 744 τοῖς

2030 773 2355 846 ἀμφοτέροις
2386 773 2730 845 χρηματίσας
2759 773 2912 835 Θεὸς,
2954 771 3028 835 ὼς
3058 774 3121 825 ὲκ
3157 770 3251 824 τοῦ
3292 773 3608 842 παραγγέλ-

2032 883 2196 936 ματος
2233 865 2520 918 δείκνυται.
2572 864 2730 917 nam
2787 864 2880 915 νῦν
2922 864 3017 933 μὲν
3059 864 3146 916 διὰ
3178 862 3270 916 τοῦ
3313 865 3600 934 ἀρχιστραο

2026 962 2192 1030 τήγου
2219 957 2319 1026 τῆς
2348 957 2627 1027 δυνάμεως
2660 955 2842 1018 αὑτοῦ,
2867 956 3053 1007 Μωσεῖ
3093 955 3148 1008 δὲ
3183 955 3270 1008 διὰ
3293 955 3383 1007 τοῦ
3418 955 3604 1024 ὀφθέν-

2025 1066 2116 1111 τος
2145 1048 2374 1116 ἀγγέλου
2400 1045 2664 1111 θεσπίζει.
2685 1045 2959 1116 Στρατιῶν
2980 1045 3035 1097 δὲ
3059 1045 3488 1116 ὑπερουρανίων,
3517 1045 3608 1098 καὶ

2025 1140 2308 1210 δυνάμεων
2367 1137 2750 1208 ὑπερκοσμίων
2797 1138 2890 1190 καὶ
2945 1135 3270 1206 πνευμάτων
3321 1137 3605 1207 ἀοράτων,

2027 1231 2276 1300 ἀγγέλων
2311 1247 2369 1282 τε
2419 1230 2578 1282 θείων
2623 1228 2716 1282 καὶ
2765 1226 3118 1298 ἀρχαγγέλων
3162 1225 3237 1296 τῷ
3274 1226 3608 1296 παμϐασιλεὶ

2025 1325 2120 1378 καὶ
2178 1321 2511 1392 πανηγεμόνι
2541 1319 2658 1391 Θεῷ
2685 1318 3136 1390 λειτουργούντων
3168 1319 3328 1385 (κατά
3364 1319 3423 1371 τὸ
3453 1321 3607 1384 εἰρη-

2029 1415 2187 1486 μένον
2230 1413 2378 1484 παρὰ
2403 1412 2481 1482 τῷ
2507 1411 2703 1483 Δανιήλ
2725 1430 2737 1442 ·
2781 1430 2799 1461 ι
2841 1411 3022 1464 Χίλιαι
3057 1409 3292 1479 χιλιάδες
3332 1410 3606 1482 ἐλειτούρ-

2024 1526 2155 1577 γουν
2182 1506 2330 1577 αὑτῷ
2350 1547 2364 1569 ,
2395 1506 2488 1558 καὶ
2521 1505 2710 1576 μύριαι
2740 1503 2996 1574 μυριάδες
3028 1503 3491 1574 παρειστήκεισαν
3516 1503 3606 1572 ἐμ-

2033 1598 2270 1672 προσθεν
2289 1597 2449 1651 αὑτοῦ
2469 1599 2509 1666 )°
2543 1616 2561 1648 ι
2593 1599 2621 1649 6
2652 1596 2866 1648 πάντων
2891 1597 3149 1649 ἀνωτάτω
3183 1593 3266 1657 τίς
3298 1593 3362 1646 ἂν
3395 1593 3606 1661 γένοιτο

2026 1691 2210 1762 ἕτερος
2245 1690 2337 1745 τοῦ
2367 1690 2501 1743 Θεοῦ
2540 1689 2737 1756 Λόγου,
2766 1687 2859 1740 καὶ
2887 1687 2982 1758 τῆς
3014 1685 3356 1758 πρωτοτόκου
3382 1685 3606 1753 Σοφίας,

1947 1785 1989 1842 Β
2016 1783 2110 1837 τοῦ
2137 1800 2194 1836 τε
2226 1781 2410 1836 ἐνθέου
2442 1783 2815 1852 γεννήματος;
2877 1779 3115 1840 Εἰκότως
3179 1778 3286 1849 ἄρα
3317 1779 3410 1830 καὶ
3443 1778 3606 1847 ἀρχισ-

2024 1877 2331 1949 στράτηγος
2364 1876 2646 1946 δυνάμεως
2675 1874 2880 1945 Κυρίου
2921 1872 3014 1924 ἐπὶ
3044 1871 3137 1925 τοῦ
3168 1871 3431 1942 παρόντος
3464 1869 3608 1923 ἀνεί-

2020 1986 2213 2040 ρηται,
2249 1968 2325 2031 ὡς
2359 1969 2451 2020 καὶ
2483 1966 2725 2037 μεγάλης
2755 1966 2950 2035 βουλῆς
2991 1965 3220 2033 ἄγγελος
3255 1967 3311 2017 ὲν
3351 1964 3563 2034 ἑτέροις
3585 2001 3606 2029 ,

2017 2060 2112 2114 καὶ
2146 2059 2430 2131 σὺνθρονος
2467 2058 2562 2110 τοῦ
2596 2057 2826 2129 Πατρὸς,
2856 2057 3070 2120 αἰώνιός
3095 2075 3153 2109 τε
3184 2057 3277 2109 καὶ
3301 2056 3473 2126 μέγας
3503 2055 3608 2125 ἀρ-

2015 2151 2246 2222 χιερεύς.
2283 2151 2682 2204 Ἀποδέδεικται
2714 2150 2790 2216 δὲ,
2813 2151 2894 2203 ὅτι
2928 2151 3022 2202 καὶ
3055 2149 3259 2220 Κύριος
3287 2149 3380 2202 xui
3406 2147 3540 2209 Θεὸς
3573 2147 3603 2198 6

2015 2244 2175 2307 αὑτὸς
2199 2285 2214 2310 ,
2245 2244 2338 2298 καὶ
2371 2243 2603 2314 Χριστὸς
2636 2243 2740 2296 ὑπὸ
2765 2243 2858 2296 τοῦ
2899 2242 3110 2312 Πατρὺς
3147 2241 3311 2312 ἐλαίῳ
3340 2239 3604 2309 ἀγαλλιά-

2016 2355 2152 2401 σεως
2196 2335 2569 2408 κεχρισμένος.
2610 2335 2699 2407 Τῷ
2750 2336 2848 2406 μὲν
2894 2331 2987 2388 οὖν
3032 2334 3282 2406 Ἀϐραὰμ
3332 2334 3482 2404 παρὰ
3523 2337 3593 2406 τῇ

2011 2428 2132 2500 δρυῒ
2157 2429 2342 2498 φανεὶς
2368 2429 2425 2482 ὲν
2456 2425 2739 2498 ἀνθρώπου
2770 2428 2897 2480 εἴδει
2930 2426 3170 2497 γαληνῷ,
3203 2427 3295 2480 καὶ
3328 2426 3594 2495 είρηναίῳ

2012 2521 2271 2591 σχήματι,
2305 2520 2493 2572 ἑαυτὸν
2509 2518 2870 2582 ὑποδείκνυσι,
2886 2517 2982 2588 τὴν
3005 2519 3268 2589 σωτήριον
3292 2519 3368 2580 εἰς
3392 2518 3608 2588 ἀνθρώ-

2011 2628 2144 2674 πους
2178 2610 2340 2664 αὑτοῦ
2387 2608 2688 2682 παρουσίαν
2725 2609 2782 2676 ἐξ
2816 2610 3025 2664 ἐκείνου
3071 2609 3600 2682 προοιμιαζόμενος*

2007 2700 2086 2772 τῷ
2111 2701 2168 2754 δὲ
2198 2699 2407 2765 Ἰακὼϐ,
2431 2699 2507 2764 ὼς
2527 2700 2737 2771 ἀσκητῇ
2770 2701 2863 2753 καὶ
2892 2701 3161 2770 ἀγωνιστῇ
3195 2700 3439 2754 παλαίειν
3461 2702 3602 2772 πρὶς

2008 2792 2233 2863 ἐχθροὺς
2274 2791 2369 2845 καὶ
2418 2789 2777 2860 ἀγωνίζεσθαι
2826 2791 3091 2861 μέλλοντι,
3129 2788 3219 2844 οἷα
3259 2790 3583 2862 ἄνθρωπος·

2009 2883 2199 2935 Μωσεῖ
2229 2881 2284 2933 δὲ
2343 2881 2436 2934 καὶ
2477 2878 2556 2950 τῷ
2585 2877 2699 2947 λαῷ
2737 2881 2795 2932 ὲν
2835 2879 2962 2932 εἴδει
3012 2880 3242 2951 νεφέλης
3288 2881 3383 2933 xui
3424 2881 3601 2950 πυρὸς

2006 2971 2322 3043 καθηγείτο,
2385 2968 2612 3042 φοϐερὸν
2663 2969 2798 3041 ὁμοῦ
2843 2969 2938 3022 καὶ
2978 2969 3413 3039 ὲπεσκιασμένον
3455 2987 3602 3042 παρ-

2006 3065 2143 3136 έχων
2174 3062 2382 3118 ἑαυτόν.
2401 3062 2551 3115 Ἐπεὶ
2579 3061 2634 3115 δὲ
2663 3064 2690 3114 6
2717 3059 2811 3114 τοῦ
2843 3060 3086 3124 Μωσέως
3116 3061 3354 3131 διάδοχος
3387 3062 3602 3133 Ἰησοῦς

331 3149 509 3214 cebat,
565 3151 860 3207 terribilem
911 3153 1128 3208 interim
1178 3160 1341 3221 atque
1393 3150 1774 3204 adnmbratum
1818 3167 1907 3206 se-

2016 3133 2289 3223 πολεμίοις
2333 3151 2522 3222 ἔμελλε
2565 3151 3002 3222 παρατάττεσθαι
3033 3153 3166 3215 τοῖς,
3214 3152 3274 3204 τὸ
3309 3153 3437 3224 πρὶν
3481 3152 3599 3204 Πα-

328 3241 509 3310 Ipsum
540 3241 858 3296 ostendens.
895 3242 964 3296 At
993 3243 1254 3312 quoniam
1287 3241 1454 3295 Mosis
1493 3257 1784 3296 successor
1809 3239 1904 3296 Je-

330 3345 446 3394 sus,
491 3339 686 3385 contra
718 3332 906 3388 hostes
953 3341 1071 3388 erat
1116 3335 1496 3397 instruendus,
1545 3333 1638 3404 qui
1670 3333 1903 3388 antehac

330 3427 532 3476 terram
583 3420 927 3478 Palaestinam
989 3424 1353 3489 incoluerant,
1397 3434 1652 3481 externas
1711 3426 1902 3496 utique

330 3513 674 3584 maximeque
719 3515 915 3586 impias
962 3516 1246 3582 nationes,
1294 3515 1492 3570 merito
1547 3532 1672 3571 cum
1717 3517 1899 3588 gladio

329 3605 523 3674 vagina
551 3615 739 3672 exuto,
781 3615 836 3662 et
865 3617 1057 3664 contra
1087 3609 1272 3664 hostes
1317 3622 1546 3664 acumen
1583 3624 1694 3679 prae
1726 3625 1784 3665 se
1821 3610 1902 3665 fe-

329 3704 480 3751 rente
501 3697 931 3763 demonstratur,
961 3701 1056 3754 tali
1079 3703 1471 3772 propemodum
1498 3703 1708 3758 visione
1729 3701 1903 3770 signi-

327 3786 520 3856 ficans,
543 3791 1001 3860 quemadmodum
1024 3793 1140 3864 ipse
1161 3793 1345 3849 divina
1363 3797 1585 3860 virtute,
1599 3792 1758 3865 247
1781 3801 1903 3846 tan-

327 3894 488 3949 quam
520 3880 778 3938 invisibili
809 3882 1008 3953 gladio,
1041 3899 1165 3940 cum
1207 3886 1323 3942 suis
1346 3886 1566 3942 interim
1598 3884 1761 3940 simul
1795 3885 1900 3938 mi-

2010 3246 2295 3299 λαιστίνων
2316 3245 2419 3316 γῆς
2447 3246 2778 3316 οἰκήτορσιν,
2807 3243 3125 3312 ἀλλοφύλοις
3147 3243 3322 3297 ἔθνεσι
3355 3244 3445 3297 καὶ
3467 3246 3603 3298 ἀσε-

2009 3335 2289 3400 ϐεστάτοις
2310 3373 2324 3398 ,
2357 3335 2582 3398 εἰκότως
2628 3333 2769 3406 μετά
2814 3334 3088 3406 ῥομφαίας
3121 3334 3468 3406 ἐσπασμένης
3497 3336 3603 3389 καὶ

2007 3428 2148 3482 κατά
2177 3427 2284 3481 τῶν
2313 3426 2584 3498 πολεμίων
2613 3426 2956 3498 ὴκονημένης
2993 3425 3372 3495 ὑποφαίνεται,
3393 3443 3594 3496 μονον-

2005 3521 2126 3590 ουχὶ
2167 3519 2255 3574 διά
2292 3519 2395 3590 τῆς
2421 3519 2594 3588 ὅψεως
2618 3519 2958 3585 ἀποδεικνὺς,
2986 3519 3069 3571 ὅτι
3098 3518 3161 3588 δὴ
3190 3517 3350 3580 αὑτὸς
3379 3518 3602 3590 ἀοράτῳ

2003 3611 2265 3684 ῥομφαίᾳ,
2289 3609 2454 3680 ὲνθέῳ
2469 3609 2712 3680 δυνάμει,
2743 3610 2867 3672 τοὺς
2889 3608 3102 3673 ἀσεϐεῖς
3120 3609 3356 3680 μετιέναι
3378 3609 3598 3679 ἔμελλε,

2007 3704 2117 3765 τοῖς
2177 3699 2396 3763 οἰκείοις
2461 3699 2956 3770 συστρατευόμενος
3005 3699 3098 3752 καὶ
3153 3698 3601 3769 συναγωνιζόμε-

2007 3809 2115 3855 νος.
2182 3790 2276 3844 Διὸ
2321 3789 2463 3844 κατὰ
2507 3788 2697 3860 καιρὸν
2768 3788 2863 3842 xui
2901 3787 3336 3860 ἀρχιστράτηγον
3383 3789 3600 3859 Κυρίου

2007 3883 2197 3936 ἑαυτὸν
2224 3881 2606 3953 ἀνηγόρευσεν.

327 3969 510 4035 litans,
537 3971 728 4041 eisque
753 3987 910 4048 opem
943 3973 1165 4030 assidue
1191 3975 1396 4040 ferens,
1427 3985 1546 4031 erat
1581 3974 1779 4046 impios
1814 3974 2051 4030 ulturus.
2085 3973 2266 4040 Quare
2292 3973 2456 4027 etiam
2501 3977 2808 4042 opportune
2865 3971 3106 4042 seipsum
3144 3971 3448 4043 principem
3487 3972 3590 4026 im-

328 4070 635 4130 pcratorum
668 4061 883 4118 Domini
914 4064 1220 4135 appellavit.

924 4175 1154 4232 CAPUT
1187 4177 1305 4232 XX.

328 4265 404 4320 Ab
431 4266 552 4339 Job.
585 4299 656 4309 —
682 4268 836 4334 Quod
859 4270 1104 4323 similiter
1150 4271 1252 4339 ipsi
1289 4269 1391 4324 Job
1413 4309 1428 4333 ,
1459 4267 1901 4339 quemadmodum

391 4338 653 4406 patribus.
701 4341 810 4404 ipse
851 4339 1040 4408 Opifea:
1078 4338 1305 4394 uniuersi
1360 4338 1499 4394 Deus
1554 4341 1804 4405 Verbum,
1849 4348 1899 4394 et

395 4409 746 4479 respondisse,
771 4419 821 4465 et
849 4411 1016 4466 oculis
1053 4413 1193 4466 visus
1225 4427 1335 4466 esse
1364 4411 1580 4468 dicitur.

2535 4171 2932 4224 ΚΕΦΔΛΑΙΟΝ
2972 4171 3057 4226 Κ’.

2016 4264 2160 4320 Ἀπὸ
2187 4264 2293 4319 τοῦ
2348 4262 2482 4317 Ἱώϐ.
2517 4291 2588 4303 —-
2625 4263 2719 4328 Ὡς
2751 4262 2964 4331 ὁμοίως
3017 4261 3143 4328 τοῖς
3181 4263 3446 4332 πατράσι
3491 4268 3598 4319 καὶ

2071 4335 2152 4401 τῷ
2193 4335 2328 4397 Ἰὼϐ,
2380 4332 2563 4403 αὐτὸς
2608 4335 2640 4386 ό
2694 4331 3055 4403 Δημιουργὸς
3079 4332 3198 4403 τῶν
3239 4331 3401 4403 ὅλων
3446 4336 3596 4403 Θεὸς

2071 4407 2282 4474 Λόγος,
2320 4402 2546 4472 ἔχρησέ
2576 4420 2640 4456 τε
2672 4401 2770 4456 καὶ
2802 4402 3130 4472 ὀφθαλμοῖς
3170 4402 3466 4473 ἑωρᾶσθαι
3485 4401 3595 4460 λέ;

2076 4494 2260 4546 γεται.

397 4610 415 4642 ‹
443 4589 586 4646 Dixit
614 4597 794 4644 autem
821 4590 1081 4646 Dominus
1106 4592 1173 4646 ad
1199 4590 1303 4646 Job
1326 4591 1392 4646 de
1420 4592 1636 4647 turbine
1660 4600 1713 4647 ct
1740 4592 1897 4647 nubi-

2083 4608 2103 4642 ι
2136 4585 2271 4643 Εἴπε
2299 4589 2356 4642 δὲ
2378 4585 2579 4658 Κύριος
2599 4585 2677 4657 τῷ
2707 4585 2829 4639 Ἰὼϐ
2849 4585 2937 4640 διὰ
2968 4586 3231 4653 λαίλαπος
3257 4589 3350 4643 καὶ
3378 4591 3594 4660 νεφῶν*

321 4684 424 4740 bus
451 4702 465 4738 :
496 4681 599 4737 Ubi
630 4698 757 4738 eras
775 4683 902 4738 dum
918 4698 1017 4754 ego
1036 4681 1319 4738 fundarem
1340 4691 1539 4737 terram
1565 4683 1588 4736 ?
1611 4682 1899 4754 Responde

325 4774 430 4842 iam
462 4775 618 4841 mihi,
643 4782 827 4829 utrum
853 4775 1069 4829 noveris
1102 4775 1460 4840 intellectum,
1503 4776 1626 4846 quis
1654 4775 1898 4846 posuerit

325 4881 610 4922 mensuras
639 4866 758 4935 ejus
780 4866 824 4922 si
859 4867 1002 4920 nosti
1034 4867 1100 4930 ⁸⁸,
1133 4885 1149 4919 ι
1180 4875 1232 4922 et
1260 4876 1456 4923 cetera
1489 4888 1501 4923 :
1531 4887 1549 4918 ι
1588 4869 1722 4923 Cum
1757 4869 1896 4922 facta

324 4964 470 5020 sunt,
534 4955 734 5027 inquit,
769 4964 938 5021 astra,
994 4956 1355 5012 laudaverunt
1411 4974 1498 5013 me
1539 4974 1671 5015 voce
1698 4974 1895 5029 magna

322 5063 510 5104 omnes
538 5048 717 5119 angeli
751 5049 876 5103 mei.
901 5048 1160 5104 Obstruxi
1190 5058 1372 5104 autem
1401 5065 1550 5105 mare
1571 5053 1744 5120 portis
1765 5049 1809 5080 ⁸⁹
1832 5067 1845 5115 ;
1871 5069 1889 5101 ι

321 5156 384 5194 ac
407 5141 668 5210 deinceps
698 5140 844 5210 quod
878 5142 1125 5210 sequitur
1153 5161 1165 5197 :
1205 5160 1223 5192 ι
1249 5141 1387 5196 Num
1415 5158 1539 5198 eras
1572 5152 1628 5196 tu
1675 5141 1895 5213 quando

319 5232 579 5287 constitui
613 5231 793 5287 lumen
810 5236 1174 5289 matutinum?
1202 5235 1421 5291 Lucifer
1441 5242 1622 5291 autem
1647 5233 1896 5303 despexit

320 5324 480 5376 suum
509 5323 758 5377 ordinem
787 5325 868 5377 9°?
904 5345 921 5377 ι
958 5324 1022 5379 Et
1053 5341 1280 5383 rursus:
1313 5347 1331 5378 ι
1368 5326 1509 5382 Num
1545 5334 1626 5393 tu,
1669 5334 1896 5396 accepto

318 5422 476 5470 terra:
509 5415 646 5480 luto,
703 5414 880 5472 fecisti
916 5419 1152 5472 animal?
1185 5428 1238 5474 et
1271 5419 1338 5474 ad
1393 5419 1724 5489 loquendum
1773 5419 1894 5474 ido-

319 5520 478 5560 neum
506 5508 681 5575 ipsum
735 5510 965 5578 posuisti
1009 5511 1066 5565 in
1094 5512 1277 5566 terra?
1329 5513 1600 5569 abstulisti
1648 5527 1778 5568 vero
1825 5513 1892 5567 ab

319 5593 500 5680 impiis
537 5599 716 5652 lumen
747 5600 769 5652 ?
808 5601 1090 5657 brachium
1130 5613 1310 5659 autem
1359 5605 1721 5675 superborum
1759 5620 1894 5659 con-

387 5753 433 5784 "
463 5753 634 5810 Exod.
681 5771 762 5820 ιιι,
786 5756 839 5820 4,
865 5757 916 5812 5.
994 5757 1037 5789 ⁸⁷
1069 5756 1204 5813 Dan.
1229 5773 1326 5822 vn,
1368 5759 1453 5815 10.
1534 5761 1578 5794 ⁸⁸
1615 5758 1737 5816 Job.
1767 5777 1908 5817 xxxv

2036 5761 2087 5825 l,
2116 5761 2203 5817 45.

2006 4681 2118 4736 Ποῦ
2153 4677 2220 4754 ἧς
2259 4681 2317 4734 ὲν
2352 4678 2430 4750 τῷ
2455 4678 2735 4750 θεμελιδῖΝ
2795 4695 2862 4748 με
2895 4679 2995 4750 τὴν
3053 4681 3190 4750 γῆν;
3229 4682 3597 4750 Ἀπάγγειλον

2004 4774 2070 4846 δή
2107 4791 2193 4844 μοι
2228 4767 2275 4825 εί
2301 4773 2588 4826 ἐπίστασαι
2631 4769 2864 4831 σύνεσιν,
2895 4767 2979 4832 τίς
3007 4769 3159 4824 ἔθετο
3189 4771 3256 4824 τὰ
3284 4772 3462 4845 μέτρα
3495 4773 3595 4826 ui)-

2003 4865 2120 4936 τῆς,
2147 4865 2194 4917 εί
2224 4859 2387 4927 οἶδας,
2417 4882 2435 4914 ι
2474 4861 2646 4916 καὶτὰ
2670 4858 2814 4932 ἑξῆς·
2847 4882 2865 4914 ι
2891 4861 3016 4914 Ὅτε
3047 4863 3402 4934 ἐγενήθησαν,
3434 4884 3452 4915 ι
3487 4883 3594 4935 φη-

2004 4957 2109 5020 σὶν,
2147 4975 2166 5008 ι
2201 4957 2396 5028 ἄστρα,
2432 4955 2627 5026 ᾔνεσάν
2661 4975 2725 5028 με
2753 4960 2904 5029 φωνῇ
2941 4955 3147 5028 μεγάλῃ
3193 4955 3394 5018 πάντες
3425 4957 3594 5025 ἅγγε-

1997 5048 2078 5102 λοί
2117 5067 2238 5119 μου.
2276 5049 2527 5120 Ἐφραξα
2559 5049 2616 5102 δὲ
2646 5049 2921 5102 θάλασσαν
2956 5048 3171 5111 πύλαις.
3212 5067 3230 5099 ι
3266 5048 3379 5101 Καὶ
3427 5049 3587 5119 ἑξῆς·

2002 5159 2021 5192 ι
2057 5137 2130 5193 Ἦ
2165 5142 2256 5194 ἐπὶ
2285 5141 2374 5194 σοῦ
2412 5142 2707 5212 συντέταχα
2738 5141 2938 5211 φέγγος
2963 5139 3230 5211 πρωῖνόν,
3276 5139 3592 5211 Ἑωσφόρος

1997 5232 2052 5286 δὲ
2090 5233 2270 5285 ἐπεῖδε
2315 5233 2411 5304 τὴν
2458 5233 2651 5286 ἑαυτοῦ
2698 5233 2878 5299 τάξιν;
2924 5251 2942 5284 ι
2977 5233 3088 5286 Καὶ
3123 5229 3314 5286 πάλιν·
3357 5252 3374 5283 ι
3411 5229 3489 5285 Ἦ
3521 5236 3588 5287 σὺ

1997 5322 2176 5376 λαϐὼν
2209 5324 2312 5394 γῆς
2348 5323 2514 5395 πηλὸν
2555 5323 2794 5387 ἔπλασας
2824 5323 2980 5387 ζῶον,
3014 5322 3108 5376 καὶ
3151 5322 3382 5394 λαλητὸν
3423 5325 3590 5378 αὑτὸν

2001 5417 2122 5470 ἔθου
2145 5417 2237 5470 ἐπὶ
2266 5417 2365 5487 τῆς
2404 5417 2536 5486 γῆς;
2573 5417 2790 5486 ἀφεῖλες
2827 5415 2882 5468 δὲ
2925 5417 3033 5469 ἀπὸ
3079 5415 3290 5470 ἀσεϐῶν
3327 5416 3390 5468 τὸ
3436 5417 3584 5485 φῶςς

2002 5508 2258 5581 βραχίονα
2301 5508 2343 5560 δ’
2385 5509 2744 5580 ὑπερηφάνων
2780 5506 3131 5579 συνέτριψαςς
3183 5502 3349 5576 ἦλθες
3391 5506 3449 5562 δὲ
3494 5509 3587 5561 ἐπὶ

2000 5605 2180 5675 πηγὴν
2210 5601 2512 5672 θαλάσσης,
2550 5604 2607 5654 ὲν
2643 5601 2698 5653 δὲ
2729 5599 2930 5671 ἴχνεσιν
2972 5599 3207 5653 ἀϐύσσου
3239 5602 3575 5671 περιεπάτη.

2284 5761 2326 5795 ⁸⁸
2359 5759 2490 5816 ibid.
2530 5759 2581 5814 '1.
2655 5758 2702 5792 "
2751 5757 2884 5814 ibid.
2923 5758 3009 5812 12.
