3846 6218
257 324 351 380 ιοι

1150 313 1801 374 DEMONSTRATIONIS
1836 309 2290 369 EVANGELICE
2327 305 2457 364 [ΛΒ.
2491 305 2562 363 ν.

3402 295 3504 353 409

257 457 354 503 σας
375 456 391 505 ;
424 434 807 505 ἀνοίγονταιδέ
832 452 915 489 σοι
941 434 1091 505 φόϐῳ
1114 434 1276 488 πύλαι
1302 433 1563 500 θανάτου;
1589 430 1828 503 πυλωροὶ

1938 426 2166 483 trivisti?
2194 423 2391 480 venisti
2422 428 2600 476 autem
2631 416 2699 474 ad
2733 416 2936 472 fontem
2980 412 3149 471 maris
3179 452 3193 474 .
3230 422 3276 470 et
3304 410 3378 505 in.
3402 425 3499 466 ve-

255 531 311 585 δὲ
362 529 490 601 ᾅδου
544 527 740 591 ἰδόντες
787 542 848 580 σε
897 524 1171 596 ἔπτηξανς
1210 543 1231 576 ι
1266 524 1377 578 Καὶ
1422 524 1515 576 ἐπὶ
1556 521 1698 576 τέλει
1737 519 1834 575 τοῦ

259 621 458 686 παντὸς
481 617 730 692 χρησμοῦ
758 616 1106 689 ἀποκρίνεται
1130 614 1253 670 ’1ὼό
1283 615 1362 686 τῷ
1392 614 1600 687 Κυρίῳ,
1630 613 1831 682 λέγων·

259 731 279 765 ι
319 713 584 766 Ἄκουσον
607 709 670 780 δή
708 725 835 779 μου,
864 706 1060 780 Κύριε,
1091 707 1178 761 ἵνα
1203 704 1357 774 κάγὼ
1382 704 1619 776 λαλήσω.
1668 703 1836 774 Ἐρω-

254 806 406 876 τήσω
460 802 518 857 δέ
583 818 667 868 σε,
720 803 784 855 σὺ
829 801 888 854 δέ
936 817 1003 871 με
1040 798 1268 864 δίδαξον.
1309 797 1518 868 ’Δκοὴψ
1552 796 1649 868 μὲν
1697 794 1836 858 ὠτὸς

254 894 455 967 ἤκουόν
484 911 578 947 σου
602 894 663 947 τὸ
687 892 970 964 πρότερον,
1008 890 1103 945 νῦν
1142 890 1199 945 δὲ
1222 892 1253 945 ὁ
1274 888 1549 959 ὀφθαλμός
1588 905 1688 959 μου
1733 885 1835 941 ἑώ-

256 987 393 1059 ρακέ
427 1003 507 1040 σε.
540 985 630 1041 Διὸ
657 984 919 1054 ἐφαύλισα
948 982 1203 1054 ἐμαυτὸν,
1228 981 1324 1035 καὶ
1351 980 1551 1052 ὲτάκην
1570 999 1583 1012 ⁸
1614 980 1830 1051 ἥγημαι

250 1076 310 1129 δὲ
347 1074 589 1146 ὲμαυτὺν
617 1073 721 1144 γῆν
770 1073 865 1126 καὶ
909 1072 1121 1127 σποδόν.
1165 1090 1186 1123 ι
1215 1072 1337 1125 Ὀτι
1366 1070 1465 1141 μὲν
1495 1064 1590 1123 οὖν
1632 1066 1835 1140 Κυρίου

253 1168 350 1222 τοῦ
383 1166 726 1240 Δημιουργοῦ
753 1166 1108 1237 τυγχάνουσιν
1153 1166 1209 1219 αῖ
1248 1163 1601 1234 προκείμεναι
1642 1160 1835 1231 φωναὶ,

249 1261 357 1313 οὐκ
385 1261 449 1313 ὲκ
469 1259 578 1315 τῶν
606 1258 974 1330 προτεθέντων
1008 1256 1188 1326 μόνον,
1218 1253 1354 1308 ἀλλά
1396 1254 1491 1308 καὶ
1526 1253 1592 1307 ὲκ
1622 1252 1730 1306 τῶν
1757 1268 1838 1304 σοι

251 1349 596 1420 φαινομένων
630 1345 921 1416 διαγνῶναι
966 1344 1173 1416 ῥᾴδιονο
1213 1343 1295 1397 ὅτι
1342 1343 1401 1397 δὲ
1443 1342 1525 1406 τὸ,
1577 1360 1598 1393 ι
1636 1336 1840 1401 Ἦλθες

250 1444 348 1495 ἐπὶ
373 1441 559 1512 πηγὴν
595 1439 889 1509 θαλάσσης,
936 1438 996 1489 ἐν
1039 1436 1096 1489 δὲ
1142 1436 1345 1506 ῐχνισιν
1394 1432 1633 1488 ἀὸύσσου
1687 1448 1842 1503 περι-

249 1530 569 1602 επάτησας;
604 1549 624 1582 ι
648 1530 741 1584 καὶ
766 1529 849 1594 τὸ,
884 1548 902 1579 ι
936 1526 1262 1595 Ἀνοίγονται
1297 1525 1356 1579 δέ
1376 1542 1459 1578 σοι
1487 1523 1638 1593 φόϐῳ
1677 1521 1841 1575 πύλαι

249 1622 508 1688 θανάτου;
539 1621 778 1694 πυλωροὶ
813 1620 871 1673 δὲ
907 1619 1033 1692 ᾅδου
1069 1619 1265 1683 ἰδόντες
1292 1636 1351 1672 σε
1380 1615 1644 1687 ἑπτηξανς
1686 1632 1707 1666 ι
1742 1612 1841 1684 τὴν

256 1716 342 1779 εἰς
375 1713 505 1786 ᾅδου
534 1711 759 1766 κάθοδον
784 1711 881 1766 τοῦ
915 1712 1166 1785 Σωτῆρος
1213 1710 1369 1782 ἡμῶν
1400 1708 1667 1773 θεσπίζει,
1701 1706 1842 1761 κατά

1935 516 2112 586 stigiis
2145 513 2327 586 abyssi
2382 507 2791 566 deambulasti?
2817 503 3240 576 aperiunturque
3284 497 3382 556 tibi
3427 498 3501 552 ti-

1934 624 2087 664 more
2108 615 2278 680 portae
2300 602 2535 661 mortis?
2560 609 2615 656 et
2630 600 2897 671 janilores
2916 596 3215 653 inferorum
3256 590 3505 648 videntes

1935 708 1988 757 te
2014 698 2189 755 territi
2225 703 2354 753 sunt
2383 693 2475 746 ἰτ
2505 712 2524 744 ι
2558 690 2766 747 Deinde
2821 690 2874 744 in
2934 687 3039 743 fine
3066 685 3235 742 totius
3270 680 3504 746 oraculi,

1934 791 2226 864 respondet
2248 787 2351 844 Job
2376 785 2627 848 Domino,
2659 784 2847 838 dicens
2871 797 2884 832 :
2918 798 2938 833 ι
2961 778 3101 835 Audi
3130 778 3242 847 jam
3268 790 3373 841 me,
3402 773 3507 826 Do-

1935 884 2103 950 mine,
2130 889 2191 936 ut
2218 881 2383 936 etiam
2413 893 2515 946 ego
2546 877 2761 946 loquar,
2794 881 2849 928 et
2881 869 3225 941 interrogabo
3260 876 3332 934 te,
3365 872 3427 932 et.
3447 872 3507 920 tu

1934 990 2024 1033 me
2055 974 2271 1030 doceto.
2314 970 2519 1026 Auditu
2562 968 2781 1039 quidem
2825 964 2976 1021 auris
3024 960 3205 1018 audivi
3235 967 3288 1015 te
3331 958 3505 1030 prius,

1936 1082 2083 1125 nunc
2111 1074 2291 1121 autem
2345 1062 2539 1118 oculus
2583 1074 2740 1115 meus
2769 1057 2905 1112 vidit
2935 1064 3007 1113 te.
3042 1054 3309 1122 Quocirca
3346 1051 3507 1107 vilem

1940 1158 2103 1216 habui
2153 1155 2443 1225 meipsum,
2510 1158 2566 1207 et
2619 1148 2946 1220 liquefactus
3000 1161 3144 1210 sum,
3212 1149 3268 1200 et
3323 1138 3508 1214 putavi

1939 1250 2206 1321 meipsum
2238 1254 2438 1301 terram
2486 1250 2542 1298 et
2582 1241 2821 1297 cinerem
2839 1241 2908 1295 ".
2942 1256 2962 1291 ι
3000 1234 3214 1292 Domini
3237 1233 3401 1305 igitur
3422 1246 3507 1286 rc-

1938 1357 2061 1398 rum
2095 1337 2318 1410 Opificis
2357 1335 2638 1407 expositas
2691 1331 2854 1388 modo
2885 1346 3011 1387 esse
3059 1343 3241 1393 voces,
3268 1340 3378 1381 non
3419 1339 3508 1381 su-

1939 1434 2053 1489 lum
2077 1447 2145 1487 ex
2174 1431 2263 1493 iis,
2292 1444 2414 1500 quae
2439 1425 2723 1497 proposita
2754 1431 2905 1487 sunt,
2929 1436 3116 1478 verum
3140 1417 3302 1474 etiam
3328 1431 3393 1471 ex
3419 1414 3508 1478 iis,

1939 1541 2061 1597 qua:
2105 1524 2203 1580 tibi
2238 1522 2343 1594 ipsi
2396 1520 2708 1582 videantur,
2756 1517 3078 1587 dignoscere
3109 1510 3268 1567 facile
3286 1516 3371 1565 est
3398 1546 3412 1560 .
3448 1508 3515 1562 il-

1941 1620 2033 1676 lud
2056 1634 2184 1675 vero
2207 1657 2225 1682 ,
2260 1636 2280 1669 (
2307 1612 2517 1670 Venisti
2546 1612 2616 1668 ad
2643 1610 2847 1666 fontem
2873 1606 3063 1671 maris,
3096 1613 3151 1661 et
3180 1604 3237 1659 in
3268 1600 3510 1672 vestigiis

1943 1712 2130 1783 abyssi
2187 1704 2586 1764 deambulasti?
2618 1722 2638 1757 ι
2686 1709 2741 1757 et
2779 1698 2935 1763 illud,
2972 1716 2990 1749 ι
3018 1695 3352 1766 Aperiuntur
3386 1707 3512 1747 vero

252 1805 349 1859 τὸν
400 1805 747 1876 προσήκοντα
789 1803 981 1875 καιρὸν
1024 1801 1402 1872 ἀποδείξομενσ
1443 1798 1694 1854 τοσοῦτον
1741 1798 1835 1852 νῦν

1938 1805 2032 1859 tibi
2063 1804 2258 1857 timore
2284 1808 2456 1871 portae
2484 1796 2676 1852 mortis
2698 1834 2714 1860 ,
2776 1800 2833 1848 et
2886 1791 3155 1864 janilores
3212 1786 3510 1842 inferorum

250 1896 746 1968 ὲπισημηνάμενοι,
784 1895 862 1959 ὡς
906 1895 1104 1965 μᾶλλον
1138 1893 1216 1963 τῷ
1246 1892 1363 1964 Θεῷ
1398 1891 1555 1962 Λόγῳ
1581 1893 1726 1963 ἥπερ
1753 1889 1833 1961 τῷ

248 1989 375 2060 Θεῷ
389 1988 499 2041 τῶν
520 1988 656 2041 ὅλων
674 1987 743 2041 τά
767 1986 908 2041 κατά
925 1987 1016 2040 τὸν
1031 1986 1195 2040 τόπον
1214 1983 1523 2039 ἀνατιθέναι
1543 1982 1824 2055 προσήκει.

263 2080 325 2135 '0
338 2078 474 2148 γοῦν
489 2078 628 2143 Ἰὼϐ,
648 2077 797 2147 ἑξῆς,
818 2076 1019 2146 ὁμοίως
1033 2078 1147 2140 τοῖς
1168 2075 1437 2146 πατράσιν
1453 2073 1613 2127 αὐτὸν
1630 2072 1694 2144 δὴ
1708 2070 1833 2125 τοῦ-

248 2189 346 2226 τον
369 2171 463 2225 τὸν
488 2173 545 2224 ἐν
572 2171 764 2242 ἀρχαῖς
793 2168 880 2222 διὰ
910 2167 1169 2231 λαῦαπος
1208 2167 1302 2221 καὶ
1351 2165 1528 2235 νεφῶν
1567 2164 1833 2237 χρηματί-

252 2260 418 2325 ζοντα
442 2259 590 2330 αὐτῴ
617 2259 841 2331 Κύριον,
862 2257 1092 2329 αὐτοψίᾳ
1118 2256 1516 2329 τεθεωρηκέναι
1547 2257 1828 2327 μαρτυρεῖ,

251 2350 451 2419 λέγων·
479 2369 499 2402 ι
528 2350 791 2403 ’Ἄκουσον
833 2348 892 2401 δέ
925 2345 1255 2419 μου,Κύριε,
1292 2346 1379 2400 ἵνα
1410 2343 1565 2414 κάγὼ
1591 2345 1826 2415 λαλήσω.

262 2441 559 2512 Ἐρωτήσω
587 2440 644 2494 δέ
678 2456 760 2504 σε,
797 2440 862 2493 σὺ
894 2437 953 2492 δέ
984 2454 1049 2510 με
1079 2436 1307 2503 δίδαξον.
1349 2437 1544 2507 ’Δκοὴν
1571 2435 1669 2507 μὲν
1695 2435 1832 2499 ὠτὸς

250 2532 454 2602 ήκουόν
480 2548 574 2584 σου
610 2531 986 2602 τᾲπρότερον,
1010 2528 1105 2584 νῦν
1140 2529 1196 2583 δὲ
1236 2531 1265 2582 ὁ
1295 2527 1568 2598 ὀφθαλμός
1603 2544 1701 2597 μου
1728 2524 1830 2579 ἑώ-

255 2622 396 2694 ρακὲ
421 2639 500 2677 σε.
533 2622 625 2676 Διὸ
655 2622 919 2692 ὲφαύλισα
951 2621 1208 2692 ἐμαυτὸν,
1234 2621 1330 2675 καὶ
1360 2620 1587 2689 ὲτάκην·
1616 2618 1831 2689 ἥγημαι

248 2714 311 2768 δὲ
337 2714 575 2785 ἐμαυτὸν
606 2714 706 2784 γῆν
737 2713 833 2767 καὶ
865 2713 1076 2767 σποδόν.
1116 2732 1137 2765 ι
1167 2712 1293 2776 Πῶς
1316 2711 1361 2765 δ’
1385 2711 1449 2765 ἂν
1467 2709 1556 2765 τὸν
1574 2710 1833 2764 ἀνωτάτω

248 2805 410 2869 Θεὸν,
437 2805 529 2858 τὸν
549 2804 658 2859 τῶν
681 2806 816 2858 ὅλων
841 2805 1116 2867 ἐπέκεινα,
1141 2804 1239 2876 τὴν
1262 2804 1530 2874 ἄτρεπτον
1554 2803 1647 2856 καὶ
1674 2800 1833 2869 ἀγέν-

248 2914 415 2970 νητον
439 2899 647 2961 οὐσίαν,
678 2898 859 2968 σάρκα
882 2897 1175 2969 περιϐεϐλη
1185 2896 1318 2968 μένη
1342 2894 1487 2966 ψυχὴ
1516 2895 1610 2948 καὶ
1634 2892 1833 2963 ὀφθαλ-

255 2991 351 3063 μοὶ
386 2990 596 3061 θνητῶν
626 2990 939 3055 ἐθεάσαντο,
975 2993 1023 3044 εί
1064 2990 1138 3062 μὴ
1182 2992 1289 3061 ἄρα
1333 2989 1519 3060 σαφῶς
1559 2987 1836 3044 κάνταῦθα

251 3082 618 3138 ὑποϐαίνοντα
656 3083 750 3137 τοῦ
792 3084 993 3138 οἰκείου
1039 3083 1302 3154 μεγέθους
1340 3083 1430 3137 τὸν
1470 3082 1602 3137 Θεὸν
1638 3081 1830 3151 Λόγον,

249 3175 313 3229 ὃν
338 3176 606 3247 διαφόρως
627 3175 1019 3246 ἀποδείκνυμεν
1042 3151 1271 3246 Κύριον,
1304 3174 1549 3246 εἴποιμεν
1594 3174 1661 3227 ἂν
1692 3191 1831 3246 παρ-
1857 3151 1899 3210 C

254 3268 543 3329 ίστασθαι,
579 3267 656 3331 ὡς
690 3266 806 3319 ἔστι
844 3269 937 3320 καὶ
962 3264 1023 3330 ὲξ
1065 3265 1243 3319 αὐτῶν
1286 3264 1397 3318 τῶν
1435 3262 1693 3335 χρησμῶν
1726 3280 1830 3334 μα-

252 3360 389 3423 θεῖν,
422 3360 489 3413 δι’
524 3352 599 3412 ὧν
638 3356 793 3423 αὖθις
823 3360 852 3411 ό
885 3358 1086 3429 Κύριος
1119 3358 1257 3429 πρὸς
1295 3359 1386 3412 τὸν
1430 3357 1549 3412 Ἰὼϐ
1586 3357 1657 3411 τά
1705 3358 1833 3428 περὶ

250 3448 349 3503 τοῦ
397 3448 640 3502 διαϐόλου
688 3448 764 3512 ὡς
817 3448 945 3520 περὶ
989 3448 1277 3520 δράκοντος
1328 3447 1477 3502 διιὼν
1524 3446 1831 3519 ἐπεχείρεις

258 3558 279 3592 ι
315 3540 390 3593 05
433 3539 676 3602 δέδοικας
720 3540 801 3592 ὃτι
832 3538 1154 3609 ἡτοίμασταί
1196 3555 1324 3608 μοις
1361 3534 1381 3589 ό
1411 3538 1685 3609 Δράκοντα
1726 3535 1835 3607 γὰρ

250 3629 586 3702 ἡτοιμάσθαι
612 3631 749 3700 ποίῳ
766 3628 952 3700 Κυρίῳ
975 3630 1239 3701 προσήκει
1263 3627 1524 3699 νομίζειν,
1553 3626 1586 3696 ἢ
1612 3626 1689 3697 τῷ
1718 3625 1837 3697 Θεῷ

250 3724 414 3793 Λόγῳ
438 3723 533 3775 καὶ
573 3722 782 3793 Σωτῆρι
822 3720 1009 3793 ἡμῶν,
1040 3720 1098 3783 ὃς
1126 3719 1217 3772 τὸν
1260 3718 1492 3790 ἄρχοντα
1523 3719 1616 3772 τοῦ
1645 3716 1839 3780 αἰῶνος

251 3814 469 3877 τούτου,
505 3813 670 3867 πάλαι
700 3812 965 3883 πρότερον
993 3809 1378 3881 πολιορκοῦντα
1403 3809 1466 3862 τὸ
1489 3808 1597 3862 τῶν
1631 3806 1841 3879 ἀνθρώ-

253 3925 374 3961 πων
406 3908 581 3975 γένος,
612 3904 850 3968 καθεῖλε,
880 3904 1047 3967 λύσας
1090 3902 1188 3969 τὰς
1225 3903 1419 3967 ὠδῖνας
1446 3901 1539 3956 τοῦ
1577 3901 1834 3956 θανάτουο

250 3999 283 4053 ὃ
304 3999 402 4052 καὶ
427 3998 591 4063 αὐτὸς
618 3998 914 4068 παρίστησι
947 3997 1124 4067 φήσας
1143 4037 1157 4061 ,
1187 4015 1206 4048 ι
1242 3991 1444 4059 *Ηλθες
1464 3995 1507 4048 δ’
1538 3996 1631 4049 ἐπὶ
1658 3993 1840 4066 πηγὴν

254 4092 566 4163 θαλάσσηςς
601 4094 656 4145 ὲν
680 4092 736 4145 δὲ
763 4092 960 4162 ἴχνεσιν
983 4090 1217 4145 ἀϐύσσου
1235 4091 1671 4163 περιεπάτησας;
1700 4089 1842 4144 ἀνοί-

252 4200 445 4251 γονται
473 4160 531 4235 δέ
563 4198 645 4236 σοι
676 4160 825 4251 φόϐῳ
858 4179 1023 4234 πύλαι
1055 4160 1321 4246 θανάτου
1349 4160 1587 4252 πυλωροὶ
1626 4179 1684 4233 δὲ
1715 4178 1840 4250 ᾅδου

257 4275 460 4338 ἰδόντες
507 4290 568 4327 σε
617 4273 895 4345 Επτηξανς
939 4292 956 4325 ι
986 4272 1170 4327 Ταῦτα
1220 4271 1275 4326 δὲ
1307 4271 1533 4335 εἰκότως
1579 4271 1717 4344 πρὸς
1752 4270 1842 4327 τὸν

266 4367 391 4420 ’1ὼὸ
418 4365 751 4438 χρηματίζει
790 4364 928 4436 μετά
951 4365 1042 4418 τὸν
1074 4363 1245 4436 μέγαν
1277 4362 1602 4434 πειρασμὸν,
1655 4361 1713 4415 ὂν
1741 4361 1844 4415 ύπ-

1936 1895 2184 1951 videntes
2204 1902 2257 1949 te
2283 1891 2462 1947 territi
2484 1895 2613 1946 sunt
2638 1887 2662 1941 ?
2698 1904 2718 1939 ι
2756 1883 3061 1940 Salvatoris
3091 1881 3265 1936 nostri
3281 1878 3511 1935 descen-

1937 2003 2060 2045 sum
2115 1986 2185 2041 ad
2239 1983 2447 2041 inferos
2506 1978 2839 2052 significare,
2872 1991 2975 2031 suo
3026 1980 3267 2042 tempore
3289 1970 3515 2026 demon-

1937 2080 2255 2143 strabimus,
2289 2079 2337 2133 si
2357 2075 2519 2132 modo
2548 2074 2653 2130 hoc
2675 2073 2797 2128 loco
2826 2070 2878 2125 id
2904 2083 3071 2123 unum
3101 2064 3471 2123 notaverimus
3497 2081 3509 2116 :

1935 2172 2048 2229 Deo
2079 2171 2256 2228 Verbo
2285 2168 2458 2239 magis
2485 2180 2645 2238 quam
2684 2163 2797 2220 Deo
2817 2159 2988 2228 Patri,
3009 2173 3132 2229 qua:
3158 2155 3228 2212 ad
3265 2156 3410 2211 hunc
3435 2154 3515 2209 lo-

1933 2277 2061 2317 cum
2085 2260 2375 2331 pertinent,
2400 2272 2521 2313 esse
2539 2252 2845 2310 tribuenda.
2868 2248 3033 2323 248
3058 2247 3165 2304 Job
3188 2248 3373 2319 igitur,
3405 2246 3515 2301 sic-

1938 2362 1998 2409 ut
2045 2354 2209 2408 etiam
2250 2349 2444 2420 reliqui
2491 2355 2700 2418 patres,
2756 2345 2935 2415 ipsum
2992 2342 3141 2397 hunc
3168 2341 3238 2396 ab
3263 2337 3419 2394 initio
3449 2335 3516 2393 de

1937 2448 2151 2505 turbine
2192 2454 2247 2501 et
2287 2444 2525 2500 nubibus
2572 2441 2994 2511 respondentem
3050 2436 3155 2494 sibi
3200 2435 3512 2500 Dominum,

1935 2554 2121 2595 coram
2141 2552 2200 2595 se
2234 2537 2493 2593 intuitum
2525 2550 2647 2591 esse
2677 2533 3027 2596 testificatur,
3058 2527 3252 2583 dicens
3279 2541 3293 2579 :
3330 2544 3350 2578 ι
3372 2525 3515 2581 Audi

1934 2645 2066 2687 vero
2088 2645 2194 2696 me,
2228 2629 2475 2693 Domine,
2536 2635 2596 2681 ut
2630 2626 2795 2681 etiam
2825 2640 2926 2699 ego
2959 2624 3174 2695 loquar,
3202 2630 3259 2679 et
3280 2618 3517 2676 interro-

1937 2722 2078 2793 gabo
2118 2728 2195 2789 te,
2234 2728 2288 2777 et
2342 2728 2402 2775 tu
2443 2735 2532 2777 me
2583 2719 2779 2775 doceto
2813 2734 2825 2770 :
2859 2715 3053 2772 auditu
3095 2713 3317 2786 quidem
3365 2711 3517 2768 auris

1938 2814 2122 2870 audivi
2154 2821 2206 2869 te
2241 2813 2416 2884 prius,
2446 2826 2597 2867 nunc
2640 2820 2821 2866 autem
2849 2808 3045 2865 oculus
3080 2820 3236 2861 meus
3265 2803 3401 2858 vidit
3439 2810 3512 2857 te.

1939 2904 2207 2972 Quocirca
2229 2906 2392 2959 vilem
2419 2903 2587 2959 habui
2616 2903 2908 2973 meipsum,
2937 2908 2992 2955 et
3027 2896 3353 2969 liquefactus
3369 2909 3514 2957 sum,

1936 3005 1993 3053 et
2020 2996 2207 3067 putavi
2238 2995 2509 3065 meipsum
2542 3001 2747 3049 terram
2776 2999 2831 3047 et
2858 2991 3121 3047 cinerem.
3142 3007 3164 3042 ι
3206 2984 3311 3054 Qui
3335 2996 3516 3041 autem

1941 3088 2059 3143 fieri
2086 3094 2288 3158 potest,
2350 3093 2408 3141 ut
2457 3101 2772 3157 supremum
2817 3083 3009 3148 Deum,
3042 3090 3096 3137 et
3136 3096 3264 3137 eum
3302 3078 3398 3149 qui
3429 3084 3516 3133 est

1934 3177 2076 3232 ultra
2105 3176 2310 3241 omnia,
2342 3176 2737 3231 immutabilem
2772 3175 2963 3245 utique
3005 3180 3060 3229 et
3096 3170 3398 3242 ingenitam
3423 3183 3514 3225 es-

1933 3268 2186 3333 sentiam,
2218 3267 2399 3322 anima
2418 3267 2606 3323 induta
2633 3282 2882 3338 corpore,
2905 3272 2961 3321 et
3002 3264 3148 3320 oculi
3190 3262 3498 3318 mortalium

1932 3358 2117 3414 intuiti
2134 3359 2265 3425 sint,
2293 3358 2401 3415 nisi
2431 3358 2593 3430 plane
2638 3359 2743 3413 hoc
2797 3357 2963 3413 etiam
2992 3356 3136 3420 loco,
3185 3352 3370 3425 egredi
3431 3350 3502 3408 de

1934 3450 2153 3523 propria
2207 3450 2585 3523 magnitudine
2627 3449 2723 3507 Dei
2748 3448 3011 3516 Verbum,
3042 3448 3224 3519 ipsum
3269 3445 3365 3518 qui
3413 3443 3523 3501 Do-

1935 3544 2117 3599 minus
2161 3558 2286 3599 esse
2317 3582 2333 3608 ,
2385 3543 2554 3599 variis
2612 3542 3025 3599 demonstratur
3078 3538 3277 3605 modis,
3337 3552 3512 3608 eoque

1935 3635 2099 3691 modo
2123 3634 2382 3690 exhibere
2423 3650 2483 3690 se
2532 3634 2826 3691 videndum
2881 3633 3218 3698 dixerimus,
3251 3633 3517 3704 quemad-

1937 3726 2158 3783 modum
2187 3726 2316 3783 licet
2352 3726 2437 3782 vel
2482 3741 2551 3782 ex
2592 3726 2727 3797 ipsis
2773 3726 3016 3781 oraculis
3046 3724 3278 3790 discere,
3312 3724 3367 3779 in
3391 3724 3518 3796 qui.

1939 3821 2042 3876 bus
2070 3834 2266 3875 rursus
2291 3819 2409 3890 ipse
2429 3817 2696 3874 Dominus
2724 3819 2792 3874 ad
2847 3816 2951 3874 Job
2971 3832 3037 3873 ea
3079 3831 3202 3887 quas
3227 3816 3293 3872 ad
3322 3816 3515 3872 diabo—

1939 3911 2051 3966 lum
2100 3911 2393 3983 pertinent,
2456 3918 2717 3981 tanquam
2756 3909 2824 3965 de
2864 3909 3106 3966 dracone
3134 3921 3400 3964 ernarrans
3434 3907 3515 3962 in-

1940 4001 2145 4069 stabat,
2203 4018 2223 4052 c
2245 3998 2361 4055 Non
2393 3999 2555 4055 times
2610 3999 2867 4070 quoniam
2925 4008 3146 4071 paratus
3166 4006 3253 4054 est
3277 3996 3456 4052 mihi?
3492 4015 3513 4051 ι

1940 4090 2041 4147 Cui
2060 4092 2204 4147 enim
2237 4090 2488 4154 Domino,
2514 4090 2808 4147 draconem
2829 4098 3077 4161 paratum
3103 4105 3224 4146 esse
3262 4089 3515 4145 arbitrari

1941 4186 2218 4250 convenit,
2251 4185 2357 4240 nisi
2386 4182 2496 4240 Deo
2525 4182 2705 4239 Verbo
2740 4192 2794 4239 et
2823 4182 3089 4239 Salvatori
3116 4190 3325 4247 nostro,
3355 4196 3515 4254 quem

1940 4277 2239 4349 principem
2270 4277 2432 4346 hujus
2463 4276 2645 4333 saeculi
2684 4277 3008 4347 jampridem
3033 4292 3205 4348 genus
3235 4275 3514 4332 hominum

1942 4370 2358 4440 depopulantem
2393 4371 2637 4435 sustulit,
2678 4370 2963 4426 dissolutis
2990 4369 3185 4426 mortis
3207 4366 3512 4431 doloribus,

252 4457 462 4529 ἔμεινε,
497 4457 592 4510 καὶ
629 4456 834 4526 ἀγῶνα,
865 4456 1127 4510 διδάσκων
1162 4454 1342 4518 αὐτὸν,
1362 4455 1441 4508 ὅτι
1476 4455 1615 4526 ὑπὲρ
1643 4453 1835 4525 μέρους

1942 4454 2089 4554 quod
2135 4457 2354 4527 quidem
2413 4458 2615 4528 ipsum,
2677 4458 2795 4528 ipse
2834 4473 3052 4528 quoque
3098 4458 3246 4513 dicat
3302 4457 3514 4521 dicens,

252 4549 578 4621 ἠγώνισται,
621 4548 715 4602 τοῦ
753 4547 995 4620 μείζονος
1036 4548 1130 4602 καὶ
1177 4546 1563 4620 κραταιοτέρου
1602 4546 1835 4619 πολέμου

1951 4565 1971 4599 ι
2007 4547 2216 4604 Venisti
2271 4564 2403 4605 vero
2459 4550 2527 4604 ad
2587 4549 2790 4604 fontem
2857 4550 3048 4614 maris,
3094 4557 3149 4605 et
3194 4550 3249 4605 in
3277 4548 3518 4618 vestigiis

252 4642 355 4696 καὶ
383 4641 596 4711 ἀγῶνος
616 4638 764 4711 αὐτῷ
793 4638 871 4711 τῷ
900 4639 1090 4712 Κυρίῳ
1130 4639 1548 4710 πεφυλαγμένου
1578 4638 1720 4693 κατὰ
1748 4639 1835 4694 τὸν

1945 4642 2127 4713 abyssi
2168 4641 2565 4698 deambulasti?
2603 4643 2923 4714 aperiuntur
2973 4652 3155 4698 autem
3198 4642 3296 4698 tibi
3325 4642 3518 4697 timore

252 4732 448 4804 καιρὸν
472 4733 571 4804 τῆς
604 4735 686 4797 είς
717 4732 808 4786 τὸν
837 4732 1062 4787 θάνατον
1089 4731 1256 4786 αὑτοῦ
1284 4730 1607 4802 παρουσίας.

1941 4744 2113 4804 portae
2143 4734 2379 4790 mortis?
2406 4743 2462 4789 et
2508 4735 2773 4805 janilores
2830 4732 3131 4790 inferorum
3177 4733 3425 4790 videntes
3466 4740 3519 4788 te

256 4826 435 4883 territi
469 4826 638 4880 sunt?
671 4842 689 4876 ι
721 4823 847 4879 Haec
897 4839 1030 4880 sane
1082 4823 1274 4879 merito
1317 4823 1386 4877 ad
1435 4821 1539 4877 Job
1564 4823 1826 4893 loquitur,
1866 4832 1991 4894 post
2053 4841 2307 4897 magnam
2358 4827 2737 4890 tentationem,
2769 4832 3001 4897 postque
3025 4838 3280 4896 magnum
3341 4834 3517 4879 certa-

252 4938 384 4978 men
413 4920 559 4992 quod
587 4920 871 4981 sustinuit.
905 4919 1110 4975 docens
1142 4933 1289 4986 eum,
1336 4917 1483 4990 quod
1528 4933 1626 4989 pro
1674 4928 1828 4989 parte
1865 4921 2177 4989 certaverit,
2211 4936 2335 4977 cum
2402 4922 2621 4978 interim
2659 4920 2837 4991 majus
2866 4918 3171 4986 fortiusque
3206 4916 3406 4973 bellum
3462 4924 3518 4972 et

253 5021 537 5072 certamen
594 5012 697 5083 ipsi
723 5010 953 5067 Domino
975 5017 1303 5076 reservetur,
1333 5010 1440 5066 sub
1487 5018 1704 5080 tempus
1747 5009 1834 5065 sui
1871 5011 1941 5066 ad
1974 5018 2206 5069 mortem
2234 5012 2525 5069 adventus.

776 5131 1174 5190 ΚΕΦΑΛΑΙΟΝ
1200 5133 1332 5187 KA’.

264 5221 414 5280 Ἀπὸ
461 5221 571 5277 τοῦ
619 5225 672 5289 ιιι
719 5222 986 5291 ψαλμοῦ.
1024 5252 1092 5262 -
1130 5220 1244 5291 ⁸Ὡς
1274 5222 1384 5276 δύο
1430 5225 1690 5291 κυρίους
1736 5224 1837 5279 καὶ

581 5295 615 5347 ὁ
646 5288 1048 5362 γπροκεῖμενος
1091 5288 1227 5347 οἵδέ
1252 5294 1516 5363 ψαλμός.

331 5403 351 5436 ι
395 5384 519 5438 Ὅτι
570 5384 656 5446 σὺ,
706 5382 900 5455 Κύριε,
929 5383 1083 5447 ὲλπίς
1118 5401 1241 5455 μου,
1283 5383 1373 5438 τὸν
1409 5383 1671 5454 Ὕψιστον
1716 5384 1839 5440 ἔθου

254 5475 577 5545 καταφυγήν
605 5491 721 5529 σου.
747 5475 822 5527 Οὐ
859 5474 1274 5547 προσελεύσεται
1298 5474 1433 5545 πρὸς
1459 5476 1519 5530 σὲ
1550 5475 1713 5541 κακὰ,
1745 5476 1842 5532 καὶ

255 5566 457 5639 μάστιξ
487 5567 589 5620 οὐκ
610 5567 786 5641 ὲγγιεῖ
813 5565 890 5638 τῷ
913 5565 1226 5639 σκηνώματί
1257 5584 1350 5621 σου
1372 5584 1385 5597 ³
1416 5568 1497 5622 ὅτι
1530 5572 1641 5632 τοῖς
1672 5569 1839 5639 ἀγγέ-

324 5718 508 5775 “Job
567 5737 797 5786 xxxvttt,
855 5721 1040 5779 12-17.
1116 5725 1161 5755 ’³
1200 5720 1303 5777 Job
1358 5719 1639 5789 amni-6.

2519 5130 2747 5189 CAPUT
2781 5131 2925 5189 XXI.

1941 5221 1986 5277 Α
2014 5237 2083 5278 ιο
2105 5223 2333 5285 psalmo.
2354 5224 2597 5292 -—Quad
2608 5224 2746 5279 duas
2783 5240 3038 5293 personas
3085 5223 3247 5279 etiam
3279 5222 3517 5293 proposi-

2401 5304 2485 5349 tus
2516 5296 2753 5366 agnoscit
2781 5294 3041 5364 psalmus.

2016 5404 2037 5438 ι
2069 5383 2337 5453 Quoniam
2390 5394 2468 5452 tu,
2516 5386 2765 5451 Domine,
2812 5401 2939 5457 spes
2984 5399 3127 5453 mea,
3171 5383 3515 5440 Altissimum

1939 5475 2173 5546 posuisti
2204 5475 2474 5548 refugium
2502 5486 2655 5531 tuum
2688 5493 2702 5531 :
2737 5490 2847 5531 non
2881 5472 3141 5530 accedent
3168 5472 3235 5525 ad
3268 5479 3323 5527 te
3352 5470 3515 5535 mala,

1939 5577 1993 5627 et
2022 5568 2289 5642 ﬂagellum
2321 5584 2432 5626 non
2483 5568 2944 5641 appropinquabit
2989 5565 3346 5623 tabernaculo
3376 5570 3513 5618 tuo:
