  <div class='ocr_page' id='page_1' title='image "/cluster/home/n/w/nwhite01/storage/ocr_20150623/22/nnc1.0046978372/217.png"; bbox 0 0 3846 6218; ppageno 0'>
   <div class='ocr_carea' id='block_1_1' title="bbox 363 299 470 354">
    <p class='ocr_par' dir='ltr' id='par_1_1' title="bbox 363 299 470 354">
     <span class='ocr_line' id='line_1_1' title="bbox 363 299 470 354; baseline 0.047 -4"><span class='ocrx_word' id='word_1_1' title='bbox 363 299 470 354; x_wconf 73' lang='grc' dir='ltr'><strong>ιυδ</strong></span> 
     </span>
    </p>
   </div>
   <div class='ocr_carea' id='block_1_2' title="bbox 1035 299 2939 363">
    <p class='ocr_par' dir='ltr' id='par_1_2' title="bbox 1035 299 2939 363">
     <span class='ocr_line' id='line_1_2' title="bbox 1035 299 2939 363; baseline 0.005 -12"><span class='ocrx_word' id='word_1_2' title='bbox 1035 299 1304 354; x_wconf 81' lang='lat' dir='ltr'><strong>EUSEBII</strong></span> <span class='ocrx_word' id='word_1_3' title='bbox 1343 301 1820 359; x_wconf 69' lang='lat' dir='ltr'><strong>CAL‘SARIENSIS</strong></span> <span class='ocrx_word' id='word_1_4' title='bbox 1848 302 1996 360; x_wconf 88' lang='lat' dir='ltr'><strong>OPP.</strong></span> <span class='ocrx_word' id='word_1_5' title='bbox 2037 303 2215 360; x_wconf 83' lang='lat' dir='ltr'><strong>PARS</strong></span> <span class='ocrx_word' id='word_1_6' title='bbox 2247 303 2310 361; x_wconf 87' lang='lat' dir='ltr'><strong>II.</strong></span> <span class='ocrx_word' id='word_1_7' title='bbox 2347 337 2417 348; x_wconf 94' lang='lat'>—</span> <span class='ocrx_word' id='word_1_8' title='bbox 2440 305 2939 363; x_wconf 82' lang='lat' dir='ltr'><strong>APOLOGETICA.</strong></span> 
     </span>
    </p>
   </div>
   <div class='ocr_carea' id='block_1_3' title="bbox 3508 310 3610 364">
    <p class='ocr_par' dir='ltr' id='par_1_3' title="bbox 3508 310 3610 364">
     <span class='ocr_line' id='line_1_3' title="bbox 3508 310 3610 364; baseline 0 0"><span class='ocrx_word' id='word_1_9' title='bbox 3508 310 3610 364; x_wconf 70' lang='grc' dir='ltr'><strong>ιοι</strong></span> 
     </span>
    </p>
   </div>
   <div class='ocr_carea' id='block_1_4' title="bbox 363 411 1904 494">
    <p class='ocr_par' dir='ltr' id='par_1_4' title="bbox 363 411 1903 490">
     <span class='ocr_line' id='line_1_4' title="bbox 363 411 1903 490; baseline 0.004 -24"><span class='ocrx_word' id='word_1_10' title='bbox 363 411 619 486; x_wconf 84' lang='lat' dir='ltr'><strong>quoniam</strong></span> <span class='ocrx_word' id='word_1_11' title='bbox 651 413 856 484; x_wconf 79' lang='lat' dir='ltr'><strong>angelis</strong></span> <span class='ocrx_word' id='word_1_12' title='bbox 882 413 997 470; x_wconf 88' lang='lat' dir='ltr'><strong>suis</strong></span> <span class='ocrx_word' id='word_1_13' title='bbox 1029 414 1304 470; x_wconf 78' lang='lat' dir='ltr'><strong>mandavit</strong></span> <span class='ocrx_word' id='word_1_14' title='bbox 1337 417 1402 472; x_wconf 90' lang='lat' dir='ltr'><strong>de</strong></span> <span class='ocrx_word' id='word_1_15' title='bbox 1437 425 1508 481; x_wconf 88' lang='lat' dir='ltr'><strong>te,</strong></span> <span class='ocrx_word' id='word_1_16' title='bbox 1541 418 1706 490; x_wconf 62' lang='lat'><strong>249</strong></span> <span class='ocrx_word' id='word_1_17' title='bbox 1732 419 1786 472; x_wconf 92' lang='lat' dir='ltr'><strong>in</strong></span> <span class='ocrx_word' id='word_1_18' title='bbox 1817 434 1903 472; x_wconf 88' lang='lat' dir='ltr'><strong>ma</strong></span> 
     </span>
    </p>
   </div>
   <div class='ocr_carea' id='block_1_5' title="bbox 2015 411 3613 494">
    <p class='ocr_par' dir='ltr' id='par_1_5' title="bbox 2038 418 3613 494">
     <span class='ocr_line' id='line_1_5' title="bbox 2038 418 3613 494; baseline 0.004 -25"><span class='ocrx_word' id='word_1_19' title='bbox 2038 418 2146 482; x_wconf 88' lang='grc' dir='ltr'>λοις</span> <span class='ocrx_word' id='word_1_20' title='bbox 2187 419 2351 473; x_wconf 87' lang='grc' dir='ltr'>αὑτοῦ</span> <span class='ocrx_word' id='word_1_21' title='bbox 2389 422 2682 475; x_wconf 81' lang='grc' dir='ltr'><strong>ἐντελεῖται</strong></span> <span class='ocrx_word' id='word_1_22' title='bbox 2726 422 2852 494; x_wconf 70' lang='grc' dir='ltr'>περὶ</span> <span class='ocrx_word' id='word_1_23' title='bbox 2892 419 3006 474; x_wconf 90' lang='grc' dir='ltr'>σοῦ.</span> <span class='ocrx_word' id='word_1_24' title='bbox 3043 420 3165 474; x_wconf 80' lang='grc' dir='ltr'>Ἐπὶ</span> <span class='ocrx_word' id='word_1_25' title='bbox 3195 420 3392 492; x_wconf 78' lang='grc' dir='ltr'>χειρῶν</span> <span class='ocrx_word' id='word_1_26' title='bbox 3416 422 3613 488; x_wconf 82' lang='grc' dir='ltr'>ἀροῦσί</span> 
     </span>
    </p>
   </div>
   <div class='ocr_carea' id='block_1_6' title="bbox 364 505 1930 582">
    <p class='ocr_par' dir='ltr' id='par_1_6' title="bbox 364 505 1930 582">
     <span class='ocr_line' id='line_1_6' title="bbox 364 505 1930 582; baseline 0.004 -22"><span class='ocrx_word' id='word_1_27' title='bbox 364 505 526 561; x_wconf 86' lang='lat' dir='ltr'><strong>nibus</strong></span> <span class='ocrx_word' id='word_1_28' title='bbox 569 507 760 561; x_wconf 85' lang='lat' dir='ltr'><strong>tollent</strong></span> <span class='ocrx_word' id='word_1_29' title='bbox 811 514 884 568; x_wconf 86' lang='lat' dir='ltr'><strong>te,</strong></span> <span class='ocrx_word' id='word_1_30' title='bbox 942 523 1009 562; x_wconf 92' lang='lat' dir='ltr'><strong>ne</strong></span> <span class='ocrx_word' id='word_1_31' title='bbox 1057 510 1275 578; x_wconf 80' lang='lat' dir='ltr'><strong>quando</strong></span> <span class='ocrx_word' id='word_1_32' title='bbox 1306 509 1550 566; x_wconf 75' lang='lat' dir='ltr'><strong>offendas</strong></span> <span class='ocrx_word' id='word_1_33' title='bbox 1596 513 1662 566; x_wconf 91' lang='lat' dir='ltr'><strong>ad</strong></span> <span class='ocrx_word' id='word_1_34' title='bbox 1698 513 1930 582; x_wconf 89' lang='lat' dir='ltr'><strong>lapidem</strong></span> 
     </span>
    </p>
   </div>
   <div class='ocr_carea' id='block_1_7' title="bbox 362 597 1928 672">
    <p class='ocr_par' dir='ltr' id='par_1_7' title="bbox 362 597 1928 672">
     <span class='ocr_line' id='line_1_7' title="bbox 362 597 1928 672; baseline 0.008 -23"><span class='ocrx_word' id='word_1_35' title='bbox 362 597 550 668; x_wconf 85' lang='lat' dir='ltr'><strong>pedem</strong></span> <span class='ocrx_word' id='word_1_36' title='bbox 580 605 732 652; x_wconf 81' lang='lat' dir='ltr'><strong>tuum</strong></span> <span class='ocrx_word' id='word_1_37' title='bbox 757 619 768 653; x_wconf 94' lang='lat'>:</span> <span class='ocrx_word' id='word_1_38' title='bbox 811 615 976 669; x_wconf 87' lang='lat' dir='ltr'><strong>super</strong></span> <span class='ocrx_word' id='word_1_39' title='bbox 1007 599 1252 670; x_wconf 86' lang='lat' dir='ltr'><strong>aspidem</strong></span> <span class='ocrx_word' id='word_1_40' title='bbox 1279 609 1333 654; x_wconf 87' lang='lat' dir='ltr'><strong>et</strong></span> <span class='ocrx_word' id='word_1_41' title='bbox 1368 604 1614 672; x_wconf 86' lang='lat' dir='ltr'><strong>regulum</strong></span> <span class='ocrx_word' id='word_1_42' title='bbox 1642 605 1928 670; x_wconf 85' lang='lat' dir='ltr'><strong>ascendes,</strong></span> 
     </span>
    </p>
   </div>
   <div class='ocr_carea' id='block_1_8' title="bbox 360 689 1930 754">
    <p class='ocr_par' dir='ltr' id='par_1_8' title="bbox 360 689 1930 754">
     <span class='ocr_line' id='line_1_8' title="bbox 360 689 1930 754; baseline 0.009 -13"><span class='ocrx_word' id='word_1_43' title='bbox 360 695 411 742; x_wconf 85' lang='lat' dir='ltr'><strong>et</strong></span> <span class='ocrx_word' id='word_1_44' title='bbox 443 689 792 747; x_wconf 89' lang='lat' dir='ltr'><strong>conculcabis</strong></span> <span class='ocrx_word' id='word_1_45' title='bbox 828 692 1039 746; x_wconf 85' lang='lat' dir='ltr'><strong>leonem</strong></span> <span class='ocrx_word' id='word_1_46' title='bbox 1097 701 1150 746; x_wconf 90' lang='lat' dir='ltr'><strong>et</strong></span> <span class='ocrx_word' id='word_1_47' title='bbox 1196 693 1487 750; x_wconf 83' lang='lat' dir='ltr'><strong>draconem</strong></span> <span class='ocrx_word' id='word_1_48' title='bbox 1520 697 1586 749; x_wconf 81' lang='lat'><strong>”.</strong></span> <span class='ocrx_word' id='word_1_49' title='bbox 1610 715 1628 748; x_wconf 74' lang='grc' dir='ltr'><strong>ι</strong></span> <span class='ocrx_word' id='word_1_50' title='bbox 1670 696 1767 753; x_wconf 85' lang='lat' dir='ltr'><strong>His</strong></span> <span class='ocrx_word' id='word_1_51' title='bbox 1799 715 1930 754; x_wconf 88' lang='lat' dir='ltr'><strong>sane</strong></span> 
     </span>
    </p>
   </div>
   <div class='ocr_carea' id='block_1_9' title="bbox 361 782 1930 848">
    <p class='ocr_par' dir='ltr' id='par_1_9' title="bbox 361 782 1930 848">
     <span class='ocr_line' id='line_1_9' title="bbox 361 782 1930 848; baseline 0.009 -17"><span class='ocrx_word' id='word_1_52' title='bbox 361 782 532 834; x_wconf 91' lang='lat' dir='ltr'><strong>utitur</strong></span> <span class='ocrx_word' id='word_1_53' title='bbox 594 782 818 838; x_wconf 79' lang='lat' dir='ltr'><strong>vocibus</strong></span> <span class='ocrx_word' id='word_1_54' title='bbox 879 783 1151 848; x_wconf 77' lang='lat' dir='ltr'><strong>diabolus,</strong></span> <span class='ocrx_word' id='word_1_55' title='bbox 1209 787 1264 838; x_wconf 92' lang='lat' dir='ltr'><strong>in</strong></span> <span class='ocrx_word' id='word_1_56' title='bbox 1311 787 1610 843; x_wconf 82' lang='lat' dir='ltr'><strong>tentatione</strong></span> <span class='ocrx_word' id='word_1_57' title='bbox 1665 789 1930 846; x_wconf 88' lang='lat' dir='ltr'><strong>adversus</strong></span> 
     </span>
    </p>
   </div>
   <div class='ocr_carea' id='block_1_10' title="bbox 360 870 1930 952">
    <p class='ocr_par' dir='ltr' id='par_1_10' title="bbox 360 870 1930 952">
     <span class='ocr_line' id='line_1_10' title="bbox 360 870 1930 952; baseline 0.01 -28"><span class='ocrx_word' id='word_1_58' title='bbox 360 870 698 926; x_wconf 88' lang='lat' dir='ltr'><strong>Salvatorem</strong></span> <span class='ocrx_word' id='word_1_59' title='bbox 741 882 1010 929; x_wconf 87' lang='lat' dir='ltr'><strong>nostrum.</strong></span> <span class='ocrx_word' id='word_1_60' title='bbox 1044 875 1425 943; x_wconf 89' lang='lat' dir='ltr'><strong>Contemplare</strong></span> <span class='ocrx_word' id='word_1_61' title='bbox 1462 879 1552 934; x_wconf 87' lang='lat' dir='ltr'><strong>hic</strong></span> <span class='ocrx_word' id='word_1_62' title='bbox 1583 881 1767 950; x_wconf 92' lang='lat' dir='ltr'><strong>igitur,</strong></span> <span class='ocrx_word' id='word_1_63' title='bbox 1793 899 1930 952; x_wconf 90' lang='lat' dir='ltr'><strong>quo-</strong></span> 
     </span>
    </p>
   </div>
   <div class='ocr_carea' id='block_1_11' title="bbox 360 963 1927 1041">
    <p class='ocr_par' dir='ltr' id='par_1_11' title="bbox 360 963 1927 1041">
     <span class='ocr_line' id='line_1_11' title="bbox 360 963 1927 1041; baseline 0.008 -23"><span class='ocrx_word' id='word_1_64' title='bbox 360 977 482 1018; x_wconf 86' lang='lat' dir='ltr'><strong>nam</strong></span> <span class='ocrx_word' id='word_1_65' title='bbox 513 963 672 1018; x_wconf 90' lang='lat' dir='ltr'><strong>modo</strong></span> <span class='ocrx_word' id='word_1_66' title='bbox 708 965 948 1033; x_wconf 85' lang='lat' dir='ltr'><strong>psalmus</strong></span> <span class='ocrx_word' id='word_1_67' title='bbox 984 966 1049 1019; x_wconf 92' lang='lat' dir='ltr'><strong>ad</strong></span> <span class='ocrx_word' id='word_1_68' title='bbox 1077 967 1253 1037; x_wconf 91' lang='lat' dir='ltr'><strong>ipsum</strong></span> <span class='ocrx_word' id='word_1_69' title='bbox 1285 969 1572 1025; x_wconf 90' lang='lat' dir='ltr'><strong>Dominum</strong></span> <span class='ocrx_word' id='word_1_70' title='bbox 1595 974 1702 1027; x_wconf 85' lang='lat' dir='ltr'><strong>ait:</strong></span> <span class='ocrx_word' id='word_1_71' title='bbox 1737 993 1756 1025; x_wconf 85' lang='lat'><strong>(</strong></span> <span class='ocrx_word' id='word_1_72' title='bbox 1779 974 1927 1041; x_wconf 83' lang='lat' dir='ltr'><strong>Quo-</strong></span> 
     </span>
    </p>
   </div>
   <div class='ocr_carea' id='block_1_12' title="bbox 359 1053 1927 1134">
    <p class='ocr_par' dir='ltr' id='par_1_12' title="bbox 359 1053 1927 1134">
     <span class='ocr_line' id='line_1_12' title="bbox 359 1053 1927 1134; baseline 0.011 -29"><span class='ocrx_word' id='word_1_73' title='bbox 359 1054 501 1105; x_wconf 82' lang='lat' dir='ltr'><strong>niam</strong></span> <span class='ocrx_word' id='word_1_74' title='bbox 531 1063 606 1117; x_wconf 90' lang='lat' dir='ltr'><strong>tu,</strong></span> <span class='ocrx_word' id='word_1_75' title='bbox 649 1053 898 1121; x_wconf 87' lang='lat' dir='ltr'><strong>Domine,</strong></span> <span class='ocrx_word' id='word_1_76' title='bbox 949 1072 1074 1127; x_wconf 88' lang='lat' dir='ltr'><strong>spes</strong></span> <span class='ocrx_word' id='word_1_77' title='bbox 1111 1074 1252 1124; x_wconf 87' lang='lat' dir='ltr'><strong>mea,</strong></span> <span class='ocrx_word' id='word_1_78' title='bbox 1312 1061 1654 1118; x_wconf 87' lang='lat' dir='ltr'><strong>Altissimum</strong></span> <span class='ocrx_word' id='word_1_79' title='bbox 1695 1069 1927 1134; x_wconf 89' lang='lat' dir='ltr'><strong>posuisti</strong></span> 
     </span>
    </p>
   </div>
   <div class='ocr_carea' id='block_1_13' title="bbox 359 1142 1923 1229">
    <p class='ocr_par' dir='ltr' id='par_1_13' title="bbox 359 1142 1923 1229">
     <span class='ocr_line' id='line_1_13' title="bbox 359 1142 1923 1229; baseline 0.013 -35"><span class='ocrx_word' id='word_1_80' title='bbox 359 1142 623 1211; x_wconf 78' lang='lat' dir='ltr'><strong>refugium</strong></span> <span class='ocrx_word' id='word_1_81' title='bbox 655 1152 829 1200; x_wconf 91' lang='lat' dir='ltr'><strong>tuum.</strong></span> <span class='ocrx_word' id='word_1_82' title='bbox 866 1152 947 1201; x_wconf 92' lang='lat' dir='ltr'><strong>Tu</strong></span> <span class='ocrx_word' id='word_1_83' title='bbox 999 1149 1144 1204; x_wconf 88' lang='lat' dir='ltr'><strong>enim</strong></span> <span class='ocrx_word' id='word_1_84' title='bbox 1191 1152 1328 1224; x_wconf 89' lang='lat' dir='ltr'><strong>ipse,</strong></span> <span class='ocrx_word' id='word_1_85' title='bbox 1377 1155 1570 1223; x_wconf 86' lang='lat' dir='ltr'><strong>inquit,</strong></span> <span class='ocrx_word' id='word_1_86' title='bbox 1609 1172 1729 1212; x_wconf 93' lang='lat' dir='ltr'><strong>mea</strong></span> <span class='ocrx_word' id='word_1_87' title='bbox 1777 1175 1923 1229; x_wconf 89' lang='lat' dir='ltr'><strong>spes,</strong></span> 
     </span>
    </p>
   </div>
   <div class='ocr_carea' id='block_1_14' title="bbox 355 1233 1926 1320">
    <p class='ocr_par' dir='ltr' id='par_1_14' title="bbox 355 1233 1926 1320">
     <span class='ocr_line' id='line_1_14' title="bbox 355 1233 1926 1320; baseline 0.013 -33"><span class='ocrx_word' id='word_1_88' title='bbox 355 1247 386 1288; x_wconf 89' lang='grc' dir='ltr'><strong>ο</strong></span> <span class='ocrx_word' id='word_1_89' title='bbox 413 1233 660 1303; x_wconf 85' lang='lat' dir='ltr'><strong>Domine,</strong></span> <span class='ocrx_word' id='word_1_90' title='bbox 698 1238 849 1292; x_wconf 87' lang='lat' dir='ltr'><strong>illum</strong></span> <span class='ocrx_word' id='word_1_91' title='bbox 881 1254 911 1294; x_wconf 89' lang='lat' dir='ltr'><strong>a</strong></span> <span class='ocrx_word' id='word_1_92' title='bbox 941 1257 1048 1311; x_wconf 91' lang='lat' dir='ltr'><strong>quo</strong></span> <span class='ocrx_word' id='word_1_93' title='bbox 1070 1243 1186 1311; x_wconf 90' lang='lat' dir='ltr'><strong>ipse</strong></span> <span class='ocrx_word' id='word_1_94' title='bbox 1215 1261 1294 1311; x_wconf 91' lang='lat' dir='ltr'><strong>es,</strong></span> <span class='ocrx_word' id='word_1_95' title='bbox 1327 1245 1500 1302; x_wconf 91' lang='lat' dir='ltr'><strong>Deum</strong></span> <span class='ocrx_word' id='word_1_96' title='bbox 1544 1250 1721 1320; x_wconf 91' lang='lat' dir='ltr'><strong>ipsum</strong></span> <span class='ocrx_word' id='word_1_97' title='bbox 1770 1254 1926 1307; x_wconf 91' lang='lat' dir='ltr'><strong>altis-</strong></span> 
     </span>
    </p>
   </div>
   <div class='ocr_carea' id='block_1_15' title="bbox 358 1323 1925 1411">
    <p class='ocr_par' dir='ltr' id='par_1_15' title="bbox 358 1323 1925 1411">
     <span class='ocr_line' id='line_1_15' title="bbox 358 1323 1925 1411; baseline 0.013 -34"><span class='ocrx_word' id='word_1_98' title='bbox 358 1323 550 1378; x_wconf 71' lang='lat' dir='ltr'><strong>simum</strong></span> <span class='ocrx_word' id='word_1_99' title='bbox 611 1335 665 1381; x_wconf 89' lang='lat' dir='ltr'><strong>et</strong></span> <span class='ocrx_word' id='word_1_100' title='bbox 708 1342 1022 1398; x_wconf 87' lang='lat' dir='ltr'><strong>supremum</strong></span> <span class='ocrx_word' id='word_1_101' title='bbox 1075 1340 1125 1386; x_wconf 80' lang='lat' dir='ltr'><strong>ei</strong></span> <span class='ocrx_word' id='word_1_102' title='bbox 1165 1342 1316 1388; x_wconf 89' lang='lat' dir='ltr'><strong>tuum</strong></span> <span class='ocrx_word' id='word_1_103' title='bbox 1367 1335 1605 1403; x_wconf 84' lang='lat' dir='ltr'><strong>Patrem,</strong></span> <span class='ocrx_word' id='word_1_104' title='bbox 1655 1339 1925 1411; x_wconf 82' lang='lat' dir='ltr'><strong>refugium</strong></span> 
     </span>
    </p>
   </div>
   <div class='ocr_carea' id='block_1_16' title="bbox 356 1418 1922 1500">
    <p class='ocr_par' dir='ltr' id='par_1_16' title="bbox 356 1418 1922 1500">
     <span class='ocr_line' id='line_1_16' title="bbox 356 1418 1922 1500; baseline 0.011 -30"><span class='ocrx_word' id='word_1_105' title='bbox 356 1418 614 1493; x_wconf 90' lang='lat' dir='ltr'><strong>posuisti,</strong></span> <span class='ocrx_word' id='word_1_106' title='bbox 645 1430 872 1498; x_wconf 85' lang='lat' dir='ltr'><strong>propter</strong></span> <span class='ocrx_word' id='word_1_107' title='bbox 915 1423 1060 1494; x_wconf 83' lang='lat' dir='ltr'><strong>quod</strong></span> <span class='ocrx_word' id='word_1_108' title='bbox 1092 1440 1199 1479; x_wconf 91' lang='lat' dir='ltr'><strong>non</strong></span> <span class='ocrx_word' id='word_1_109' title='bbox 1243 1429 1504 1483; x_wconf 86' lang='lat' dir='ltr'><strong>accedent</strong></span> <span class='ocrx_word' id='word_1_110' title='bbox 1556 1431 1622 1484; x_wconf 92' lang='lat' dir='ltr'><strong>ad</strong></span> <span class='ocrx_word' id='word_1_111' title='bbox 1670 1441 1724 1487; x_wconf 89' lang='lat' dir='ltr'><strong>te</strong></span> <span class='ocrx_word' id='word_1_112' title='bbox 1760 1436 1922 1500; x_wconf 90' lang='lat' dir='ltr'><strong>mala,</strong></span> 
     </span>
    </p>
   </div>
   <div class='ocr_carea' id='block_1_17' title="bbox 355 1510 1922 1593">
    <p class='ocr_par' dir='ltr' id='par_1_17' title="bbox 355 1510 1922 1593">
     <span class='ocr_line' id='line_1_17' title="bbox 355 1510 1922 1593; baseline 0.012 -30"><span class='ocrx_word' id='word_1_113' title='bbox 355 1510 415 1568; x_wconf 81' lang='lat' dir='ltr'><strong>ad</strong></span> <span class='ocrx_word' id='word_1_114' title='bbox 442 1516 515 1573; x_wconf 91' lang='lat' dir='ltr'><strong>te,</strong></span> <span class='ocrx_word' id='word_1_115' title='bbox 549 1511 791 1580; x_wconf 90' lang='lat' dir='ltr'><strong>inquam,</strong></span> <span class='ocrx_word' id='word_1_116' title='bbox 821 1530 1000 1570; x_wconf 90' lang='lat' dir='ltr'><strong>meum</strong></span> <span class='ocrx_word' id='word_1_117' title='bbox 1049 1516 1361 1585; x_wconf 90' lang='lat' dir='ltr'><strong>Dominum,</strong></span> <span class='ocrx_word' id='word_1_118' title='bbox 1411 1529 1466 1576; x_wconf 90' lang='lat' dir='ltr'><strong>et</strong></span> <span class='ocrx_word' id='word_1_119' title='bbox 1505 1521 1773 1593; x_wconf 82' lang='lat' dir='ltr'><strong>ﬂagellum</strong></span> <span class='ocrx_word' id='word_1_120' title='bbox 1815 1544 1922 1582; x_wconf 90' lang='lat' dir='ltr'><strong>non</strong></span> 
     </span>
    </p>
   </div>
   <div class='ocr_carea' id='block_1_18' title="bbox 353 1604 1924 1674">
    <p class='ocr_par' dir='ltr' id='par_1_18' title="bbox 353 1604 1924 1674">
     <span class='ocr_line' id='line_1_18' title="bbox 353 1604 1924 1674; baseline 0.014 -22"><span class='ocrx_word' id='word_1_121' title='bbox 353 1604 811 1674; x_wconf 83' lang='lat' dir='ltr'><strong>apprOpinquabit</strong></span> <span class='ocrx_word' id='word_1_122' title='bbox 839 1610 1194 1667; x_wconf 89' lang='lat' dir='ltr'><strong>tabernaculo</strong></span> <span class='ocrx_word' id='word_1_123' title='bbox 1223 1621 1336 1668; x_wconf 87' lang='lat' dir='ltr'><strong>tuo.</strong></span> <span class='ocrx_word' id='word_1_124' title='bbox 1369 1634 1387 1666; x_wconf 76' lang='grc' dir='ltr'><strong>ι</strong></span> <span class='ocrx_word' id='word_1_125' title='bbox 1416 1613 1551 1670; x_wconf 89' lang='lat' dir='ltr'><strong>Nam</strong></span> <span class='ocrx_word' id='word_1_126' title='bbox 1583 1618 1687 1672; x_wconf 86' lang='lat' dir='ltr'><strong>etsi</strong></span> <span class='ocrx_word' id='word_1_127' title='bbox 1729 1619 1924 1674; x_wconf 82' lang='lat' dir='ltr'><strong>nefarii</strong></span> 
     </span>
    </p>
   </div>
   <div class='ocr_carea' id='block_1_19' title="bbox 353 1693 1922 1781">
    <p class='ocr_par' dir='ltr' id='par_1_19' title="bbox 353 1693 1922 1781">
     <span class='ocr_line' id='line_1_19' title="bbox 353 1693 1922 1781; baseline 0.011 -33"><span class='ocrx_word' id='word_1_128' title='bbox 353 1693 600 1753; x_wconf 88' lang='lat' dir='ltr'><strong>homines</strong></span> <span class='ocrx_word' id='word_1_129' title='bbox 652 1700 995 1755; x_wconf 90' lang='lat' dir='ltr'><strong>conabuntur</strong></span> <span class='ocrx_word' id='word_1_130' title='bbox 1036 1713 1085 1758; x_wconf 86' lang='lat' dir='ltr'><strong>te</strong></span> <span class='ocrx_word' id='word_1_131' title='bbox 1125 1705 1397 1760; x_wconf 87' lang='lat' dir='ltr'><strong>hominem</strong></span> <span class='ocrx_word' id='word_1_132' title='bbox 1451 1707 1654 1762; x_wconf 78' lang='lat' dir='ltr'><strong>factum</strong></span> <span class='ocrx_word' id='word_1_133' title='bbox 1697 1709 1922 1781; x_wconf 82' lang='lat' dir='ltr'><strong>ﬂagellis</strong></span> 
     </span>
    </p>
   </div>
   <div class='ocr_carea' id='block_1_20' title="bbox 2043 512 3610 586">
    <p class='ocr_par' dir='ltr' id='par_1_20' title="bbox 2043 512 3610 586">
     <span class='ocr_line' id='line_1_20' title="bbox 2043 512 3610 586; baseline 0.003 -24"><span class='ocrx_word' id='word_1_134' title='bbox 2043 528 2102 562; x_wconf 90' lang='grc' dir='ltr'><strong>σε</strong></span> <span class='ocrx_word' id='word_1_135' title='bbox 2121 553 2133 575; x_wconf 87' lang='grc'><strong>,</strong></span> <span class='ocrx_word' id='word_1_136' title='bbox 2169 513 2241 582; x_wconf 89' lang='grc' dir='ltr'>μή</span> <span class='ocrx_word' id='word_1_137' title='bbox 2270 529 2400 565; x_wconf 88' lang='grc' dir='ltr'>ποτε</span> <span class='ocrx_word' id='word_1_138' title='bbox 2428 515 2778 586; x_wconf 76' lang='grc' dir='ltr'>προσκόπτῃς</span> <span class='ocrx_word' id='word_1_139' title='bbox 2807 513 2944 585; x_wconf 88' lang='grc' dir='ltr'>πρὸς</span> <span class='ocrx_word' id='word_1_140' title='bbox 2983 512 3126 566; x_wconf 91' lang='grc' dir='ltr'>λίθον</span> <span class='ocrx_word' id='word_1_141' title='bbox 3161 513 3298 567; x_wconf 83' lang='grc' dir='ltr'><strong>πόδα</strong></span> <span class='ocrx_word' id='word_1_142' title='bbox 3328 530 3443 568; x_wconf 90' lang='grc' dir='ltr'>σου.</span> <span class='ocrx_word' id='word_1_143' title='bbox 3483 514 3610 566; x_wconf 74' lang='grc' dir='ltr'>Ἐπὶ</span> 
     </span>
    </p>
   </div>
   <div class='ocr_carea' id='block_1_21' title="bbox 2039 603 3608 676">
    <p class='ocr_par' dir='ltr' id='par_1_21' title="bbox 2039 603 3608 676">
     <span class='ocr_line' id='line_1_21' title="bbox 2039 603 3608 676; baseline 0.003 -22"><span class='ocrx_word' id='word_1_144' title='bbox 2039 603 2240 656; x_wconf 83' lang='grc' dir='ltr'><strong>ἀσπίδα</strong></span> <span class='ocrx_word' id='word_1_145' title='bbox 2269 604 2362 657; x_wconf 77' lang='grc' dir='ltr'>καὶ</span> <span class='ocrx_word' id='word_1_146' title='bbox 2399 605 2708 674; x_wconf 84' lang='grc' dir='ltr'>βασιλίσκον</span> <span class='ocrx_word' id='word_1_147' title='bbox 2741 605 2978 676; x_wconf 84' lang='grc' dir='ltr'>ἐπιϐήσῃ</span> <span class='ocrx_word' id='word_1_148' title='bbox 3007 645 3022 668; x_wconf 95' lang='grc'><strong>,</strong></span> <span class='ocrx_word' id='word_1_149' title='bbox 3067 605 3160 658; x_wconf 74' lang='grc' dir='ltr'>καὶ</span> <span class='ocrx_word' id='word_1_150' title='bbox 3202 607 3608 676; x_wconf 84' lang='grc' dir='ltr'>καταπατήσεις</span> 
     </span>
    </p>
   </div>
   <div class='ocr_carea' id='block_1_22' title="bbox 2037 690 3610 766">
    <p class='ocr_par' dir='ltr' id='par_1_22' title="bbox 2037 690 3610 766">
     <span class='ocr_line' id='line_1_22' title="bbox 2037 690 3610 766; baseline 0.003 -23"><span class='ocrx_word' id='word_1_151' title='bbox 2037 690 2224 747; x_wconf 89' lang='grc' dir='ltr'>λέοντα</span> <span class='ocrx_word' id='word_1_152' title='bbox 2244 693 2338 746; x_wconf 76' lang='grc' dir='ltr'><strong>καὶ</strong></span> <span class='ocrx_word' id='word_1_153' title='bbox 2357 693 2644 765; x_wconf 84' lang='grc' dir='ltr'>δράκοντα.</span> <span class='ocrx_word' id='word_1_154' title='bbox 2674 714 2694 746; x_wconf 88' lang='grc'><strong>›</strong></span> <span class='ocrx_word' id='word_1_155' title='bbox 2723 694 2960 758; x_wconf 84' lang='grc' dir='ltr'>Ταύταις</span> <span class='ocrx_word' id='word_1_156' title='bbox 2985 697 3014 746; x_wconf 85' lang='grc' dir='ltr'>ὁ</span> <span class='ocrx_word' id='word_1_157' title='bbox 3034 693 3278 758; x_wconf 81' lang='grc' dir='ltr'>διάϐολος</span> <span class='ocrx_word' id='word_1_158' title='bbox 3298 696 3356 747; x_wconf 86' lang='grc' dir='ltr'><strong>ἐν</strong></span> <span class='ocrx_word' id='word_1_159' title='bbox 3370 695 3450 766; x_wconf 82' lang='grc' dir='ltr'>τῷ</span> <span class='ocrx_word' id='word_1_160' title='bbox 3467 694 3610 748; x_wconf 83' lang='grc' dir='ltr'>κατά</span> 
     </span>
    </p>
   </div>
   <div class='ocr_carea' id='block_1_23' title="bbox 2034 783 3604 859">
    <p class='ocr_par' dir='ltr' id='par_1_23' title="bbox 2034 783 3604 859">
     <span class='ocr_line' id='line_1_23' title="bbox 2034 783 3604 859; baseline 0.003 -23"><span class='ocrx_word' id='word_1_161' title='bbox 2034 783 2128 836; x_wconf 90' lang='grc' dir='ltr'><strong>τοῦ</strong></span> <span class='ocrx_word' id='word_1_162' title='bbox 2162 785 2585 856; x_wconf 85' lang='grc' dir='ltr'>Σωτῆροςὴμῶν</span> <span class='ocrx_word' id='word_1_163' title='bbox 2618 786 2911 858; x_wconf 82' lang='grc' dir='ltr'><strong>πειρασμῷ</strong></span> <span class='ocrx_word' id='word_1_164' title='bbox 2943 787 3207 859; x_wconf 86' lang='grc' dir='ltr'>κέχρηται</span> <span class='ocrx_word' id='word_1_165' title='bbox 3229 789 3347 850; x_wconf 87' lang='grc' dir='ltr'>ταῖς</span> <span class='ocrx_word' id='word_1_166' title='bbox 3373 787 3604 852; x_wconf 81' lang='grc' dir='ltr'><strong>λέξεσιν.</strong></span> 
     </span>
    </p>
   </div>
   <div class='ocr_carea' id='block_1_24' title="bbox 2039 873 3607 950">
    <p class='ocr_par' dir='ltr' id='par_1_24' title="bbox 2039 873 3607 950">
     <span class='ocr_line' id='line_1_24' title="bbox 2039 873 3607 950; baseline 0.001 -22"><span class='ocrx_word' id='word_1_167' title='bbox 2039 875 2176 947; x_wconf 87' lang='grc' dir='ltr'>Ὅρα</span> <span class='ocrx_word' id='word_1_168' title='bbox 2207 877 2272 948; x_wconf 85' lang='grc' dir='ltr'>δὴ</span> <span class='ocrx_word' id='word_1_169' title='bbox 2306 873 2398 931; x_wconf 80' lang='grc' dir='ltr'><strong>οὖν</strong></span> <span class='ocrx_word' id='word_1_170' title='bbox 2427 879 2547 932; x_wconf 90' lang='grc' dir='ltr'>τίνα</span> <span class='ocrx_word' id='word_1_171' title='bbox 2565 880 2765 950; x_wconf 79' lang='grc' dir='ltr'><strong>τρόπον</strong></span> <span class='ocrx_word' id='word_1_172' title='bbox 2802 881 2832 934; x_wconf 82' lang='grc' dir='ltr'><strong>ὁ</strong></span> <span class='ocrx_word' id='word_1_173' title='bbox 2877 880 3090 950; x_wconf 73' lang='grc' dir='ltr'>ψαλμὸς</span> <span class='ocrx_word' id='word_1_174' title='bbox 3134 879 3268 950; x_wconf 87' lang='grc' dir='ltr'>πρὸς</span> <span class='ocrx_word' id='word_1_175' title='bbox 3307 879 3468 932; x_wconf 82' lang='grc' dir='ltr'>αὐτὸν</span> <span class='ocrx_word' id='word_1_176' title='bbox 3514 879 3607 931; x_wconf 86' lang='grc' dir='ltr'><strong>τὸν</strong></span> 
     </span>
    </p>
   </div>
   <div class='ocr_carea' id='block_1_25' title="bbox 2035 967 3605 1044">
    <p class='ocr_par' dir='ltr' id='par_1_25' title="bbox 2035 967 3605 1044">
     <span class='ocr_line' id='line_1_25' title="bbox 2035 967 3605 1044; baseline 0.003 -25"><span class='ocrx_word' id='word_1_177' title='bbox 2035 967 2236 1038; x_wconf 91' lang='grc' dir='ltr'>Κύριόν</span> <span class='ocrx_word' id='word_1_178' title='bbox 2296 988 2492 1042; x_wconf 84' lang='grc' dir='ltr'>φησιν·</span> <span class='ocrx_word' id='word_1_179' title='bbox 2537 991 2556 1022; x_wconf 77' lang='grc' dir='ltr'><strong>ι</strong></span> <span class='ocrx_word' id='word_1_180' title='bbox 2605 973 2728 1026; x_wconf 86' lang='grc' dir='ltr'>’Ότι</span> <span class='ocrx_word' id='word_1_181' title='bbox 2767 973 2830 1026; x_wconf 82' lang='grc' dir='ltr'><strong>σὺ</strong></span> <span class='ocrx_word' id='word_1_182' title='bbox 2855 1013 2870 1037; x_wconf 94' lang='grc'><strong>,</strong></span> <span class='ocrx_word' id='word_1_183' title='bbox 2903 973 3102 1044; x_wconf 87' lang='grc' dir='ltr'>Κύριε,</span> <span class='ocrx_word' id='word_1_184' title='bbox 3139 972 3293 1035; x_wconf 86' lang='grc' dir='ltr'>ἐλπίς</span> <span class='ocrx_word' id='word_1_185' title='bbox 3331 989 3468 1042; x_wconf 91' lang='grc' dir='ltr'>μου,</span> <span class='ocrx_word' id='word_1_186' title='bbox 3513 971 3605 1023; x_wconf 82' lang='grc' dir='ltr'><strong>τὸν</strong></span> 
     </span>
    </p>
   </div>
   <div class='ocr_carea' id='block_1_26' title="bbox 2036 1061 3602 1136">
    <p class='ocr_par' dir='ltr' id='par_1_26' title="bbox 2036 1061 3602 1136">
     <span class='ocr_line' id='line_1_26' title="bbox 2036 1061 3602 1136; baseline 0.01 -23"><span class='ocrx_word' id='word_1_187' title='bbox 2036 1061 2296 1131; x_wconf 78' lang='grc' dir='ltr'>’Υψιστον</span> <span class='ocrx_word' id='word_1_188' title='bbox 2319 1063 2440 1116; x_wconf 82' lang='grc' dir='ltr'>ἔθου</span> <span class='ocrx_word' id='word_1_189' title='bbox 2473 1067 2792 1136; x_wconf 84' lang='grc' dir='ltr'>καταφυγήν</span> <span class='ocrx_word' id='word_1_190' title='bbox 2831 1082 2945 1118; x_wconf 92' lang='grc' dir='ltr'>σου.</span> <span class='ocrx_word' id='word_1_191' title='bbox 2983 1085 3001 1116; x_wconf 70' lang='grc' dir='ltr'><strong>ι</strong></span> <span class='ocrx_word' id='word_1_192' title='bbox 3041 1065 3112 1118; x_wconf 86' lang='grc' dir='ltr'><strong>Σὺ</strong></span> <span class='ocrx_word' id='word_1_193' title='bbox 3143 1066 3249 1136; x_wconf 82' lang='grc' dir='ltr'>γὰρ</span> <span class='ocrx_word' id='word_1_194' title='bbox 3275 1064 3458 1127; x_wconf 81' lang='grc' dir='ltr'>αὐτὸς,</span> <span class='ocrx_word' id='word_1_195' title='bbox 3494 1083 3602 1134; x_wconf 64' lang='grc' dir='ltr'><strong>φητ</strong></span> 
     </span>
    </p>
   </div>
   <div class='ocr_carea' id='block_1_27' title="bbox 2033 1147 3603 1225">
    <p class='ocr_par' dir='ltr' id='par_1_27' title="bbox 2033 1147 3603 1225">
     <span class='ocr_line' id='line_1_27' title="bbox 2033 1147 3603 1225; baseline 0.004 -26"><span class='ocrx_word' id='word_1_196' title='bbox 2033 1147 2138 1213; x_wconf 71' lang='lat' dir='ltr'><strong>civ,</strong></span> <span class='ocrx_word' id='word_1_197' title='bbox 2168 1149 2200 1219; x_wconf 88' lang='grc' dir='ltr'>ή</span> <span class='ocrx_word' id='word_1_198' title='bbox 2227 1150 2332 1220; x_wconf 86' lang='grc' dir='ltr'>ἐμὴ</span> <span class='ocrx_word' id='word_1_199' title='bbox 2363 1150 2536 1217; x_wconf 84' lang='grc' dir='ltr'>ἐλπὶς,</span> <span class='ocrx_word' id='word_1_200' title='bbox 2565 1147 2611 1206; x_wconf 78' lang='grc' dir='ltr'>ὦ</span> <span class='ocrx_word' id='word_1_201' title='bbox 2632 1153 2823 1223; x_wconf 82' lang='grc' dir='ltr'>Κύριε,</span> <span class='ocrx_word' id='word_1_202' title='bbox 2875 1153 3093 1225; x_wconf 82' lang='grc' dir='ltr'>μείζονα</span> <span class='ocrx_word' id='word_1_203' title='bbox 3120 1153 3338 1218; x_wconf 79' lang='grc' dir='ltr'>σαυτοῦ,</span> <span class='ocrx_word' id='word_1_204' title='bbox 3361 1153 3450 1207; x_wconf 88' lang='grc' dir='ltr'><strong>τὸν</strong></span> <span class='ocrx_word' id='word_1_205' title='bbox 3470 1153 3603 1206; x_wconf 88' lang='grc' dir='ltr'>Θεὸν</span> 
     </span>
    </p>
   </div>
   <div class='ocr_carea' id='block_1_28' title="bbox 2032 1239 3604 1312">
    <p class='ocr_par' dir='ltr' id='par_1_28' title="bbox 2032 1239 3604 1312">
     <span class='ocr_line' id='line_1_28' title="bbox 2032 1239 3604 1312; baseline 0.005 -21"><span class='ocrx_word' id='word_1_206' title='bbox 2032 1239 2194 1293; x_wconf 84' lang='grc' dir='ltr'>αὑτὸν</span> <span class='ocrx_word' id='word_1_207' title='bbox 2221 1241 2311 1293; x_wconf 84' lang='grc' dir='ltr'><strong>τὸν</strong></span> <span class='ocrx_word' id='word_1_208' title='bbox 2342 1242 2561 1312; x_wconf 72' lang='grc' dir='ltr'>ὕψιστον</span> <span class='ocrx_word' id='word_1_209' title='bbox 2600 1246 2692 1297; x_wconf 76' lang='grc' dir='ltr'>καὶ</span> <span class='ocrx_word' id='word_1_210' title='bbox 2720 1246 2812 1298; x_wconf 71' lang='grc' dir='ltr'>ἐπὶ</span> <span class='ocrx_word' id='word_1_211' title='bbox 2849 1245 3064 1299; x_wconf 80' lang='grc' dir='ltr'>πάντων</span> <span class='ocrx_word' id='word_1_212' title='bbox 3118 1247 3214 1299; x_wconf 78' lang='grc' dir='ltr'><strong>καὶ</strong></span> <span class='ocrx_word' id='word_1_213' title='bbox 3256 1245 3455 1299; x_wconf 80' lang='grc' dir='ltr'>σαυτοῦ</span> <span class='ocrx_word' id='word_1_214' title='bbox 3487 1247 3604 1299; x_wconf 71' lang='grc' dir='ltr'><strong>Πασ-</strong></span> 
     </span>
    </p>
   </div>
   <div class='ocr_carea' id='block_1_29' title="bbox 2032 1331 3605 1410">
    <p class='ocr_par' dir='ltr' id='par_1_29' title="bbox 2032 1331 3605 1410">
     <span class='ocr_line' id='line_1_29' title="bbox 2032 1331 3605 1410; baseline 0.006 -27"><span class='ocrx_word' id='word_1_215' title='bbox 2032 1331 2182 1402; x_wconf 87' lang='grc' dir='ltr'>τέρα.</span> <span class='ocrx_word' id='word_1_216' title='bbox 2217 1336 2537 1406; x_wconf 86' lang='grc' dir='ltr'>καταφυγὴν</span> <span class='ocrx_word' id='word_1_217' title='bbox 2562 1335 2712 1390; x_wconf 78' lang='grc' dir='ltr'>ἔθου·</span> <span class='ocrx_word' id='word_1_218' title='bbox 2742 1337 2806 1390; x_wconf 82' lang='grc' dir='ltr'>δι’</span> <span class='ocrx_word' id='word_1_219' title='bbox 2831 1338 2890 1392; x_wconf 85' lang='grc' dir='ltr'>ὃν</span> <span class='ocrx_word' id='word_1_220' title='bbox 2920 1339 2982 1390; x_wconf 83' lang='grc' dir='ltr'><strong>οὐ</strong></span> <span class='ocrx_word' id='word_1_221' title='bbox 3013 1337 3434 1410; x_wconf 87' lang='grc' dir='ltr'>προσελεύσεται</span> <span class='ocrx_word' id='word_1_222' title='bbox 3458 1338 3605 1392; x_wconf 84' lang='grc' dir='ltr'><strong>κακά</strong></span> 
     </span>
    </p>
   </div>
   <div class='ocr_carea' id='block_1_30' title="bbox 2033 1419 3605 1496">
    <p class='ocr_par' dir='ltr' id='par_1_30' title="bbox 2033 1419 3605 1496">
     <span class='ocr_line' id='line_1_30' title="bbox 2033 1419 3605 1496; baseline 0.006 -26"><span class='ocrx_word' id='word_1_223' title='bbox 2033 1419 2168 1489; x_wconf 87' lang='grc' dir='ltr'>πρὸς</span> <span class='ocrx_word' id='word_1_224' title='bbox 2197 1421 2289 1481; x_wconf 82' lang='grc' dir='ltr'>σὲ,</span> <span class='ocrx_word' id='word_1_225' title='bbox 2317 1421 2455 1492; x_wconf 86' lang='grc' dir='ltr'>πρὸς</span> <span class='ocrx_word' id='word_1_226' title='bbox 2489 1424 2548 1475; x_wconf 84' lang='grc' dir='ltr'>σὲ</span> <span class='ocrx_word' id='word_1_227' title='bbox 2593 1425 2682 1477; x_wconf 89' lang='grc' dir='ltr'><strong>τὸν</strong></span> <span class='ocrx_word' id='word_1_228' title='bbox 2722 1426 2852 1496; x_wconf 88' lang='grc' dir='ltr'>ἐμὸν</span> <span class='ocrx_word' id='word_1_229' title='bbox 2885 1425 3122 1496; x_wconf 85' lang='grc' dir='ltr'>Κύριον,</span> <span class='ocrx_word' id='word_1_230' title='bbox 3158 1427 3251 1482; x_wconf 71' lang='grc' dir='ltr'>καὶ</span> <span class='ocrx_word' id='word_1_231' title='bbox 3283 1426 3477 1496; x_wconf 85' lang='grc' dir='ltr'>μάστιξ</span> <span class='ocrx_word' id='word_1_232' title='bbox 3503 1428 3605 1480; x_wconf 78' lang='grc' dir='ltr'><strong>οὐκ</strong></span> 
     </span>
    </p>
   </div>
   <div class='ocr_carea' id='block_1_31' title="bbox 2031 1511 3606 1589">
    <p class='ocr_par' dir='ltr' id='par_1_31' title="bbox 2031 1511 3606 1589">
     <span class='ocr_line' id='line_1_31' title="bbox 2031 1511 3606 1589; baseline 0.006 -28"><span class='ocrx_word' id='word_1_233' title='bbox 2031 1511 2204 1578; x_wconf 87' lang='grc' dir='ltr'>ἐγγιεί</span> <span class='ocrx_word' id='word_1_234' title='bbox 2233 1511 2310 1583; x_wconf 79' lang='grc' dir='ltr'>τῷ</span> <span class='ocrx_word' id='word_1_235' title='bbox 2343 1514 2658 1585; x_wconf 75' lang='grc' dir='ltr'>σκηνώματι</span> <span class='ocrx_word' id='word_1_236' title='bbox 2682 1534 2792 1570; x_wconf 93' lang='grc' dir='ltr'>σου.</span> <span class='ocrx_word' id='word_1_237' title='bbox 2831 1537 2850 1569; x_wconf 68' lang='grc' dir='ltr'><strong>ι</strong></span> <span class='ocrx_word' id='word_1_238' title='bbox 2875 1518 2994 1571; x_wconf 86' lang='grc' dir='ltr'><strong>Κᾶν</strong></span> <span class='ocrx_word' id='word_1_239' title='bbox 3026 1518 3138 1589; x_wconf 83' lang='grc' dir='ltr'>γὰρ</span> <span class='ocrx_word' id='word_1_240' title='bbox 3167 1519 3382 1582; x_wconf 84' lang='grc' dir='ltr'>ἀσεϐεῖς</span> <span class='ocrx_word' id='word_1_241' title='bbox 3409 1518 3606 1589; x_wconf 80' lang='grc' dir='ltr'>ἄνδρες</span> 
     </span>
    </p>
   </div>
   <div class='ocr_carea' id='block_1_32' title="bbox 2031 1602 3603 1680">
    <p class='ocr_par' dir='ltr' id='par_1_32' title="bbox 2031 1602 3603 1680">
     <span class='ocr_line' id='line_1_32' title="bbox 2031 1602 3603 1680; baseline 0.007 -28"><span class='ocrx_word' id='word_1_242' title='bbox 2031 1602 2423 1674; x_wconf 78' lang='grc' dir='ltr'>ἐπιχειρήσωσι</span> <span class='ocrx_word' id='word_1_243' title='bbox 2479 1606 2976 1679; x_wconf 84' lang='grc' dir='ltr'>ἐνανθρωπήσαντά</span> <span class='ocrx_word' id='word_1_244' title='bbox 3028 1626 3087 1662; x_wconf 90' lang='grc' dir='ltr'><strong>σε</strong></span> <span class='ocrx_word' id='word_1_245' title='bbox 3143 1610 3460 1680; x_wconf 77' lang='grc' dir='ltr'>μαστίζειν,</span> <span class='ocrx_word' id='word_1_246' title='bbox 3496 1611 3603 1663; x_wconf 79' lang='grc' dir='ltr'><strong>κᾶν</strong></span> 
     </span>
    </p>
   </div>
   <div class='ocr_carea' id='block_1_33' title="bbox 2030 1693 3602 1773">
    <p class='ocr_par' dir='ltr' id='par_1_33' title="bbox 2030 1693 3602 1773">
     <span class='ocr_line' id='line_1_33' title="bbox 2030 1693 3602 1773; baseline 0.008 -28"><span class='ocrx_word' id='word_1_247' title='bbox 2030 1693 2108 1762; x_wconf 86' lang='grc' dir='ltr'>τῷ</span> <span class='ocrx_word' id='word_1_248' title='bbox 2142 1693 2355 1766; x_wconf 85' lang='grc' dir='ltr'>θανάτῳ</span> <span class='ocrx_word' id='word_1_249' title='bbox 2386 1699 2764 1768; x_wconf 79' lang='grc' dir='ltr'>παραδιδόναι,</span> <span class='ocrx_word' id='word_1_250' title='bbox 2792 1701 2904 1754; x_wconf 89' lang='grc' dir='ltr'>ἀλλ’</span> <span class='ocrx_word' id='word_1_251' title='bbox 2925 1701 3044 1754; x_wconf 81' lang='grc' dir='ltr'>οῦτι</span> <span class='ocrx_word' id='word_1_252' title='bbox 3073 1718 3136 1770; x_wconf 86' lang='grc' dir='ltr'><strong>γε</strong></span> <span class='ocrx_word' id='word_1_253' title='bbox 3170 1704 3203 1772; x_wconf 85' lang='grc' dir='ltr'>ἡ</span> <span class='ocrx_word' id='word_1_254' title='bbox 3239 1704 3302 1754; x_wconf 90' lang='grc' dir='ltr'><strong>ἐκ</strong></span> <span class='ocrx_word' id='word_1_255' title='bbox 3333 1702 3468 1756; x_wconf 82' lang='grc' dir='ltr'>Θεοῦ</span> <span class='ocrx_word' id='word_1_256' title='bbox 3496 1703 3602 1773; x_wconf 81' lang='grc' dir='ltr'><strong>μά·-</strong></span> 
     </span>
    </p>
   </div>
   <div class='ocr_carea' id='block_1_34' title="bbox 351 1785 1904 1870">
    <p class='ocr_par' dir='ltr' id='par_1_34' title="bbox 351 1789 1904 1870">
     <span class='ocr_line' id='line_1_34' title="bbox 351 1789 1904 1870; baseline 0.012 -28"><span class='ocrx_word' id='word_1_257' title='bbox 351 1789 579 1855; x_wconf 68' lang='grc' dir='ltr'>(εέἓάθῐθ,</span> <span class='ocrx_word' id='word_1_258' title='bbox 611 1793 716 1848; x_wconf 89' lang='lat' dir='ltr'><strong>etsi</strong></span> <span class='ocrx_word' id='word_1_259' title='bbox 755 1796 918 1849; x_wconf 82' lang='lat' dir='ltr'><strong>morti</strong></span> <span class='ocrx_word' id='word_1_260' title='bbox 943 1796 1180 1864; x_wconf 84' lang='lat' dir='ltr'><strong>tradere,</strong></span> <span class='ocrx_word' id='word_1_261' title='bbox 1234 1801 1550 1870; x_wconf 90' lang='lat' dir='ltr'><strong>neutiquam</strong></span> <span class='ocrx_word' id='word_1_262' title='bbox 1605 1810 1788 1858; x_wconf 89' lang='lat' dir='ltr'><strong>tamen</strong></span> <span class='ocrx_word' id='word_1_263' title='bbox 1818 1804 1904 1860; x_wconf 83' lang='lat' dir='ltr'><strong>ila-</strong></span> 
     </span>
    </p>
   </div>
   <div class='ocr_carea' id='block_1_35' title="bbox 2015 1785 3599 1870">
    <p class='ocr_par' dir='ltr' id='par_1_35' title="bbox 2026 1785 3599 1864">
     <span class='ocr_line' id='line_1_35' title="bbox 2026 1785 3599 1864; baseline 0.007 -29"><span class='ocrx_word' id='word_1_264' title='bbox 2026 1785 2139 1851; x_wconf 81' lang='grc' dir='ltr'>στιξ</span> <span class='ocrx_word' id='word_1_265' title='bbox 2158 1785 2234 1856; x_wconf 83' lang='grc' dir='ltr'>τῷ</span> <span class='ocrx_word' id='word_1_266' title='bbox 2256 1786 2333 1856; x_wconf 84' lang='grc' dir='ltr'><strong>σῷ</strong></span> <span class='ocrx_word' id='word_1_267' title='bbox 2356 1792 2671 1859; x_wconf 82' lang='grc' dir='ltr'>προσεγγιεῖ</span> <span class='ocrx_word' id='word_1_268' title='bbox 2693 1791 3028 1863; x_wconf 85' lang='grc' dir='ltr'>σκηνώματι,</span> <span class='ocrx_word' id='word_1_269' title='bbox 3054 1793 3194 1847; x_wconf 87' lang='grc' dir='ltr'>τοῦτ’</span> <span class='ocrx_word' id='word_1_270' title='bbox 3213 1793 3325 1846; x_wconf 77' lang='grc' dir='ltr'>ἔστι</span> <span class='ocrx_word' id='word_1_271' title='bbox 3351 1793 3566 1864; x_wconf 86' lang='grc' dir='ltr'>σώματι</span> <span class='ocrx_word' id='word_1_272' title='bbox 3582 1836 3599 1862; x_wconf 79' lang='grc'><strong>,</strong></span> 
     </span>
    </p>
   </div>
   <div class='ocr_carea' id='block_1_36' title="bbox 349 1881 1919 1965">
    <p class='ocr_par' dir='ltr' id='par_1_36' title="bbox 349 1881 1919 1965">
     <span class='ocr_line' id='line_1_36' title="bbox 349 1881 1919 1965; baseline 0.013 -33"><span class='ocrx_word' id='word_1_273' title='bbox 349 1881 570 1958; x_wconf 84' lang='lat' dir='ltr'><strong>gellum,</strong></span> <span class='ocrx_word' id='word_1_274' title='bbox 607 1884 751 1958; x_wconf 88' lang='lat' dir='ltr'><strong>quod</strong></span> <span class='ocrx_word' id='word_1_275' title='bbox 799 1901 828 1940; x_wconf 89' lang='lat' dir='ltr'><strong>a</strong></span> <span class='ocrx_word' id='word_1_276' title='bbox 857 1886 967 1941; x_wconf 94' lang='lat' dir='ltr'><strong>Deo</strong></span> <span class='ocrx_word' id='word_1_277' title='bbox 994 1899 1098 1954; x_wconf 89' lang='lat' dir='ltr'><strong>est,</strong></span> <span class='ocrx_word' id='word_1_278' title='bbox 1128 1899 1224 1946; x_wconf 91' lang='lat' dir='ltr'><strong>tuo</strong></span> <span class='ocrx_word' id='word_1_279' title='bbox 1267 1895 1719 1965; x_wconf 89' lang='lat' dir='ltr'><strong>appropinquabit</strong></span> <span class='ocrx_word' id='word_1_280' title='bbox 1740 1899 1919 1953; x_wconf 87' lang='lat' dir='ltr'><strong>taber-</strong></span> 
     </span>
    </p>
   </div>
   <div class='ocr_carea' id='block_1_37' title="bbox 349 1973 1921 2058">
    <p class='ocr_par' dir='ltr' id='par_1_37' title="bbox 349 1973 1921 2058">
     <span class='ocr_line' id='line_1_37' title="bbox 349 1973 1921 2058; baseline 0.015 -37"><span class='ocrx_word' id='word_1_281' title='bbox 349 1973 571 2037; x_wconf 84' lang='lat' dir='ltr'><strong>naculo,</strong></span> <span class='ocrx_word' id='word_1_282' title='bbox 591 1974 694 2030; x_wconf 88' lang='lat' dir='ltr'><strong>hoc</strong></span> <span class='ocrx_word' id='word_1_283' title='bbox 710 1984 814 2041; x_wconf 86' lang='lat' dir='ltr'><strong>est,</strong></span> <span class='ocrx_word' id='word_1_284' title='bbox 849 1987 943 2032; x_wconf 86' lang='lat' dir='ltr'><strong>tuo</strong></span> <span class='ocrx_word' id='word_1_285' title='bbox 972 1983 1212 2050; x_wconf 89' lang='lat' dir='ltr'><strong>corpori,</strong></span> <span class='ocrx_word' id='word_1_286' title='bbox 1263 1999 1372 2053; x_wconf 92' lang='lat' dir='ltr'><strong>quo</strong></span> <span class='ocrx_word' id='word_1_287' title='bbox 1424 1986 1676 2042; x_wconf 88' lang='lat' dir='ltr'><strong>videlicet</strong></span> <span class='ocrx_word' id='word_1_288' title='bbox 1699 2001 1921 2058; x_wconf 79' lang='lat' dir='ltr'><strong>prapter</strong></span> 
     </span>
    </p>
   </div>
   <div class='ocr_carea' id='block_1_38' title="bbox 349 2064 1915 2135">
    <p class='ocr_par' dir='ltr' id='par_1_38' title="bbox 349 2064 1915 2135">
     <span class='ocr_line' id='line_1_38' title="bbox 349 2064 1915 2135; baseline 0.013 -21"><span class='ocrx_word' id='word_1_289' title='bbox 349 2077 450 2124; x_wconf 86' lang='lat' dir='ltr'><strong>nos</strong></span> <span class='ocrx_word' id='word_1_290' title='bbox 483 2064 645 2120; x_wconf 91' lang='lat' dir='ltr'><strong>homo</strong></span> <span class='ocrx_word' id='word_1_291' title='bbox 678 2065 878 2135; x_wconf 85' lang='lat' dir='ltr'><strong>factus,</strong></span> <span class='ocrx_word' id='word_1_292' title='bbox 921 2070 1147 2128; x_wconf 90' lang='lat' dir='ltr'><strong>indutus</strong></span> <span class='ocrx_word' id='word_1_293' title='bbox 1195 2091 1273 2130; x_wconf 87' lang='lat' dir='ltr'><strong>es.</strong></span> <span class='ocrx_word' id='word_1_294' title='bbox 1303 2075 1385 2130; x_wconf 88' lang='lat' dir='ltr'><strong>Ad</strong></span> <span class='ocrx_word' id='word_1_295' title='bbox 1417 2079 1666 2133; x_wconf 89' lang='lat' dir='ltr'><strong>eumdem</strong></span> <span class='ocrx_word' id='word_1_296' title='bbox 1694 2081 1915 2134; x_wconf 81' lang='lat' dir='ltr'><strong>modum</strong></span> 
     </span>
    </p>
   </div>
   <div class='ocr_carea' id='block_1_39' title="bbox 346 2156 1914 2238">
    <p class='ocr_par' dir='ltr' id='par_1_39' title="bbox 346 2156 1914 2238">
     <span class='ocr_line' id='line_1_39' title="bbox 346 2156 1914 2238; baseline 0.015 -34"><span class='ocrx_word' id='word_1_297' title='bbox 346 2156 788 2214; x_wconf 69' lang='lat' dir='ltr'><strong>accommodabis</strong></span> <span class='ocrx_word' id='word_1_298' title='bbox 856 2161 926 2224; x_wconf 90' lang='lat' dir='ltr'><strong>ei,</strong></span> <span class='ocrx_word' id='word_1_299' title='bbox 960 2178 1080 2232; x_wconf 60' lang='lat' dir='ltr'><strong>quae</strong></span> <span class='ocrx_word' id='word_1_300' title='bbox 1139 2165 1192 2218; x_wconf 89' lang='lat' dir='ltr'><strong>in</strong></span> <span class='ocrx_word' id='word_1_301' title='bbox 1253 2173 1367 2223; x_wconf 85' lang='lat' dir='ltr'><strong>toto</strong></span> <span class='ocrx_word' id='word_1_302' title='bbox 1395 2170 1606 2238; x_wconf 84' lang='lat' dir='ltr'><strong>psalmo</strong></span> <span class='ocrx_word' id='word_1_303' title='bbox 1637 2171 1914 2238; x_wconf 91' lang='lat' dir='ltr'><strong>dicuntur,</strong></span> 
     </span>
    </p>
   </div>
   <div class='ocr_carea' id='block_1_40' title="bbox 345 2259 1920 2335">
    <p class='ocr_par' dir='ltr' id='par_1_40' title="bbox 345 2259 1920 2335">
     <span class='ocr_line' id='line_1_40' title="bbox 345 2259 1920 2335; baseline 0.015 -39"><span class='ocrx_word' id='word_1_304' title='bbox 345 2259 466 2312; x_wconf 72' lang='lat' dir='ltr'><strong>quae</strong></span> <span class='ocrx_word' id='word_1_305' title='bbox 489 2260 622 2301; x_wconf 86' lang='lat' dir='ltr'><strong>sane</strong></span> <span class='ocrx_word' id='word_1_306' title='bbox 657 2264 757 2303; x_wconf 93' lang='lat' dir='ltr'><strong>nos</strong></span> <span class='ocrx_word' id='word_1_307' title='bbox 791 2265 1007 2324; x_wconf 91' lang='lat' dir='ltr'><strong>quoque</strong></span> <span class='ocrx_word' id='word_1_308' title='bbox 1027 2269 1128 2311; x_wconf 88' lang='lat' dir='ltr'><strong>suo</strong></span> <span class='ocrx_word' id='word_1_309' title='bbox 1168 2263 1410 2332; x_wconf 87' lang='lat' dir='ltr'><strong>tempore</strong></span> <span class='ocrx_word' id='word_1_310' title='bbox 1446 2259 1832 2335; x_wconf 87' lang='lat' dir='ltr'><strong>disquiremus,</strong></span> <span class='ocrx_word' id='word_1_311' title='bbox 1866 2273 1920 2324; x_wconf 82' lang='lat' dir='ltr'><strong>et</strong></span> 
     </span>
    </p>
   </div>
   <div class='ocr_carea' id='block_1_41' title="bbox 345 2338 854 2418">
    <p class='ocr_par' dir='ltr' id='par_1_41' title="bbox 345 2338 854 2418">
     <span class='ocr_line' id='line_1_41' title="bbox 345 2338 854 2418; baseline 0.016 -29"><span class='ocrx_word' id='word_1_312' title='bbox 345 2338 854 2418; x_wconf 84' lang='lat' dir='ltr'><strong>contemplabimur.</strong></span> 
     </span>
    </p>
   </div>
   <div class='ocr_carea' id='block_1_42' title="bbox 905 2453 1347 2514">
    <p class='ocr_par' dir='ltr' id='par_1_42' title="bbox 905 2453 1347 2514">
     <span class='ocr_line' id='line_1_42' title="bbox 905 2453 1347 2514; baseline 0.009 -4"><span class='ocrx_word' id='word_1_313' title='bbox 905 2453 1136 2512; x_wconf 88' lang='lat' dir='ltr'><strong>CAPUT</strong></span> <span class='ocrx_word' id='word_1_314' title='bbox 1184 2458 1347 2514; x_wconf 77' lang='lat' dir='ltr'><strong>XXII.</strong></span> 
     </span>
    </p>
   </div>
   <div class='ocr_carea' id='block_1_43' title="bbox 341 2535 1910 2618">
    <p class='ocr_par' dir='ltr' id='par_1_43' title="bbox 341 2535 1910 2618">
     <span class='ocr_line' id='line_1_43' title="bbox 341 2535 1910 2618; baseline 0.016 -29"><span class='ocrx_word' id='word_1_315' title='bbox 341 2535 418 2598; x_wconf 72' lang='lat' dir='ltr'><strong>Ab</strong></span> <span class='ocrx_word' id='word_1_316' title='bbox 448 2537 778 2600; x_wconf 67' lang='grc' dir='ltr'><strong>σκεμ-Πε</strong></span> <span class='ocrx_word' id='word_1_317' title='bbox 799 2544 907 2600; x_wconf 87' lang='lat' dir='ltr'><strong>Deo</strong></span> <span class='ocrx_word' id='word_1_318' title='bbox 948 2547 1112 2605; x_wconf 86' lang='lat' dir='ltr'><strong>Verbo</strong></span> <span class='ocrx_word' id='word_1_319' title='bbox 1129 2561 1176 2605; x_wconf 86' lang='lat' dir='ltr'><strong>et</strong></span> <span class='ocrx_word' id='word_1_320' title='bbox 1208 2550 1390 2618; x_wconf 88' lang='lat' dir='ltr'><strong>Patre,</strong></span> <span class='ocrx_word' id='word_1_321' title='bbox 1420 2557 1556 2610; x_wconf 82' lang='lat' dir='ltr'><strong>sicut</strong></span> <span class='ocrx_word' id='word_1_322' title='bbox 1583 2557 1645 2616; x_wconf 83' lang='lat' dir='ltr'><strong>de</strong></span> <span class='ocrx_word' id='word_1_323' title='bbox 1667 2557 1910 2614; x_wconf 78' lang='lat' dir='ltr'><strong>Domino.</strong></span> 
     </span>
    </p>
   </div>
   <div class='ocr_carea' id='block_1_44' title="bbox 411 2697 1912 2788">
    <p class='ocr_par' dir='ltr' id='par_1_44' title="bbox 411 2697 1912 2788">
     <span class='ocr_line' id='line_1_44' title="bbox 411 2697 1912 2788; baseline 0.018 -39"><span class='ocrx_word' id='word_1_324' title='bbox 411 2716 430 2748; x_wconf 74' lang='grc' dir='ltr'><strong>ε</strong></span> <span class='ocrx_word' id='word_1_325' title='bbox 460 2697 579 2754; x_wconf 90' lang='lat' dir='ltr'><strong>Non</strong></span> <span class='ocrx_word' id='word_1_326' title='bbox 629 2701 1000 2776; x_wconf 89' lang='lat' dir='ltr'><strong>derelinquam</strong></span> <span class='ocrx_word' id='word_1_327' title='bbox 1057 2717 1116 2764; x_wconf 90' lang='lat' dir='ltr'><strong>ut</strong></span> <span class='ocrx_word' id='word_1_328' title='bbox 1161 2711 1367 2768; x_wconf 86' lang='lat' dir='ltr'><strong>deleam</strong></span> <span class='ocrx_word' id='word_1_329' title='bbox 1411 2713 1602 2780; x_wconf 73' lang='lat' dir='ltr'><strong>Iacob,</strong></span> <span class='ocrx_word' id='word_1_330' title='bbox 1653 2721 1912 2788; x_wconf 91' lang='lat' dir='ltr'><strong>quoniam</strong></span> 
     </span>
    </p>
   </div>
   <div class='ocr_carea' id='block_1_45' title="bbox 2023 1873 3597 1955">
    <p class='ocr_par' dir='ltr' id='par_1_45' title="bbox 2023 1873 3597 1955">
     <span class='ocr_line' id='line_1_45' title="bbox 2023 1873 3597 1955; baseline 0.009 -31"><span class='ocrx_word' id='word_1_331' title='bbox 2023 1873 2052 1925; x_wconf 85' lang='grc' dir='ltr'><strong>ὃ</strong></span> <span class='ocrx_word' id='word_1_332' title='bbox 2096 1873 2334 1944; x_wconf 86' lang='grc' dir='ltr'>δηλονότι</span> <span class='ocrx_word' id='word_1_333' title='bbox 2389 1877 2454 1930; x_wconf 85' lang='grc' dir='ltr'>δι’</span> <span class='ocrx_word' id='word_1_334' title='bbox 2511 1881 2659 1950; x_wconf 80' lang='grc' dir='ltr'>ἡμᾶς</span> <span class='ocrx_word' id='word_1_335' title='bbox 2699 1881 3123 1954; x_wconf 88' lang='grc' dir='ltr'>ἐνανθρωπήσας</span> <span class='ocrx_word' id='word_1_336' title='bbox 3183 1883 3597 1955; x_wconf 84' lang='grc' dir='ltr'>περιϐέϐλησαι.</span> 
     </span>
    </p>
   </div>
   <div class='ocr_carea' id='block_1_46' title="bbox 2023 1965 3599 2044">
    <p class='ocr_par' dir='ltr' id='par_1_46' title="bbox 2023 1965 3599 2044">
     <span class='ocr_line' id='line_1_46' title="bbox 2023 1965 3599 2044; baseline 0.009 -29"><span class='ocrx_word' id='word_1_337' title='bbox 2023 1965 2244 2029; x_wconf 84' lang='grc' dir='ltr'>Τούτοις</span> <span class='ocrx_word' id='word_1_338' title='bbox 2277 1968 2582 2034; x_wconf 85' lang='grc' dir='ltr'>ἀκολούθως</span> <span class='ocrx_word' id='word_1_339' title='bbox 2614 1974 2944 2044; x_wconf 80' lang='grc' dir='ltr'>ἐφαρμόσεις</span> <span class='ocrx_word' id='word_1_340' title='bbox 2983 1974 3130 2044; x_wconf 83' lang='grc' dir='ltr'>αὐτῷ</span> <span class='ocrx_word' id='word_1_341' title='bbox 3160 1975 3226 2028; x_wconf 78' lang='grc' dir='ltr'><strong>τὰ</strong></span> <span class='ocrx_word' id='word_1_342' title='bbox 3253 1975 3317 2028; x_wconf 86' lang='grc' dir='ltr'>δι’</span> <span class='ocrx_word' id='word_1_343' title='bbox 3343 1975 3466 2028; x_wconf 79' lang='grc' dir='ltr'>ὅλου</span> <span class='ocrx_word' id='word_1_344' title='bbox 3503 1977 3599 2030; x_wconf 86' lang='grc' dir='ltr'><strong>τοῦ</strong></span> 
     </span>
    </p>
   </div>
   <div class='ocr_carea' id='block_1_47' title="bbox 2021 2051 3597 2129">
    <p class='ocr_par' dir='ltr' id='par_1_47' title="bbox 2021 2051 3597 2129">
     <span class='ocr_line' id='line_1_47' title="bbox 2021 2051 3597 2129; baseline 0.01 -26"><span class='ocrx_word' id='word_1_345' title='bbox 2021 2051 2234 2124; x_wconf 75' lang='grc' dir='ltr'>ψαλμοῦ</span> <span class='ocrx_word' id='word_1_346' title='bbox 2260 2056 2562 2129; x_wconf 86' lang='grc' dir='ltr'>δηλούμενα</span> <span class='ocrx_word' id='word_1_347' title='bbox 2579 2103 2594 2127; x_wconf 95' lang='grc'><strong>,</strong></span> <span class='ocrx_word' id='word_1_348' title='bbox 2628 2061 2665 2115; x_wconf 79' lang='grc' dir='ltr'><strong>δι</strong></span> <span class='ocrx_word' id='word_1_349' title='bbox 2692 2064 2784 2116; x_wconf 79' lang='grc' dir='ltr'>καὶ</span> <span class='ocrx_word' id='word_1_350' title='bbox 2801 2065 2954 2122; x_wconf 74' lang='grc' dir='ltr'>αὐτοὶ</span> <span class='ocrx_word' id='word_1_351' title='bbox 2975 2065 3111 2124; x_wconf 81' lang='grc' dir='ltr'><strong>κατά</strong></span> <span class='ocrx_word' id='word_1_352' title='bbox 3141 2067 3230 2120; x_wconf 84' lang='grc' dir='ltr'><strong>τὸν</strong></span> <span class='ocrx_word' id='word_1_353' title='bbox 3253 2068 3451 2120; x_wconf 81' lang='grc' dir='ltr'>οἰκεῖον</span> <span class='ocrx_word' id='word_1_354' title='bbox 3476 2084 3597 2122; x_wconf 82' lang='grc' dir='ltr'>και-</span> 
     </span>
    </p>
   </div>
   <div class='ocr_carea' id='block_1_48' title="bbox 2023 2145 2618 2225">
    <p class='ocr_par' dir='ltr' id='par_1_48' title="bbox 2023 2145 2618 2225">
     <span class='ocr_line' id='line_1_48' title="bbox 2023 2145 2618 2225; baseline 0.022 -29"><span class='ocrx_word' id='word_1_355' title='bbox 2023 2145 2115 2215; x_wconf 88' lang='grc' dir='ltr'><strong>ρὸν</strong></span> <span class='ocrx_word' id='word_1_356' title='bbox 2153 2149 2618 2225; x_wconf 80' lang='grc' dir='ltr'>ἐπιθεωρήσομεν.</span> 
     </span>
    </p>
   </div>
   <div class='ocr_carea' id='block_1_49' title="bbox 2524 2468 3080 2526">
    <p class='ocr_par' dir='ltr' id='par_1_49' title="bbox 2524 2468 3080 2526">
     <span class='ocr_line' id='line_1_49' title="bbox 2524 2468 3080 2526; baseline 0.011 -7"><span class='ocrx_word' id='word_1_357' title='bbox 2524 2468 2920 2523; x_wconf 81' lang='grc' dir='ltr'><strong>ΚΕΦΑΛΑΙΟΝ</strong></span> <span class='ocrx_word' id='word_1_358' title='bbox 2951 2473 3080 2526; x_wconf 86' lang='lat' dir='ltr'><strong>KB&#39;.</strong></span> 
     </span>
    </p>
   </div>
   <div class='ocr_carea' id='block_1_50' title="bbox 2032 2551 3594 2634">
    <p class='ocr_par' dir='ltr' id='par_1_50' title="bbox 2032 2551 3594 2634">
     <span class='ocr_line' id='line_1_50' title="bbox 2032 2551 3594 2634; baseline 0.011 -29"><span class='ocrx_word' id='word_1_359' title='bbox 2032 2551 2175 2606; x_wconf 68' lang='grc' dir='ltr'><strong>Ἀπὸ</strong></span> <span class='ocrx_word' id='word_1_360' title='bbox 2209 2557 2316 2610; x_wconf 81' lang='grc' dir='ltr'><strong>τοῦ</strong></span> <span class='ocrx_word' id='word_1_361' title='bbox 2355 2555 2786 2634; x_wconf 38' lang='lat' dir='ltr'><strong>Domit-Hem</strong></span> <span class='ocrx_word' id='word_1_362' title='bbox 2837 2562 2942 2634; x_wconf 72' lang='grc' dir='ltr'><strong>τοῦ</strong></span> <span class='ocrx_word' id='word_1_363' title='bbox 2968 2561 3114 2616; x_wconf 85' lang='grc' dir='ltr'>Θεοῦ</span> <span class='ocrx_word' id='word_1_364' title='bbox 3144 2565 3336 2634; x_wconf 77' lang='grc' dir='ltr'>Λόγου</span> <span class='ocrx_word' id='word_1_365' title='bbox 3361 2566 3460 2619; x_wconf 75' lang='grc' dir='ltr'><strong>καὶ</strong></span> <span class='ocrx_word' id='word_1_366' title='bbox 3485 2567 3594 2622; x_wconf 78' lang='grc' dir='ltr'><strong>τοῦ</strong></span> 
     </span>
    </p>
   </div>
   <div class='ocr_carea' id='block_1_51' title="bbox 2397 2628 3206 2700">
    <p class='ocr_par' dir='ltr' id='par_1_51' title="bbox 2397 2628 3206 2700">
     <span class='ocr_line' id='line_1_51' title="bbox 2397 2628 3206 2700; baseline 0.012 -22"><span class='ocrx_word' id='word_1_367' title='bbox 2397 2628 2652 2694; x_wconf 72' lang='grc' dir='ltr'>Πατρός,</span> <span class='ocrx_word' id='word_1_368' title='bbox 2682 2630 2761 2695; x_wconf 87' lang='grc' dir='ltr'>ὡς</span> <span class='ocrx_word' id='word_1_369' title='bbox 2798 2632 2930 2697; x_wconf 79' lang='grc' dir='ltr'>περὶ</span> <span class='ocrx_word' id='word_1_370' title='bbox 2964 2634 3206 2700; x_wconf 82' lang='grc' dir='ltr'>Κυρίου.</span> 
     </span>
    </p>
   </div>
   <div class='ocr_carea' id='block_1_52' title="bbox 2093 2717 3590 2796">
    <p class='ocr_par' dir='ltr' id='par_1_52' title="bbox 2093 2717 3590 2796">
     <span class='ocr_line' id='line_1_52' title="bbox 2093 2717 3590 2796; baseline 0.008 -28"><span class='ocrx_word' id='word_1_371' title='bbox 2093 2735 2112 2767; x_wconf 79' lang='grc' dir='ltr'><strong>ι</strong></span> <span class='ocrx_word' id='word_1_372' title='bbox 2137 2717 2212 2770; x_wconf 74' lang='grc' dir='ltr'><strong>0σῦ</strong></span> <span class='ocrx_word' id='word_1_373' title='bbox 2239 2717 2312 2790; x_wconf 81' lang='grc' dir='ltr'>μὴ</span> <span class='ocrx_word' id='word_1_374' title='bbox 2331 2719 2703 2790; x_wconf 71' lang='grc' dir='ltr'>ἐγκαταλείψω</span> <span class='ocrx_word' id='word_1_375' title='bbox 2727 2722 2820 2774; x_wconf 91' lang='grc' dir='ltr'><strong>τοῦ</strong></span> <span class='ocrx_word' id='word_1_376' title='bbox 2845 2724 3219 2796; x_wconf 74' lang='grc' dir='ltr'>ἐξαλειφθῆναι</span> <span class='ocrx_word' id='word_1_377' title='bbox 3247 2727 3340 2780; x_wconf 89' lang='grc' dir='ltr'><strong>τὸν</strong></span> <span class='ocrx_word' id='word_1_378' title='bbox 3373 2729 3590 2792; x_wconf 80' lang='grc' dir='ltr'>Ἰακὼϐ,</span> 
     </span>
    </p>
   </div>
   <div class='ocr_carea' id='block_1_53' title="bbox 337 2785 1904 2888">
    <p class='ocr_par' dir='ltr' id='par_1_53' title="bbox 337 2785 1904 2875">
     <span class='ocr_line' id='line_1_53' title="bbox 337 2785 1904 2875; baseline 0.016 -33"><span class='ocrx_word' id='word_1_379' title='bbox 337 2785 484 2846; x_wconf 84' lang='lat' dir='ltr'><strong>Deus</strong></span> <span class='ocrx_word' id='word_1_380' title='bbox 505 2807 605 2862; x_wconf 88' lang='lat' dir='ltr'><strong>ego</strong></span> <span class='ocrx_word' id='word_1_381' title='bbox 640 2810 783 2863; x_wconf 89' lang='lat' dir='ltr'><strong>sum,</strong></span> <span class='ocrx_word' id='word_1_382' title='bbox 809 2805 863 2852; x_wconf 92' lang='lat' dir='ltr'><strong>et</strong></span> <span class='ocrx_word' id='word_1_383' title='bbox 884 2815 992 2854; x_wconf 88' lang='lat' dir='ltr'><strong>non</strong></span> <span class='ocrx_word' id='word_1_384' title='bbox 1026 2800 1192 2857; x_wconf 90' lang='lat' dir='ltr'><strong>homo</strong></span> <span class='ocrx_word' id='word_1_385' title='bbox 1236 2805 1288 2858; x_wconf 95' lang='lat' dir='ltr'><strong>in</strong></span> <span class='ocrx_word' id='word_1_386' title='bbox 1348 2813 1400 2860; x_wconf 89' lang='lat' dir='ltr'><strong>te</strong></span> <span class='ocrx_word' id='word_1_387' title='bbox 1441 2819 1686 2875; x_wconf 88' lang='lat' dir='ltr'><strong>sanctus,</strong></span> <span class='ocrx_word' id='word_1_388' title='bbox 1719 2819 1773 2866; x_wconf 91' lang='lat' dir='ltr'><strong>et</strong></span> <span class='ocrx_word' id='word_1_389' title='bbox 1802 2827 1904 2867; x_wconf 92' lang='lat' dir='ltr'><strong>non</strong></span> 
     </span>
    </p>
   </div>
   <div class='ocr_carea' id='block_1_54' title="bbox 2015 2785 3590 2888">
    <p class='ocr_par' dir='ltr' id='par_1_54' title="bbox 2015 2785 3590 2888">
     <span class='ocr_line' id='line_1_54' title="bbox 2015 2785 3590 2888; baseline 0.008 -28"><span class='ocrx_word' id='word_1_390' title='bbox 2015 2807 2096 2860; x_wconf 83' lang='grc' dir='ltr'><strong>δτι</strong></span> <span class='ocrx_word' id='word_1_391' title='bbox 2133 2785 2264 2874; x_wconf 82' lang='grc' dir='ltr'>Θεὸς</span> <span class='ocrx_word' id='word_1_392' title='bbox 2293 2785 2402 2878; x_wconf 70' lang='grc' dir='ltr'>ἐγώ</span> <span class='ocrx_word' id='word_1_393' title='bbox 2437 2814 2580 2880; x_wconf 84' lang='grc' dir='ltr'>εἰμι,</span> <span class='ocrx_word' id='word_1_394' title='bbox 2615 2785 2710 2866; x_wconf 57' lang='grc' dir='ltr'><strong>παὶ</strong></span> <span class='ocrx_word' id='word_1_395' title='bbox 2736 2815 2833 2867; x_wconf 85' lang='grc' dir='ltr'>οὐκ</span> <span class='ocrx_word' id='word_1_396' title='bbox 2864 2785 3145 2888; x_wconf 66' lang='grc' dir='ltr'>ἀνθρωπος</span> <span class='ocrx_word' id='word_1_397' title='bbox 3188 2820 3245 2871; x_wconf 85' lang='grc' dir='ltr'><strong>ἐν</strong></span> <span class='ocrx_word' id='word_1_398' title='bbox 3288 2820 3370 2872; x_wconf 73' lang='grc' dir='ltr'><strong>σοὶ</strong></span> <span class='ocrx_word' id='word_1_399' title='bbox 3412 2785 3590 2887; x_wconf 50' lang='grc' dir='ltr'>ἆγιοςί</span> 
     </span>
    </p>
   </div>
   <div class='ocr_carea' id='block_1_55' title="bbox 335 2882 1904 2982">
    <p class='ocr_par' dir='ltr' id='par_1_55' title="bbox 335 2882 1904 2964">
     <span class='ocr_line' id='line_1_55' title="bbox 335 2882 1904 2964; baseline 0.012 -24"><span class='ocrx_word' id='word_1_400' title='bbox 335 2882 614 2952; x_wconf 84' lang='lat' dir='ltr'><strong>ingrediar</strong></span> <span class='ocrx_word' id='word_1_401' title='bbox 664 2887 723 2942; x_wconf 90' lang='lat' dir='ltr'><strong>in</strong></span> <span class='ocrx_word' id='word_1_402' title='bbox 783 2889 1063 2946; x_wconf 86' lang='lat' dir='ltr'><strong>civitatem</strong></span> <span class='ocrx_word' id='word_1_403' title='bbox 1122 2909 1135 2944; x_wconf 91' lang='lat'><strong>:</strong></span> <span class='ocrx_word' id='word_1_404' title='bbox 1201 2902 1321 2964; x_wconf 89' lang='lat' dir='ltr'><strong>post</strong></span> <span class='ocrx_word' id='word_1_405' title='bbox 1372 2896 1661 2953; x_wconf 90' lang='lat' dir='ltr'><strong>Dominum</strong></span> <span class='ocrx_word' id='word_1_406' title='bbox 1717 2904 1904 2958; x_wconf 87' lang='lat' dir='ltr'><strong>ambu-</strong></span> 
     </span>
    </p>
   </div>
   <div class='ocr_carea' id='block_1_56' title="bbox 2015 2882 3590 2982">
    <p class='ocr_par' dir='ltr' id='par_1_56' title="bbox 2015 2882 3590 2982">
     <span class='ocr_line' id='line_1_56' title="bbox 2015 2882 3590 2982; baseline 0.009 -30"><span class='ocrx_word' id='word_1_407' title='bbox 2015 2899 2106 2953; x_wconf 73' lang='grc' dir='ltr'><strong>καὶ</strong></span> <span class='ocrx_word' id='word_1_408' title='bbox 2140 2901 2239 2954; x_wconf 78' lang='grc' dir='ltr'><strong>οὐκ</strong></span> <span class='ocrx_word' id='word_1_409' title='bbox 2277 2903 2652 2974; x_wconf 79' lang='grc' dir='ltr'>εἰσελεύσομαι</span> <span class='ocrx_word' id='word_1_410' title='bbox 2684 2907 2762 2968; x_wconf 81' lang='grc' dir='ltr'><strong>εἰς</strong></span> <span class='ocrx_word' id='word_1_411' title='bbox 2794 2882 2986 2960; x_wconf 55' lang='grc' dir='ltr'><strong>πόλινζ</strong></span> <span class='ocrx_word' id='word_1_412' title='bbox 3039 2909 3211 2963; x_wconf 81' lang='grc' dir='ltr'>ὀπίσω</span> <span class='ocrx_word' id='word_1_413' title='bbox 3251 2911 3458 2982; x_wconf 78' lang='grc' dir='ltr'>Κυρίου</span> <span class='ocrx_word' id='word_1_414' title='bbox 3493 2931 3590 2966; x_wconf 85' lang='grc' dir='ltr'>πο-</span> 
     </span>
    </p>
   </div>
   <div class='ocr_carea' id='block_1_57' title="bbox 335 2975 1904 3072">
    <p class='ocr_par' dir='ltr' id='par_1_57' title="bbox 335 2975 1904 3056">
     <span class='ocr_line' id='line_1_57' title="bbox 335 2975 1904 3056; baseline 0.016 -29"><span class='ocrx_word' id='word_1_415' title='bbox 335 2975 458 3030; x_wconf 82' lang='lat' dir='ltr'><strong>labo</strong></span> <span class='ocrx_word' id='word_1_416' title='bbox 493 2977 560 3030; x_wconf 70' lang='grc'><strong>³⁸.</strong></span> <span class='ocrx_word' id='word_1_417' title='bbox 593 2998 611 3030; x_wconf 75' lang='grc' dir='ltr'><strong>ι</strong></span> <span class='ocrx_word' id='word_1_418' title='bbox 635 2977 734 3034; x_wconf 85' lang='lat' dir='ltr'><strong>Hic</strong></span> <span class='ocrx_word' id='word_1_419' title='bbox 758 2988 812 3036; x_wconf 90' lang='lat' dir='ltr'><strong>et</strong></span> <span class='ocrx_word' id='word_1_420' title='bbox 859 2997 957 3051; x_wconf 89' lang='lat' dir='ltr'><strong>per</strong></span> <span class='ocrx_word' id='word_1_421' title='bbox 989 2985 1092 3038; x_wconf 91' lang='lat' dir='ltr'><strong>alia</strong></span> <span class='ocrx_word' id='word_1_422' title='bbox 1139 2985 1224 3041; x_wconf 90' lang='lat' dir='ltr'><strong>his</strong></span> <span class='ocrx_word' id='word_1_423' title='bbox 1252 2988 1470 3056; x_wconf 90' lang='lat' dir='ltr'><strong>similia,</strong></span> <span class='ocrx_word' id='word_1_424' title='bbox 1494 2989 1637 3047; x_wconf 88' lang='lat' dir='ltr'><strong>Deus</strong></span> <span class='ocrx_word' id='word_1_425' title='bbox 1670 2992 1904 3052; x_wconf 83' lang='lat' dir='ltr'><strong>Verbum</strong></span> 
     </span>
    </p>
   </div>
   <div class='ocr_carea' id='block_1_58' title="bbox 2015 2975 3592 3072">
    <p class='ocr_par' dir='ltr' id='par_1_58' title="bbox 2016 2975 3592 3072">
     <span class='ocr_line' id='line_1_58' title="bbox 2016 2975 3592 3072; baseline 0.01 -30"><span class='ocrx_word' id='word_1_426' title='bbox 2016 2989 2296 3062; x_wconf 81' lang='grc' dir='ltr'>ρεύσομαι.</span> <span class='ocrx_word' id='word_1_427' title='bbox 2333 3012 2351 3043; x_wconf 74' lang='grc' dir='ltr'><strong>ι</strong></span> <span class='ocrx_word' id='word_1_428' title='bbox 2421 2995 2681 3049; x_wconf 90' lang='grc' dir='ltr'>Ἐνταῦθα</span> <span class='ocrx_word' id='word_1_429' title='bbox 2707 2997 2800 3049; x_wconf 83' lang='grc' dir='ltr'>καὶ</span> <span class='ocrx_word' id='word_1_430' title='bbox 2837 2998 2924 3052; x_wconf 86' lang='grc' dir='ltr'>διὰ</span> <span class='ocrx_word' id='word_1_431' title='bbox 2954 2999 3155 3053; x_wconf 90' lang='grc' dir='ltr'>τούτων</span> <span class='ocrx_word' id='word_1_432' title='bbox 3189 3002 3217 3052; x_wconf 87' lang='grc' dir='ltr'><strong>ό</strong></span> <span class='ocrx_word' id='word_1_433' title='bbox 3251 2975 3382 3065; x_wconf 78' lang='grc' dir='ltr'>Θεὸς</span> <span class='ocrx_word' id='word_1_434' title='bbox 3418 3004 3592 3072; x_wconf 82' lang='grc' dir='ltr'>Λόγος</span> 
     </span>
    </p>
   </div>
   <div class='ocr_carea' id='block_1_59' title="bbox 333 3063 1904 3162">
    <p class='ocr_par' dir='ltr' id='par_1_59' title="bbox 333 3063 1904 3156">
     <span class='ocr_line' id='line_1_59' title="bbox 333 3063 1904 3156; baseline 0.016 -40"><span class='ocrx_word' id='word_1_435' title='bbox 333 3063 497 3120; x_wconf 87' lang='lat' dir='ltr'><strong>homo</strong></span> <span class='ocrx_word' id='word_1_436' title='bbox 515 3065 712 3134; x_wconf 79' lang='lat' dir='ltr'><strong>factus,</strong></span> <span class='ocrx_word' id='word_1_437' title='bbox 746 3070 814 3125; x_wconf 92' lang='lat' dir='ltr'><strong>ad</strong></span> <span class='ocrx_word' id='word_1_438' title='bbox 844 3089 940 3127; x_wconf 79' lang='lat' dir='ltr'><strong>eos</strong></span> <span class='ocrx_word' id='word_1_439' title='bbox 972 3073 1122 3139; x_wconf 86' lang='lat' dir='ltr'><strong>dicit,</strong></span> <span class='ocrx_word' id='word_1_440' title='bbox 1158 3078 1251 3146; x_wconf 88' lang='lat' dir='ltr'><strong>qui</strong></span> <span class='ocrx_word' id='word_1_441' title='bbox 1281 3079 1455 3133; x_wconf 92' lang='lat' dir='ltr'><strong>virum</strong></span> <span class='ocrx_word' id='word_1_442' title='bbox 1483 3083 1702 3152; x_wconf 87' lang='lat' dir='ltr'><strong>quidem</strong></span> <span class='ocrx_word' id='word_1_443' title='bbox 1729 3086 1904 3156; x_wconf 90' lang='lat' dir='ltr'><strong>ipsum</strong></span> 
     </span>
    </p>
   </div>
   <div class='ocr_carea' id='block_1_60' title="bbox 2015 3063 3590 3162">
    <p class='ocr_par' dir='ltr' id='par_1_60' title="bbox 2015 3063 3590 3162">
     <span class='ocr_line' id='line_1_60' title="bbox 2015 3063 3590 3162; baseline 0.01 -28"><span class='ocrx_word' id='word_1_444' title='bbox 2015 3083 2435 3155; x_wconf 79' lang='grc' dir='ltr'>ἐνανθρωπήσας</span> <span class='ocrx_word' id='word_1_445' title='bbox 2508 3087 2644 3158; x_wconf 89' lang='grc' dir='ltr'>πρὸς</span> <span class='ocrx_word' id='word_1_446' title='bbox 2687 3089 2814 3152; x_wconf 82' lang='grc' dir='ltr'>τοὺς</span> <span class='ocrx_word' id='word_1_447' title='bbox 2853 3090 3136 3159; x_wconf 83' lang='grc' dir='ltr'>ἄνθρωπον</span> <span class='ocrx_word' id='word_1_448' title='bbox 3186 3063 3375 3145; x_wconf 17' lang='grc' dir='ltr'>αύτὸνῂ</span> <span class='ocrx_word' id='word_1_449' title='bbox 3407 3063 3590 3162; x_wconf 66' lang='grc' dir='ltr'>ἅγιον,</span> 
     </span>
    </p>
   </div>
   <div class='ocr_carea' id='block_1_61' title="bbox 335 3161 1904 3257">
    <p class='ocr_par' dir='ltr' id='par_1_61' title="bbox 335 3165 1904 3234">
     <span class='ocr_line' id='line_1_61' title="bbox 335 3165 1904 3234; baseline 0.017 -26"><span class='ocrx_word' id='word_1_450' title='bbox 335 3167 608 3223; x_wconf 82' lang='lat' dir='ltr'><strong>sanctum,</strong></span> <span class='ocrx_word' id='word_1_451' title='bbox 633 3177 743 3215; x_wconf 90' lang='lat' dir='ltr'><strong>non</strong></span> <span class='ocrx_word' id='word_1_452' title='bbox 773 3171 953 3217; x_wconf 89' lang='lat' dir='ltr'><strong>autem</strong></span> <span class='ocrx_word' id='word_1_453' title='bbox 979 3165 1148 3221; x_wconf 91' lang='lat' dir='ltr'><strong>Deum</strong></span> <span class='ocrx_word' id='word_1_454' title='bbox 1179 3185 1302 3225; x_wconf 90' lang='lat' dir='ltr'><strong>esse</strong></span> <span class='ocrx_word' id='word_1_455' title='bbox 1331 3171 1693 3229; x_wconf 75' lang='lat' dir='ltr'><strong>confitentur:</strong></span> <span class='ocrx_word' id='word_1_456' title='bbox 1719 3196 1735 3228; x_wconf 80' lang='grc' dir='ltr'><strong>ι</strong></span> <span class='ocrx_word' id='word_1_457' title='bbox 1762 3178 1904 3234; x_wconf 92' lang='lat' dir='ltr'><strong>Deus</strong></span> 
     </span>
    </p>
   </div>
   <div class='ocr_carea' id='block_1_62' title="bbox 2015 3161 3590 3257">
    <p class='ocr_par' dir='ltr' id='par_1_62' title="bbox 2015 3161 3590 3257">
     <span class='ocr_line' id='line_1_62' title="bbox 2015 3161 3590 3257; baseline 0.01 -32"><span class='ocrx_word' id='word_1_458' title='bbox 2015 3171 2124 3225; x_wconf 82' lang='grc' dir='ltr'>ἀλλ’</span> <span class='ocrx_word' id='word_1_459' title='bbox 2149 3175 2212 3226; x_wconf 81' lang='grc' dir='ltr'><strong>οὐ</strong></span> <span class='ocrx_word' id='word_1_460' title='bbox 2239 3175 2370 3229; x_wconf 82' lang='grc' dir='ltr'>Θεὸν</span> <span class='ocrx_word' id='word_1_461' title='bbox 2423 3172 2559 3230; x_wconf 74' lang='grc' dir='ltr'>εἶναι</span> <span class='ocrx_word' id='word_1_462' title='bbox 2615 3179 3010 3249; x_wconf 83' lang='grc' dir='ltr'>ὁμολογοῦντας</span> <span class='ocrx_word' id='word_1_463' title='bbox 3040 3200 3052 3214; x_wconf 88' lang='grc'><strong>·</strong></span> <span class='ocrx_word' id='word_1_464' title='bbox 3087 3201 3107 3233; x_wconf 79' lang='grc' dir='ltr'><strong>ι</strong></span> <span class='ocrx_word' id='word_1_465' title='bbox 3137 3183 3270 3247; x_wconf 83' lang='grc' dir='ltr'>Θεὸς</span> <span class='ocrx_word' id='word_1_466' title='bbox 3296 3184 3406 3253; x_wconf 84' lang='grc' dir='ltr'>ἐγώ</span> <span class='ocrx_word' id='word_1_467' title='bbox 3434 3191 3553 3257; x_wconf 78' lang='grc' dir='ltr'>ειμι</span> <span class='ocrx_word' id='word_1_468' title='bbox 3575 3229 3590 3252; x_wconf 88' lang='grc'><strong>,</strong></span> 
     </span>
    </p>
   </div>
   <div class='ocr_carea' id='block_1_63' title="bbox 329 3255 1904 3346">
    <p class='ocr_par' dir='ltr' id='par_1_63' title="bbox 329 3255 1898 3325">
     <span class='ocr_line' id='line_1_63' title="bbox 329 3255 1898 3325; baseline 0.015 -24"><span class='ocrx_word' id='word_1_469' title='bbox 329 3262 432 3318; x_wconf 84' lang='lat' dir='ltr'><strong>ego</strong></span> <span class='ocrx_word' id='word_1_470' title='bbox 493 3267 637 3315; x_wconf 88' lang='lat' dir='ltr'><strong>sum,</strong></span> <span class='ocrx_word' id='word_1_471' title='bbox 689 3255 884 3325; x_wconf 89' lang='lat' dir='ltr'><strong>inquit,</strong></span> <span class='ocrx_word' id='word_1_472' title='bbox 938 3266 992 3314; x_wconf 86' lang='lat' dir='ltr'><strong>et</strong></span> <span class='ocrx_word' id='word_1_473' title='bbox 1035 3276 1145 3314; x_wconf 92' lang='lat' dir='ltr'><strong>non</strong></span> <span class='ocrx_word' id='word_1_474' title='bbox 1201 3262 1362 3319; x_wconf 88' lang='lat' dir='ltr'><strong>homo</strong></span> <span class='ocrx_word' id='word_1_475' title='bbox 1392 3265 1446 3318; x_wconf 88' lang='lat' dir='ltr'><strong>in</strong></span> <span class='ocrx_word' id='word_1_476' title='bbox 1487 3272 1541 3321; x_wconf 90' lang='lat' dir='ltr'><strong>te</strong></span> <span class='ocrx_word' id='word_1_477' title='bbox 1569 3277 1835 3325; x_wconf 86' lang='lat' dir='ltr'><strong>sanctus:</strong></span> <span class='ocrx_word' id='word_1_478' title='bbox 1879 3291 1898 3324; x_wconf 72' lang='grc' dir='ltr'><strong>ι</strong></span> 
     </span>
    </p>
   </div>
   <div class='ocr_carea' id='block_1_64' title="bbox 2015 3255 3593 3346">
    <p class='ocr_par' dir='ltr' id='par_1_64' title="bbox 2015 3255 3593 3346">
     <span class='ocr_line' id='line_1_64' title="bbox 2015 3255 3593 3346; baseline 0.01 -29"><span class='ocrx_word' id='word_1_479' title='bbox 2015 3267 2140 3336; x_wconf 65' lang='grc' dir='ltr'>φησι</span> <span class='ocrx_word' id='word_1_480' title='bbox 2165 3307 2178 3328; x_wconf 91' lang='grc'><strong>,</strong></span> <span class='ocrx_word' id='word_1_481' title='bbox 2234 3269 2326 3322; x_wconf 77' lang='grc' dir='ltr'>καὶ</span> <span class='ocrx_word' id='word_1_482' title='bbox 2377 3271 2477 3323; x_wconf 78' lang='grc' dir='ltr'><strong>οὐκ</strong></span> <span class='ocrx_word' id='word_1_483' title='bbox 2517 3271 2801 3344; x_wconf 83' lang='grc' dir='ltr'>ἄνθρωπος</span> <span class='ocrx_word' id='word_1_484' title='bbox 2835 3277 2892 3329; x_wconf 86' lang='grc' dir='ltr'><strong>ἐν</strong></span> <span class='ocrx_word' id='word_1_485' title='bbox 2927 3278 3008 3330; x_wconf 67' lang='grc' dir='ltr'><strong>σο)⁸</strong></span> <span class='ocrx_word' id='word_1_486' title='bbox 3034 3277 3208 3346; x_wconf 70' lang='grc' dir='ltr'><strong>ἅγιος⁸</strong></span> <span class='ocrx_word' id='word_1_487' title='bbox 3246 3299 3264 3330; x_wconf 75' lang='grc' dir='ltr'><strong>ι</strong></span> <span class='ocrx_word' id='word_1_488' title='bbox 3302 3275 3422 3333; x_wconf 73' lang='grc' dir='ltr'>εἶτα</span> <span class='ocrx_word' id='word_1_489' title='bbox 3454 3255 3593 3333; x_wconf 82' lang='grc' dir='ltr'>Θεὸν</span> 
     </span>
    </p>
   </div>
   <div class='ocr_carea' id='block_1_65' title="bbox 329 3338 1903 3418">
    <p class='ocr_par' dir='ltr' id='par_1_65' title="bbox 329 3338 1903 3418">
     <span class='ocr_line' id='line_1_65' title="bbox 329 3338 1903 3418; baseline 0.016 -26"><span class='ocrx_word' id='word_1_490' title='bbox 329 3338 526 3396; x_wconf 83' lang='lat' dir='ltr'><strong>deinde</strong></span> <span class='ocrx_word' id='word_1_491' title='bbox 547 3343 638 3397; x_wconf 86' lang='lat' dir='ltr'><strong>ubi</strong></span> <span class='ocrx_word' id='word_1_492' title='bbox 673 3343 840 3400; x_wconf 88' lang='lat' dir='ltr'><strong>Deum</strong></span> <span class='ocrx_word' id='word_1_493' title='bbox 882 3349 1118 3418; x_wconf 91' lang='lat' dir='ltr'><strong>seipsum</strong></span> <span class='ocrx_word' id='word_1_494' title='bbox 1147 3352 1303 3416; x_wconf 86' lang='lat' dir='ltr'><strong>dixit,</strong></span> <span class='ocrx_word' id='word_1_495' title='bbox 1329 3354 1615 3412; x_wconf 90' lang='lat' dir='ltr'><strong>Dominum</strong></span> <span class='ocrx_word' id='word_1_496' title='bbox 1645 3376 1707 3414; x_wconf 91' lang='lat' dir='ltr'><strong>ac</strong></span> <span class='ocrx_word' id='word_1_497' title='bbox 1735 3360 1903 3417; x_wconf 91' lang='lat' dir='ltr'><strong>Deum</strong></span> 
     </span>
    </p>
   </div>
   <div class='ocr_carea' id='block_1_66' title="bbox 330 3431 1901 3516">
    <p class='ocr_par' dir='ltr' id='par_1_66' title="bbox 330 3431 1901 3516">
     <span class='ocr_line' id='line_1_66' title="bbox 330 3431 1901 3516; baseline 0.017 -33"><span class='ocrx_word' id='word_1_498' title='bbox 330 3439 386 3484; x_wconf 84' lang='lat' dir='ltr'><strong>et</strong></span> <span class='ocrx_word' id='word_1_499' title='bbox 418 3431 634 3489; x_wconf 80' lang='lat' dir='ltr'><strong>Patrem</strong></span> <span class='ocrx_word' id='word_1_500' title='bbox 674 3451 832 3491; x_wconf 88' lang='lat' dir='ltr'><strong>suum</strong></span> <span class='ocrx_word' id='word_1_501' title='bbox 857 3439 1085 3507; x_wconf 89' lang='lat' dir='ltr'><strong>indicat,</strong></span> <span class='ocrx_word' id='word_1_502' title='bbox 1119 3445 1420 3516; x_wconf 86' lang='lat' dir='ltr'><strong>adjungens</strong></span> <span class='ocrx_word' id='word_1_503' title='bbox 1452 3467 1464 3503; x_wconf 94' lang='lat'><strong>:</strong></span> <span class='ocrx_word' id='word_1_504' title='bbox 1499 3468 1518 3500; x_wconf 85' lang='grc'><strong>‹</strong></span> <span class='ocrx_word' id='word_1_505' title='bbox 1545 3452 1678 3506; x_wconf 91' lang='lat' dir='ltr'><strong>Post</strong></span> <span class='ocrx_word' id='word_1_506' title='bbox 1714 3453 1901 3510; x_wconf 89' lang='lat' dir='ltr'><strong>Domi-</strong></span> 
     </span>
    </p>
   </div>
   <div class='ocr_carea' id='block_1_67' title="bbox 328 3523 1902 3614">
    <p class='ocr_par' dir='ltr' id='par_1_67' title="bbox 328 3523 1902 3614">
     <span class='ocr_line' id='line_1_67' title="bbox 328 3523 1902 3614; baseline 0.015 -35"><span class='ocrx_word' id='word_1_507' title='bbox 328 3539 460 3579; x_wconf 87' lang='lat' dir='ltr'><strong>num</strong></span> <span class='ocrx_word' id='word_1_508' title='bbox 492 3523 822 3584; x_wconf 86' lang='lat' dir='ltr'><strong>ambulabo:</strong></span> <span class='ocrx_word' id='word_1_509' title='bbox 867 3550 886 3583; x_wconf 73' lang='grc' dir='ltr'><strong>ι</strong></span> <span class='ocrx_word' id='word_1_510' title='bbox 923 3531 1055 3586; x_wconf 91' lang='lat' dir='ltr'><strong>illud</strong></span> <span class='ocrx_word' id='word_1_511' title='bbox 1079 3542 1260 3589; x_wconf 90' lang='lat' dir='ltr'><strong>autem</strong></span> <span class='ocrx_word' id='word_1_512' title='bbox 1290 3553 1303 3588; x_wconf 90' lang='lat'><strong>:</strong></span> <span class='ocrx_word' id='word_1_513' title='bbox 1342 3557 1360 3590; x_wconf 72' lang='grc' dir='ltr'><strong>ι</strong></span> <span class='ocrx_word' id='word_1_514' title='bbox 1390 3538 1511 3595; x_wconf 89' lang='lat' dir='ltr'><strong>Non</strong></span> <span class='ocrx_word' id='word_1_515' title='bbox 1542 3541 1818 3614; x_wconf 86' lang='lat' dir='ltr'><strong>ingrediar</strong></span> <span class='ocrx_word' id='word_1_516' title='bbox 1844 3548 1902 3604; x_wconf 87' lang='lat' dir='ltr'><strong>in</strong></span> 
     </span>
    </p>
   </div>
   <div class='ocr_carea' id='block_1_68' title="bbox 329 3618 1902 3702">
    <p class='ocr_par' dir='ltr' id='par_1_68' title="bbox 329 3618 1902 3702">
     <span class='ocr_line' id='line_1_68' title="bbox 329 3618 1902 3702; baseline 0.016 -31"><span class='ocrx_word' id='word_1_517' title='bbox 329 3618 633 3683; x_wconf 83' lang='lat' dir='ltr'><strong>civitatem,</strong></span> <span class='ocrx_word' id='word_1_518' title='bbox 666 3639 686 3672; x_wconf 75' lang='grc' dir='ltr'><strong>ι</strong></span> <span class='ocrx_word' id='word_1_519' title='bbox 714 3620 1037 3698; x_wconf 86' lang='lat' dir='ltr'><strong>abnegantis</strong></span> <span class='ocrx_word' id='word_1_520' title='bbox 1069 3641 1200 3682; x_wconf 89' lang='lat' dir='ltr'><strong>sane</strong></span> <span class='ocrx_word' id='word_1_521' title='bbox 1235 3629 1397 3685; x_wconf 83' lang='lat' dir='ltr'><strong>fuerit</strong></span> <span class='ocrx_word' id='word_1_522' title='bbox 1419 3648 1785 3702; x_wconf 86' lang='lat' dir='ltr'><strong>communem,</strong></span> <span class='ocrx_word' id='word_1_523' title='bbox 1836 3657 1902 3696; x_wconf 89' lang='lat' dir='ltr'><strong>ac</strong></span> 
     </span>
    </p>
   </div>
   <div class='ocr_carea' id='block_1_69' title="bbox 327 3704 1898 3796">
    <p class='ocr_par' dir='ltr' id='par_1_69' title="bbox 327 3704 1898 3796">
     <span class='ocr_line' id='line_1_69' title="bbox 327 3704 1898 3796; baseline 0.017 -37"><span class='ocrx_word' id='word_1_524' title='bbox 327 3709 647 3778; x_wconf 81' lang='lat' dir='ltr'><strong>popularem</strong></span> <span class='ocrx_word' id='word_1_525' title='bbox 692 3704 973 3768; x_wconf 90' lang='lat' dir='ltr'><strong>hominum</strong></span> <span class='ocrx_word' id='word_1_526' title='bbox 1024 3719 1438 3788; x_wconf 85' lang='lat' dir='ltr'><strong>rempublicam,</strong></span> <span class='ocrx_word' id='word_1_527' title='bbox 1495 3738 1525 3777; x_wconf 92' lang='lat' dir='ltr'><strong>a</strong></span> <span class='ocrx_word' id='word_1_528' title='bbox 1582 3742 1688 3796; x_wconf 88' lang='lat' dir='ltr'><strong>qua</strong></span> <span class='ocrx_word' id='word_1_529' title='bbox 1734 3731 1898 3787; x_wconf 89' lang='lat' dir='ltr'><strong>etiam</strong></span> 
     </span>
    </p>
   </div>
   <div class='ocr_carea' id='block_1_70' title="bbox 327 3800 1896 3888">
    <p class='ocr_par' dir='ltr' id='par_1_70' title="bbox 327 3800 1896 3888">
     <span class='ocr_line' id='line_1_70' title="bbox 327 3800 1896 3888; baseline 0.015 -36"><span class='ocrx_word' id='word_1_530' title='bbox 327 3815 458 3854; x_wconf 87' lang='lat' dir='ltr'><strong>suos</strong></span> <span class='ocrx_word' id='word_1_531' title='bbox 487 3800 787 3870; x_wconf 81' lang='lat' dir='ltr'><strong>discipulos</strong></span> <span class='ocrx_word' id='word_1_532' title='bbox 835 3814 1107 3872; x_wconf 84' lang='lat' dir='ltr'><strong>avertens,</strong></span> <span class='ocrx_word' id='word_1_533' title='bbox 1153 3809 1267 3865; x_wconf 90' lang='lat' dir='ltr'><strong>ait:</strong></span> <span class='ocrx_word' id='word_1_534' title='bbox 1315 3830 1334 3862; x_wconf 72' lang='grc' dir='ltr'><strong><em>ι</em></strong></span> <span class='ocrx_word' id='word_1_535' title='bbox 1368 3811 1426 3868; x_wconf 89' lang='lat' dir='ltr'><strong>In</strong></span> <span class='ocrx_word' id='word_1_536' title='bbox 1461 3815 1604 3870; x_wconf 86' lang='lat' dir='ltr'><strong>viam</strong></span> <span class='ocrx_word' id='word_1_537' title='bbox 1656 3823 1896 3888; x_wconf 89' lang='lat' dir='ltr'><strong>gentium</strong></span> 
     </span>
    </p>
   </div>
   <div class='ocr_carea' id='block_1_71' title="bbox 325 3889 1897 3975">
    <p class='ocr_par' dir='ltr' id='par_1_71' title="bbox 325 3889 1897 3975">
     <span class='ocr_line' id='line_1_71' title="bbox 325 3889 1897 3975; baseline 0.015 -31"><span class='ocrx_word' id='word_1_538' title='bbox 325 3904 396 3944; x_wconf 90' lang='lat' dir='ltr'><strong>ne</strong></span> <span class='ocrx_word' id='word_1_539' title='bbox 425 3889 691 3954; x_wconf 88' lang='lat' dir='ltr'><strong>abieritis,</strong></span> <span class='ocrx_word' id='word_1_540' title='bbox 723 3899 776 3946; x_wconf 92' lang='lat' dir='ltr'><strong>et</strong></span> <span class='ocrx_word' id='word_1_541' title='bbox 807 3894 863 3948; x_wconf 90' lang='lat' dir='ltr'><strong>in</strong></span> <span class='ocrx_word' id='word_1_542' title='bbox 909 3896 1182 3954; x_wconf 86' lang='lat' dir='ltr'><strong>civitatem</strong></span> <span class='ocrx_word' id='word_1_543' title='bbox 1217 3899 1683 3964; x_wconf 83' lang='lat' dir='ltr'><strong>Samaritanorum</strong></span> <span class='ocrx_word' id='word_1_544' title='bbox 1710 3926 1779 3966; x_wconf 90' lang='lat' dir='ltr'><strong>ne</strong></span> <span class='ocrx_word' id='word_1_545' title='bbox 1808 3912 1897 3975; x_wconf 83' lang='lat' dir='ltr'><strong>in-</strong></span> 
     </span>
    </p>
   </div>
   <div class='ocr_carea' id='block_1_72' title="bbox 323 3981 744 4049">
    <p class='ocr_par' dir='ltr' id='par_1_72' title="bbox 323 3981 744 4049">
     <span class='ocr_line' id='line_1_72' title="bbox 323 3981 744 4049; baseline 0.014 -17"><span class='ocrx_word' id='word_1_546' title='bbox 323 3981 601 4049; x_wconf 74' lang='lat' dir='ltr'><strong>traveritis</strong></span> <span class='ocrx_word' id='word_1_547' title='bbox 629 3983 694 4037; x_wconf 79' lang='lat'><strong>&quot;.</strong></span> <span class='ocrx_word' id='word_1_548' title='bbox 725 4005 744 4037; x_wconf 75' lang='grc' dir='ltr'><strong>ι</strong></span> 
     </span>
    </p>
   </div>
   <div class='ocr_carea' id='block_1_73' title="bbox 779 4099 1434 4178">
    <p class='ocr_par' dir='ltr' id='par_1_73' title="bbox 779 4099 1434 4178">
     <span class='ocr_line' id='line_1_73' title="bbox 779 4099 1434 4178; baseline 0.014 -23"><span class='ocrx_word' id='word_1_549' title='bbox 779 4099 942 4178; x_wconf 69' lang='lat'><strong>250</strong></span> <span class='ocrx_word' id='word_1_550' title='bbox 973 4102 1200 4162; x_wconf 83' lang='lat' dir='ltr'><strong>CAPUT</strong></span> <span class='ocrx_word' id='word_1_551' title='bbox 1247 4107 1434 4175; x_wconf 75' lang='lat' dir='ltr'><strong>xxm,</strong></span> 
     </span>
    </p>
   </div>
   <div class='ocr_carea' id='block_1_74' title="bbox 321 4203 1887 4296">
    <p class='ocr_par' dir='ltr' id='par_1_74' title="bbox 321 4203 1887 4296">
     <span class='ocr_line' id='line_1_74' title="bbox 321 4203 1887 4296; baseline 0.02 -42"><span class='ocrx_word' id='word_1_552' title='bbox 321 4203 402 4271; x_wconf 60' lang='lat' dir='ltr'><strong>Ab</strong></span> <span class='ocrx_word' id='word_1_553' title='bbox 430 4205 616 4296; x_wconf 45' lang='lat' dir='ltr'><strong>‘AiJnos‘.</strong></span> <span class='ocrx_word' id='word_1_554' title='bbox 650 4240 719 4256; x_wconf 88' lang='lat'><strong>—-.-</strong></span> <span class='ocrx_word' id='word_1_555' title='bbox 753 4211 833 4295; x_wconf 78' lang='lat' dir='ltr'><strong>De</strong></span> <span class='ocrx_word' id='word_1_556' title='bbox 857 4212 1132 4296; x_wconf 68' lang='lat' dir='ltr'><strong>Sqluatore</strong></span> <span class='ocrx_word' id='word_1_557' title='bbox 1152 4229 1362 4296; x_wconf 70' lang='lat' dir='ltr'><strong>nostra,</strong></span> <span class='ocrx_word' id='word_1_558' title='bbox 1387 4224 1529 4296; x_wconf 67' lang='lat' dir='ltr'><strong>sicut</strong></span> <span class='ocrx_word' id='word_1_559' title='bbox 1556 4227 1619 4280; x_wconf 87' lang='lat' dir='ltr'><strong>de</strong></span> <span class='ocrx_word' id='word_1_560' title='bbox 1647 4227 1887 4296; x_wconf 79' lang='lat' dir='ltr'><strong>Domino,</strong></span> 
     </span>
    </p>
   </div>
   <div class='ocr_carea' id='block_1_75' title="bbox 394 4277 1893 4371">
    <p class='ocr_par' dir='ltr' id='par_1_75' title="bbox 394 4277 1893 4371">
     <span class='ocr_line' id='line_1_75' title="bbox 394 4277 1893 4371; baseline 0.019 -44"><span class='ocrx_word' id='word_1_561' title='bbox 394 4284 442 4371; x_wconf 67' lang='lat' dir='ltr'><strong>et</strong></span> <span class='ocrx_word' id='word_1_562' title='bbox 475 4277 539 4331; x_wconf 89' lang='lat' dir='ltr'><strong>de</strong></span> <span class='ocrx_word' id='word_1_563' title='bbox 567 4277 751 4361; x_wconf 60' lang='lat' dir='ltr'><strong>Patre,</strong></span> <span class='ocrx_word' id='word_1_564' title='bbox 787 4284 920 4342; x_wconf 81' lang='lat' dir='ltr'><strong>sicut</strong></span> <span class='ocrx_word' id='word_1_565' title='bbox 951 4287 1014 4339; x_wconf 89' lang='lat' dir='ltr'><strong>de</strong></span> <span class='ocrx_word' id='word_1_566' title='bbox 1045 4287 1152 4342; x_wconf 78' lang='lat' dir='ltr'><strong>Deo</strong></span> <span class='ocrx_word' id='word_1_567' title='bbox 1182 4307 1200 4342; x_wconf 90' lang='lat'><strong><em>:</em></strong></span> <span class='ocrx_word' id='word_1_568' title='bbox 1231 4304 1280 4346; x_wconf 89' lang='lat' dir='ltr'><strong>et</strong></span> <span class='ocrx_word' id='word_1_569' title='bbox 1327 4277 1403 4346; x_wconf 68' lang='lat' dir='ltr'><strong>de</strong></span> <span class='ocrx_word' id='word_1_570' title='bbox 1422 4277 1893 4371; x_wconf 39' lang='lat' dir='ltr'><strong>Judwériﬁzﬂééi</strong></span> 
     </span>
    </p>
   </div>
   <div class='ocr_carea' id='block_1_76' title="bbox 392 4355 770 4407">
    <p class='ocr_par' dir='ltr' id='par_1_76' title="bbox 392 4355 770 4407">
     <span class='ocr_line' id='line_1_76' title="bbox 392 4355 770 4407; baseline 0.026 -10"><span class='ocrx_word' id='word_1_571' title='bbox 392 4355 459 4398; x_wconf 76' lang='lat' dir='ltr'><strong>us</strong></span> <span class='ocrx_word' id='word_1_572' title='bbox 488 4355 770 4407; x_wconf 78' lang='lat' dir='ltr'><strong>eversione.</strong></span> 
     </span>
    </p>
   </div>
   <div class='ocr_carea' id='block_1_77' title="bbox 2004 3356 3591 3441">
    <p class='ocr_par' dir='ltr' id='par_1_77' title="bbox 2004 3356 3591 3441">
     <span class='ocr_line' id='line_1_77' title="bbox 2004 3356 3591 3441; baseline 0.011 -34"><span class='ocrx_word' id='word_1_573' title='bbox 2004 3356 2166 3409; x_wconf 83' lang='grc' dir='ltr'>αὑτὸν</span> <span class='ocrx_word' id='word_1_574' title='bbox 2209 3359 2378 3411; x_wconf 74' lang='grc' dir='ltr'>εἰπὼν</span> <span class='ocrx_word' id='word_1_575' title='bbox 2401 3400 2416 3422; x_wconf 86' lang='grc'><strong>,</strong></span> <span class='ocrx_word' id='word_1_576' title='bbox 2461 3360 2549 3414; x_wconf 82' lang='grc' dir='ltr'><strong>τὸν</strong></span> <span class='ocrx_word' id='word_1_577' title='bbox 2587 3365 2678 3415; x_wconf 72' lang='grc' dir='ltr'><strong>ἐπὶ</strong></span> <span class='ocrx_word' id='word_1_578' title='bbox 2713 3368 2927 3420; x_wconf 83' lang='grc' dir='ltr'>πάντων</span> <span class='ocrx_word' id='word_1_579' title='bbox 2959 3369 3160 3441; x_wconf 84' lang='grc' dir='ltr'>Κύριον</span> <span class='ocrx_word' id='word_1_580' title='bbox 3193 3372 3282 3425; x_wconf 81' lang='grc' dir='ltr'>καὶ</span> <span class='ocrx_word' id='word_1_581' title='bbox 3316 3371 3453 3424; x_wconf 87' lang='grc' dir='ltr'>Θεὸν</span> <span class='ocrx_word' id='word_1_582' title='bbox 3493 3373 3591 3426; x_wconf 74' lang='grc' dir='ltr'><strong>καὶ</strong></span> 
     </span>
    </p>
   </div>
   <div class='ocr_carea' id='block_1_78' title="bbox 2004 3445 3588 3534">
    <p class='ocr_par' dir='ltr' id='par_1_78' title="bbox 2004 3445 3588 3534">
     <span class='ocr_line' id='line_1_78' title="bbox 2004 3445 3588 3534; baseline 0.012 -38"><span class='ocrx_word' id='word_1_583' title='bbox 2004 3445 2231 3518; x_wconf 86' lang='grc' dir='ltr'>Πατέρα</span> <span class='ocrx_word' id='word_1_584' title='bbox 2278 3448 2440 3502; x_wconf 80' lang='grc' dir='ltr'>αὑτοῦ</span> <span class='ocrx_word' id='word_1_585' title='bbox 2480 3451 2664 3520; x_wconf 78' lang='grc' dir='ltr'>δηλοῖ,</span> <span class='ocrx_word' id='word_1_586' title='bbox 2717 3455 2982 3525; x_wconf 75' lang='grc' dir='ltr'>ἐπιλέγων</span> <span class='ocrx_word' id='word_1_587' title='bbox 3008 3477 3019 3488; x_wconf 93' lang='grc'><strong>·</strong></span> <span class='ocrx_word' id='word_1_588' title='bbox 3063 3479 3080 3510; x_wconf 79' lang='grc' dir='ltr'><strong>ι</strong></span> <span class='ocrx_word' id='word_1_589' title='bbox 3123 3462 3326 3514; x_wconf 86' lang='grc' dir='ltr'>Ὀπίσω</span> <span class='ocrx_word' id='word_1_590' title='bbox 3372 3465 3588 3534; x_wconf 82' lang='grc' dir='ltr'>Κυρίου</span> 
     </span>
    </p>
   </div>
   <div class='ocr_carea' id='block_1_79' title="bbox 2004 3536 3583 3620">
    <p class='ocr_par' dir='ltr' id='par_1_79' title="bbox 2004 3536 3583 3620">
     <span class='ocr_line' id='line_1_79' title="bbox 2004 3536 3583 3620; baseline 0.011 -33"><span class='ocrx_word' id='word_1_591' title='bbox 2004 3536 2355 3608; x_wconf 78' lang='grc' dir='ltr'>πορεύσομαι.</span> <span class='ocrx_word' id='word_1_592' title='bbox 2381 3558 2398 3590; x_wconf 75' lang='grc' dir='ltr'><strong>ι</strong></span> <span class='ocrx_word' id='word_1_593' title='bbox 2431 3541 2501 3593; x_wconf 89' lang='grc' dir='ltr'><strong>Τὸ</strong></span> <span class='ocrx_word' id='word_1_594' title='bbox 2522 3542 2598 3606; x_wconf 86' lang='grc' dir='ltr'><strong>δὲ,</strong></span> <span class='ocrx_word' id='word_1_595' title='bbox 2635 3561 2654 3593; x_wconf 79' lang='grc' dir='ltr'><strong>ι</strong></span> <span class='ocrx_word' id='word_1_596' title='bbox 2686 3545 2800 3598; x_wconf 87' lang='grc' dir='ltr'><strong>Ούκ</strong></span> <span class='ocrx_word' id='word_1_597' title='bbox 2832 3547 3207 3620; x_wconf 81' lang='grc' dir='ltr'>εἰσελεύσομαι</span> <span class='ocrx_word' id='word_1_598' title='bbox 3240 3552 3319 3613; x_wconf 76' lang='grc' dir='ltr'>εἰς</span> <span class='ocrx_word' id='word_1_599' title='bbox 3348 3551 3525 3616; x_wconf 74' lang='grc' dir='ltr'>πόλιν,</span> <span class='ocrx_word' id='word_1_600' title='bbox 3563 3573 3583 3603; x_wconf 79' lang='grc' dir='ltr'><strong>ι</strong></span> 
     </span>
    </p>
   </div>
   <div class='ocr_carea' id='block_1_80' title="bbox 2001 3620 3588 3710">
    <p class='ocr_par' dir='ltr' id='par_1_80' title="bbox 2001 3620 3588 3710">
     <span class='ocr_line' id='line_1_80' title="bbox 2001 3620 3588 3710; baseline 0.009 -31"><span class='ocrx_word' id='word_1_601' title='bbox 2001 3627 2334 3698; x_wconf 80' lang='grc' dir='ltr'>ἀρνουμένου</span> <span class='ocrx_word' id='word_1_602' title='bbox 2357 3628 2423 3682; x_wconf 81' lang='grc' dir='ltr'><strong>ἂν</strong></span> <span class='ocrx_word' id='word_1_603' title='bbox 2457 3631 2540 3703; x_wconf 79' lang='grc' dir='ltr'>εἴη</span> <span class='ocrx_word' id='word_1_604' title='bbox 2571 3633 2670 3702; x_wconf 81' lang='grc' dir='ltr'><strong>τὴν</strong></span> <span class='ocrx_word' id='word_1_605' title='bbox 2696 3635 2881 3706; x_wconf 79' lang='grc' dir='ltr'>κοινὴν</span> <span class='ocrx_word' id='word_1_606' title='bbox 2911 3620 3004 3690; x_wconf 63' lang='grc' dir='ltr'>καὶ</span> <span class='ocrx_word' id='word_1_607' title='bbox 3022 3637 3239 3708; x_wconf 84' lang='grc' dir='ltr'>δημώδη</span> <span class='ocrx_word' id='word_1_608' title='bbox 3277 3639 3588 3710; x_wconf 83' lang='grc' dir='ltr'>ἀνθρώπων</span> 
     </span>
    </p>
   </div>
   <div class='ocr_carea' id='block_1_81' title="bbox 2001 3717 3584 3804">
    <p class='ocr_par' dir='ltr' id='par_1_81' title="bbox 2001 3717 3584 3804">
     <span class='ocr_line' id='line_1_81' title="bbox 2001 3717 3584 3804; baseline 0.009 -36"><span class='ocrx_word' id='word_1_609' title='bbox 2001 3717 2270 3771; x_wconf 83' lang='grc' dir='ltr'>πολιτείαν</span> <span class='ocrx_word' id='word_1_610' title='bbox 2293 3736 2307 3749; x_wconf 71' lang='grc' dir='ltr'><strong><em>ο</em></strong></span> <span class='ocrx_word' id='word_1_611' title='bbox 2351 3717 2421 3792; x_wconf 80' lang='grc' dir='ltr'>ἧς</span> <span class='ocrx_word' id='word_1_612' title='bbox 2456 3723 2550 3774; x_wconf 75' lang='grc' dir='ltr'><strong>καὶ</strong></span> <span class='ocrx_word' id='word_1_613' title='bbox 2583 3725 2708 3787; x_wconf 81' lang='grc' dir='ltr'>τοὺς</span> <span class='ocrx_word' id='word_1_614' title='bbox 2749 3725 2909 3791; x_wconf 83' lang='grc' dir='ltr'>ἰδίους</span> <span class='ocrx_word' id='word_1_615' title='bbox 2951 3728 3198 3801; x_wconf 84' lang='grc' dir='ltr'>μαθητὰς</span> <span class='ocrx_word' id='word_1_616' title='bbox 3232 3732 3584 3804; x_wconf 82' lang='grc' dir='ltr'>ἀποτρέπων,</span> 
     </span>
    </p>
   </div>
   <div class='ocr_carea' id='block_1_82' title="bbox 2001 3808 3584 3890">
    <p class='ocr_par' dir='ltr' id='par_1_82' title="bbox 2001 3808 3584 3890">
     <span class='ocr_line' id='line_1_82' title="bbox 2001 3808 3584 3890; baseline 0.012 -31"><span class='ocrx_word' id='word_1_617' title='bbox 2001 3808 2185 3877; x_wconf 85' lang='grc' dir='ltr'>φησίν·</span> <span class='ocrx_word' id='word_1_618' title='bbox 2243 3829 2261 3861; x_wconf 75' lang='grc' dir='ltr'><strong>ι</strong></span> <span class='ocrx_word' id='word_1_619' title='bbox 2297 3811 2391 3874; x_wconf 80' lang='grc' dir='ltr'><strong>Εἰς</strong></span> <span class='ocrx_word' id='word_1_620' title='bbox 2413 3811 2528 3865; x_wconf 85' lang='grc' dir='ltr'>ὁδὸν</span> <span class='ocrx_word' id='word_1_621' title='bbox 2554 3813 2723 3869; x_wconf 80' lang='grc' dir='ltr'>ἐθνῶν</span> <span class='ocrx_word' id='word_1_622' title='bbox 2753 3817 2828 3888; x_wconf 83' lang='grc' dir='ltr'>μὴ</span> <span class='ocrx_word' id='word_1_623' title='bbox 2857 3818 3160 3890; x_wconf 81' lang='grc' dir='ltr'>ἀπέλθητε,</span> <span class='ocrx_word' id='word_1_624' title='bbox 3193 3822 3284 3875; x_wconf 78' lang='grc' dir='ltr'>καὶ</span> <span class='ocrx_word' id='word_1_625' title='bbox 3317 3826 3398 3888; x_wconf 82' lang='grc' dir='ltr'><strong>είς</strong></span> <span class='ocrx_word' id='word_1_626' title='bbox 3426 3825 3584 3878; x_wconf 76' lang='grc' dir='ltr'>πόλιν</span> 
     </span>
    </p>
   </div>
   <div class='ocr_carea' id='block_1_83' title="bbox 2001 3900 2848 3979">
    <p class='ocr_par' dir='ltr' id='par_1_83' title="bbox 2001 3900 2848 3979">
     <span class='ocr_line' id='line_1_83' title="bbox 2001 3900 2848 3979; baseline 0.012 -27"><span class='ocrx_word' id='word_1_627' title='bbox 2001 3900 2352 3972; x_wconf 76' lang='grc' dir='ltr'>Σαμαρειτῶν</span> <span class='ocrx_word' id='word_1_628' title='bbox 2384 3904 2459 3976; x_wconf 83' lang='grc' dir='ltr'>μὴ</span> <span class='ocrx_word' id='word_1_629' title='bbox 2492 3906 2786 3979; x_wconf 74' lang='grc' dir='ltr'>εἰσέλθητε.</span> <span class='ocrx_word' id='word_1_630' title='bbox 2829 3928 2848 3961; x_wconf 74' lang='grc' dir='ltr'><strong>ι</strong></span> 
     </span>
    </p>
   </div>
   <div class='ocr_carea' id='block_1_84' title="bbox 2503 4127 3060 4184">
    <p class='ocr_par' dir='ltr' id='par_1_84' title="bbox 2503 4127 3060 4184">
     <span class='ocr_line' id='line_1_84' title="bbox 2503 4127 3060 4184; baseline 0.011 -6"><span class='ocrx_word' id='word_1_631' title='bbox 2503 4127 2897 4182; x_wconf 80' lang='grc' dir='ltr'><strong>ΚΕΦΑΛΑΙΟΝ</strong></span> <span class='ocrx_word' id='word_1_632' title='bbox 2932 4131 3060 4184; x_wconf 77' lang='lat' dir='ltr'><strong>Kl&quot;.</strong></span> 
     </span>
    </p>
   </div>
   <div class='ocr_carea' id='block_1_85' title="bbox 2007 4232 3578 4318">
    <p class='ocr_par' dir='ltr' id='par_1_85' title="bbox 2007 4232 3578 4318">
     <span class='ocr_line' id='line_1_85' title="bbox 2007 4232 3578 4318; baseline 0.013 -34"><span class='ocrx_word' id='word_1_633' title='bbox 2007 4232 2148 4297; x_wconf 80' lang='grc' dir='ltr'><strong>Ἀπὸ</strong></span> <span class='ocrx_word' id='word_1_634' title='bbox 2173 4235 2278 4318; x_wconf 53' lang='grc' dir='ltr'><strong>τωρ</strong></span> <span class='ocrx_word' id='word_1_635' title='bbox 2313 4237 2516 4318; x_wconf 59' lang='grc' dir='ltr'>Ἀμώς,</span> <span class='ocrx_word' id='word_1_636' title='bbox 2537 4268 2606 4318; x_wconf 76' lang='lat'><strong>—_-</strong></span> <span class='ocrx_word' id='word_1_637' title='bbox 2633 4241 2801 4318; x_wconf 38' lang='grc' dir='ltr'>Περὶ</span> <span class='ocrx_word' id='word_1_638' title='bbox 2818 4241 2933 4318; x_wconf 69' lang='grc' dir='ltr'><strong>τοῦΔ</strong></span> <span class='ocrx_word' id='word_1_639' title='bbox 2957 4245 3228 4318; x_wconf 74' lang='grc' dir='ltr'>Σωτῆρος</span> <span class='ocrx_word' id='word_1_640' title='bbox 3269 4247 3458 4317; x_wconf 72' lang='grc' dir='ltr'>ἡμῶν,</span> <span class='ocrx_word' id='word_1_641' title='bbox 3492 4253 3578 4318; x_wconf 84' lang='grc' dir='ltr'>ὡς</span> 
     </span>
    </p>
   </div>
   <div class='ocr_carea' id='block_1_86' title="bbox 2063 4306 3576 4384">
    <p class='ocr_par' dir='ltr' id='par_1_86' title="bbox 2063 4306 3576 4384">
     <span class='ocr_line' id='line_1_86' title="bbox 2063 4306 3576 4384; baseline 0.015 -29"><span class='ocrx_word' id='word_1_642' title='bbox 2063 4306 2195 4383; x_wconf 59' lang='grc' dir='ltr'>περὶ</span> <span class='ocrx_word' id='word_1_643' title='bbox 2225 4309 2466 4384; x_wconf 55' lang='grc' dir='ltr'>κυρίου,</span> <span class='ocrx_word' id='word_1_644' title='bbox 2503 4306 2720 4384; x_wconf 50' lang='grc' dir='ltr'>καὶτοῦ</span> <span class='ocrx_word' id='word_1_645' title='bbox 2747 4313 2997 4379; x_wconf 75' lang='grc' dir='ltr'>Πατρός,</span> <span class='ocrx_word' id='word_1_646' title='bbox 3020 4306 3248 4383; x_wconf 54' lang='grc' dir='ltr'><strong>ὡς’ἓτερὶ</strong></span> <span class='ocrx_word' id='word_1_647' title='bbox 3275 4306 3576 4384; x_wconf 51' lang='grc' dir='ltr'>ὅεοῦξκαῖ</span> 
     </span>
    </p>
   </div>
   <div class='ocr_carea' id='block_1_87' title="bbox 2063 4373 3317 4455">
    <p class='ocr_par' dir='ltr' id='par_1_87' title="bbox 2063 4373 3317 4455">
     <span class='ocr_line' id='line_1_87' title="bbox 2063 4373 3317 4455; baseline 0.012 -29"><span class='ocrx_word' id='word_1_648' title='bbox 2063 4373 2170 4442; x_wconf 82' lang='grc' dir='ltr'>τῆς</span> <span class='ocrx_word' id='word_1_649' title='bbox 2202 4376 2306 4429; x_wconf 87' lang='grc' dir='ltr'><strong>τοῦ</strong></span> <span class='ocrx_word' id='word_1_650' title='bbox 2320 4378 2611 4432; x_wconf 72' lang='grc' dir='ltr'>Ἰουδαίων</span> <span class='ocrx_word' id='word_1_651' title='bbox 2629 4380 2842 4447; x_wconf 73' lang='grc' dir='ltr'>ἔθνους</span> <span class='ocrx_word' id='word_1_652' title='bbox 2865 4373 3317 4455; x_wconf 53' lang='grc' dir='ltr'>’καταστροῷῆᾳ</span> 
     </span>
    </p>
   </div>
   <div class='ocr_carea' id='block_1_88' title="bbox 396 4436 1904 4551">
    <p class='ocr_par' dir='ltr' id='par_1_88' title="bbox 396 4436 1890 4551">
     <span class='ocr_line' id='line_1_88' title="bbox 396 4436 1890 4518; baseline 0.021 -30"><span class='ocrx_word' id='word_1_653' title='bbox 396 4453 416 4487; x_wconf 79' lang='grc' dir='ltr'><strong>ι</strong></span> <span class='ocrx_word' id='word_1_654' title='bbox 455 4436 632 4494; x_wconf 86' lang='lat' dir='ltr'><strong>Everti</strong></span> <span class='ocrx_word' id='word_1_655' title='bbox 659 4458 778 4509; x_wconf 89' lang='lat' dir='ltr'><strong>vos,</strong></span> <span class='ocrx_word' id='word_1_656' title='bbox 833 4447 976 4500; x_wconf 90' lang='lat' dir='ltr'><strong>sicut</strong></span> <span class='ocrx_word' id='word_1_657' title='bbox 1029 4453 1224 4505; x_wconf 82' lang='lat' dir='ltr'><strong>evertit</strong></span> <span class='ocrx_word' id='word_1_658' title='bbox 1251 4452 1394 4512; x_wconf 86' lang='lat' dir='ltr'><strong>Deus</strong></span> <span class='ocrx_word' id='word_1_659' title='bbox 1425 4454 1660 4515; x_wconf 90' lang='lat' dir='ltr'><strong>Sodoma</strong></span> <span class='ocrx_word' id='word_1_660' title='bbox 1693 4471 1748 4517; x_wconf 92' lang='lat' dir='ltr'><strong>et</strong></span> <span class='ocrx_word' id='word_1_661' title='bbox 1789 4461 1890 4518; x_wconf 84' lang='lat' dir='ltr'><strong>Go-</strong></span> 
     </span>
     <span class='ocr_line' id='line_1_89' title="bbox 396 4529 1326 4551; baseline 0.02 -11"><span class='ocrx_word' id='word_1_662' title='bbox 396 4529 533 4551; x_wconf 39' lang='grc' dir='ltr'><strong>Νι,</strong></span> <span class='ocrx_word' id='word_1_663' title='bbox 625 4534 708 4551; x_wconf 69' lang='lat'><strong>_,..</strong></span> <span class='ocrx_word' id='word_1_664' title='bbox 773 4537 808 4551; x_wconf 33' lang='grc' dir='ltr'><strong>Α.</strong></span> <span class='ocrx_word' id='word_1_665' title='bbox 905 4542 939 4551; x_wconf 78' lang='lat'><strong>_.</strong></span> <span class='ocrx_word' id='word_1_666' title='bbox 1146 4544 1157 4551; x_wconf 92' lang='lat'><em>.</em></span> <span class='ocrx_word' id='word_1_667' title='bbox 1315 4547 1326 4551; x_wconf 79' lang='lat'><strong>-</strong></span> 
     </span>
    </p>
   </div>
   <div class='ocr_carea' id='block_1_89' title="bbox 2015 4436 3575 4551">
    <p class='ocr_par' dir='ltr' id='par_1_89' title="bbox 2067 4436 3575 4548">
     <span class='ocr_line' id='line_1_90' title="bbox 2067 4436 3575 4548; baseline 0.013 -30"><span class='ocrx_word' id='word_1_668' title='bbox 2067 4485 2085 4516; x_wconf 75' lang='grc' dir='ltr'><strong>ι</strong></span> <span class='ocrx_word' id='word_1_669' title='bbox 2113 4436 2466 4538; x_wconf 70' lang='grc' dir='ltr'>Κατέστρεψα</span> <span class='ocrx_word' id='word_1_670' title='bbox 2483 4471 2646 4541; x_wconf 83' lang='grc' dir='ltr'>ὑμᾶς,</span> <span class='ocrx_word' id='word_1_671' title='bbox 2672 4436 2853 4537; x_wconf 63' lang='grc' dir='ltr'>καθὼς</span> <span class='ocrx_word' id='word_1_672' title='bbox 2880 4436 3298 4548; x_wconf 50' lang='grc' dir='ltr'>κατέςέτέὲοξέὲ</span> <span class='ocrx_word' id='word_1_673' title='bbox 3316 4482 3449 4546; x_wconf 81' lang='grc' dir='ltr'>Θεὸς</span> <span class='ocrx_word' id='word_1_674' title='bbox 3472 4485 3575 4538; x_wconf 86' lang='grc' dir='ltr'>Σό-</span> 
     </span>
    </p>
   </div>
   <div class='ocr_carea' id='block_1_90' title="bbox 315 4529 1882 4626">
    <p class='ocr_par' dir='ltr' id='par_1_90' title="bbox 315 4529 1882 4626">
     <span class='ocr_line' id='line_1_91' title="bbox 315 4529 1882 4626; baseline 0.023 -49"><span class='ocrx_word' id='word_1_675' title='bbox 315 4529 538 4583; x_wconf 82' lang='lat' dir='ltr'><strong>morrha</strong></span> <span class='ocrx_word' id='word_1_676' title='bbox 564 4551 577 4586; x_wconf 92' lang='lat'><strong>:</strong></span> <span class='ocrx_word' id='word_1_677' title='bbox 613 4541 667 4588; x_wconf 89' lang='lat' dir='ltr'><strong>et</strong></span> <span class='ocrx_word' id='word_1_678' title='bbox 685 4534 808 4590; x_wconf 83' lang='lat' dir='ltr'><strong>facti</strong></span> <span class='ocrx_word' id='word_1_679' title='bbox 838 4542 974 4595; x_wconf 86' lang='lat' dir='ltr'><strong>estis</strong></span> <span class='ocrx_word' id='word_1_680' title='bbox 1005 4544 1160 4611; x_wconf 87' lang='lat' dir='ltr'><strong>quasi</strong></span> <span class='ocrx_word' id='word_1_681' title='bbox 1193 4547 1359 4602; x_wconf 85' lang='lat' dir='ltr'><strong>torris</strong></span> <span class='ocrx_word' id='word_1_682' title='bbox 1391 4560 1610 4620; x_wconf 88' lang='lat' dir='ltr'><strong>ereptus</strong></span> <span class='ocrx_word' id='word_1_683' title='bbox 1635 4570 1700 4608; x_wconf 84' lang='lat' dir='ltr'><strong>ex</strong></span> <span class='ocrx_word' id='word_1_684' title='bbox 1737 4555 1882 4626; x_wconf 87' lang='lat' dir='ltr'><strong>igne.</strong></span> 
     </span>
    </p>
   </div>
   <div class='ocr_carea' id='block_1_91' title="bbox 312 4616 1886 4706">
    <p class='ocr_par' dir='ltr' id='par_1_91' title="bbox 312 4616 1886 4706">
     <span class='ocr_line' id='line_1_92' title="bbox 312 4616 1886 4706; baseline 0.02 -36"><span class='ocrx_word' id='word_1_685' title='bbox 312 4616 378 4671; x_wconf 88' lang='lat' dir='ltr'><strong>Et</strong></span> <span class='ocrx_word' id='word_1_686' title='bbox 400 4634 470 4674; x_wconf 89' lang='lat' dir='ltr'><strong>ne</strong></span> <span class='ocrx_word' id='word_1_687' title='bbox 500 4623 579 4677; x_wconf 90' lang='lat' dir='ltr'><strong>sic</strong></span> <span class='ocrx_word' id='word_1_688' title='bbox 603 4627 820 4694; x_wconf 90' lang='lat' dir='ltr'><strong>quidem</strong></span> <span class='ocrx_word' id='word_1_689' title='bbox 852 4637 1102 4688; x_wconf 84' lang='lat' dir='ltr'><strong>conversi</strong></span> <span class='ocrx_word' id='word_1_690' title='bbox 1135 4638 1267 4691; x_wconf 87' lang='lat' dir='ltr'><strong>estis</strong></span> <span class='ocrx_word' id='word_1_691' title='bbox 1295 4639 1359 4692; x_wconf 90' lang='lat' dir='ltr'><strong>ad</strong></span> <span class='ocrx_word' id='word_1_692' title='bbox 1409 4656 1514 4706; x_wconf 92' lang='lat' dir='ltr'><strong>me,</strong></span> <span class='ocrx_word' id='word_1_693' title='bbox 1551 4643 1683 4699; x_wconf 87' lang='lat' dir='ltr'><strong>dicit</strong></span> <span class='ocrx_word' id='word_1_694' title='bbox 1706 4645 1886 4700; x_wconf 84' lang='lat' dir='ltr'><strong>Domi—</strong></span> 
     </span>
    </p>
   </div>
   <div class='ocr_carea' id='block_1_92' title="bbox 311 4711 1886 4806">
    <p class='ocr_par' dir='ltr' id='par_1_92' title="bbox 311 4711 1886 4806">
     <span class='ocr_line' id='line_1_93' title="bbox 311 4711 1886 4806; baseline 0.02 -44"><span class='ocrx_word' id='word_1_695' title='bbox 311 4725 417 4764; x_wconf 87' lang='lat' dir='ltr'><strong>nus</strong></span> <span class='ocrx_word' id='word_1_696' title='bbox 432 4711 500 4765; x_wconf 73' lang='lat'><strong>&quot;.</strong></span> <span class='ocrx_word' id='word_1_697' title='bbox 531 4733 549 4766; x_wconf 75' lang='grc' dir='ltr'><strong>ι</strong></span> <span class='ocrx_word' id='word_1_698' title='bbox 587 4712 762 4771; x_wconf 79' lang='lat' dir='ltr'><strong>Etiam</strong></span> <span class='ocrx_word' id='word_1_699' title='bbox 791 4719 892 4774; x_wconf 90' lang='lat' dir='ltr'><strong>hoc</strong></span> <span class='ocrx_word' id='word_1_700' title='bbox 919 4723 1036 4778; x_wconf 93' lang='lat' dir='ltr'><strong>loco</strong></span> <span class='ocrx_word' id='word_1_701' title='bbox 1061 4725 1177 4794; x_wconf 90' lang='lat' dir='ltr'><strong>ipse</strong></span> <span class='ocrx_word' id='word_1_702' title='bbox 1198 4726 1477 4796; x_wconf 89' lang='lat' dir='ltr'><strong>Dominus,</strong></span> <span class='ocrx_word' id='word_1_703' title='bbox 1509 4733 1671 4790; x_wconf 91' lang='lat' dir='ltr'><strong>Deum</strong></span> <span class='ocrx_word' id='word_1_704' title='bbox 1696 4753 1886 4806; x_wconf 76' lang='lat' dir='ltr'><strong>quem-</strong></span> 
     </span>
    </p>
   </div>
   <div class='ocr_carea' id='block_1_93' title="bbox 307 4801 1874 4895">
    <p class='ocr_par' dir='ltr' id='par_1_93' title="bbox 307 4801 1874 4895">
     <span class='ocr_line' id='line_1_94' title="bbox 307 4801 1874 4895; baseline 0.022 -45"><span class='ocrx_word' id='word_1_705' title='bbox 307 4801 432 4854; x_wconf 80' lang='lat' dir='ltr'><strong>dam</strong></span> <span class='ocrx_word' id='word_1_706' title='bbox 467 4803 544 4856; x_wconf 83' lang='lat' dir='ltr'><strong>ait</strong></span> <span class='ocrx_word' id='word_1_707' title='bbox 601 4803 960 4865; x_wconf 91' lang='lat' dir='ltr'><strong>Sodomorum</strong></span> <span class='ocrx_word' id='word_1_708' title='bbox 1004 4818 1304 4875; x_wconf 85' lang='lat' dir='ltr'><strong>eversionis</strong></span> <span class='ocrx_word' id='word_1_709' title='bbox 1365 4831 1642 4880; x_wconf 91' lang='lat' dir='ltr'><strong>auctorem</strong></span> <span class='ocrx_word' id='word_1_710' title='bbox 1685 4827 1874 4895; x_wconf 83' lang='lat' dir='ltr'><strong>fuisse,</strong></span> 
     </span>
    </p>
   </div>
   <div class='ocr_carea' id='block_1_94' title="bbox 307 4893 1876 4988">
    <p class='ocr_par' dir='ltr' id='par_1_94' title="bbox 307 4893 1876 4988">
     <span class='ocr_line' id='line_1_95' title="bbox 307 4893 1876 4988; baseline 0.022 -45"><span class='ocrx_word' id='word_1_711' title='bbox 307 4905 434 4945; x_wconf 90' lang='lat' dir='ltr'><strong>cum</strong></span> <span class='ocrx_word' id='word_1_712' title='bbox 465 4893 608 4950; x_wconf 85' lang='lat' dir='ltr'><strong>alius</strong></span> <span class='ocrx_word' id='word_1_713' title='bbox 632 4897 701 4950; x_wconf 88' lang='lat' dir='ltr'><strong>sit</strong></span> <span class='ocrx_word' id='word_1_714' title='bbox 753 4899 871 4970; x_wconf 87' lang='lat' dir='ltr'><strong>ipse</strong></span> <span class='ocrx_word' id='word_1_715' title='bbox 919 4901 1092 4962; x_wconf 86' lang='lat' dir='ltr'><strong>Filius</strong></span> <span class='ocrx_word' id='word_1_716' title='bbox 1119 4925 1282 4978; x_wconf 91' lang='lat' dir='ltr'><strong>quam</strong></span> <span class='ocrx_word' id='word_1_717' title='bbox 1321 4912 1368 4966; x_wconf 92' lang='lat' dir='ltr'><strong>is</strong></span> <span class='ocrx_word' id='word_1_718' title='bbox 1412 4913 1479 4970; x_wconf 92' lang='lat' dir='ltr'><strong>de</strong></span> <span class='ocrx_word' id='word_1_719' title='bbox 1508 4931 1615 4986; x_wconf 91' lang='lat' dir='ltr'><strong>quo</strong></span> <span class='ocrx_word' id='word_1_720' title='bbox 1647 4919 1762 4988; x_wconf 88' lang='lat' dir='ltr'><strong>ipse</strong></span> <span class='ocrx_word' id='word_1_721' title='bbox 1791 4893 1876 4976; x_wconf 84' lang='lat' dir='ltr'><strong>lo-</strong></span> 
     </span>
    </p>
   </div>
   <div class='ocr_carea' id='block_1_95' title="bbox 304 4985 1877 5084">
    <p class='ocr_par' dir='ltr' id='par_1_95' title="bbox 304 4985 1877 5084">
     <span class='ocr_line' id='line_1_96' title="bbox 304 4985 1877 5084; baseline 0.022 -49"><span class='ocrx_word' id='word_1_722' title='bbox 304 4985 511 5053; x_wconf 91' lang='lat' dir='ltr'><strong>quitur.</strong></span> <span class='ocrx_word' id='word_1_723' title='bbox 531 4985 704 5045; x_wconf 88' lang='lat' dir='ltr'><strong>Porro</strong></span> <span class='ocrx_word' id='word_1_724' title='bbox 734 4992 788 5046; x_wconf 91' lang='lat' dir='ltr'><strong>in</strong></span> <span class='ocrx_word' id='word_1_725' title='bbox 812 4994 929 5064; x_wconf 91' lang='lat' dir='ltr'><strong>ipsa</strong></span> <span class='ocrx_word' id='word_1_726' title='bbox 956 4997 1318 5058; x_wconf 91' lang='lat' dir='ltr'><strong>Sodomorum</strong></span> <span class='ocrx_word' id='word_1_727' title='bbox 1342 5011 1623 5064; x_wconf 84' lang='lat' dir='ltr'><strong>eversione</strong></span> <span class='ocrx_word' id='word_1_728' title='bbox 1651 5013 1758 5068; x_wconf 92' lang='lat' dir='ltr'><strong>duo</strong></span> <span class='ocrx_word' id='word_1_729' title='bbox 1781 5030 1877 5084; x_wconf 87' lang='lat' dir='ltr'><strong>ap-</strong></span> 
     </span>
    </p>
   </div>
   <div class='ocr_carea' id='block_1_96' title="bbox 304 5085 1875 5167">
    <p class='ocr_par' dir='ltr' id='par_1_96' title="bbox 304 5085 1875 5167">
     <span class='ocr_line' id='line_1_97' title="bbox 304 5085 1875 5167; baseline 0.022 -39"><span class='ocrx_word' id='word_1_730' title='bbox 304 5087 519 5148; x_wconf 87' lang='lat' dir='ltr'><strong>parent,</strong></span> <span class='ocrx_word' id='word_1_731' title='bbox 552 5085 771 5150; x_wconf 90' lang='lat' dir='ltr'><strong>quando</strong></span> <span class='ocrx_word' id='word_1_732' title='bbox 797 5089 933 5156; x_wconf 93' lang='lat' dir='ltr'><strong>pluit</strong></span> <span class='ocrx_word' id='word_1_733' title='bbox 954 5089 1216 5149; x_wconf 85' lang='lat' dir='ltr'><strong>Dominus</strong></span> <span class='ocrx_word' id='word_1_734' title='bbox 1250 5097 1428 5167; x_wconf 86' lang='lat' dir='ltr'><strong>ignem</strong></span> <span class='ocrx_word' id='word_1_735' title='bbox 1465 5117 1494 5154; x_wconf 89' lang='lat' dir='ltr'><strong>a</strong></span> <span class='ocrx_word' id='word_1_736' title='bbox 1526 5101 1754 5160; x_wconf 89' lang='lat' dir='ltr'><strong>Domino</strong></span> <span class='ocrx_word' id='word_1_737' title='bbox 1780 5123 1875 5161; x_wconf 88' lang='lat' dir='ltr'><strong>su-</strong></span> 
     </span>
    </p>
   </div>
   <div class='ocr_carea' id='block_1_97' title="bbox 302 5166 1870 5265">
    <p class='ocr_par' dir='ltr' id='par_1_97' title="bbox 302 5166 1870 5265">
     <span class='ocr_line' id='line_1_98' title="bbox 302 5166 1870 5265; baseline 0.022 -48"><span class='ocrx_word' id='word_1_738' title='bbox 302 5180 398 5234; x_wconf 80' lang='lat' dir='ltr'><strong>per</strong></span> <span class='ocrx_word' id='word_1_739' title='bbox 428 5166 665 5235; x_wconf 66' lang='lat' dir='ltr'><strong>Sodoma,</strong></span> <span class='ocrx_word' id='word_1_740' title='bbox 704 5182 759 5230; x_wconf 85' lang='lat' dir='ltr'><strong>et</strong></span> <span class='ocrx_word' id='word_1_741' title='bbox 796 5175 1118 5242; x_wconf 85' lang='lat' dir='ltr'><strong>Gomorrha.</strong></span> <span class='ocrx_word' id='word_1_742' title='bbox 1171 5166 1397 5255; x_wconf 79' lang='lat' dir='ltr'><strong>Qualem</strong></span> <span class='ocrx_word' id='word_1_743' title='bbox 1448 5190 1635 5261; x_wconf 87' lang='lat' dir='ltr'><strong>igitur,</strong></span> <span class='ocrx_word' id='word_1_744' title='bbox 1673 5195 1870 5265; x_wconf 85' lang='lat' dir='ltr'><strong>inquit,</strong></span> 
     </span>
    </p>
   </div>
   <div class='ocr_carea' id='block_1_98' title="bbox 303 5256 1872 5353">
    <p class='ocr_par' dir='ltr' id='par_1_98' title="bbox 303 5256 1872 5353">
     <span class='ocr_line' id='line_1_99' title="bbox 303 5256 1872 5353; baseline 0.02 -43"><span class='ocrx_word' id='word_1_745' title='bbox 303 5256 538 5316; x_wconf 87' lang='lat' dir='ltr'><strong>Sodoma</strong></span> <span class='ocrx_word' id='word_1_746' title='bbox 571 5265 643 5319; x_wconf 90' lang='lat' dir='ltr'><strong>ob</strong></span> <span class='ocrx_word' id='word_1_747' title='bbox 667 5274 850 5338; x_wconf 89' lang='lat' dir='ltr'><strong>turpes</strong></span> <span class='ocrx_word' id='word_1_748' title='bbox 875 5281 1039 5344; x_wconf 90' lang='lat' dir='ltr'><strong>atque</strong></span> <span class='ocrx_word' id='word_1_749' title='bbox 1067 5279 1334 5338; x_wconf 87' lang='lat' dir='ltr'><strong>absurdas</strong></span> <span class='ocrx_word' id='word_1_750' title='bbox 1364 5256 1872 5353; x_wconf 68' lang='lat' dir='ltr'><strong>impietates,ever-</strong></span> 
     </span>
    </p>
   </div>
   <div class='ocr_carea' id='block_1_99' title="bbox 302 5349 1867 5448">
    <p class='ocr_par' dir='ltr' id='par_1_99' title="bbox 302 5349 1867 5448">
     <span class='ocr_line' id='line_1_100' title="bbox 302 5349 1867 5448; baseline 0.02 -44"><span class='ocrx_word' id='word_1_751' title='bbox 302 5349 510 5406; x_wconf 83' lang='lat' dir='ltr'><strong>sionem</strong></span> <span class='ocrx_word' id='word_1_752' title='bbox 537 5370 792 5426; x_wconf 88' lang='lat' dir='ltr'><strong>perpessa</strong></span> <span class='ocrx_word' id='word_1_753' title='bbox 836 5371 1162 5433; x_wconf 82' lang='lat' dir='ltr'><strong>sunt;&#39;talia</strong></span> <span class='ocrx_word' id='word_1_754' title='bbox 1189 5388 1287 5428; x_wconf 85' lang='lat' dir='ltr'><strong>vos</strong></span> <span class='ocrx_word' id='word_1_755' title='bbox 1315 5349 1534 5446; x_wconf 80' lang='lat' dir='ltr'><strong>quoque</strong></span> <span class='ocrx_word' id='word_1_756' title='bbox 1568 5381 1867 5448; x_wconf 88' lang='lat' dir='ltr'><strong>patiemini,</strong></span> 
     </span>
    </p>
   </div>
   <div class='ocr_carea' id='block_1_100' title="bbox 1992 4557 3573 4639">
    <p class='ocr_par' dir='ltr' id='par_1_100' title="bbox 1992 4557 3573 4639">
     <span class='ocr_line' id='line_1_101' title="bbox 1992 4557 3573 4639; baseline 0.013 -30"><span class='ocrx_word' id='word_1_757' title='bbox 1992 4557 2129 4627; x_wconf 89' lang='grc' dir='ltr'>δομα</span> <span class='ocrx_word' id='word_1_758' title='bbox 2169 4561 2260 4612; x_wconf 85' lang='grc' dir='ltr'>καὶ</span> <span class='ocrx_word' id='word_1_759' title='bbox 2292 4561 2576 4632; x_wconf 79' lang='grc' dir='ltr'>Γόμορρα,</span> <span class='ocrx_word' id='word_1_760' title='bbox 2609 4564 2702 4620; x_wconf 77' lang='grc' dir='ltr'><strong>καὶ</strong></span> <span class='ocrx_word' id='word_1_761' title='bbox 2730 4567 2979 4634; x_wconf 75' lang='grc' dir='ltr'>ἐγένεσθε</span> <span class='ocrx_word' id='word_1_762' title='bbox 3015 4568 3090 4632; x_wconf 83' lang='grc' dir='ltr'><strong>ὡς</strong></span> <span class='ocrx_word' id='word_1_763' title='bbox 3139 4569 3294 4634; x_wconf 86' lang='grc' dir='ltr'>δαλὸς</span> <span class='ocrx_word' id='word_1_764' title='bbox 3340 4573 3573 4639; x_wconf 76' lang='grc' dir='ltr'>ἐξεσπα-</span> 
     </span>
    </p>
   </div>
   <div class='ocr_carea' id='block_1_101' title="bbox 1995 4649 3572 4741">
    <p class='ocr_par' dir='ltr' id='par_1_101' title="bbox 1995 4649 3572 4741">
     <span class='ocr_line' id='line_1_102' title="bbox 1995 4649 3572 4741; baseline 0.013 -41"><span class='ocrx_word' id='word_1_765' title='bbox 1995 4649 2188 4719; x_wconf 89' lang='grc' dir='ltr'>σμένος</span> <span class='ocrx_word' id='word_1_766' title='bbox 2219 4652 2283 4704; x_wconf 90' lang='grc' dir='ltr'><strong>ἐκ</strong></span> <span class='ocrx_word' id='word_1_767' title='bbox 2308 4652 2497 4723; x_wconf 84' lang='grc' dir='ltr'>πυρός.</span> <span class='ocrx_word' id='word_1_768' title='bbox 2537 4655 2644 4708; x_wconf 78' lang='grc' dir='ltr'><strong>Καὶ</strong></span> <span class='ocrx_word' id='word_1_769' title='bbox 2684 4656 2789 4708; x_wconf 83' lang='grc' dir='ltr'>οὐδ’</span> <span class='ocrx_word' id='word_1_770' title='bbox 2821 4657 2994 4722; x_wconf 80' lang='grc' dir='ltr'>οὕτως</span> <span class='ocrx_word' id='word_1_771' title='bbox 3029 4661 3398 4734; x_wconf 69' lang='grc' dir='ltr'>ἐπεστρέψατε</span> <span class='ocrx_word' id='word_1_772' title='bbox 3433 4668 3572 4741; x_wconf 83' lang='grc' dir='ltr'>πρός</span> 
     </span>
    </p>
   </div>
   <div class='ocr_carea' id='block_1_102' title="bbox 1995 4741 3570 4827">
    <p class='ocr_par' dir='ltr' id='par_1_102' title="bbox 1995 4741 3570 4827">
     <span class='ocr_line' id='line_1_103' title="bbox 1995 4741 3570 4827; baseline 0.014 -37"><span class='ocrx_word' id='word_1_773' title='bbox 1995 4756 2063 4810; x_wconf 88' lang='grc' dir='ltr'><strong>με</strong></span> <span class='ocrx_word' id='word_1_774' title='bbox 2083 4780 2097 4804; x_wconf 92' lang='grc'><strong>,</strong></span> <span class='ocrx_word' id='word_1_775' title='bbox 2123 4741 2270 4810; x_wconf 80' lang='grc' dir='ltr'>λέγει</span> <span class='ocrx_word' id='word_1_776' title='bbox 2295 4743 2517 4815; x_wconf 81' lang='grc' dir='ltr'>Κύριος.</span> <span class='ocrx_word' id='word_1_777' title='bbox 2561 4764 2579 4796; x_wconf 76' lang='grc' dir='ltr'><strong>ι</strong></span> <span class='ocrx_word' id='word_1_778' title='bbox 2618 4747 2913 4805; x_wconf 88' lang='grc' dir='ltr'>Κάνταῦθα</span> <span class='ocrx_word' id='word_1_779' title='bbox 2949 4751 3112 4816; x_wconf 83' lang='grc' dir='ltr'>αὐτὸς</span> <span class='ocrx_word' id='word_1_780' title='bbox 3137 4756 3165 4806; x_wconf 88' lang='grc' dir='ltr'><strong>ό</strong></span> <span class='ocrx_word' id='word_1_781' title='bbox 3190 4754 3395 4827; x_wconf 89' lang='grc' dir='ltr'>Κύριος</span> <span class='ocrx_word' id='word_1_782' title='bbox 3433 4759 3570 4812; x_wconf 74' lang='grc' dir='ltr'>Θεόν</span> 
     </span>
    </p>
   </div>
   <div class='ocr_carea' id='block_1_103' title="bbox 1991 4832 3563 4919">
    <p class='ocr_par' dir='ltr' id='par_1_103' title="bbox 1991 4832 3563 4919">
     <span class='ocr_line' id='line_1_104' title="bbox 1991 4832 3563 4919; baseline 0.013 -36"><span class='ocrx_word' id='word_1_783' title='bbox 1991 4832 2114 4884; x_wconf 82' lang='grc' dir='ltr'>τινά</span> <span class='ocrx_word' id='word_1_784' title='bbox 2134 4851 2264 4903; x_wconf 84' lang='grc' dir='ltr'>φησι</span> <span class='ocrx_word' id='word_1_785' title='bbox 2289 4836 2388 4906; x_wconf 83' lang='grc' dir='ltr'><strong>τὴν</strong></span> <span class='ocrx_word' id='word_1_786' title='bbox 2415 4837 2507 4890; x_wconf 72' lang='grc' dir='ltr'><strong>ἐπὶ</strong></span> <span class='ocrx_word' id='word_1_787' title='bbox 2520 4837 2765 4908; x_wconf 86' lang='grc' dir='ltr'>Σοδόμων</span> <span class='ocrx_word' id='word_1_788' title='bbox 2784 4844 3163 4919; x_wconf 75' lang='grc' dir='ltr'>καταστροφὴν</span> <span class='ocrx_word' id='word_1_789' title='bbox 3185 4850 3563 4918; x_wconf 81' lang='grc' dir='ltr'>πεποιηκέναι,</span> 
     </span>
    </p>
   </div>
   <div class='ocr_carea' id='block_1_104' title="bbox 1982 4923 3566 5009">
    <p class='ocr_par' dir='ltr' id='par_1_104' title="bbox 1982 4923 3566 5009">
     <span class='ocr_line' id='line_1_105' title="bbox 1982 4923 3566 5009; baseline 0.015 -35"><span class='ocrx_word' id='word_1_790' title='bbox 1982 4923 2167 4996; x_wconf 82' lang='grc' dir='ltr'>ἕτερος</span> <span class='ocrx_word' id='word_1_791' title='bbox 2197 4926 2273 4980; x_wconf 85' lang='grc' dir='ltr'>ὣν</span> <span class='ocrx_word' id='word_1_792' title='bbox 2311 4928 2510 5001; x_wconf 86' lang='grc' dir='ltr'>δηλαδὴ</span> <span class='ocrx_word' id='word_1_793' title='bbox 2548 4930 2640 4984; x_wconf 90' lang='grc' dir='ltr'><strong>τοῦ</strong></span> <span class='ocrx_word' id='word_1_794' title='bbox 2679 4932 2816 5003; x_wconf 84' lang='grc' dir='ltr'>πρὸς</span> <span class='ocrx_word' id='word_1_795' title='bbox 2860 4935 3025 4988; x_wconf 80' lang='grc' dir='ltr'>αὑτοῦ</span> <span class='ocrx_word' id='word_1_796' title='bbox 3059 4936 3410 5009; x_wconf 84' lang='grc' dir='ltr'>δηλουμένου.</span> <span class='ocrx_word' id='word_1_797' title='bbox 3455 4944 3566 4998; x_wconf 77' lang='grc' dir='ltr'>Καί</span> 
     </span>
    </p>
   </div>
   <div class='ocr_carea' id='block_1_105' title="bbox 1982 5016 3565 5106">
    <p class='ocr_par' dir='ltr' id='par_1_105' title="bbox 1982 5016 3565 5106">
     <span class='ocr_line' id='line_1_106' title="bbox 1982 5016 3565 5106; baseline 0.014 -39"><span class='ocrx_word' id='word_1_798' title='bbox 1982 5016 2038 5068; x_wconf 89' lang='grc' dir='ltr'><strong>ἐν</strong></span> <span class='ocrx_word' id='word_1_799' title='bbox 2071 5021 2133 5088; x_wconf 82' lang='grc' dir='ltr'>τῇ</span> <span class='ocrx_word' id='word_1_800' title='bbox 2187 5019 2278 5072; x_wconf 78' lang='grc' dir='ltr'>ἐπὶ</span> <span class='ocrx_word' id='word_1_801' title='bbox 2305 5020 2550 5092; x_wconf 86' lang='grc' dir='ltr'>Σοδόμων</span> <span class='ocrx_word' id='word_1_802' title='bbox 2585 5024 2640 5077; x_wconf 81' lang='grc' dir='ltr'>δὲ</span> <span class='ocrx_word' id='word_1_803' title='bbox 2672 5033 3016 5099; x_wconf 85' lang='grc' dir='ltr'>καταστροφῇ</span> <span class='ocrx_word' id='word_1_804' title='bbox 3051 5030 3142 5083; x_wconf 85' lang='grc' dir='ltr'><strong>δύο</strong></span> <span class='ocrx_word' id='word_1_805' title='bbox 3178 5033 3374 5104; x_wconf 79' lang='grc' dir='ltr'>Κύριοι</span> <span class='ocrx_word' id='word_1_806' title='bbox 3422 5053 3565 5106; x_wconf 85' lang='grc' dir='ltr'>παρ-</span> 
     </span>
    </p>
   </div>
   <div class='ocr_carea' id='block_1_106' title="bbox 1984 5107 3561 5196">
    <p class='ocr_par' dir='ltr' id='par_1_106' title="bbox 1984 5107 3561 5196">
     <span class='ocr_line' id='line_1_107' title="bbox 1984 5107 3561 5196; baseline 0.015 -38"><span class='ocrx_word' id='word_1_807' title='bbox 1984 5107 2251 5174; x_wconf 84' lang='grc' dir='ltr'>ίστανται,</span> <span class='ocrx_word' id='word_1_808' title='bbox 2280 5112 2367 5164; x_wconf 83' lang='grc' dir='ltr'><strong>ὅτε</strong></span> <span class='ocrx_word' id='word_1_809' title='bbox 2398 5113 2615 5186; x_wconf 77' lang='grc' dir='ltr'>ἔϐρεξεν</span> <span class='ocrx_word' id='word_1_810' title='bbox 2636 5118 2664 5168; x_wconf 85' lang='grc' dir='ltr'>ὁ</span> <span class='ocrx_word' id='word_1_811' title='bbox 2690 5118 2892 5187; x_wconf 87' lang='grc' dir='ltr'>Κύριος</span> <span class='ocrx_word' id='word_1_812' title='bbox 2921 5121 3030 5192; x_wconf 89' lang='grc' dir='ltr'><strong>πῦρ</strong></span> <span class='ocrx_word' id='word_1_813' title='bbox 3061 5123 3210 5193; x_wconf 87' lang='grc' dir='ltr'><strong>παρά</strong></span> <span class='ocrx_word' id='word_1_814' title='bbox 3234 5125 3438 5196; x_wconf 85' lang='grc' dir='ltr'>Κυρίου</span> <span class='ocrx_word' id='word_1_815' title='bbox 3469 5130 3561 5181; x_wconf 79' lang='grc' dir='ltr'><strong>ἐπὶ</strong></span> 
     </span>
    </p>
   </div>
   <div class='ocr_carea' id='block_1_107' title="bbox 1980 5200 3558 5286">
    <p class='ocr_par' dir='ltr' id='par_1_107' title="bbox 1980 5200 3558 5286">
     <span class='ocr_line' id='line_1_108' title="bbox 1980 5200 3558 5286; baseline 0.012 -34"><span class='ocrx_word' id='word_1_816' title='bbox 1980 5200 2188 5271; x_wconf 82' lang='grc' dir='ltr'>Σόδομα</span> <span class='ocrx_word' id='word_1_817' title='bbox 2221 5203 2314 5266; x_wconf 78' lang='grc' dir='ltr'><strong>καὶ</strong></span> <span class='ocrx_word' id='word_1_818' title='bbox 2338 5205 2606 5277; x_wconf 75' lang='grc' dir='ltr'>Γόμορρα.</span> <span class='ocrx_word' id='word_1_819' title='bbox 2647 5209 2864 5263; x_wconf 88' lang='grc' dir='ltr'>Ὀποίαν</span> <span class='ocrx_word' id='word_1_820' title='bbox 2892 5214 3206 5284; x_wconf 90' lang='grc' dir='ltr'>τοιγαροῦν,</span> <span class='ocrx_word' id='word_1_821' title='bbox 3256 5218 3391 5286; x_wconf 82' lang='grc' dir='ltr'>φησὶ</span> <span class='ocrx_word' id='word_1_822' title='bbox 3413 5258 3432 5282; x_wconf 89' lang='grc'><strong>,</strong></span> <span class='ocrx_word' id='word_1_823' title='bbox 3468 5219 3558 5272; x_wconf 71' lang='grc' dir='ltr'>διὰ</span> 
     </span>
    </p>
   </div>
   <div class='ocr_carea' id='block_1_108' title="bbox 1979 5291 3555 5380">
    <p class='ocr_par' dir='ltr' id='par_1_108' title="bbox 1979 5291 3555 5380">
     <span class='ocr_line' id='line_1_109' title="bbox 1979 5291 3555 5380; baseline 0.013 -36"><span class='ocrx_word' id='word_1_824' title='bbox 1979 5291 2078 5354; x_wconf 87' lang='grc' dir='ltr'><strong>τάς</strong></span> <span class='ocrx_word' id='word_1_825' title='bbox 2109 5295 2373 5358; x_wconf 86' lang='grc' dir='ltr'>ἐκτόπους</span> <span class='ocrx_word' id='word_1_826' title='bbox 2404 5296 2723 5363; x_wconf 80' lang='grc' dir='ltr'>δυσσεϐείας</span> <span class='ocrx_word' id='word_1_827' title='bbox 2771 5301 3029 5371; x_wconf 87' lang='grc' dir='ltr'>ὑπέμεινε</span> <span class='ocrx_word' id='word_1_828' title='bbox 3057 5309 3440 5380; x_wconf 74' lang='grc' dir='ltr'>καταστροφὴν</span> <span class='ocrx_word' id='word_1_829' title='bbox 3488 5311 3555 5364; x_wconf 77' lang='grc' dir='ltr'><strong>τὰ</strong></span> 
     </span>
    </p>
   </div>
   <div class='ocr_carea' id='block_1_109' title="bbox 1979 5383 3554 5466">
    <p class='ocr_par' dir='ltr' id='par_1_109' title="bbox 1979 5383 3554 5466">
     <span class='ocr_line' id='line_1_110' title="bbox 1979 5383 3554 5466; baseline 0.011 -31"><span class='ocrx_word' id='word_1_830' title='bbox 1979 5383 2182 5454; x_wconf 87' lang='grc' dir='ltr'>Σόδομα</span> <span class='ocrx_word' id='word_1_831' title='bbox 2204 5425 2218 5448; x_wconf 91' lang='grc'><strong>,</strong></span> <span class='ocrx_word' id='word_1_832' title='bbox 2256 5387 2480 5442; x_wconf 88' lang='grc' dir='ltr'>τοιαῦτα</span> <span class='ocrx_word' id='word_1_833' title='bbox 2509 5392 2601 5443; x_wconf 77' lang='grc' dir='ltr'>καὶ</span> <span class='ocrx_word' id='word_1_834' title='bbox 2632 5391 2789 5462; x_wconf 84' lang='grc' dir='ltr'>ὑμεῖς</span> <span class='ocrx_word' id='word_1_835' title='bbox 2807 5431 2820 5454; x_wconf 93' lang='grc'><strong>,</strong></span> <span class='ocrx_word' id='word_1_836' title='bbox 2849 5387 2893 5446; x_wconf 84' lang='grc' dir='ltr'><strong>ὦ</strong></span> <span class='ocrx_word' id='word_1_837' title='bbox 2933 5389 3096 5462; x_wconf 78' lang='grc' dir='ltr'>οὗτοι,</span> <span class='ocrx_word' id='word_1_838' title='bbox 3130 5398 3383 5454; x_wconf 88' lang='grc' dir='ltr'>πείσεσθε</span> <span class='ocrx_word' id='word_1_839' title='bbox 3407 5442 3422 5466; x_wconf 93' lang='grc'><strong>,</strong></span> <span class='ocrx_word' id='word_1_840' title='bbox 3461 5404 3554 5456; x_wconf 75' lang='grc' dir='ltr'>καὶ</span> 
     </span>
    </p>
   </div>
   <div class='ocr_carea' id='block_1_110' title="bbox 304 5445 1904 5565">
    <p class='ocr_par' dir='ltr' id='par_1_110' title="bbox 304 5445 1871 5565">
     <span class='ocr_line' id='line_1_111' title="bbox 304 5445 1871 5529; baseline 0.007 -12"><span class='ocrx_word' id='word_1_841' title='bbox 304 5454 362 5498; x_wconf 71' lang='grc' dir='ltr'><strong>³ο</strong></span> <span class='ocrx_word' id='word_1_842' title='bbox 399 5456 466 5496; x_wconf 75' lang='lat' dir='ltr'><strong>ne</strong></span> <span class='ocrx_word' id='word_1_843' title='bbox 488 5445 568 5499; x_wconf 70' lang='grc' dir='ltr'>δίο</span> <span class='ocrx_word' id='word_1_844' title='bbox 599 5452 816 5517; x_wconf 79' lang='lat' dir='ltr'><strong>quidem</strong></span> <span class='ocrx_word' id='word_1_845' title='bbox 873 5463 1126 5518; x_wconf 88' lang='lat' dir='ltr'><strong>conversi</strong></span> <span class='ocrx_word' id='word_1_846' title='bbox 1181 5467 1316 5522; x_wconf 87' lang='lat' dir='ltr'><strong>estis</strong></span> <span class='ocrx_word' id='word_1_847' title='bbox 1346 5469 1410 5523; x_wconf 89' lang='lat' dir='ltr'><strong>ad</strong></span> <span class='ocrx_word' id='word_1_848' title='bbox 1440 5485 1544 5525; x_wconf 91' lang='lat' dir='ltr'><strong>me.</strong></span> <span class='ocrx_word' id='word_1_849' title='bbox 1573 5472 1871 5529; x_wconf 85' lang='lat' dir='ltr'><strong>Consuevit</strong></span> 
     </span>
     <span class='ocr_line' id='line_1_112' title="bbox 304 5532 1498 5565; baseline 0 0"><span class='ocrx_word' id='word_1_850' title='bbox 304 5539 474 5565; x_wconf 74' lang='grc' dir='ltr'>ηιιιοιη</span> <span class='ocrx_word' id='word_1_851' title='bbox 509 5532 784 5565; x_wconf 42' lang='lat' dir='ltr'><strong>Cmam...“</strong></span> <span class='ocrx_word' id='word_1_852' title='bbox 845 5553 887 5565; x_wconf 74' lang='lat'><strong>..</strong></span> <span class='ocrx_word' id='word_1_853' title='bbox 1084 5553 1100 5565; x_wconf 69' lang='grc' dir='ltr'><em>ρ</em></span> <span class='ocrx_word' id='word_1_854' title='bbox 1144 5562 1152 5565; x_wconf 84' lang='grc'><strong>-</strong></span> <span class='ocrx_word' id='word_1_855' title='bbox 1487 5561 1498 5565; x_wconf 89' lang='grc'><strong>-</strong></span> 
     </span>
    </p>
   </div>
   <div class='ocr_carea' id='block_1_111' title="bbox 2015 5445 3552 5565">
    <p class='ocr_par' dir='ltr' id='par_1_111' title="bbox 2015 5445 3552 5565">
     <span class='ocr_line' id='line_1_113' title="bbox 2015 5445 3552 5565; baseline 0.02 -39"><span class='ocrx_word' id='word_1_856' title='bbox 2015 5475 2081 5527; x_wconf 72' lang='grc' dir='ltr'><strong>ΰδ’</strong></span> <span class='ocrx_word' id='word_1_857' title='bbox 2109 5445 2290 5540; x_wconf 44' lang='grc' dir='ltr'>ὀὕτως</span> <span class='ocrx_word' id='word_1_858' title='bbox 2339 5445 2706 5553; x_wconf 67' lang='grc' dir='ltr'>ἐπεστρέψατε</span> <span class='ocrx_word' id='word_1_859' title='bbox 2763 5445 2900 5554; x_wconf 74' lang='grc' dir='ltr'>πρὸς</span> <span class='ocrx_word' id='word_1_860' title='bbox 3083 5445 3320 5559; x_wconf 65' lang='grc' dir='ltr'>Σύνηθες</span> <span class='ocrx_word' id='word_1_861' title='bbox 3365 5445 3424 5546; x_wconf 56' lang='grc' dir='ltr'><strong>δὲ</strong></span> <span class='ocrx_word' id='word_1_862' title='bbox 3488 5497 3552 5565; x_wconf 72' lang='grc' dir='ltr'>τῇ</span> 
     </span>
    </p>
   </div>
   <div class='ocr_carea' id='block_1_112' title="bbox 299 5532 1867 5632">
    <p class='ocr_par' dir='ltr' id='par_1_112' title="bbox 299 5532 1867 5632">
     <span class='ocr_line' id='line_1_114' title="bbox 299 5532 1867 5632; baseline 0.024 -51"><span class='ocrx_word' id='word_1_863' title='bbox 299 5539 474 5595; x_wconf 81' lang='lat' dir='ltr'><strong>autem</strong></span> <span class='ocrx_word' id='word_1_864' title='bbox 507 5532 812 5611; x_wconf 86' lang='lat' dir='ltr'><strong>Scriptura,</strong></span> <span class='ocrx_word' id='word_1_865' title='bbox 845 5553 1058 5620; x_wconf 87' lang='lat' dir='ltr'><strong>tempus</strong></span> <span class='ocrx_word' id='word_1_866' title='bbox 1081 5553 1322 5611; x_wconf 79' lang='lat' dir='ltr'><strong>futurum</strong></span> <span class='ocrx_word' id='word_1_867' title='bbox 1345 5561 1500 5629; x_wconf 86' lang='lat' dir='ltr'><strong>quasi</strong></span> <span class='ocrx_word' id='word_1_868' title='bbox 1535 5565 1867 5632; x_wconf 67' lang='lat' dir='ltr'><strong>praeteritum</strong></span> 
     </span>
    </p>
   </div>
   <div class='ocr_carea' id='block_1_113' title="bbox 1975 5569 3553 5655">
    <p class='ocr_par' dir='ltr' id='par_1_113' title="bbox 1975 5569 3553 5655">
     <span class='ocr_line' id='line_1_115' title="bbox 1975 5569 3553 5655; baseline 0.013 -35"><span class='ocrx_word' id='word_1_869' title='bbox 1975 5569 2164 5641; x_wconf 76' lang='grc' dir='ltr'>Γραφῇ</span> <span class='ocrx_word' id='word_1_870' title='bbox 2195 5569 2256 5622; x_wconf 86' lang='grc' dir='ltr'>τὸ</span> <span class='ocrx_word' id='word_1_871' title='bbox 2281 5572 2473 5642; x_wconf 87' lang='grc' dir='ltr'>μέλλον</span> <span class='ocrx_word' id='word_1_872' title='bbox 2512 5574 2586 5640; x_wconf 87' lang='grc' dir='ltr'>ὼς</span> <span class='ocrx_word' id='word_1_873' title='bbox 2623 5574 2992 5648; x_wconf 77' lang='grc' dir='ltr'>παρεληλυθὸς</span> <span class='ocrx_word' id='word_1_874' title='bbox 3017 5579 3227 5655; x_wconf 72' lang='grc' dir='ltr'>δηλοῦν.</span> <span class='ocrx_word' id='word_1_875' title='bbox 3261 5584 3422 5642; x_wconf 67' lang='grc' dir='ltr'>’Ὥστε</span> <span class='ocrx_word' id='word_1_876' title='bbox 3461 5587 3553 5641; x_wconf 73' lang='grc' dir='ltr'><strong>καὶ</strong></span> 
     </span>
    </p>
   </div>
   <div class='ocr_carea' id='block_1_114' title="bbox 261 5665 1904 5800">
    <p class='ocr_par' dir='ltr' id='par_1_114' title="bbox 261 5665 1894 5790">
     <span class='ocr_line' id='line_1_116' title="bbox 261 5665 1894 5790; baseline 0.018 -41"><span class='ocrx_word' id='word_1_877' title='bbox 261 5665 270 5694; x_wconf 44' lang='grc' dir='ltr'><strong>ί</strong></span> <span class='ocrx_word' id='word_1_878' title='bbox 367 5703 410 5737; x_wconf 75' lang='grc'><strong>⁸³</strong></span> <span class='ocrx_word' id='word_1_879' title='bbox 445 5703 588 5767; x_wconf 77' lang='lat' dir='ltr'><strong>Psal.</strong></span> <span class='ocrx_word' id='word_1_880' title='bbox 626 5721 710 5771; x_wconf 79' lang='lat' dir='ltr'><strong>xc.</strong></span> <span class='ocrx_word' id='word_1_881' title='bbox 743 5706 891 5771; x_wconf 66' lang='lat'><strong>9-15.</strong></span> <span class='ocrx_word' id='word_1_882' title='bbox 959 5710 1002 5740; x_wconf 78' lang='grc'><strong>⁹¹⁵</strong></span> <span class='ocrx_word' id='word_1_883' title='bbox 1038 5709 1162 5774; x_wconf 79' lang='lat' dir='ltr'><strong>Ose.</strong></span> <span class='ocrx_word' id='word_1_884' title='bbox 1197 5731 1272 5779; x_wconf 81' lang='lat' dir='ltr'><strong>Ix,</strong></span> <span class='ocrx_word' id='word_1_885' title='bbox 1307 5718 1466 5781; x_wconf 77' lang='lat'><strong>9,10.</strong></span> <span class='ocrx_word' id='word_1_886' title='bbox 1545 5719 1589 5751; x_wconf 81' lang='grc'>⁹⁸</span> <span class='ocrx_word' id='word_1_887' title='bbox 1616 5720 1807 5786; x_wconf 80' lang='lat' dir='ltr'><strong>Matth.</strong></span> <span class='ocrx_word' id='word_1_888' title='bbox 1841 5740 1894 5790; x_wconf 84' lang='lat' dir='ltr'><strong>x,</strong></span> 
     </span>
    </p>
   </div>
   <div class='ocr_carea' id='block_1_115' title="bbox 2015 5665 2534 5800">
    <p class='ocr_par' dir='ltr' id='par_1_115' title="bbox 2062 5727 2534 5800">
     <span class='ocr_line' id='line_1_117' title="bbox 2062 5727 2534 5800; baseline 0.011 -19"><span class='ocrx_word' id='word_1_889' title='bbox 2062 5727 2106 5758; x_wconf 75' lang='grc'><strong>’⁸</strong></span> <span class='ocrx_word' id='word_1_890' title='bbox 2134 5729 2300 5784; x_wconf 83' lang='lat' dir='ltr'><strong>Amos</strong></span> <span class='ocrx_word' id='word_1_891' title='bbox 2331 5744 2414 5800; x_wconf 80' lang='lat' dir='ltr'><strong>tv,</strong></span> <span class='ocrx_word' id='word_1_892' title='bbox 2448 5731 2534 5793; x_wconf 81' lang='grc' dir='ltr'>Η,</span> 
     </span>
    </p>
   </div>
  </div>
