3846 6218
222 275 331 329 405

1151 259 1810 319 DEMONSTRATIONIS
1848 259 2304 318 EVANGELICAS
2345 260 2472 315 LIB.
2506 259 2574 316 ν.

3382 259 3483 315 toﬁ

221 397 292 448 τὰ
335 392 578 466 παρόντα
609 392 809 464 ὁμοίως
838 389 943 462 χρὴ
984 390 1149 452 νοεῖν,
1185 387 1315 441 ἀντὶ
1364 387 1462 460 μὲν
1485 386 1601 451 τοῦ,
1644 404 1797 440 κατα-

1915 401 2134 456 ponere.
2191 385 2372 451 Quare
2423 384 2714 456 praesentia
2777 399 2994 456 quoque
3040 383 3228 438 eadem
3279 383 3490 437 ratione

224 488 466 560 στρέψω,
491 485 797 558 μέλλοντος,
826 482 920 536 τοῦ
942 483 1345 553 παρῳχημένου
1386 480 1700 552 εἰρημένου,
1720 477 1812 532 τοῦ

223 580 569 652 κατέστρεῲα
589 595 603 609 ·
663 578 784 632 ἀντὶ
815 576 872 628 δέ
899 574 1014 639 τοῦ,
1045 573 1540 644 ἐπιστραφήσεσθε,
1567 569 1686 632 τοῦ,
1717 571 1815 624 ἐπ-

223 673 544 744 εστρέψατε,
567 670 844 740 κειμένου.
862 667 1044 720 Ταῦτα
1069 667 1125 720 δὲ
1154 666 1289 737 πρὸς
1307 666 1368 718 τὸ
1383 666 1649 719 Ἰουδαίων
1665 667 1812 728 ἔθνος

226 764 601 822 ἀποτείνεται,
632 761 668 815 ἃ
699 761 793 816 καὶ
819 760 926 814 οὐδ’
954 759 1142 814 ἄλλοτε
1183 758 1216 828 ἢ
1262 758 1398 827 μετὰ
1422 757 1521 830 τὴν
1547 759 1690 813 κατὰ
1716 759 1808 813 τοῦ

224 855 481 926 Σωτῆρος
509 855 670 926 ἡμῶν
708 853 1000 924 ἐπιϐουλὴν
1038 853 1117 915 είς
1155 851 1353 915 αὐτοὺς
1391 849 1713 922 ἐπληροῦτο.
1751 851 1809 906 ’0

220 946 354 1015 γοῦν
389 949 536 1020 ἱερὸς
568 947 747 1001 αὐτῶν
783 947 878 1001 καὶ
910 945 972 998 τὺ
1005 947 1134 1016 πρὶν
1161 944 1314 1013 ἆγιος
1342 943 1507 1007 τόπος
1545 945 1625 1008 είς
1652 943 1808 998 τοῦτο

221 1037 317 1091 νῦν
345 1038 670 1110 περιῆλθεν,
702 1037 778 1100 ὡς
820 1035 962 1089 κατὰ
1001 1036 1168 1106 μηδὲν
1203 1035 1301 1105 τῆς
1343 1035 1592 1104 Σοδόμων
1639 1052 1807 1088 κατα-

218 1132 464 1202 στροφῆς
487 1130 726 1184 ἀποδεῖν.
775 1129 921 1200 Πλὴν
959 1129 1139 1200 ὅμως,
1179 1127 1382 1198 καίπερ
1419 1125 1689 1179 ἀκόλουθα
1737 1129 1804 1198 τῇ

217 1225 524 1296 προρρήσει
560 1221 912 1286 πεπονθότες,
939 1221 1091 1274 οὔπω
1117 1221 1211 1274 καὶ
1249 1223 1327 1284 είς
1358 1218 1516 1291 δεῦρο
1541 1220 1639 1290 τὴν
1667 1219 1805 1290 πρὸς

216 1316 309 1370 τὸν
334 1314 570 1386 Χριστὸν
594 1314 688 1368 τοῦ
712 1313 868 1378 Θεοῦ,
901 1312 971 1366 δι’
995 1312 1052 1366 ὃν
1085 1311 1254 1366 ταῦτα
1284 1310 1613 1366 πεπόνθασιν
1633 1351 1648 1373 ,
1682 1313 1804 1364 ἐπι-

218 1407 463 1477 στροφὴν
504 1406 830 1474 ἐποιήσαντο
853 1421 870 1438 ο
903 1405 978 1468 ὡς
1008 1404 1232 1466 εἰκότως
1265 1403 1359 1456 καὶ
1396 1402 1552 1456 τοῦτο
1579 1402 1667 1456 διὰ
1707 1404 1805 1473 τῆς

216 1498 278 1549 ἐν
320 1498 480 1569 χερσὶ
523 1496 876 1561 θεσπίζεσθαι
920 1496 1279 1566 προφητείας,
1305 1495 1567 1567 λεγούσης
1596 1513 1609 1527 ·
1652 1513 1670 1544 ι
1695 1495 1804 1548 Καὶ

215 1589 330 1642 οὐδ’
363 1589 536 1653 οὕτως
566 1588 939 1659 ἐπεστρέψατε
984 1587 1120 1659 πρός
1153 1605 1243 1658 με,
1267 1587 1414 1656 λέγει
1444 1587 1667 1658 Κύριος.
1708 1605 1728 1638 ›

721 1849 1118 1904 ΚΕΦΑΛΑΙΟΝ
1177 1849 1301 1900 KA'.

227 1965 366 2019 Ἀπὸ
419 1965 527 2020 τοῦ
581 1964 865 2021 Ἀϐδειοῦ.
903 1996 971 2005 -
1011 1962 1151 2030 Περὶ
1207 1961 1328 2015 τῶν
1371 1961 1481 2015 δύο
1547 1961 1799 2029 Κυρίων,

249 2037 487 2104 Πατρός
519 2036 617 2089 καὶ
655 2036 812 2099 Υιοῦ,
839 2034 938 2088 καὶ
963 2033 1074 2102 τῆς
1101 2032 1220 2086 τῶν
1247 2031 1439 2087 ἐθνῶν
1467 2032 1761 2113 κλήᾳεως.

293 2166 314 2200 ι
348 2150 582 2221 ’Ὀρασις
625 2150 890 2204 Ἀϐδειοῦ.
938 2149 1075 2203 Τάδε
1108 2147 1257 2216 λέγει
1290 2148 1493 2221 Κύριος
1537 2151 1604 2220 τῇ
1646 2148 1802 2202 Ἰδου-

412 2243 606 2314 Ἀκοὴν
626 2245 832 2314 ηκουσα
871 2242 1022 2314 παρὰ
1050 2242 1278 2314 Κυρίου,
1307 2241 1400 2294 καὶ
1434 2241 1692 2312 περιοχὴν
1723 2243 1804 2304 εις

213 2329 284 2382 τὰ
318 2328 445 2401 ἔθνη
477 2329 846 2395 ἐξαπέστειλε.
888 2350 905 2382 ι
945 2331 1147 2402 Κύριος
1188 2333 1214 2385 ὁ
1237 2331 1369 2394 Θεὸς
1397 2331 1566 2402 ἀκοὴν
1596 2332 1797 2402 ἢκουσε

212 2421 368 2492 παρὰ
423 2422 652 2492 Κυρίου.
699 2424 810 2477 Καὶ
851 2422 990 2495 αὕτη
1019 2422 1076 2476 δὲ
1118 2418 1186 2492 ἦν
1216 2421 1343 2494 περὶ
1372 2423 1470 2493 τῆς
1495 2421 1601 2477 τῶν
1631 2422 1801 2476 ἐθνῶν

213 2511 483 2583 κλήσεως.

743 2625 1136 2680 ΚΕΦΑΛΑΙΟΝ
1175 2627 1303 2679 KE’.

223 2734 359 2808 Ἀπό
399 2735 861 2808 τοῦΑΖαχᾳρίου.
887 2767 955 2808 έ-
983 2739 1076 2804 Ὡς
1109 2742 1142 2792 ό
1178 2740 1323 2806 Θεὸς
1363 2739 1555 2808 Λόγος
1586 2738 1799 2806 Κύριος

279 2805 368 2930 (ἓν
412 2805 576 2928 ἴτρὸς
620 2805 728 2863 τοῦ
784 2807 1055 2879 μείζονος
1102 2805 1478 2864 ἀπεστάλθαι
1524 2805 1808 2878 ὁμολογεῖ

333 2894 408 2944 υρ
435 2894 530 2931 ου.

284 3029 306 3061 ι
336 3009 475 3062 Τάδε
507 3009 656 3078 λέγει
686 3009 891 3082 Κύριος
937 3012 1350 3083 παντοκράτωρο
1390 3010 1596 3064 Ὀπίσω
1640 3010 1797 3082 δόξης

1916 485 2129 546 Oportet
2159 475 2426 546 accipere,
2457 482 2516 529 ut
2534 475 2787 530 videlicet
2816 490 2916 546 pro
2940 489 3028 540 eo,
3057 473 3202 543 quod
3224 481 3488 537 evertam,

1916 570 2083 624 futuri
2111 569 2372 640 temporis
2393 569 2597 623 dictum
2631 568 2723 631 sit,
2759 567 2954 632 everti,
2985 566 3267 638 praeteriti,
3298 573 3352 620 et
3390 581 3490 635 pro

1911 675 1998 723 eo,
2035 661 2180 729 quod
2196 667 2279 714 est
2308 657 2713 716 convertimini.
2743 657 2994 711 conversi
3018 658 3177 711 estis.
3208 654 3335 712 Hmc
3362 670 3491 710 vero

1913 758 2040 806 sunt
2065 750 2132 804 ad
2154 748 2467 803 Judatorum
2491 758 2704 819 gentem
2732 746 2934 802 directe
2960 747 3191 817 prolata,
3223 761 3345 816 qum
3363 748 3490 816 qui-

1910 844 2032 898 dem
2063 859 2173 898 non
2207 843 2363 908 alias,
2406 856 2569 911 quam
2622 849 2746 912 post
2775 839 2950 896 factas
2991 841 3254 895 adversus
3309 838 3491 893 Salva-

1909 941 2080 989 torem
2108 943 2359 989 nostrum
2421 932 2672 998 insidias,
2727 933 2784 986 in
2842 933 2992 1004 ipsos
3020 933 3290 1002 completa
3338 939 3487 987 sunt.

1909 1023 2120 1080 Etenim
2147 1040 2302 1080 sacer
2335 1025 2580 1096 ipsorum
2620 1032 2674 1079 et
2706 1025 2861 1094 prius
2896 1033 3119 1079 sanctus
3146 1024 3301 1078 locus
3331 1023 3399 1077 ad
3435 1023 3490 1078 id

1911 1117 2164 1171 redactus
2188 1123 2293 1178 est,
2315 1125 2375 1170 ut
2398 1116 2548 1170 nulla
2576 1116 2629 1170 in
2675 1123 2828 1185 parte
2877 1131 2904 1169 a
2933 1115 3296 1170 Sodomorum
3333 1131 3491 1171 ever-

1909 1210 2062 1264 sione
2089 1207 2382 1278 discrepet.
2427 1206 2837 1272 Verumtamen,
2889 1210 2991 1263 etsi
3044 1223 3109 1263 ea
3152 1207 3301 1277 passi
3339 1218 3488 1270 sunt,

1907 1315 2030 1370 quae
2060 1299 2117 1353 in
2152 1299 2416 1354 vaticinio
2474 1300 2578 1354 sibi
2615 1299 2873 1370 przedicta
2893 1308 3078 1369 aperte
3125 1299 3488 1370 perSpiciunt,

1905 1391 2136 1444 necdum
2173 1389 2227 1443 in
2262 1389 2407 1443 hunc
2437 1405 2610 1460 usque
2628 1388 2770 1443 diem
2815 1388 2880 1442 ad
2908 1388 3188 1444 Christum
3217 1388 3333 1453 Dei,
3361 1405 3490 1459 pro-

1907 1491 2024 1552 pter
2081 1497 2241 1555 quem
2280 1482 2412 1536 talia
2467 1481 2762 1552 pertulere,
2817 1482 3030 1551 scipsos
3076 1489 3485 1537 converterunt.

1905 1573 2090 1644 Itaque
2112 1574 2308 1628 merito
2339 1574 2409 1629 ab
2438 1589 2524 1639 ea,
2563 1591 2684 1645 quae
2712 1589 2860 1628 nunc
2892 1574 2947 1628 in
2972 1574 3224 1628 manibus
3259 1580 3341 1628 est
3357 1589 3487 1643 pro-

1906 1664 2108 1733 phetia,
2142 1664 2196 1718 id
2227 1663 2487 1720 divinitus
2514 1664 2722 1719 dictum
2753 1672 2836 1718 est
2863 1681 2876 1716 :
2905 1680 2922 1712 ι
2961 1664 3028 1716 Et
3060 1677 3129 1716 ne
3163 1661 3243 1716 sic
3264 1660 3484 1730 quidem

1838 1748 1878 1802 Β
1908 1755 2156 1810 conversi
2184 1755 2318 1810 estis
2345 1755 2412 1809 ad
2447 1771 2556 1821 me,
2589 1755 2726 1810 dicit
2761 1753 3048 1808 Dominus.
3078 1772 3096 1803 ι

2359 1869 2518 1940 251
2557 1868 2788 1924 CAPUT
2834 1866 3026 1922 XXIV.

1905 1980 1981 2033 Ab
2011 1980 2208 2036 Abdia.
2237 2012 2309 2022 —
2341 1981 2418 2035 De
2451 1980 2656 2034 duobus
2692 1981 2955 2043 Dominis,
2999 1979 3157 2032 Patre
3196 1978 3394 2034 scilicet
3437 1989 3487 2034 et

2284 2051 2452 2116 Filio,
2477 2061 2526 2106 et
2551 2053 2784 2122 gentium
2817 2051 3106 2104 vocatione.

1979 2181 1999 2215 ι
2033 2164 2185 2220 Visio
2209 2163 2420 2220 Abdiaa.
2443 2161 2572 2218 Haec
2595 2163 2728 2217 dicit
2750 2161 3017 2218 Dominus
3050 2161 3120 2216 ad
3148 2160 3437 2217 ldumaaam
3470 2181 3485 2216 :

1903 2255 2164 2311 Auditum
2206 2255 2389 2311 audivi
2437 2271 2467 2309 a
2504 2254 2759 2318 Domino,
2792 2263 2848 2310 et
2881 2255 3242 2309 munitionem
3295 2255 3350 2310 in
3385 2269 3486 2308 na-

1904 2349 2079 2405 tiones
2125 2349 2308 2405 emisit
2333 2349 2400 2401 ".
2442 2367 2462 2401 ο
2488 2347 2752 2403 Dominus
2796 2346 2942 2403 Deus
2990 2347 3236 2402 auditum
3277 2345 3488 2401 audivit

1903 2457 1934 2495 a
1977 2441 2231 2498 Domino.
2283 2439 2338 2498 Is
2383 2455 2516 2496 vero
2542 2440 2764 2496 auditus
2795 2441 2900 2495 fuit
2929 2440 2998 2497 de
3035 2440 3281 2512 gentium
3323 2453 3486 2495 voca-

1902 2532 2073 2586 tione.

2482 2645 2712 2702 CAPUT
2752 2643 2919 2699 XXV.

1900 2759 1945 2811 A
1973 2758 2261 2812 Zacharia.
2287 2789 2356 2798 ——-
2393 2757 2853 2826 Quemadmodum
2889 2757 3031 2811 Deus
3083 2756 3332 2821 Verbum,
3363 2771 3484 2811 cum

2030 2831 2100 2882 sit
2133 2829 2394 2884 Dominus
2459 2831 2682 2884 missum
2715 2847 2770 2885 se
2799 2847 2831 2882 a
2866 2827 3029 2882 Patre
3057 2829 3355 2884 conﬁtetur.

1978 3025 1998 3059 ‹
2036 3005 2162 3062 Haec
2201 3007 2337 3062 dicit
2368 3006 2637 3062 Dominus
2660 3007 3008 3077 omnipotens
3042 3024 3055 3059 :
3088 3004 3220 3062 Post
3254 3005 3482 3076 gloriam

205 3101 524 3156 ἀπέσταλκε
560 3119 630 3173 με
659 3103 753 3156 ἐπὶ
779 3103 849 3156 τὰ
880 3103 1008 3174 ἔθνη
1054 3104 1122 3158 τὰ
1165 3103 1539 3159 σκυλεύσαντα
1571 3105 1732 3176 ὑμᾶς.
1772 3124 1790 3157 ι

1912 3098 2049 3153 misit
2078 3114 2164 3154 me
2199 3099 2269 3154 ad
2307 3107 2518 3170 gentes,
2549 3115 2669 3169 quae
2700 3098 3026 3168 depraedatae
3060 3108 3190 3153 sunt
3231 3112 3329 3153 vos
3349 3097 3419 3151 ’⁸.
3459 3117 3477 3149 ι

204 3195 325 3252 Εἶτ’
355 3198 608 3271 ἐπιφέρει
649 3199 788 3270 μετὰ
826 3199 1032 3273 βραχέα
1077 3200 1286 3268 λέγων’
1319 3220 1337 3252 ι
1373 3201 1480 3254 Καὶ
1523 3199 1797 3269 γνώσεσθε

1912 3188 2105 3246 Deinde
2139 3189 2387 3262 adjungit
2427 3197 2551 3260 post
2599 3204 2773 3260 pauca
2809 3229 2825 3254 ,
2857 3189 3045 3245 dicens
3084 3209 3098 3243 :
3141 3206 3160 3241 ι
3191 3187 3258 3243 Et
3279 3201 3484 3257 cogno-

203 3291 289 3343 ὅτι
317 3290 525 3362 Κύριος
558 3293 954 3364 παντοκράτωρ
987 3292 1294 3346 ἀπέσταλκέ
1332 3311 1421 3365 με.
1461 3311 1480 3345 ›
1535 3293 1600 3346 Et
1632 3293 1726 3346 καὶ
1768 3295 1796 3346 ό

203 3383 553 3436 ἀποστέλλων
581 3384 784 3455 Κύριός
818 3386 933 3438 ἐστι
988 3385 1404 3458 παντοκράτωρ,
1453 3386 1548 3439 καὶ
1598 3388 1626 3440 ὁ
1692 3387 1797 3440 ἀπ-

203 3473 468 3527 εστάλθαι
499 3473 671 3542 λέγων
699 3474 982 3540 ὡσαύτως,
1015 3476 1106 3528 δύο
1131 3477 1258 3548 ἄρα.
1292 3475 1488 3545 Σαφῶς
1531 3476 1589 3529 δέ
1634 3478 1662 3530 ὁ
1689 3477 1796 3530 ἀπ-

205 3566 580 3637 εσταλμένος,
624 3586 642 3619 ι
687 3566 895 3638 Κύριος
951 3569 1344 3642 παντοκράτωρ
1377 3570 1470 3622 ἐπὶ
1519 3569 1590 3624 τὰ
1636 3569 1792 3645 ἔθνη,

207 3660 396 3730 φησιν,
424 3659 736 3713 ἀπέσταλκέ
765 3677 855 3730 με.
891 3679 908 3711 ι

731 3769 1129 3822 ΚΕΦΑΛΑΙΟΝ
1166 3770 1312 3836 κεῖν.

289 3882 345 3934 '0
359 3881 565 3948 αὐτὸς,
600 3881 702 3935 καὶ
734 3881 868 3951 περὶ
902 3879 1014 3950 τῆς
1044 3879 1164 3934 τῶν
1199 3879 1393 3937 ἐθνῶν
1418 3877 1717 3946 κλήσεως.

283 3995 536 4065 «Τέρπου
575 3994 671 4048 καὶ
693 3985 1014 4064 εὐφραίνου,
1047 3992 1286 4065 θύγατερ
1320 3992 1478 4057 Σιὼν,
1512 3991 1648 4045 διότι
1683 3991 1790 4045 ἰδοὺ

1902 3283 2068 3338 scetis
2112 3282 2260 3353 quod
2306 3281 2571 3336 Dominus
2628 3281 2978 3351 omnipotens
3035 3281 3184 3337 misit
3230 3296 3318 3336 me
3342 3279 3413 3337 ”.
3455 3297 3478 3334 ο

1897 3373 2053 3441 Quod
2083 3374 2130 3429 si
2161 3376 2208 3430 is
2244 3373 2510 3430 Dominus
2538 3375 2632 3444 qui
2665 3374 2853 3440 mittit,
2890 3373 3156 3429 Dominus
3193 3382 3276 3428 est
3303 3371 3482 3428 omni-

1896 3476 2112 3538 potens,
2156 3474 2212 3522 et
2257 3467 2352 3536 qui
2398 3467 2534 3521 dicit
2569 3481 2630 3521 se
2679 3465 2908 3521 missum
2956 3481 3080 3522 esse
3129 3465 3339 3528 itidem,
3372 3463 3483 3520 duo

1897 3559 2083 3630 igitur.
2134 3557 2414 3629 Siquidem
2459 3559 2620 3629 plane
2648 3557 2741 3629 qui
2770 3558 2974 3614 missus
3014 3564 3121 3623 est,
3159 3575 3180 3608 ί
3219 3555 3482 3613 Dominus

1896 3657 2267 3728 omnipotens,
2299 3655 2499 3727 inquit,
2531 3655 2599 3710 ad
2623 3666 2811 3726 gentes
2843 3655 2994 3711 misit
3025 3669 3133 3709 me.
3171 3673 3191 3706 ι

2458 3767 2690 3824 CAPUT
2730 3767 2922 3824 XXVI.

2139 3879 2311 3946 Idem,
2342 3881 2538 3935 iterum
2572 3879 2636 3934 de
2674 3879 2945 3935 vocatione
2971 3879 3224 3949 gentium.

1969 4015 1988 4048 ι
2027 3993 2216 4050 Gaude
2241 4001 2297 4050 et
2318 3994 2524 4058 laetare,
2555 3993 2663 4048 ﬁlia
2691 3992 2844 4058 Sion,
2871 3992 3000 4064 quia
3023 4009 3152 4050 ecce
3173 4009 3274 4065 ego
3294 3996 3475 4064 venio,

202 4085 319 4153 ἐγὼ
346 4085 600 4158 ἔρχομαι,
641 4086 737 4139 καὶ
783 4084 1190 4156 κατασκηνώσω
1220 4085 1278 4138 ἐν
1311 4085 1460 4155 μέσῳ
1501 4101 1615 4148 σου,
1645 4082 1791 4154 λέγει

1912 4094 1948 4141 ει
1978 4086 2236 4141 habitabo
2272 4086 2330 4140 in
2361 4085 2542 4140 medio
2575 4084 2679 4149 tui,
2709 4084 2842 4139 dicit
2873 4083 3158 4142 Dominus.
3180 4085 3247 4140 Et
3279 4088 3478 4142 contu-

204 4180 438 4251 Κύριος.
474 4179 584 4233 Καὶ
613 4177 1044 4248 καταφεύξονται
1073 4178 1200 4249 ἔθνη
1233 4176 1402 4230 πολλὰ
1436 4176 1529 4229 ἐπὶ
1559 4177 1650 4229 τὸν
1675 4174 1790 4228 Κύ-

206 4287 328 4340 ριον
360 4272 420 4324 ἐν
443 4272 511 4340 τῇ
539 4270 721 4340 ἡμέρᾳ.
747 4270 928 4340 ἐκείνῃ
945 4286 958 4298 ·
990 4270 1083 4322 καὶ
1108 4269 1321 4322 ἔσονται
1350 4266 1499 4337 αὐτῷ
1526 4267 1607 4330 εἰς
1640 4265 1787 4318 λαόνο

1891 4179 2041 4249 gient
2067 4185 2256 4248 gentes
2288 4178 2472 4232 multa:
2491 4175 2560 4230 ad
2582 4175 2872 4232 Dominum
2897 4177 2952 4232 in
2986 4178 3070 4233 die
3098 4177 3210 4242 illa,
3233 4185 3287 4234 et
3314 4189 3478 4235 erunt

1892 4271 1970 4324 illi
1995 4271 2048 4324 in
2084 4270 2368 4340 populum,
2401 4277 2456 4325 et
2478 4269 2739 4326 habitabo
2765 4269 2820 4323 in
2851 4269 3031 4325 medio
3066 4271 3166 4335 tui,
3189 4278 3244 4326 et
3272 4287 3478 4343 cogno-

199 4363 298 4416 καὶ
318 4362 726 4432 κατασκηνώσω
744 4365 800 4415 ἐν
821 4362 970 4432 μέσῳ
999 4379 1114 4426 σου,
1142 4361 1235 4414 καὶ
1261 4361 1466 4432 γνώσῃ,
1490 4359 1572 4412 ὅτι
1589 4358 1792 4430 Κύριος

1912 4380 2016 4420 tces
2046 4365 2190 4434 quod
2221 4363 2486 4417 Dominus
2510 4364 2858 4433 omnipotens
2891 4363 3039 4417 misit
3069 4379 3154 4418 me
3185 4363 3253 4419 ad
3283 4372 3337 4419 te
3372 4365 3412 4431 ί,
3450 4383 3469 4416 ι

199 4450 602 4522 παντοκράτωρ
623 4439 993 4515 ἐξαπέσταλκέ
1017 4467 1083 4520 με
1116 4448 1251 4517 πρὸς
1281 4448 1340 4501 σέ
1358 4466 1372 4480 ο
1388 4468 1407 4499 ι
1445 4449 1536 4501 καὶ
1559 4448 1626 4501 τὰ
1640 4447 1788 4520 ἑξῆς.

1912 4464 1998 4512 etc.
2040 4456 2252 4522 Quibus
2285 4462 2409 4525 post
2453 4454 2560 4507 alia
2602 4454 2851 4524 adjungit
2893 4472 2906 4508 :
2945 4472 2963 4504 ι
3000 4454 3068 4508 Et
3105 4456 3478 4531 corroborabo

199 4537 300 4605 Οἷς
331 4540 452 4611 μεθ’
469 4540 631 4612 ἕτερα
659 4540 929 4609 ἐπιλέγει·
960 4559 978 4592 ι
1004 4541 1114 4593 Καὶ
1141 4540 1456 4611 κατισχύσω
1487 4540 1684 4603 αὐτοὺς
1724 4543 1783 4594 ἐν

1912 4565 1990 4605 eos
2044 4551 2098 4604 in
2145 4548 2378 4604 Domino
2426 4546 2538 4602 Deo
2590 4548 2858 4617 ipsorum,
2894 4555 2947 4602 et
2999 4547 3054 4601 in
3090 4548 3312 4604 nomine
3354 4549 3476 4618 ejus

200 4634 396 4704 Κυρίῳ
417 4632 536 4704 Θεῷ
559 4633 756 4697 αὐτῶν,
775 4633 869 4685 καὶ
889 4634 946 4685 ἐν
966 4631 1044 4702 τῷ
1065 4631 1288 4703 ὀνόματι
1305 4632 1471 4686 αὐτοῦ
1494 4633 1668 4703 καυχή
1677 4649 1789 4686 σονο

1912 4644 2292 4714 ;loriabuntur,
2323 4641 2458 4697 dicit
2490 4639 2754 4696 Dominus
2784 4642 2825 4696 '.
2863 4661 2882 4692 ι
2923 4639 3046 4696 Haec
3078 4656 3296 4712 quoque
3327 4645 3475 4712 prio-

196 4743 323 4789 ται,
343 4724 490 4792 λέγει
517 4725 737 4796 Κύριος.
766 4745 785 4778 ι
821 4725 932 4777 Καὶ
951 4724 1124 4779 ταῦτα
1151 4727 1264 4789 τοῖς
1293 4724 1577 4796 προτέροις
1601 4726 1783 4795 ὅμοια,

1912 4736 2046 4790 ’ἱιηιε
2085 4735 2285 4790 similia
2316 4741 2468 4797 sunt,
2504 4748 2625 4803 quae
2648 4731 2852 4787 Christi
2886 4731 2953 4786 ad
2988 4733 3239 4788 homines
3268 4734 3475 4788 adven-

193 4816 299 4887 τὴν
315 4815 410 4870 τοῦ
428 4816 662 4886 Χριστοῦ
687 4819 766 4880 είς
793 4816 889 4870 ἀνθ
899 4815 1112 4888 ρώπους
1140 4817 1437 4888 παρουσίαν
1458 4818 1554 4871 καὶ
1573 4817 1670 4887 τὴν
1690 4833 1784 4880 γε-

1919 4842 2031 4890 um,
2092 4833 2146 4881 et
2203 4826 2498 4881 salutarem
2546 4823 2786 4879 futuram
2858 4825 3114 4895 gentibus
3166 4825 3327 4896 252
3379 4842 3475 4896 per

196 4908 437 4979 νομένην
457 4907 566 4961 τῶν
591 4907 761 4962 ἐθνῶν
785 4912 1050 4979 σωτήριον
1080 4908 1147 4961 δι’
1174 4908 1336 4962 αὑτοῦ
1365 4908 1555 4980 κλῆσιν
1571 4910 1787 4978 ἀναφω-

1915 4933 2069 4988 psum
2089 4918 2449 4981 vocationem,
2468 4917 2646 4986 palam
2667 4917 2952 4971 enuntiant
2973 4935 3017 4970 ει
3048 4915 3161 4986 Ego
3178 4918 3343 4988 igitur
3356 4918 3474 4988 ipse

195 4999 414 5054 νοῦντα·
437 5017 456 5050 ‹
481 4997 620 5068 Ἐγὼ
641 5001 739 5070 μὲν
761 4995 853 5054 οὖν
865 5001 1023 5064 αὐτὸς
1045 5002 1073 5053 ὁ
1089 5001 1290 5073 Κύριος
1309 5001 1442 5072 ἥξω,
1466 5003 1650 5073 φησίν.
1667 5002 1791 5054 Ἐπὶ

1912 5010 2158 5066 )ominus
2198 5010 2438 5075 veniam,
2474 5011 2674 5081 inquit,
2714 5019 2770 5066 et
2816 5013 2870 5066 in
2924 5027 3048 5067 meo
3080 5013 3319 5067 adventu
3361 5027 3472 5068 non

194 5096 254 5148 δὲ
276 5098 344 5165 τῇ
380 5097 486 5167 ἐμῇ
515 5097 786 5169 παρουσίᾳ
807 5096 988 5150 οὐκέθ’
1012 5099 1040 5149 ὁ
1067 5098 1234 5151 πάλαι
1266 5098 1501 5169 Ἰσραὴλ,
1531 5098 1639 5151 ἀλλ’
1667 5098 1787 5153 οὐδὲ

1912 5103 2121 5173 [mplius
2151 5103 2242 5159 ille
2288 5103 2548 5174 antiquus
2575 5103 2777 5169 Israel,
2813 5119 2877 5159 ac
2911 5120 2979 5160 ne
3013 5120 3121 5160 una
3151 5105 3372 5176 quidem
3415 5106 3471 5161 in

193 5189 258 5241 iv
284 5190 447 5259 μόνον
478 5190 572 5242 ἐπὶ
601 5191 706 5262 γῆς
725 5191 897 5255 ἔθνος,
923 5191 1048 5263 ἔθνη
1076 5192 1134 5245 δὲ
1167 5191 1336 5246 πολλὰ
1355 5191 1785 5262 καταφεύξονται

1912 5209 2033 5248 erra
2055 5209 2212 5258 gens,
2234 5193 2331 5248 sed
2353 5195 2746 5264 multaegentes
2763 5193 3102 5265 confugient,
3124 5193 3192 5249 ad
3205 5205 3469 5265 praestan-

195 5281 292 5333 ἐπὶ
323 5279 416 5333 τὸν
447 5282 734 5352 κρείττονα
775 5285 870 5337 καὶ
918 5281 1091 5354 μέγαν
1127 5283 1352 5356 Κύριον,
1402 5284 1494 5337 τὸν
1544 5284 1678 5354 ἐμοῦ
1725 5302 1783 5337 τε

1912 5285 2079 5338 iorem
2111 5291 2166 5338 et
2203 5299 2462 5356 magnum
2504 5283 2794 5340 Dominum
2816 5326 2832 5352 ,
2863 5287 2958 5355 qui
2983 5294 3038 5340 et
3072 5301 3226 5342 meus
3268 5287 3467 5358 ipsius,

194 5369 389 5433 αὐτοῦ,
423 5372 517 5424 καὶ
557 5371 666 5426 τῶν
705 5373 842 5426 ὅλων
875 5373 1025 5438 Θεὸν,
1062 5374 1146 5442 ἐφ’
1171 5373 1230 5426 ὃν
1267 5373 1335 5426 τὰ
1367 5373 1781 5442 καταφεύγοντα

1912 5384 1941 5428 τι
1981 5376 2223 5431 universi
2265 5382 2352 5431 est
2397 5375 2564 5439 Deus,
2613 5377 2682 5431 ad
2727 5393 2889 5447 quem
2944 5378 3327 5450 confugientes
3362 5397 3465 5435 na-

193 5461 327 5532 ἐθνη
365 5462 634 5534 τοσαύτης
664 5464 910 5531 τεύξεται
952 5465 1288 5535 εὐεργεσίας,
1320 5466 1396 5528 ὡς
1437 5467 1533 5522 καὶ
1561 5483 1780 5537 χρημα-

1913 5467 2064 5521 iones
2125 5472 2338 5519 tantum
2391 5475 2801 5535 consequentur
2849 5467 3214 5535 beneficium,
3282 5477 3343 5524 ut
3405 5477 3462 5523 ct

193 5554 345 5609 τίσαι
397 5557 493 5610 καὶ
531 5556 780 5625 γενέσθαι
837 5556 964 5610 λαὸν
1012 5557 1184 5624 Θεοῦ,
1233 5559 1557 5629 κατοικῆσαι
1607 5577 1668 5612 τε
1725 5561 1781 5612 ἐν

1912 5559 2230 5630 ιρροιιουιιιι·
2260 5565 2316 5613 et
2343 5559 2453 5614 sint
2484 5561 2720 5629 populus
2751 5560 2869 5630 Dei,
2901 5572 2955 5618 et
2986 5561 3232 5618 habitent
3261 5563 3318 5618 in
3350 5578 3468 5618 mev-

267 5711 313 5743 ⁵⁷
348 5711 490 5766 Abd.
542 5727 597 5774 ι,
648 5711 694 5765 1.
771 5712 816 5744 ⁵⁸
847 5711 1011 5768 Zaclt.
1044 5729 1104 5780 Il,
1141 5715 1197 5770 8.
1271 5714 1316 5746 ”
1363 5714 1494 5770 ibid.
1533 5714 1583 5769 9.
1669 5715 1682 5746 ¹
1721 5716 1794 5771 ibi

1912 5715 1986 5783 l0,
2022 5715 2112 5770 Η.
2191 5717 2210 5746 ¹
2243 5713 2409 5770 Zach.
2446 5731 2498 5782 ι,
2530 5716 2614 5772 1'2.
