3846 6218
371 289 479 346 407

1081 275 1352 337 EUSEBII
1379 267 1854 332 CESARIENSIS
1890 266 2039 324 OPP.
2076 263 2256 320 PARS
2295 262 2358 319 ιι.
2397 293 2467 306 -
2502 258 3010 318 APOLOGETICA.

3510 242 3625 305 403

369 410 463 466 dio
510 405 630 478 ejus
654 420 777 476 quae
818 410 1046 459 vocatur
1061 400 1171 456 filia
1201 379 1368 453 Sion:
1389 415 1409 448 ι
1443 393 1557 465 (Sic
1600 391 1745 448 enim
1777 387 1870 443 Dei
1901 386 1943 440 ir

2067 387 2216 457 μέσῳ
2256 384 2354 454 τῆς
2395 381 2732 451 καλουμένης
2779 375 3047 446 θυγατρὸς
3081 373 3237 427 Σιών.
3274 389 3293 422 ›
3334 369 3625 478 ίοῦτωῆδὲ

373 504 529 553 terra.
555 494 855 549 Ecclesiam
882 531 899 556 ,
924 491 1082 562 quasi
1115 490 1280 543 filiam
1313 484 1600 557 quamdam
1630 482 1771 551 ejus,
1822 493 1944 549 quas

373 588 425 639 in
474 585 616 641 cmlo
653 592 757 646 est,
793 598 965 638 sacrae
1011 580 1229 635 Litterae
1256 592 1455 633 vocare
1494 568 1942 641 consueverunt.)

374 674 526 731 llanc
559 676 723 731 etiam
756 674 920 729 veluti
962 674 1107 727 bono
1146 675 1338 727 nuntio
1365 669 1599 740 gaudere
1625 667 1778 737 jubet
1805 682 1945 720 ora-

374 767 581 831 culum,
611 767 838 822 dicens:
873 783 892 816 ι
930 763 1118 820 Gaude
1146 771 1200 818 et
1246 764 1449 823 laetare,
1489 760 1596 814 lilia
1639 759 1791 821 Sion,
1815 773 1943 813 ecce

375 874 473 928 ego
514 861 702 921 venio,
748 866 802 912 et
833 856 1090 910 habitabo
1134 855 1188 909 in
1235 853 1411 908 medio
1441 852 1539 906 tui.
1602 871 1620 904 ι
1660 851 1716 905 In
1765 850 1944 904 medio

375 950 518 1005 enim
550 948 807 1004 Ecclesia:
838 946 1005 1003 Deum
1059 945 1294 1001 Verbum
1341 944 1587 999 habitare
1622 941 1940 997 credimus:

376 1039 834 1110 quemadmodum
895 1040 1009 1107 ipse
1060 1036 1338 1107 pollicitus
1388 1044 1515 1098 est,
1576 1049 1699 1087 cum
1757 1032 1939 1091 dixit:

381 1149 399 1181 ι
443 1128 585 1184 Ecce
633 1143 735 1200 ego
772 1127 1052 1183 vobiscum
1104 1142 1223 1181 sum
1268 1141 1461 1181 omnes
1509 1124 1646 1189 dies,
1679 1139 1848 1193 usque
1876 1122 1943 1177 ad

371 1222 898 1275 consummationem
921 1217 1106 1273 saeculi
1143 1218 1183 1283 ³,
1236 1239 1253 1271 ι
1291 1227 1338 1272 et
1367 1235 1381 1270 :
1408 1234 1426 1266 ι
1464 1213 1565 1269 Ubi
1596 1214 1703 1268 duo
1720 1220 1813 1267 aut
1836 1224 1946 1266 tres

375 1309 689 1379 congregati
714 1317 842 1365 sunt
871 1309 926 1363 in
950 1311 1170 1364 nomine
1203 1322 1345 1369 meo,
1384 1307 1494 1360 illic
1532 1321 1650 1360 sum
1687 1307 1739 1358 in
1767 1303 1946 1359 medio

376 1400 746 1456 eorum".n-c
785 1400 918 1455 Cum
957 1410 1134 1455 autem
1174 1417 1293 1471 ego,
1316 1398 1491 1469 inquit
1518 1401 1630 1468 ipse
1661 1395 1943 1461 Dominus,

375 1505 595 1556 venero,
636 1499 691 1546 et
743 1491 1000 1547 habitabo
1050 1493 1103 1546 in
1143 1491 1319 1545 medio
1358 1491 1463 1555 tui,
1493 1509 1512 1542 ι
1545 1487 1805 1556 majorem
1829 1493 1944 1539 tum

376 1583 742 1653 cognitionem
791 1583 858 1638 de
905 1582 1016 1637 Deo
1063 1582 1434 1652 omnipotente
1487 1581 1723 1648 accipies
1764 1596 1776 1632 :
1815 1576 1943 1631 dum

376 1688 476 1743 ego
514 1672 776 1729 Dominus
800 1688 1044 1734 causam,
1077 1688 1177 1727 cur
1208 1672 1276 1726 ad
1315 1670 1562 1725 homines
1587 1670 1789 1723 missus
1816 1666 1943 1732 sim,

2045 476 2142 547 τὴν
2177 476 2269 527 ἐπὶ
2299 474 2401 543 γῆς
2437 470 2761 541 Ἐκκλησίαν
2805 469 2898 523 τοῦ
2929 466 3063 521 Θεοῦ
3083 505 3099 530 ,
3139 464 3326 532 ὥσπερ
3356 459 3478 515 τινὰ
3521 458 3627 510 θυ-

2043 566 2252 638 γατέρα
2312 563 2678 633 τυγχάνουσαν
2729 560 2828 631 τῆς
2877 556 3223 629 ἐπουρανίου,
3283 555 3395 617 τοῖς
3449 552 3622 621 ἱεροῖς

2052 657 2341 729 Γράμμασι
2371 652 2663 708 ἀποκαλεῖν
2707 651 2904 721 φίλον.)
2954 647 3170 718 Ταύτην
3215 645 3273 699 δέ
3315 644 3410 697 καὶ
3454 642 3626 708 εὐαρι-

2042 746 2317 817 γελίζεται
2350 746 2411 799 τὸ
2436 745 2642 814 φάσκον
2678 742 2888 811 λόγιον·
2923 760 2943 792 ι
2979 742 3149 810 Χαῖρε
3181 737 3274 791 καὶ
3300 735 3622 805 εὐφραίνου,

2042 841 2278 911 θύγατερ
2311 837 2468 902 Σιὼν,
2494 836 2625 890 διότι
2658 834 2766 888 ίδοὺ
2799 833 3048 906 ἔρχομαι,
3081 830 3178 884 καὶ
3208 823 3628 895 κατασκηνώσει»

2043 935 2103 987 ἐν
2140 932 2288 1003 μέσῳ
2322 947 2437 985 σου.
2472 949 2491 980 ι
2554 930 2642 983 Ἐν
2686 927 2835 999 μέσῳ
2876 923 2986 996 γὰρ
3030 924 3130 993 τῆς
3158 917 3487 989 Ἐκκλησίας
3527 916 3629 969 τὸν

2041 1021 2173 1075 Θεὸν
2229 1020 2399 1088 Λόγον
2446 1016 2820 1088 κατασκηνῶν
2871 1012 3328 1082 πεπιστεύκαμεν·
3368 1009 3445 1072 ὡς
3489 1005 3630 1076 γοῦν

2042 1115 2137 1168 καὶ
2168 1112 2496 1185 ἐπήγγελται
2531 1114 2709 1182 φήσας
2734 1128 2748 1141 ·
2778 1130 2798 1162 ι
2840 1109 2971 1163 Ἰδοὺ
3011 1106 3121 1175 ἐγὼ
3154 1104 3270 1176 μεθ’
3311 1101 3468 1174 ὑμῶν
3506 1102 3633 1171 ειμι

2043 1205 2221 1267 πάσας
2249 1204 2351 1267 τὰς
2383 1202 2596 1274 ἡμέρας
2627 1202 2732 1265 ἕως
2759 1201 2858 1271 τῆς
2890 1197 3197 1260 συντελείας
3220 1194 3314 1250 τοῦ
3350 1192 3569 1256 αἰῶνος·
3602 1210 3629 1245 ι

2044 1297 2157 1348 καί·
2190 1295 2394 1347 «Ὅπου
2427 1293 2521 1345 δύο
2541 1291 2573 1363 ἢ
2596 1293 2744 1362 τρεῖς
2766 1288 3089 1359 συνηγμένοι
3120 1287 3256 1340 εἰσὶν
3289 1288 3366 1347 είς
3394 1284 3457 1337 τὸ
3490 1282 3635 1350 ἐμὸν

2042 1386 2233 1456 ὄνομα,
2248 1387 2364 1439 ἐκεῖ
2378 1388 2492 1454 εἰμι
2508 1388 2565 1438 ἐν
2581 1384 2730 1454 μέσῳ
2747 1381 2945 1437 αὐτῶν.
2961 1398 3082 1432 ι-ι
3103 1378 3349 1433 Ἐπειδὰν
3373 1377 3433 1431 δὲ
3450 1375 3591 1444 ἐγὼ,
3605 1392 3630 1426 ι

2045 1476 2208 1547 φησὶν
2237 1475 2397 1538 αὐτὸς
2427 1476 2456 1527 6
2478 1472 2702 1545 Κύριος,
2727 1491 2745 1523 ι
2781 1471 2949 1525 ἐλθὼν
2964 1467 3368 1540 κατασκηκώσω
3396 1469 3455 1520 ἐν
3472 1467 3637 1537 μέσῳ

2047 1583 2162 1630 σου,
2189 1589 2205 1618 ι
2248 1565 2468 1637 μείζονα
2495 1565 2615 1617 τότε
2642 1563 2841 1632 γνῶσιν
2874 1564 3002 1633 περὶ
3029 1562 3122 1615 τοῦ
3152 1559 3285 1615 Θεοῦ
3312 1558 3637 1630 παντοκρᾶ-

2044 1677 2202 1730 τορος
2249 1658 2521 1730 ἀναλήψῃ,
2551 1657 2686 1728 ἐμοῦ
2722 1656 2816 1709 τοῦ
2847 1655 3052 1728 Κυρίου
3081 1656 3179 1725 τὴν
3208 1654 3383 1708 αἰτίαν
3408 1652 3510 1723 τῆς
3541 1653 3636 1715 εἰς

376 1764 523 1820 Patri
571 1766 663 1835 qui
701 1766 849 1819 misit
881 1780 987 1829 mc,
1009 1763 1298 1817 attribuam
1327 1781 1340 1817 :
1378 1781 1397 1814 ι
1427 1762 1735 1832 Cognosces
1763 1766 1943 1814 autem

2055 1749 2364 1824 ἀνθρώπους
2383 1751 2685 1820 ἀποστολῆς
2715 1748 3055 1811 ἀνατιθέντος
3082 1746 3161 1818 τῷ
3185 1743 3636 1811 ἐξαποστείλαντί

376 1855 523 1925 quod
564 1854 828 1910 Dominus
866 1854 1213 1922 omnipotens
1256 1851 1404 1906 misit
1443 1865 1531 1905 me
1572 1849 1639 1904 ad
1684 1856 1756 1902 te.
1802 1866 1822 1900 ι
1867 1847 1947 1900 Ac

376 1942 635 2012 deinceps
665 1942 721 1996 in
753 1942 899 1996 hunc
924 1956 1057 1995 sane
1082 1941 1302 1994 modum
1333 1939 1449 2010 ipse
1477 1938 1739 1993 Dominus
1770 1937 1938 2007 loqui-

376 2036 503 2082 tur:
534 2049 552 2080 ι
587 2027 653 2082 Ει
671 2029 1041 2084 corroborabo
1071 2043 1166 2085 eos
1199 2028 1254 2082 in
1282 2027 1512 2083 Domino
1540 2028 1648 2082 Deo
1674 2027 1941 2097 ipsorum,

376 2126 431 2172 et
461 2119 515 2172 in
548 2121 768 2175 nomine
802 2119 975 2191 ipsius
1009 2120 1413 2190 gloriabuntur,
1436 2120 1568 2175 dicit
1597 2118 1882 2175 Dominus.
1919 2137 1939 2171 ι

380 2205 485 2263 Sed
515 2210 610 2279 qui
640 2209 857 2267 tandem
894 2217 1024 2267 sunt
1051 2210 1144 2281 qui
1166 2211 1222 2265 in
1255 2208 1486 2266 Domino
1516 2209 1851 2281 gloriantur?

926 2383 1154 2440 CAPUT
1182 2383 1393 2439 XXVII.

380 2495 533 2563 Quod
567 2510 751 2549 rursus
784 2494 1039 2565 Dominus
1066 2496 1131 2549 de
1173 2495 1281 2549 alio
1320 2495 1569 2565 quodam,
1614 2504 1819 2550 constat
1846 2510 1945 2553 au-

683 2574 784 2620 tem
807 2564 945 2636 quod
974 2565 1038 2620 de
1059 2565 1225 2620 Patre
1246 2564 1342 2620 suo
1376 2566 1629 2636 loquitur.

453 2697 473 2728 ι
493 2677 558 2732 Ει
577 2679 816 2735 ostendit
836 2678 967 2734 mihi
993 2678 1252 2735 Dominus
1270 2677 1455 2736 Jesum
1480 2680 1815 2737 sacerdotem
1832 2694 1948 2736 ma-

377 2787 566 2844 gnum,
603 2782 839 2831 stantem
868 2783 994 2830 ante
1024 2774 1219 2830 faciem
1250 2776 1428 2844 angeli
1460 2776 1709 2842 Domini,
1745 2784 1800 2833 et
1828 2777 1946 2833 dia-

2048 1860 2115 1913 με
2146 1844 2336 1915 Πατρί.
2370 1861 2387 1893 ι
2420 1841 2607 1915 Γνώσῃ
2631 1842 2709 1907 δὲ,
2737 1843 2820 1895 ὅτι
2851 1841 3053 1911 Κύριος
3086 1838 3478 1909 παντοκράτωρ
3516 1838 3636 1891 ἁπ-

2045 1934 2274 1989 έσταλκέ
2323 1950 2391 2004 με
2413 1934 2548 2006 πρὸς
2581 1932 2657 1987 σέ.
2692 1952 2710 1984 ι
2749 1933 2857 1986 Καὶ
2894 1932 3020 2002 ἑξῆς
3050 1931 3175 2001 περὶ
3211 1930 3395 2000 ἐτέρου
3416 1927 3636 1998 Κυρίου

2048 2025 2143 2078 καὶ
2165 2023 2299 2077 Θεοῦ
2339 2018 2441 2078 ὧδέ
2484 2042 2603 2088 πως
2648 2024 2810 2086 αὐτὸς
2842 2025 2871 2076 6
2895 2022 3097 2093 Κύριος
3142 2019 3382 2088 ἐπιλέγει
3404 2036 3419 2049 ·
3464 2037 3486 2070 ι
3518 2019 3636 2071 Καὶ

2054 2116 2364 2188 κατισχύσω
2401 2117 2597 2180 αὐτοὺς
2638 2119 2695 2171 tv
2717 2116 2907 2187 Κυρίῳ
2935 2114 3055 2184 Θεῷ
3091 2113 3289 2176 αὐτῶν,
3317 2113 3412 2166 καὶ
3455 2114 3519 2164 ὲν
3551 2109 3637 2181 τῷ

2045 2207 2269 2278 ὀνόματι
2317 2206 2480 2262 αὑτοῦ
2522 2208 2914 2279 καυχήσονται,
2954 2205 3103 2272 λέγει
3139 2204 3360 2276 Κύριος.
3393 2221 3414 2256 s
3463 2201 3636 2265 Τίνες

2043 2297 2103 2353 δέ
2129 2295 2195 2351 ἂν
2223 2293 2332 2351 εἷεν
2368 2299 2417 2352 οἱ
2446 2299 2503 2351 ἐν
2534 2296 2611 2367 τῷ
2636 2297 2824 2368 Κυρίῳ
2852 2294 3226 2365 καυχώμενοι;

2555 2388 2945 2443 ΚΕΦΑΛΔΙΟΝ
2983 2388 3108 2440 KZ’.

2058 2503 2155 2571 Ὠς
2178 2499 2353 2571 αὖθις
2385 2506 2600 2572 Κύριος
2633 2501 2766 2570 περὶ
2795 2499 3000 2568 ἐτέρου
3030 2499 3270 2572 Κυρίου,
3304 2494 3505 2563 δῆλον
3533 2494 3630 2562 δὲ,

2224 2567 2480 2642 dri—napi
2502 2567 2607 2628 τοῦ
2636 2567 2864 2640 Πάτρὸς
2890 2567 3103 2633 αὐτοῦ,
3133 2567 3441 2632 διέξεισιν.

2121 2687 2262 2741 «Καὶ
2289 2685 2458 2750 ἕδειξέ
2491 2703 2582 2757 μοι
2615 2684 2817 2756 Κύριος
2851 2681 3057 2754 Ἰησοῦν
3095 2680 3185 2734 τὸν
3220 2678 3370 2749 ἱερέα
3405 2676 3502 2731 τὸν
3531 2673 3634 2747 μέμ

2043 2793 2169 2846 γαν,
2204 2776 2417 2833 ἑστῶτα
2470 2777 2578 2849 πρὸ
2620 2774 2911 2847 προσώπου
2954 2772 3188 2843 ἀγγέλου
3233 2769 3478 2842 Κυρίου·
3528 2766 3631 2822 καὶ

376 2866 539 2922 holus
568 2868 749 2923 stabat
785 2884 817 2923 a
850 2868 1060 2924 dextris
1088 2869 1229 2938 ejus,
1268 2880 1327 2925 ut
1356 2870 1740 2926 adversaretur
1775 2872 1847 2926 ei.
1877 2870 1943 2925 Et

2055 2868 2336 2933 ΰδιάὸολος
2368 2870 2607 2941 εἱστήκει
2635 2871 2699 2921 ἐκ
2729 2865 2915 2931 δεξιῶν
2954 2864 3140 2930 αὐτοῦ,
3169 2862 3261 2916 τοῦ
3287 2859 3631 2915 ἀντικεῖσθαι

378 2956 515 3011 dixit
553 2955 819 3014 Dominus
847 2957 916 3012 ad
940 2956 1218 3013 diabolum
1252 2978 1265 3014 :
1296 2957 1548 3029 Increpet
1578 2957 1844 3014 Dominus
1886 2958 1943 3013 in

2055 2962 2210 3033 αὐτῷ.
2248 2962 2358 3016 Καὶ
2391 2956 2512 3014 εἷπε
2545 2959 2748 3032 Κύριος
2800 2958 2935 3030 πρὸς
2978 2956 3070 3009 τὸν
3099 2953 3373 3009 διάϐολον·
3422 2952 3634 3004 Ἐπιτι-

376 3054 452 3108 te,
477 3047 709 3110 diabole,
739 3054 795 3103 et
834 3047 1077 3119 increpet
1123 3046 1386 3103 Dominus
1434 3046 1491 3101 in
1526 3055 1600 3112 te,
1646 3046 1740 3117 qui
1784 3044 1943 3116 elegit

2055 3052 2218 3123 μήσαι
2244 3052 2447 3122 Κύριος
2484 3051 2541 3103 tv
2570 3049 2671 3113 σοι,
2694 3046 2927 3109 διάϐολε,
2959 3046 3052 3098 καὶ
3077 3043 3395 3114 ἐπιτιμήσαι
3421 3039 3631 3110 Κύριος

379 3138 540 3210 253
586 3138 887 3195 Jerusalem
926 3142 971 3197 ⁸.
1024 3161 1043 3193 ι
1096 3139 1310 3197 Rursus
1363 3139 1465 3195 hoc
1515 3139 1636 3195 loco
1684 3137 1943 3193 Dominus

2055 3145 2107 3197 tv
2138 3143 2239 3206 σοὶ,
2268 3145 2297 3197 6
2328 3141 2686 3211 ἐκλεξάμενος
2714 3140 2813 3210 τὴν
2856 3137 3224 3211 Ἰερουσαλήμ.
3262 3154 3280 3186 ι
3322 3132 3496 3187 Πάλιν
3536 3131 3634 3185 καὶ

380 3233 548 3285 alium
567 3232 854 3301 quemdam
885 3233 1299 3303 objurgaturum
1331 3233 1408 3287 ait
1436 3234 1613 3303 ipsum
1648 3229 1943 3293 diabolum,

2055 3232 2280 3288 ἐνταῦθα
2340 3235 2369 3287 6
2412 3232 2619 3305 Κύριος
2669 3232 2855 3302 ἕτερον
2899 3229 3104 3302 Κύριον
3150 3226 3499 3295 ἐπιτιμήσειν
3550 3220 3635 3293 τῷ

381 3322 474 3375 ubi
514 3336 648 3377 sane
672 3337 781 3377 non
806 3322 945 3393 ipse,
968 3325 1062 3395 qui
1092 3325 1333 3394 loquitur
1360 3322 1648 3388 Dominus,
1679 3321 1943 3391 increpat,

2055 3328 2277 3398 διαϐόλῳ
2306 3327 2490 3396 φησὶν,
2518 3325 2615 3395 ούχ
2647 3326 2676 3377 6
2700 3320 3219 3395 προσδιαλεγόμενος
3249 3317 3457 3387 Κύριος
3505 3318 3634 3370 ἐπι-

382 3410 478 3466 sed
503 3412 733 3467 alterum
759 3424 1057 3471 memorat:
1087 3416 1289 3486 quibus
1315 3416 1496 3472 verbis
1519 3416 1678 3486 plane
1696 3421 1943 3470 constare

2055 3419 2244 3491 τιμῶν,
2273 3418 2388 3475 ἀλλ’
2427 3417 2612 3487 ἐτέρου
2641 3414 2991 3487 μνημονεύων
3014 3412 3238 3484 Κυρίου·
3267 3410 3334 3463 δι’
3357 3403 3434 3462 ὧν
3462 3408 3635 3480 ἠγοῦ-

383 3503 619 3558 arbitror
641 3503 1157 3561 demonstrationem
1188 3506 1256 3562 de
1292 3507 1506 3562 duabus
1539 3508 1811 3576 personis,
1837 3521 1943 3561 uno

2055 3530 2152 3585 μαι
2185 3511 2372 3581 σαφῶς
2408 3507 2774 3582 παρίστασθαι
2823 3506 2950 3577 περὶ
2981 3504 3089 3558 τῶν
3130 3502 3223 3556 δύο
3252 3501 3496 3574 Κυρίων,
3530 3500 3632 3554 τοῦ

380 3590 564 3659 Patre,
590 3593 760 3650 altero
785 3610 851 3651 eo
870 3598 962 3666 qui
995 3612 1024 3649 a
1046 3595 1207 3652 Patre
1227 3597 1468 3651 omnium
1490 3611 1611 3666 qua:
1638 3595 1777 3651 facta
1798 3603 1947 3661 sunt,

381 3691 706 3755 potestatem
744 3699 808 3740 ac
847 3686 1272 3743 dominationem
1294 3687 1586 3757 acceperit.

923 3867 1150 3924 CAPUT
1176 3867 1412 3924 XXVIII.

383 3985 426 4037 Α
455 3981 749 4056 Παίαεὴὶᾳ.
767 3985 1012 4056 —_Quod
1034 3986 1276 4056 angelum
1308 3986 1628 4041 Testamenti
1655 3984 1948 4054 Christum,

484 4063 535 4108 et
563 4053 801 4109 eumdem
827 4053 1120 4110 Dominum
1145 4057 1468 4126 omnipotens
1502 4057 1643 4113 Deus
1673 4067 1844 4114 vocat.

458 4265 478 4299 ι
513 4246 653 4304 Ecce
700 4263 802 4319 ego
833 4249 987 4304 mitto
1029 4248 1279 4318 angelum
1327 4265 1530 4315 meum,
1561 4259 1614 4306 et
1660 4253 1955 4323 prospiciet

378 4340 524 4394 viam
558 4348 684 4394 ante
713 4339 907 4395 faciem
941 4356 1141 4406 meam,
1170 4348 1224 4397 et
1254 4348 1476 4412 repente
1505 4343 1684 4397 veniet
1723 4344 1790 4398 ad
1815 4351 1953 4397 tem-

2050 3604 2263 3675 Πατρὸς
2305 3602 2398 3656 καὶ
2424 3600 2558 3654 Θεοῦ
2605 3599 2714 3652 τῶν
2748 3598 2905 3661 ὅλων,
2939 3597 3032 3649 καὶ
3067 3595 3161 3649 τοῦ
3210 3592 3350 3666 μετὰ
3391 3592 3485 3645 τὸν
3512 3592 3636 3645 Πα-

2051 3697 2187 3767 τέρα
2227 3694 2326 3766 τὴν
2358 3692 2501 3748 κατὰ
2548 3693 2766 3746 πάντων
2814 3690 2921 3742 τῶν
2947 3687 3219 3761 γεννητῶν
3258 3686 3484 3758 κυρείαν
3533 3685 3635 3738 καὶ

2052 3783 2373 3839 δεσποτείαν
2404 3781 2736 3853 διειληφότος
2769 3777 3060 3845 ἀπόδειξιν.

2553 3892 2946 3948 ΚΕΦΑΛΑΙΟΝ
2995 3892 3131 3945 ΚΗ’.

2066 4008 2209 4063 Ἀπὸ
2258 4007 2366 4062 τὸῦ
2415 4006 2748 4076 Μαλαχίου.
2780 4037 2853 4076 ε
2885 4006 2988 4076 Ὡς.
3029 4003 3287 4076 ἄγγελον
3332 4000 3635 4076 Διαθήκης

2124 4080 2231 4131 τὸν
2260 4079 2541 4146 Χριστὸν,
2575 4074 2682 4130 τὸν
2715 4074 2905 4146 αὑτὸν
2928 4074 2998 4128 δὲ
3034 4076 3133 4129 καὶ
3165 4075 3385 4142 Κύριον
3413 4075 3447 4127 ό
3473 4088 3628 4125 παν-

2124 4144 2419 4216 τοκράτωρ
2449 4146 2592 4213 Θεὸς
2619 4144 2927 4201 ἀποκαλεῖ.

2130 4281 2148 4313 ι
2194 4261 2322 4315 Ἰδοὺ
2360 4259 2735 4328 ἐξαποστέλλω
2759 4259 2849 4312 τὸν
2881 4256 3110 4327 ἄγγελόν
3138 4273 3261 4326 μου,
3290 4257 3385 4309 καὶ
3411 4254 3637 4309 emat-

2054 4355 2213 4426 ψεται
2245 4354 2363 4407 ὁδὸν
2399 4353 2503 4425 πρὸ
2529 4351 2820 4421 προσώπου
2850 4368 2973 4422 μου,
2996 4351 3090 4404 καὶ
3116 4350 3374 4420 ἐξαίφνης
3399 4349 3518 4420 ἥξει
3556 4352 3639 4413 εἰς

380 4431 531 4500 plum
560 4429 844 4500 Dominus,
873 4447 1036 4502 quem
1077 4449 1176 4490 vos
1209 4433 1476 4503 quaeritis,
1507 4441 1561 4490 et
1594 4436 1821 4505 angelus
1848 4435 1943 4491 Te-

2055 4416 2145 4501 τὺν
2177 4447 2305 4501 ναὸν
2333 4416 2556 4517 Κύριος,
2576 4416 2646 4498 ’ὃν
2671 4445 2828 4513 ὑμεῖς
2851 4416 3094 4515 ζητεῖτε,
3113 4416 3260 4497 καὶ
3281 4416 3510 4510 ἄγγελος
3536 4442 3637 4512 τῆς

380 4524 656 4592 stamenti,
674 4541 835 4595 quem
857 4541 955 4580 vos
982 4526 1166 4591 vultis,
1188 4540 1317 4581 ecce
1345 4526 1513 4594 venit,
1535 4527 1667 4582 dicit
1690 4526 1953 4583 Dominus

382 4616 768 4685 omnipotens,
817 4627 872 4672 et
933 4618 1058 4688 quis
1113 4619 1406 4674 sustinebit
1457 4619 1600 4675 diem
1671 4620 1953 4690 ingressus

382 4706 503 4776 ejus
520 4707 579 4762 ‘1
609 4727 629 4760 ι
658 4708 832 4763 Etiam
847 4711 960 4764 haec
976 4711 1247 4781 prioribus
1274 4713 1471 4768 similia
1497 4720 1643 4768 sunt.
1674 4712 1794 4784 Ipse
1807 4714 1952 4770 enim

381 4794 646 4852 Dominus
668 4796 812 4852 Deus
841 4799 1204 4869 omnipotens,
1233 4799 1519 4856 Dominum
1552 4811 1842 4858 venturum
1876 4806 1953 4860 ait

380 4886 440 4940 in
473 4886 735 4956 templum
768 4901 952 4953 suum,
979 4890 1197 4945 interim
1227 4890 1298 4945 de
1329 4892 1436 4946 alio
1468 4892 1696 4962 loquens
1730 4909 1743 4946 :
1783 4894 1954 4962 signi-

380 4976 511 5031 ﬁcat
539 4992 706 5049 porro
730 4977 902 5034 Deum
951 4979 1209 5044 Verbum,
1245 4998 1407 5053 quem
1449 4993 1639 5054 postea
1699 4987 1950 5057 angelum

379 5067 716 5125 Testamenti
753 5070 1021 5139 nominat,
1052 5088 1325 5144 quemque
1351 5075 1515 5129 etiam
1546 5078 1660 5146 ipse
1690 5062 1952 5134 Dominus

379 5166 727 5237 omnipotens
758 5164 919 5222 docet
958 5182 1019 5223 se
1048 5168 1265 5224 mittere
1288 5175 1416 5224 ante
1439 5167 1632 5223 faciem
1658 5184 1834 5235 suam,
1866 5169 1953 5225 di-

376 5272 550 5314 cens:
579 5274 598 5308 ι
626 5256 768 5313 Ecce
793 5272 894 5329 ego
924 5258 1083 5313 mitto
1103 5259 1354 5330 angelum
1390 5274 1572 5314 meum
1606 5273 1732 5316 ante
1756 5260 1950 5315 faciem

377 5352 781 5424 meamaAtqui
799 5352 1046 5408 eumdem
1062 5352 1224 5420 hunc,
1243 5368 1404 5424 quem
1423 5370 1442 5404 ι
1462 5354 1709 5425 angelum
1724 5367 1903 5408 meum
1924 5370 1944 5405 ι

378 5445 614 5509 vocavit,
673 5461 868 5502 rursus
927 5445 1186 5515 deinceps
1228 5444 1519 5502 Dominum
1554 5446 1811 5517 appellat,
1851 5446 1947 5501 ubi

381 5535 629 5606 adjungit
658 5536 791 5592 illud
816 5554 831 5591 :
867 5555 887 5589 ι
928 5536 994 5590 Ει
1018 5545 1243 5609 repente
1269 5546 1450 5604 veniet
1475 5537 1739 5595 Dominus
1757 5548 1811 5594 et
1847 5553 1947 5593 an-

446 5702 469 5736 ⁸
498 5700 689 5759 Matth.
727 5716 918 5764 χχι-ιιι,
947 5698 1036 5753 20.

2052 4535 2350 4606 Διαθήκης,
2382 4533 2440 4586 ὃν
2468 4533 2626 4604 ὑμεῖς
2662 4530 2865 4585 θέλετε.
2909 4531 3039 4584 Ἰδοὺ
3068 4532 3305 4602 ἔρχεται,
3341 4530 3492 4600 λέγει
3524 4532 3634 4605 K6-

2059 4644 2171 4700 ριος
2207 4625 2623 4697 παντοκράτωρ,
2658 4624 2754 4677 καὶ
2777 4622 2863 4686 τίς
2892 4623 3155 4694 ὑπομενεῖ
3184 4623 3399 4695 ἡμέραν
3429 4624 3638 4678 εἰσόδου

2051 4715 2214 4771 αὐτοῦ
2233 4732 2248 4781 ;
2268 4735 2287 4767 ι
2309 4717 2506 4786 Ὅμοια
2527 4714 2622 4767 καί¹
2649 4711 2821 4767 ταῦτα
2838 4715 2949 4776 τοῖς
2971 4712 3277 4786 προτέροις.
3301 4711 3510 4782 Κύριος
3527 4713 3636 4784 γὰρ

2057 4810 2218 4872 αὐτὸς
2248 4811 2277 4862 6
2311 4809 2445 4872 Θεὸς
2472 4807 2869 4879 παντοκράτωρ
2899 4806 3048 4877 ἥξειν
3077 4806 3241 4876 φησὶν
3275 4806 3357 4867 είς
3387 4806 3479 4859 τὸν
3512 4807 3636 4860 ναὸν

2053 4899 2220 4953 αὑτοῦ
2252 4899 2456 4971 Κύριον
2474 4939 2488 4963 ,
2519 4899 2647 4969 περὶ
2681 4899 2871 4971 ἐτέρου
2899 4897 3095 4965 λέγων.
3125 4896 3287 4967 Δηλοῖ
3315 4895 3375 4949 δὲ
3408 4896 3519 4969 ἄρα
3547 4897 3636 4951 τὸν

2052 4992 2187 5047 Θεὸν
2209 4992 2400 5061 Λόγον.
2424 4992 2579 5047 Μετὰ
2601 4990 2760 5045 τοῦτο
2780 4990 2839 5043 δὲ
2869 4991 2965 5044 καὶ
2988 4979 3227 5058 ἄγγελον
3237 4988 3339 5058 τῆς
3359 4989 3633 5061 Ameana};

2051 5083 2342 5154 ὀνομάζει,
2386 5082 2446 5136 δν
2509 5082 2605 5134 καὶ
2635 5081 2796 5144 αὐτὸς
2828 5082 2856 5134 6
2887 5078 3280 5149 παντοκράτωρ
3314 5076 3521 5150 Κύριος
3549 5078 3632 5141 ἐξ-

2051 5172 2404 5226 αποστέλλειν
2435 5173 2542 5244 πρὸ
2574 5169 2865 5244 προσώπου
2900 5169 3094 5223 ἑαυτοῦ
3137 5168 3402 5235 διδάσκει,
3443 5168 3632 5238 λέγων·

2062 5284 2081 5316 ι
2125 5264 2257 5318 Ἰδοὺ
2290 5263 2404 5333 ἐγὼ
2425 5261 2799 5329 ἐξαποστέλλω
2829 5260 3057 5330 ἄγγελόν
3080 5277 3180 5331 μου
3203 5260 3311 5332 πρὸ
3341 5259 3632 5333 προσώπου

2060 5374 2181 5428 μου.
2213 5375 2233 5407 ι
2260 5357 2364 5408 Τὸν
2392 5355 2555 5410 αὐτὸν
2585 5355 2644 5409 δὲ
2670 5354 2880 5418 τοῦτον,
2911 5353 2969 5407 ὃν
2996 5372 3016 5405 ι
3054 5351 3287 5421 ἄγγελόν
3343 5368 3450 5423 μου
3486 5369 3505 5402 ι
3533 5352 3627 5404 άπ-

2052 5446 2298 5510 εκάλεσε,
2330 5446 2490 5500 πάλιν
2513 5445 2639 5516 ἑξῆς
2662 5438 2863 5518 Κύριον
2902 5442 3175 5516 ὀνομάζει·
3201 5461 3221 5494 ι
3239 5443 3351 5497 Καὶ
3378 5442 3629 5511 ἐξαίφνης

2052 5538 2172 5605 ἥξει
2203 5538 2426 5611 Κύριος,
2466 5557 2484 5589 ι
2519 5536 2808 5605 ἐπιλέγων,
2837 5555 2856 5588 ι
2884 5536 2981 5590 καὶ
3003 5538 3032 5591 6
3053 5532 3285 5605 ἄγγελος
3315 5533 3417 5605 τῆς
3437 5532 3627 5603 Amoq-

1116 5702 1137 5730 δ
1162 5698 1352 5755 Matth.
1381 5713 1534 5762 xvui,
1569 5697 1662 5753 20.
1739 5700 1759 5732 ⁵
1789 5695 1943 5753 Zach.

2058 5735 2073 5766 ,
2102 5696 2151 5762 I,
2175 5696 2231 5752 2.
2311 5696 2331 5729 ⁸
2355 5694 2586 5753 Malach.
2622 5709 2708 5764 ιιι,
2743 5693 2869 5766 Ι,2.
