3846 6218
152 104 185 124 κ

177 336 287 391 ιυθ

1133 330 1791 390 DEMONSTRATIONIS
1823 329 2289 388 EVANGELIC£
2326 328 2455 385 LIB.
2491 328 2560 384 ν.

3333 323 3442 380 MO

179 466 307 519 κης.
342 467 361 501 ι
417 447 554 502 Ἕνα
603 446 660 501 δὲ
688 447 785 503 καὶ
821 447 912 503 τὸν
962 446 1125 502 αὑτὸν
1165 450 1442 521 προειπὼν
1483 452 1754 524 ἐπιφέρει’

1868 451 2012 522 gelus
2058 448 2416 506 Testamenti.
2459 467 2478 500 ι
2521 445 2702 501 Unum
2751 458 2881 500 vero
2910 448 2967 499 et
3014 439 3265 497 eumdem
3313 454 3440 495 cum

182 561 203 592 ι
248 542 380 596 Ἰδοὺ
414 542 653 613 ἔρχεται,
703 541 798 595 κα)⁸
840 542 927 605 τίς
973 542 1238 612 ὑπομενεῖ
1282 544 1495 616 ἡμέραν
1551 545 1756 599 είσόδου

177 632 384 698 αὐτοῦς
418 651 439 685 ι
460 632 560 703 τὴν
596 631 859 706 δευτέραν
879 634 974 686 καὶ
997 633 1210 700 ένδοξον
1248 637 1552 707 παρουσίαν
1591 635 1755 691 αὐτοῦ

178 722 483 794 σημαίνων.
518 724 576 777 '0
590 724 762 778 ταῦτα
794 725 849 778 δὲ
879 727 1058 780 πάντα
1087 725 1379 794 θεσπίζων,
1403 728 1609 800 Κύριός
1639 730 1756 782 ἐστι

178 815 577 886 παντοκράτωρ
609 816 639 868 6
669 815 777 869 τῶν
804 815 941 870 ὅλων
967 816 1118 881 Θεός.

685 1014 1081 1068 ΚΕΦΑΛΑΙΟΝ
1118 1015 1247 1070 KG’.

191 1126 289 1195 Ὡς
322 1128 502 1197 ἥλιον
526 1127 920 1198 δικαιοσύνης
952 1129 1060 1185 τὸν
1099 1131 1358 1199 Χριστὸν
1387 1134 1420 1187 ό
1451 1131 1571 1188 τῶν
1599 1132 1763 1187 ὅλων

736 1199 882 1266 Θεὸς
913 1200 1200 1272 ὀνομάζὲι.

253 1332 272 1362 ι
312 1313 425 1365 Καὶ
445 1312 694 1367 ἀνατελεῖ
712 1315 824 1377 τοῖς
845 1312 1010 1383 φοϐου
1018 1313 1199 1386 μένοις
1221 1315 1281 1371 τὸ
1302 1315 1471 1388 ὄνομά
1487 1335 1592 1389 μου
1610 1317 1759 1389 ἥλιος

176 1405 545 1476 δικαιοσύνης,
577 1406 671 1459 ml.
705 1406 848 1470 ῐασις
873 1405 1024 1461 ἔσται
1046 1409 1104 1461 ὲν
1124 1410 1244 1472 ταῖς
1261 1408 1518 1480 πτέρυξιν
1536 1410 1720 1464 αὐτοῦ.
1734 1429 1754 1462 ι

190 1496 243 1548 '0
263 1495 526 1559 πολλάκις
542 1496 861 1567 ὀνομασθείς
876 1497 1100 1570 Κύριος,
1122 1499 1214 1551 καὶ
1228 1498 1379 1563 Θεὸς,
1398 1499 1493 1553 καὶ
1507 1498 1756 1569 ἄγγελος,

178 1587 269 1640 καὶ
280 1587 974 1660 ἀρχιστράτηγος,Χριστός
986 1606 1044 1642 τε
1057 1590 1150 1643 καὶ
1163 1590 1460 1661 ἱερεὺς,καὶ
1470 1591 1761 1659 Λόγος,καὶ
1804 1585 1811 1589 ’

178 1680 341 1747 σοφία
360 1678 516 1745 Θεοῦ,
535 1680 629 1734 καὶ
653 1679 947 1745 είκὼν,νῦν
971 1682 1131 1746 αὐτὸς
1152 1676 1305 1746 οὗτος
1330 1682 1481 1754 ἥλιος
1499 1683 1760 1755 κέκληται

174 1770 545 1843 δικαιοσύνης.
577 1771 776 1825 Τοῦτον
803 1773 867 1843 δὴ
900 1768 992 1826 οὖν
1020 1773 1180 1827 αὑτὸν
1212 1775 1241 1826 6
1272 1774 1541 1845 γεννήσας
1569 1774 1760 1847 Πατὴρ

1866 543 2207 613 produxerit,
2241 549 2356 595 tum
2386 539 2539 595 addit
2566 559 2579 592 :
2615 557 2633 589 ι
2674 537 2814 592 Ecce
2845 534 3012 594 venit,
3042 543 3096 588 et
3123 531 3248 602 quis
3272 531 3440 587 susti-

1864 636 2016 691 nebit
2037 634 2179 690 diem
2215 635 2498 703 ingressus
2530 630 2693 699 ejus?
2728 648 2746 679 ι
2781 625 2985 697 quibus
3033 622 3215 678 verbis
3245 636 3444 680 secun-

1864 727 1993 781 dum
2031 736 2087 782 et
2129 725 2427 796 gloriosum
2458 723 2604 777 illius
2655 720 2950 773 adventum
3006 713 3298 784 significat.
3335 709 3443 765 Sed

1862 820 1959 890 qui
1986 818 2169 874 omnia
2200 818 2315 872 haec
2342 815 2514 881 canit,
2546 813 2810 868 Dominus
2835 818 2920 866 est
2944 807 3291 877 omnipotens
3319 805 3444 859 uni-

1862 911 2007 969 versi
2044 910 2210 967 Deus.

2432 1020 2661 1080 CAPUT
2689 1019 2886 1076 XXIX.

1864 1141 2029 1215 254
2071 1137 2226 1208 Quod
2275 1137 2693 1215 solem_justitia:
2732 1132 3005 1215 _Christum
3057 1132 3170 1200 ipse
3212 1129 3443 1184 universi

2433 1208 2571 1263 Deus
2600 1208 2861 1262 nominat.

1942 1345 1959 1379 ι
1993 1324 2056 1379 Et
2082 1323 2289 1378 orietur
2316 1320 2633 1375 timentibus
2666 1332 2859 1374 nomen
2884 1329 3065 1370 meum
3089 1313 3171 1369 sol
3193 1310 3441 1383 justitia,

1864 1428 1920 1476 et
1951 1418 2165 1475 sanatio
2190 1416 2295 1471 erit
2328 1415 2382 1469 in
2411 1414 2514 1468 alis
2545 1413 2725 1483 ejus'.
2761 1432 2781 1465 ι
2816 1410 2920 1477 Qui
2954 1423 3095 1478 saepe
3129 1406 3444 1461 nominatus

1864 1522 1951 1570 est
1978 1521 2034 1568 et
2068 1511 2352 1574 Dominus,
2390 1515 2444 1564 et
2495 1506 2663 1570 Deus,
2710 1512 2764 1560 et
2797 1504 3048 1574 angelus,
3102 1509 3158 1556 et
3187 1499 3444 1569 princeps

1867 1605 2285 1676 imperatorum,
2320 1610 2374 1657 et
2400 1600 2676 1661 Christus,
2709 1604 2763 1651 et
2791 1593 3072 1656 sacerdos,
3102 1598 3160 1646 et
3179 1588 3441 1654 Verbum,

1865 1704 1920 1752 et
1954 1695 2223 1767 sapientia
2254 1693 2372 1757 Dei,
2406 1698 2462 1746 et
2493 1691 2710 1761 imago:
2745 1702 2891 1742 nunc
2933 1685 3073 1740 idem
3106 1702 3126 1735 ι
3166 1683 3249 1739 sol
3276 1681 3444 1751 justi-

1868 1790 1955 1844 tiae
1991 1810 2010 1841 ι
2048 1787 2270 1843 dicitur.
2298 1786 2454 1841 Hunc
2478 1786 2659 1854 ipsum
2696 1782 2880 1861 igitur,
2916 1781 2963 1836 is
2995 1781 3087 1850 qui
3126 1778 3313 1851 genuit
3339 1776 3446 1831 Pa-

175 1861 238 1912 οὐ
268 1864 385 1925 τοῖς
414 1864 601 1927 πᾶσιν,
637 1861 773 1917 ἀλλά
808 1864 992 1935 μόνοις
1021 1867 1132 1929 τοῖς
1162 1865 1223 1918 τὸ
1254 1865 1423 1935 ὄνομα
1456 1865 1620 1919 αὐτοῦ
1657 1883 1755 1935 φο-

1868 1891 1962 1946 ter,
2020 1898 2129 1936 non
2180 1880 2435 1935 omnibus
2494 1877 2762 1932 oriturum
2819 1873 3105 1946 promittit,
3169 1872 3263 1927 sed
3313 1870 3445 1927 solis

176 1951 467 2023 ϐουμένοις
500 1952 777 2007 ἀνατελεῖν
808 1955 1229 2025 ἐπαγγέλλεται,
1256 1957 1423 2029 γέρας
1448 1957 1631 2021 αὐτοῖς
1661 1957 1754 2011 τοῦ

174 2046 256 2107 εἰς
286 2045 452 2097 αὐτὸν
481 2045 643 2114 φόϐου
685 2045 859 2111 διδοὺς
897 2047 959 2100 τὸ
1003 2047 1118 2118 φῶς
1151 2048 1245 2101 τοῦ
1280 2050 1378 2120 τῆς
1415 2049 1758 2122 δικαιοσύνης

174 2134 353 2206 ἡλίου.
378 2137 479 2209 Εῑη
510 2137 556 2190 δ’
583 2137 649 2191 ἂν
671 2130 824 2202 οὗτος
853 2140 880 2191 6
902 2137 1033 2203 Θεὸς
1059 2140 1251 2208 Λόγος,
1277 2142 1306 2193 6
1332 2140 1522 2195 εἰπών’
1559 2161 1577 2193 ι
1618 2142 1758 2211 Ἐγώ

171 2227 293 2296 εἰμι
320 2226 384 2280 τὸ
416 2226 532 2296 φῶς
563 2227 656 2281 τοῦ
690 2231 929 2300 κόσμου’
980 2230 1118 2302 ὅπερ
1162 2227 1231 2303 ἦν
1273 2230 1387 2302 φῶς
1427 2232 1488 2285 τὸ
1529 2232 1757 2302 φωτίζον

173 2319 360 2373 πάντα
390 2318 675 2392 ἄνθρωπον
709 2321 1002 2393 ἐρχόμενον
1026 2324 1107 2387 είς
1130 2323 1221 2376 τὸν
1253 2323 1476 2394 κόσμον.
1508 2342 1528 2375 ι
1560 2322 1757 2378 Τοῦτον

170 2409 239 2480 δὴ
268 2406 383 2474 οὖν,
411 2409 524 2463 ἀλλ’
557 2411 618 2465 οὐ
649 2411 741 2465 τὸν
771 2411 1051 2483 αἰσθητὸν,
1082 2413 1204 2466 οὐδὲ
1235 2414 1327 2467 τὸν
1364 2415 1614 2486 προφανῆ
1644 2417 1759 2479 τοῖς

169 2505 314 2558 πᾶσι
336 2503 575 2572 λογικοῖς
601 2521 661 2558 τε
695 2506 791 2559 καὶ
812 2506 1027 2574 ἀλόγοις
1056 2507 1227 2579 ἥλιον,
1267 2507 1404 2563 ἀλλά
1429 2510 1522 2563 τὸν
1553 2509 1755 2574 ἔνθεον,

167 2597 271 2652 καὶ
294 2597 501 2667 νοερὸν,
537 2599 631 2653 καὶ
653 2598 834 2668 πάσης
855 2599 1054 2671 ἀρετῆς
1075 2601 1170 2655 καὶ
1192 2600 1536 2672 δικαιοσύνης
1557 2603 1645 2657 αῑτ
1655 2618 1755 2668 ιον,

170 2691 364 2762 μόνοις
402 2694 517 2756 τοῖς
560 2691 725 2761 φοϐου
732 2691 913 2763 μένοις
962 2692 1123 2746 αὐτὸν
1175 2693 1450 2748 ἀνατελεῖν
1497 2695 1591 2748 ἐπὶ
1661 2693 1754 2748 τοῦ

167 2784 490 2855 παρόντοςό
515 2784 646 2848 Θεός
667 2801 853 2855 φησιν,
887 2783 1257 2855 ἀποκρύπτων
1312 2786 1478 2839 αὐτὸν
1505 2786 1615 2840 τῶν
1659 2788 1756 2841 ἀν-

165 2877 365 2943 αξίων·
404 2881 531 2948 περὶ
563 2869 639 2930 ὧν
665 2874 920 2947 ἀλλαχόθι
946 2892 1048 2929 που
1088 2874 1257 2945 λέγει’
1287 2894 1307 2929 ι
1340 2877 1452 2931 Καὶ
1473 2876 1692 2931 δύσεται
1728 2881 1757 2933 6

163 2967 328 3036 ἣλιος
359 2967 454 3020 ἐπὶ
484 2967 609 3033 τοὺς
644 2968 930 3040 προφήτας
968 2967 1097 3031 τοὺς
1139 2965 1456 3033 πλανῶντας
1493 2969 1587 3024 τὸν
1629 2969 1756 3025 λαόν

169 3071 302 3126 μου.
342 3072 363 3107 ι

705 3195 1105 3250 ΚΕΦΑΛΑΙΟΝ
1141 3195 1220 3252 A'.

179 3305 335 3360 Ἀπὸ
366 3306 473 3360 τοῦ
515 3308 655 3375 Ἰερε

242 3378 444 3450 Κυρίῳ
477 3377 562 3450 τῷ
609 3379 793 3450 Harp}
836 3378 1032 3448 εὐχὴν
1062 3377 1431 3450 diutinam,
1483 3379 1601 3449 τὴν
1638 3377 1760 3435 τῶν

243 3445 439 3501 ἐθνῶν
462 3445 838 3518 ἐπιστροφὴν
864 3445 1178 3511 θεσπίζων.

247 3578 269 3611 ι
299 3558 473 3632 Κύριε
508 3561 541 3631 ἡ
581 3561 731 3631 ἰσχύς
767 3578 888 3632 μου,
925 3562 1020 3615 καὶ
1056 3560 1279 3633 βοήθειά
1312 3579 1436 3633 μου,
1462 3561 1557 3616 καὶ
1587 3579 1758 3617 κατα-

170 3650 325 3721 φυγή
363 3666 467 3720 μου
498 3652 555 3705 ὲν
588 3652 771 3723 ἡμέρᾳ
803 3650 1068 3721 θλίψεως,
1106 3651 1244 3722 πρὸς
1277 3652 1337 3705 σὲ
1373 3651 1500 3723 ἔθνη
1536 3651 1757 3723 ἥξουσιν

167 3742 269 3794 ἀπ’
298 3741 533 3811 ὲσχάτου
565 3742 666 3812 τῆς
695 3743 818 3814 γῆς,
844 3743 940 3795 καὶ
966 3741 1206 3813 ἐροῦσιν·
1240 3732 1340 3807 ’Ὧς
1367 3743 1535 3816 ψευδῆ
1595 3745 1756 3816 ἐκτή-

169 3849 340 3887 σαντο
381 3833 432 3885 οἱ
477 3835 712 3905 πατέρες
760 3835 917 3906 ἡμῶν
965 3834 1178 3900 εἴδωλα,
1232 3835 1326 3888 καὶ
1368 3835 1469 3889 οὐκ
1510 3835 1657 3888 ἔστιν
1697 3836 1755 3887 ὲν

168 3926 362 3988 αὐτοῖς
411 3923 669 3994 ὠφέλεια.
720 3926 784 3980 Ei
822 3928 1038 3999 ποιήσει
1069 3926 1220 3998 αὑτῷ
1257 3925 1544 3998 ἄνθρωπος
1576 3926 1751 3990 θεοὺς,

170 4015 269 4068 καὶ
314 4006 461 4068 οῦτοι
508 4015 609 4069 οὐκ
652 4014 760 4069 εἰσὶ
809 4017 941 4071 θεοί.
992 4018 1092 4071 Διὰ
1138 4016 1298 4070 τοῦτο
1351 4016 1460 4070 ἰδοὺ
1501 4014 1612 4084 ἐγὼ
1664 4015 1756 4087 δη-

169 4105 333 4161 λώσω
389 4106 572 4171 αὐτοῖς
612 4108 669 4162 ὲν
711 4107 790 4180 τῷ
830 4108 1008 4181 καιρῷ
1050 4108 1225 4180 τούτῳ
1275 4107 1371 4179 τὴν
1420 4108 1578 4178 χεῖρά
1629 4124 1753 4178 μου,

168 4199 267 4252 καὶ
303 4199 522 4271 γνωριῶ
555 4201 737 4264 αὐτοῖς
771 4200 870 4271 τὴν
908 4200 1136 4272 δύναμίν
1167 4218 1290 4272 μου,
1334 4200 1429 4253 καὶ
1457 4198 1755 4268 γνώσονται

1865 1990 2063 2029 nomen
2096 1989 2255 2029 suum
2286 1970 2623 2035 timentibus,
2656 1976 2716 2022 ut
2748 1968 2829 2022 sic
2856 1966 2962 2022 illis
2988 1965 3200 2021 timoris
3228 1979 3356 2035 erga
3384 1978 3444 2019 se

1866 2066 2170 2137 praemium.
2203 2065 2336 2122 solis
2369 2063 2599 2133 iustitiae
2626 2061 2717 2115 det
2753 2061 2957 2114 lumen.
2994 2057 3110 2114 Erit
3140 2064 3321 2112 autem
3352 2056 3445 2113 hic

1866 2158 2010 2214 Deus
2044 2156 2305 2221 Verbum,
2339 2171 2370 2209 a
2397 2171 2508 2225 quo
2541 2154 2673 2209 illud
2714 2152 2921 2206 dictum
2956 2163 3042 2207 est
3074 2169 3088 2206 :
3120 2168 3139 2202 ι
3180 2149 3292 2221 Ego
3321 2164 3445 2205 sum

1864 2251 1956 2305 lux
1987 2248 2235 2312 mundi“,
2261 2263 2383 2319 quae
2408 2254 2527 2302 erat
2556 2247 2648 2299 lux
2678 2245 2995 2302 illuminans
3021 2261 3236 2301 omnem
3268 2244 3446 2300 homi-

1862 2357 1987 2397 nem
2024 2340 2329 2395 venientem
2374 2339 2429 2392 in
2475 2338 2620 2391 hunc
2650 2336 2975 2391 mundum’.
3008 2356 3028 2390 ι
3067 2335 3220 2393 Hanc
3262 2336 3446 2405 itaque

1864 2434 2062 2497 lucem,
2096 2447 2206 2486 non
2236 2437 2420 2485 autem
2447 2430 2599 2484 illum
2632 2428 2949 2484 sensibilem
2981 2436 3036 2484 et
3066 2427 3440 2493 manifestum,

1862 2537 1917 2582 et
1952 2524 2316 2580 rationalibus
2344 2531 2400 2577 et
2436 2522 2616 2577 brutis
2645 2522 2838 2588 solem,
2879 2521 2974 2577 sed
3004 2522 3249 2577 divinum
3282 2531 3446 2592 atque

1862 2618 2277 2688 intelligentem,
2293 2623 2348 2671 et
2365 2615 2544 2671 omnis
2566 2614 2785 2670 virtutis
2810 2630 2876 2670 ac
2900 2614 3132 2685 iustitiae
3161 2598 3442 2671 auctorem

1863 2711 1997 2768 solis
2038 2713 2217 2780 ipsum
2263 2708 2584 2766 timentibus
2631 2708 2927 2774 oriturum,
2964 2709 3020 2763 in
3066 2709 3325 2780 praesenti
3366 2706 3444 2762 ait

1864 2802 2029 2871 Deus,
2062 2804 2214 2858 illum
2247 2802 2316 2859 iis
2366 2801 2581 2856 interim
2617 2800 2925 2863 occultans,
2961 2801 3056 2870 qui
3087 2800 3183 2855 illo
3230 2798 3443 2869 indigni

1862 2896 1994 2960 sint,
2027 2895 2096 2951 de
2124 2895 2327 2966 quibus
2364 2893 2529 2950 etiam
2562 2892 2691 2947 alibi
2730 2892 2901 2947 dicit:
2937 2909 2956 2942 ι
2993 2890 3060 2946 Et
3098 2890 3311 2947 occidet
3358 2888 3443 2944 sol

1861 3003 2028 3059 super
2043 2987 2360 3059 prophetas,
2393 2985 2488 3056 qui
2515 2985 2798 3055 decipiunt
2826 2984 3089 3055 populum
3123 2996 3307 3039 meum
3330 2979 3430 3034 ι’.»

2424 3204 2656 3262 CAPUT
2691 3204 2862 3261 XXX.

651 3308 815 3389 μίσει·
832 3338 904 3389 -.
930 3309 1023 3389 ᾮς
1053 3308 1198 3389 Θεεδς
1223 3309 1416 3389 ιεόγεος
1438 3309 1653 3389 Κύριος
1672 3307 1756 3389 (ἓν

1868 3325 1939 3383 Ab
1964 3323 2219 3379 Ieremia.
2254 3353 2326 3364 —-
2366 3321 2824 3388 Quemadmodum
2877 3319 3017 3375 Deus
3070 3319 3318 3383 Verbum,
3370 3320 3441 3374 ad

1932 3394 2152 3450 Patrem
2184 3394 2603 3462 deprecationem
2638 3393 2851 3456 emittit,
2879 3391 3116 3463 gentium
3145 3393 3441 3446 conuersio-

1929 3482 2047 3521 nem
2076 3465 2317 3534 futuram
2345 3464 2677 3534 signiﬁcans.
2890 3498 2894 3503 α

1933 3595 1953 3626 ι
1985 3575 2211 3631 Domine
2227 3574 2493 3630 fortitudo
2514 3590 2654 3637 mea,
2675 3576 3006 3629 etauxilium
3041 3589 3242 3637 meum,
3274 3583 3330 3629 et
3352 3588 3441 3629 re-

1861 3668 2066 3740 fugium
2098 3684 2303 3733 meum,
2332 3669 2387 3722 in
2422 3667 2510 3723 die
2534 3667 2928 3733 tribulationis,
2960 3666 3026 3720 ad
3061 3675 3113 3720 te
3141 3676 3329 3736 gentes
3356 3682 3441 3722 ve-

1858 3760 2012 3814 nient
2054 3759 2123 3814 ab
2154 3768 2398 3815 extremo
2429 3766 2610 3822 terrae,
2646 3757 2896 3813 etdicent
2926 3777 2940 3813 :
2972 3756 3114 3813 Vere
3140 3757 3276 3814 falsa
3306 3773 3438 3828 pos-

1858 3853 2116 3908 sederunt
2162 3861 2346 3924 patres
2399 3854 2571 3909 nostri
2617 3855 2935 3917 simulacra,
2979 3860 3034 3908 et
3082 3867 3191 3906 non
3233 3861 3318 3907 est
3380 3852 3438 3907 in

1856 3944 1939 3999 eis
1968 3943 2196 3999 utilitas.
2217 3942 2274 3998 Si
2305 3942 2468 3999 faciet
2497 3945 2602 4001 sibi
2626 3945 2790 3999 homo
2820 3945 2973 4008 deos,
3006 3953 3062 3999 et
3091 3943 3146 3997 hi
3173 3959 3284 3997 non
3310 3950 3439 3998 sunt

1858 4036 1954 4091 dii.
1990 4033 2198 4090 Idcirco
2239 4050 2369 4090 ecce
2395 4051 2497 4107 ego
2526 4035 2808 4091 ostendam
2848 4036 2929 4092 eis
2956 4036 3009 4090 in
3041 4036 3435 4106 temporehoc,

1856 4135 1910 4183 et
1934 4134 2117 4180 notam
2151 4125 2346 4179 faciam
2376 4128 2457 4182 eis
2496 4142 2718 4181 manum
2752 4142 2950 4190 meam,
2987 4125 3150 4196 255
3177 4136 3231 4181 et
3258 4126 3437 4181 virtu-

1857 4224 1964 4270 tem
2008 4218 2207 4278 meam,
2241 4223 2295 4269 et
2327 4225 2665 4286 cognoscent
2693 4217 2839 4288 quod
2882 4233 2983 4285 ego
3028 4216 3369 4273 Dominus“.
3412 4237 3432 4271 ι

164 4291 254 4345 ὅτι
284 4289 397 4358 ἐγὼ
421 4289 644 4362 Κύριος.
681 4311 700 4343 ι
730 4291 935 4364 Κύριος
962 4292 1136 4363 ἑτέρῳ
1164 4290 1386 4362 εὔχεται
1427 4291 1637 4363 Κυρίῳ,
1677 4290 1756 4362 τῷ

165 4382 353 4454 Πατρὶ
394 4382 596 4453 δηλαδὴ
633 4383 728 4436 καὶ
764 4382 884 4455 Θεῷ
919 4383 1029 4437 τῶν
1067 4383 1225 4447 ὅλων,
1263 4385 1321 4436 ὲν
1347 4378 1428 4447 οἷς
1455 4382 1757 4455 ἀρχόμενός

1855 4306 1914 4362 ln
1946 4309 2031 4363 bis
2064 4308 2245 4363 verbis
2278 4308 2540 4364 Dominus
2573 4310 2738 4363 alium
2790 4317 3070 4379 precatur,
3108 4308 3326 4364 Patrem
3357 4309 3440 4363 ri-

1856 4398 2056 4453 delicet
2088 4413 2154 4452 ac
2193 4397 2361 4453 Deum
2398 4399 2666 4464 universi,
2697 4399 2811 4454 illic
2862 4414 2996 4455 sane
3028 4399 3122 4453 ubi
3172 4400 3439 4470 incipiens

167 4492 332 4549 ιρησι·
360 4498 379 4527 ι
404 4476 596 4548 Κύριε,
624 4477 776 4547 ἰσχύς
809 4493 965 4548 μου,›
993 4478 1086 4531 καὶ
1104 4476 1172 4530 τά
1192 4476 1339 4547 έξῆς.
1366 4475 1561 4545 Σαφῶς
1583 4477 1639 4530 δὲ
1656 4476 1755 4548 τὴν

1868 4489 1933 4541 ait
1966 4506 1979 4541 :
2010 4505 2028 4535 σ
2067 4486 2320 4556 Domine,
2353 4487 2617 4545 fortitudo
2656 4505 2799 4553 mea,
2834 4510 2852 4542 ι
2881 4497 2935 4545 et
2973 4498 3188 4546 caetera.
3220 4488 3439 4561 Perspi-

163 4569 281 4622 τῶν
314 4568 484 4621 ἐθνῶν
517 4572 581 4622 ὲκ
616 4569 718 4638 τῆς
761 4567 1138 4632 πολυπλανοῦς
1178 4567 1617 4640 εἰδωλολατρείας
1662 4567 1754 4620 ἐπὶ

1868 4595 1958 4635 sue
1971 4595 2102 4633 vero
2118 4580 2363 4649 gentium
2393 4582 2463 4635 ab
2482 4582 2790 4636 errabundo
2812 4583 3229 4637 simulacrorum
3261 4581 3434 4645 cultu.

163 4663 268 4734 τὴν
301 4664 384 4725 είς
417 4663 509 4716 τὸν
545 4662 676 4716 Θεὸν
710 4661 994 4715 εὐσέϐειαν
1033 4661 1334 4733 μεταϐολὴν
1362 4660 1626 4726 θεσπίζειο
1658 4662 1753 4714 καὶ

1868 4669 1925 4723 ad
1947 4669 2226 4739 pietatem,
2258 4670 2690 4741 religionemque
2712 4687 2837 4742 erga
2862 4670 3030 4727 Deum
3054 4672 3440 4726 commutatio-

164 4754 311 4827 αῦτη
349 4754 408 4809 δὲ
442 4757 477 4826 ἡ
512 4755 819 4827 προφητεία
867 4755 1003 4827 μετά
1041 4755 1138 4826 τὴν
1179 4756 1260 4819 είς
1299 4754 1620 4827 ἀνθρώπους
1657 4754 1752 4807 τοῦ

1868 4778 1978 4818 rtem
2013 4762 2276 4829 futuram,
2312 4764 2624 4834 signiﬁcat;
2657 4772 2713 4820 et
2744 4765 2857 4819 haec
2880 4765 3096 4820 interim
3128 4764 3434 4833 prophetia,

164 4845 426 4918 Σωτῆρος
462 4845 620 4917 ἡμῶν
671 4845 849 4917 Ἰησοῦ
893 4846 1132 4918 Χριστοῦ
1177 4845 1478 4919 παρουσίαν
1523 4845 1752 4917 ἐναργέ-

1868 4859 1978 4922 post
2004 4852 2309 4928 §alvatoris
2335 4854 2511 4909 nostri
2544 4852 2674 4909 Jesu
2711 4852 2919 4909 Christi
2957 4854 3024 4908 ad
3058 4853 3310 4908 homines
3341 4854 3439 4908 ad-

167 4953 346 4991 στατα
391 4936 666 4991 δείκνυται
703 4936 1131 5009 πεπληρωμένη.
1174 4936 1333 4990 Ἀλλά
1370 4937 1477 5008 γὰρ
1517 4938 1586 4990 δι’
1616 4936 1752 4990 ὅλων

1868 4953 2072 5000 ventum
2096 4946 2504 5001 evidentissime
2524 4947 2792 5016 completa
2821 4953 3179 5001 monstratur.
3200 4945 3268 4998 At
3288 4945 3434 5000 enim

164 5030 466 5102 τριάκοντα
484 5028 840 5102 προφητικῶν
862 5029 1172 5100 κεφαλαίων
1192 5029 1442 5102 δεύτερον
1459 5028 1592 5083 Θεὸν
1615 5028 1755 5100 μετά

1868 5040 2142 5104 )ostquam
2174 5034 2443 5090 hactenus
2475 5050 2542 5090 ex
2572 5036 2706 5092 totis
2736 5036 2956 5106 triginta
2985 5036 3319 5106 propheticis
3346 5051 3438 5089 ea-

164 5122 261 5177 τὸν
303 5122 563 5176 ἀνωτάτω
597 5121 693 5175 καὶ
724 5122 818 5175 ἐπὶ
842 5123 997 5185 πᾶσι,
1025 5121 1115 5175 τὸν
1151 5122 1381 5194 Σωτῆρα
1416 5121 1511 5175 καὶ
1548 5121 1753 5194 Κύριον

1868 5112 2084 5197 phibus,
2120 5125 2312 5191 Deum,
2340 5124 2703 5190 Salvatorem,
2732 5141 2797 5181 ac
2834 5125 3128 5180 Dominum
3162 5134 3435 5191 nostrum,

168 5214 330 5286 ἡμῶν
348 5212 441 5266 τὸν
460 5211 554 5266 τοῦ
575 5211 711 5266 Θεοῦ
734 5213 906 5282 Λόγον
931 5208 1070 5266 εἶναι
1097 5213 1494 5285 μεμαθηκότες,
1529 5214 1614 5283 ἐφ’
1636 5214 1752 5267 ἐτέ-

1868 5216 1955 5271 Dei
1982 5214 2221 5272 Verbum
2250 5232 2373 5273 esse
2413 5216 2748 5283 didicimus;
2777 5215 2846 5270 ad
2882 5215 3115 5269 alterum
3143 5214 3285 5284 ejus,
3316 5229 3438 5284 quae

170 5326 273 5380 ραν
304 5307 410 5378 τῆς
450 5307 595 5361 κατά
630 5308 793 5362 αὐτὸν
824 5308 1138 5379 οἰκονομίας
1171 5308 1424 5362 ὑπόθεσιν
1454 5308 1756 5381 μεταϐησό-

1868 5308 1923 5363 id
1957 5306 2208 5364 eumdem
2252 5307 2512 5377 pertinet.
2554 5305 2985 5377 dispensationis
3028 5314 3433 5375 argumentum,

170 5401 337 5472 μεθα,
359 5399 523 5454 αὑτὸν
544 5400 610 5472 δὴ
630 5400 818 5454 τοῦτον
842 5400 974 5455 Θεὸν
990 5402 1076 5461 είς
1098 5400 1417 5473 ἀνθρώπους
1439 5400 1754 5456 ἐλεύσεσθαι

1868 5399 2118 5470 ieinceps
2150 5408 2518 5463 transeamus,
2547 5407 2602 5454 et
2646 5399 2793 5453 hunc
2819 5399 2998 5468 ipsum
3033 5396 3204 5453 Deum
3234 5395 3304 5451 ad
3335 5397 3436 5452 bo-

166 5493 304 5549 δεῖν.
355 5493 422 5545 ὲκ
465 5490 573 5544 τῶν
616 5491 796 5545 αὐτῶν
838 5491 992 5565 παρά
1033 5491 1302 5562 Ἑϐραίοις
1346 5492 1506 5564 ιερῶν
1555 5492 1753 5564 βίϐλων

1868 5490 2034 5547 mines
2061 5498 2352 5546 venturum
2403 5490 2600 5556 fuisse,
2632 5506 2698 5546 ex
2749 5490 2945 5547 iisdem
2970 5489 3146 5548 sacris
3175 5486 3436 5546 Hebraeor-

171 5583 553 5653 πατήσοντες.

1868 5582 2161 5640 rum'libris
2190 5583 2631 5655 comprobemus.

245 5787 266 5818 ⁷
299 5783 535 5841 Malacb.
564 5800 641 5852 tv,
670 5784 726 5839 2.
799 5783 998 5843 'Joan.
1026 5801 1146 5854 rm,
1182 5786 1267 5843 i2.
1344 5787 1366 5820 ’
1390 5786 1550 5845 Joan.
1587 5804 1627 5859 ι,
1651 5785 1704 5846 9.
1756 5790 1826 5841 .²⁰
1857 5787 2019 5844 Mich.
2054 5802 2138 5856 tu,
2170 5788 2224 5843 6.
2303 5785 2343 5819 “
2376 5785 2485 5842 Jer.
2514 5800 2624 5855 xw,
2652 5790 2834 5850 19-21.
