3846 6218
131 322 238 379 415

1065 323 1715 383 DEMONSTRATIONIS
1751 327 2205 384 EVANGELICIE
2239 329 2366 386 LIB.
2404 329 2495 388 VI.

3283 334 3388 390 4M

130 437 269 491 Θεοῦ
296 436 546 509 δύναμιν,
572 439 622 492 oi.
639 436 772 491 θεῖοι
795 438 1165 510 προηγόρευον
1193 438 1363 507 λόγοι.
1395 441 1459 493 El
1488 443 1705 510 φανεῖεν

1813 441 2075 506 universi,
2108 451 2162 498 et
2197 442 2288 498 Dei
2330 442 2594 503 Verbum.
2639 449 2694 497 et
2738 442 2832 498 Dei
2868 443 3142 509 virtutem,
3198 444 3383 500 divina

131 532 226 584 ἐπὶ
253 529 349 583 τοῦ
385 530 646 602 παρόντος
677 531 736 583 ui.
769 532 1102 602 προφητικαὶ
1123 531 1439 604 μαρτυρίαι,
1474 532 1604 586 Θεὸν
1630 534 1710 596 είς

130 622 458 694 ἀνθρώπους
524 622 811 690 ἀφίξεσθαι
861 623 1124 694 μέλλοντα
1182 624 1670 695 προαναφωνοῦσαι
1689 664 1706 689 ,

130 714 298 769 παντί
322 733 400 784 τῳ
425 715 581 786 δῆλον
612 715 707 767 ἐπὶ
739 715 862 768 τίνα
903 715 1007 788 χρὴ
1038 716 1137 786 τὴν
1181 715 1460 788 ἀναφορὰν
1489 715 1583 769 τοῦ
1614 734 1708 790 ση-

131 809 462 878 μαινομένου
494 807 781 862 ποιεῖσθαι·
815 809 902 862 ὅτε
935 809 1166 880 μάλιστα
1201 810 1287 864 διὰ
1314 809 1421 863 τῶν
1450 810 1704 882 πρόσθεν,

125 901 186 950 ἐν
244 896 539 968 ἀνθρώπου
584 901 762 968 μορφῇ
813 899 907 952 xui.
955 900 1212 970 σχήματι,
1246 902 1361 962 τοῖς
1424 901 1566 970 ἀμφ)⁵
1615 900 1707 954 τὸν

139 989 398 1061 Ἀϐραὰμ
437 989 735 1058 θεοφιλέσιν
767 992 796 1042 ό
833 989 965 1054 Θεὸς
985 991 1156 1059 Λόγος
1179 993 1264 1044 ἐπ’
1299 992 1562 1062 ὀνόματος
1587 993 1704 1044 Κυ-

127 1081 248 1150 ρίου
286 1083 382 1134 xui.
413 1080 548 1134 Θεοῦ
605 1082 812 1152 πέφηνε
840 1080 940 1145 τὰς
991 1083 1072 1144 εἰς
1098 1081 1419 1153 ἀνθρώπους
1442 1083 1708 1146 ὀπτασίας

126 1174 666 1244 πεποιημένος.Φέρε
683 1170 774 1226 οὖν
792 1173 1010 1245 ἴδωμεν,
1027 1175 1174 1239 ὅπως
1196 1175 1325 1229 ποτὲ
1351 1177 1448 1245 μὲν
1480 1175 1704 1247 Κύριον,

126 1264 263 1316 ποτὲ
315 1264 373 1316 δὲ
419 1263 550 1316 Θεὸν
615 1262 1018 1334 καταϐήσεσθαι
1079 1265 1159 1328 εἰς
1206 1264 1555 1335 ἀνθρώπους,
1611 1266 1708 1319 xui.

124 1355 291 1409 πάλιν
325 1355 689 1427 ἀναϐήσεσθαι
718 1355 964 1426 ἐναργῶς
1008 1354 1151 1409 οὔτω
1214 1359 1597 1428 προαναφωνεί
1637 1357 1708 1410 τὰ

123 1447 260 1519 παρ’
290 1445 559 1518 Ἑϐραίοις
588 1446 761 1515 λόγια,
794 1448 886 1500 xui.
912 1447 1011 1512 τάς
1037 1465 1100 1516 γε
1133 1447 1310 1512 αίτίας
1336 1449 1434 1520 τῆς
1458 1448 1702 1503 καθόδου.

122 1534 418 1606 Σημειώσῃ
451 1535 586 1599 δ’ὡς
605 1535 724 1588 τινὰ
751 1536 847 1606 μὲν
877 1535 1090 1608 εἴρηται
1115 1536 1181 1589 δι’
1210 1539 1563 1609 αἰνιγμάτων,
1586 1539 1707 1593 τινά

120 1626 596 1698 δὲφανεριίνιερον.
626 1627 709 1685 Τὰ
744 1627 841 1698 μὲν
874 1624 966 1682 οὖν
986 1629 1052 1681 δι’
1089 1629 1436 1702 ἐπικρύψεως
1469 1632 1706 1703 ἡγοῦμαι

121 1719 236 1771 τῶν
278 1721 346 1772 ἐκ
385 1721 683 1792 περιτομῆς
721 1720 880 1776 ἕνεκα
907 1721 1332 1792 κεκαλυμμένως
1353 1723 1704 1777 ἀποδεδόσθαι

1809 534 1961 604 prius
2008 535 2352 604 appellabant
2395 536 2637 591 oracula.
2687 535 2745 589 Si
2789 552 2919 605 ergo
2968 536 3071 590 hoc
3116 544 3385 606 tempore,

1808 627 2126 698 prophetica
2181 627 2348 682 etiam
2416 627 2730 682 testimonia
2787 627 2955 682 Deum
3015 629 3084 682 ad
3135 629 3387 686 homines

1810 717 1980 774 fuisse
2021 727 2338 784 venturum,
2388 719 2710 788 praedixisse
2761 719 3167 776 ostenderimus
3211 739 3225 776 :
3271 731 3387 777 tum

1809 808 2104 878 unicuique
2124 809 2344 879 planum
2381 810 2567 874 tuerit,
2599 811 2666 864 ad
2692 825 2850 880 quem
2881 811 3084 865 referre
3113 819 3384 880 oporteat,

1808 898 1859 952 id
1877 898 2021 968 quod
2036 897 2481 968 significavimus.
2499 914 2622 953 cum
2643 913 2739 968 per
2753 913 2815 952 ea
2832 897 3067 951 maxime
3087 912 3208 966 quae
3227 905 3386 952 antea

1807 989 1951 1045 dicta
1973 997 2124 1052 sunt,
2150 988 2668 1054 demonstravimus,
2695 987 2862 1043 Deum
2899 987 3158 1051 Verbum,
3190 986 3385 1042 habitu

1808 1079 2028 1149 quidem
2065 1078 2346 1148 formaque
2377 1078 2635 1142 hominis,
2673 1078 2894 1132 nomine
2923 1092 3053 1131 vero
3082 1075 3296 1131 Domini
3321 1091 3386 1132 ac

1808 1170 1922 1234 Dei,
1948 1177 2004 1225 et
2032 1170 2137 1240 ipsi
2165 1169 2420 1234 Abrahae,
2460 1178 2514 1226 et
2542 1169 2756 1225 caeteris
2777 1168 2871 1224 Dei
2897 1169 3090 1223 amicis
3118 1169 3270 1235 viris,
3293 1167 3386 1232 qui

1805 1262 2038 1318 Abrahae
2078 1270 2402 1332 tempestate
2442 1261 2750 1328 ﬂoruerint,
2795 1261 3034 1330 seipsum
3089 1258 3385 1315 videndum

1805 1356 2122 1426 praebuisse.
2153 1355 2274 1410 Jam
2321 1368 2471 1408 nunc
2509 1353 2677 1423 igitur
2717 1361 2928 1422 tempus
2957 1359 3042 1406 est
3092 1357 3152 1404 ut
3195 1349 3384 1405 videa-

1807 1465 1930 1505 mus
1958 1464 2066 1520 qua
2109 1449 2342 1513 ratione,
2381 1462 2528 1502 nunc
2564 1447 2875 1508 Dominum,
2915 1460 3063 1499 nunc
3110 1441 3282 1498 Deum
3315 1443 3385 1496 ad

1806 1539 2054 1596 homines
2089 1539 2500 1602 descensurum,
2536 1547 2590 1592 et
2624 1550 2819 1591 rursus
2857 1549 3238 1598 ascensurum,
3273 1543 3383 1588 tam

1806 1632 2085 1689 evidenter
2137 1632 2487 1687 Hebraeorum
2543 1631 2766 1684 oracula
2820 1630 2972 1700 prius
3025 1627 3387 1682 denuntiave-

1805 1724 1936 1788 rint,
1975 1733 2029 1779 et
2056 1738 2302 1793 quamam
2333 1721 2566 1790 hujusce
2591 1721 2891 1775 descensus
2918 1734 3100 1774 causae
3129 1716 3332 1772 fuerint
3366 1731 3380 1769 :

121 1813 212 1866 διὰ
275 1813 347 1867 τὰ
401 1811 766 1884 θεσπιζόμενα
819 1817 941 1868 κατ’
1003 1815 1182 1868 αὐτῶν
1241 1816 1580 1888 σκυθρωπά·
1632 1817 1699 1870 δι’

1809 1818 2020 1872 tametsi
2048 1815 2183 1870 illud
2215 1815 2315 1870 tibi
2338 1805 2636 1869 notandum
2669 1821 2774 1877 est,
2809 1812 2916 1866 alia
2939 1811 3159 1882 quidem
3188 1810 3386 1865 obscu-

122 1904 268 1977 άπερ
295 1906 444 1970 είκὸς
474 1901 541 1976 ἦν
568 1907 662 1960 xui.
711 1906 967 1973 ἀφανίσαι
1013 1906 1210 1969 αὐτοὺς
1251 1907 1348 1978 τὴν
1383 1907 1624 1979 Γραφὴν,
1653 1909 1701 1960 εί

123 2001 188 2055 ὲκ
235 1997 335 2050 τοῦ
393 1996 703 2069 προφανοῦς
745 1997 843 2068 τὴν
902 1997 1138 2068 ἐσχάτην
1203 1997 1381 2053 αὐτῶν
1431 1998 1704 2069 ἀποϐολὴν

123 2091 444 2160 ἐσήμαινεν.
485 2088 650 2147 Οὕτω,
680 2088 810 2158 γοῦν
863 2089 960 2143 xui.
1013 2091 1125 2152 τοῖς
1164 2091 1472 2160 προφήταις
1521 2091 1706 2154 αὐτοῖς

124 2180 508 2234 ἐπιϐουλεῦσαι
527 2182 724 2244 αὐτοὺς
754 2181 974 2251 κατέχει
1019 2181 1279 2249 λόγος,δι’
1308 2180 1401 2244 οὓς
1430 2181 1706 2235 ἐποιοῦντο

125 2273 244 2332 κατ’
271 2273 454 2326 αὐτῶν
485 2273 759 2343 ἐλέγχους.
789 2274 855 2325 Δί
894 2272 952 2326 δὲ
1012 2275 1203 2342 σαφεῖς
1249 2277 1572 2345 προφητεῖαι
1608 2274 1705 2344 τὴν

123 2366 233 2418 τῶν
283 2365 458 2418 ἐθνῶν
512 2366 703 2435 κλῆσιν
744 2365 1046 2419 λευκότατα
1077 2366 1407 2437 περιέχουσι,
1432 2367 1540 2419 τῶν
1579 2370 1699 2421 κατ’

121 2454 406 2510 εὐσέϐειαν
460 2456 679 2524 ἀγαθῶν
727 2456 824 2520 τὰς
851 2456 1183 2526 ἐπαγγελίας
1220 2458 1280 2511 οὐ
1310 2457 1387 2527 τῷ
1437 2459 1704 2512 Ἰουδαίων

122 2545 289 2609 ἔθνει,
321 2548 459 2599 πᾶσι
504 2547 560 2599 δέ
599 2545 904 2618 ἀνθρώποις
943 2550 1054 2610 τοῖς
1081 2547 1203 2600 καθ’
1242 2548 1371 2616 ὅλης
1396 2549 1494 2619 τῆς
1527 2550 1704 2602 οἰκου-

126 2639 298 2709 μένης
364 2638 847 2708 καταγγέλλουσαι.
881 2633 979 2691 Ὧν
1011 2637 1183 2703 οὕτως
1236 2639 1488 2710 ἐχόντων,
1515 2640 1704 2712 καιρὸς

121 2729 225 2800 ἤδη
262 2730 359 2783 καὶ
385 2729 491 2784 τῶν
529 2730 686 2783 θείων
713 2729 1014 2784 ἐπακοῦσαι
1046 2729 1263 2798 λογίων.

1808 1910 1944 1973 rius,
1981 1909 2087 1962 alia
2131 1915 2310 1963 autem
2338 1907 2580 1977 apertius
2613 1907 2757 1961 dicta
2801 1905 3053 1959 inveniri.
3081 1903 3258 1972 Atque
3285 1916 3385 1972 ego

1806 2002 2024 2072 quidem
2053 2000 2310 2067 arbitror,
2341 1998 2642 2054 occultiora
2675 1998 2767 2052 illa
2794 2005 3016 2067 propter
3038 1993 3276 2058 Iudaeos,
3310 1994 3386 2047 ita

1807 2095 2048 2149 involute
2081 2100 2246 2162 atque
2293 2090 2558 2160 implicite
2592 2089 2806 2144 reddita
2839 2103 2984 2150 esse,
3015 2085 3161 2156 quod
3193 2083 3388 2139 videli~

1807 2194 1895 2242 cet
1913 2186 2092 2242 tristia
2114 2183 2361 2256 quaedam
2391 2184 2444 2237 in
2479 2183 2588 2237 illis
2617 2188 2807 2236 contra
2846 2180 2997 2250 ipsos
3029 2187 3386 2239 canerentur,

1806 2280 1876 2334 ob
1908 2293 2030 2349 qua:
2059 2275 2357 2332 verisimile
2391 2275 2514 2341 fuit,
2539 2277 2690 2344 ipsos
2714 2272 3015 2327 abolituros
3047 2270 3388 2340 perdituros-

1805 2384 1911 2439 que
1935 2368 2105 2424 fuisse
2125 2367 2487 2437 Scripturam,
2519 2365 2566 2420 si
2594 2371 2780 2434 aperte
2801 2374 3105 2418 extremum
3137 2361 3384 2431 ipsorum

1805 2459 2088 2514 interitum
2135 2458 2523 2531 signiﬁcasset.
2575 2453 2666 2510 Sic
2721 2470 2855 2509 sane
2890 2454 3056 2509 etiam
3100 2451 3384 2524 pr0phetis

1805 2551 2036 2608 infestos
2077 2552 2267 2617 fuisse,
2313 2550 2590 2605 memoria:
2633 2548 2911 2618 proditum
2946 2551 3051 2610 est,
3096 2552 3385 2615 propterea

1804 2643 1951 2713 quod
1980 2645 2049 2698 ab
2089 2644 2200 2698 illis
2234 2640 2790 2713 reprehenderentur.
2815 2638 2948 2704 Quae
2977 2651 3108 2691 vero
3137 2635 3383 2706 apertius

1805 2734 2106 2804 loquuntur
2135 2731 2456 2803 prophetiae,
2482 2730 2551 2787 ab
2575 2729 2644 2784 iis
2661 2728 2851 2796 utique
2875 2724 3117 2796 gentium
3145 2723 3382 2788 vocatio,

121 2823 294 2876 nullis
326 2823 570 2877 involuta
619 2822 1067 2886 obscuritatibus,
1103 2823 1413 2877 continetur
1440 2823 1486 2876 ':
1533 2823 1843 2894 eaedemque
1899 2826 2169 2880 bonorum
2201 2839 2323 2894 quae
2363 2837 2392 2875 a
2422 2822 2626 2892 pietate
2674 2817 3099 2888 proﬁciscuntur
3149 2813 3386 2883 promis«

121 2917 336 2982 siones,
378 2930 490 2969 non
539 2915 633 2968 uni
675 2912 916 2969 Iudaica:
959 2914 1127 2985 genti,
1185 2915 1280 2969 sed
1328 2915 1588 2970 omnibus
1630 2931 1728 2985 per
1790 2926 1962 2972 totum
2011 2925 2290 2972 terrarum
2355 2915 2544 2970 orbem
2603 2911 2956 2975 hominibus,
3013 2907 3384 2963 denuntiant:

119 3027 250 3081 quae
304 3026 433 3065 cum
480 3009 561 3065 sic
606 3025 665 3066 se
697 3024 793 3064 res
845 3009 1103 3075 habeant,
1150 3008 1262 3078 jam
1309 3024 1456 3064 nunc
1483 3010 1706 3066 oracula
1739 3020 1959 3083 qquue
1975 3011 2160 3068 divina
2187 3009 2400 3074 audire,
2429 3016 2646 3078 tempus
2674 3005 2857 3060 fuerit.

665 3125 1061 3178 ΚΕΦΑΛΑΙΟΝ
1100 3127 1182 3179 Α’.

349 3215 388 3269 ῦ
409 3217 497 3280 ιζ’.
517 3245 589 3257 -—
610 3217 756 3270 Θεοῦ
776 3219 862 3284 είς
877 3218 1226 3289 ἀνθρώπους
1250 3219 1510 3288 ἀφίξεως
1523 3220 1708 3289 δήλω-

376 3303 497 3352 σις,
530 3288 626 3340 καὶ
651 3289 748 3341 ἐπὶ
790 3289 972 3356 ταύτῃ
1000 3287 1220 3356 κλῆσις
1247 3287 1456 3344 ἐθνῶν.

202 3397 224 3430 σ
265 3379 380 3431 Καὶ
412 3377 622 3431 ἔκλινεν
670 3379 953 3448 οὐρανοὺς,
993 3378 1088 3430 καὶ
1133 3380 1361 3450 κατέϐη,
1385 3383 1476 3434 καὶ
1504 3382 1707 3454 γνόφος

122 3472 233 3524 ὑπὸ
262 3473 391 3534 τοὺς
417 3472 579 3535 πόδας
614 3466 777 3526 αὖτοῦ
798 3489 812 3502 ·
844 3472 938 3525 καὶ
965 3471 1136 3542 ἐπέϐη
1168 3473 1260 3526 ἐπὶ
1295 3475 1579 3546 χερουϐὶμ,
1613 3478 1709 3530 xui.

121 3564 443 3634 ἐπετάσθηο
506 3565 778 3636 ἐπετάσθη
834 3565 927 3617 ἐπὶ
976 3563 1263 3636 πτερύγων
1310 3567 1562 3639 ἀνέμων·
1614 3569 1709 3622 καὶ

125 3657 281 3709 ἔθετο
333 3657 525 3719 σκότος
576 3657 898 3728 ἀποκρυφὴν
953 3657 1156 3722 αὐτοῦ,
1207 3659 1390 3730 κύκλῳ
1449 3658 1615 3712 αὑτοῦ
1673 3661 1706 3730 ἡ

127 3746 304 3818 σκηνὴ
333 3746 520 3801 αὐτοῦ.
563 3766 581 3798 ι
624 3746 890 3818 Ἠγοῦμαι
923 3749 1013 3804 διὰ
1056 3751 1260 3805 τούτων
1299 3753 1554 3822 ἄντικρυς
1574 3749 1706 3804 Θεοῦ

126 3841 355 3896 κάθοδον
386 3840 678 3912 οὐρανόθεν
707 3843 1092 3914 παρίστασθαι.
1127 3844 1413 3917 Προειπὼν
1438 3845 1547 3918 γὰρ
1579 3845 1709 3898 πολ-

124 3931 223 3995 λὰς
252 3930 554 3999 θεολογίας,
596 3932 839 4000 ἐπιλέγει
875 3933 944 3986 τὰ
985 3935 1296 4006 ἐκκείμενα.
1321 3936 1410 4006 Τῷ
1437 3937 1494 3989 δὲ
1531 3936 1709 4004 λέγειν

126 4022 330 4075 κλίνειν
351 4020 514 4074 αὐτὸν
540 4021 821 4093 οὐρανοὺς,
853 4024 944 4076 xui.
987 4023 1422 4094 κατεληλυθέναι,
1455 4024 1710 4095 σημαίνει

128 4114 223 4184 τὴν
247 4114 551 4185 ὑποστολὴν
577 4116 674 4186 τῆς
689 4113 875 4167 ἐνθέου
908 4114 1088 4184 δόξης,
1120 4117 1186 4186 ἢν
1217 4119 1245 4168 ὁ
1271 4117 1411 4180 θεῖος
1445 4116 1706 4170 Ἀπόστο-

125 4207 217 4272 λος
240 4208 515 4279 παριστὰς
540 4207 750 4276 ἐλεγεν⁶
786 4227 804 4259 ι
840 4210 935 4271 Ὃς
953 4211 1011 4261 ἐν
1045 4201 1226 4279 μορφῇ
1258 4208 1393 4261 Θεοῦ
1423 4208 1704 4280 ὑπάρχων,

125 4301 224 4370 οὑχ
259 4299 557 4370 ἁρπαγμὸν
611 4301 856 4371 ἡγήσατο
903 4301 964 4353 τὸ
993 4295 1132 4356 εἷναι
1160 4300 1250 4354 ῖσα
1278 4301 1417 4371 Θεῷ,
1453 4301 1566 4357 ἀλλ’
1602 4302 1705 4353 αύ-

121 4391 218 4444 τὸν
235 4392 495 4453 ἐκένωσε,
524 4390 732 4462 μορφὴν
753 4390 935 4444 δούλου
964 4391 1162 4446 λαϐών.
1191 4411 1210 4442 ι
1237 4392 1344 4444 Καὶ
1356 4392 1436 4454 τὸ,
1462 4410 1480 4442 ι
1503 4391 1704 4462 Ἐπέϐη

125 3219 346 3286 Ψαλμο

2331 3127 2495 3197 253
2522 3122 2750 3181 CAPUT
2785 3121 2827 3178 l.

1810 3225 1850 3277 Α
1882 3224 2088 3294 psalmo
2130 3237 2262 3277 xvn.
2287 3250 2364 3297 -Δ
2380 3219 2479 3272 Dei
2503 3217 2572 3270 ad
2597 3213 3111 3297 hqmiuesoadcentus
3145 3211 3383 3266 ostendi-

2213 3302 2319 3350 tur,
2347 3291 2470 3343 item
2493 3288 2695 3342 vacatio
2722 3288 2977 3356 gentium.

1884 3403 1903 3434 ι
1932 3384 1999 3437 Et
2035 3384 2319 3438 inclinavit
2343 3382 2514 3437 cmlos
2542 3389 2596 3434 et
2640 3376 2946 3440 descendit,
2982 3384 3036 3429 et
3072 3373 3248 3443 caligo
3282 3372 3386 3427 sub

1809 3476 2038 3547 pedibus
2067 3475 2186 3544 ejus
2211 3493 2224 3529 ε
2256 3482 2310 3528 et
2340 3472 2587 3528 ascendit
2620 3485 2784 3540 super
2814 3467 3121 3532 cherubim,
3155 3472 3209 3520 et
3237 3464 3384 3518 vola-

1808 3568 1887 3622 vit
1918 3584 1931 3618 :
1970 3567 2171 3622 volavit
2197 3580 2362 3635 super
2391 3578 2600 3634 pennas
2637 3570 2926 3617 ventorum
2960 3578 2974 3614 :
3011 3567 3064 3612 et
3082 3555 3268 3627 posuit
3297 3561 3382 3609 te-

1810 3663 2006 3716 nebras
2033 3659 2316 3713 latibulum
2347 3671 2530 3718 suum,
2565 3655 2620 3708 in
2645 3653 2879 3708 circuitu
2906 3649 3027 3719 ejus
3053 3649 3384 3702 tabernacu-

1809 3755 1920 3809 lum
1951 3752 2072 3822 ejus
2093 3753 2154 3804 η.
2201 3770 2218 3802 ι
2269 3750 2520 3803 Arbitror
2568 3763 2637 3802 ex
2676 3745 2764 3799 his
2805 3741 3124 3814 planissime
3165 3739 3260 3793 Dei
3315 3737 3384 3792 de

1810 3845 1949 3899 caalo
1997 3843 2320 3897 descensum
2347 3836 2563 3894 ostendi
2596 3851 2611 3887 :
2658 3841 2947 3905 postquam
2977 3830 3122 3886 enim
3181 3827 3383 3881 multas

1811 3936 2114 4004 theologias
2165 3931 2494 3997 enuntiavit,
2534 3939 2649 3984 tum
2689 3942 2752 3982 ea
2802 3940 2926 3996 quae
2971 3921 3219 3989 exposita
3254 3927 3379 3974 sunt

1809 4028 2074 4098 adjungit.
2107 4025 2283 4080 Porro
2322 4025 2452 4078 dum
2495 4021 2630 4076 dicit
2666 4018 2962 4073 inclinasse
2996 4014 3149 4068 illum
3187 4011 3380 4072 cmlos,

1809 4126 1861 4173 et
1887 4119 1966 4172 sic
1990 4115 2365 4176 descendisse,
2405 4111 2834 4167 contractionem
2876 4106 3070 4160 divinae
3093 4102 3278 4172 gloriae
3307 4102 3382 4156 si-

1807 4211 2048 4281 gniﬁcat,
2063 4224 2224 4279 quam
2254 4207 2473 4260 divinus
2488 4203 2780 4274 Apostolus
2797 4200 3085 4255 declarans
3103 4195 3209 4248 ait:
3235 4213 3253 4245 ι
3278 4191 3380 4260 Qui

1808 4318 1933 4356 cuiu
1962 4302 2016 4356 in
2044 4301 2216 4356 forma
2245 4299 2338 4354 Dei
2357 4307 2524 4361 esset,
2549 4311 2656 4350 non
2688 4294 2932 4363 rapinam
2973 4288 3270 4343 arbitratus
3299 4291 3382 4338 est

1808 4408 1931 4449 esse
1961 4408 2020 4447 se
2044 4393 2305 4462 aequalem
2339 4391 2452 4444 Deo
2484 4405 2497 4441 :
2524 4388 2617 4443 sed
2650 4386 2890 4454 seipsum
2915 4378 3236 4441 exinanivit,
3271 4374 3380 4429 for-

122 4485 180 4538 ὄὲ
196 4484 295 4536 ἐπὶ
314 4483 598 4554 χερουϐὶμ,
619 4483 712 4536 καὶ
735 4483 1028 4555 ἐπετάσθη,
1057 4504 1076 4535 ι
1095 4483 1423 4538 αἰνίττεσθαί
1453 4501 1542 4554 μοι
1562 4483 1705 4536 δοκεί

1814 4503 1956 4541 mam
1994 4489 2136 4542 servi
2176 4483 2532 4554 accipiens“.
2567 4500 2584 4532 ι
2618 4478 2753 4532 Illud
2794 4481 2973 4529 autem
3006 4511 3021 4536 ,
3066 4489 3084 4522 ι
3121 4466 3382 4524 Ascendit

123 4577 225 4647 τὴν
249 4577 344 4628 ἐπὶ
373 4574 468 4628 τοῦ
495 4575 628 4628 Θεοῦ
651 4574 804 4639 δόξαν
833 4575 1296 4646 ἀποκατάστασιν,
1321 4577 1388 4647 ἢν
1412 4574 1706 4646 πεποίηται

123 4668 451 4736 ἁγγελικαῖς
508 4668 599 4720 καὶ
655 4667 826 4730 θείαις
882 4667 1141 4738 δυνάμεσι
1202 4665 1700 4738 δορυφορούμενος·

123 4759 152 4810 ὅ
187 4759 284 4811 xui.
336 4757 470 4810 αὐτὸ
500 4755 787 4828 δηλοῦσθαί
818 4775 906 4828 μοι
935 4757 1080 4811 δοκεῖ
1101 4757 1184 4811 διὰ
1213 4757 1332 4810 τοῦο
1353 4776 1372 4809 ι
1397 4757 1700 4827 Ἐπετάσθη

123 4850 218 4900 ἐπὶ
250 4848 540 4919 πτερύγων
580 4849 816 4919 ἀνέμων.
847 4867 866 4900 ι
903 4849 977 4902 Τὸ
1011 4849 1067 4901 δὲ
1093 4849 1283 4912 σκότος
1307 4848 1582 4902 τεθεῖσθαι
1601 4849 1700 4922 τὴν

125 4939 456 5011 ἀποκρυφὴν
486 4938 674 5001 αὐτοῦ,
714 4940 807 4992 καὶ
831 4939 1027 5008 γνόφον
1058 4940 1162 4992 ὑπὸ
1189 4941 1312 5002 τοὺς
1351 4940 1516 5004 πόδας
1541 4939 1707 4993 αὐτοῦ

125 5032 411 5099 λέγεσθαι,
463 5031 867 5102 παραστατικὸν
913 5030 980 5084 ἂν
1039 5031 1124 5102 εἴη
1165 5031 1266 5101 τῆς
1321 5032 1554 5103 κρυφίου
1614 5031 1708 5086 xui.

128 5124 447 5194 ἀπορρήτου
499 5123 830 5192 οἰκονομίας,
873 5123 992 5177 καθ’
1025 5125 1090 5195 ἢν
1130 5124 1301 5177 ταῦτα
1344 5125 1522 5181 πάντα
1558 5124 1707 5195 αύτῷ

127 5215 384 5267 ἐτελεῖτο.
431 5231 449 5262 ι
487 5213 684 5282 Κύκλῳ
733 5214 790 5266 δέ
813 5212 978 5266 αὐτοῦ
1012 5217 1045 5285 ἡ
1103 5214 1273 5286 σκηνὴ
1307 5215 1496 5280 αὐτοῦ,
1535 5236 1553 5268 ι
1584 5218 1706 5272 τίνα

126 5305 386 5374 λέγεσθαι
443 5307 708 5376 προσήκει
743 5307 903 5368 νοεῖν,
940 5306 974 5376 ἢ
1026 5306 1124 5375 τὴν
1171 5305 1334 5374 ἁγίαν
1391 5305 1555 5359 αὐτοῦ
1614 5308 1708 5361 xui.

126 5399 424 5468 καθολικὴν
456 5397 799 5467 Ἐκκλησίαν,
829 5398 938 5450 εἴτε
960 5396 1059 5468 τὴν
1093 5397 1184 5450 ἐπὶ
1199 5398 1293 5468 τῆς
1312 5399 1436 5468 γῆς,
1470 5399 1578 5452 εἴτε
1611 5398 1710 5469 τὴν

124 5493 182 5544 ἐν
208 5493 492 5563 οὐρανοῖς;
537 5491 693 5560 Ἑξῆς
722 5490 778 5543 δέ
807 5489 950 5544 κατά
976 5491 1065 5544 τὸν
1096 5492 1256 5545 αὑτὸν
1283 5492 1494 5563 ψαλμὸν
1529 5493 1711 5545 τελευ-

122 5585 232 5638 τῶν
255 5588 285 5638 ὁ
303 5584 483 5652 λόγος,
503 5583 640 5654 ὁμοῦ
666 5583 994 5654 παραίτησιν
1015 5584 1108 5638 τοῦ
1137 5586 1403 5657 προτέρου
1437 5585 1588 5652 λαοῦ,
1618 5587 1710 5642 καὶ

197 5761 239 5792 ¹¹
272 5759 420 5814 Psal.
452 5775 584 5826 xvu,
623 5761 805 5816 lli-l2.
888 5762 930 5793 ¹³
968 5759 1197 5827 Philipp.
1231 5776 1290 5825 ιι,
1319 5759 1373 5817 θ.

1814 4592 1980 4646 super
2000 4575 2304 4636 cherubim,
2337 4579 2393 4627 et
2421 4571 2646 4632 volavit,
2683 4587 2700 4620 ι
2736 4563 3047 4634 signiﬁcare
3066 4559 3198 4613 mihi
3230 4556 3381 4611 vide-

1811 4676 1921 4731 tur,
1953 4667 2094 4738 quod
2137 4667 2322 4737 gloriae
2361 4663 2455 4718 Dei
2484 4667 2633 4716 esset
2675 4652 3070 4715 restituendus,
3115 4657 3279 4719 atque
3308 4647 3393 4701 in-

1811 4762 1968 4816 terim
2025 4759 2287 4830 angelicis
2341 4754 2652 4824 divinisque
2695 4747 2869 4818 copiis
2923 4741 3315 4812 constipandus
3364 4752 3380 4789 :

1808 4851 1953 4922 quod
1993 4851 2120 4905 item
2161 4849 2292 4902 mihi
2333 4846 2613 4901 declarare
2640 4840 2772 4895 illud
2810 4838 3025 4892 videtur
3064 4853 3078 4889 :
3111 4852 3130 4884 ι
3170 4830 3382 4886 Volavit

1808 4960 1973 5014 super
1999 4957 2207 5014 pennas
2234 4948 2542 4995 ventorum.
2576 4956 2595 4987 ι
2625 4934 2783 5002 Quod
2806 4938 2987 4986 autem
3021 4926 3278 4982 tenebras
3306 4923 3380 4976 la-

1804 5037 2038 5090 tibulum
2086 5048 2246 5088 suum
2274 5031 2541 5101 posuerit,
2573 5039 2628 5082 et
2679 5025 2966 5096 caliginem
3012 5021 3115 5077 sub
3151 5016 3382 5088 pedibus

1807 5126 1926 5194 ejus
1959 5123 2175 5187 dixerit,
2199 5121 2458 5175 nimirum
2490 5119 2597 5171 hoc
2633 5118 2721 5179 sit,
2765 5112 3032 5168 occultam
3059 5116 3115 5162 et
3143 5104 3390 5160 inell‘abi-

1808 5221 1913 5274 lem
1953 5215 2418 5286 dispensationem
2462 5207 2782 5270 indicantis,
2841 5201 3144 5259 secundum
3192 5212 3382 5268 quam,

1812 5311 2067 5365 universa
2115 5309 2229 5363 haec
2257 5307 2327 5360 ab
2361 5308 2484 5375 ipso
2529 5300 2768 5373 perfecta
2795 5302 2924 5352 sunt
2958 5310 2970 5344 :
3005 5291 3152 5362 quod
3202 5297 3383 5343 autem

1817 5421 1835 5454 ι
1875 5403 1932 5456 In
1963 5399 2194 5456 circuitu
2249 5397 2370 5467 ejus
2400 5392 2812 5451 tabernaculum
2845 5388 2966 5458 ejus
2999 5405 3017 5437 ›
3053 5385 3257 5438 dictum
3291 5380 3383 5444 sit,

1809 5494 1944 5550 nihil
1991 5507 2090 5562 ego
2139 5491 2287 5546 aliud
2339 5488 2564 5559 intelligi
2605 5491 2862 5555 oportere
2910 5479 3168 5539 arbitror,
3219 5489 3383 5543 quam

1812 5591 2056 5642 sanctam
2104 5582 2280 5654 ipsius
2309 5588 2364 5636 et
2395 5578 2724 5657 catholicam
2755 5572 3084 5635 Ecclesiam,
3117 5567 3232 5623 sive
3264 5581 3383 5620 eam
