3846 6218
454 340 559 395 ιιες
1094 329 1362 390 EUSEBII
1385 324 1864 386 CESARIENSIS
1899 324 2053 380 OPP.
2093 320 2369 379 PARS“.
2407 351 2479 364 —-
2510 310 3010 375 APOLOGETICA.
3612 316 3718 371 416

454 477 576 533 qua}
603 461 658 516 in
681 459 867 526 terris,
900 458 1016 514 sive
1052 471 1172 511 eam
1205 469 1328 525 quae
1358 453 1414 508 in
1444 453 1587 508 cmlo
1610 458 1863 507 versatur
1896 463 1973 502 acc

2194 463 2240 517 ιν
2298 444 2492 516 κλῆσιν
2533 442 2643 496 τῶν
2689 438 2859 495 ἐθνῶν
2909 436 3284 511 προθεσπίζει,
3322 436 3394 490 δι’
3434 429 3511 491 ὧν
3550 453 3713 507 φησι·

458 529 596 624 pias.
631 552 899 622 Deinceps
916 564 1047 604 vero
1071 548 1128 601 in
1157 546 1349 602 eodem
1380 541 1904 616 psalmo'ubi-oratio
1933 550 1977 594 te

2211 536 2377 609 Ῥύση
2399 552 2465 607 με
2487 534 2548 599 ἐξ
2565 531 2882 602 ἀντιλογιῶν
2901 529 3054 597 λαοῦ,
3069 530 3434 599 καταστήσεις
3457 545 3522 599 με
3534 530 3622 591 είς
3633 543 3720 581 κει

458 617 720 712 minatur,
743 617 905 701 simul
935 651 990 699 et
1014 642 1359 712 rejectionem
1389 638 1588 709 prioris
1618 635 1823 707 populi,
1855 640 1910 689 et
1942 649 1977 687 vi

2199 629 2317 692 ιλάς
2344 625 2534 680 ὲθνῶν.
2565 624 2706 688 Aab;
2735 623 2797 677 δν
2829 622 2929 675 ούκ
2954 620 3126 689 ἔγνων
3155 617 3432 673 ὲδούλευσέ
3463 635 3579 689 μοι,
3615 618 3718 671 uio!

457 708 730 795 cationem
759 738 1000 810 gentium
1032 708 1478 805 praedivinat,his
1501 728 1724 784 verbis:
1768 744 1787 776 ι
1823 723 1975 794 Eripi

2201 720 2409 792 λότριοι
2439 715 2738 779 ὲψεύσαντό
2785 732 2897 785 μοι,
2930 713 3037 766 υίοὶ
3070 711 3340 784 ἀλλότριοι
3373 708 3720 781 ὲπαλαιιὶιθη-

462 850 548 890 me
577 834 645 889 de
687 799 1215 889 contradictionibus
1264 824 1475 897 populi,
1512 820 1819 876 constitues
1862 817 1981 871 me‘

2202 830 2263 879 ιν,
2296 810 2389 864 καὶ
2414 807 2687 879 ὲχώλαναν
2725 806 2833 860 ἀπὸ
2856 806 2965 858 τῶν
2997 803 3198 874 τρίϐων
3226 801 3429 856 αὐτῶν.
3473 819 3494 853 s
3529 799 3721 854 Ταῦτα

462 938 628 1002 caput
655 927 918 999 gentium.
951 921 1193 991 Populus
1233 933 1394 989 quem
1418 930 1528 971 non
1552 910 1783 983 cognovi
1814 906 1981 964 servii

2227 900 2414 963 ὁποίας
2438 898 2678 961 διανοίας
2710 896 2914 969 ἔχεται,
2931 894 3076 950 κατά
3100 894 3192 948 τὸν
3219 893 3574 966 προσήκοντα
3611 908 3724 945 και-

464 988 620 1087 mihi,
656 988 723 1075 ἶη
780 1016 968 1071 auditu
1022 988 1175 1068 auris
1216 988 1460 1066 obedivit
1506 1005 1641 1061 mihi
1680 1020 1693 1055 :
1736 1000 1835 1055 ﬁlii
1874 999 1983 1053 alie

1216 988 1460 1066 obedivit
1506 1005 1641 1061 mihi
1680 1020 1693 1055 :
1736 1000 1835 1055 filii
1874 995 2038 1053 alieni
2146 992 2241 1065 ρὸν
2266 988 2707 1061 ἐξετασθήσεται.

464 1076 679 1175 mentiti
729 1126 859 1171 sunt
902 1110 1059 1178 mihi,
1106 1107 1203 1162 ﬁlii
1251 1103 1414 1161 alieni
1463 1099 1749 1181 inveterati
1784 1105 1934 1159 sunt,
1984 1098 2039 1148 et
2066 1087 2513 1145 claudicaverunt
2539 1099 2570 1139 a
2600 1082 2812 1141 semitis
2872 1080 2989 1138 suis
3013 1079 3076 1134 ιδ.
3118 1097 3140 1132 ι
3193 1076 3320 1135 Haec
3340 1085 3523 1135 autem
3582 1090 3723 1148 quo-

465 1230 591 1271 nam
648 1226 815 1269 sensu
842 1209 1159 1278 accipienda
1194 1205 1326 1268 sint,
1355 1214 1458 1257 suo
1487 1208 1731 1269 tempore
1758 1188 2142 1264 inquirendum
2179 1200 2209 1239 a
2232 1182 2392 1239 nobis
2420 1182 2547 1237 erit.

979 1319 1146 1391 259
1183 1314 1411 1373 CAPUT
1452 1311 1518 1370 ιι.

2684 1293 3082 1348 ΚΕΦΑΛΔΙΟΝ
3115 1293 3192 1346 B'.

467 1442 509 1496 Α
543 1439 749 1509 psalmo
772 1451 917 1490 sui.
948 1463 1021 1475 —
1046 1433 1310 1486 Ascensus
1337 1428 1434 1484 Dei
1463 1428 1553 1498 qui
1578 1427 1729 1496 prius
1758 1420 1986 1478 descend.

538 1520 623 1550 ηιι
651 1524 666 1550 _-
694 1525 757 1550 an
778 1506 1019 1550 deincens
1053 1503 1257 1550 uacatio
1297 1508 1609 1550 cunctarum
1637 1498 1893 1550 aentt'um.
1924 1510 1986 1550 au

2210 1427 2402 1497 αλμοῦ
2433 1434 2548 1550 μςα
2579 1456 2653 1469 --
2683 1424 2995 1490 Ἀνάὄασις
3022 1421 3172 1478 Θεοῦ
3202 1418 3729 1491 amamur)va-

2218 1516 2340 1550 τοί».
2358 1516 2434 1550 κα
2476 1498 2798 1550 ἐπίκλησις
2825 1494 3015 1549 ἐθνῶν
3034 1491 3337 1550 ἁπάντων,
3362 1490 3470 1544 τὸν
3491 1488 3609 1542 ἕνα
3633 1488 3729 1540 καὶ

538 1488 757 1564 #5:"
775 1488 1039 1574 deinceps
1053 1503 1257 1557 vacatio
1297 1488 1609 1574 cum-terum
1636 1498 1893 1566 gentium,
1924 1508 2042 1563 qua

2218 1488 2340 1574 τοξι,
2358 1488 2465 1574 καλ
2476 1488 2798 1574 ἐπίκτιησις
2825 1488 3015 1574 ἐθνῶν·
3034 1488 3337 1556 ἁπάντων,
3362 1490 3470 1544 τὸν
3491 1488 3609 1542 ἕνα
3633 1488 3728 1540 καὶ

540 1591 699 1631 unum
722 1589 771 1632 et
802 1564 975 1631 solum
1006 1573 1174 1630 Deum
1211 1579 1363 1625 erant
1393 1564 1703 1638 cognituris.

1609 1564 1703 1622 rbi.
2217 1569 2408 1638 μόνον
2432 1568 2579 1622 Θεὸν
2609 1564 3121 1636 ἐπιγνωσομένων.

543 1690 563 1723 ι
597 1673 796 1725 Omnes
821 1675 1033 1741 gentes,
1082 1664 1323 1735 plaudite
1353 1661 1632 1723 manibus,
1665 1656 1896 1728 jubilate
1931 1653 2042 1709 Deo

2222 1678 2241 1711 ι
2271 1659 2455 1714 Πάντα
2482 1658 2553 1711 τά
2576 1657 2701 1728 ἔθνη
2734 1658 3037 1731 κροτήσατε
3065 1657 3252 1726 χεῖρας
3272 1692 3285 1717 ,
3321 1649 3633 1715 ἀλαλάξατε
3656 1648 3731 1720 τῷ

466 1761 520 1818 ir
559 1775 692 1816 voce
716 1756 1120 1821 exsultationis,
1153 1753 1409 1825 quoniam
1424 1750 1690 1804 Dominus
1716 1746 1983 1802 altissimu

2294 1752 2353 1805 ὲν
2385 1753 2533 1822 φωνῇ
2565 1749 2935 1819 ἀγαλλιάσεως
2954 1788 2970 1808 .
2990 1749 3072 1801 ὅτι
3110 1745 3313 1817 Κύριος
3338 1743 3567 1814 ὕψιστος
3586 1780 3603 1805 ν
3641 1758 3733 1811 φο⁶

468 1851 752 1915 terribilis,
787 1866 880 1905 rex
913 1862 1144 1918 magnus
1187 1859 1351 1915 super
1395 1857 1613 1896 omnem
1646 1848 1868 1894 terram.
1899 1835 1987 1890 Sui

2213 1843 2325 1915 ρδς,
2358 1841 2608 1914 βασιλεὺς
2641 1841 2813 1914 μέγας
2846 1841 2937 1893 ἐπὶ
2969 1841 3151 1892 πᾶσαν
3172 1837 3272 1908 τὴν
3303 1835 3426 1907 γῆν.
3455 1831 3730 1898 Ύπέταξε

466 1943 597 2015 jecit
631 1943 858 2012 populos
889 1940 1069 2003 nobis,
1097 1946 1150 1993 et
1168 1946 1357 2009 gentes
1385 1934 1487 1990 sub
1514 1931 1748 2005 pedibus
1781 1930 1985 1984 nostris

2213 1938 2304 2000 οὺς
2328 1937 2492 2007 ἡμῖν,
2539 1935 2634 1988 καὶ
2662 1934 2789 2006 ἔθνη
2831 1933 2937 1988 ὑπὸ
2980 1932 3108 1997 τοὺς
3139 1930 3305 1994 πόδας
3335 1928 3523 2000 ἡμῶν·
3556 1926 3732 1995 ἐξελέ-

468 2035 631 2105 elegit
660 2032 819 2087 nobis
846 2028 1214 2084 hmreditatem
1259 2025 1385 2090 sibi,
1415 2023 1651 2094 speciem
1683 2020 1852 2074 Jacob
1878 2033 1985 2089 qua

2215 2042 2274 2078 το
2302 2028 2432 2096 ἡμῖν
2459 2026 2557 2096 τὴν
2586 2023 2951 2096 κληρονομίαν
2983 2019 3181 2091 ἑαυτῷ,
3212 2020 3309 2092 τὴν
3335 2016 3610 2089 καλλονὴν
3637 2017 3734 2069 Ἰα-

470 2125 680 2180 dilexit.
730 2121 990 2177 Ascendit
1018 2120 1161 2176 Deus
1190 2122 1244 2174 in
1267 2119 1464 2189 jubilo,
1502 2114 1766 2171 Dominus
1811 2113 1868 2166 in
1914 2126 1989 2165 νο‹

2211 2116 2297 2182 ›ϐ,
2344 2118 2410 2189 ἣν
2463 2117 2770 2187 ἠγάπησεν.
2822 2113 3014 2185 Ἀνέϐη
3049 2115 3078 2166 6
3121 2112 3254 2177 Θεὸς
3287 2113 3346 2165 ὲν
3388 2109 3730 2180 ἀλαλαγμῷ,

471 2218 638 2271 tubae.
673 2215 895 2270 Psallite
952 2213 1064 2269 Deo
1110 2220 1324 2276 nostro,
1358 2209 1609 2282 psallite,
1670 2206 1887 2278 psallite
1929 2219 1988 2257 re

2211 2208 2349 2280 Spw;
2390 2210 2448 2262 έν
2481 2210 2630 2280 φωνῇ
2667 2207 2986 2275 σάλπιγγος.
3015 2204 3234 2259 Ψάλατε
3264 2203 3342 2274 τῷ
3383 2201 3505 2273 Θεῷ
3533 2205 3569 2273 ἠ
3580 2202 3697 2273 μῶν
3716 2239 3730 2263 ,

473 2318 683 2371 nostro,
716 2309 951 2378 psallite,
987 2306 1245 2377 quoniam
1291 2319 1387 2358 rex
1432 2300 1614 2355 omnis
1669 2307 1831 2353 terrm
1879 2294 1989 2350 Deu

2215 2301 2371 2367 ιλατε,
2405 2299 2612 2371 ψάλατε
2638 2299 2716 2370 τῷ
2748 2298 2955 2369 βασιλεῖ
2986 2297 3164 2369 ἡμῶν,
3202 2293 3432 2365 ψάλατε,
3466 2294 3556 2347 ὅτι
3590 2292 3734 2362 βασι-

472 2402 689 2473 psallite
739 2401 1053 2471 sapienter:
1117 2396 1366 2467 regnavit
1417 2393 1561 2448 Deus
1616 2406 1780 2461 super
1835 2395 1991 2459 gente

2213 2394 2273 2457 ῦς
2296 2393 2475 2465 πάσης
2502 2392 2601 2463 τῆς
2631 2391 2735 2461 γῆς
2766 2393 2794 2443 6
2822 2390 2975 2455 Θεὸς,
3007 2389 3213 2459 ψάλατε
3244 2385 3482 2449 συνετῶς
3505 2402 3522 2416 ο
3554 2383 3732 2438 ὲϐασί-

473 2492 616 2547 Deus
648 2491 797 2547 sedet
838 2506 1003 2561 super
1023 2489 1206 2544 sedem
1244 2497 1488 2542 sanctam
1540 2497 1718 2537 suam.
1765 2478 1992 2548 Princip

2212 2500 2338 2536 υσεν
2359 2483 2388 2534 6
2417 2483 2549 2547 Θεὸς
2575 2482 2667 2535 ἐπὶ
2704 2480 2772 2534 τὰ
2814 2480 2943 2550 ἔθνη
2962 2497 2975 2510 ·
3009 2481 3038 2533 6
3061 2478 3195 2541 Θεὸς
3217 2476 3454 2549 κάθηται
3483 2475 3585 2529 ἐπὶ
3619 2474 3730 2546 θρό-

473 2583 798 2654 populorum
857 2579 1172 2651 congregati
1235 2586 1365 2632 sunt
1412 2591 1534 2632 cum
1582 2574 1693 2626 Deo
1729 2569 1992 2623 Abraham

2212 2592 2241 2627 υ
2276 2575 2430 2644 ἁγίου
2465 2574 2650 2628 αὑτοῦ.
2694 2575 2988 2646 ’Ἄρχοντες
3027 2571 3170 2624 λαῶν
3211 2569 3565 2641 συνήχθησαν
3603 2566 3730 2639 μετά

472 2672 730 2744 quoniam
775 2671 946 2741 ipsius
975 2670 1072 2725 Dei
1125 2669 1295 2724 fortes
1320 2687 1347 2723 a
1384 2677 1527 2721 terra
1555 2664 1908 2719 vehementer
1934 2659 1991 2713 eli

2214 2665 2244 2718 ῦ
2276 2666 2410 2720 Θεοῦ
2459 2664 2732 2736 Ἀϐραὰμ,
2763 2666 2843 2718 ὅτι
2865 2663 2959 2716 τοῦ
2982 2661 3116 2716 Θεοῦ
3142 2663 3189 2714 οί
3222 2659 3472 2731 κραταιοὶ
3501 2658 3610 2728 τῆς
3638 2656 3732 2728 γῆς

472 2764 584 2819 vati
614 2771 745 2820 sunt
775 2765 841 2820 ι’.
876 2784 895 2815 ι
932 2762 1073 2829 Quid
1096 2760 1314 2815 tandem
1346 2758 1492 2812 aliud
1524 2771 1635 2827 pra:
1663 2770 1723 2810 se
1743 2751 1887 2806 ferre
1935 2767 1991 2804 γι

2213 2756 2358 2828 ›όδρα
2391 2755 2730 2829 ἐπήρθησαν.
2771 2775 2789 2807 ι
2828 2755 2939 2809 Καὶ
2969 2754 3021 2807 τί
3046 2752 3233 2824 ἓτερον
3260 2749 3513 2822 βούλεται
3547 2747 3732 2819 σημαί⁹

474 2857 523 2913 is
549 2855 760 2912 Domini
792 2872 855 2911 ac
892 2855 986 2911 Dei
1030 2868 1316 2916 ascensus,
1367 2852 1459 2921 qui
1492 2849 1643 2904 hisce
1674 2844 1855 2900 verbis
1881 2858 1993 2912 expi

2217 2867 2263 2902 ιν
2295 2852 2327 2920 ἡ
2366 2848 2452 2902 διὰ
2480 2847 2684 2901 τούτων
2721 2846 3024 2918 δηλουμένη
3083 2844 3286 2914 Κυρίου
3351 2841 3445 2896 τοῦ
3471 2842 3616 2895 Θεοῦ
3648 2840 3730 2894 ἀν-

473 2953 612 3003 situs
632 2956 737 3011 est,
768 2962 930 3018 quam
970 2955 1130 3000 antea
1160 2943 1511 3000 descendisse
1565 2954 1689 2994 eum
1718 2977 1733 3002 ,
1776 2935 1871 3007 qui
1905 2952 1992 2990 ιιιιι

2212 2960 2288 3006 ος,
2322 2941 2354 3013 ἢ
2387 2943 2486 3013 τὴν
2517 2941 2737 3012 πρὸτῆς
2765 2939 2953 2993 ἀνόδου
2982 2936 3204 2992 κάθοδον
3235 2934 3432 2999 αύτοῦ;
3461 2935 3556 3003 ἐπ’
3637 2932 3731 2987 πά·

477 3039 775 3096 ascendat?
806 3047 928 3110 post
954 3054 1115 3110 quem
1150 3054 1282 3093 sane
1305 3028 1619 3097 ascensum,
1650 3031 1996 3101 protinusgcl

2210 3051 2234 3087 ν
2268 3035 2300 3105 ἡ
2324 3034 2430 3087 τῶν
2460 3034 2627 3087 ἐθνῶν
2650 3033 2866 3086 πάντων
2890 3031 3082 3101 κλῆσις
3110 3029 3445 3093 θεσπίζεται,
3474 3029 3658 3098 χαρᾶς
3678 3043 3729 3079 τε

476 3133 609 3186 tium
637 3139 959 3185 cunctarum
1008 3131 1224 3185 vocatio
1280 3128 1518 3190 canitur,
1550 3121 1951 3189 bilaritatisque
1985 3132 1995 3170 ε

2212 3127 2247 3178 Li
2282 3126 2620 3197 εὐφροσύνης
2661 3127 2862 3196 σημεῖα
2903 3124 2995 3177 ἐπὶ
3032 3126 3098 3194 τῇ
3137 3120 3404 3193 μελλούσῃ
3439 3119 3731 3189 θεογνωσίᾳ

477 3222 678 3276 latitia:
709 3223 885 3290 signa,
917 3230 1044 3291 past
1074 3236 1193 3275 eam
1216 3236 1338 3290 qua:
1366 3221 1721 3286 exspectatur
1743 3210 1836 3265 Dei
1854 3223 1996 3279 cogn

2213 3220 2266 3281 ῖς
2293 3174 2501 3271 ἔθνεσιν
2533 3174 2759 3271 ΕὶπασινΓ
2772 3174 3204 3284 εύαηελίζετάι,
3236 3213 3324 3266 ὅτε
3349 3174 3562 3283 ΙΕύριος
3581 3174 3732 3272 αὐτὸς

476 3315 704 3376 tionem,
739 3312 1054 3366 nationibus
1087 3310 1360 3365 universis
1408 3302 1749 3361 nuntiatur?
1806 3297 1995 3370 quandi

2212 3308 2435 3377 ὕψιστος
2457 3348 2471 3372 ,
2502 3309 2660 3379 μόνος
2690 3308 2824 3372 Θεὸς
2856 3307 2950 3361 καὶ
2983 3305 3234 3377 βασιλεὺς
3264 3305 3479 3373 ἀπάσης
3514 3305 3618 3375 τῆς
3642 3302 3731 3370 γῆς

478 3403 697 3475 quidem
751 3401 930 3470 ipsum
956 3398 1244 3455 Dominum
1287 3397 1649 3456 altissimum,
1680 3405 1840 3461 quem
1874 3388 1993 3442 solu

2213 3399 2541 3469 ιολογηθεὶς,
2575 3399 2866 3466 ὑποτάξειν
2903 3399 3065 3462 λαοὺς
3105 3399 3235 3467 ἡμῖν
3268 3395 3544 3449 λέλεκται.
3583 3396 3732 3465 Ἡμῖν

481 3494 650 3549 Deum
680 3507 744 3547 ac
771 3507 953 3561 regem
982 3491 1249 3546 universa:
1272 3497 1433 3544 terra:
1468 3490 1757 3546 confessus
1785 3499 1888 3553 est,
1922 3487 2000 3543 sui

2242 3494 2383 3546 τίσιν
2434 3492 2465 3564 ἢ
2497 3492 2696 3563 δηλαδὴ
2750 3495 2863 3555 τοῖς
2888 3491 3059 3545 ταῦτα
3079 3488 3556 3560 προφητεύουσινε
3593 3490 3622 3541 6
3648 3488 3733 3541 καὶ

476 3587 749 3655 iecturum
794 3585 955 3640 nobis
1008 3584 1239 3654 populos
1284 3582 1417 3636 dicit
1449 3601 1462 3634 :
1500 3583 1659 3637 nobis
1695 3589 1898 3644 autem,
1930 3596 1995 3649 qu

2218 3603 2300 3638 τιν
2333 3585 2575 3655 ἐναργῶς
2610 3585 2735 3638 ἰδεῖν
2770 3583 3215 3655 πεπληρωμένον,
3241 3584 3329 3636 ὅτε
3362 3583 3548 3636 πάντα
3578 3581 3647 3634 τὰ
3666 3582 3735 3643 εἰς

479 3680 585 3735 bus
614 3678 638 3732 ?
666 3678 749 3733 his
776 3692 928 3739 sane,
958 3677 1052 3745 qui
1084 3674 1197 3729 haec
1229 3674 1345 3743 ipsa
1380 3674 1661 3728 vaticinati
1687 3681 1815 3727 sunt
1848 3691 1861 3727 :
1908 3688 1998 3741 qm

2215 3679 2389 3749 pwth
2417 3678 2823 3731 πεπιστευκότα
2865 3677 2991 3749 ἔθνη
3018 3680 3130 3741 τοῖς
3170 3676 3348 3745 λόγοις
3382 3675 3492 3727 τῶν
3527 3692 3734 3747 προςη-

480 3772 659 3843 ipsum
713 3769 1067 3840 quidemjam
1098 3780 1245 3820 nunc
1276 3766 1605 3834 completum
1652 3767 1809 3835 plane
1856 3767 1999 3819 intue

2213 3771 2263 3823 ὒν
2296 3770 2674 3823 ὑποτέτακται.
2717 3769 2943 3838 Λέγοιτο
2969 3769 3013 3822 δ’
3044 3769 3109 3822 ἂν
3140 3769 3311 3822 ταῦτα
3339 3767 3435 3820 καὶ
3468 3768 3538 3820 ἐκ
3570 3783 3732 3838 προσ-

482 3866 628 3925 licet,
651 3861 867 3933 quando
893 3872 1100 3931 gentes.
1127 3872 1247 3927 quae
1268 3857 1321 3909 in
1353 3857 1558 3911 Christi
1586 3857 1743 3912 ﬁdem
1766 3873 2001 3911 venerun

2217 3882 2306 3917 που
2353 3863 2460 3916 τῶν
2508 3864 2822 3917 ἀποστόλων
2866 3861 2960 3915 τοῦ
3010 3862 3264 3934 Σωτῆρος
3308 3860 3497 3933 ἡμῶν,
3552 3861 3604 3914 οἳ
3651 3862 3736 3913 καὶ

484 3971 676 4010 omnes
719 3954 958 4009 oraculis
1002 3951 1389 4021 prophetarum
1448 3950 1678 4004 abdictze
1737 3957 1884 4003 sunt.
1932 3948 2003 4004 Ha

2216 3974 2363 4011 ποιεν
2402 3954 2580 4011 ἄν’τό’
2631 3975 2648 4007 ι
2692 3954 3007 4021 Ἐξελέξατο
3060 3957 3193 4027 ἡμῖν
3236 3955 3337 4026 τὴν
3373 3953 3735 4026 κληρονομίαν

483 4055 665 4101 tamen
690 4048 900 4110 eadem,
924 4047 1084 4101 etiam
1103 4060 1171 4101 ex
1195 4043 1566 4114 apostolorum
1610 4039 1913 4095 Salvatoris
1959 4058 2002 4095 n<

2219 4045 2373 4101 υτοῦ.
2409 4065 2426 4097 ι
2458 4046 2843 4118 Κληρονομίαν
2871 4045 2927 4099 δὲ
2954 4044 3119 4099 αὐτοῦ
3149 4043 3270 4098 τίνα
3289 4046 3393 4116 χρὴ
3418 4047 3567 4099 νοεῖν
3590 4045 3622 4115 ἢ
3649 4045 3738 4113 τὴν

488 4140 588 4194 stri
629 4152 861 4209 persona
896 4138 1004 4191 dici
1034 4143 1287 4208 possunt,
1314 4135 1407 4205 qui
1440 4133 1657 4204 quidem
1691 4132 1743 4187 id
1774 4134 1849 4187 ita
1880 4149 2007 4188 enut

2218 4137 2349 4208 .ἧσιν
2372 4136 2479 4190 τῶν
2506 4135 2675 4189 ἐθνῶν
2708 4136 2997 4202 ἁπάντων;
3036 4138 3102 4205 ἣν
3132 4135 3292 4199 αὐτὸς
3315 4137 3344 4188 6
3376 4135 3619 4206 Χριστὸς
3649 4134 3737 4188 τοῦ

488 4230 626 4284 ticnt
652 4248 665 4284 :
700 4248 719 4279 ι
742 4228 915 4298 Elegit
942 4228 1097 4283 nobis
1123 4226 1490 4281 haereditatem
1520 4238 1676 4279 suam
1710 4241 1723 4277 :
1756 4242 1774 4275 ι
1802 4230 2000 4277 czeteru

2214 4228 2293 4281 εοῦ
2351 4229 2623 4300 παριστὰς
2684 4228 2890 4299 ἔφησε·
2951 4248 2970 4279 ι
3014 4228 3216 4299 Κύριος
3266 4222 3384 4280 εἷπε
3446 4228 3593 4298 πρός
3646 4245 3733 4299 με·

488 4337 651 4392 quam
680 4323 895 4375 tandem
952 4318 1317 4374 hmrvditatem
1353 4316 1601 4386 accipere
1653 4322 1904 4384 oportet,
1954 4314 2007 4367 ni

2218 4322 2291 4385 ἰός
2345 4338 2444 4391 μου
2485 4317 2535 4373 εἷ
2565 4322 2649 4383 σὺ,
2675 4319 2786 4389 ἐγὼ
2808 4323 3048 4392 σήμερον
3080 4320 3382 4391 γεγέννηκά
3412 4338 3493 4373 σε.
3512 4321 3737 4392 Αἴτησαι

484 4414 824 4469 vocationem
860 4412 1099 4483 gentium
1125 4408 1719 4477 universarum?quam
1755 4409 1872 4477 ipse
1902 4406 2003 4461 Chr

2216 4413 2289 4484 zp’
2323 4411 2458 4483 ἐμοῦ
2480 4454 2493 4477 ,
2521 4413 2615 4465 καὶ
2639 4411 2793 4465 δώσω
2824 4429 2904 4465 σοι
2931 4412 3055 4484 ἔθνη
3091 4413 3188 4484 τὴν
3221 4412 3596 4484 κληρονομίαν
3627 4429 3735 4471 σοι,

486 4517 603 4566 stus
644 4506 737 4563 Dei
767 4523 889 4561 cum
915 4504 1224 4575 signiﬁcare
1247 4503 1442 4568 vellet,
1476 4501 1551 4555 ita
1581 4500 1657 4553 ait
1690 4519 1703 4554 :
1738 4517 1757 4551 ι
1793 4500 2005 4553 Domini

2216 4504 2249 4555 ιὶ
2281 4504 2380 4575 τὴν
2409 4504 2735 4573 κατάσχεσίν
2770 4520 2863 4556 σου
2901 4503 2968 4556 τὰ
3000 4507 3209 4575 πέρατα
3251 4505 3350 4575 τῆς
3375 4504 3504 4573 γῆς.
3540 4525 3561 4555 ι
3609 4503 3735 4557 Ταύ-

485 4600 623 4654 dixit
653 4599 718 4653 ad
744 4614 847 4661 me,
880 4595 1054 4650 Filius
1082 4610 1235 4649 meus
1262 4610 1321 4649 es
1355 4602 1434 4656 tu,
1454 4608 1555 4663 ego
1584 4592 1746 4646 hodie
1771 4591 1933 4662 genui
1964 4598 2004 4645 ιε

2214 4616 2255 4668 ιν
2288 4593 2379 4651 οὖν
2402 4597 2498 4668 τὴν
2532 4596 2639 4649 ὑπὸ
2677 4596 2771 4649 τοῦ
2816 4597 3029 4668 Πατρὸς
3054 4596 3343 4667 δεδομένην
3370 4595 3521 4666 αὐτῷ
3547 4596 3733 4668 κληρο-

488 4692 704 4764 postula
732 4705 762 4743 a
791 4704 897 4752 me,
927 4696 980 4743 et
1011 4687 1152 4742 dabo
1173 4687 1269 4741 tibi
1301 4694 1490 4757 gentes
1521 4684 2007 4739 haereditatemtuai

2214 4691 2381 4761 ιμίαν,
2416 4689 2650 4756 ὑπέταξε
2681 4692 2792 4752 τοῖς
2830 4688 3147 4751 ἀποστόλοις
3178 4687 3341 4741 αὑτοῦ
3390 4688 3487 4741 καὶ
3528 4691 3733 4761 προφή-

487 4798 543 4844 et
569 4785 971 4857 possessionem
996 4791 1143 4835 tuam
1168 4780 1434 4835 terminos
1463 4786 1622 4832 terra:
1648 4777 1707 4829 ".
1748 4798 1768 4830 ι
1797 4775 1930 4844 Quae
1958 4777 2006 4847 ig

2214 4798 2279 4844 ιις
2299 4822 2312 4844 ,
2348 4780 2423 4852 τῷ
2454 4784 2579 4846 τοὺς
2616 4784 2695 4844 είς
2740 4781 2902 4834 αὑτὸν
2934 4781 3367 4844 πεπιστευκότας
3396 4784 3511 4845 τοῖς
3542 4780 3733 4835 τούτων

487 4885 576 4931 tur
603 4868 721 4945 ipsa
749 4888 779 4926 a
816 4870 976 4925 Patre
1009 4870 1134 4924 data
1162 4876 1245 4923 est
1283 4866 1593 4929 haareditas,
1624 4867 1765 4921 hanc
1793 4869 2005 4937 apostol

2213 4873 2527 4944 ποτετάχθαι
2572 4872 2785 4942 λόγοις,
2837 4872 3147 4937 ἀκολούθως
3195 4875 3306 4935 τοῖς
3359 4874 3732 4944 προκειμένοις

488 4970 601 5026 suis
642 4975 804 5035 atque
836 4962 1117 5034 prephetis
1168 4960 1334 5031 260
1382 4959 1639 5029 subjecit,
1673 4959 1801 5013 dum
1831 4959 2007 5028 quiqu

2211 4964 2511 5037 εσπίσμασι.
2567 4966 2679 5018 Καὶ
2722 4964 2895 5019 ταῦτα
2929 4963 2985 5017 δὲ
3033 4965 3210 5017 πάντα
3261 4963 3615 5035 κατορθώσας
3652 4963 3730 5017 ἐπὶ

486 5074 591 5131 que
618 5056 720 5127 ipsi
738 5054 969 5109 credunt
999 5051 1193 5106 horum
1219 5051 1503 5122 praeceptis
1528 5063 1591 5103 ac
1616 5050 1825 5120 legibus
1844 5066 2005 5118 paren

2205 5058 2261 5129 ῆς
2288 5060 2368 5121 είς
2411 5057 2732 5130 ἀνθρώπους
2763 5057 2929 5111 αὑτοῦ
2978 5057 3281 5128 παρουσίας
3310 5056 3339 5110 6
3368 5059 3505 5121 Θεὸς
3534 5058 3724 5126 Λόγκ,

488 5147 938 5223 quemadmodum
953 5143 1199 5214 exposita
1219 5143 1473 5196 vaticinia
1499 5142 1863 5212 pnescribunt
1896 5161 1910 5197 :
1944 5143 2007 5198 ha

2208 5148 2292 5218 ερὶ
2329 5142 2390 5201 οὗ
2437 5147 2662 5202 πλεῖστα
2717 5151 2848 5219 ἡμῖν
2904 5147 3245 5218 διείληπται,
3289 5147 3458 5219 ἀνέϐη
3502 5149 3561 5202 ὲν
3608 5150 3727 5201 ἀλα-

488 5257 615 5296 vero
635 5230 855 5300 cuncta,
886 5250 1011 5290 cum
1031 5233 1172 5289 Deus
1190 5230 1426 5287 Verbum
1450 5232 1551 5286 sub
1572 5232 1866 5287 adventum
1897 5248 2007 5288 suu

2206 5237 2375 5309 κγμῷ.
2409 5238 2580 5292 Τοῦτο
2621 5239 2677 5292 δὲ
2721 5239 3038 5311 ἑρμηνεύων
3086 5238 3164 5308 (1)
3206 5238 3531 5304 Ἀπόστολός
3561 5254 3685 5309 φησι
3711 5248 3725 5263 ·

488 5331 553 5385 ad
573 5328 842 5392 homines,
887 5323 1241 5395 compleverit
1266 5337 1329 5377 ac
1358 5321 1683 5392 perfecerit,
1718 5323 1786 5378 de
1807 5338 1916 5394 quo
1950 5322 2007 5378 Dr

2224 5327 2296 5379 T6
2310 5327 2367 5380 δὲ
2390 5327 2556 5399 ἀνέϐη
2575 5327 2627 5381 τί
2650 5329 2818 5392 ἐστιν,
2852 5330 2900 5381 εί
2935 5327 3009 5399 μὴ
3031 5329 3113 5381 ὅτι
3143 5329 3235 5382 καὶ
3250 5327 3459 5400 κατέϐη
3495 5329 3726 5400 πρῶτον;

492 5423 666 5478 Verbo
683 5422 794 5492 jam
824 5420 983 5490 plura
1008 5416 1387 5482 tractavimus,
1418 5421 1537 5470 tum
1572 5416 1821 5471 ascendit
1871 5416 1928 5470 in
1973 5416 2011 5486 jl

2209 5423 2245 5482 ἱς
2293 5418 2361 5471 τά
2414 5418 2701 5473 κατώτατα
2746 5420 2884 5491 μέρη
2916 5419 3018 5490 τῆς
3051 5420 3153 5490 γῆς
3188 5422 3217 5473 ό
3248 5420 3532 5486 καταϐὰς,
3582 5419 3728 5481 αὐτός

489 5516 618 5582 bilo,
648 5513 794 5585 quod
820 5511 1039 5582 quidem
1072 5523 1197 5562 cum
1235 5506 1532 5577 Apostolus
1588 5507 2007 5578 interpretaretu

2208 5526 2285 5561 στι
2324 5509 2418 5561 καὶ
2442 5511 2471 5562 ό
2500 5509 2706 5573 ἀναϐὰς
2737 5510 2991 5582 ὑπεράνω
3017 5511 3126 5563 τῶν
3152 5510 3418 5584 οὐρανῶν.
3461 5530 3481 5563 ι
3502 5512 3589 5565 Ἔν
3615 5510 3727 5565 ἀλα-

489 5605 563 5659 ita
611 5606 728 5658 ait:
762 5621 782 5655 ι
818 5600 974 5668 Quod
1024 5608 1207 5655 autem
1242 5599 1572 5661 ascenderit,
1625 5598 1758 5669 quid
1809 5607 1914 5664 est,
1958 5599 2008 5675 ni

2207 5599 2366 5670 αγμῷ
2394 5599 2451 5653 δὲ
2483 5601 2645 5655 αὐτόν
2676 5619 2839 5673 φησιν
2869 5601 3257 5674 ἀνεληλυθέναι
3287 5602 3379 5657 διὰ
3411 5604 3513 5676 τὴν
3541 5606 3619 5667 εἰς
3652 5600 3726 5656 air

560 5693 602 5726 “
633 5694 777 5751 Psal.
817 5708 951 5756 svu,
995 5689 1186 5745 M46.
1262 5691 1305 5723 "
1336 5688 1482 5746 Psal.
1535 5705 1684 5756 nvi,
1716 5690 1869 5745 2-10.
1951 5691 1993 5722 ¹⁶
2026 5688 2172 5746 Psal.
2212 5706 2285 5755 ιι,
2336 5692 2387 5757 7,
2425 5691 2479 5747 8.

564 5789 643 5849 (li
670 5787 1021 5845 Desideratur
1051 5788 1098 5842 6.
1140 5784 1302 5842 Enn.
