3846 6218
157 313 265 369 617
1112 311 1676 369 DEMONSTRATIOD

1886 311 2256 369 ἈΝΟΕΜΟΑΞ
2293 312 2423 369 LIB.
2465 313 2553 370 Vl.
3299 314 3360 368 ιι
3374 319 3405 371 3

153 430 250 485 τὸν
294 427 573 498 θεολογίαν
631 427 738 483 τῶν
799 426 1241 500 δορυφορούντων
1288 426 1450 481 αὐτὸν
1514 426 1672 480 (Ξινιόν⁴

1881 426 1978 483 uod
2000 435 2055 483 et
2076 426 2423 484 descenderit
2451 428 2686 499 primum
2710 428 2763 485 in
2791 428 3008 486 infimas
3054 438 3239 501 partes
3287 440 3400 486 ter—

155 519 427 590 ἀγγέλωνσ
452 521 501 575 οἳ
519 522 615 575 καὶ
648 521 854 590 tle-{oar
886 521 1122 591 (Ἄρατε
1148 519 1341 585 πύλας,
1368 522 1418 574 οἱ
1438 521 1674 592 ἄρχοντει

1884 534 1906 572 aa
1934 519 1960 572 ?
1982 518 2075 589 qui
2132 519 2438 582 descendit,
2487 519 2605 590 ipse
2642 529 2728 576 est
2760 528 2814 576 et
2836 521 2931 591 qui
2964 523 3212 578 ascendit
3237 538 3403 593 supra

158 612 335 683 ὐμῶν,
351 612 445 666 καὶ
458 612 751 684 ὲπάρθητε,
770 610 934 665 πύλαι
950 610 1179 677 αἰώνιοι,
1204 612 1302 664 καὶ
1323 611 1677 665 εἰσελεύσεται

1886 625 2020 666 nnes
2052 612 2222 666 caelos
2247 612 2287 642 ¹⁷
2323 630 2336 665 :
2376 630 2396 663 ι
2440 612 2496 666 in
2524 612 2702 681 jubilo
2727 621 2907 667 autem
2941 613 3095 667 illum
3121 613 3256 668 dicit
3309 628 3403 666 as-

156 704 413 775 βασιλεύς
458 704 554 775 τῆς
589 704 766 773 δόξης.
814 724 832 756 ι
866 705 1052 775 Φωνὴν
1096 704 1153 757 δὲ
1189 703 1488 772 σάλπιγγος
1519 703 1619 756 οὐκ
1662 703 1675 755 ὶ

1882 698 2101 763 audisse,
2131 700 2203 755 ob
2225 700 2442 771 divinas
2495 711 2550 755 et
2580 716 2768 756 sacras
2818 716 2949 772 erga
3006 702 3184 771 ipsum
3213 716 3401 767 voces,

156 797 421 868 σφαλείης
447 797 509 849 τὸ
533 799 792 867 κήρυγμα
815 794 986 849 εἰπὼν
1013 795 1076 848 τὸ
1103 794 1479 863 εὐαγγελικὸν,
1520 797 1599 859 εἰς
1627 813 1675 847 πε

1878 807 2007 847 asum
2056 791 2186 847 dum
2221 793 2544 847 ascenderet
2582 794 3014 862 constipautium
3058 794 3397 862 angelorum,

155 905 255 943 σαν
283 888 557 959 ὲξηχῆσαν
588 888 685 960 τὴν
716 889 1060 958 οἰκουμένην.
1107 886 1312 949 Παντὸς
1346 885 1456 957 γὰρ
1498 887 1674 958 ὀργάνι

1884 883 1923 937 ιί
1947 883 2111 937 etiam
2142 883 2277 937 illud
2307 883 2560 938 dicebant
2597 903 2611 938 :
2652 903 2671 934 ι
2725 883 2923 939 Tollite
2971 892 3177 954 portas,
3205 886 3403 954 princi-

156 980 419 1052 μουσικοῦ
456 979 967 1050 μεγαλοφωνοτέρας
993 976 1160 1050 οὐσης
1183 979 1283 1049 τῆς
1311 978 1629 1047 σάλπιγγος,
1653 995 1675 1031 ο

1883 988 1947 1039 as,
1981 982 2212 1037 vestras,
2249 981 2303 1029 et
2325 974 2634 1039 elevamini,
2668 985 2838 1045 porta:
2864 982 3100 1036 aeternae,
3127 983 3181 1031 et
3229 976 3402 1030 intro-

152 1072 318 1135 κείως
363 1072 725 1144 παρείληπται
769 1072 833 1125 τὸ
881 1071 1230 1142 παράδειγμα
1272 1072 1352 1134 εἰς
1386 1072 1671 1142 παράστασ

1883 1065 1940 1118 ait
1972 1080 2067 1120 rex
2111 1065 2298 1136 gloriaa
2331 1066 2428 1118 ⁸⁸.»
2464 1065 2662 1120 Vocem
2693 1076 2871 1121 autem
2905 1069 3047 1122 tuba:
3084 1083 3193 1122 non
3222 1069 3402 1121 admo-

152 1163 242 1217 τοῦ
266 1165 486 1217 πάντων
506 1163 615 1216 τῶν
644 1163 702 1230 ἐξ
728 1162 923 1226 αἰῶνος
950 1162 1343 1233 κραταιοτέραν
1375 1162 1469 1215 καὶ
1493 1162 1671 1229 μεγαλι

1882 1173 1958 1211 1m
1988 1158 2361 1222 aberraveris,
2412 1158 2460 1213 si
2494 1159 2932 1228 praedicationem
2982 1161 3188 1215 dixeris
3241 1175 3401 1214 evan-

153 1255 465 1326 φωνοτέραν
502 1254 601 1326 τὴν
628 1254 755 1326 περὶ
787 1252 881 1306 τοῦ
933 1252 1171 1323 Χριστοῦ
1214 1254 1379 1306 πᾶσιν
1422 1251 1672 1324 ἀνθρὼπο

1882 1249 2078 1313 alicam,
2127 1265 2249 1320 qua:
2285 1252 2340 1304 in
2365 1257 2539 1304 totum
2575 1252 2833 1305 exaudita
2878 1262 2960 1307 est
2996 1260 3265 1307 terrarum
3314 1268 3401 1307 or-

151 1345 519 1416 ιατηγγέλθαι
546 1344 912 1410 διδασκαλίαν,
958 1345 1025 1399 δι’
1048 1341 1343 1418 ἦς’ὤσπερ
1372 1344 1460 1399 διὰ
1496 1344 1670 1398 σάλπι-

1881 1354 1992 1394 am:
2030 1354 2152 1393 cum
2180 1341 2324 1394 enim
2358 1340 2486 1394 tuba
2531 1341 2682 1394 omni
2725 1341 2834 1393 alio
2880 1341 3249 1394 instrumento
3276 1355 3400 1393 mu-

149 1452 242 1505 γος
288 1439 373 1500 είς
402 1436 724 1501 ἐξάκουστον
764 1437 983 1491 πάντων
1009 1436 1118 1489 τῶν
1148 1436 1453 1507 ἀνθρώπων
1497 1436 1594 1508 βοᾷ
1634 1455 1667 1489 κ

1871 1445 1944 1484 ιοο
1967 1430 2211 1484 vocalior
2238 1431 2330 1491 sit,
2358 1429 2494 1485 satis
2512 1431 2919 1486 accommodata
2932 1431 3390 1500 convenientique

151 1528 391 1598 κέκραγε
434 1528 494 1580 τὸ
533 1527 756 1598 Πνεῦμα
791 1528 850 1580 τὸ
888 1528 1040 1597 ἆγιον
1067 1527 1136 1580 τὰ
1175 1526 1303 1597 ἑξῆς
1348 1527 1441 1580 τοῦ
1472 1526 1670 1598 ψαλμοὶ

1876 1528 1997 1591 gnra
2030 1518 2234 1574 dictum
2266 1518 2430 1573 fuerit
2459 1519 2613 1583 illud,
2642 1519 2708 1573 ad
2738 1521 3223 1575 demonstrandum
3249 1520 3395 1589 quod

149 1618 209 1673 δι’
255 1613 336 1671 ὧν
389 1619 633 1691 εἴρηται·
671 1637 688 1670 t
721 1618 940 1672 Ψάλατε
969 1617 1047 1688 τῷ
1091 1616 1211 1688 Θεῷ
1237 1617 1425 1689 ήμῶν,
1475 1618 1668 1687 ψάλατε

1876 1612 2083 1667 nnibus
2118 1611 2243 1667 aliis
2289 1626 2411 1681 quae
2439 1625 2469 1665 a
2515 1612 2735 1667 condito
2782 1627 2897 1667 aevo
2939 1613 3273 1677 exstiterint,
3305 1630 3395 1668 ro-

148 1710 355 1781 ψὰλατε
397 1709 477 1780 τῷ
525 1709 731 1781 βασιλεῖ
776 1709 952 1781 ἡμῶν,
1002 1709 1208 1780 ψάλατε
1244 1726 1258 1740 ο
1307 1712 1388 1764 ὅτι
1425 1709 1667 1780 βασιλεὺς

1872 1703 2040 1757 ustior
2066 1711 2120 1757 et
2146 1703 2390 1757 vocalior
2436 1703 2653 1757 cunctis
2711 1703 3025 1757 hominibus
3072 1704 3391 1759 denuntiata

145 1802 328 1855 aﬁxé'rt
380 1803 543 1872 μόνου
593 1801 686 1854 τοῦ
740 1800 1010 1854 Ἰουδαίων
1053 1801 1257 1865 ἔθνους,
1305 1800 1440 1854 ἀλλὰ
1471 1818 1492 1852 ι
1520 1801 1664 1872 πάση

1877 1794 2116 1849 tChristi
2144 1794 2415 1859 doctrina,
2439 1810 2535 1864 per
2560 1810 2723 1865 quam
2745 1796 2909 1850 veluti
2940 1813 3038 1867 per
3065 1797 3273 1860 tubam,
3306 1811 3396 1851 us-

144 1893 296 1963 φησὶ,
325 1892 425 1965 τῆς
439 1892 542 1964 γῆς
576 1892 605 1945 6
645 1890 1021 1961 Θεός·ψάλατε
1055 1890 1311 1954 συνετῶς.
1339 1910 1358 1942 ι
1394 1892 1663 1960 Οὐκέτιγέ

1871 1900 1929 1939 ue
1958 1885 2093 1939 adeo
2127 1893 2354 1940 sanctus
2396 1887 2615 1949 clamat,
2647 1892 2700 1938 et
2733 1885 3068 1941 vociferatur
3128 1885 3390 1957 Spiritus,

142 1985 190 2037 οἱ
218 1983 354 2054 πρὶν
377 1983 645 2054 δαίμονες,
671 1984 821 2054 φησὶ,
840 1984 960 2037 οὐδὲ
982 1982 1052 2036 τὰ
1074 1983 1326 2055 περίγεια
1353 1983 1447 2036 καὶ
1469 1983 1661 2055 ἀπατηί

1876 1990 1883 2027 '.
1914 1974 1985 2029 ab
2016 1975 2271 2030 omnibus
2293 1975 2543 2031 exaudiri
2576 1976 2750 2046 possit
2808 1976 3141 2040 hominibus,
3194 1977 3395 2031 clamat

140 2074 451 2144 πνεύματα,
479 2074 590 2127 ἀλλ’
615 2075 775 2138 αὐτὸς
807 2094 827 2125 ι
855 2077 884 2128 6
912 2074 1043 2138 Θεὸς
1069 2073 1414 2129 ἐϐασίλευσεν
1426 2073 1517 2126 ἐπὶ
1545 2074 1659 2128 πάν⁴

1875 2081 1952 2120 aro
1978 2081 2041 2121 ea
2070 2082 2190 2137 quae
2220 2067 2274 2120 in
2296 2066 2490 2121 eodem
2513 2070 2725 2138 psalmo
2743 2076 3063 2138 sequuntur,
3118 2068 3171 2121 in
3195 2068 3394 2137 quibus

136 2166 207 2219 τὰ
235 2166 368 2237 ἔθνη
385 2183 400 2197 ’
416 2186 435 2217 ι
460 2166 634 2230 ὁΘεὸς
649 2166 830 2231 αὐτὸς,
866 2184 885 2218 ‹
911 2166 970 2229 ὃς
993 2165 1231 2237 κάθηται
1253 2166 1345 2219 ἐπὶ
1361 2164 1550 2236 θρόνου
1562 2164 1655 2234 ἁγί

1869 2157 2023 2212 icitur
2049 2177 2061 2212 :
2098 2175 2119 2211 ι
2158 2157 2380 2213 Psallite
2401 2157 2511 2212 Deo
2534 2167 2743 2223 nostro,
2770 2159 3004 2230 psallite,
3026 2160 3242 2229 psallite
3276 2158 3388 2229 regi

136 2255 328 2311 αὐτοῦ.
343 2277 362 2309 ι
395 2256 534 2327 Ἤδη
560 2256 616 2309 δὲ
638 2256 900 2328 πρότερον
918 2254 1014 2309 τοῦ
1041 2254 1176 2310 Θεοῦ
1201 2255 1374 2323 Λόγου
1395 2255 1484 2308 τὸν
1509 2253 1655 2326 θρόνι

1869 2255 2027 2313 ostro,
2046 2249 2281 2319 psallite,
2314 2250 2574 2320 quoniam
2598 2266 2692 2306 rex
2735 2270 2752 2302 ι
2802 2266 2913 2305 non
2958 2252 3192 2321 amplius
3222 2252 3388 2307 unius

137 2349 225 2417 ἐφ’
255 2348 315 2401 δν
359 2347 684 2411 καθέζεσθαι
731 2350 761 2401 6
806 2347 1000 2419 Πατὴρ
1049 2345 1199 2418 αὐτῷ
1242 2345 1656 2417 παρεκελεύσατ

1869 2341 2057 2397 tdaicaa
2085 2343 2284 2413 gentis,
2339 2344 2432 2398 sed
2464 2361 2483 2393 ι
2519 2344 2718 2409 omnis,
2748 2344 2948 2414 inquit,
3008 2353 3168 2399 terrae
3218 2343 3387 2409 Deus,

137 2438 354 2505 εἰπὼν,
407 2459 426 2492 ι
461 2439 642 2494 Κάθου
690 2442 755 2493 ἐκ
807 2438 996 2504 δεξιῶν
1032 2456 1166 2509 μου,
1211 2439 1314 2502 ἕως
1354 2437 1420 2492 ἂν
1469 2437 1546 2491 θῶ
1592 2454 1653 2491 το

1870 2434 2032 2488 aallite
2051 2434 2349 2504 sapienter.
2402 2453 2421 2485 ι
2447 2432 2567 2487 Non
2590 2435 2736 2488 enim
2772 2435 3030 2505 amplius,
3080 2435 3281 2506 inquit,
3312 2436 3389 2489 illi

136 2531 373 2603 ἐχθρούς
400 2548 493 2585 σου
520 2531 810 2585 ὑποπόδιον
840 2531 948 2585 τῶν
979 2531 1154 2584 ποδῶν
1185 2549 1302 2598 σου,
1331 2550 1349 2582 ι
1377 2530 1465 2584 διὰ
1486 2529 1579 2584 τοῦ
1610 2547 1655 2599 π,

1875 2525 1910 2579 ιί
1940 2526 2092 2596 prius
2118 2524 2415 2589 daemones,
2447 2541 2625 2595 neque
2654 2526 2863 2582 circum
2892 2536 3092 2582 terram
3107 2540 3391 2584 versantes

132 2620 332 2674 τούτου
369 2621 796 2692 συγγράμματος
823 2621 1262 2692 παρεστήσαμεν.
1299 2618 1372 2673 Τὸ
1396 2620 1453 2673 δὲ
1472 2661 1488 2685 ,
1537 2639 1556 2671 ι
1584 2621 1650 2674 ’Δ

1872 2617 2150 2687 llacesque
2179 2616 2429 2686 spiritus,
2461 2617 2559 2672 sed
2590 2617 2708 2688 ipse
2731 2636 2749 2668 ι
2780 2616 2924 2674 Deus
2950 2622 3200 2690 regnavit
3224 2636 3390 2691 super

132 2728 327 2781 χοντες
348 2710 495 2765 λαῶν
522 2710 865 2783 συνήχθησαν
901 2710 1040 2782 μετὰ
1067 2711 1161 2764 τοῦ
1201 2709 1336 2765 Θεοῦ
1372 2710 1651 2783 Ἀϐραὰμ,

1870 2726 2006 2766 ιιιοε
2034 2719 2245 2782 gentes,
2277 2730 2296 2761 ι
2338 2710 2477 2782 ipse,
2512 2711 2762 2781 inquam,
2813 2710 2979 2777 Deus,
3026 2732 3046 2764 ι
3083 2713 3176 2783 qui
3236 2713 3389 2769 sedet

132 2801 216 2854 ἔτι
265 2801 596 2874 σαφέστερον
625 2802 774 2873 δηλοῖ
819 2803 1228 2876 μετατεθεῖσθαι
1275 2804 1355 2867 εἰς
1387 2802 1478 2856 τὸν
1515 2802 1651 2875 κλῆρ

1867 2817 1982 2872 aper
2029 2802 2158 2857 sede
2210 2809 2401 2857 sancta
2435 2816 2556 2856 sua.
2589 2820 2608 2853 ι
2643 2800 2908 2857 Caeterum
2934 2802 3047 2872 jam
3101 2809 3260 2856 antea
3291 2800 3386 2857 Dei

130 2893 244 2948 τῶν
286 2893 455 2947 πάλαι
509 2893 768 2965 θεοφιλῶν
814 2894 912 2948 τοῦ
960 2894 1095 2947 Θεοῦ
1142 2895 1433 2966 προφητῶν
1476 2895 1603 2959 τοὺς

1868 2891 1976 2945 erbi
2002 2890 2182 2945 sedem
2214 2906 2376 2961 super
2404 2905 2511 2960 qua
2543 2890 2704 2945 Pater
2747 2891 2926 2961 ipsum
2974 2892 3165 2947 sedere
3204 2891 3387 2962 jusse-

130 2985 309 3040 ἐθνῶν
336 2984 603 3056 ἄρχοντας
627 2987 726 3058 τῆς
756 2985 990 3058 Χριστοῦ
1032 2984 1378 3057 Ἐκκλησίας,
1413 2985 1485 3051 οἳ,
1518 2986 1611 3040 καὶ
1642 3006 1649 3022 ε

1867 2988 1920 3050 ιι,
1949 2982 2060 3038 illis
2090 2983 2310 3038 verbis:
2348 3001 2366 3033 ‹
2407 2982 2546 3039 Sede
2578 2999 2608 3038 a
2639 2983 2850 3040 dextris
2878 2984 3016 3040 meis
3036 3024 3050 3048 ,
3082 2984 3257 3039 donec
3285 3000 3386 3054 po-

125 3078 364 3149 δυνάμει
396 3076 492 3131 τοῦ
521 3079 776 3150 Σωτῆρος
803 3077 959 3150 ήμῶν
987 3076 1423 3148 κραταιωθέντες
1444 3117 1460 3143 ,
1504 3077 1644 3148 σφόδ,

1866 3090 1939 3128 am
1958 3074 2208 3129 inimicos
2236 3081 2360 3129 tuos
2378 3075 2671 3129 scabellum
2703 3075 2901 3144 pedum
2935 3084 3154 3131 tuorum
3188 3073 3286 3139 ",9
3319 3089 3385 3130 eo

125 3169 238 3240 ὲπή
249 3132 456 3240 έθησαν
501 3132 713 3234 οὐδενὸς
756 3132 1071 3241 ’ἀνθρώπων
1125 3132 1458 3223 καταδαλεξν
1514 3132 1644 3221 αὐτὸ

1861 3168 1908 3221 ui
1932 3167 2079 3221 hunc
2106 3168 2382 3222 antecedit
2406 3168 2568 3234 libro,
2602 3182 2703 3237 pro
2718 3167 2927 3223 viribus
2958 3166 3380 3222 declaravimus.

126 3262 227 3314 καὶ
269 3259 598 3314 ταπεινῶσαι
630 3261 1011 3333 δεδυνημένου,
1045 3261 1131 3315 διὰ
1154 3261 1255 3333 τὴν
1282 3259 1588 3331 ἁνυψοῦσαν
1615 3278 1645 3316 α

1869 3258 1955 3312 lud
2000 3265 2181 3312 autem
2226 3276 2240 3313 :
2276 3276 2295 3311 ι
2343 3257 2629 3329 Principes
2670 3259 3009 3329 spopulorum
3070 3257 3388 3329 congregati

124 3355 260 3416 τοὺς
295 3354 391 3405 καὶ
412 3353 752 3422 δυναμοῦσαν
777 3352 868 3407 τοῦ
893 3351 1029 3406 Θεοῦ
1058 3351 1263 3418 δεξιάν.
1302 3353 1414 3407 Καὶ
1446 3351 1620 3407 ταῦτα

1866 3356 1945 3402 ant
1973 3363 2096 3401 cum
2143 3347 2255 3403 Deo
2304 3348 2601 3413 Abraham,
2636 3367 2656 3399 ι
2681 3347 2860 3402 adhuc
2882 3346 3126 3418 apertius
3159 3347 3385 3401 demon-

124 3445 222 3498 ἐπὶ
257 3444 457 3516 σχολῆς
482 3444 727 3508 ἐντελοῦς
758 3444 1006 3509 τεύξεται
1035 3444 1361 3516 διηγήσεως.

1872 3447 1976 3504 rat,
2032 3446 2400 3494 commutatos
2428 3454 2553 3494 esse
2584 3439 2640 3493 in
2667 3436 2865 3493 fortem
2918 3444 3134 3493 uterum
3168 3437 3387 3507 religio-

124 3551 323 3592 sorum
373 3534 468 3590 Dei
526 3537 935 3605 prophetarum,
972 3545 1286 3605 assumptos
1328 3535 1397 3590 de
1443 3533 1702 3604 gentibus
1736 3530 1997 3591 Ecclesiaa
2040 3528 2247 3586 Christi
2300 3530 2602 3600 principes,
2628 3533 2724 3599 qui
2772 3530 2946 3584 etiam
3012 3530 3216 3586 virtute
3260 3528 3383 3583 Sal-

123 3629 340 3683 vatoris
388 3626 564 3681 nostri
618 3627 978 3693 corroborati,
1021 3627 1079 3682 in
1122 3628 1357 3683 sublime
1403 3625 1697 3681 admodum
1729 3622 1903 3679 evecti
1925 3628 2075 3686 sunt,
2102 3620 2303 3690 quippe
2354 3635 2493 3690 quos
2548 3635 2710 3674 nemo
2763 3634 2833 3674 ex
2865 3617 3118 3673 omnibus
3149 3616 3386 3671 homini-

124 3722 233 3777 bus
260 3721 501 3791 dejicere
528 3728 624 3775 aut
664 3727 1009 3790 prosternere
1056 3722 1314 3791 potuerit,
1338 3721 1572 3785 obeam,
1601 3720 1695 3790 qui
1730 3718 1879 3788 ipsos
1933 3714 2169 3774 extollit.
2195 3714 2475 3783 fortesque
2528 3712 2681 3778 facit,
2732 3710 2934 3767 summi
2962 3709 3058 3764 Dei
3108 3708 3379 3764 dextram.

124 3815 291 3886 26],
320 3813 586 3869 Caeterum
627 3813 744 3869 baac
780 3814 958 3883 majus
992 3815 1161 3868 otium
1199 3813 1367 3879 nacti,
1394 3812 1698 3868 absolutius
1729 3807 2026 3880 aliquando
2053 3805 2455 3861 enarrabimus.

656 3925 1053 3983 ΚΕΦΔΛΑΙΘΝ
1098 3927 1175 3980 I".

2407 3911 2636 3970 CAPUT
2688 3909 2775 3966 III.

136 4039 274 4095 Ἀπὸ
307 4040 553 4110 ψαλμοῦ
586 4044 701 4110 μθί.
739 4070 809 4110 έ-
841 4039 937 4106 Ὠς
970 4035 1247 4110 ἐμφανῶς
1284 4034 1460 4110 ἥξειν
1557 4033 1655 4110 Θεέ

1885 4030 2260 4110 psalmonxtnx.
2293 4058 2365 4110 ῖ-
2401 4025 2554 4093 Quod
2577 4024 2857 4094 manifeste
2888 4023 2959 4078 ad
2983 4023 3218 4110 nomine:
3253 4037 3378 4110 ven;

194 4089 289 4179 Et}
687 4089 954 4179 ᾧὲγεῖαἶ,
979 4089 1077 4161 id";
1112 4089 1241 4160 γπᾱῦ
1276 4089 1451 4176 γῖέᾶλος
1482 4089 1705 4173 ἀνθρώῖι

1881 4089 2028 4154 turus
2062 4100 2260 4152 dicitur
2290 4089 2464 4161 Deus,
2495 4106 2543 4151 et
2581 4089 2733 4149 omne
2782 4110 2945 4165 genus
2991 4094 3259 4147 hominum
3309 4089 3378 4145 ad

196 4174 331 4237 πῶν
362 4174 512 4250 πρὸς
540 4174 757 4234 ἑαυτὸν
781 4174 1295 4234 ἂνακαλέσασθαιζ

987 4174 1295 4232 λέσασθαιζ
1878 4174 2110 4240 seipsum
2148 4177 2506 4222 revocaturus.

200 4316 224 4350 ι
256 4295 392 4359 Θεὸς
418 4293 555 4348 θεῶν
583 4295 789 4365 Κύριος
815 4292 1065 4363 ὲλάλησε,
1103 4290 1198 4344 καὶ
1228 4288 1453 4342 ἐκάλεσε
1480 4285 1576 4359 τὴν
1598 4286 1704 4357 γῆν

1882 4299 1902 4333 ι
1944 4279 2088 4336 Deus
2115 4279 2340 4334 deorum
2369 4276 2630 4331 Dominus
2677 4276 2894 4332 locutus
2938 4281 3044 4337 est,
3077 4280 3131 4328 et
3163 4272 3378 4328 vocavit

121 4389 235 4445 ἀπὸ
262 4385 539 4441 ἀνατολῶν
572 4362 724 4456 ἡλίου
764 4383 859 4438 καὶ
890 4362 1053 4455 μέχρι
1090 4379 1329 4451 δυσμῶν.
1373 4379 1469 4432 Ἐκ
1496 4377 1633 4431 Σιὼν

1857 4385 2008 4425 arram
2044 4385 2074 4424 a
2106 4370 2238 4425 solis
2284 4377 2409 4423 ortu
2462 4382 2633 4437 usque
2662 4370 2729 4420 ad
2772 4381 3050 4421 occasum.
3109 4362 3190 4418 Ex
3244 4362 3376 4419 Sion

118 4478 430 4551 εὐπρέπεια
460 4477 559 4549 τῆς
592 4454 918 4547 ὧραιότητος
954 4454 1139 4527 αὐτοῦ.
1185 4473 1245 4525 '0
1275 4470 1408 4535 Θεὸς
1445 4470 1637 4540 ἐμφανά

1856 4463 2018 4517 aecies
2050 4461 2266 4516 decoris
2299 4460 2419 4529 ejus
2450 4477 2463 4514 :
2508 4459 2651 4514 Deus
2681 4456 2971 4513 manifeste
2996 4456 3199 4519 veniet,
3234 4454 3375 4511 Deus

120 4548 268 4645 ἥξει,
299 4570 331 4622 6
368 4568 501 4632 Θεὸς
543 4567 721 4639 ήμῶν,
755 4566 853 4620 καὶ
883 4567 945 4619 οὐ
985 4564 1491 4636 παρασιωπήσεται.
1527 4580 1547 4613 ι
1589 4562 1639 4614 Κ

1851 4561 2013 4616 oster,
2043 4559 2098 4606 et
2127 4566 2234 4606 non
2263 4551 2445 4607 silebit
2477 4551 2546 4603 ὀ.
2586 4569 2604 4602 ι
2643 4549 2707 4603 Et
2735 4556 2859 4619 post
2910 4548 3173 4602 nonnulla
3214 4548 3319 4602 alia
3357 4566 3370 4602 :

119 4638 247 4734 μεθ’
306 4661 500 4734 ἑτεραν
533 4638 872 4721 (Ἄκουσον,
918 4655 1071 4728 φησι,
1110 4654 1237 4718 λαός
1280 4670 1403 4725 μου,
1457 4653 1552 4707 καὶ
1600 4651 1638 4704 λε

1858 4644 2019 4707 Audi,
2051 4645 2247 4714 inquit,
2269 4643 2500 4713 populus
2525 4657 2698 4704 meus,
2731 4651 2786 4696 et
2815 4641 3009 4711 loquar
3043 4640 3163 4702 tibi,
3182 4638 3372 4703 Israel,

121 4727 275 4827 λήσω
452 4750 685 4824 Ἰσραὴλ,
717 4750 814 4804 καὶ
854 4744 1299 4820 διαμαρτύρομαι
1333 4761 1436 4797 σοι.
1481 4741 1544 4798 Ὀ
1567 4743 1639 4796 Θε

1852 4753 1859 4790 ι
1896 4736 2232 4792 testificabor
2263 4734 2381 4799 tibi,
2415 4733 2557 4790 Deus
2587 4733 2748 4827 Deus
2763 4742 2889 4827 tuus
2920 4747 3041 4787 sum
3095 4746 3218 4827 ego
3252 4727 3371 4784 Non

121 4756 275 4827 λήσω
308 4771 413 4819 σοι,
452 4750 685 4824 Ἰσραὴλ,
717 4750 814 4804 καὶ
854 4746 1299 4820 διαμαρτύρομαι
1333 4761 1436 4797 σοι.
1481 4746 1544 4798 ’0
1567 4746 1639 4796 Θε

121 4850 153 4900 6
192 4846 331 4909 Θεός
379 4861 473 4898 σου
523 4844 639 4914 εἰμὶ
693 4842 823 4911 ἐγώ.
883 4842 1000 4894 Οὐκ
1049 4839 1141 4892 ἐπὶ
1191 4839 1310 4902 ταῖς
1341 4835 1554 4900 θυσίαις
1601 4851 1640 4888 σε

1851 4751 1859 4790 a
1896 4746 2232 4792 testiﬁcabor
2263 4746 2381 4799 ιιυι,
2416 4746 2557 4790 Deus
2587 4746 2732 4789 ueus
2763 4746 2889 4787 tuus
2920 4747 3041 4787 sum
3095 4747 3162 4801 eg
3205 4772 3218 4785 .
3252 4746 3370 4784 non

1851 4846 1862 4883 ι
1895 4828 2180 4884 sacrificiis
2212 4827 2320 4880 tuis
2346 4840 2571 4895 arguam
2601 4831 2654 4879 te
2685 4842 2698 4878 :
2737 4823 3054 4877 holocausta
3083 4746 3262 4919 mﬁam
3279 4831 3370 4873 tua

116 4938 331 5008 ἐλέγξω
352 4953 433 4990 σε.
457 4934 540 4990 Τὰ
564 4912 621 4989 δὲ
644 4930 1067 5002 ὁλοκαυτώματά
1087 4946 1178 4982 σου
1211 4926 1438 4981 ἐνώπιόν
1469 4943 1569 4998 μου
1593 4926 1635 4978 εἰ

1854 4927 2188 4990 iconspectu
2219 4932 2340 4972 meo
2390 4927 2519 4972 sunt
2550 4931 2783 4987 semper.
2840 4914 2961 4969 Non
3012 4912 3279 4982 accipiam
3304 4912 3373 4966 de

115 5030 208 5085 διὰ
224 5002 465 5091 παντός.
518 5027 593 5081 Οὐ
630 5024 851 5095 δέξομαι
881 5025 945 5076 ὲκ
987 5020 1082 5075 τοῦ
1116 5020 1265 5074 οἴκου
1315 5035 1407 5072 σου
1442 5018 1634 5089 μόσχου

1851 5027 1965 5067 nmo
1990 5021 2082 5066 tua
2115 5010 2316 5065 vitulos
2351 5049 2366 5074 ,
2417 5022 2594 5077 neque
2628 5007 2680 5060 in
2710 5005 2966 5076 gregibus
3005 5003 3118 5058 tuis
3164 5002 3370 5065 hircos,

114 5118 239 5173 οὐῶ
279 5118 350 5173 ὲκ
384 5118 494 5171 τῶν
536 5093 802 5189 ποιμνίων
853 5130 946 5167 σου
985 5112 1276 5183 χιμάρους,
1313 5110 1394 5163 ὅτι
1429 5108 1538 5179 ὲμά
1580 5110 1633 5161 Ea

1852 5103 2057 5157 uoniam
2092 5117 2226 5158 mea:
2255 5108 2384 5156 sunt
2411 5114 2601 5155 omnes
2632 5097 2759 5153 fera:
2796 5098 3093 5167 sylvarum,
3120 5093 3371 5162 jumenta

114 5214 299 5267 πάντα
330 5209 401 5264 τὰ
429 5208 592 5282 θηρία
636 5184 731 5261 τοῦ
778 5205 1005 5278 δρυμοῦ,
1056 5205 1227 5275 κτήνη
1278 5205 1337 5255 ὲν
1380 5204 1492 5265 τοῖς
1522 5200 1633 5272 δρεε

1851 5214 1859 5248 ι
1907 5193 2216 5258 montibus,
2248 5205 2302 5248 et
2334 5192 2507 5247 boves
2542 5209 2555 5244 :
2617 5189 2853 5259 cognovi
2896 5184 3081 5241 omnia
3128 5184 3370 5239 volatilia

111 5303 209 5359 καὶ
254 5302 412 5375 βόες·
446 5275 660 5371 ἔγνωκα
707 5275 894 5353 πάντα
926 5296 995 5350 τὰ
1045 5295 1262 5350 πετεινὰ
1306 5293 1399 5346 τοῦ
1440 5292 1630 5364 οὐρανο

1850 5287 1951 5352 131i,
1981 5295 2036 5342 et
2064 5285 2417 5356 pulchritudo
2449 5283 2566 5354 agri
2594 5295 2807 5336 mecum
2847 5286 2951 5334 est.
2990 5275 3046 5331 Si
3098 5276 3369 5341 esuriero,

114 5394 209 5446 καὶ
539 5387 856 5462 ἀγροῦμετ⁹
886 5385 1022 5458 ἐμοῦ
1050 5388 1219 5439 ἐστιν.
1268 5384 1395 5437 Ἐὰν
1429 5382 1633 5436 πεινάσι

1853 5395 1912 5434 on
1934 5378 2114 5434 dicam
2144 5377 2276 5447 tibi;
2308 5392 2464 5432 meus
2483 5385 2566 5431 est
2595 5373 2742 5429 enim
2774 5371 2926 5428 orbis
2957 5378 3139 5433 terrae,
3173 5379 3225 5423 et
3258 5368 3372 5438 plc-

111 5485 173 5538 ὠ
202 5455 397 5556 μὴ-σοι
427 5455 568 5537 sim
587 5455 876 5553 :ép'h‘ydp
903 5455 1051 5533 ἐστιν
1086 5479 1120 5548 ἡ
1147 5476 1459 5547 οἰκουμένη,
1500 5473 1595 5527 καὶ

1860 5469 1992 5525 tudo
2013 5469 2153 5540 ejus.
2183 5465 2458 5536 Numquid
2472 5460 2812 5518 tuanducabo
2842 5474 3036 5516 carnes
3051 5455 3373 5511 taurorum?

112 5547 392 5648 πλήρωμα
424 5571 613 5646 αὐτῆς.
763 5547 1007 5644 φάγομαι
1036 5569 1177 5643 κρέα
1207 5569 1444 5639 ταύρων,
1477 5568 1509 5637 ἢ
1550 5560 1631 5636 αἷι.

1852 5569 1892 5617 ιι
1923 5561 2241 5632 sanguinem
2279 5558 2555 5614 hircorum
2585 5552 2789 5624 potabo
2820 5550 2846 5608 τ
2882 5550 3104 5606 immola
3131 5547 3242 5604 Deo
3281 5564 3371 5603 sa-

185 5732 229 5765 "
263 5732 468 5795 thes.
521 5746 608 5796 tv,
640 5728 730 5785 l0.
804 5726 851 5761 “
876 5724 1022 5783 Psal.
1052 5742 1210 5790 XXIII,
1253 5726 1369 5781 7-9.
1451 5726 1493 5758 ¹⁹
1525 5722 1704 5780 Ρεεὶ.‹

1079 5742 1210 5790 LXIII,
1253 5726 1369 5781 7-9.
1451 5726 1493 5758 ¹⁹
1525 5722 1672 5780 Psal.
1696 5736 1810 5787 cu,
1836 5719 1894 5785 2,
1924 5719 1978 5774 ὅ.
2053 5716 2099 5749 ²⁰
2122 5712 2269 5770 Psal.
2292 5728 2443 5781 xm,
2485 5711 2598 5768 1-3.
