3846 6218
448 310 553 366 419
1092 303 1378 362 'EUSEBII
1406 303 1889 362 CAESARIENSIS
1929 301 2079 362 OPP.
2112 302 2293 359 PARS
2331 301 2395 358 ll.
2431 334 2500 345 —
2533 303 3032 361 APOLOGETICA.
3589 306 3689 363 ηο

449 401 714 457 oriﬁcium
738 396 943 462 laudis,
977 402 1032 452 et
1060 400 1228 452 redde
1249 397 1534 452 Altissimo
1563 406 1690 452 vota
1725 407 1838 461 tua,
1861 407 1915 452 et
1945 399 2022 451 in-

2133 394 2342 466 ιράγων
2367 394 2560 465 πίομαι
2584 411 2598 460 ;
2628 394 2801 449 Θῦσον
2826 395 2904 466 τῷ
2933 394 3051 466 Θεῷ
3077 394 3268 451 θυσίαν
3296 397 3573 464 αἰνέσεως,
3604 401 3686 453 καὶ

448 509 584 550 voca
619 508 707 546 me
740 493 795 545 in
839 489 926 544 die
952 487 1327 544 tribulationis
1354 489 1420 542 “.
1455 508 1474 542 ι
1512 488 1691 542 Etiam
1741 489 1846 544 hoc
1898 490 2018 544 loco

2133 486 2323 550 ἀπόδος
2359 485 2437 556 τῷ
2478 486 2716 557 ’Υψίστῳ
2756 485 2854 549 τὰς
2903 487 3067 557 εῦχάς
3118 504 3232 552 σου,
3261 490 3354 542 xa't
3383 490 3690 545 ὲπικάλεσαί

447 584 630 638 divina
684 581 962 652 praedictio
994 580 1150 651 plane
1183 579 1350 635 Deum
1381 579 1670 635 manifeste
1727 588 2021 635 venturum

2133 597 2193 650 με
2217 581 2275 633 ὲν
2318 578 2499 650 ἡμέρᾳ
2523 577 2770 648 θλίψεως.
2805 597 2824 630 ι
2861 577 3155 632 Κάνταῦθα
3185 582 3218 650 ἡ
3247 577 3365 635 θεία
3399 584 3691 655 πρόρρησις

447 679 616 742 canit,
648 691 772 745 quae
817 673 1038 743 quidem
1068 687 1180 726 non
1214 673 1383 726 alium
1414 711 1430 736 ,
1483 687 1646 742 quam
1702 671 1880 741 ipsum
1925 671 2023 727 Dei

451 764 688 820 Verbum
722 764 1013 834 significat.
1039 762 1188 817 illius
1217 777 1347 816 vero
1378 761 1644 816 adventus
1660 776 1881 816 causam
1901 776 2021 814 ma-

448 855 803 910 nifestissime
829 852 1054 916 indicat,
1083 866 1147 904 ac
1177 851 1419 920 gentium
1443 865 1659 910 rursus,
1685 865 1804 922 quae
1824 850 1879 904 in
1911 857 2022 904 tota

449 958 594 1001 terra
631 947 1008 1007 continentur,
1061 943 1404 997 vocationem
1450 941 1687 996 futuram
1715 943 2022 998 denuntiat.

449 1042 640 1109 Itaque
679 1058 696 1089 ι
743 1037 988 1099 Vocavit,
1022 1035 1219 1104 inquit,
1253 1044 1476 1101 terram,
1515 1035 1582 1088 ab
1616 1043 1736 1089 ortu
1769 1035 1900 1090 solis
1928 1050 2024 1089 us-

448 1148 554 1202 que
581 1132 647 1184 ad
669 1144 943 1184 occasum.
972 1148 991 1179 ›
1021 1127 1156 1182 liiiro
1183 1134 1364 1180 autem
1400 1126 1634 1195 quodam
1666 1126 1877 1189 ordine,
1901 1134 2024 1196 post

449 1226 737 1277 adventum
770 1222 918 1275 illius
939 1261 953 1284 ,
986 1229 1038 1274 et
1072 1229 1192 1289 post
1233 1219 1477 1288 gentium
1503 1217 1865 1280 vocationem,
1902 1217 2026 1286 reji-

447 1316 698 1370 cicndam
740 1329 861 1368 esse
892 1320 1129 1367 veterem
1178 1311 1326 1364 illam
1371 1308 1591 1380 corpori
1622 1308 1796 1379 magis
1844 1310 2024 1364 inser-

447 1407 707 1469 vientem,
730 1420 894 1474 quam
921 1403 1157 1473 spiritui,
1181 1417 1245 1456 ex
1281 1401 1398 1471 lege
1427 1401 1625 1471 Moysis
1650 1401 2024 1454 adorationem

448 1499 628 1559 docet,
655 1513 777 1566 qua:
821 1497 939 1566 ipsa
969 1509 1186 1564 quoque
1236 1507 1396 1546 suum
1427 1492 1654 1561 contigit
1686 1490 1868 1554 linem,
1901 1496 2026 1560 post

449 1587 545 1642 Dei
569 1586 734 1642 Verbi
773 1586 839 1640 ad
873 1586 1122 1640 homines
1182 1582 1498 1637 adventum.
1543 1583 1624 1636 Ex
1660 1583 1754 1636 illo
1785 1583 1929 1637 enim
1956 1581 2024 1636 ad

449 1677 597 1731 hunc
627 1691 802 1744 usque
857 1675 1002 1728 diem
1061 1672 1372 1742 vocatijam
1407 1681 1534 1726 sunt
1579 1687 1769 1728 omnes
1815 1672 1883 1728 de
1910 1680 2024 1728 toto

447 1771 581 1825 orbe
614 1779 884 1824 terrarum
934 1766 1184 1820 homines
1211 1805 1227 1833 ,
1273 1779 1574 1834 omnesque
1608 1765 1676 1819 ab
1718 1773 1842 1819 ortu
1893 1765 2024 1821 solis

449 1879 624 1932 usque
656 1862 722 1915 ad
748 1875 1004 1915 occasum
1035 1870 1241 1929 gentes.
1302 1856 1553 1912 Cessavit
1587 1865 1790 1923 autem,
1840 1858 2025 1912 subla-

448 1969 648 2026 tusque
699 1961 784 2008 est
839 1951 1149 2006 Iudaeorum
1181 1951 1319 2004 ritus
1349 1988 1364 2014 ,
1413 1949 1506 2002 ubi
1557 1964 1622 2003 ex
1651 1948 1802 2004 Novo
1860 1951 2021 2020 262

447 2044 774 2114 evangelicae
819 2041 1225 2111 prazdicationis
1275 2039 1662 2102 Testamento,
1701 2055 1810 2092 non
1840 2049 2022 2094 autem

447 2153 514 2192 ex
530 2138 645 2207 lege
663 2136 882 2206 Moysis,
907 2149 1097 2188 omnes
1128 2132 1377 2187 homines
1401 2131 1571 2186 Deum
1600 2132 1801 2195 colere,
1827 2140 2023 2186 etcum

447 2230 649 2299 pietate
686 2227 870 2283 vivere
903 2226 1169 2280 admoniti
1217 2225 1510 2295 edoctique
1580 2232 1729 2279 sunt.
1766 2226 2023 2280 Attamen

446 2321 639 2378 eadem
668 2320 784 2375 haec
811 2319 880 2373 ad
913 2318 1216 2374 secundum
1258 2317 1676 2388 gloriosumque
1727 2315 2026 2373 Salvatoris

447 2416 766 2480 adventum,
786 2413 977 2470 referri
1008 2412 1138 2467 item
1169 2422 1421 2482 possunt.

1057 2523 1287 2580 CAPUT
1326 2524 1413 2580 IV.

449 2642 492 2697 Α
539 2640 746 2711 psalmo
771 2655 1096 2711 ωωωιιψέέ
1119 2637 1557 2711 ρυοιίυίάεηάαε
1582 2639 1636 2711 in
1657 2646 1798 2690 terra
1827 2637 2025 2691 dicere—

521 2708 607 2767 tur
634 2711 795 2778 Deus,
830 2726 921 2779 per
949 2709 1150 2764 Christi
1176 2709 1243 2762 ad
1274 2708 1508 2762 homines
1544 2708 1845 2762 adventum.
1943 2719 1949 2726 '

525 2909 546 2944 ι
597 2889 881 2945 Videbitur
903 2889 1046 2943 Deus
1080 2889 1310 2944 deorum
1341 2890 1397 2943 in
1421 2887 1576 2943 Sion.
1607 2888 1836 2944 Domine
1859 2879 2024 2945 Deus

446 2984 735 3048 virtutum,
761 2981 959 3036 exaudi
979 2981 1284 3036 orationem
1304 2995 1503 3045 meam,
1524 2981 1750 3036 auribus
1782 2981 2021 3051 percipe,

449 3074 594 3130 Deus
617 3073 803 3128 Jacob.
833 3071 1116 3127 Protector
1146 3081 1335 3126 noster
1363 3071 1564 3140 aspice,
1605 3069 1770 3136 Deus,
1810 3072 2022 3140 respice

2124 670 2312 740 σαφῶς
2357 671 2488 724 Θεὸν
2533 669 2790 741 ἐμφανῶς
2829 669 2980 741 ἥξειν
3023 669 3288 735 θεσπίζει,
3333 674 3433 726 οὐκ
3479 674 3690 748 ἄλλονὴ

2121 764 2212 818 τὸν
2239 764 2331 818 τοῦ
2375 763 2511 817 Θεοῦ
2545 764 2716 832 Λόγον
2759 763 3012 834 δηλοῦσα.
3057 765 3168 817 Ka‘t
3206 765 3268 818 τὸ
3304 765 3474 820 αἴτιον
3514 767 3573 820 δὲ
3601 765 3692 837 τῆς

2123 854 2424 925 παρουσίας
2457 851 2634 906 αὐτοῦ’
2667 851 2979 921 σαφέστατα
3022 851 3369 922 παρίστησιν,
3411 847 3568 916 αὖθις
3601 851 3692 922 τὴν

2123 946 2314 1016 κλῆσιν
2364 943 2700 1016 σημαίνουσα
2744 942 2853 996 τῶν
2903 941 3025 996 καθ’
3074 941 3202 1013 ὅλης
3245 943 3344 1012 τῆς
3379 943 3695 1014 οἰκουμένης

2124 1039 2315 1094 ὲθνῶνο
2359 1058 2378 1090 ‹
2437 1038 2695 1091 Ἐκάλεσε
2749 1035 2901 1105 γοῦν,
2959 1037 3112 1107 φησὶ,
3148 1035 3246 1107 τὴν
3285 1037 3387 1107 γῆν
3443 1036 3552 1088 ἀπὸ
3577 1037 3697 1088 ἀνα-

2123 1128 2291 1182 τολῶν
2318 1127 2469 1199 ἡλίου
2499 1128 2593 1180 καὶ
2629 1126 2789 1197 μέχρι
2820 1125 3058 1196 δυσμῶν.
3091 1144 3108 1177 ι
3147 1125 3358 1196 Σφόδρα
3397 1125 3455 1177 δὲ
3484 1125 3695 1178 ἀκολούε

2125 1218 2233 1282 θως
2263 1218 2403 1288 μετὰ
2429 1218 2526 1289 τὴν
2571 1218 2894 1286 ἐπιφάνειαν
2929 1215 3115 1281 αὑτοῦ,
3142 1217 3236 1269 καὶ
3277 1217 3416 1286 μετὰ
3448 1216 3547 1288 τὴν
3575 1216 3697 1286 κλῆ-

2126 1327 2211 1363 σιν
2246 1309 2354 1363 τῶν
2386 1310 2554 1364 ἐθνῶν
2579 1350 2594 1375 ,
2628 1311 2729 1380 τὴν
2770 1310 3100 1382 παραίτησιν
3138 1311 3236 1381 τῆς
3277 1311 3418 1364 κατὰ
3455 1309 3548 1364 τὸν
3573 1311 3698 1365 Μω-

2127 1403 2264 1466 σέως
2289 1405 2452 1474 νόμον
2496 1404 2956 1475 σωματικωτέρας
2985 1402 3235 1474 λατρείας
3264 1403 3526 1466 διδάσκει,
3551 1404 3585 1474 ἢ
3615 1403 3701 1456 καὶ

2125 1495 2260 1565 αὑτὴ
2285 1494 2471 1558 τέλους
2497 1493 2655 1564 ἔτυχε
2685 1493 2822 1564 μετὰ
2861 1492 2957 1565 τὴν
2978 1491 3071 1546 τοῦ
3099 1492 3232 1545 Θεοῦ
3258 1493 3429 1561 Λόγου
3449 1475 3542 1556 ἐἰς
3578 1495 3705 1546 πάν-

2123 1603 2226 1650 τας
2253 1585 2573 1658 ἀνθρώπους
2600 1587 2942 1655 ἐπιφάνειαν.
2991 1586 3078 1652 Ἐξ
3108 1587 3315 1639 ἐκείνου
3351 1587 3456 1658 γάρ
3491 1603 3575 1639 τοι
3617 1587 3704 1640 καὶ

2125 1681 2206 1742 εἰς
2236 1679 2394 1750 δεῦρο
2441 1678 2734 1751 κέκληνται
2769 1679 2870 1751 μὲν
2909 1677 3109 1742 πάντες
3153 1681 3201 1730 οἱ
3245 1678 3338 1730 ἐπὶ
3387 1679 3572 1749 πάσης
3613 1677 3700 1748 τῆς

2125 1774 2449 1843 οἰκουμένης
2493 1772 2791 1843 ἄνθρωποι,
2833 1772 2927 1826 καὶ
2969 1771 3147 1824 πάντα
3188 1771 3257 1824 τὰ
3295 1772 3402 1825 ἀπὸ
3435 1770 3704 1824 ἀνατολῶν

2127 1865 2222 1918 καὶ
2257 1866 2416 1937 μέχρι
2439 1865 2658 1937 δυσμῶν
2693 1865 2841 1937 ἔθνη.
2876 1868 3161 1923 Πέπαυται
3190 1867 3248 1920 δὲ
3278 1865 3371 1919 καὶ¹
3403 1863 3701 1935 καθῄρηται

2127 1959 2162 2028 ἡ
2192 1956 2336 2010 κατὰ
2373 1956 2654 2021 Ἰουδαίους
2687 1956 2972 2028 θρησκεία,
3000 1960 3142 2013 κατὰ
3169 1958 3267 2029 τὴν
3298 1956 3491 2027 καινὴν
3519 1955 3710 2025 Διαθὴ-

2125 2068 2229 2121 κην
2259 2049 2352 2102 τοῦ
2384 2050 2736 2118 εὑαγγελικοῦ
2766 2051 3142 2123 κηρύγματος,
3185 2050 3297 2104 ἀλλ’
3338 2050 3397 2103 οὺ
3433 2048 3596 2103 Κατὰ
3620 2047 3705 2100 τὸν

2124 2144 2368 2207 Μωσέως
2402 2143 2588 2214 νόμον,
2646 2144 2863 2198 πάντων
2887 2144 3188 2216 ἀνθρώπων
3217 2141 3460 2195 εὐσεϐεῖν
3484 2158 3702 2214 παρηγέ

2124 2233 2422 2303 γελμένων.
2459 2232 2644 2284 Ταῦτα
2675 2232 2732 2285 δὲ
2778 2235 2872 2286 καὶ
2921 2235 3014 2286 ἐπὶ
3057 2233 3156 2304 τὴν
3195 2231 3453 2301 δευτέραν
3485 2233 3587 2286 καὶ
3625 2230 3706 2284 ἔν-

2123 2325 2273 2389 δοξον
2304 2325 2624 2394 ἐπιφάνειαν
2653 2323 2748 2378 τοῦ
2779 2326 3031 2398 Σωτῆρος
3061 2325 3385 2396 ἀναφέροιτο
3411 2324 3498 2379 ἄν.

2671 2524 3066 2578 ΚΕΦΑΛΑΙΟΝ
3090 2525 3166 2580 Δ’.

2136 2635 2296 2720 Ἀπὸ.
2318 2638 2566 2720 ψαλμοῦ
2597 2639 2950 2720 πλέη-,Ὡς
2986 2639 3245 2720 ἐπί-,γῆς
3274 2637 3704 2720 ὀὲςθήσεριθαιιό

2196 2707 2340 2771 Θεὸς
2378 2707 2614 2781 geretur
2654 2707 2752 2762 διὰ
2777 2707 2884 2777 τῆς
2923 2709 3032 2764 τοῦ
3073 2707 3333 2780 Χριστοῦ
3371 2713 3461 2777 είς
3487 2711 3703 2781 ἀνθρὼ-

2195 2793 2348 2842 πους
2379 2778 2751 2846 ἐπιφανείας.

2200 2908 2218 2938 ι
2268 2889 2593 2962 Ὀφθήσεται
2630 2895 2658 2946 ὁ
2703 2893 2835 2958 Θεὸς
2869 2893 2979 2948 τῶν
3019 2894 3158 2950 θεῶν
3185 2898 3243 2950 ὲν
3285 2896 3444 2952 Σιών.
3477 2899 3652 2970 Κύριε
3675 2901 3704 2952 ὁ

2123 2977 2254 3041 Θεὸς
2299 2979 2406 3032 τῶν
2441 2980 2744 3052 δυνάμεων,
2773 2985 3086 3039 εἰσάκουσον
3117 2986 3214 3057 τῆς
3245 2991 3556 3059 προσευχῆς
3588 3009 3700 3060 μου,

2125 3067 2398 3134 ὲνώτισαι,
2434 3074 2462 3125 ὁ
2487 3073 2618 3136 Θεὸς
2654 3073 2877 3127 Ἰακώϐο
2921 3077 3303 3147 ὑπερασπιστὰ
3347 3081 3378 3149 ἡ
3389 3080 3531 3149 μῶν,
3563 3082 3654 3145 lae,
3676 3080 3704 3133 ὁ

451 3166 507 3219 in
540 3164 733 3218 faciem
761 3164 965 3219 Christi
995 3165 1076 3218 tui
1102 3166 1167 3219 ”.
1198 3184 1216 3216 ι
1256 3163 1554 3233 Postquam
1589 3161 1758 3217 Deum
1792 3163 2020 3218 deorum

2133 3160 2279 3226 Θεὸς,
2311 3164 2404 3216 καὶ
2453 3164 2744 3234 ἐπίϐλεψον
2774 3168 2866 3221 ἐπὶ
2898 3167 2958 3220 τὸ
3006 3170 3300 3241 πρόσωπον
3329 3171 3422 3224 τοῦ
3466 3173 3703 3245 Χριστοῦ

449 3256 744 3311 videndum
775 3257 1045 3325 praedixit,
1075 3265 1190 3311 tum
1238 3264 1360 3311 orat
1391 3257 1684 3311 adventum
1712 3257 1832 3327 ejus
1855 3271 2019 3326 quam

449 3347 735 3402 celerrime
764 3349 990 3413 adesse,
1054 3348 1276 3402 modum
1310 3364 1421 3419 quo
1448 3347 1717 3404 videndus
1761 3349 1834 3404 sit
1877 3349 2022 3404 inte-

452 3439 556 3492 rim
587 3438 792 3494 docens
832 3439 944 3494 illis
976 3440 1156 3495 verbis
1187 3459 1202 3496 :
1237 3462 1256 3492 ‹
1292 3439 1522 3510 Respice
1555 3440 1610 3494 in
1644 3440 1837 3496 faciem
1863 3440 2026 3496 Chri-

451 3531 522 3586 sti
547 3531 647 3596 tui,
690 3551 709 3583 ›
739 3546 846 3585 non
891 3532 1048 3587 aliter
1078 3548 1241 3602 quam
1293 3534 1532 3604 planius,
1566 3533 1833 3589 dixisset:
1894 3532 2027 3588 Post

450 3624 643 3678 faciem
692 3622 898 3679 Christi
946 3624 1026 3677 tui
1076 3625 1256 3694 praebe
1286 3626 1519 3694 teipsum
1542 3625 1854 3680 videndum.
1888 3623 2026 3679 Pro-

451 3723 634 3787 pterea
655 3716 823 3781 enim,
858 3716 1004 3786 quod
1035 3735 1055 3768 ι
1095 3717 1188 3787 qui
1222 3715 1354 3770 vidit
1385 3716 1605 3784 Filium,
1641 3717 1777 3772 vidit
1809 3717 2023 3771 Patrem

451 3809 545 3879 qui
574 3809 724 3862 misit
749 3809 901 3862 illum
931 3809 977 3839 "
1011 3827 1025 3862 :
1092 3827 1111 3860 ι
1141 3808 1337 3862 merito
1387 3823 1486 3878 per
1541 3808 1734 3864 faciem
1795 3809 2023 3875 Christi,

451 3917 576 3956 eum
607 3902 704 3971 qui
730 3902 787 3955 in
809 3900 1032 3958 Christo
1045 3900 1272 3966 habitat,
1301 3899 1472 3956 Deum
1492 3899 1716 3955 deorum
1734 3900 2025 3956 videndum

453 3995 756 4050 denuntiat.
953 3996 956 4000 ’

1071 4190 1303 4247 CAPUT
1343 4188 1409 4244 V.

454 4307 497 4360 A
539 4305 746 4376 psalmo
775 4320 898 4359 xcv.
930 4333 1002 4347 ——
1043 4303 1309 4359 Adventus
1358 4304 1573 4359 Domini
1619 4304 1674 4358 in
1706 4313 1901 4376 terram
1944 4319 2027 4357 re-

524 4373 802 4447 gnumque
834 4376 947 4445 ejus
998 4377 1134 4428 inter
1175 4385 1384 4447 gentes,
1432 4386 1480 4429 et
1514 4391 1704 4447 novum
1743 4373 2024 4429 Canticum

523 4445 626 4500 non
648 4445 748 4515 ipsi
776 4445 970 4510 Israel,
1004 4447 1093 4499 sed
1117 4445 1356 4516 gentibus
1386 4445 1753 4502 exhibendum.

530 4647 549 4680 ι
571 4626 801 4682 Cantate
813 4625 1043 4680 Domino
1057 4626 1333 4680 canticum
1350 4641 1572 4690 novum,
1595 4633 1812 4681 cantate
1843 4626 2026 4682 Domi-

454 4734 549 4784 no,
575 4720 944 4788 omnisjterra,
965 4727 1183 4774 cantate
1213 4719 1468 4782 Domino,
1489 4719 1795 4774 benedicite
1813 4721 2021 4775 nomini

451 4815 596 4885 ejus,
627 4813 945 4867 annuntiate
1005 4813 1073 4866 de
1130 4813 1218 4868 die
1270 4813 1324 4866 in
1380 4812 1523 4868 diem
1575 4815 1816 4870 salutare
1865 4815 2020 4884 ejus,

454 4905 778 4960 annuntiate
827 4904 971 4958 inter
1021 4912 1209 4975 gentes
1263 4906 1490 4975 gloriam
1523 4905 1675 4975 ejus,
1732 4908 1788 4961 in
1844 4906 2022 4961 omni-

451 4998 556 5052 bus
618 4995 832 5066 populis
892 4996 1161 5050 mirabilia
1226 4997 1406 5066 ejus:
1467 4997 1728 5068 quoniam
1786 5011 2020 5066 magnus

452 5091 613 5162 263
673 5089 935 5144 Dominus
983 5100 1036 5146 et
1079 5091 1365 5145 laudabilis
1396 5092 1582 5156 nimis,
1615 5091 1874 5146 terribilis
1935 5098 2020 5145 est

449 5199 614 5252 super
650 5197 838 5238 omnes
862 5182 1002 5238 Deos
1039 5183 1104 5238 ³³.
1139 5202 1156 5233 ι
1180 5183 1244 5236 Ει
1273 5198 1506 5238 rursus:
1555 5201 1576 5234 ι
1609 5182 1808 5237 Aﬂ‘erte
1834 5181 2020 5236 Domi-

453 5290 522 5329 no
546 5277 732 5344 patria:
761 5278 1000 5346 gentium
1025 5277 1094 5330 ”.
1131 5293 1150 5326 ι
1187 5275 1252 5328 Et
1272 5292 1466 5331 rursus
1501 5295 1514 5331 :
1548 5295 1566 5327 ι
1598 5275 1772 5330 Dicite
1800 5275 1854 5328 in
1887 5291 2020 5344 gen-

451 5368 596 5422 tibus
627 5368 770 5438 quod
826 5367 1089 5423 Dominus
1147 5369 1392 5438 regnavit
1429 5370 1496 5423 '5.
1534 5387 1553 5420 ι
1587 5367 1669 5423 Ad
1714 5375 2018 5422 extremum

451 5477 578 5516 vero
604 5461 850 5531 adjungit
884 5480 896 5516 ;
933 5481 952 5513 ι
994 5463 1148 5516 Tunc
1179 5463 1532 5518 exsultabunt
1555 5463 1737 5517 omnia
1761 5463 1905 5534 ligna
1929 5462 2020 5517 sil-

450 5560 635 5608 Varu'm
655 5569 684 5606 a
701 5552 837 5608 facie
859 5555 1093 5620 Domini,
1110 5555 1366 5624 quoniam
1387 5555 1568 5609 venit:
1593 5554 1852 5625 quoniam
1873 5555 2018 5610 venit

2125 3270 2238 3307 σου.
2265 3272 2285 3306 ι
2307 3255 2409 3308 Τὸν
2425 3255 2556 3310 Θεὸν
2578 3257 2685 3310 τῶν
2713 3257 2848 3312 θεῶν
2874 3260 3206 3332 ὀφθήσεσθαι
3228 3264 3528 3333 προειπὼν,
3558 3263 3704 3336 εὔχε-

2121 3364 2211 3401 ται
2241 3347 2340 3420 τὴν
2367 3350 2691 3418 ἐπιφάνειαν
2731 3351 2896 3406 αὐτοῦ
3025 3355 3190 3425 τάχος
3234 3357 3546 3429 ἐπιστῆναι,
3589 3359 3703 3413 καθ’
3810 3407 3811 3410 η

2121 3440 2182 3493 ὃν
2222 3441 2518 3512 ὀφθήσεται
2543 3442 2744 3513 τρόπον
2786 3444 3054 3500 διδάσκων
3093 3446 3180 3500 διὰ
3225 3447 3353 3501 τοῦθ
3391 3469 3412 3500 «
3460 3452 3704 3504 Ἐπίὸλε-

2122 3531 2221 3601 ψον
2251 3532 2343 3584 ἐπὶ
2383 3533 2443 3586 τὸ
2473 3535 2762 3606 πρόσωπον
2803 3537 2899 3590 τοῦ
2930 3538 3168 3608 Χριστοῦ
3210 3557 3302 3594 σου
3329 3558 3340 3568 ·
3383 3561 3402 3593 ι
3439 3542 3579 3596 ὡσεὶ
3612 3560 3701 3597 σα-

2124 3624 2382 3695 φέστερον
2437 3627 2676 3697 εἰρήκει·
2730 3627 2830 3680 Διὰ
2877 3628 2966 3682 τοῦ
3011 3629 3300 3701 προσώπου
3345 3633 3442 3687 τοῦ
3471 3635 3702 3707 Χριστοῦ

2126 3733 2221 3770 σου
2269 3719 2583 3789 ἐπιφάνηθι.
2639 3721 2792 3773 Ἐπεὶ
2862 3720 2962 3794 γὰρ
3035 3725 3064 3777 ό
3137 3725 3401 3797 ἑωρακὼς
3444 3729 3542 3783 τὸν
3581 3730 3704 3782 Υίὸν

2125 3808 2338 3880 ἑώρακε
2382 3811 2472 3863 τὸν
2520 3811 2742 3883 Πατέρα
2780 3813 2872 3868 τὸν
2918 3815 3210 3887 πέμψαντα
3259 3818 3444 3884 αὐτὸν,
3481 3822 3706 3886 εἰκότως

2124 3900 2213 3954 διὰ
2255 3901 2350 3954 τοῦ
2397 3902 2685 3974 προσώπου
2713 3904 2808 3958 τοῦ
2854 3908 3092 3978 Χριστοῦ
3129 3911 3568 3984 ἐπιφανήσεσθαι
3619 3913 3706 3968 τὸν

2126 3993 2184 4046 ὲν
2228 3993 2306 4064 τῷ
2346 3994 2568 4065 Χριστῷ
2610 3996 2970 4053 κατοικοῦντα
3012 4000 3146 4055 Θεὸν
3193 4003 3302 4058 τῶν
3355 4003 3496 4060 θεῶν
3537 4009 3706 4075 ἑπαγ-

2125 4083 2324 4154 γέλλει.

2658 4203 3052 4259 ΚΕΦΑΛΑΙΟΝ
3095 4207 3172 4262 E'.

2139 4309 2270 4395 Ἀπὸ
2299 4311 2544 4395 ψαλμοῦ
2583 4317 2694 4395 ἰ-ιεκ.
2724 4345 2811 4395 —_
2832 4319 3384 4395 IIagovglaKvglov
3429 4323 3533 4378 ἐπὶ
3573 4324 3703 4395 γῆς.

2190 4381 2480 4468 gaudeas
2519 4400 2584 4462 ff
2611 4381 2827 4468 καρτοῦ.
2851 4381 2950 4468 ea)
2971 4389 3106 4468 τῶν
3137 4381 3346 4468 Mirans,
3381 4381 3604 4448 καινόᾶ·
3635 4381 3710 4448 'r'é

2198 4456 2362 4534 ᾁοςμα
2402 4457 2473 4507 οὐ
2505 4456 2585 4519 τῷ
2639 4456 2908 4525 Ἰσραὴλ,
2949 4459 3111 4513 ἀλλὰ
3137 4461 3261 4527 τοῖς
3290 4461 3499 4518 ἔθνεσι
3533 4465 3710 4534 δοθη-

2050 4505 2101 4565 Ι)
2196 4505 2472 4590 ἐνάλων-οὖ.

2201 4653 2220 4685 ι
2262 4635 2461 4707 ’ᾼσατε
2484 4637 2560 4708 τῷ
2585 4641 2773 4712 Κυρίῳ
2797 4637 2948 4714 ᾆσμα
2978 4645 3183 4712 καινὸν,
3213 4645 3379 4718 ᾁσατε
3394 4647 3474 4720 τῷ
3489 4651 3704 4723 Κυρίῳ,

2126 4729 2274 4781 πᾶσα
2295 4731 2328 4799 ἡ
2359 4731 2452 4800 γῆ.
2489 4733 2689 4802 νᾼσατε
2718 4734 2796 4804 τῷ
2828 4737 3040 4808 Κυρίῳ,
3068 4739 3399 4810 εὐλογήσατε
3424 4742 3486 4794 τὸ
3535 4742 3704 4813 δνομα

2123 4819 2308 4874 αὐτοῦ.
2333 4822 2772 4891 Εὐαγγελίσασθε
2801 4827 3009 4900 ἡμέραν
3031 4831 3090 4894 ἐξ
3115 4831 3327 4902 ἡμέρας
3352 4832 3414 4886 τὸ
3439 4836 3703 4906 σωτήριον

2125 4913 2287 4965 αὑτοῦ
2314 4929 2327 4944 ο
2367 4915 2721 4983 ἀναγγείλατε
2753 4919 2812 4971 ὲν
2844 4923 2956 4984 τοίς
2980 4920 3154 4976 ἔθνεσι
3181 4924 3282 4994 τὴν
3317 4922 3478 4989 δόξαν
3513 4925 3696 4990 αὐτοῦ,

2126 5005 2182 5057 ὲν
2224 5007 2356 5058 πᾶσι
2392 5011 2502 5070 τοῖς
2542 5008 2690 5072 λαοῖς
2721 5009 2790 5063 τὰ
2834 5011 3112 5083 θαυμάσια
3157 5017 3322 5070 αὑτοῦ
3349 5035 3362 5048 ·
3409 5021 3494 5072 ὅτι
3527 5020 3698 5090 μέγας

2125 5095 2329 5167 Κύριος
2357 5098 2449 5150 καὶ
2483 5101 2691 5164 αἰνετὸς
2715 5103 2938 5175 σφόδρα,
2969 5106 3194 5179 φοϐερός
3229 5112 3377 5162 ἐστιν
3409 5113 3552 5181 ὑπὲρ
3573 5113 3698 5166 πάνυ

2124 5205 2223 5250 τας
2263 5191 2389 5253 τοὺς
2430 5190 2600 5255 θεούς.
2647 5212 2664 5244 ι
2708 5195 2819 5247 Καὶ
2858 5197 3017 5251 πάλιν
3043 5210 3058 5229 ⁴
3095 5219 3114 5250 ι
3164 5201 3454 5269 Ἐνέγκατε
3483 5204 3562 5273 τῷ
3591 5205 3696 5255 Κυ-

2129 5279 2228 5351 ρίῳ
2251 5281 2307 5333 αἱ
2336 5286 2562 5353 πατριαὶ
2584 5285 2690 5339 τῶν
2713 5287 2902 5344 ἐθνῶν.
2943 5310 2961 5342 ι
2993 5292 3102 5345 Καὶ
3127 5293 3286 5346 πάλιν
3304 5311 3317 5324 ’
3357 5314 3376 5345 ι
3407 5295 3611 5348 Εἴπατε
3641 5298 3694 5347 ἐν

2122 5374 2238 5435 τοῖς
2265 5373 2493 5439 ἔθνεσιν,
2533 5378 2614 5430 ὅτι
2647 5379 2849 5452 Κύριος
2887 5382 3222 5438 ἐϐασίλευσε.
3255 5404 3273 5436 ι
3319 5387 3432 5440 Καὶ
3477 5389 3568 5440 επὶ
3595 5389 3696 5439 πᾶ-

2127 5481 2215 5526 σιν,
2244 5465 2484 5535 ἐπιλέγει
2511 5485 2524 5499 °
2571 5489 2590 5520 ι
2627 5470 2761 5524 Τότε
2801 5474 3215 5542 ὰγαλλιάσονται
3249 5478 3426 5532 πάντα
3463 5481 3531 5534 τὰ
3572 5480 3694 5544 ξύλα

2122 5556 2217 5610 τοῦ
2249 5557 2476 5630 δρυμοῦ,
2513 5561 2621 5614 ἀπὸ
2652 5563 2945 5635 προσώπου
2969 5569 3195 5640 Κυρίου,
3236 5571 3315 5624 ὅτι
3339 5571 3560 5643 ἔρχεται
3580 5591 3596 5604 ο
3620 5576 3692 5625 ὅτι

517 5707 564 5740 ³⁸
598 5707 740 5766 Psal.
767 5723 915 5772 uix,
939 5708 1086 5765 7-15.
1165 5709 1367 5766 “Psal.
1392 5725 1599 5778 Luxu,
1631 5709 1784 5766 8-40.
1861 5712 1908 5745 ³³
1934 5711 2093 5770 Joan.
2126 5729 2224 5780 ιιι,
2249 5715 2340 5771 45.
2417 5717 2464 5750 ⁸⁸
2501 5716 2644 5775 Psal.
2684 5737 2802 5789 xcv,
2829 5725 2940 5778 1-4.
3018 5726 3062 5759 "
3079 5726 3212 5784 ibid.
3246 5729 3297 5783 7.
3372 5729 3417 5762 "
3439 5731 3573 5787 ibid.
3613 5729 3687 5786 lo-
