3846 6218
163 301 263 353 621

1065 305 1722 361 DEMONSTRATIONIS
1761 305 2220 364 ΕνΑΝοΕιιοιιΕ
2261 307 2392 365 LIB.
2430 309 2516 364 Vl.

3342 316 3445 370 4‘22

163 420 286 490 ῆκει
313 424 497 490 κρῖναι
522 421 622 492 τὴν
645 421 769 491 γῆν.
798 423 989 492 Κρινεῖ
1008 423 1107 494 τὴν
1129 423 1450 495 οἰκουμένην
1477 425 1535 476 ἐν
1555 423 1754 478 δικαιο-

1857 424 2111 494 judicare
2133 436 2355 481 terram.
2387 426 2664 481 Judicabit
2691 427 2880 482 orbem
2934 435 3098 484 terrm
3120 428 3174 484 in
3202 428 3442 500 justitia,

167 509 326 580 σύνῃ,
358 513 453 564 καὶ
493 511 655 575 λαοὺς
696 515 754 565 ἐν
793 515 858 584 τῇ
895 513 1123 584 ἀληθείᾳ
1157 513 1343 568 αὑτοῦ.
1386 533 1404 565 ι
1461 513 1756 568 Κάνταῦθα

163 604 331 656 πάλιν
368 605 660 674 ἐρχόμενος
699 608 779 669 εἰς
819 606 1140 678 ἀνθρώπους
1179 606 1382 678 Κύριος
1440 607 1754 678 προφητεύ-

165 714 310 762 εται,
342 698 527 750 καινόν
550 715 609 750 τε
637 693 790 768 ᾆσμα
809 699 904 750 ἐπὶ
931 701 998 770 τῇ
1020 699 1294 770 παρουσίᾳ
1319 698 1481 751 αὑτοῦ
1501 698 1750 770 ᾀσεσθαι,

161 788 262 858 τὴν
295 789 503 859 Καινὴν
545 790 838 861 Διαθήκην,
879 791 940 843 οὐ
987 791 1050 844 τὸ
1093 790 1362 844 Ἰουδαίων
1414 790 1584 856 ἔθνος,
1619 791 1754 846 ἀλλά

163 881 349 931 πᾶσαν
391 879 490 950 τὴν
531 881 664 950 γῆν·
718 880 1275 951 εὑαγγελισθήσεσθαί
1321 897 1380 933 τε
1425 881 1613 935 οὐκέτι
1659 883 1753 936 τὸν

175 969 416 1040 Ἰσραὴλ,
465 970 598 1024 ἀλλά
649 973 827 1025 πάντα
874 971 943 1024 τά
996 971 1157 1042 ἔθνη·
1225 972 1523 1045 ἐπειδήπερ
1572 973 1751 1026 αὐτῶν

163 1062 388 1116 ἔσεσθαί
426 1081 557 1134 φησι
594 1064 818 1134 βασιλέα
856 1065 949 1118 τὸν
979 1067 1270 1136 ἐρχόμενον
1301 1066 1525 1138 Κύριον.
1563 1067 1658 1130 Τίς
1703 1067 1750 1120 δ’

164 1154 231 1206 ἂν
257 1154 342 1225 εἴη
379 1147 532 1217 οὗτος
559 1156 593 1226 ἢ
628 1157 656 1208 ὁ
698 1156 833 1218 Θεὸς
857 1157 1065 1223 Λόγος;
1106 1156 1166 1219 ὃς
1197 1157 1404 1226 μέλλων
1435 1159 1748 1230 δικαιοσύνῃ

162 1246 262 1317 τὴν
291 1247 636 1318 οἰκουμένην,
667 1247 763 1301 καὶ
801 1248 1028 1319 ἀληθεία
1061 1248 1160 1319 τὴν
1198 1248 1592 1320 ἀνθρωπότητα
1631 1250 1750 1320 κρί-

159 1353 275 1389 νειν
301 1336 485 1407 ἐξίσης
513 1337 760 1400 ἅπαντας
782 1339 909 1401 τοὺς
938 1338 1030 1391 ἐπὶ
1061 1338 1162 1408 τῆς
1190 1338 1519 1409 οἰκουμένης
1547 1337 1751 1409 ἀνθρώ-

161 1446 322 1492 πους,
359 1430 456 1500 τῆς
489 1429 652 1482 αὐτοῦ
689 1430 954 1500 κλήσεως,
996 1429 1090 1483 καὶ
1127 1429 1228 1500 τῆς
1259 1429 1351 1482 ἐπὶ
1394 1430 1566 1501 ταύτῃ
1601 1429 1749 1500 παρά

163 1521 242 1592 τῷ
277 1520 398 1591 Θεῷ
421 1521 694 1592 σωτηρίας
714 1518 1071 1590 κατηξίωσεν.

677 1717 1078 1772 ΚΕΦΑΛΑΙΟΝ
1119 1718 1208 1786 ς’.

1857 524 1911 572 et
1932 519 2162 587 populos
2185 519 2242 573 in
2275 519 2506 573 veritate
2527 534 2625 573 sua
2652 521 2718 574 ’⁷.
2759 538 2778 572 ι
2806 517 2922 574 Hoc
2944 520 3071 574 item
3095 521 3216 576 loco
3249 530 3445 576 ventu-

1855 625 1950 664 rus
1985 610 2053 664 ad
2087 611 2335 666 homines
2368 612 2706 680 promittitur
2765 611 3030 667 Dominus
3052 652 3066 676 ,
3131 629 3442 684 novumque

1855 699 1912 754 in
1941 700 2232 754 adventum
2261 700 2382 769 ejus
2400 701 2706 756 canendum
2739 716 2860 756 esse
2890 702 3196 765 canticum,
3227 700 3439 756 Novum

1853 793 2110 848 videlicet
2139 791 2576 856 Testamentum,
2603 809 2712 847 non
2745 794 2813 847 ab
2840 809 2946 848 una
2978 793 3205 848 Judaica
3258 803 3438 866 gente,

1853 885 1949 939 sed
1979 885 2048 938 ab
2095 884 2245 938 omni
2279 891 2445 946 terra,
2467 883 2872 954 Evangelioque
2902 884 3287 938 illustrandum
3329 899 3439 938 non

1852 977 2087 1046 amplius
2116 976 2294 1044 ipsum
2343 974 2530 1040 Israel,
2564 976 2658 1029 sed
2701 990 2892 1029 omnes
2919 983 3110 1045 gentes
3140 993 3154 1030 :
3189 976 3438 1044 quando-

1852 1067 2070 1138 quidem
2104 1066 2221 1122 fore
2251 1067 2495 1137 ipsorum
2527 1082 2708 1136 regem
2751 1067 2827 1120 ait
2857 1081 2980 1120 eum
3006 1105 3020 1128 ,
3056 1066 3149 1135 qui
3173 1076 3436 1120 venturus

1852 1160 1924 1214 sit
1961 1159 2249 1214 Dominus.
2284 1157 2419 1225 Quis
2445 1174 2610 1229 porro
2642 1159 2730 1212 hic
2765 1160 2834 1213 sit
2876 1159 3040 1221 alius,
3076 1174 3238 1228 quam
3291 1157 3436 1213 Deus

1850 1248 2141 1304 Verbum?
2203 1250 2294 1319 qui
2350 1249 2568 1318 justitia
2621 1249 2808 1302 orbem
2860 1257 3041 1315 terra,
3091 1256 3146 1302 et
3203 1249 3435 1303 veritate

1850 1343 2239 1397 humanitatem
2268 1341 2614 1412 judicaturus
2635 1381 2650 1406 ,
2678 1357 2742 1395 ex
2778 1357 2937 1411 atquo
2969 1341 3230 1396 omnibus
3253 1342 3348 1411 qui
3376 1341 3431 1396 in

1849 1435 2035 1490 orbem
2065 1441 2224 1489 terra:
2252 1441 2438 1488 essent
2467 1433 2800 1494 hominibus,
2839 1434 3184 1487 vocationem
3244 1447 3426 1495 suam,

1849 1535 1902 1583 et
1926 1533 2050 1596 post
2081 1525 2422 1581 vocationem
2443 1565 2460 1593 ,
2507 1526 2738 1581 salutem
2771 1540 2800 1578 a
2833 1523 2944 1580 Deo
3008 1524 3430 1596 impertiendam

1848 1631 1971 1672 esse
2000 1614 2232 1684 putavit.

2455 1725 2686 1782 CAPUT
2725 1725 2815 1782 Vl.

171 1830 305 1910 Ἀξρ
350 1831 597 1910 ψαλμοῦ
630 1828 1071 1910 h§.__—_'1;\0'ya
1125 1835 1356 1910 καινὸν,
1408 1832 1633 1910 τςνῶοζίς
1681 1851 1746 1910 τε

1850 1839 1890 1894 Α
1946 1839 2152 1910 psalmo
2199 1853 2368 1893 xcvn.
2427 1867 2501 1910 -έ-
2551 1837 2830 1892 Canticum
2890 1855 3113 1905 novum,
3167 1840 3428 1910 gentium-

226 1901 420 1956 ἐθνῶν
452 1901 560 1974 τῆς
589 1901 952 1974 τοῦτ’Κυρίοῦ
975 1903 1386 1974 δικαιοσύνης,
1417 1901 1745 1973 ἐρχόμενος

225 1989 295 2026 τε
324 1973 509 2040 αὐτὸς
545 1972 753 2041 κριτὴς
783 1972 902 2026 τῶν
929 1973 1107 2027 ὅλων.

231 2106 252 2140 ι
283 2088 488 2159 ’ᾼσατε
529 2088 607 2160 τῷ
639 2087 832 2159 Κυρίῳ
887 2081 1040 2157 ᾆσμα
1091 2087 1296 2151 καινὸν,
1332 2087 1413 2140 ὅτι
1458 2086 1744 2158 θαυμαστὰ

155 2182 409 2252 ἐποίησε,
430 2200 449 2233 ι
471 2181 564 2234 καὶ
576 2179 647 2234 τά
662 2179 809 2250 ἑξῆς·
838 2197 857 2230 ι
880 2178 1173 2250 Ἐγνώρισε
1189 2176 1462 2250 Κύριοςτὸ
1480 2180 1744 2250 σωτήριον

152 2273 344 2337 αὐτοῦ,
380 2273 620 2325 ἐναντίον
667 2272 886 2325 πάντων
933 2270 1040 2323 τῶν
1089 2269 1258 2323 ἐθνῶν
1299 2269 1612 2340 ἀπεκάλυψε
1644 2271 1742 2343 τὴν

148 2365 502 2434 δικαιοσύνην
557 2363 744 2418 αὑτοῦ.
776 2381 794 2413 ι
831 2363 941 2416 Καὶ
992 2361 1188 2415 πάλινο
1234 2378 1258 2414 ι
1288 2361 1513 2414 Είδοσαν
1564 2361 1741 2415 πάντα

147 2457 219 2510 τά
242 2457 458 2527 πέρατα
477 2455 575 2526 τῆς
606 2456 709 2526 γῆς
731 2454 791 2507 τὸ
820 2454 1085 2524 σωτήριον
1109 2452 1204 2505 τοῦ
1232 2451 1366 2504 Θεοῦ
1393 2454 1426 2524 ἡ
1435 2451 1573 2522 μῶν.
1591 2452 1742 2506 Ἀλα-

146 2549 353 2616 λάξατε
397 2548 475 2618 τῷ
521 2547 712 2619 Κυρίῳ
742 2547 890 2598 πᾶσα
922 2547 955 2616 ή
984 2545 1078 2614 γῆ.
1104 2563 1122 2596 ι
1153 2545 1263 2598 1ίαί⁴
1289 2545 1382 2598 ἐπὶ
1414 2545 1579 2597 πᾶσι⁹
1610 2563 1632 2597 ι
1660 2546 1740 2599 Τά

146 2642 251 2711 ὖρη
287 2639 706 2708 ἀγαλλιάσονται
748 2637 854 2691 ἀπὸ
883 2636 1174 2710 προσώπου
1210 2636 1434 2707 Κυρίου,
1465 2637 1546 2689 ὅτι
1584 2636 1739 2707 ἔρχε-

144 2749 263 2794 ται,
291 2734 375 2784 ὅτι
407 2731 533 2799 ἣκει
563 2733 748 2801 κρῖναι
788 2728 885 2801 τὴν
913 2729 1039 2799 γῆν.
1067 2729 1259 2798 Κρινεῖ
1282 2726 1382 2798 τὴν
1417 2727 1738 2798 οἰκουμένην

146 2827 208 2876 ἐν
247 2821 591 2895 δικαιοσύνῃ,
621 2821 715 2873 καὶ
745 2820 906 2884 λαοὺς
929 2822 986 2872 ἐν
1012 2818 1285 2889 εὐθύτητι.
1313 2839 1332 2870 ι
1364 2817 1582 2871 Πολλῶν
1602 2820 1738 2887 ἀγα-

144 2917 262 2970 θῶν
291 2917 446 2970 αἰτία
472 2917 564 2969 καὶ
595 2915 680 2969 διά
705 2914 908 2968 τούτων
929 2915 962 2984 ὴ
985 2912 1078 2966 τοῦ
1107 2911 1308 2983 Κυρίου
1334 2912 1605 2984 παρουσία
1625 2915 1738 2977 τοῖς

144 3012 332 3065 ἔθνεσι
367 3009 690 3078 γεγενῆσθαι
721 3007 1121 3079 προφητεύεται
1141 3023 1154 3036 ·
1182 3005 1218 3060 ἃ
1243 3006 1336 3059 καὶ
1367 3005 1454 3059 διὰ
1484 3007 1584 3076 τῆς
1615 3008 1735 3059 ἐπι-

1917 1928 2013 1980 que
2045 1910 2279 1992 “cognitio
2299 1909 2546 1979 justitiw,
2587 1919 2932 1980 venturasque
2971 1911 3079 1978 ipse
3098 1909 3267 1978 judea:
3306 1914 3429 1964 uni-

1918 1997 2074 2035 verat.

1923 2113 1941 2144 ι
1975 2095 2200 2149 Cantate
2229 2090 2460 2147 Domino
2493 2091 2763 2145 canticum
2788 2105 3010 2156 novum,
3037 2092 3294 2161 quoniam
3322 2092 3427 2146 mi-

1846 2184 2037 2239 rabilia
2079 2183 2227 2246 fecit,
2267 2203 2285 2235 ι
2322 2189 2375 2237 et
2413 2192 2604 2236 cmtera
2640 2200 2653 2235 :
2693 2200 2710 2233 ι
2751 2179 2946 2236 Notum
2982 2181 3109 2238 fecit
3162 2183 3426 2238 Dominus

1846 2275 2086 2330 salutare
2131 2289 2314 2336 suum,
2347 2272 2402 2327 in
2435 2283 2732 2342 conspecm
2768 2273 3008 2342 gentium
3057 2273 3313 2327 revelavit
3335 2273 3426 2343 ju-

1845 2365 2048 2421 stitiam
2108 2380 2263 2420 suam
2281 2365 2345 2419 ’⁸.
2388 2384 2407 2415 ι
2457 2363 2523 2416 Ει
2581 2379 2818 2420 rursus:
2859 2385 2877 2415 ι
2917 2362 3182 2418 Viderunt
3233 2379 3425 2423 omnes

1845 2457 2062 2512 termini
2109 2464 2267 2510 terrae
2305 2457 2544 2511 salutare
2569 2454 2663 2510 Dei
2687 2455 2879 2520 nostri,
2905 2455 3134 2526 jubilate
3169 2455 3422 2523 Domino,

1842 2548 2021 2602 omnis
2048 2547 2269 2601 terra”.
2310 2564 2328 2596 ›
2361 2544 2428 2598 Et
2455 2544 2522 2599 ad
2554 2552 2856 2600 extremum
2890 2563 2902 2598 :
2939 2563 2957 2596 ι
2993 2544 3204 2600 Montes
3233 2547 3422 2602 exsul-

1842 2640 2036 2694 tabunt
2057 2653 2088 2692 a
2110 2645 2405 2708 conspectu
2429 2636 2660 2700 Domini,
2691 2637 2947 2707 quoniam
2975 2636 3142 2699 venit,
3163 2638 3418 2708 quoniam

1841 2731 1991 2785 venit
2009 2730 2260 2800 judicare
2289 2735 2516 2782 terram.
2538 2725 2813 2780 Judicabit
2843 2726 3031 2780 orbem
3065 2733 3223 2780 terra).
3251 2726 3306 2780 in
3332 2726 3424 2796 ju-

1841 2823 2012 2886 stitia,
2049 2831 2103 2876 et
2147 2804 2376 2890 populos
2425 2820 2480 2872 in
2525 2816 2836 2886 aequitate"
2879 2835 2893 2870 :
2938 2835 2957 2868 ›
2996 2816 3290 2869 multorum
3322 2815 3422 2870 bo-

1841 2931 2041 2972 norum
2087 2914 2397 2970 ell'ectorem
2443 2910 2656 2964 Domini
2687 2909 2978 2964 adventum
3013 2908 3266 2979 gentibus
3287 2922 3420 2962 con-

1844 3009 2056 3079 tigisse,
2086 3007 2202 3060 haac
2244 3004 2408 3059 verba
2453 2999 2759 3071 praedicunt
2789 3037 2804 3063 ,
2837 3013 2958 3068 qua:
3003 2999 3220 3068 quidem
3251 2997 3416 3061 bona,

143 3104 382 3174 φανείας
398 3101 492 3154 τοῦ
509 3102 760 3171 Σωτῆρος
781 3099 938 3171 ἡμῶν
969 3100 1060 3152 ἐπὶ
1082 3099 1256 3170 πέρας
1275 3098 1507 3169 ἀχθέντα
1533 3099 1734 3154 δείκνυ-

1844 3117 1934 3173 per
1975 3098 2228 3154 eumdem
2279 3093 2577 3148 Salvatoris
2625 3090 2795 3145 nostri
2843 3089 3157 3152 adventum,
3210 3088 3419 3144 exitum

141 3213 261 3249 ται.
282 3193 374 3258 Ἐξ
401 3193 611 3245 ἐκείνου
641 3192 750 3263 γάρ
790 3209 874 3244 τοι
907 3190 1003 3244 καὶ
1040 3191 1100 3243 οὑ
1135 3191 1419 3262 πρότερον,
1451 3191 1511 3244 τὸ
1554 3193 1738 3246 καινὸν

143 3283 307 3358 ᾆσμα
359 3284 459 3353 τῆς
489 3284 702 3353 Καινῆς
741 3281 1017 3353 Διαθὴκης
1057 3283 1140 3343 εἰς
1183 3280 1393 3345 πάντας
1421 3281 1739 3352 ἀνθρώπους

142 3378 358 3448 ᾅδεται,
390 3373 573 3427 καὶτὰ
604 3373 883 3444 θαυμάσια
914 3372 1079 3426 αὐτοῦ
1114 3372 1202 3426 διά
1232 3374 1331 3444 τῆς
1361 3374 1470 3427 τῶν
1497 3374 1739 3443 Εὐαγγε-

142 3467 280 3520 λίων
305 3465 527 3535 γραφῆς
556 3462 806 3534 γνώριμα
836 3463 932 3516 καὶ
965 3461 1264 3526 ἐξάκουστα
1287 3467 1395 3528 τοῖς
1428 3467 1561 3518 πᾶσι
1593 3465 1737 3533 γίνε-

143 3577 262 3612 ται.
291 3560 368 3612 οὐ
414 3559 520 3629 μὴν
559 3556 695 3610 ἀλλά
727 3556 821 3610 καὶ
857 3555 920 3608 τὸ
957 3557 1242 3627 σωτήριον,
1275 3558 1336 3610 τὸ
1374 3556 1517 3610 κατὰ
1544 3557 1638 3628 τὴν
1672 3561 1736 3610 ἐκ

143 3651 363 3723 νεκρῶν
407 3649 702 3702 ἀνάστασιν
753 3646 941 3712 αὑτοῦ,
997 3649 1165 3702 πᾶσιν
1211 3647 1569 3720 ἀπεκαλύφθη
1623 3652 1733 3712 τοῖς

146 3743 355 3804 ἔθνεσι,
402 3741 500 3794 καὶ
552 3742 584 3811 ὴ
635 3739 845 3811 ἀληθὴς
894 3739 1230 3811 δικαιοσύνη,
1276 3741 1344 3793 δι’
1373 3735 1441 3810 ἦς
1489 3741 1732 3812 ἐναργῶς

149 3835 475 3905 ἀπεδείχθη,
510 3836 592 3888 ὃτι
629 3835 702 3906 μὴ
747 3834 1013 3888 Ἰουδαίων
1037 3837 1066 3887 ὁ
1091 3834 1224 3897 Θεὸς
1279 3835 1455 3904 μόνον,
1483 3833 1616 3887 ἀλλά
1641 3836 1732 3888 καὶ

151 3926 346 3981 ἐθνῶν·
386 3947 403 3978 ι
428 3927 689 3999 Ἐπείπερ
717 3922 797 3990 εἷς
823 3929 852 3980 ὁ
876 3927 1060 3990 Θεὸς,›
1094 3926 1235 3980 κατὰ
1271 3927 1361 3981 τὸν
1396 3927 1537 3996 ἱερὸν
1570 3926 1730 3978 Ἀπό-

149 4021 358 4083 στολον,
400 4039 419 4070 ι
447 4019 508 4083 ὃς
551 4018 831 4073 δικαιώσει
874 4017 1174 4090 περιτομὴν
1214 4019 1280 4071 ἐκ
1319 4019 1569 4082 πίστεως.
1605 4038 1622 4068 ι
1657 4019 1731 4072 Τὸ

145 4114 224 4175 δὲ,
269 4115 426 4165 ιὋτι
457 4111 672 4182 ἔρχεται
698 4115 878 4182 κρῖναι
908 4111 1005 4181 τὴν
1039 4110 1164 4180 γῆν,
1200 4131 1218 4163 ι
1249 4111 1445 4180 γένοιτ’
1469 4111 1534 4164 ἂν
1557 4111 1729 4182 δηλω-

144 4205 300 4259 τικὸν
326 4205 423 4258 καὶ
452 4201 549 4275 τῆς
577 4203 832 4275 δευτέρας
855 4202 1020 4256 αὑτοῦ
1054 4203 1376 4272 παρουσίας.

687 4496 1083 4549 ΚΕΦΛΛΑΙΟΝ
1121 4497 1195 4549 Z'.

151 4610 293 4665 Ἀπὸ
325 4611 568 4679 ψαλμοῦ
591 4617 701 4679 pc’.
737 4642 809 4650 —
855 4610 1044 4677 Λόγος
1078 4608 1226 4662 Θεοῦ
1257 4610 1342 4673 εἰς
1374 4607 1722 4676 ἀνθρώπους

211 4682 742 4749 ἀποστελλόμενος
765 4679 865 4732 ἐπὶ
893 4681 1174 4746 θεραπείᾳ
1205 4679 1300 4731 καὶ
1325 4680 1586 4749 σωτηρίᾳ
1613 4683 1722 4748 ψυ-

213 4749 361 4819 χῶν,
392 4751 511 4804 τῶν
540 4747 723 4804 πάλαι
747 4751 817 4803 ἐν
845 4750 1079 4814 κακίαις
1110 4747 1584 4816 τετρυχωμένων.

218 4881 237 4912 ι
263 4856 882 4931 Ἐξομολογησάσθωσαν
924 4861 1002 4931 τῷ
1046 4861 1235 4932 Κυρίῳ
1283 4861 1350 4914 τὰ
1377 4860 1497 4932 ἐλέη
1531 4861 1716 4924 αὑτοῦ,

137 4954 232 5006 καί
255 4952 326 5005 τά
354 4952 636 5022 θαυμάσια
656 4952 820 5006 αὐτοῦ
841 4955 956 5015 τοῖς
983 4954 1118 5014 υἱοῖς
1140 4951 1246 5004 τῶν
1279 4951 1376 5004 ἀνθ
1386 4950 1581 5023 ρώπων
1602 4969 1615 4981 ·
1640 4952 1722 5004 ὅτι

138 5045 433 5115 συνέτριψε
464 5045 638 5107 πύλας
665 5044 891 5115 χαλκᾶς,
923 5045 1017 5096 καὶ
1056 5042 1284 5113 μοχλοὺς
1318 5041 1568 5112 σιδηροῦς
1600 5058 1725 5094 συν-

138 5139 387 5192 ἐθλασεν.
406 5138 749 5192 Ἀντελὰὅετο
790 5136 967 5190 αὐτῶν
1009 5135 1066 5199 ἐξ
1097 5133 1216 5187 ὁδοῦ
1251 5135 1477 5204 ἀνομίας
1503 5133 1681 5186 αὐτῶν
1702 5150 1717 5163 ·

135 5229 224 5282 διά
277 5231 388 5301 γάρ
438 5229 536 5292 τάς
584 5229 812 5300 ἀνομίας
863 5228 1041 5281 αὐτῶν
1090 5225 1560 5295 ἐταπεινώθησαν·
1611 5225 1719 5277 πᾶν

137 5323 338 5395 βρῶμα
371 5321 686 5385 ἐὸδελύξατο
727 5324 760 5392 ἡ
805 5321 950 5390 ψυχὴ
996 5319 1194 5381 αὐτῶν,
1222 5319 1314 5372 καὶ
1351 5319 1584 5388 ῆγγισαν
1613 5317 1720 5379 ἕως

131 5409 245 5463 τῶν
281 5409 469 5463 πυλῶν
499 5410 593 5463 τοῦ
622 5410 874 5473 θανάτου,
909 5410 1003 5461 καὶ
1028 5408 1330 5479 ἐκέκραξαν
1359 5407 1494 5477 πρὸς
1515 5407 1718 5478 Κύριον

134 5506 195 5556 ἐν
225 5502 307 5572 τῷ
337 5501 612 5556 θλίϐεσθαι
646 5503 860 5566 αὐτοὺς,
894 5502 990 5554 καὶ
1019 5503 1082 5553 ἐκ
1110 5502 1216 5553 τῶν
1247 5499 1499 5568 ἀναγκῶν
1538 5499 1718 5553 αὐτῶν

132 5596 340 5649 ισωσεν
352 5594 570 5658 αὐτούς.
588 5594 897 5647 Ἀπέστειλε
921 5593 1014 5646 τὸν
1028 5593 1184 5662 λόγον
1200 5591 1387 5656 αὐτοῦ,
1407 5591 1500 5646 καὶ
1529 5590 1716 5644 ἰάσατο

1840 3192 2120 3262 accepisse
2158 3194 2557 3243 monstrantur.
2611 3180 2732 3238 Non
2779 3182 2931 3252 prius
2996 3183 3163 3246 enim,
3201 3181 3297 3236 sed
3348 3195 3416 3234 ex

1838 3287 1932 3340 illo
1981 3284 2267 3344 duntaxat,
2323 3293 2522 3332 novum
2571 3275 2706 3330 Novi
2756 3273 3093 3329 Testamenti
3142 3273 3416 3327 canticum

1839 3371 1983 3443 apud
2011 3385 2202 3424 omnes
2229 3368 2480 3422 homines
2510 3366 2746 3429 canitur,
2773 3371 2827 3417 et
2858 3364 3132 3417 mirabilia
3172 3363 3290 3432 ejus
3321 3377 3418 3432 per

1837 3467 2165 3534 scripturam
2195 3460 2610 3531 Evangeliorum
2641 3455 2803 3527 264
2825 3463 2954 3508 nota
2987 3454 3143 3519 ﬁunt,
3169 3461 3221 3507 et
3244 3469 3413 3507 exau-

1835 3559 2062 3614 diuntur
2101 3556 2169 3610 ab
2202 3553 2478 3609 omnibus.
2511 3549 2823 3616 Quinetiam
2859 3548 3117 3612 salutare,
3153 3547 3297 3616 quod
3328 3561 3417 3600 se-

1834 3651 2076 3707 cundum
2107 3648 2342 3702 reditum
2367 3645 2512 3698 illius
2537 3645 2588 3696 in
2621 3644 2784 3695 vitam
2810 3640 3131 3711 percipitur,
3157 3638 3412 3693 omnibus

1835 3741 2167 3812 patefactum
2211 3745 2295 3792 est
2333 3735 2608 3806 gentibus,
2643 3742 2694 3786 et
2732 3747 2856 3784 cum
2896 3745 2962 3784 eo
2994 3744 3124 3783 vera
3172 3727 3408 3796 justitia,

1832 3849 1928 3903 per
1960 3847 2124 3902 quam
2157 3828 2438 3884 evidenter
2458 3832 2738 3880 ostensum
2762 3832 2866 3887 est,
2886 3821 3028 3890 quod
3053 3836 3160 3875 non
3194 3818 3412 3875 Iudaeo-

1831 3941 1952 3979 rum
1983 3923 2159 3977 solum
2193 3921 2263 3974 sit
2297 3918 2460 3981 Deus,
2496 3915 2588 3971 sed
2621 3914 2851 3966 aliarum
2880 3925 3095 3982 quoque
3127 3910 3406 3981 gentium:

1836 4033 1855 4067 ι
1893 4009 2368 4080 Quandoquidem,
2404 4021 2548 4060 unus
2596 4003 2760 4067 Deus,
2803 4022 2822 4054 ι
2871 4010 3096 4058 sanctus
3151 4002 3225 4055 ait
3263 4000 3409 4068 Apo-

1831 4107 2026 4169 stolus,
2080 4121 2100 4155 ι
2137 4102 2230 4172 qui
2281 4097 2602 4170 justiﬁcabit
2645 4095 3121 4150 circumcisionem
3167 4109 3233 4148 ex
3278 4093 3403 4157 ﬁde,

1828 4204 1883 4253 et
1903 4195 2226 4266 praeputium
2244 4208 2339 4262 per
2353 4191 2512 4245 ﬁdem
2529 4190 2592 4242 ³³.
2609 4208 2627 4240 ι
2649 4185 2784 4242 Illud
2804 4196 2982 4241 autem
3001 4205 3014 4240 :
3036 4205 3054 4236 ι
3083 4184 3235 4250 Quod
3258 4184 3410 4238 venit

1823 4289 2073 4360 judicare
2126 4294 2351 4347 terram,
2385 4302 2404 4335 ι
2443 4283 2605 4338 etiam
2658 4281 2890 4336 alterum
2926 4279 3073 4333 illius
3115 4276 3405 4333 adventum

1829 4379 2138 4451 signiﬁcare
2159 4376 2378 4446 poterit.

2421 4485 2651 4542 CAPUT
2693 4484 2804 4542 Vll.

1828 4604 1870 4658 Α
1895 4603 2101 4672 psalmo
2145 4617 2253 4656 ενι.
2279 4633 2348 4642 --
2406 4602 2629 4656 Verbum
2664 4601 2760 4655 Dei
2807 4601 2876 4653 ad
2911 4600 3146 4654 homines
3185 4599 3405 4672 missum

1897 4668 1965 4726 ad
1999 4673 2255 4726 medelam
2287 4683 2335 4727 et
2371 4673 2594 4727 salutem
2625 4674 2944 4733 animarum,
2981 4686 3098 4739 qua:
3136 4668 3404 4739 quondam

1898 4756 2096 4798 vexata:
2123 4759 2480 4813 oppresswque
2505 4753 2655 4795 erant
2680 4744 2733 4795 in
2762 4741 2939 4795 malis.

1903 4877 1920 4909 ι
1942 4858 2318 4914 Conﬁteantur
2341 4857 2569 4911 Domino
2591 4854 2982 4911 misericordiae
3003 4853 3144 4922 ejus,
3165 4861 3218 4907 et
3236 4855 3404 4906 mira-

1827 4949 1956 5003 bilia
2003 4949 2123 5017 ejus
2174 4949 2298 5004 (iliis
2350 4949 2681 5002 hominum:
2728 4947 2854 5016 quia
2905 4945 3163 5000 contrivit
3214 4954 3406 5015 portas

1825 5056 2015 5104 aereas,
2051 5047 2104 5094 et
2137 5049 2321 5096 vectes
2353 5039 2558 5095 ferreos
2589 5038 2879 5107 confregit.
2927 5036 3178 5105 Suscepit
3205 5051 3302 5091 eos
3335 5035 3404 5089 de

1823 5133 1909 5184 via
1939 5133 2244 5202 iniquitatis
2273 5147 2483 5193 eorum,
2522 5147 2646 5208 nam
2674 5141 2893 5202 propter
2923 5129 3222 5199 injustitias
3273 5143 3404 5184 suas

1823 5220 2093 5274 humiliati
2116 5231 2243 5277 sunt
2272 5242 2285 5276 :
2314 5236 2531 5275 onmem
2551 5237 2732 5277 escam
2766 5223 3071 5275 abominata
3099 5227 3183 5276 est
3219 5220 3401 5274 anima

1823 5329 2034 5378 eorum,
2058 5323 2112 5368 et
2146 5316 2721 5386 appropinquaverunt
2743 5330 2917 5384 usque
2947 5315 3012 5368 ad
3039 5321 3226 5384 portas
3251 5328 3402 5367 mor-

1823 5407 1915 5473 tis,
1957 5415 2013 5462 et
2062 5409 2435 5462 clamaverunt
2467 5408 2534 5461 ad
2579 5405 2865 5460 Dominum
2899 5421 3022 5458 cum
3068 5405 3402 5459 tribularen-

1822 5507 1933 5561 tur,
1953 5506 2006 5554 et
2032 5497 2100 5553 de
2125 5499 2549 5554 necessitatibus
2575 5513 2763 5553 eorum
2795 5497 3044 5552 liberavit
3072 5512 3166 5552 eos
3201 5516 3213 5552 :
3251 5497 3404 5551 misi-

1822 5591 2048 5646 verbum
2080 5607 2240 5646 suum
2266 5597 2320 5646 et
2352 5591 2567 5645 sanavit
2610 5605 2726 5656 eos,
2757 5597 2810 5644 ct
2847 5589 3048 5661 eripuit
3079 5597 3175 5647 θῦε
3210 5589 3278 5646 de
3309 5589 3400 5644 in-

205 5751 247 5783 ⁸⁷
293 5749 438 5806 Psal.
479 5765 601 5816 xcv,
640 5749 720 5815 l2,
758 5751 842 5805 l5.
919 5751 964 5782 ⁸⁸
997 5748 1140 5804 Psal.
1178 5764 1346 5814 xcvn,
1384 5747 1514 5815 1,2.
1591 5748 1636 5780 ¹⁹
1666 5745 1799 5803 ibid.
1838 5745 1892 5803 5.
1972 5747 2017 5780 ”
2049 5747 2179 5804 ibid.
2221 5747 2274 5812 8,
2310 5747 2362 5802 9.
2444 5748 2485 5780 ³¹
2526 5749 2683 5804 Rom.
2716 5763 2802 5811 In,
2836 5747 2926 5805 30.
