3846 6218
434 308 539 361 423

1066 298 1340 357 ‘EUSEBII
1369 293 1849 355 CIESARIENSIS
1888 291 2040 350 OPP.
2083 291 2265 347 PARS
2303 290 2368 345 ιι.
2407 321 2478 332 -
2506 289 3009 348 APOLOGETICA.

3598 295 3686 351 ιιι

433 423 784 480 teritionilms
841 432 1028 477 eorum
1047 418 1112 474 ³¹.
1152 438 1171 470 ι
1213 417 1279 474 Et
1331 425 1456 490 post
1503 417 1655 471 alia:
1692 433 1711 467 ι
1764 413 1999 470 Exaltem

2114 409 2331 475 αὐτοὺς,
2378 408 2473 463 καὶ
2516 408 2787 482 ἐρρύσατο
2816 407 3015 472 αὐτοὺς
3045 406 3110 463 ἐκ
3141 408 3250 464 τῶν
3270 407 3575 480 διαφθορῶν
3602 412 3687 463 αὑ-

435 532 560 572 eum
593 536 605 570 :
630 514 711 588 [in
734 515 980 571 Ecclesia
1007 511 1213 582 populi,
1250 518 1305 565 et
1347 510 1405 563 in
1435 505 1712 562 cathedris
1738 505 2017 561 seniorum

436 606 659 661 laudent
691 600 1302 673 eum,lpnsuitllumina
1334 599 1387 654 in
1420 598 1722 662 desertum,
1754 606 1810 651 et
1835 596 2018 653 exitus

436 710 703 767 aquarum
756 695 810 747 in
854 696 1022 755 sitim,
1064 700 1267 745 terram
1304 687 1644 743 fructiferam
1692 687 1746 741 in
1776 686 2017 757 salsugi-

434 804 584 854 nem,
622 804 652 841 a
685 786 889 841 malitia
922 785 1342 840 inhabitantium
1373 785 1428 838 in
1463 797 1525 838 ea
1558 800 1570 836 :
1608 780 1794 851 posuit
1829 779 2019 834 deser-

432 886 546 934 tum
610 880 665 932 in
710 885 901 947 stagna
937 891 1224 947 aquarum,
1264 884 1318 930 ct
1365 882 1568 928 terram
1613 872 1734 927 sine
1776 885 1917 940 aqua
1960 870 2017 924 in

429 972 610 1025 exitus
666 984 955 1039 aquarum,
1001 975 1054 1021 et
1087 967 1378 1021 collocavit
1429 966 1541 1019 illic
1591 964 1919 1029 esurientes,
1961 967 2018 1017 et

429 1062 834 1116 constituerunt
876 1060 1152 1114 civitatem
1185 1058 1620 1113 habitationis”.
1650 1077 1669 1109 ι
1701 1055 1869 1111 Plane
1900 1056 2017 1112 haec

429 1168 647 1224 quoque
694 1152 1018 1205 nominatim
1067 1151 1160 1206 Dei
1196 1150 1360 1206 Verbi
1393 1150 1461 1206 de
1502 1152 1645 1205 coelo
1682 1148 2013 1204 descensum

428 1245 778 1309 annuntiant,
827 1259 1234 1314 prosperosque
1286 1243 1531 1312 ejusdem
1577 1243 1846 1298 adventus
1886 1256 2015 1297 suc-

426 1354 617 1394 cessus
655 1357 667 1392 :
711 1355 730 1387 ‹
769 1337 936 1401 Misit,
988 1337 1184 1406 inquit,
1217 1335 1455 1391 Verbum
1494 1352 1677 1401 suum,
1702 1342 1757 1389 et
1798 1335 2015 1390 sanavit

423 1445 540 1485 eos.
584 1449 603 1482 ι
643 1427 879 1484 Verbum
927 1438 1108 1483 autem
1140 1427 1236 1483 Dei
1272 1444 1374 1483 nos
1413 1429 1574 1499 plane
1605 1428 1712 1483 hoc
1749 1427 2009 1490 dicimus,

423 1520 569 1590 quod
617 1520 811 1576 salutis
841 1536 1006 1575 causa
1044 1521 1111 1574 ad
1132 1535 1322 1575 omnes
1354 1520 1605 1577 homines
1628 1536 1657 1574 a
1685 1519 1847 1576 Patre
1873 1520 2011 1575 mis-

423 1630 545 1673 sum
578 1623 662 1671 est
694 1633 707 1669 :
741 1614 993 1686 quodque
1033 1631 1098 1670 ex
1144 1615 1318 1670 sacris
1374 1613 1682 1686 Evangeliis
1733 1615 2012 1671 celebrare

422 1713 483 1762 ut
534 1706 724 1771 Deum,
757 1707 935 1762 edocti
988 1722 1200 1762 sumus.
1435 1705 1718 1776 Significat
1750 1721 2007 1778 praeterea

2121 497 2251 552 τῶν.
2284 518 2303 550 ι
2340 499 2452 552 Καὶ
2477 498 2595 570 μεθ’
2626 499 2822 571 ἕτερα·
2861 516 2881 549 ι
2904 497 3313 567 Ὑψωσάτωσαν
3335 498 3501 552 αὐτόν
3519 515 3534 529 ·
3559 498 3689 552 ἔθετο

2120 593 2401 663 ποταμοὺς
2424 594 2506 655 εἰς
2533 590 2759 662 ἔρημον,
2789 591 2884 645 καὶ
2907 591 3175 656 διεξόδους
3203 590 3414 645 ὑδάτων
3435 594 3515 655 εἰς
3534 592 3686 660 δίψος,

2119 683 2226 755 γῆν
2273 684 2622 755 καρποφόρον
2667 686 2747 748 είς
2792 684 2972 756 ἆλμην
3015 684 3124 737 ἀπὸ
3157 684 3359 747 κακίας
3384 683 3495 737 τῶν
3522 701 3688 738 κατοι-

2119 775 2358 829 κούντων
2404 776 2461 827 ἐν
2502 775 2866 847 αὑτῇ.Ἕθετο
2895 775 2995 847 τὴν
3019 775 3226 847 ἔρημον
3250 777 3331 839 είς
3353 776 3550 847 λίμνας
3578 777 3689 831 ὑδά-

2117 885 2246 931 των,
2273 868 2367 921 καὶ
2397 868 2501 939 γῆν
2529 867 2755 939 ἄνυδρον
2781 870 2861 931 είς
2892 867 3159 935 διεξόδους
3188 868 3394 921 ὑδάτων
3416 885 3429 898 ·
3462 868 3557 921 καὶ
3578 886 3689 922 κατ-

2116 956 2316 1028 ῴκισεν
2344 960 2459 1011 ἐκεῖ
2485 958 2802 1021 πεινῶντας,
2820 958 2915 1011 καὶ
2942 962 3339 1029 συνεστήσαντο
3365 957 3546 1021 πόλεις
3574 976 3689 1010 κατ-

2118 1050 2381 1114 οικεσίας.
2417 1072 2435 1104 ι
2488 1053 2596 1105 Καὶ
2637 1051 2810 1105 ταῦτα
2888 1050 3075 1119 σαφῶς
3121 1051 3382 1120 ὀνομαστὶ
3426 1049 3527 1120 τὴν
3570 1049 3690 1102 Θεοῦ

2115 1144 2290 1213 Λόγου
2316 1144 2374 1209 ἐξ
2403 1143 2650 1216 οὐρανῶν
2694 1143 2920 1197 κάθοδον
2957 1142 3385 1212 εὐαγγελίζεται,
3415 1143 3484 1196 τά
3515 1159 3575 1194 τε
3606 1143 3691 1213 τῆς

2116 1235 2423 1307 παρουσίας
2475 1236 2641 1289 αὑτοῦ
2677 1235 3097 1308 κατορθώματα.
3135 1254 3154 1287 ι
3199 1234 3512 1288 Ἀπέστειλε
3554 1233 3691 1303 γοῦν,

2116 1330 2274 1399 φησὶ,
2318 1328 2411 1382 τὸν
2438 1328 2611 1399 Λόγον
2644 1329 2834 1392 αὑτοῦ,
2871 1328 2967 1382 καὶ
3021 1326 3210 1381 ἰάσατο
3234 1326 3451 1389 αὐτούς.
3480 1345 3499 1378 ι
3533 1326 3692 1395 Λόγον

2113 1424 2171 1476 δὲ
2203 1423 2337 1477 Θεοῦ
2365 1426 2529 1495 ἡμεῖς
2560 1422 2747 1492 σαφῶς
2772 1420 2960 1475 τοῦτόν
2992 1436 3173 1492 φαμεν
3203 1420 3294 1473 τὸν
3325 1418 3464 1490 πρὸς
3482 1419 3581 1471 τοῦ
3600 1419 3695 1471 Πα-

2112 1516 2242 1587 τρὸς
2277 1515 2652 1569 ἀποσταλέντα
2687 1516 2852 1568 πᾶσιν
2881 1511 3192 1584 ἀνθρώποις
3220 1512 3450 1583 Σωτῆρα
3469 1529 3483 1543 ·
3517 1511 3578 1565 ὃν
3609 1510 3694 1564 καὶ

2112 1606 2202 1661 διὰ
2232 1606 2342 1659 τῶν
2368 1607 2528 1680 ἱερῶν
2563 1606 2914 1676 Εὑαγγελίων
2963 1605 3233 1675 θεολογείν
3266 1603 3691 1676 πεπαιδεύμεθα.

2112 1698 2419 1751 Αίνίττεται
2448 1699 2503 1751 δὲ
2548 1699 2643 1752 καὶ
2673 1699 2771 1770 τὴν
2818 1698 2981 1771 μέχρι
3011 1697 3242 1752 θανάτου
3279 1698 3505 1753 κάθοδον
3536 1695 3693 1752 αὑτοῦ

422 1797 572 1854 illius
620 1814 792 1869 usque
826 1798 894 1852 ad
946 1806 1179 1854 mortem
1230 1799 1580 1862 descensum,
1626 1816 1736 1869 quo
1790 1811 1999 1870 propter

2110 1788 2196 1843 διὰ
2236 1790 2365 1854 τοὺς
2438 1788 2747 1859 ὲφθακότας
2807 1791 2888 1852 είς
2934 1786 3122 1841 τοῦτον
3164 1787 3566 1859 γεγενημένην·
3608 1784 3696 1838 καὶ

420 1905 538 1955 eos,
572 1893 665 1963 qui
701 1892 766 1946 ad
819 1892 959 1946 hanc
991 1900 1118 1946 ante
1162 1893 1341 1963 ipsum
1383 1901 1668 1955 venerant,
1705 1908 1839 1947 usus
1874 1901 1958 1948 est
1991 1912 2004 1947 :

419 1985 584 2039 etiam
623 1984 889 2039 adventus
922 1983 1096 2055 ipsius
1131 1999 1356 2039 causam
1389 1985 1569 2047 docet,
1604 1987 1794 2056 utique
1827 1996 1885 2040 ut
1912 2001 2008 2042 eos

421 2074 699 2139 liberaret,
724 2075 816 2145 qui
869 2091 964 2144 per
1013 2075 1191 2144 ipsum
1241 2075 1496 2131 scrvandi
1534 2086 1711 2131 erant.
1748 2076 1882 2130 Nam
1912 2092 2007 2133 eos

418 2166 513 2236 qui
564 2174 692 2221 ante
739 2167 939 2237 ipsum,
978 2183 1153 2238 usque
1195 2167 1262 2222 ad
1299 2174 1488 2236 portas
1523 2168 1716 2223 mortis
1746 2184 2009 2239 pervene-

416 2267 565 2321 rant,
615 2260 730 2329 ipse
781 2259 932 2315 solus
981 2260 1240 2322 servavit,
1295 2267 1460 2329 atque
1509 2259 1731 2315 eosdem
1782 2261 2005 2317 sanitati

415 2350 831 2410 restituens.de
883 2351 1293 2406 interitionibus
1349 2352 1597 2421 ipsorum
1653 2353 1873 2422 eripuit,
1909 2370 2004 2409 ne-

416 2457 525 2514 que
573 2443 675 2498 hoc
720 2443 881 2498 aliter
931 2442 1179 2514 perfecit,
1216 2458 1378 2514 quam
1434 2459 1528 2499 eas
1584 2445 1778 2499 mortis
1817 2454 2005 2516 portas

417 2544 729 2602 conterens,
771 2552 892 2607 qua:
944 2552 1101 2591 aerea:
1129 2536 1411 2602 dicuntur,
1448 2546 1503 2591 et
1530 2545 1717 2593 vectes
1757 2538 2007 2593 confrin~

415 2646 574 2702 gens,
628 2631 722 2702 qui
767 2629 925 2686 ferrei
959 2644 1063 2685 :ac
1096 2630 1356 2700 deinceps
1404 2637 1526 2699 post
1570 2631 1682 2684 haec
1723 2638 1873 2685 certo
1913 2647 2005 2685 or-

414 2723 544 2780 dine
589 2723 819 2786 divinat,
858 2738 953 2778 eos
996 2738 1121 2778 esse
1153 2723 1209 2777 in
1251 2722 1602 2788 solitudinem
1652 2724 1999 2795 redigendos,

415 2812 510 2883 qui
556 2813 736 2883 ipsum
787 2813 1095 2867 venientem
1142 2828 1251 2866 non
1320 2814 1684 2883 susceperint.
1736 2834 1756 2866 ι
1811 2815 2003 2871 Posuit

413 2906 584 2969 enim,
614 2907 812 2976 inquit,
837 2904 1061 2961 ﬂumina
1091 2906 1144 2960 in
1174 2905 1474 2968 desertum,
1507 2913 1561 2960 et
1610 2906 1791 2963 exitus
1833 2922 2004 2978 aqua-

415 3013 537 3053 rum
584 3001 640 3053 in
690 3000 861 3063 sitim,
894 3006 1100 3053 terram
1138 2998 1480 3055 fructiferam
1518 3001 1574 3055 in
1603 3001 1935 3071 salsuginem
1968 3015 2002 3056 a

412 3090 620 3145 malitia
680 3089 1101 3144 inhabitantium
1151 3092 1205 3144 in
1253 3106 1337 3145 ea.
1377 3089 1562 3157 rQua:
1588 3092 1811 3162 quidem
1839 3093 1999 3165 plane

413 3182 631 3252 c0gnita
662 3182 909 3246 habebis,
930 3183 978 3236 si
1002 3183 1342 3252 percurreris
1370 3184 1518 3239 illam
1548 3183 1791 3240 Iudaicae
1820 3185 2000 3256 gentis

412 3272 715 3342 antiquitus
746 3272 1077 3327 celebratam
1107 3272 1410 3330 Jerusalem
1431 3318 1445 3341 ,
1475 3275 1707 3346 ejusque
1742 3276 1996 3347 gloriam,

411 3375 479 3415 ac
512 3360 712 3416 divinae
766 3360 940 3431 frugis
1000 3376 1349 3431 proventum.
1381 3381 1571 3419 eorum
1625 3367 1816 3436 utique
1869 3382 2000 3422 san-

410 3459 626 3505 ctorum
686 3452 969 3507 hominum
1026 3453 1229 3525 Deique
1289 3457 1628 3521 amicorum,
1673 3460 1767 3529 qui
1827 3460 1883 3514 in
1933 3476 1998 3514 ea

409 3543 668 3605 vixerint,
709 3540 881 3614 'quam
932 3547 1121 3618 utique
1174 3549 1230 3602 in
1283 3549 1539 3618 praesenti
1594 3551 1853 3608 omnibus
1912 3552 1998 3610 his

409 3635 575 3689 rebus
627 3636 894 3705 privatam
944 3640 1341 3710 spoliatamque
1384 3641 1649 3698 invenies.
1702 3642 1838 3697 Nam
1870 3652 1996 3714 post

411 3726 616 3785 Christi
646 3728 1120 3795 adventum,facta
1149 3740 1233 3789 est
1263 3748 1389 3788 vere
1419 3733 1764 3790 infructuosa
1795 3745 1850 3790 et
1878 3741 1997 3793 sine

413 3833 575 3889 aqua,
610 3827 663 3875 et
692 3821 915 3876 omnino
939 3823 1178 3887 deserta,
1212 3831 1289 3888 et,
1326 3832 1387 3880 ut
1431 3825 1507 3880 ait
1547 3826 1831 3897 prophetia
1877 3847 1896 3880 ι
1939 3828 1994 3882 in

412 3911 745 3981 salsuginem
791 3927 822 3967 a
875 3913 1083 3968 malitia
1133 3914 1552 3971 inhabitantium
1594 3917 1649 3971 in
1697 3933 1780 3972 ea.
1820 3937 1840 3970 ι
1895 3917 1993 3975 His

411 4002 653 4058 adnectit
674 4003 954 4075 deinceps,
989 4013 1153 4077 atque
1186 4005 1476 4061 admodum
1519 4017 1671 4063 certo
1698 4009 1892 4066 ordine
1938 4019 1993 4067 et

409 4084 731 4168 prophetico
754 4113 906 4152 more
930 4100 1206 4169 proponit,
1234 4099 1355 4169 ejus
1380 4116 1501 4171 qua
1533 4103 1661 4155 olim
1690 4103 1909 4158 deserta
1936 4112 1992 4158 et

407 4189 691 4245 siticulosa
743 4200 881 4255 erat,
929 4191 1044 4246 sive
1087 4192 1231 4247 hanc
1278 4194 1716 4267 uniuscujusque
1750 4195 1989 4252 hominis

406 4282 669 4346 animam,
735 4281 851 4338 sive
902 4283 970 4339 de
1024 4283 1280 4354 gentibus
1331 4285 1619 4340 collectam
1682 4285 1987 4344 Ecclesiam

403 4372 634 4439 dixeris,
679 4374 820 4444 ejus,
868 4374 1114 4446 inquam,
1163 4377 1650 4432 commutationem
1680 4378 1734 4432 in
1765 4391 1987 4438 sanctos

401 4479 606 4529 mores,
645 4482 859 4523 necnon
902 4467 958 4521 in
998 4468 1201 4525 divinis
1234 4470 1579 4525 sermonibus
1630 4483 1979 4541 proventum,

2110 1884 2210 1953 τήν
2241 1899 2306 1949 γε
2356 1881 2535 1935 αἰτίαν
2576 1881 2680 1951 τῆς
2722 1880 2964 1949 ἀφίξεως
3014 1879 3180 1933 αὑτοῦ
3230 1879 3571 1951 παρίστησι,
3605 1879 3695 1949 τὴν

2111 1974 2489 2047 ἀπολύτρωσιν
2521 1973 2800 2045 ἐμφαίνων
2826 1973 2935 2027 τῶν
2960 1974 3028 2027 δι’
3051 1972 3217 2026 αὐτοῦ
3281 1971 3693 2043 σωθησομένων.

2111 2067 2251 2131 Τοὺς
2295 2066 2405 2138 γάρ
2448 2066 2755 2137 ἐφθακότας
2796 2066 2902 2129 ἕως
2944 2066 3055 2120 τῶν
3106 2065 3293 2118 πυλῶν
3324 2064 3422 2118 τοῦ
3469 2064 3694 2117 θανάτου

2110 2160 2281 2213 ἔσωσε
2311 2161 2468 2232 μόνος
2498 2158 2714 2223 αὐτούς.
2750 2158 2987 2222 Τούτους
3016 2158 3074 2211 δὲ
3106 2159 3199 2212 καὶ
3237 2156 3513 2229 ἐρρύσατο
3547 2158 3694 2210 ἰασά-

2113 2269 2274 2324 μενος
2302 2254 2366 2304 ὲκ
2399 2251 2509 2305 τῶν
2550 2249 2861 2321 διαφθορῶν
2901 2249 3110 2303 αὐτῶνο
3143 2250 3237 2304 καὶ
3279 2248 3614 2320 διεπράξατό
3637 2263 3694 2315 γε

2106 2345 2284 2399 ταῦτα
2306 2346 2406 2399 οὐκ
2427 2344 2602 2407 ἄλλως
2632 2343 2665 2415 ἦ
2690 2343 2786 2397 τοῦ
2814 2341 3045 2397 θανάτου
3075 2342 3176 2407 τάς
3199 2341 3503 2413 λεγομένας
3530 2341 3694 2402 πύλας

2107 2439 2315 2510 χαλκᾶς
2362 2439 2675 2511 συντρίψας,
2707 2440 2803 2493 καὶ
2836 2441 2963 2503 τοὺς
3002 2437 3252 2510 σιδηροῦς
3293 2437 3529 2508 μοχλοὺς
3572 2452 3694 2503 συγ-

2108 2533 2335 2597 κλάσας.
2364 2534 2477 2587 Καὶ
2517 2533 2580 2604 δὴ
2618 2532 2757 2604 μετά
2802 2532 2974 2586 ταῦτα
3015 2531 3326 2595 ἀκολούθως
3363 2529 3692 2602 προφητεύει

2106 2626 2205 2697 τὴν
2230 2628 2312 2690 εἰς
2342 2625 2548 2699 ἔρημον
2594 2627 2929 2681 κατάστασιν
2964 2626 3076 2681 τῶν
3125 2630 3199 2698 μὴ
3249 2627 3472 2680 ἐλθόντα
3521 2644 3695 2699 παρα-

2105 2717 2415 2790 δεξαμένων
2453 2719 2636 2773 αὑτόν·
2669 2738 2687 2769 ι
2732 2718 2926 2772 Ἔθετο
2954 2720 3083 2790 γάρ,
3116 2720 3270 2788 φησι,
3309 2722 3595 2789 ποταμοὺς
3620 2720 3693 2781 είς

2106 2808 2331 2882 ἔρημον,
2365 2811 2459 2865 καὶ
2479 2811 2744 2878 διεξόδους
2776 2812 2985 2866 ὑδάτων
3016 2813 3097 2874 εἰς
3141 2812 3323 2881 δίψος,
3350 2812 3455 2882 γῆν
3485 2830 3693 2886 καρπο-

2106 2902 2270 2974 φόρον
2292 2905 2371 2964 sic
2388 2904 2566 2974 άλμην
2588 2904 2695 2959 ἀπὸ
2715 2904 2915 2967 κακίας
2939 2902 3048 2956 τῶν
3074 2902 3476 2959 κατοικούντων
3517 2906 3579 2959 ἐν
3607 2904 3695 2959 αὑ·

2103 2998 2192 3068 τῇ.
2219 3016 2237 3047 ι
2274 2997 2342 3049 "A
2356 2996 2451 3050 καὶ
2473 2997 2688 3066 νοήσεις
2720 2995 3050 3069 ἀναδραμὼν
3079 2995 3175 3050 τοῦ
3209 2996 3483 3050 Ἰουδαίων
3511 2998 3694 3063 ἔθνους

2106 3089 2200 3142 ἐπὶ
2229 3088 2330 3159 τὴν
2352 3089 2521 3142 πάλαι
2555 3088 2837 3160 βοωμένην
2865 3089 3240 3161 Ἰερουσαλὴμ,
3265 3089 3363 3142 καὶ
3402 3089 3509 3159 τὴν
3540 3090 3694 3155 δόξαν

2105 3184 2295 3253 αὐτῆς,
2324 3181 2419 3235 καὶ
2445 3181 2543 3254 τὴν
2565 3179 2735 3234 ὲθνῶν
2753 3181 3154 3253 καρποφορίαν,
3174 3181 3283 3235 τῶν
3300 3183 3359 3234 ὲν
3379 3183 3524 3254 αὐτῇ
3544 3183 3693 3236 πολι-

2100 3274 2410 3345 τευομένων
2468 3275 2642 3343 ἁγίων
2699 3276 2795 3329 καὶ
2846 3273 3112 3344 θεοφιλῶν
3171 3275 3381 3347 ἀνδρῶν
3435 3278 3537 3331 ἐπὶ
3602 3274 3694 3331 τοῦ

2102 3368 2371 3439 παρόντος
2404 3368 2804 3440 ὑστερημένην.
2838 3369 2993 3422 Μετά
3038 3367 3148 3441 γάρ
3193 3369 3293 3440 τὴν
3320 3368 3418 3422 τοῦ
3452 3369 3693 3443 Χριστοῦ

2100 3461 2403 3534 παρουσίαν
2439 3461 2662 3531 γέγονεν
2703 3460 2920 3533 άληθῶς
2960 3459 3239 3533 ἄκαρπος,
3293 3461 3390 3514 καὶ
3440 3461 3693 3532 ἄνυδρος,

2101 3553 2196 3605 καὶ
2212 3551 2491 3613 παντελῶς
2507 3551 2607 3623 έρη
2617 3569 2736 3622 μος,
2755 3554 2869 3615 καὶ,
2892 3551 2968 3615 ὥς
2981 3568 3145 3624 φησιν
3160 3554 3193 3623 ἡ
3212 3552 3552 3624 προφητεία,
3571 3571 3594 3606 ι
3616 3556 3693 3616 είς

2099 3642 2277 3715 ἅλμην
2301 3644 2409 3697 ἀπὸ
2429 3645 2627 3710 κακίας
2661 3645 2771 3698 τῶν
2803 3644 3200 3699 κατοικούντων
3217 3646 3279 3699 ὲν
3304 3647 3469 3716 αὐτῇ.
3511 3666 3531 3697 ι
3556 3645 3693 3700 Τού-

2097 3753 2213 3800 τοις
2242 3735 2598 3790 ὲπισυνάπτει
2634 3736 2839 3808 σφόδρα
2861 3736 3171 3801 ἀκολούθως
3201 3737 3535 3810 προφητικῷ
3570 3739 3695 3811 τρό-

2097 3846 2185 3899 πῳ
2208 3829 2578 3900 αἰνιττόμενος
2600 3832 2701 3900 τῆς
2741 3828 2909 3883 πάλαι
2943 3831 3152 3901 ἐρήμου
3184 3830 3280 3884 καὶ
3303 3829 3549 3900 διψάδος,
3574 3833 3694 3903 ἤτοι

2096 3920 2279 3992 πάσης
2312 3919 2600 3992 ἀνθρώπου
2622 3920 2821 3992 ψυχῆς,
2858 3920 2891 3992 ἢ
2932 3924 3032 3993 τῆς
3057 3921 3118 3986 ἐξ
3147 3919 3316 3975 ὲθνῶν
3353 3922 3692 3995 Ἑκκλησίας

2093 4012 2193 4085 τὴν
2221 4015 2302 4077 είς
2330 4013 2614 4067 εὐσέϐειαν
2644 4013 2965 4086 μεταϐολὴν,
2990 4012 3090 4087 τήν
3116 4031 3177 4068 τε
3200 4015 3259 4069 ὲν
3293 4015 3462 4080 θείοις
3504 4017 3692 4086 λόγοις

2094 4110 2505 4181 καρποφορίανο
2552 4109 2589 4164 ἃ
2631 4110 2727 4163 καὶ
2774 4108 3057 4183 προδήλως
3088 4109 3407 4174 αἰνίττεται,
3463 4109 3689 4180 λέγων·

2098 4220 2117 4253 ι
2147 4200 2339 4255 Ἔθετο
2380 4200 2586 4274 ἔρημον
2627 4203 2708 4265 εἰς
2747 4201 2944 4273 λίμνας
2979 4201 3209 4262 ὑδάτων,
3232 4220 3251 4253 ι
3280 4200 3376 4255 καὶ
3413 4201 3486 4255 τὰ
3518 4202 3690 4273 ἑξῆςο

2091 4291 2234 4364 άπερ
2265 4295 2455 4364 νοῆσαι
2486 4293 2648 4364 μόνου
2689 4293 2784 4346 τοῦ
2819 4292 2972 4365 παρά
2997 4293 3116 4364 Θεῷ
3142 4293 3340 4362 γένοιτ’
3374 4291 3445 4347 ἂν
3478 4293 3689 4364 σοφοῦ,

2090 4385 2233 4438 κατὰ
2265 4385 2365 4458 τὴν
2388 4386 2481 4438 ἐπὶ
2514 4384 2657 4439 τέλει
2686 4383 2782 4440 τοῦ
2815 4384 3033 4457 ψαλμοῦ
3075 4387 3323 4458 φήσασαν
3355 4388 3685 4460 ἐπαγωγήνί

2095 4497 2113 4528 ι
2145 4478 2241 4543 Τίς
2272 4479 2453 4549 σοφὸς,
2477 4479 2572 4533 καὶ
2603 4479 2827 4549 φυλάξει
2850 4479 3052 4546 caiisa;
3083 4498 3101 4530 ι
3124 4481 3218 4534 καὶ
3250 4479 3321 4533 τά
3345 4479 3499 4552 ἑξῆς.

401 4573 522 4627 quae
572 4558 738 4614 etiam
785 4559 1001 4629 planius
1032 4560 1235 4624 innuit,
1288 4560 1477 4617 dicens
1518 4581 1531 4617 :
1573 4582 1591 4614 ι
1625 4562 1817 4618 Posuit
1850 4565 2130 4622 desertum
2164 4569 2219 4622 in
2277 4578 2469 4640 stagna
2527 4584 2822 4640 aquarum,
2855 4588 2873 4621 ι
2918 4577 3051 4633 etc.,
3087 4584 3209 4639 quae
3241 4570 3431 4640 utique
3472 4571 3691 4627 intellio

399 4651 581 4722 gentia
637 4651 899 4722 consequi
949 4652 1071 4722 ejus
1119 4653 1283 4708 unius
1313 4669 1436 4709 esse
1475 4663 1671 4725 potest,
1714 4658 1804 4726 qui
1847 4658 1990 4728 apud
2044 4657 2212 4715 Deum
2256 4660 2329 4715 sit
2383 4662 2623 4732 sapiens,
2663 4663 2806 4718 sicut
2842 4677 2906 4717 ea
2934 4661 3181 4717 inductio
3224 4662 3411 4727 habet,
3463 4678 3600 4734 qua
3632 4665 3689 4721 in

400 4746 506 4800 line
554 4745 751 4816 psalmi
798 4746 873 4798 ait
930 4764 943 4799 :

979 4854 1210 4911 CAPUT
1250 4856 1387 4915 Vlll.

394 4948 439 5003 A
508 4949 714 5018 psalmo
769 4962 896 5003 cxvr
958 4957 1008 5002 et
1064 4964 1234 5004 cxvu.
1290 4980 1362 4990 —
1443 4948 1689 5005 Gentium
1753 4952 1979 5013 vacatio,

467 5019 709 5091 Deusque
763 5019 1040 5091 manifeste
1100 5035 1383 5089 apparens,
1437 5031 1488 5075 et
1540 5021 1843 5075 benedictus
1890 5023 1982 5091 qui

464 5090 599 5144 venit
637 5092 691 5143 in
726 5091 936 5144 nomine
965 5089 1202 5146 Domini.

468 5222 488 5256 ι
519 5203 764 5259 Laudate
820 5203 1136 5271 Dominum,
1168 5222 1359 5263 omnes
1397 5215 1608 5278 gentes,
1660 5213 1715 5261 et
1770 5207 1980 5261 collau-

389 5296 517 5353 date
539 5311 688 5362 eum,
710 5312 903 5353 omnes
934 5298 1145 5369 populi,
1173 5301 1433 5369 quoniam
1456 5300 1621 5371 266
1651 5299 1976 5354 Conﬁrmata

390 5396 474 5445 est
524 5403 691 5459 super
741 5405 845 5445 nos
894 5391 1274 5446 misericordia
1297 5392 1499 5461 ejus",
1538 5410 1557 5443 ι
1615 5402 1670 5446 et
1717 5400 1913 5446 catera
1956 5409 1969 5447 :

395 5497 416 5532 ι
450 5478 497 5537 0
552 5480 800 5546 Domine,
851 5484 1064 5538 salvum
1115 5483 1202 5538 fac
1250 5484 1360 5552 iam
1405 5500 1575 5551 nunc,
1616 5499 1649 5537 ο
1716 5483 1968 5547 Domine,

390 5573 459 5630 da
508 5572 811 5643 profectum
850 5574 963 5644 jam
1007 5591 1176 5630 nunc.
1218 5574 1549 5633 Benedictus
1581 5576 1674 5647 qui
1716 5576 1866 5631 venit
1914 5576 1970 5631 in

1005 4763 1023 4795 ι
1089 4744 1223 4810 Quis
1275 4746 1513 4816 sapiens,
1559 4753 1613 4801 et
1674 4748 1949 4804 custodiet
1979 4749 2199 4805 hac”?
2233 4771 2251 4802 ι
2286 4761 2392 4807 etc.

2618 4860 3016 4914 ΚΕΦΑΛΑΙΟΝ
3055 4862 3138 4914 H’.

2099 4950 2243 5004 Ἀπὸ
2255 4952 2510 5024 ψαλμοῦ
2528 4952 2645 5021 ῥις¹
2668 4953 2766 5006 καὶ
2782 4953 2913 5022 ριζτ.
2932 4983 3000 4993 -—
3018 4950 3237 5008 Ἐθνῶν
3255 4952 3503 5021 κλῆσις,
3535 4957 3689 5024 Oed;-

2156 5038 2222 5094 τε
2240 5022 2561 5094 ἐπιφανὴς,
2616 5023 2716 5076 καὶ
2755 5024 3167 5094 εὐλογημένος
3188 5027 3220 5078 ὀ
3246 5024 3585 5094 ἐρχόμενος
3614 5022 3685 5079 ἐν·

2157 5093 2401 5162 ὀνόματι
2427 5096 2672 5162 Κυρίου.

2158 5226 2177 5259 ι
2209 5208 2417 5260 Αἰνεῖτε
2445 5207 2538 5261 τὸν
2579 5207 2804 5280 Κύριον,
2837 5208 3016 5264 πάντα
3045 5208 3118 5263 τά
3148 5209 3299 5281 ἔθνη,
3330 5212 3428 5266 καὶ
3461 5214 3684 5267 ἐπαινε-

2084 5297 2333 5352 σάτωσαν
2370 5299 2533 5353 αὑτὸν
2572 5299 2774 5364 πάντες
2804 5302 2853 5354 οἱ
2896 5301 3043 5355 λαοίο
3086 5303 3171 5356 ὃτι
3202 5303 3556 5375 ὲκραταιώθη
3592 5306 3681 5375 ἐφ’

2078 5392 2228 5461 ἡμᾶς
2246 5391 2307 5443 τὺ
2331 5390 2479 5455 ἕλεος
2504 5392 2726 5456 aiatait,»
2752 5395 2848 5447 καὶ
2873 5393 2941 5447 τά
2965 5394 3092 5466 ἑξῆς
3116 5414 3130 5450 :
3150 5390 3251 5448 «Ὦ
3270 5394 3472 5468 Κύριε,
3499 5398 3681 5450 σῶσον

2077 5479 2161 5550 δὴ,
2190 5474 2235 5533 ὧ
2269 5480 2464 5552 Κύριε,
2500 5481 2764 5536 εὑόδωσον
2786 5482 2872 5555 δή.
2905 5483 3284 5554 Εὐλογημένος
3312 5486 3344 5537 ό
3374 5486 3682 5557 ἐρχόμενος

2079 5577 2137 5628 ἐν
2182 5576 2408 5647 ὀνόματι
2469 5578 2698 5649 Κυρίου.
2755 5578 2889 5642 Θεὸς
2934 5577 3161 5650 Κύριος,
3231 5578 3327 5633 καὶ
3397 5579 3680 5649 ἐπέψαυεν

459 5732 502 5763 ³²
530 5729 675 5786 Psal.
696 5747 806 5798 ενι,
846 5731 1029 5788 1520.
1104 5731 1149 5765 ³⁸
1179 5731 1313 5788 ibid.
1348 5730 1539 5787 52—37.
1616 5729 1662 5762 ³³
1693 5728 1827 5786 ibid.
1855 5729 1947 5786 45.

2110 5728 2245 5786 Psal.
2275 5745 2422 5796 τινι.
2446 5729 2568 5795 1,9..
