3846 6218
181 227 295 337 tas

1095 278 1754 338 DEMONSTRATIONIS
1793 278 2261 338 EVANGELICAS
2295 280 2427 338 ῐιῐΒ.
2470 280 2569 341 VI.

3346 286 3451 343 426
3490 368 3497 375 ἱ

181 398 340 469 ἡμῖν.
363 416 383 450 ι
410 398 522 454 Καὶ
542 397 734 453 τούτου
763 399 1036 472 μέμνηται
1063 403 1096 474 ἡ
1130 403 1253 475 ἱερὰ
1289 403 1383 457 τοῦ
1420 404 1756 474 Εὐαγγελίου

1868 402 2087 458 nomine
2117 400 2358 459 Domini.
2390 401 2534 460 Deus
2564 402 2832 460 Dominus
2858 410 2913 460 et
2940 404 3121 461 illuxit
3148 406 3310 464 nobis
3327 408 3393 464 ³⁸.
3428 396 3473 464 ι’

180 488 399 562 Γραφὴ,
422 491 609 555 τέλους
636 492 1012 563 τετυχηκότος,
1026 495 1261 567 ὁπηνίκα
1280 496 1307 547 6
1329 496 1519 567 Σωτὴρ
1537 497 1631 549 καὶ
1656 496 1770 549 Κύ-

183 595 304 653 ριος
332 580 489 652 ἡμῶν
513 581 679 646 αὐτὸς
705 582 735 633 6
766 582 1000 654 Χριστὸς
1024 586 1196 659 εἰσῄει
1226 588 1306 650 είς
1323 584 1770 659 τὰἹεροσόλυμα,

180 671 321 725 πολύ
354 689 415 725 τε
449 673 653 745 πλῆθος
690 675 899 747 ἀνδρῶν
939 678 1035 731 καὶ
1080 677 1283 732 παίδων
1326 681 1571 751 προῆγεν
1603 678 1771 733 αὐτὸν

186 767 310 835 μετ’
355 766 697 838 εὐφροσύνης
725 768 1068 824 ἐπιϐοώντων
1086 791 1101 802 ν
1137 788 1156 818 σ
1194 768 1425 825 Ὡσαννά
1455 770 1535 841 τῷ
1561 769 1664 842 υίῷ
1693 770 1773 842 τῷ

182 851 386 918 Δαϐὶδ,
432 854 794 929 εὐλογημένος
815 859 844 911 6
874 859 1171 930 ἐρχόμενος
1199 861 1257 913 ὲν
1283 860 1506 932 ὀνόματι
1532 861 1770 934 Κυρίου,

191 942 427 999 Ὥσαννά
451 947 511 1000 ὲν
538 951 651 1013 τοίς
684 949 945 1019 ὑψίστοις.
973 970 991 1002 ι
1034 951 1177 1005 Ἀντὶ
1206 951 1315 1023 γὰρ
1340 951 1457 1020 τοῦ,
1477 973 1496 1006 ι
1518 947 1776 1026 ὦΚύριε,

183 1036 362 1090 σῶσον
403 1037 489 1110 δὴ,
515 1058 535 1092 ι
562 1041 814 1111 κειμένου
859 1043 918 1095 ἐν
963 1040 1042 1113 τῷ
1064 1041 1285 1114 ψαλμῷ,
1326 1043 1389 1096 τδ
1425 1062 1445 1095 ι
1485 1043 1713 1098 Ὡσαννὰ
1746 1064 1764 1098 ι

192 1125 633 1201 Ἐϐραῖκάντερον
666 1131 966 1200 φάσκοντες
1005 1132 1278 1187 ἐπεϐόωνι
1318 1136 1679 1207 ἑρμηνεύεται
1714 1136 1772 1190 δὲ

181 1217 364 1282 τοῦτο,
388 1219 598 1274 ιΣῶσον
622 1220 704 1294 δή.
720 1241 738 1273 ι
760 1221 872 1276 Καὶ
899 1222 980 1287 τὸ,
1005 1222 1408 1295 «Εὐλογημένος
1431 1227 1459 1278 6
1479 1226 1770 1298 ἐρχόμενος

179 1309 242 1365 ιν
264 1310 489 1383 ὀνόματι
504 1312 731 1385 Κυρίου,
758 1333 776 1364 ι
808 1314 1066 1385 διασαφεῖ
1081 1314 1144 1369 τὺ
1168 1315 1347 1386 λόγιον
1367 1317 1494 1388 ἑξῆς
1527 1318 1733 1386 φάσκον
1752 1335 1766 1349 ’

187 1421 208 1454 ι
230 1402 367 1466 Θεὸς
389 1402 613 1474 Κύριος,
643 1406 737 1458 καὶ
758 1406 1029 1478 ὲπέφηνεν
1053 1407 1205 1477 ἡμῖν.
1232 1426 1252 1459 ι
1280 1407 1488 1461 Οὐκοῦν
1514 1403 1596 1472 εἷς
1624 1407 1719 1463 καὶ
1741 1410 1770 1462 6

180 1494 347 1558 αὐτὸς
370 1490 440 1567 ἦν
465 1496 494 1546 ὁ
526 1497 811 1566 ἐπιφανεὶς
854 1499 985 1568 ἡμῖν
1020 1497 1154 1562 Θεὸς
1189 1497 1413 1570 Κύριος,
1440 1501 1469 1553 ὁ
1494 1499 1588 1553 τοῦ
1634 1498 1768 1552 Θεοῦ

179 1585 383 1657 δηλαδὴ
412 1586 606 1655 Λόγος,
637 1589 666 1640 6
685 1588 778 1640 καὶ
799 1587 888 1641 διὰ
917 1588 1076 1642 τοῦτο
1101 1589 1483 1662 εὐλογημένος,
1511 1591 1593 1644 ὅτι
1619 1590 1684 1664 δὴ
1711 1592 1769 1645 ἐν

179 1678 407 1751 ὀνόματι
432 1679 641 1752 Κυρίου
668 1679 762 1733 τοῦ
790 1680 1104 1752 πέμψαντος
1133 1681 1294 1736 αὑτὸν
1326 1683 1539 1754 Πατρὸς
1569 1682 1667 1754 τὴν
1690 1683 1769 1746 είς

1878 494 2171 552 Enimvero
2192 496 2260 553 de
2277 496 2380 552 hac
2409 496 2525 568 ipsa
2542 513 2623 562 re,
2638 498 3096 569 quemadmodum
3119 514 3276 555 suum
3297 501 3458 558 ﬁnem

1879 587 2190 658 contigerit,
2223 588 2390 644 etiam
2430 604 2587 644 sacra
2612 588 2890 661 Evangelii
2909 588 3195 662 Scriptura
3225 595 3461 650 mentio-

1878 694 2005 734 nem
2029 678 2181 745 facit,
2196 694 2306 750 quo
2329 686 2573 751 tempore
2588 679 2840 737 Salvator
2867 697 2932 739 ac
2953 682 3217 743 Dominus
3248 694 3456 752 noster,

1878 770 1996 843 ipse
2019 770 2273 828 Christus
2307 770 2682 844 Hierosolyma
2716 775 3000 846 ingressus
3030 783 3134 845 est,
3168 784 3332 849 atque
3373 778 3461 833 in-

1876 875 2011 933 gens
2046 858 2338 915 multitudo
2367 861 2612 915 virorum
2642 868 2697 916 et
2726 877 3048 932 puerorum,
3078 865 3260 935 ipsum
3304 875 3463 923 ante-

1878 951 2127 1016 cedebat,
2166 966 2289 1007 cum
2344 951 2527 1007 laetitia
2554 954 2907 1009 clamantium
2942 973 2958 1009 :
2998 974 3018 1007 ι
3057 955 3318 1014 Hosanna
3346 958 3460 1014 ﬁlio

1877 1039 2073 1105 David,
2136 1040 2457 1097 benedictus
2502 1041 2597 1112 qui
2647 1043 2794 1097 venit
2839 1042 2895 1097 in
2938 1043 3160 1099 nomine
3217 1043 3457 1111 Domini,

1877 1135 2126 1190 bosanna
2163 1132 2219 1187 in
2248 1133 2483 1190 excelsis
2503 1134 2569 1187 ³⁷.
2602 1153 2621 1186 ι
2647 1131 2756 1189 Pro
2785 1149 2851 1190 eo
2879 1135 3024 1190 enim
3057 1136 3202 1206 quod
3223 1136 3279 1191 in
3309 1136 3459 1206 psal-

1877 1237 1968 1278 mo
1991 1224 2230 1295 positum
2254 1232 2339 1280 est
2364 1244 2379 1281 :
2409 1224 2485 1280 «Ο
2505 1225 2983 1291 Domine,.salvum
3008 1226 3095 1282 fac
3112 1228 3223 1297 jam
3244 1243 3411 1296 nunc,
3432 1247 3453 1281 ι

1878 1312 2011 1370 illud
2033 1336 2047 1372 :
2069 1335 2089 1369 ι
2120 1314 2403 1382 Hosanna,
2446 1336 2465 1370 ι
2500 1316 2771 1373 Hebraico
2799 1332 2953 1374 more
2973 1318 3372 1383 acclamabant,
3400 1319 3459 1374 id

1877 1416 2060 1465 autem
2106 1409 2163 1464 in
2198 1417 2391 1465 nostra
2440 1410 2650 1481 lingua,
2705 1407 2923 1464 Salvum
2972 1410 3061 1479 [ac
3109 1410 3258 1477 dum,
3302 1410 3459 1468 reddi

1878 1499 2038 1555 solet.
2063 1498 2202 1556 Illud
2238 1516 2366 1555 vero
2400 1518 2415 1556 :
2454 1519 2476 1553 ι
2508 1500 2836 1558 Benedictus
2862 1502 2954 1571 qui
2985 1502 3132 1556 venit
3155 1503 3209 1557 in
3231 1502 3459 1558 nomine

1875 1589 2094 1646 Domini
2129 1610 2143 1647 :
2173 1610 2193 1643 ι
2219 1592 2398 1663 ipsum
2431 1590 2676 1647 declarat
2702 1593 3003 1658 oraculum,
3036 1593 3181 1664 quod
3197 1594 3458 1666 deinceps

1876 1683 1954 1737 ita
1987 1683 2065 1738 ait
2100 1703 2113 1739 :
2161 1702 2180 1736 ι
2229 1682 2375 1739 Deus
2404 1682 2690 1751 Dominus,
2711 1693 2766 1741 et
2793 1686 2972 1740 illuxit
3026 1686 3207 1743 nobis.
3247 1706 3267 1740 ι
3301 1686 3458 1748 Unus

178 1771 504 1845 ἀνθρώπους
555 1774 721 1828 αὑτοῦ
768 1774 1073 1847 παρουσίαν
1129 1775 1447 1847 ἐποιήσατο.
1503 1775 1771 1847 Ἐλέγχων

1875 1774 2062 1846 igitur,
2096 1775 2354 1846 idemque
2404 1775 2528 1842 fuit,
2564 1776 2660 1847 qui
2715 1779 2957 1848 seipsum
3011 1778 3173 1834 nobis
3214 1782 3457 1836 ostendit

176 1862 311 1932 γοῦν
342 1864 470 1928 τοὺς
499 1865 860 1930 ἀπιστοῦντας
880 1866 1030 1938 αὐτῷ
1056 1866 1165 1921 τῶν
1188 1868 1253 1921 ὲκ
1274 1869 1596 1939 περιτομῆς,
1614 1867 1765 1937 ἔλεγε

174 1954 320 2026 πρὸς
347 1955 573 2020 αὐτούς’
599 1975 618 2008 ι
642 1955 782 2025 Ἐγὼ
805 1953 967 2028 ἦλθον
989 1958 1047 2010 ὲν
1076 1955 1154 2027 τῷ
1175 1956 1398 2028 ὀνόματι
1429 1955 1524 2010 τοῦ
1553 1957 1767 2028 Πατρός

176 2064 307 2117 μου,
339 2048 434 2101 καὶ
478 2048 539 2101 οὐ
583 2047 890 2120 λαμϐάνετέ
937 2067 1025 2120 με.
1055 2049 1250 2114 Ἀλλος
1291 2050 1386 2104 ὲὰν
1414 2049 1544 2125 ἔλθῃ
1588 2051 1646 2104 ὲν
1685 2050 1766 2122 τῷ

168 2138 402 2210 ι’νόματι
435 2140 515 2212 τῷ
559 2140 694 2212 ἰδίῳ,
730 2142 936 2194 ἐκεῖνον
965 2140 1219 2213 λήψεσθε.
1254 2160 1272 2193 ι
1301 2141 1541 2206 Εἰκότως
1582 2136 1675 2195 οὖν
1703 2142 1765 2195 τὸ

172 2229 405 2301 Πνεῦμα
446 2231 507 2283 τὸ
552 2231 705 2300 ἆγιον
758 2231 943 2284 οὐκέτι
985 2231 1063 2303 τῷ
1115 2231 1382 2285 Ἰουδαίων
1431 2222 1575 2304 λαῷ,
1629 2232 1766 2286 ἀλλὰ

171 2323 312 2375 πᾶσι
356 2324 471 2387 τοῖς
507 2322 706 2387 ἔθνεσι,
729 2322 798 2377 τὰ
830 2324 889 2376 ὲν
924 2325 990 2395 τῇ
1023 2324 1167 2395 ἀρχῇ
1197 2323 1291 2377 τοῦ
1341 2323 1557 2395 ψαλμοῦ
1599 2341 1768 2395 προσ-

172 2431 323 2484 φωνε
332 2432 370 2466 ι.

1872 1865 2017 1922 Deus
2045 1882 2110 1922 ac
2132 1865 2417 1930 Dominus,
2448 1867 2542 1922 Dei
2571 1867 3267 1936 videlicetVerbum.Quod
3289 1872 3458 1926 etiam

1871 1957 2082 2014 idcirco
2107 1968 2191 2016 est
2213 1959 2585 2024 benedictum,
2600 1962 2858 2031 quoniam
2883 1961 2938 2016 in
2972 1964 3191 2018 nomine
3213 1961 3455 2028 Domini,

1871 2050 1964 2122 qui
2000 2050 2178 2121 ipsum
2211 2051 2382 2114 misit,
2418 2049 2618 2113 Patris.
2648 2066 2807 2106 suum
2849 2053 2916 2108 ad
2949 2053 3200 2110 homines
3254 2053 3458 2108 adven—

1873 2149 1986 2196 tum
2019 2142 2287 2198 exhibuit.
2324 2143 2511 2213 Itaque
2556 2158 2652 2199 eos
2697 2158 2955 2215 arguens,
2986 2146 3080 2217 qui
3116 2147 3217 2216 ipsi
3249 2145 3317 2201 de
3347 2146 3458 2201 cir-

1875 2233 2217 2290 cumcisione
2258 2250 2367 2288 non
2401 2234 2718 2299 credebant,
2751 2234 2966 2291 dicebat
2996 2237 3064 2293 ad
3100 2251 3198 2292 eos
3231 2254 3245 2291 :
3284 2253 3306 2289 ι
3343 2235 3456 2308 Ege

1872 2324 1994 2380 veni
2030 2325 2084 2379 in
2135 2326 2359 2381 nomine
2420 2325 2601 2382 Patris
2658 2326 2786 2389 mei,
2821 2335 2874 2382 et
2907 2343 3017 2381 non
3055 2327 3304 2398 accipitis
3343 2342 3455 2385 me.

1869 2417 2026 2475 Alius
2075 2419 2122 2475 si
2156 2421 2336 2474 veniet
2386 2419 2443 2473 in
2489 2420 2708 2473 nomine
2736 2419 2982 2491 pr0prio,
3023 2421 3176 2476 illum
3220 2420 3458 2492 accipie-

167 2506 325 2561 tis“.
355 2524 377 2559 ι
411 2504 608 2561 Merito
654 2521 785 2577 ergo
831 2505 1071 2577 Spiritus
1115 2516 1368 2574 sanctus,
1421 2522 1532 2563 non
1567 2508 1805 2581 amplius
1866 2513 1933 2568 ad
1970 2511 2260 2568 Iudaicum
2314 2513 2598 2585 populum,
2651 2513 2748 2569 sed
2792 2512 2862 2568 ad
2907 2528 3101 2571 omnes
3144 2522 3356 2587 gentes,
3389 2529 3456 2569 ea

166 2614 295 2671 qua:
325 2599 384 2654 in
415 2598 688 2673 principio
715 2600 911 2672 psalmi
939 2602 1215 2673 leguntur,
1248 2602 1518 2659 enuntiat.

704 2721 1103 2776 ΚΕΦΑΛΑΙΟΝ
1147 2722 1225 2777 Θ’.

178 2829 333 2905 Ἀπὸ
372 2834 620 2905 ψαλμοῦ
643 2840 799 2905 pm".
827 2866 900 2876 --
935 2837 1152 2904 Κύριος
1177 2838 1507 2904 οὐρανόθεν
1536 2837 1759 2892 κατιὼν

238 2904 574 2975 ἀνθρώπων
598 2904 896 2975 σωτηρίας
919 2905 1146 2971 ἕνεκεν,
1183 2906 1305 2975 ᾠδή
1328 2924 1393 2961 τε
1428 2907 1530 2962 ἐπὶ
1562 2909 1754 2973 τούτῳ

237 2974 529 3045 ᾁδομένη,
561 2974 787 3045 Καινῆς
806 2975 1102 3046 Διαθήκης
1133 2974 1389 3047 δηλαδή.

242 3106 266 3139 ι
287 3089 487 3161 Κύριε,
519 3090 572 3143 τί
605 3091 754 3144 ἐστιν
773 3089 1079 3164 ἄνθρωπος,
1108 3092 1191 3145 ὅτι
1224 3091 1504 3163 ὲγνώσθης
1536 3089 1764 3164 αὐτῷ,ἣ

163 3180 287 3245 υἱὸς
316 3180 630 3252 ἀνθρώπου,
652 3183 735 3235 ὃτι
763 3182 948 3255 λογίζῃ
967 3184 1157 3250 αὑτόνς
1191 3184 1387 3256 Κύριε,
1405 3185 1581 3239 κλῖνον
1596 3185 1764 3257 ούρα-

162 3274 312 3338 νοῦς,
348 3275 444 3328 καὶ
457 3274 727 3347 κατάϐηθι
754 3292 768 3306 ·
802 3277 937 3346 ἅψαι
963 3276 1072 3330 τῶν
1101 3277 1293 3348 ὀρέων,
1317 3278 1410 3331 καὶ
1460 3277 1765 3350 καπνισθήσ-

164 3382 379 3422 σονται.
402 3386 420 3419 ι
436 3368 548 3421 Καὶ
570 3367 778 3433 ὑποϐάς
799 3368 1046 3439 ἐπιλέγει
1064 3387 1077 3400 ·
1107 3389 1125 3421 ι
1150 3371 1208 3423 Ὁ
1233 3371 1383 3434 Θεὸς,
1408 3370 1551 3442 ᾠδὴν
1567 3371 1763 3443 καινὴν

164 3453 378 3527 ᾄσομαί
408 3473 514 3509 σοι.
543 3476 561 3509 ι
591 3457 848 3527 Ἔχεσθαι
892 3458 1187 3513 καὶταῦτα
1223 3460 1325 3531 τῆς
1360 3459 1764 3532 προσκειμένης

165 3548 484 3612 ὑποθέσεως
512 3548 776 3620 ἡγοῦμαι.
805 3548 917 3620 Τὴν
955 3549 1065 3622 γὰρ
1104 3550 1184 3613 είς
1216 3548 1536 3621 ἀνθρώπους
1554 3548 1759 3620 γνῶσιν

162 3633 262 3687 τοῦ
278 3634 415 3688 Θεοῦ
435 3636 608 3705 Λόγου
622 3637 933 3709 θαυμάζων,
949 3637 1450 3711 ὑπερεκπλήττεται
1463 3638 1565 3709 τῆς
1576 3639 1763 3707 φιλαν-

166 3726 448 3798 θρωπίας,
477 3728 546 3782 δι’
569 3724 637 3801 ἦς
673 3730 772 3801 τῆς
804 3730 1054 3802 θεότητος
1077 3730 1284 3795 ὑποϐὰς
1334 3731 1449 3796 καὶ,
1487 3731 1581 3784 τοῦ
1622 3748 1762 3803 συμ-

165 3817 337 3887 φυοῦς
368 3818 632 3889 μεγέθους
664 3821 855 3875 ἑαυτὸν
882 3821 1184 3894 σμικρύνας
1204 3861 1219 3885 ,
1251 3821 1453 3892 ἠξίωσε
1496 3822 1597 3893 τῆς
1620 3823 1758 3888 ἰδίας

164 3910 424 3978 γνώσεως
463 3911 527 3965 τὸ
574 3911 912 3985 ἀνθρώπειον
962 3913 1138 3982 γένος.
1213 3913 1478 3969 Ἐνταῦθα
1524 3915 1624 3987 μὲν
1661 3910 1759 3970 οὖν

164 4000 388 4073 εὔχεται
412 4003 620 4072 λέγων’
657 4025 676 4055 ι
711 4004 918 4077 Κύριε,
955 4005 1134 4059 κλῖνον
1161 4006 1423 4077 οὐρανοὺς
1453 4006 1550 4060 καὶ
1588 4008 1759 4062 κατά-

163 4092 295 4164 ϐηθι
319 4134 332 4147 .
368 4113 387 4144 ι
438 4094 527 4147 Ἐν
566 4094 624 4148 δὲ
667 4094 746 4167 τῷ
778 4096 1225 4167 ἑπτακαιδεκάτῳ
1262 4095 1464 4168 ψαλμῷ
1506 4095 1752 4169 εἴρηται·

169 4204 188 4236 ι
230 4188 344 4240 Καὶ
370 4186 576 4240 ἔκλινεν
597 4187 879 4259 οὐρανοὺς,
915 4191 1011 4243 καὶ
1038 4188 1267 4259 κατέϐη,
1298 4188 1394 4242 καὶ
1425 4188 1624 4258 γνόφος
1648 4188 1754 4241 ὑπὸ

161 4278 292 4340 τοὺς
322 4275 491 4339 πόδας
522 4277 690 4330 αὐτοῦ
709 4295 723 4307 ·
751 4279 848 4331 καὶ
871 4277 1043 4348 ἐπέϐη
1066 4278 1160 4331 ἐπὶ
1180 4276 1467 4349 χερουϐὶμ,
1502 4276 1597 4330 καί
1621 4278 1751 4330 ἐπε-

161 4368 338 4441 τάσθη
366 4369 459 4421 ἐπὶ
478 4369 765 4440 πτερύγων
797 4370 1036 4441 ἀνέμων.
1064 4387 1082 4421 ι
1112 4370 1191 4421 Δι’
1216 4363 1293 4424 ὧν
1321 4369 1390 4423 τὰ
1416 4368 1518 4440 τῆς
1538 4368 1747 4434 ἀνόδου,
1785 4398 1828 4454 ο

162 4461 232 4529 ἣν
250 4460 363 4513 ἀπὸ
387 4460 490 4531 γῆς
512 4461 592 4524 εἰς
619 4461 883 4533 οὐρανοὺς
913 4462 1072 4532 ὲποιή
1084 4477 1231 4524 σατο,
1268 4458 1533 4524 θεσπίζει.
1565 4459 1751 4522 Ὅπως

159 4553 219 4607 δὲ
247 4551 476 4629 κάθοδον
500 4554 610 4626 χρῆ
632 4557 776 4607 νοεῖν
811 4554 906 4608 καὶ
935 4553 1122 4609 ἄνοδον
1161 4551 1254 4606 τοῦ
1294 4551 1430 4606 Θεοῦ
1460 4552 1657 4620 Λόγου,
1689 4552 1749 4604 ού

159 4641 407 4707 τοπικῶς
463 4643 791 4714 μεταϐάσεις
830 4643 1154 4713 ποιουμένου
1179 4681 1194 4705 ,
1232 4641 1505 4714 τροπικῶς
1552 4640 1609 4694 δὲ
1652 4638 1753 4702 τὰς

159 4733 379 4787 τοιάσδε
401 4726 711 4805 οἰκονομίας
745 4733 909 4788 αὐτοῦ
932 4732 1122 4787 τοῦτον
1149 4734 1250 4804 τῆς
1277 4734 1500 4805 Γραφῆς
1537 4734 1749 4786 ἀποκα-

161 4826 365 4896 λούσης
398 4826 489 4879 τὸν
523 4827 725 4898 τρόπον
747 4867 761 4893 ,
803 4828 890 4880 ἐπ’
921 4826 1127 4890 οἰκείας
1163 4824 1518 4896 ἀποδώσομεν
1533 4822 1749 4894 σχολῆς.

165 4920 319 4974 Ἔδει
344 4919 402 4973 δὲ
433 4919 804 4991 μνημονεῦσαι
827 4922 885 4975 ὲν
910 4919 1117 4984 τούτοις
1148 4920 1244 4973 καὶ
1268 4919 1366 4990 τῆς
1391 4916 1603 4986 Καινῆς
1625 4916 1751 4967 Διοι-

164 5012 362 5084 θήκης,
394 5014 461 5083 ἧν
484 5012 705 5083 ἔμελλεν
729 5014 763 5084 ἡ
791 5011 885 5065 τοῦ
910 5010 1147 5084 Χριστοῦ
1183 5009 1454 5082 παρουσία
1484 5006 1752 5080 προξενή-

162 5121 282 5159 σειν
304 5103 631 5177 ἀνθρώποις·
656 5104 795 5176 αῦτη
822 5104 879 5158 δέ
903 5106 1050 5157 ἐστιν
1074 5106 1108 5176 ἡ
1134 5102 1312 5174 Καινὴ
1335 5099 1575 5172 Διαθήκη
1611 5097 1747 5170 μετὰ

164 5195 263 5267 τὴν
296 5194 538 5248 Παλαιὰν
565 5196 671 5249 ὑπὸ
697 5194 935 5267 Χριστοῦ
959 5195 1094 5247 πᾶσι
1119 5194 1230 5256 τοῖς
1262 5192 1438 5246 ἔθνεσι
1462 5188 1744 5261 δεδομένη.

160 5288 253 5341 Διό
270 5305 405 5359 φησι
421 5287 484 5341 τὸ
508 5288 648 5359 μετὰ
666 5292 854 5361 χεῖρας
878 5288 1075 5357 λόγιον·
1089 5304 1108 5339 ι
1130 5287 1187 5341 '0
1203 5286 1356 5350 Θεὸς,
1383 5285 1527 5357 ᾠδὴν
1551 5282 1745 5354 καινὴν

161 5378 369 5451 ᾁσομαί
402 5395 509 5432 σοι.
546 5398 566 5431 ι
603 5380 679 5433 Τὸ
710 5379 789 5444 δὲ,
827 5399 846 5431 ι
870 5380 1040 5450 Ἂψαι
1070 5379 1179 5432 τῶν
1198 5376 1391 5448 ὀρέων,
1425 5376 1519 5429 καὶ
1553 5388 1752 5425 καπνι-

161 5471 474 5543 σθήσονται,
489 5490 508 5523 ι
535 5471 867 5527 αἰνίττεσθαι
881 5471 1119 5544 ἡγοῦμαι
1132 5466 1460 5541 ἐμπρησμὸν
1486 5467 1579 5521 καί
1599 5466 1745 5534 ἁφα-

160 5566 352 5636 νισμὺν
376 5566 556 5637 πάσης
571 5564 1029 5636 εἰδωλολατρείας,
1055 5563 1176 5634 ἥτις
1194 5560 1343 5632 παρὰ.
1356 5562 1469 5622 τοῖς
1495 5556 1746 5618 παλαιοῖς

269 5660 318 5693 ⁸⁸
347 5658 495 5715 Psal.
526 5674 696 5722 cxvu,
728 5658 818 5713 26.

166 5731 252 5794 10,
296 5730 378 5791 II.

443 5823 713 5882 I’s'rnoL.
760 5819 877 5881 Gs.
924 5818 1131 5879 XXII.

930 5658 972 5689 ³⁷
1006 5656 1198 5711 Matth.
1234 5672 1350 5722 xxi,
1382 5653 1439 5710 9.
1514 5652 1560 5684 ³⁸
1590 5649 1750 5705 Joan.
1788 5665 1842 5717 ν,
1874 5648 1965 5703 45.

2466 2693 2698 2750 CAPUT
2754 2694 2847 2751 IX.

1863 2809 1909 2863 A
1958 2808 2166 2880 psalmo
2221 2802 2414 2865 chtil.
2441 2839 2511 2848 —
2551 2806 2812 2862 Dominus
2859 2808 2923 2863 de
2968 2800 3097 2866 calo
3133 2812 3450 2870 descendens

1935 2880 2126 2954 salutis
2157 2881 2429 2954 hominum
2461 2880 2657 2954 gratia,
2692 2879 3060 2954 canticumgue
3083 2899 3273 2937 novum
3294 2901 3452 2954 super

1934 2951 2034 3004 hac
2067 2966 2124 3004 re
2149 2947 2473 3014 canendum,
2494 2947 2635 3003 Novi
2659 2947 2894 3003 uidelicet
2929 2947 3270 3011 Testamenti.

1942 3080 1962 3114 ι
2010 3060 2238 3116 Domine
2291 3060 2423 3131 quid
2482 3065 2568 3115 est
2600 3058 2784 3125 homo,
2843 3059 2990 3130 quod
3046 3061 3332 3119 innotuisti
3366 3063 3452 3118 ei?

1865 3163 1963 3210 aut
1993 3153 2138 3209 ﬁlius
2172 3152 2430 3217 hominis,
2476 3149 2624 3221 quod
2662 3157 2886 3221 reputas
2911 3152 3071 3207 eum?
3098 3151 3345 3219 Domine,
3373 3155 3452 3208 in-

1867 3245 2012 3300 clina
2043 3244 2234 3311 coelos,
2267 3252 2321 3298 et
2350 3243 2621 3299 descende
2648 3259 2663 3298 :
2687 3250 2849 3314 tange
2878 3251 3110 3311 montes,
3132 3251 3187 3299 et
3213 3242 3450 3317 fumiga-

1863 3338 2023 3395 bunt.
2055 3337 2101 3370 ⁸⁸
2156 3355 2176 3389 ι
2224 3335 2290 3390 Et
2317 3349 2669 3406 progressus,
2702 3334 2992 3406 adjungit:
3024 3352 3044 3387 ι
3077 3334 3243 3403 Deus,
3266 3337 3450 3393 canti-

1864 3445 1991 3486 cum
2015 3444 2218 3485 novum
2237 3427 2473 3483 cantabo
2490 3426 2589 3482 tibi
2602 3426 2670 3481 “'.
2694 3446 2713 3479 ι
2735 3426 2860 3482 Haec
2876 3441 3094 3498 quoque
3109 3443 3234 3483 cum
3249 3444 3450 3501 propo-

1866 3520 1975 3576 sito
1998 3524 2325 3590 argumento
2352 3530 2475 3573 esse
2503 3515 2969 3585 conjuncta,sane
2990 3532 3092 3589 ego
3115 3521 3446 3589 putaverim.

1863 3612 2026 3684 267
2056 3609 2437 3682 Cognitionem
2484 3609 2631 3665 enim
2672 3608 2991 3666 hominibus
3043 3609 3302 3664 traditam
3343 3609 3444 3665 Dei

1864 3705 2032 3762 Verbi
2091 3706 2393 3771 admirans,
2443 3704 2620 3776 ipsam
2669 3705 3021 3760 clementiam
3072 3705 3438 3776 obstupescit,

1862 3806 2087 3870 propter
2119 3813 2282 3869 quam
2318 3796 2459 3852 infra
2479 3797 2719 3852 divinam
2751 3812 2907 3853 suam
2934 3806 3189 3853 naturam
3210 3798 3435 3855 descen-

1861 3893 2022 3958 dens,
2057 3907 2226 3963 seque
2258 3891 2441 3962 ipsum
2486 3892 2724 3946 naturali
2765 3906 2867 3947 sua
2914 3890 3298 3962 magnitudine
3339 3892 3445 3946 mi-

1858 3966 2329 4053 noremelliciens,
2346 3984 2571 4054 propria
2599 3984 2773 4054 ipsius
2791 3982 3104 4055 cognitione
3137 3982 3441 4039 humanum

1857 4094 2031 4152 genus
2070 4077 2291 4149 dignum
2341 4076 2696 4132 existimavit.
2742 4073 2931 4145 Itaque
2976 4073 3079 4129 hcc
3120 4074 3242 4129 loco
3295 4083 3440 4140 orat,

1858 4172 2080 4227 dicens:
2117 4188 2138 4222 ι
2180 4168 2432 4232 Domine,
2462 4168 2669 4223 inclina
2693 4168 2866 4223 coelos
2899 4173 2954 4222 et
2975 4164 3268 4222 descende.
3299 4186 3319 4219 ι
3368 4168 3443 4221 At

1856 4263 2002 4320 enim
2034 4263 2090 4316 in
2122 4261 2336 4317 decimo
2363 4261 2596 4330 septimo
2626 4260 2838 4331 psalmo
2867 4259 2910 4291 *ι
2934 4257 3142 4312 dictum
3177 4264 3295 4313 est:
3328 4276 3347 4310 ι
3371 4257 3443 4313 Et

1857 4352 2149 4408 inclinavit
2173 4351 2346 4407 coelos
2368 4359 2422 4406 et
2448 4349 2757 4414 descendit,
2784 4356 2839 4403 et
2863 4348 3042 4417 caligo
3072 4348 3177 4403 sub
3204 4348 3442 4418 pedibus

1855 4445 2014 4517 ejus:
2052 4451 2108 4500 et
2129 4433 2380 4499 ascendit
2410 4456 2578 4512 super
2610 4439 2915 4502 cherubim,
2939 4448 2994 4494 et
3020 4440 3259 4496 volavit:
3292 4442 3443 4498 vola-

1852 4542 1934 4596 vit
1985 4555 2151 4611 super
2189 4553 2402 4611 pennas
2429 4545 2743 4593 ventorum.
2807 4533 2909 4590 iln
2969 4534 3173 4606 quibus
3231 4536 3436 4602 verbis,

1853 4649 1922 4689 ea
1964 4648 2086 4703 quae
2124 4622 2193 4686 ad
2235 4644 2530 4685 ascensum
2565 4634 2839 4700 spectant,
2891 4642 3003 4698 quo
3045 4628 3114 4683 de
3157 4636 3307 4682 terra
3367 4628 3437 4683 ad

1857 4728 2058 4784 coelum
2092 4740 2152 4781 sc
2174 4723 2418 4786 sustulit,
2450 4721 2692 4777 divinat:
2723 4721 2868 4791 quod
2899 4728 3081 4776 autem
3105 4720 3434 4776 descensum

1858 4828 2024 4890 atque
2056 4831 2347 4872 ascensum
2380 4813 2477 4870 Dei
2509 4811 2697 4878 Verbi,
2726 4827 2840 4867 non
2881 4812 3149 4883 quosdam
3182 4811 3305 4880 ejus
3338 4827 3440 4882 per
3535 4811 3542 4820 '

1855 4910 2040 4965 locum
2074 4907 2343 4962 transitus
2381 4905 2635 4975 accipere
2683 4910 2955 4974 oporteat,
2987 4901 3436 4973 quandoquidem

1852 5002 1909 5058 in
1930 5002 2079 5056 hunc
2103 4998 2328 5054 modum
2362 4995 2650 5067 Scriptura
2675 4996 2881 5061 divina,
2904 4994 3042 5050 tales
3068 4993 3190 5065 ejus
3217 4993 3438 5063 dispen-

1853 5093 2098 5148 sationes
2127 5088 2404 5161 appellare
2442 5086 2752 5149 consuevit,
2785 5098 2887 5140 suo
2923 5084 3047 5137 loco
3084 5082 3321 5138 otiosius
3339 5081 3437 5137 de-

1852 5178 2306 5236 monstrabimus.
2350 5175 2577 5245 Oportet
2623 5180 2807 5227 autem
2856 5172 2914 5226 in
2960 5171 3047 5228 his
3089 5172 3256 5228 etiam
3296 5169 3435 5227 Novi

1853 5268 2192 5328 Testamenti
2217 5266 2549 5322 mentionem
2584 5262 2787 5330 facere,
2805 5261 2956 5334 quod
2978 5261 3297 5317 hominibus
3315 5269 3438 5317 erat

1850 5362 2057 5421 Christi
2109 5360 2382 5416 adventus
2425 5356 2863 5414 conciliaturus:
2904 5354 3011 5409 hoc
3055 5369 3190 5410 sane
3221 5352 3436 5409 Novum

1850 5458 2265 5515 Testamentum
2299 5451 2436 5507 illud
2475 5457 2583 5515 est,
2614 5448 2763 5520 quod
2793 5464 2824 5502 a
2854 5448 3079 5504 Christo
3110 5455 3236 5519 post
3262 5447 3438 5505 Vetus

1849 5553 2080 5607 alterum
2117 5547 2375 5603 omnibus
2417 5543 2675 5617 gentibus
2724 5541 2987 5597 traditum
3035 5549 3141 5598 est.
3189 5540 3436 5598 Proinde

2073 5646 2115 5678 ³³
2156 5643 2303 5700 Psal.
2331 5657 2518 5710 cum,
2554 5642 2611 5708 '5,
2648 5638 2701 5693 5.
2802 5637 2847 5670 ⁸ο
2875 5636 3009 5693 ibid.
3052 5637 3107 5695 9.
3201 5636 3245 5670 “
3287 5652 3437 5697 vers.

3040 5798 3110 5859 14
