3846 6218
398 317 509 370 127
1056 313 1324 371 EUSEBII
1363 312 1841 369 CESARIENSIS
1879 312 2031 369 OPP.
2075 311 2254 367 PARS
2288 315 2361 366 Il.
2404 339 2471 351 -—-
2511 308 3009 366 APOLOGETICA.
3542 306 3653 362 128

401 431 686 486 oraculum
758 431 905 503 quod
964 447 1113 487 nunc
1162 432 1218 486 in
1271 431 1528 487 manibus
1576 438 1679 493 est,
1732 429 1813 484 sic
1854 430 1920 483 ait

2159 431 2269 492 τοῖς
2310 428 2462 499 δρεσι
2513 427 2746 497 μάλιστα
2784 422 3145 488 ἐσπουδάζετο
3170 440 3183 452 ·
3232 419 3371 473 ὥστε
3409 418 3511 489 ἥδη
3554 421 3653 474 καὶ

404 524 617 591 «Deus,
660 525 937 579 canticum
986 540 1187 578 novum
1240 523 1476 577 cantabo
1515 522 1614 576 tibi
1664 522 1730 575 δ’.
1759 541 1778 573 ι
1832 521 1923 574 ιιιυ

2138 520 2270 584 τοὺς
2313 518 2599 581 Ἰουδαίους
2645 513 3072 585 ἀπελέγχεσθαι,
3115 513 3190 576 ὡς
3246 511 3338 563 ἐπὶ
3381 512 3490 562 πᾶν
3524 508 3657 579 ὅρος

401 624 618 672 autem:
662 616 889 688 «Tange
931 624 1146 672 montes
1190 624 1244 670 et
1291 614 1702 685 fumigabuntr,
1737 612 1920 666 arbitri

2139 613 2293 684 νηλὸν,
2328 611 2470 666 κατὰ
2505 610 2735 682 μίμησιν
2753 610 2860 662 τῶν
2884 606 3195 677 ἀλλοφύλων
3227 604 3415 667 ἐθνῶν,
3437 602 3658 656 είδωλοο

398 708 736 778 signiﬁcare,
770 706 916 778 quod
938 708 1182 761 omnium
1212 705 1637 761 simulacrorum
1669 704 1853 758 cultus
1899 719 1917 758 ε

904 706 1182 761 [omnium
1212 705 1637 761 simulacrorum
1669 704 1853 758 cultus
1899 703 1971 758 sit
2073 702 2423 775 λατροῦντας.

405 798 783 855 incendendus
832 813 897 853 ac
947 798 1236 859 delendus,
1288 797 1381 867 qui
1423 795 1565 866 apud
1618 796 1874 866 antiquos
1918 795 1974 850 in
2022 796 2301 851 montibus
2368 796 2602 849 maxime
2668 791 3160 863 frequentabatur;
3206 790 3441 859 denique
3479 788 3657 843 etiam

380 883 509 962 'ipsi
535 890 704 946 Judaei
734 890 1304 961 reprehendebantur,
1360 890 1505 961 quod
1566 890 1621 944 in
1655 889 1805 945 omni
1846 898 2029 944 monte
2079 888 2317 950 excelso,
2364 886 2432 941 ad
2459 884 2823 940 imitationem
2865 882 3524 955 externarumgentium,
3568 881 3659 939 si-

402 985 649 1041 mulacra
674 984 940 1039 colerent.

1018 1119 1245 1176 CAPUT
1281 1120 1324 1174 Χ

2615 1126 3010 1181 ΚΕΦΔΛΔΙΟΝ
3046 1126 3102 1182 1’.

400 1261 440 1313 Α
474 1259 681 1334 psqlmq
704 1273 905 1313 cxcvn.
940 1286 1012 1297 —
1040 1255 1132 1309 Dei
1173 1255 1403 1334 Verbum
1424 1256 1479 1309 in
1501 1263 1695 1334 terram
1721 1255 1919 1334 missuri

2142 1268 2227 1321 ,πύ
2253 1264 2497 1334 ψαλιιοῦ
2516 1262 2664 1333 ρμξ.
2686 1290 2758 1300 —-
2785 1264 2976 1334 Λόγος
3009 1260 3105 1334 ἐπὶ
3140 1259 3249 1334 τῆς
3276 1262 3661 1334 ancora-.144.

463 1338 511 1382 et
540 1328 682 1382 brevi
712 1338 940 1396 tempore
969 1327 1584 1395 percurrens‘universos
1617 1326 1872 1380 homines.

2143 1326 2360 1407 μενος,
2379 1326 2605 1407 ’καὶ-’ἐν
2658 1326 2890 1400 βραχεῖ’
2926 1326 3127 1401 χρόνῳ
3147 1326 3394 1398 ’πάντας
3426 1333 3660 1402 ἀνθρώ.

2145 1403 2300 1472 Brom;
2321 1403 2667 1474 διατρέχων.

471 1545 491 1579 ι
513 1524 717 1592 Lauda,
736 1525 1059 1588 Jerusalem,
1082 1526 1394 1594 Dominum,
1416 1527 1578 1582 lauda
1594 1526 1764 1584 Deum
1786 1535 1962 1593 tuum,

2148 1560 2167 1592 ι
2213 1540 2453 1594 Ἐπαίνει
2477 1580 2493 1605 ,
2539 1498 2929 1610 Ἰερουσαλὴμ,
2968 1538 3060 1589 τὸν
3104 1538 3342 1609 Κύριον,
3382 1537 3519 1590 αἴνει
3553 1534 3660 1590 τὸν

395 1618 625 1675 Sion".
652 1638 670 1671 ι
725 1619 928 1675 Deinde
973 1620 1251 1689 paululum
1301 1635 1627 1692 progressus
1652 1621 1757 1675 ait:
1802 1639 1821 1672 ι
1862 1620 1907 1687 ρ

2141 1631 2203 1684 ,όν
2235 1648 2349 1698 σου,
2372 1629 2566 1685 Σιών.»
2596 1626 2711 1683 Εἶθ’
2735 1628 2943 1693 ὑποϐάς
2973 1645 3154 1700 φησιν·
3183 1649 3201 1680 ‹
3226 1629 3282 1682 Ὀ
3307 1628 3660 1682 ἀποστέλλων

395 1712 597 1766 emittit
625 1712 903 1782 eloquium
948 1727 1109 1767 suum
1147 1721 1329 1776 terrae,
1366 1713 1628 1768 velociter
1654 1713 1827 1767 currit
1851 1728 1910 1768 se

2140 1740 2162 1775 ν
2188 1722 2342 1791 λόγον
2368 1721 2535 1776 αὑτοῦ
2554 1725 2619 1793 τῇ
2647 1725 2717 1792 γῇ
2734 1739 2748 1751 ·
2777 1721 2887 1786 ἕως
2911 1721 3109 1793 τάχους
3134 1720 3417 1792 δραμεῖται
3441 1722 3469 1773 ό
3492 1719 3659 1787 λόγος

392 1817 487 1857 mo
517 1801 638 1872 ejus
661 1801 749 1857 ’δελ
774 1820 794 1854 ι
819 1809 1036 1857 constat
1070 1810 1250 1857 autem
1281 1818 1407 1857 eum
1449 1803 1542 1873 qui
1577 1803 1764 1866 mittit,
1794 1803 1864 1858 ab
1901 1821 1911 1855 ι

2137 1814 2265 1869 ιτοῦ.
2308 1833 2327 1867 ι
2369 1814 2546 1883 Σαφὲς
2577 1813 2633 1867 δὲ
2653 1814 2675 1879 ,“
2695 1814 2777 1867 ὅτι
2804 1813 2897 1867 τοῦ
2931 1811 3389 1883 ἀποστελλομένου
3435 1814 3465 1865 ό
3505 1813 3656 1865 ἀπο-

396 1896 490 1965 qui
516 1894 750 1949 mittitur
770 1909 894 1949 esse
920 1893 1216 1967 diversum.
1265 1893 1445 1950 Habes
1468 1896 1632 1966 igitur
1654 1896 1817 1951 etiam
1858 1896 1915 1950 hc

2140 1905 2300 1959 έλλων
2330 1905 2515 1978 ἕτερος
2540 1905 2615 1958 ὢν
2636 1905 2913 1975 τυγχάνει.
2969 1905 3149 1975 Ἔχεις
3195 1901 3480 1975 τοιγαροῦν
3512 1903 3659 1955 κάν-

395 1989 542 2051 loco,
588 2002 711 2042 eum
766 1986 983 2057 quidem
1030 1986 1123 2056 qui
1166 1987 1355 2054 mittit,
1406 2003 1723 2058 supremum
1770 1987 1914 2042 Deun

2140 1997 2241 2051 ὖθα
2280 1998 2368 2051 τὸν
2413 1997 2510 2067 μὲν
2537 1996 2935 2050 ἀποστέλλοντα
2959 1996 3072 2062 τὸν,
3100 1996 3192 2049 ἐπὶ
3231 1995 3446 2048 πάντων
3477 1993 3655 2046 Θεὸν·

396 2079 566 2152 268
591 2096 719 2136 eum
753 2094 885 2134 vero
925 2079 1020 2149 qui
1071 2080 1308 2135 mittitur
1347 2096 1686 2137 sermonem:
1714 2080 1813 2153 qui
1842 2097 1915 2136 cu

2144 2108 2158 2144 ρ
2184 2089 2239 2142 δὲ
2262 2087 2737 2160 ἀποστελλόμενον,
2763 2089 2855 2141 τὸν
2880 2087 3058 2157 λόγον’
3088 2087 3147 2151 ὃς
3174 2084 3523 2154 πολυώνυμος
3548 2083 3663 2151 ὣν,

397 2173 567 2226 multa
589 2172 785 2228 habeat
812 2172 1055 2236 nomina,
1085 2188 1233 2228 nunc
1261 2171 1559 2243 Sapientia,
1581 2190 1728 2229 nunc
1752 2174 1916 2229 Sernu

2143 2182 2188 2235 τὲ
2220 2181 2318 2253 μὲν
2354 2181 2553 2250 Σοφία,
2580 2180 2702 2233 τοτὲ
2726 2180 2782 2232 δὲ
2798 2179 2999 2247 Λόγος,
3030 2178 3216 2233 ἄλλοτε
3253 2178 3313 2231 δὲ
3345 2177 3479 2241 Θεὸς
3502 2216 3518 2240 ,
3554 2177 3662 2230 καὶ

396 2275 451 2320 et
478 2264 754 2319 interdum
787 2263 951 2329 Deus,
978 2274 1031 2321 et
1064 2266 1200 2322 alias
1236 2264 1499 2323 Dominus
1526 2269 1582 2322 in
1604 2266 1804 2322 divinis
1843 2283 1915 2322 or:

2138 2274 2229 2329 ιλιν
2264 2274 2467 2346 Κύριος
2510 2272 2595 2326 διὰ
2635 2271 2744 2326 τῶν
2780 2272 2937 2325 θείων
2967 2270 3228 2344 χρησμῶν
3261 2268 3657 2341 ἀνηγόρευται.

395 2358 539 2413 culis
577 2367 958 2429 nuncupatur;
1000 2358 1145 2428 quod
1193 2358 1241 2413 si
1285 2359 1582 2415 attenderis
1611 2359 1914 2430 quemadml

2144 2368 2408 2436 πιστήσας
2440 2366 2518 2430 δὲ,
2550 2364 2675 2418 τίνα
2703 2366 2902 2436 τρόπον
2928 2365 2985 2417 ὲν
3029 2362 3231 2433 σφόδρα
3260 2362 3436 2433 χρόνῳ
3459 2359 3663 2431 βραχεῖ

396 2451 527 2505 dum
561 2451 893 2507 brevissimo
914 2459 1179 2521 tempore,
1219 2466 1436 2507 omnem
1481 2461 1752 2508 terrarum
1780 2453 1911 2507 orbe

2142 2473 2167 2508 ν
2208 2457 2388 2509 πᾶσαν
2439 2455 2765 2526 οἰκουμένην
2815 2454 3049 2524 ἔπλησεν
3094 2455 3123 2506 ὁ
3168 2452 3267 2522 τῆς
3306 2451 3661 2515 διδασκαλίας

399 2540 593 2598 Sermo
621 2541 885 2597 doctrina:
900 2542 1059 2597 .illius
1085 2542 1413 2612 impleverit,
1448 2543 1695 2613 proiecto
1716 2545 1917 2599 vatidin

2143 2548 2232 2602 τοῦ
2255 2549 2429 2617 λόγος,
2458 2543 2515 2601 εὖ
2541 2543 2636 2602 οἷδ’
2664 2549 2744 2600 ὅτι
2771 2548 2831 2600 τὸ
2862 2545 3206 2616 ἀποτέλεσμα
3231 2543 3535 2616 θαυμάσεις
3551 2544 3662 2616 τῆς

395 2634 753 2703 obstupesces
814 2638 1070 2689 eventum
1113 2632 1390 2689 dicentis:
1428 2652 1446 2686 ι
1473 2632 1745 2690 Velociter
1792 2649 1914 2689 curr

2142 2640 2424 2713 ορῤήσεως
2457 2638 2770 2709 φασκούσης
2790 2656 2804 2670 ο
2853 2657 2871 2690 ι
2907 2638 3051 2701 Ἕως
3077 2637 3271 2709 τάχους
3302 2636 3593 2707 δραμεῖται
3630 2636 3661 2689 ὁ

397 2739 580 2780 sermo
608 2724 747 2794 ejus.
783 2743 801 2775 ι

2068 2731 2223 2799 λόγος
2262 2729 2445 2783 αὐτοῦ.
2479 2749 2497 2782 ι

1001 2856 1233 2913 CAPUT
1266 2858 1357 2914 XI.

2548 2894 2549 2897 η
2594 2862 2997 2917 ΚΕΦΑΛΑῙΟΝ
3029 2863 3130 2915 I‘A'.

398 2994 440 3050 Α
480 2992 1054 3068 secundoﬂegnorum.
1090 3023 1160 3034 —-
1192 2992 1450 3068 Dominus
1493 2993 1556 3049 de
1592 2995 1721 3048 caelo
1753 2994 1917 3049 duce:

2143 2998 2228 3054 ,πὸ
2262 2999 2373 3068 τῆς
2409 3000 2691 3067 δευτέρας
2727 2997 2846 3052 τῶν
2871 2995 3226 3051 Βασαειῶν.
3248 3026 3320 3068 _—
3343 2995 3562 3068 Κύριος
3583 2995 3662 3060 ἐξ

453 3066 603 3149 deus,
634 3065 724 3149 qui
747 3065 1000 3149 gentium,
1031 3079 1147 3134 quae
1184 3065 1336 3149 'prius
1357 3064 1511 3117 illum
1548 3082 1651 3118 non
1683 3080 1968 3147 cognosce-

2145 3064 2405 3149 οὐρανέὸῦ
2423 3064 3314 3149 κατιῶτςίὴῖούμετῖοςέῶτςμρὶν
3339 3067 3454 3149 ρῠκ
3468 3066 3664 3149 ἔπνεεν

464 3136 614 3200 bant,
642 3134 757 3190 dua:
774 3135 1016 3200 exsistit,
1030 3144 1079 3188 et
1111 3134 1401 3192 aludaica
1430 3148 1578 3206 gente
1620 3134 1848 3204 seipsitm
1890 3144 1967 3189 est

2142 3134 2326 3194 κότων
2371 3142 2557 3194 αὑτὸν
2608 3134 2843 3205 ἐθνῶν,
2889 3137 2956 3191 τὸ
2998 3136 3067 3190 δὲ
3132 3135 3436 3190 Ἰουδαίων
3478 3135 3661 3201 ἔθνος

456 3222 760 3284 eversurus.
1715 3260 1731 3276 ,

1715 3260 1731 3276 ,
1999 3267 2043 3284 η
2139 3211 2777 3280 ἀποστραφησόμενος.

471 3357 490 3389 ‹
525 3337 591 3392 Et
621 3338 840 3394 locutus
890 3348 975 3396 est
1000 3338 1179 3395 David
1231 3339 1461 3395 Domino
1494 3341 1660 3397 verba
1704 3340 1967 3397 carminis

2150 3366 2168 3399 ι
2202 3347 2314 3399 Καὶ
2347 3345 2579 3417 ὲλάλησε
2619 3342 2788 3398 Δαϐὶδ
2824 3342 2903 3413 τῷ
2932 3340 3123 3412 Κυρίῳ
3153 3339 3279 3402 τοὺς
3320 3336 3516 3405 λόγους
3559 3336 3663 3405 τῆς

397 3432 563 3501 hujus
615 3431 684 3488 δ’.
730 3430 933 3487 Deinde
967 3448 1312 3504 progressus,
1346 3434 1420 3488 ita
1442 3433 1519 3487 ait
1554 3448 1569 3485 :
1608 3431 1714 3487 «Et
1742 3433 1913 3488 inclin

2145 3436 2216 3507 ;ἦς
2243 3435 2464 3505 ταύτης.
2504 3454 2521 3485 ι
2554 3429 2668 3486 Εἴθ’
2702 3432 2828 3503 ἑξῆς
2851 3447 2982 3501 φησι
3011 3447 3024 3459 ·
3065 3447 3083 3478 ι
3112 3428 3222 3481 Καὶ
3253 3426 3463 3479 ἔκλινεν
3489 3425 3664 3496 ούρα-

398 3525 478 3577 vit
510 3522 680 3579 caelos
705 3528 758 3577 et
797 3523 1101 3589 descendit,
1131 3533 1186 3580 et
1218 3525 1393 3596 caligo
1421 3526 1526 3581 sub
1560 3525 1792 3596 pedibus
1815 3524 1917 3594 ejus

2146 3530 2199 3592 bc
2237 3528 2329 3581 καὶ
2370 3525 2575 3596 κατέϐη
2598 3565 2611 3589 ,
2654 3524 2749 3579 καὶ⁵
2786 3522 2982 3592 γνόφος
3022 3521 3278 3574 ὑποκάτω
3322 3518 3434 3571 τῶν
3477 3515 3665 3569 ποδῶν

398 3621 453 3668 et
480 3613 902 3683 ascenditsuper
933 3614 1234 3678 cherubim,
1254 3623 1308 3670 et
1328 3616 1550 3679 volavit,
1579 3616 1782 3671 volavit
1803 3632 1917 3686 supr

2146 3619 2237 3672 τοῦ
2262 3636 2276 3649 ’
2315 3619 2409 3671 καὶ
2442 3617 2611 3687 ἐπέϐη
2650 3615 2744 3668 ἐπὶ
2771 3611 3035 3685 χερουὸὶμ
3056 3651 3071 3675 ,
3105 3608 3378 3679 ὲπετάσθη
3405 3608 3501 3661 ἐπὶ
3528 3622 3665 3660 πτε-

397 3719 605 3774 pennas
661 3700 971 3770 ventorum,
1025 3714 1081 3761 et
1127 3707 1312 3778 posuit
1361 3709 1619 3764 tenebras
1675 3708 1916 3762 latibulu:

2145 3727 2255 3779 γων
2281 3709 2515 3779 ἀνέμων,
2546 3707 2639 3759 καὶ
2663 3705 2813 3759 ἔθετο
2844 3703 3029 3765 σκότος
3054 3701 3378 3772 ἀποκρυφὴν
3410 3697 3603 3752 αὑτοῦ.
3638 3714 3661 3750 ι

400 3811 560 3851 suum
594 3816 607 3852 :
639 3817 657 3850 ›
690 3804 804 3851 tum
842 3798 895 3851 in
930 3797 1035 3853 ﬁne
1050 3799 1292 3866 ejusdem
1322 3801 1579 3855 carminis
1607 3800 1686 3854 u:
1725 3818 1743 3850 ι
1773 3798 1919 3853 Libet

2148 3800 2184 3851 t‘t
2216 3796 2307 3850 ἐπὶ
2333 3797 2474 3850 τέλει
2500 3796 2599 3865 τῆς
2633 3795 2802 3864 αὐτῆς
2835 3793 3008 3865 ᾠδῆς*
3048 3810 3069 3843 ί
3113 3789 3281 3862 Ῥύσῃ
3316 3805 3415 3858 με,
3449 3787 3622 3859 φησὶν
3644 3823 3667 3850 ,

398 3901 508 3952 me,
538 3887 731 3959 inquit,
764 3887 832 3944 de
853 3890 1378 3945 contradictionibus
1408 3890 1616 3961 populi,
1668 3872 1917 3943 constitui

2182 3887 2497 3957 ἀντιλογιῶν
2550 3886 2699 3940 λαοῦ.
2750 3885 3125 3955 Καταστήσεις
3177 3897 3243 3952 με
3288 3882 3368 3944 εἰς
3415 3879 3667 3951 κεφαλὴν

400 3995 488 4035 me
520 3979 577 4033 in
616 3990 778 4051 caput
805 3981 1084 4051 gentium;
1118 3982 1351 4051 populus
1381 3997 1542 4051 quem
1576 3996 1684 4035 non
1715 3995 1919 4050 cognov

2146 3982 2265 4036 νῶν.
2301 3982 2440 4044 Λαδς
2472 3979 2531 4032 ὃν
2564 3978 2664 4032 οὐκ
2696 3977 2887 4046 ἔγνων,
2919 3974 3198 4034 ἐδούλευσε
3225 3990 3335 4046 μοι,
3371 3975 3454 4035 εἰς
3486 3972 3665 4043 ἀκοὴν

401 4065 625 4121 servivit
665 4068 836 4131 mihi;
871 4068 927 4123 in
974 4068 1163 4124 auditu
1214 4070 1363 4125 auris
1389 4069 1631 4124 obedivit
1663 4068 1836 4135 mihi;
1873 4067 1920 4121 [il

2146 4073 2237 4126 :[ou
2294 4070 2569 4140 ὑπήκουσέ
2628 4087 2751 4140 μου.
2803 4068 2923 4120 Υἱοὶ
2988 4065 3256 4137 ἀλλότριοι
3305 4062 3665 4135 άπορῤιφθή-

401 4158 566 4211 alieni
596 4157 916 4228 rejicientur
944 4161 1010 4215 ".
1052 4179 1072 4213 ›
1099 4159 1204 4226 Qui
1239 4161 1523 4215 inclinavit
1550 4162 1742 4226 caelos,
1788 4169 1842 4216 et
1875 4160 1920 4215 di

2148 4181 2281 4217 νται.
2330 4182 2352 4215 ι
2414 4162 2473 4215 'U
2524 4161 2713 4224 κλίνας
2757 4158 3021 4232 οὐρανοὺς
3065 4159 3159 4211 καὶ
3201 4154 3449 4218 καταϐὰς
3491 4154 3667 4217 Θεὸς,

400 4250 614 4305 scendit
640 4248 807 4314 Deus,
826 4251 918 4320 qui
942 4259 1282 4321 assumptum
1312 4250 1418 4306 sibi
1446 4251 1721 4306 hominem
1753 4250 1919 4307 inscei

2151 4257 2328 4321 επιὸὰς
2358 4249 2403 4324 ᾧ
2434 4253 2719 4325 ἀνείληφεν
2739 4249 3029 4324 ἀνθρώπῳ,
3055 4250 3237 4303 ὅντινα
3260 4245 3357 4301 νῦν
3389 4243 3670 4317 χερουσὶμ

399 4339 481 4396 dit
515 4338 697 4412 (quem
730 4358 863 4399 sane
910 4343 1209 4408 hominem,
1250 4357 1398 4397 nunc
1447 4343 1730 4397 oraculum
1772 4343 1918 4398 cher:

2148 4347 2297 4416 λόγος
2322 4343 2612 4417 ὀνομάζει,
2646 4344 2852 4412 ἀνέπτη
2888 4342 2983 4395 σὺν
3013 4339 3161 4410 αύτῷ
3193 4339 3289 4409 τὴν
3330 4337 3520 4391 ἄνοδον
3556 4354 3667 4389 πε-

399 4429 512 4485 him
533 4431 823 4503 nominat),
851 4431 1052 4485 volavit
1076 4446 1202 4485 cum
1222 4446 1288 4485 eo
1312 4446 1554 4495 sursum,
1579 4431 1918 4486 comitantibl

2149 4437 2374 4508 t'qpévoc
2431 4434 2568 4507 μετά
2620 4434 2729 4489 τῶν
2788 4430 3226 4505 δορυφορούντων
3278 4428 3445 4481 αὐτὸν
3498 4428 3668 4481 θείων

402 4522 846 4593 stipantibusque
879 4524 1057 4593 ipsum
1107 4523 1309 4578 divinis
1356 4524 1662 4593 spiritibus,
1697 4524 1790 4593 qui
1822 4540 1921 4578 nur

2154 4533 2402 4605 ευμάτων
2422 4573 2437 4599 ,
2472 4531 2759 4602 πτερύγων
2799 4528 3015 4600 ἀνέμων
3054 4527 3149 4581 καὶ
3178 4524 3357 4578 αὐτῶν
3390 4539 3671 4594 χρηματι-

401 4613 507 4683 ipsi
538 4628 755 4684 quoque
784 4621 1073 4669 ventorum
1100 4629 1291 4685 penna:
1319 4615 1685 4684 appellantur.
1720 4612 1920 4669 Obscm

2146 4640 2288 4677 ντων.
2314 4621 2614 4685 Σκοτεινῶς
2641 4620 2697 4673 δὲ
2730 4619 2901 4673 ταῦτα
2925 4617 3018 4671 καὶ⁵
3040 4620 3097 4669 ὲν
3128 4612 3470 4685 παραϐύστῳ
3495 4627 3665 4679 γεγε-

400 4721 532 4762 vero
568 4706 679 4761 haec
701 4713 755 4761 et
805 4706 861 4760 in
894 4705 1217 4761 abscondito
1251 4704 1392 4760 facta
1424 4721 1567 4771 esse,
1596 4721 1693 4776 per
1724 4706 1919 4776 quaada

2147 4713 2293 4781 σθαι,
2327 4711 2470 4766 κατά
2528 4727 2676 4774 τινας
2746 4709 3091 4780 ἀπορρήτους
3144 4706 3239 4759 καὶ
3291 4701 3666 4764 λανθάνοντας

402 4814 602 4855 arcana
641 4806 696 4854 et
743 4798 968 4852 latentia
1013 4799 1180 4853 verba
1222 4797 1517 4867 signiﬁcat,
1571 4799 1663 4853 ubi
1693 4798 1801 4852 ait:
1845 4815 1864 4848 ι
1901 4797 1921 4851 Ι

2147 4807 2368 4861 θίττεται
2388 4805 2602 4874 λόγους,
2640 4804 2864 4873 φάσκων
2885 4819 2901 4834 ο
2942 4820 2960 4853 ι
2986 4803 3098 4856 Καὶ
3122 4799 3273 4852 ἔθετο
3306 4798 3501 4860 σκότος
3524 4797 3666 4849 ἀπο-

403 4893 588 4964 posuit
623 4892 881 4947 tenebras
931 4891 1219 4946 latibulum
1274 4906 1455 4947 suum.
1481 4910 1499 4943 ι
1538 4890 1670 4957 Quae
1710 4905 1842 4946 vero
1884 4906 1922 4945 se

2145 4894 2286 4965 υφὴν
2347 4893 2533 4948 αὑτοῦ.
2579 4913 2598 4946 ›
2661 4892 2741 4945 Τά
2790 4892 2848 4945 δὲ
2900 4890 3028 4962 ἑξῆς
3074 4888 3382 4951 ἀκολούθως
3438 4889 3506 4957 τῇ
3561 4885 3664 4937 τοῦ

402 4990 649 5054 quuntur
695 4982 976 5052 deinceps,
1023 4990 1318 5053 assumpta:
1376 4999 1407 5036 a
1452 4981 1675 5038 Christo
1728 4983 1917 5037 homin

2146 4985 2307 5040 ιιστοῦ
2353 4986 2765 5057 ὲνανθρωπήσει
2822 4982 2921 5054 τὴν
2979 4981 3098 5036 κατ’
3129 4978 3293 5033 αὑτοῦ
3355 4975 3665 5046 γενομένην

406 5082 618 5128 naturae
656 5082 1023 5129 consentanea
1065 5082 1214 5139 sunt,
1244 5082 1297 5129 et
1333 5074 1822 5129 contradictionem
1849 5087 1923 5145 qu

2144 5079 2378 5147 τιλογίαν
2402 5078 2496 5132 τοῦ
2531 5076 2796 5131 Ἰουδαίων
2825 5074 2955 5129 λαοῦ
2984 5072 3268 5144 σημαίνει,
3291 5070 3387 5124 καὶ
3423 5068 3523 5139 τὴν
3548 5066 3663 5118 τῶν

403 5166 671 5221 adversus
711 5166 864 5220 illum
902 5164 1043 5221 facta
1072 5174 1155 5222 cst
1181 5164 1393 5221 Judaici
1417 5167 1602 5236 populi
1643 5167 1921 5238 pracinun

2146 5171 2247 5226 νῶν
2283 5173 2523 5244 ὲπακοὴν
2547 5172 2646 5242 τῆς
2669 5166 2761 5225 τοῦ
2784 5168 3019 5241 Χριστοῦ
3051 5162 3423 5225 διδασκαλίας.
3456 5160 3665 5221 Δὺτοῖς

405 5271 619 5312 necnon
653 5258 916 5313 doctrina:
937 5257 1139 5313 Christi
1179 5266 1368 5329 gentes
1390 5274 1510 5314 esse
1538 5259 1924 5313 auscultaturas

2165 5264 2370 5335 ῥήμασι
2393 5262 2461 5317 τά
2489 5261 2842 5334 παραπλήσια
2863 5258 3039 5330 εὕροις
3065 5257 3131 5311 ἂν
3153 5253 3248 5309 καὶ
3263 5256 3321 5307 ἐν
3341 5248 3666 5306 ἑπτακαιδε-

406 5348 598 5405 iisdem
634 5365 798 5421 porro
824 5350 1006 5405 verbis
1029 5350 1228 5404 similia
1255 5351 1503 5407 invenies
1530 5352 1585 5405 in
1625 5352 1838 5420 psalmo
1876 5349 1925 5403 de

1876 5349 1972 5405 de—
2078 5355 2230 5426 κάτῳ
2251 5354 2469 5427 ψαλμῷ,
2501 5355 2581 5419 εἰς
2612 5353 2647 5407 ἀ
2683 5353 2751 5406 τά
2784 5350 3021 5420 φανέντα
3050 5346 3393 5418 προείρηται.

404 5440 548 5495 cimo
589 5443 853 5510 septimo:
890 5443 944 5496 in
992 5456 1111 5512 qua:
1146 5441 1291 5513 quod
1321 5442 1480 5497 nobis
1511 5443 1691 5497 visum
1715 5452 1819 5507 est,
1845 5447 1972 5494 ante

402 5534 510 5603 jam
548 5533 805 5589 diximus.

478 5730 525 5763 δ’
550 5730 691 5787 Psal.
715 5744 904 5794 CXLIII,
928 5734 978 5788 9.
1043 5730 1087 5765 "
1120 5728 1261 5787 Psal.
1293 5745 1498 5799 cxcvn,
1536 5732 1622 5787 12.
1700 5732 1746 5765 ⁸⁸⁵
1777 5730 1911 5788 ibid.
1940 5730 2027 5786 i5.
2104 5729 2150 5762 "
2183 5727 2325 5784 Psal.
2353 5742 2485 5792 xvii,
2514 5728 2565 5781 l.
2643 5724 2689 5759 “
2718 5725 2850 5781 ibid.
2888 5720 3074 5780 10-12.
3150 5720 3197 5754 ⁴⁷
3229 5718 3341 5774 ibid
3394 5716 3591 5773 H46.
