3846 6218
207 335 338 392 419

750 455 1142 509 ΚΕΦΑΛΑΙΟΝ
1180 454 1280 507 IB'.

226 569 389 625 Ἀπὸ
420 568 530 636 τῆς
560 569 762 636 τρίτης
785 570 904 623 τῶν
926 565 1275 625 Βασιλειῶν.
1299 600 1364 609 —
1390 567 1530 634 Θεὸς
1558 571 1800 636 οὐρανό-

299 646 407 719 θεν
431 639 669 706 κατιὼν,
703 641 800 694 καὶ
828 643 956 709 μετ’
988 638 1316 707 ἀνθρώπων
1336 638 1435 691 ἐπὶ
1466 639 1579 708 m’q
1606 656 1801 693 κατοι-

300 727 444 764 κων.

308 884 328 916 ι
357 865 467 918 Καὶ
498 864 613 929 νῦν,
650 864 821 936 Κύριε
862 865 891 917 6
922 864 1053 929 Θεὸς
1086 866 1322 938 Ἰσραὴλ,
1370 867 1695 939 πιστωθήτω
1739 869 1802 941 δὴ

217 954 293 1010 τὸ
321 957 473 1028 ῥῆμά
502 974 616 1020 σου,
650 957 679 1010 6
710 957 978 1028 ὲλάλησας
1008 956 1085 1027 τῷ
1118 957 1264 1010 παιδί
1294 975 1385 1011 σου
1429 958 1508 1029 τῷ
1545 955 1804 1031 Δαὸὶδτῷ

219 1049 400 1119 πατρί
432 1066 563 1118 μουο
598 1049 680 1101 ὅτι
715 1050 763 1101 εί
796 1048 1008 1119 ἀληθῶς
1037 1051 1349 1121 κατοικήσει
1381 1049 1513 1113 Θεὸς
1548 1050 1686 1121 μετὰ
1707 1053 1803 1104 άν-

220 1138 467 1209 θρώπων
507 1141 601 1193 ἐπὶ
626 1140 748 1210 γῆς,
776 1141 823 1193 εί
854 1142 883 1193 6
910 1141 1139 1211 οὐρανὸς
1165 1142 1258 1193 καὶ
1283 1143 1311 1192 6
1341 1140 1566 1211 οὐρανὸς
1596 1140 1805 1194 τοῦόύ-

226 1229 398 1302 ρανοῦ
440 1231 540 1283 οὐκ
584 1231 875 1301 ἁρκέσουσξ
907 1249 1007 1284 σοι.
1036 1252 1054 1282 ι
1088 1233 1278 1285 Κείται
1307 1232 1479 1286 ταῦτα
1508 1235 1696 1296 αὐταῖς
1721 1233 1806 1287 λέ-

223 1318 381 1385 ξεσιν
412 1322 506 1374 καὶ
547 1324 605 1376 ὲν
634 1322 1166 1395 Παραλειπομέναις’
1208 1343 1226 1375 ι
1262 1323 1352 1395 Τῷ
1384 1325 1482 1395 μὲν
1518 1321 1611 1379 οὖν
1643 1325 1806 1379 Δαδὶδ

220 1413 596 1484 ἐπηγγείλατο
622 1417 651 1468 6
678 1414 811 1478 Θεὸς
849 1417 1172 1487 ἀναστήσειν
1200 1419 1265 1470 ὲκ
1290 1417 1496 1482 κοιλίας
1517 1418 1679 1471 αὐτοῦ
1710 1419 1808 1489 βα-

222 1504 405 1569 σιλέα,
436 1498 498 1559 οῦ
528 1506 709 1578 πατὴρ
736 1508 897 1571 αὐτὸς
942 1510 970 1561 6
1019 1507 1149 1573 Θεὸς
1197 1508 1414 1562 ἔσεσθαί
1449 1527 1631 1581 φησιν,
1666 1510 1805 1564 ὥστε

220 1595 323 1649 τὸν
345 1597 634 1667 γενόμενον
652 1601 715 1652 ὲκ
744 1598 1053 1670 σπέρματος
1079 1599 1262 1666 Δαϐὶδ,
1293 1601 1420 1654 Υίὸν
1447 1601 1806 1672 ὀνομασθῆναι

221 1688 390 1753 Θεοῦ,
409 1689 596 1761 θρόνον
624 1708 683 1743 τε
705 1690 977 1761 βασιλείας
995 1691 1136 1756 ἕξειν
1160 1692 1396 1748 αἰώνιον.
1425 1713 1444 1745 ι
1465 1691 1650 1746 Ταῦτα
1672 1693 1728 1747 δὲ
1749 1695 1806 1747 ὲν

229 1790 335 1853 μὲν
361 1786 430 1854 τῇ
449 1782 674 1854 δευτέρᾳ
704 1783 814 1837 τῶν
843 1784 1134 1838 Βασιλειῶν
1164 1784 1251 1838 διὰ
1277 1785 1463 1838 Νάθαν
1492 1785 1582 1838 τοῦ
1600 1786 1809 1857 προφή-

1116 333 1767 393 DEMONS’I'RA'I'IONIS
1806 334 2266 394 EVANGELICAE
2298 333 2427 392 LIB.
2467 333 2556 389 VI.

1833 471 1882 528 Α

3369 325 3473 382 630

2401 448 2565 521 269
2602 444 2831 502 CAPUT
2868 443 2986 499 xu.

1984 567 2027 620 A
2060 566 2213 620 tertio
2246 563 2657 633 Regnorumj—
2685 558 2822 633 Deus
2848 557 2914 610 de
2945 551 3440 633 calodescendens,

2142 644 2193 690 et
2227 625 2347 688 cuni
2379 631 2677 687 hominibus
2708 630 2763 683 in
2794 638 2935 682 terra
2968 625 3238 681 habitans.

1992 871 2010 904 ι
2041 850 2108 904 Ει
2152 865 2343 914 nunc,
2397 846 2624 901 Domine
2671 844 2816 900 Deus
2867 843 3074 911 Israel,
3121 841 3477 898 conﬁrmetur

1906 945 2021 1014 jam
2077 942 2304 998 verbum
2353 948 2537 1002 tuum,
2594 938 2739 1008 quod
2788 936 3005 991 locutus
3051 950 3111 989 es
3158 947 3328 1003 puero
3381 940 3479 986 tuo

1910 1035 2081 1090 David
2118 1033 2259 1104 patri
2298 1047 2420 1086 meo
2456 1032 2750 1104 {quoniam
2792 1028 2838 1084 si
2870 1044 2996 1083 vere
3028 1025 3297 1082 habitabit
3330 1023 3479 1079 Deus

1912 1143 2036 1182 cum
2065 1125 2381 1181 hominibus
2409 1125 2464 1179 in
2491 1113 2667 1189 terra,
2699 1124 2745 1178 si
2773 1122 2972 1176 cmlum
2993 1160 3008 1184 ,
3035 1128 3091 1174 et
3124 1117 3322 1172 caelum
3352 1113 3476 1170 caeli

1911 1233 2022 1273 non
2073 1217 2291 1286 capient
2331 1223 2383 1270 te
2416 1214 2483 1267 ⁸⁸.
2515 1235 2532 1266 ι
2568 1214 2754 1270 Posita
2810 1218 2941 1267 sunt
2995 1209 3187 1265 eadem
3243 1207 3359 1261 haec
3409 1206 3477 1258 ad

1908 1312 2136 1366 verbum
2191 1311 2322 1364 item
2360 1342 2364 1347 ο
2398 1309 2455 1363 in
2510 1304 2988 1377 Paralipomenis:
3048 1299 3318 1370 siquidem
3373 1296 3478 1366 ipsi

1910 1402 2081 1457 David
2136 1400 2414 1472 pollicitus
2473 1399 2649 1453 fuerat
2687 1397 2867 1460 Deus,
2913 1395 3276 1450 excitaturum
3316 1405 3375 1446 se
3411 1388 3479 1443 de

1909 1502 2101 1552 ventre
2138 1493 2312 1564 ipsius
2342 1507 2555 1563 regem,
2602 1490 2762 1560 cujus
2804 1497 3014 1558 patrem
3062 1485 3181 1539 fore
3223 1498 3316 1547 se,
3361 1484 3481 1551 ipse

1911 1584 2057 1641 Deus
2097 1583 2334 1647 dixerat,
2355 1596 2531 1650 usque
2571 1580 2707 1635 adeo
2745 1586 2807 1633 ut
2845 1581 2893 1631 is
2931 1575 3024 1646 qui
3058 1580 3378 1630 nasceretur
3412 1570 3481 1625 de

1914 1681 2122 1734 semine
2174 1675 2382 1740 David,
2438 1682 2585 1729 esset
2615 1672 2788 1726 Filius
2835 1669 2931 1725 Dei
2978 1667 3378 1731 nominandus,
3424 1671 3481 1717 et

1914 1771 2111 1826 solium
2152 1767 2308 1838 regni
2347 1774 2611 1822 aeternum
2651 1763 2961 1818 habiturus.
3013 1759 3228 1815 Etenim
3268 1758 3385 1812 haec
3420 1754 3480 1810 in

225 1849 326 1925 ¹του
352 1849 699 1944 ἐγρήσθη
724 1873 885 1927 Δαῦὶδ
903 1872 1086 1927 τοῦτον
1110 1872 1200 1927 τὸν
1225 1873 1441 1944 τρόπον*
1465 1894 1482 1925 ι
1504 1875 1614 1928 Καὶ

1920 1860 2161 1918 secundo
2213 1857 2561 1928 Regnorum,
2616 1869 2717 1925 per
2758 1852 2972 1907 Nathan
3020 1849 3340 1921 prophetam
3387 1861 3477 1901 re-

227 1963 328 2017 ἐὰν
357 1964 720 2035 πληρωθῶσιν
743 1967 798 2018 αἱ
830 1965 1032 2037 ἡμέραι
1066 1982 1181 2029 σου,
1213 1966 1306 2018 καὶ
1331 1965 1645 2037 κοιμηθήσῃ
1677 1965 1813 2036 μετὰ

226 2054 341 2108 τῶν
368 2056 622 2127 πατέρων
657 2075 772 2121 σου,
808 2058 901 2111 καὶ
925 2059 1212 2128 ἀναστήσω
1232 2057 1290 2111 τὸ
1314 2058 1534 2129 σπέρμα
1559 2074 1652 2110 σου
1677 2059 1813 2128 μετὰ

230 2147 324 2200 σέο
352 2147 412 2212 ὃς
442 2149 593 2202 ἔσται
621 2150 685 2202 ὲκ
728 2151 825 2220 τῆς
874 2149 1080 2212 κοιλίας
1131 2165 1245 2212 σου,
1275 2148 1370 2201 καὶ
1416 2147 1690 2219 ἑτοιμάσω
1714 2147 1813 2218 τὴν

231 2239 509 2308 βασιλείαν
532 2240 720 2294 αὐτοῦ.
741 2241 910 2303 Αὐτὸς
928 2240 1272 2311 οἰκοδομήσει
1306 2257 1395 2310 μοι
1424 2235 1571 2293 οἷκον
1598 2238 1676 2309 τῷ
1696 2240 1798 2292 6V6-

233 2331 368 2400 ματί
393 2349 517 2401 μου,
551 2334 645 2386 καὶ
661 2330 953 2405 ἀνορθώσω
975 2333 1067 2385 τὸν
1088 2332 1275 2403 θρόνον
1300 2330 1460 2384 αὑτοῦ
1490 2331 1594 2393 ἓως
1623 2333 1701 2394 εἰς
1722 2330 1813 2383 τὸν

228 2427 425 2481 αἰῶνα.
443 2425 583 2494 Ἐγὼ
604 2424 797 2496 ἔσομαι
818 2423 969 2495 αὐτῷ
993 2427 1071 2488 είς
1094 2424 1335 2495 Πατέρα,
1362 2425 1457 2477 καὶ
1479 2423 1640 2487 αὐτὸς
1663 2423 1813 2476 ἔσται

232 2537 326 2589 μοι
362 2522 443 2583 είς
468 2518 617 2571 Υἱόν.
650 2535 668 2567 ι
707 2516 788 2570 Τὰ
833 2517 879 2568 δ’
911 2516 1052 2569 αὐτὰ
1093 2514 1184 2568 καλ¹
1212 2517 1269 2568 ὲν
1306 2514 1813 2586 Παραλειπομέναις

226 2610 435 2681 ὁμοίως
473 2611 707 2681 εἴρηται.
727 2608 814 2660 Ἐν
843 2607 899 2660 δὲ
927 2605 1126 2677 ψαλμῴ
1151 2603 1492 2676 ὀγδοηκοστῷ
1529 2605 1699 2674 ὀγδόῳ
1728 2603 1816 2657 λέ-

224 2702 450 2754 λεκται·
484 2719 502 2750 ι
530 2699 698 2763 Αὐτὸς
733 2698 1118 2752 ἐπικαλέσεταὶ
1147 2715 1214 2768 με
1236 2714 1250 2727 ·
1285 2698 1477 2768 Πατήρ
1509 2713 1609 2767 μου
1640 2692 1692 2749 εἴ
1725 2695 1811 2757 σὺ,

227 2793 367 2855 Θεός
398 2808 519 2863 μου,
547 2790 643 2843 καὶ
676 2789 1024 2861 άντιλήπτωρ
1054 2789 1155 2858 τῆς
1187 2789 1458 2858 σωτηρίας
1491 2804 1614 2858 μου.
1644 2785 1816 2855 Κάγὼ

229 2885 582 2956 πρωτότοκον
612 2882 849 2954 θήσομαι
882 2881 1063 2944 αὐτὸν,
1098 2879 1299 2950 ὑψηλὸν
1333 2878 1484 2950 παρὰ
1521 2880 1633 2942 τοῖς
1664 2880 1817 2949 βασι-

224 2975 387 3030 λεῦσι
418 2975 515 3045 τῆς
552 2974 686 3045 γῆς·
714 2975 795 3037 εἰς
835 2973 927 3026 τὸν
951 2972 1121 3028 αἰῶνα
1153 2972 1371 3042 φυλάξω
1403 2970 1549 3041 αὐτῷ
1581 2970 1642 3024 τὸ
1670 2969 1816 3033 ἔλεός

234 3087 366 3141 μου,
395 3069 489 3121 καὶ
527 3069 560 3138 ή
583 3067 812 3137 διαθήκη
840 3084 943 3137 μου
969 3064 1133 3136 πιστὴ
1157 3064 1334 3135 αὐτῷ·
1363 3064 1456 3118 καὶ
1481 3062 1716 3135 θήσομαι
1736 3064 1816 3126 είς

228 3159 324 3213 τὸν
358 3157 530 3210 αἰῶνα
559 3156 654 3209 τοῦ
681 3156 875 3218 αἰῶνος
897 3156 955 3210 τὸ
987 3155 1207 3227 σπέρμα
1235 3154 1418 3217 αὐτοῦ,
1448 3155 1542 3208 καὶ
1569 3155 1660 3207 τὸν
1689 3154 1815 3225 θρόκ

225 3269 322 3304 νον
351 3249 516 3302 αὑτοῦ
544 3250 619 3312 ὡς
644 3247 742 3312 τὰς
776 3248 989 3319 ἡμέρας
1009 3247 1103 3301 τοῦ
1141 3246 1393 3319 οὐρανοῦ.
1420 3267 1438 3299 ι
1475 3248 1586 3300 Καὶ
1614 3246 1774 3300 πάλιν
1793 3263 1806 3276 ο

234 3360 255 3392 ι
270 3342 484 3410 Ὠμοσα
508 3339 671 3393 Δαϐὶδ
703 3338 782 3409 τῷ
803 3337 973 3410 δούλῳ
1002 3356 1102 3409 μου
1120 3356 1133 3368 ο
1171 3340 1313 3402 Ἕως
1336 3338 1430 3391 τοῦ
1459 3338 1653 3401 αἰῶνος
1679 3340 1814 3391 ὲτοι-

231 3432 396 3502 μάσω
422 3430 483 3483 τὸ
514 3430 736 3502 σπέρμα
764 3447 879 3494 σου,
911 3431 1003 3483 καὶ
1025 3430 1364 3501 οἰκοδομήσω
1395 3433 1474 3495 είς
1505 3431 1697 3496 γενεὰν
1723 3430 1814 3483 τὸν

228 3523 424 3595 θρόνον
456 3539 569 3576 σου.
603 3542 623 3575 ι
660 3525 771 3576 Καὶ
792 3519 948 3587 αὖθις
967 3540 981 3553 ο
1024 3521 1238 3587 «Ἃπαξ
1265 3521 1457 3593 ὤμοσα
1479 3524 1535 3575 ὲν
1566 3522 1643 3594 τῷ
1677 3523 1815 3593 ἁγίῳ

235 3632 365 3687 μου,
394 3615 443 3667 εἰ
475 3614 553 3684 τῷ
578 3614 743 3667 Δαόὶδ
765 3614 1036 3685 ψεύσομαι
1057 3633 1070 3645 ·
1095 3615 1157 3667 τὸ
1179 3614 1399 3687 σπέρμα
1432 3614 1594 3667 αὐτοῦ
1626 3616 1704 3678 εἰς
1725 3614 1816 3668 τὸν

234 3706 412 3761 αἰῶνα
451 3709 620 3777 μενεῖ,
656 3708 751 3759 καὶ
780 3708 808 3759 6
834 3706 1021 3778 θρόνος
1050 3706 1212 3760 αὐτοῦ
1241 3705 1315 3769 ὡς
1340 3709 1369 3759 6
1398 3706 1549 3777 ἥλιος
1579 3706 1815 3759 ἐναντίον

234 3815 362 3870 μου,
393 3800 489 3851 καί
531 3797 606 3860 ὡς
655 3799 687 3868 ἡ
742 3798 937 3870 σελήνη
983 3799 1388 3871 κατηρτισμένη
1422 3800 1502 3862 εἰς
1543 3797 1633 3852 τὸν
1681 3797 1816 3851 αἰῶ-

228 3909 323 3946 να.
358 3910 378 3941 ›
411 3889 627 3943 Τούτων
654 3890 717 3961 δὴ
752 3892 846 3944 κα)⁴
891 3891 920 3943 ὁ
970 3890 1258 3954 έκατοστὸς
1303 3890 1617 3962 τριακοστὸς
1669 3889 1818 3961 πρῶ-

229 4002 325 4048 τος
356 3982 571 4053 ψαλμὸς
608 3983 1004 4054 μνημονεύσας,
1040 3984 1132 4037 ἐπὶ
1177 3984 1266 4037 τὸν
1299 3983 1533 4055 Χριστὸν
1560 3981 1817 4052 ἀναφέρει

231 4078 302 4130 τὰ
329 4076 863 4147 δηλούμενα.”Ακουε
891 4076 935 4129 δ’
971 4073 1063 4129 οὖν
1092 4078 1184 4130 καὶ
1211 4075 1400 4145 τούτου
1421 4094 1434 4106 ο
1470 4095 1487 4127 ι
1515 4073 1813 4146 Μνήσθητι,

234 4167 434 4239 Κύριε,
468 4166 562 4220 τοῦ
604 4166 785 4231 Δαϐιδ,
828 4166 922 4220 καλ⁵
957 4167 1138 4237 πάσης
1158 4167 1255 4237 τῆς
1281 4167 1586 4239 πραότητος
1618 4165 1813 4219 αὐτοῦ’

233 4257 311 4320 ὡς
350 4256 535 4327 ὤμοσε
569 4257 648 4328 τῷ
683 4259 889 4328 Κυρίῳ,
916 4257 1119 4328 ηὔξατο
1155 4258 1233 4329 τῷ
1275 4258 1393 4329 Θεῷ
1427 4259 1637 4312 Ἰακώϐ.
1665 4279 1684 4311 ι
1723 4252 1817 4322 Οἷς

237 4347 360 4417 μεθ’
387 4348 551 4419 ἔτερα
589 4348 859 4416 ἐπιλέγει·
896 4349 1133 4419 «Ὠμοσε
1162 4347 1365 4418 Κύριος
1396 4347 1474 4419 τῷ
1507 4348 1668 4401 Δαδὶδ
1697 4348 1798 4420 ὰλή

231 4439 409 4504 θειαν,
427 4439 523 4493 καὶ
545 4440 607 4492 o6
637 4440 711 4510 μὴ
745 4439 984 4511 ἀθετήσῃ
1013 4440 1202 4508 αὐτήν.
1235 4440 1327 4492 Ἐκ
1359 4439 1571 4511 καρποῦ
1593 4440 1692 4509 τῆς
1710 4458 1820 4494 κοι-

234 4531 359 4595 λίας
389 4548 483 4585 σου
515 4531 750 4602 θήσομαι
779 4531 872 4584 ἐπὶ
894 4530 984 4584 τὸν
1015 4531 1201 4602 θρόνον
1225 4549 1338 4584 σου.
1365 4551 1382 4584 ι
1412 4533 1524 4585 Καὶ
1552 4533 1819 4586 ὑποκατα-

234 4623 340 4687 ϐὰς
366 4623 515 4695 ἑξῆς,
544 4623 635 4677 τὸν
667 4626 733 4677 ὲκ
758 4623 972 4695 καρποῦ
1006 4624 1212 4687 κοιλίας
1243 4624 1407 4678 Δαὸὶδ
1438 4625 1812 4695 ἀναστησόμε-

234 4731 327 4767 νον
359 4712 680 4783 λευκότερον
726 4712 1000 4783 ὀνομάζει,
1048 4713 1223 4783 λέγων
1243 4730 1255 4741 ·
1291 4731 1310 4763 ί
1335 4714 1482 4767 Ἐκεῖ
1514 4712 1817 4781 ἐξανατελῶ

235 4805 409 4874 κέρας
448 4803 526 4875 τῷ
555 4804 738 4868 Δαόὶδ,
771 4805 1043 4875 ήτοίμασα
1085 4805 1275 4876 λύχνον
1305 4804 1383 4875 τῷ
1410 4805 1628 4876 Χριστῷ
1675 4821 1775 4874 μου
1799 4821 1813 4833 ·

233 4899 365 4960 τοὺς
402 4894 630 4967 ἐχθροὺς
677 4894 840 4948 αὐτοῦ
880 4895 1084 4949 ἐνδύσω
1119 4895 1412 4967 αἰσχύνηνο
1450 4896 1542 4949 ἐπὶ
1571 4896 1628 4949 δὲ
1657 4895 1818 4950 αὐτὸν

234 4986 529 5057 ἐξανθήσει
556 4988 616 5040 τὸ
643 4987 894 5058 ἀγίασμά
925 5004 1047 5057 μου.
1087 5006 1106 5038 ι
1134 4986 1317 5041 Ταῦτα
1348 4986 1635 5058 τοιγαροῦν
1657 4985 1816 5039 Σολο-

241 5078 364 5148 μῶν
387 5081 418 5132 6
455 5076 765 5146 σοφώτατος
793 5077 872 5148 τῷ
909 5076 1104 5130 ἑαυτοῦ
1165 5078 1332 5149 πατρὶ
1362 5076 1667 5149 χρησθέντα
1697 5093 1820 5129 συν-

237 5171 464 5239 νοήσας,
499 5167 574 5239 μὴ
593 5167 785 5239 μικρὰ,
819 5165 1105 5238 μείζοναδὲ
1120 5166 1219 5237 τῆς
1244 5165 1384 5219 κατὰ
1404 5164 1690 5236 ἄνθρωπον
1720 5163 1820 5232 φύ-

239 5277 383 5323 σεως
427 5260 762 5330 τυγχάνοντα
812 5258 1056 5323 συνιδὼν,
1110 5260 1203 5311 καὶ
1261 5257 1459 5328 μᾶλλον
1511 5256 1819 5328 ἁρμόζοντα

238 5352 362 5423 Θεῷ
408 5353 553 5424 ἤπερ
601 5350 768 5422 αὐτῷ,
804 5350 1004 5422 καίπερ
1029 5350 1141 5403 ὄντι
1177 5350 1280 5420 υἱῷ
1312 5349 1495 5412 Δαδὶδ,
1531 5348 1731 5411 συνιείς
1762 5365 1821 5401 τε

1844 3202 1887 3262 C

1915 1968 2117 2025 sponsa
2165 1959 2297 2007 sunt
2349 1949 2457 2019 ipsi
2509 1946 2717 2009 David,
2762 1946 2818 1999 in
2868 1945 3015 1998 hunc
3056 1942 3325 1996 modum:
3360 1956 3380 1990 ι
3416 1936 3483 1990 Et

1913 2043 2038 2107 erit,
2062 2056 2187 2096 cum
2238 2038 2496 2109 completi
2533 2036 2739 2091 fuerint
2778 2034 2897 2090 dies
2939 2033 3052 2096 tui,
3093 2038 3148 2087 et
3190 2029 3481 2085 dormieris

1914 2149 2040 2191 cum
2079 2132 2328 2203 patribus
2366 2130 2509 2193 tuis,
2541 2136 2596 2184 et
2625 2126 2906 2182 suscitabo
2939 2139 3127 2180 semen
3166 2133 3320 2177 tuum
3360 2128 3483 2192 post

1916 2235 1969 2281 te
1990 2266 2006 2291 ,
2038 2233 2093 2280 et
2124 2222 2270 2294 quod
2304 2223 2408 2277 erit
2435 2237 2502 2275 ex
2531 2227 2721 2275 ventre
2749 2226 2878 2281 tuo,
2913 2224 2966 2272 et
3011 2214 3216 2286 parabo
3254 2228 3480 2284 regnum

1914 2319 2054 2387 ejus.
2104 2314 2225 2386 Ipse
2255 2312 2546 2368 aediﬁcabit
2570 2309 2704 2364 mihi
2739 2310 2958 2363 domum
2988 2308 3043 2361 in
3074 2306 3295 2360 nomine
3324 2319 3446 2360 meo
3465 2343 3482 2365 ,

1914 2420 1969 2465 et
1997 2409 2200 2479 crigam
2234 2406 2418 2462 sedem
2451 2405 2573 2473 ejus
2622 2416 2796 2471 usque
2843 2399 2911 2454 ad
2955 2397 3371 2468 sempiternum.
3418 2394 3486 2449 Et

1914 2518 2010 2558 ero
2042 2502 2121 2557 illi
2150 2502 2206 2555 in
2236 2499 2454 2554 Patrem
2476 2536 2492 2561 ,
2524 2503 2577 2551 et
2606 2496 2724 2565 ipse
2754 2494 2858 2548 erit
2888 2490 3022 2546 mihi
3054 2490 3111 2544 in
3144 2488 3342 2543 Filium
3369 2487 3434 2541 δ’.
3459 2507 3479 2540 ι

1914 2592 2119 2647 Eadem
2152 2584 2281 2645 vero
2310 2589 2473 2643 etiam
2508 2587 2564 2639 in
2605 2581 3071 2652 Paralipomenis,
3117 2577 3285 2634 simili
3323 2577 3486 2632 modo

1915 2684 2061 2740 dicta
2090 2690 2218 2738 sunt
2245 2683 2312 2735 5°.
2342 2678 2402 2733 In
2429 2678 2643 2748 psalmo
2684 2683 2866 2730 autem
2911 2673 3245 2744 octogesimo
3292 2683 3487 2730 octavo

1917 2779 2124 2833 dictum
2150 2785 2234 2832 est
2260 2795 2271 2828 :
2304 2794 2322 2826 ι
2352 2775 2473 2845 Ipse
2499 2772 2775 2827 invocabit
2797 2786 2905 2835 me,
2930 2769 3094 2823 Pater
3118 2782 3274 2822 meus
3300 2780 3360 2821 es
3384 2772 3446 2820 tu
3463 2803 3483 2832 ,

1914 2871 2061 2926 Deus
2091 2885 2273 2932 meus,
2304 2876 2358 2923 et
2392 2872 2676 2936 susceptor
2705 2864 2897 2919 salutis
2925 2877 3079 2918 meae.
3118 2860 3186 2914 Et
3238 2874 3338 2930 ego
3368 2857 3484 2928 pri-

1916 2961 2249 3032 mogenitum
2298 2972 2496 3029 ponam
2547 2956 2735 3019 illum,
2783 2954 3059 3008 excelsum
3107 2965 3218 3020 pra:
3262 2947 3486 3019 regibus

1915 3062 2120 3108 terrae:
2184 3051 2241 3105 in
2301 3056 2567 3104 aeternum
2629 3046 2859 3102 servabo
2917 3044 2995 3098 illi
3050 3039 3483 3098 misericordiam

1916 3155 2132 3204 meam,
2187 3145 2241 3194 et
2293 3144 2686 3202 testamentum.
2739 3150 2956 3197 meum,
3016 3131 3175 3187 ﬁdele
3225 3130 3375 3200 ipsi:
3431 3137 3488 3184 et

1919 3244 2119 3302 ponam
2154 3230 2208 3282 in
2241 3226 2503 3282 saeculum
2539 3224 2724 3280 saeculi
2771 3239 2957 3279 semen
3000 3222 3155 3291 ejus,
3201 3228 3257 3275 et
3302 3218 3486 3275 sedem

1914 3323 2040 3393 ejus
2075 3321 2221 3376 sicut
2265 3318 2383 3373 dies
2429 3316 2554 3372 coeli
2591 3316 2657 3369 ⁵¹.
2691 3335 2709 3366 ι
2738 3313 2805 3368 Ει
2837 3329 3030 3369 rursus
3061 3331 3074 3367 :
3108 3333 3126 3364 ε
3155 3309 3342 3366 Juravi
3383 3307 3490 3363 Da-

1918 3413 2011 3470 vid
2043 3427 2201 3468 servo
2239 3424 2402 3465 meo:
2429 3407 2614 3477 Usque
2651 3408 2706 3461 in
2746 3406 3003 3462 saeculum
3043 3402 3361 3474 praeparabo
3404 3415 3492 3455 se-

1921 3515 2043 3554 men
2073 3508 2226 3553 tuum
2250 3537 2265 3562 ,
2296 3504 2350 3552 et
2380 3495 2663 3551 aediﬁcabo
2698 3496 2754 3549 in
2786 3493 3193 3565 generationem
3223 3502 3278 3546 et
3324 3504 3488 3560 gene-

1922 3591 2189 3646 rationem
2251 3589 2436 3645 sedem
2493 3597 2645 3643 tuam
2680 3589 2749 3644 δ’.
2790 3608 2809 3640 ›
2843 3588 2910 3641 Ει
2950 3588 3159 3642 rursus
3195 3605 3208 3639 :
3249 3604 3269 3637 ι
3308 3582 3489 3639 Semel

1918 3686 2098 3756 juravi
2141 3683 2196 3738 in
2242 3690 2431 3739 sancto
2475 3698 2635 3748 meo,
2685 3682 2731 3737 si
2774 3680 2944 3735 David
2983 3680 3259 3745 mentiar;
3304 3690 3492 3754 semen

1921 3780 2042 3850 ejus
2072 3779 2127 3833 in
2154 3777 2418 3834 saeculum
2460 3783 2679 3839 manet,
2713 3783 2768 3828 et
2802 3772 2960 3828 sedes
2988 3772 3110 3841 ejus
3141 3770 3286 3825 sicut
3318 3765 3402 3823 sol
3432 3768 3492 3821 in

1923 3879 2221 3942 conspectu
2268 3883 2422 3933 meo,
2475 3877 2529 3922 et
2571 3866 2716 3922 sicut
2761 3865 2891 3919 luna
2934 3862 3173 3934 perfecta
3216 3865 3272 3917 in
3314 3877 3492 3918 saecu-

1924 3967 2035 4021 lum
2064 3964 2134 4017 ⁸³.
2172 3982 2190 4015 ›
2226 3961 2389 4031 27θ
2417 3959 2589 4015 Porro
2616 3973 2741 4014 cum
2768 3957 2954 4013 eadem
3002 3956 3116 4011 haec
3153 3955 3317 4012 etiam
3361 3970 3494 4011 cen-

1921 4056 2156 4113 tesimus
2188 4054 2506 4111 tricesimus
2540 4053 2751 4124 primus
2784 4051 3028 4121 psalmus
3058 4054 3490 4111 commemoret,

1922 4150 1994 4205 ad
2048 4149 2324 4205 Christum
2377 4145 2546 4202 refert
2593 4160 2657 4200 ea
2713 4159 2836 4214 quae
2885 4141 3075 4196 dictat.
3134 4140 3274 4195 Audi
3326 4140 3496 4211 igitur

1925 4242 2071 4297 hunc
2123 4255 2384 4312 quoque:
2422 4258 2441 4290 ι
2480 4237 2785 4303 Memento,
2845 4234 3109 4296 Domine,
3168 4231 3384 4298 David,
3440 4240 3496 4287 et

1924 4334 2105 4388 omnis
2136 4331 2575 4388 mansuetudinis
2625 4330 2743 4399 ejus
2785 4349 2797 4382 :
2859 4327 3000 4383 sicut
3052 4326 3259 4396 juravit
3310 4324 3497 4380 Domi-

1926 4442 2033 4491 no,
2070 4433 2256 4481 votum
2289 4425 2434 4480 vovit
2460 4422 2572 4477 Deo
2603 4422 2773 4476 Iacob
2805 4420 2873 4474 ⁸⁸.
2915 4438 2934 4471 ι
2974 4419 3185 4485 Quibus
3225 4424 3350 4487 post
3388 4416 3496 4470 alia

1929 4517 2188 4587 deinceps
2235 4516 2526 4586 adjungit:
2563 4532 2582 4566 ‹
2615 4511 2829 4568 Juravit
2875 4510 3138 4565 Dominus
3186 4505 3358 4561 David
3400 4521 3495 4560 ve-

1924 4609 2174 4675 ritatem,
2204 4615 2259 4663 et
2287 4622 2397 4662 non
2439 4604 2798 4660 frustrabitur
2838 4617 2983 4658 eum.
3016 4599 3094 4655 De
3134 4598 3316 4653 fructu
3361 4612 3493 4652 ven—

1924 4699 2027 4755 tris
2075 4699 2154 4753 tui
2197 4713 2394 4769 ponam
2441 4711 2608 4767 super
2659 4693 2843 4751 sedem
2902 4701 3051 4746 tuam
3099 4692 3167 4746 '5.
3201 4710 3220 4743 ι
3255 4688 3318 4743 Ει
3358 4702 3497 4758 pau—

1924 4792 2037 4846 lum
2069 4805 2395 4861 progressus
2438 4788 2732 4857 deinceps,
2777 4800 2904 4841 eum
2947 4784 3040 4854 qui
3087 4783 3159 4838 sit
3203 4782 3272 4837 de
3311 4781 3495 4836 fructu

1925 4882 2134 4938 ventris
2185 4879 2353 4934 David
2404 4877 2790 4941 suscitandus,
2840 4875 3063 4946 planius
3110 4871 3360 4928 nominat
3409 4871 3497 4926 di-

1927 4990 2058 5030 cens
2087 4994 2099 5028 :
2125 4992 2143 5023 ‹
2166 4974 2282 5029 Illic
2309 4972 2610 5043 producam
2646 4985 2819 5025 cornu
2854 4966 3020 5021 David
3041 5005 3057 5031 ,
3093 4964 3280 5036 paravi
3313 4964 3494 5018 lucer-

1926 5080 2053 5120 nam
2099 5064 2322 5120 Chrislo
2367 5079 2520 5127 meo,
2566 5061 2819 5116 inimicos
2858 5058 2979 5128 ejus
3020 5055 3243 5112 induam
3299 5053 3495 5109 confu-

1928 5159 2102 5213 sione.
2155 5156 2331 5226 Super
2384 5156 2562 5226 ipsum
2617 5160 2797 5208 autem
2838 5148 3104 5205 elliorehit
3135 5145 3497 5203 sanctiﬁcatio

1928 5264 2048 5303 mea
2077 5248 2143 5302 ⁵⁸.
2177 5268 2196 5299 ι
2222 5248 2412 5316 Itaque
2444 5246 2559 5300 haec
2585 5243 2845 5299 Salomon
2874 5239 3315 5312 sapientissimus
3334 5279 3348 5305 ,
3377 5252 3499 5308 quae

1925 5342 2068 5412 patri
2105 5356 2207 5397 suo
2234 5352 2501 5410 responsa
2535 5337 2782 5400 fuerant,
2815 5349 2941 5388 cum
2976 5332 3341 5388 intellexisset
3383 5344 3498 5385 non

236 5442 333 5495 τὸν
367 5442 503 5512 πρὸς
526 5439 620 5494 τοῦ
649 5438 782 5494 Θεοῦ
804 5441 1152 5511 Πρωτότοκον
1184 5438 1587 5511 ὠνομασμένον,
1613 5438 1706 5490 καὶ
1734 5435 1811 5489 τὸι

1928 5429 2005 5484 ita
2037 5445 2202 5500 parva
2232 5445 2386 5493 esse,
2423 5427 2519 5484 sed
2552 5425 2762 5495 majora
2793 5439 2955 5494 quam
2985 5431 3047 5478 ut
3076 5430 3287 5477 naturae
3319 5421 3505 5475 homi-

243 5530 435 5600 σαφῶς
463 5532 935 5602 προφητευόμενον
961 5531 1089 5584 Υἱὸν
1128 5529 1285 5593 Θεοῦ,
1318 5526 1661 5600 ὑπεργέγηθε
1705 5527 1811 5588 ταῖς

1932 5521 2021 5578 nis
2062 5522 2353 5577 convenire
2393 5526 2648 5591 possent.
2695 5516 2915 5587 Deoque
2958 5515 3141 5586 potius
3190 5527 3503 5572 accommo-

317 5709 364 5781 Ψ
389 5708 450 5762 111
476 5709 607 5778 Reg.
635 5726 755 5766 vm.
776 5710 867 5781 26,
892 5711 983 5765 27.
1055 5711 1100 5745 "
1133 5711 1177 5765 Il
1198 5709 1454 5781 Βερνιι,
1489 5707 1672 5781 ιεέιι.
1715 5702 2326 5781 _f°llfar_al.;x1_t,lQL
2386 5702 2429 5734 “
2470 5700 2615 5757 Psal.
2641 5714 2903 5764 Lxxxvm,
2935 5695 3132 5753 27-30.
3206 5695 3251 5727 "
3284 5691 3416 5749 ibid.
3443 5688 3502 5749 ι.

245 5779 295 5812 ⁸³
322 5780 455 5837 ibid.
490 5773 585 5847 56,
602 5782 691 5833 58.
767 5781 813 5813 ³³
847 5780 990 5838 Psal.
1043 5795 1225 5846 cxxxr,
1255 5773 1306 5844 Iv,
1330 5780 1384 5835 2.
1463 5780 1508 5812 ⁵⁵
1537 5777 1669 5833 ibid.
1709 5777 1797 5864 II.

1920 5776 1926 5806 ι
1958 5774 2090 5829 ibid.
2137 5774 2227 5840 I7,
2262 5773 2348 5827 18.
