3846 6218
353 317 468 389 est

1015 325 1283 384 EUSEBII
1311 314 1788 382 CESARIENSIS
1824 316 1976 378 OPP.
2015 316 2198 374 PARS
2234 316 2300 373 Il.
2336 347 2404 356 —
2445 311 2953 370 APOLOGETICA.

3521 311 3632 365 432

371 448 548 506 danda
579 463 741 518 quam
772 446 913 513 sibi,
947 460 1070 500 cum
1103 452 1250 499 esset
1300 458 1516 513 quoque
1567 442 1709 497 ﬁlius
1761 437 1929 493 David

2064 435 2435 505 ἐπαγγελίαις,
2496 433 2591 487 καὶ
2653 435 2968 503 συνεύχεται
3007 429 3358 500 ιπιστωθῆναι
3413 429 3480 484 τὰ
3532 431 3638 501 τῆς

367 543 704 611 vidissetque
756 554 916 604 eum,
972 538 1066 609 qui
1117 551 1146 590 a
1184 537 1296 592 Deo
1334 534 1736 606 Primogenitus
1783 532 1965 588 nomi-

369 642 612 697 naretur,
644 631 841 700 quippe
874 629 1032 699 plane
1061 628 1204 682 ﬁlius
1257 626 1350 681 Dei
1401 625 1674 680 diceretur
1704 623 1955 678 futurus,

369 723 526 778 valde
583 721 782 776 talibus
831 719 1118 788 promissis
1185 717 1405 788 gavisus
1457 724 1541 771 cst
1597 735 1611 770 :
1669 722 1725 770 et
1776 715 1943 769 simul

369 815 648 885 excptavit
689 811 1002 866 conﬁrmari
1049 825 1144 875 ea,
1192 824 1315 878 quae
1347 808 1417 862 ad
1459 807 1563 862 hoc
1617 807 1938 862 vaticinium

372 909 743 978 pertinerent,
797 919 1013 957 necnon
1069 910 1359 957 venturum
1393 901 1544 954 illum
1577 899 1644 955 de
1673 914 1780 969 quo
1815 914 1942 968 pro-

373 999 556 1066 phetia
611 996 946 1064 loqueretur,
1000 991 1434 1062 Primogenitum
1492 1003 1556 1042 ac
1611 987 1705 1042 Dei
1739 987 1938 1042 Filium

373 1091 591 1146 interim
644 1090 797 1143 illum
851 1086 1149 1156 appellans.
1191 1082 1461 1149 Quocirca
1512 1081 1592 1137 sic
1638 1081 1763 1136 ait:
1821 1099 1839 1132 ι
1876 1079 1942 1133 Et

2057 529 2452 601 προρρήσεως,
2499 526 2853 597 ἐπιδημήσειν
2897 542 2956 577 τε
2999 525 3092 578 τὸν
3158 523 3638 596 προφητευόμενον

2059 619 2406 690 Πρωτότοκον
2433 618 2528 670 καὶ
2567 617 2702 668 Θεοῦ
2750 617 2875 669 Υίὸν
2914 615 3278 685 ἀναγορεύων.
3319 614 3407 665 Διό
3454 629 3594 684 φησι
3618 629 3634 643 ·

2055 730 2073 762 ι
2106 712 2214 764 Kal
2244 709 2358 772 νῦν,
2396 711 2424 762 6
2458 709 2591 772 Θεὸς
2629 708 2864 780 Ἰσραὴλ,
2899 707 3223 776 πιστωθήτω
3266 706 3329 777 δὴ
3372 705 3433 759 τὸ
3476 704 3641 776 ῥῆμά

2050 819 2163 868 σου,
2197 801 2226 854 ὃ
2257 800 2524 870 ὲλάλησας
2561 799 2640 870 τῷ
2683 799 2830 852 παιδί
2866 816 2956 852 σου
2989 798 3157 851 Δαϐὶδ
3188 797 3264 868 τῷ
3293 797 3455 868 πατρί
3484 814 3595 865 μου
3617 811 3634 827 °

2043 894 2126 946 ὅτι
2164 896 2211 946 εί
2240 892 2455 962 ἀληθῶς
2485 893 2803 963 κατοικήσει
2847 891 2980 953 Θεὸς
3013 889 3150 961 μετὰ
3190 887 3489 960 ἀνθρώπων
3538 889 3642 940 ἐπὶ

2044 987 2142 1057 τῆς
2167 987 2289 1056 γῆς,
2321 988 2368 1038 εἰ
2394 988 2421 1038 6
2445 986 2670 1056 οὐρανὸς
2697 985 2790 1038 καὶ
2817 986 2845 1037 6
2876 982 3104 1055 οὐρανὸς
3138 981 3232 1035 τοῦ
3259 979 3486 1052 ούρανοῦ
3526 981 3641 1032 οὐκ

2047 1079 2340 1149 ἀρκέσουσί
2373 1095 2474 1130 σοι.
2510 1096 2527 1128 ι

371 1197 550 1246 nunc,
599 1179 827 1235 Domine
875 1178 1016 1233 Deus
1077 1177 1278 1243 Israel,
1327 1175 1682 1230 conﬁrmetur
1713 1174 1934 1228 verbum
1970 1179 2158 1232 tuum,
2191 1170 2333 1240 quod
2367 1170 2578 1224 locutus
2627 1183 2687 1224 es
2736 1183 2906 1239 puero
2952 1176 3047 1222 tuo
3075 1165 3244 1222 David
3301 1167 3439 1238 patri
3467 1181 3635 1220 meo:

375 1277 633 1347 quoniam
661 1274 707 1329 si
737 1289 862 1331 vere
891 1271 1311 1328 babitabitDeus
1350 1286 1474 1326 cum
1514 1270 1829 1326 hominibus
1859 1283 2021 1339 super
2049 1274 2250 1322 terram
2271 1306 2286 1330 ,
2319 1267 2366 1322 si
2397 1266 2596 1319 cmlum
2627 1274 2681 1319 et.
2714 1265 2913 1321 coelum
2952 1263 3078 1318 caeli
3114 1279 3222 1319 non
3256 1263 3468 1333 capient
3496 1271 3574 1318 te.
3611 1280 3633 1312 ι

951 1365 1180 1423 CAPUT
1219 1365 1360 1423 XIII.

369 1457 415 1514 Α
448 1457 694 1512 Michaza.
716 1487 784 1496 —
810 1457 882 1511 De
913 1457 1165 1511 descensu
1199 1460 1263 1512 de
1293 1457 1417 1511 caelo
1459 1456 1528 1510 ad
1567 1456 1801 1510 homines
1823 1495 1836 1519 ,
1870 1471 1933 1508 ac

441 1529 504 1583 de
549 1529 731 1596 futura
784 1530 836 1581 in
885 1528 1109 1581 adventu
1159 1530 1272 1597 ejus
1312 1527 1552 1581 Iudaica:
1596 1528 1763 1596 gentis
1804 1527 1938 1594 reje-

442 1611 640 1664 ctwne,
672 1609 720 1652 et
744 1599 1064 1666 νείὶίίιιαωηι
1095 1602 1327 1652 omnium
1357 1599 1588 1668 gentium
1635 1599 1932 1666 adoptione.

448 1836 465 1868 ι
495 1817 714 1883 Audite,
745 1819 928 1888 populi
993 1834 1220 1884 omnes,
1266 1830 1320 1876 et
1361 1823 1603 1877 attendat
1650 1831 1832 1888 terra,
1883 1833 1938 1880 et

371 1925 563 1966 omnes
595 1910 690 1980 qui
721 1911 773 1963 in
806 1925 869 1964 ea
904 1921 1046 1965 sunt.
1089 1911 1154 1964 Et
1186 1913 1291 1967 erit
1343 1913 1606 1971 Dominus
1646 1914 1789 1972 Deus
1839 1932 1936 1972 vc-

371 2011 486 2059 stcr
516 2003 570 2056 in
589 2003 984 2066 testimonium,
1016 2002 1278 2060 Dominus
1304 2005 1370 2061 de
1396 2005 1556 2062 domo
1586 2017 1774 2063 sancta
1803 2025 1934 2064 sua:

370 2094 528 2164 271
565 2093 822 2163 quoniam
853 2109 978 2148 ecce
1006 2093 1266 2150 Dominus
1285 2099 1640 2168 egreditnrex
1665 2101 1785 2154 loco
1815 2117 1936 2166 suo,

369 2193 423 2240 et
457 2185 752 2240 descendet
781 2201 946 2256 super
975 2187 1291 2244 altitudines
1320 2199 1500 2255 terrae,
1533 2198 1586 2245 et
1625 2207 1938 2248 commove-

367 2280 571 2334 buntur
600 2288 812 2335 montes
863 2281 1052 2335 subter
1097 2297 1160 2335 eo
1188 2321 1202 2346 ,
1244 2291 1296 2336 et
1334 2283 1501 2339 valles
1551 2284 1853 2353 liquescent
1880 2292 1940 2339 ut

368 2387 493 2427 cera
521 2387 552 2424 a
586 2373 725 2427 tacie
749 2373 910 2442 ignis,
933 2381 987 2427 et
1007 2374 1148 2428 sicut
1175 2390 1310 2445 aqua
1337 2393 1456 2446 quae
1499 2377 1740 2432 defertur
1763 2379 1816 2432 in
1841 2382 1939 2434 de-

367 2477 656 2518 scensum:
684 2472 905 2534 pmpter
942 2463 1268 2534 impietatem
1315 2464 1484 2521 Jacob
1527 2469 1710 2523 omnia
1780 2471 1897 2526 haec
1921 2507 1936 2530 .

364 2559 420 2607 et
454 2561 677 2621 propter
711 2560 992 2622 peccatum
1023 2552 1218 2609 domus
1237 2553 1483 2611 Israel".
1507 2576 1523 2609 ι
1545 2557 1701 2614 Nunc
1724 2574 1941 2629 quoque

367 2652 552 2714 aperte
587 2643 849 2700 Dominus
885 2645 1028 2701 Deus
1087 2647 1155 2702 de
1208 2649 1348 2702 cmlo
1372 2649 1732 2715 descendens,
1763 2651 1940 2722 deque

365 2737 486 2792 loco
509 2753 609 2792 suo
636 2738 941 2810 egrediens,
963 2739 1014 2794 in
1044 2739 1110 2794 iis
1128 2755 1247 2808 quae
1275 2742 1551 2810 proposita
1576 2749 1702 2797 sunt
1725 2744 1942 2796 nuntia-

368 2836 495 2882 tur:
529 2830 634 2883 erit
671 2835 849 2884 autem
881 2828 985 2883 hoc
1012 2828 1103 2883 Det
1134 2830 1392 2897 Verbum,
1426 2831 1572 2901 quod
1605 2833 1660 2886 in
1699 2833 1786 2896 iis,
1821 2848 1944 2904 quae

365 2922 515 2990 prius
543 2921 688 2976 dicta
718 2928 867 2985 sunt,
890 2937 1014 2976 cum
1041 2923 1278 2994 genitum
1311 2924 1400 2985 sit,
1431 2939 1556 2979 eum
1606 2940 1730 2980 esse
1772 2924 1942 2980 Deum

362 3027 427 3066 ac
476 3012 763 3068 Dominum
789 3053 804 3078 ,
835 3020 889 3070 et
915 3016 1095 3068 omnia
1139 3016 1241 3070 sub
1273 3031 1332 3070 se
1375 3016 1660 3072 habentem
1715 3016 1942 3073 demon-

2557 1360 2952 1412 ΚΕΦΑΛΛΙΟΝ
2991 1360 3089 1412 ῙΓ’.

2047 1453 2192 1509 Ἀπὸ
2239 1452 2344 1506 τοῦ
2398 1452 2638 1521 Μιχαία.
2670 1481 2740 1490 --
2768 1451 2912 1521 Περὶ,
2964 1450 3072 1516 τῆς
3120 1450 3190 1521 ἐξ
3233 1450 3501 1521 adparari)?
3540 1453 3640 1518 εις

2105 1523 2456 1591 ἀνθρώπους
2480 1519 2798 1591 καθόδου,
2822 1520 2921 1573 καὶ
2945 1522 3076 1587 περὶ
3106 1520 3215 1587 τῆς
3240 1522 3337 1574 ἐπὶ
3377 1519 3484 1587 τῆς
3514 1536 3641 1572 πα-

2099 1590 2354 1662 ρουσίας
2375 1593 2558 1646 αὐτοῦ
2592 1590 2914 1660 γενομένης
2983 1591 3283 1662 ἀποϐολῆς
3343 1591 3460 1662 μὲν
3516 1591 3641 1643 τοῦ

2119 1663 2412 1717 Ἰουδαίων
2469 1662 2683 1725 ἔθνους
2709 1700 2722 1722 ,
2769 1660 3162 1727 εἰσποιήσεως
3221 1661 3289 1714 δὲ
3327 1661 3444 1714 τῶι·
3497 1665 3639 1714 λοι-

2109 1732 2236 1786 πῶν
2272 1731 2550 1785 ἁπάντων
2575 1731 2782 1784 ἐθνῶν.

2117 1847 2135 1878 ι
2159 1825 2472 1891 Ἀκούσατε,
2495 1825 2614 1878 λαοὶ
2642 1824 2862 1888 πάντες,
2896 1825 2990 1878 καὶ
3013 1823 3327 1896 προσεχέτω
3353 1825 3386 1894 ἡ
3412 1824 3505 1893 γῆ,
3530 1825 3637 1876 καὶ

2041 1919 2240 1980 πάντες
2289 1919 2336 1970 οί
2382 1917 2439 1969 ὲν
2485 1917 2642 1987 αὐτῇ.
2675 1917 2784 1970 Kal
2833 1915 2985 1968 ἔσται
3010 1915 3213 1985 Κύριος
3245 1917 3273 1969 6
3298 1916 3427 1979 Θεὸς
3464 1915 3637 1986 ἡμῶν

2040 2014 2119 2076 εἰς
2156 2010 2473 2083 μαρτύριον,
2509 2009 2711 2080 Κύριος
2764 2008 2823 2073 ἐξ
2869 2010 3018 2062 οῐκου
3063 2009 3213 2077 ἁγίου
3249 2008 3434 2062 αὑτοῦ.
3474 2008 3637 2062 Διότι

2041 2103 2150 2157 ἰδοὺ
2196 2101 2398 2173 Κύριος
2435 2100 2788 2172 ἐκπορεύεται
2835 2101 2899 2153 ὲκ
2939 2100 3032 2152 τοῦ
3073 2101 3234 2153 τόπου
3283 2099 3475 2164 αὐτοῦ,
3522 2101 3636 2154 καὶ

2039 2191 2406 2262 καταϐήσεται
2435 2191 2527 2244 ἐπὶ
2566 2193 2635 2244 τὰ
2677 2190 2787 2261 ὕψη
2812 2190 2910 2260 τῆς
2944 2191 3069 2261 γῆς,
3102 2191 3196 2243 καὶ
3229 2190 3632 2260 σαλευθήσεται

2039 2281 2109 2334 τά
2135 2281 2236 2353 ὅρη
2268 2279 2614 2335 ὑποκάτωθεν
2641 2280 2826 2345 αὐτοῦ,
2863 2281 2958 2334 καλ⁵
2990 2281 3046 2333 αἱ
3078 2279 3321 2344 κοιλάδες
3350 2285 3631 2352 τακήσον-

2040 2389 2129 2424 ται
2150 2372 2226 2436 ὡς
2259 2372 2426 2443 κηρὸς
2459 2371 2565 2425 ἀπὸ
2590 2370 2880 2442 προσώπου
2906 2372 3096 2444 πυρὸς,
3129 2373 3223 2426 καὶ¹
3246 2373 3320 2436 ὡς
3350 2372 3495 2441 ὕδωρ
3517 2391 3634 2426 κα-

2039 2465 2406 2538 ταφερόμενον
2465 2467 2522 2518 ὲν
2584 2463 2882 2518 καταϐάσει
2909 2481 2922 2493 ο
2983 2464 3049 2516 δι’
3109 2464 3362 2518 ἀσέϐειαν
3423 2463 3632 2518 Ἰακὼϐ

2042 2559 2218 2612 πάντα
2243 2557 2434 2621 ταῦτα,
2459 2557 2553 2609 καὶ
2601 2557 2666 2609 δι’
2696 2557 2970 2628 ἁμαρτίαν
3001 2555 3150 2609 οἴκου
3193 2556 3426 2628 Ἰσραήλ.
3465 2576 3482 2607 ι
3509 2559 3634 2611 Καὶ

2042 2649 2136 2703 νῦν
2169 2648 2493 2713 ἀκαλύπτως
2535 2649 2594 2715 ἐξ
2647 2649 2877 2720 ούρανοῦ
2924 2646 3126 2701 κατιὼν
3163 2647 3370 2719 Κύριος
3401 2651 3430 2701 6
3463 2647 3632 2716 Θεὸς,

2042 2741 2472 2812 ὲκπορευόμενός
2496 2757 2556 2792 τε
2596 2742 2660 2793 ἐκ
2683 2739 2776 2792 τοῦ
2809 2739 2975 2793 τόπου
3007 2737 3192 2799 αὑτοῦ,
3224 2739 3312 2795 διά
3347 2738 3453 2790 τῶν
3487 2756 3638 2808 προ-

2044 2835 2312 2906 κειμένων
2341 2833 2666 2904 κηρύττεται
2689 2849 2700 2861 ·
2745 2829 2830 2902 εἴη
2860 2831 2903 2884 δ’
2954 2831 3019 2884 ἂν
3055 2832 3084 2882 ὁ
3116 2830 3209 2884 τοῦ
3252 2829 3388 2883 Θεοῦ
3422 2831 3631 2898 Λόγος,

2043 2927 2100 2980 ὃν
2140 2927 2298 2998 μόνον
2332 2926 2420 2980 διὰ
2449 2924 2554 2978 τῶν
2581 2921 2889 2995 ἔμπροσθεν
2911 2923 3165 2992 γεννητὸν
3199 2923 3466 2993 ὑπάρχειν
3485 2921 3632 2976 Θεὸν

2045 3019 2140 3073 καὶ
2167 3017 2370 3090 Κύριον
2403 3015 2540 3088 μετὰ
2572 3016 2660 3068 τὸν
2695 3013 2955 3068 ἀνωτάτω
2983 3014 3077 3068 καὶ
3136 3012 3232 3066 ἐπὶ
3271 3013 3488 3068 πάντων
3523 3016 3633 3065 ἐπ-

361 3106 676 3160 stravimus.
722 3103 928 3161 Locum
957 3117 1135 3161 autem
1172 3107 1292 3176 ejus
1325 3123 1434 3162 non
1478 3107 1720 3170 aberres.
1747 3108 1793 3164 si
1821 3124 1936 3164 cte-

2048 3110 2336 3181 εδείξαμεν.
2374 3109 2548 3163 Τόπον
2563 3107 2609 3160 δ’
2635 3106 2798 3160 αὑτοῦ
2821 3107 2921 3160 οὐκ
2950 3106 3014 3160 ἂν
3045 3107 3309 3178 ἁμάρτοις
3334 3105 3509 3173 λέγων
3541 3101 3634 3158 εἴη

361 3197 498 3253 teste
527 3212 755 3266 regnum
809 3213 932 3253 esse
979 3197 1132 3253 dicas
1156 3239 1171 3262 ,
1202 3199 1602 3270 gloriosamque
1629 3201 1931 3259 divinitatis

359 3290 482 3358 ejus
515 3289 719 3353 sedem,
752 3303 917 3358 quam
975 3289 1278 3360 theologice
1338 3293 1609 3348 extollens
1664 3292 1935 3364 Propheta

363 3377 626 3448 psallebat
653 3415 669 3440 ,
731 3391 793 3431 ac
845 3377 1098 3432 dicebat:
1127 3395 1145 3427 ι
1184 3376 1353 3434 Sedes
1399 3387 1514 3442 tua,
1548 3377 1710 3443 Deus,
1752 3381 1807 3434 in
1840 3396 1940 3435 sa:-

361 3471 544 3526 culum
591 3469 772 3524 saeculi
807 3469 894 3523 ἐς
941 3488 961 3520 ›
1000 3484 1166 3538 super
1196 3484 1302 3539 qua
1337 3471 1513 3541 ipsum
1573 3473 1762 3528 sedere
1812 3482 1938 3528 tan-

361 3577 524 3633 quam
561 3562 780 3616 unicum
810 3561 1006 3616 Filium
1034 3561 1201 3632 jussit
1225 3561 1386 3618 Pater
1413 3564 1519 3618 illis
1549 3566 1727 3622 verbis
1757 3584 1770 3619 :
1803 3584 1820 3617 ι
1849 3565 1939 3621 Se-

364 3655 431 3710 de
460 3671 489 3709 a
513 3655 716 3710 dextris
749 3655 886 3710 meis
917 3655 982 3708 5°.
1029 3674 1049 3707 ›
1083 3653 1217 3707 Nam
1247 3653 1362 3709 haec
1391 3656 1550 3725 plane
1592 3655 1706 3725 jant
1757 3665 1934 3723 antea,

363 3748 430 3804 ad
473 3764 639 3804 unum
678 3746 1012 3802 Salvatorem
1069 3754 1316 3802 nostrum
1376 3746 1545 3802 Deum
1584 3747 1818 3802 Verbum
1851 3765 1939 3806 re-

362 3839 585 3896 ferenda
624 3854 746 3895 esse
799 3839 1021 3909 planum
1077 3839 1324 3893 fecimus.
1359 3837 1515 3893 Hunc
1545 3839 1708 3910 igitur
1757 3841 1935 3911 ipsum

365 3945 606 4002 praesens
637 3930 918 3984 oraculum
983 3931 1132 3983 canit
1162 3929 1524 4000 egredientem
1555 3931 1624 3986 de
1665 3932 1784 3987 loco
1813 3949 1935 3998 suo,

364 4026 754 4079 descensurum
774 4038 879 4093 que
897 4037 1060 4092 super
1076 4021 1392 4078 altitudines
1423 4031 1598 4078 terrm.
1649 4023 1819 4079 Porro
1843 4041 1940 4080 au-

365 4127 471 4173 tem
491 4132 737 4188 quaenam
753 4118 834 4171 hae
855 4115 986 4179 sint,
1011 4116 1140 4180 nisi,
1157 4115 1211 4170 id
1235 4116 1378 4186 quod
1404 4117 1520 4186 ipsa
1533 4117 1695 4172 verba
1717 4127 1935 4184 sonant,

364 4217 578 4264 montes
605 4207 771 4264 Israel
799 4218 853 4262 et
890 4207 1092 4272 colles,
1147 4206 1215 4261 de
1256 4207 1456 4277 quibus
1511 4209 1938 4266 innumerabiles

364 4301 660 4371 prophetiae
690 4291 1093 4354 vaticinantur?
1120 4297 1347 4369 ipsaque
1368 4297 1690 4365 Jerusalem,
1717 4308 1771 4358 et
1811 4317 1937 4357 cum

362 4409 426 4449 ea
451 4408 605 4447 mons
631 4391 763 4447 Sion
785 4430 800 4455 ,
825 4390 881 4444 in
907 4405 1016 4461 quo
1043 4389 1336 4459 plurimum
1369 4390 1676 4448 diversatus
1704 4400 1787 4449 est
1821 4393 1939 4448 Sal-

359 4491 520 4541 vator
549 4498 613 4538 ac
632 4482 894 4538 Dominus
930 4481 1148 4536 noster?
1172 4479 1306 4534 Nam
1325 4480 1440 4538 fore
1471 4483 1660 4537 talium
1693 4484 1938 4540 altitudi-

2047 3221 2133 3257 ναι
2167 3202 2263 3274 τὴν
2289 3205 2346 3256 ὲν
2369 3203 2616 3272 οὐρανοῖς
2641 3199 2935 3270 βασιλείαν,
2961 3198 3051 3250 τόν
3075 3215 3134 3250 τε
3153 3195 3359 3261 ἔνδοξον
3382 3196 3484 3265 τῆς
3515 3196 3634 3250 θεό-

2039 3313 2201 3367 τητος
2236 3293 2400 3349 αὑτοῦ
2445 3292 2656 3364 θρόνον,
2683 3292 2740 3345 ὃν
2775 3289 3040 3359 θεολογῶν
3072 3291 3100 3342 6
3134 3290 3427 3360 Προφήτης
3459 3289 3634 3358 ἔψαλ-

2040 3389 2150 3454 λεν,
2185 3407 2202 3440 ‹
2245 3388 2304 3440 Ὀ
2354 3386 2541 3458 θρόνος
2583 3402 2698 3448 σου,
2744 3404 2763 3436 ι
2801 3384 3046 3452 φάσκων,
3087 3400 3106 3432 ι
3151 3383 3178 3433 6
3212 3381 3364 3446 Θεὸς,
3401 3383 3486 3445 είς
3535 3381 3633 3433 τὸν

2039 3477 2209 3532 αἰῶνα
2228 3475 2320 3529 τοῦ
2345 3475 2602 3538 αἰῶνοςο»
2625 3474 2710 3542 ἐφ’
2739 3472 2796 3525 ὃν
2827 3470 2972 3541 αὐτῷ
3002 3473 3030 3524 6
3062 3469 3270 3542 Πατὴρ,
3319 3470 3473 3522 ὡσάν
3509 3469 3633 3539 Υἰῷ

2041 3572 2336 3638 μονογενεῖ,
2391 3565 2712 3630 καθέζεσθαι
2739 3562 3176 3636 παρεκελεύσατο
3210 3560 3400 3614 εἰπών’
3447 3579 3469 3612 ι
3502 3562 3630 3615 Κά-

2039 3657 2131 3711 θου
2169 3660 2232 3711 ὲκ
2263 3657 2451 3724 δεξιῶν
2485 3674 2606 3727 μου.
2648 3676 2665 3707 ι
2704 3655 2887 3710 Ταῦτα
2919 3654 3027 3726 γὰρ
3074 3652 3260 3720 σαφῶς
3292 3652 3394 3723 ήδη
3426 3653 3636 3723 πρότε-

2040 3767 2132 3822 ρον
2156 3750 2248 3804 ἐπὶ
2273 3750 2430 3821 μόνον
2462 3748 2828 3820 ἀναφέρεσθαι
2851 3748 2940 3802 τὸν
2970 3747 3236 3818 ἡμέτερον
3270 3744 3508 3814 Σωτῆρα
3534 3744 3633 3797 τὸν

2038 3841 2169 3894 Θεὸν
2207 3841 2378 3908 Λόγον
2418 3841 2860 3913 παρεστήσαμεν.
2906 3839 3075 3890 Αὑτὸν
3120 3837 3184 3908 δὴ
3221 3832 3315 3890 οὖν
3358 3836 3554 3890 τοῦτον
3600 3839 3632 3890 6

2040 3931 2226 4004 παρὼν
2269 3931 2513 3996 θεσπίζει
2559 3933 2716 4001 λόγος
2763 3929 3153 4002 ἐκπορεύεσθαι
3197 3930 3261 3981 ἐκ
3309 3928 3404 3980 τοῦ
3449 3929 3629 3982 τόπου

2037 4024 2226 4089 αὐτοῦ,
2251 4024 2657 4096 καταϐήσεσθαί
2696 4041 2755 4078 τε
2803 4025 2896 4076 ἐπὶ
2924 4025 2994 4075 τὰ
3023 4021 3133 4092 ὕψη
3174 4021 3270 4091 τῆς
3311 4021 3435 4091 γῆς.
3483 4021 3633 4075 Ποῖα

2036 4115 2081 4168 δ’
2119 4115 2185 4168 ἂν
2218 4115 2306 4183 εἴη
2345 4115 2518 4169 ταῦτα
2543 4156 2555 4180 ,
2601 4115 2634 4184 ἢ
2681 4113 2858 4185 ῥητῶς
2889 4113 2988 4185 μὲν
3026 4113 3094 4167 τὰ
3123 4113 3222 4184 ὅρη
3269 4112 3363 4164 τοῦ
3407 4113 3634 4184 Ἰσραὴλ

2038 4207 2132 4261 κα).
2163 4209 2211 4260 οἱ
2246 4206 2442 4278 βουνοὶ,
2488 4207 2615 4278 περὶ
2643 4203 2717 4260 ὧν
2753 4207 2942 4278 μυρίαι
2978 4207 3302 4278 προφητεῖαι
3329 4203 3632 4268 θεσπίζου-

2042 4331 2146 4378 σιν,
2181 4314 2317 4385 αὐτή
2343 4331 2401 4368 τε
2431 4313 2787 4384 Ἰερουσαλὴμ
2811 4312 2904 4364 καὶ
2934 4311 2994 4364 τὸ
3017 4309 3155 4362 Σιὼν
3183 4311 3329 4382 ὅρος,
3353 4311 3413 4362 ὲν
3522 4309 3632 4373 τὰς

2040 4406 2298 4469 πλείστας
2343 4407 2576 4458 ἐποιεῖτο
2619 4402 2902 4475 διατριϐὰς
2945 4405 2974 4456 6
3021 4401 3214 4473 Σωτὴρ
3259 4402 3355 4454 καὶ
3414 4401 3632 4473 Κύριος

2043 4500 2240 4571 mtto»);
2275 4498 2491 4552 Τούτων
2519 4497 2577 4550 δὲ
2622 4495 2920 4568 διαφθορὰν
2954 4495 3168 4548 ἔσεσθαι
3202 4495 3296 4547 καὶ
3339 4493 3630 4547 ἀπώλειαν

364 4591 493 4629 num
538 4574 896 4644 perditionem
943 4581 1108 4644 atquc
1147 4571 1462 4639 interitum,
1514 4575 1661 4628 canit
1709 4574 1765 4628 in
1816 4575 1936 4646 ipso

2048 4593 2130 4648 ἐπὶ
2161 4596 2227 4665 τῇ
2259 4592 2349 4646 τοῦ
2379 4591 2614 4664 Χριστοῦ
2649 4591 2858 4662 καθόδῳ
2892 4590 3152 4654 θεσπίζει.
3183 4588 3295 4640 Kal
3329 4588 3628 4659 πρόετλον,

361 4667 567 4723 Christi
601 4667 869 4721 descensu
901 4684 914 4720 :
951 4673 1006 4720 et
1038 4679 1169 4720 sane
1197 4672 1434 4728 constat,
1466 4674 1590 4734 post
1635 4663 1935 4724 Salvatoris

366 4759 541 4816 nostri
572 4759 864 4814 adventum
898 4767 1127 4828 postque
1185 4771 1249 4811 ea
1296 4772 1418 4827 quae
1467 4758 1729 4814 adversus
1783 4760 1934 4814 illum

366 4858 495 4906 sunt
526 4852 666 4916 ausi,
689 4850 944 4905 universa
991 4850 1102 4914 illa,
1140 4863 1262 4919 quae
1283 4864 1458 4919 nuper
1478 4850 1622 4904 dicta
1655 4859 1804 4914 sunt,
1836 4851 1935 4906 de-

361 4943 619 5014 populata
653 4941 844 5007 fuisse,
885 4951 937 4997 et
963 4941 1030 4996 ad
1051 4947 1349 4995 extremam
1399 4941 1747 4997 solitudinem
1779 4943 1938 4998 reda-

359 5043 448 5090 cta
477 5051 599 5092 esse
627 5052 640 5089 :
673 5042 1048 5090 verumtamen
1075 5031 1316 5087 Iudaicae
1341 5048 1556 5104 quoque
1588 5036 1763 5106 gentis
1786 5037 1940 5108 prin-

357 5129 529 5200 cipes,
548 5137 602 5184 et
628 5130 770 5199 quod
798 5133 947 5198 prius
972 5143 1138 5199 penes
1166 5127 1314 5196 ipsos
1345 5140 1570 5196 regnum
1591 5130 1788 5194 Stabat,
1805 5145 1934 5186 nec-

359 5234 470 5275 non
518 5220 908 5284 sacerdotium,
937 5228 992 5274 et
1027 5221 1200 5289 prima
1244 5219 1556 5274 docentium
1588 5219 1776 5285 sedes,
1837 5222 1931 5290 qui

359 5327 505 5367 nunc
547 5321 762 5368 montes
813 5314 1041 5383 ﬁgurate
1097 5314 1484 5379 nominantur,
1538 5313 1928 5370 commovenda

357 5421 481 5460 esse
510 5405 617 5460 dici
650 5415 877 5478 possunt
911 5407 964 5460 in
996 5407 1117 5476 ipso
1147 5406 1360 5462 Domini
1389 5409 1456 5463 de
1486 5409 1626 5462 caelo
1655 5407 1924 5462 adventu:

356 5504 410 5551 et
437 5497 540 5552 hoc
565 5499 739 5568 ipsum
769 5498 989 5568 quidem
1020 5498 1180 5552 ﬁnem
1215 5515 1374 5553 suum
1430 5500 1756 5570 contigisse,
1805 5498 1930 5568 quis

357 5602 466 5641 non
498 5589 714 5643 tandem
744 5588 1008 5654 fateatur,
1050 5599 1175 5660 post
1229 5590 1530 5645 Salvatoris
1567 5588 1740 5644 nostri
1799 5586 1930 5641 Jesu

354 5678 560 5734 Christi
591 5688 855 5750 tempora,
887 5697 1010 5736 cum
1039 5684 1220 5736 omnia
1252 5684 1341 5736 illa
1373 5683 1554 5737 videre
1587 5682 1777 5748 possit,
1814 5697 1926 5734 non

427 5795 470 5827 ³⁷
500 5793 660 5851 Mieh.
697 5812 737 5861 ι,
776 5794 891 5852 2-5.
967 5798 1013 5830 ⁸⁸
1037 5797 1184 5854 Psal.
1215 5813 1359 5864 xuv,
1392 5797 1446 5850 7.
1523 5796 1569 5830 ⁵⁸
1607 5797 1753 5852 Psal.
1780 5811 1892 5862 cur,
1929 5797 1978 5852 l.

2034 4685 2108 4748 ὠς
2142 4683 2277 4754 μετά
2305 4683 2402 4754 τὴν
2445 4682 2539 4736 τοῦ
2579 4683 2830 4753 Σωτῆρος
2857 4680 3012 4752 ἡμῶν
3057 4677 3380 4752 παρουσίαν,
3431 4679 3524 4729 καὶ
3554 4676 3630 4730 τὰ

2037 4779 2156 4841 κατ’
2189 4776 2351 4831 αὑτοῦ
2381 4774 2780 4845 τετολμημένα,
2811 4773 2878 4826 τά
2914 4770 3284 4843 προειρημένα
3314 4769 3494 4821 πάντα
3520 4785 3628 4820 πε·-

2038 4869 2410 4940 πολιόρκηται,
2450 4869 2545 4922 καὶ
2578 4869 2656 4930 εἰς
2693 4866 2927 4937 ἐσχάτην
2955 4864 3192 4936 ἐρημίαν
3231 4860 3510 4933 ἐλήλυθεν.
3545 4863 3625 4914 Οὐ

2041 4961 2146 5034 μὴν
2177 4961 2312 5015 ἀλλὰ
2342 4961 2436 5014 καὶ
2462 4962 2512 5014 οἱ
2533 4961 2789 5030 ἄρχοντες
2813 4957 2906 5011 τοῦ
2949 4956 3214 5010 Ἰουδαίων
3248 4955 3456 5018 ἔθνους,
3490 4955 3524 5024 ἦ
3563 4971 3626 5008 τε

2040 5055 2170 5125 παρ’
2199 5055 2381 5117 αὐτοῖς
2429 5054 2488 5106 τὸ
2537 5054 2666 5124 πρὶν
2700 5051 3008 5105 συνεστῶσα
3037 5046 3302 5120 βασιλεία,
3342 5045 3623 5116 ἱερωσύνη

2033 5170 2094 5205 τε
2121 5153 2217 5205 καὶ
2239 5151 2570 5206 διδασκάλων
2603 5153 2911 5224 προεδρεία,
2944 5152 3045 5223 ὅρη
3075 5149 3170 5203 νῦν
3198 5149 3476 5220 τροπικῶς
3497 5150 3622 5201 ὀνο-

2035 5255 2338 5330 μαζόμενα,
2385 5258 2811 5330 σαλευθήσεσθαι
2839 5258 3087 5324 λέγονται
3131 5256 3225 5308 ἐπὶ
3262 5258 3330 5326 τῇ
3367 5255 3460 5308 τοῦ
3503 5255 3624 5308 Κυ-

2033 5363 2147 5435 ρίου
2182 5363 2241 5430 te
2262 5365 2504 5438 οὐρανῶν
2529 5365 2816 5438 παρουσίᾳ.
2841 5365 2951 5418 Kal
2978 5364 3135 5416 τοῦτο
3163 5363 3222 5415 δὲ
3248 5364 3398 5424 ὅπως
3424 5360 3621 5423 τέλους

2031 5470 2207 5542 ἔτυχε,
2239 5473 2324 5536 τίς
2351 5473 2449 5526 οὐκ
2483 5472 2548 5526 ἂν
2577 5472 2947 5544 ὁμολογήσειε,
2982 5468 3119 5541 μετά
3149 5469 3276 5530 τοὺς
3302 5466 3394 5519 τοῦ
3430 5466 3622 5536 Σωτῆ-

2034 5595 2125 5650 ρος
2153 5577 2307 5648 ήμῶν
2346 5577 2520 5649 ’ῐησοῦ
2546 5576 2782 5649 Χριστοῦ
2809 5575 3052 5647 χρόνους,
3089 5575 3243 5628 πάντ’
3268 5573 3452 5625 ἐκεῖνα
3483 5570 3619 5624 θεω-

2037 5682 2232 5753 ρῶνού
2269 5684 2427 5756 μόνον
2461 5683 2806 5748 σαλευθέντα,
2851 5681 2986 5736 ἀλλὰ
3017 5682 3111 5736 καὶ
3165 5678 3410 5734 ἐκποδὼν
3450 5692 3618 5746 γεγεο
