3846 6218
211 324 331 381 ιεδ

1114 321 1765 380 DEMONSTRATIONIS
1797 319 2257 378 EVANGELICIE
2300 321 2441 379 LIB-
2469 321 2561 377 Vl.

3367 321 3483 376 4'3"

212 437 469 508 νημένα;
501 439 759 506 Κοιλάδες
798 441 854 495 δὲ
889 442 1056 496 εἰσέτι
1099 442 1194 496 νῦν
1233 443 1539 514 τηκόμεναι
1581 439 1690 496 εἶεν
1736 443 1802 495 ἂν

1907 442 2083 498 solum
2112 452 2407 507 commota,
2432 443 2524 498 sed
2566 441 2989 498 etiam-sublata.
3005 442 3073 498 de
3101 440 3317 496 medio?
3348 439 3469 494 Val-

208 528 277 579 αἱ
320 528 443 580 ἀντὶ
474 529 572 599 τῆς
606 529 960 602 Ἰερουσαλὴμ
1005 532 1100 585 καὶ
1143 531 1238 584 τοῦ
1282 530 1422 584 Σιὼν
1461 530 1620 601 ὅρους
1662 528 1818 582 κατάΔ

210 620 408 672 πᾶσαν
435 620 591 674 π5λιν
628 621 961 677 συνεστῶσαι
990 622 1167 677 αὐτῶν
1201 623 1533 692 συναγωγαὶ,
1565 622 1806 694 ἀποθρη-

211 711 414 764 νοῦσαι
449 713 545 765 καὶ
570 713 1017 784 ἀποκλαιόμεναι,
1048 715 1144 767 καὶ
1184 714 1261 778 ὡς
1294 715 1462 786 κηρὸς
1491 715 1599 768 ἀπὸ
1636 731 1806 785 προσ-

212 801 377 857 ώπου
404 805 573 877 πυρὸς
596 805 914 877 τηκόμεναι,
938 805 1027 859 διά
1058 804 1234 877 λύπην
1256 807 1350 859 καὶ
1377 805 1607 869 πένθους
1636 807 1805 877 ὑπερ-

214 895 408 967 ϐολὴν,
451 898 548 967 τῆς
580 915 641 952 τε
667 897 777 951 τῶν
816 899 1033 953 οἰκείων
1058 899 1294 971 ἐρημίας
1331 899 1427 953 καὶ
1456 898 1558 969 τῆς
1590 900 1805 970 μακρᾶς

214 989 320 1041 καὶ
353 987 648 1052 πολυετοῦς
680 987 920 1053 δουλείας
951 989 1155 1043 ἕνεκεν.
1205 990 1314 1043 Καὶ
1351 989 1526 1053 ἄλλως
1562 989 1620 1044 δὲ
1664 988 1804 1043 κατὰ

213 1076 465 1131 διάνοιαν
510 1081 543 1150 ὴ
593 1079 687 1132 τοῦ
727 1081 903 1151 Λόγου
954 1080 1048 1135 τοῦ
1086 1081 1231 1135 θείου
1283 1082 1556 1147 ὲπίϐασις,
1601 1082 1705 1136 οὐκ
1744 1083 1804 1135 ὲν

216 1171 471 1241 χάσμασι
503 1172 598 1225 κα)⁸
644 1170 995 1243 κοιλώμασιν,
1032 1174 1140 1228 οὐδ’
1171 1177 1536 1239 ὲνηταπειναῖς
1570 1176 1665 1229 καὶ
1705 1191 1804 1244 χα-

221 1262 520 1332 μαιπετέσι
544 1263 824 1330 διανοίαις,
859 1264 973 1318 ἀλλ’
1007 1267 1064 1320 ὲν
1089 1267 1426 1340 ἑπῃρμὲναις
1458 1267 1519 1321 τὸ
1550 1267 1802 1340 φρόνημα

216 1353 554 1423 κατεγίνετο.
603 1354 788 1429 Ταύτῃ
825 1356 956 1425 γοῦν
985 1357 1387 1431 τροπικὼτερον
1418 1359 1581 1422 αὐτὸς
1627 1361 1655 1412 6
1686 1358 1802 1412 Κύ-

217 1464 341 1517 ριος
372 1445 774 1516 καταϐήσεσθαι
802 1449 894 1500 ἐπὶ
919 1448 988 1503 τὰ
1017 1447 1127 1519 ὕψη
1158 1449 1258 1520 τῆς
1288 1449 1394 1519 γῆς
1424 1448 1627 1522 εἴρητο.
1662 1450 1801 1520 Ὄρη

213 1537 275 1590 δὲ
318 1538 574 1609 σειόμενα
607 1539 957 1594 ὑποκάτωθεν
1001 1540 1354 1607 αὑτοῦ,,αὐτά
1376 1541 1439 1613 δὴ
1489 1543 1669 1596 ἐκεῖνα
1707 1537 1798 1612 ῆν,

215 1628 353 1683 ἔνθα
393 1629 599 1702 ἀνήχθη
644 1632 749 1685 ὑπὸ
780 1631 874 1686 τοῦ
900 1633 1235 1705 Πνεύματος,
1286 1634 1648 1707 πειρασθῆναι
1696 1634 1802 1687 ὺπδ

216 1719 319 1773 τοῦ
346 1719 591 1774 διαϐόλου
613 1738 626 1752 ·
666 1740 686 1773 ι
731 1722 852 1776 Ὅτι
879 1724 973 1776 καὶ
1005 1724 1420 1796 παραλαμϐάνει
1452 1725 1613 1779 αὐτὸν
1634 1729 1662 1780 6
1682 1728 1797 1782 διά-

1906 535 1985 589 les
2014 543 2194 589 autem
2225 535 2412 591 adhuc.
2439 535 2824 606 liquescentes.
2858 542 3020 592 erunt
3041 533 3136 605 qui
3175 548 3275 604 pro
3317 531 3475 589 Jeru-l

1904 626 2071 682 salem
2101 640 2307 696 proque
2349 635 2535 683 monte
2578 625 2734 692 Sion,
2759 643 2855 698 per
2880 641 3096 681 omnem
3127 625 3313 680 urbem
3343 639 3448 679 con

1904 718 2082 773 stituti
2113 728 2439 774 sunteorum
2467 728 2791 783 conventus,
2816 719 2983 789 272
3005 719 3280 789 plorantes
3307 731 3372 771 ac
3390 716 3473 769 lu-

1902 817 2111 881 gentes,
2141 819 2197 865 et
2244 811 2401 880 quasi
2445 826 2572 866 cera
2616 826 2647 864 a
2698 810 2836 867 facie
2878 811 3022 882 ignis
3070 810 3471 880 liquescentes,

1903 908 2125 971 propter
2167 902 2419 957 maeroris
2450 917 2514 956 ac
2547 903 2728 958 luctus
2758 916 3044 958 excessum
3073 940 3089 959 .
3150 909 3208 957 et
3250 904 3475 970 propter

1903 991 2011 1046 loci
2043 992 2203 1061 patrii
2233 993 2579 1049 solitudinem
2601 1033 2617 1057 ,
2657 1003 2713 1049 et
2751 994 2966 1063 longam
2996 1000 3160 1062 atque
3208 1005 3474 1046 annosam

1904 1084 2239 1138 servitutem.
2284 1084 2406 1139 Alio
2447 1095 2705 1154 praeterea
2748 1085 3029 1140 intellectu
3081 1083 3254 1138 divini
3307 1081 3473 1136 Verbi

1904 1188 2070 1243 super
2123 1174 2436 1231 altitudines
2490 1176 2788 1231 descensus
2843 1175 3017 1244 accipi
3072 1181 3251 1245 potest
3280 1192 3293 1227 :
3326 1172 3475 1244 quod

1902 1268 2091 1336 utique
2121 1283 2230 1322 non
2258 1267 2313 1321 in
2346 1267 2586 1325 hiatibus
2612 1276 2666 1324 et
2690 1268 3054 1332 convallibus,
3078 1282 3255 1338 neque
3282 1268 3339 1322 in
3378 1267 3476 1321 ab-

1899 1358 2058 1429 jectis
2086 1365 2249 1427 atque
2277 1360 2332 1414 in
2366 1359 2590 1414 humum
2636 1361 3010 1430 spectantibus
3050 1360 3246 1414 animis
3276 1366 3331 1413 et
3382 1372 3476 1412 co-

1903 1450 2278 1521 gitationibus,
2328 1450 2424 1506 sed
2461 1450 2520 1506 in
2547 1452 2711 1507 altius
2744 1451 2975 1508 sublatis
3007 1459 3062 1506 et
3093 1464 3313 1505 sursum
3354 1464 3476 1507 ere—

1902 1542 2009 1597 ctis
2050 1543 2257 1597 versari
2310 1543 2493 1599 vellet.
2550 1542 2668 1597 Tali
2715 1543 2879 1614 igitur
2909 1543 3084 1615 ﬁgura
3113 1542 3319 1598 dictum
3347 1552 3470 1607 est,

1903 1635 2081 1702 ipsum
2106 1631 2393 1687 Dominum
2423 1648 2587 1704 super
2628 1632 2942 1689 altitudines
2975 1642 3133 1688 terra:
3179 1632 3476 1688 descensu-

1908 1737 2052 1778 rum.
2076 1723 2177 1791 Qui
2206 1740 2338 1780 vero
2368 1724 2755 1780 concutiantur
2785 1725 2972 1781 subter
2995 1739 3061 1781 eo
3090 1733 3326 1786 montes,
3365 1721 3474 1793 ipsi

217 1811 379 1876 ϐολος
410 1815 489 1878 είς
525 1813 649 1887 ὅρος
684 1815 885 1886 ὑψηλὸν
933 1815 1053 1870 λίαν
1072 1792 1100 1847 ’ὴ
1132 1792 1241 1871 καὶ-
1266 1813 1335 1889 ἧν
1370 1817 1508 1889 μετά
1554 1819 1661 1873 τῶν
1707 1820 1801 1891 θη-

1903 1817 1981 1871 illi
2008 1820 2195 1887 utique
2215 1824 2396 1884 erunt,
2425 1817 2493 1873 ad
2518 1833 2654 1889 quos
2688 1818 2957 1874 adductus
2983 1826 3069 1873 est
3095 1831 3127 1871 a
3162 1792 3475 1887 spiritu,nt

220 1905 380 1977 ρίων.
423 1925 442 1956 ι
484 1906 623 1978 Ὀρη
655 1908 702 1960 δ’
723 1907 789 1962 ἂν
812 1909 896 1980 είη
920 1904 1076 1973 αὖθις
1105 1908 1508 1981 τροπικώτερον
1537 1913 1570 1981 ἡ
1608 1911 1666 1964 ὲν
1689 1915 1798 1976 τοῖς

214 2004 375 2068 apem
400 1997 461 2050 τὸ
492 2001 625 2068 πρὶν
648 1999 1035 2071 ἐπιτελουμένη
1066 2000 1494 2073 εἰδωλολατρεία,
1525 2004 1621 2055 καὶ
1655 2004 1711 2055 αἱ
1743 2004 1801 2056 ὲν

215 2087 435 2152 τούτοις
481 2092 847 2163 ὲνεργήσασαι
888 2092 1109 2165 ἀόρατοι
1153 2095 1247 2147 καὶ
1280 2095 1597 2167 άρχοντικαὶ
1639 2095 1801 2149 δυνά-

224 2197 370 2251 μεις,
403 2181 471 2246 ἀς
498 2183 558 2235 οὐ
595 2182 809 2255 μικρῶς
838 2186 871 2254 ή
904 2185 996 2238 τοῦ
1027 2186 1279 2258 Σωτῆρος
1310 2186 1468 2258 ἡμῶν
1501 2188 1711 2242 ἀνέσειέ
1741 2205 1801 2241 τε

218 2273 322 2325 καὶ
362 2273 597 2327 ἀνεκίνει
633 2272 966 2329 διδασκαλία.
1013 2274 1229 2329 Τούτων
1259 2277 1369 2348 γὰρ
1399 2278 1433 2347 ἠ
1463 2276 1662 2340 ἔνθεος,
1692 2277 1801 2330 εἴτε

220 2362 641 2435 θαυματουργὸς
679 2366 772 2418 καὶ
818 2364 1239 2437 παραδοξοποιὸς
1278 2367 1452 2436 ἰσχὺς,
1503 2365 1804 2437 λεληθότως

217 2454 324 2525 τὴν
353 2455 496 2510 κατά
522 2455 632 2510 τῶν
662 2455 963 2528 ἀνθρώπων
996 2456 1214 2528 μακρὰν
1238 2458 1333 2511 καὶ
1367 2456 1602 2512 παλαιὰν
1641 2458 1801 2510 δυνα-

220 2545 410 2600 στείαν
436 2546 684 2619 καθῄρει.
722 2547 996 2612 Ὡσαύτως
1028 2549 1085 2602 δὲ
1111 2549 1205 2603 καὶ
1236 2548 1483 2612 κοιλάδες
1505 2549 1802 2619 τηκόμεναι

216 2637 298 2703 ὡς
327 2639 496 2710 κηρὸς
526 2640 634 2693 ἀπὸ
654 2638 944 2710 προσώπου
961 2642 1153 2713 πυρὸς,
1179 2640 1433 2712 δαίμονες
1458 2640 1525 2695 ἂν
1541 2637 1650 2694 εἶεν
1678 2641 1803 2712 χθό-

195 2721 327 2783 ’νιοι
362 2729 457 2782 καὶ
488 2729 778 2801 περίγειοι,
810 2730 933 2784 καθ’
959 2724 1033 2783 ὧν
1065 2731 1126 2785 τὸ
1153 2731 1446 2786 καυστικὺν
1473 2731 1577 2801 τῆς
1607 2730 1799 2802 μοχθη-

218 2818 349 2890 ρίας
388 2817 568 2872 αὐτῶν
602 2818 713 2892 πῦρ
753 2820 925 2889 ἠφίει,
962 2820 1169 2890 λέγων·
1209 2840 1227 2873 ι
1267 2820 1386 2893 Πῦρ
1418 2816 1581 2891 ἦλθον
1619 2819 1802 2890 βαλεῖν

219 2913 319 2966 ἐπὶ
353 2912 449 2984 τὴν
471 2913 594 2983 γῆν,
631 2915 726 2967 καὶ
757 2912 809 2965 τί
837 2912 994 2979 θέλω,
1027 2916 1075 2966 εὶ
1106 2914 1205 2985 ἤδη
1237 2914 1483 2985 ἀνήφθη;
1523 2933 1543 2964 ι
1590 2912 1710 2982 Ὑφ’
1739 2906 1803 2968 οὗ

215 3003 398 3075 πυρὸς
444 3002 510 3074 δὴ
560 3004 859 3075 καιόμενοι,
899 3005 992 3058 καὶ
1031 3004 1106 3076 μὴ
1147 2999 1250 3058 οἷοί
1281 3022 1339 3059 τε
1382 3005 1534 3068 ὄντες
1562 3003 1663 3069 τὰς
1694 3003 1817 3058 ἀπδ-

1901 1917 2200 1966 tentaretur
2225 1925 2256 1964 a
2281 1910 2501 1966 diabolo
2534 1930 2548 1965 :
2599 1925 2710 1982 quo
2754 1918 2997 1980 tempore
3025 1929 3045 1963 ι
3082 1908 3376 1980 assumpsit
3406 1909 3475 1962 il-

1900 1999 2012 2054 lum
2045 2000 2296 2057 diabolus
2339 2002 2396 2056 in
2428 2013 2669 2058 montem
2695 2002 2974 2058 excelsum
3019 2001 3178 2057 valde
3199 2039 3216 2068 ,
3264 2007 3320 2055 et
3358 2005 3476 2055 erat

1900 2106 2027 2147 cum
2052 2090 2187 2149 feris
2214 2093 2282 2149 σθ.
2319 2112 2338 2146 ι
2372 2092 2590 2160 Rursus
2637 2096 2800 2149 etiam
2831 2093 3118 2164 ﬁguratius
3143 2099 3360 2148 montes
3382 2106 3476 2147 ac-

1899 2185 2185 2255 cipiemus,
2216 2185 2369 2239 illum
2392 2185 2813 2240 simulacrorum
2840 2186 3071 2248 cultum,
3104 2185 3200 2254 qui
3229 2182 3384 2254 prius
3417 2184 3475 2237 in

1901 2275 2180 2332 montibus
2212 2274 2679 2346 frequentabatur,
2701 2283 2761 2332 et
2783 2277 2839 2331 in
2883 2277 2967 2332 iis.
2992 2275 3286 2332 etlicaeiam
3318 2288 3475 2331 suam

1901 2366 2274 2431 ostendentes,
2314 2366 2619 2422 invisibiles
2649 2366 2988 2438 principatus
3041 2381 3105 2421 ac
3133 2372 3431 2437 potestates
3455 2403 3471 2427 ,

1901 2471 2038 2526 quas
2079 2472 2189 2511 non
2246 2456 2437 2512 leviter
2465 2455 2765 2513 Salvatoris
2813 2457 2988 2512 nostri
3015 2457 3297 2513 concussit
3322 2471 3476 2511 com-

1901 2549 2178 2618 movitque
2219 2548 2487 2605 doctrina.
2534 2546 2747 2602 Talium
2797 2548 2945 2604 enim
2974 2549 3193 2620 longam
3240 2555 3296 2603 et
3326 2559 3474 2604 vete-

1901 2654 2016 2694 rem
2040 2649 2233 2694 contra
2256 2638 2507 2694 homines
2536 2639 2835 2710 potentiam
2854 2679 2872 2706 ,
2901 2638 3131 2693 latenter
3164 2637 3363 2693 delevit
3385 2637 3489 2692 di-M

1899 2731 2085 2787 vinum
2117 2731 2263 2787 illius
2284 2730 2535 2796 verbum,
2576 2739 2630 2786 et
2659 2729 2887 2786 miriﬁca
2915 2736 2969 2785 et
3015 2744 3232 2785 omnem
3274 2731 3330 2784 in
3359 2729 3476 2785 etii.

1900 2822 2098 2877 ciendo
2146 2820 2305 2877 ﬁdem
2349 2835 2622 2892 superans
2677 2822 2781 2877 vis.
2839 2820 3041 2877 Eadem
3085 2834 3214 2876 vero
3261 2821 3477 2876 ratione

1898 2916 2061 2971 etiam
2078 2917 2462 2987 liquescentes,
2478 2924 2534 2971 ut
2549 2931 2673 2972 cera
2691 2930 2722 2969 a
2733 2914 2871 2971 facie
2884 2915 3046 2985 ignis,
3066 2915 3255 2979 valles,
3270 2913 3475 2968 daemo-

1897 3024 1998 3065 nes
2024 3017 2185 3065 erunt
2211 3008 2411 3081 inferni
2426 3017 2479 3064 et
2494 3009 2698 3064 circum
2717 3015 2919 3063 terram
2942 3014 3254 3063 versantes:
3281 3005 3476 3061 adver-

214 3095 321 3166 τῆς
356 3096 590 3166 ἀοράτου
631 3096 826 3167 φλογὸς
863 3097 1051 3169 φέρειν
1097 3097 1381 3167 βασάνους,
1416 3096 1801 3169 ὑπανεχώρουν

1903 3118 2024 3159 sum
2054 3118 2192 3173 quos
2209 3103 2408 3172 ignem,
2435 3101 2532 3173 qui
2575 3100 2872 3172 nequitiam
2902 3101 3146 3170 ipsorum
3184 3100 3474 3155 combure-

214 3186 331 3239 τῶν
375 3185 732 3256 ἀνθρωπείων
768 3186 1052 3257 σωμάτων.
1094 3187 1205 3241 Καὶ
1250 3186 1313 3240 τὸ
1355 3186 1577 3257 συνέχον
1609 3203 1672 3256 γε
1706 3187 1800 3240 καὶ

1909 3201 2015 3259 ret,
2049 3194 2255 3249 dimisit
2283 3195 2510 3249 dicens:
2543 3213 2562 3246 ι
2597 3193 2778 3264 Ignem
2800 3193 2924 3249 veni
2939 3192 3152 3247 mittere
3169 3192 3222 3245 in
3251 3199 3472 3254 terram,

214 3278 445 3334 ὲλαῦνον
467 3280 664 3343 αὐτοὺς
688 3279 1086 3351 ἀνωμολόγουν,
1122 3278 1350 3350 βοῶντες
1370 3297 1384 3310 ο
1410 3299 1429 3329 ‹
1444 3280 1568 3343 Ἔα,
1591 3278 1645 3331 τί
1671 3280 1807 3349 ἡμῖν·

216 3370 320 3425 καὶ
355 3372 458 3435 σοὶ,
488 3370 585 3423 Υἱὲ
616 3370 709 3424 τοῦ
740 3370 905 3436 Θεοῦ;
938 3367 1100 3442 ἦλθες
1142 3371 1250 3443 πρὸ
1277 3370 1470 3442 καιροῦ
1515 3371 1802 3442 βασανίσαι

216 3463 414 3534 ήμᾶς;
450 3461 686 3533 υἵδαμέν
723 3479 782 3515 σε
806 3462 890 3526 τίς
920 3458 1003 3516 εἷ·
1035 3464 1064 3515 6
1092 3462 1247 3532 ἆγιος
1280 3461 1375 3516 τοῦ
1405 3462 1562 3515 Θεοῦ.
1602 3481 1622 3513 ι
1661 3459 1802 3514 Τού-

217 3570 351 3617 τους
377 3553 437 3606 δὲ
472 3553 713 3624 μάλιστα
747 3553 993 3625 ᾐκίζετο,
1029 3554 1124 3607 καὶ
1163 3554 1292 3617 τοὺς
1323 3554 1417 3607 ἐπὶ
1459 3552 1664 3606 τούτων
1704 3553 1804 3623 ἄρ-

219 3660 420 3716 χοντας
453 3644 703 3718 καθῄρει,
732 3646 835 3712 ὅτι,
875 3646 949 3718 μὴ
972 3645 1338 3718 ,ἀρκεσθέντες
1373 3649 1439 3718 τῇ
1472 3645 1579 3699 τῶν
1601 3644 1803 3700 λοιπῶν

220 3737 397 3792 ἐθνῶν
423 3736 708 3810 διαφθορᾷ,
745 3739 813 3792 δι’
840 3732 908 3810 ἦς
934 3741 1060 3801 τοὺς
1082 3737 1288 3803 πάντας
1313 3739 1393 3801 εἰς
1424 3736 1802 3809 τὴνπολύθεον

222 3828 436 3898 πλάνην
465 3828 961 3900 καταϐεϐλήκεσαν,
984 3827 1175 3899 καὶτῷ
1197 3827 1364 3883 πάλαι
1384 3827 1478 3881 τοῦ
1505 3826 1640 3881 Θεοῦ
1665 3826 1800 3895 λαῷ,

221 3919 377 3991 αὐτῷ
418 3920 485 3991 δὴ
528 3920 606 3990 τῷ
638 3922 702 3974 ὲκ
744 3921 1066 3992 περιτομῆς,
1116 3918 1656 3983 ὲπιϐεϐουλεύκεσαν,
1706 3917 1803 3972 καὶ

222 4011 634 4083 ἀποστήσαντες
655 4029 720 4081 γε
755 4011 849 4066 τοῦ
882 4011 1017 4066 Θεοῦ
1042 4014 1137 4066 καὶ
1163 4012 1353 4067 τοῦτον
1393 4014 1673 4077 παντοίαις
1703 4031 1802 4066 πε-

226 4102 480 4175 ριέϐαλον
504 4089 865 4167 δυσσεϐείαις.
903 4104 994 4157 Διὸ
1017 4105 1111 4158 καὶ
1140 4104 1373 4175 μάλιστα
1407 4105 1506 4177 τὴν
1538 4106 1596 4172 ἐξ
1634 4107 1802 4178 ούρα-

227 4193 337 4247 νῶν
372 4194 636 4264 πεποίητο
667 4195 697 4246 6
728 4188 931 4267 Κύριος
972 4194 1217 4254 κάθοδον.
1254 4197 1416 4251 Ὅθεν
1457 4197 1586 4269 ἑξῆς
1629 4215 1799 4269 φησι·

229 4304 249 4336 ι
298 4284 401 4338 Διά
451 4284 551 4356 τὴν
596 4285 848 4340 ἀσέϐειαν
902 4287 1096 4340 Ἰακὼϐ
1126 4287 1302 4342 πάντα
1348 4288 1540 4355 ταῦτα,
1595 4291 1690 4344 καὶ
1734 4291 1802 4343 δι’

223 4377 503 4448 ἁμαρτίαν
531 4376 679 4431 οἴκου
716 4378 959 4451 Ἰσραήλ·
1001 4399 1021 4431 ›
1053 4381 1163 4434 Καὶ
1191 4380 1271 4434 ἔτι
1305 4381 1439 4452 πρὸς
1468 4380 1677 4446 τούτοις
1703 4382 1804 4453 τῆς

1901 3294 1956 3341 et
1975 3287 2105 3357 quid
2130 3287 2276 3350 volo,
2297 3285 2341 3341 si
2355 3287 2468 3356 jam
2494 3300 2757 3341 accensus
2778 3291 2864 3340 est
2875 3284 2955 3337 “‘l
2989 3303 3007 3336 ι
3029 3282 3284 3354 Quoigne
3302 3296 3478 3337 corre-

1902 3380 2218 3450 ptiilli,cum
2240 3378 2775 3435 invisibilisﬂammte
2792 3384 3062 3432 tormenta
3075 3376 3215 3431 ferre
3231 3390 3340 3429 non
3350 3389 3478 3446 pos-

1903 3476 2046 3533 sent,
2065 3469 2133 3525 de
2145 3469 2401 3524 humanis
2425 3468 2747 3539 corporibus
2759 3465 3105 3530 recedebant,
3124 3465 3367 3535 illudque
3394 3465 3480 3533 ip-

1901 3574 2023 3616 sum
2051 3575 2159 3630 quo
2180 3560 2396 3615 interim
2429 3560 2818 3615 cohibebantur
2846 3566 3009 3630 atque
3040 3557 3474 3626 impellebantur,

1901 3665 2013 3722 pra:
2029 3665 2087 3705 se
2105 3650 2352 3705 ferebant
2365 3664 2561 3721 magna
2573 3664 2706 3704 voce
2721 3649 3019 3704 clamantes
3037 3666 3050 3703 :
3072 3667 3090 3699 ι
3107 3647 3223 3711 Eia,
3244 3647 3372 3717 quid
3386 3660 3478 3701 no-

1902 3742 1988 3798 bis
2003 3748 2059 3797 et
2074 3742 2193 3806 tibi,
2214 3740 2316 3796 Fili
2330 3741 2450 3797 Dei?
2462 3742 2656 3797 venisti
2677 3749 2802 3796 ante
2824 3748 3038 3809 tempus
3053 3747 3309 3808 torquere
3335 3754 3436 3794 nos
3453 3737 3479 3793 ?

1902 3833 2165 3890 Novimus
2196 3841 2267 3898 te,
2292 3834 2418 3904 quis
2449 3834 2527 3889 sis
2549 3874 2566 3900 ,
2617 3841 2841 3888 sanctus
2875 3831 2971 3887 Dei
3000 3832 3064 3886 ⁶².
3111 3850 3130 3883 ι
3170 3830 3279 3885 Hos
3311 3831 3477 3901 igitur

1904 3926 2141 3981 maxime
2164 3925 2502 3991 verberabat,
2524 3924 2829 3993 horumque
2855 3923 3129 3994 principes
3151 3922 3431 3978 auferebat
3458 3942 3471 3978 :

1903 4020 2161 4090 quoniam
2192 4034 2302 4073 non
2330 4020 2464 4074 satis
2498 4017 2761 4073 habentes
2789 4016 2934 4087 quod
2975 4016 3210 4087 reliquas
3225 4015 3503 4071 nationes-

1904 4112 2308 4182 corrupissent,
2340 4116 2734 4181 corruptasque
2785 4111 2841 4163 in
2889 4123 3133 4164 errorem
3179 4108 3477 4177 compulis-

1904 4212 2046 4265 sent,
2078 4218 2188 4274 quo
2239 4201 2373 4257 deos
2405 4202 2591 4272 plures
2627 4200 2891 4264 colerent,
2919 4200 3144 4270 antiquo
3185 4199 3351 4255 etiam
3397 4199 3477 4257 illi

1903 4295 2000 4352 Dei
2031 4296 2249 4366 populo,
2297 4293 2389 4364 qui
2423 4292 2863 4348 circumcisionis
2896 4306 3055 4347 usum
3091 4292 3363 4356 servabat,
3392 4292 3477 4346 in-

1906 4391 2094 4448 sidiari
2121 4395 2422 4461 coeperant,
2450 4386 2705 4457 huncque
2734 4395 3042 4443 avertentes
3071 4401 3102 4440 a
3131 4385 3264 4450 Deo,
3296 4387 3475 4442 omnis

223 4469 286 4537 ὲξ
319 4469 553 4540 οὐρανοῦ
592 4469 820 4524 καθόδου
858 4469 951 4523 τοῦ
986 4472 1160 4541 Λόγου
1190 4473 1290 4545 τὴν
1314 4473 1494 4527 αἰτίαν
1528 4471 1654 4544 ἑξῆς
1690 4474 1806 4528 δια-

1906 4484 2121 4557 generis
2171 4483 2542 4553 impietalibus
2590 4481 3019 4552 implicaverant.
3072 4479 3254 4546 Quare
3309 4479 3473 4533 etiam

225 4563 413 4630 σαφεῖ,
456 4561 549 4615 τοῦ
595 4562 692 4632 μὲν
725 4563 791 4616 ὲκ
836 4564 1136 4635 περιτομῆς
1174 4564 1304 4618 λαοῦ
1347 4563 1447 4628 τὰς
1488 4564 1802 4629 δυσσεϐείας

224 4650 739 4724 ἀπαριθμούμενος,
780 4654 875 4706 καὶ⁵
920 4654 1012 4707 τὸν
1062 4656 1154 4708 ἐπὶ
1200 4642 1425 4720 ταύταις
1478 4656 1802 4729 μετελθόντα

222 4744 425 4806 αὐτοὺς
465 4742 703 4815 ὄλεθρον,
736 4744 845 4797 τῶν
888 4743 946 4798 δὲ
978 4745 1083 4800 άνά
1111 4749 1291 4801 πᾶσαν
1333 4749 1432 4820 τὴν
1478 4750 1800 4821 οἰκουμένην

220 4835 395 4889 ἐθνῶν
449 4836 853 4906 προαναφωνῶν
906 4837 1005 4909 τὴν
1052 4837 1261 4910 κλῆσιν.
1326 4840 1426 4894 Διά
1467 4840 1642 4894 ταῦτα
1693 4840 1803 4914 γὰρ

220 4927 490 4997 ἐπεδήμει
517 4930 546 4980 6
574 4927 670 4981 τοῦ
697 4927 833 4982 Θεοῦ
861 4928 1032 4997 Λόγος
1062 4930 1123 4996 ἐξ
1144 4931 1388 5003 οὐρανῶν
1416 4935 1510 4988 ἐπὶ
1541 4937 1673 5006 γῆς·
1703 4936 1804 4989 καὶ

219 5019 330 5073 τῶν
360 5036 427 5087 γε
471 5018 668 5084 λέξεων
717 5022 915 5076 ἄκουε·
962 5041 980 5073 ι
1004 5025 1081 5076 Δι’
1120 5024 1372 5078 ἀσέϐειαν
1412 5025 1561 5078 οἴκου
1609 5025 1803 5079 Ἰακὼϐ

221 5110 404 5164 πάντα
426 5112 619 5175 ταῦτα,
657 5114 750 5167 καὶ
782 5112 849 5166 δι’
876 5114 1149 5186 ἁμαρτίαν
1177 5114 1329 5170 οἴκου
1365 5117 1602 5189 Ἰσραήλ.
1637 5116 1733 5181 Τίς
1769 5119 1805 5188 ἠ

221 5203 453 5258 ἀσέϐεια
518 5203 667 5257 οἴκου
725 5205 951 5272 ’1ακώϐ;
1007 5207 1069 5259 ού
1113 5209 1432 5280 Σαμάρεια;
1485 5210 1579 5265 καὶ
1623 5192 1708 5274 τίς
1766 5212 1800 5281 ὴ

221 5298 475 5370 ἁμαρτία
508 5299 659 5352 οἴκου
695 5298 892 5365 Ἰούδα;
924 5302 1045 5373 οὐχὶ
1085 5302 1470 5375 Ἱερουσαλήμ;
1499 5304 1608 5356 Καὶ
1639 5302 1802 5375 θήσο-

228 5410 328 5466 μαι
368 5393 682 5464 Σαμάρειαν
735 5396 815 5457 είς
873 5396 1316 5468 ὀπωροφυλάκιον
1355 5397 1525 5470 ἀγροῦ
1583 5396 1676 5450 καὶ
1721 5399 1801 5462 είς

226 5484 450 5552 φυτείαν
490 5484 847 5555 ἀμπελῶνος,
876 5487 970 5540 καὶ
996 5490 1334 5543 κατασπάσω
1374 5491 1454 5553 είς
1498 5490 1629 5560 χάος
1674 5491 1801 5552 τοὺς

223 5576 406 5639 λίθους
452 5577 643 5649 αὐτῆς,
680 5578 775 5630 καὶ
817 5578 885 5632 τὰ
912 5579 1133 5652 θεμέλια
1178 5582 1344 5652 αὐτῆς
1388 5581 1739 5652 ἀποκαλύψω.
1774 5601 1793 5633 ι

1908 4577 2145 4631 maxime
2174 4574 2244 4631 de
2269 4576 2410 4629 coelo
2437 4571 2719 4629 descendit
2767 4570 3067 4638 Dominus,
3112 4587 3193 4628 ex.
3235 4585 3346 4642 quo
3400 4571 3477 4623 ait

1906 4665 2200 4735 deinceps:
2238 4683 2258 4717 ι
2298 4664 2526 4736 Propter
2561 4664 2893 4734 impietatem
2925 4661 3094 4718 Jacob
3124 4663 3307 4718 omnia
3337 4662 3472 4724 haec,

1906 4763 1959 4810 et
1988 4763 2210 4826 propter
2238 4764 2521 4824 peccatum
2541 4752 2737 4808 domus
2762 4752 2948 4808 Israel.
2988 4771 3007 4805 ι
3038 4752 3121 4807 Ad
3151 4752 3286 4816 haec,
3309 4749 3475 4806 Verbi

1888 4849 2069 4904 'etiam
2099 4847 2167 4902 de
2194 4847 2333 4902 caelo
2362 4845 2661 4902 descensus
2687 4860 2910 4901 causam
2942 4845 3199 4916 deinceps
3227 4844 3472 4915 exponit,

1904 4940 1999 4996 ubi
2035 4939 2209 5010 ipsius
2238 4938 2452 4995 Iudaici
2489 4939 2676 5010 populi
2710 4939 3014 5010 impietates
3052 4938 3212 5008 273
3259 4953 3474 4993 connu-

1904 5040 2099 5096 merat,
2115 5038 2168 5086 et
2201 5032 2293 5086 ubi
2318 5040 2442 5102 post
2469 5032 2776 5102 impietates
2798 5041 2949 5095 eum,
2972 5031 3065 5101 qui
3090 5030 3240 5101 ipsos
3265 5030 3478 5085 invase-

1876 5130 2008 5187 Irat,
2036 5123 2337 5187 interitum,
2368 5138 2434 5178 ac
2462 5124 2705 5193 gentium
2754 5138 2854 5192 per
2891 5130 3065 5178 totum
3094 5121 3282 5177 orbem
3311 5136 3477 5177 voca-

1906 5214 2108 5268 tionem
2144 5212 2412 5268 enuntiat.
2453 5211 2744 5283 Propterea
2767 5215 2911 5268 enim
2932 5213 3000 5269 de
3026 5214 3166 5268 cmlo
3195 5212 3249 5266 in
3275 5221 3475 5268 terram

1908 5303 2004 5359 Dei
2029 5301 2263 5358 Verbum
2295 5302 2597 5373 profehtum
2627 5311 2743 5369 est;
2774 5303 2871 5359 sed
2894 5305 3057 5359 verba
3083 5305 3208 5358 audi
3236 5326 3250 5359 :
3292 5322 3311 5355 ι
3341 5302 3477 5357 Pro-

1907 5406 2024 5467 pter
2055 5396 2385 5465 impietatem
2419 5393 2590 5450 Jacob
2619 5395 2801 5448 omnia
2854 5394 2990 5459 hate,
3015 5402 3068 5449 et
3102 5403 3323 5466 propter
3351 5410 3477 5465 peco—

1907 5499 2087 5544 catum
2115 5488 2309 5543 domus
2346 5487 2536 5544 Israel.
2566 5486 2697 5553 Qua:
2739 5482 2987 5556 impietas
3031 5487 3242 5543 Jacob?
3286 5486 3477 5542 Nonne

1911 5581 2199 5637 Samaria?
2228 5579 2296 5635 Et
2327 5579 2473 5651 quod
2509 5587 2790 5650 peccatum
2824 5579 3002 5636 Juda?
3028 5578 3219 5636 Nonne
3251 5579 3478 5636 Jerusa-

298 5733 344 5764 "
378 5734 570 5824 Blatth.
596 5751 673 5800 ιν,
707 5734 776 5803 8;
814 5734 977 5792 Marc.
1018 5754 1054 5804 ι,
1091 5739 1176 5794 15.
1256 5739 1297 5770 θι
1327 5736 1459 5793 Luc.
1490 5754 1590 5808 xu,
1627 5738 1713 5794 49.
1794 5740 1814 5771 θ

1902 5735 2058 5792 latth.
2088 5752 2208 5801 vui,
2236 5737 2326 5792 29.
