3828 6220
356 313 462 368 455

989 313 1258 373 EUSEBII
1298 310 1772 371 CESARIENSIS
1807 309 1960 365 OPP.
2000 309 2180 363 PARS
2212 308 2278 364 ll.
2310 340 2378 350 —
2412 308 2908 367 APOLOGETICA.

3488 308 3597 366 £36

355 425 497 480 lem?
522 424 588 479 Et
620 441 816 497 ponam
851 427 1154 483 Samariam
1200 429 1256 483 in
1290 442 1574 499 pomorum
1621 424 1917 482 custodiam

2031 424 2141 477 Καὶ
2171 423 2440 493 ἐπιλέγει’
2468 443 2489 475 ι
2523 423 2740 496 Κατέϐη
2764 423 2911 478 κακὰ
2941 423 3095 495 παρὰ
3131 425 3334 496 Κυρίου
3365 425 3459 477 ἐπὶ
3488 429 3598 478 πυ-

354 517 415 572 in
451 533 602 588 agro,
635 527 689 573 et
724 521 777 573 in
811 520 1197 590 plantationem
1227 521 1416 585 vineae,
1449 527 1503 575 et
1549 518 1832 573 detraham
1870 515 1926 569 in

2028 513 2127 577 λας
2164 514 2541 586 Ἰερουσαλὴμ,
2569 515 2738 584 ψόφος
2759 515 3022 586 ἁρμάτων
3068 515 3160 568 καὶ
3186 514 3540 568 ἱππευόντων.
3571 533 3593 567 ι

353 608 682 679 profundum
716 610 922 680 lapides
953 611 1071 679 ejus
1093 651 1109 677 ,
1153 621 1208 667 et
1257 610 1611 665 fundamenta
1644 608 1765 679 ejus
1795 622 1917 677 ape-

2027 607 2134 659 Καὶ
2177 602 2366 670 αὖθις*
2405 624 2424 657 ι
2473 607 2538 659 Ἡ
2579 604 2705 669 δόξα
2752 608 2852 677 τῆς
2900 605 3167 677 θυγατρὸς
3202 607 3597 678 Ἰερουσαλὴμ,

352 701 490 755 riam
529 702 594 756 ⁸³.
646 721 665 754 ι
704 700 769 756 Ει
817 703 1061 773 adjungit
1101 720 1112 757 :
1172 720 1192 753 ι
1259 701 1664 758 Descenderunt
1716 702 1855 756 mala
1893 718 1925 756 a

352 791 583 847 Domino
613 807 778 862 super
818 804 1003 862 portas
1028 791 1325 848 Jerusalem
1353 833 1368 857 ,
1421 793 1635 849 sonitus
1662 809 1922 849 curruum

352 888 407 936 et
436 882 801 951 equitantium
836 884 902 939 “.
956 903 975 935 ι
1021 883 1087 938 Et
1117 900 1308 940 rursus
1333 900 1353 937 :
1389 902 1408 935 ι
1465 884 1648 939 Gloria
1680 885 1803 941 ﬁliae
1832 883 1924 942 Je-

349 976 611 1038 rusalem,
635 976 767 1029 rade
798 985 853 1031 et
879 977 1043 1032 tonde
1070 992 1234 1047 super
1276 977 1417 1032 ﬁlios
1444 977 1709 1033 delicatos
1757 987 1883 1033 tuos
1903 1018 1919 1044 ,

350 1067 516 1123 dilata
555 1065 874 1122 viduitatem
914 1077 1061 1123 tuam
1103 1070 1246 1123 sicut
1285 1068 1466 1138 aquila
1492 1110 1507 1134 ,
1533 1069 1792 1140 quoniam
1827 1083 1922 1124 ca-

351 1157 485 1229 ptivi
519 1156 669 1212 ducti
720 1166 849 1214 sunt
877 1174 941 1214 ex
983 1166 1036 1214 te
1065 1159 1129 1215 ⁸⁸.
1174 1177 1192 1210 ι
1227 1159 1307 1213 Ad
1338 1162 1492 1215 haec:
1537 1178 1557 1212 ι
1599 1158 1732 1215 Sion
1762 1160 1922 1230 quasi

358 1261 488 1317 ager
517 1248 779 1309 arabitur,
811 1254 865 1303 et
892 1245 1216 1311 Jerusalem,
1236 1248 1393 1318 quasi
1413 1263 1702 1318 pomorum
1736 1256 1923 1304 custo-

347 1339 437 1394 dia
462 1340 586 1402 erit,
615 1348 668 1395 et
692 1354 849 1394 mons
879 1339 1075 1395 domus
1100 1340 1155 1395 in
1201 1340 1381 1395 lucum
1416 1340 1585 1395 silvae.
1620 1340 1667 1371 "
1699 1360 1718 1393 ι
1750 1339 1922 1395 Porro

350 1431 502 1499 haec,
552 1432 682 1486 Sion
733 1439 789 1486 et
848 1429 1150 1487 Jerusalem
1203 1440 1257 1487 et
1307 1433 1453 1502 quod
1505 1439 1732 1487 vocatur
1761 1449 1920 1489 mons

346 1523 564 1586 domus,
586 1522 679 1575 illa
698 1521 814 1590 ipsa
842 1529 990 1584 sunt,
1012 1535 1133 1590 qua:
1157 1521 1310 1591 prius
1331 1520 1634 1591 signiﬁcata
1662 1530 1790 1575 sunt
1811 1521 1920 1575 illis
1946 1544 1955 1552 -

345 1612 528 1666 verbis
555 1631 567 1666 :
606 1629 626 1663 ί
667 1611 734 1665 Ει
763 1612 1251 1666 commovebuntur
1274 1620 1486 1667 montes
1522 1611 1708 1667 subter
1732 1627 1798 1666 eo
1818 1654 1833 1678 ,
1865 1619 1927 1666 et-

346 1704 516 1758 valles
558 1704 861 1774 liquescent
895 1705 1037 1760 sicut
1065 1718 1191 1758 cera
1238 1718 1268 1757 a
1302 1703 1441 1759 facie
1473 1704 1654 1774 ignis,
1697 1710 1919 1773 propter

2026 694 2258 766 ξύρησαι
2292 696 2386 749 καὶ
2434 698 2612 767 κεῖραι
2653 696 2747 748 ἐπὶ
2787 694 2857 748 τὰ
2877 695 3044 749 τέκνα
3072 695 3142 748 τὰ
3187 696 3437 767 τρυφερά
3461 711 3558 749 σου
3578 711 3594 726 ·

2024 787 2362 857 ἐμπλάτυνον
2389 788 2488 858 τὴν
2521 787 2744 858 χηρείαν
2770 804 2885 851 σου,
2914 788 2990 851 ὡς
3009 787 3185 851 ἀετὸς,
3222 788 3305 841 ὄτι
3331 787 3599 859 ᾐχμαλω-

2022 879 2291 951 τεύθησαν
2329 880 2439 933 ἀπὸ
2467 880 2582 934 σοῦ.
2614 900 2632 932 ι
2671 882 2796 934 Ἐπὶ
2824 881 3063 945 τούτοις·
3106 900 3125 932 ι
3150 880 3288 935 Σιὼν
3319 882 3397 945 ὡς
3423 882 3601 954 ἀγρὸς

2023 970 2494 1043 ἀροτριαθήσεται,
2533 974 2625 1026 καὶ
2664 973 3016 1045 Ἰερουσαλὴμ
3041 972 3117 1036 ὼς
3145 973 3597 1044 ὀπωροφυλάκισν

2022 1063 2193 1127 ἔσται,
2218 1066 2313 1117 καὶ
2336 1064 2401 1117 τὸ·
2421 1065 2545 1137 ὅρος
2575 1066 2668 1119 τοῦ
2691 1065 2853 1119 οἴκου
2869 1067 2947 1129 είς
2969 1066 3130 1129 ἄλσος
3147 1066 3374 1138 δρυμοῦ.
3408 1086 3427 1118 ι
3454 1065 3598 1119 Σιὼν

2021 1156 2078 1209 δὲ
2125 1157 2219 1211 καὶ⁴
2265 1158 2617 1229 Ἰερουσαλὴμ
2681 1160 2776 1212 καὶ
2820 1158 2883 1211 τὸ
2931 1159 3264 1230 καλούμενον
3309 1160 3436 1231 ὅρος
3491 1158 3596 1211 τοῦ

2021 1244 2191 1311 οἴκου,
2233 1247 2388 1302 ταῦτ’
2424 1243 2493 1319 ἦν
2532 1250 2714 1302 ἐκεῖνα
2741 1249 2811 1302 τὰ
2841 1250 3073 1322 πρόσθεν
3113 1250 3454 1322 δεδηλωμένα
3500 1249 3598 1302 διὰ

2020 1339 2113 1392 τοῦ
2131 1356 2144 1369 ο
2176 1358 2195 1389 ι
2222 1342 2333 1394 Καὶ
2360 1342 2779 1413 σαλευθήσονται
2803 1342 2872 1396 τὰ
2898 1343 3000 1415 ὄρη
3029 1342 3375 1398 ὑποκάτωθεν
3401 1343 3595 1406 αὐτοῦ,

2021 1430 2115 1483 καλ¹
2133 1432 2188 1483 αἱ
2222 1432 2464 1496 κοιλάδες
2487 1438 2817 1504 τακήσονται
2841 1434 2917 1498 ὡς
2956 1434 3127 1505 κηρὸς
3155 1433 3265 1487 ἀπὸ
3295 1434 3597 1505 προσώπου

2021 1521 2210 1592 πυρὸς,
2246 1521 2314 1574 δι’
2352 1522 2849 1578 ἀσέϐειανκῚακώϐ.
2878 1545 2897 1577 ι
2931 1524 3030 1577 Διὰ
3058 1525 3167 1596 γὰρ
3199 1525 3299 1587 τὰς
3338 1523 3599 1595 δρασθεί-

2022 1628 2119 1674 σας
2152 1612 2271 1665 κατ’
2302 1612 2467 1666 αὐτοῦ
2504 1613 2819 1677 δυσσεϐείας
2853 1615 3046 1679 εὐθὺς,
3087 1615 3182 1667 καὶ
3225 1615 3325 1667 ούκ
3366 1617 3447 1676 είς
3485 1631 3599 1684 μα-

2020 1704 2172 1774 κρὸν,
2196 1705 2289 1757 καὶ
2315 1704 2383 1757 τὰ
2411 1704 2534 1776 ὅρη,
2563 1704 2658 1757 καὶ
2683 1706 2732 1757 οί
2769 1705 2827 1757 ἐν
2855 1704 3065 1768 τούτοις
3089 1703 3363 1767 οἰκοῦντες
3385 1706 3595 1757 ἐπεπο-

346 1766 677 1865 impietatem
710 1794 901 1861 Jacob,
940 1814 959 1847 ι
986 1802 1039 1850 et
1071 1801 1287 1850 caetera.
1310 1794 1444 1848 Nam
1481 1766 1917 1865 propter-impie-

2020 1766 2337 1867 λίόρκηντο,
2376 1766 2700 1868 ἐμπρησμόν
2737 1813 2797 1850 τε
2847 1798 2941 1850 καὶ
2982 1766 3216 1867 ἐσχάτην
3254 1797 3488 1867 ἐρημίαν
3521 1795 3601 1848 τὸ

345 1892 485 1939 tates
513 1900 649 1954 quas
680 1896 866 1940 contra
895 1885 1069 1955 ipsum
1098 1893 1401 1955 gesserunt,
1427 1885 1573 1939 illico
1594 1900 1769 1955 neque
1784 1900 1914 1940 sane

347 1977 517 2030 multo
544 1984 688 2046 post,
728 1984 782 2031 et
813 1983 1050 2039 montes,
1081 1984 1135 2031 et
1172 1977 1267 2046 qui
1319 1976 1374 2030 in
1406 1976 1515 2032 illis
1556 1976 1913 2042 habitabant,

343 2067 656 2138 depopulati
685 2076 834 2132 sunt,
862 2068 1285 2139 incendiumque
1312 2076 1475 2139 atque
1503 2077 1800 2125 extremam
1825 2085 1929 2126 so--

343 2158 630 2213 litudinem
677 2174 838 2214 mons
866 2157 998 2214 Sion
1041 2160 1263 2229 pertulit
1289 2177 1303 2215 :
1335 2167 1390 2214 et
1440 2158 1617 2214 factus
1642 2167 1726 2213 est
1756 2174 1917 2215 mons

343 2250 537 2305 domus
562 2250 652 2305 Dei
678 2251 732 2304 in
766 2252 944 2306 lucum
977 2251 1145 2306 silvae.
1181 2250 1306 2305 Haec
1338 2251 1482 2306 enim
1517 2250 1573 2305 in
1608 2250 1820 2307 Domini
1846 2250 1916 2305 de

341 2340 482 2394 cado
509 2341 777 2395 descensu
824 2341 893 2395 ad
937 2341 1058 2396 illos
1104 2349 1367 2405 ventura,
1410 2357 1653 2411 prazsens
1697 2356 1916 2413 quoque

342 2430 633 2500 prophetia
666 2430 967 2501 signiﬁcat,
1014 2447 1135 2501 qua:
1171 2432 1334 2487 etiam
1367 2432 1671 2487 evidentem
1705 2433 1917 2489 exitum

340 2533 637 2580 consecuta
670 2532 798 2579 sunt
828 2532 951 2594 post
999 2523 1298 2581 Salvatoris
1331 2526 1503 2581 nostri
1534 2524 1664 2580 Jesu
1705 2524 1913 2581 Christi

342 2616 658 2673 adventum.
689 2614 846 2682 Quod
869 2617 917 2671 si
940 2616 1236 2687 quidquam
1276 2626 1466 2672 nostra
1494 2632 1712 2687 quoque
1742 2617 1915 2671 histo—

342 2708 422 2760 ria
453 2707 614 2770 valet,
645 2708 850 2763 nostris
878 2707 1122 2777 ipsorum
1156 2708 1492 2777 temporibus
1515 2749 1530 2772 ,
1588 2709 1735 2762 illam
1767 2707 1911 2761 anti-

340 2799 528 2869 quitus
563 2799 894 2854 celebratam
935 2799 1064 2853 Sion
1097 2797 1304 2869 junctis
1349 2800 1525 2855 bobus
1567 2815 1597 2853 a
1650 2798 1911 2855 Romanis

339 2892 473 2947 viris
507 2891 672 2956 arari,
701 2892 879 2948 oculis
909 2891 1115 2947 nostris
1146 2892 1505 2962 inspeximus,
1529 2902 1582 2947 et
1620 2893 1792 2961 ipsam
1822 2890 1913 2948 Je-

341 2985 600 3042 rusalem.
633 2972 1089 3054 quemadmodum
1123 2983 1299 3054 ipsum
1341 2983 1444 3038 hoc
1473 2985 1550 3037 ait
1589 2984 1871 3039 oraculum
1891 3023 1915 3048 ,.

342 3076 514 3130 instar
540 3091 823 3144 pomorum
848 3074 1110 3131 custodia:
1131 3076 1384 3141 desertae,
1410 3076 1477 3130 ad
1505 3083 1801 3131 extremam
1824 3092 1912 3132 re-

2020 1886 2156 1941 Σιὼν
2195 1888 2320 1959 ὅρος
2361 1889 2642 1959 ὑπέμεινε,
2678 1889 2773 1943 καὶ
2805 1889 2994 1958 γέγονε
3030 1890 3093 1942 τὸ
3142 1890 3267 1961 ὅρος
3308 1887 3409 1942 τοῦ
3435 1890 3593 1941 οἴκου

2014 1976 2107 2029 τοῦ
2134 1977 2268 2030 Θεοῦ
2302 1979 2382 2042 είς
2419 1979 2579 2043 ἄλσος
2616 1980 2842 2050 δρυμοῦ.
2885 1978 3069 2033 Ταῦτα
3109 1981 3205 2050 μὲν
3236 1976 3331 2032 οὖν
3381 1978 3475 2030 ἐπὶ
3516 1980 3593 2049 τῇ

2014 2068 2106 2119 τοῦ
2124 2067 2326 2140 Κυρίου
2356 2068 2413 2133 ἐξ
2433 2068 2675 2140 οὐρανῶν
2703 2070 2913 2142 καθόδῳ
2936 2070 3065 2142 περὶ
3080 2070 3319 2132 ἐκείνους
3341 2068 3593 2131 ἔσεσθαι,

2014 2158 2110 2211 καὶ
2149 2160 2183 2229 ἡ
2236 2158 2487 2229 παροῦσα
2527 2163 2830 2232 προφητεία
2870 2163 3157 2231 σημαίνει,
3188 2161 3224 2216 ἃ
3257 2163 3352 2215 καὶ
3382 2163 3593 2231 ἐναργῆ

2013 2249 2109 2321 τὴν
2160 2249 2382 2303 ἔκϐασιν
2436 2250 2623 2321 είληφε
2672 2250 2811 2322 μετὰ
2861 2252 2959 2323 τὴν
3001 2252 3095 2305 τοῦ
3139 2253 3391 2323 Σωτῆρος
3429 2251 3597 2322 ἡμῶν

2029 2339 2202 2411 Ἰησοῦ
2232 2339 2467 2411 Χριστοῦ
2507 2341 2829 2412 παρουσίαν.
2848 2343 2911 2395 Et
2937 2342 3066 2406 γοῦν
3090 2360 3143 2395 τι
3168 2342 3392 2394 δύναται
3429 2340 3523 2393 καὶ
3550 2342 3596 2411 ἠ

2014 2431 2256 2504 ἡμετέρα
2286 2431 2515 2502 ἱστορία,
2543 2431 2665 2484 καθ’
2699 2434 2845 2503 ἡμᾶς
2869 2433 3065 2496 αὐτοὺς
3099 2433 3197 2503 τὴν
3238 2432 3409 2486 πάλαι
3448 2431 3595 2501 βοω-

2018 2521 2182 2593 μένην
2243 2522 2381 2576 Σιὼν
2431 2522 2649 2592 ζεύγεσι
2696 2523 2834 2594 βοῶν
2882 2525 2987 2577 ὑπὸ
3047 2523 3331 2594 Ῥωμαίων
3374 2522 3593 2594 ἀνδρῶν

2014 2614 2321 2685 ἀρουμένην
2386 2614 2681 2687 ὀφθαλμοῖς
2733 2614 3179 2687 παρειλήφαμεν,
3239 2616 3333 2668 καὶ
3374 2616 3473 2684 τήν
3518 2629 3591 2680 γε

2026 2707 2397 2778 Ἰερουσαλὴμ,
2417 2707 2493 2771 ὡς
2516 2708 2644 2761 αὐτό
2672 2708 2735 2777 γέ
2765 2725 2895 2779 φησι
2925 2708 2985 2760 τὸ
3005 2708 3202 2776 λόγιον,
3229 2706 3591 2779 ὀπωροφυλα-

2013 2801 2132 2855 κίου
2175 2801 2329 2873 δίκην
2362 2801 2808 2870 ἀπολειφθέντος,
2848 2804 2905 2855 ἐν
2941 2801 3193 2857 παντελεί
3231 2802 3588 2854 καταστᾶσαν

2012 2894 2243 2964 ἐρημίᾳ⁶
2277 2893 2312 2948 ἃ
2346 2894 2439 2947 καὶ
2464 2893 2530 2946 δι’
2554 2893 2705 2947 οὐδὲν
2728 2894 2912 2966 ἕτερον
2938 2896 3121 2956 αὐτοῖς
3152 2893 3184 2962 ἢ
3210 2893 3296 2945 διὰ
3319 2892 3418 2955 τὰς
3454 2892 3587 2945 δυσ-

2014 2985 2229 3048 σεϐείας
2254 2984 2433 3038 αὐτῶν
2467 2987 2797 3057 συμϐέϐηκε,
2821 2989 2913 3041 καὶ
2944 2990 2972 3041 ό
2996 2987 3166 3055 Λόγος
3193 2990 3221 3040 ὁ
3241 2986 3494 3058 οὐράνιος
3519 2987 3591 3038 ἐκ

2011 3078 2104 3130 τοῦ
2121 3078 2321 3130 οἰκείου
2345 3078 2510 3131 τόπου
2533 3079 2884 3151 προελήλυθε.
2901 3079 3009 3132 Καὶ
3024 3078 3089 3132 δι’
3117 3079 3309 3150 ἐτέρας
3327 3078 3386 3130 δὲ
3406 3078 3591 3141 αἰτίας

341 3165 555 3219 dactam
593 3165 965 3230 solitudinem,
990 3181 1109 3236 quae
1142 3166 1358 3235 quidem
1390 3167 1459 3221 ob
1482 3168 1617 3221 nihil
1638 3166 1784 3221 aliud
1808 3168 1908 3231 eis,

2017 3170 2041 3220 ὁ
2077 3167 2171 3220 τοῦ
2205 3170 2340 3222 Θεοῦ
2390 3172 2560 3240 Λόγος
2609 3170 2897 3242 οὐρανόθεν
2936 3168 3354 3241 κατεληλυθέναι
3386 3185 3445 3221 τε
3493 3166 3597 3222 καὶ

341 3271 503 3327 quam
536 3264 758 3326 propter
790 3257 1097 3326 impietates
1128 3259 1372 3328 ipsorum
1409 3273 1667 3322 evenere,
1694 3268 1914 3329 propter

340 3362 481 3414 quas
506 3346 670 3401 etiam
698 3347 920 3403 caeleste
968 3349 1199 3403 Verbum
1246 3350 1313 3404 de
1353 3365 1453 3404 suo
1483 3351 1604 3405 loco
1659 3367 1914 3423 progres-

342 3452 462 3491 sum
487 3445 588 3491 est.
612 3430 694 3491 Ob
728 3437 873 3491 alias-
892 3451 1019 3491 vero
1052 3453 1248 3492 causas
1279 3437 1371 3492 Dei
1410 3437 1645 3493 Verbum
1675 3439 1745 3495 de
1770 3440 1925 3494 caelo

340 3538 404 3585 et-
426 3530 777 3585 descendisse
798 3536 851 3585 et
866 3545 1029 3600 super
1049 3531 1371 3586 altitudines
1386 3539 1546 3587 terra:
1574 3536 1909 3603 pervenisse,

341 3622 496 3691 prius
523 3622 635 3690 jam
663 3621 868 3676 dictum
898 3629 1003 3685 est,
1027 3622 1214 3693 utique
1238 3624 1401 3692 utqui
1426 3624 1555 3678 olim
1577 3626 1925 3680 extolleban-

340 3725 463 3779 tur,.
488 3724 541 3771 et
575 3714 738 3788 274
766 3716 821 3770 ἱη
860 3716 1093 3771 sublime
1134 3716 1479 3785 erigebantur
1521 3717 1793 3772 adversus
1819 3735 1914 3773 co-

341 3807 639 3877 guitinnem
670 3806 764 3862 Dei
797 3816 1038 3870 montes,
1094 3816 1569 3863 commoverentur
1623 3810 1810 3865 subter
1846 3826 1917 3865 eo

340 3900 628 3953 contraria:
656 3898 907 3955 videlicet
959 3909 1287 3970 potestates,
1339 3915 1461 3969 quae
1498 3909 1623 3955 ante
1659 3900 1779 3970 ejus
1818 3903 1925 3956 ad--

339 3999 559 4045 ventum
597 4007 707 4045 una
735 4007 858 4045 cum
888 3992 1115 4061 reliquis
1148 3992 1666 4060 hominibus,.etiam
1697 4001 1912 4062 gentem

341 4084 698 4148 Hebraicam,
750 4092 811 4140 ει
839 4084 1129 4154 impietatis
1170 4092 1228 4140 et
1271 4084 1690 4139 simulacrorum
1734 4086 1913 4141 cultus

341 4178 751 4248 operationibus
783 4177 1135 4245 addixeram;
1188 4184 1358 4248 utque
1406 4177 1560 4246 pravi
1599 4177 1909 4241 daemones,

340 4270 434 4340 qui
465 4269 634 4325 valles
658 4270 1020 4340 appellantur,
1057 4276 1342 4338 propterea
1372 4267 1518 4338 quod
1566 4268 1621 4322 in
1673 4269 1921 4324 hiatibus

340 4360 701 4416 tenebricosis
726 4369 779 4416 et
810 4375 1100 4431 corporum
1133 4360 1282 4416 cavis
1309 4360 1658 4415 diversantur
1679 4398 1696 4423 ,
1753 4359 1923 4429 quasi.

341 4469 466 4508 cera
485 4468 514 4507 a
540 4452 677 4508 facie
702 4453 850 4523 iguis-
874 4454 1259 4522 liquescentes,
1286 4452 1356 4508 ob
1384 4452 1549 4507 Verbi
1575 4453 1747 4507 divini
1776 4455 1906 4518 vim,

2015 3262 2396 3334 ἐπιϐεϐηκέναι
2436 3264 2529 3317 ἐπὶ
2574 3262 2643 3316 τὰ
2692 3262 2799 3331 ὕψη
2844 3264 2943 3332 τῆς
2994 3265 3123 3332 γῆς,
3176 3261 3276 3333 ἤδη
3321 3261 3596 3332 πρότερον

2013 3355 2250 3422 ἐλέγετο,
2278 3356 2425 3418 ὅπως
2456 3354 2526 3407 τὰ
2560 3356 2667 3425 μὲν·
2691 3354 2855 3407 πάλαι
2887 3353 3224 3424 ἐπαιρόμενα
3276 3353 3372 3407 καὶ
3418 3353 3596 3424 ὑπερ-

2017 3444 2293 3515 υψούμενα
2321 3445 2463 3498 κατὰ
2493 3448 2592 3516 τῆς
2621 3444 2875 3514 γνώσεως
2906 3443 2999 3497 τοῦ
3025 3444 3160 3496 Θεοῦ
3190 3443 3291 3514 ὅρη
3350 3442 3586 3513 σαλευθῇ

2014 3537 2362 3591 ὑποκάτωθεν
2395 3536 2559 3590 αὐτοῦ
2579 3576 2593 3600 ,
2631 3538 2687 3589 ai
2706 3537 2961 3607 δυνάμεις
2986 3535 3226 3607 δηλονότι
3251 3537 3308 3588 ai
3342 3534 3592 3589 ἀντικεί-

2017 3646 2195 3699 μεναι,
2225 3629 2280 3682 αἳ
2305 3628 2412 3699 πρὸ
2439 3629 2538 3698 τῆς
2562 3627 2725 3681 αὑτοῦ
2756 3626 3056 3697 παρουσίας
3080 3624 3218 3696 μετὰ
3247 3624 3363 3677 τῶν.
3387 3624 3595 3677 λοιπῶν

2013 3720 2312 3794 ἀνθρώπων
2337 3761 2352 3785 ,
2385 3721 2479 3774 καὶ
2509 3720 2569 3772 τὸ
2606 3719 2870 3791 Ἑϐραίων
2907 3718 3079 3785 ἔθνος,
3117 3720 3230 3779 τοῖς
3260 3717 3361 3787 τῆς
3396 3716 3596 3769 δυσσε-

2014 3814 2165 3878 ϐείας
2192 3815 2286 3868 καὶ
2310 3813 2748 3883 εἰδωλολατρείας
2772 3812 3058 3882 πράγμασι
3086 3808 3555 3864 καταδεδούλωντο
3570 3826 3588 3838 ·

2013 3910 2071 3961 oi;
2089 3907 2144 3959 δὲ
2180 3908 2405 3978 πονηροὶ
2428 3906 2698 3977 δαίμονες,
2727 3904 2968 3968 κοιλάδες
3013 3901 3432 3972 ἐπικαλούμενοι
3453 3940 3472 3965 ,
3502 3901 3596 3955 διὰ

2012 4000 2073 4051 τὸ
2095 4000 2152 4052 ἐν
2182 3999 2421 4069 χάσμασι
2452 3997 2704 4061 σκοτίοις,
2723 3999 2815 4050 καὶ
2838 3999 2947 4059 τοῖς
2972 3994 3080 4048 τῶν
3104 3995 3372 4066 σωμάτων
3395 3994 3594 4048 κοιλώ-

2017 4107 2181 4161 μασιν
2207 4088 2582 4158 ἐνδιατρίϐειν,
2613 4088 2689 4150 ὡς
2730 4086 2898 4156 κηρὸς
2944 4086 3051 4139 ἀπὸ
3089 4082 3382 4155 προσώπου
3418 4083 3595 4154 πυρὸς

2012 4180 2416 4250 τηκόμενοι,,τῇ
2451 4178 2545 4231 τοῦ
2572 4177 2714 4230 θείου
2748 4178 2920 4244 Λόγου
2952 4176 3175 4246 δυνάμει
3203 4172 3262 4238 ἐξ
3284 4173 3595 4243 ἀνθρώπιον

2013 4271 2313 4341 ἀπέφυγον.
2348 4270 2458 4325 Καὶ
2487 4270 2650 4341 ἑτέρα
2681 4268 2725 4321 δ’
2759 4268 2824 4322 ἂν
2866 4268 2950 4339 εἴη
2989 4267 3137 4338 παρὰ
3173 4267 3376 4328 ταύτας
3407 4265 3593 4327 αἰτία,

2013 4362 2133 4433 οὐχὶ
2156 4362 2413 4433 τυχοῦσα,
2438 4365 2535 4433 τῆς
2561 4361 2629 4426 ἐξ,
2641 4359 2883 4432 οὐρανῶν
2909 4359 3129 4414 καθόδου
3145 4360 3238 4413 τοῦ
3269 4358 3502 4431 Κυρίου,
3527 4359 3599 4428 ἢν

2016 4456 2045 4506 ὁ
2091 4455 2245 4523 λόγος
2294 4454 2744 4523 ἐπισημαίνεται,
2803 4453 2950 4516 ὅπως
2992 4453 3169 4506 πάντα
3204 4450 3275 4504 τὰ
3330 4453 3425 4504 ἐπὶ
3488 4453 3598 4521 γῆς

341 4547 410 4600 de
464 4545 777 4600 hominibus
814 4545 1081 4615 fugerent.
1142 4544 1210 4597 Et
1250 4545 1358 4598 alia
1408 4560 1537 4600 vero
1576 4555 1771 4615 praeter
1817 4561 1913 4600 eas

2017 4541 2165 4610 ἔθνη,
2200 4541 2307 4593 τῶν
2338 4541 2605 4613 δαιμόνων
2629 4540 3058 4604 ἀπελασθέντων,
3090 4540 3313 4595 καὶτῶν
3337 4542 3599 4612 ἀρχοντι-

339 4651 461 4691 esse
514 4644 691 4704 potest
729 4649 930 4700 causa,
984 4636 1073 4689 illa
1107 4636 1323 4704 quidem
1358 4651 1467 4689 non
1489 4636 1728 4705 vulgaris
1749 4674 1763 4698 ,
1813 4650 1913 4689 cur

2018 4632 2129 4685 κῶν
2160 4633 2484 4702 πνευμάτων
2519 4631 2858 4695 σεισθέντων,
2892 4635 2990 4703 τῆς
3022 4632 3190 4686 πάλαι
3215 4631 3396 4685 αὐτῶν
3426 4632 3599 4703 σκλη-

338 4726 615 4782 Βοηιίηιιει
633 4728 699 4783 de
727 4727 866 4781 caelo
888 4726 1252 4789 descenderit,
1272 4741 1434 4797 quam
1447 4728 1728 4781 oraculum
1756 4727 1913 4794 juxta

2024 4727 2120 4796 ρᾶς
2147 4725 2241 4778 καί⁸
2282 4725 2536 4795 ἀκινήτου
2565 4725 2875 4796 τυραννίδος
2922 4723 3416 4778 ὑπαναπνεύσαντα
3441 4763 3458 4787 ,
3497 4725 3599 4794 τὴν

341 4820 630 4890 signiﬁcat,
657 4829 716 4873 ut
754 4834 945 4874 omnes
973 4819 1029 4873 in
1058 4820 1190 4873 orbe
1224 4827 1494 4875 terrarum
1547 4829 1734 4891 gentes
1757 4858 1773 4883 ,
1804 4820 1914 4875 da:-

2020 4816 2314 4884 ἐπίγνωσιν
2346 4816 2439 4869 τοῦ
2471 4816 2562 4868 ἐπὶ
2592 4818 2807 4870 πάντων
2834 4815 3080 4889 ἀναλάϐῃ
3110 4814 3270 4869 Θεοῦ.
3318 4817 3432 4867 Καὶ
3458 4815 3600 4868 αὐτὰ

345 4912 597 4967 monibus
643 4911 849 4980 pulsis,
898 4918 951 4965 et
980 4910 1267 4979 spiritibus
1288 4912 1381 4981 qui
1413 4912 1774 4981 principatum
1815 4911 1915 4964 ha-

2017 4900 2117 4959 ὦδέ
2155 4923 2271 4968 πως
2310 4908 2365 4959 αἱ
2393 4906 2490 4976 τῆς
2525 4906 2693 4975 αὐτῆς
2734 4906 3067 4978 προφητείας
3111 4906 3287 4975 φωναὶ
3320 4904 3451 4976 ἑξῆς
3505 4906 3602 4958 καὶ

341 5003 543 5058 hebant
573 5005 858 5058 concussis
879 5043 905 5066 ,
946 5004 1015 5059 ab
1040 5004 1261 5074 antiqua
1289 5006 1391 5060 sub
1425 5005 1531 5060 illis
1561 5013 1614 5060 et
1641 5020 1830 5074 aspera
1859 5010 1917 5058 et

2023 4998 2164 5052 κατὰ
2190 4999 2250 5051 τὸ
2284 4999 2414 5052 αὐτὸ
2451 5000 2556 5053 ὑπὸ
2590 5002 2718 5071 μίαν
2768 5000 3060 5068 συνάφειαν
3105 4998 3345 5061 διανοίας
3391 5000 3601 5069 κηρύτ-

343 5095 607 5149 immobili
660 5096 944 5165 tyrannide
975 5098 1328 5168 respirantes,
1361 5099 1686 5168 agnitionem
1720 5113 1911 5167 supre-

2021 5110 2171 5145 τουσι
2193 5109 2205 5121 ·
2237 5111 2255 5142 ι
2287 5092 2396 5145 Καὶ
2419 5091 2569 5145 ἔσται
2594 5094 2680 5146 ἐπ’
2705 5093 2947 5162 ἐσχάτων
2973 5090 3082 5144 τῶν
3106 5090 3328 5161 ἡμερῶν
3354 5091 3601 5160 ἐμφανὲς

344 5187 416 5241 mi
451 5186 548 5241 Dei
573 5190 895 5258 reciperent.
930 5188 1071 5255 Quin
1100 5189 1262 5244 etiam
1319 5189 1437 5260 ipsa
1485 5190 1600 5244 haec
1650 5191 1706 5244 in
1764 5191 1911 5244 hunc

2017 5186 2077 5237 τὸ
2109 5185 2233 5255 ὄρος
2253 5184 2478 5255 Κυρίου,
2503 5183 2716 5252 ἕτοιμον
2751 5182 2843 5234 ἐπὶ
2874 5182 2973 5245 τὰς
2993 5179 3234 5251 κορυφάς
3261 5179 3373 5233 τῶν
3400 5181 3594 5251 ὁρέωνο

346 5278 562 5332 modum
607 5279 850 5348 ejusdem
888 5281 1183 5351 prapbetize
1225 5297 1388 5338 voces
1417 5282 1676 5352 deinceps
1720 5283 1911 5337 eadem

2020 5280 2115 5331 καὶ
2177 5276 2668 5349 μετεωρισθήσεται
2731 5275 2986 5346 ὑπεράνω
3050 5275 3159 5328 τῶν
3210 5273 3449 5344 βουνῶν·
3501 5273 3600 5324 καὶ

370 5371 555 5425 atione
588 5372 690 5426 sub
724 5387 889 5426 unam
925 5389 1123 5429 sensus
1153 5373 1554 5443 copulationem
1583 5375 1909 5429 enuntiant:

2023 5367 2344 5420 σπεύσουσιν
2399 5366 2484 5419 ἐπ’
2512 5360 2663 5421 ἀὐτὸ
2712 5366 2866 5429 λαοὶ,
2914 5367 3007 5420 καὶ
3056 5364 3414 5436 πορεύσονται
3467 5360 3599 5429 ἔθνη

345 5479 355 5489 ·
404 5458 472 5512 Et
494 5461 599 5514 erit
634 5462 686 5515 in
720 5463 1034 5519 novissimis
1062 5462 1594 5518 diebusmanil‘estus
1619 5478 1776 5517 mons
1804 5462 1912 5516 Do-

2021 5459 2228 5520 πολλὰ,
2265 5460 2360 5512 καὶ
2416 5458 2600 5529 ἐροῦσι
2623 5474 2638 5489 ο
2686 5458 2871 5523 Δεῦτε,
2907 5457 3196 5527 ἀναϐὦμεν
3235 5459 3317 5519 εἰς
3360 5454 3425 5507 τὸ
3471 5454 3599 5525 ὅρος

356 5550 500 5618 nini,
534 5561 756 5621 paratus
790 5553 844 5608 in
871 5554 1283 5610 summitatibus
1311 5555 1577 5613 montium
1605 5573 1627 5614 λ
1653 5562 1708 5609 et
1734 5554 1913 5609 extol-

2020 5551 2113 5604 τοῦ
2148 5552 2372 5621 Κυρίου,
2410 5552 2502 5605 καὶ
2538 5554 2616 5615 είς
2643 5552 2733 5605 τὸν
2763 5549 2908 5605 οἷκον
2938 5549 3030 5603 τοῦ
3072 5548 3207 5603 Θεοῦ
3250 5545 3469 5610 Ἰακὼϐ,
3501 5543 3602 5599 καὶ

412 5707 465 5738 ’⁸
487 5707 651 5763 Μὶοίι.
682 5726 720 5773 1,
754 5707 805 5775 εἰ,
835 5708 886 5763 6.
933 5711 977 5741 ⁸⁵
1002 5709 1132 5764 ibid.
1164 5709 1249 5775 12,
1298 5710 1379 5765 15.
1459 5711 1501 5743 ⁸³
1531 5709 1670 5765 ibid.
1700 5706 1781 5775 l3,
1812 5708 1892 5763 16.

2030 5696 2201 5762 Μὶριι.
2231 5723 2308 5773 PM,
2348 5706 2427 5760 12.
