3828 6220
213 256 328 315 457

1131 250 1787 311 DEMONSTRATIONIS
1824 251 2287 307 EVANGELICIE
2327 251 2456 308 LIB.
2498 250 2588 307 Vl.

3376 254 3483 310 658

212 377 489 443 δείξουσιν
519 378 651 448 ἡμῖν
686 376 783 447 τὴν
827 376 947 430 ὁδὸν
971 374 1166 439 αὑτοῦ,
1201 378 1295 430 καὶ
1338 376 1716 448 πορευσόμεθα
1748 376 1806 428 ἐν

1909 375 2052 430 letur
2083 389 2249 446 super
2271 374 2476 442 colles,
2524 379 2579 430 et
2624 371 3095 429 festinabunt-ad--
3111 389 3233 429 eum
3277 377 3483 445 populi.

210 473 337 533 ταῖς
369 470 580 542 τρίϐοις
603 469 789 524 αὑτοῦ.
827 472 920 524 Ἐκ
952 471 1061 543 γὰρ
1093 470 1229 525 Σιὼν
1254 470 1592 535 ἐξελεύσεται
1617 469 1797 540 νόμος,

209 561 311 613 καὶ
344 559 502 628 λόγος
551 559 756 631 Κυρίου
789 556 860 623 ἐξ,
902 558 1291 630 Ἰερουσαλὴμ,
1336 558 1428 613 καὶ
1475 561 1651 630 κρινεί
1698 557 1801 611 ἀνὰ

213 650 386 720 μέσον
408 649 521 702 τῶν
547 648 739 702 ἐθνῶν.
770 670 788 702 ι
829 649 1066 703 Τοιαῦτα
1089 651 1184 704 καὶ
1222 650 1465 722 περὶτῆς
1496 649 1606 703 τῶν
1631 648 1800 703 ἐθνῶν

210 739 487 811 κλήσεως,
521 739 558 793 ἂ
586 740 680 793 καὶ
705 740 895 803 ὁποίας
933 739 1112 810 ἔχεται
1137 740 1397 804 διανοίας,
1430 740 1579 804 ὅπως
1618 756 1674 792 τε
1706 739 1800 792 καί

213 832 356 886 αὐτὰ
391 831 531 902 μετὰ
554 831 653 903 τὴν
688 831 783 885 τοῦ
821 832 1070 904 Σωτῆρος
1115 832 1271 905 ἡμῶν
1311 832 1613 904 παρουσίαν
1646 831 1799 896 τέλος

213 924 458 993 εἴληφεν,
496 923 588 975 ἐπὶ
619 922 816 994 σχολῆς
846 922 911 976 ἄν
959 941 1043 987 τις
1087 922 1412 994 καταμάθοι.
1467 921 1800 985 Ἀκολούθως

211 1033 277 1084 γε
305 1017 415 1087 μὴν
432 1015 641 1079 τούτοις
656 1015 955 1087 ἀρχόμενος
980 1017 1008 1068 6
1026 1015 1125 1086 τῆς
1151 1016 1484 1086 προφητείας
1502 1013 1677 1084 λόγος,
1700 1014 1800 1067 ὡσ-

211 1105 278 1161 ὰν
313 1106 408 1158 ἐπὶ
443 1103 687 1176 σωτηρία
719 1106 780 1158 οὑ
817 1104 976 1174 μόνον
1002 1103 1096 1157 τοῦ
1132 1104 1399 1158 Ἰουδαίων
1428 1104 1633 1169 έθνους,
1664 1104 1799 1158 ἀλλὰ

212 1197 305 1250 καὶ
337 1195 449 1249 τῶν
481 1196 647 1250 ἐθνῶν
678 1197 957 1263 ἁπάντων,
989 1197 1090 1268 τῆς
1128 1196 1223 1250 τοῦ
1243 1196 1446 1269 Κυρίου
1472 1200 1551 1261 είς
1592 1196 1799 1270 ἀνθρώ-

209 1305 347 1352 πους
374 1286 601 1341 καθόδου
625 1287 1139 1359 γενησομένης,τοῖς
1167 1288 1316 1352 λαοῖς
1342 1290 1436 1343 καὶ
1450 1293 1562 1353 τοῖς
1590 1290 1683 1342 ἐπὶ
1696 1290 1798 1361 γῆς

210 1380 418 1433 ἅπασιν
432 1380 713 1449 ἐπιφωνεῖ,
739 1379 963 1447 λέγων’(
988 1379 1302 1445 Ἀκούσατε,
1320 1379 1440 1434 λαοὶ
1466 1380 1686 1445 πάντες,
1704 1381 1797 1435 καὶ

209 1469 531 1541 προσεχέτω
551 1473 584 1541 ἡ
610 1470 699 1540 γῆ,
717 1470 811 1523 καὶ
839 1470 1040 1534 πάντες
1061 1472 1110 1523 οἱ
1145 1472 1203 1524 ἐν
1224 1472 1383 1543 αὐτῇ.
1406 1491 1424 1522 ι
1447 1472 1558 1526 Καὶ
1578 1472 1638 1525 τὸ
1660 1490 1799 1544 μαρ-

205 1559 393 1630 τύριον
419 1559 477 1612 δὲ
497 1558 591 1612 τοῦ
618 1558 823 1622 πάθους
849 1559 1092 1630 ᾐνίττετο
1134 1560 1228 1614 τοῦ
1266 1561 1472 1631 Κυρίου
1496 1563 1792 1634 ἐπιφέρων·

209 1649 355 1703 (Καὶ
367 1648 519 1702 ἔσται
531 1649 729 1721 Κύριος
742 1650 770 1701 6
783 1649 914 1712 Θεὸς
930 1649 1080 1721 ὑμῶν
1094 1651 1173 1715 εἰς
1192 1652 1503 1723 μαρτύριον.
1517 1669 1535 1702 ι
1549 1647 1656 1706 Εἴθ’
1673 1653 1799 1725 ἑξῆς

1910 465 1978 520 Et
2007 466 2160 522 ibunt
2182 475 2370 538 gentes
2404 465 2608 529 multae,
2640 471 2696 519 et
2720 460 2942 520 dicent:
2980 462 3192 527 Venite,
3224 465 3478 521 ascende.

1908 575 2032 615 mus
2062 560 2119 614 in
2146 569 2386 614 montem
2426 556 2663 623 Domini,
2690 564 2745 612 et
2787 556 2844 611 in
2898 556 3119 613 domum
3148 556 3243 613 Dei
3271 555 3441 615 Jacob
3464 597 3482 625 ,

1907 658 1959 706 et
1997 649 2287 706 ostendent
2327 650 2488 706 nobis
2516 649 2660 703 viam
2693 649 2844 720 ejus,
2893 656 2948 704 et
2991 649 3394 706 ambulabimus
3427 649 3485 704 in

1907 742 2118 797 semitis
2140 741 2280 811 ejus.
2321 741 2399 797 De
2431 740 2562 797 Sion
2593 741 2737 796 enim
2769 740 2939 796 exibit
2978 741 3063 796 lex
3083 780 3098 805 ,
3158 748 3213 797 et
3256 741 3483 795 verbum

1907 835 2126 891 Domini
2161 835 2229 891 de
2254 833 2578 899 Jerusalem,
2607 842 2661 891 et
2696 835 2965 905 judicahit
2994 834 3135 889 inter
3155 840 3347 905 gentes
3364 834 3432 888 ".
3459 853 3478 884 ι

1905 927 2056 984 Talia
2087 944 2220 986 sane
2258 928 2327 985 de
2355 928 2643 984 vocatione
2697 929 2939 999 gentium
2971 926 3117 981 dicta
3146 932 3276 982 sunt
3306 945 3319 981 :
3363 940 3484 996 qua:

1904 1021 2124 1092 quidem
2162 1036 2272 1092 quo
2303 1036 2467 1077 sensu
2510 1020 2827 1090 accipienda
2881 1020 3028 1082 sint,
3081 1026 3135 1074 et
3181 1032 3290 1088 quo
3321 1024 3484 1088 pacto

1905 1113 2025 1182 ipsa
2053 1126 2271 1183 quoque
2303 1121 2426 1182 post
2444 1109 2744 1166 Salvatoris
2766 1109 2940 1165 nostri
2979 1108 3291 1172 adventum,
3320 1105 3481 1159 tinem

1905 1205 2230 1274 acceperint,
2264 1218 2360 1274 per
2387 1204 2558 1258 otium
2590 1202 2729 1273 quis,
2750 1200 2975 1256 liberius
3006 1198 3217 1254 discere
3238 1197 3438 1268 poterit
3463 1215 3476 1249 :

1904 1311 2026 1351 cum
2059 1296 2128 1351 iis
2161 1304 2342 1351 tamen
2366 1293 2707 1350 concordans
2738 1308 2862 1363 qua:
2885 1282 2997 1362 jam
3039 1291 3286 1361 exposita
3331 1295 3479 1357 sunt,

1907 1386 1960 1439 in
1994 1386 2114 1455 ipso
2154 1384 2453 1456 prophetiae
2482 1382 2887 1439 exordio.idem
2914 1380 3220 1443 oraculum,
3253 1392 3362 1432 non
3393 1391 3480 1432 se-

1904 1493 2003 1533 cus
2041 1492 2106 1532 ac
2135 1479 2182 1533 si
2211 1477 2279 1532 ad
2338 1478 2568 1534 salutem
2609 1492 2719 1532 non
2746 1474 3006 1530 .Judaica:
3030 1472 3215 1544 gentis
3264 1471 3490 1535 soluw,.

1904 1568 2409 1627 seduniversarum
2440 1568 2706 1638 gentium,
2737 1564 2953 1619 Domini
2987 1563 3055 1617 ad
3097 1562 3347 1619 homines
3381 1559 3479 1616 dea

1905 1674 2132 1715 scensus
2153 1658 2370 1715 futurus
2401 1666 2569 1724 esset,
2604 1658 2672 1712 ad
2697 1671 2889 1712 omnes
2908 1655 3139 1727 populos
3158 1694 3174 1719 ,
3204 1652 3271 1707 ad
3291 1651 3495 1708 omnia.

203 1741 420 1804 δαύτδς
438 1740 641 1812 προῖὼν
672 1741 975 1812 προφήτης,
1016 1742 1162 1794 ὡσὰν
1188 1742 1289 1814 ἤδη
1309 1743 1708 1815 προπαιδεύσας
1722 1743 1791 1797 τὰ

1891 1765 2013 1820 quae
2046 1758 2174 1806 sunt
2201 1752 2257 1806 in
2289 1757 2437 1806 terra
2465 1749 2666 1805 clamat
2701 1747 2933 1802 dicens:
2969 1762 2989 1797 ί
3028 1744 3246 1807 Audite,
3286 1741 3475 1813 populi

203 1836 338 1907 περὶ
362 1835 466 1906 τῆς
498 1834 783 1907 ὑπάρξεως
801 1835 895 1888 τοῦ
911 1834 1045 1888 Θεοῦ
1064 1836 1258 1905 Λόγου,
1274 1838 1373 1908 τῆς
1385 1855 1445 1891 τε
1467 1837 1524 1905 ἐξ
1544 1837 1789 1910 οὐρανῶν

202 1925 376 1980 αὐτοῦ
406 1926 783 1989 καταϐάσεως,
828 1926 922 1980 καὶ
944 1926 1021 1990 ὠς
1055 1925 1123 1980 τὰ
1156 1928 1304 1981 αἴτια
1337 1930 1437 1999 τῆς
1469 1931 1548 1993 είς
1579 1929 1759 2002 ἀνθρώ

202 2036 345 2083 πους
364 2018 533 2071 αὑτοῦ
552 2019 851 2089 παρουσίας
868 2018 1166 2090 προειπὼν,
1184 2021 1466 2092 ἑπομένως
1481 2022 1579 2093 τὴν
1601 2026 1681 2087 είς
1696 2024 1762 2077 ἀν
1778 2055 1790 2062 -

199 2107 233 2161 θ
239 2107 461 2179 ρώπους
478 2109 640 2162 αὐτοῦ
655 2110 919 2179 ἐσομένην
932 2110 1165 2178 γένεσιν,
1180 2114 1273 2166 καὶ
1282 2113 1411 2166 αὐτὸ
1420 2114 1484 2185 δὴ
1500 2114 1575 2187 (1)
1593 2117 1789 2188 χωρίον

198 2199 333 2254 ἔνθα
362 2200 721 2272 τεχθήσεσθαι
751 2201 992 2273 ἔμελλεν,
1011 2196 1113 2257 ὧδέ
1139 2222 1255 2268 πως
1283 2205 1544 2272 διδάσκει,
1579 2206 1750 2276 λέγων
1770 2227 1783 2240 ·

204 2295 354 2348 «Καὶ
379 2296 446 2348 σὺ
488 2294 735 2367 Βηθλεέμ
758 2291 906 2360 οἶκος
926 2296 1019 2350 τοῦ
1051 2297 1314 2367 Ἐφραθὰ,
1328 2299 1601 2369 ὀλιγοστὸς
1624 2299 1675 2355 εἶ
1694 2302 1786 2356 τοῦ

195 2382 348 2442 εἶναι
394 2390 453 2441 ἐν
501 2388 733 2460 χιλιάσιν
793 2388 962 2442 Ἰούδα
987 2404 1000 2417 '
1052 2391 1117 2443 ἐκ
1166 2390 1260 2443 σοῦ
1305 2408 1423 2461 μοι,
1449 2391 1786 2457 ἐξελεύσεται

192 2476 530 2547 ἡγούμενος,
553 2476 649 2530 τοῦ
679 2472 818 2530 εἶναι
853 2478 932 2541 είς
960 2479 1195 2552 ἄρχοντα
1221 2481 1278 2533 ἐν
1301 2480 1377 2551 τῷ
1417 2481 1662 2554 Ἰσραὴλ,
1691 2484 1786 2538 καὶ

192 2567 257 2619 at
284 2564 458 2629 ἔξοδοι
486 2564 652 2620 αὑτοῦ
678 2567 773 2620 ἀπ’
803 2566 981 2636 ἀρχῆς
1009 2567 1068 2632 ἐξ
1100 2569 1325 2642 ἡμερῶν
1356 2570 1570 2635 αἰῶνος.
1603 2591 1621 2623 ι
1643 2573 1787 2626 Ἐπι-

194 2655 386 2728 μελῶς
410 2656 470 2709 δὲ
504 2658 759 2728 πρόσχες,
788 2657 912 2711 τίνα
933 2658 1135 2730 τρόπον
1158 2657 1254 2711 τοῦ
1286 2659 1380 2713 ἐπὶ
1410 2659 1509 2731 τὴν
1538 2660 1785 2733 Βηθλεὲμ

191 2746 431 2818 (χωρίον
480 2746 537 2799 δέ
568 2749 688 2800 ἐστι
719 2748 878 2802 τοῦτο
914 2749 1013 2821 τῆς
1058 2749 1362 2820 Ἰουδαίας)
1409 2751 1782 2823 φανησομένου

187 2837 301 2903 τὰς
333 2838 547 2902 ἐξόδους
589 2839 796 2894 ἄνωθεν
828 2843 922 2894 καὶ
955 2841 1014 2908 ἐξ
1046 2841 1242 2905 αἰῶνος
1285 2842 1580 2911 ὑφεστάναι
1613 2844 1779 2915 φησὶ,

187 2929 300 3000 τὴν
347 2928 529 2983 ἔνθεον
568 2929 745 3002 δηλῶν
779 2931 1123 3003 προΰπαρξίν
1156 2948 1217 2984 τε
1262 2932 1358 2986 καὶ
1390 2932 1645 2987 οὑσίωσιν
1680 2934 1777 2987 τοῦ

110 3016 117 3023 ³
187 3021 263 3072 ἐκ
320 3018 566 3090 Βηθλεὲμ
612 3020 1072 3092 προελευσομένου
1105 3021 1385 3093 ἄρχοντος.
1431 3024 1495 3077 Εί
1542 3024 1640 3094 μὲν
1687 3020 1780 3081 οῦν

185 3112 311 3183 ἔχοι
341 3130 426 3177 τις
458 3113 544 3183 ἐφ’
589 3113 775 3186 ἕτερον
811 3115 1100 3187 ἀναφέρειν
1141 3118 1232 3169 τὸν
1264 3116 1511 3188 χρησμὸν
1534 3157 1548 3182 ,
1577 3117 1665 3181 τίς
1692 3111 1781 3171 οῦ·
1809 3100 1854 3162 c

182 3221 291 3268 τος
312 3245 328 3270 ,
361 3204 733 3265 ἀποδεικνύτω
757 3223 770 3236 ·
803 3209 852 3260 εί
877 3207 921 3259 δ’
950 3206 1051 3261 οὐκ
1080 3206 1226 3261 ἐστιν
1268 3208 1448 3280 εὑρεῖν
1470 3208 1656 3280 ἕτερον
1683 3210 1779 3264 τοῦ
1810 3218 1814 3222 ’

186 3299 452 3370 Σωτῆρος
483 3298 642 3369 ἡμῶν
678 3299 853 3371 Ἰησοῦ
887 3299 1124 3371 Χριστοῦ
1144 3342 1159 3366 ,
1197 3302 1256 3366 ὃς
1304 3303 1462 3374 μόνος
1516 3302 1652 3374 μετὰ
1680 3305 1780 3376 τὴν

189 3391 540 3463 προφητείαν
580 3390 791 3446 ἐνθένδε
841 3392 1169 3464 ὡρμημένος
1214 3393 1436 3463 βοᾶται,
1490 3396 1545 3448 τί
1595 3395 1779 3449 λοιπὸν

187 3480 450 3552 ἐμποδὼν
482 3482 556 3553 μὴ
588 3482 710 3552 οὐχὶ
741 3482 1120 3553 συνομολογεῖν
1160 3484 1416 3556 ἀλήθειαν
1462 3489 1529 3559 τῇ
1570 3505 1781 3559 προφη-

186 3574 344 3645 τείᾳ,
371 3574 465 3627 ἐπὶ
493 3574 640 3645 μόνῳ
668 3574 816 3645 αύτῷ
840 3574 1144 3649 σαλευούσῃ
1169 3575 1267 3648 τὴν
1296 3578 1636 3650 πρόρρησιν;
1668 3582 1782 3635 Μό-

190 3686 289 3733 νος
320 3668 453 3738 γοῦν
490 3665 645 3734 οὗτος
683 3669 975 3741 ἐπιφανὴς.
1000 3669 1108 3724 τῶν
1137 3670 1365 3724 πώποτε
1405 3672 1642 3742 γεγονὼς
1662 3713 1677 3738 ,
1714 3676 1780 3728 ἐκ

187 3761 290 3815 τοῦ
333 3762 736 3833 προειρημένου
781 3763 984 3834 χωρίου
1032 3762 1131 3834 τῆς
1176 3762 1425 3836 Βηθλεέμ
1472 3764 1614 3835 μετὰ
1653 3767 1780 3829 τοὺς

189 3854 295 3925 τῆς
366 3853 707 3926 προφητείας
762 3854 990 3926 χρόνους
1048 3855 1109 3908 τὸ
1173 3854 1515 3926 ἀνθρώπειον
1578 3856 1778 3921 ὑποδὺς

192 3946 386 4017 σχῆμα
438 3945 838 4018 προελήλυθενο
893 3947 1008 4018 ἃμα
1067 3963 1129 4000 τε
1172 3949 1239 4018 τῇ
1288 3948 1454 4002 αὐτοῦ
1508 3947 1779 4020 παρουσίᾳ

188 4037 499 4109 ἐπληροῦτο
530 4039 600 4093 τὰ
632 4039 1106 4112 προηγορευμένα.
1126 4039 1337 4094 Αὐτίκα
1367 4040 1521 4110 γοῦν,
1552 4042 1647 4095 καὶ
1676 4041 1778 4095 οὐκ

190 4130 273 4193 είς
305 4129 544 4202 μικρὸν,
565 4130 643 4203 τῷ
669 4132 767 4202 μὲν
801 4132 1074 4186 Ἰουδαίων
1104 4131 1249 4186 έθνει
1273 4132 1482 4187 ἕκαστα
1511 4133 1619 4188 τῶν
1646 4151 1776 4205 προ-

188 4222 622 4294 πεφητευμένων
668 4222 1009 4296 σκυθρωπῶν
1053 4226 1267 4296 ἀπήντα
1289 4242 1304 4255 ’
1349 4228 1464 4289 τοῖς
1496 4225 1552 4278 δὲ
1599 4224 1775 4278 ἔθνεσι

186 4314 355 4368 πάλιν
378 4313 449 4367 τὰ
476 4315 743 4372 ἀκόλουθα
776 4319 890 4380 τοῖς
923 4316 1309 4388 θεσπίσμασιν,
1341 4318 1504 4382 αὑτός
1535 4335 1594 4371 τε
1620 4310 1776 4383 οὗτος

181 4408 215 4461 ὁ
259 4407 456 4485 ἃυτῂρ
501 4409 596 4462 καὶ
641 4409 841 4481 Κύριος
885 4409 1045 4480 ἡμῶν
1092 4411 1157 4464 ἐκ
1216 4410 1464 4483 Βηθλεὲμ
1490 4410 1772 4484 ὁρμηθεὶς,

184 4499 493 4570 ἡγούμενος
542 4501 823 4573 ἀνεδείχθη
865 4501 988 4555 τοῦ
1014 4501 1155 4556 κατὰ
1215 4502 1454 4557 διάνοιαν
1513 4503 1732 4575 Ἰσραὴλ
1754 4542 1769 4568 ,

183 4590 334 4646 οὕτω
358 4591 561 4656 παντὸς
590 4590 687 4643 τοῦ
718 4591 1026 4663 διορατικοῦ
1053 4592 1146 4646 καὶ
1169 4590 1456 4656 θεοσεϐοῦς
1485 4591 1615 4645 λαοῦ
1638 4608 1771 4664 χρη-

188 4677 526 4748 ματίζοντος.
559 4679 670 4731 Καὶ
697 4679 794 4732 θέα
823 4696 913 4748 γε,
941 4681 1089 4745 ὅπως
1122 4679 1221 4745 τὰς
1246 4678 1457 4746 ἐξόδους
1481 4681 1644 4737 αὐτοῦ
1670 4682 1770 4754 τῆς

181 4771 373 4825 ἐνθέου
403 4769 802 4843 προῦπάρξεως
832 4774 929 4826 ἀπ’
959 4773 1134 4844 ἀρχῆς
1159 4773 1255 4827 καὶ
1292 4773 1353 4838 ἐξ
1381 4773 1606 4847 ἡμερῶν
1636 4775 1769 4828 αἰῶ-

180 4881 275 4928 νος
298 4864 444 4935 ἔχειν
482 4864 700 4933 λέγεται
718 4883 731 4895 ·
759 4866 896 4938 ὅπερ
926 4868 1027 4920 οὑκ
1055 4866 1122 4920 ἂν
1156 4868 1446 4939 ἁρμόσειεν
1479 4867 1768 4940 ἀνθρώπου

183 4954 370 5026 φύσει.
416 4956 640 5022 Τούτοις
688 4957 816 5027 ἐξῆς
863 4961 892 5012 6
944 4959 1279 5031 προφητικὸς
1321 4958 1510 5027 λόγος,
1562 4958 1770 5023 ὑποϐὰς

186 5047 410 5118 μικρὸν,
440 5048 536 5100 καὶ
566 5047 663 5102 νῦν
685 5048 850 5103 πάλιν
886 5049 988 5119 τῆς
1019 5050 1185 5105 πάλαι
1213 5051 1442 5123 νομικῆς
1471 5050 1769 5123 θρησκείας

180 5141 281 5209 τὴν
325 5140 678 5212 περιγραφὴν
744 5142 849 5195 καὶ
886 5141 1203 5214 καθαίρεσιν
1255 5142 1654 5213 ὑποσημαίνει,
1700 5145 1767 5198 ἐκ

182 5231 481 5303 προσώπου
512 5233 607 5287 τοῦ
638 5234 770 5288 λαοῦ
802 5233 976 5303 λέγων
1000 5253 1012 5265 ·
1046 5254 1064 5288 ι
1102 5236 1191 5289 Ἐν
1218 5235 1325 5289 τίνι
1350 5226 1644 5290 καταλᾶϐω
1671 5237 1763 5290 τὸν

181 5324 421 5397 Κύριον;
468 5325 803 5397 ἐπιλήψομαι
845 5324 982 5379 Θεοῦ
1021 5343 1119 5397 μου
1149 5325 1404 5396 ὑψίστους
1435 5328 1484 5379 εί
1522 5326 1760 5398 καταλή-

179 5414 354 5485 ψομαι
373 5415 539 5470 αὑτὸν
565 5418 624 5470 ἐν
642 5417 1105 5488 ὁλοκαυτώμασιν,
1123 5419 1181 5472 ἐν
1209 5417 1429 5490 μόσχοις
1450 5418 1758 5483 ἐνιαυσίοις

180 5508 227 5559 εἰ
262 5508 341 5560 δῶ
384 5508 704 5579 πρωτότοκα
734 5508 940 5571 κοιλίας
979 5525 1080 5579 μου
1111 5508 1250 5580 ὑπὲρ
1285 5509 1558 5580 ἁμαρτίας
1582 5508 1762 5582 ψυχῆς

248 5600 295 5630 ⁸⁷
332 5598 496 5653 Mich.
521 5615 594 5662 tv,
625 5600 681 5654 2.
758 5601 804 5632 ⁸⁸
827 5600 989 5655 Mich.
1016 5617 1068 5667 v,
1095 5600 1150 5655 Ξ.

251 5691 333 5761 (ί)
373 5688 732 5747 Desideralur
760 5690 840 5745 τέο.
883 5690 1037 5747 Enn.

1892 1856 2105 1906 omnes,
2132 1848 2186 1896 et
2213 1841 2459 1897 attendat
2489 1844 2726 1905 terra,et
2743 1835 3047 1905 omnesqui
3079 1834 3132 1887 in
3167 1847 3230 1888 ea
3261 1842 3405 1887 sunt.
3449 1850 3470 1882 ι

1890 1931 2291 1989 Testimonium
2318 1947 2446 1988 vero
2475 1929 2624 2002 quod
2650 1936 2843 1984 contra
2867 1928 3046 1999 ipsum
3068 1925 3358 1980 Dominum
3387 1921 3474 1977 di-

1890 2035 2037 2079 ctum
2067 2031 2330 2088 est,_cum
2370 2034 2531 2078 esset.
2560 2035 2859 2091 passurus,
2910 2019 2986 2071 ita
3024 2015 3315 2087 signiﬁcat,
3352 2032 3372 2066 ι
3405 2012 3473 2067 Et

1888 2115 1994 2171 erit
2035 2114 2298 2170 Dominus
2328 2114 2475 2169 Deus
2529 2119 2709 2169 vester
2734 2113 2792 2166 in
2831 2108 3229 2165 testimonium.
3270 2124 3289 2158 ι
3324 2104 3467 2161 Tum

1889 2205 2147 2275 deinceps
2187 2205 2329 2261 idem
2365 2205 2626 2276 propheta
2651 2203 2898 2256 oratione
2936 2214 3257 2270 progressus
3284 2237 3300 2264 ,
3349 2207 3471 2252 tan-

1886 2312 2048 2367 quam
2076 2298 2124 2352 is
2152 2297 2246 2367 qui
2272 2304 2399 2351 aute
2432 2296 2545 2366 jam
2577 2293 2859 2349 docuisset
2878 2306 2941 2346 ea
2964 2289 3089 2361 quae
3116 2291 3184 2345 ad
3216 2290 3472 2345 substanr

1887 2390 2017 2444 tiam
2042 2388 2135 2444 Dei
2168 2387 2332 2442 Verbi
2366 2386 2595 2456 ejusque
2623 2384 2689 2440 de
2713 2384 2854 2440 ccelo
2875 2384 3200 2438 descensum
3232 2381 3472 2461 pertine-

1885 2487 2028 2546 rent,
2047 2488 2100 2534 et
2123 2486 2383 2549 tanquam
2405 2478 2453 2532 si
2475 2477 2594 2547 ejus
2616 2475 2685 2530 ad
2706 2476 2957 2532 homines
2979 2474 3472 2543 adventus_causas

1884 2571 2245 2642 praedixisset,
2258 2560 2461 2625 ordine
2493 2568 2752 2638 deinceps
2782 2566 3026 2622 futurum
3053 2565 3298 2636 ejusdem
3329 2566 3471 2621 inter

1884 2664 2047 2735 275
2082 2663 2331 2719 homines
2371 2670 2573 2725 ortum,
2597 2663 2867 2733 planeque
2886 2660 3051 2716 etiam
3084 2661 3261 2731 ipsum
3286 2659 3468 2714 locum

1884 2756 1942 2810 in
1972 2772 2083 2826 quo
2108 2756 2354 2810 futurum
2375 2761 2495 2810 erat
2523 2762 2583 2808 ut
2610 2762 2949 2817 nasceretur,
2985 2750 3191 2807 indicat
3225 2751 3465 2806 dicens.z

1889 2867 1908 2900 ι
1950 2848 2016 2901 Et
2045 2855 2103 2902 tu
2132 2846 2445 2902 Bethlehem
2488 2844 2683 2901 domus
2727 2842 2989 2913 Ephrata,
3023 2843 3248 2896 minima
3291 2856 3371 2906 es,
3405 2846 3467 2894 ut

1883 2942 1960 2998 sis
1981 2941 2037 3015 iln
2061 2940 2302 2995 millibus
2320 2936 2461 2992 Juda
2493 2955 2505 2991 :
2539 2952 2604 2992 ex
2633 2943 2687 2991 te
2714 2935 2849 2989 mihi
2877 2935 3186 3006 egredietur
3212 2934 3303 3003 qui
3322 2947 3465 3002 prae-

1884 3033 1977 3098 sit,
2004 3042 2063 3088 ut
2088 3033 2160 3088 sit
2182 3033 2236 3086 in
2268 3029 2570 3102 principem
2605 3028 2662 3083 in
2694 3026 2863 3083 Israel
2917 3036 2972 3082 et
3029 3026 3210 3082 exitus
3248 3024 3370 3095 ejus
3393 3024 3464 3080 ab

1884 3125 2064 3190 initio,
2081 3140 2151 3180 ex
2166 3122 2360 3179 diebus
2385 3122 2574 3178 saeculi
2603 3121 2668 3176 ⁸⁸,
2702 3140 2720 3172 ι
2747 3119 3131 3175 Attendevero
3150 3119 3463 3190 diligenter,

1883 3212 2347 3285 quemadmodum
2381 3213 2505 3283 ejus
2546 3211 2642 3282 qui
2676 3212 2730 3264 in
2761 3209 3078 3265 Bethlehem
3114 3211 3186 3265 sit
3241 3207 3463 3279 conspis

1882 3304 2112 3360 ciendus
2147 3312 2253 3371 (est
2281 3312 2462 3359 autem
2486 3302 2797 3359 Bethlehem
2825 3300 3026 3358 Iudaeae
3055 3301 3253 3374 locus),
3280 3301 3465 3357 exitus

1883 3396 2030 3451 dicat
2080 3394 2316 3465 desuper
2360 3402 2417 3449 et
2460 3409 2490 3448 a
2548 3395 2751 3450 saeculo
2797 3395 3071 3451 existere:
3108 3401 3314 3463 utpote,
3367 3388 3466 3462 qui

1884 3489 2153 3559 principis
2183 3488 2253 3543 de
2280 3488 2596 3544 Bethlehem
2647 3488 3011 3559 progressuri,
3049 3487 3290 3542 divinam
3317 3483 3463 3539 indi-

1880 3597 2009 3638 care
2057 3583 2188 3636 velit
2237 3582 2558 3638 substantiae
2608 3581 3065 3645 antecessionem,
3114 3576 3464 3649 propagatio-

1880 3689 2115 3743 nemque
2154 3688 2423 3743 personae.
2460 3673 2517 3728 Si
2559 3674 2685 3744 quis
2718 3675 2882 3746 igitur
2907 3679 2991 3729 est
3034 3672 3129 3742 qui
3172 3669 3466 3726 oraculum

1878 3764 2085 3820 referre
2133 3764 2311 3835 possit
2337 3763 2407 3819 ad
2452 3764 2618 3818 alium
2649 3762 2985 3834 quempiam,
3016 3774 3085 3814 ne
3132 3760 3458 3822 cunctetur;

1879 3858 2075 3928 prodat
2107 3871 2240 3912 sane
2270 3856 2437 3922 hunc,
2472 3856 2724 3926 quisnam
2759 3856 2865 3921 sit;
2899 3853 2995 3909 sed
3020 3852 3068 3908 si
3100 3850 3242 3905 alius
3263 3856 3460 3919 preter

1881 3946 2219 4004 Salvatorem
2243 3957 2491 4005 nostrum
2519 3946 2708 4003 Jesum
2753 3947 3033 4002 Christum
3060 3940 3314 4003 inveniri
3347 3953 3459 3993 non

1878 4049 2082 4112 potest,
2117 4041 2212 4111 qui
2256 4041 2410 4095 solus
2453 4046 2575 4110 post
2605 4040 2766 4093 talem
2798 4036 3141 4109 prophetiam
3178 4033 3305 4088 inde
3329 4044 3459 4102 pro.-

1876 4133 2056 4188 fectus
2087 4132 2418 4197 celebratur,
2445 4131 2577 4202 quid
2605 4126 3229 4199 tandemimpedimenti
3262 4139 3458 4195 super-

1876 4235 1981 4291 est,
2034 4242 2105 4283 ne
2150 4242 2261 4281 una
2304 4241 2430 4281 cum
2476 4227 2593 4298 ipsa
2636 4223 2920 4295 prophetia
2970 4223 3253 4278 veritatem
3285 4219 3458 4274 fatea-

1876 4334 2022 4381 mur,
2052 4333 2173 4387 quae
2228 4318 2284 4371 in
2318 4333 2485 4372 unum
2522 4317 2674 4372 illum
2728 4330 2883 4371 suam
2938 4312 3124 4384 dirigit
3150 4310 3459 4382 praedictio-

1808 4435 1852 4490 ι)
1879 4409 2040 4465 nem?
2071 4408 2205 4463 Nam
2236 4410 2387 4464 solus
2416 4409 2507 4465 ille
2543 4409 2808 4475 omnium,
2834 4405 2929 4477 qui
2967 4419 3206 4475 unquam
3232 4403 3459 4459 exstite-

1877 4501 2009 4569 rint,
2032 4517 2098 4557 ex
2131 4517 2198 4557 eo
2224 4501 2538 4556 Bethlehem
2567 4501 2711 4565 loco,
2745 4498 2813 4554 de
2841 4513 2951 4569 quo
2968 4499 3083 4569 jam
3109 4495 3315 4550 dictum
3345 4500 3452 4559 est,

1877 4592 2169 4650 manifeste
2216 4593 2490 4663 postejus
2524 4591 2822 4663 prOphetite
2864 4601 3130 4660 tempora,
3158 4589 3456 4642 humanam

1877 4685 2102 4741 subiens
2132 4683 2384 4749 formam,
2432 4699 2757 4755 progressus
2795 4689 2922 4746 est;
2953 4689 3118 4750 atque
3168 4678 3314 4733 illico
3341 4690 3453 4731 una

1874 4792 1998 4833 cum
2029 4778 2148 4847 ejus
2175 4777 2439 4842 adventu,
2462 4792 2526 4832 ea
2568 4791 2691 4847 qua:
2739 4776 2853 4845 jam
2900 4774 3158 4845 praedicta
3211 4771 3450 4834 fuerant,

1872 4870 2139 4940 completa
2157 4877 2305 4925 sunt.
2323 4870 2515 4939 Itaque
2538 4884 2569 4924 e
2588 4869 2818 4938 vestigio
2839 4867 2958 4921 sine
2979 4879 3151 4927 mora,
3175 4877 3455 4934 quaecum-

1872 4975 1978 5030 que
2005 4961 2178 5016 tristia
2210 4969 2263 5016 et
2293 4960 2492 5017 infesta
2537 4959 2780 5016 Iudaicae
2836 4958 2981 5029 genti
3030 4956 3288 5027 praedicta
3333 4954 3448 5009 fue-

1870 5061 2018 5117 rant,
2054 5062 2355 5108 evenerunt
2388 5073 2403 5109 :
2438 5068 2502 5108 ac
2533 5067 2728 5107 rursus
2772 5050 2984 5106 caeteris
3020 5048 3295 5120 gentibus,
3324 5058 3454 5100 ora-

1871 5146 2015 5201 culis
2048 5152 2440 5213 consentanea,
2473 5153 2637 5215 atque
2682 5143 2799 5213 ipse
2834 5143 2923 5196 hic
2976 5139 3227 5196 Salvator
3249 5145 3304 5193 et
3340 5134 3451 5190 Do-

1873 5240 2064 5295 minus
2088 5249 2279 5296 noster
2302 5240 2356 5294 in
2384 5239 2719 5295 Bethlehem.
2746 5250 3095 5307 progressus,
3127 5231 3249 5302 ejus
3282 5228 3450 5285 Israel

1872 5333 2152 5404 princeps,
2182 5333 2277 5403 qui
2314 5333 2383 5388 ad
2429 5331 2847 5402 intelligentiam
2898 5325 3154 5386 refertur.
3203 5323 3452 5378 declara-

1870 5433 1960 5480 tus
1988 5436 2073 5481 est
2101 5445 2114 5482 :
2146 5427 2349 5497 quippe
2372 5441 2495 5481 cum
2526 5440 2592 5480 eo
2619 5424 2841 5478 nomine
2866 5420 3099 5492 populus
3120 5414 3449 5486 omnis.qui-

1870 5529 2104 5585 cumque
2146 5514 2315 5571 Deum
2349 5526 2402 5572 et
2436 5515 2617 5571 videre
2647 5522 2702 5570 et
2728 5513 2816 5584 pie
2848 5510 3026 5567 colere
3056 5512 3312 5581 assuetus
3350 5503 3446 5571 sit,
