3828 6220
223 257 330 313 ω

1149 261 1805 321 DEMONSTRATIONIS
1840 266 2302 324 EVANGELICIE
2340 268 2472 324 LIB.
2508 268 2601 327 Vl.

3394 275 3503 330 452

223 380 525 453 διείληφεν·
567 380 631 433 Ἦ
664 381 761 451 μὲν
791 382 900 452 γὰρ
926 383 1026 454 τῆς
1045 385 1379 455 προφητείας
1402 385 1567 451 λέξις,
1599 408 1617 440 ι
1639 390 1699 443 '0
1728 392 1822 460 ὲρ-
1848 396 1896 453 Α
1922 405 1988 446 eo
2016 389 2060 423 7‘

1922 405 1988 446 eo
2016 389 2086 446 ⁷⁸.
2123 409 2143 442 ι
2175 390 2242 446 Et
2295 405 2429 447 sane
2484 398 2710 462 specta,
2763 391 3222 462 quemadmodum
3274 396 3418 462 quod
3467 410 3500 449 a

223 472 485 542 χόμενος,
517 489 535 522 t
568 472 755 541 φησὶν,
793 490 811 523 ι
841 472 959 544 ἥξει
980 514 995 538 ,
1016 474 1114 527 καὶ
1140 475 1200 527 οὑ
1231 476 1490 546 χρονίσει.
1524 497 1544 529 ι
1571 479 1685 533 Καὶ
1704 479 1824 534 ἐπι-

224 563 421 634 φέρει·
458 583 478 615 σ
518 563 646 617 Ἐὰν
667 564 1085 636 ὑποστείληται,
1104 568 1205 621 οὑκ
1238 568 1449 623 εὐδοκεῖ
1474 572 1508 643 ὴ
1539 570 1684 642 ψυχή
1717 589 1821 643 μου

223 658 287 710 ἐν
314 658 485 729 αὑτῷ,
515 678 534 710 t
565 660 702 731 ὅπερ
739 660 1163 731 συναπτόμενον,
1188 662 1484 731 ἀνάγεσθαι
1518 664 1722 731 δόξειεν
1753 664 1820 719 ἂν

222 751 326 803 ἐπὶ
371 750 465 804 τὸν
502 752 833 822 ἐρχόμενον,
867 753 963 807 καὶ
1011 754 1073 807 ού
1109 755 1458 827 χρονίζοντα,
1492 759 1629 828 ὅπερ
1672 758 1819 812 ἐστὶν

220 842 451 898 ἄτοπον.
484 844 613 907 Πῶς
639 844 749 916 γὰρ
794 846 882 899 ἐπ’
925 846 1133 901 ἐκεῖνον
1178 850 1407 921 ἁρμόσει
1457 852 1520 905 τὸ
1562 851 1817 921 λέγεσθαι

226 932 304 1005 μὴ
337 935 576 991 εὑδοκεῖν
603 939 661 990 ἐν
694 936 844 1009 αὑτῷ
865 938 958 992 τὸν
993 939 1124 994 Θεόν
1145 959 1159 1007 ;
1179 942 1318 996 Ἀλλ’
1342 945 1374 1016 ἡ
1401 944 1501 1015 τῆς
1528 944 1816 1016 διαστολῆς

221 1028 532 1098 παράθεσις
559 1029 901 1095 ἐναλλάξασα
932 1031 1031 1104 τὴν
1059 1032 1155 1086 τοῦ
1194 1034 1355 1104 λόγου
1403 1036 1675 1104 σύνταξιν,
1715 1038 1814 1111 τὴν

218 1118 462 1173 διάνοιαν
498 1120 760 1176 ἐσώσατο.
796 1123 952 1177 Μετὰ
977 1124 1087 1198 γὰρ
1109 1127 1190 1190 τὸ,
1228 1145 1249 1181 ι
1280 1129 1400 1181 Ἔτι
1439 1129 1633 1202 μικρὸν
1665 1131 1810 1198 ὅσον,

216 1210 246 1262 ό
273 1210 575 1282 ἐρχόμενος
600 1212 742 1283 ἥξει,
779 1215 873 1267 καὶ
895 1215 954 1268 οὑ
991 1217 1260 1289 χρονίσει,
1295 1236 1313 1269 ι
1340 1217 1467 1289 ἑξῆς
1492 1219 1697 1291 συνῆψε
1726 1220 1808 1284 τὸ,

216 1319 242 1352 ι
284 1300 349 1354 '0
370 1301 430 1355 δὲ
455 1301 662 1366 δίκαιος
694 1305 759 1356 ἐκ
796 1304 1034 1369 πίστεως
1062 1306 1310 1378 ζήσεται.
1338 1327 1356 1359 ι
1396 1304 1529 1362 Εἶτα
1556 1309 1618 1362 τὸ
1651 1311 1709 1362 ἐν
1739 1313 1807 1382 τῇ

215 1391 534 1465 προφητείᾳ
553 1392 771 1465 πρῶτον
793 1394 1067 1466 κείμενον,
1095 1395 1328 1463 ὑπέταξε
1356 1398 1606 1473 δεύτερον
1631 1403 1688 1454 ἐν
1707 1401 1805 1472 τῷ,

219 1500 239 1532 ι
271 1482 387 1536 Καὶ
417 1481 515 1538 ἐὰν
550 1484 964 1557 ὑποστείληται,
998 1489 1098 1541 οὑκ
1147 1490 1356 1544 εὐδοκεῖ
1386 1492 1419 1563 ἡ
1452 1491 1595 1564 ψυχή
1625 1510 1725 1564 μου
1748 1495 1806 1548 ἐν

211 1572 391 1645 αὐτῷ.
433 1594 453 1627 ι
493 1576 675 1641 Ἀπαξ
705 1577 813 1650 γὰρ
844 1578 1111 1644 θεσπίσας
1150 1581 1178 1633 ό
1216 1580 1373 1651 λόγος
1402 1582 1489 1636 διὰ
1523 1584 1624 1655 τῆς
1674 1602 1807 1657 προ-

210 1668 480 1739 φητείας,
514 1668 596 1722 ὅτι
623 1669 686 1742 δὴ
716 1669 777 1724 τὸ
803 1670 920 1739 φῶς
952 1672 1014 1726 τὸ
1047 1675 1182 1726 πᾶσι
1223 1676 1338 1739 τοῖς
1376 1674 1583 1729 ἔθνεσιν
1626 1674 1802 1748 ἐπηγ-

1924 482 2195 552 prepheta
2242 483 2536 538 obscurius
2575 484 2816 554 positum
2857 491 2972 548 est,
3024 491 3314 555 propterea
3351 485 3495 556 quod

1920 588 2019 643 per
2053 575 2430 644 trajectionem
2466 576 2738 645 prolatum
2773 576 2867 639 sit,
2908 574 3154 644 Epistula
3185 576 3243 630 in
3272 590 3497 631 sensum

1922 665 2223 735 planiorem
2254 666 2638 731 transtulerit;
2674 666 2843 722 verba
2885 667 3032 722 enim
3073 668 3376 739 prophetiae
3405 668 3495 724 sic

1917 753 2122 811 habent
2156 772 2171 810 :
2206 773 2227 808 ι
2259 755 2502 812 Veniens
2530 758 2743 823 veniet,
2776 767 2830 813 et
2862 773 2975 813 non
3008 759 3356 827 morabitur;
3389 777 3409 811 ι
3441 767 3499 814 et

1918 844 2167 919 adjungit
2195 866 2208 904 :
2242 866 2262 900 ι
2296 845 2353 903 Si
2387 849 2726 904 subtraxerit
2754 865 2844 914 se,
2875 866 2987 905 non
3016 849 3157 906 bene
3184 850 3289 907 sibi
3315 851 3500 921 placet

1920 940 2106 994 anima
2135 955 2255 995 mea
2288 941 2344 994 in
2374 955 2462 996 eo.
2496 960 2515 994 ι
2542 940 2697 1007 Quod
2728 942 2949 1008 quidem
2990 942 3120 997 dum
3156 943 3229 998 ita
3264 945 3495 1014 conjun-

1912 1031 2078 1101 gitur,
2116 1030 2274 1088 facile
2308 1032 2659 1089 referendum
2693 1049 2818 1090 esse
2852 1035 3106 1090 videatur
3137 1035 3205 1090 ad
3238 1050 3361 1091 eum
3395 1038 3493 1107 qui

1912 1132 2178 1179 venturus
2203 1131 2320 1189 est,
2349 1132 2406 1180 et
2432 1140 2544 1180 non
2573 1126 2918 1194 morabitur;
2953 1133 3009 1181 at
3036 1127 3089 1182 id
3117 1126 3336 1199 quidem
3367 1144 3494 1199 per-

1911 1233 2075 1289 quam
2119 1217 2442 1274 absurdum.
2481 1218 2587 1286 Qui
2626 1221 2772 1275 enim
2814 1220 2933 1275 ﬁeri
2972 1228 3150 1291 potest
3189 1229 3250 1276 ut
3285 1221 3364 1277 illi
3397 1237 3492 1277 ac-

1910 1308 2291 1364 commodetur
2326 1310 2475 1381 quod
2514 1310 2738 1374 dicitur,
2779 1325 2892 1364 non
2931 1311 3149 1380 placere
3186 1311 3291 1366 sibi
3330 1311 3384 1365 in
3422 1327 3494 1369 eo

1909 1400 2147 1455 animam
2179 1416 2367 1466 suam,
2396 1402 2444 1457 si
2471 1400 2540 1457 de
2565 1400 2677 1456 Deo
2709 1401 2781 1457 sit
2814 1402 3041 1456 sermo?
3071 1399 3177 1457 Sed
3207 1402 3491 1458 distinctio

1906 1508 2029 1563 quae
2057 1493 2305 1564 apposita
2335 1504 2455 1559 est,
2487 1509 2616 1549 cum
2658 1493 2953 1549 verborum
2999 1501 3336 1550 structuram
3366 1511 3491 1550 mu-

1904 1583 2104 1639 taverit
2123 1622 2138 1648 ,
2167 1599 2392 1665 sensum
2423 1588 2789 1643 conservavit.
2821 1586 2955 1641 Nam
2990 1593 3114 1656 post
3141 1587 3273 1641 illud
3299 1605 3312 1642 :
3338 1605 3358 1638 ‹
3384 1586 3490 1641 Ad-

1906 1673 2014 1728 huc
2051 1674 2328 1731 modicum
2369 1676 2914 1747 aliquantulumque,
2954 1675 3051 1746 qui
3097 1683 3360 1731 venturus
3402 1685 3487 1733 est

209 1758 507 1829 γελμένον,
545 1760 633 1815 διὰ
665 1740 767 1831 τῆς
799 1762 1039 1834 Χριστοῦ
1085 1767 1391 1837 παρουσίας
1430 1766 1528 1837 ὀψέ
1556 1785 1686 1822 ποτε
1711 1740 1803 1823 καὶ
1833 1740 1875 1794 Β
1903 1767 2060 1822 venie

1903 1767 2112 1831 veniet,
2149 1774 2341 1824 etnon
2372 1740 2649 1835 tardabit,
2683 1787 2702 1822 ι
2731 1740 2991 1823 continuo
3024 1767 3272 1836 adjunxit
3305 1768 3482 1826 illud:

208 1851 459 1923 ἑσπέρας
501 1853 754 1907 ἀνατελεῖ
777 1895 793 1920 ,
846 1855 942 1909 καὶ
983 1856 1045 1909 οὐ
1081 1856 1429 1927 διαψεύσεται
1483 1858 1659 1929 (οὑτω
1695 1859 1803 1933 γὰρ

205 1941 336 1995 ἀντὶ
368 1942 485 2009 τοῦ,
520 1962 539 1995 ι
571 1944 666 1998 καὶ¹
700 1944 800 1999 οὑκ
835 1947 915 2009 είς
940 1946 1118 2010 κενὸν,
1155 1966 1175 1999 ι
1212 1949 1242 2001 ὁ
1276 1948 1506 2012 Ἀκύλας
1532 1950 1805 2020 ἡρμήνευ-

207 2035 327 2104 cev)
350 2052 365 2065 θ
405 2036 599 2090 ἔπειτα
623 2036 712 2091 διὰ
741 2037 804 2091 τὸ
836 2037 1050 2109 μέλλειν
1077 2038 1177 2110 ὀψὲ
1195 2040 1291 2093 καὶ
1318 2039 1557 2112 ἑσπέρας
1584 2039 1803 2093 ἔσεσθαι

202 2125 308 2198 τὴν
327 2126 425 2181 τοῦ
446 2129 922 2201 προφητεύομένου
950 2130 1272 2199 παρουσίαν,
1289 2132 1369 2193 εἰς
1394 2129 1672 2202 ὑπομονὴν
1698 2146 1803 2183 παρ

202 2219 523 2294 ρακαλέσας
538 2220 627 2275 διὰ
638 2219 757 2286 τοῦ,
769 2240 788 2273 ι
812 2221 938 2276 Ἐὰν
957 2222 1255 2293 ὑστερήσῃ,
1272 2221 1566 2293 ὑπόμεινον
1581 2220 1762 2285 αὑτὸν,
1777 2240 1795 2273 ι

199 2311 240 2382 ἢ
274 2330 296 2364 ι
324 2311 425 2366 ἐὰν
468 2313 713 2386 μελλήσῃ
763 2313 1063 2386 προσδέχου
1102 2314 1301 2369 αὐτόν’
1346 2315 1428 2367 ὅτι
1458 2314 1486 2365 ό
1509 2315 1801 2385 ἐρχόμενος

196 2403 329 2474 ἥξει
369 2407 467 2460 καὶ
508 2406 569 2459 οὗ
630 2405 707 2479 μὴ
760 2406 1028 2480 χρονίσῃ,
1071 2426 1091 2459 ι
1155 2406 1249 2460 ἐπὶ
1309 2405 1408 2478 τὴν
1472 2405 1655 2460 πίστιν
1700 2406 1801 2476 τῆς

199 2498 568 2570 προρρήσεως
607 2498 704 2551 τὸν
747 2498 1022 2571 ἀκροατὴν
1066 2500 1328 2571 παρορμᾷ
1365 2498 1540 2568 λέγων
1564 2514 1579 2529 ⁸
1641 2499 1699 2552 Ὀ
1733 2499 1798 2571 δὴ

194 2589 420 2654 τούτοις
447 2589 756 2655 πιστεύων,
803 2590 863 2658 ἐξ
891 2591 1063 2662 αὐτῆς
1109 2591 1208 2662 τῆς
1243 2590 1480 2654 πίστεως
1519 2590 1683 2644 αὑτοῦ
1720 2589 1800 2643 δί-

196 2698 367 2745 καιος
394 2682 734 2754 ἀναδειχθεὶς
755 2723 769 2749 ,
800 2683 897 2755 τὴν
931 2684 1074 2737 κατὰ
1102 2684 1236 2737 Θεὸν
1267 2683 1493 2765 ζήσεται
1522 2683 1668 2755 ζωήν
1687 2701 1700 2714 ·
1721 2683 1798 2748 ὼς

196 2773 444 2844 ἔμπαλιν
465 2776 493 2828 ὁ
516 2774 784 2840 ἀπιστῶν,
808 2778 865 2829 ἐν
887 2770 967 2839 οἷς
988 2775 1369 2848 ὑποστείληται
1395 2775 1470 2847 μὴ
1494 2774 1793 2847 θαρσήσας,

198 2865 348 2937 μηδὲ
365 2866 737 2937 ἐμπιστεύσας
756 2871 868 2933 τοῖς
888 2869 1009 2941 είρη
1019 2869 1222 2940 μένοις,
1236 2870 1338 2923 οὐκ
1364 2869 1576 2922 εὐδοκεῖ
1595 2870 1629 2938 ἡ
1647 2868 1792 2940 ψυχή

197 2974 311 3028 μου
346 2959 403 3010 ἐν
433 2958 603 3030 αὐτῷ.
644 2959 854 3013 Οὐκοῦν
902 2961 995 3014 καὶ
1029 2961 1182 3014 αὐτοὶ
1209 2960 1421 3025 τούτοις
1451 2959 1789 3024 ἀκολούθως,

194 3049 596 3116 ἐναλλάξαντες
621 3051 683 3104 τὸ
710 3050 925 3123 πρῶτον
956 3052 1182 3124 ὕστερον
1201 3094 1217 3119 ,
1254 3053 1348 3106 καὶ
1384 3053 1707 3124 μεταθέντες
1731 3051 1793 3105 τὸ

192 3140 432 3215 ὕστερον
462 3144 555 3196 ἐπὶ
576 3144 637 3197 τὸ
658 3143 896 3215 πρῶτον,
923 3144 1171 3216 σώσομεν
1191 3146 1280 3199 τὸν
1303 3145 1427 3199 νοῦν
1449 3144 1550 3215 τῆς
1570 3142 1788 3211 λέξεως,

195 3234 346 3303 μετὰ
370 3234 431 3287 τὸ
451 3274 466 3299 ,
503 3254 522 3286 ι
554 3236 673 3289 Ὀτι
700 3238 727 3289 ὁ
760 3236 1052 3308 ἐρχόμενος
1084 3236 1224 3309 ἥξει,
1260 3238 1354 3292 καὶ
1385 3239 1443 3291 ού
1467 3236 1737 3310 χρονίσει,
1768 3254 1787 3288 ι

192 3325 324 3379 καθ’
354 3326 663 3398 ὑπερϐατὸν
692 3328 1056 3392 συνάπτοντες
1081 3330 1143 3383 τὸ
1164 3370 1179 3395 ,
1220 3349 1239 3382 ι
1279 3332 1338 3384 Ὁ
1368 3330 1424 3383 δὲ
1453 3329 1659 3394 δίκαιός
1691 3343 1791 3400 μου

191 3416 264 3467 ἐκ
314 3414 552 3480 πίστεως
599 3415 862 3489 ζήσεται,
902 3436 921 3469 ι
949 3417 1045 3470 καὶ
1077 3416 1255 3489 τούτῳ
1301 3416 1645 3486 ἐπιλέγοντες
1687 3415 1749 3468 τὸ
1772 3454 1787 3479 ,

197 3528 218 3559 ι
268 3508 399 3562 Ἐὰν
441 3509 860 3581 ὑποστείληται,
908 3510 1011 3563 οὑκ
1051 3508 1266 3563 εὐδοκεῖ
1307 3509 1341 3580 ή
1384 3507 1529 3579 ψυχή
1569 3525 1670 3579 μου
1730 3509 1789 3562 ἐν

190 3599 370 3671 αὑτῷ.
391 3619 410 3651 ι
436 3599 622 3672 Ταύτῃ
647 3601 705 3654 δὲ
733 3603 831 3655 καὶ
851 3604 879 3655 ὁ
914 3599 1147 3665 Ἀκύλας
1177 3602 1244 3672 τῇ
1273 3599 1482 3670 διανοίᾳ
1505 3599 1789 3670 συντρέχει

190 3691 375 3761 λέγων
398 3708 412 3721 ⁸
443 3710 462 3742 ι
504 3692 632 3747 Ἐὰν
668 3692 910 3764 μελλήσῃ
936 3733 953 3758 ,
984 3692 1282 3764 προσδέχου
1313 3690 1497 3755 αὑτὸν,
1527 3691 1609 3745 ὅτι
1635 3689 1791 3763 ἐρχόσ

195 3798 365 3853 μενος
392 3780 707 3849 ἐλεύσεται,
733 3783 831 3837 καὶ
861 3783 921 3835 ού
950 3782 1204 3853 βραδυνεί
1223 3800 1236 3812 ·
1280 3782 1388 3835 ίδοὺ
1416 3780 1787 3852 νωχελευομέ-

191 3890 313 3936 νου,
348 3874 451 3926 οὐκ
480 3872 667 3927 εὐθεῖα
696 3874 730 3945 ἡ
754 3862 901 3946 ψυχή
939 3890 1042 3946 μου
1076 3876 1135 3928 ἐν
1164 3871 1335 3943 αύτῷ,
1363 3871 1459 3925 καὶ
1488 3872 1697 3934 δίκαιος
1728 3872 1787 3924 ἐν

191 3965 382 4018 πίστει
416 3965 581 4019 αὑτοῦ
609 3965 853 4038 ζήσεται.
891 3985 911 4018 ι

1909 1874 1929 1908 ι
1962 1855 2156 1914 Justus
2196 1867 2380 1913 autem
2418 1874 2486 1914 ex
2526 1859 2634 1914 ﬁde
2670 1859 2838 1923 vivet,
2871 1878 2890 1910 ›
2925 1857 3131 1915 Deinde
3164 1859 3299 1914 illud
3337 1857 3485 1930 quod

1903 1947 1961 2003 in
2000 1950 2290 2020 prophetia
2339 1951 2579 2022 primum
2617 1953 2853 2021 positum
2903 1959 3020 2015 est,
3072 1951 3316 2007 secundo
3362 1953 3487 2008 loco

1901 2040 2168 2110 subjecit,
2221 2042 2313 2097 ubi
2365 2043 2480 2097 ait:
2514 2061 2534 2095 ι
2562 2042 2720 2109 Quod
2764 2042 2811 2097 si
2857 2043 3191 2098 subtraxerit
3237 2058 3324 2110 se,
3372 2059 3484 2100 non

1900 2131 2041 2188 bene
2091 2133 2197 2189 sibi
2231 2134 2410 2204 placet
2440 2134 2623 2190 anima
2651 2149 2773 2190 mea
2806 2133 2862 2188 in
2890 2150 2975 2189 eo.
3006 2155 3025 2187 ›
3049 2134 3186 2189 Cum
3218 2136 3365 2191 enim
3396 2151 3485 2192 se—

1900 2225 2005 2280 mel
2041 2224 2325 2280 oraculum
2356 2239 2456 2297 per
2484 2226 2660 2297 ipsam
2690 2225 3034 2297 prepbetiam
3068 2227 3371 2293 cecinerit,
3405 2226 3486 2281 lu-

1900 2332 2018 2373 cem
2050 2317 2308 2373 omnihus
2343 2319 2674 2387 promissam
2715 2318 2972 2387 gentibus
3009 2333 3107 2388 per
3139 2317 3344 2373 Christi
3382 2318 3482 2374 ad-

1898 2416 2121 2465 ventum
2143 2409 2436 2481 aliquando
2461 2411 2678 2467 tandem
2705 2419 2760 2467 et
2781 2411 2848 2465 ad
2872 2425 3160 2482 vesperum
3188 2411 3479 2478 orituram,

1896 2508 1951 2556 et
1980 2516 2092 2556 non
2133 2501 2523 2559 frustraturam
2582 2503 2686 2575 (sic
2733 2504 2880 2558 enim
2932 2518 3034 2573 pro
3075 2518 3141 2559 eo
3192 2502 3339 2574 quod
3360 2511 3477 2567 est,

1904 2610 1925 2644 ι
1956 2600 2011 2647 et
2059 2607 2170 2647 non
2219 2594 2276 2648 in
2323 2610 2565 2659 vanum,
2599 2614 2619 2647 ι
2647 2595 2845 2665 Aquila
2891 2602 2977 2650 est
3024 2595 3476 2665 interpretatus);

1895 2683 2095 2739 deinde
2144 2683 2291 2754 quod
2342 2700 2469 2740 sero
2513 2691 2568 2740 et
2619 2685 2687 2739 ad
2739 2700 3025 2754 vesperum
3072 2684 3293 2741 futurus
3331 2692 3479 2741 esset

1895 2772 2049 2842 ejus,
2095 2773 2164 2828 de
2211 2789 2322 2844 quo
2363 2774 2652 2844 prophetia
2692 2775 2958 2844 loquitur,
3008 2774 3308 2840 adventus,
3351 2774 3478 2830 ideo

1894 2864 2004 2921 illis
2050 2866 2237 2921 verbis
2262 2906 2277 2931 ,
2311 2885 2330 2918 ‹
2364 2863 2422 2920 Si
2453 2867 2666 2922 tardius
2698 2866 2912 2933 veniet,
2947 2873 3204 2936 exspecta
3234 2866 3419 2931 illum,
3448 2885 3470 2919 ι

1894 2955 1998 3020 vel,
2028 2974 2047 3007 ι
2072 2956 2118 3012 si
2139 2957 2515 3021 cunctabitur,
2543 2957 2731 3028 accipe
2754 2957 2904 3013 illum
2929 2975 2944 3025 ;
2969 2958 3229 3027 quoniam
3246 2958 3476 3013 veniens

1893 3048 2074 3103 veniet
2093 3088 2108 3114 ,
2135 3058 2188 3103 et
2210 3063 2321 3103 non
2348 3048 2588 3103 tardabit
2612 3088 2627 3114 ,
2660 3067 2679 3101 ›
2707 3048 2774 3103 ad
2797 3049 3114 3120 patientiam
3140 3062 3345 3105 vocans
3375 3064 3477 3103 au-

1893 3140 2123 3196 ditorem
2145 3180 2160 3206 ,
2193 3146 2255 3196 ut
2278 3141 2538 3196 vaticinio
2566 3140 2726 3196 ﬁdem
2759 3141 3046 3209 adhibeat,
3079 3141 3353 3207 hortatur,
3387 3139 3476 3197 di—

1889 3246 2020 3286 cens
2040 3270 2054 3296 ,
2088 3247 2214 3288 eum
2241 3233 2337 3303 qui
2365 3232 2452 3288 his
2481 3232 2648 3288 rebus
2677 3232 3006 3299 crediderit,
3036 3232 3131 3288 ubi
3161 3248 3228 3288 ex
3261 3247 3358 3288 sua
3389 3231 3473 3304 ip-

1889 3327 2005 3383 sius
2050 3324 2154 3381 ﬁde
2193 3326 2380 3396 justus
2422 3325 2738 3381 declaratus
2771 3324 2974 3385 fuerit.
3006 3323 3177 3380 vitam
3204 3339 3327 3395 quae
3361 3323 3472 3381 Deo

1886 3417 2120 3487 placeat,
2151 3416 2447 3479 victurum,
2483 3416 2627 3472 sicut
2658 3431 2689 3472 e
2745 3416 3046 3480 contrario,
3078 3414 3173 3484 qui
3211 3429 3323 3471 non
3350 3429 3473 3470 cre-

1886 3507 2114 3572 diderit,
2164 3507 2257 3562 ubi
2293 3506 2627 3563 subtraxerit
2669 3520 2766 3570 se,
2813 3520 2925 3561 non
2965 3503 3252 3560 conlidens
3290 3519 3471 3574 neque

1887 3597 2118 3653 credens
2148 3596 2236 3653 his
2267 3611 2389 3668 quae
2416 3596 2562 3651 dicta
2598 3601 2760 3661 sunt,
2798 3594 3042 3649 futurum
3086 3600 3147 3647 ut
3188 3608 3298 3647 non
3330 3593 3469 3648 bene

1888 3686 1991 3742 sibi
2020 3688 2231 3757 placeat
2253 3688 2436 3741 anima
2465 3687 2522 3740 in
2542 3700 2628 3742 eo.
2657 3685 2800 3756 Ergo
2821 3700 2923 3741 nos
2954 3698 3176 3754 quoque
3200 3687 3320 3754 ipsa
3350 3683 3467 3738 haec

1883 3789 2212 3849 sequentes,
2259 3780 2305 3835 si
2347 3778 2867 3834 commutaverimus
2912 3777 2990 3830 ita
3035 3785 3097 3831 ut
3130 3776 3278 3847 quod
3312 3776 3467 3846 prius

1883 3877 2002 3934 est,
2038 3868 2345 3939 posterius,
2377 3868 2525 3939 quod
2563 3883 2695 3924 vero
2739 3867 3017 3938 posterius
3052 3875 3171 3933 est,
3220 3867 3463 3922 transla-

1878 3969 2001 4015 tum
2048 3961 2205 4031 prius
2247 3960 2552 4027 faciamus,
2588 3975 2812 4015 sensum
2855 3960 3149 4016 verborum
3191 3960 3464 4030 integrum

190 4061 689 4117 conservabimus:
726 4061 807 4118 sic
839 4063 985 4118 enim
1020 4067 1146 4133 post
1189 4059 1343 4128 illud,
1379 4079 1397 4112 ι
1428 4059 1702 4126 Quoniam
1745 4058 1974 4114 veniens
1997 4057 2179 4111 veniet
2208 4062 2262 4111 et
2292 4070 2404 4111 non
2430 4056 2755 4121 morabitur,
2778 4073 2797 4107 ι
2836 4054 3021 4111 statim
3071 4053 3466 4125 subjungemus

189 4154 353 4223 illud,
383 4174 402 4207 ι
428 4152 624 4227 |Iustus
656 4165 837 4214 autem
860 4173 1018 4214 meus
1039 4174 1107 4214 ex
1148 4157 1254 4212 ﬁde
1287 4156 1465 4222 vivet,
1496 4174 1516 4208 ι
1545 4166 1600 4210 et
1638 4154 1769 4209 huic
1805 4153 1910 4225 ipsi
1936 4161 2323 4210 conuectemus
2345 4152 2552 4217 illud,¢
2580 4150 2637 4206 Si
2661 4151 2994 4207 subtraxerit
3042 4166 3123 4216 se,
3171 4164 3281 4204 non
3326 4149 3470 4204 bene

190 4251 302 4306 sibi
328 4251 511 4320 placet
539 4252 722 4308 anima
749 4267 873 4309 mea
898 4268 954 4308 ιη
985 4268 1072 4309 eo.
1106 4271 1128 4307 ›
1159 4253 1326 4324 278
1350 4250 1487 4307 Cum
1518 4251 1622 4306 hoc
1648 4265 1780 4306 vero
1818 4264 1986 4305 sensu
2020 4249 2187 4305 etiam
2212 4248 2410 4320 Aquila
2438 4247 2737 4304 concordat
2775 4246 2967 4304 dicens
2997 4265 3011 4302 :
3041 4265 3061 4299 ι
3126 4246 3183 4300 Si
3235 4251 3464 4300 cuncta—

187 4346 348 4401 bitur
376 4347 566 4417 accipe
596 4347 752 4403 illum
772 4387 788 4415 ,
817 4348 1077 4419 quoniam
1107 4349 1334 4404 veniens
1360 4348 1544 4403 veniet
1573 4356 1628 4402 et
1655 4361 1768 4401 non
1808 4345 2045 4402 tardabit
2070 4363 2086 4413 ;
2119 4360 2249 4400 ecce
2279 4344 2326 4400 si
2363 4343 2555 4400 tardus
2585 4343 2693 4409 sit,
2750 4357 2862 4397 non
2920 4347 3071 4398 recta
3105 4340 3287 4395 anima
3340 4350 3467 4393 mea

186 4443 248 4498 in
282 4456 391 4508 eo,
423 4449 480 4498 et
507 4443 697 4513 justus
727 4459 798 4501 ex
833 4444 939 4500 ﬁde
972 4444 1149 4515 ipsius
1181 4445 1347 4501 vivet.
1381 4464 1401 4497 ›

712 4559 1112 4614 ΚΕΦΔΛΑΙΟΝ
1151 4561 1254 4615 IE'.
1811 4578 1855 4632 υ

2481 4547 2710 4605 CAPUT
2748 4546 2865 4601 XV.

198 4668 336 4743 Ἀπῤ
374 4669 488 4743 toi}
514 4669 821 4743 adtoﬁ._—
852 4670 947 4737 Ὠς
982 4672 1270 4743 ἐπίφοϐος
1310 4673 1351 4740 ή
1374 4672 1527 4741 ’περὶ
1565 4671 1677 4743 τῆς
1709 4672 1780 4739 ἐξ
1886 4666 2060 4743 Ab__eo

1900 4665 2200 4743 Ab__eodent.
2223 4692 2294 4743 _—
2317 4661 2470 4743 Ωιιοά
2529 4659 2899 4743 ιεςτὶίξίίὶξηεςίτ
2929 4658 3148 4743 auditus
3179 4658 3467 4743 descensus

568 4740 831 4814 καθόδου
875 4730 984 4797 τὸῦ
1013 4730 1432 4814 Κύρίοόάοὶοὴ
1463 4730 1774 4813 ’τυγχᾶνειξ
1959 4737 2060 4790 ι)οι

1959 4737 2175 4790 Domini
2205 4734 2269 4788 de
2299 4733 2458 4814 cwlq,
2493 4741 2543 4786 et
2572 4732 2730 4811 Ῑιιειιιι⁸
2752 4730 3049 4812 illius-cum
3080 4730 3454 4812 admiratione,

255 4808 360 4863 καὶ
394 4810 550 4883 gen}
591 4811 945 4883 ἐκπλήξεως
972 4807 1216 4883 τὰμὲξογα
1246 4807 1454 4883 αὐτοῦ,
1494 4807 1778 4881 ἐλθόντοξ
1958 4824 2058 4883 quo

1958 4807 2196 4876 quodque
2243 4807 2516 4883 cumhipse
2558 4807 3080 4883 venerithunivega
3117 4811 3259 4853 terra
3290 4807 3456 4883 ipsius

252 4896 321 4932 τε
353 4869 543 4953 abegi}
595 4883 635 4950 ἡ
667 4869 966 4953 σύιὶπαονὶι
998 4880 1075 4952 γῆ
1096 4869 1225 4953 ’τῆς
1260 4869 1547 4949 αἰνέσεως
1592 4869 1780 4953 αὺτοῧ
1960 4869 2060 4953 (aut

1960 4869 2121 4953 (aude
2148 4869 2512 4953 c_omplebitjtr,
2547 4882 2598 4953 et
2628 4869 2767 4924 Novi
2796 4869 2961 4953 ipsius
2993 4869 3316 4925 Testamenti
3345 4887 3457 4925 ver-

256 4941 717 5024 xﬁna’ﬂﬁoetbc,
749 4941 808 5005 ’ὅ
847 4941 1022 5024 τέᾲτέ
1059 4941 1184 5024 ῖτῆςῖ
1199 4941 1437 5023 ’Καινῆς
1478 4941 1773 5024 Δὶαθήκης
1959 4947 2060 5000 bun

1959 4947 2081 5000 bum
2111 4946 2180 4999 ad
2210 4941 2387 4998 omnes
2417 4942 2652 4998 homines
2680 4941 2995 5010 penetrabit.
3270 4959 3272 4962 ν

253 5020 451 5101 αὒεσῦ
501 5021 679 5092 λόγυς
726 5026 816 5091 εὶς
857 5020 1091 5089 πελῶ-τας
1128 5020 1495 5092 ἀνθρώπους
1542 5020 1773 5095 διαὸρᾰ.

250 5107 472 5159 ﬂectat.

260 5223 283 5256 ο
310 5203 510 5276 Κύριε,
544 5206 845 5278 είσακήκοα
873 5205 973 5277 τὴν
999 5206 1169 5278 ἀκοήν
1200 5224 1317 5274 σου,
1350 5209 1447 5262 καὶ
1478 5209 1770 5282 ἐφοϐήθην.
1954 5228 1972 5261 ι
2004 5206 2060 5262 Ι)‹

1954 5228 1972 5261 ι
2004 5206 2250 5273 Domine,
2286 5204 2471 5261 audivi
2502 5201 2836 5258 auditionem
2868 5207 3044 5263 tuam,
3077 5206 3130 5254 et
3159 5197 3337 5253 timui.
3367 5195 3456 5251 ln-

183 5297 384 5368 Κύριε,
437 5296 741 5369 κατενόησα
789 5296 860 5351 τὰ
906 5296 1046 5368 ἔργα
1099 5315 1216 5364 σου,
1263 5300 1358 5353 καὶ
1413 5299 1672 5371 ἐξέστην·
1715 5302 1801 5355 ἐν,
1875 5302 2058 5359 tellexi

1900 5302 2058 5358 ellexi
2091 5315 2260 5373 opera
2290 5306 2423 5363 tua,
2463 5303 2520 5351 et
2560 5292 2817 5364 obstupui
2852 5310 2866 5346 :
2909 5292 2965 5346 in
3008 5290 3188 5347 medio
3221 5290 3455 5345 duarum

187 5387 343 5460 μέσῳ
368 5385 465 5440 δύο
497 5384 654 5452 ζωῶν
695 5387 1006 5463 γνωσθήσῃ
1053 5390 1113 5445 ἐν
1148 5390 1229 5461 τῷ
1267 5391 1508 5460 ἐγγίζειν
1545 5391 1615 5446 τὰ
1653 5391 1771 5464 ἔτη,
1874 5394 2056 5448 vitam

1900 5394 2117 5448 ritarum
2147 5388 2542 5463 cognosceris,
2572 5386 2704 5442 dum
2733 5385 2865 5440 anni
2906 5383 3453 5455 apprcpinquabunt,

184 5477 604 5550 ἐπιγνωσθήσῃο
646 5481 706 5532 ἐν
742 5478 823 5552 τῷ
851 5484 1105 5554 παρεῖναι
1147 5482 1240 5535 τὸν
1273 5483 1487 5555 καιρὸν,
1548 5477 1766 5531 ἀναδει-
1875 5492 2042 5542 notus

1900 5492 2042 5542 totus
2081 5484 2213 5552 lies,
2246 5482 2378 5537 dum
2418 5479 2595 5535 aderit
2631 5485 2847 5547 tempus
2886 5475 3272 5533 declaraberis.
3313 5474 3453 5527 Dum

186 5569 477 5648 χθήσηοὲν
490 5573 569 5646 τῷ
605 5570 943 5645 ταραχθῆναι
990 5572 1088 5646 τὴν
1130 5574 1311 5647 ψυχήν
1354 5593 1455 5648 μου
1501 5577 1560 5631 ἐν
1609 5576 1771 5649 ὀργῇ,
1880 5585 2060 5650 pertul

1900 5577 2207 5649 perturbata
2244 5574 2409 5631 fuerit
2448 5571 2632 5628 anima
2669 5585 2790 5627 mea
2818 5567 2875 5626 in
2908 5584 3025 5636 ira,
3056 5566 3456 5625 misericordia

258 5728 304 5760 ⁷⁸
337 5726 505 5786 Hebr.
531 5741 587 5794 x,
606 5726 797 5785 55.38.
