3838 6218
411 298 519 356 1.43

1086 300 1358 357 EUSEBII
1396 300 1881 359 CESARIENSIS
1920 300 2072 359 OPP.
2114 300 2295 356 PARS
2328 302 2393 357 Π.
2431 332 2499 341 -
2536 297 3030 355 APOLOGETICA.

3568 298 3671 358 444

412 430 620 471 memor
654 413 785 468 eris.
821 411 965 468 Deus
995 412 1063 468 de
1092 411 1302 467 Thama
1336 415 1550 477 veniet,
1578 420 1633 468 et
1665 423 1890 472 sanctus
1923 414 1963 468 (ι

2095 412 2277 475 ἐλέους
2327 411 2631 482 μνησθήσῃ.
2688 411 2744 464 '0
2786 410 2918 473 Θεὸς
2963 411 3028 463 ἐκ
3068 407 3281 479 Θαιμάν
3323 409 3469 479 ἥξει,
3516 411 3670 463 κα.ὶὸ

412 514 598 560 monte
624 505 886 560 umbroso
912 504 1116 559 denso:
1143 505 1428 575 cooperuit
1452 505 1623 560 caelos
1647 506 1821 560 virtus
1844 505 1985 573 ejus,

410 608 466 653 et
492 599 649 652 iaude
668 598 787 667 ejus
810 598 968 666 plena
988 604 1072 652 est
1095 604 1272 661 terra,
1298 605 1352 652 et
1381 597 1640 666 splendor
1667 597 1787 666 ejus
1816 605 1875 651 ut
1906 598 1989 651 lu-

409 691 536 742 m‘en
568 688 696 743 erit.
730 688 948 742 Cornua
980 686 1037 740 in
1067 687 1324 743 manibus
1355 687 1475 756 ejus
1496 731 1509 753 ,
1547 694 1602 741 et
1636 689 1819 757 posuit
1850 687 1986 742 dile-

409 784 646 836 ctionem
700 779 894 836 fortem
932 782 1145 852 roboris
1185 780 1270 837 sui
1299 800 1311 835 :
1346 788 1474 835 ante
1508 780 1701 835 faciem
1732 780 1852 850 ejus
1886 780 1985 834 ibit

409 873 647 929 Verbum
669 914 685 939 ,
729 881 784 928 et
824 874 1136 943 egredietur
1179 874 1235 927 in
1279 888 1502 943 campos
1535 873 1604 928 ".
1639 892 1657 924 ι
1684 887 1808 928 cum
1836 872 1983 926 enim

407 964 526 1033 ipse
562 964 802 1033 seipsum
838 964 1081 1019 audisset
1112 964 1376 1035 propheta
1409 975 1635 1021 sanctus
1656 1006 1671 1030 ,
1706 981 1770 1020 ac
1800 967 1983 1036 potius

406 1055 652 1109 divinum
679 1057 772 1125 qui
801 1056 979 1125 ipsum
1009 1056 1225 1111 amabat
1246 1100 1262 1124 ,
1292 1058 1494 1127 quique
1523 1060 1578 1113 in
1608 1059 1728 1129 ipso
1752 1061 1984 1115 canebat

408 1145 672 1217 Spiritum
694 1187 710 1211 ,
737 1146 804 1200 de
829 1163 895 1202 eo
918 1146 984 1202 de
1010 1164 1119 1218 quo
1151 1150 1269 1218 ipsa
1296 1151 1579 1221 prophetia
1606 1151 1869 1222 loquitur,
1897 1151 1981 1206 di-

402 1252 614 1294 centem
648 1259 660 1294 :
694 1259 711 1291 ι
743 1238 900 1306 Quod
932 1241 1158 1296 veniens
1191 1242 1373 1298 veniet
1403 1253 1459 1297 et
1504 1260 1613 1299 non
1651 1244 1978 1308 morabitur,

394 1329 585 1401 justus
619 1340 803 1387 autem
832 1348 895 1386 ex
928 1332 1034 1387 ﬁde
1067 1348 1185 1387 mea
1214 1333 1360 1388 vivet
1388 1334 1456 1398 ⁷⁸,
1492 1354 1509 1386 ι
1540 1350 1775 1404 cumque
1803 1334 1982 1390 credi-

398 1425 571 1481 disset
601 1426 753 1481 illum
778 1442 901 1483 esse
926 1426 1139 1497 justum
1169 1428 1416 1489 oraculo,
1448 1427 1502 1481 in
1532 1427 1618 1482 his
1646 1428 1829 1482 verbis
1859 1442 1981 1497 qua:

399 1532 549 1573 nunc
594 1519 651 1573 in
693 1520 953 1573 manibus
994 1527 1159 1583 sunt,
1201 1519 1276 1573 ita
1306 1520 1418 1573 ait:
1452 1537 1470 1571 ι
1503 1518 1761 1585 Domine,
1795 1520 1978 1575 audivi

397 1610 732 1665 auditionem
768 1618 917 1664 tuam
945 1619 999 1665 et
1029 1611 1225 1677 timui,
1257 1632 1275 1664 ι
1300 1620 1354 1667 et
1385 1627 1507 1681 quae
1548 1622 1890 1683 sequuntur;
1923 1613 1975 1667 in

394 1702 598 1772 quibus
625 1700 1075 1757 manifestissime
1106 1701 1276 1756 Deum
1308 1703 1374 1758 ad
1406 1703 1657 1759 homines
1683 1712 1975 1760 venturum

2091 505 2246 572 ἅγιος
2272 503 2331 570 ἐξ
2371 502 2528 576 ὅρους
2564 502 2883 563 κατασκίου,
2918 500 3129 566 δασέος.
3171 501 3473 571 Ἐκάλυψέν
3505 502 3669 571 οὐρα-

2088 597 2211 658 νοὺς
2247 596 2279 666 ἡ
2310 593 2478 665 ἀρετὴ
2510 592 2694 659 αὑτοῦ,
2725 593 2820 646 καὶ
2850 592 2951 662 τῆς
2976 591 3234 655 αἰνέσεως
3258 590 3423 644 αὐτοὸ
3454 591 3669 663 πλήρης

2089 686 2220 757 ἡγῆ
2244 702 2257 716 ⁸
2303 687 2396 739 καὶ
2433 687 2633 754 φέγγος
2671 683 2833 736 αὑτοῦ
2874 683 2947 748 ὡς
2983 684 3098 752 φῶς
3131 683 3302 738 ἔσται.
3353 682 3583 754 Κέρατα
3614 685 3669 735 ἐν

2087 778 2273 849 χερσὶν
2316 776 2499 841 αὐτοῦ,
2541 777 2634 830 καί
2679 776 2830 830 ἔθετο
2871 777 3144 846 ἀγάπησιν
3177 774 3442 846 κραταιὰν
3486 775 3669 845 ἰσχύος

2086 871 2273 925 αὑτοῦ.
2317 870 2431 942 Πρὸ
2454 868 2743 942 προσώπου
2784 868 2948 922 αὑτοῦ
2999 866 3435 940 προπορεύσεται
3481 867 3668 934 λόγος,

2088 969 2180 1019 καὶ
2220 961 2559 1029 ἐξελεύσεται
2613 964 2692 1026 εἰς
2742 961 2918 1015 πεδία.
2964 980 2982 1012 ι
3033 960 3373 1025 Ἐπακούσας
3404 960 3466 1014 δὲ
3505 960 3669 1023 αὐτὸς

2084 1054 2301 1117 ἐαυτοῦ,
2333 1053 2529 1125 μᾶλλον
2557 1053 2613 1106 δὲ
2637 1052 2731 1106 τοῦ
2766 1052 3092 1124 ἐμπνέοντος
3125 1054 3235 1105 καί
3259 1052 3670 1117 ἐνθεσπίξὸντος

2085 1148 2141 1199 ἐν
2164 1146 2311 1218 αὐτῷ
2335 1147 2480 1200 θείου
2510 1145 2847 1217 Πνεύματος,
2867 1147 2896 1199 6
2927 1145 3068 1215 ἱερὸς
3096 1145 3383 1215 προφήτης
3411 1146 3541 1217 περὶ
3573 1146 3667 1197 τοῦ

2085 1239 2566 1309 προφητεύομένου
2621 1238 2915 1308 φήσαντος,
2958 1237 3059 1299 ὅτι,
3108 1235 3475 1307 «Ἐρχόμενος
3519 1234 3663 1305 ἥξει,

2082 1330 2176 1382 καὶ
2226 1329 2285 1381 οὐ
2331 1327 2405 1399 μὴ
2448 1328 2704 1400 χρονίσῃ·
2751 1329 2779 1381 6
2821 1326 2877 1380 δέ
2917 1326 3122 1389 δίκαιος
3166 1326 3231 1377 ἐκ
3278 1323 3519 1386 πίστεώς
3563 1341 3667 1394 μου

2082 1421 2258 1491 ζήσει,
2287 1440 2306 1472 ι
2334 1420 2631 1484 πιστεύσας
2676 1437 2736 1473 τε
2779 1419 2855 1484 ὼς
2897 1419 3103 1481 δίκαιος
3144 1416 3224 1488 τῷ
3276 1415 3533 1488 χρησμῷ,
3578 1415 3668 1467 διὰ

2080 1513 2188 1566 τῶν
2237 1512 2376 1584 μετά
2433 1513 2620 1584 χεῖράς
2675 1529 2845 1583 φησι·
2901 1510 3152 1583 «Κύριε,
3207 1508 3519 1580 εἰσακήκοα
3567 1509 3667 1578 τὴν

2080 1608 2250 1677 ἀκοήν
2303 1623 2419 1669 σου,
2473 1607 2567 1659 καὶ
2620 1604 2913 1676 ἐφοϐήθην,
2946 1622 2963 1654 ι
3012 1603 3127 1656 καῖ’
3155 1601 3224 1655 τὰ
3277 1600 3439 1670 ἑξῆς·
3486 1600 3555 1653 δι’
3588 1593 3667 1651 ὧν

2081 1698 2268 1767 σαφῶς
2309 1698 2443 1751 Θεὸν
2488 1699 2567 1761 είς
2596 1695 2918 1768 ἀνθρώπους
2950 1693 3101 1765 ἥξειν
3138 1692 3519 1763 καταγγέλλει.
3566 1691 3667 1754 Τίς

392 1769 700 1851 denuntiat.
734 1795 871 1859 Quis
900 1811 1030 1851 vero
1062 1797 1205 1851 alius
1240 1797 1331 1851 hic
1366 1797 1440 1851 sit
1469 1797 1564 1867 qui
1597 1797 1727 1852 olim
1763 1812 1963 1868 cogno-

2076 1786 2132 1839 δέ
2178 1786 2244 1840 ἂν
2289 1782 2440 1851 οὗτος
2482 1789 2567 1857 εἴη
2609 1789 2638 1840 ὁ
2673 1786 2841 1839 πάλαι
2883 1784 3309 1857 γνωριζόμενος,
3345 1782 3573 1852 ὕστερον
3606 1780 3666 1834 δέ

391 1896 657 1954 sceretur,
688 1896 742 1943 et
772 1896 895 1959 post
920 1889 1218 1960 aliquando
1244 1889 1375 1944 dum
1402 1889 1532 1944 anni
1568 1891 1974 1961 appropinqua-

389 1981 563 2045 bunt,
594 1988 741 2037 esset
773 1982 1158 2051 agnoscendus
1179 2025 1193 2047 ,
1224 1990 1278 2035 et
1308 1997 1405 2050 per
1435 1980 1490 2035 id
1520 1988 1736 2051 tempus
1764 1982 1832 2036 de
1862 1998 1972 2051 quo

387 2071 673 2141 prophetia
696 2071 958 2141 loquitur,
983 2072 1348 2128 declarandus
1374 2091 1386 2126 :
1415 2072 1540 2143 quis
1559 2111 1573 2137 ,
1596 2072 1849 2142 inquam,
1882 2073 1972 2129 hic

387 2162 460 2216 sit
487 2162 651 2232 279
694 2164 802 2218 nisi
827 2164 915 2218 ille
958 2165 1073 2234 ipse
1101 2165 1195 2233 qui
1234 2171 1390 2219 antea
1408 2164 1585 2220 dictus
1620 2173 1703 2220 est
1733 2165 1969 2220 universi

386 2250 691 2308 Dominus?
723 2256 816 2323 qui
858 2255 1022 2309 etiam
1055 2255 1159 2308 hoc
1192 2255 1548 2325 comprobato
1593 2256 1874 2319 vaticinio,
1913 2256 1969 2311 in

385 2348 862 2403 consummatione
884 2349 1207 2403 saeculorum
1238 2349 1311 2401 ita
1336 2349 1620 2404 nuntiatus
1649 2356 1733 2404 est
1754 2366 1817 2403 ac
1840 2365 1970 2419 prae-

382 2437 619 2502 dicatus,
674 2445 734 2492 ut
778 2454 969 2495 omnes
1014 2439 1266 2495 homines
1310 2439 1672 2494 exaudierint.
1728 2439 1969 2510 Hujusce

381 2528 549 2597 i'gitur
576 2544 661 2591 ea,
691 2545 812 2600 quae
852 2532 1028 2600 palam
1064 2531 1119 2584 in
1150 2532 1324 2586 sacris
1356 2529 1663 2601 Evangeliis
1691 2531 1966 2601 descripta

380 2625 531 2680 sunt,
566 2617 729 2686 facta,
779 2620 1027 2689 corporis
1058 2620 1328 2684 videlicet,
1379 2620 1527 2690 quod
1567 2621 1867 2690 assumpsit
1900 2620 1967 2676 de

378 2706 604 2777 Virgine
648 2712 1076 2779 generationem,
1129 2712 1253 2766 item
1287 2710 1744 2780 quemadmodum
1780 2729 1799 2762 ι
1841 2725 1965 2765 cum

377 2805 527 2853 esset
556 2798 612 2853 in
643 2797 817 2854 forma
846 2800 962 2864 Dei,
997 2816 1106 2855 non
1138 2800 1384 2870 rapinam
1411 2800 1712 2854 arbitratus
1740 2808 1824 2855 est
1843 2815 1966 2856 esse

378 2907 440 2947 se
473 2893 735 2962 aequalem
786 2892 918 2959 Deo,
952 2894 1047 2949 sed
1099 2893 1339 2963 seipsum
1388 2893 1691 2948 exinanivit
1731 2892 1962 2947 formam

375 2985 520 3039 servi
544 2986 818 3055 accipiens
840 2988 884 3018 ⁷⁷
907 3005 960 3053 ›;
1011 2996 1269 3057 pmterea
1286 3002 1407 3057 qua:
1422 2986 1685 3041 miracula
1703 2986 1756 3039 in
1786 2986 1962 3041 homi—

2076 1895 2203 1931 ποτε
2250 1881 2308 1932 ἐν
2348 1879 2427 1949 τῷ
2469 1877 2709 1948 ἐγγίζειν
2767 1877 2837 1931 τὰ
2881 1877 2976 1949 ἔτη
3031 1874 3513 1945 γνωσθησόμενος,
3568 1874 3667 1925 καὶ

2073 1972 2213 2026 κατά
2248 1972 2339 2025 τὸν
2374 1971 2849 2044 προφητευόμενον
2878 1971 3065 2042 χρόνον
3104 1967 3662 2038 ἀναδειχθησόμενος,

2071 2065 2103 2136 ἢ
2129 2067 2157 2118 6
2191 2064 2354 2127 αὐτὸς
2380 2066 2584 2127 ἐκεῖνος
2608 2066 2637 2118 6
2664 2063 3032 2135 προδηλωθείς
3073 2062 3324 2133 δεύτερος
3367 2059 3477 2112 τῶν
3520 2060 3663 2112 ὅλων

2071 2155 2294 2227 Κύριος,
2329 2157 2357 2208 6
2389 2157 2483 2208 καὶ
2528 2157 2593 2226 τῇ
2630 2155 2935 2226 προρρήσει
2981 2152 3305 2217 ἀκολούθως,
3342 2152 3436 2204 ἐπὶ
3468 2166 3661 2203 συντε-

2069 2247 2187 2319 λείᾳ
2237 2246 2343 2301 τῶν
2387 2246 2618 2311 αἰώνων,
2651 2249 2732 2310 εἰς
2773 2245 3098 2311 ἐξάκουστον
3138 2247 3300 2299 πᾶσιν
3349 2241 3663 2314 ἀνθρώποις

2070 2339 2405 2411 κηρυχθείς;
2437 2338 2639 2392 Τούτου
2675 2338 2739 2410 δὴ
2772 2335 2864 2391 οὖν
2892 2337 2961 2391 τὰ
2986 2339 3307 2409 ἀνάγραπτα
3332 2337 3389 2388 ἐν
3421 2337 3537 2396 τοῖς
3582 2335 3661 2385 ἱε-

2070 2437 2183 2503 ροῖς
2211 2431 2565 2501 Εὐαγγελίοις
2597 2431 2752 2503 ἔργα,
2775 2431 2874 2503 τὴν
2902 2431 2966 2483 ἐκ
2994 2428 3271 2502 Παρθένου
3301 2427 3568 2499 δηλονότι,
3597 2420 3659 2478 οὗ

2067 2525 2321 2596 ἀνείληφε
2348 2525 2597 2595 σκήνους,
2643 2524 2875 2592 γένεσιν,
2912 2523 3006 2577 καὶ
3035 2543 3053 2574 ι
3083 2521 3158 2586 ὡς
3184 2522 3243 2575 ἐν
3290 2522 3471 2591 μορφῇ
3515 2517 3658 2572 Θεοῦ

2068 2617 2347 2688 ὑπάρχων,
2383 2617 2481 2685 οὐχ
2513 2614 2804 2687 ἁρπαγμὸν
2831 2616 3075 2687 ἡγήσατο
3115 2614 3176 2667 τὸ
3216 2609 3353 2666 εἶναι
3383 2608 3480 2665 ἶσα
3506 2612 3651 2682 Θεῷ,

2066 2708 2200 2762 ἀλλά
2231 2708 2420 2763 ἐαυτὸν
2457 2709 2690 2762 ἐκένωσε
2727 2708 2939 2779 μορφὴν
2961 2706 3148 2760 δούλου
3180 2705 3379 2770 λαϐὼν,
3410 2724 3429 2755 ι
3467 2705 3569 2767 τάς
3595 2720 3659 2758 τε

2065 2802 2504 2866 ἐπιτελεσθείσας
2532 2802 2681 2873 αὑτῷ
2716 2805 2795 2866 εἰς
2828 2800 3145 2873 ἀνθρώπους
3175 2797 3657 2871 παραδοξοποιῖας,

2066 2896 2160 2949 καὶ
2210 2895 2280 2949 τὰ
2332 2898 2452 2948 κατ’
2485 2895 2649 2949 αὐτοῦ
2710 2913 2774 2963 γε
2835 2894 3213 2966 τετολμημένα
3265 2892 3344 2963 τῷ
3380 2892 3657 2945 Ἰουδαίων

2065 2985 2226 3050 ἔθνει,
2264 2990 2375 3050 τοῖς
2422 2987 2522 3058 τῆς
2569 2986 2745 3057 ψυχῆς
2794 2985 3087 3056 ὀνςθαλμοῖς
3133 2983 3441 3056 προλαϐὼν,
3478 2984 3551 3037 τά
3594 2998 3657 3036 τε

377 3071 540 3132 nibus
583 3078 785 3147 degens
808 3079 1060 3142 ediderit,
1092 3095 1195 3135 nec
1219 3094 1329 3134 non
1366 3094 1726 3149 quacumque
1768 3085 1959 3133 contra

2069 3078 2328 3149 μέλλοντα
2362 3078 2734 3149 συμϐήσεσθαι
2764 3078 3203 3149 κεκαθαρμέναις
3239 3079 3360 3139 ταῖς
3391 3075 3657 3140 διανοίαις

377 3168 555 3237 ipsum
588 3184 720 3223 ausa
754 3178 839 3224 est
861 3168 1089 3224 Judaica
1127 3186 1283 3240 gens,
1314 3172 1520 3233 omnia,
1551 3171 1798 3241 inquam,
1845 3171 1960 3224 haec

2069 3171 2215 3243 παρά
2247 3170 2340 3225 τοῦ
2366 3171 2707 3234 διδάσκοντος
2730 3171 2890 3224 αὑτὸν
2920 3171 3067 3225 θείου
3091 3170 3403 3241 Πνεύματος
3438 3169 3653 3241 μαθὼν,

372 3268 428 3314 et
469 3260 576 3313 alia
609 3261 807 3315 similia
831 3261 920 3317 liis
945 3278 1070 3316 cum
1124 3263 1321 3317 animm
1368 3263 1550 3317 oculis
1598 3262 1956 3333 providisset,

373 3365 605 3420 quaeque
662 3361 923 3406 eventura
949 3354 1002 3406 in
1032 3361 1310 3422 posterum
1355 3354 1844 3422 exspectabantur,
1872 3352 1960 3407 di-

373 3442 503 3495 vino
529 3441 737 3511 Spiritu
764 3441 1017 3508 docente,
1044 3444 1432 3514 purgatissima
1457 3444 1813 3514 intelligentia
1838 3459 1960 3512 per-

375 3534 633 3604 cepisset,
665 3551 733 3589 ex
766 3535 835 3591 iis
866 3552 986 3605 qua:
1038 3536 1142 3591 hoc
1189 3536 1351 3590 modo
1381 3536 1651 3598 audierat,
1677 3552 1735 3591 se
1764 3537 1958 3590 obstu-

373 3625 561 3695 puisse
595 3639 659 3679 ac
693 3625 947 3681 timuisse
978 3624 1179 3680 fatetur
1213 3624 1502 3695 propheta,
1535 3624 1725 3679 dicens
1761 3643 1772 3678 :
1807 3643 1824 3674 ι
1858 3622 1960 3679 Do-

373 3721 540 3785 mine,
576 3719 1114 3775 audiviauditionem
1144 3729 1314 3785 tuam,
1361 3727 1416 3775 et
1452 3719 1608 3773 timui
1644 3738 1656 3774 :
1706 3718 1955 3786 Domine,

373 3812 617 3869 intellexi
668 3828 834 3884 opera
866 3821 981 3879 tua,
1027 3821 1082 3869 et
1106 3814 1387 3884 obstupui.
1424 3834 1443 3866 ι
1480 3812 1729 3867 Salvator
1774 3822 1955 3867 autem

371 3920 437 3960 ac
473 3904 740 3962 Dominus
775 3917 982 3969 noster,
1014 3908 1193 3977 ipsum
1212 3908 1399 3977 utique
1431 3907 1535 3961 hoc
1567 3905 1662 3959 Dei
1686 3903 1950 3968 Verbum,

368 3999 426 4052 in
450 3998 629 4052 medio
660 3998 892 4053 duarum
931 3999 1165 4053 vitarum
1206 4000 1459 4069 cognitus
1508 4007 1613 4054 est.
1646 3997 1764 4052 Non
1805 3998 1953 4053 enim

368 4089 595 4143 duorum
622 4090 936 4144 animalium
965 4100 1048 4146 est
1076 4091 1388 4160 legendum,
1424 4090 1519 4146 sed
1563 4091 1792 4144 duarum
1814 4092 1951 4144 vita-

368 4198 507 4236 rum.
571 4180 812 4236 Duarum
848 4198 979 4253 ergo
1011 4183 1271 4246 vitarum,
1306 4184 1506 4253 inquit,
1568 4183 1805 4237 medium
1853 4197 1951 4237 co-

367 4273 677 4344 gnosceris.
713 4273 848 4328 Cum
871 4274 1017 4330 enim
1050 4290 1158 4328 una
1190 4276 1491 4330 secundum
1525 4274 1694 4330 Deum
1721 4274 1793 4329 sit
1817 4274 1948 4339 vita,

365 4375 421 4420 et
443 4366 615 4421 altera
641 4369 945 4421 secundum
979 4367 1276 4432 hominem,
1304 4374 1358 4421 et
1376 4368 1467 4421 illa
1493 4366 1715 4437 quidem
1746 4373 1952 4422 morta-

2063 3265 2325 3335 ἐκστῆναι
2362 3266 2390 3317 6
2427 3265 2711 3336 προφήτης
2739 3263 2831 3315 ἐπὶ
2868 3265 2982 3326 τοῖς
3011 3262 3323 3317 ἀκουσθεῖσι
3355 3264 3451 3315 καὶ
3479 3278 3654 3330 πεφο-

2062 3356 2259 3427 Εῆσθαι
2292 3356 2565 3427 ὁμολογεῖ,
2611 3356 2868 3424 φάσκωνο
2916 3375 2934 3406 ι
2965 3354 3159 3425 Κύριε,
3207 3355 3509 3424 εἰσακήκοα

2059 3448 2231 3519 ἀκοήν
2261 3466 2375 3510 σου,
2411 3449 2504 3501 καὶ
2534 3447 2830 3518 ἐφοϐήθην·
2868 3446 3061 3518 Κύριε,
3090 3446 3482 3517 κατενόησατά
3512 3445 3653 3516 ἔργα

2061 3558 2176 3605 σου,
2209 3541 2303 3595 καὶ
2349 3540 2591 3611 ἐξέστην.
2625 3561 2643 3592 ι
2665 3542 2723 3594 '0
2749 3542 2941 3613 Σωτήρ
2965 3541 3020 3595 δέ
3065 3542 3159 3594 καὶ
3206 3540 3411 3611 Κύριος
3469 3540 3649 3611 ήμῶν,

2058 3632 2220 3695 αὐτὸς
2248 3627 2402 3695 οὗτος
2444 3633 2472 3684 ὁ
2519 3631 2613 3685 τοῦ
2662 3631 2796 3685 Θεοῦ
2849 3632 3039 3700 Λόγος,
3071 3634 3127 3685 ἐν
3166 3632 3313 3703 μέσῳ
3354 3631 3450 3685 δύο
3493 3631 3651 3696 ζωῶν

2058 3722 2339 3794 ἐγνώσθηο
2376 3723 2755 3794 πληθυντικῶς
2794 3723 3030 3778 ἐνταῦθα
3072 3726 3166 3778 καὶ
3209 3724 3651 3796 περισπωμένως

2057 3812 2166 3865 τῶν
2200 3810 2377 3877 ζωῶν,
2413 3814 2522 3867 ἀπὸ
2558 3813 2737 3867 ἐνικοῦ
2781 3813 2876 3866 τοῦ
2920 3812 3032 3881 τῆς
3061 3812 3211 3881 ζωῆς
3249 3813 3514 3883 ὀνόματος
3563 3812 3652 3877 ἐξ·

2057 3903 2423 3974 ἀκουομένων.
2449 3903 2523 3955 Οὺ
2544 3903 2652 3975 γὰρ
2674 3901 3052 3976 παροξυτόνως
3086 3903 3193 3956 τῶν
3224 3901 3399 3968 ζώων,
3420 3902 3536 3956 ἀπὸ
3552 3903 3648 3955 ού-

2055 3993 2273 4065 δετέρου
2306 3994 2400 4049 τσῦ
2426 3993 2567 4058 ζώου
2590 3994 2829 4063 λέγεται,
2855 3994 2991 4048 ἀλλὰ
3023 3994 3178 4060 ζωῶν
3206 3994 3650 4066 περισπωμένως

2056 4087 2163 4140 ἀπὸ
2187 4086 2556 4158 πληθυντικῆς
2590 4086 2806 4150 εὐθείας
2841 4088 2959 4157 τῆς,
2990 4086 3055 4140 αἱ
3085 4084 3238 4147 ζωαί.
3266 4086 3370 4140 Δύο
3404 4083 3519 4152 οὖν,
3550 4105 3651 4158 φη-

2055 4178 2130 4239 σί,
2158 4178 2312 4242 ζωῶν
2342 4178 2507 4250 μέσον
2532 4178 2843 4249 γνωσθήσῃ.
2868 4178 3014 4241 Ιίἰιᾶς
3042 4177 3151 4250 γὰρ
3179 4176 3346 4249 οὔσης
3369 4177 3470 4248 τῆς
3503 4180 3648 4234 κατά

2052 4271 2185 4325 Θεὸν
2212 4272 2378 4342 ζωῆς,
2405 4274 2498 4326 καὶ
2525 4272 2759 4343 θατέρας
2782 4272 2882 4343 τῆς
2907 4271 3049 4325 κατὰ
3075 4271 3394 4343 ἄνθρωπον⁸
3422 4273 3517 4325 καί
3544 4273 3650 4342 τῆς

2057 4366 2152 4437 μὲν
2181 4365 2401 4436 θνητῆς,
2424 4366 2524 4436 τῆς
2549 4366 2605 4418 δέ
2633 4365 2805 4418 ἀϊδίου
2825 4382 2838 4397 ·
2871 4365 3201 4437 ἀμφοτέρων
3227 4365 3456 4428 εἰκότως
3481 4367 3509 4419 ὁ
3541 4366 3651 4421 Κύ-

366 4456 457 4521 lis,
495 4458 610 4513 haec
645 4473 775 4513 vero
818 4460 1172 4528 sempiterna,
1224 4462 1422 4515 merito
1477 4475 1603 4515 cum
1660 4468 1949 4531 utramque

2069 4474 2169 4521 ato;
2193 4456 2279 4511 διὰ
2311 4458 2509 4528 πείρας
2537 4455 2726 4522 ἐλθὼν,
2756 4458 2815 4511 ἐν
2848 4456 2999 4527 μέσῳ
3024 4456 3117 4510 δύο
3149 4454 3304 4520 ζωῶν
3333 4459 3650 4531 γνωσθῆναι

364 4559 626 4619 expertus
659 4557 806 4605 esset
831 4548 1118 4612 Dominus,
1151 4557 1315 4620 atque
1368 4566 1435 4605 eo
1491 4550 1654 4605 modo
1681 4551 1945 4617 venisset,

274 4641 287 4655 '
364 4640 421 4696 in
448 4641 628 4696 medio
655 4641 886 4695 duarum
919 4641 1153 4695 vitarum
1183 4657 1307 4696 esse
1336 4642 1590 4712 cognitus
1623 4642 1848 4706 dicitur,
1880 4658 1949 4697 ex

366 4731 823 4802 interpretatione
873 4746 1036 4802 quam
1072 4730 1430 4803 Septuaginta
1469 4732 1779 4788 ediderunt.
1811 4731 1948 4786 Nam

362 4840 429 4879 ex
453 4841 517 4880 ea
540 4840 701 4895 quam
728 4824 925 4893 Aquila
953 4825 1142 4887 edidit,
1177 4842 1283 4880 non
1314 4827 1465 4891 item,
1491 4826 1587 4880 sed
1622 4825 1703 4880 sic
1725 4845 1738 4880 :
1761 4843 1779 4875 ι
1810 4823 1948 4879 Dum

364 4916 806 4986 appropinquant
835 4916 986 4979 anni,
1018 4916 1232 4970 vivifiea
1287 4915 1444 4970 illud.
1479 4935 1497 4967 ι
1544 4914 1652 4970 Sed
1685 4915 1949 4986 quidnam

361 5013 448 5060 est
470 5007 624 5073 illud,
650 5008 757 5063 nisi
789 5007 932 5077 quod
962 5008 1039 5062 ait
1071 5027 1084 5062 :
1113 5026 1131 5058 ι
1155 5023 1291 5077 opus
1328 5017 1483 5061 tuum
1508 5008 1530 5060 ?
1556 5027 1573 5058 ι
1603 5006 1944 5063 Theodotion

362 5112 494 5151 vero
523 5098 595 5153 ita
628 5099 705 5153 ait
736 5119 746 5154 :
781 5119 800 5150 ‹
837 5099 893 5154 ln
922 5100 1105 5154 medio
1142 5115 1410 5155 annorum
1442 5100 1656 5154 vivifica
1687 5099 1890 5170 ipsum.
1923 5120 1941 5152 ι

362 5188 430 5243 Ει
461 5188 823 5260 Symmachus
856 5211 870 5246 :
907 5210 925 5243 ‹
964 5191 1114 5246 Intra
1171 5207 1346 5247 annos
1389 5192 1716 5247 reviviscere
1750 5191 1835 5245 fac
1871 5191 1949 5261 ip-

360 5297 508 5347 sum,
554 5303 571 5335 ι
601 5283 988 5354 interpretatus
1010 5297 1114 5341 est.
1137 5285 1274 5339 Cum
1308 5285 1475 5355 igitur
1499 5299 1713 5347 omnes,
1755 5303 1775 5335 ‹
1805 5284 1945 5338 vivi-

361 5373 465 5429 fica
512 5374 690 5445 ipsum
716 5418 731 5443 ,
769 5395 788 5428 ›
820 5377 1099 5443 dixerint,
1140 5378 1300 5449 plane
1341 5394 1450 5433 non
1499 5377 1567 5433 de
1612 5378 1943 5448 quibusdam

360 5468 527 5522 veluti
557 5468 756 5533 brutis,
789 5478 883 5522 aut
907 5471 1067 5524 etiam
1101 5473 1311 5525 ratione
1326 5472 1568 5541 praeditis
1588 5472 1940 5533 animalibus,

360 5570 670 5613 sermonem
699 5572 825 5612 esse
870 5558 1239 5614 declararunt.
1262 5559 1606 5632 Quapropter
1631 5577 1756 5616 cum
1797 5562 1943 5632 apud

434 5730 455 5751 '
505 5730 810 5802 Habacum,
854 5735 972 5790 1-6.
1050 5738 1094 5769 ⁷⁸
1132 5737 1333 5794 llabac.
1367 5741 1505 5807 ",5.

2054 4550 2289 4619 λέγεται,
2315 4551 2458 4604 κατὰ
2483 4551 2581 4622 τὴν
2604 4550 2711 4605 τῶν
2727 4550 3130 4621 Ἐϐδομήκοντα
3147 4552 3466 4623 ἑρμηνείαν.
3485 4555 3649 4607 Κατὰ

2055 4642 2165 4714 γὰρ
2194 4643 2287 4695 τὸν
2332 4643 2563 4696 Ἀκύλαν
2604 4644 2703 4713 οὐχ
2732 4643 2923 4711 οὕτως,
2954 4644 3091 4709 ἀλλ’,
3123 4664 3143 4695 ‹
3167 4646 3255 4698 Ἐν
3295 4644 3373 4715 τῷ
3401 4646 3647 4714 ἐγγίζειν

2056 4732 2123 4785 τὰ
2147 4732 2263 4803 ἐτη,
2301 4731 2524 4797 ζώωσον
2565 4733 2719 4795 αὐτὸ,
2758 4752 2776 4785 ι
2817 4733 3053 4806 εἴρηται.
3080 4734 3146 4788 Τί
3173 4734 3230 4788 δὲ
3255 4735 3407 4799 αὐτὸ,
3444 4737 3479 4807 ἢ
3518 4757 3537 4789 ι
3570 4737 3646 4790 Τὸ

2055 4824 2324 4896 κάτεργόν
2360 4841 2483 4890 σου;
2514 4824 2708 4895 ι,φησί
2739 4842 2751 4855 ο
2773 4826 2885 4879 Καὶ
2925 4829 2953 4879 ὁ
2997 4826 3291 4880 Θεοδοτίων
3338 4828 3398 4881 δέ
3436 4847 3605 4901 φησιν
3626 4849 3640 4862 ο

2063 4934 2080 4966 ι
2105 4916 2192 4969 Ἐν
2221 4917 2368 4987 μέσῳ
2408 4917 2543 4971 ἐτῶν
2588 4916 2805 4982 ζώωσον
2851 4918 3031 4972 αὐτόν.
3060 4939 3078 4971 ι
3114 4920 3225 4972 Καὶ
3261 4921 3291 4971 6
3318 4920 3642 4993 Σύμμαχος,

2059 5024 2077 5056 ι
2102 5007 2284 5070 Ἐντὸς
2322 5007 2430 5061 τῶν
2467 5007 2728 5061 ἐνιαυτῶν
2747 5007 3073 5072 ἀναζώωσον
3094 5009 3277 5072 αὐτὸν,
3306 5028 3326 5061 ι
3347 5010 3640 5065 ἐκδέδωκε.

2054 5098 2261 5161 Πάντες
2291 5094 2384 5150 οὖν
2410 5117 2428 5149 ‹
2453 5098 2670 5163 ζώωσον
2689 5099 2851 5152 αὐτὸν
2874 5120 2892 5152 ι
2925 5101 3189 5166 εἰπόντες,
3223 5102 3433 5172 σαφῶς,
3454 5104 3541 5157 ὅτι
3567 5105 3641 5176 μὴ

2054 5190 2182 5259 περὶ
2221 5185 2331 5243 οἷον
2377 5190 2585 5260 ἀλόγων
2629 5193 2793 5245 τινῶν
2839 5192 2872 5264 ἦ
2917 5193 3153 5263 λογικῶν
3206 5194 3360 5257 ζώων
3408 5198 3439 5250 6
3483 5196 3642 5265 λόγος

2052 5281 2307 5350 τυγχάνει
2326 5282 2693 5354 παρέστησαν.
2718 5284 2807 5337 Διὸ
2830 5285 2979 5356 παρά
3007 5289 3118 5350 τοῖς
3133 5286 3536 5359 Ἑϐδομήκοντα
3555 5290 3643 5343 λε-

2053 5373 2286 5443 γομένου
2318 5375 2435 5441 τοῦ,
2468 5396 2486 5427 ι
2512 5378 2598 5429 Ἐν
2649 5377 2800 5448 μέσῳ
2847 5377 2940 5432 δύο
2978 5377 3133 5443 ζωῶν
3161 5380 3480 5455 γνωσθήσῃ,
3518 5404 3537 5434 ι
3576 5382 3638 5436 οὐ

2052 5466 2192 5521 κατά
2217 5469 2341 5532 τοὺς
2368 5469 2475 5540 πρὸ
2500 5470 2654 5541 ήμῶν
2677 5469 3060 5543 ἐξειλήφαμεν,
3089 5472 3223 5526 ἀλλά
3245 5472 3340 5526 δύο
3368 5472 3517 5538 ζωὰς
3545 5476 3638 5527 τοῦ

2052 5563 2530 5633 προφητευομένου
2562 5563 2851 5634 δηλοῦσθαι
2880 5563 3088 5636 ἔφαμεν
3108 5583 3121 5596 ·
3154 5565 3281 5636 μίαν
3311 5565 3412 5637 μὲν
3438 5563 3544 5639 τὴν
3564 5564 3643 5618 ἐν.

1586 5741 1632 5773 ⁷⁷
1668 5740 1901 5813 Philipp.
1945 5757 2003 5808 ιι,
2030 5739 2085 5809 6,
2121 5740 2169 5794 7.
