3828 6220
111 306 217 364 με

1035 295 1696 356 DEMONSTRATIONIS
1733 289 2199 350 EVANGELICEE
2233 289 2365 344 LIB.
2397 287 2487 343 Vl.

3270 256 3387 333 ue

112 422 258 484 θεον,
281 419 474 492 ἑτέραν
497 417 554 471 δέ
585 417 684 489 τὴν
708 416 1074 489 ἀνθρωπίνην.
1104 413 1326 476 Τούτοις
1350 414 1379 465 ὁ
1410 412 1694 484 προφήτης
1724 416 1745 472 ὲ

1812 406 2158 478 Septuaginta
2185 404 2255 460 sit
2279 402 2509 465 dictum,
2531 412 2558 451 ‹
2592 398 2653 453 in
2673 396 2852 452 tnedio
2884 392 3115 450 duarum
3135 391 3374 444 vitarum

111 512 356 581 ἐπιλέγει
375 530 387 541 ·
422 530 441 563 ι
464 511 552 565 Ἐν
584 510 664 580 τῷ
697 510 1032 582 ταραχθῆναι
1059 508 1156 578 τὴν
1182 508 1362 577 ψυχήν
1394 523 1495 577 μου
1525 506 1582 558 ἐν
1607 505 1694 576 ὀρ-

111 607 205 677 γῇ,
239 604 424 668 ἐλέους
455 602 775 676 μνησθήσῃ·
810 621 829 654 ι
864 601 1155 664 διδάσκων,
1186 601 1267 653 ὅτι
1309 599 1403 652 τὸν
1447 595 1543 651 τοῦ
1587 597 1693 650 πά-

110 697 241 760 θους
284 695 381 748 τοῦ
424 693 902 766 προφητευομένου
931 693 1123 764 καιρὸν
1170 690 1392 745 συνιδὼν
1419 690 1497 760 τῷ
1532 688 1692 741 πνεύ-

117 807 270 859 ματι,
299 785 651 857 τεθορύϐητο.
686 787 830 857 Πλὴν
855 786 967 841 ἀλλ’
1015 788 1073 838 ἐν
1107 784 1256 855 αὐτῷ
1301 783 1494 854 τούτῳ,
1537 782 1690 852 φησὶ,

110 883 193 954 τῷ
242 881 440 953 καιρῷ,
486 880 571 950 ἐφ’
633 871 678 946 ᾧ
724 879 824 949 τὴν
873 877 1052 950 ψυχὴν
1111 875 1464 948 ὲτοιράικθην,
1523 872 1692 945 ὀργῆς

109 977 226 1038 τοῖς
276 972 585 1046 ἀνθρώποις
638 972 978 1026 οὐδεπώποτε
1021 971 1207 1025 ἄλλοτε
1256 967 1695 1041 ἐπαιωρηθείσης

109 1068 203 1121 διὰ
246 1067 348 1132 τὰς
393 1065 755 1137 τολμηθείσας
796 1064 938 1118 κατὰ
981 1064 1075 1117 τοῦ
1108 1065 1313 1135 Κυρίου
1358 1063 1692 1126 δυσσεϐείας,

110 1161 298 1225 ἐλέους
329 1158 494 1222 αὐτὸς
527 1160 558 1212 ὁ
592 1156 1101 1230 φιλανθρωπότατος
1144 1156 1351 1228 Κύριος
1379 1157 1500 1210 ἀντὶ
1524 1155 1695 1227 ὀργῆς

114 1253 393 1324 ἐμνήσθη,
428 1253 574 1306 ὠσὰν
614 1251 820 1320 ἀγαθοῦ
881 1251 1166 1321 τυγχάνων
1201 1252 1410 1323 [ἰατρὸς
1441 1251 1586 1315 Υἱός.
1621 1250 1694 1304 Τὸ

110 1344 247 1413 γοῦν
281 1344 452 1408 πάθος
479 1345 641 1398 αὑτοῦ
671 1344 748 1415 τῷ
773 1345 933 1399 παντὶ
965 1345 1152 1416 κόσμῳ
1186 1345 1455 1417 σωτηρίας
1480 1345 1579 1414 τῆς
1606 1362 1698 1398 κα-

110 1435 182 1489 τὰ
211 1436 368 1501 Θεὸν,
399 1438 492 1489 καὶ
520 1436 702 1500 ἐλέους
727 1436 965 1507 κατέστη
991 1436 1180 1491 αἴτιον.
1213 1436 1436 1499 Τούτοις
1457 1436 1697 1506 ἐπιλέγε-

110 1545 239 1582 ταιο
267 1547 287 1580 ι
310 1526 372 1582 '0
397 1527 531 1591 Θεὸς
554 1528 661 1581 ἀπὸ
688 1528 903 1597 Θαιμὰν
928 1527 1186 1598 ἥξει.»Τὸ
1212 1527 1269 1581 δὲ
1297 1526 1509 1598 Θαιμάν
1543 1544 1698 1598 μετα-

110 1619 452 1691 λαμϐάνεται
499 1623 580 1683 είς
623 1618 719 1689 τὴν
757 1619 980 1673 Ἐλλάδα
1035 1620 1216 1691 φωνὴν
1243 1619 1564 1673 συντέλεια
1583 1636 1596 1649 ’
1623 1619 1698 1682 ὡς

114 1711 289 1781 μηδὲν
315 1709 615 1781 διαφέρειν,
647 1710 695 1760 εἰ
731 1708 916 1777 σαφῶς
952 1708 1198 1777 ἐλέγετοο
1234 1709 1293 1762 '0
1308 1708 1438 1772 Θεὸς
1460 1710 1553 1761 ἐπὶ
1576 1726 1703 1762 συν-

1800 497 2172 569 cognosceris,
2211 514 2230 547 ι
2265 508 2377 549 non
2430 509 2498 548 ex
2550 489 2823 547 sententia
2884 500 3098 551 eorum,
3130 484 3225 555 qui
3274 498 3376 537 nos

1801 594 2234 651 antecesserunt,
2272 586 2379 642 hoc
2421 584 2734 653 accepimus
2758 624 2774 647 ,
2806 581 2903 637 sed
2934 578 3073 633 duas
3117 574 3261 645 ejus,
3310 574 3378 628 de

1800 698 1911 755 quo
1938 681 2226 753 prophetia
2271 678 2540 751 loquitur,
2572 676 2715 731 vitas
2765 670 3063 744 signiﬁcari
3115 667 3376 732 diximus,

1801 790 1966 831 unam
2002 774 2220 846 quidem
2249 772 2491 828 divinam
2520 810 2536 836 ,
2597 768 2824 822 alteram
2872 779 3003 819 vero
3061 762 3376 815 humanam.

1801 869 1900 926 His
1928 884 2050 940 quae
2083 869 2228 923 dicta
2256 872 2405 932 sunt,
2448 863 2716 935 propheta
2763 859 3023 928 deinceps
3076 853 3326 925 adjungit
3362 870 3375 904 :

1808 982 1827 1015 ι
1867 962 2004 1016 Dum
2034 960 2353 1032 perturbata
2381 956 2548 1012 fuerit
2592 956 2776 1010 anima
2816 966 2937 1007 mea
2961 953 3016 1005 in
3042 949 3124 1003 ira
3148 988 3163 1013 ,
3207 945 3379 1000 mise-

1801 1054 2056 1110 ricordiae
2087 1067 2299 1109 memor
2343 1052 2454 1107 eris
2488 1068 2503 1117 ;
2544 1069 2563 1101 ι
2602 1050 2682 1105 sic
2713 1045 2934 1101 interim
2973 1043 3198 1119 docens,
3233 1035 3380 1108 quod

1802 1162 1928 1202 cum
1964 1145 2161 1217 spiritu
2190 1152 2403 1213 tempus
2432 1142 2564 1197 illud
2594 1139 2946 1211 providisset,
2978 1150 3087 1207 quo
3112 1144 3382 1203 passurus

1803 1248 1921 1296 erat
1948 1240 1995 1294 is
2021 1238 2089 1294 de
2114 1254 2224 1308 quo
2267 1237 2386 1306 ipsa
2437 1232 2725 1305 prophetia
2758 1229 2993 1294 texitur,
3030 1223 3383 1296 perturbatus

1805 1338 1897 1389 sit.
1930 1331 2096 1402 280
2148 1328 2541 1384 Verumtamen
2593 1325 2649 1377 in
2680 1322 2785 1376 hoc
2813 1321 2935 1392 ipso
2984 1326 3253 1386 tempore,
3298 1311 3384 1364 in-

1803 1425 1943 1495 quit,
1980 1425 2035 1478 in
2075 1436 2185 1492 quo
2235 1419 2420 1473 animo
2473 1414 2830 1486 perturbatus
2884 1427 3044 1476 sum,
3094 1415 3384 1479 propterea

1805 1514 1951 1585 quod
1985 1514 2122 1567 alias
2164 1523 2435 1580 nusquam
2478 1505 2605 1559 talis
2637 1503 2951 1557 hominibus
3001 1501 3075 1553 ita
3101 1495 3382 1566 impende-

1804 1607 1898 1671 rit,
1936 1612 2156 1676 propter
2181 1602 2425 1657 facinora
2455 1597 2720 1652 adversus
2768 1592 3059 1648 Dominum
3107 1594 3385 1659 perpetra-

1805 1708 1885 1759 ta.
1918 1694 2313 1753 misericordiae
2344 1694 2462 1764 ipse
2485 1688 2952 1751 clementissimus
2977 1682 3244 1737 Dominus
3276 1693 3385 1732 non

109 1804 304 1875 τελείᾳ
338 1802 477 1873 ἥξει.
532 1803 654 1854 Ἐπὶ
683 1801 792 1873 γὰρ
844 1771 1123 1871 συντελείᾳ
1153 1800 1249 1854 τοῦ
1293 1771 1487 1866 αίῶνος
1518 1802 1613 1855 καὶ
1638 1804 1698 1855 ὲν
1729 1782 1745 1843 Ῑ

1812 1795 1895 1846 irae
1921 1788 2242 1845 recordatus
2263 1793 2367 1849 est,
2392 1790 2581 1854 utpote
2610 1778 2851 1852 quiboni
2881 1774 3061 1830 Patris
3097 1774 3168 1828 sit
3188 1771 3384 1825 Filius.

111 1898 235 1959 ταῖς
262 1897 522 1965 ἐσχάταις
544 1866 771 1961 ταύταις
795 1898 1033 1968 ἡμέραις
1074 1866 1343 1969 ἐ-πέφηνεν
1378 1899 1509 1969 ἡμῖν
1542 1899 1574 1968 ἡ
1606 1895 1697 1949 τοῦ

1812 1881 2039 1937 Proinde
2069 1888 2374 1936 extremum
2416 1876 2564 1932 illius
2589 1872 2922 1944 supplicium
2967 1866 3161 1924 salutis
3193 1879 3387 1919 secun-

111 1986 253 2042 Θεοῦ
279 1988 389 2040 τῶν
413 1988 551 2042 ὅλων
578 1988 665 2042 διὰ
690 1989 785 2041 τοῦ
820 1990 1070 2061 Σωτῆρος
1097 1986 1253 2060 ἡμῶν
1279 1988 1585 2058 εὐεργεσία.
1601 1989 1703 2042 Τά-

113 2096 188 2148 χα
217 2078 277 2131 δέ
315 2080 408 2132 καὶ
437 2079 538 2149 τὴν
575 2079 833 2151 δευτέραν
862 2078 1025 2133 αὐτοῦ
1058 2080 1151 2132 καὶ
1177 2077 1384 2144 ἔνδοξον
1409 2083 1467 2133 ἐν
1493 2079 1702 2143 τούτοις

112 2171 304 2240 ἄφιξιν
348 2169 624 2234 θεσπίζει·
674 2172 816 2225 ὥστε
861 2172 970 2225 ἀπὸ
1009 2173 1199 2243 ἑτέρας
1236 2171 1702 2241 ἀναγινώσκεσθαι

112 2265 296 2337 ἀρχῆς
328 2265 396 2319 τὰ
422 2265 532 2317 ἀπὸ
573 2266 686 2328 τοῦ,
722 2286 739 2316 ι
761 2266 819 2318 Ὀ
849 2265 981 2330 Θεὸς
1015 2267 1124 2320 ἀπὸ
1159 2266 1371 2337 Θαιμὰν
1404 2267 1543 2338 ἥξει,
1580 2286 1598 2317 ι
1629 2267 1704 2331 ὡς

112 2356 215 2408 ἐπὶ
267 2355 548 2427 συντελείᾳ.
591 2356 684 2417 τοῦ
740 2356 934 2419 αἰῶνος
981 2356 1199 2427 ἥξοντος
1240 2357 1426 2421 αὐτοῦ,
1464 2358 1573 2411 ἀπὸ
1597 2356 1704 2411 τῶν

113 2448 262 2502 κατὰ
307 2449 376 2501 τὰ
415 2448 566 2501 νότια
613 2449 752 2520 μέρη
802 2449 897 2502 τοῦ
930 2449 1179 2518 ούρανοῦ.
1214 2449 1704 2520 Μεταλαμϐάνεται

112 2540 229 2613 γὰρ
266 2540 482 2610 Θαιμὰν
513 2542 594 2602 είς
622 2539 713 2592 τὸν
738 2541 950 2594 Νότον.
983 2526 1183 2612 Διόπερ
1216 2543 1245 2594 ὁ
1272 2540 1562 2594 Θεοδοτίων
1590 2540 1709 2594 τοῦ-

112 2650 210 2686 τον
256 2631 548 2704 ἐρμηνεύει
606 2632 697 2684 τὸν
753 2632 985 2705 τρόπον’
1038 2652 1056 2683 ι
1094 2633 1152 2686 '0
1203 2631 1334 2696 Θεὸς
1378 2632 1485 2686 ἀπὸ
1510 2632 1705 2686 Νοτίου

111 2729 259 2799 ἣξει.
297 2749 318 2779 ι
347 2726 423 2781 Τὸ
447 2727 506 2781 δὲ
539 2728 666 2799 ἑξῆς
696 2728 986 2799 εἰρημένον
1005 2767 1020 2792 ,
1060 2747 1078 2778 ι
1103 2729 1212 2781 Καὶ
1231 2728 1260 2781 ὁ
1283 2727 1437 2796 ἅγιος
1465 2728 1523 2794 ἐξ
1549 2728 1707 2800 ὅρους

116 2818 445 2882 κατασκίου,
463 2819 672 2881 δασέος,
697 2838 716 2870 ι
734 2821 968 2889 νοήσεις,
990 2819 1250 2889 παραθεὶς
1264 2820 1362 2883 τὰς
1373 2818 1543 2883 οὕτως
1563 2819 1709 2890 ἐχού-

116 2927 223 2973 σας
251 2913 312 2963 ἐν
336 2909 416 2980 τῷ
434 2911 681 2982 Ζαχαρία
712 2912 897 2978 φωνάς
914 2927 928 2941 ο
955 2929 974 2961 ι
999 2909 1247 2982 Ἑώρακα
1272 2911 1370 2983 τὴν
1401 2912 1591 2975 νύκτα,
1615 2913 1710 2965 καὶ

115 3003 235 3056 ἰδοὺ
269 3002 412 3073 ἀνὴρ
461 3002 804 3073 ἐπιϐεϐηκὼς
837 3003 930 3056 ἐπὶ
963 3003 1126 3056 ἵππον
1162 3005 1389 3077 πυρρὸν,
1420 3005 1511 3059 καὶ
1556 2996 1709 3072 οὗτος

108 3096 370 3166 εἱστήκει
421 3095 525 3148 ἀνὰ
575 3096 738 3165 μέσον
784 3095 894 3149 τῶν
944 3095 1115 3168 ὀρέων
1158 3096 1267 3151 τῶν
1313 3098 1644 3151 κατασκίων.
1685 3117 1704 3149 ι

1803 1975 1931 2031 dum
1974 1973 2165 2040 Deum,
2194 1978 2248 2026 et
2277 1966 2670 2025 misericordiae
2699 1964 2801 2019 toti
2832 1959 3038 2017 mundo
3096 1970 3263 2013 causa
3291 1969 3387 2009 ex-

1805 2066 1965 2123 stitit.
2002 2064 2265 2134 Sequitur
2294 2060 2431 2114 illud
2468 2078 2480 2113 :
2511 2077 2530 2109 (
2564 2056 2710 2112 Deus
2731 2055 2799 2110 de
2828 2052 2871 2106 Τ
2881 2053 3093 2106 haeman
3114 2048 3315 2102 veniet.
3358 2062 3380 2097 ι

1804 2160 1984 2218 Dictio
2018 2164 2200 2212 autem
2233 2156 2326 2210 illa
2365 2152 2647 2214 Thzemau,
2680 2148 2728 2205 si
2760 2149 2817 2201 in
2847 2152 3096 2200 nostram
3143 2142 3385 2211 linguam

1806 2254 2187 2310 convertatur,
2235 2244 2624 2300 consummatio
2652 2248 2768 2305 est,
2801 2247 2860 2294 ut
2888 2237 3031 2292 nihil
3065 2234 3299 2297 intersit,
3340 2231 3389 2287 si

1809 2345 1956 2399 clare
2032 2342 2237 2395 dictum
2301 2337 2521 2391 fuerit:
2579 2334 2726 2390 Deus
2792 2332 2848 2386 in
2916 2326 3391 2385 consummatione

1806 2433 2006 2489 veniet.
2059 2430 2194 2484 Nam
2246 2430 2305 2483 in
2363 2425 2840 2482 consummatione
2909 2418 3093 2475 saeculi
3141 2456 3157 2481 ,
3216 2425 3269 2470 et
3331 2414 3391 2467 in

1807 2526 1959 2580 hisce
1998 2522 2260 2579 extremis
2315 2518 2510 2574 diebus
2566 2532 2665 2588 per
2703 2514 3045 2568 Salvatorem
3116 2516 3387 2569 nostrum,

1809 2615 2010 2671 summi
2043 2612 2139 2668 Dei
2171 2609 2329 2665 nobis
2347 2607 2528 2663 illuxit
2549 2603 2932 2660 beneﬁcentia.
2957 2598 3212 2654 Fortasse
3226 2595 3392 2650 etiam

1810 2708 2114 2766 secundum
2140 2704 2411 2776 ejusdem,
2447 2701 2860 2771 gloriosumque
2882 2697 2939 2750 in
2968 2694 3055 2750 his
3086 2690 3270 2749 verbis
3293 2689 3391 2743 ad-

1809 2812 2033 2861 ventum
2061 2802 2231 2865 canit,
2267 2806 2329 2854 ut.
2368 2798 2542 2853 altero
2572 2792 2728 2850 initio
2782 2790 2949 2855 facto,
3009 2785 3238 2858 legenda
3280 2782 3393 2837 sint

1809 2897 1979 2952 verba
2009 2895 2078 2950 ab
2110 2895 2202 2949 illo
2233 2893 2355 2948 loco
2394 2910 2407 2945 :
2442 2908 2462 2941 ι
2506 2886 2654 2944 Deus
2707 2887 2776 2942 de
2819 2883 3078 2939 Thaunan
3124 2875 3329 2937 veniet,
3365 2892 3385 2923 ι

1811 2999 2072 3060 tanquam
2101 2988 2148 3043 si
2177 2988 2233 3042 in
2252 2981 2729 3040 consummatione
2759 2976 2947 3034 saeculi
2974 2975 3093 3044 ipse
3122 2977 3396 3025 venturus

1813 3083 1886 3138 sit
1916 3083 1985 3137 ab
2018 3082 2107 3145 iis,
2135 3078 2227 3149 qui
2261 3078 2331 3132 ad
2381 3076 2654 3131 australes
2713 3071 2837 3126 coeli
2884 3076 3069 3139 partes
3118 3069 3389 3135 spectant.

110 3188 329 3242 Τοῦτον
361 3188 491 3257 γοῦν
521 3189 611 3242 τὸν
639 3188 1008 3261 ἐπιϐεϐηκότα
1032 3190 1126 3244 ἐπὶ
1155 3190 1319 3246 ἵππον
1349 3192 1577 3264 πυρρὸν,
1610 3193 1707 3245 καὶ
1732 3199 1745 3248 t

1812 3175 2091 3245 Accipitur
2115 3172 2263 3227 enim
2318 3170 2579 3224 Thazman
2614 3180 2714 3236 pro
2755 3178 2823 3219 eo
2850 3159 2998 3233 quod
3047 3164 3132 3213 est
3178 3155 3392 3209 Auster.

108 3280 339 3336 ἑστῶτα
371 3281 475 3335 ἀνὰ
513 3281 676 3350 μέσον
716 3282 825 3335 τῶν
851 3283 1020 3354 ὀρέων
1052 3283 1161 3336 τῶν
1189 3283 1521 3348 κατασκίων,
1549 3285 1710 3338 αὐτὸν

107 3371 367 3444 ἠγοῦμαι
394 3366 535 3424 εἶναι
560 3372 650 3424 τὸν
682 3373 740 3426 ἐν
763 3375 829 3444 τῇ
861 3375 998 3444 μετὰ
1026 3378 1213 3447 χεῖρας
1235 3374 1560 3446 δηλούμενον
1586 3392 1731 3446 προ-η

110 3463 350 3534 φητείᾳ,
368 3462 652 3533 φασκούσῃ
668 3462 759 3515 τὸν
778 3464 931 3531 ἆγιον
962 3462 1111 3535 ἥξειν
1133 3464 1190 3531 ἐξ
1220 3463 1379 3534 ὅρους
1395 3463 1709 3528 κατασκίου,

105 3555 337 3618 δασέος.
358 3555 447 3607 Ἑν
481 3555 762 3625 ἑκατέροις
806 3554 938 3624 γοῦν
985 3557 1085 3628 ὅρη
1139 3557 1410 3610 κατάσκια
1443 3555 1709 3609 λέλεκται·

112 3649 214 3702 καὶ
250 3645 499 3717 ἡγοῦμαι
528 3645 620 3700 τοῦ
661 3630 989 3718 παραδείσου
1025 3647 1119 3700 τοῦ
1156 3646 1290 3701 Θεοῦ
1320 3647 1628 3718 τυγχάνειν,
1654 3647 1713 3700 ὃν

113 3736 425 3805 ἐφύτευσεν
462 3736 520 3788 ἐν
565 3736 726 3806 Ἐδὲμ
750 3737 891 3789 κατὰ
919 3736 1203 3801 ἀνατολὰς,
1238 3738 1269 3807 ἦ
1308 3736 1526 3806 καὶτῆς
1554 3738 1715 3789 ἐπου-

119 3830 312 3902 ρανίου
356 3830 713 3900 Ἰερουσαλήμ
733 3848 745 3860 ·
772 3829 877 3902 ὅρη
912 3829 1020 3900 γάρ
1048 3829 1231 3901 κύκλῳ
1263 3830 1453 3900 αὐτῆς,
1487 3829 1581 3882 καὶ
1610 3819 1717 3882 Κύ-

120 3939 240 3993 ριος
269 3921 463 3992 κύκλῳ
483 3921 578 3975 τοῦ
608 3920 738 3975 λαοῦ
766 3922 953 3976 αὐτοῦ.
979 3922 1166 3976 Ταῦτα
1188 3921 1318 3991 γοῦν
1337 3922 1423 3975 διὰ
1448 3922 1509 3974 τὸ
1532 3921 1717 3994 πλήρη

116 4013 419 4084 τυγχάνειν
476 4013 635 4067 θείων
691 4016 973 4085 δυνάμεων
1018 4016 1112 4067 καὶ
1154 4013 1477 4085 πνευμάτων
1522 4014 1713 4080 ἁγίων,

119 4104 273 4159 om
298 4104 559 4175 σύμφυτα
582 4106 676 4158 καὶ
695 4105 1005 4176 ἀμφιλαφῆ,
1027 4104 1299 4157 κατάσκια
1319 4103 1556 4172 λέγεται.
1576 4103 1714 4156 Ἀλλ’

120 4199 182 4251 ἐν
230 4198 335 4269 μὲν
368 4196 447 4268 τῷ
479 4198 728 4270 Ζαχαρία
760 4198 947 4268 σαφῶς
988 4199 1128 4270 ἀνὴρ
1168 4196 1533 4269 ἐποχούμενος
1566 4197 1718 4267 ἵππῳ

123 4288 326 4360 πυῤῥῴ
362 4288 649 4358 θεωρεῖται
693 4288 861 4359 αὐτῷ,
891 4288 992 4358 τῆς
1019 4286 1112 4341 τόῠ
1148 4289 1399 4359 Σωτῆρος
1442 4285 1597 4358 ήμῶν
1634 4288 1721 4339 ἐν·

122 4378 561 4450 ανθρωπήσεως,
599 4379 693 4431 καὶ
723 4378 824 4448 τῆς
856 4378 1076 4450 σαρκὸς,
1158 4380 1506 4450 ἐπωχήσατο,
1537 4378 1720 4449 δηλου-

125 4470 323 4541 μένης.
342 4470 609 4524 Ἐνταῦθα
659 4470 717 4523 δὲ
771 4470 976 4542 Κύριος
1028 4473 1123 4525 καὶ
1181 4472 1333 4541 ἅγιος
1384 4471 1715 4542 ὠνόμασται.

1812 3267 2083 3335 Quocirca
2123 3263 2469 3320 Theodotion
2524 3259 2591 3314 ad
2645 3259 2791 3312 hunc
2844 3255 3241 3324 interpretatus
3310 3249 3398 3301 est

1813 3362 2036 3417 modum
2073 3379 2086 3413 :
2136 3377 2154 3409 ι
2190 3356 2335 3411 Deus
2364 3355 2434 3409 ab
2461 3354 2665 3408 Austro
2716 3347 2919 3404 veniet.
2969 3363 2988 3395 ›
3020 3340 3177 3409 Quod
3214 3347 3397 3394 autem

1813 3454 2101 3523 sequitur:
2136 3469 2155 3501 ι
2194 3449 2262 3503 Ει
2291 3454 2517 3504 sanctus
2547 3443 2616 3499 de
2638 3447 2825 3497 monte
2844 3437 3108 3493 umbroso
3136 3432 3343 3488 denso:
3372 3448 3391 3481 ι

1813 3546 2021 3617 poteris
2044 3541 2370 3611 intelligere,
2401 3539 2447 3593 si
2475 3552 2597 3608 qua:
2614 3537 2671 3590 in
2693 3532 2956 3588 Zacharia
2984 3531 3065 3584 sic
3090 3541 3149 3582 se
3171 3526 3396 3587 habent,

1814 3636 2135 3710 apposueris
2162 3648 2327 3690 voces
2358 3651 2371 3687 :
2407 3650 2426 3682 ι
2449 3628 2576 3685 Vidi
2602 3642 2700 3698 per
2729 3635 2970 3686 noctem,
2995 3627 3049 3677 et
3064 3633 3191 3673 ecce
3207 3617 3291 3671 vir
3310 3630 3399 3668 as-

1818 3932 1984 3989 super
2019 3929 2220 3986 equum
2250 3910 2458 3973 rufum,
2496 3915 2551 3963 et
2575 3903 2788 3960 insistit
2842 3900 2987 3955 inter
3021 3902 3239 3952 montes
3278 3906 3402 3946 um-

1816 3985 2034 4073 brosos,
2068 3985 2249 4077 ipsum
2275 4003 2427 4057 illum
2447 4005 2582 4071 puto
2610 4010 2736 4052 esse
2767 3994 2863 4064 qui
2890 3991 2947 4045 in
2977 3985 3235 4060 praesenti
3267 4000 3398 4055 pro-

1816 4099 2002 4172 phetia
2054 4095 2415 4168 signiﬁcatur,
2465 4102 2588 4159 qua:
2640 4084 2738 4147 ait,
2776 4101 2794 4133 ι
2828 4089 3078 4137 sanctum
3111 4083 3402 4129 venturum

1818 4171 1885 4248 de
1912 4198 2095 4246 monte
2127 4187 2388 4243 umbroso
2418 4181 2613 4236 denso.
2646 4198 2664 4229 ι
2693 4175 2854 4231 Certe
2869 4171 3159 4240 utrobique
3187 4173 3403 4228 montes

1819 4283 2069 4340 umbrosi
2099 4281 2402 4340 habentur;
2435 4284 2488 4330 et
2524 4271 2764 4326 arbitror
2793 4280 2917 4322 esse
2945 4278 3040 4319 eos
3066 4262 3120 4315 in
3149 4257 3405 4330 paradiso

1819 4377 1938 4442 Dei,
1995 4390 2157 4446 quem
2210 4368 2477 4443 plantavit
2536 4367 2594 4419 in
2640 4362 2791 4417 Eden
2847 4358 2916 4413 ad
2948 4357 3266 4418 Orientem;
3313 4354 3406 4403 aut

1820 4471 1984 4525 etiam
2017 4466 2159 4538 apud
2210 4442 2487 4519 eoelestem
2536 4454 2840 4511 Jerusalem
2868 4469 2882 4511 :
2915 4455 3132 4503 montes
3167 4444 3313 4499 enim
3349 4442 3405 4494 in

136 4563 229 4627 Ὠς
265 4562 376 4635 γὰρ
418 4564 485 4615 ἐκ
524 4562 660 4641 Θεοῦ
695 4565 776 4627 είς
810 4532 1134 4635 ἀνθρωπους
1158 4532 1257 4635 τὴν
1285 4532 1468 4633 άφιξιν
1497 4532 1724 4634 πεποιη-

1826 4561 2063 4618 circuitu
2118 4559 2260 4628 ejus,
2286 4561 2340 4610 et
2384 4550 2652 4606 Dominus
2682 4547 2738 4601 in
2771 4542 3008 4598 circuitu
3048 4536 3235 4609 populi
3295 4532 3402 4590 sui.

130 4654 304 4725 μένος
334 4696 350 4720 ,
408 4657 503 4709 καὶ
557 4655 705 4709 ὼσὰν
750 4658 815 4709 ἐκ
867 4656 975 4710 τῶν
1019 4656 1308 4729 θειοτέρων
1352 4657 1568 4729 χωρίων
1613 4658 1726 4709 ἐπι-

128 4748 443 4819 φοιτήσας,
492 4747 742 4816 λέγεται·
803 4767 821 4798 ι
868 4749 926 4801 Ὁ
974 4748 1106 4813 Θεὸς
1157 4750 1265 4802 ἀπὸ
1308 4749 1523 4820 Θαιμὰν
1566 4749 1722 4820 ἥξει,

128 4840 229 4893 ταὶ
304 4843 333 4893 ὁ
413 4842 572 4909 ἅγιος
649 4840 710 4904 ἐξ
776 4839 937 4912 ὅρους
1024 4841 1347 4905 κατασκίου,
1410 4840 1621 4903 δασέος.
1701 4861 1719 4893 ι

129 4926 271 4985 Εἶτα
296 4930 424 5002 ἑξῆς
453 4932 695 5000 ἐπιλέγει
792 4950 808 4981 ι
863 4930 1159 5000 Ἐκάλυψεν
1196 4933 1456 5003 οὐρανοὺς
1488 4934 1521 5004 ή
1555 4934 1724 5006 ἀρετή

128 5022 336 5087 αὑτοῦ,
384 5023 480 5076 καὶ
526 5024 622 5094 τῆς
671 5023 932 5086 αἰνέσεως
979 5021 1144 5076 αὐτοῦ
1193 5023 1458 5094 πλήρηςή
1490 5024 1590 5095 γῆ,
1628 5025 1722 5078 καὶ

131 5115 340 5184 φέγγος
363 5115 527 5169 αὑτοῦ
561 5116 638 5179 ὡς
670 5115 785 5185 φῶς
817 5114 988 5169 ἔσται.
1016 5135 1034 5166 ι
1073 5116 1149 5167 Δι’
1181 5107 1255 5168 ὦν
1283 5116 1318 5183 ἧ
1351 5132 1410 5169 τε
1444 5118 1523 5179 εἰς
1555 5116 1721 5188 ούρα-

130 5208 259 5269 νοὺς
292 5206 501 5273 ἔνδοξος
532 5207 699 5261 αὑτοῦ
735 5207 982 5278 βασιλεία
1014 5207 1367 5280 παρίσταται,
1398 5208 1492 5261 καὶ
1524 5211 1556 5278 ὴ
1586 5208 1724 5279 μετὰ

130 5299 307 5353 ταῦτα
350 5301 619 5372 γενομένη
661 5319 719 5353 τε
762 5303 857 5355 καὶ
901 5302 994 5354 ἐπὶ
1039 5302 1220 5354 πλεῖον
1264 5302 1604 5374 γενησομένη
1647 5304 1725 5365 είς

134 5395 320 5447 πᾶσαν
347 5394 446 5465 τὴν
474 5394 576 5464 γῆν
608 5395 703 5464 τῆς
739 5396 866 5466 περὶ
912 5394 1078 5448 αὑτοῦ
1120 5393 1469 5457 διδασκαλίας
1496 5393 1721 5458 αἴνεσις.

135 5485 209 5538 Τὸ
242 5484 300 5538 δὲ
321 5524 336 5547 ,
371 5505 391 5535 ι
422 5485 644 5557 Κέρατα
678 5489 735 5540 ἐν
770 5490 889 5549 ταῖς
921 5490 1107 5558 χερσὶν
1135 5486 1296 5540 αὑτοῦ
1320 5528 1333 5553 ,
1380 5506 1398 5537 ι
1433 5487 1529 5557 τῆς
1568 5484 1723 5555 βασι-

134 5573 287 5637 λείας
326 5575 491 5629 αὐτοῦ
530 5575 597 5629 τὰ
633 5575 877 5648 σύμϐολα
905 5576 1091 5649 δηλοῖ·
1129 5578 1198 5631 δι’
1237 5571 1311 5632 ὧν
1345 5577 1592 5649 κεράτων
1624 5575 1722 5639 τὰς

210 5752 257 5783 ⁷⁸
292 5751 457 5806 Zacli.
482 5770 523 5818 ι,
556 5754 608 5808 8.

1827 4654 1890 4708 Hi
1948 4667 2080 4723 ergo
2120 4659 2360 4710 montes,
2389 4660 2454 4700 eo
2483 4641 2628 4713 quod
2677 4638 2876 4695 divinis
2937 4631 3304 4705 potestatibus
3354 4633 3409 4680 et

1825 4720 2035 4801 sanctis
2065 4739 2352 4813 spiritibus
2378 4734 2564 4791 referti
2596 4732 2728 4794 sint,
2760 4728 2923 4799 quasi
2951 4723 3151 4780 consiti
3177 4729 3230 4777 et
3259 4720 3410 4788 large

1824 4836 1910 4891 his
1934 4834 2319 4893 exuberantes,
2350 4825 2595 4882 umbrosi
2648 4823 2926 4877 dicuntur.
2965 4818 3032 4871 Et
3061 4818 3115 4871 in
3142 4813 3407 4869 Zacharia

1824 4926 2046 4998 quidem
2072 4924 2230 4993 plane
2258 4921 2342 4976 vir
2364 4919 2634 4983 cernitur,
2664 4914 2759 4985 qui
2781 4927 2925 4983 equo
2949 4909 3077 4965 rufo
3108 4907 3405 4967 invehitur,

1829 5032 1955 5073 cum
2002 5017 2074 5071 sit
2100 5013 2321 5068 interim
2369 5007 2674 5065 Salvatoris
2710 5005 2908 5069 nostri,
2953 5012 3006 5057 et
3042 5002 3284 5055 humana
3320 5012 3410 5051 as-

1831 5115 2049 5178 sumpta
2096 5118 2315 5168 natura,
2351 5111 2407 5158 et
2435 5115 2640 5170 corpus
2669 5113 2778 5168 quo
2802 5096 2963 5166 quasi
2990 5090 3244 5148 vehiculo
3286 5097 3410 5142 ute-

1830 5205 2015 5266 batur,
2077 5200 2427 5262 declaretur;
2460 5201 2515 5248 at
2541 5194 2634 5247 hic
2666 5191 2808 5246 Deus
2841 5195 2895 5244 et
2961 5192 3185 5240 sanctus
3233 5179 3412 5236 nomi-

1833 5303 1996 5350 natus
2025 5300 2129 5349 est.
2163 5290 2447 5360 Tanquam
2498 5286 2646 5342 enim
2676 5285 2724 5339 is
2752 5282 2848 5353 qui
2894 5294 2923 5332 a
2954 5277 3066 5331 Deo
3118 5273 3187 5329 ad
3235 5272 3413 5327 homi-

1829 5402 1929 5442 nes
1983 5386 2352 5440 descensurus
2405 5385 2574 5442 esset,
2627 5383 2681 5431 et
2731 5383 2995 5442 tanquam
3061 5366 3129 5421 de
3182 5363 3411 5417 divinio-

1827 5481 1981 5535 ribus
2012 5478 2148 5533 locis
2184 5474 2567 5546 profecturus,
2626 5468 2828 5524 dicitur
2881 5464 3026 5517 Deus
3058 5458 3126 5513 de
3151 5455 3415 5511 Thalnam

1829 5579 2127 5640 venturus,
2173 5577 2227 5626 et
2275 5573 2501 5625 sanctus
2553 5562 2621 5617 de
2671 5567 2856 5614 monte
2908 5552 3169 5610 umbroso
3219 5545 3413 5602 denso.
