3828 6220
441 302 547 358 447

1110 296 1385 358 EUSEBll
1420 292 1899 354 CAESARIENSIS
1934 292 2085 350 OPP.
2122 291 2303 348 PARS
2337 292 2405 349 ll.
2444 325 2515 336 —
2550 292 3051 351 APOLOGETICA.

3601 293 3705 348 με

439 423 601 493 281
633 420 899 491 Deinceps
930 416 1216 489 adjungit:
1257 435 1276 468 ι
1309 415 1608 487 Cooperuit
1641 413 1810 489 cgelos
1840 412 1984 467 virtu

2140 413 2387 484 ἰοράτους
2417 413 2513 467 καὶ
2542 411 2925 482 ἀντικειμένας
2975 410 3231 480 δυνάμεις
3261 406 3586 480 ὼθούμενος’
3603 411 3704 462 καὶ

436 517 579 586 ejus,
602 524 658 570 et
680 512 858 569 laudis
886 513 1008 583 ejus
1037 512 1197 581 plena
1230 516 1315 565 est
1341 518 1510 571 terra,
1533 515 1587 562 et
1613 504 1873 577 splendor
1892 503 2014 573 ejus

434 613 498 661 ut
532 606 713 660 lumen
740 605 866 660 erit.
900 623 920 656 ι
955 601 1167 668 Quibus
1189 601 1377 671 utique
1403 598 1609 660 verbis.
1633 596 1796 652 simul
1820 602 1875 652 et
1894 595 2012 665 glo-

433 701 640 757 riosum
685 699 807 769 ejus
864 698 922 753 in
972 698 1113 753 coelo
1146 710 1377 768 regnum
1424 693 1758 759 ostenditur,
1804 699 1861 748 et
1890 706 2013 761 quae

434 794 667 864 posthac
699 791 884 847 futura
915 801 1020 856 est,
1053 790 1381 861 longiusque
1410 789 1696 849 duratura,
1747 793 1911 855 atque
1952 785 2010 838 in

430 901 648 939 omnem
676 891 881 939 terram
924 889 1301 953 penetratura,
1334 880 1621 944 doctrinae,
1656 894 1779 949 quae
1815 876 1883 931 de
1915 876 2010 930 illo

431 977 626 1038 fertur,
660 975 920 1029 laudatio.
943 972 1082 1028 Illud
1111 980 1332 1029 autem:
1374 991 1394 1024 ι
1431 970 1652 1027 Cornua
1678 970 1731 1023 in
1752 968 2008 1022 manibus

430 1069 571 1138 ejus,
616 1087 636 1119 ι
673 1068 827 1138 regni
859 1067 980 1137 ejus
1014 1065 1247 1136 insignia
1277 1073 1330 1119 et
1362 1071 1524 1118 notas
1556 1059 1850 1132 signiﬁcat,
1882 1058 2008 1129 qui-

428 1160 533 1215 bus
579 1160 864 1223 cornibus,
914 1158 1219 1214 invisibiles
1251 1169 1415 1227 atque
1443 1155 1803 1210 adversantes
1845 1158 2005 1221 pote-

426 1258 598 1307 states
628 1251 923 1321 repellens,
952 1258 1007 1306 et
1037 1251 1211 1305 victas
1254 1249 1512 1304 obtinens
1573 1245 1766 1316 abigit.
1799 1242 2006 1298 Ordine

424 1344 513 1399 bis
538 1344 798 1414 deinceps
828 1344 1115 1414 adjungit:
1151 1362 1170 1394 ι
1206 1340 1272 1396 Et
1292 1340 1478 1412 posuit
1505 1338 1855 1394 dilectionem
1894 1333 2006 1389 for-

424 1443 534 1491 tem
566 1435 784 1489 roboris
832 1436 939 1491 sui.
997 1454 1015 1487 ι
1062 1435 1129 1488 Et
1177 1448 1308 1488 sane
1336 1430 1675 1487 vehementis
1698 1426 2004 1483 affectionis

421 1528 544 1600 ejus
577 1543 640 1583 ac
671 1527 984 1582 dilectionis
1012 1540 1140 1595 erga
1191 1524 1445 1580 homines
1502 1522 1765 1577 indicium
1829 1519 2004 1573 maxi-

422 1636 571 1676 mum
605 1619 795 1685 fuerit,
817 1619 963 1690 quod
1009 1627 1135 1673 ante
1186 1616 1381 1672 faciem
1410 1616 1530 1687 ejus
1562 1612 1850 1670 incesserit
1875 1626 2001 1666 ver-

421 1712 552 1767 bum
604 1712 760 1777 illud,
816 1710 1072 1766 videlicet
1104 1710 1346 1766 salutare
1395 1716 1560 1778 atque
1601 1703 1998 1774 evangelicum,

2116 503 2437 575 κερατίζων,
2473 503 2787 557 ἀπελαύνει.
2836 501 3165 564 Ἀκολούθως
3196 490 3402 565 τούτοὶς
3431 498 3702 567 ἐπιλέγει.

2119 618 2138 649 ι
2180 599 2291 652 Kal.
2340 598 2492 651 ἔθετο
2547 599 2825 670 ἀγάπησιν
2889 595 3155 668 κραταιὰν
3210 593 3392 665 ἰσχύος
3447 592 3631 647 αὑτοῦ.
3676 611 3698 645 ι

2114 690 2225 744 Καὶ
2276 689 2377 760 τῆς
2429 704 2496 756 γε
2557 690 2638 751 είς
2693 685 3014 760 ἀνθρώπους
3069 687 3336 759 κραταιᾶς
3401 683 3703 745 διαθέεως

2113 779 2280 836 αὐτοῦ
2306 821 2321 847 ,
2375 780 2469 835 καὶ
2532 780 2753 851 ἀγάπης
2807 780 3006 850 δεῖγμα
3065 778 3319 849 μέγιστον
3358 770 3427 846 ἦν
3477 774 3540 828 τὸ
3592 774 3703 847 πρὸ

2111 871 2404 944 προσώπου
2469 871 2634 924 αὐτοῦ
2692 869 3024 943 πορευθῆναι
3063 868 3254 938 λόγον,
3320 865 3565 938 δηλονότι
3607 865 3702 917 τὸν

2111 967 2377 1039 σωτήριον
2409 964 2503 1017 καὶ
2531 962 2916 1033 εὖαγγελικδν,
2949 961 3232 1026 ἐξελθόντα
3265 977 3327 1012 τε
3352 957 3545 1012 τοῦτον
3576 957 3700 1010 δια-

2107 1058 2333 1130 δραμεῖν
2375 1057 2456 1120 εἰς
2486 1055 2645 1109 πεδία
2668 1097 2682 1121 ,
2714 1055 2855 1108 ὥστε
2888 1057 2946 1108 έν
2978 1054 3146 1124 ὀλίγῳ
3178 1054 3360 1107 πᾶσαν
3407 1049 3701 1121 πληρῶσαι

2104 1149 2202 1218 τὴν
2229 1149 2551 1218 οἰκουμένην
2575 1146 2676 1219 τῆς
2703 1145 2793 1200 ὑπ’
2828 1144 2995 1198 αὐτοῦ
3040 1142 3463 1215 προξενηθείσης
3492 1140 3705 1194 ἅπασιν

2105 1235 2413 1309 ἀνθρώποις
2449 1235 2720 1308 σωτηρίας
2744 1275 2761 1301 ,
2805 1234 3112 1297 ἀκολούθως
3149 1236 3216 1304 τῇ
3251 1230 3559 1304 προφητείᾳ
3591 1248 3701 1301 φη-

2107 1331 2248 1404 σάσῃ
2267 1347 2282 1361 ο
2318 1348 2336 1381 ι
2378 1329 2493 1401 Πρὸ
2519 1328 2811 1401 προσώπου
2840 1327 3004 1381 αὐτοῦ
3030 1324 3470 1399 προπορεύσεται
3501 1321 3696 1392 λόγος,

2103 1422 2197 1477 καὶ
2229 1420 2567 1488 ἐξελεύσεται
2611 1422 2692 1485 εἰς
2732 1420 2907 1475 πεδία.
2951 1438 2975 1471 ι
3016 1417 3176 1472 Κατὰ
3205 1418 3306 1488 τὴν
3338 1415 3601 1487 δευτέραν
3637 1413 3700 1467 δὲ

2103 1510 2269 1567 αὐτοῦ
2338 1510 2678 1582 παρουσίαν,
2734 1511 2815 1565 ἔτι
2863 1509 3061 1582 μᾶλλον
3126 1509 3218 1563 καὶ
3271 1508 3605 1579 κυριώτερον
3665 1505 3699 1556 ὁ

2102 1606 2274 1675 Λόγος
2295 1603 2459 1659 αὑτοῦ
2502 1604 2676 1675 πέρας
2724 1604 2975 1672 ἐπιθήσει
3011 1604 3124 1666 τοῖς
3160 1618 3222 1653 τε
3263 1598 3577 1671 εἰρημένοις
3602 1595 3705 1649 καὶ

2102 1700 2213 1762 τοῖς
2245 1696 2371 1770 έξῆς
2402 1696 2838 1767 ἐπιφερομένοις,
2866 1694 2905 1748 ἃ.
2934 1695 3029 1748 καὶ
3053 1694 3113 1748 οὔ
3136 1692 3230 1748 νῦν
3262 1689 3535 1759 ἐξετάζειν
3568 1705 3699 1742 και-

421 1804 568 1875 quod
597 1775 761 1859 etiam
791 1818 1076 1875 egressum
1120 1800 1457 1872 percurrerit
1471 1775 1732 1868 campos,
1769 1794 1903 1850 adeo
1937 1802 1997 1849 ut
2030 1775 2072 1833 Β
2104 1791 2214 1862 ρός.

419 1897 569 1954 brevi
601 1907 843 1969 tempore
883 1905 1055 1952 totum
1083 1897 1273 1952 orbem
1315 1904 1586 1950 terrarum
1632 1908 1717 1959 ea,
1748 1907 1870 1962 quae
1897 1905 1995 1960 per
2031 1888 2211 1958 ipsum
2240 1887 2496 1940 omnibus
2520 1883 2837 1938 hominibus
2858 1881 3149 1936 conciliata
3204 1880 3298 1943 sit,
3357 1877 3535 1935 salute
3590 1876 3703 1929 im-

419 1993 669 2063 pleverit,
700 1992 1058 2063 comprobata
1087 1992 1207 2060 ejus
1240 1991 1542 2062 prophetiae
1581 1989 1836 2052 veritate,
1867 2001 1991 2057 quae
2025 1984 2140 2039 ait:
2201 2001 2221 2033 ‹
2264 1982 2406 2037 Ante
2437 1979 2630 2035 faciem
2663 1979 2787 2046 ejus
2835 1978 2933 2032 ibit
2963 1977 3213 2039 verbum,
3266 1982 3321 2030 et
3380 1972 3702 2040 egredietur

418 2085 474 2139 in
510 2099 755 2156 campos.
792 2103 811 2136 ›
849 2084 909 2138 In
947 2083 1191 2138 secundo
1227 2091 1411 2137 autem
1453 2080 1700 2151 ejusdem
1730 2078 1992 2141 adventu,
2037 2075 2274 2145 amplius
2330 2087 2549 2142 quoque
2582 2085 2647 2124 ac
2699 2069 2873 2139 magis
2906 2068 3125 2139 pr0prie
3168 2066 3411 2123 Verbum
3453 2064 3578 2132 ejus
3639 2064 3700 2116 et

417 2180 504 2235 his
534 2153 655 2249 quae
696 2179 845 2233 dicta
895 2185 1026 2233 sunt
1066 2185 1121 2231 et
1154 2177 1221 2231 iis
1251 2191 1373 2247 quae
1398 2176 1659 2245 deinceps
1688 2178 2016 2244 sequuntur,
2056 2166 2219 2222 finem
2255 2166 2517 2236 imponet.
2567 2161 2772 2233 quibus
2801 2175 2948 2214 nunc
3004 2156 3355 2228 explorandis
3400 2165 3569 2226 atque
3600 2153 3697 2207 iu-

416 2269 683 2342 dagandis
706 2276 923 2339 tempus
952 2283 1061 2322 non
1085 2266 1261 2321 adest.

987 2419 1218 2477 CAPUT
1256 2419 1400 2476 XVI.

413 2537 454 2591 A
491 2535 778 2590 Zacharia.
798 2566 866 2578 —
886 2532 1345 2600 Quemadmodum
1379 2532 1633 2586 Dominus
1665 2530 1991 2598 omnipotens

486 2609 769 2675 conﬁtetur
799 2622 853 2660 se
883 2607 1126 2668 missum,
1172 2612 1229 2657 ut
1282 2603 1494 2673 auferat
1521 2619 1606 2664 ea,
1648 2617 1767 2671 qua:
1798 2601 1989 2654 vitiosa

480 2680 609 2735 sint.

488 2833 509 2867 ι
550 2813 672 2869 Haec
703 2813 837 2868 dicit
867 2813 1131 2869 Dominus
1161 2811 1506 2880 omnipotens
1533 2826 1545 2862 :
1576 2807 1710 2863 Post
1756 2806 1984 2879 gloriam

410 2909 563 2964 misit
594 2922 681 2962 me
712 2906 781 2961 ad
813 2914 1024 2977 gentes,
1074 2919 1197 2976 quae
1245 2901 1619 2974 spoliaverunt
1656 2915 1755 2955 vos
1795 2918 1810 2952 :
1844 2914 1984 2970 quo-

2602 2355 3002 2429 ΚΕΦΑΛΑΙΟΝ
3044 2356 3141 2423 IG’
3151 2395 3164 2408 .

2107 2475 2251 2532 Ἀπὸ
2292 2473 2398 2529 τοῦ
2445 2474 2766 2543 Ζαχαρίου.
2812 2501 2881 2543 —_
2940 2471 3037 2543 Ὡς
3066 2469 3346 2543 όίΚύριος
3385 2471 3419 2522 δ
3465 2485 3691 2543 παντο-

2164 2545 2391 2614 κρὰτωρ
2417 2540 2697 2613 ὁμολογεῖ
2717 2544 2817 2611 ὑφ’
2857 2541 3067 2614 ἐτέρου
3093 2540 3315 2614 Κυρίου
3346 2540 3691 2614 παντοκρά-

2163 2609 2464 2685 τοροςζέπί
2495 2609 2834 2682 καθαιρέο-ει
2866 2610 2985 2665 τῶν
3011 2611 3260 2679 φαύλων
3284 2609 3683 2665 ἀπεστάλθαι.

2173 2750 2192 2783 ι
2228 2731 2367 2784 Τάδε
2398 2730 2546 2799 λέγει
2578 2729 2783 2801 Κύριος
2809 2725 3205 2798 παντοκράτωρ
3224 2741 3238 2754 ο
3288 2724 3497 2778 Ὀπίσω
3524 2724 3692 2791 δόξης

2094 2823 2403 2879 ἀπέσταλκέ
2448 2840 2515 2894 με
2548 2822 2642 2875 ἐπὶ
2687 2821 2756 2875 τὰ
2793 2819 2918 2891 ἔθνη
2943 2859 2960 2885 ,
2994 2817 3064 2870 τὰ
3094 2816 3465 2871 σκυλεύσαντα
3495 2817 3641 2887 ὑμᾶς
3663 2830 3683 2845 ⁸

2091 2916 2223 2970 διότι
2250 2919 2278 2970 ὁ
2304 2917 2608 2987 ἁπτόμενος
2639 2912 2792 2984 ὑμῶν
2813 2952 2827 2976 ,
2857 2912 2933 2976 ὡς
2961 2912 2990 2964 ὁ
3024 2911 3328 2981 ἁπτόμενος
3365 2910 3470 2980 τῆς
3509 2910 3687 2981 κόρης

410 3003 557 3056 niam
593 3000 687 3070 qui
717 2998 891 3070 tangit
925 3014 1042 3064 vos,
1085 2997 1245 3068 quasi
1278 2996 1327 3053 is
1358 2997 1452 3067 qui
1501 2995 1677 3065 tangit
1722 2994 1983 3065 pupillam

2140 3005 2184 3057 δῦ
2233 3003 2512 3074 ὀφθαλμοῦ
2553 3001 2737 3057 αὐτοῦ.
2783 3000 2928 3053 Διότι
2971 2999 3081 3054 ἰδοὺ
3123 2998 3234 3068 ἐγὼ
3278 2999 3529 3065 ὲπιφέρω
3582 2999 3689 3070 τὴν

409 3093 554 3147 oculi
586 3093 707 3162 ejus
745 3111 758 3147 :
803 3092 932 3162 quia
982 3106 1112 3147 ecce
1162 3090 1330 3145 aﬂ'ero
1361 3105 1580 3143 manum
1611 3103 1788 3143 meam
1823 3102 1987 3159 super

2140 3099 2252 3170 εῖρά
2279 3115 2380 3168 μου
2408 3097 2495 3149 ἐπ’
2519 3097 2724 3160 αὐτοῖς,
2751 3094 2846 3147 καὶ
2878 3092 3090 3146 ἔσονται
3126 3091 3297 3145 σκῦλα
3328 3094 3443 3155 τοῖς
3474 3091 3692 3145 δουλεύ-

411 3182 563 3251 ipsos
596 3201 608 3235 :
643 3188 696 3234 et
716 3191 878 3235 erunt
905 3181 1077 3250 spolia
1110 3179 1178 3236 iis
1223 3180 1317 3249 qui
1348 3179 1640 3233 servierint
1664 3179 1766 3245 eis,
1806 3184 1860 3234 et
1894 3193 1987 3233 co-

408 3273 685 3344 gnoscetis
721 3273 865 3343 quod
901 3271 1165 3326 Dominus
1187 3272 1534 3342 omnipotens
1567 3271 1718 3326 misit
1750 3286 1838 3326 me
1858 3272 1924 3326 ⁷⁸.
1962 3290 1981 3322 ι

409 3362 532 3431 lpse
563 3360 826 3417 Dominus
878 3364 1229 3432 omnipotens
1267 3362 1323 3416 in
1364 3364 1451 3418 bis
1481 3362 1720 3432 seipsum
1755 3363 1985 3418 missum

406 3469 534 3509 esse
577 3454 673 3518 ait,
717 3461 770 3509 et
801 3453 1056 3523 quisnam
1081 3454 1128 3509 is
1161 3454 1251 3518 sit,
1284 3454 1379 3524 qui
1410 3456 1644 3521 miserit,
1676 3457 1856 3524 docet,
1894 3457 1986 3510 ubi

407 3547 526 3602 ait:
569 3566 589 3598 ι
643 3546 708 3601 Et
752 3546 1099 3616 cognoscetis
1138 3548 1285 3617 quod
1342 3547 1608 3603 Dominus
1641 3550 1987 3619 omnipotens

410 3638 563 3694 misit
588 3654 693 3694 me.
733 3657 753 3692 ι
794 3637 962 3711 Igitur
997 3638 1165 3695 etiam
1207 3640 1313 3695 hoc
1356 3640 1477 3694 loco
1521 3640 1659 3696 duos
1698 3641 1987 3711 perspicue

409 3731 602 3797 babes,
626 3733 718 3802 qui
738 3737 929 3787 eadem
960 3741 1187 3787 utantur
1208 3732 1596 3804 appellatione,
1627 3748 1797 3788 unum
1836 3750 1983 3800 eum,

406 3824 499 3893 qui
518 3824 665 3879 misit
686 3822 975 3879 Dominum
999 3826 1444 3895 omnipotentem,
1472 3826 1699 3880 alterum
1717 3840 1863 3887 eum,
1892 3826 1983 3895 qui

406 3917 664 3983 mittitur,
696 3916 941 3987 ejusdem
974 3933 1098 3972 cum
1133 3932 1198 3972 eo
1228 3917 1322 3987 qui
1353 3917 1505 3974 misit
1531 3918 1790 3973 nominis.
1820 3918 1984 3988 282

406 4010 579 4076 Quem
613 4025 780 4082 porro
824 4010 992 4064 alium
1044 4010 1250 4065 dixeris
1285 4025 1409 4065 eum
1451 4010 1542 4079 qui
1588 4009 1842 4072 mittitur,
1874 4010 1982 4064 nisi

404 4117 528 4157 eum
560 4117 720 4173 quem
751 4110 877 4157 ante
922 4117 1024 4158 nos
1071 4103 1321 4173 pluribus
1372 4101 1762 4172 appellavimus
1811 4100 1981 4157 Deum

405 4193 668 4261 Verbum,
702 4196 794 4267 qui
841 4211 870 4249 a
901 4194 1065 4250 Patre
1099 4196 1330 4252 missum
1371 4211 1430 4250 se
1460 4195 1773 4264 confitetur,
1803 4204 1857 4251 et
1886 4197 1981 4267 qui

403 4285 693 4342 manifeste
717 4286 896 4341 dixit:
937 4305 956 4338 ‹
994 4285 1125 4341 Post
1167 4287 1397 4357 gloriam
1433 4288 1584 4342 misit
1613 4303 1721 4353 me,
1768 4309 1787 4341 ›
1844 4288 1980 4343 illud

2092 3207 2254 3245 σασιν
2316 3190 2531 3253 αὐτοῖς,
2582 3189 2679 3243 καὶ
2734 3184 3047 3256 γνώσεσθε,
3089 3184 3173 3237 ὅτι
3222 3184 3428 3255 Κύριος
3486 3200 3688 3237 παντο-

2088 3280 2308 3352 κράτωρ
2345 3277 2714 3345 ὲξαπέσταλκέ
2762 3294 2849 3348 με.
2892 3296 2911 3328 ι
2956 3274 3163 3346 Κύριος
3211 3275 3372 3338 αὐτὸς
3414 3277 3444 3327 ὁ
3481 3291 3685 3328 παντο-

2088 3372 2303 3445 κράτωρ
2333 3372 2392 3425 ὲν
2419 3370 2628 3434 τούτοις
2664 3369 2855 3423 ἑαυτὸν
2892 3366 3225 3421 ἀπεστάλθαι
3258 3366 3429 3436 φησὶ,
3462 3366 3561 3419 καὶ
3593 3366 3687 3418 τὺν

2086 3464 2509 3527 ἀποστείλαντα,
2569 3464 2718 3526 ὅστις
2762 3461 2870 3533 εἴη,
2924 3460 3167 3515 διδάσκει
3236 3457 3452 3527 λέγων’
3506 3476 3525 3509 ι
3570 3459 3685 3511 Καὶ

2085 3556 2358 3626 γνώσεσθε
2384 3595 2399 3619 ,
2453 3557 2534 3609 ὅτι
2585 3554 2791 3625 Κύριος
2845 3540 3240 3624 παντοκράτωρ
3302 3548 3685 3616 ἐξαπέσταλκέ

2088 3668 2176 3721 με.
2211 3669 2230 3702 ›
2276 3648 2486 3704 Οὐκοῦν
2539 3648 2630 3702 καὶ
2669 3645 2902 3701 ἐνταῦθα
2940 3644 3034 3699 δύο
3082 3642 3274 3712 σαφῶς
3320 3643 3472 3713 ἔχεις
3499 3684 3515 3707 ,
3584 3646 3686 3715 μιᾷ

2085 3741 2397 3813 χρωμένους
2426 3739 2790 3812 προσηγορίᾳ,
2817 3737 2907 3791 τόν
2939 3755 3001 3791 τε
3039 3736 3440 3791 ἀποστείλαντα
3471 3736 3687 3808 Κύριον

2086 3833 2526 3905 παντοκράτορα,
2554 3831 2650 3886 καὶ
2676 3830 2766 3885 τὸν
2789 3828 3272 3899 ἀποστελλόμενον,
3288 3825 3587 3899 ὁμώνυμον
3603 3828 3685 3899 τῷ

2083 3925 2487 3981 ἀποστείλαντι.
2524 3924 2656 3976 Τίνα
2681 3924 2725 3977 δ’
2758 3922 2825 3977 ἂν
2857 3922 3044 3993 ἕτερον
3070 3920 3243 3983 εἴποις
3279 3920 3374 3973 τὸν
3406 3921 3682 3973 ἀποστελα

2082 4017 2334 4088 λόμενον,
2380 4016 2412 4087 ἢ
2459 4016 2550 4069 τὸν
2601 4015 2690 4069 διὰ
2737 4014 3002 4067 πλειόνων
3046 4015 3177 4084 ἡμῖν
3196 4013 3687 4083 προηγορευμένον

2082 4110 2213 4164 Θεὸν
2262 4110 2469 4179 Λόγον,
2514 4109 2649 4180 πρὸς
2693 4107 2787 4161 τοῦ
2828 4107 3045 4179 Πατρὸς
3092 4104 3435 4159 ἀπεστάλθαι
3486 4104 3687 4176 ὁμολο-

2082 4203 2317 4272 γοῦντα,
2355 4200 2540 4270 σαφῶς
2572 4201 2628 4253 δὲ
2696 4198 2992 4272 εἰρηκότα,
3045 4217 3065 4250 ι
3116 4196 3320 4251 Ὀπίσω
3363 4195 3528 4267 δόξης
3572 4199 3687 4250 ἀπ-

2080 4294 2310 4348 έσταλκε
2346 4311 2433 4364 με,
2468 4312 2487 4346 ›
2526 4292 2805 4364 δηλοῦντα,
2840 4293 2923 4345 ὅτι
2948 4290 3319 4363 προῦπάρχων
3356 4291 3418 4342 έν
3450 4288 3588 4361 δόξῃ
3612 4294 3683 4359 τῇ

402 4378 622 4433 interim
651 4378 987 4449 significans,
1016 4377 1161 4448 quod
1193 4379 1287 4448 qui
1319 4385 1477 4433 antea
1509 4379 1674 4435 fuerit
1708 4380 1761 4434 in
1801 4381 1976 4452 gloria

2140 4386 2235 4458 ιιρά
2262 4385 2341 4456 τῷ
2366 4386 2563 4458 Πατρί,
2604 4384 2743 4456 μετά
2768 4384 2939 4438 ταῦτα
2966 4384 3275 4438 ἀπέσταλτο
3306 4383 3403 4436 ἐπὶ
3430 4383 3504 4437 τὰ
3553 4383 3687 4453 ἔθνη

402 4471 545 4540 apud
604 4470 873 4535 Patrem,
943 4478 1131 4538 postea
1199 4471 1402 4526 missus
1475 4472 1548 4528 sit
1612 4472 1680 4526 ad
1744 4480 1973 4544 gentes,

402 4578 523 4632 qua:
559 4563 915 4633 spoliaverint
940 4563 1074 4618 vos?
1092 4563 1229 4618 Cum
1251 4565 1394 4618 enim
1420 4564 1486 4618 ad
1521 4581 1615 4621 eas
1640 4574 1832 4636 gentes
1853 4583 1977 4637 qua:

400 4652 557 4723 prius
588 4653 789 4723 populo
824 4651 919 4707 Dei
963 4652 1207 4709 adversae
1259 4654 1601 4725 inimiczeque
1631 4663 1809 4720 erant,
1842 4657 1978 4711 mis-

400 4761 521 4801 sum
555 4744 626 4799 sit
656 4742 749 4798 Dei
785 4742 1040 4809 Verbum,
1073 4745 1173 4800 has
1205 4747 1353 4816 ipsas
1401 4748 1503 4803 sibi
1554 4748 1660 4818 ipsi
1716 4749 1971 4819 subjecit,

398 4836 619 4911 easdem
657 4852 752 4906 per
779 4851 910 4891 suos
947 4836 1248 4908 discipulos
1271 4839 1638 4908 deprzedatus.
1660 4842 1754 4912 qui
1792 4844 1972 4912 portio

397 4929 645 4998 quaedam
684 4937 841 4983 erant
870 4930 1018 4985 illius
1048 4932 1233 5002 populi
1267 4933 1360 5002 qui
1393 4934 1460 4987 ad
1493 4934 1973 4991 circumcisionem

399 5019 652 5090 pertinet,
681 5034 841 5089 quem
887 5021 1162 5091 quondam
1213 5023 1270 5076 in
1303 5023 1618 5079 servitutem
1644 5024 1974 5096 redegerunt

397 5115 606 5178 gentes,
643 5124 764 5178 quae
796 5110 975 5177 ipsum
1021 5111 1172 5165 illum
1208 5127 1309 5168 suo
1356 5113 1775 5171 simulacrorum
1820 5118 1971 5171 cultu

396 5199 719 5271 depraedataa
745 5201 986 5259 fuerunt.
1020 5201 1148 5259 Haec
1181 5205 1349 5277 igitur
1384 5221 1646 5276 passurus
1674 5207 1809 5262 dicit
1835 5224 1970 5278 gen-

396 5303 480 5349 tes
510 5309 647 5365 quas
673 5295 967 5361 disposuit.
1004 5297 1160 5351 Sicut
1203 5299 1348 5353 enim
1405 5298 1509 5353 illae
1560 5301 1824 5370 populum
1877 5298 1972 5355 Dei

398 5399 426 5436 a
450 5385 621 5454 patria
646 5386 846 5456 pietate
873 5403 938 5441 ac
968 5388 1229 5458 religione
1258 5396 1585 5456 avertentes,
1618 5393 1792 5461 spolia
1842 5406 1970 5462 pro-

397 5476 532 5545 priis
560 5476 900 5535 daemonibus
949 5479 1107 5535 factae
1135 5488 1284 5546 sunt,
1340 5482 1413 5536 ita
1443 5484 1773 5555 quandoque
1803 5485 1969 5540 etiam

393 5566 526 5637 ipsae
547 5569 726 5638 patrio
756 5570 1176 5627 simulacrorum
1210 5574 1360 5629 cultu
1395 5573 1464 5631 ab
1488 5576 1555 5631 iis
1585 5578 1677 5647 qui
1701 5577 1838 5648 ipsis
1867 5592 1967 5633 an-

464 5722 508 5756 "
533 5722 695 5780 Zach.
718 5738 780 5791 ll,
809 5726 860 5793 8,
892 5726 925 5785 9

2079 4479 2149 4532 τὰ
2212 4477 2582 4547 σκυλεύσαντα
2646 4477 2827 4547 ύμᾶς;
2875 4475 2999 4528 Ἐπί
3041 4475 3148 4547 γὰρ
3178 4475 3247 4527 τὰ
3280 4475 3556 4547 πρότερον
3586 4478 3685 4545 ἐχ..

2080 4571 2183 4644 θρὰ
2226 4572 2317 4625 καὶ
2361 4570 2596 4641 πολέμια
2647 4568 2743 4622 τοῦ
2776 4567 2907 4623 λαοῦ
2945 4567 3038 4621 τοῦ
3080 4566 3216 4621 Θεοῦ
3249 4566 3380 4637 ἔθνη
3429 4569 3686 4621 ἀποστα-

2078 4663 2191 4726 λεὶς
2226 4664 2255 4715 ό
2293 4660 2387 4715 τοῦ
2435 4661 2570 4714 Θεοῦ
2613 4660 2784 4730 Λόγος
2807 4699 2820 4723 ,
2857 4659 3012 4713 ταῦθ’
3048 4661 3138 4729 ὑφ’
3168 4660 3361 4713 ἑαυτὸν
3404 4659 3682 4728 ἠγάγετο,

2079 4755 2379 4818 σκυλεύσας
2400 4754 2540 4807 αύτά
2559 4752 2645 4807 διὰ
2671 4754 2779 4807 τῶν
2802 4753 2968 4808 αὐτοῦ
3001 4752 3278 4825 μαθητῶν,
3304 4752 3512 4817 οἵτινες
3533 4748 3681 4824 ἦσαν

2083 4849 2248 4920 μέρος
2277 4847 2370 4901 τοῦ
2397 4848 2463 4900 ὲκ
2497 4847 2800 4919 περιτομῆς
2830 4845 2987 4911 λαοῦ,
3016 4848 3197 4900 ὅντινα
3230 4845 3399 4899 πάλαι
3433 4846 3678 4900 καταδε-

2078 4939 2338 4993 δούλωντο
2363 4938 2431 4991 τὰ
2452 4937 2600 5007 ἔθνη,
2630 4936 3003 4992 σκυλεύσαντα
3025 4936 3187 4991 αὐτὸν
3217 4938 3282 5007 τῇ
3312 4936 3675 5008 οἰκει’ᾳείδω-

2079 5030 2382 5103 λολατρείᾳ.
2422 5028 2579 5084 Τοῦτ’
2609 5025 2701 5083 οὖν
2733 5047 2866 5100 φησι
2900 5029 3185 5083 πείσεσθαι
3218 5029 3286 5083 τά
3318 5029 3451 5098 ἔθνη
3473 5073 3490 5093 ,
3528 5031 3681 5100 ἅπερ

2076 5119 2425 5174 διατέθεικεν.
2457 5120 2542 5183 Ὠς
2564 5120 2673 5191 γὰρ
2687 5119 2779 5173 τὸν
2804 5119 2932 5173 λαὸν
2963 5118 3056 5172 τοῦ
3086 5118 3245 5184 Θεοῦ,
3273 5120 3375 5191 τῆς
3404 5120 3678 5192 πατρῴας

2075 5212 2356 5275 εὐσεϐείας
2390 5212 2851 5283 μεταστησάμενα
2870 5253 2883 5277 ,
2915 5211 3087 5265 σκῦλα
3119 5213 3232 5275 τοῖς
3261 5211 3418 5274 ἰδίοις
3447 5212 3676 5282 δαίμοσι

2079 5304 2482 5374 κατεστήσατο,
2542 5302 2684 5356 οὕτω
2735 5303 2865 5356 ποτὲ
2929 5304 3024 5356 καὶ
3058 5302 3197 5356 αὐτὰ
3239 5302 3343 5372 τῆς
3391 5303 3675 5374 πατρικῆς

2078 5394 2517 5469 εἰδωλολατρείας
2544 5395 2679 5466 πρὸς
2711 5394 2817 5448 τῶν
2849 5395 3016 5449 πάλαι
3038 5395 3463 5449 δεδουλευκότων
3480 5397 3671 5460 αὐτοῖς

2079 5484 2522 5558 σκυλευθήσεται,
2545 5487 2640 5540 καὶ
2659 5486 2764 5539 ὑπὸ
2788 5487 2879 5540 τὸν
2911 5484 3078 5554 ζυγὸν
3100 5487 3201 5557 τῆς
3221 5486 3345 5540 καθ’
3382 5485 3671 5558 Ἐϐραίους

2074 5577 2354 5642 εύσεόείας
2404 5579 2822 5650 μεταστήσεται.
2859 5578 3027 5633 Τοῦτο
3066 5577 3125 5632 δὲ
3162 5577 3385 5633 ἔσεσθαί
3430 5596 3599 5651 φησιν
3634 5580 3671 5633 ὁ
