3828 6220
137 309 246 364 449

1060 306 1715 365 DEMONSTRATIONIS
1752 306 2209 365 EVANGELICE
2250 309 2379 368 LIB.
2421 309 2511 365 Vl.

3284 318 3390 374 450

136 424 343 497 Κύριος
379 425 444 480 δι’
475 427 691 491 ἑαυτοῦ,
716 426 809 481 ἐπὶ
839 425 918 496 τῷ
958 426 1144 498 τοιῷδε
1171 426 1555 499 κατορθώματι
1583 427 1718 501 πρὸς

1820 436 1905 481 tea
1937 428 2247 493 servierint,
2283 428 2687 500 spoliabuntur,
2722 435 2776 483 et
2805 429 2911 484 sub
2937 429 3122 501 iugum
3161 429 3391 488 Hebrai-

132 516 232 571 τοῦ
280 519 492 591 Πατρός
530 520 1061 592 ἀποσταλησομένου.
1108 520 1267 574 Εἴποι
1310 520 1355 574 δ’
1388 522 1453 576 ἀν
1507 538 1591 585 τις
1621 522 1717 575 καὶ

131 609 335 681 νοητάς
363 627 511 675 τινας
534 612 629 664 καὶ
654 611 921 683 ἀοράτους
939 611 1221 683 δυνάμεις,
1251 611 1378 683 ἔθνη
1395 612 1489 666 νῦν
1513 614 1713 684 ὀνομά-

133 699 348 767 ζεσθαι,
387 703 455 756 τά
488 703 876 768 σκυλεύσαντα,
919 706 1014 759 καὶ
1057 706 1573 777 αὶχμαλωτεύσαντα
1616 705 1717 771 τάς

130 793 242 846 τῶν
266 794 571 866 ἀνθρώπων
594 795 793 867 ψυχὰς,
815 790 890 850 ὧν
911 797 1097 868 ψυχῶν
1122 797 1264 851 οῦτω
1296 799 1430 869 φησὶ
1457 797 1714 869 κήδεσθαι

128 886 160 937 ὁ
185 885 565 959 φιλάνθρωπος
596 887 691 941 τοῦ
722 888 859 941 Θεοῦ
885 890 1079 959 Λόγος,
1100 891 1230 945 ὡσεί
1249 910 1330 956 τις
1354 891 1490 955 ἰδίας
1511 891 1713 960 ὀφθαλ-

132 977 235 1047 μοῦ
286 979 476 1051 κόρης.
514 981 627 1034 Καὶ
660 981 861 1052 δεῖγμα
887 982 986 1052 τῆς
1018 983 1233 1036 τοιᾶσδε
1279 981 1445 1037 αὐτοῦ
1491 984 1619 1055 περὶ
1646 982 1708 1035 τὺ

125 1068 238 1121 τῶν
287 1069 592 1141 ἀνθρώπων
632 1071 788 1140 γένος
820 1072 1166 1143 κηδεμονίας,
1214 1073 1277 1127 τὸ
1312 1074 1432 1146 μηδ’
1465 1074 1715 1128 ὑποστεί-

124 1158 328 1213 λασθαι
362 1162 546 1225 αὐτὸν,
578 1161 715 1216 Θεοῦ
742 1164 914 1235 Λόγον
941 1165 1069 1218 ὅντα
1097 1167 1191 1218 καὶ
1222 1166 1280 1217 ὲν
1304 1165 1429 1236 δόξῃ
1464 1168 1531 1237 τῇ
1562 1164 1718 1236 παρά

124 1251 206 1323 τῷ
227 1253 407 1321 Πατρὶ
437 1254 799 1325 τυγχάνοντα,
828 1257 926 1329 τὴν
961 1258 1043 1322 είς
1077 1257 1393 1331 ἀνθρώπους
1419 1257 1711 1331 ἐπιδημίαν

123 1361 186 1398 τε
219 1346 319 1399 καὶ¹
343 1348 654 1418 οἰκονομίαν
683 1350 1063 1416 ἀναδέξασθαι.

1822 534 1901 574 cae
1927 519 2205 590 religionis
2236 519 2615 575 traducentur.
2650 519 2766 575 Hoc
2796 529 2977 576 autem
3028 522 3271 576 futurum
3312 524 3391 577 ait

1822 610 2087 669 Dominus
2117 627 2213 683 per
2246 613 2511 684 seipsum,
2544 612 2638 683 qui
2664 613 2730 668 ad
2757 615 2866 669 tale
2890 629 3092 669 munus
3122 622 3389 683 praestan-

1821 703 1950 757 dum
1976 720 2008 757 a
2028 702 2191 758 Patre
2224 705 2524 759 mittendus
2575 705 2667 759 sit.
2724 703 3015 768 Caeterum,
3060 705 3261 762 dixerit
3290 706 3392 760 ali-

1821 796 1966 865 quis,
1998 796 2162 850 etiam
2191 796 2562 868 intelligibiles
2593 796 2856 867 quasdam
2888 805 2943 853 et
2974 798 3391 869 invisibilespo—

1819 894 2065 953 testates,
2122 897 2311 960 gentes
2342 904 2491 945 nunc
2541 890 2835 954 nominari,
2862 906 2984 960 quae
3031 891 3390 960 spoliaverint

1816 981 2170 1050 captivasque
2202 980 2483 1034 hominum
2515 981 2728 1036 animas
2747 981 2980 1051 egerint,
3006 996 3239 1052 quarum
3269 980 3392 1035 ani-

1816 1088 2028 1126 marum
2059 1073 2223 1127 talem
2254 1086 2315 1127 se
2338 1086 2526 1125 curam
2572 1087 2760 1142 gerere
2790 1072 2867 1126 ait
2898 1073 3387 1128 clementissimum

1818 1163 1915 1220 Dei
1940 1162 2199 1228 Verbum,
2232 1164 2448 1234 qualem
2473 1165 2853 1234 unusquisque
2872 1164 3016 1220 oculi
3050 1164 3136 1219 sui
3172 1164 3391 1235 pupilla:

1816 1256 1978 1326 gerit,
2005 1255 2165 1325 cujus
2195 1255 2504 1311 sedulitatis
2536 1265 2699 1326 atque
2725 1256 2930 1311 amoris
2951 1272 3080 1326 erga
3101 1244 3387 1310 hominum

1818 1363 2011 1417 genus,
2049 1347 2266 1417 signum
2309 1346 2442 1402 illud
2490 1347 2616 1410 erit,
2667 1345 2813 1416 quod
2852 1361 2977 1402 cum
3023 1346 3121 1400 Dei
3150 1345 3390 1401 Verbum

120 1445 294 1503 (sset,
329 1446 384 1493 et
434 1454 534 1494 sua
577 1442 749 1511 gloria
784 1444 925 1512 apud
977 1442 1195 1499 Patrem
1254 1443 1550 1507 frueretur,
1602 1459 1710 1499 non
1764 1442 1999 1516 piguerit
2054 1441 2232 1511 ipsum
2292 1438 2545 1496 veniendi
2594 1438 2661 1492 ad
2713 1438 2985 1504 homines,
3038 1446 3200 1508 atque
3246 1440 3391 1492 inter

122 1548 221 1589 eos
250 1533 509 1589 versandi
539 1551 749 1602 curam,
779 1537 1354 1611 dispensationemque
1382 1541 1682 1611 suscipere.

631 1676 1029 1729 ΚΕΦΑΛΑΙΟΝ
1062 1678 1161 1731 ῙΖ’.

136 1806 285 1860 Ἀπὸ
322 1806 429 1894 rei?
460 1807 663 1894 αὑτοῦζ
690 1807 871 1894 -ςᾨς
896 1807 1079 1894 αὐτὸς
1102 1812 1135 1863 ὀ
1163 1811 1375 1878 Κύριος
1401 1809 1575 1894 ᾔξὲιν
1603 1814 1706 1894 οὐτ

2378 1668 2609 1725 CAPUT
2648 1668 2815 1725 XVII.

1814 1828 1891 1883 Ab
1920 1826 2120 1881 eodem.
2148 1857 2217 1865 —
2249 1825 2403 1892 Quod
2448 1826 2560 1893 ipse
2598 1824 2856 1881 Dominus
2902 1838 3175 1883 venturum
3220 1847 3275 1885 se
3319 1831 3384 1886 de

180 1878 448 1971 ραζξθεν
461 1878 709 1971 multa:
724 1877 1576 1971 drﬂpéamgrxatnamﬁnmbqftr
1594 1922 1608 1946 ,
1638 1880 1712 1968 τᾴ

1814 1877 2034 1971 ’”ςόε”ιὸζ
2153 1877 2299 1971 inter
2319 1877 2554 1950 homines

181 1966 250 2001 τε
273 1947 421 2015 ἔθνη
449 1951 537 2013 εὶς
566 1946 753 2001 αὐτὸν
785 1949 1263 2016 καταφεύξεσθαι
1289 1951 1571 2015 θεσπίζει,
1604 1952 1704 2005 καὶ

183 2019 268 2084 ὡς
326 2016 699 2092 ἀπεστάλθαι
722 2018 856 2092 Αὐπό
892 2036 1056 2092 τιῖος
1114 2022 1458 2089 κρείττονος
1481 2022 1705 2092 Κυρίου

190 2087 673 2156 παντοκράτορος
698 2087 994 2158 ὁμολογεῖ.

197 2241 217 2272 ι
246 2221 466 2293 Τέρπου
496 2222 589 2275 καὶ
613 2222 928 2294 εὐφραίνου,
973 2220 1210 2293 θύγατερ
1239 2222 1397 2287 Σιὼν,
1437 2223 1569 2277 διότι
1593 2224 1703 2278 ἰδοὺ

116 2314 235 2383 ἐγὼ
266 2314 519 2385 ἔρχομαι,
554 2314 649 2367 καὶ
690 2314 1099 2386 κατασκηνώσω
1140 2317 1199 2368 ὲν
1226 2315 1376 2386 μέσῳ
1410 2332 1526 2379 σου,
1556 2315 1704 2385 λέγει

116 2406 351 2477 Κόριος,
383 2405 479 2458 καὶ
512 2404 941 2474 καταφεύξονται
988 2406 1115 2477 ἔθνη
1149 2405 1318 2460 πολλά
1346 2407 1439 2459 ἐπὶ
1461 2407 1552 2460 τὸν
1588 2406 1702 2460 Κύ-

119 2514 239 2568 ριον
265 2499 327 2551 ὲν
349 2499 416 2568 τῇ
450 2497 633 2567 ἡμέρα
662 2497 865 2569 ἐκείνῃ,
911 2499 1005 2551 καὶ
1044 2497 1254 2551 ἔσονται
1284 2498 1430 2570 αὐτῷ
1456 2501 1534 2562 είς
1552 2498 1700 2564 λαὸν,

114 2588 215 2642 καὶ
249 2587 661 2658 κατασκηνὼσω
691 2589 750 2640 έν
801 2588 950 2660 μέσῳ
979 2605 1095 2653 σου,
1126 2588 1223 2642 καὶ
1246 2588 1452 2661 γνώσῃ,
1482 2590 1563 2643 ὅτι
1588 2589 1702 2642 Κύ-

114 2701 235 2755 ριος
264 2684 664 2756 παντοκράτωρ
691 2683 1061 2750 ὲξαπέσταλκέ
1094 2701 1161 2755 με
1203 2684 1340 2754 πρὸς
1369 2683 1448 2739 σέ.
1490 2702 1509 2735 ι
1553 2685 1703 2737 Ἐπεὶ

109 2776 410 2849 πρόκειται
439 2774 534 2829 νῦν
570 2774 629 2829 τὸ
668 2774 922 2846 δεύτερον
953 2774 1125 2828 αἴτιον
1165 2776 1229 2827 ὲκ
1259 2774 1368 2830 τῶν
1408 2774 1701 2848 προφητῶν

108 2868 422 2934 ἀποδεῖξαι,
458 2855 765 2938 ἀνθρώποις
823 2865 1016 2937 μέλλον
1050 2865 1144 2918 ἐπὶ
1176 2865 1280 2936 γῆς
1308 2864 1702 2936 συμπολιτεύε-

114 2962 268 3023 σθαι,
323 2955 478 3031 οἷμαι
531 2958 721 3012 τούτου
781 2957 1186 3030 παραστατικὸν
1244 2954 1384 3011 εἶναι
1443 2957 1537 3011 καὶ
1603 2958 1701 3028 τὴν

111 3048 409 3122 παροῦσαν
465 3047 822 3121 προφητείαν,
876 3048 954 3111 ὡς
1009 3046 1099 3101 διὰ
1142 3047 1204 3101 τὸ
1248 3047 1517 3119 πρόδηλον
1566 3048 1702 3119 μηδὲ

109 3143 367 3205 πλείονος
419 3140 743 3213 ἐξεργασίας
795 3140 1023 3193 δεῖσθαι.
1056 3140 1328 3210 Τηρήσεις
1364 3138 1443 3202 δὲ,
1476 3141 1558 3193 ὅτι
1605 3139 1702 3194 καὶ

1880 1970 2053 2036 ipsum
2085 1966 2473 2036 confugituras,
2499 1968 2641 2018 canit
2668 1982 2686 2019 :
2715 1978 2763 2019 et
2787 1968 2926 2036 quod
2962 1966 3252 2025 missumst:
3274 1989 3387 2027 esse

1882 2056 1916 2093 α
1937 2038 2161 2091 Domino
2193 2037 2539 2103 omnipotente
2567 2037 2867 2113 conﬁtetur.

1898 2232 2062 2305 283
2100 2251 2118 2283 ι
2155 2230 2344 2286 Gaude
2387 2239 2441 2285 et
2491 2230 2699 2293 laetare,
2748 2231 2859 2285 ﬁlia
2912 2229 3078 2298 Sion,
3126 2233 3386 2303 quoniam

1809 2340 1937 2381 ecce
1980 2340 2081 2395 ego
2128 2324 2323 2386 veuio,
2365 2330 2422 2377 et
2466 2321 2726 2377 habitabo
2770 2324 2826 2377 in
2871 2323 3051 2378 medio
3090 2324 3201 2389 tui,
3250 2325 3385 2381 dicit

1811 2414 2110 2478 Dominus,
2144 2421 2199 2468 et
2244 2412 2565 2484 confugient
2608 2420 2796 2483 gentes
2845 2414 3032 2469 multae
3077 2414 3145 2469 ad
3193 2412 3381 2469 Domi-

1808 2521 1942 2561 num
1981 2507 2038 2561 in
2076 2505 2166 2560 die
2201 2504 2293 2558 illa
2314 2543 2329 2568 ,
2363 2511 2418 2559 et
2452 2512 2614 2558 erunt
2647 2505 2696 2558 ei
2728 2504 2782 2558 in
2815 2506 3109 2575 populum,
3142 2513 3196 2560 et
3227 2506 3384 2561 habi-

1808 2596 1939 2651 tabo
1979 2595 2036 2650 in
2079 2594 2262 2650 medio
2302 2594 2421 2658 tui,
2466 2602 2521 2648 et
2568 2609 2870 2665 cognosces
2915 2596 3062 2667 quod
3116 2595 3383 2653 Dominus

1808 2687 2157 2758 omnipotens
2196 2686 2348 2742 misit
2386 2700 2472 2740 me
2512 2685 2580 2739 ad
2610 2695 2662 2741 te
2690 2686 2757 2741 ⁸ο.
2795 2707 2814 2739 ι
2843 2687 2980 2753 Quia
3009 2704 3153 2743 nunc
3184 2703 3384 2760 propo-

1809 2779 1980 2835 situm
2012 2787 2097 2833 est
2130 2775 2329 2831 Filium
2350 2817 2366 2842 ,
2399 2783 2679 2830 auctorem
2710 2791 2893 2831 rerum
2914 2817 2929 2843 ,
2963 2779 3102 2847 apud
3135 2779 3382 2837 homines

1809 2870 1866 2925 in
1901 2878 2049 2925 terra
2079 2875 2427 2924 versaturum
2453 2908 2469 2933 ,
2503 2883 2571 2922 ex
2606 2868 2890 2938 prophetis
2928 2868 3221 2925 ostendere
3241 2909 3257 2936 ,
3290 2885 3382 2925 ar—

1807 2961 1982 3016 bitror
2012 2960 2247 3028 hujusce
2273 2959 2353 3014 rei
2384 2958 2829 3015 demonstrandae
2855 2959 3149 3015 ellicaciam
3180 2961 3384 3018 habere

1807 3060 2131 3124 praesentem
2162 3051 2539 3122 prophetiam,
2571 3051 2707 3107 adeo
2740 3052 2960 3122 quidem
2995 3059 3056 3107 ut
3090 3053 3161 3107 ob
3207 3053 3384 3117 ipsius

1808 3142 1887 3197 rei
1934 3141 2420 3213 perspicuitatem,
2471 3140 2626 3195 nulla
2679 3142 2947 3212 ampliore
2997 3143 3384 3212 explanatione

101 3235 212 3307 τὴν
262 3232 446 3287 αἰτίαν
498 3228 655 3295 αὖθις
709 3232 809 3303 τῆς
850 3231 1087 3302 ἀφίξεως
1120 3231 1286 3286 αὑτοῦ
1338 3231 1487 3304 δηλοί
1530 3233 1588 3285 ὲν
1620 3226 1702 3296 οἷς

1810 3234 1882 3290 sit
1935 3248 2121 3304 opus:
2170 3232 2338 3288 etiam
2396 3231 2533 3286 illud
2583 3232 2901 3288 observabis
2952 3233 3097 3303 quod
3152 3248 3381 3290 causam

104 3344 271 3400 φησι·
317 3346 338 3378 ι
377 3325 488 3379 Καὶ
521 3324 949 3394 καταφεύξονται
982 3324 1107 3397 ἔθνη
1154 3323 1325 3380 πολλά
1353 3325 1447 3379 ἐπὶ
1472 3325 1562 3379 τὸν
1588 3324 1702 3378 Κύ-

110 3436 231 3491 ριον
263 3420 327 3473 ὲν
356 3420 424 3490 τῇ
455 3417 636 3489 ἡμέρα
654 3417 863 3490 ἐκείνῃ,
886 3417 982 3471 καὶ
997 3416 1209 3471 έσονται
1237 3416 1386 3489 αὐτῷ
1414 3417 1493 3481 είς
1511 3416 1693 3471 λαόν.»

107 3511 305 3566 Ταῦτα
334 3510 392 3563 δὲ
411 3512 441 3563 ὁ
466 3509 643 3577 λόγος,
674 3508 774 3579 τὴν
800 3508 1075 3581 θυγατέρα
1091 3507 1230 3562 Σιὼν
1252 3508 1695 3579 εὐαγγελίζεται,

103 3602 257 3655 οὕτω
301 3601 406 3670 τὴν
454 3600 783 3672 Ἐκκλησίαν
823 3599 919 3653 τοῦ
953 3599 1088 3654 Θεοῦ
1139 3599 1580 3673 προσαγορεύων,
1608 3599 1697 3653 διὰ

104 3694 169 3747 τὸ
189 3693 293 3764 τῆς
308 3692 635 3762 ἐπουρανίου
669 3690 1018 3764 Ἰερουσαλὴμ
1039 3690 1312 3764 θυγατέρα
1337 3689 1474 3745 εῖναι
1498 3690 1694 3755 δοκεῖν,

111 3783 326 3855 μητρὸς
370 3779 537 3852 οῦσης
598 3782 814 3851 ἐκείνης
854 3781 960 3835 τῶν
996 3781 1185 3848 ἁγίων,
1242 3780 1385 3835 κατά
1415 3781 1508 3835 τὸν
1552 3780 1697 3851 ἱερὸν

123 3874 467 3927 ’Δπόστολοψ
503 3874 573 3926 Ἢ
590 3873 684 3928 καὶ
712 3872 885 3937 ἄλλως
906 3872 1150 3945 θυγάτηρ
1176 3872 1311 3926 Σιὼν
1327 3874 1361 3944 ὴ
1404 3872 1696 3944 Ἐκκλησία

107 3966 352 4038 Χριστοῦ
409 3966 627 4038 λεχθείη
676 3964 763 4029 ἂν,
806 3965 954 4021 ὼσὰν
999 3967 1063 4020 ἐκ
1107 3966 1206 4036 τῆς
1266 3965 1539 4037 προτέρας
1567 3983 1694 4019 συν-

107 4059 341 4129 αγωγῆς
399 4058 509 4112 τῶν
530 4059 595 4111 ὲκ
627 4058 951 4132 περιτομῆς,
1005 4058 1091 4112 διά
1126 4076 1184 4112 τε
1231 4058 1563 4123 ἀποστόλων,
1601 4058 1695 4112 καὶ

104 4151 519 4221 εὐαγγελιστῶν
540 4152 842 4214 ὑποστᾶσα,
871 4150 921 4204 οἳ
954 4152 1049 4203 καὶ
1068 4152 1380 4222 γεννήματα
1398 4150 1694 4222 ἐτύγχανον

107 4244 323 4316 μητρὸς
365 4245 466 4316 τῆς
516 4243 914 4317 ἀπορῤιφείσης
977 4240 1066 4298 διὰ
1094 4244 1194 4306 τὰς
1255 4243 1465 4305 οἰκείας
1503 4241 1695 4294 δυσσε-

100 4336 286 4400 ϐείας,
318 4336 417 4389 καὶ
459 4336 633 4407 χήρας
656 4335 1027 4407 γεγενημένης
1051 4373 1065 4399 ,
1098 4334 1188 4388 διὰ
1220 4335 1281 4389 τὸ
1307 4334 1577 4389 ἀπελάσαι
1601 4333 1692 4387 τὸν

98 4430 297 4501 ἄνδρα,
332 4428 423 4481 διὰ
457 4428 565 4480 τῶν
611 4409 905 4500 προφητῶν
928 4427 1377 4498 ὲπιμεμψὰμενον
1430 4427 1566 4497 αὐτῇ
1596 4425 1693 4479 καὶ

101 4524 394 4594 φήσαντα·
431 4539 450 4571 ι
488 4521 599 4590 Οὐχ
626 4520 702 4585 ὡς
721 4520 886 4592 ἄνδρα
916 4536 982 4589 με
1015 4519 1298 4582 ἐκάλεσας,
1334 4518 1427 4573 καὶ
1458 4518 1689 4589 πατέρα,

1806 3339 2002 3379 rursus
2042 3323 2128 3378 sui
2168 3320 2434 3377 adventus
2464 3321 2778 3393 signiﬁcat,
2810 3322 2905 3376 ubi
2938 3322 3015 3376 ait
3043 3341 3057 3376 :
3090 3341 3109 3375 ι
3148 3321 3214 3376 Ει
3247 3337 3386 3378 con-

1807 3414 2017 3486 fugient
2052 3420 2241 3484 gentes
2279 3412 2466 3466 multa:
2501 3412 2569 3467 ad
2610 3411 2901 3467 Dominum
2946 3413 3000 3468 in
3040 3414 3130 3469 die
3168 3414 3291 3488 illa,
3327 3421 3383 3470 et

1805 3516 1969 3565 erunt
1999 3507 2103 3577 ipsi
2130 3505 2188 3560 in
2217 3505 2499 3576 populum.
2541 3524 2561 3558 ι
2591 3504 2718 3561 Haec
2747 3514 2928 3562 autem
2959 3508 3063 3577 ipsi
3093 3506 3216 3562 filiae
3248 3507 3380 3564 Sion

1805 3602 2023 3658 nuntiat
2056 3600 2339 3655 oraculum
2364 3638 2377 3663 ,
2425 3598 2506 3653 sic
2544 3598 2761 3653 interim
2802 3597 2898 3652 Dei
2937 3598 3241 3654 Ecclesiam
3282 3615 3381 3669 ap-

1803 3693 2407 3765 pellaus,'propterea
2457 3691 2600 3762 quod
2657 3692 2867 3747 caelesti
2915 3690 3219 3747 Jerusalem
3268 3693 3377 3747 lilia

1801 3809 1927 3850 esse
1978 3780 2250 3855 videatur,
2312 3806 2460 3861 quis,
2522 3795 2583 3843 ut
2636 3794 2865 3842 sanctus
2922 3784 2999 3839 ait
3052 3785 3374 3853 Apostolus,

1802 3894 1979 3941 mater
2024 3893 2341 3941 sanctorum
2388 3892 2492 3939 est.
2543 3881 2652 3934 Aut
2693 3880 2859 3934 etiam
2903 3877 3061 3932 aliter
3098 3877 3207 3931 ﬁlia
3244 3874 3379 3931 Sion

1801 3976 2011 4033 Christi
2058 3975 2303 4031 Ecclesia
2334 3974 2442 4030 dici
2474 3981 2688 4045 potest,
2734 3979 2994 4041 tanquam
3036 3985 3100 4025 ea
3140 3984 3264 4040 qua:
3309 3985 3377 4024 ex

1799 4069 1984 4139 priore
2039 4082 2230 4123 eorum
2283 4067 2378 4138 qui
2443 4066 2508 4121 ad
2566 4064 3042 4120 circumcisionem
3101 4062 3377 4131 pertinent

1800 4170 2071 4215 conventu
2099 4200 2114 4224 ,
2165 4176 2263 4230 per
2307 4157 2584 4230 apostolos
2608 4196 2623 4220 ,
2676 4163 2839 4225 atque
2881 4153 3244 4224 evangelistas
3269 4193 3284 4218 ,
3320 4152 3376 4206 id

1800 4251 1946 4324 quod
1976 4260 2094 4315 est,
2132 4251 2441 4320 acceperit,
2473 4250 2565 4320 qui
2593 4248 2758 4304 etiam
2794 4247 2887 4301 lilii
2915 4255 3072 4301 erant
3104 4244 3225 4315 ejus
3256 4259 3376 4298 ma-

1801 4343 1901 4398 tris
1921 4383 1936 4408 ,
1967 4357 2088 4413 quae
2122 4342 2194 4397 ob
2224 4343 2433 4397 scelera
2464 4356 2565 4396 sua
2595 4340 2807 4409 abjccta
2850 4346 2935 4395 est
2955 4379 2970 4403 ,
3019 4346 3249 4408 quaeque
3289 4338 3373 4394 vi~

1799 4435 1906 4489 dua
1940 4434 2085 4488 facta
2117 4442 2239 4498 est,
2268 4450 2333 4489 eo
2368 4433 2516 4504 quod
2560 4432 2832 4503 expulerit
2862 4431 3041 4486 virum
3070 4471 3085 4494 ,
3129 4431 3223 4501 qui
3275 4447 3374 4501 per

1798 4527 2096 4598 prophetas
2118 4527 2185 4582 de
2211 4528 2330 4597 ipsa
2361 4532 2696 4597 conquestus
2717 4532 2803 4579 est
2826 4563 2841 4589 ,
2868 4532 3031 4595 atque
3061 4524 3137 4577 ait
3161 4542 3175 4577 :
3206 4542 3225 4574 ι
3253 4522 3375 4578 Non

100 4616 204 4670 καὶ
236 4615 482 4687 ἀρχηγὸν
515 4614 614 4685 τῆς
629 4614 925 4686 παρθενίας
959 4630 1050 4665 σου
1071 4629 1084 4642 ’
1125 4633 1144 4664 ι
1170 4612 1229 4675 ὃς
1262 4612 1355 4665 καὶ¹
1385 4614 1497 4673 τοῖς
1522 4610 1580 4677 eg
1603 4611 1694 4663 αὑ·
1723 4684 1724 4687 η

1810 4629 2059 4690 tanquam
2092 4619 2272 4675 virum
2304 4634 2391 4674 me
2422 4618 2671 4682 vocasti,
2716 4624 2771 4672 et
2816 4616 3034 4673 Patrem
3082 4624 3137 4673 et
3174 4616 3372 4673 ducem

97 4706 208 4775 τῆς
262 4704 579 4774 γενομένοις
634 4704 725 4758 τὸν
749 4704 947 4775 τρόπον
988 4703 1087 4775 τῆς
1116 4702 1320 4773 μητρὸς
1362 4700 1685 4768 διαϐάλλων,

99 4802 281 4873 φησί·
313 4821 332 4853 ι
372 4802 531 4853 Ποῖον
572 4800 731 4854 τοῦτο
761 4800 824 4853 τὸ
866 4798 1068 4871 βιόλίον
1095 4797 1189 4851 τοῦ
1227 4798 1559 4851 ἀποστασίου
1590 4795 1690 4866 τῆς

102 4893 323 4964 μητρὸς
370 4893 545 4963 ὑμῶν,
575 4885 620 4960 ᾧ
655 4890 1013 4958 ἐξαπέστειλε),
1055 4891 1259 4962 αὐτήν;
1302 4909 1320 4941 ι
1350 4888 1462 4944 Καὶ
1491 4886 1652 4941 πάλιν
1672 4903 1687 4919 ο

101 5004 123 5036 ι
171 4984 419 5056 Κριθῆτε
484 4984 621 5057 πρὸς
677 4984 776 5055 τὴν
831 4984 1043 5056 μητέρα
1095 4983 1269 5054 ὑμῶν,
1326 4982 1572 5054 κριθῆτε,
1607 4980 1691 5032 ὅτι

97 5079 245 5150 αῦτη
282 5079 346 5132 οὐ
379 5080 515 5150 γυνη
546 5096 645 5150 μου
668 5120 684 5144 ,
713 5079 867 5149 κάγὼ
900 5079 1000 5132 οὐκ
1024 5079 1164 5150 ἀνὴρ
1192 5078 1381 5147 αὐτῆς.
1408 5097 1426 5129 ι
1453 5075 1693 5138 Εἰκότως

96 5170 240 5241 δῆτα
275 5170 425 5224 ὡσάν
458 5172 556 5241 τὴν
592 5171 805 5243 μητέρα
844 5171 1306 5242 ἀπαρνησαμένου
1338 5170 1431 5223 τοῦ
1457 5168 1688 5240 Κυρίου,

98 5265 244 5332 πρὸς
280 5262 381 5332 τὴν
397 5260 673 5335 θυγατέρα
702 5266 735 5335 ή
779 5263 1029 5335 παροῦσα
1064 5262 1370 5334 προφητεία
1400 5259 1679 5330 εὐαγγελί-

102 5353 257 5418 ζεται
288 5351 389 5423 τὴν
418 5352 581 5405 αὑτοῦ
633 5348 728 5405 τοῦ
772 5351 976 5424 Κυρίου
1023 5352 1347 5423 παρουσίαν.
1396 5352 1495 5422 Είη
1538 5351 1584 5404 δ’
1621 5349 1687 5404 ἂν

104 5442 243 5514 ιῦτη
277 5445 312 5516 ή
346 5443 407 5509 ἐξ
449 5441 619 5497 ἐθνῶν
660 5443 976 5515 Ἐκκλησία,
1009 5447 1065 5499 έν
1108 5444 1263 5517 χώρᾳ
1294 5443 1561 5516 θυγατρὸς
1586 5443 1688 5513 τῆς

102 5535 404 5608 προτέρας,
427 5536 516 5590 διὰ
545 5537 674 5600 τοὺς
717 5538 1046 5602 ἀποστόλους
1087 5537 1179 5591 τοῦ
1220 5538 1471 5610 Σωτῆρος
1502 5539 1681 5611 ἡμῶν,

94 5627 280 5694 λελοίι
292 5624 489 5697 σμένη.

1800 4713 2124 4784 virginitatis
2172 4719 2280 4767 tua:
2310 4711 2378 4778 εί,
2413 4731 2432 4764 ι
2457 4712 2550 4782 qui
2590 4710 2755 4766 etiam
2786 4710 2855 4765 iis
2885 4710 2980 4780 qui
3005 4710 3072 4765 de
3096 4710 3214 4780 ipsa
3259 4711 3375 4766 nati

1797 4814 1956 4868 sunt,
1984 4820 2166 4860 mores
2197 4804 2387 4859 matris
2409 4803 2751 4873 exprobrans
2785 4817 2850 4855 ac
2878 4804 3221 4872 vituperans,
3253 4803 3329 4856 ait
3355 4822 3368 4857 :

1803 4915 1822 4949 ι
1854 4896 1990 4961 Quis
2020 4903 2106 4953 est
2140 4896 2231 4951 hic
2262 4894 2399 4950 liber
2429 4894 2645 4965 repudii
2681 4893 2874 4949 matris
2906 4901 3139 4958 vestrae,
3176 4894 3233 4948 in
3262 4910 3373 4965 quo

1798 4988 1957 5043 emisi
1990 5002 2109 5042 eam
2135 4970 2181 5018 ⁸Α²
2202 4988 2226 5040 ?
2248 5006 2266 5039 ι
2298 4988 2364 5041 Et
2396 5002 2592 5042 rursus
2619 5004 2635 5040 :
2672 5004 2691 5037 ι
2718 4983 3050 5040 Judicamiui
3077 4986 3371 5055 :quoniam

1796 5078 1913 5133 haec
1954 5094 2066 5132 non
2110 5094 2250 5133 uxor
2284 5094 2403 5134 mea
2425 5119 2440 5144 ,
2488 5085 2543 5134 et
2579 5093 2679 5148 ego
2714 5093 2824 5132 non
2857 5078 2941 5132 vir
2968 5078 3089 5148 ejus
3118 5078 3185 5133 ⁸³.
3212 5096 3232 5129 ι
3261 5076 3371 5132 Me-

1795 5170 1905 5224 rito
1958 5184 2091 5224 sane
2138 5177 2397 5239 tanquam
2441 5170 2511 5225 iis
2556 5169 2650 5239 qui
2705 5178 2937 5224 matrem
2981 5169 3375 5240 abnegaverint

1800 5260 1965 5315 tiliam
2022 5259 2267 5319 Domini.
2313 5261 2487 5330 ipsius
2531 5260 2745 5315 Domini
2788 5261 3077 5315 adventum
3128 5276 3371 5332 praesens

1798 5352 2085 5423 pr0phetia
2134 5352 2372 5406 nuntiat.
2423 5351 2541 5405 Erit
2589 5358 2773 5407 autem
2830 5352 2946 5407 haec
3001 5352 3247 5409 Ecclesia
3299 5353 3369 5407 de

1800 5445 2085 5514 gentibus.
2121 5461 2242 5514 quae
2274 5445 2394 5501 loco
2429 5446 2630 5516 prioris
2665 5444 2789 5501 filiae
2820 5461 2917 5520 per
2959 5445 3131 5502 nostri
3178 5446 3367 5504 Salva-

1799 5537 1935 5591 toris
1962 5538 2242 5607 apostolos
2266 5578 2281 5604 ,
2314 5537 2498 5595 habita
2526 5545 2631 5593 est.

168 5744 215 5777 ⁸⁸
247 5744 418 5800 Zach.
449 5746 629 5812 14,10,
666 5747 751 5801 li.
828 5751 868 5783 ⁸⁸
892 5749 1002 5807 Jer.
1029 5768 1109 5820 Ill,
1139 5751 1192 5808 ιι.
1269 5753 1314 5787 ⁸²
1337 5752 1441 5812 Ιεειζ
1476 5773 1605 5825 xxx,
1638 5776 1678 5815 ι.

1833 5762 1958 5822 Ose.
1993 5780 2054 5835 ιι,
2081 5767 2137 5823 2.
