3828 6220
510 294 606 353 451

937 423 1101 496 284,
1141 423 1370 479 CAPUT
1411 424 1595 481 XVIII.

592 579 673 638 Ab
704 582 907 635 eodem.
938 613 1007 622 —
1036 583 1113 635 De
1147 583 1358 637 Domini
1394 583 1618 637 adventu
1646 622 1661 645 ,
1694 593 1742 635 et
1781 582 1845 637 de
1878 584 1946 637 iis

714 668 830 722 qua:
862 653 915 706 in
947 656 1188 720 passione
1216 655 1330 720 ejus
1359 664 1604 707 eventura
1636 663 1811 708 erant.

551 838 567 869 ι
606 820 747 875 Ecce
772 821 888 877 dies
914 830 1141 877 veniunt
1173 822 1389 877 Domini
1412 863 1426 887 ,
1456 832 1509 877 et
1533 822 1851 877 dividentur
1878 823 2051 893 Spolia

478 925 569 968 tua
603 914 657 967 in
691 921 745 969 te
770 955 783 976 ,
833 922 886 968 et
931 916 1275 985 congregabo
1304 931 1494 971 omnes
1523 926 1710 987 gentes
1744 917 1796 970 in
1830 914 2054 971 Jerusa-

478 1004 581 1058 lem
616 1003 684 1057 ad
713 1003 915 1058 bellum
942 1021 957 1069 ;
991 1012 1044 1057 et
1074 1004 1327 1074 capietur
1357 1005 1555 1059 civitas
1578 1044 1593 1067 ,
1630 1014 1681 1059 et
1722 1004 2053 1073 diripientur

475 1096 706 1159 domus,
742 1103 794 1149 et
835 1096 1095 1152 mulieres
1129 1096 1504 1161 fmdabuntur,
1535 1107 1589 1151 et
1624 1096 1935 1166 egredietur
1967 1096 2053 1150 di-

474 1186 702 1241 midium
736 1188 974 1242 civitatis
1000 1189 1053 1242 in
1084 1187 1435 1259 captivitate,
1475 1188 1670 1257 reliqui
1703 1203 1829 1242 vero
1855 1188 1922 1242 de
1952 1203 2052 1259 po-

474 1277 602 1346 pulo
635 1292 759 1331 meo
786 1292 899 1330 non
930 1278 1221 1347 peribunt,
1258 1284 1312 1332 et
1345 1277 1654 1347 egredietur
1682 1277 1964 1343 Dominus,
1996 1286 2051 1333 et

471 1368 755 1436 parabitur
789 1367 856 1421 ad
882 1370 1130 1439 praelium
1167 1368 1223 1423 in
1274 1369 1529 1439 gentibus
1568 1369 1712 1433 illis,
1752 1371 1896 1425 sicut
1930 1370 2046 1426 dies

472 1458 639 1527 prtem
669 1458 788 1528 ejus
816 1461 868 1513 in
903 1459 991 1514 die
1018 1460 1147 1515 belli
1176 1479 1188 1513 :
1217 1467 1271 1514 et
1298 1460 1521 1514 stabunt
1545 1462 1711 1532 pedes
1735 1463 1854 1531 ejus
1876 1462 1933 1516 in
1959 1462 2049 1517 die

470 1550 559 1602 illa
587 1566 752 1620 super
783 1562 967 1606 monte
995 1549 1273 1606 Olivarum
1292 1592 1307 1617 ,
1340 1553 1434 1622 qui
1464 1561 1549 1608 est
1588 1564 1779 1608 contra
1830 1553 2048 1611 Jerusa-

470 1640 574 1694 lem
603 1642 673 1696 ab
699 1642 937 1705 Oriente,
969 1650 1022 1696 et
1049 1642 1330 1697 scindetur
1360 1658 1517 1699 mons
1546 1642 1824 1700 Olivarum
1845 1686 1859 1709 ,
1889 1646 2051 1701 dimi-

469 1731 619 1785 dium
649 1733 771 1802 ejus
803 1734 869 1789 ad
901 1735 1196 1799 Orientem,
1223 1742 1278 1790 et
1298 1735 1585 1790 dimidium
1617 1737 1739 1807 ejus
1765 1737 1833 1791 ad
1860 1752 2042 1806 mare;

1269 305 1541 363 EUSEBII
1582 305 2064 362 CESARIENSIS
2096 306 2247 364 OPP.
2286 307 2469 363 PARS
2507 308 2573 363 ll.
2620 337 2689 350 -—
2720 308 3222 370 APOLOGETICA.

2078 432 2125 488 Α

3622 318 3725 372 4369.

2669 428 3067 483 ΚΕΦΑΛΑΙΟΝ
3089 431 3199 484 IH'.

2170 564 2312 637 Ἀπὸ
2346 565 2450 618 τοῦ
2491 564 2943 637 αὐτοῦ.-Περὶ
2985 565 3096 633 τῆς
3118 568 3224 621 τοῦ
3255 568 3475 637 Κυρίου
3518 585 3728 637 παρευ-

2226 636 2386 709 alae,
2417 636 2514 688 καὶ
2559 635 2678 687 τῶν
2709 636 2857 688 κατὰ
2887 638 2952 689 τὸ
2985 637 3174 704 πάθος
3214 635 3401 693 αὑτοῦ
3419 635 3725 709 συμϐήσο-

2219 704 2437 773 μένων.

2231 838 2250 869 ι
2298 818 2429 871 Ἰδοὺ
2491 819 2692 890 ἡμέραι
2742 819 2986 891 ἔρχονται
3014 819 3108 873 τοῦ
3155 822 3384 893 Κυρίου,
3411 821 3509 876 καὶ
3538 823 3721 892 διαμε-

2158 907 2502 979 ρισθήσονται
2548 911 2618 964 τὰ
2670 910 2843 964 σκῦλά
2897 928 2989 963 σου
3044 914 3102 965 ὲν
3158 912 3263 975 σοὶ,
3309 914 3403 965 καὶ
3422 913 3725 978 ὲπισυνὰξω

2154 1002 2331 1056 πάντα
2374 1003 2441 1056 τὰ
2501 1002 2627 1074 ἔθνη
2655 1004 2747 1057 ἐπὶ
2808 1004 3162 1076 Ἰερουσαλὴμ
3218 1007 3299 1068 εἰς
3332 1006 3569 1075 πόλεμον
3593 1024 3607 1036 ·
3636 1007 3724 1059 καὶ

2154 1094 2420 1147 ἁλώσεται
2449 1096 2482 1163 ἡ
2514 1094 2687 1159 πόλις,
2718 1095 2812 1148 καὶ
2852 1095 3387 1166 διαρπαγὴσονταιαί
3409 1096 3601 1159 οἰκίαι,
3636 1098 3726 1151 xal

2151 1184 2206 1235 αί
2280 1186 2540 1250 γυναῖκες
2610 1183 3066 1255 μολυνθὴσονται,
3129 1186 3223 1238 xal
3280 1184 3649 1259 ἐξελεύσεται⁸
3667 1187 3725 1239 τὸ

2149 1274 2322 1343 ἥμισυ
2355 1274 2456 1343 τῆς
2489 1273 2694 1338 πόλεως
2723 1277 2781 1327 ὲν
2815 1274 3182 1348 αἰχμαλωσίᾳ.
3219 1277 3281 1329 Οἱ
3316 1276 3374 1329 δὲ
3403 1276 3720 1330 κατάλοιποι

2150 1362 2244 1415 τοῦ
2271 1361 2399 1416 λαοῦ
2435 1381 2535 1435 μου
2561 1365 2621 1416 ού
2653 1365 2727 1436 μὴ
2769 1363 3209 1436 ὲξολοθρευθῶσι,
3252 1368 3345 1419 καὶ
3387 1365 3721 1433 ἐξελεύσεται

2150 1454 2371 1523 Κύριος,
2425 1457 2520 1509 καὶ
2566 1455 2938 1528 παρατάξεται
2983 1457 3040 1507 ὲν
3074 1460 3184 1521 τοῖς
3215 1456 3425 1511 ἔθνεσιν
3479 1458 3721 1521 ἐκείνοις,

2149 1548 2335 1614 καθὼς
2361 1550 2545 1622 ἡμέρα
2576 1552 2936 1623 παρατάξεως
2969 1552 3134 1605 αὐτοῦ
3169 1555 3227 1605 ἐν
3256 1553 3439 1625 ἡμέρᾳ
3466 1553 3720 1623 πολέμου.

2149 1642 2259 1696 Kal
2287 1645 2573 1715 στήσονται
2615 1647 2665 1697 οἱ
2720 1645 2879 1710 πόδες
2911 1646 3077 1700 αὐτοῦ
3110 1647 3166 1697 ὲν
3199 1649 3264 1716 τῇ
3307 1646 3493 1717 ἡμέρᾳ
3523 1646 3722 1717 ἐκείνῃ,

2151 1736 2242 1788 ἐπὶ
2270 1735 2329 1788 τὸ
2379 1736 2503 1807 ὅρος
2530 1736 2638 1789 τῶν
2680 1738 2906 1793 Ἐλαιῶν
2934 1740 3016 1803 τὸ,
3049 1738 3330 1792 κατέναντι
3372 1737 3727 1807 Ἰερουσαλὴμ

468 1823 821 1892 profunditas
854 1825 1453 1895 magnavchementer,
1487 1836 1541 1882 et
1568 1794 1853 1883 inclinabit
1879 1829 2034 1883 dimi-

2146 1827 2205 1891 ἐξ
2248 1794 2543 1892 ἀνατολων,
2597 1830 2688 1882 καὶ
2735 1794 3084 1903 σχισθὴσεται
3117 1830 3177 1882 τὸ
3215 1829 3339 1899 ὅρος
3389 1794 3724 1893 Ἐλαιᾶωὲὺ

466 1917 619 1971 dium
652 1920 854 1973 montis
884 1919 950 1973 ad
983 1918 1213 1975 Boream
1233 1964 1249 1987 ,
1275 1930 1329 1976 et
1352 1920 1637 1975 dimidium
1666 1922 1785 1991 ejus
1815 1923 1881 1977 ad
1906 1923 2045 1979 Aus-

468 2016 615 2063 trum
643 2030 656 2064 :
691 2018 744 2065 et
774 2011 1124 2065 obturabitur
1154 2012 1313 2067 vallis
1355 2011 1623 2064 montium
1668 2027 1950 2078 meorum,
1990 2021 2045 2068 et

467 2102 933 2170 conglutinabitur
957 2104 1224 2158 convallis
1255 2104 1523 2157 montium
1555 2119 1728 2174 usque
1753 2105 1912 2160 Asael
1943 2124 1955 2159 :
1989 2113 2044 2161 et

464 2191 832 2253 ohtnrabitur,
856 2192 1315 2270 quemadrgpdum
1341 2193 1592 2246 obturata
1613 2199 1696 2245 est
1719 2206 1748 2244 a
1770 2192 1909 2247 facie
1930 2201 2043 2248 ter-

466 2299 541 2338 rae
586 2292 789 2348 motus,
823 2284 878 2337 in
910 2284 1103 2338 diebus
1131 2285 1275 2338 Ozias
1308 2285 1455 2355 regis
1480 2283 1640 2339 Juda.
1679 2284 1762 2357 [Et
1793 2287 2042 2341 adveniet

466 2377 732 2431 Dominus
775 2376 915 2431 Deus
956 2392 1149 2442 meus,
1180 2387 1235 2433 et
1266 2393 1460 2433 omnes
1505 2380 1681 2433 sancti
1727 2394 1851 2433 cum
1892 2379 2037 2451 eo:]

463 2475 517 2522 et
558 2468 661 2522 erit
710 2469 764 2521 in
809 2468 898 2524 die
941 2469 1066 2533 illa,
1112 2485 1224 2525 non
1271 2471 1377 2525 erit
1406 2470 1626 2535 lumen,
1660 2469 1757 2525 sed
1787 2471 1961 2540 frigus
1986 2480 2041 2527 et

462 2560 666 2628 glacies
691 2560 799 2615 erit
831 2560 918 2615 die
952 2576 1099 2615 uno:
1135 2571 1189 2616 et
1217 2561 1335 2616 dies
1366 2561 1457 2615 ille
1491 2568 1659 2615 nutus
1686 2560 1919 2616 Domino
1939 2603 1953 2625 ,
1985 2570 2039 2616 et

462 2668 570 2706 non
607 2652 759 2716 dies,
804 2670 982 2723 neque
1024 2670 1168 2718 nux,
1218 2654 1287 2708 ad
1327 2670 1614 2725 vesperam
1664 2656 1769 2709 erit
1809 2656 1925 2709 lux.
1973 2653 2039 2709 Et

460 2747 565 2798 erit
603 2746 660 2799 in
697 2745 787 2799 die
824 2747 916 2799 illa
940 2787 953 2808 ,
991 2746 1306 2816 egredietur
1343 2762 1485 2816 aqua
1521 2746 1641 2801 viva
1693 2747 1762 2801 de
1810 2745 2036 2801 Jerusa-

461 2838 567 2891 lem
593 2857 608 2892 :
640 2837 925 2891 dimidium
956 2838 1077 2907 ejus
1099 2838 1165 2892 ad
1194 2853 1342 2893 mare
1370 2840 1607 2908 primum
1630 2879 1644 2904 ,
1671 2845 1724 2892 et
1749 2837 2036 2892 dimidium

458 2929 582 2996 ejus
621 2929 688 2981 ad
728 2944 879 2983 mare
921 2929 1174 2982 ultimum
1207 2948 1220 2983 ι
1262 2930 1317 2983 in
1355 2936 1544 2985 aestate
1582 2936 1637 2983 et
1676 2929 1730 2983 in
1772 2945 1896 2983 vere
1933 2929 2038 2983 erit

462 3022 544 3077 sic
577 3040 589 3075 :
628 3029 682 3077 et
710 3023 816 3076 erit
846 3021 1108 3078 Dominus
1140 3024 1196 3077 in
1229 3038 1411 3093 regem
1459 3023 1516 3075 in
1561 3036 1775 3076 omnem
1809 3028 2033 3076 terram.

2144 1921 2314 1991 ἡμισυ
2372 1920 2536 1974 αὐτοῦ
2588 1922 2727 1992 πρὸς
2787 1923 3080 1976 Θάλασσαν.
3120 1921 3264 1985 Χάος
3310 1920 3453 1991 μέγα
3502 1919 3723 1990 σφόδρα,

2146 2012 2238 2063 καὶ
2270 2011 2441 2064 κλινεί
2465 2013 2524 2065 τὸ
2547 2014 2717 2083 ἥμισυ
2746 2012 2838 2065 τοῦ
2886 2014 3047 2085 ὅρους
3074 2014 3208 2084 πρὸς
3238 2013 3330 2066 τὸν
3359 2013 3600 2085 Βορῤἄν,
3638 2016 3725 2066 καί

2143 2104 2204 2156 τὸ
2233 2104 2404 2174 ἥμισυ
2461 2103 2627 2157 αὑτοῦ
2662 2105 2797 2175 πρὸς
2831 2106 3022 2158 Νότον.
3066 2106 3176 2159 Kal
3211 2105 3725 2177 ἐμφραχθήσεταιὴ

2142 2195 2327 2258 κοιλὰς
2357 2194 2465 2247 τῶν
2494 2196 2665 2268 ὀρέων
2694 2214 2817 2267 μου,
2852 2198 2943 2251 καὶ
2962 2196 3419 2267 ὲγκολληθήσεται
3445 2198 3483 2267 ἡ
3513 2197 3726 2268 φάραγξ

2141 2288 2311 2357 ὀρέων
2362 2288 2466 2352 ἕως
2532 2289 2732 2361 Ἀσαήλ
2758 2307 2770 2320 ·
2806 2291 2899 2343 καὶ
2951 2290 3398 2362 ὲμφραχθήσεται
3439 2291 3504 2343 ὃν
3530 2290 3725 2362 τρόπον

2141 2377 2414 2448 ὲνειρράγη
2462 2378 2568 2432 ἀπὸ
2618 2378 2910 2450 προσώπου
2951 2379 3043 2432 τοῦ
3094 2379 3341 2450 σεισμοῦ,
3378 2383 3434 2432 ἐν
3491 2382 3725 2454 ἡμέραις

2154 2467 2329 2533 Ὀζίου
2382 2469 2645 2539 βασιλέως
2723 2471 2912 2525 Ἰούδα.
2969 2473 3080 2524 Kal
3137 2471 3289 2525 ἕσται
3343 2476 3400 2525 ὲν
3429 2472 3625 2547 ἐκείνῃ
3663 2476 3722 2543 τῇ

2141 2562 2343 2634 ἡμέρᾳ,
2373 2564 2474 2616 οὐκ
2497 2562 2648 2616 ἔσται
2702 2563 2839 2633 φῶς,
2875 2563 3009 2617 ἀλλὰ
3027 2562 3329 2635 ψῦχος,κα“ι
3367 2566 3547 2634 πάγος
3579 2567 3722 2619 ἔσται
3796 2626 3801 2649 4

2143 2655 2272 2725 μίαν
2303 2656 2533 2726 ἡμέραν.
2557 2657 2664 2709 Καὶ
2687 2659 2721 2724 ἡ
2752 2657 2934 2728 ἡμέρα
2950 2657 3131 2727 ἐκείνη
3158 2657 3375 2728 γνωστὴ
3406 2657 3488 2727 τῷ
3518 2659 3720 2730 Κυρίῳ,
3798 2660 3801 2669 “

2140 2747 2235 2801 καὶ
2266 2749 2363 2818 οὐχ
2393 2747 2599 2819 ἡμέρα,
2627 2748 2722 2802 καὶ
2750 2749 2871 2820 οὐχὶ
2902 2748 3017 2812 νὺξ,
3052 2748 3112 2801 τὸ
3146 2749 3283 2819 πρὸς
3307 2751 3556 2821 ἑσπέραν
3581 2752 3721 2804 ἔσται

2140 2839 2275 2908 φῶς.
2310 2841 2420 2893 Kal
2438 2840 2589 2893 ἕσται
2615 2844 2673 2894 ἐν
2705 2842 2770 2911 τῇ
2793 2841 2970 2911 ἡμέρᾳ
2995 2840 3196 2913 ἐκείνῃ,
3222 2839 3575 2905 ἐξελεύσεται
3589 2843 3721 2913 ὕδωρ

2140 2930 2247 2995 ζῶν
2282 2928 2341 2995 ἐξ
2374 2932 2730 3004 Ἰερουσαλήμ
2755 2949 2767 2961 ·
2797 2932 2858 2984 τὸ
2885 2933 3056 3003 ἥμισυ
3087 2933 3251 2985 αὐτοῦ
3284 2936 3364 2998 εἰς
3401 2934 3504 3006 τὴν
3536 2935 3722 2989 Θάλης.

2141 3037 2239 3074 σαν
2268 3022 2366 3093 τὴν
2401 3022 2644 3094 πρώτην,
2679 3023 2770 3076 καὶ
2793 3025 2964 3094 ἥμισυ
2994 3023 3159 3077 αὐτοῦ
3209 3027 3290 3088 είς
3317 3024 3417 3096 τὴν
3449 3026 3722 3080 θάλασσαν

458 3106 518 3161 1η
569 3106 657 3161 die
707 3108 798 3161 illa
848 3110 955 3165 erit
1008 3109 1271 3165 Dominus
1330 3126 1511 3175 unus,
1561 3117 1614 3164 et
1663 3125 1863 3165 nomen
1914 3111 2034 3180 ejus

2143 3113 2239 3188 τὴν
2263 3116 2518 3188 ἐσχάτην.
2564 3117 2651 3169 Ἐν
2676 3116 2821 3186 θέρει
2843 3118 2936 3170 καὶ
2963 3119 3019 3170 ὲν
3062 3116 3181 3188 ἔαρι
3214 3117 3367 3170 ἔσται
3394 3117 3599 3183 οὓτως.
3624 3120 3721 3172 Καὶ

457 3214 628 3252 unum
651 3239 666 3260 ,
695 3201 1042 3256 circumdans
1067 3217 1284 3257 omnem
1315 3212 1512 3258 terram
1537 3241 1552 3266 ,
1585 3209 1639 3256 et
1663 3217 1881 3256 omnem
1907 3202 2034 3257 soli-

2145 3206 2295 3261 ἕσται
2330 3207 2533 3280 Κύριος
2582 3209 2661 3271 εἰς
2693 3208 2915 3279 βασιλέα
2957 3209 3049 3261 ἐπὶ
3079 3211 3257 3263 πᾶσαν
3282 3210 3380 3281 τὴν
3414 3211 3549 3282 γῆν,
3582 3214 3639 3264 ἐν
3662 3215 3718 3281 τῇ

457 3287 701 3343 tudinem
733 3289 799 3344 ⁸⁸.
825 3309 845 3342 ›
871 3289 1001 3346 Post
1030 3294 1263 3362 primam
1313 3294 1655 3349 obsidionem
1695 3293 2037 3362 Jerusalem,

452 3387 869 3450 extremamque
892 3381 1039 3437 illius
1065 3385 1279 3438 ruinam
1305 3392 1360 3440 et
1383 3386 1732 3442 solitudinem
1752 3429 1767 3451 ,
1792 3405 1914 3459 quae
1936 3390 2039 3444 sub

456 3468 769 3540 Babyloniis
800 3472 1027 3537 accidit,
1058 3483 1289 3544 postque
1318 3476 1551 3530 reditum
1583 3478 1651 3533 ab
1672 3479 1857 3535 hostili
1891 3492 2037 3535 terra

456 3562 525 3617 ad
557 3563 791 3632 patriam
814 3603 829 3628 ,
862 3564 957 3633 qui
991 3566 1095 3620 sub
1117 3564 1261 3636 Cyro
1288 3565 1582 3622 Persarum
1613 3585 1741 3640 rege
1769 3573 2034 3643 contigit,

453 3670 580 3709 cum
618 3656 778 3725 paulo
839 3666 964 3710 ante
1005 3655 1305 3714 Jerusalem
1351 3659 1652 3715 instaurata
1720 3673 1899 3727 esset,
1946 3681 2034 3718 re—

453 3756 823 3818 novatumque
853 3752 1232 3804 sanctuarium
1255 3792 1270 3816 ,
1301 3761 1355 3807 et
1394 3753 1539 3822 quod
1572 3754 1714 3823 apud
1751 3755 1883 3809 illud
1916 3766 2036 3811 erat

451 3839 659 3903 altare,
708 3842 811 3895 sub
851 3840 1015 3896 Dario
1048 3841 1214 3898 Persa
1265 3860 1509 3914 praesens
1544 3847 1694 3900 canit
1726 3848 1992 3918 propheta
2016 3889 2030 3913 ,

451 3929 617 4001 285
647 3937 699 3985 et
728 3930 958 4000 posthac
993 3932 1220 3985 alteram
1249 3932 1591 3988 obsidionem
1615 3932 1919 3991 Jerusalem
1945 3936 2032 3990 fu-

454 4034 632 4076 turam
677 4023 975 4093 signiﬁcat,
1023 4038 1187 4094 quam
1234 4039 1397 4094 passa
1425 4035 1511 4081 est
1547 4041 1577 4079 a
1621 4025 1887 4084 Romanis
1921 4047 2032 4085 non

452 4115 610 4179 alias,
640 4131 806 4185 quam
832 4124 955 4186 post
989 4117 1219 4180 scelera,
1248 4133 1371 4187 qua:
1393 4118 1513 4187 ejus
1540 4118 1878 4178 habitatores
1900 4138 2033 4177 con-

452 4216 538 4261 tra
569 4207 906 4263 Salvatorem
935 4215 1184 4264 nostrum
1209 4207 1394 4264 Jesum
1422 4210 1701 4267 Christum
1731 4217 1847 4270 ausi
1879 4225 2026 4271 sunt.

2144 3300 2326 3371 ἡμέρᾳ
2356 3302 2539 3371 ἐκείνῃ
2591 3300 2743 3352 ἔσται
2771 3300 2974 3371 Κύριος
2996 3294 3096 3367 εἷς,
3132 3301 3229 3354 καὶ
3253 3301 3315 3354 τὸ
3342 3302 3523 3373 ὄνομα
3568 3302 3719 3356 αὐτοῦ

2141 3391 2219 3455 ἓν,
2254 3391 2487 3444 κυκλοῦν
2511 3392 2692 3444 πᾶσαν
2720 3390 2815 3461 τὴν
2848 3391 2951 3461 γῆν
2981 3392 3074 3444 καὶ
3111 3391 3210 3461 τὴν
3241 3391 3473 3463 ἔρημον.
3522 3411 3541 3443 ι
3580 3390 3724 3446 Μετὰ

2138 3479 2236 3550 τὴν
2266 3480 2488 3552 πρώτην
2551 3481 2866 3551 πολιορκίαν
2919 3481 3016 3551 τῆς
3082 3482 3461 3552 Ἰερουσαλὴμ,
3507 3484 3607 3537 καὶ
3635 3481 3722 3551 τὴν

2138 3569 2372 3639 παντελῆ
2421 3568 2738 3639 καθαίρεσιν
2799 3568 2990 3637 αὐτῆς,
3050 3568 3143 3620 καὶ
3176 3569 3458 3639 ἐρήμωσιν
3490 3568 3596 3638 τὴν
3629 3567 3723 3620 ὑπὸ

2138 3660 2514 3724 Βαϐυλωνίων,
2578 3662 2669 3713 xal
2705 3660 2841 3731 μετὰ
2887 3659 2985 3730 τὴν
3038 3659 3148 3712 ἀπὸ
3189 3659 3289 3727 τῆς
3320 3659 3597 3729 πολεμίας
3630 3660 3723 3728 γῆς

2136 3752 2229 3802 ἐπὶ
2258 3750 2356 3823 τὴν
2384 3753 2591 3805 οἰκείαν
2643 3751 2924 3817 ἐπάνοδον,
2945 3750 3043 3820 τὴν
3072 3751 3165 3802 ἐπὶ
3206 3749 3393 3821 Κύρου
3446 3750 3547 3802 τοῦ
3593 3751 3725 3818 Περ-

2137 3842 2247 3896 σῶν
2269 3843 2534 3913 βασιλέως
2576 3842 2907 3914 .γενομένην,
2939 3846 3062 3913 ἄρτι
3095 3841 3195 3910 τῆς
3233 3841 3599 3913 Ἰερουσαλὴμ
3635 3842 3723 3894 ἀν·-

2135 3936 2540 4007 εγηγερμένης,
2581 3933 2979 3996 ἁνανεωθέντος
3008 3933 3063 3985 δὲ
3104 3932 3197 4017 τοῦ
3233 3934 3603 4002 ἀγιάσματος,
3635 3930 3722 3984 καὶ

2132 4025 2223 4078 τοῦ
2244 4024 2377 4096 πρὸς
2394 4023 2547 4094 αὐτῷ
2577 4022 2963 4094 θυσιαστηρίου
2998 4023 3092 4075 ἐπὶ
3115 4021 3342 4093 Δαρείου
3365 4020 3460 4073 τοῦ
3491 4022 3720 4093 Πέρσου,

2130 4118 2159 4169 ὁ
2185 4114 2375 4187 παρὼν
2396 4117 2683 4187 προφήτης
2714 4113 2982 4179 θεσπίζει,
3019 4113 3117 4185 τὴν
3141 4114 3279 4183 μετὰ
3306 4112 3485 4166 ταῦτα
3541 4112 3722 4165 δευτέ-

2135 4225 2231 4280 ραν
2264 4208 2580 4280 πολιορκίαν
2622 4208 2722 4278 τῆς
2763 4206 3116 4278 Ἰερουσαλὴμ
3152 4204 3454 4277 σημαίνων,
3513 4206 3585 4277 ἢν
3628 4204 3720 4256 πέο

451 4299 899 4356 Manifcstissime
922 4300 1092 4371 igitur
1123 4300 1290 4355 etiam
1334 4302 1511 4355 hocin
1542 4303 1685 4369 loco,
1725 4303 2028 4361 Salvatoris

2143 4300 2326 4353 πονθεν
2360 4301 2465 4353 ὑπὸ
2510 4300 2793 4371 Ῥωμαίων
2832 4300 2932 4353 οὐκ
2975 4299 3163 4354 ἄλλοτε
3277 4295 3418 4367 μετὰ
3465 4296 3545 4350 τὰ
3587 4296 3721 4349 κατὰ

449 4392 645 4454 nostri,
673 4392 767 4462 qui
799 4390 893 4445 Dei
923 4389 1161 4445 Verbum
1188 4398 1294 4454 est,
1336 4392 1622 4458 adventus,
1649 4402 1703 4450 et
1728 4412 1849 4466 quae
1878 4398 2027 4455 illius

2143 4392 2223 4446 τοῦ
2265 4393 2519 4464 Σωτῆρος
2555 4392 2715 4465 ἡμῶν
2756 4392 2929 4464 Ἰησοῦ
2974 4390 3211 4463 Χριστοῦ
3252 4391 3359 4451 τοῖς
3408 4390 3719 4461 οἰκήτορσιν

448 4491 695 4554 tempore
746 4483 1073 4545 acciderint,
1124 4483 1532 4554 signiﬁcantur:
1570 4496 1698 4542 sunt
1726 4505 1856 4544 vero
1885 4491 2023 4555 haec,

2143 4486 2301 4556 αὐτῆς
2359 4486 2756 4556 τετολμημένα.
2807 4484 3212 4556 Ἐναργέστατα
3271 4482 3573 4551 τοιγαροῦν
3634 4481 3718 4533 καὶ

448 4582 648 4649 partim
678 4596 798 4649 qua:
820 4593 929 4650 quo
957 4587 1201 4648 tempore
1230 4578 1321 4631 ille
1346 4592 1542 4648 passus
1564 4588 1669 4643 est,
1692 4589 1845 4651 gesta
1870 4592 2021 4649 sunt,

444 4671 647 4743 partim
693 4685 815 4740 qua:
859 4669 1008 4722 illico
1055 4668 1380 4725 Heliraicam
1425 4673 1705 4727 nationem
1745 4675 2021 4744 oppressit

444 4762 682 4826 obsidio,
728 4768 784 4815 et
832 4761 1007 4832 ipsius
1048 4759 1353 4817 Jerusalem
1407 4764 1763 4834 expugnatio,
1798 4774 1852 4819 ct
1897 4773 2022 4835 post

444 4855 563 4923 ipsa
599 4853 736 4915 haec,
766 4852 982 4907 vocatio
1024 4853 1290 4922 gentium,
1326 4855 1601 4923 uniusque
1633 4869 1698 4908 ac
1719 4856 1893 4911 solius
1924 4855 2019 4911 Dci

444 4944 588 5013 apud
623 4958 783 4998 omne
817 4959 988 5014 genus
1019 4944 1299 4998 hominum
1332 4947 1593 5016 cognitio.
1628 4947 1902 5002 Caeterum
1934 4947 2020 5001 di-

443 5036 570 5091 vino
599 5033 806 5105 Spiritu
855 5036 1067 5092 amatus
1097 5039 1385 5107 propheta,
1416 5055 1542 5094 cum
1582 5039 1820 5109 quadam
1864 5055 2017 5093 com-

440 5128 813 5193 miseratione,
831 5139 1089 5200 tanquam
1109 5130 1156 5185 is
1183 5130 1276 5201 qui
1302 5147 1434 5187 suos
1455 5132 1521 5186 ad
1539 5132 2016 5186 circumcisionem

439 5219 775 5289 pertinentes
806 5220 1073 5289 deploret,
1121 5221 1189 5275 ab
1233 5222 1630 5275 exclamatione
1661 5231 1855 5275 contra
1892 5222 2016 5277 illos

438 5325 552 5364 sua:
598 5309 898 5380 prophetia:
934 5310 1153 5363 initium
1199 5308 1365 5364 facit:
1401 5310 1518 5366 dies
1559 5310 1727 5380 igitur
1771 5309 2013 5377 Domini,

438 5402 584 5457 sicut
627 5402 684 5455 in
733 5402 856 5457 aliis
896 5402 1055 5469 locis,
1087 5402 1190 5455 hoc
1224 5417 1441 5473 quoque
1472 5403 1528 5457 in
1577 5403 1698 5457 loco
1745 5403 2013 5467 nominat,

438 5501 497 5549 ut
524 5495 604 5550 sic
639 5502 854 5564 tempus
877 5493 1105 5561 Christi,
1149 5495 1214 5550 ad
1256 5495 1506 5551 homines
1537 5494 1807 5551 adventus
1841 5496 2012 5566 signi-

437 5586 586 5642 ticet:
635 5588 902 5658 planeque
936 5589 992 5642 in
1024 5587 1216 5645 eodem
1245 5588 1508 5657 ostendit,
1545 5589 2009 5660 quemadmodum

545 5764 589 5797 ⁸³
613 5762 780 5821 Zach.
814 5782 926 5834 ιιν,
952 5769 1061 5825 1-9.

2133 4576 2363 4629 ἐνταῦθα
2416 4577 2508 4630 τοῦ
2554 4577 2804 4647 Σωτῆρος
2836 4575 2994 4647 ἡμῶν
3026 4573 3120 4627 τοῦ
3162 4573 3294 4626 Θεοῦ
3334 4574 3517 4641 Λόγου
3558 4577 3593 4645 ἡ
3627 4591 3718 4626 πα·

2135 4668 2343 4738 ρουσία,
2373 4668 2468 4723 καὶ
2496 4668 2563 4721 τὰ
2613 4667 2705 4720 ἐπὶ
2754 4666 2923 4738 ταύτῃ
2971 4665 3355 4737 συμϐεϐηκότα
3407 4665 3712 4736 δηλοῦνται.

2131 4759 2315 4813 Ταῦτα
2344 4759 2401 4813 δὲ
2439 4756 2506 4831 ἧν
2545 4758 2680 4830 ὁμοῦ
2728 4758 2796 4811 τὰ
2838 4757 2965 4832 περ)¹
3008 4758 3098 4810 τὸν
3141 4756 3330 4828 καιρὸν
3368 4756 3466 4810 τοῦ
3514 4758 3713 4820 eaeo»;

2129 4836 2304 4907 αὐτοῦ
2340 4853 2720 4924 πεπραγμένα,
2761 4853 2857 4906 καὶ
2901 4853 2934 4922 ἡ
2982 4850 3294 4923 παραυτίκα
3328 4849 3408 4920 τῷ
3448 4850 3712 4923 Ἐϐραίων

2128 4946 2268 5000 ἔθνει
2319 4947 2621 5001 ἐπελθοῦσα
2663 4945 2967 5015 πολιορκία,
3003 4945 3097 4996 καὶ
3143 4943 3244 5012 τῆς
3288 4940 3711 5014 Ἰερουσαλὴμὴ

2128 5040 2348 5105 ἅλωσις,
2400 5040 2551 5110 καὶὴ
2586 5039 2722 5110 πρὸς
2765 5037 2975 5099 τούτοις
3021 5035 3210 5105 κλῆσις
3251 5034 3360 5087 τῶν
3393 5034 3593 5098 ἐθνῶν,
3621 5032 3709 5086 τοῦ

2124 5152 2184 5188 τε
2232 5134 2350 5197 ἑνὸς
2394 5136 2488 5188 καὶ
2531 5134 2694 5202 μόνου
2746 5132 2881 5186 Θεοῦ
2934 5134 3012 5195 εἰς
3063 5132 3174 5183 πᾶν
3213 5129 3367 5198 γένος
3410 5128 3708 5200 ἀνθρώπιον

2125 5226 2438 5293 ἐπίγνωσις.
2472 5225 2540 5278 ’Ὀ
2562 5242 2624 5294 γε
2649 5223 2753 5296 μὴν
2779 5221 3225 5294 πνευματοιρόρος
3251 5221 3543 5292 προφήτης
3567 5234 3707 5288 περι-

2125 5317 2482 5388 παθέστερον,
2512 5316 2665 5370 ὼσὰν
2694 5318 2780 5369 ἐπ’
2821 5316 3042 5378 οἰκείοις
3075 5312 3479 5384 ὀλοφυρόμενος
3506 5314 3620 5372 τοῖς
3645 5311 3703 5361 ἐκ

2123 5412 2439 5482 περιτομῆς,
2471 5411 2536 5463 ἐκ
2566 5410 2666 5480 τῆς
2700 5411 2820 5464 κατ’
2854 5408 3032 5463 αὐτῶν
3064 5407 3430 5477 ὲκφωνὴσεως
3462 5403 3561 5473 τὴν
3575 5416 3698 5454 κατ-

2122 5503 2294 5574 αρχὴν
2335 5503 2628 5573 πεποίηται
2669 5502 2769 5572 τῆς
2821 5500 3174 5572 προφητείας.
3211 5497 3460 5567 Ἡμέρας
3519 5494 3585 5565 δὴ
3615 5487 3698 5544 οὖν

2120 5595 2215 5648 τοῦ
2248 5594 2475 5665 Κυρίου,
2498 5593 2780 5667 ὼσπεροῦν
2809 5593 2902 5647 καὶ
2928 5594 2984 5645 ἐν
3017 5591 3246 5662 ἑτέροις,
3279 5586 3561 5642 κάνταῦθα
3592 5584 3697 5637 ὀνο-
