3828 6220
165 311 277 369 ἇΰδ

1059 296 1710 367 DEMONSTRATIONIS
1740 307 2197 365 EVANGELICIE
2230 308 2366 364 LIB.
2409 308 2497 362 Vl.

3318 315 3425 371 454

169 424 355 497 μάζει,
386 424 530 480 οὕτω
571 426 662 480 τὸν
703 426 892 498 χρόνον
914 426 1012 495 τῆς
1043 428 1121 489 είς
1149 424 1466 495 ἀνθρώπους
1503 423 1598 476 τοῦ
1626 424 1758 493 Χρι-
1784 430 1832 487 Α

1829 478 1832 486 ,
1863 421 1978 491 ipse
2005 420 2294 489 Dom-inus,
2323 432 2582 494 tanquam
2623 425 2803 481 lumen
2830 442 3041 495 verum,
3082 432 3424 501 propriorum

171 517 304 570 στοῦ
355 519 658 590 παρουσίας
703 518 1011 589 σημαίνων·
1054 518 1147 570 καὶ
1199 516 1384 584 σαφῶς
1432 514 1626 585 δηλῶν,
1678 514 1755 578 ὡς

1856 514 2149 582 aliquando
2201 525 2396 571 auctor
2442 517 2535 572 ﬁet
2582 518 2819 585 dierum,
2852 528 2907 576 et
2950 523 3205 579 omnibus
3242 527 3334 596 qui
3369 529 3426 582 in

166 608 279 680 ἄρα
310 610 341 661 ὁ
386 609 590 680 Κύριος
641 609 824 671 αὐτὸς,
859 604 947 661 οἷα
995 607 1109 677 φῶς
1148 607 1397 677 ἀληθινὸν
1444 605 1751 676 τυγχάνων,

1853 613 2001 660 terra
2045 615 2174 662 sunt
2217 608 2529 665 hominibus
2568 610 2869 678 illucescet,
2917 629 3027 684 quo
3069 621 3318 687 tempore
3371 629 3427 675 et

166 698 316 756 ἰδίων
347 701 576 771 ποιητής
614 716 744 752 ποτε
789 700 1077 771 γενήσεται
1115 698 1356 770 ἡμερῶν.
1399 699 1524 760 Τοῖς
1562 698 1619 750 δὲ
1660 699 1753 750 ἐπὶ

1854 696 2037 766 ipsum
2083 706 2137 754 et
2187 699 2412 755 luminis
2444 701 2619 771 ipsius
2666 701 2871 769 radios,
2919 705 3189 761 universae
3236 717 3426 778 gentes

159 793 272 863 γῆς
295 792 509 846 -ἆπασιν
554 790 861 862 ἀνθρώποις
902 790 1199 860 ὲπιλάμψει
1230 790 1340 843 τῶν
1374 790 1541 844 ἐθνῶν
1572 791 1749 844 ἁπάν-

158 900 295 948 των,
334 883 497 935 αὐτόν
537 900 599 936 τε
648 885 742 936 καὶ
789 882 891 947 τὰς
936 884 1161 947 ἀκτῖνας
1212 882 1304 936 τοῦ
1358 883 1538 953 φωτὸς
1583 883 1748 937 αὐτοῦ

158 973 632 1045 καταδεξαμένων,
672 976 786 1037 ὅτε,
815 972 924 1027 τῶν
944 973 1113 1028 ἐθνῶν
1155 975 1409 1029 ἁπάντων
1447 973 1750 1045 φωτιζομέ-
1794 1041 1812 1059 .

158 1083 271 1119 νων
304 1065 445 1120 κατὰ
476 1067 557 1130 τὸ,
589 1085 608 1118 ι
667 1066 900 1120 Τέθεικά
947 1083 1006 1119 σε
1055 1068 1134 1129 εἰς
1182 1066 1298 1136 φῶς
1349 1065 1612 1138 διαθήκης
1654 1067 1748 1135 γέ-

160 1175 308 1221 νους,
347 1176 366 1208 ι
398 1157 460 1210 τδ
504 1157 773 1211 Ἰουδαίων
818 1157 967 1222 ἔθνος
1011 1157 1099 1211 διὰ
1150 1158 1248 1229 τὴν
1294 1158 1374 1220 είς
1413 1157 1573 1211 αὑτὸν
1621 1157 1747 1210 άπι-

160 1248 342 1316 στίαν,
376 1251 492 1314 τοῖς
543 1249 791 1320 ἐσχάτοις
812 1252 1186 1322 περιπεσεῖται
1232 1249 1441 1303 δεινῶν.
1492 1248 1744 1303 Τοιοῦτον

154 1340 271 1410 γάρ
303 1342 419 1393 ἐστι
449 1341 538 1393 τό·
579 1359 598 1391 t
643 1341 773 1394 Ἰδοὺ
806 1341 993 1413 ἡμέρα
1026 1340 1242 1412 ἔρχεται
1269 1340 1363 1394 τοῦ
1396 1340 1622 1412 Κυρίου,
1650 1343 1744 1395 καὶ

152 1431 670 1503 διαμερισθήσονται
708 1431 779 1485 τὰ
807 1432 981 1486 σκῦλά
1021 1450 1115 1485 σου
1156 1434 1215 1485 ὲν
1260 1433 1361 1498 σοὶ,
1389 1434 1482 1486 καὶ
1521 1435 1743 1486 ἐπισυν-

151 1522 271 1587 diu
300 1523 476 1577 πάντα
500 1523 571 1577 τὰ
594 1523 720 1595 ἔθνη
750 1524 843 1577 ἐπὶ
877 1524 1232 1595 Ἰερουσαλὴμ
1254 1526 1334 1587 είς
1359 1524 1614 1596 πόλεμον,
1646 1527 1741 1579 καὶ

148 1615 484 1687 ἁλώσεται-ἠ
523 1616 699 1680 πόλις,
724 1616 824 1670 καὶ
849 1616 1313 1688 διαρπαγήσονται
1343 1620 1399 1672 αἱ
1428 1618 1742 1684 οίκίαι,-καὶ

148 1709 209 1760 al.
265 1710 523 1776 γυναῖκες
578 1708 1036 1779 μολυνθήσονται,
1102 1710 1195 1762 καὶ
1264 1708 1601 1775 ἐξελεύσεται
1677 1709 1740 1763 τὸ

1853 789 2173 859 suscipient,
2203 807 2325 861 quae
2344 793 2567 862 quidem
2602 793 2733 847 dum
2763 794 3240 867 illuminabuntur,
3269 801 3425 868 juxta

1849 879 2014 936 illud:
2053 901 2073 933 ι
2098 880 2263 938 Posui
2293 891 2346 939 te
2369 885 2425 939 in
2458 882 2641 941 lume'n
2663 889 2926 956 gentium,
2953 890 3010 944 in
3037 899 3423 947 testamentum

1847 972 2062 1041 generis
2082 972 2152 1038 ⁸⁵,
2187 992 2207 1026 ι
2236 974 2445 1031 interea
2483 976 2712 1033 Judaica
2753 995 2907 1050 gens,
2938 992 3162 1053 propter
3190 984 3426 1040 inﬁdeli—

1846 1070 2013 1118 tatem
2035 1065 2298 1122 adversus
2324 1068 2502 1131 illum,
2523 1069 2578 1124 in
2600 1080 2841 1127 extrema
2869 1074 3074 1130 incidet
3095 1074 3422 1133 infortunia.

1846 1153 1980 1210 Tale
2013 1156 2183 1227 igitur
2211 1165 2295 1213 est
2333 1159 2501 1215 illud:
2536 1179 2559 1213 ι
2590 1162 2728 1217 Ecce
2759 1163 2875 1219 dies
2906 1165 3056 1219 venit
3090 1164 3326 1231 Domini,
3367 1178 3420 1222 et

1843 1247 2158 1304 dividentur
2202 1252 2377 1321 spolia
2418 1259 2515 1305 tua
2560 1253 2617 1306 in
2669 1260 2744 1317 te,
2779 1261 2833 1308 et
2859 1255 3204 1325 congregabo
3229 1272 3419 1312 omnes

1843 1349 2033 1411 gentes
2079 1342 2136 1397 in
2163 1342 2466 1399 Jerusalem
2496 1344 2565 1399 ad
2590 1345 2813 1409 bellum,
2845 1353 2900 1400 et
2942 1351 3190 1416 capietur
3219 1348 3416 1403 civitas

1841 1444 1895 1489 et
1943 1434 2270 1506 diripientur
2299 1435 2498 1492 domus
2546 1446 2597 1492 et
2640 1438 2897 1493 mulieres
2946 1437 3322 1503 fcedabuntur,
3358 1448 3413 1494 ct

1840 1524 2151 1593 egredietur
2192 1524 2480 1579 dimidium
2514 1525 2752 1580 civitatis
2796 1526 2851 1579 in
2886 1527 3251 1596 captivitate.»
3285 1526 3417 1583 Post

1838 1631 1969 1670 vero
2000 1617 2178 1687 ipsius
2204 1615 2508 1672 Jerusalem
2538 1617 2904 1681 obsidionem,
2940 1626 3147 1674 et~eam
3191 1636 3313 1690 qua:
3346 1621 3415 1675 il-

1838 1708 1947 1762 lico
1976 1716 2163 1764 secuta
2195 1717 2279 1763 est
2304 1708 2547 1764 Judaicm
2576 1711 2754 1780 gentis
2778 1710 3118 1774 servitutem,
3151 1711 3413 1782 deinceps

146 1799 326 1869 ἥμισυ
346 1800 443 1870 τῆς
463 1799 669 1863 πόλεως
700 1801 758 1853 ὲν
779 1800 1142 1871 αἰχμαλωσίᾳ.
1169 1819 1186 1851 ι
1214 1799 1369 1853 Μετὰ
1398 1801 1456 1854 δὲ
1480 1801 1577 1873 τὴν
1599 1801 1742 1855 κατὰ
1771 1782 1813 1837 Β

1843 1797 1986 1851 bona
2053 1799 2309 1854 omnibus
2357 1798 2602 1870 adiungit
2657 1802 2988 1864 communia,
3039 1803 3120 1856 sic
3167 1817 3408 1857 canens:

146 1891 251 1961 τῆς
291 1890 643 1962 Ἰερουσαλὴμ
697 1891 1031 1962 πολιορκίαν,
1085 1891 1179 1945 καὶ
1236 1891 1333 1963 τὴν
1396 1895 1513 1963 μετ’
1568 1893 1739 1966 αὐτὴν

144 1982 529 2052 αἰχμαλωσίαν
581 1980 676 2035 τοῦ
726 1981 994 2035 Ἰουδαίων
1024 1981 1229 2046 ἔθνους,
1283 1983 1526 2052 ἐπιλέγει
1585 1984 1734 2055 ἑξῆς,

143 2071 332 2141 ἀγαθὰ
359 2075 471 2135 τοῖς
510 2073 644 2124 πᾶσι
679 2070 979 2136 θεσπίζων·
1023 2090 1043 2123 t
1082 2073 1194 2125 Καὶ
1222 2071 1377 2126 ἔσται
1420 2073 1624 2143 Κύριος
1659 2075 1738 2138 είς

145 2161 375 2232 βασιλέα
416 2162 508 2214 ἐπὶ
554 2164 738 2216 πᾶσαν
769 2163 869 2235 τὴν
894 2162 998 2233 γῆν
1019 2180 1033 2193 ο
1076 2183 1095 2214 ι
1124 2165 1219 2217 καὶ
1252 2164 1444 2217 πάλιν·
1488 2182 1509 2215 ι
1544 2166 1737 2218 Ἐσται

141 2252 354 2325 Κύριος
378 2249 481 2317 εἷς,
516 2255 611 2307 καὶ
658 2253 718 2306 τὸ
759 2254 928 2325 δνομα
972 2254 1135 2307 αὐτοῦ
1180 2254 1258 2321 ἓν,
1289 2256 1522 2310 κυκλοῦν
1559 2258 1739 2310 πᾶσαν

138 2347 245 2417 τὴν
277 2346 384 2416 γῆν
412 2347 508 2399 καὶ
542 2346 638 2417 τὴν
680 2345 904 2417 ἔρημον.
946 2367 965 2399 ι
1005 2346 1164 2401 Ἀλλὰ
1197 2346 1307 2420 γὰρ
1352 2349 1447 2400 καὶ
1493 2348 1555 2401 τὸ
1608 2346 1738 2404 Ἰου-

139 2437 313 2491 δαίων
338 2438 490 2503 ἔθνος
519 2438 744 2491 τοιαῦτα
789 2438 1073 2493 πείσεσθαι
1128 2442 1186 2493 ἐν
1226 2442 1346 2502 ταῖς
1395 2437 1490 2493 τοῦ
1528 2439 1735 2509 Κυρίου

140 2531 385 2601 ἡμέραις
416 2532 514 2602 τῆς
546 2533 904 2603 προρῤήσεως
947 2532 1394 2604 ἀποφηναμένης,
1429 2533 1514 2596 τίς
1541 2533 1641 2586 οὐκ
1668 2531 1733 2586 ἂν

138 2619 445 2691 θαυμάσειε
492 2621 593 2691 τῆς
636 2623 993 2694 προρρήσεως
1038 2624 1101 2676 τὸ
1142 2622 1523 2695 ἀποτέλεσμα;
1583 2624 1733 2694 Ἀμα

136 2711 254 2784 γὰρ
296 2713 505 2785 Ἰησοῦς
536 2716 566 2767 ὁ
606 2715 798 2785 Σωτὴρ
824 2715 917 2767 καὶ
944 2716 1147 2788 Κύριος
1186 2716 1342 2787 ήμῶν
1376 2717 1577 2789 παρῆν,
1608 2716 1734 2785 ἠσέ-

133 2803 272 2857 Εουν
300 2821 360 2857 τε
387 2808 467 2869 είς
495 2806 656 2858 αὑτὸν
685 2808 734 2858 οἱ
771 2809 834 2859 ὲκ
873 2808 1192 2879 περιτομῆς,
1218 2809 1313 2861 καὶ
1346 2809 1523 2862 πάντα
1550 2808 1733 2871 αὐτοῖς

132 2894 357 2967 ἀθρόως
380 2899 448 2949 τὰ
480 2899 953 2969 προηγορευμένα,
981 2898 1118 2969 μετὰ
1138 2900 1587 2954 πεντακοσιοστὸν
1613 2899 1732 2963 ἔτος

131 2988 243 3059 τῆς
272 2991 655 3071 προρρήσεως,
704 2990 890 3053 τέλους
911 2990 1225 3062 ἐτύγχανεν,
1259 2990 1321 3056 ἐξ
1359 2991 1523 3046 αὐτοῦ
1565 2993 1732 3047 Πιλά-

126 3096 256 3148 του,
304 3083 399 3135 καὶ
459 3082 621 3153 μέχρι
672 3082 774 3153 τῆς
825 3084 965 3136 κατὰ
1003 3084 1231 3155 Νέρωνα
1293 3084 1387 3137 καὶ
1422 3084 1577 3137 Τίτον
1635 3086 1731 3140 καὶ

130 3175 550 3228 Οὐεσπασιανὸν
597 3174 931 3246 πολιορκίας,
977 3176 1036 3228 οὐ
1079 3174 1489 3229 διαλελοιπότων
1532 3177 1728 3244 αὐτοὺς

129 3264 412 3318 παντοίων
446 3264 543 3318 καὶ
570 3264 884 3336 ἐπαλλήλων
917 3265 1235 3337 συμφορῶν,
1272 3267 1349 3329 ὡς
1379 3266 1639 3337 πάρεστιν
1664 3268 1729 3320 ὲκ

128 3359 236 3428 τῆς
287 3356 520 3410 Φλαυΐου
578 3358 839 3430 Ἰωσήπου
889 3358 1194 3429 γραφείσης
1247 3358 1486 3429 ἱστορίας
1536 3358 1728 3412 ἀναλέ-

130 3440 355 3512 ξασθαι.
401 3448 535 3502 Τότε
580 3449 678 3520 μὲν
721 3446 814 3503 οὖν
859 3450 1005 3514 εἰκὸς
1050 3449 1110 3504 τὸ
1157 3451 1329 3522 ἥμισυ
1377 3451 1475 3521 τῆς
1521 3450 1728 3515 πόλεως

127 3540 481 3594 ἀπολωλέναι
520 3544 585 3613 τῇ
620 3542 924 3613 πολιορκίᾳ,
965 3542 1042 3606 ῶς
1092 3560 1256 3615 φησιν
1300 3545 1332 3613 ἡ
1385 3543 1722 3614 προφητείαν

130 3634 253 3703 μετ’
284 3633 350 3686 οὐ
382 3633 549 3686 πολὺν
596 3634 654 3686 δὲ
696 3635 907 3705 χρόνον,
943 3636 1084 3689 κατὰ
1129 3636 1405 3707 Ἀδριανὸν
1453 3636 1724 3707 αὐτοκρά-

127 3740 289 3794 τορα,
320 3728 589 3793 κινήσεως
608 3720 762 3787 αὖθις
795 3724 1093 3790 Ἰουδαϊκῆς
1110 3725 1427 3796 γενομένης,
1450 3725 1510 3778 τὸ
1542 3725 1724 3779 λοιπὸν

125 3814 232 3884 τῆς
260 3813 475 3877 πόλεως
496 3813 660 3884 μέρος
681 3814 874 3885 ἥμισυ,
895 3814 1250 3886 πολιορκηθὲν
1272 3811 1429 3879 αὖθις
1452 3814 1725 3882 ἐξελαύνε-

126 3921 243 3966 ται,
262 3904 343 3967 ὠς
362 3903 423 3968 ἐξ
443 3904 652 3958 ἐκείνου
675 3906 769 3958 καὶ
793 3906 873 3969 είς
892 3905 1049 3978 δεῦρο
1072 3906 1304 3976 πάμπαν
1320 3905 1517 3960 ἄϐατον
1541 3906 1722 3969 αὐτοῖς

126 3995 387 4066 γενέσθαι
416 3995 507 4049 τὸν
536 3997 719 4051 τόπον.
742 3998 808 4050 Εἰ
825 3997 882 4050 δὲ
901 3996 1046 4065 λέγοι
1065 4016 1149 4062 τις
1171 3997 1310 4052 κατὰ
1337 3998 1604 4068 ’Δντίοχον
1629 3998 1722 4051 τὸν

141 4088 418 4157 Ἐπιφανῆ
446 4087 621 4142 ταῦτα
648 4087 1067 4160 πεπληρῶσθαι,
1103 4088 1410 4158 σκεψάσθω,
1441 4091 1490 4142 εἰ
1520 4084 1630 4153 οἷός
1661 4088 1721 4143 τέ

126 4180 281 4232 ἐστιν
314 4178 626 4232 ἀποδιδόναι
660 4180 754 4233 καὶ
793 4180 863 4234 τὰ
903 4179 1065 4234 λοιπὰ
1092 4180 1190 4251 τῆς
1213 4180 1549 4251 προφητείας
1579 4179 1720 4233 κατὰ

121 4271 257 4333 τοὺς
303 4271 574 4341 Ἀντιόχου
602 4271 826 4342 χρόνους
844 4289 856 4301 ·
890 4268 1001 4325 οἷον
1026 4271 1089 4325 τὸ
1115 4271 1489 4343 αἰχμαλωσίαν
1518 4288 1719 4324 πεπον-

124 4361 284 4415 θέναι
315 4358 410 4414 τὸν
441 4360 588 4424 λαὸν,
622 4361 712 4414 καὶ
740 4361 801 4414 τὸ
826 4362 1017 4432 στῆναι
1040 4362 1166 4424 τοὺς
1198 4361 1363 4425 πόδας
1391 4362 1598 4432 Κυρίου
1623 4362 1716 4415 ἐπὶ

1845 1907 1865 1939 ι
1898 1887 1964 1941 Ει
1991 1890 2094 1943 erit
2119 1889 2382 1945 Dominus
2409 1892 2465 1944 in
2494 1906 2674 1962 regem
2706 1892 2761 1945 in
2792 1906 3009 1946 omnem
3035 1901 3257 1947 terram.
3291 1912 3310 1944 ι
3346 1892 3414 1947 Et

1839 1999 2062 2039 rursus:
2094 2003 2112 2035 ι
2141 1984 2255 2038 Erit
2277 1984 2538 2041 Dominus
2562 2003 2726 2050 unus,
2749 1993 2803 2040 et
2829 2002 3026 2042 nomen
3049 1988 3195 2042 illius
3216 2003 3409 2051 unum,

1840 2076 2086 2132 ambiens
2112 2091 2331 2130 omnem
2362 2084 2564 2131 terram
2588 2086 2642 2132 et
2674 2077 3045 2133 solitudinem.
3081 2098 3100 2131 ι
3141 2077 3247 2134 Sed
3261 2081 3410 2134 enim

1837 2181 1962 2220 cum
2002 2166 2323 2221 vaticinium
2370 2169 2636 2233 enuntiet,
2689 2168 2973 2224 Judaicam
3026 2176 3240 2240 gentem
3289 2184 3412 2225 esse

1836 2257 1967 2310 talia
1999 2272 2381 2327 perpessuram
2414 2259 2471 2313 in
2497 2259 2690 2315 diebus
2725 2259 2965 2325 Domini,
2988 2261 3113 2330 quis
3155 2277 3264 2315 non
3303 2262 3414 2316 exi-

1834 2354 1952 2401 tum
1995 2350 2241 2404 vaticinii
2292 2350 2632 2407 admiretur?
2700 2352 2837 2404 Nam
2888 2352 3051 2407 simul
3120 2367 3186 2406 ac
3246 2350 3410 2407 Jesus

1838 2434 2089 2492 Salvator
2119 2454 2181 2492 ac
2216 2438 2480 2494 Dominus
2512 2449 2700 2495 noster
2730 2440 2969 2504 advenit,
2989 2442 3198 2510 quique
3220 2442 3285 2496 ad
3304 2442 3412 2496 cir-

1834 2532 2229 2587 cumcisionem
2261 2533 2555 2602 pertinent,
2586 2533 2796 2588 nefaria
2831 2534 3095 2590 adversus
3132 2535 3285 2589 illum
3321 2534 3407 2588 fa-

1834 2624 2025 2678 cinora
2054 2632 2459 2694 perpetrarunt,
2491 2626 2675 2680 omnia
2709 2626 2817 2680 illis
2842 2642 2962 2696 quae
2992 2626 3247 2695 praedicta
3283 2625 3407 2682 fue-

1833 2722 1978 2782 rant,
2029 2716 2479 2785 quinquagesimo
2528 2716 2597 2771 ab
2648 2716 2767 2786 ipsa
2829 2717 3184 2786 praedictione
3234 2732 3405 2785 anno,

1833 2808 2130 2863 acervatim
2160 2815 2482 2874 evenerunt,
2514 2808 2681 2880 286
2714 2809 2986 2879 finemque
3019 2810 3214 2864 sortita
3244 2816 3403 2864 sunt:

1832 2916 1959 2954 cum
1991 2901 2243 2957 videlicet
2274 2902 2343 2956 ab
2384 2902 2506 2972 ipso
2535 2900 2715 2955 Pilato
2751 2917 2926 2971 usque
2956 2902 3022 2956 ad
3051 2901 3322 2956 Neronem
3351 2912 3408 2956 et

1833 2993 2014 3049 Titum
2040 3008 2117 3048 .ac
2164 2992 2580 3063 Vespasianum,
2622 2995 2717 3064 qui
2745 2995 3022 3049 civitatem
3073 2993 3408 3049 obsederunt

1830 3098 2105 3153 nusquam
2140 3083 2263 3140 illos
2298 3086 2478 3140 omnis
2517 3084 2755 3155 generis,
2807 3093 2861 3139 et
2883 3084 3002 3138 aliae
3052 3099 3215 3153 super
3261 3083 3401 3138 alias

1832 3177 2150 3247 ingruentes
2182 3178 2522 3232 calamitates
2568 3176 2890 3242 defecerint,
2933 3176 3400 3246 quemadmodum

1830 3269 1991 3325 facile
2027 3279 2112 3326 est
2153 3287 2221 3325 ex
2277 3286 2343 3326 ea
2392 3271 2624 3326 historia
2674 3287 2838 3342 quam
2884 3270 3102 3325 Flavius
3128 3269 3404 3339 Josephus

1830 3361 2069 3430 scripsit,
2106 3362 2397 3433 colligere:
2428 3371 2561 3417 tunc
2606 3377 2740 3419 sane
2783 3361 3045 3417 credibile
3087 3368 3193 3426 est,
3240 3362 3404 3416 dimi-

1828 3452 1980 3506 dium
2015 3453 2255 3508 civitatis
2294 3453 2525 3523 periisse
2552 3454 2863 3514 obsidione,
2896 3461 2957 3507 ut
2986 3454 3061 3507 ait
3091 3453 3399 3524 prOphetia.

1828 3543 1988 3599 Haud
2024 3561 2156 3600 vero
2195 3547 2271 3600 ita
2305 3546 2476 3599 multo
2502 3554 2647 3617 post,
2684 3562 2810 3600 cum
2849 3546 3126 3601 Adrianus
3166 3545 3403 3615 impera-

1827 3643 1933 3699 ret,
1971 3635 2204 3690 Judaico
2227 3650 2422 3691 rursus
2466 3644 2655 3690 exorto
2708 3636 2965 3702 tumultu,
3028 3649 3147 3704 qua:
3189 3635 3402 3703 reliqua
3489 3671 3492 3674 ~

1825 3725 2002 3781 fuerat
2050 3742 2179 3797 pars
2222 3727 2447 3782 dimidia
2492 3727 2754 3789 civitatis,
2808 3742 3006 3782 rursus
3032 3726 3256 3781 obsessa
3305 3741 3400 3780 ex-

1822 3820 2066 3889 pellitur,
2098 3820 2234 3874 adeo
2264 3819 2505 3889 quidem,
2541 3828 2599 3872 ut
2627 3820 2696 3874 ab
2726 3820 2822 3873 illo
2848 3829 3094 3890 tempore
3130 3834 3304 3887 usque
3339 3818 3399 3874 in

1824 3911 2149 3966 hodiernum
2187 3912 2354 3974 diem,
2390 3911 2609 3981 penitus
2645 3912 2918 3967 instabilis
2961 3912 3140 3967 omnis
3169 3912 3279 3967 illis
3320 3909 3400 3965 fa-

1832 4009 1959 4058 ctus
1985 4003 2057 4057 sit
2099 4002 2273 4057 locus.
2311 4000 2468 4067 Quod
2524 4002 2572 4057 si
2615 4002 2741 4072 quis
2774 4001 2923 4056 dicat
2973 4002 3077 4057 sub
3125 4001 3397 4057 Antiocho

1821 4093 2106 4166 Epiphane
2144 4095 2261 4149 hate
2302 4088 2573 4164 completa
2612 4094 2807 4161 fuisse,
2841 4097 3006 4150 etiam
3040 4102 3204 4165 atque
3231 4097 3394 4150 etiam

1819 4187 2132 4242 consideret
2162 4194 2345 4241 utrum
2379 4187 2555 4256 possit
2599 4187 2807 4256 reliqua
2854 4187 2985 4242 item
3015 4202 3137 4256 quae
3173 4203 3241 4241 ex
3290 4186 3396 4241 hac

1818 4279 2104 4350 prophetia
2135 4288 2453 4349 supersunt,
2482 4278 2552 4333 ad
2590 4279 2848 4334 Antiochi
2880 4287 3127 4349 tempora
3160 4272 3391 4344 referre,

1821 4370 2135 4441 cujusmodi
2169 4370 2303 4425 illud
2347 4379 2451 4436 est,
2497 4370 2643 4440 quod
2685 4372 2920 4441 populus
2973 4371 3289 4426 servitutem
3318 4372 3393 4427 sit

119 4452 187 4507 τὸ
218 4452 330 4505 τῶν
366 4452 589 4506 Ἐλαιῶν
621 4452 765 4524 ὅρος,
800 4455 896 4507 καὶ
920 4456 968 4507 εί
1003 4453 1192 4522 γέγονε
1220 4454 1421 4524 Κύριος
1458 4457 1537 4518 εἰς
1564 4454 1715 4524 βασι·
1745 4466 1789 4521 ι)
1817 4478 1839 4532 ι

1829 4477 2036 4532 passus,
2098 4462 2245 4532 quod
2288 4462 2457 4532 pedes
2510 4461 2728 4515 Domini
2774 4462 2830 4515 in
2873 4470 3058 4517 monte
3108 4459 3389 4516 Olivarum

119 4544 230 4598 λέα
257 4545 353 4597 ἐπὶ
396 4546 575 4598 πᾶσαν
608 4545 708 4615 τὴν
739 4545 842 4616 γῆν
873 4546 931 4598 ὲν
972 4547 1038 4616 τῇ
1084 4546 1268 4618 ἡμέρᾳ
1302 4546 1503 4619 ἐκείνῃ,
1534 4548 1630 4603 καὶ
1666 4549 1714 4600 εί

117 4637 186 4689 τὸ
215 4635 395 4706 ὖνομα
429 4636 632 4706 Κυρίου
667 4634 945 4689 ὲκύκλωσε
991 4637 1090 4705 τὴν
1116 4637 1219 4706 γῆν
1260 4639 1460 4702 πᾶσαν,
1495 4639 1589 4691 καὶ
1616 4637 1714 4709 τὴν

121 4728 358 4802 ἔρημον,
386 4728 475 4781 ὅτε
515 4729 615 4796 τῆς
655 4728 854 4798 Συρίας
901 4727 1167 4799 Ἀντίοχος
1211 4729 1453 4801 ἐκράτει.
1504 4730 1615 4782 Καὶ
1645 4731 1715 4784 τὰ

117 4820 292 4874 λοιπὰ
312 4821 370 4874 δὲ
391 4819 492 4890 τῆς
515 4821 894 4891 προρρήσεως,
923 4819 1108 4873 ὁποίου
1137 4819 1321 4883 τέλους
1345 4819 1552 4891 ἔτυχεν,
1594 4822 1714 4874 Ἀν-

119 4915 310 4984 τιόχου
347 4911 736 4983 βασιλεύοντος,
773 4910 891 4974 πῶς
922 4928 1008 4973 τις
1053 4910 1362 4977 ἀποδώσει;
1395 4910 1532 4964 Καθ’
1568 4913 1715 4982 ἡμᾶς

114 5008 180 5061 δὲ
212 5005 412 5070 ταῦτα,
444 5004 538 5059 καὶ
584 5003 720 5075 πρὸς
760 5003 904 5070 λέξιν
947 5003 1044 5074 μὲν
1080 5003 1428 5068 ἀποδέδοται,
1452 5004 1547 5057 καὶ
1589 5003 1711 5058 καθ’

118 5098 323 5170 ἑτέραν
344 5098 402 5150 δὲ
426 5096 686 5150 διάνοιαν.
708 5095 863 5149 Μετὰ
888 5094 998 5165 γὰρ
1021 5094 1120 5166 τὴν
1147 5094 1240 5148 τοῦ
1268 5095 1520 5167 Σωτῆρος
1553 5095 1711 5166 ἡμῶν

130 5186 313 5258 Ἰησοῦ
347 5184 586 5258 Χριστοῦ
631 5184 955 5256 παρουσίαν,
997 5186 1030 5255 ή
1066 5183 1219 5247 πόλις
1248 5183 1449 5247 αὐτῶν,
1478 5182 1617 5255 αὕτη
1646 5200 1711 5252 γε

115 5279 155 5349 ὴ
197 5276 574 5348 Ἰερουσαλὴμ,
598 5276 695 5328 καὶ
732 5276 794 5329 τὸ
839 5276 947 5329 πᾶν
982 5276 1253 5347 σύστημα,
1278 5278 1371 5329 καὶ
1409 5276 1711 5348 πολίτευμα

118 5370 224 5439 τῆς
252 5366 413 5435 ,κατὰ
452 5368 545 5420 τὸν
586 5367 751 5438 νόμον
789 5368 1032 5431 Μωσέως
1065 5366 1360 5438 θρησκείας
1392 5368 1704 5439 καθῃρεῖτο.

116 5462 331 5516 Αὐτίκα
362 5460 421 5513 δὲ
465 5460 564 5531 τὴν
613 5459 754 5513 κατὰ
782 5460 1018 5514 διάνοιαν
1060 5460 1433 5531 αἰχμαλωσίαν
1466 5461 1601 5531 πρὸς
1641 5465 1705 5531 τῇ

115 5557 413 5626 σωματικῇ
481 5553 801 5619 πεπόνθασι,
850 5554 938 5610 τὸν
1002 5553 1230 5625 Σωτῆρα
1272 5554 1366 5608 καὶ
1412 5555 1705 5625 Λυτρωτὴν

186 5733 235 5765 ⁸⁸
262 5733 370 5788 lsa.
403 5748 556 5797 ιιιχ,
587 5734 642 5789 6.

1819 4554 2095 4617 steterint,
2132 4562 2189 4609 et
2220 4564 2404 4608 utrum
2450 4552 2717 4608 Dominus
2755 4553 2813 4606 in
2860 4552 2949 4607 die
2998 4552 3091 4607 illa
3122 4553 3175 4606 in
3205 4567 3389 4622 regem

1817 4642 1985 4699 fuerit
2025 4643 2082 4698 in
2115 4659 2331 4699 omnem
2376 4650 2602 4709 terram,
2633 4656 2687 4699 et
2718 4651 2900 4697 utrum
2942 4657 3141 4697 nomen
3175 4639 3390 4694 Domini

1816 4737 2072 4792 ambierit
2111 4752 2331 4792 omnem
2361 4746 2582 4798 terram,
2619 4745 2673 4791 et
2707 4735 3082 4800 solitudinem,
3113 4749 3224 4804 quo
3249 4742 3389 4787 tem-

1815 4844 1949 4899 pore
1987 4828 2201 4900 Syriam
2249 4828 2558 4884 Antiochus
2605 4829 2880 4884 obtinuit:
2915 4835 2970 4882 et
3008 4841 3129 4897 quae
3174 4824 3387 4894 reliqua

1816 4928 1947 4974 sunt
1973 4920 2041 4975 de
2070 4920 2263 4975 eodem
2313 4922 2557 4987 oraculo,
2594 4936 2757 4991 quem
2802 4929 2934 4974 tunc
2978 4917 3140 4971 ﬁnem
3192 4916 3386 4970 sortita

1815 5014 1945 5076 sint,
1983 5012 2166 5082 aliquo
2210 5012 2375 5067 modo
2405 5022 2636 5067 conetur
2670 5011 2978 5067 ostendere.
3041 5007 3112 5061 At
3163 5009 3211 5063 si
3260 5008 3386 5077 quis

1812 5108 2060 5157 nostram
2110 5101 2383 5156 rationem
2424 5108 2708 5171 sequatur,
2764 5100 2844 5154 vel
2883 5098 2950 5153 ad
3001 5098 3228 5153 verbum
3268 5097 3384 5152 hac

1811 5193 2059 5249 evenisse
2083 5193 2503 5259 demonstrabit,
2529 5199 2693 5263 atque
2713 5192 2770 5246 in
2798 5192 2963 5245 alium
2996 5191 3126 5245 item
3158 5204 3382 5245 sensum

1810 5288 2000 5343 eadem
2024 5287 2273 5356 accipere
2298 5286 2501 5357 poterit
2526 5305 2538 5339 :
2569 5299 2696 5338 nam
2727 5293 2847 5354 post
2874 5280 3176 5338 Salvatoris
3206 5279 3384 5335 nostri

1808 5378 1940 5435 Jesu
1995 5378 2203 5435 Christi
2262 5377 2576 5444 adventum,
2625 5376 2821 5431 civitas
2866 5375 3108 5438 illorum,
3155 5373 3385 5443 ipsaque

1807 5471 2112 5527 Jerusalem
2166 5478 2333 5540 atque
2388 5469 2571 5525 omnis
2618 5475 2944 5532 conventus,
2998 5466 3384 5535 institutioqne

1813 5564 2012 5630 civilis,
2038 5578 2159 5634 quae
2188 5563 2257 5619 ad
2298 5562 2467 5618 ritum
2493 5562 2923 5633 religionemque
2964 5558 3220 5616 Mosaicae
3244 5556 3382 5627 legis
