3828 6220
435 264 545 322 455

1207 265 1482 324 EUSEBII
1518 266 1998 367 ΟΕΞΔΠΙΕΝΘΙΒ
2035 270 2186 327 ()PP.
2217 271 2401 329 PARS
2440 271 2507 329 Il.
2537 303 2612 316 —
2642 274 3147 335 APOLOGETICA.

3615 287 3717 342 ιω

433 384 691 454 pertinet,
713 399 907 442 eversa
933 386 1258 457 sublataque
1289 395 1420 443 sunt
1437 406 1450 442 :
1466 403 1498 444 e
1515 389 1856 462 vestigioque
1875 407 1938 448 ea

2205 409 2230 446 ν
2277 393 2634 466 ἀνθρωπίνων
2665 397 2857 469 ψυχῶν
2895 399 2971 471 μὴ
3014 399 3473 473 παραδεξάμενοι,
3507 400 3604 457 τὸν
3635 405 3717 458 ἐλ-

431 490 555 547 quae
577 476 645 531 ad
673 477 1091 549 intelligentiam
1118 487 1351 549 spectat,
1376 481 1724 549 servitutem,
1756 483 2020 554 adjuncta

429 571 596 624 etiam
630 585 695 626 ea
725 586 850 641 quae
882 585 1179 642 corporum
1213 581 1319 636 est,
1354 573 1602 644 perpessi
1636 583 1787 643 sunt,
1813 577 2021 648 quippe

429 660 527 731 qui
569 659 908 719 Salvatorem
957 678 1023 719 ac
1066 663 1446 723 Liberatorem
1490 668 1858 726 humanarum
1896 674 2020 728 ani-

428 771 645 812 marum
688 773 801 813 non
849 759 1218 829 susceperint,
1266 776 1392 816 eum
1446 762 1540 832 qui
1576 773 1823 831 venerat,
1863 773 1923 821 ut
1948 767 2018 824 iis

428 848 523 918 qui
553 849 824 905 malorum
863 849 1172 906 daemonum
1208 852 1352 907 servi
1395 851 1523 909 facti
1563 863 1773 922 essent,
1814 856 2019 914 libera-

427 942 631 996 tionem
683 942 987 1005 nuutiaret,
1020 942 1091 999 iis
1122 958 1276 1007 vero,
1304 944 1399 1016 qui
1424 948 1624 1003 mentis
1642 950 1820 1006 oculis
1842 952 2013 1022 capti,

424 1032 582 1087 visus
636 1034 1130 1103 recuperationem.
1170 1033 1300 1091 Haec
1330 1037 1520 1108 itaque
1543 1053 1669 1094 cum
1705 1041 1787 1097 illi
1817 1044 1889 1099 ob
1927 1044 2017 1100 in-

424 1128 805 1184 credulitatem
838 1144 996 1186 suam
1022 1131 1403 1199 pertulissent,
1423 1132 1514 1187 alii
1542 1148 1735 1193 omnes
1760 1138 2017 1208 quicum-

420 1237 531 1292 que
573 1238 733 1277 suum
782 1220 1158 1277 Liberatorem
1206 1232 1569 1294 agnoverunt,
1617 1228 2017 1304 domestieique

423 1315 578 1369 illius
609 1329 674 1369 ac
702 1313 1004 1371 familiares
1034 1314 1213 1391 eﬁ'ecti
1254 1324 1406 1384 sunt,
1438 1317 1696 1390 discipuli
1742 1324 1934 1395 utique
1961 1333 2016 1380 et

426 1406 689 1475 apostoli,
721 1413 777 1462 et
811 1407 1182 1478 erangelistae,
1209 1410 1636 1482 compluresque
1661 1413 1778 1478 alii,
1818 1416 1914 1486 qui
1944 1415 2014 1473 de

417 1501 843 1557 circumcisione
863 1502 1092 1573 profecti
1111 1504 1166 1559 in
1196 1505 1377 1575 ipsum
1404 1506 1763 1563 crediderunt
1781 1508 1871 1579 (de
1891 1509 2016 1579 qui-

417 1593 521 1649 bus
533 1594 611 1649 ait
624 1594 944 1665 Apostolus:
969 1615 987 1647 ι
1005 1594 1097 1651 Sic
1111 1597 1276 1652 etiam
1291 1614 1436 1659 nunc
1452 1600 1696 1670 reliquiae
1709 1602 2015 1657 secundum

416 1685 739 1741 electionem
756 1688 945 1758 gratiae
964 1686 1122 1742 facta!
1138 1689 1354 1756 sunt“;
1384 1709 1404 1742 ι
1419 1697 1473 1746 et
1492 1691 1626 1746 illud
1646 1691 1816 1748 :rNisi
1838 1691 2017 1748 Domi-

2128 483 2291 539 θόντα
2319 485 2555 558 κηρῦξαι
2582 491 2695 552 τοῖς
2723 490 2830 543 ὑπὸ
2856 490 3127 562 δαιμόνων
3160 493 3415 565 πονηρῶν
3444 495 3720 566 αἰχμαλιὶμ

2125 590 2242 638 τοις
2270 575 2484 645 ἄφεσιν,
2513 578 2608 632 καὶ
2631 582 2743 643 τοῖς
2770 581 2869 645 τὰς
2896 581 3136 647 διανοίας
3159 584 3381 654 τυφλοῖς
3402 586 3717 658 ἀνάϐλεψιν.

2128 668 2315 723 Ταῦτα
2344 669 2405 724 δὲ
2436 670 2782 728 πεπονθότων
2814 673 3038 729 ἐκείνων
3067 674 3159 728 διά
3200 675 3298 748 τὴν
3333 677 3598 732 ἀπιστίαν
3626 681 3721 732 αὐ-

2124 759 2255 822 τῶν.
2296 762 2347 815 oi
2389 762 2481 817 τὸν
2531 763 2683 833 σφῶν
2723 766 3020 839 Λυτρωτὴν
3051 768 3385 837 ἐπιγνόντες,
3430 772 3628 825 οἰκεῖοί
3666 789 3722 827 τε

2126 852 2290 907 αὑτοῦ
2317 856 2599 926 γενόμενοι
2625 855 2884 928 μαθηταὶ,
2917 858 3014 913 καὶ
3039 859 3346 927 ἀπόστολοι,
3370 863 3467 916 καὶ
3492 864 3722 933 εὐαγγεο

2124 946 2331 1013 λισταὶ,
2357 949 2601 1003 πλεῖστοί
2628 968 2690 1004 τε
2720 950 2869 1006 ἄλλοι
2889 953 2998 1006 τῶν
3026 955 3091 1007 ἐκ
3120 957 3423 1027 περιτομῆς
3450 959 3535 1022 εἰς
3563 958 3724 1012 αὐτὸν

2124 1041 2568 1096 πεπιστευκότων
2597 1042 2751 1114 (περὶ
2779 1037 2855 1098 ὧν
2884 1062 3048 1116 φησιν
3070 1049 3099 1100 6
3130 1048 3451 1112 Ἀπόστολος
3469 1066 3483 1079 ο
3516 1070 3538 1102 ε
3571 1050 3722 1106 Οὕτω

2123 1130 2219 1186 καὶ
2243 1131 2338 1187 νῦν
2356 1133 2565 1206 λεῖμμα
2583 1138 2706 1190 κατ’
2727 1136 2956 1209 ἐκλογὴν
2977 1137 3198 1209 χάριτος
3215 1139 3408 1208 γέγονε
3428 1157 3442 1169 ·
3476 1159 3493 1192 ι
3515 1143 3618 1195 καί
3634 1142 3719 1195 τό’

2129 1242 2148 1275 ι
2176 1226 2240 1279 Εἰ
2264 1224 2339 1297 μὴ
2362 1225 2566 1298 Κύριος
2589 1225 2816 1280 Σαϐαὼθ
2839 1228 3196 1297 ἐγκατέλιπεν
3219 1230 3352 1300 ἡμῖν
3372 1228 3624 1301 σπέρμα,
3653 1230 3721 1294 ὡς

2124 1318 2333 1390 Σόδομα
2357 1319 2423 1374 ἂν
2445 1320 2807 1393 ἐγενήθημεν,
2832 1321 2927 1375 καὶ
2957 1322 3033 1385 ὡς
3060 1321 3316 1395 Γόμορρα
3342 1322 3408 1377 ἂν
3430 1323 3722 1395 ὠμοιιίιθη-

2123 1410 2282 1482 μεν),
2309 1430 2328 1463 ι
2345 1410 2446 1482 τῆς
2462 1429 2616 1484 νενοη
2626 1412 2795 1484 μένης
2820 1414 2953 1485 ἡμῖν
2976 1412 3119 1467 κατά
3143 1414 3380 1468 διάνοιαν
3402 1414 3719 1486 πολιορκίας

2121 1501 2339 1574 ἄπειροι
2370 1504 2806 1577 διεφυλάχθησαν
2852 1506 2913 1558 οὐ
2946 1505 3125 1577 μόνον,
3155 1505 3292 1560 ἀλλὰ
3322 1507 3419 1562 καὶ
3450 1508 3557 1578 τῆς
3584 1509 3719 1579 πρὸς

2120 1592 2265 1658 λέξιν
2329 1595 2709 1667 ἀποδοθείσης.
2748 1597 2814 1650 Οἱ
2852 1596 2983 1666 γοῦν
3017 1597 3306 1651 ἀπόστολοι
3339 1597 3436 1652 καὶ
3477 1600 3720 1671 μαθηταὶ

2119 1683 2215 1737 τοῦ
2263 1686 2517 1759 Σωτῆρος
2551 1687 2750 1755 αὐτῶν,
2787 1689 2883 1743 καὶ
2912 1689 3113 1752 πάντες
3145 1691 3197 1743 οἱ
3229 1688 3291 1755 ἐξ
3336 1690 3610 1744 Ἰουδαίων
3641 1692 3720 1753 εἰς

362 1844 367 1847 _
415 1792 519 1833 nus
544 1765 784 1833 Sabaotl}
806 1779 1307 1849 reliquissetnobis
1335 1796 1544 1845 semen,
1581 1784 1741 1852 quasi
1777 1781 1874 1839 Soc‘

2207 1777 2282 1831 nov
2308 1779 2757 1844 πεπιστευκότες,
2787 1780 3007 1852 μακρὰν
3026 1781 3127 1852 τῆς
3154 1782 3416 1847 Ἰουδαίας
3436 1783 3540 1855 γῆς
3562 1785 3719 1852 γενό-

413 1866 545 1923 facti
557 1868 1362 1941 essemus,etquasiGomorrha
1375 1872 1582 1928 similes
1593 1872 1925 1930 fuissemus“

2205 1885 2275 1921 νοι
2296 1909 2311 1934 ,
2374 1870 2470 1922 καὶ
2541 1875 2656 1934 τοῖς
2724 1871 2935 1935 λοιποῖς
2985 1871 3196 1925 ἔθνεσιν
3269 1874 3717 1945 ἐπισπαρέντες,

413 1962 580 2033 287
600 1962 753 2020 illius
792 1964 1120 2028 obsidionis,
1166 1979 1333 2035 quam
1365 1980 1467 2020 nos
1493 1964 1562 2019 ad
1604 1966 1922 2037 intelligenti

2206 1976 2210 2001 ι
2243 1959 2385 2014 κατὰ
2416 1959 2527 2013 τῶν
2552 1960 2847 2015 οἰκούντων
2874 1960 2973 2033 τὴν
2997 1961 3151 2015 πόλιν
3178 1961 3397 2033 ὄλεθρον
3425 1961 3718 2034 διαδρᾶναι

412 2052 729 2120 referimus,
758 2055 1032 2111 immunes
1069 2062 1439 2126 expertesque
1468 2064 1597 2111 sunt
1645 2057 1871 2122 servati,
1919 2075 1924 2113 ι

2206 2067 2238 2103 ἐ
2265 2049 2630 2123 ⁴ἠδυνήθησαν.
2668 2052 2779 2106 Καὶ
2814 2052 2974 2107 τοῦτο
3006 2052 3063 2105 δὲ
3099 2055 3132 2125 ή
3159 2054 3471 2125 προφητεία
3501 2053 3718 2124 προλα-

412 2161 521 2215 que
550 2145 718 2216 hujus
755 2147 956 2212 solum,
990 2147 1087 2203 sed
1114 2148 1283 2203 etiam
1314 2148 1485 2213 illius,
1515 2164 1638 2219 quae
1665 2148 1732 2204 ad
1781 2151 1924 2207 verb!

2204 2142 2286 2196 ica
2315 2142 2569 2197 ἐθέσπισε
2599 2144 2665 2196 δι’
2693 2136 2768 2197 ὧν
2795 2143 3025 2215 ἔφησεν·
3067 2164 3086 2195 ι
3117 2145 3180 2198 Ol
3203 2145 3259 2198 δέ
3274 2145 3599 2198 κατάλοιποι
3620 2146 3716 2199 τοῦ

410 2237 929 2307 intelligiturznam
977 2238 1083 2309 ipsi
1133 2240 1371 2309 apostoli
1425 2255 1490 2295 ac
1534 2240 1790 2310 discipuli
1828 2241 1920 2297 Sal

2201 2232 2242 2287 ιῦ
2277 2252 2379 2305 μου
2411 2235 2473 2288 οὐ
2510 2235 2585 2307 μὴ
2614 2235 3068 2309 ἐξολοθρευθῶσιν
3095 2252 3108 2266 °
3142 2256 3162 2289 ι
3181 2231 3263 2301 οἷς
3291 2235 3419 2308 ἑξῆς
3441 2237 3713 2307 ἐπιλέγει·

410 2331 548 2387 toris
588 2330 785 2396 nostri,
818 2337 875 2386 et
902 2346 1093 2386 omnes
1132 2330 1225 2401 qui
1261 2346 1329 2386 ex
1359 2330 1563 2386 Judazis
1589 2332 1661 2386 ad
1691 2333 1871 2403 ipsum
1899 2349 1922 2388 ι

2203 2326 2281 2379 ἰαὶ
2320 2325 2661 2393 ἐξελεύσεται
2696 2327 2924 2399 Κύριος,
2959 2329 3054 2383 καὶ
3086 2329 3458 2402 παρατάξεται
3496 2332 3559 2383 ἐν
3598 2334 3715 2391 toi;

410 2422 602 2479 dentes
624 2430 996 2487 accesserant,
1021 2438 1145 2477 eum
1167 2424 1357 2494 procul
1386 2424 1456 2480 ab
1473 2423 1661 2480 Judaea
1681 2433 1827 2481 terra
1849 2426 1922 2481 abi

2203 2433 2319 2471 εσιν
2344 2417 2593 2487 ἐκείνοις,
2633 2419 2816 2485 καθὼς
2854 2420 3038 2493 ἡμέρα
3073 2421 3436 2493 παρατάξεως
3454 2421 3629 2475 αὐτοῦ
3653 2424 3713 2475 ἐν

408 2525 552 2580 sent,
593 2521 648 2570 et
679 2515 906 2585 reliquis
947 2524 1132 2570 essent
1176 2514 1413 2569 immixti
1455 2517 1710 2587 gentibus
1747 2532 1917 2573 :omn

2203 2508 2294 2582 Ξρᾳ
2318 2510 2580 2583 πολέμου.
2624 2530 2644 2563 ι
2689 2512 2778 2565 Ἐν
2805 2512 2981 2576 ποίοις
3003 2512 3060 2566 δὲ
3088 2513 3267 2567 ἔθνεσι
3290 2514 3497 2585 Κύριος
3529 2532 3715 2586 παρα-

407 2621 624 2670 eorum,
647 2606 740 2676 qui
776 2606 1054 2661 civitatem
1083 2606 1420 2675 incolebant,
1449 2609 1811 2680 perditionem
1841 2616 1919 2679 atq

2200 2602 2327 2665 ἱεται
2364 2603 2398 2674 ἢ
2452 2605 2511 2657 ἐν
2544 2606 2659 2668 τοῖς
2699 2605 2798 2676 τὴν
2845 2604 3201 2678 Ἰερουσαλὴμ
3248 2605 3712 2678 πολιορκήσουσι;

407 2699 692 2755 interitum
741 2698 1001 2771 effugere,
1026 2714 1128 2770 per
1167 2700 1301 2756 illud
1348 2709 1565 2771 tempus
1614 2701 1772 2757 facile
1805 2708 2002 2772 potue-

404 2797 559 2846 runt.
592 2789 749 2857 Quod
775 2791 955 2861 ipsum
990 2806 1125 2846 sane
1167 2791 1334 2846 etiam
1363 2793 1651 2862 prophetia
1690 2792 2001 2862 anticipans

403 2882 701 2948 cecinerat,
735 2883 844 2938 illis
882 2882 1062 2939 verbis
1091 2902 1106 2934 :
1146 2901 1164 2934 ι
1200 2878 1305 2949 Qui
1340 2891 1522 2939 autem
1554 2885 1753 2955 reliqui
1795 2884 2001 2940 fuerint

404 2973 472 3029 de
510 2976 713 3045 pepulo
757 2989 899 3042 meo,
941 2989 1050 3028 non
1114 2974 1476 3044 peribunt“;
1511 2993 1530 3028 ι
1586 2976 1791 3046 quibus
1840 2976 1998 3032 dein-

404 3082 534 3138 ceps
567 3065 861 3136 adjnngit:
900 3084 921 3118 ι
958 3062 1026 3120 Ει
1065 3066 1380 3137 egredietur
1426 3064 1713 3134 Dominus,
1757 3076 1813 3123 et
1843 3083 1997 3124 com-

2104 2694 2264 2767 Δηλοῖ
2287 2695 2344 2749 δὲ
2375 2696 2404 2748 6
2438 2694 2595 2765 λόγος
2624 2696 2787 2751 αὐτὸν
2814 2696 2917 2751 τὸν⁸
2941 2699 3147 2771 Κύριον
3178 2701 3570 2770 συμμαχήσειν
3600 2705 3715 2765 τοῖς

2103 2790 2511 2865 πολιορκοῦσιν,
2541 2794 2600 2846 ἐν
2626 2794 2811 2858 αὐτοῖς
2848 2794 2979 2848 ὄντα
2997 2835 3013 2855 ,
3055 2794 3150 2848 καὶ
3182 2795 3280 2848 σὺν
3310 2795 3497 2858 αὐτοῖς
3527 2811 3716 2868 παρα-

2099 2885 2429 2957 ταττόμενον
2449 2925 2463 2951 ,
2492 2885 2681 2958 ὥσπερ
2728 2886 2850 2941 τινά
2894 2887 3199 2959 στρατηγὸν
3239 2888 3336 2942 καὶ
3379 2889 3711 2961 ὑπερμαχεῖν

2099 2975 2280 3031 αὐτῶν
2302 2977 2446 3031 κατὰ
2470 2978 2572 3050 τῆς
2607 2978 2970 3051 Ἰερουσαλὴμ
2992 2980 3461 3051 στρατευομένων.
3489 2983 3573 3035 Οὐ
3603 2983 3714 3055 γάρ

2097 3084 2265 3142 φησιν
2298 3072 2328 3124 6
2357 3069 2517 3140 λόγος
2562 3070 2654 3126 τὸν
2706 3071 2913 3146 Κύριον
2950 3072 3094 3127 κατὰ
3131 3072 3240 3126 τῶν
3282 3072 3463 3127 ἐθνῶν
3519 3094 3711 3149 παρα-

403 3160 690 3229 parabitur
720 3159 786 3213 ad
811 3159 1062 3229 praelium
1092 3159 1149 3212 in
1179 3158 1435 3229 gentibus
1467 3156 1599 3225 illis,
1645 3159 1915 3229 quemadn

2202 3157 2382 3219 ξεσθαι.
2423 3162 2548 3216 Τίσι
2581 3161 2638 3227 δὲ
2670 3162 2815 3218 κατά
2859 3162 3061 3229 τίνων;
3109 3163 3255 3218 κατά
3292 3164 3392 3235 τῆς
3432 3164 3714 3236 Ἱερουσα·

402 3252 532 3306 dum
583 3251 702 3306 dies
735 3250 908 3321 praelii
951 3250 1073 3320 ejus
1110 3251 1169 3305 in
1220 3250 1310 3306 die
1356 3250 1487 3307 belli
1507 3250 1574 3307 ".
1612 3269 1632 3303 ι
1663 3251 1734 3305 At
1766 3267 1898 3308 vero
1940 3253 1999 3308 in

403 3343 604 3414 quibus
648 3343 871 3399 tandem
917 3342 1177 3414 gentibus
1224 3341 1495 3400 Dominus
1541 3344 1904 3414 praeliabitur,
1949 3345 1999 3400 si

402 3450 513 3490 non
565 3435 620 3489 in
673 3434 760 3491 his
810 3450 932 3505 qua:
993 3432 1295 3489 Jerusalem
1347 3435 1721 3491 obsidebunt?
1788 3437 1998 3493 indicat

401 3543 533 3582 vero
575 3527 755 3597 ipsum
791 3526 1100 3590 oraculum,
1136 3527 1602 3596 quemadmodum
1643 3528 1762 3599 ipse
1802 3527 1996 3584 Domi-

402 3634 509 3674 nus
542 3618 807 3673 auxilium
839 3617 978 3673 feret
1007 3617 1412 3681 obsidentibus.
1442 3619 1656 3689 eritque
1687 3620 1907 3675 interim
1938 3621 1996 3677 in

403 3711 535 3778 illis,
574 3718 629 3766 et
653 3726 777 3765 cum
824 3710 934 3766 illis
978 3710 1046 3765 ad
1077 3709 1324 3781 praelium
1366 3711 1796 3780 comparabitur,
1833 3713 1994 3783 quasi

402 3804 626 3875 quidam
664 3807 987 3874 imperator,
1028 3808 1513 3874 propugnatorque
1558 3803 1777 3857 illorum
1805 3811 1860 3859 et
1893 3804 1993 3859 ad-

399 3912 598 3952 versus
637 3893 940 3952 Jerusalem
1009 3895 1290 3949 militabit.
1350 3893 1472 3949 Non
1518 3896 1665 3950 enim
1709 3894 1843 3949 dicit
1876 3910 1996 3950 ora-

398 3989 498 4053 tio,
533 3987 828 4043 Dominum
865 3995 1063 4042 contra
1111 3994 1302 4058 gentes
1329 3987 1730 4058 praeliaturum.
1778 3986 1991 4053 Quibus

397 4097 528 4153 ergo
557 4089 613 4136 et
634 4089 827 4135 contra
856 4080 1042 4151 quos?
1093 4079 1301 4152 Nempe
1343 4089 1539 4137 contra
1574 4080 1902 4147 Jerusalem,
1931 4087 1987 4134 et

396 4181 592 4229 contra
620 4171 742 4242 ejus
780 4172 1142 4237 habitatores,
1187 4171 1256 4227 de
1279 4173 1481 4243 quibus
1514 4185 1696 4227 sermo
1745 4178 1884 4225 erat.
1916 4168 1989 4224 ll-

397 4265 491 4320 lud
524 4273 708 4320 autem
737 4281 752 4318 :
791 4282 810 4316 ‹
838 4262 907 4318 Et
937 4265 1166 4320 stabunt
1208 4264 1377 4336 pedes
1416 4264 1538 4334 ejus
1564 4264 1618 4317 in
1646 4263 1737 4319 die
1766 4264 1859 4317 illa
1895 4279 1989 4320 su-

395 4372 494 4426 per
522 4365 708 4410 mente
751 4353 1056 4419 Olivarum,
1085 4356 1180 4425 qui
1210 4362 1295 4411 est
1327 4362 1522 4409 contra
1566 4353 1871 4410 Jerusalem
1918 4355 1988 4408 ad

394 4441 672 4500 Orientem
695 4444 765 4508 9°,
797 4461 818 4495 ι
856 4444 1115 4514 quidnam
1163 4442 1311 4497 aliud
1352 4444 1642 4514 signiﬁcet,
1678 4459 1842 4515 quam
1873 4441 1985 4499 Do-

393 4534 529 4589 mini
568 4532 687 4597 Dei,
717 4534 914 4604 ipsius,
948 4534 1193 4604 inquam,
1220 4532 1313 4588 Dei
1343 4533 1529 4598 Verbi,
1558 4535 1613 4589 in
1658 4548 1760 4589 sua
1793 4533 1984 4589 Eccle-

396 4625 479 4682 sia
530 4626 824 4681 stationem
875 4633 929 4680 et
962 4626 1480 4681 conﬁrmationem?
1521 4640 1686 4697 quam
1734 4625 1792 4680 in
1838 4640 1980 4696 prte-

395 4721 537 4776 senti
568 4729 753 4775 monte
773 4718 1050 4774 Olivarum
1085 4735 1183 4790 per
1217 4719 1465 4791 ﬁguram,
1496 4735 1619 4790 qua:
1642 4721 1978 4790 permutatio

393 4812 619 4877 dicitur,
667 4813 952 4866 nominat?
993 4809 1065 4865 Ut
1097 4812 1244 4868 enim
1290 4813 1451 4867 vinea
1494 4812 1707 4867 exstitit
1749 4811 1974 4879 dilecto,

392 4912 447 4960 et
471 4902 574 4959 fuit
600 4902 761 4958 vinea
792 4901 1006 4957 Domini
1031 4901 1271 4956 Sabaoth
1304 4903 1532 4972 ﬁgurate
1564 4901 1760 4957 domus
1784 4900 1975 4968 Israel,

390 5006 445 5054 et
492 4997 622 5054 vitis
650 4995 837 5051 Judaza
871 4995 1082 5051 novella
1115 4994 1334 5060 dilecta,
1387 4995 1469 5050 sic
1524 4994 1714 5048 eadem
1761 4994 1976 5049 ratione

389 5090 619 5160 dixeris,
647 5089 792 5164 quod
817 5090 981 5146 etiam
1008 5089 1272 5145 olivetum
1304 5088 1449 5143 facta
1477 5088 1548 5144 sit
1577 5085 1833 5149 Domino,
1859 5087 1976 5142 θοι-

387 5183 532 5239 lecta
565 5184 633 5239 de
658 5183 913 5256 gentibus
944 5181 1193 5237 Ecclesia
1227 5180 1425 5251 ipsius,
1461 5194 1583 5251 quae
1617 5193 1751 5234 sane
1784 5178 1973 5234 Eccle-

386 5276 471 5330 sia
504 5290 630 5330 cum
669 5285 831 5328 antea
877 5282 1025 5330 esset
1051 5272 1199 5328 oliva
1229 5272 1479 5342 quaedam
1525 5272 1778 5342 agrestis,
1811 5271 1969 5342 plan-

383 5374 499 5421 tata
534 5367 638 5421 fuit
665 5383 694 5422 a
724 5367 977 5430 Domino,
1013 5366 1108 5437 qui
1138 5380 1256 5420 eam
1298 5372 1423 5436 post
1455 5362 1697 5419 insuevit
1743 5366 1800 5417 in
1836 5378 1970 5435 apo-

385 5458 595 5514 stolicis
642 5459 800 5514 bonae
839 5458 997 5514 oliva:
1047 5457 1360 5525 radicibus,
1408 5462 1533 5526 post
1569 5455 1816 5526 priorum
1875 5471 1971 5510 ra-

383 5565 601 5606 morum
651 5551 1013 5617 exeisionem,
1043 5550 1507 5622 quemadmodum
1549 5550 1848 5621 Apostolus
1878 5548 1973 5605 do-

2100 3250 2212 3323 λὴμ
2240 3252 2336 3305 καὶ
2363 3251 2474 3308 τῶν
2499 3254 2803 3327 οἰκητόρων
2838 3254 3041 3325 αὐτῆς,
3075 3256 3204 3326 περὶ
3233 3248 3309 3310 ὧν
3340 3251 3409 3328 ἧν
3443 3259 3475 3311 6
3524 3257 3710 3326 λόγος.

2100 3340 2175 3397 Τὸ
2205 3345 2263 3398 δὲ
2287 3385 2303 3410 ,
2346 3364 2365 3398 ι
2408 3346 2519 3400 Καὶ
2549 3347 2838 3418 στήσονται
2865 3347 2915 3400 οί
2934 3346 3094 3411 πόδες
3126 3346 3292 3401 αὐτοῦ
3320 3348 3381 3400 ἐν
3415 3352 3485 3421 τῇ
3516 3349 3713 3422 ἡμέρᾳ

2099 3436 2285 3507 ἐκείνῃ
2312 3436 2406 3490 ἐπὶ
2431 3436 2491 3490 τὸ
2514 3437 2640 3509 ὅρος
2661 3435 2769 3490 τῶν
2801 3436 3050 3503 Ἐλαιῶν,
3085 3437 3149 3491 τὸ
3181 3438 3469 3492 κατέναντι
3507 3440 3716 3512 Ἰερου-

2100 3526 2300 3599 σαλὴμ,
2346 3527 2407 3594 ἐξ
2441 3527 2740 3591 ἀνατολῶν,
2774 3549 2792 3581 ι
2825 3529 2881 3583 τί
2911 3529 3097 3602 ἕτερον
3144 3529 3296 3601 δηλοί
3320 3529 3354 3602 ἦ
3376 3532 3596 3603 Κυρίου
3617 3533 3713 3587 τοῦ

2096 3617 2263 3683 Θεοῦ,
2292 3617 2458 3672 αὐτοῦ
2486 3618 2552 3690 δὴ
2582 3618 2678 3672 τοῦ
2700 3618 2834 3672 Θεοῦ
2870 3619 3065 3688 Λόγου,
3087 3618 3187 3690 τὴν
3215 3619 3309 3674 ἐπὶ
3333 3620 3438 3690 τῆς
3470 3621 3716 3694 Ἐκκλη-

2098 3708 2220 3773 σίας
2259 3708 2427 3762 αὑτοῦ
2455 3710 2646 3763 στάσιν
2669 3727 2729 3763 τε
2756 3710 2851 3763 καὶ
2876 3710 3190 3781 βεϐαίωσιν,
3213 3711 3280 3781 ἦν
3313 3710 3442 3784 ὅρος
3470 3712 3712 3768 Ἐλαιῶν

2095 3801 2190 3855 ἐπὶ
2218 3800 2314 3855 τοῦ
2352 3801 2619 3873 παρόντος
2643 3801 2785 3857 κατά
2813 3802 3014 3874 τρόπον
3044 3802 3376 3875 ἀλληγορίας
3396 3805 3712 3876 ὀνομάζεις

2106 3890 2194 3955 Ὠς
2235 3891 2346 3962 γὰρ
2390 3890 2651 3963 ἀμπελὼν
2697 3892 2930 3965 ἐγενήθη
2966 3892 3044 3963 τῷ
3081 3893 3451 3965 ἠγαπημένῳ,
3498 3898 3604 3950 καὶ
3642 3894 3714 3969 ἦν

2093 3981 2357 4054 ἀμπελὼν
2408 3983 2616 4054 Κυρίου
2661 3981 2891 4037 Σαϐαὼθ
2931 3982 3310 4056 ἀλληγορικῶς
3340 3987 3371 4038 6
3401 3981 3562 4051 οἶκος
3611 3989 3712 4042 τοῦ

2106 4075 2354 4148 Ἰσραὴλ,
2398 4077 2492 4129 καὶ
2528 4076 2778 4147 ἄμπελος
2822 4076 2918 4130 τοῦ
2960 4077 3131 4130 Ἰούδα
3169 4078 3432 4145 νεόφυτος
3477 4080 3715 4153 iura-gn-

2096 4168 2230 4240 μένη
2256 4185 2270 4198 ·
2301 4169 2443 4222 οὕτω
2485 4170 2549 4241 δὴ
2582 4170 2724 4223 κατά
2757 4168 2858 4239 τὴν
2899 4170 3069 4240 αὐτὴν
3103 4169 3337 4241 θεωρίαν
3377 4171 3564 4237 εἴποις
3600 4174 3711 4237 ἂν,

2090 4260 2171 4313 ὅτι
2210 4261 2274 4332 δὴ
2316 4261 2411 4314 καὶ
2452 4261 2647 4316 ἐλαιῶν
2694 4260 2929 4332 ἐγενήθη
2961 4259 3040 4331 τῷ
3071 4260 3306 4333 δεσπότῃ
3345 4262 3382 4331 ἡ
3423 4260 3489 4327 ἐξ
3521 4264 3711 4317 ἐθνῶν

2101 4353 2400 4423 Ἐκκλησία
2426 4352 2592 4406 αὐτοῦ
2631 4394 2646 4416 ,
2672 4352 2741 4424 ἢν
2780 4353 2948 4407 πάλαι
3002 4353 3317 4426 ἀγριέλαιον
3346 4350 3523 4408 οὖσαν
3570 4374 3714 4411 κστ-

2089 4442 2405 4513 εφύτευσεν,
2428 4444 2785 4514 ἐγκεντρίσας
2805 4443 2899 4497 ἐπὶ
2913 4442 3013 4508 τὰς
3033 4444 3403 4509 ἀποστολικάς
3430 4447 3537 4518 τῆς
3567 4449 3710 4503 καλ-

2015 4499 2063 4559 D
2087 4499 2323 4587 λίελαίου
2351 4499 2507 4606 ῥίζας
2535 4499 2675 4606 μετά
2702 4499 2803 4607 τὴν
2831 4536 2941 4588 τῶν
2967 4499 3250 4608 προτέρων
3289 4499 3709 4593 κλάδωζὲκτό-

2088 4626 2216 4699 μὴν,
2243 4626 2530 4698 ὡσπεροῦν
2557 4630 2585 4681 6
2623 4627 2947 4692 Ἀπόστολος
3004 4628 3251 4682 παιδεύει
3273 4650 3289 4660 ·
3324 4649 3345 4681 ‹
3396 4632 3518 4685 Καὶ
3568 4651 3709 4687 κατ-

2083 4717 2348 4788 εφύτευσὲ
2368 4735 2434 4788 γε
2471 4719 2641 4791 αὐτὴν
2671 4720 2702 4772 6
2733 4719 2938 4792 Κύριος
2973 4721 3169 4793 ἐαυτῷ,
3211 4740 3230 4775 ι
3276 4728 3575 4799 μονονουχὶ
3612 4728 3705 4783 διὰ

2080 4812 2179 4882 τῆς
2220 4812 2556 4883 προφητείας
2600 4811 2808 4882 λέγων·
2845 4832 2864 4864 ι
2915 4814 3133 4868 Ἐλαίαν
3181 4815 3420 4887 ὡραίαν,
3470 4818 3702 4875 εὔσκιον

2081 4900 2310 4954 ἐκάλεσε
2348 4900 2556 4972 Κύριος
2593 4903 2654 4956 τὸ
2687 4902 2863 4974 ὄνομά
2890 4920 3002 4959 σου.
3030 4924 3051 4957 ι
3092 4905 3246 4959 Ἐπεὶ
3269 4907 3385 4980 γὰρ
3415 4911 3447 4962 6
3471 4912 3700 4982 πρῶτκ

2082 4992 2367 5065 ἀμπελὼν,
2398 4993 2515 5049 δέον
2534 4995 2759 5065 ποιῆσαι
2790 4997 3097 5068 σταφυλὴν,
3131 4998 3395 5071 ἐποίησεν
3418 5004 3695 5071 ἀκάνθας,

2081 5088 2176 5141 καὶ
2229 5088 2291 5141 οὐ
2340 5087 2709 5159 δικαιοσύνην,
2766 5089 2902 5143 ἀλλὰ
2945 5091 3214 5163 κραυγὴν,
3258 5094 3497 5161 εἰκότως
3542 5099 3696 5152 om

2078 5181 2328 5253 ἄκαρπον
2344 5179 2510 5235 αὐτοῦ
2538 5180 2782 5235 καθελὼν
2800 5184 2829 5235 6
2845 5182 2977 5247 Θεὸς
2992 5182 3086 5237 τὸν
3107 5186 3370 5257 φραγμὸν
3390 5188 3566 5243 αὑτοῦ
3594 5191 3693 5244 καὶ

2075 5271 2169 5325 τὸν
2214 5275 2390 5343 τοῖχον
2427 5272 2596 5327 αὐτοῦ
2617 5313 2632 5339 ,
2681 5275 2958 5355 παραδούς
2990 5292 3050 5329 τε
3087 5277 3254 5331 αὐτὸν
3293 5282 3413 5345 τοῖς
3466 5281 3691 5353 ἐχθροῖς

2078 5363 2136 5425 ἐς
2152 5362 2463 5434 διαρπαγὴν
2494 5362 2589 5416 καὶ
2621 5363 3023 5437 καταπάτησιν,
3043 5366 3184 5419 κατὰ
3203 5366 3305 5439 τὴν
3324 5367 3426 5421 τοῦ
3459 5370 3690 5422 Ἡσαΐου

2079 5457 2437 5529 προφητείαν,
2473 5457 2660 5528 ἕτερον
2687 5457 2851 5511 αὐτὸν
2870 5457 3051 5529 ἐαυτῷ
3072 5458 3243 5529 ἀγρὸν
3281 5464 3690 5535 συνεστήσατο,

2078 5549 2169 5603 τὸν
2201 5551 2295 5603 ἐπὶ
2317 5548 2412 5604 τοῦ
2444 5550 2711 5621 παρόντος
2734 5550 2968 5606 ἐλαιῶνα
2994 5550 3427 5624 ὀνομαζόμενον,
3456 5555 3555 5609 ατε
3588 5555 3683 5609 τοῦ

452 5702 688 5762 “Rom.
724 5705 880 5776 n,5.
960 5703 1423 5774 "Rom.tx,29,
1501 5703 1738 5762 “Zach.
1773 5705 1970 5772 mni.
2046 5704 2093 5737 θ’
2116 5703 2247 5760 ibid.
2281 5669 2335 5763 3.
2412 5704 2686 5762 "ibid.4
