3838 6218
175 269 293 328 ων

1047 268 1708 326 ΒΕΜΟΝΞΤΒᾹΤΙῸΝΙΞ
1745 270 2207 328 EVANGELICAS
2246 270 2378 327 LIB.
2418 268 2508 327 Vl.

3351 274 3459 333 458

173 385 242 441 ἔκ
278 385 422 440 Θεοῦ
467 383 649 448 ἐλέους
693 384 1049 455 τετυχηκότα,
1098 386 1193 439 καὶ
1228 384 1367 457 πρὸς
1410 384 1504 438 τοῦ
1533 386 1769 457 Χριστοῦ
1802 392 1830 449 Α

1891 393 1963 441 :et
1986 386 2028 418 ⁹¹
2059 405 2073 440 :
2115 385 2181 439 Et
2207 387 2491 456 plantavit,
2522 386 2720 457 inquit,
2764 401 2885 442 eam
2916 385 3179 442 Dominus
3205 387 3311 445 sibi
3328 390 3460 460 ipsi,

172 478 660 548 καταφυτευθέντα
686 476 961 531 ἀειθαλέσι
992 481 1179 546 φυτοῖς
1207 517 1222 542 ,
1246 476 1388 531 τοῦτ’
1424 478 1539 531 ἐστι
1575 478 1778 548 ψυχαῖς

169 571 365 640 ἁγίαις
377 571 474 625 καὶ
488 568 665 639 φωτὸς
682 570 1023 641 θρεπτικαῖς,
1040 570 1179 633 οἵαις
1207 588 1267 622 τε
1288 570 1437 638 λέγει
1453 587 1465 599 ·
1492 589 1510 622 ι
1546 569 1688 639 Ἐγώ
1709 588 1769 623 τε

169 662 308 717 ὡσεὶ
330 661 492 715 ἐλαία
520 663 875 734 κατάκαρπος
889 664 946 715 ὲν
960 662 1038 733 τῷ
1049 662 1183 732 οἴκῳ
1202 659 1296 715 τοῦ
1316 661 1475 716 Θεοῦ.
1499 683 1517 714 ι
1536 662 1708 716 Τοῦτο
1722 664 1779 716 δὲ

170 752 237 807 rb
263 752 376 806 τῶν
412 751 635 804 Ἐλαιῶν
664 751 790 823 ὄρος
806 751 1089 805 κατέναντι
1126 752 1224 821 τῆς
1266 747 1779 823 Ἰερουσαλὴμεῖναι

171 844 430 901 λέλεκται
447 862 463 876 ³
486 845 793 917 ἐπειδήπερ
813 846 933 897 ἀντὶ
947 844 1046 915 τῆς
1064 844 1299 907 παλαιᾶς
1314 835 1558 912 ἐπιγείου
1586 845 1781 914 Ἰερου-

175 938 497 1010 σαλὴμ,καὶ
516 937 617 1008 τῆς
642 938 701 990 έν
725 937 863 1009 αὐτῇ
889 936 1182 1008 θρησκείας
1209 935 1441 1006 συνέστη
1457 935 1535 1006 τῷ
1549 935 1667 1007 Θεῷ
1693 954 1781 1007 με·

170 1031 245 1084 τὰ
265 1029 369 1101 τὴν
381 1030 481 1100 τῆς
510 1029 866 1101 Ἰερουσαλὴμ
892 1028 1238 1099 καθαίρεσιν.
1257 1030 1440 1100 Φήσας
1480 1022 1610 1098 γοῦν
1643 1030 1782 1082 ἀνω-

172 1110 321 1191 τέρω
348 1120 379 1171 6
407 1117 565 1187 λόγος
599 1135 666 1171 πε
675 1118 729 1188 pl.
767 1118 869 1188 τῆς
908 1115 1261 1189 Ἰερουσαλὴμ
1282 1155 1296 1180 ,
1326 1115 1402 1180 ὼς
1434 1134 1453 1167 ι
1491 1112 1782 1168 Ἀλώσεται

171 1214 209 1282 ή
228 1210 408 1275 πόλις,
428 1211 526 1265 καὶ
542 1210 611 1263 τά
626 1209 797 1281 ὲχθρά
820 1212 914 1264 καὶ
934 1209 1172 1280 πολέμια
1193 1209 1322 1280 έθνη
1379 1206 1781 1279 συναχθήσεται

174 1303 266 1356 ἐπ’
295 1301 471 1374 αὐτὴν
495 1342 511 1366 ,
545 1302 641 1355 καὶ
698 1301 1178 1374 διαμερισθήσεται
1212 1301 1283 1355 τά
1318 1301 1492 1356 σκῦλα
1526 1301 1719 1373 αὐτῆς,
1757 1321 1777 1353 ι

175 1394 410 1458 εἰκότως
462 1394 563 1447 οὐκ
607 1394 701 1446 ἐπὶ
746 1393 848 1464 τῆς
893 1391 1251 1465 Ἰερουσαλὴμ
1299 1395 1426 1456 τοὺς
1472 1392 1641 1456 πόδας
1688 1390 1782 1446 τοῦ

175 1489 391 1560 Κυρίου
446 1486 739 1558 στήσεσθαί
788 1504 941 1556 φησι.
974 1485 1100 1549 Πῶς
1141 1485 1252 1558 γὰρ
1298 1487 1394 1540 καὶ
1446 1480 1558 1540 οἷόν
1600 1504 1660 1539 τε
1691 1482 1782 1557 ἦν,

178 1579 335 1644 ἅπαξ
373 1577 798 1652 καθῃρημένης;
832 1577 1203 1632 Μεταϐἀντων
1226 1577 1283 1630 δὲ
1314 1577 1372 1644 ὲξ
1401 1578 1570 1648 αὐτῆς
1607 1577 1700 1630 ἐπὶ
1724 1578 1786 1631 τὸ

177 1666 447 1736 ἄντικρυς
516 1665 617 1736 τῆς
685 1664 1038 1737 Ἰερουσαλὴμ
1133 1664 1258 1736 ὅρος
1322 1666 1384 1718 τὸ
1453 1665 1785 1736 καλούμενον

1878 479 2272 548 propemodum
2328 495 2429 549 per
2491 480 2827 550 prophetiam
2892 480 3083 535 dicens
3128 499 3142 534 :
3186 501 3205 533 ι
3245 481 3458 539 Olivam

1882 569 2187 639 speciosam
2258 571 2573 626 umbrosam
2646 572 2860 627 vocavit
2920 570 3185 628 Dominus
3258 588 3459 629 nomen

1881 670 2036 715 tuum
2056 662 2124 713 θ’.
2160 679 2181 713 ι
2214 659 2510 732 Postquam
2559 662 2705 716 enim
2735 663 2885 733 prior
2929 663 3107 728 vinea,
3140 679 3266 719 cum
3293 665 3459 721 debe-

1880 762 1964 809 ret
1996 752 2176 808 facere
2204 769 2390 817 uvam,
2422 753 2551 808 fecit
2580 755 2788 825 spinas,
2820 772 2999 827 neque
3023 756 3328 826 justitiam,
3355 755 3454 813 sed

1879 845 2195 908 clamorem,
2248 847 2446 900 merito
2478 853 2738 916 tanquam
2778 848 2899 917 ejus
2949 864 3070 919 quae
3114 848 3460 906 infructuosa

1880 943 2047 999 esset,
2095 950 2280 1005 sepem
2312 935 2568 991 auferens
2611 953 2675 992 ac
2716 939 2977 1007 parietem
3008 938 3177 1005 Deus,
3211 939 3462 996 tradens-

1880 1041 1988 1095 que
2012 1040 2130 1080 eam
2154 1024 2397 1081 inimicis
2430 1027 2498 1080 ad
2526 1026 2892 1097 diripiendum
2914 1039 2969 1084 et
2997 1032 3458 1101 conculcandum,

1882 1110 2048 1186 288
2075 1115 2219 1170 sicut
2252 1114 2310 1169 in
2355 1114 2511 1172 Isaiae.
2552 1120 2838 1188 pmphetia
2879 1120 3095 1195 dictum.
3135 1128 3241 1186 est,
3290 1122 3459 1177 alium

1882 1208 2000 1278 ipse
2030 1206 2137 1264 sibi
2172 1222 2365 1278 agrum
2393 1209 2682 1263 constituit
2713 1210 2768 1264 in
2792 1213 3072 1283 prmsenti,
3108 1214 3253 1284 quod
3283 1213 3458 1267 olive-

1882 1309 1998 1354 tum
2040 1303 2377 1366 nominatur,
2422 1304 2580 1373 quasi
2618 1319 2742 1359 eum
2794 1304 2889 1374 qui
2925 1305 3108 1360 oleum
3159 1312 3214 1360 et
3245 1304 3462 1361 miseri-

1882 1387 2127 1447 cordiam
2159 1407 2190 1446 a
2220 1386 2333 1447 Deo
2362 1391 2436 1446 sit
2475 1402 2825 1457 consecutus,
2855 1400 2909 1448 et
2938 1408 2969 1446 a
3006 1392 3228 1448 Christo
3257 1391 3462 1463 plantis

1884 1499 2101 1554 semper
2129 1483 2436 1539 virentibus
2471 1485 2738 1548 consitus,
2772 1485 2876 1540 hoc
2912 1491 3018 1550 est,
3050 1485 3257 1541 sanctis
3288 1480 3464 1541 lucis-

1883 1591 1992 1646 que
2030 1576 2316 1633 altricibus
2348 1577 2571 1641 animis,
2605 1577 2804 1646 quibus
2844 1574 3008 1631 liceat
3041 1576 3266 1633 dicere:
3295 1596 3315 1627 ι
3347 1574 3463 1649 Ego

1885 1674 2067 1723 autem
2109 1668 2254 1723 sicut
2294 1668 2437 1723 oliva
2476 1666 2759 1722 fructifera
2791 1667 2846 1721 in
2873 1667 3036 1722 domo
3076 1666 3171 1725 Dei
3196 1668 3267 1719 ".
3303 1687 3324 1721 ι
3357 1668 3460 1724 Hic

193 1757 446 1822 Ἐλαιῶν,
478 1756 713 1811 ἐνταῦθα
739 1757 1033 1829 στήσεσθαι
1065 1758 1329 1812 διδάσκει.
1362 1758 1532 1812 Τοῦτο
1554 1759 1611 1812 δὲ
1635 1761 1727 1813 καὶ
1755 1761 1782 1812 6
1814 1765 1830 1819 1

1891 1773 2013 1814 vero
2050 1752 2335 1814 Olivarum
2382 1773 2543 1815 mons
2572 1759 2764 1814 contra
2805 1758 3107 1816 Jerusalem
3160 1776 3285 1817 esse
3324 1757 3465 1817 dici-

182 1851 477 1920 προφήτης
517 1847 778 1918 Ἰεζεκιὴλ
842 1847 924 1918 τῷ
979 1846 1109 1919 θείῳ
1158 1849 1439 1920 Πνεύματι
1499 1844 1783 1921 προλαϐὼν

182 1938 403 2010 θεωρεῖ.
431 1939 676 2009 Λέγει-δὲ
704 1929 797 1994 οὖν
825 1957 837 1971 ’
871 1959 890 1991 ι
932 1942 1043 1995 Καὶ
1071 1940 1235 2012 ἐξῆρε
1283 1941 1352 1995 τά
1382 1941 1668 2013 χερουϐὶμ,
1693 1943 1789 1995 καὶ

180 2028 234 2082 οὶ
283 2030 473 2099 τροχοὶ
517 2029 766 2099 ἐχόμενοι
817 2028 1032 2083 αὐτῶνθ
1105 2030 1200 2082 καὶ
1241 2031 1273 2101 ὴ
1323 2028 1451 2093 δόξα
1504 2028 1640 2082 Θεοῦ
1686 2029 1786 2081 Ἰσ-

184 2120 331 2192 ραὴλ
362 2116 431 2192 ἦν
477 2121 564 2173 ἐπ’
594 2121 799 2185 αὐτοῖς,
855 2121 1111 2193 ὑπεράνω
1159 2119 1341 2172 αὐτῶν
1360 2158 1376 2182 ,
1407 2121 1502 2173 καὶ
1533 2119 1699 2189 ἀνέϐη
1749 2121 1785 2191 ἡ

181 2211 319 2276 δόξα
340 2211 550 2284 Κυρίου
586 2213 650 2264 ὲκ
685 2212 850 2283 μέσου
876 2213 974 2283 τῆς
1008 2212 1219 2275 πόλεως
1239 2252 1253 2275 ,
1283 2211 1380 2264 καὶ
1412 2210 1539 2283 ἔστη
1573 2211 1665 2264 ἐπὶ
1690 2209 1785 2265 τοῦ

185 2303 351 2373 ὅρους
388 2303 416 2356 ὃ
460 2299 530 2374 ἦν
571 2304 832 2357 ἀπέναντι
875 2305 973 2375 τῆς
1018 2304 1245 2367 πόλεως.
1282 2323 1300 2355 ›
1336 2304 1510 2374 Ὅπερ
1538 2303 1657 2357 ἔστι
1694 2305 1788 2357 καὶ

187 2394 370 2458 ἄλλως
422 2395 563 2466 πρὸς
622 2393 766 2460 λέξιν
812 2397 945 2467 ὁρᾷν
993 2394 1422 2467 πεπληρωμένον
1477 2395 1643 2448 εἰσέτι
1693 2395 1788 2449 καὶ

190 2485 471 2557 σήμερον,
514 2485 624 2540 τῶν
666 2488 748 2551 εἰς
788 2486 1025 2558 Χριστὸν
1063 2485 1503 2541 πεπιστευκότων
1536 2486 1788 2540 ἀπάντων

190 2578 533 2648 πανταχόθεν
577 2579 679 2650 γῆς
738 2580 1141 2652 συντρεχόντων
1167 2622 1183 2646 ,
1230 2581 1328 2650 οὐχ
1378 2579 1454 2642 ὡς
1491 2579 1657 2632 πάλαι
1690 2579 1789 2648 τῆς

190 2669 343 2721 κατὰ
390 2670 493 2741 τὴν
548 2671 908 2744 Ἰερουσαλὴμ
956 2672 1186 2740 ἀγλαΐας
1230 2669 1432 2736 ἕνεκα,
1489 2673 1597 2725 οὐδ’
1648 2670 1790 2727 ὥστε

191 2761 578 2832 προσκυνῆσαι
602 2764 659 2815 ὲν
683 2762 759 2834 τῷ
785 2763 952 2816 πάλαι
971 2762 1264 2816 συνεστῶτι
1281 2763 1373 2815 ἐπὶ
1394 2762 1492 2834 τῆς
1519 2764 1790 2834 Ἰερουσα-

188 2852 309 2924 λὴμ
361 2854 700 2925 ἀγιάσματι,
760 2854 1050 2908 καταλῦειν
1092 2855 1148 2908 δὲ
1199 2855 1383 2909 ἕνεκεν
1434 2856 1670 2927 ἱστορίας
1729 2870 1793 2907 τε

191 2944 335 3015 ὁμοῦ
370 2946 472 3015 τῆς
504 2947 647 3000 κατὰ
684 2946 784 3018 τὴν
824 2946 1163 3018 προφητείαν
1211 2945 1465 3010 ἁλώσεως
1516 2948 1609 3001 καὶ
1659 2949 1791 3019 ἐρη-

1885 1857 1998 1917 tur,
2032 1852 2293 1922 quoniam
2327 1851 2386 1907 in
2415 1853 2597 1907 locum
2617 1852 2821 1909 veteris
2862 1867 2927 1908 ac
2986 1860 3215 1910 terrena
3242 1851 3466 1910 Jerusa-

1884 1945 2013 2007 lem,
2063 1958 2128 1998 ac
2168 1943 2450 2015 religionis
2482 1959 2604 2014 qua:
2633 1944 2688 1998 in
2720 1943 2812 1999 illa
2854 1944 3197 2010 servabatur,
3242 1960 3464 2002 succes-

1886 2038 1978 2103 sit,
2009 2044 2064 2092 et
2094 2051 2124 2089 a
2158 2035 2269 2091 Deo
2340 2038 2678 2093 constitutus
2702 2044 2805 2102 est,
2846 2044 2972 2106 post
3002 2038 3215 2092 ruinam
3241 2030 3465 2094 Jerusa-

1887 2128 2014 2192 lem.
2053 2126 2192 2182 Cum
2224 2143 2390 2198 supra
2449 2128 2615 2198 igitur
2647 2127 2929 2183 oraculum
2975 2128 3174 2183 dixerit
3200 2126 3268 2184 de
3300 2128 3464 2184 Jeru-

1889 2219 2080 2283 salem,
2125 2238 2144 2270 ι
2191 2218 2338 2289 quod
2369 2218 2564 2275 civitas
2605 2219 2872 2288 capietur,
2923 2215 3179 2288 quodque
3235 2219 3465 2275 hostiles

1889 2318 2052 2380 atque
2094 2310 2330 2364 inimicae
2375 2318 2567 2379 gentes
2616 2310 2942 2364 convenient
2986 2306 3248 2365 adversus
3319 2325 3463 2375 eam,

1888 2410 1943 2457 et
1969 2401 2141 2472 spolia
2169 2401 2289 2471 ejus
2311 2401 2644 2465 dividentur,
2678 2420 2699 2452 ι
2724 2399 2918 2456 merito
2950 2416 3060 2455 non
3080 2401 3137 2455 in
3162 2397 3465 2458 Jerusalem

1890 2493 2057 2563 pedes
2092 2490 2309 2546 Domini
2340 2499 2586 2548 staturos
2622 2492 2790 2561 dicit;
2816 2492 2912 2564 qui
2941 2492 3087 2547 enim
3128 2491 3182 2545 id
3217 2491 3339 2547 fieri
3370 2506 3468 2563 po-

1891 2583 2111 2649 tuisset,
2137 2599 2263 2639 cum
2292 2599 2357 2639 ea
2388 2583 2556 2639 semel
2582 2582 2798 2638 sublata
2830 2585 3014 2641 esset?
3045 2582 3152 2639 Sed
3186 2584 3470 2655 migranti-

1894 2672 1999 2731 bus
2043 2675 2113 2730 ab
2147 2689 2211 2730 ea
2241 2674 2298 2729 in
2367 2682 2609 2730 montem
2651 2675 2746 2746 qui
2801 2683 2886 2733 est
2919 2683 3108 2730 contra
3143 2673 3468 2741 Jerusalem,

1893 2769 1988 2837 qui
2042 2764 2327 2823 Olivarum
2377 2776 2626 2832 vocatur,
2673 2767 2748 2822 ibi
2794 2777 3038 2823 staturos
3092 2766 3271 2832 docet,
3320 2765 3470 2838 quod

1893 2858 2057 2913 etiam
2090 2857 2355 2927 prepheta
2391 2856 2662 2923 Ezechiel,
2694 2855 2881 2911 divino
2923 2864 3049 2911 ante
3096 2854 3301 2926 Spiritu
3338 2855 3472 2912 cdo-

1895 2956 2040 3014 ctus,
2082 2948 2519 3018 contemplatur;
2561 2948 2696 3003 dicit
2741 2947 2887 3002 enim
2922 2966 2935 3002 :
2975 2966 2993 2998 «
3028 2946 3093 3000 Et
3121 2949 3471 3003 elevaverunt

195 3034 333 3107 μίας
386 3038 489 3107 τῆς
547 3038 934 3110 Ἰερουσαλὴμ,
982 3039 1076 3092 καὶ
1125 3039 1225 3109 τῆς
1277 3040 1370 3092 ἐπὶ
1411 3038 1472 3091 τὸ
1525 3039 1648 3110 δρος
1686 3037 1795 3094 τῶν

1896 3026 2180 3096 cherubim
2210 3040 2327 3094 alas
2360 3054 2511 3103 suas,
2543 3046 2599 3095 et
2636 3048 2788 3103 rotae,
2821 3054 2943 3109 quae
2976 3039 3058 3094 eis
3094 3039 3466 3102 adhaerebant.

207 3122 443 3180 Ἐλαιῶν
482 3126 544 3179 τὸ
600 3127 886 3181 κατέναντι
942 3126 1301 3200 Ἰερουσαλὴμ
1345 3129 1830 3198 προσκυνήσεως,1

1895 3139 1949 3186 et
1976 3130 2151 3201 gloria
2186 3128 2281 3184 Dei
2311 3127 2479 3185 Israel
2510 3137 2629 3183 erat
2660 3143 2826 3198 super
2858 3129 2960 3194 eis,
2990 3136 3045 3183 et
3081 3128 3330 3185 ascendit
3353 3129 3472 3201 glo-

190 3215 331 3272 ῑνθα
368 3219 404 3289 ἡ
431 3217 559 3282 δόξα
587 3218 796 3291 Κυρίου
839 3219 1070 3290 μετέστη
1116 3218 1485 3288 καταλείψασα
1515 3218 1615 3290 τὴν
1659 3235 1792 3291 προ-

194 3309 368 3382 τέραν
394 3310 569 3364 πόλιν.
600 3311 879 3381 Ἔστησαν
903 3310 960 3363 δὲ
990 3304 1208 3382 ἀληθῶς
1238 3309 1332 3363 καὶ
1364 3309 1503 3364 κατὰ
1529 3309 1626 3381 τὴν
1656 3310 1793 3383 πρό-

196 3418 388 3474 χειρον
426 3403 522 3455 καὶ
552 3402 724 3475 ῥητὴν
758 3401 1010 3474 διήγησιν
1048 3402 1098 3454 οί
1124 3400 1282 3465 πόδες
1316 3399 1411 3454 τοῦ
1451 3400 1659 3472 Κυρίου
1697 3402 1792 3456 καὶ

192 3490 461 3564 Σωτῆρος
487 3493 667 3564 ήμῶν,
698 3492 864 3547 αὐτοῦ
895 3493 961 3564 δὴ
987 3492 1079 3546 τοῦ
1106 3492 1301 3562 Λόγου,
1321 3491 1388 3545 δι’
1413 3485 1488 3546 οὗ.
1506 3492 1794 3562 ἀνείληφεν

200 3583 550 3657 ἀνθρωπείου
617 3586 847 3656 σκήνους
901 3585 994 3637 ἐπὶ
1039 3582 1132 3637 τοῦ
1173 3585 1336 3655 ὅρους
1377 3582 1485 3637 τῶν
1526 3582 1755 3653 Ἐλαιῶν
1776 3624 1791 3649 ,

200 3676 343 3747 πρὸς
389 3675 468 3747 τῷ
500 3676 686 3730 αὐτόθι
718 3676 1054 3749 δεικνυμένῳ
1093 3673 1373 3747 σπηλαίῳ,
1404 3675 1699 3747 εὐξαμένου
1733 3693 1793 3729 τε

201 3769 299 3821 καὶ
330 3771 449 3830 τοῖς
483 3767 676 3822 ἑαυτοῦ
707 3767 976 3839 μαθηταῖς
999 3770 1091 3822 ἐπὶ
1116 3769 1215 3839 τῆς
1241 3768 1551 3840 ἀκρωρείας
1573 3767 1795 3822 τοῦπτῶν

213 3855 447 3913 Ἐλαιῶν
517 3859 676 3931 ὅρους
724 3860 793 3913 τά
840 3862 970 3933 περὶ
1019 3860 1121 3930 τῆς
1164 3860 1473 3923 συντελείας
1520 3861 1796 3933 μυστήρια

205 3950 674 4023 παραδεδωκότος,
710 3949 955 4005 ἐντεῦθέν
986 3969 1045 4005 τε
1075 3953 1174 4023 τὴν
1200 3954 1280 4015 εἰς
1317 3953 1579 4023 οὐρανοὺς
1611 3952 1794 4006 ἄνοδον

206 4043 600 4114 πεποιημένου,
629 4044 705 4108 ὡς
729 4045 759 4096 6
782 4045 993 4107 Λουκᾶς
1014 4045 1071 4096 ἐν
1093 4044 1212 4107 ταῖς
1232 4041 1492 4111 Πράξεσι
1508 4043 1625 4096 τῶν
1649 4045 1797 4098 ἀπο-

204 4138 723 4203 στόλωωδιδάσκει,
738 4138 980 4209 φάσκων·
1006 4140 1347 4194 «Βλεπόντων
1364 4141 1538 4193 αὐτῶν
1560 4141 1793 4213 ἐπήρθη,

204 4232 303 4284 καὶ
343 4230 545 4300 νεφέλη
576 4231 845 4284 ὑπέλαϐεν
886 4232 1047 4285 αὐτὸν
1079 4232 1187 4285 ἀπὸ
1219 4232 1326 4285 τῶν
1371 4232 1662 4303 ὀφθαλμῶν
1700 4233 1797 4286 αὐ-

205 4320 341 4375 τῶν.
372 4322 487 4375 Καὶ
516 4321 593 4385 ὠς
623 4321 960 4386 ἀτενίζοντες
998 4319 1139 4394 ἦσαν
1182 4325 1263 4386 είς
1305 4323 1396 4377 τὸν
1443 4325 1669 4396 οὐρανὸν
1702 4340 1797 4377 πο-

208 4414 509 4485 ρευομένου
538 4412 726 4478 αὐτοῦ,
746 4413 841 4469 καὶ
867 4414 977 4469 ἰδοὺ
1007 4416 1197 4488 ἄνδρες
1215 4416 1307 4469 δύο
1334 4418 1792 4488 παρειστήκεισαν

203 4507 395 4568 αὐτοῖς
427 4507 486 4558 ὲν
513 4505 700 4576 ἐσθῆσι
731 4505 970 4571 λευκαῖς,
1005 4508 1055 4560 οἳ
1084 4510 1178 4562 καὶ
1208 4506 1387 4562 εἷπονο
1426 4509 1652 4580 Ἄνδρες
1691 4508 1793 4560 Γα-

204 4596 442 4662 λιλαῖοι,
484 4598 538 4649 τί
593 4596 861 4670 ἑστήκατε
912 4597 1200 4669 βλέποντες
1247 4601 1327 4662 εἰς
1396 4599 1486 4652 τὸν
1530 4598 1792 4669 οὐρανόν;

206 4686 383 4752 Οὗτος
423 4691 454 4743 6
489 4689 727 4759 Ἰησοῦς,
775 4691 804 4742 ὁ
853 4689 1180 4761 ἀναληφθεὶς
1236 4691 1326 4759 ἀφ’
1379 4689 1658 4761 ὑμῶνιείς
1705 4689 1797 4743 τὸν

206 4779 464 4851 οὐρανὸν,
498 4779 671 4844 οὕτως
702 4781 1001 4845 ἐλεύσεται,
1038 4782 1096 4834 ὃν
1129 4783 1330 4854 τρόπον
1362 4781 1657 4835 ὲθεάσασθε
1693 4783 1795 4835 αὐ-

207 4871 301 4925 τὸν
328 4873 697 4944 πορευόμενον
732 4876 812 4937 είς
835 4874 926 4927 τὸν
958 4875 1201 4946 οὐρανόν.
1236 4893 1254 4926 ι
1288 4869 1385 4938 Οἷς
1420 4874 1670 4946 ἐπιφέρει
1701 4874 1797 4927 λέ-

206 4980 325 5032 γων
347 4979 363 4992 ο
389 4981 408 5013 ι
432 4963 566 5016 Τότε
598 4964 943 5035 ὑπέστρεψαν
976 4968 1056 5029 είς
1100 4966 1451 5038 Ἰερουσαλὴμ
1497 4965 1606 5018 ἀπὸ
1637 4966 1795 5037 ὄρους

206 5054 306 5109 τοῦ
334 5055 672 5125 καλουμένου
710 5055 1028 5119 Ἐλαιῶνος,
1058 5057 1086 5110 ὅ
1117 5059 1234 5110 ἐστι
1268 5058 1556 5111 κατέναντι
1599 5059 1795 5128 Ἰερου-

211 5145 423 5218 σαλήμ.
459 5163 480 5197 ι
509 5147 665 5200 Ἐστι
722 5147 820 5218 μὲν
869 5143 962 5202 οὖν
991 5150 1085 5202 καὶ
1128 5137 1266 5219 πρὸς
1315 5149 1459 5217 λέξιν
1513 5152 1798 5205 κατέναντι

219 5235 605 5311 Ἰερουσαλὴμ,
640 5238 733 5292 καὶ
774 5238 831 5306 ἐξ
869 5240 1138 5294 ἀνατολῶν
1184 5242 1353 5313 αὐτῆς
1380 5242 1442 5295 τὸ
1467 5243 1796 5314 δηλούμενον

210 5328 323 5382 τῶν
363 5328 593 5382 Ἐλαιῶν
634 5330 777 5402 ὄρος.
820 5332 966 5403 Πλὴν
996 5331 1131 5385 ἀλλά
1171 5332 1311 5385 κατὰ
1353 5334 1451 5405 τὴν
1498 5334 1734 5387 διάνοιαν
1761 5336 1795 5406 ἡ

211 5421 349 5488 ἁγία
392 5420 635 5492 Χριστοῦ
673 5421 999 5491 Ἐκκλησία,
1051 5421 1146 5476 καὶ
1182 5423 1242 5475 τὸ
1281 5423 1406 5493 ὅρος
1449 5424 1532 5492 ἐφ’
1575 5416 1620 5490 ᾧ
1646 5423 1798 5476 τεθε-

218 5510 518 5581 μελίωται,
565 5513 697 5584 περὶ
750 5507 811 5568 οὗ
841 5513 1082 5567 διδάσκει
1136 5513 1308 5582 λέγων
1351 5515 1380 5566 6
1407 5514 1630 5586 Σωτήρο
1677 5533 1695 5564 ι
1724 5515 1800 5567 Οὐ

214 5600 441 5656 ἃᾶναται
470 5603 625 5667 πόλις
656 5604 924 5676 κρυϐῆναι
946 5603 1132 5657 ἐπάνω
1157 5604 1313 5675 ὅρους
1338 5604 1564 5675 κειμένη
1586 5643 1601 5669 ,
1642 5622 1661 5654 ι
1681 5603 1803 5656 ἀντὶ
1827 5619 1833 5625 ’

1895 3224 1980 3277 ria
2022 3220 2235 3275 Domini
2267 3220 2335 3277 de
2375 3220 2554 3275 medio
2593 3219 2853 3280 civitatis,
2906 3226 2961 3273 et
2999 3218 3146 3272 stetit
3170 3219 3226 3273 in
3261 3225 3468 3283 monte,

1894 3317 1990 3387 qui
2026 3324 2111 3372 est
2153 3323 2342 3371 contra
2384 3312 2661 3368 civitatem
2682 3310 2751 3365 ".
2784 3329 2802 3361 ›
2835 3308 2989 3375 Quod
3035 3308 3256 3379 quidem
3310 3310 3473 3364 aliter

1895 3423 2114 3479 quoque
2148 3407 2276 3461 licet
2308 3404 2508 3460 intueri
2540 3402 2867 3471 completum
2897 3400 2962 3453 ad
2999 3400 3226 3455 verbum
3249 3400 3472 3470 quando

1895 3500 2058 3555 hodie
2087 3513 2304 3569 quoque
2328 3511 2540 3561 omnes,
2570 3495 2884 3566 quicunque
2907 3493 3117 3548 Christi
3150 3493 3470 3564 religionem

1896 3607 2021 3646 cum
2067 3590 2172 3645 ﬁde
2210 3587 2574 3658 susceperint,
2606 3601 2673 3639 ex
2728 3584 2983 3639 omnibus
3031 3592 3194 3639 terrae
3224 3582 3472 3654 partibus

1897 3689 2254 3747 concurrunt,
2295 3695 2404 3734 non
2444 3685 2503 3732 ut
2531 3676 2805 3748 quondam
2839 3673 2992 3731 festae
3019 3674 3304 3745 cujusdam
3335 3675 3472 3729 laeti-

1897 3777 1987 3831 tia:
2016 3775 2210 3846 gratia,
2239 3789 2361 3843 qua:
2400 3771 2454 3825 in
2481 3768 2782 3824 Jerusalem
2847 3768 3171 3832 celebretur,
3207 3782 3384 3837 neque
3412 3776 3473 3822 ut

1899 3867 2126 3921 adorent
2155 3866 2210 3920 in
2249 3880 2336 3928 eo,
2402 3862 2548 3933 quod
2591 3861 2719 3914 olim
2755 3859 2811 3912 iu
2853 3857 3154 3913 Jerusalem
3201 3860 3472 3914 constitu-

1896 3966 2013 4013 tum
2046 3957 2247 4020 fuerat,
2279 3953 2620 4017 sanctuario,
2663 3949 2755 4005 sed
2788 3958 2846 4002 ut
2875 3948 3222 4003 diversentur
3244 3962 3368 4001 cum
3402 3947 3471 4000 ad

1898 4048 2287 4106 sciscitandum
2324 4047 2393 4101 de
2422 4042 2825 4115 expugnatione
2886 4047 2940 4095 et
2978 4039 3272 4094 solitudine
3312 4037 3472 4093 Jeru-

1898 4142 2087 4207 salem,
2110 4153 2273 4210 quam
2301 4136 2589 4208 prophetia
2614 4132 2962 4204 praedixerat,
2985 4138 3103 4185 tum
3128 4137 3187 4184 ut
3212 4131 3268 4183 in
3288 4138 3472 4183 monte

1898 4231 2197 4298 Olivarum,
2232 4231 2326 4299 qui
2370 4238 2454 4284 est
2507 4234 2699 4281 contra
2733 4221 3058 4286 Jerusalem,
3094 4222 3341 4284 adorent,
3376 4220 3471 4274 ubi

1897 4324 2070 4396 gloria
2117 4321 2331 4377 Domini
2376 4324 2711 4374 commutata
2757 4323 2878 4380 est,
2923 4323 3214 4385 postquam
3271 4313 3473 4369 delevit

1899 4414 2139 4483 priorem
2167 4409 2466 4465 civitatem.
2499 4406 2641 4461 Vere
2661 4414 2843 4459 autem
2876 4412 2932 4459 et
2966 4403 3270 4459 secundum
3300 4417 3471 4474 expo-

1898 4504 2059 4559 sitam
2100 4511 2268 4572 atque
2317 4500 2384 4555 ad
2435 4500 2664 4555 verbum
2706 4505 2989 4568 acceptam
3041 4495 3467 4556 enarrationem,

1898 4593 2064 4664 pedes
2114 4591 2332 4648 Domini
2390 4598 2444 4645 et
2492 4590 2797 4645 Salvatoris
2858 4587 3073 4654 nostri,
3128 4586 3302 4657 ipsius
3362 4586 3470 4641 uti-

1895 4699 2003 4754 que
2049 4683 2146 4740 Dei
2199 4682 2402 4747 Verbi,
2446 4698 2541 4752 per
2605 4682 2662 4737 id
2725 4681 2870 4752 quod
2923 4679 3221 4749 assumpsit
3271 4677 3467 4732 huma-

1897 4792 2028 4831 num
2091 4790 2331 4845 corpus,
2388 4774 2443 4827 in
2502 4783 2690 4828 monte
2748 4772 3026 4826 Olivarum
3075 4777 3342 4825 steterunt
3403 4768 3467 4820 ad

1899 4868 2213 4939 speluncam
2272 4881 2395 4935 quas
2436 4866 2510 4921 ibi
2566 4864 2783 4920 ostendi
2842 4861 3014 4926 solet,
3065 4869 3119 4915 et
3165 4875 3274 4930 quo
3332 4868 3470 4914 tem-

1900 4978 2033 5034 pore
2064 4961 2262 5025 oravit,
2308 4968 2362 5015 et
2412 4975 2536 5014 cum
2579 4958 2694 5013 suis
2732 4955 3019 5027 discipulis
3062 4953 3120 5006 in
3160 4951 3280 5020 ejus
3312 4965 3468 5005 mon-

1900 5057 1972 5113 tis
2014 5055 2333 5120 cacumine,
2394 5051 2655 5123 mysteria
2718 5048 2786 5103 de
2831 5045 3305 5105 consummatione
3357 5051 3470 5095 tra-

1900 5146 2039 5201 didit
2066 5164 2080 5200 :
2104 5160 2171 5201 ex
2212 5143 2401 5200 eodem
2428 5148 2693 5212 praeterea
2720 5146 2906 5193 monte
2947 5139 3003 5191 in
3030 5137 3229 5192 cmlum
3272 5147 3467 5188 ascen—

1901 5238 2011 5301 dit,
2070 5234 2528 5308 quemadmodum
2577 5232 2755 5287 Lucas
2804 5230 2863 5284 in
2922 5228 3067 5282 Actis
3109 5226 3470 5296 apostolorum

1899 5327 2066 5398 289
2116 5326 2294 5389 docet,
2343 5338 2468 5379 cum
2513 5323 2607 5390 ait,
2652 5322 2806 5376 illum
2839 5318 2922 5393 [in
2954 5326 3138 5372 monte
3165 5312 3467 5386 Olivarum]

1898 5419 2160 5490 apostolis
2194 5417 2312 5472 suis
2353 5423 2407 5471 et
2455 5415 2821 5486 prmsentihus
2874 5418 2929 5467 et
2981 5409 3340 5472 intuentibus,
3377 5398 3471 5461 sd—

1897 5513 2119 5566 blimem
2151 5510 2371 5573 abiisse,
2407 5507 2660 5577 nubeque
2678 5506 2745 5560 ab
2765 5505 2943 5561 oculis
2970 5517 3160 5558 eorum
3193 5499 3469 5556 sublatum

1902 5601 2095 5666 fuisse,
2136 5601 2397 5672 ipsosque
2435 5598 2661 5654 intentis
2693 5596 2891 5663 oculis,
2924 5595 3018 5650 illo
3038 5594 3092 5648 in
3126 5593 3322 5647 cmlum
3371 5584 3471 5643 ab-

276 5761 333 5831 _"
375 5758 534 5815 Rom.
569 5771 645 5821 xi,
681 5755 768 5810 l7.
844 5756 890 5787 "
910 5752 1023 5811 Jer.
1057 5771 1134 5820 xi,
1167 5753 1255 5809 16.
1329 5755 1375 5787 ⁸³
1408 5753 1553 5810 P531,
1604 5769 1679 5822 ιι,
1710 5753 1793 5809 ιο,

1897 5753 1917 5785 δ
1938 5751 2135 5809 Ezech.
2165 5769 2242 5818 ιι,
2273 5750 2363 5817 22,
2384 5749 2480 5805 ~23.

544 5856 820 5918 PATnOL.
867 5854 982 5918 Gn.
1018 5854 1232 5922 XXII.

3122 5840 3196 5903 15
