3828 6220
215 307 318 364 ἆϐι
1116 314 1773 381 DEMONSTRATIONIS

1887 322 2270 386 rANGELICZE
2299 329 2435 390 LIB.
2468 329 2559 391 γι.
3380 350 3490 407 ιιι

213 426 694 502 ἐμφραχθήσεται.
731 449 752 483 ι
805 430 944 488 ’Ᾱνθ’
985 427 1062 489 ὧν
1107 440 1137 491 ό
1166 438 1463 512 Σύμμαχος
1508 443 1777 516 πεποίηκε

1914 446 1998 501 bae
2027 456 2189 503 erunt
2219 464 2339 520 quae
2359 450 2475 521 jam
2518 453 2588 508 ad
2627 454 2895 511 malitiam
2932 460 3206 528 pertinent
3240 482 3253 519 :
3289 482 3310 518 ι
3338 469 3384 521 Α
3414 470 3499 525 fa-

217 533 241 571 ι
276 520 390 573 Καὶ
411 521 859 594 ὲμφραχθήσεται
882 526 914 596 ἡ
945 525 1164 598 φάραγξ
1191 529 1301 583 τῶν
1328 532 1497 603 ὀρέων
1521 551 1644 605 μου,
1677 553 1695 586 ι
1719 553 1783 590 κα

1914 538 2018 602 cie,
2060 539 2258 610 inquit,
2299 543 2572 613 aquilonis
2596 545 2965 602 accendentur
3000 550 3144 605 mala
3180 568 3347 624 super
3385 520 3534 612 orn-1'

210 610 298 667 ετι
322 631 344 663 ι
368 615 547 683 ὲγγιεί
562 636 580 666 ι
609 618 644 687 ἡ
661 615 881 688 φάραγξ
895 617 1004 671 τῶν
1028 620 1203 691 ὀρέων
1229 623 1367 694 πρὸς
1385 624 1446 677 τὸ
1465 628 1778 700 παρακείμε

1914 645 2013 685 nes
2041 630 2355 689 habitantes
2386 643 2588 690 terram
2614 639 2681 704 9°,
2722 657 2741 690 υ
2780 648 2835 694 et
2860 639 3031 697 draco
3052 642 3107 698 in
3134 647 3276 701 mari
3308 648 3494 704 diver-

212 718 329 769 νον,
358 724 377 754 ι
399 706 497 759 καὶ
510 708 989 781 έμφραχθήσεται·
1017 731 1035 763 ι
1056 712 1126 766 δι’
1148 705 1224 768 ὧν
1248 716 1546 789 παρίστησι
1560 716 1623 773 τὸ
1639 720 1783 775 αἴτιο

1911 722 2024 777 sari
2055 723 2280 782 dicitur.
2335 726 2682 800 Quapropter
2738 734 2936 789 merito
2983 735 3076 790 hic
3120 753 3342 810 quoque
3385 745 3495 799 duo

211 797 315 869 τῆς
341 799 755 873 ἐμφραχθείσης
794 803 1097 876 φάραγγος.
1136 808 1202 861 Τί
1237 805 1390 883 δὲῆν
1422 812 1581 867 τοῦτο
1624 815 1740 869 ἀλλ’
1772 818 1783 871 i

1908 829 2105 873 rursus
2132 833 2333 888 genera
2365 821 2746 893 intelliguntur
2768 840 2981 895 eorum,
3021 829 3117 899 qui
3147 830 3218 888 ab
3247 832 3493 891 Ecclesia

209 887 277 942 τὸ
319 890 540 959 ἐγγίσαι
585 893 759 966 αὐτὴν
808 896 907 949 καὶ
951 898 1251 970 πλησιάσαι
1295 903 1373 974 τῷ
1417 887 1807 981 παρακειμένῴ

209 980 352 1053 αὐτῇ
374 998 389 1047 ;
418 981 579 1037 τοῦτο
605 984 665 1039 δὲ
686 981 757 1057 ἦν
783 987 846 1040 τὸ
871 988 966 1041 τοῦ
987 991 1195 1063 Κυρίου
1216 994 1343 1066 ὅρος
1364 996 1426 1049 τὸ
1443 999 1551 1053 τῶν
1581 980 1806 1057 Ἐλαιῶν

209 1077 712 1148 προωνομασμένον
739 1120 755 1145 ,
813 1080 948 1154 ὅπερ
1012 1084 1234 1153 Ἀσαὴλ
1280 1087 1598 1160 ὠνόμασται
1652 1095 1805 1168 παρὰ

204 1168 323 1231 τοῖς
345 1167 770 1242 Ἕϐδομήκοντα.
797 1173 961 1243 Δηλοῖ
975 1173 1030 1229 δὲ
1052 1176 1212 1231 τοῦτο
1233 1180 1376 1234 κατὰ
1401 1181 1501 1254 τὴν
1536 1184 1804 1257 Ἑϐραίων

205 1260 397 1330 φωνὴν
439 1262 689 1331 ποίησιν
734 1263 904 1319 Θεοῦ.
947 1266 1105 1321 Οὕτω
1146 1269 1240 1335 δὲ,
1292 1270 1549 1347 φησὶν,ή
1600 1278 1803 1332 παλαιὰ

204 1352 429 1423 φάραγξ
454 1355 803 1427 πλησιάσασα
826 1359 906 1430 τῷ
930 1359 1068 1433 ὄρει,
1099 1364 1192 1416 καὶ
1211 1366 1277 1436 τῇ
1301 1368 1537 1438 Χριστοῦ
1576 1371 1804 1442 Ἐκκλη-

204 1445 342 1516 σία,
377 1445 458 1514 τῷ
503 1465 563 1501 τε
618 1452 883 1522 ποιήματι
950 1453 1088 1507 Θεοῦ
1118 1496 1133 1520 ,
1205 1459 1655 1530 ὲμφραχθήσεται
1708 1465 1799 1518 καὶ

201 1539 722 1614 ἀπκλεισθῆσεται,
753 1545 812 1598 ὃν
838 1546 1041 1618 τρόπον
1070 1551 1347 1622 ὲνεφράγη
1367 1553 1475 1606 ἀπὸ
1505 1546 1798 1627 προσώπου

198 1630 299 1683 τοῦ
346 1633 603 1705 σεισμοῦ,
651 1636 710 1690 ἐν
756 1638 993 1711 ἡμέραις
1054 1642 1228 1707 Ὀζίου
1288 1642 1553 1714 βασιλέως
1607 1646 1794 1703 Ἰούδα.

200 1723 400 1794 Ζητῶν
427 1725 485 1779 δὲ
516 1730 647 1800 παρ’
676 1730 924 1800 ἐμαυτῷ,
955 1733 1048 1787 καὶ
1080 1733 1180 1797 τὰς
1207 1734 1359 1800 θείας
1393 1737 1619 1809 περιϊὼν
1655 1739 1797 1813 Γρα-

1908 906 2208 972 declinant,
2239 926 2407 965 unum
2441 927 2632 968 eorum
2667 915 2762 985 qui
2792 917 2847 971 iu
2878 918 2990 972 vita
3022 928 3078 975 et
3103 924 3351 980 moribus
3370 941 3495 995 pec-

1904 1006 2070 1064 cant,
2134 1000 2371 1056 alterum
2418 1019 2609 1058 eorum
2662 1007 2756 1076 qui
2800 1022 2831 1061 a
2868 1024 3005 1064 sana
3061 1021 3115 1067 et
3162 1022 3311 1070 recta
3357 1032 3489 1073 sen-

1905 1088 2078 1144 tentia
2123 1090 2406 1159 labuntur,
2464 1103 2525 1150 ut
2553 1095 2666 1166 jam
2705 1099 2904 1155 Oliveti
2960 1101 3125 1173 hujus
3169 1107 3389 1173 montis,
3421 1108 3489 1165 de

1905 1196 2018 1251 quo
2044 1198 2229 1239 sermo
2252 1193 2360 1253 est,
2383 1187 2468 1243 hae
2494 1189 2617 1244 duae.
2637 1189 2770 1257 sint,
2799 1208 2921 1263 quae
2946 1209 2977 1249 a
3007 1198 3292 1267 prophetia
3315 1202 3489 1271 signi-

1878 1273 2158 1351 ﬁcantur,
2194 1279 2590 1348 separationes.
2644 1282 2741 1341 His
2788 1285 2987 1342 deinde
3030 1288 3281 1362 adjungit
3327 1313 3389 1347 τι
3420 1294 3488 1351 Et

1902 1369 2252 1426 obturabitur
2281 1373 2442 1428 vallis
2470 1376 2741 1431 montium
2766 1392 3038 1447 meorum,
3062 1393 3116 1437 et
3135 1386 3487 1455 conglutina-

1900 1458 2053 1513 bitur
2090 1462 2359 1519 convallis
2383 1466 2670 1534 montium,
2706 1465 2879 1540 u’sque
2899 1471 2968 1526 ad
2999 1472 3163 1528 Asael
3196 1493 3210 1529 :
3243 1482 3298 1531 et
3324 1480 3486 1533 obtu-

1901 1550 2113 1609 rabitur
2153 1555 2615 1623 quemadmodum
2648 1559 2905 1615 obturata
2936 1571 3025 1618 est
3073 1579 3104 1618 a
3126 1563 3264 1622 facie
3290 1574 3481 1624 terrae-

1896 1652 2103 1711 motus,
2135 1646 2196 1702 in
2223 1647 2420 1705 diebus
2451 1650 2598 1707 Ozias
2629 1654 2775 1723 regis
2804 1652 2966 1710 Juda.
2998 1677 3016 1708 ι
3054 1657 3123 1712 At
3142 1659 3289 1714 enim
3315 1661 3369 1715 in
3394 1662 3480 1718 bis

1897 1735 2104 1800 verbis,
2140 1752 2265 1808 qua
2314 1741 2538 1796 tandem
2581 1758 2706 1799 esse
2764 1753 2943 1815 potest
2995 1748 3156 1805 vallis
3210 1754 3478 1808 montium

197 1817 332 1885 φὰς,
365 1817 422 1871 εἴ
457 1837 588 1873 ποτε
628 1821 688 1873 έν
716 1826 837 1887 ταῖς
872 1822 1109 1897 ἡμέραις
1149 1825 1326 1892 Ὀζίου
1370 1830 1402 1901 ἡ
1441 1828 1674 1884 ἐνταῦθα
1700 1831 1783 1905 δη-

1896 1823 2016 1891 Dei,
2041 1827 2150 1883 nisi
2181 1844 2305 1899 quae
2326 1832 2456 1886 olim
2490 1842 2648 1889 antea
2664 1813 3051 1893 celebrabatur
3084 1857 3151 1897 ex
3185 1843 3303 1913 lege
3330 1842 3479 1917 Moy-

196 1909 441 1983 λουμένη
473 1913 691 1985 φάραγξ
729 1916 1007 1990 ἐνεφράγη
1056 1918 1166 1972 ἀπὸ
1207 1921 1499 1992 προσώπου
1541 1921 1636 1976 τοῦ
1686 1942 1796 1978 σει-

198 2003 367 2073 σμοῦ,
392 2005 450 2058 ὲν
478 2005 576 2076 μὲν
599 2008 719 2071 ταῖς
734 2009 842 2062 τῶν
875 2012 1212 2065 Βασιλειῶν
1231 2014 1493 2087 ἱστορίαις
1518 2016 1670 2071 οὐδὲν
1697 2018 1796 2090 ηὖ-

198 2110 413 2166 ρισκον,
444 2097 565 2150 οὐδὲ
599 2100 927 2170 σωματικῶς
957 2118 1021 2171 γε
1046 2106 1166 2156 κατ’
1199 2103 1362 2159 αὐτὸν
1388 2107 1610 2178 σεισμὸς
1642 2125 1794 2178 γεγο-

195 2187 328 2255 νὼς,
362 2188 487 2243 οὔτε
517 2209 571 2245 τι
598 2193 809 2246 τοιοῦτο
837 2195 964 2265 περὶ
1010 2195 1296 2268 φάραγγος
1320 2200 1379 2253 ὲν
1419 2201 1608 2266 αὑταῖς
1636 2204 1791 2275 είρη-

199 2281 365 2352 μένον
412 2284 847 2357 ἀναγέγραπται.
906 2288 1222 2358 ’ἱστορεῖταί
1254 2307 1321 2359 γε
1357 2291 1463 2364 μὴν
1504 2294 1687 2358 Ὀζίας
1732 2297 1790 2349 ἐν

196 2375 398 2448 ἀρχαῖς
420 2377 628 2443 δίκαιος
658 2381 963 2460 γεγονέναι,
995 2379 1114 2438 εἶτα
1138 2384 1490 2457 διαόέόληται
1513 2387 1590 2451 ὡς
1614 2390 1787 2460 ἐπαρ-

192 2466 316 2532 θεὶς
343 2471 410 2540 τῇ
442 2458 684 2543 διανοίᾳί
712 2473 804 2526 καὶ
827 2473 895 2526 δι’
936 2476 1102 2529 αὑτοῦ
1140 2476 1299 2531 θῦσαι
1330 2478 1409 2550 τῷ
1437 2478 1558 2550 Θεῷ
1585 2458 1787 2554 τολμῆ-

194 2578 318 2626 σας.
347 2563 440 2615 Διὸ
469 2565 560 2617 καὶ
580 2564 789 2636 λέπραν
819 2566 968 2635 αὐτῷ
997 2567 1139 2622 κατὰ
1166 2570 1259 2623 τοῦ
1298 2570 1592 2642 προσώπου
1622 2573 1787 2644 ἀνθῆ-

192 2671 309 2707 σαι.
341 2654 514 2708 Τοῦτο
545 2658 643 2727 μὲν
664 2654 759 2712 οὖν
784 2661 816 2730 ἡ
839 2659 1017 2728 βίὸλος
1035 2661 1143 2714 τῶν
1166 2661 1499 2718 Βασιλειῶν
1515 2666 1785 2738 παρίστη-

192 2767 302 2802 σιν.
344 2749 406 2802 '0
450 2748 507 2801 δέ
544 2766 607 2818 γε
653 2750 920 2823 Ἰώσηπος
961 2755 1056 2806 καὶ
1095 2753 1193 2818 τὰς
1242 2753 1442 2820 ἔξωθεν
1489 2757 1785 2825 Ἰουδαῖκάς

185 2840 549 2913 δευτερὼσεις
573 2843 1001 2914 ἀπηκριϐωκὼς,
1035 2846 1130 2899 ἅτε
1161 2846 1407 2919 Ἑϐραῖος
1430 2847 1488 2915 ἐξ
1518 2849 1785 2921 Ἐϐραίων

184 2934 501 3003 τυγχάνων,
530 2936 833 2990 ἐπάκουσον
864 2934 952 2991 οἷα
996 2939 1251 3008 γενέσθαι
1284 2941 1425 2994 κατὰ
1458 2942 1585 3006 τοὺς
1614 2942 1780 2997 αὑτοῦ

183 3026 347 3098 δηλοῖ
379 3027 627 3098 χρόνους,
657 3029 853 3098 λέγων,
896 3031 973 3094 ὡς
1001 3032 1111 3101 ἄρα
1150 3053 1167 3082 ι
1210 3034 1663 3103 Κατεπειγόντων
1691 3035 1781 3090 τὸν

198 3119 390 3185 Ὀζὶαν
422 3119 533 3174 τῶν
573 3122 763 3194 ἱερέων
798 3123 998 3188 ἐξιέναι
1031 3126 1125 3179 τοῦ
1154 3126 1323 3198 ἱεροῦ,
1361 3130 1453 3181 καὶ
1495 3130 1570 3201 μὴ
1604 3147 1783 3201 παρα-

185 3216 382 3283 νομεῖν
422 3216 502 3277 εἰς
526 3215 617 3268 τὸν
643 3216 795 3282 Θεὸν,
830 3217 1107 3289 ὀργισθεὶς
1139 3221 1435 3291 ἠπείλησεν
1467 3224 1648 3286 αὐτοῖς
1682 3223 1779 3277 θά-

180 3322 375 3373 νατον,
408 3309 458 3360 εἰ
500 3309 575 3381 μὴ
614 3309 715 3380 τὴν
756 3311 985 3381 ἡσυχίαν
1031 3310 1271 3377 ἄξουσιν.
1312 3314 1535 3382 Μεταξὺ
1573 3315 1632 3369 δὲ
1674 3334 1782 3371 σει-

184 3396 333 3466 σμὸς
358 3396 614 3469 ἐκλόνησε
664 3397 763 3471 τὴν
799 3401 901 3470 γῆν
926 3417 940 3430 ·
987 3401 1082 3454 καὶ
1127 3401 1442 3468 διαστάντος
1484 3404 1578 3457 τοῦ
1625 3403 1778 3471 ναοῦ,

185 3484 398 3555 φέγγος
421 3486 672 3559 λαμπρὸν
702 3489 997 3562 ἐξέλαμψε,
1021 3493 1114 3546 καὶ
1141 3496 1206 3565 τῇ
1236 3495 1329 3548 τοῦ
1362 3495 1626 3566 βασιλέως
1658 3498 1778 3567 ὄψει

182 3578 552 3650 προσέπεσεν,
597 3583 673 3646 ὡς
703 3583 781 3655 τῷ
817 3584 916 3655 μὲν
948 3585 1151 3650 εὐθέως
1180 3587 1390 3659 λέπραν
1433 3590 1775 3662 ἐπιδραμεῖν,

183 3673 299 3743 πρὸ
334 3673 392 3725 δὲ
430 3674 530 3747 τῆς
570 3675 778 3742 πόλεως
811 3677 946 3750 πρὸς
972 3681 1038 3751 τῇ
1073 3679 1386 3754 καλουμένῃ
1429 3683 1655 3754 Ἐρωγῇ
1681 3685 1775 3738 τοῦ

180 3764 351 3835 ὅρους
385 3767 769 3838 ἀπορραγῆναι
802 3770 865 3823 τὸ
905 3770 1078 3841 ἥμισυ
1125 3772 1219 3825 τοῦ
1270 3773 1413 3828 κατὰ
1462 3774 1560 3847 τὴν
1602 3775 1772 3840 δύσιν,

182 3856 283 3908 καὶ
323 3856 575 3911 κυλισθὲν
616 3859 891 3931 τέσσαρας
928 3862 1174 3926 σταδίους
1217 3864 1309 3917 ἐπὶ
1350 3864 1412 3917 τὸ
1458 3867 1774 3922 ἀνατολικὸν

178 3948 314 4020 ὅρος
354 3948 568 4020 στῆναι,
596 3950 672 4015 ὡς
708 3951 807 4016 τάς
850 3970 909 4006 τε
942 3955 1208 4026 παρόδους
1238 3956 1642 4028 ὲμφραχθῆναι,
1679 3960 1771 4012 καὶ

178 4041 312 4104 τοὺς
347 4040 708 4111 παραδείσους
733 4045 858 4107 τοὺς
886 4045 1214 4116 βασιλικούς.
1251 4067 1269 4098 ι
1312 4048 1498 4101 Ταῦτά
1543 4066 1631 4119 μοι
1663 4051 1770 4104 ἀπὸ

177 4130 277 4184 τοῦ
326 4134 760 4206 συγγράμματος
803 4134 905 4206 τῆς
954 4135 1216 4210 Ἰωσήπου
1266 4137 1592 4207 Ἰουδαϊκῆς
1642 4141 1771 4207 Ἀρ-

176 4225 538 4294 καιολογίας
577 4225 796 4279 κείσθω.
836 4227 946 4281 Καὶ
987 4229 1045 4280 ἐν
1073 4229 1151 4299 τῷ
1191 4230 1449 4302 προφήτῃ
1489 4230 1546 4283 δὲ
1590 4231 1772 4300 Ἀμὼς

174 4312 345 4389 εὗρον
380 4318 503 4370 κατ’
530 4318 705 4391 ἀρχὰς
737 4319 836 4390 τῆς
870 4320 1206 4391 προφητείας
1238 4322 1424 4387 αὑτοῦ,
1458 4323 1534 4387 ὡς
1564 4324 1644 4376 ὅτι
1672 4324 1771 4395 ηρ-

175 4406 310 4472 ξατο
339 4408 703 4480 προφητεῦειν
730 4411 788 4463 ὲν
810 4411 1045 4483 ἡμέραις
1086 4411 1263 4475 Ὀζίου
1298 4410 1562 4483 βασιλέως
1599 4415 1770 4468 Ἰούδα

172 4500 288 4571 πρὸ
319 4498 416 4553 δύο
444 4499 581 4553 ἐτῶν
611 4501 856 4571 σεισμοῦ.
893 4503 1055 4556 Ποίου
1087 4502 1142 4556 δὲ
1175 4506 1423 4576 σεισμοῦ,
1450 4507 1633 4560 οὐκέτι
1667 4524 1766 4561 σα-

1898 1917 1977 1974 sis
2011 1917 2069 1972 in
2100 1918 2472 1988 Hierusalem,
2522 1928 2829 1994 corporalis
2855 1939 2909 1984 et
2934 1927 3165 1986 Iudaica
3193 1931 3477 1991 adoratiot

1894 2023 2061 2079 quam
2094 2012 2316 2082 quidem
2348 2015 2633 2070 occlusum
2660 2018 2749 2084 iri,
2784 2021 2943 2090 quasi
2966 2021 3320 2081 obturatione
3338 2043 3478 2098 qua-

1893 2097 2046 2163 dam,
2076 2116 2322 2171 praesens
2349 2106 2635 2160 oraculum
2667 2108 2835 2174 canit,
2866 2111 3056 2168 dicens
3093 2132 3107 2167 :
3149 2133 3170 2165 ι
3218 2116 3287 2170 Ει
3312 2097 3479 2174 obtu-

1893 2193 2109 2247 rabitur
2134 2196 2294 2252 vallis
2316 2200 2587 2253 montium
2624 2216 2895 2269 meorum,
2922 2215 2976 2259 et
2999 2208 3462 2279 conglutinabitut

1890 2285 2159 2342 convallis
2207 2289 2502 2354 montium,
2550 2306 2726 2360 usque
2767 2293 2837 2348 ad
2880 2295 3064 2361 Asael,
3106 2306 3161 2354 et
3188 2300 3474 2358 obturabi-

1889 2384 2002 2432 tur.
2039 2396 2059 2429 ι
2093 2377 2201 2435 Pro
2217 2380 2422 2451 quibus
2446 2384 2629 2439 verbis
2654 2382 3015 2456 Symmachus
3046 2391 3284 2449 reddidit
3307 2394 3457 2452 haec:

1896 2487 1918 2520 ι
1956 2468 2022 2523 Et
2044 2470 2397 2527 obturabitur
2418 2475 2578 2530 vallis
2608 2478 2877 2532 montium
2909 2495 3178 2547 meorum,
3213 2504 3233 2536 ο
3255 2493 3309 2542 et
3329 2503 3472 2557 pra:-

1891 2567 2042 2615 terea
2077 2580 2098 2613 ‹
2131 2565 2597 2637 appmpinquabit
2632 2586 2651 2618 ι
2697 2570 2964 2624 convallis
2988 2574 3279 2640 montium,
3316 2579 3385 2633 ad
3413 2580 3471 2635 id

1888 2652 2037 2722 quod
2074 2655 2388 2724 appositum
2432 2664 2518 2713 est
2573 2675 2593 2708 ι
2639 2666 2695 2713 et
2730 2660 3102 2729 obturabitur,
3146 2685 3164 2717 ι
3199 2668 3293 2723 ubi
3333 2684 3468 2726 sane

1885 2758 2112 2799 causam
2159 2746 2386 2813 indicat,
2441 2763 2542 2804 cur
2586 2750 2838 2805 obturata
2885 2753 2958 2807 sit
3000 2756 3284 2813 convallis.
3334 2757 3468 2826 Quae

1887 2852 2054 2907 porro
2081 2838 2197 2894 haec
2225 2841 2354 2906 alia,
2403 2857 2567 2913 quam
2593 2859 2713 2900 eam
2745 2846 3184 2918 appropinquare
3227 2858 3283 2907 et
3331 2853 3467 2907 vicio

1884 2945 2013 2984 nam
2046 2931 2162 2987 ﬁeri
2189 2933 2261 2999 ei,
2301 2936 2449 3004 quod
2488 2936 2595 3006 ipsi
2634 2940 2943 3009 appositum
2979 2945 3101 2999 est?
3136 2943 3239 3000 Hic
3278 2957 3463 3004 autem

1881 3030 1968 3078 est
2002 3039 2163 3081 mons
2204 3025 2443 3094 Domini,
2475 3030 2570 3099 qui
2601 3028 2885 3088 Olivarum
2915 3044 3073 3090 antea
3104 3045 3189 3093 est
3226 3041 3467 3109 appella-

1887 3123 1998 3178 tus,
2024 3116 2229 3187 q'uique
2258 3118 2421 3173 Arae!
2452 3118 2634 3176 dictus
2676 3123 2747 3179 ab
2784 3124 2918 3194 ipsis
2959 3125 3336 3199 Septuaginta.
3378 3129 3466 3185 Si-

1886 3211 2108 3284 gniﬁcat
2136 3228 2266 3269 vero
2288 3216 2431 3285 apud
2462 3215 2719 3272 Hebraeos
2740 3234 2804 3275 ea
2827 3237 2929 3275 vox
2961 3237 3090 3285 opus
3112 3222 3232 3278 Dei.
3265 3222 3356 3279 Sic
3372 3240 3467 3282 ve-

1884 3318 1968 3369 ro,
2001 3304 2198 3374 inquit,
2225 3316 2384 3361 vetus
2414 3308 2683 3363 convallis
2725 3313 2898 3364 monti
2929 3314 3379 3385 apprOpinquans
3407 3324 3465 3371 et

1881 3393 2087 3450 Christi
2133 3393 2415 3462 Ecclesiae,
2454 3406 2620 3469 atque
2656 3402 2811 3472 operi
2846 3401 2961 3467 Dei,
3005 3407 3358 3463 obturabitur
3407 3418 3464 3466 et

1880 3488 2221 3553 occludetur,
2247 3493 2709 3560 quemadmodum
2729 3495 2987 3552 obturata
3012 3509 3099 3555 est
3124 3516 3157 3555 a
3190 3500 3328 3559 facie
3350 3511 3461 3558 ter-

1878 3588 2137 3637 raamotus
2158 3581 2215 3636 in
2237 3582 2432 3638 diebus
2448 3582 2595 3640 Ozias
2617 3589 2761 3657 regis
2788 3587 2817 3642 ι
2824 3587 2948 3644 uda.
2980 3590 3139 3661 291
3174 3590 3312 3645 Cum
3330 3608 3461 3648 vero

1877 3667 1973 3723 diu
1992 3671 2136 3739 apud
2164 3673 2432 3743 meipsum
2455 3676 2798 3743 quaesierim,
2820 3686 2876 3732 et
2904 3678 3123 3733 divinas
3143 3677 3461 3750 Scripturas

1876 3764 2264 3831 percurrerim,
2300 3773 2360 3819 ut
2390 3766 2691 3822 invenirem
2725 3768 2774 3824 si
2810 3770 3033 3838 quando
3061 3785 3124 3825 ea
3164 3775 3457 3837 convallis,

1875 3855 1943 3911 de
1967 3871 2075 3927 qua
2100 3857 2191 3912 hic
2210 3874 2392 3914 sermo
2410 3868 2516 3924 est,
2556 3861 2613 3915 in
2642 3861 2839 3917 diebus
2865 3861 3011 3918 Ozias
3037 3864 3296 3919 obturata
3325 3867 3398 3923 sit
3425 3883 3458 3923 a

1876 3948 2015 4005 facie
2046 3959 2389 4009 terraemotus
2408 3992 2424 4018 ,
2458 3955 2513 4008 in
2543 3953 2841 4023 Regnorum
2872 3956 3117 4013 historiis
3155 3957 3291 4013 nihil
3325 3975 3459 4016 sane

1875 4043 2057 4097 inveni
2088 4062 2100 4096 :
2136 4059 2261 4099 nam
2314 4061 2490 4116 neque
2539 4054 2910 4104 terraemotum
2961 4050 3069 4106 illis
3115 4051 3456 4121 temporibus

1875 4133 2045 4186 ullum
2073 4149 2141 4189 ex
2171 4135 2239 4190 iis
2273 4136 2366 4204 qui
2400 4137 2563 4193 terris
2595 4146 2649 4193 et
2673 4139 2991 4209 regionibus
3022 4140 3203 4195 solent
3232 4141 3454 4196 accide-

1871 4240 1952 4290 re,
1988 4241 2165 4297 neque
2214 4227 2361 4282 aliud
2411 4229 2688 4298 quippiam
2748 4233 2853 4285 tale
2885 4233 2953 4287 de
2988 4233 3238 4288 convalle
3268 4234 3456 4305 aliqua

1872 4318 2076 4373 factum
2105 4335 2249 4385 esse,
2282 4323 2336 4374 in
2378 4322 2486 4376 illis
2520 4323 2787 4392 scriptum
2815 4333 2900 4379 est
2940 4343 2953 4378 :
2984 4334 3245 4380 narratur
3268 4333 3451 4381 autem

1869 4412 2331 4481 quemadmodum
2379 4412 2541 4468 Ozias
2594 4415 2754 4469 initio
2802 4416 2988 4484 justus
3037 4417 3221 4485 fuerit,
3255 4418 3454 4476 deinde

1871 4502 2055 4555 animo
2089 4502 2360 4567 sublatus,
2392 4519 2489 4573 per
2518 4504 2759 4573 seipsum
2794 4505 2904 4560 Deo
2934 4506 3249 4563 sacriﬁcare
3278 4523 3452 4565 ausus

177 4563 297 4660 φίῦς
332 4590 597 4660 ἐπιλέγει.
641 4563 807 4663 Οἶμαι
857 4594 915 4647 δὲ
957 4594 1050 4648 τὸν
1093 4596 1256 4649 αὑτὸν
1299 4563 1585 4669 προίρήτην
1630 4616 1764 4670 προ-

1887 4592 1939 4646 ιίι
1974 4611 1987 4647 :
2028 4608 2200 4664 quare
2248 4595 2317 4649 de
2367 4595 2515 4650 illius
2546 4595 2687 4650 facie
2721 4598 2925 4667 lepram
2966 4597 3293 4666 efﬂoruisse,
3343 4600 3452 4656 hoc

173 4681 330 4735 ἱέντα
362 4681 456 4734 τὸν
483 4683 704 4755 σεισμὸν
732 4685 1072 4756 ὑπογράφειν
1112 4688 1169 4739 ὲν
1197 4681 1278 4752 οἷς
1311 4705 1475 4759 φησιν
1498 4706 1511 4719 ·
1558 4709 1577 4741 ι
1610 4686 1763 4744 Εἶδον

1887 4684 2090 4754 μιὶάοιη
2127 4686 2183 4740 in
2229 4685 2530 4758 Regnorum
2578 4690 2733 4743 libris
2778 4690 3114 4745 continetur.
3166 4691 3238 4744 At
3291 4690 3451 4748 Jose-

174 4774 268 4827 τὸν
289 4774 496 4847 Κύριον
520 4777 802 4846 ἐφεστῶτα
824 4778 917 4830 ἐπὶ
938 4776 1030 4831 τοῦ
1052 4777 1460 4852 θυσιαστηρίου,
1489 4783 1583 4835 καὶ
1606 4778 1725 4835 εἶπε
1744 4800 1758 4813 ‘

1887 4776 2032 4841 )hus,
2063 4786 2327 4851 praeterea
2352 4794 2475 4849 qua:
2522 4779 2578 4833 in
2625 4782 2798 4837 sacris
2848 4781 3004 4838 libris
3044 4784 3246 4852 scripta
3294 4792 3444 4850 sunt,

175 4864 430 4931 Πάταξον
491 4866 585 4918 ἐπὶ
634 4867 698 4919 τὸ
733 4866 1140 4941 θυσιαστήριον,
1171 4871 1266 4923 καὶ
1313 4871 1660 4944 σεισθήσεται
1691 4874 1762 4927 τὰ

1887 4869 2033 4922 etiam
2065 4884 2127 4923 ea
2148 4886 2269 4939 quae
2291 4872 2645 4937 intrinsecus,
2671 4875 2829 4943 quasi
2857 4874 3109 4929 secundo.
3135 4870 3277 4936 loco,
3301 4878 3449 4944 apud

173 4956 462 5029 πρόπυλα’
514 4958 607 5011 καὶ
650 4957 905 5029 διάκοψον
952 4963 1032 5025 είς
1081 4962 1324 5031 κεφαλὰς
1372 4964 1615 5027 πάντων,
1667 4965 1763 5019 καὶ

1887 4958 2082 5016 ludaeos
2111 4962 2405 5028 habentur,
2442 4979 2655 5019 summa
2679 4964 2959 5035 diligentia
2993 4974 3335 5031 persecutus,
3361 4985 3450 5023 ut-

168 5051 304 5112 τοὺς
338 5049 699 5115 καταλοίπους
731 5052 901 5121 αὐτῆς
933 5055 992 5107 ὲν
1014 5054 1256 5126 ῥομφαίᾳ
1284 5055 1588 5109 ἀποκτενῶ.
1625 5075 1643 5107 ι
1683 5057 1762 5109 Δι’

1887 5062 1990 5108 mle
2018 5054 2113 5123 qui
2152 5053 2413 5111 Hebraeus
2439 5057 2511 5111 ab
2538 5055 2785 5113 Hebraeis
2803 5059 3117 5126 exsisteret,
3147 5073 3268 5128 qum
3297 5059 3448 5115 illius

176 5134 251 5194 ἓν
281 5140 529 5212 ἡγοῦμαι
567 5140 919 5206 θεσπίζεσθαι
966 5143 1057 5196 τὸν
1098 5145 1340 5214 σεισμὸν,
1388 5145 1484 5198 καὶ
1534 5145 1632 5217 τὴν
1670 5163 1764 5201 κα-

1887 5147 2010 5218 'egis
2059 5149 2398 5219 temporibus
2437 5149 2691 5204 evenisse
2722 5159 3137 5215 commemoret,
3170 5151 3286 5219 jam
3344 5167 3445 5205 au-

172 5229 425 5301 3aipsctv
459 5229 568 5285 τῶν
615 5231 782 5285 πάλαι
829 5232 1042 5302 σεμνῶν
1079 5232 1174 5287 τοῦ
1233 5233 1503 5288 Ἰουδαίων
1553 5234 1759 5300 ἔθνους,

1887 5237 1981 5293 lire
2000 5247 2175 5308 potes.
2196 5239 2397 5295 Narrat
2422 5240 2568 5295 enim
2602 5239 2679 5311 (i)
2713 5240 3172 5311 quemadmodum
3207 5260 3225 5292 ι
3246 5257 3449 5311 urget.-

176 5322 270 5376 ιιαὶ
300 5321 400 5392 τῆς
428 5322 846 5396 ἐπιτελουμένης
882 5325 974 5377 ὑπ’
1012 5324 1191 5379 αὐτῶν
1222 5328 1279 5380 ὲν
1304 5329 1368 5397 τῇ
1408 5328 1761 5399 Ἰερουσαλὴμ

1893 5331 2015 5385 ibus
2044 5331 2230 5386 Oziam
2263 5333 2666 5397 sacerdotibus,
2702 5342 2763 5387 ut
2790 5332 2858 5389 de
2893 5333 3096 5404 templo
3118 5334 3320 5398 exiret,
3347 5348 3447 5388 ne-

172 5413 493 5488 ὶρησθιείας,
526 5417 625 5488 τήν
675 5433 738 5469 τε
784 5416 1057 5470 ἀπώλειαν
1108 5418 1207 5489 τὴν
1263 5418 1624 5489 μετελθοῦσαν
1663 5422 1761 5473 αῦ-

1887 5439 1970 5492 μιο
2000 5423 2263 5480 adversus
2294 5425 2464 5480 Deum
2494 5435 2769 5496 peccaret,
2788 5426 2879 5480 ille
2904 5426 3079 5481 iratus
3103 5425 3197 5490 sit,
3225 5424 3446 5494 illisque

174 5509 300 5571 τοὺς
352 5505 491 5578 μετὰ
519 5506 618 5579 τὴν
659 5506 756 5562 τοῦ
799 5509 1050 5582 Σωτῆρος
1094 5507 1252 5580 ἡμῶν
1285 5510 1610 5581 παρουσίαν,
1643 5512 1755 5579 ὅτε,

1887 5526 2095 5571 nortem
2142 5518 2404 5581 minatus,
2454 5518 2562 5573 nisi
2610 5517 2956 5589 quiescerent
3005 5536 3019 5572 :
3072 5518 3282 5573 interea
3312 5532 3443 5572 vero

167 5598 673 5670 παραιτησαμένων
716 5599 894 5653 αὐτῶν
935 5600 1028 5654 τὸν
1067 5599 1304 5671 Χριστὸν
1349 5599 1444 5654 τοῦ
1488 5600 1625 5655 Θεοῦ
1662 5602 1754 5656 τὸν

1887 5616 2043 5685 notus
2105 5609 2329 5680 quidam
2386 5619 2590 5667 terram
2643 5610 3028 5677 concusserit,
3097 5609 3443 5682 dimissaque

241 5692 320 5762 (1)
345 5691 533 5760 Antiq.
567 5689 699 5745 Jutl.
740 5707 817 5757 lx,
851 5693 936 5748 H.

244 5789 291 5821 ⁸⁸
338 5786 455 5844 Jcr.
489 5806 528 5855 ι,
555 5790 644 5844 14.
