  <div class='ocr_page' id='page_1' title='image "/cluster/home/n/w/nwhite01/storage/ocr_20150623/22/nnc1.0046978372/247.png"; bbox 0 0 3828 6220; ppageno 0'>
   <div class='ocr_carea' id='block_1_1' title="bbox 419 260 532 324">
    <p class='ocr_par' dir='ltr' id='par_1_1' title="bbox 419 260 532 324">
     <span class='ocr_line' id='line_1_1' title="bbox 419 260 532 324; baseline -0.018 0"><span class='ocrx_word' id='word_1_1' title='bbox 419 260 532 324; x_wconf 67' lang='grc' dir='ltr'><strong>Ιϐὅ</strong></span> 
     </span>
    </p>
   </div>
   <div class='ocr_carea' id='block_1_2' title="bbox 1094 261 1968 328">
    <p class='ocr_par' dir='ltr' id='par_1_2' title="bbox 1094 263 1968 325">
     <span class='ocr_line' id='line_1_2' title="bbox 1094 263 1968 325; baseline 0.003 -5"><span class='ocrx_word' id='word_1_2' title='bbox 1094 263 1367 323; x_wconf 83' lang='lat' dir='ltr'><strong>EUSEBII</strong></span> <span class='ocrx_word' id='word_1_3' title='bbox 1396 267 1882 325; x_wconf 69' lang='lat' dir='ltr'><strong>CAESARIENSIS</strong></span> <span class='ocrx_word' id='word_1_4' title='bbox 1912 270 1968 323; x_wconf 89' lang='grc' dir='ltr'><strong>Ο]</strong></span> 
     </span>
    </p>
   </div>
   <div class='ocr_carea' id='block_1_3' title="bbox 2082 261 3002 328">
    <p class='ocr_par' dir='ltr' id='par_1_3' title="bbox 2091 265 3002 328">
     <span class='ocr_line' id='line_1_3' title="bbox 2091 265 3002 328; baseline 0.004 -6"><span class='ocrx_word' id='word_1_5' title='bbox 2091 265 2271 324; x_wconf 69' lang='lat' dir='ltr'><strong>PARS</strong></span> <span class='ocrx_word' id='word_1_6' title='bbox 2307 265 2370 325; x_wconf 84' lang='grc' dir='ltr'>Π.</span> <span class='ocrx_word' id='word_1_7' title='bbox 2396 302 2464 311; x_wconf 92' lang='grc'><strong><em>-</em></strong></span> <span class='ocrx_word' id='word_1_8' title='bbox 2495 265 3002 328; x_wconf 68' lang='grc' dir='ltr'><strong>ΑῬΟΕΟΟΕΤΙΟΑ.</strong></span> 
     </span>
    </p>
   </div>
   <div class='ocr_carea' id='block_1_4' title="bbox 3578 273 3669 331">
    <p class='ocr_par' dir='ltr' id='par_1_4' title="bbox 3578 273 3669 331">
     <span class='ocr_line' id='line_1_4' title="bbox 3578 273 3669 331; baseline 0.033 -3"><span class='ocrx_word' id='word_1_9' title='bbox 3578 273 3669 331; x_wconf 68' lang='grc' dir='ltr'>εει</span> 
     </span>
    </p>
   </div>
   <div class='ocr_carea' id='block_1_5' title="bbox 425 374 1968 459">
    <p class='ocr_par' dir='ltr' id='par_1_5' title="bbox 425 374 1964 456">
     <span class='ocr_line' id='line_1_5' title="bbox 425 374 1964 456; baseline 0.001 -20"><span class='ocrx_word' id='word_1_10' title='bbox 425 382 650 453; x_wconf 88' lang='lat' dir='ltr'><strong>templo,</strong></span> <span class='ocrx_word' id='word_1_11' title='bbox 687 374 943 453; x_wconf 84' lang='lat' dir='ltr'><strong>splendor</strong></span> <span class='ocrx_word' id='word_1_12' title='bbox 993 381 1183 454; x_wconf 85' lang='lat' dir='ltr'><strong>ingens</strong></span> <span class='ocrx_word' id='word_1_13' title='bbox 1226 386 1485 450; x_wconf 85' lang='lat' dir='ltr'><strong>illuxerit,</strong></span> <span class='ocrx_word' id='word_1_14' title='bbox 1532 385 1624 456; x_wconf 89' lang='lat' dir='ltr'><strong>qui</strong></span> <span class='ocrx_word' id='word_1_15' title='bbox 1657 385 1821 438; x_wconf 84' lang='lat' dir='ltr'><strong>etiam</strong></span> <span class='ocrx_word' id='word_1_16' title='bbox 1854 384 1964 454; x_wconf 87' lang='lat' dir='ltr'><strong>regi</strong></span> 
     </span>
    </p>
   </div>
   <div class='ocr_carea' id='block_1_6' title="bbox 2082 374 3666 459">
    <p class='ocr_par' dir='ltr' id='par_1_6' title="bbox 2105 383 3666 458">
     <span class='ocr_line' id='line_1_6' title="bbox 2105 383 3666 458; baseline 0.003 -21"><span class='ocrx_word' id='word_1_17' title='bbox 2105 383 2278 455; x_wconf 80' lang='grc' dir='ltr'>ἀληθῆ</span> <span class='ocrx_word' id='word_1_18' title='bbox 2317 386 2594 457; x_wconf 83' lang='grc' dir='ltr'>ἀρχιερέα,</span> <span class='ocrx_word' id='word_1_19' title='bbox 2633 384 2810 456; x_wconf 87' lang='grc' dir='ltr'>λέπρα</span> <span class='ocrx_word' id='word_1_20' title='bbox 2837 385 2977 438; x_wconf 84' lang='grc' dir='ltr'>κατὰ</span> <span class='ocrx_word' id='word_1_21' title='bbox 3009 384 3124 438; x_wconf 76' lang='grc' dir='ltr'>τῶν</span> <span class='ocrx_word' id='word_1_22' title='bbox 3149 385 3336 456; x_wconf 79' lang='grc' dir='ltr'>ψυχῶν</span> <span class='ocrx_word' id='word_1_23' title='bbox 3357 385 3666 458; x_wconf 68' lang='grc' dir='ltr'>ἐξήνθησεν,</span> 
     </span>
    </p>
   </div>
   <div class='ocr_carea' id='block_1_7' title="bbox 424 471 1994 546">
    <p class='ocr_par' dir='ltr' id='par_1_7' title="bbox 424 471 1994 546">
     <span class='ocr_line' id='line_1_7' title="bbox 424 471 1994 546; baseline -0.001 -18"><span class='ocrx_word' id='word_1_24' title='bbox 424 471 620 528; x_wconf 81' lang='lat' dir='ltr'><strong>faciem</strong></span> <span class='ocrx_word' id='word_1_25' title='bbox 651 473 932 542; x_wconf 78' lang='lat' dir='ltr'><strong>invaserit,</strong></span> <span class='ocrx_word' id='word_1_26' title='bbox 960 481 1012 528; x_wconf 91' lang='lat' dir='ltr'><strong>et</strong></span> <span class='ocrx_word' id='word_1_27' title='bbox 1056 475 1136 529; x_wconf 91' lang='lat' dir='ltr'><strong>sic</strong></span> <span class='ocrx_word' id='word_1_28' title='bbox 1178 477 1436 546; x_wconf 85' lang='lat' dir='ltr'><strong>cvestigio</strong></span> <span class='ocrx_word' id='word_1_29' title='bbox 1496 476 1648 529; x_wconf 92' lang='lat' dir='ltr'><strong>illum</strong></span> <span class='ocrx_word' id='word_1_30' title='bbox 1706 476 1761 528; x_wconf 92' lang='lat' dir='ltr'><strong>in</strong></span> <span class='ocrx_word' id='word_1_31' title='bbox 1791 476 1994 543; x_wconf 87' lang='lat' dir='ltr'><strong>lepram</strong></span> 
     </span>
    </p>
   </div>
   <div class='ocr_carea' id='block_1_8' title="bbox 2096 474 3669 550">
    <p class='ocr_par' dir='ltr' id='par_1_8' title="bbox 2096 474 3669 550">
     <span class='ocr_line' id='line_1_8' title="bbox 2096 474 3669 550; baseline 0.004 -24"><span class='ocrx_word' id='word_1_32' title='bbox 2096 474 2380 548; x_wconf 85' lang='grc' dir='ltr'>ὡσπεροῦν</span> <span class='ocrx_word' id='word_1_33' title='bbox 2407 478 2499 529; x_wconf 82' lang='lat' dir='ltr'><strong>xui</strong></span> <span class='ocrx_word' id='word_1_34' title='bbox 2527 477 2620 529; x_wconf 73' lang='grc' dir='ltr'><strong>ἐπὶ</strong></span> <span class='ocrx_word' id='word_1_35' title='bbox 2661 477 2755 528; x_wconf 83' lang='grc' dir='ltr'><strong>τοῦ</strong></span> <span class='ocrx_word' id='word_1_36' title='bbox 2803 477 3000 539; x_wconf 76' lang='grc' dir='ltr'>Ὀζίου,</span> <span class='ocrx_word' id='word_1_37' title='bbox 3032 479 3120 530; x_wconf 83' lang='grc' dir='ltr'>ὅτε</span> <span class='ocrx_word' id='word_1_38' title='bbox 3143 479 3238 530; x_wconf 80' lang='grc' dir='ltr'>καὶ</span> <span class='ocrx_word' id='word_1_39' title='bbox 3267 479 3486 550; x_wconf 82' lang='grc' dir='ltr'><strong>ἀοράτῳ</strong></span> <span class='ocrx_word' id='word_1_40' title='bbox 3521 479 3669 532; x_wconf 78' lang='grc' dir='ltr'>δυνά-</span> 
     </span>
    </p>
   </div>
   <div class='ocr_carea' id='block_1_9' title="bbox 425 565 1968 644">
    <p class='ocr_par' dir='ltr' id='par_1_9' title="bbox 425 565 1962 634">
     <span class='ocr_line' id='line_1_9' title="bbox 425 565 1962 634; baseline -0.001 -15"><span class='ocrx_word' id='word_1_41' title='bbox 425 565 707 621; x_wconf 89' lang='lat' dir='ltr'><strong>incidissc.</strong></span> <span class='ocrx_word' id='word_1_42' title='bbox 738 565 879 620; x_wconf 88' lang='lat' dir='ltr'><strong>Ante</strong></span> <span class='ocrx_word' id='word_1_43' title='bbox 924 566 1114 620; x_wconf 84' lang='lat' dir='ltr'><strong>urbem</strong></span> <span class='ocrx_word' id='word_1_44' title='bbox 1150 582 1280 621; x_wconf 87' lang='lat' dir='ltr'><strong>vero</strong></span> <span class='ocrx_word' id='word_1_45' title='bbox 1324 568 1393 621; x_wconf 90' lang='lat' dir='ltr'><strong>ad</strong></span> <span class='ocrx_word' id='word_1_46' title='bbox 1442 567 1623 620; x_wconf 87' lang='lat' dir='ltr'><strong>locum</strong></span> <span class='ocrx_word' id='word_1_47' title='bbox 1669 565 1761 634; x_wconf 88' lang='lat' dir='ltr'><strong>qui</strong></span> <span class='ocrx_word' id='word_1_48' title='bbox 1796 565 1962 618; x_wconf 90' lang='lat' dir='ltr'><strong>dicitu</strong></span> 
     </span>
    </p>
   </div>
   <div class='ocr_carea' id='block_1_10' title="bbox 2082 565 3665 644">
    <p class='ocr_par' dir='ltr' id='par_1_10' title="bbox 2100 566 3665 644">
     <span class='ocr_line' id='line_1_10' title="bbox 2100 566 3665 644; baseline 0.001 -23"><span class='ocrx_word' id='word_1_49' title='bbox 2100 587 2191 639; x_wconf 88' lang='grc' dir='ltr'><strong>μει</strong></span> <span class='ocrx_word' id='word_1_50' title='bbox 2228 568 2388 632; x_wconf 77' lang='grc' dir='ltr'>αὐτὸς</span> <span class='ocrx_word' id='word_1_51' title='bbox 2421 570 2448 621; x_wconf 89' lang='lat'><strong>6</strong></span> <span class='ocrx_word' id='word_1_52' title='bbox 2481 567 2684 639; x_wconf 82' lang='grc' dir='ltr'>Κύριος</span> <span class='ocrx_word' id='word_1_53' title='bbox 2713 569 2941 630; x_wconf 79' lang='grc' dir='ltr'>ἐπιστὰς</span> <span class='ocrx_word' id='word_1_54' title='bbox 2965 566 3042 638; x_wconf 83' lang='grc' dir='ltr'><strong>τῷ</strong></span> <span class='ocrx_word' id='word_1_55' title='bbox 3069 568 3442 644; x_wconf 79' lang='grc' dir='ltr'><strong>θυσιαστηρίῳ</strong></span> <span class='ocrx_word' id='word_1_56' title='bbox 3477 571 3665 636; x_wconf 78' lang='grc' dir='ltr'>αὐτῶν,</span> 
     </span>
    </p>
   </div>
   <div class='ocr_carea' id='block_1_11' title="bbox 407 654 1990 727">
    <p class='ocr_par' dir='ltr' id='par_1_11' title="bbox 407 654 1990 727">
     <span class='ocr_line' id='line_1_11' title="bbox 407 654 1990 727; baseline 0 -19"><span class='ocrx_word' id='word_1_57' title='bbox 407 654 616 727; x_wconf 78' lang='lat' dir='ltr'><strong>&#39;Eroge,</strong></span> <span class='ocrx_word' id='word_1_58' title='bbox 650 656 950 712; x_wconf 84' lang='lat' dir='ltr'><strong>abscissam</strong></span> <span class='ocrx_word' id='word_1_59' title='bbox 981 672 1104 712; x_wconf 92' lang='lat' dir='ltr'><strong>esse</strong></span> <span class='ocrx_word' id='word_1_60' title='bbox 1131 656 1196 710; x_wconf 89' lang='lat' dir='ltr'><strong>de</strong></span> <span class='ocrx_word' id='word_1_61' title='bbox 1238 665 1424 712; x_wconf 89' lang='lat' dir='ltr'><strong>monte</strong></span> <span class='ocrx_word' id='word_1_62' title='bbox 1447 657 1729 711; x_wconf 84' lang='lat' dir='ltr'><strong>dimidiam</strong></span> <span class='ocrx_word' id='word_1_63' title='bbox 1759 663 1990 726; x_wconf 89' lang='lat' dir='ltr'><strong>partem,</strong></span> 
     </span>
    </p>
   </div>
   <div class='ocr_carea' id='block_1_12' title="bbox 407 747 1994 818">
    <p class='ocr_par' dir='ltr' id='par_1_12' title="bbox 407 747 1994 818">
     <span class='ocr_line' id='line_1_12' title="bbox 407 747 1994 818; baseline 0.001 -18"><span class='ocrx_word' id='word_1_64' title='bbox 407 763 543 816; x_wconf 77' lang='lat' dir='ltr'><strong>quae</strong></span> <span class='ocrx_word' id='word_1_65' title='bbox 570 747 637 802; x_wconf 91' lang='lat' dir='ltr'><strong>ad</strong></span> <span class='ocrx_word' id='word_1_66' title='bbox 665 748 1004 805; x_wconf 83' lang='lat' dir='ltr'><strong>occidentem</strong></span> <span class='ocrx_word' id='word_1_67' title='bbox 1037 763 1192 805; x_wconf 87' lang='lat' dir='ltr'><strong>versa</strong></span> <span class='ocrx_word' id='word_1_68' title='bbox 1216 760 1333 804; x_wconf 90' lang='lat' dir='ltr'><strong>erat</strong></span> <span class='ocrx_word' id='word_1_69' title='bbox 1361 769 1372 803; x_wconf 93' lang='lat'>:</span> <span class='ocrx_word' id='word_1_70' title='bbox 1416 749 1876 818; x_wconf 89' lang='lat' dir='ltr'><strong>convolutamque</strong></span> <span class='ocrx_word' id='word_1_71' title='bbox 1898 764 1994 818; x_wconf 89' lang='lat' dir='ltr'><strong>per</strong></span> 
     </span>
    </p>
   </div>
   <div class='ocr_carea' id='block_1_13' title="bbox 420 840 1990 910">
    <p class='ocr_par' dir='ltr' id='par_1_13' title="bbox 420 840 1990 910">
     <span class='ocr_line' id='line_1_13' title="bbox 420 840 1990 910; baseline 0.001 -17"><span class='ocrx_word' id='word_1_72' title='bbox 420 847 657 909; x_wconf 77' lang='lat' dir='ltr'><strong>quatuor</strong></span> <span class='ocrx_word' id='word_1_73' title='bbox 705 840 904 904; x_wconf 90' lang='lat' dir='ltr'><strong>stadia,</strong></span> <span class='ocrx_word' id='word_1_74' title='bbox 938 840 1004 894; x_wconf 92' lang='lat' dir='ltr'><strong>ad</strong></span> <span class='ocrx_word' id='word_1_75' title='bbox 1035 849 1275 896; x_wconf 81' lang='lat' dir='ltr'><strong>montem</strong></span> <span class='ocrx_word' id='word_1_76' title='bbox 1308 842 1549 904; x_wconf 84' lang='lat' dir='ltr'><strong>stetisse,</strong></span> <span class='ocrx_word' id='word_1_77' title='bbox 1591 842 1684 910; x_wconf 90' lang='lat' dir='ltr'><strong>qui</strong></span> <span class='ocrx_word' id='word_1_78' title='bbox 1725 841 1990 895; x_wconf 90' lang='lat' dir='ltr'><strong>orientem</strong></span> 
     </span>
    </p>
   </div>
   <div class='ocr_carea' id='block_1_14' title="bbox 421 931 1991 1004">
    <p class='ocr_par' dir='ltr' id='par_1_14' title="bbox 421 931 1991 1004">
     <span class='ocr_line' id='line_1_14' title="bbox 421 931 1991 1004; baseline 0 -18"><span class='ocrx_word' id='word_1_79' title='bbox 421 931 724 1000; x_wconf 85' lang='lat' dir='ltr'><strong>spectabat,</strong></span> <span class='ocrx_word' id='word_1_80' title='bbox 757 932 940 1002; x_wconf 86' lang='lat' dir='ltr'><strong>itaque</strong></span> <span class='ocrx_word' id='word_1_81' title='bbox 982 941 1036 986; x_wconf 84' lang='lat' dir='ltr'><strong>et</strong></span> <span class='ocrx_word' id='word_1_82' title='bbox 1082 933 1265 988; x_wconf 87' lang='lat' dir='ltr'><strong>aditus</strong></span> <span class='ocrx_word' id='word_1_83' title='bbox 1304 942 1358 987; x_wconf 88' lang='lat' dir='ltr'><strong>et</strong></span> <span class='ocrx_word' id='word_1_84' title='bbox 1387 933 1579 988; x_wconf 83' lang='lat' dir='ltr'><strong>hortos</strong></span> <span class='ocrx_word' id='word_1_85' title='bbox 1619 934 1801 1004; x_wconf 86' lang='lat' dir='ltr'><strong>regios</strong></span> <span class='ocrx_word' id='word_1_86' title='bbox 1828 933 1991 988; x_wconf 87' lang='lat' dir='ltr'><strong>obtu-</strong></span> 
     </span>
    </p>
   </div>
   <div class='ocr_carea' id='block_1_15' title="bbox 416 1022 1989 1095">
    <p class='ocr_par' dir='ltr' id='par_1_15' title="bbox 416 1022 1989 1095">
     <span class='ocr_line' id='line_1_15' title="bbox 416 1022 1989 1095; baseline 0.001 -20"><span class='ocrx_word' id='word_1_87' title='bbox 416 1036 592 1077; x_wconf 89' lang='lat' dir='ltr'><strong>rassc.</strong></span> <span class='ocrx_word' id='word_1_88' title='bbox 639 1041 657 1074; x_wconf 83' lang='grc'>›</span> <span class='ocrx_word' id='word_1_89' title='bbox 694 1022 819 1079; x_wconf 80' lang='lat' dir='ltr'><strong>Haec</strong></span> <span class='ocrx_word' id='word_1_90' title='bbox 844 1040 974 1078; x_wconf 87' lang='lat' dir='ltr'><strong>sane</strong></span> <span class='ocrx_word' id='word_1_91' title='bbox 995 1039 1095 1094; x_wconf 90' lang='lat' dir='ltr'><strong>ego</strong></span> <span class='ocrx_word' id='word_1_92' title='bbox 1131 1025 1186 1077; x_wconf 90' lang='lat' dir='ltr'><strong>in</strong></span> <span class='ocrx_word' id='word_1_93' title='bbox 1217 1025 1372 1078; x_wconf 83' lang='lat' dir='ltr'><strong>libris</strong></span> <span class='ocrx_word' id='word_1_94' title='bbox 1408 1023 1657 1079; x_wconf 80' lang='lat' dir='ltr'><strong>Judaicw</strong></span> <span class='ocrx_word' id='word_1_95' title='bbox 1685 1026 1989 1095; x_wconf 77' lang='lat' dir='ltr'><strong>Antiquita-</strong></span> 
     </span>
    </p>
   </div>
   <div class='ocr_carea' id='block_1_16' title="bbox 418 1116 1989 1188">
    <p class='ocr_par' dir='ltr' id='par_1_16' title="bbox 418 1116 1989 1188">
     <span class='ocr_line' id='line_1_16' title="bbox 418 1116 1989 1188; baseline 0.003 -19"><span class='ocrx_word' id='word_1_96' title='bbox 418 1119 484 1171; x_wconf 69' lang='grc' dir='ltr'><strong>εἰς</strong></span> <span class='ocrx_word' id='word_1_97' title='bbox 516 1117 713 1188; x_wconf 89' lang='lat' dir='ltr'><strong>posita,</strong></span> <span class='ocrx_word' id='word_1_98' title='bbox 765 1118 903 1187; x_wconf 73' lang='lat' dir='ltr'><strong>apud</strong></span> <span class='ocrx_word' id='word_1_99' title='bbox 953 1116 1246 1188; x_wconf 85' lang='lat' dir='ltr'><strong>Josephum</strong></span> <span class='ocrx_word' id='word_1_100' title='bbox 1295 1117 1646 1187; x_wconf 80' lang='lat' dir='ltr'><strong>deprehendi.</strong></span> <span class='ocrx_word' id='word_1_101' title='bbox 1681 1118 1838 1187; x_wconf 90' lang='lat' dir='ltr'><strong>Apud</strong></span> <span class='ocrx_word' id='word_1_102' title='bbox 1862 1133 1989 1188; x_wconf 93' lang='lat' dir='ltr'><strong>pro-</strong></span> 
     </span>
    </p>
   </div>
   <div class='ocr_carea' id='block_1_17' title="bbox 402 1207 1984 1278">
    <p class='ocr_par' dir='ltr' id='par_1_17' title="bbox 402 1207 1984 1278">
     <span class='ocr_line' id='line_1_17' title="bbox 402 1207 1984 1278; baseline 0.003 -18"><span class='ocrx_word' id='word_1_103' title='bbox 402 1207 632 1278; x_wconf 69' lang='lat' dir='ltr'><strong>phetam</strong></span> <span class='ocrx_word' id='word_1_104' title='bbox 672 1223 806 1263; x_wconf 89' lang='lat' dir='ltr'><strong>vero</strong></span> <span class='ocrx_word' id='word_1_105' title='bbox 846 1208 1032 1272; x_wconf 82' lang='lat' dir='ltr'><strong>Amos,</strong></span> <span class='ocrx_word' id='word_1_106' title='bbox 1068 1208 1226 1262; x_wconf 88' lang='lat' dir='ltr'><strong>initio</strong></span> <span class='ocrx_word' id='word_1_107' title='bbox 1269 1209 1416 1263; x_wconf 91' lang='lat' dir='ltr'><strong>illius</strong></span> <span class='ocrx_word' id='word_1_108' title='bbox 1445 1209 1740 1278; x_wconf 70' lang='lat' dir='ltr'><strong>prophetire</strong></span> <span class='ocrx_word' id='word_1_109' title='bbox 1779 1210 1984 1273; x_wconf 90' lang='lat' dir='ltr'><strong>inveni,</strong></span> 
     </span>
    </p>
   </div>
   <div class='ocr_carea' id='block_1_18' title="bbox 413 1298 1985 1368">
    <p class='ocr_par' dir='ltr' id='par_1_18' title="bbox 413 1298 1985 1368">
     <span class='ocr_line' id='line_1_18' title="bbox 413 1298 1985 1368; baseline 0.002 -17"><span class='ocrx_word' id='word_1_110' title='bbox 413 1298 867 1366; x_wconf 89' lang='lat' dir='ltr'><strong>quemadmodum</strong></span> <span class='ocrx_word' id='word_1_111' title='bbox 901 1299 1016 1368; x_wconf 89' lang='lat' dir='ltr'><strong>ipse</strong></span> <span class='ocrx_word' id='word_1_112' title='bbox 1061 1299 1349 1352; x_wconf 87' lang='lat' dir='ltr'><strong>vaticinari</strong></span> <span class='ocrx_word' id='word_1_113' title='bbox 1403 1299 1630 1367; x_wconf 76' lang='lat' dir='ltr'><strong>cmperit</strong></span> <span class='ocrx_word' id='word_1_114' title='bbox 1682 1299 1738 1351; x_wconf 92' lang='lat' dir='ltr'><strong>in</strong></span> <span class='ocrx_word' id='word_1_115' title='bbox 1791 1299 1985 1354; x_wconf 89' lang='lat' dir='ltr'><strong>diebus</strong></span> 
     </span>
    </p>
   </div>
   <div class='ocr_carea' id='block_1_19' title="bbox 397 1389 1980 1460">
    <p class='ocr_par' dir='ltr' id='par_1_19' title="bbox 397 1389 1980 1460">
     <span class='ocr_line' id='line_1_19' title="bbox 397 1389 1980 1460; baseline 0.001 -15"><span class='ocrx_word' id='word_1_116' title='bbox 397 1391 558 1445; x_wconf 83' lang='lat' dir='ltr'><strong>&#39;Oziae</strong></span> <span class='ocrx_word' id='word_1_117' title='bbox 587 1389 914 1460; x_wconf 16' lang='lat' dir='ltr'><strong>regisAJuda,</strong></span> <span class='ocrx_word' id='word_1_118' title='bbox 950 1389 1164 1445; x_wconf 90' lang='lat' dir='ltr'><strong>duobus</strong></span> <span class='ocrx_word' id='word_1_119' title='bbox 1199 1397 1323 1444; x_wconf 89' lang='lat' dir='ltr'><strong>ante</strong></span> <span class='ocrx_word' id='word_1_120' title='bbox 1356 1399 1723 1445; x_wconf 73' lang='lat' dir='ltr'><strong>terraemotum</strong></span> <span class='ocrx_word' id='word_1_121' title='bbox 1776 1392 1936 1446; x_wconf 90' lang='lat' dir='ltr'><strong>annis</strong></span> <span class='ocrx_word' id='word_1_122' title='bbox 1968 1410 1980 1446; x_wconf 92' lang='lat'>:</span> 
     </span>
    </p>
   </div>
   <div class='ocr_carea' id='block_1_20' title="bbox 409 1483 1982 1553">
    <p class='ocr_par' dir='ltr' id='par_1_20' title="bbox 409 1483 1982 1553">
     <span class='ocr_line' id='line_1_20' title="bbox 409 1483 1982 1553; baseline 0 -17"><span class='ocrx_word' id='word_1_123' title='bbox 409 1499 571 1553; x_wconf 89' lang='lat' dir='ltr'><strong>quem</strong></span> <span class='ocrx_word' id='word_1_124' title='bbox 602 1497 730 1537; x_wconf 85' lang='lat' dir='ltr'><strong>vero</strong></span> <span class='ocrx_word' id='word_1_125' title='bbox 762 1490 1126 1537; x_wconf 75' lang='lat' dir='ltr'><strong>terraemolum</strong></span> <span class='ocrx_word' id='word_1_126' title='bbox 1148 1483 1434 1552; x_wconf 80' lang='lat' dir='ltr'><strong>intelligat,</strong></span> <span class='ocrx_word' id='word_1_127' title='bbox 1464 1497 1732 1553; x_wconf 87' lang='lat' dir='ltr'><strong>nusquam</strong></span> <span class='ocrx_word' id='word_1_128' title='bbox 1767 1483 1982 1552; x_wconf 86' lang='lat' dir='ltr'><strong>perspi-</strong></span> 
     </span>
    </p>
   </div>
   <div class='ocr_carea' id='block_1_21' title="bbox 393 1573 1981 1644">
    <p class='ocr_par' dir='ltr' id='par_1_21' title="bbox 393 1573 1981 1644">
     <span class='ocr_line' id='line_1_21' title="bbox 393 1573 1981 1644; baseline 0 -16"><span class='ocrx_word' id='word_1_129' title='bbox 393 1589 512 1629; x_wconf 61' lang='lat' dir='ltr'><strong>‘cue</strong></span> <span class='ocrx_word' id='word_1_130' title='bbox 563 1574 863 1644; x_wconf 86' lang='lat' dir='ltr'><strong>subjungit.</strong></span> <span class='ocrx_word' id='word_1_131' title='bbox 915 1573 1018 1628; x_wconf 86' lang='lat' dir='ltr'><strong>Sed</strong></span> <span class='ocrx_word' id='word_1_132' title='bbox 1071 1575 1309 1629; x_wconf 86' lang='lat' dir='ltr'><strong>arbitror</strong></span> <span class='ocrx_word' id='word_1_133' title='bbox 1359 1573 1608 1629; x_wconf 90' lang='lat' dir='ltr'><strong>eumdem</strong></span> <span class='ocrx_word' id='word_1_134' title='bbox 1662 1575 1981 1643; x_wconf 85' lang='lat' dir='ltr'><strong>prophetam</strong></span> 
     </span>
    </p>
   </div>
   <div class='ocr_carea' id='block_1_22' title="bbox 407 1666 1976 1737">
    <p class='ocr_par' dir='ltr' id='par_1_22' title="bbox 407 1666 1976 1737">
     <span class='ocr_line' id='line_1_22' title="bbox 407 1666 1976 1737; baseline 0 -16"><span class='ocrx_word' id='word_1_135' title='bbox 407 1666 624 1737; x_wconf 84' lang='lat' dir='ltr'><strong>longius</strong></span> <span class='ocrx_word' id='word_1_136' title='bbox 663 1681 1032 1736; x_wconf 88' lang='lat' dir='ltr'><strong>progressum,</strong></span> <span class='ocrx_word' id='word_1_137' title='bbox 1069 1667 1213 1720; x_wconf 90' lang='lat' dir='ltr'><strong>hunc</strong></span> <span class='ocrx_word' id='word_1_138' title='bbox 1235 1674 1613 1720; x_wconf 76' lang='lat' dir='ltr'><strong>terraunotum</strong></span> <span class='ocrx_word' id='word_1_139' title='bbox 1644 1666 1976 1731; x_wconf 87' lang='lat' dir='ltr'><strong>describere,</strong></span> 
     </span>
    </p>
   </div>
   <div class='ocr_carea' id='block_1_23' title="bbox 2092 659 3666 732">
    <p class='ocr_par' dir='ltr' id='par_1_23' title="bbox 2092 659 3666 732">
     <span class='ocr_line' id='line_1_23' title="bbox 2092 659 3666 732; baseline 0.003 -20"><span class='ocrx_word' id='word_1_140' title='bbox 2092 661 2192 730; x_wconf 80' lang='grc' dir='ltr'>τὴν</span> <span class='ocrx_word' id='word_1_141' title='bbox 2220 659 2466 724; x_wconf 78' lang='grc' dir='ltr'><strong>ἐξουσίαν</strong></span> <span class='ocrx_word' id='word_1_142' title='bbox 2499 659 2666 712; x_wconf 79' lang='grc' dir='ltr'>ἔδωκε</span> <span class='ocrx_word' id='word_1_143' title='bbox 2697 659 2775 730; x_wconf 85' lang='grc' dir='ltr'><strong>τῷ</strong></span> <span class='ocrx_word' id='word_1_144' title='bbox 2809 659 3160 724; x_wconf 88' lang='grc' dir='ltr'>πατάσσοντι,</span> <span class='ocrx_word' id='word_1_145' title='bbox 3190 662 3398 732; x_wconf 82' lang='grc' dir='ltr'><strong>φήσας·</strong></span> <span class='ocrx_word' id='word_1_146' title='bbox 3435 681 3454 712; x_wconf 88' lang='grc'><strong>‹</strong></span> <span class='ocrx_word' id='word_1_147' title='bbox 3491 663 3666 716; x_wconf 85' lang='grc' dir='ltr'>Πάτα-</span> 
     </span>
    </p>
   </div>
   <div class='ocr_carea' id='block_1_24' title="bbox 2095 751 3663 827">
    <p class='ocr_par' dir='ltr' id='par_1_24' title="bbox 2095 751 3663 827">
     <span class='ocr_line' id='line_1_24' title="bbox 2095 751 3663 827; baseline 0.004 -23"><span class='ocrx_word' id='word_1_148' title='bbox 2095 751 2182 816; x_wconf 83' lang='grc' dir='ltr'><strong>ξον</strong></span> <span class='ocrx_word' id='word_1_149' title='bbox 2221 751 2280 806; x_wconf 83' lang='grc' dir='ltr'><strong>τὸ</strong></span> <span class='ocrx_word' id='word_1_150' title='bbox 2309 752 2712 824; x_wconf 82' lang='grc' dir='ltr'><strong>θυσιαστήριον.</strong></span> <span class='ocrx_word' id='word_1_151' title='bbox 2750 771 2768 803; x_wconf 72' lang='grc' dir='ltr'><strong>ι</strong></span> <span class='ocrx_word' id='word_1_152' title='bbox 2822 754 3059 823; x_wconf 88' lang='grc' dir='ltr'>Δυνάμει</span> <span class='ocrx_word' id='word_1_153' title='bbox 3105 752 3235 822; x_wconf 87' lang='grc' dir='ltr'>γοῦν</span> <span class='ocrx_word' id='word_1_154' title='bbox 3275 753 3435 807; x_wconf 88' lang='grc' dir='ltr'>τοῦτο</span> <span class='ocrx_word' id='word_1_155' title='bbox 3465 756 3663 827; x_wconf 81' lang='grc' dir='ltr'>ἐδήλου,</span> 
     </span>
    </p>
   </div>
   <div class='ocr_carea' id='block_1_25' title="bbox 2091 835 3664 914">
    <p class='ocr_par' dir='ltr' id='par_1_25' title="bbox 2091 835 3664 914">
     <span class='ocr_line' id='line_1_25' title="bbox 2091 835 3664 914; baseline 0.004 -24"><span class='ocrx_word' id='word_1_156' title='bbox 2091 835 2264 906; x_wconf 86' lang='grc' dir='ltr'>λέγων</span> <span class='ocrx_word' id='word_1_157' title='bbox 2287 855 2300 867; x_wconf 88' lang='grc'><strong>·</strong></span> <span class='ocrx_word' id='word_1_158' title='bbox 2336 856 2354 888; x_wconf 75' lang='grc' dir='ltr'><strong>ι</strong></span> <span class='ocrx_word' id='word_1_159' title='bbox 2399 837 2639 907; x_wconf 84' lang='grc' dir='ltr'>Ἀφίεται</span> <span class='ocrx_word' id='word_1_160' title='bbox 2676 841 2804 909; x_wconf 80' lang='grc' dir='ltr'>ὑμῖν</span> <span class='ocrx_word' id='word_1_161' title='bbox 2829 840 2858 891; x_wconf 88' lang='lat'><strong>6</strong></span> <span class='ocrx_word' id='word_1_162' title='bbox 2879 836 3026 903; x_wconf 84' lang='grc' dir='ltr'>οἶκος</span> <span class='ocrx_word' id='word_1_163' title='bbox 3057 841 3210 907; x_wconf 83' lang='grc' dir='ltr'>ὑμῶν</span> <span class='ocrx_word' id='word_1_164' title='bbox 3249 841 3476 914; x_wconf 80' lang='grc' dir='ltr'>ἔρημος.</span> <span class='ocrx_word' id='word_1_165' title='bbox 3513 864 3533 896; x_wconf 68' lang='grc' dir='ltr'><strong>ι</strong></span> <span class='ocrx_word' id='word_1_166' title='bbox 3569 849 3664 900; x_wconf 77' lang='grc' dir='ltr'><strong>Αὐ-</strong></span> 
     </span>
    </p>
   </div>
   <div class='ocr_carea' id='block_1_26' title="bbox 2089 927 3663 1004">
    <p class='ocr_par' dir='ltr' id='par_1_26' title="bbox 2089 927 3663 1004">
     <span class='ocr_line' id='line_1_26' title="bbox 2089 927 3663 1004; baseline 0.006 -25"><span class='ocrx_word' id='word_1_167' title='bbox 2089 927 2214 980; x_wconf 84' lang='grc' dir='ltr'>τίκα</span> <span class='ocrx_word' id='word_1_168' title='bbox 2240 928 2372 996; x_wconf 92' lang='grc' dir='ltr'>γοῦν</span> <span class='ocrx_word' id='word_1_169' title='bbox 2403 929 2496 981; x_wconf 81' lang='grc' dir='ltr'><strong>ἐπὶ</strong></span> <span class='ocrx_word' id='word_1_170' title='bbox 2531 928 2610 999; x_wconf 86' lang='grc' dir='ltr'>τῷ</span> <span class='ocrx_word' id='word_1_171' title='bbox 2643 930 2804 983; x_wconf 81' lang='grc' dir='ltr'>πάθει</span> <span class='ocrx_word' id='word_1_172' title='bbox 2834 930 2995 983; x_wconf 88' lang='grc' dir='ltr'>αὐτοῦ</span> <span class='ocrx_word' id='word_1_173' title='bbox 3042 931 3103 984; x_wconf 87' lang='grc' dir='ltr'><strong>τὸ</strong></span> <span class='ocrx_word' id='word_1_174' title='bbox 3149 933 3552 1004; x_wconf 79' lang='grc' dir='ltr'>καταπέτασμα</span> <span class='ocrx_word' id='word_1_175' title='bbox 3578 936 3663 988; x_wconf 77' lang='grc' dir='ltr'><strong>τοῦ</strong></span> 
     </span>
    </p>
   </div>
   <div class='ocr_carea' id='block_1_27' title="bbox 2089 1015 3664 1096">
    <p class='ocr_par' dir='ltr' id='par_1_27' title="bbox 2089 1015 3664 1096">
     <span class='ocr_line' id='line_1_27' title="bbox 2089 1015 3664 1096; baseline 0.007 -26"><span class='ocrx_word' id='word_1_176' title='bbox 2089 1015 2214 1070; x_wconf 91' lang='grc' dir='ltr'>ναοῦ</span> <span class='ocrx_word' id='word_1_177' title='bbox 2262 1017 2486 1088; x_wconf 80' lang='grc' dir='ltr'>ἐσχίσθη</span> <span class='ocrx_word' id='word_1_178' title='bbox 2534 1018 2640 1070; x_wconf 83' lang='grc' dir='ltr'>ἀπὸ</span> <span class='ocrx_word' id='word_1_179' title='bbox 2685 1018 2889 1072; x_wconf 85' lang='grc' dir='ltr'>ἄνωθεν</span> <span class='ocrx_word' id='word_1_180' title='bbox 2931 1018 3038 1083; x_wconf 71' lang='grc' dir='ltr'><strong>ἕως</strong></span> <span class='ocrx_word' id='word_1_181' title='bbox 3091 1020 3261 1086; x_wconf 88' lang='grc' dir='ltr'>κάτω,</span> <span class='ocrx_word' id='word_1_182' title='bbox 3311 1021 3602 1096; x_wconf 81' lang='grc' dir='ltr'>ὡσπεροῦν</span> <span class='ocrx_word' id='word_1_183' title='bbox 3641 1029 3664 1081; x_wconf 76' lang='lat'><strong>6</strong></span> 
     </span>
    </p>
   </div>
   <div class='ocr_carea' id='block_1_28' title="bbox 2101 1108 3664 1190">
    <p class='ocr_par' dir='ltr' id='par_1_28' title="bbox 2101 1108 3664 1190">
     <span class='ocr_line' id='line_1_28' title="bbox 2101 1108 3664 1190; baseline 0.005 -28"><span class='ocrx_word' id='word_1_184' title='bbox 2101 1108 2360 1180; x_wconf 86' lang='grc' dir='ltr'>Ἰώσηπος</span> <span class='ocrx_word' id='word_1_185' title='bbox 2393 1110 2596 1181; x_wconf 87' lang='grc' dir='ltr'>ἱστορεί</span> <span class='ocrx_word' id='word_1_186' title='bbox 2629 1111 2911 1179; x_wconf 87' lang='grc' dir='ltr'>γεγονέναι</span> <span class='ocrx_word' id='word_1_187' title='bbox 2957 1111 3097 1165; x_wconf 81' lang='grc' dir='ltr'>κατὰ</span> <span class='ocrx_word' id='word_1_188' title='bbox 3146 1115 3275 1177; x_wconf 77' lang='grc' dir='ltr'>τοὺς</span> <span class='ocrx_word' id='word_1_189' title='bbox 3323 1115 3500 1179; x_wconf 73' lang='grc' dir='ltr'>ὐζίου</span> <span class='ocrx_word' id='word_1_190' title='bbox 3548 1120 3664 1190; x_wconf 84' lang='grc' dir='ltr'>χρό-</span> 
     </span>
    </p>
   </div>
   <div class='ocr_carea' id='block_1_29' title="bbox 2087 1197 3662 1280">
    <p class='ocr_par' dir='ltr' id='par_1_29' title="bbox 2087 1197 3662 1280">
     <span class='ocr_line' id='line_1_29' title="bbox 2087 1197 3662 1280; baseline 0.005 -26"><span class='ocrx_word' id='word_1_191' title='bbox 2087 1217 2228 1263; x_wconf 88' lang='grc' dir='ltr'>νους.</span> <span class='ocrx_word' id='word_1_192' title='bbox 2263 1197 2394 1254; x_wconf 73' lang='grc' dir='ltr'>Εἶτα</span> <span class='ocrx_word' id='word_1_193' title='bbox 2421 1202 2685 1272; x_wconf 86' lang='grc' dir='ltr'>πρότερον</span> <span class='ocrx_word' id='word_1_194' title='bbox 2713 1201 2813 1272; x_wconf 83' lang='grc' dir='ltr'><strong>μὲν</strong></span> <span class='ocrx_word' id='word_1_195' title='bbox 2848 1203 3066 1274; x_wconf 86' lang='grc' dir='ltr'>ἐσείσθη</span> <span class='ocrx_word' id='word_1_196' title='bbox 3113 1202 3182 1256; x_wconf 86' lang='grc' dir='ltr'>τὰ</span> <span class='ocrx_word' id='word_1_197' title='bbox 3209 1205 3481 1276; x_wconf 87' lang='grc' dir='ltr'>πρόπυλα,</span> <span class='ocrx_word' id='word_1_198' title='bbox 3512 1209 3602 1262; x_wconf 79' lang='grc' dir='ltr'>ὅτε</span> <span class='ocrx_word' id='word_1_199' title='bbox 3632 1212 3662 1280; x_wconf 72' lang='grc' dir='ltr'><strong>ἡ</strong></span> 
     </span>
    </p>
   </div>
   <div class='ocr_carea' id='block_1_30' title="bbox 2083 1291 3661 1369">
    <p class='ocr_par' dir='ltr' id='par_1_30' title="bbox 2083 1291 3661 1369">
     <span class='ocr_line' id='line_1_30' title="bbox 2083 1291 3661 1369; baseline 0.006 -25"><span class='ocrx_word' id='word_1_200' title='bbox 2083 1292 2157 1364; x_wconf 82' lang='grc' dir='ltr'>γῆ</span> <span class='ocrx_word' id='word_1_201' title='bbox 2189 1292 2406 1364; x_wconf 76' lang='grc' dir='ltr'>ἐσείσθη</span> <span class='ocrx_word' id='word_1_202' title='bbox 2441 1293 2584 1347; x_wconf 80' lang='grc' dir='ltr'>κατὰ</span> <span class='ocrx_word' id='word_1_203' title='bbox 2610 1293 2699 1346; x_wconf 81' lang='grc' dir='ltr'><strong>τὸν</strong></span> <span class='ocrx_word' id='word_1_204' title='bbox 2725 1291 2825 1346; x_wconf 88' lang='grc' dir='ltr'><strong>τοῦ</strong></span> <span class='ocrx_word' id='word_1_205' title='bbox 2856 1294 3061 1358; x_wconf 82' lang='grc' dir='ltr'>πάθους</span> <span class='ocrx_word' id='word_1_206' title='bbox 3094 1295 3258 1349; x_wconf 81' lang='grc' dir='ltr'>αὑτοῦ</span> <span class='ocrx_word' id='word_1_207' title='bbox 3288 1299 3476 1368; x_wconf 85' lang='grc' dir='ltr'>καιρόν</span> <span class='ocrx_word' id='word_1_208' title='bbox 3501 1317 3515 1328; x_wconf 89' lang='grc'><strong>·</strong></span> <span class='ocrx_word' id='word_1_209' title='bbox 3551 1299 3661 1369; x_wconf 83' lang='grc' dir='ltr'>μετ’</span> 
     </span>
    </p>
   </div>
   <div class='ocr_carea' id='block_1_31' title="bbox 2081 1384 3664 1460">
    <p class='ocr_par' dir='ltr' id='par_1_31' title="bbox 2081 1384 3664 1460">
     <span class='ocr_line' id='line_1_31' title="bbox 2081 1384 3664 1460; baseline 0.008 -24"><span class='ocrx_word' id='word_1_210' title='bbox 2081 1385 2145 1437; x_wconf 85' lang='grc' dir='ltr'><strong>οὐ</strong></span> <span class='ocrx_word' id='word_1_211' title='bbox 2176 1384 2310 1438; x_wconf 81' lang='grc' dir='ltr'>πολὺ</span> <span class='ocrx_word' id='word_1_212' title='bbox 2343 1385 2399 1438; x_wconf 83' lang='grc' dir='ltr'><strong>δέ</strong></span> <span class='ocrx_word' id='word_1_213' title='bbox 2450 1386 2546 1439; x_wconf 86' lang='lat' dir='ltr'><strong>xui</strong></span> <span class='ocrx_word' id='word_1_214' title='bbox 2577 1386 2676 1457; x_wconf 81' lang='grc' dir='ltr'>τὴν</span> <span class='ocrx_word' id='word_1_215' title='bbox 2709 1387 2942 1458; x_wconf 83' lang='grc' dir='ltr'>ἐσχάτην</span> <span class='ocrx_word' id='word_1_216' title='bbox 2987 1389 3246 1460; x_wconf 84' lang='grc' dir='ltr'>ὑπέμεινε</span> <span class='ocrx_word' id='word_1_217' title='bbox 3299 1393 3530 1447; x_wconf 81' lang='grc' dir='ltr'>πτῶσιν.</span> <span class='ocrx_word' id='word_1_218' title='bbox 3561 1398 3664 1448; x_wconf 80' lang='grc' dir='ltr'><strong>Λα·-</strong></span> 
     </span>
    </p>
   </div>
   <div class='ocr_carea' id='block_1_32' title="bbox 2083 1477 3663 1552">
    <p class='ocr_par' dir='ltr' id='par_1_32' title="bbox 2083 1477 3663 1552">
     <span class='ocr_line' id='line_1_32' title="bbox 2083 1477 3663 1552; baseline 0.004 -22"><span class='ocrx_word' id='word_1_219' title='bbox 2083 1477 2194 1532; x_wconf 85' lang='grc' dir='ltr'>6ὡν</span> <span class='ocrx_word' id='word_1_220' title='bbox 2225 1496 2284 1532; x_wconf 89' lang='grc' dir='ltr'><strong>τε</strong></span> <span class='ocrx_word' id='word_1_221' title='bbox 2319 1479 2416 1550; x_wconf 84' lang='grc' dir='ltr'>τὴν</span> <span class='ocrx_word' id='word_1_222' title='bbox 2444 1478 2692 1543; x_wconf 80' lang='grc' dir='ltr'>ἐξουσίαν</span> <span class='ocrx_word' id='word_1_223' title='bbox 2721 1483 2750 1534; x_wconf 98' lang='lat'><strong>6</strong></span> <span class='ocrx_word' id='word_1_224' title='bbox 2781 1481 3098 1545; x_wconf 87' lang='grc' dir='ltr'>πατάσσων,</span> <span class='ocrx_word' id='word_1_225' title='bbox 3123 1482 3370 1552; x_wconf 66' lang='grc' dir='ltr'>διέκοψεν</span> <span class='ocrx_word' id='word_1_226' title='bbox 3394 1486 3473 1547; x_wconf 85' lang='grc' dir='ltr'><strong>είς</strong></span> <span class='ocrx_word' id='word_1_227' title='bbox 3502 1502 3663 1552; x_wconf 78' lang='grc' dir='ltr'>κεφα-</span> 
     </span>
    </p>
   </div>
   <div class='ocr_carea' id='block_1_33' title="bbox 2082 1569 3660 1648">
    <p class='ocr_par' dir='ltr' id='par_1_33' title="bbox 2082 1569 3660 1648">
     <span class='ocr_line' id='line_1_33' title="bbox 2082 1569 3660 1648; baseline 0.004 -27"><span class='ocrx_word' id='word_1_228' title='bbox 2082 1569 2180 1634; x_wconf 80' lang='grc' dir='ltr'>λὰς</span> <span class='ocrx_word' id='word_1_229' title='bbox 2209 1572 2484 1624; x_wconf 87' lang='grc' dir='ltr'>ἁπάντων.</span> <span class='ocrx_word' id='word_1_230' title='bbox 2532 1572 2693 1626; x_wconf 85' lang='grc' dir='ltr'>Κατὰ</span> <span class='ocrx_word' id='word_1_231' title='bbox 2718 1571 2876 1626; x_wconf 91' lang='grc' dir='ltr'>τοῦτο</span> <span class='ocrx_word' id='word_1_232' title='bbox 2927 1573 2991 1644; x_wconf 81' lang='grc' dir='ltr'>δὴ</span> <span class='ocrx_word' id='word_1_233' title='bbox 3025 1570 3117 1626; x_wconf 77' lang='grc' dir='ltr'><strong>οὖν</strong></span> <span class='ocrx_word' id='word_1_234' title='bbox 3157 1573 3250 1628; x_wconf 85' lang='grc' dir='ltr'><strong>τοῦ</strong></span> <span class='ocrx_word' id='word_1_235' title='bbox 3284 1575 3477 1646; x_wconf 82' lang='grc' dir='ltr'>καιροῦ</span> <span class='ocrx_word' id='word_1_236' title='bbox 3511 1577 3660 1648; x_wconf 75' lang='grc' dir='ltr'>καὶὴ</span> 
     </span>
    </p>
   </div>
   <div class='ocr_carea' id='block_1_34' title="bbox 2081 1663 3661 1739">
    <p class='ocr_par' dir='ltr' id='par_1_34' title="bbox 2081 1663 3661 1739">
     <span class='ocr_line' id='line_1_34' title="bbox 2081 1663 3661 1739; baseline 0.004 -23"><span class='ocrx_word' id='word_1_237' title='bbox 2081 1663 2266 1727; x_wconf 80' lang='grc' dir='ltr'>κοιλὰς</span> <span class='ocrx_word' id='word_1_238' title='bbox 2291 1663 2401 1718; x_wconf 81' lang='grc' dir='ltr'><strong>τῶν</strong></span> <span class='ocrx_word' id='word_1_239' title='bbox 2429 1664 2524 1718; x_wconf 87' lang='grc' dir='ltr'><strong>τοῦ</strong></span> <span class='ocrx_word' id='word_1_240' title='bbox 2553 1665 2684 1719; x_wconf 88' lang='grc' dir='ltr'>Θεοῦ</span> <span class='ocrx_word' id='word_1_241' title='bbox 2721 1666 2894 1736; x_wconf 76' lang='grc' dir='ltr'>ὀρέων</span> <span class='ocrx_word' id='word_1_242' title='bbox 2937 1667 3236 1739; x_wconf 75' lang='grc' dir='ltr'>ἐνεφράγη,</span> <span class='ocrx_word' id='word_1_243' title='bbox 3262 1667 3548 1736; x_wconf 55' lang='grc' dir='ltr'>ὡσπροῦν</span> <span class='ocrx_word' id='word_1_244' title='bbox 3575 1668 3661 1737; x_wconf 64' lang='lat'><strong>76-</strong></span> 
     </span>
    </p>
   </div>
   <div class='ocr_carea' id='block_1_35' title="bbox 408 1757 1968 1836">
    <p class='ocr_par' dir='ltr' id='par_1_35' title="bbox 408 1757 1968 1829">
     <span class='ocr_line' id='line_1_35' title="bbox 408 1757 1968 1829; baseline -0.001 -16"><span class='ocrx_word' id='word_1_245' title='bbox 408 1759 502 1815; x_wconf 88' lang='lat' dir='ltr'><strong>ubi</strong></span> <span class='ocrx_word' id='word_1_246' title='bbox 536 1760 648 1812; x_wconf 89' lang='lat' dir='ltr'><strong>ait:</strong></span> <span class='ocrx_word' id='word_1_247' title='bbox 684 1776 701 1808; x_wconf 80' lang='grc' dir='ltr'><strong>ι</strong></span> <span class='ocrx_word' id='word_1_248' title='bbox 743 1757 863 1812; x_wconf 75' lang='lat' dir='ltr'><strong>Vidi</strong></span> <span class='ocrx_word' id='word_1_249' title='bbox 899 1758 1187 1812; x_wconf 89' lang='lat' dir='ltr'><strong>Dominum</strong></span> <span class='ocrx_word' id='word_1_250' title='bbox 1234 1766 1466 1813; x_wconf 89' lang='lat' dir='ltr'><strong>stantem</strong></span> <span class='ocrx_word' id='word_1_251' title='bbox 1498 1773 1663 1829; x_wconf 87' lang='lat' dir='ltr'><strong>super</strong></span> <span class='ocrx_word' id='word_1_252' title='bbox 1695 1759 1886 1822; x_wconf 84' lang='lat' dir='ltr'><strong>altare,</strong></span> <span class='ocrx_word' id='word_1_253' title='bbox 1926 1768 1968 1812; x_wconf 91' lang='lat' dir='ltr'><strong>el</strong></span> 
     </span>
    </p>
   </div>
   <div class='ocr_carea' id='block_1_36' title="bbox 2082 1757 3662 1836">
    <p class='ocr_par' dir='ltr' id='par_1_36' title="bbox 2082 1758 3662 1829">
     <span class='ocr_line' id='line_1_36' title="bbox 2082 1758 3662 1829; baseline 0.005 -21"><span class='ocrx_word' id='word_1_254' title='bbox 2082 1773 2237 1824; x_wconf 90' lang='grc' dir='ltr'>γονεν</span> <span class='ocrx_word' id='word_1_255' title='bbox 2273 1758 2364 1810; x_wconf 73' lang='grc' dir='ltr'><strong>ἐπὶ</strong></span> <span class='ocrx_word' id='word_1_256' title='bbox 2410 1758 2616 1820; x_wconf 81' lang='grc' dir='ltr'>Ὀζίου·</span> <span class='ocrx_word' id='word_1_257' title='bbox 2665 1758 2800 1829; x_wconf 85' lang='grc' dir='ltr'>πρὸς</span> <span class='ocrx_word' id='word_1_258' title='bbox 2841 1759 2940 1828; x_wconf 79' lang='grc' dir='ltr'>μὲν</span> <span class='ocrx_word' id='word_1_259' title='bbox 2989 1759 3150 1829; x_wconf 78' lang='grc' dir='ltr'>ῥητὸν</span> <span class='ocrx_word' id='word_1_260' title='bbox 3193 1761 3285 1812; x_wconf 89' lang='lat' dir='ltr'><strong>xui</strong></span> <span class='ocrx_word' id='word_1_261' title='bbox 3323 1760 3491 1824; x_wconf 80' lang='grc' dir='ltr'>λέξιν,</span> <span class='ocrx_word' id='word_1_262' title='bbox 3525 1763 3662 1816; x_wconf 74' lang='grc' dir='ltr'>κατὰ</span> 
     </span>
    </p>
   </div>
   <div class='ocr_carea' id='block_1_37' title="bbox 407 1850 1975 1920">
    <p class='ocr_par' dir='ltr' id='par_1_37' title="bbox 407 1850 1975 1920">
     <span class='ocr_line' id='line_1_37' title="bbox 407 1850 1975 1920; baseline -0.001 -15"><span class='ocrx_word' id='word_1_263' title='bbox 407 1852 545 1906; x_wconf 80' lang='lat' dir='ltr'><strong>dixit</strong></span> <span class='ocrx_word' id='word_1_264' title='bbox 577 1871 589 1906; x_wconf 89' lang='lat'><strong>:</strong></span> <span class='ocrx_word' id='word_1_265' title='bbox 626 1850 854 1905; x_wconf 87' lang='lat' dir='ltr'><strong>Percute</strong></span> <span class='ocrx_word' id='word_1_266' title='bbox 887 1865 1050 1920; x_wconf 80' lang='lat' dir='ltr'><strong>super</strong></span> <span class='ocrx_word' id='word_1_267' title='bbox 1081 1851 1269 1915; x_wconf 83' lang='lat' dir='ltr'><strong>altare,</strong></span> <span class='ocrx_word' id='word_1_268' title='bbox 1291 1857 1344 1904; x_wconf 90' lang='lat' dir='ltr'><strong>ct</strong></span> <span class='ocrx_word' id='word_1_269' title='bbox 1367 1850 1855 1904; x_wconf 88' lang='lat' dir='ltr'><strong>commovebuntur</strong></span> <span class='ocrx_word' id='word_1_270' title='bbox 1885 1867 1975 1904; x_wconf 86' lang='lat' dir='ltr'><strong>ve-</strong></span> 
     </span>
    </p>
   </div>
   <div class='ocr_carea' id='block_1_38' title="bbox 411 1942 1975 2013">
    <p class='ocr_par' dir='ltr' id='par_1_38' title="bbox 411 1942 1975 2013">
     <span class='ocr_line' id='line_1_38' title="bbox 411 1942 1975 2013; baseline -0.001 -15"><span class='ocrx_word' id='word_1_271' title='bbox 411 1945 635 2007; x_wconf 72' lang='lat' dir='ltr'><strong>stibula,</strong></span> <span class='ocrx_word' id='word_1_272' title='bbox 689 1952 742 1997; x_wconf 85' lang='lat' dir='ltr'><strong>et</strong></span> <span class='ocrx_word' id='word_1_273' title='bbox 766 1943 912 1998; x_wconf 61' lang='lat' dir='ltr'><strong>crede</strong></span> <span class='ocrx_word' id='word_1_274' title='bbox 953 1943 1008 1997; x_wconf 91' lang='lat' dir='ltr'><strong>in</strong></span> <span class='ocrx_word' id='word_1_275' title='bbox 1037 1944 1214 2013; x_wconf 85' lang='lat' dir='ltr'><strong>capita</strong></span> <span class='ocrx_word' id='word_1_276' title='bbox 1263 1942 1526 2008; x_wconf 87' lang='lat' dir='ltr'><strong>omnium,</strong></span> <span class='ocrx_word' id='word_1_277' title='bbox 1568 1949 1621 1996; x_wconf 91' lang='lat' dir='ltr'><strong>et</strong></span> <span class='ocrx_word' id='word_1_278' title='bbox 1655 1944 1750 2011; x_wconf 92' lang='lat' dir='ltr'><strong>qui</strong></span> <span class='ocrx_word' id='word_1_279' title='bbox 1780 1943 1975 2012; x_wconf 88' lang='lat' dir='ltr'><strong>reliqui</strong></span> 
     </span>
    </p>
   </div>
   <div class='ocr_carea' id='block_1_39' title="bbox 410 2031 1974 2104">
    <p class='ocr_par' dir='ltr' id='par_1_39' title="bbox 410 2031 1974 2104">
     <span class='ocr_line' id='line_1_39' title="bbox 410 2031 1974 2104; baseline -0.002 -16"><span class='ocrx_word' id='word_1_280' title='bbox 410 2034 614 2089; x_wconf 78' lang='lat' dir='ltr'><strong>fuerint</strong></span> <span class='ocrx_word' id='word_1_281' title='bbox 641 2050 707 2087; x_wconf 78' lang='lat' dir='ltr'><strong>ex</strong></span> <span class='ocrx_word' id='word_1_282' title='bbox 738 2051 822 2097; x_wconf 88' lang='lat' dir='ltr'><strong>ea,</strong></span> <span class='ocrx_word' id='word_1_283' title='bbox 847 2035 899 2088; x_wconf 92' lang='lat' dir='ltr'><strong>in</strong></span> <span class='ocrx_word' id='word_1_284' title='bbox 928 2034 1107 2104; x_wconf 91' lang='lat' dir='ltr'><strong>gladio</strong></span> <span class='ocrx_word' id='word_1_285' title='bbox 1133 2032 1452 2086; x_wconf 82' lang='lat' dir='ltr'><strong>interﬁciam</strong></span> <span class='ocrx_word' id='word_1_286' title='bbox 1480 2033 1569 2085; x_wconf 85' lang='grc'>¹·².</span> <span class='ocrx_word' id='word_1_287' title='bbox 1612 2051 1630 2084; x_wconf 82' lang='grc'><strong>›</strong></span> <span class='ocrx_word' id='word_1_288' title='bbox 1667 2031 1875 2098; x_wconf 86' lang='lat' dir='ltr'><strong>Quibus</strong></span> <span class='ocrx_word' id='word_1_289' title='bbox 1908 2034 1974 2086; x_wconf 92' lang='lat' dir='ltr'><strong>il-</strong></span> 
     </span>
    </p>
   </div>
   <div class='ocr_carea' id='block_1_40' title="bbox 406 2126 1976 2190">
    <p class='ocr_par' dir='ltr' id='par_1_40' title="bbox 406 2126 1976 2190">
     <span class='ocr_line' id='line_1_40' title="bbox 406 2126 1976 2190; baseline -0.001 -12"><span class='ocrx_word' id='word_1_290' title='bbox 406 2126 520 2178; x_wconf 90' lang='lat' dir='ltr'><strong>lum</strong></span> <span class='ocrx_word' id='word_1_291' title='bbox 554 2126 732 2180; x_wconf 81' lang='lat' dir='ltr'><strong>verbis</strong></span> <span class='ocrx_word' id='word_1_292' title='bbox 765 2141 961 2180; x_wconf 86' lang='lat' dir='ltr'><strong>censeo</strong></span> <span class='ocrx_word' id='word_1_293' title='bbox 1007 2139 1202 2179; x_wconf 86' lang='lat' dir='ltr'><strong>canere</strong></span> <span class='ocrx_word' id='word_1_294' title='bbox 1252 2130 1638 2186; x_wconf 83' lang='lat' dir='ltr'><strong>terraemotum,</strong></span> <span class='ocrx_word' id='word_1_295' title='bbox 1681 2138 1976 2190; x_wconf 87' lang='lat' dir='ltr'><strong>rerumque</strong></span> 
     </span>
    </p>
   </div>
   <div class='ocr_carea' id='block_1_41' title="bbox 400 2215 1973 2286">
    <p class='ocr_par' dir='ltr' id='par_1_41' title="bbox 400 2215 1973 2286">
     <span class='ocr_line' id='line_1_41' title="bbox 400 2215 1973 2286; baseline -0.001 -15"><span class='ocrx_word' id='word_1_296' title='bbox 400 2216 645 2271; x_wconf 83' lang='lat' dir='ltr'><strong>Judaicae</strong></span> <span class='ocrx_word' id='word_1_297' title='bbox 669 2218 846 2286; x_wconf 89' lang='lat' dir='ltr'><strong>gentis</strong></span> <span class='ocrx_word' id='word_1_298' title='bbox 881 2226 932 2270; x_wconf 87' lang='lat' dir='ltr'><strong>et</strong></span> <span class='ocrx_word' id='word_1_299' title='bbox 960 2217 1165 2286; x_wconf 82' lang='lat' dir='ltr'><strong>gloriae,</strong></span> <span class='ocrx_word' id='word_1_300' title='bbox 1225 2229 1438 2271; x_wconf 87' lang='lat' dir='ltr'><strong>necnon</strong></span> <span class='ocrx_word' id='word_1_301' title='bbox 1471 2215 1632 2277; x_wconf 90' lang='lat' dir='ltr'><strong>ritus,</strong></span> <span class='ocrx_word' id='word_1_302' title='bbox 1661 2215 1753 2284; x_wconf 91' lang='lat' dir='ltr'><strong>qui</strong></span> <span class='ocrx_word' id='word_1_303' title='bbox 1777 2215 1973 2269; x_wconf 85' lang='lat' dir='ltr'><strong>abillis</strong></span> 
     </span>
    </p>
   </div>
   <div class='ocr_carea' id='block_1_42' title="bbox 391 2303 1972 2373">
    <p class='ocr_par' dir='ltr' id='par_1_42' title="bbox 391 2303 1972 2373">
     <span class='ocr_line' id='line_1_42' title="bbox 391 2303 1972 2373; baseline -0.001 -13"><span class='ocrx_word' id='word_1_304' title='bbox 391 2308 461 2361; x_wconf 76' lang='lat' dir='ltr'><strong>in</strong></span> <span class='ocrx_word' id='word_1_305' title='bbox 503 2305 802 2361; x_wconf 83' lang='lat' dir='ltr'><strong>Jerusalem</strong></span> <span class='ocrx_word' id='word_1_306' title='bbox 843 2307 1241 2366; x_wconf 83' lang='lat' dir='ltr'><strong>celebrabatur,</strong></span> <span class='ocrx_word' id='word_1_307' title='bbox 1296 2303 1660 2370; x_wconf 90' lang='lat' dir='ltr'><strong>eversionem,</strong></span> <span class='ocrx_word' id='word_1_308' title='bbox 1710 2313 1972 2373; x_wconf 58' lang='lat' dir='ltr'><strong>praterea</strong></span> 
     </span>
    </p>
   </div>
   <div class='ocr_carea' id='block_1_43' title="bbox 400 2395 1971 2468">
    <p class='ocr_par' dir='ltr' id='par_1_43' title="bbox 400 2395 1971 2468">
     <span class='ocr_line' id='line_1_43' title="bbox 400 2395 1971 2468; baseline -0.003 -14"><span class='ocrx_word' id='word_1_309' title='bbox 400 2400 701 2461; x_wconf 90' lang='lat' dir='ltr'><strong>interitum,</strong></span> <span class='ocrx_word' id='word_1_310' title='bbox 736 2397 828 2468; x_wconf 91' lang='lat' dir='ltr'><strong>qui</strong></span> <span class='ocrx_word' id='word_1_311' title='bbox 862 2398 985 2452; x_wconf 91' lang='lat' dir='ltr'><strong>illos</strong></span> <span class='ocrx_word' id='word_1_312' title='bbox 1013 2405 1134 2467; x_wconf 80' lang='lat' dir='ltr'><strong>post</strong></span> <span class='ocrx_word' id='word_1_313' title='bbox 1186 2395 1486 2451; x_wconf 87' lang='lat' dir='ltr'><strong>Salvatoris</strong></span> <span class='ocrx_word' id='word_1_314' title='bbox 1533 2396 1706 2452; x_wconf 90' lang='lat' dir='ltr'><strong>nostri</strong></span> <span class='ocrx_word' id='word_1_315' title='bbox 1768 2396 1971 2451; x_wconf 88' lang='lat' dir='ltr'><strong>adven-</strong></span> 
     </span>
    </p>
   </div>
   <div class='ocr_carea' id='block_1_44' title="bbox 389 2487 1971 2558">
    <p class='ocr_par' dir='ltr' id='par_1_44' title="bbox 389 2487 1971 2558">
     <span class='ocr_line' id='line_1_44' title="bbox 389 2487 1971 2558; baseline -0.001 -16"><span class='ocrx_word' id='word_1_316' title='bbox 389 2496 515 2542; x_wconf 80' lang='lat' dir='ltr'><strong>tum</strong></span> <span class='ocrx_word' id='word_1_317' title='bbox 545 2490 828 2552; x_wconf 83' lang='lat' dir='ltr'><strong>invaserit,</strong></span> <span class='ocrx_word' id='word_1_318' title='bbox 861 2504 972 2558; x_wconf 91' lang='lat' dir='ltr'><strong>quo</strong></span> <span class='ocrx_word' id='word_1_319' title='bbox 1003 2487 1256 2542; x_wconf 82' lang='lat' dir='ltr'><strong>videlicet</strong></span> <span class='ocrx_word' id='word_1_320' title='bbox 1284 2494 1550 2558; x_wconf 88' lang='lat' dir='ltr'><strong>tempore,</strong></span> <span class='ocrx_word' id='word_1_321' title='bbox 1585 2487 1971 2542; x_wconf 87' lang='lat' dir='ltr'><strong>recusantibus</strong></span> 
     </span>
    </p>
   </div>
   <div class='ocr_carea' id='block_1_45' title="bbox 401 2579 1970 2650">
    <p class='ocr_par' dir='ltr' id='par_1_45' title="bbox 401 2579 1970 2650">
     <span class='ocr_line' id='line_1_45' title="bbox 401 2579 1970 2650; baseline 0 -18"><span class='ocrx_word' id='word_1_322' title='bbox 401 2579 511 2635; x_wconf 90' lang='lat' dir='ltr'><strong>illis</strong></span> <span class='ocrx_word' id='word_1_323' title='bbox 535 2580 811 2635; x_wconf 79' lang='lat' dir='ltr'><strong>Christum</strong></span> <span class='ocrx_word' id='word_1_324' title='bbox 845 2580 958 2641; x_wconf 89' lang='lat' dir='ltr'><strong>Dei,</strong></span> <span class='ocrx_word' id='word_1_325' title='bbox 995 2579 1154 2650; x_wconf 78' lang='lat'><strong>292</strong></span> <span class='ocrx_word' id='word_1_326' title='bbox 1192 2596 1315 2635; x_wconf 89' lang='lat' dir='ltr'><strong>eum</strong></span> <span class='ocrx_word' id='word_1_327' title='bbox 1347 2581 1442 2650; x_wconf 89' lang='lat' dir='ltr'><strong>qui</strong></span> <span class='ocrx_word' id='word_1_328' title='bbox 1477 2595 1643 2635; x_wconf 88' lang='lat' dir='ltr'><strong>verus</strong></span> <span class='ocrx_word' id='word_1_329' title='bbox 1665 2587 1750 2634; x_wconf 87' lang='lat' dir='ltr'><strong>est</strong></span> <span class='ocrx_word' id='word_1_330' title='bbox 1783 2594 1970 2635; x_wconf 82' lang='lat' dir='ltr'><strong>sacer-</strong></span> 
     </span>
    </p>
   </div>
   <div class='ocr_carea' id='block_1_46' title="bbox 398 2664 1970 2740">
    <p class='ocr_par' dir='ltr' id='par_1_46' title="bbox 398 2664 1970 2740">
     <span class='ocr_line' id='line_1_46' title="bbox 398 2664 1970 2740; baseline -0.001 -16"><span class='ocrx_word' id='word_1_331' title='bbox 398 2669 521 2734; x_wconf 90' lang='lat' dir='ltr'><strong>dos,</strong></span> <span class='ocrx_word' id='word_1_332' title='bbox 554 2670 704 2740; x_wconf 87' lang='lat' dir='ltr'><strong>lepra</strong></span> <span class='ocrx_word' id='word_1_333' title='bbox 739 2670 935 2725; x_wconf 88' lang='lat' dir='ltr'><strong>animis</strong></span> <span class='ocrx_word' id='word_1_334' title='bbox 975 2664 1195 2724; x_wconf 82' lang='lat' dir='ltr'><strong>illorum</strong></span> <span class='ocrx_word' id='word_1_335' title='bbox 1231 2670 1422 2724; x_wconf 90' lang='lat' dir='ltr'><strong>oborta</strong></span> <span class='ocrx_word' id='word_1_336' title='bbox 1467 2677 1572 2734; x_wconf 82' lang='lat' dir='ltr'><strong>est,</strong></span> <span class='ocrx_word' id='word_1_337' title='bbox 1623 2671 1766 2725; x_wconf 91' lang='lat' dir='ltr'><strong>sicut</strong></span> <span class='ocrx_word' id='word_1_338' title='bbox 1806 2669 1970 2724; x_wconf 84' lang='lat' dir='ltr'><strong>etiam</strong></span> 
     </span>
    </p>
   </div>
   <div class='ocr_carea' id='block_1_47' title="bbox 398 2757 1970 2828">
    <p class='ocr_par' dir='ltr' id='par_1_47' title="bbox 398 2757 1970 2828">
     <span class='ocr_line' id='line_1_47' title="bbox 398 2757 1970 2828; baseline 0 -16"><span class='ocrx_word' id='word_1_339' title='bbox 398 2757 544 2812; x_wconf 75' lang='lat' dir='ltr'><strong>Oziae</strong></span> <span class='ocrx_word' id='word_1_340' title='bbox 573 2759 932 2828; x_wconf 88' lang='lat' dir='ltr'><strong>temporibus,</strong></span> <span class='ocrx_word' id='word_1_341' title='bbox 962 2758 1180 2828; x_wconf 87' lang='lat' dir='ltr'><strong>quando</strong></span> <span class='ocrx_word' id='word_1_342' title='bbox 1209 2759 1260 2811; x_wconf 87' lang='lat' dir='ltr'><strong>vi</strong></span> <span class='ocrx_word' id='word_1_343' title='bbox 1306 2758 1540 2828; x_wconf 89' lang='lat' dir='ltr'><strong>quadam</strong></span> <span class='ocrx_word' id='word_1_344' title='bbox 1571 2757 1833 2813; x_wconf 76' lang='lat' dir='ltr'><strong>invisibili</strong></span> <span class='ocrx_word' id='word_1_345' title='bbox 1863 2757 1970 2812; x_wconf 75' lang='lat' dir='ltr'><strong>Do-</strong></span> 
     </span>
    </p>
   </div>
   <div class='ocr_carea' id='block_1_48' title="bbox 395 2849 1970 2922">
    <p class='ocr_par' dir='ltr' id='par_1_48' title="bbox 395 2849 1970 2922">
     <span class='ocr_line' id='line_1_48' title="bbox 395 2849 1970 2922; baseline 0.001 -19"><span class='ocrx_word' id='word_1_346' title='bbox 395 2850 578 2904; x_wconf 89' lang='lat' dir='ltr'><strong>minus</strong></span> <span class='ocrx_word' id='word_1_347' title='bbox 598 2851 768 2906; x_wconf 88' lang='lat' dir='ltr'><strong>altare</strong></span> <span class='ocrx_word' id='word_1_348' title='bbox 789 2850 1046 2906; x_wconf 85' lang='lat' dir='ltr'><strong>insistens</strong></span> <span class='ocrx_word' id='word_1_349' title='bbox 1073 2851 1310 2915; x_wconf 90' lang='lat' dir='ltr'><strong>illorum,</strong></span> <span class='ocrx_word' id='word_1_350' title='bbox 1337 2857 1658 2921; x_wconf 89' lang='lat' dir='ltr'><strong>potestatem</strong></span> <span class='ocrx_word' id='word_1_351' title='bbox 1691 2849 1820 2906; x_wconf 82' lang='lat' dir='ltr'><strong>fecit</strong></span> <span class='ocrx_word' id='word_1_352' title='bbox 1842 2867 1970 2922; x_wconf 90' lang='lat' dir='ltr'><strong>per-</strong></span> 
     </span>
    </p>
   </div>
   <div class='ocr_carea' id='block_1_49' title="bbox 394 2941 1969 3008">
    <p class='ocr_par' dir='ltr' id='par_1_49' title="bbox 394 2941 1969 3008">
     <span class='ocr_line' id='line_1_49' title="bbox 394 2941 1969 3008; baseline 0.001 -11"><span class='ocrx_word' id='word_1_353' title='bbox 394 2943 646 3008; x_wconf 86' lang='lat' dir='ltr'><strong>cutienti,</strong></span> <span class='ocrx_word' id='word_1_354' title='bbox 693 2943 882 2999; x_wconf 89' lang='lat' dir='ltr'><strong>dicens</strong></span> <span class='ocrx_word' id='word_1_355' title='bbox 921 2961 934 2997; x_wconf 91' lang='lat'>:</span> <span class='ocrx_word' id='word_1_356' title='bbox 991 2962 1010 2994; x_wconf 85' lang='grc'><strong>‹</strong></span> <span class='ocrx_word' id='word_1_357' title='bbox 1060 2941 1295 2997; x_wconf 84' lang='lat' dir='ltr'><strong>Percute</strong></span> <span class='ocrx_word' id='word_1_358' title='bbox 1339 2943 1529 2998; x_wconf 90' lang='lat' dir='ltr'><strong>altare.</strong></span> <span class='ocrx_word' id='word_1_359' title='bbox 1591 2962 1610 2995; x_wconf 73' lang='grc' dir='ltr'><strong>ι</strong></span> <span class='ocrx_word' id='word_1_360' title='bbox 1659 2941 1822 2998; x_wconf 82' lang='lat' dir='ltr'><strong>Certe</strong></span> <span class='ocrx_word' id='word_1_361' title='bbox 1868 2958 1969 2998; x_wconf 84' lang='lat' dir='ltr'><strong>sua</strong></span> 
     </span>
    </p>
   </div>
   <div class='ocr_carea' id='block_1_50' title="bbox 394 3032 1970 3106">
    <p class='ocr_par' dir='ltr' id='par_1_50' title="bbox 394 3032 1970 3106">
     <span class='ocr_line' id='line_1_50' title="bbox 394 3032 1970 3106; baseline 0 -16"><span class='ocrx_word' id='word_1_362' title='bbox 394 3034 571 3106; x_wconf 88' lang='lat' dir='ltr'><strong>ipsius</strong></span> <span class='ocrx_word' id='word_1_363' title='bbox 595 3041 863 3104; x_wconf 86' lang='lat' dir='ltr'><strong>potestate</strong></span> <span class='ocrx_word' id='word_1_364' title='bbox 893 3034 994 3088; x_wconf 91' lang='lat' dir='ltr'><strong>hoc</strong></span> <span class='ocrx_word' id='word_1_365' title='bbox 1021 3034 1200 3104; x_wconf 84' lang='lat' dir='ltr'><strong>ipsum</strong></span> <span class='ocrx_word' id='word_1_366' title='bbox 1225 3033 1540 3099; x_wconf 87' lang='lat' dir='ltr'><strong>declaravit,</strong></span> <span class='ocrx_word' id='word_1_367' title='bbox 1562 3033 1750 3089; x_wconf 88' lang='lat' dir='ltr'><strong>dicens</strong></span> <span class='ocrx_word' id='word_1_368' title='bbox 1778 3052 1790 3088; x_wconf 91' lang='lat'>:</span> <span class='ocrx_word' id='word_1_369' title='bbox 1818 3054 1835 3085; x_wconf 81' lang='grc' dir='ltr'><strong>ι</strong></span> <span class='ocrx_word' id='word_1_370' title='bbox 1861 3032 1970 3090; x_wconf 82' lang='lat' dir='ltr'><strong>Re-</strong></span> 
     </span>
    </p>
   </div>
   <div class='ocr_carea' id='block_1_51' title="bbox 2079 1848 3658 1923">
    <p class='ocr_par' dir='ltr' id='par_1_51' title="bbox 2079 1848 3658 1923">
     <span class='ocr_line' id='line_1_51' title="bbox 2079 1848 3658 1923; baseline 0.003 -23"><span class='ocrx_word' id='word_1_371' title='bbox 2079 1848 2177 1919; x_wconf 81' lang='grc' dir='ltr'><strong>τὴν</strong></span> <span class='ocrx_word' id='word_1_372' title='bbox 2215 1849 2500 1918; x_wconf 84' lang='grc' dir='ltr'>Ῥωμαίων</span> <span class='ocrx_word' id='word_1_373' title='bbox 2545 1849 2881 1923; x_wconf 85' lang='grc' dir='ltr'>πολιορκίαν,</span> <span class='ocrx_word' id='word_1_374' title='bbox 2918 1850 3038 1903; x_wconf 89' lang='grc' dir='ltr'>καθ’</span> <span class='ocrx_word' id='word_1_375' title='bbox 3080 1852 3144 1920; x_wconf 83' lang='grc' dir='ltr'>ἢν</span> <span class='ocrx_word' id='word_1_376' title='bbox 3184 1848 3337 1922; x_wconf 80' lang='grc' dir='ltr'>οἶμαι</span> <span class='ocrx_word' id='word_1_377' title='bbox 3383 1853 3658 1923; x_wconf 75' lang='grc' dir='ltr'>συμϐῆναί</span> 
     </span>
    </p>
   </div>
   <div class='ocr_carea' id='block_1_52' title="bbox 2079 1941 3658 2016">
    <p class='ocr_par' dir='ltr' id='par_1_52' title="bbox 2079 1941 3658 2016">
     <span class='ocr_line' id='line_1_52' title="bbox 2079 1941 3658 2016; baseline 0.003 -24"><span class='ocrx_word' id='word_1_378' title='bbox 2079 1958 2199 1994; x_wconf 88' lang='grc' dir='ltr'>τινα</span> <span class='ocrx_word' id='word_1_379' title='bbox 2225 1941 2449 1994; x_wconf 88' lang='grc' dir='ltr'>τοιαῦτα</span> <span class='ocrx_word' id='word_1_380' title='bbox 2473 1958 2486 1970; x_wconf 84' lang='grc'><strong>·</strong></span> <span class='ocrx_word' id='word_1_381' title='bbox 2523 1942 2659 2014; x_wconf 79' lang='grc' dir='ltr'>πρὸς</span> <span class='ocrx_word' id='word_1_382' title='bbox 2681 1942 2737 1995; x_wconf 85' lang='grc' dir='ltr'>δὲ</span> <span class='ocrx_word' id='word_1_383' title='bbox 2773 1943 3028 2006; x_wconf 87' lang='grc' dir='ltr'>διάνοιαν,</span> <span class='ocrx_word' id='word_1_384' title='bbox 3069 1944 3157 1996; x_wconf 84' lang='grc' dir='ltr'>ὅτε</span> <span class='ocrx_word' id='word_1_385' title='bbox 3185 1945 3218 2014; x_wconf 83' lang='grc' dir='ltr'>ἡ</span> <span class='ocrx_word' id='word_1_386' title='bbox 3249 1947 3538 2016; x_wconf 80' lang='grc' dir='ltr'>σωματικὴ</span> <span class='ocrx_word' id='word_1_387' title='bbox 3568 1947 3658 2000; x_wconf 82' lang='lat' dir='ltr'><strong>xui</strong></span> 
     </span>
    </p>
   </div>
   <div class='ocr_carea' id='block_1_53' title="bbox 2077 2034 3655 2108">
    <p class='ocr_par' dir='ltr' id='par_1_53' title="bbox 2077 2034 3655 2108">
     <span class='ocr_line' id='line_1_53' title="bbox 2077 2034 3655 2108; baseline 0.003 -24"><span class='ocrx_word' id='word_1_388' title='bbox 2077 2034 2436 2102; x_wconf 83' lang='grc' dir='ltr'>ταπεινοτέρα</span> <span class='ocrx_word' id='word_1_389' title='bbox 2485 2034 2578 2087; x_wconf 82' lang='grc' dir='ltr'><strong>τοῦ</strong></span> <span class='ocrx_word' id='word_1_390' title='bbox 2612 2037 2891 2100; x_wconf 86' lang='grc' dir='ltr'>Μωῦσέως</span> <span class='ocrx_word' id='word_1_391' title='bbox 2935 2037 3100 2107; x_wconf 89' lang='grc' dir='ltr'>νόμου</span> <span class='ocrx_word' id='word_1_392' title='bbox 3136 2037 3358 2108; x_wconf 84' lang='grc' dir='ltr'>λατρεία</span> <span class='ocrx_word' id='word_1_393' title='bbox 3401 2039 3655 2092; x_wconf 80' lang='grc' dir='ltr'>ἀπεκλεί-</span> 
     </span>
    </p>
   </div>
   <div class='ocr_carea' id='block_1_54' title="bbox 2080 2123 3658 2198">
    <p class='ocr_par' dir='ltr' id='par_1_54' title="bbox 2080 2123 3658 2198">
     <span class='ocr_line' id='line_1_54' title="bbox 2080 2123 3658 2198; baseline 0.004 -23"><span class='ocrx_word' id='word_1_394' title='bbox 2080 2123 2202 2194; x_wconf 91' lang='grc' dir='ltr'>σθη,</span> <span class='ocrx_word' id='word_1_395' title='bbox 2238 2126 2318 2187; x_wconf 78' lang='grc' dir='ltr'><strong>είς</strong></span> <span class='ocrx_word' id='word_1_396' title='bbox 2348 2126 2407 2178; x_wconf 79' lang='grc' dir='ltr'><strong>τὸ</strong></span> <span class='ocrx_word' id='word_1_397' title='bbox 2442 2126 2639 2197; x_wconf 86' lang='grc' dir='ltr'>μηκέτι</span> <span class='ocrx_word' id='word_1_398' title='bbox 2669 2125 3028 2197; x_wconf 84' lang='grc' dir='ltr'>ἐνεργεῖσθαι,</span> <span class='ocrx_word' id='word_1_399' title='bbox 3064 2126 3151 2180; x_wconf 79' lang='grc' dir='ltr'>διὰ</span> <span class='ocrx_word' id='word_1_400' title='bbox 3176 2128 3267 2180; x_wconf 84' lang='grc' dir='ltr'><strong>τὸν</strong></span> <span class='ocrx_word' id='word_1_401' title='bbox 3309 2130 3536 2198; x_wconf 81' lang='grc' dir='ltr'>σεισμὸν</span> <span class='ocrx_word' id='word_1_402' title='bbox 3569 2131 3658 2182; x_wconf 75' lang='grc' dir='ltr'><strong>τὸν</strong></span> 
     </span>
    </p>
   </div>
   <div class='ocr_carea' id='block_1_55' title="bbox 2079 2215 3658 2290">
    <p class='ocr_par' dir='ltr' id='par_1_55' title="bbox 2079 2215 3658 2290">
     <span class='ocr_line' id='line_1_55' title="bbox 2079 2215 3658 2290; baseline 0.004 -22"><span class='ocrx_word' id='word_1_403' title='bbox 2079 2215 2372 2271; x_wconf 85' lang='grc' dir='ltr'>ἐπελθόντα</span> <span class='ocrx_word' id='word_1_404' title='bbox 2397 2219 2750 2290; x_wconf 79' lang='grc' dir='ltr'>προφητικῶς</span> <span class='ocrx_word' id='word_1_405' title='bbox 2777 2218 2836 2283; x_wconf 82' lang='grc' dir='ltr'><strong>ἐξ</strong></span> <span class='ocrx_word' id='word_1_406' title='bbox 2861 2220 3066 2274; x_wconf 91' lang='grc' dir='ltr'>ἐκείνου</span> <span class='ocrx_word' id='word_1_407' title='bbox 3091 2219 3170 2290; x_wconf 82' lang='grc' dir='ltr'>τῷ</span> <span class='ocrx_word' id='word_1_408' title='bbox 3196 2221 3464 2275; x_wconf 81' lang='grc' dir='ltr'>Ἰουδαίων</span> <span class='ocrx_word' id='word_1_409' title='bbox 3489 2223 3658 2283; x_wconf 82' lang='grc' dir='ltr'>ἐθνει,</span> 
     </span>
    </p>
   </div>
   <div class='ocr_carea' id='block_1_56' title="bbox 2077 2304 3657 2380">
    <p class='ocr_par' dir='ltr' id='par_1_56' title="bbox 2077 2304 3657 2380">
     <span class='ocr_line' id='line_1_56' title="bbox 2077 2304 3657 2380; baseline 0.005 -24"><span class='ocrx_word' id='word_1_410' title='bbox 2077 2305 2171 2356; x_wconf 89' lang='lat' dir='ltr'><strong>xui</strong></span> <span class='ocrx_word' id='word_1_411' title='bbox 2203 2304 2289 2357; x_wconf 81' lang='grc' dir='ltr'><strong>διὰ</strong></span> <span class='ocrx_word' id='word_1_412' title='bbox 2325 2304 2393 2358; x_wconf 80' lang='grc' dir='ltr'>τὰ</span> <span class='ocrx_word' id='word_1_413' title='bbox 2438 2305 2624 2370; x_wconf 80' lang='grc' dir='ltr'>λοιπὰ,</span> <span class='ocrx_word' id='word_1_414' title='bbox 2656 2306 2726 2360; x_wconf 82' lang='grc' dir='ltr'>τὰ</span> <span class='ocrx_word' id='word_1_415' title='bbox 2764 2309 3248 2380; x_wconf 87' lang='grc' dir='ltr'>ἀναγεγραμμένα.</span> <span class='ocrx_word' id='word_1_416' title='bbox 3286 2311 3445 2365; x_wconf 78' lang='grc' dir='ltr'>Μετὰ</span> <span class='ocrx_word' id='word_1_417' title='bbox 3485 2313 3657 2366; x_wconf 84' lang='grc' dir='ltr'>ταῦτα</span> 
     </span>
    </p>
   </div>
   <div class='ocr_carea' id='block_1_57' title="bbox 2075 2397 3659 2473">
    <p class='ocr_par' dir='ltr' id='par_1_57' title="bbox 2075 2397 3659 2473">
     <span class='ocr_line' id='line_1_57' title="bbox 2075 2397 3659 2473; baseline 0.005 -24"><span class='ocrx_word' id='word_1_418' title='bbox 2075 2397 2432 2450; x_wconf 80' lang='grc' dir='ltr'>ἐπαναλαϐὼν</span> <span class='ocrx_word' id='word_1_419' title='bbox 2455 2399 2486 2450; x_wconf 92' lang='lat'><strong>6</strong></span> <span class='ocrx_word' id='word_1_420' title='bbox 2526 2397 2682 2466; x_wconf 82' lang='grc' dir='ltr'>λόγος</span> <span class='ocrx_word' id='word_1_421' title='bbox 2723 2397 2820 2470; x_wconf 78' lang='grc' dir='ltr'><strong>τὴν</strong></span> <span class='ocrx_word' id='word_1_422' title='bbox 2847 2399 2957 2452; x_wconf 82' lang='grc' dir='ltr'><strong>τοῦ</strong></span> <span class='ocrx_word' id='word_1_423' title='bbox 2985 2401 3188 2472; x_wconf 86' lang='grc' dir='ltr'>Κυρίου</span> <span class='ocrx_word' id='word_1_424' title='bbox 3227 2404 3532 2473; x_wconf 85' lang='grc' dir='ltr'>παρουσίαν</span> <span class='ocrx_word' id='word_1_425' title='bbox 3569 2422 3659 2457; x_wconf 81' lang='grc' dir='ltr'>σα·</span> 
     </span>
    </p>
   </div>
   <div class='ocr_carea' id='block_1_58' title="bbox 2075 2489 3650 2566">
    <p class='ocr_par' dir='ltr' id='par_1_58' title="bbox 2075 2489 3650 2566">
     <span class='ocr_line' id='line_1_58' title="bbox 2075 2489 3650 2566; baseline 0.006 -26"><span class='ocrx_word' id='word_1_426' title='bbox 2075 2489 2336 2559; x_wconf 83' lang='grc' dir='ltr'>φέστερον</span> <span class='ocrx_word' id='word_1_427' title='bbox 2374 2489 2759 2562; x_wconf 84' lang='grc' dir='ltr'>ἀνακηρύττει,</span> <span class='ocrx_word' id='word_1_428' title='bbox 2799 2489 3005 2560; x_wconf 82' lang='grc' dir='ltr'>λέγων’</span> <span class='ocrx_word' id='word_1_429' title='bbox 3041 2510 3061 2543; x_wconf 88' lang='grc'><strong><em>‹</em></strong></span> <span class='ocrx_word' id='word_1_430' title='bbox 3093 2494 3199 2546; x_wconf 75' lang='grc' dir='ltr'><strong>Καὶ</strong></span> <span class='ocrx_word' id='word_1_431' title='bbox 3233 2495 3507 2566; x_wconf 81' lang='grc' dir='ltr'>παρέσται</span> <span class='ocrx_word' id='word_1_432' title='bbox 3543 2489 3650 2550; x_wconf 66' lang='lat' dir='ltr'><strong>KG-</strong></span> 
     </span>
    </p>
   </div>
   <div class='ocr_carea' id='block_1_59' title="bbox 2077 2580 3651 2657">
    <p class='ocr_par' dir='ltr' id='par_1_59' title="bbox 2077 2580 3651 2657">
     <span class='ocr_line' id='line_1_59' title="bbox 2077 2580 3651 2657; baseline 0.005 -26"><span class='ocrx_word' id='word_1_433' title='bbox 2077 2597 2190 2651; x_wconf 88' lang='grc' dir='ltr'>ριος</span> <span class='ocrx_word' id='word_1_434' title='bbox 2221 2581 2250 2632; x_wconf 89' lang='lat'><strong>6</strong></span> <span class='ocrx_word' id='word_1_435' title='bbox 2282 2580 2413 2644; x_wconf 87' lang='grc' dir='ltr'><strong>Θεὸς</strong></span> <span class='ocrx_word' id='word_1_436' title='bbox 2461 2598 2584 2651; x_wconf 88' lang='grc' dir='ltr'>μου,</span> <span class='ocrx_word' id='word_1_437' title='bbox 2629 2582 2722 2634; x_wconf 89' lang='lat' dir='ltr'><strong>xui</strong></span> <span class='ocrx_word' id='word_1_438' title='bbox 2765 2581 2965 2647; x_wconf 89' lang='grc' dir='ltr'>πάντες</span> <span class='ocrx_word' id='word_1_439' title='bbox 3009 2587 3057 2637; x_wconf 85' lang='grc' dir='ltr'>οἱ</span> <span class='ocrx_word' id='word_1_440' title='bbox 3088 2584 3230 2652; x_wconf 81' lang='grc' dir='ltr'>ἇγιοι</span> <span class='ocrx_word' id='word_1_441' title='bbox 3259 2588 3376 2657; x_wconf 82' lang='grc' dir='ltr'>μετ’</span> <span class='ocrx_word' id='word_1_442' title='bbox 3411 2589 3602 2643; x_wconf 83' lang='grc' dir='ltr'>αὑτοῦ.</span> <span class='ocrx_word' id='word_1_443' title='bbox 3635 2609 3651 2639; x_wconf 78' lang='grc' dir='ltr'><strong>ι</strong></span> 
     </span>
    </p>
   </div>
   <div class='ocr_carea' id='block_1_60' title="bbox 2073 2671 3655 2750">
    <p class='ocr_par' dir='ltr' id='par_1_60' title="bbox 2073 2671 3655 2750">
     <span class='ocr_line' id='line_1_60' title="bbox 2073 2671 3655 2750; baseline 0.006 -28"><span class='ocrx_word' id='word_1_444' title='bbox 2073 2671 2201 2723; x_wconf 79' lang='grc' dir='ltr'>Εἴτε</span> <span class='ocrx_word' id='word_1_445' title='bbox 2229 2672 2357 2734; x_wconf 84' lang='grc' dir='ltr'>τοὺς</span> <span class='ocrx_word' id='word_1_446' title='bbox 2399 2671 2729 2735; x_wconf 79' lang='grc' dir='ltr'>ἀποστόλους</span> <span class='ocrx_word' id='word_1_447' title='bbox 2751 2672 2916 2725; x_wconf 84' lang='grc' dir='ltr'>αὑτοῦ</span> <span class='ocrx_word' id='word_1_448' title='bbox 2947 2674 3040 2726; x_wconf 92' lang='lat' dir='ltr'><strong>xui</strong></span> <span class='ocrx_word' id='word_1_449' title='bbox 3085 2675 3332 2746; x_wconf 85' lang='grc' dir='ltr'>μαθητὰς</span> <span class='ocrx_word' id='word_1_450' title='bbox 3370 2677 3655 2750; x_wconf 74' lang='grc' dir='ltr'>ὀνομάζων</span> 
     </span>
    </p>
   </div>
   <div class='ocr_carea' id='block_1_61' title="bbox 2071 2761 3660 2838">
    <p class='ocr_par' dir='ltr' id='par_1_61' title="bbox 2071 2761 3660 2838">
     <span class='ocr_line' id='line_1_61' title="bbox 2071 2761 3660 2838; baseline 0.006 -23"><span class='ocrx_word' id='word_1_451' title='bbox 2071 2761 2260 2830; x_wconf 84' lang='grc' dir='ltr'>ἁγίους</span> <span class='ocrx_word' id='word_1_452' title='bbox 2290 2762 2478 2826; x_wconf 86' lang='grc' dir='ltr'>αὐτοῦ,</span> <span class='ocrx_word' id='word_1_453' title='bbox 2503 2763 2612 2816; x_wconf 81' lang='grc' dir='ltr'>εἴτε</span> <span class='ocrx_word' id='word_1_454' title='bbox 2635 2763 2896 2836; x_wconf 89' lang='grc' dir='ltr'>δυνάμεις</span> <span class='ocrx_word' id='word_1_455' title='bbox 2911 2763 3064 2829; x_wconf 82' lang='grc' dir='ltr'>τινὰς</span> <span class='ocrx_word' id='word_1_456' title='bbox 3091 2767 3354 2838; x_wconf 85' lang='grc' dir='ltr'>ἀοράτους</span> <span class='ocrx_word' id='word_1_457' title='bbox 3379 2771 3476 2824; x_wconf 83' lang='lat' dir='ltr'><strong>xui</strong></span> <span class='ocrx_word' id='word_1_458' title='bbox 3501 2767 3660 2824; x_wconf 76' lang='grc' dir='ltr'>πνεύ-</span> 
     </span>
    </p>
   </div>
   <div class='ocr_carea' id='block_1_62' title="bbox 2066 2849 3659 2934">
    <p class='ocr_par' dir='ltr' id='par_1_62' title="bbox 2066 2849 3659 2934">
     <span class='ocr_line' id='line_1_62' title="bbox 2066 2849 3659 2934; baseline 0.003 -22"><span class='ocrx_word' id='word_1_459' title='bbox 2066 2872 2218 2926; x_wconf 79' lang='grc' dir='ltr'>ςματα</span> <span class='ocrx_word' id='word_1_460' title='bbox 2262 2854 2627 2927; x_wconf 84' lang='grc' dir='ltr'>λειτουργικὰ,</span> <span class='ocrx_word' id='word_1_461' title='bbox 2684 2857 2813 2927; x_wconf 75' lang='grc' dir='ltr'>περὶ</span> <span class='ocrx_word' id='word_1_462' title='bbox 2851 2849 2926 2910; x_wconf 81' lang='grc' dir='ltr'>ὧν</span> <span class='ocrx_word' id='word_1_463' title='bbox 2971 2857 3220 2929; x_wconf 77' lang='grc' dir='ltr'>εἴρηται·</span> <span class='ocrx_word' id='word_1_464' title='bbox 3274 2878 3292 2910; x_wconf 76' lang='grc' dir='ltr'><strong>ι</strong></span> <span class='ocrx_word' id='word_1_465' title='bbox 3340 2861 3659 2934; x_wconf 83' lang='grc' dir='ltr'>Προσῆλθον</span> 
     </span>
    </p>
   </div>
   <div class='ocr_carea' id='block_1_63' title="bbox 2069 2946 3657 3026">
    <p class='ocr_par' dir='ltr' id='par_1_63' title="bbox 2069 2946 3657 3026">
     <span class='ocr_line' id='line_1_63' title="bbox 2069 2946 3657 3026; baseline 0.004 -26"><span class='ocrx_word' id='word_1_466' title='bbox 2069 2946 2312 3016; x_wconf 77' lang='grc' dir='ltr'>ἄγγελοι,</span> <span class='ocrx_word' id='word_1_467' title='bbox 2337 2949 2431 3001; x_wconf 91' lang='lat' dir='ltr'><strong>xui</strong></span> <span class='ocrx_word' id='word_1_468' title='bbox 2459 2948 2739 3015; x_wconf 86' lang='grc' dir='ltr'>διηκόνουν</span> <span class='ocrx_word' id='word_1_469' title='bbox 2770 2948 2934 3020; x_wconf 83' lang='grc' dir='ltr'>αὐτῷ.</span> <span class='ocrx_word' id='word_1_470' title='bbox 2971 2968 2991 3002; x_wconf 69' lang='grc' dir='ltr'><strong><em>ο</em></strong></span> <span class='ocrx_word' id='word_1_471' title='bbox 3022 2946 3156 3004; x_wconf 75' lang='grc' dir='ltr'>Εἶτα</span> <span class='ocrx_word' id='word_1_472' title='bbox 3183 2951 3275 3004; x_wconf 71' lang='grc' dir='ltr'><strong>ἐπὶ</strong></span> <span class='ocrx_word' id='word_1_473' title='bbox 3304 2951 3408 3021; x_wconf 78' lang='grc' dir='ltr'><strong>τῆς</strong></span> <span class='ocrx_word' id='word_1_474' title='bbox 3441 2971 3657 3026; x_wconf 81' lang='grc' dir='ltr'>παρου-</span> 
     </span>
    </p>
   </div>
   <div class='ocr_carea' id='block_1_64' title="bbox 2072 3035 3659 3109">
    <p class='ocr_par' dir='ltr' id='par_1_64' title="bbox 2072 3035 3659 3109">
     <span class='ocr_line' id='line_1_64' title="bbox 2072 3035 3659 3109; baseline 0.003 -20"><span class='ocrx_word' id='word_1_475' title='bbox 2072 3037 2194 3099; x_wconf 89' lang='grc' dir='ltr'>σίας</span> <span class='ocrx_word' id='word_1_476' title='bbox 2242 3035 2338 3090; x_wconf 86' lang='grc' dir='ltr'><strong>τοῦ</strong></span> <span class='ocrx_word' id='word_1_477' title='bbox 2385 3037 2615 3107; x_wconf 87' lang='grc' dir='ltr'>Κυρίου,</span> <span class='ocrx_word' id='word_1_478' title='bbox 2659 3055 2679 3087; x_wconf 72' lang='grc' dir='ltr'><strong>ι</strong></span> <span class='ocrx_word' id='word_1_479' title='bbox 2707 3037 2920 3103; x_wconf 88' lang='grc' dir='ltr'>Ἔσται,</span> <span class='ocrx_word' id='word_1_480' title='bbox 2964 3037 3147 3108; x_wconf 73' lang='grc' dir='ltr'>φησὶν,</span> <span class='ocrx_word' id='word_1_481' title='bbox 3187 3037 3388 3109; x_wconf 82' lang='grc' dir='ltr'>ἡμέρα,</span> <span class='ocrx_word' id='word_1_482' title='bbox 3417 3040 3517 3092; x_wconf 85' lang='lat' dir='ltr'><strong>xui</strong></span> <span class='ocrx_word' id='word_1_483' title='bbox 3561 3042 3659 3093; x_wconf 71' lang='grc' dir='ltr'><strong>οὐκ</strong></span> 
     </span>
    </p>
   </div>
   <div class='ocr_carea' id='block_1_65' title="bbox 393 3115 1968 3202">
    <p class='ocr_par' dir='ltr' id='par_1_65' title="bbox 393 3124 1966 3198">
     <span class='ocr_line' id='line_1_65' title="bbox 393 3124 1966 3198; baseline 0 -16"><span class='ocrx_word' id='word_1_484' title='bbox 393 3126 664 3198; x_wconf 89' lang='lat' dir='ltr'><strong>linquitur</strong></span> <span class='ocrx_word' id='word_1_485' title='bbox 689 3126 846 3181; x_wconf 83' lang='lat' dir='ltr'><strong>vobis</strong></span> <span class='ocrx_word' id='word_1_486' title='bbox 877 3125 1072 3181; x_wconf 92' lang='lat' dir='ltr'><strong>domus</strong></span> <span class='ocrx_word' id='word_1_487' title='bbox 1093 3135 1274 3182; x_wconf 87' lang='lat' dir='ltr'><strong>vestra</strong></span> <span class='ocrx_word' id='word_1_488' title='bbox 1304 3126 1522 3182; x_wconf 89' lang='lat' dir='ltr'><strong>deserta</strong></span> <span class='ocrx_word' id='word_1_489' title='bbox 1549 3126 1592 3182; x_wconf 83' lang='grc'>³.</span> <span class='ocrx_word' id='word_1_490' title='bbox 1632 3144 1651 3177; x_wconf 75' lang='grc' dir='ltr'><strong>ι</strong></span> <span class='ocrx_word' id='word_1_491' title='bbox 1705 3124 1966 3182; x_wconf 90' lang='lat' dir='ltr'><strong>Protinus</strong></span> 
     </span>
    </p>
   </div>
   <div class='ocr_carea' id='block_1_66' title="bbox 2082 3115 3662 3202">
    <p class='ocr_par' dir='ltr' id='par_1_66' title="bbox 2082 3126 3662 3202">
     <span class='ocr_line' id='line_1_66' title="bbox 2082 3126 3662 3202; baseline 0.002 -22"><span class='ocrx_word' id='word_1_492' title='bbox 2082 3127 2224 3182; x_wconf 76' lang='grc' dir='ltr'>ἔσται</span> <span class='ocrx_word' id='word_1_493' title='bbox 2257 3127 2394 3197; x_wconf 79' lang='grc' dir='ltr'>φῶς,</span> <span class='ocrx_word' id='word_1_494' title='bbox 2436 3127 2530 3182; x_wconf 91' lang='lat' dir='ltr'><strong>xui</strong></span> <span class='ocrx_word' id='word_1_495' title='bbox 2580 3126 2751 3198; x_wconf 80' lang='grc' dir='ltr'>ψῦχος</span> <span class='ocrx_word' id='word_1_496' title='bbox 2799 3126 2894 3182; x_wconf 88' lang='lat' dir='ltr'><strong>xui</strong></span> <span class='ocrx_word' id='word_1_497' title='bbox 2942 3128 3114 3197; x_wconf 82' lang='grc' dir='ltr'>πάγος</span> <span class='ocrx_word' id='word_1_498' title='bbox 3155 3128 3306 3182; x_wconf 75' lang='grc' dir='ltr'>ἔσται</span> <span class='ocrx_word' id='word_1_499' title='bbox 3343 3129 3480 3199; x_wconf 88' lang='grc' dir='ltr'>μίαν</span> <span class='ocrx_word' id='word_1_500' title='bbox 3522 3132 3662 3202; x_wconf 74' lang='grc' dir='ltr'>ἠμέ-</span> 
     </span>
    </p>
   </div>
   <div class='ocr_carea' id='block_1_67' title="bbox 394 3216 1965 3290">
    <p class='ocr_par' dir='ltr' id='par_1_67' title="bbox 394 3216 1965 3290">
     <span class='ocr_line' id='line_1_67' title="bbox 394 3216 1965 3290; baseline -0.002 -15"><span class='ocrx_word' id='word_1_501' title='bbox 394 3235 634 3290; x_wconf 88' lang='lat' dir='ltr'><strong>namque</strong></span> <span class='ocrx_word' id='word_1_502' title='bbox 673 3219 803 3274; x_wconf 89' lang='lat' dir='ltr'><strong>dum</strong></span> <span class='ocrx_word' id='word_1_503' title='bbox 834 3219 925 3273; x_wconf 90' lang='lat' dir='ltr'><strong>ille</strong></span> <span class='ocrx_word' id='word_1_504' title='bbox 955 3226 1252 3288; x_wconf 88' lang='lat' dir='ltr'><strong>pateretur,</strong></span> <span class='ocrx_word' id='word_1_505' title='bbox 1283 3218 1467 3272; x_wconf 87' lang='lat' dir='ltr'><strong>velum</strong></span> <span class='ocrx_word' id='word_1_506' title='bbox 1496 3216 1684 3287; x_wconf 88' lang='lat' dir='ltr'><strong>templi</strong></span> <span class='ocrx_word' id='word_1_507' title='bbox 1730 3218 1965 3273; x_wconf 90' lang='lat' dir='ltr'><strong>scissum</strong></span> 
     </span>
    </p>
   </div>
   <div class='ocr_carea' id='block_1_68' title="bbox 393 3307 1962 3380">
    <p class='ocr_par' dir='ltr' id='par_1_68' title="bbox 393 3307 1962 3380">
     <span class='ocr_line' id='line_1_68' title="bbox 393 3307 1962 3380; baseline -0.003 -12"><span class='ocrx_word' id='word_1_508' title='bbox 393 3320 501 3377; x_wconf 87' lang='lat' dir='ltr'><strong>est,</strong></span> <span class='ocrx_word' id='word_1_509' title='bbox 533 3327 564 3365; x_wconf 89' lang='lat' dir='ltr'><strong>a</strong></span> <span class='ocrx_word' id='word_1_510' title='bbox 599 3325 813 3366; x_wconf 90' lang='lat' dir='ltr'><strong>summo</strong></span> <span class='ocrx_word' id='word_1_511' title='bbox 859 3325 1035 3380; x_wconf 90' lang='lat' dir='ltr'><strong>usque</strong></span> <span class='ocrx_word' id='word_1_512' title='bbox 1074 3310 1140 3363; x_wconf 90' lang='lat' dir='ltr'><strong>ad</strong></span> <span class='ocrx_word' id='word_1_513' title='bbox 1171 3310 1362 3373; x_wconf 91' lang='lat' dir='ltr'><strong>imum,</strong></span> <span class='ocrx_word' id='word_1_514' title='bbox 1393 3307 1849 3379; x_wconf 90' lang='lat' dir='ltr'><strong>quemadmodum</strong></span> <span class='ocrx_word' id='word_1_515' title='bbox 1877 3308 1962 3363; x_wconf 86' lang='lat' dir='ltr'><strong>Jo-</strong></span> 
     </span>
    </p>
   </div>
   <div class='ocr_carea' id='block_1_69' title="bbox 383 3399 1958 3475">
    <p class='ocr_par' dir='ltr' id='par_1_69' title="bbox 383 3399 1958 3475">
     <span class='ocr_line' id='line_1_69' title="bbox 383 3399 1958 3475; baseline -0.003 -15"><span class='ocrx_word' id='word_1_516' title='bbox 383 3404 600 3475; x_wconf 85' lang='lat' dir='ltr'><strong>sepbus</strong></span> <span class='ocrx_word' id='word_1_517' title='bbox 634 3411 822 3457; x_wconf 90' lang='lat' dir='ltr'><strong>narrat</strong></span> <span class='ocrx_word' id='word_1_518' title='bbox 846 3402 1140 3472; x_wconf 85' lang='lat' dir='ltr'><strong>contigisse</strong></span> <span class='ocrx_word' id='word_1_519' title='bbox 1195 3399 1339 3455; x_wconf 84' lang='lat' dir='ltr'><strong>Oziae</strong></span> <span class='ocrx_word' id='word_1_520' title='bbox 1386 3402 1529 3471; x_wconf 90' lang='lat' dir='ltr'><strong>regis</strong></span> <span class='ocrx_word' id='word_1_521' title='bbox 1579 3401 1910 3472; x_wconf 90' lang='lat' dir='ltr'><strong>temporibus</strong></span> <span class='ocrx_word' id='word_1_522' title='bbox 1946 3421 1958 3456; x_wconf 92' lang='lat'>:</span> 
     </span>
    </p>
   </div>
   <div class='ocr_carea' id='block_1_70' title="bbox 380 3493 1962 3569">
    <p class='ocr_par' dir='ltr' id='par_1_70' title="bbox 380 3493 1962 3569">
     <span class='ocr_line' id='line_1_70' title="bbox 380 3493 1962 3569; baseline -0.002 -17"><span class='ocrx_word' id='word_1_523' title='bbox 380 3505 511 3552; x_wconf 80' lang='lat' dir='ltr'><strong>&#39;tum</strong></span> <span class='ocrx_word' id='word_1_524' title='bbox 539 3495 777 3569; x_wconf 87' lang='lat' dir='ltr'><strong>primum</strong></span> <span class='ocrx_word' id='word_1_525' title='bbox 807 3494 1024 3567; x_wconf 87' lang='lat' dir='ltr'><strong>quidem</strong></span> <span class='ocrx_word' id='word_1_526' title='bbox 1060 3499 1332 3548; x_wconf 89' lang='lat' dir='ltr'><strong>commota</strong></span> <span class='ocrx_word' id='word_1_527' title='bbox 1367 3500 1495 3548; x_wconf 90' lang='lat' dir='ltr'><strong>sunt</strong></span> <span class='ocrx_word' id='word_1_528' title='bbox 1525 3493 1814 3561; x_wconf 88' lang='lat' dir='ltr'><strong>vestibula,</strong></span> <span class='ocrx_word' id='word_1_529' title='bbox 1837 3509 1962 3549; x_wconf 90' lang='lat' dir='ltr'><strong>cum</strong></span> 
     </span>
    </p>
   </div>
   <div class='ocr_carea' id='block_1_71' title="bbox 392 3586 1964 3660">
    <p class='ocr_par' dir='ltr' id='par_1_71' title="bbox 392 3586 1964 3660">
     <span class='ocr_line' id='line_1_71' title="bbox 392 3586 1964 3660; baseline -0.002 -16"><span class='ocrx_word' id='word_1_530' title='bbox 392 3600 541 3646; x_wconf 88' lang='lat' dir='ltr'><strong>terra</strong></span> <span class='ocrx_word' id='word_1_531' title='bbox 589 3601 737 3646; x_wconf 88' lang='lat' dir='ltr'><strong>mota</strong></span> <span class='ocrx_word' id='word_1_532' title='bbox 781 3598 866 3644; x_wconf 86' lang='lat' dir='ltr'><strong>est</strong></span> <span class='ocrx_word' id='word_1_533' title='bbox 919 3587 1194 3660; x_wconf 89' lang='lat' dir='ltr'><strong>passionis</strong></span> <span class='ocrx_word' id='word_1_534' title='bbox 1243 3586 1391 3640; x_wconf 92' lang='lat' dir='ltr'><strong>illius</strong></span> <span class='ocrx_word' id='word_1_535' title='bbox 1439 3593 1703 3656; x_wconf 89' lang='lat' dir='ltr'><strong>tempore.</strong></span> <span class='ocrx_word' id='word_1_536' title='bbox 1757 3586 1964 3641; x_wconf 89' lang='lat' dir='ltr'><strong>Deinde</strong></span> 
     </span>
    </p>
   </div>
   <div class='ocr_carea' id='block_1_72' title="bbox 391 3679 1958 3752">
    <p class='ocr_par' dir='ltr' id='par_1_72' title="bbox 391 3679 1958 3752">
     <span class='ocr_line' id='line_1_72' title="bbox 391 3679 1958 3752; baseline -0.004 -15"><span class='ocrx_word' id='word_1_537' title='bbox 391 3683 538 3738; x_wconf 88' lang='lat' dir='ltr'><strong>haud</strong></span> <span class='ocrx_word' id='word_1_538' title='bbox 563 3684 732 3737; x_wconf 88' lang='lat' dir='ltr'><strong>multo</strong></span> <span class='ocrx_word' id='word_1_539' title='bbox 759 3688 902 3752; x_wconf 90' lang='lat' dir='ltr'><strong>post,</strong></span> <span class='ocrx_word' id='word_1_540' title='bbox 926 3687 1230 3736; x_wconf 77' lang='lat' dir='ltr'><strong>extremum</strong></span> <span class='ocrx_word' id='word_1_541' title='bbox 1255 3694 1473 3748; x_wconf 90' lang='lat' dir='ltr'><strong>quoque</strong></span> <span class='ocrx_word' id='word_1_542' title='bbox 1495 3679 1718 3748; x_wconf 91' lang='lat' dir='ltr'><strong>pertulit</strong></span> <span class='ocrx_word' id='word_1_543' title='bbox 1747 3692 1958 3743; x_wconf 91' lang='lat' dir='ltr'><strong>casum,</strong></span> 
     </span>
    </p>
   </div>
   <div class='ocr_carea' id='block_1_73' title="bbox 394 3768 1961 3845">
    <p class='ocr_par' dir='ltr' id='par_1_73' title="bbox 394 3768 1961 3845">
     <span class='ocr_line' id='line_1_73' title="bbox 394 3768 1961 3845; baseline -0.005 -15"><span class='ocrx_word' id='word_1_544' title='bbox 394 3782 724 3845; x_wconf 88' lang='lat' dir='ltr'><strong>acceptaque</strong></span> <span class='ocrx_word' id='word_1_545' title='bbox 763 3781 1042 3842; x_wconf 77' lang='lat' dir='ltr'><strong>potestate</strong></span> <span class='ocrx_word' id='word_1_546' title='bbox 1094 3770 1410 3840; x_wconf 87' lang='lat' dir='ltr'><strong>percutiens</strong></span> <span class='ocrx_word' id='word_1_547' title='bbox 1460 3768 1659 3824; x_wconf 89' lang='lat' dir='ltr'><strong>cecidit</strong></span> <span class='ocrx_word' id='word_1_548' title='bbox 1691 3768 1749 3822; x_wconf 92' lang='lat' dir='ltr'><strong>in</strong></span> <span class='ocrx_word' id='word_1_549' title='bbox 1780 3768 1961 3838; x_wconf 88' lang='lat' dir='ltr'><strong>capita</strong></span> 
     </span>
    </p>
   </div>
   <div class='ocr_carea' id='block_1_74' title="bbox 383 3861 1960 3934">
    <p class='ocr_par' dir='ltr' id='par_1_74' title="bbox 383 3861 1960 3934">
     <span class='ocr_line' id='line_1_74' title="bbox 383 3861 1960 3934; baseline -0.004 -13"><span class='ocrx_word' id='word_1_550' title='bbox 383 3867 635 3922; x_wconf 88' lang='lat' dir='ltr'><strong>omnium</strong></span> <span class='ocrx_word' id='word_1_551' title='bbox 676 3885 688 3920; x_wconf 93' lang='lat'><strong>:</strong></span> <span class='ocrx_word' id='word_1_552' title='bbox 742 3865 849 3919; x_wconf 88' lang='lat' dir='ltr'><strong>hoc</strong></span> <span class='ocrx_word' id='word_1_553' title='bbox 882 3864 1049 3934; x_wconf 87' lang='lat' dir='ltr'><strong>igitur</strong></span> <span class='ocrx_word' id='word_1_554' title='bbox 1081 3872 1325 3932; x_wconf 88' lang='lat' dir='ltr'><strong>tempore</strong></span> <span class='ocrx_word' id='word_1_555' title='bbox 1354 3862 1512 3917; x_wconf 86' lang='lat' dir='ltr'><strong>vallis</strong></span> <span class='ocrx_word' id='word_1_556' title='bbox 1544 3861 1812 3915; x_wconf 85' lang='lat' dir='ltr'><strong>montium</strong></span> <span class='ocrx_word' id='word_1_557' title='bbox 1865 3861 1960 3916; x_wconf 90' lang='lat' dir='ltr'><strong>Dei</strong></span> 
     </span>
    </p>
   </div>
   <div class='ocr_carea' id='block_1_75' title="bbox 387 3953 1961 4024">
    <p class='ocr_par' dir='ltr' id='par_1_75' title="bbox 387 3953 1961 4024">
     <span class='ocr_line' id='line_1_75' title="bbox 387 3953 1961 4024; baseline -0.003 -10"><span class='ocrx_word' id='word_1_558' title='bbox 387 3959 644 4014; x_wconf 87' lang='lat' dir='ltr'><strong>obturata</strong></span> <span class='ocrx_word' id='word_1_559' title='bbox 673 3965 775 4022; x_wconf 89' lang='lat' dir='ltr'><strong>est,</strong></span> <span class='ocrx_word' id='word_1_560' title='bbox 803 3954 1261 4024; x_wconf 87' lang='lat' dir='ltr'><strong>quemadmodum</strong></span> <span class='ocrx_word' id='word_1_561' title='bbox 1292 3953 1436 4007; x_wconf 75' lang='lat' dir='ltr'><strong>Oziae</strong></span> <span class='ocrx_word' id='word_1_562' title='bbox 1470 3954 1812 4023; x_wconf 89' lang='lat' dir='ltr'><strong>temporibus</strong></span> <span class='ocrx_word' id='word_1_563' title='bbox 1835 3969 1961 4009; x_wconf 86' lang='lat' dir='ltr'><strong>eve-</strong></span> 
     </span>
    </p>
   </div>
   <div class='ocr_carea' id='block_1_76' title="bbox 389 4047 1955 4117">
    <p class='ocr_par' dir='ltr' id='par_1_76' title="bbox 389 4047 1955 4117">
     <span class='ocr_line' id='line_1_76' title="bbox 389 4047 1955 4117; baseline -0.004 -11"><span class='ocrx_word' id='word_1_564' title='bbox 389 4051 492 4106; x_wconf 88' lang='lat' dir='ltr'><strong>nit.</strong></span> <span class='ocrx_word' id='word_1_565' title='bbox 522 4049 679 4117; x_wconf 80' lang='lat' dir='ltr'><strong>Quod</strong></span> <span class='ocrx_word' id='word_1_566' title='bbox 739 4049 785 4105; x_wconf 90' lang='lat' dir='ltr'><strong>si</strong></span> <span class='ocrx_word' id='word_1_567' title='bbox 830 4049 1035 4102; x_wconf 91' lang='lat' dir='ltr'><strong>dictum</strong></span> <span class='ocrx_word' id='word_1_568' title='bbox 1068 4047 1286 4117; x_wconf 85' lang='lat' dir='ltr'><strong>quidem</strong></span> <span class='ocrx_word' id='word_1_569' title='bbox 1343 4062 1407 4101; x_wconf 91' lang='lat' dir='ltr'><strong>ac</strong></span> <span class='ocrx_word' id='word_1_570' title='bbox 1440 4047 1606 4101; x_wconf 88' lang='lat' dir='ltr'><strong>verba</strong></span> <span class='ocrx_word' id='word_1_571' title='bbox 1654 4047 1955 4116; x_wconf 88' lang='lat' dir='ltr'><strong>sequimur,</strong></span> 
     </span>
    </p>
   </div>
   <div class='ocr_carea' id='block_1_77' title="bbox 378 4137 1959 4208">
    <p class='ocr_par' dir='ltr' id='par_1_77' title="bbox 378 4137 1959 4208">
     <span class='ocr_line' id='line_1_77' title="bbox 378 4137 1959 4208; baseline -0.003 -12"><span class='ocrx_word' id='word_1_572' title='bbox 378 4142 592 4196; x_wconf 71' lang='lat' dir='ltr'><strong>factum</strong></span> <span class='ocrx_word' id='word_1_573' title='bbox 628 4156 759 4196; x_wconf 90' lang='lat' dir='ltr'><strong>sane</strong></span> <span class='ocrx_word' id='word_1_574' title='bbox 789 4139 843 4194; x_wconf 93' lang='lat' dir='ltr'><strong>id</strong></span> <span class='ocrx_word' id='word_1_575' title='bbox 876 4139 1038 4194; x_wconf 78' lang='lat' dir='ltr'><strong>fuerit</strong></span> <span class='ocrx_word' id='word_1_576' title='bbox 1070 4139 1127 4192; x_wconf 90' lang='lat' dir='ltr'><strong>in</strong></span> <span class='ocrx_word' id='word_1_577' title='bbox 1176 4138 1294 4208; x_wconf 88' lang='lat' dir='ltr'><strong>ipsa</strong></span> <span class='ocrx_word' id='word_1_578' title='bbox 1339 4137 1624 4192; x_wconf 89' lang='lat' dir='ltr'><strong>obsidione</strong></span> <span class='ocrx_word' id='word_1_579' title='bbox 1685 4137 1959 4192; x_wconf 81' lang='lat' dir='ltr'><strong>Romano-</strong></span> 
     </span>
    </p>
   </div>
   <div class='ocr_carea' id='block_1_78' title="bbox 387 4228 1960 4299">
    <p class='ocr_par' dir='ltr' id='par_1_78' title="bbox 387 4228 1960 4299">
     <span class='ocr_line' id='line_1_78' title="bbox 387 4228 1960 4299; baseline -0.003 -11"><span class='ocrx_word' id='word_1_580' title='bbox 387 4248 532 4298; x_wconf 86' lang='lat' dir='ltr'><strong>rum,</strong></span> <span class='ocrx_word' id='word_1_581' title='bbox 563 4231 861 4287; x_wconf 87' lang='lat' dir='ltr'><strong>secundum</strong></span> <span class='ocrx_word' id='word_1_582' title='bbox 893 4245 1054 4299; x_wconf 84' lang='lat' dir='ltr'><strong>quam</strong></span> <span class='ocrx_word' id='word_1_583' title='bbox 1089 4238 1219 4298; x_wconf 92' lang='lat' dir='ltr'><strong>puto</strong></span> <span class='ocrx_word' id='word_1_584' title='bbox 1253 4229 1499 4297; x_wconf 54' lang='lat' dir='ltr'><strong>quadam</strong></span> <span class='ocrx_word' id='word_1_585' title='bbox 1558 4228 1687 4280; x_wconf 89' lang='lat' dir='ltr'><strong>talia</strong></span> <span class='ocrx_word' id='word_1_586' title='bbox 1733 4229 1960 4284; x_wconf 84' lang='lat' dir='ltr'><strong>accidis-</strong></span> 
     </span>
    </p>
   </div>
   <div class='ocr_carea' id='block_1_79' title="bbox 383 4320 1958 4390">
    <p class='ocr_par' dir='ltr' id='par_1_79' title="bbox 383 4320 1958 4390">
     <span class='ocr_line' id='line_1_79' title="bbox 383 4320 1958 4390; baseline -0.003 -11"><span class='ocrx_word' id='word_1_587' title='bbox 383 4327 483 4390; x_wconf 67' lang='lat' dir='ltr'><strong>se;</strong></span> <span class='ocrx_word' id='word_1_588' title='bbox 513 4325 558 4379; x_wconf 90' lang='lat' dir='ltr'><strong>si</strong></span> <span class='ocrx_word' id='word_1_589' title='bbox 590 4339 719 4378; x_wconf 86' lang='lat' dir='ltr'><strong>vero</strong></span> <span class='ocrx_word' id='word_1_590' title='bbox 743 4322 1091 4384; x_wconf 88' lang='lat' dir='ltr'><strong>sententiam,</strong></span> <span class='ocrx_word' id='word_1_591' title='bbox 1126 4336 1235 4390; x_wconf 93' lang='lat' dir='ltr'><strong>quo</strong></span> <span class='ocrx_word' id='word_1_592' title='bbox 1266 4329 1507 4386; x_wconf 86' lang='lat' dir='ltr'><strong>tempore</strong></span> <span class='ocrx_word' id='word_1_593' title='bbox 1533 4320 1834 4389; x_wconf 90' lang='lat' dir='ltr'><strong>corporalis</strong></span> <span class='ocrx_word' id='word_1_594' title='bbox 1865 4321 1958 4374; x_wconf 89' lang='lat' dir='ltr'><strong>illa</strong></span> 
     </span>
    </p>
   </div>
   <div class='ocr_carea' id='block_1_80' title="bbox 385 4411 2030 4506">
    <p class='ocr_par' dir='ltr' id='par_1_80' title="bbox 385 4411 2030 4506">
     <span class='ocr_line' id='line_1_80' title="bbox 385 4411 2030 4506; baseline -0.004 -35"><span class='ocrx_word' id='word_1_595' title='bbox 385 4426 441 4472; x_wconf 85' lang='lat' dir='ltr'><strong>et</strong></span> <span class='ocrx_word' id='word_1_596' title='bbox 475 4417 696 4470; x_wconf 85' lang='lat' dir='ltr'><strong>humum</strong></span> <span class='ocrx_word' id='word_1_597' title='bbox 726 4424 979 4484; x_wconf 86' lang='lat' dir='ltr'><strong>spectans</strong></span> <span class='ocrx_word' id='word_1_598' title='bbox 1014 4411 1262 4466; x_wconf 61' lang='lat' dir='ltr'><strong>Mosaicm</strong></span> <span class='ocrx_word' id='word_1_599' title='bbox 1297 4411 1434 4481; x_wconf 86' lang='lat' dir='ltr'><strong>legis</strong></span> <span class='ocrx_word' id='word_1_600' title='bbox 1457 4411 1703 4465; x_wconf 87' lang='lat' dir='ltr'><strong>adoratio</strong></span> <span class='ocrx_word' id='word_1_601' title='bbox 1731 4411 1954 4466; x_wconf 79' lang='lat' dir='ltr'><strong>exclusa</strong></span> <span class='ocrx_word' id='word_1_602' title='bbox 1985 4452 2030 4506; x_wconf 65' lang='grc' dir='ltr'><strong>Β</strong></span> 
     </span>
    </p>
   </div>
   <div class='ocr_carea' id='block_1_81' title="bbox 376 4505 1955 4576">
    <p class='ocr_par' dir='ltr' id='par_1_81' title="bbox 376 4505 1955 4576">
     <span class='ocr_line' id='line_1_81' title="bbox 376 4505 1955 4576; baseline -0.005 -10"><span class='ocrx_word' id='word_1_603' title='bbox 376 4519 493 4574; x_wconf 81' lang='lat' dir='ltr'><strong>est,</strong></span> <span class='ocrx_word' id='word_1_604' title='bbox 548 4517 608 4562; x_wconf 91' lang='lat' dir='ltr'><strong>ut</strong></span> <span class='ocrx_word' id='word_1_605' title='bbox 655 4523 764 4561; x_wconf 89' lang='lat' dir='ltr'><strong>non</strong></span> <span class='ocrx_word' id='word_1_606' title='bbox 799 4505 1032 4576; x_wconf 86' lang='lat' dir='ltr'><strong>amplius</strong></span> <span class='ocrx_word' id='word_1_607' title='bbox 1064 4505 1388 4567; x_wconf 86' lang='lat' dir='ltr'><strong>celebretur,</strong></span> <span class='ocrx_word' id='word_1_608' title='bbox 1421 4510 1644 4574; x_wconf 89' lang='lat' dir='ltr'><strong>propter</strong></span> <span class='ocrx_word' id='word_1_609' title='bbox 1673 4512 1955 4559; x_wconf 81' lang='lat' dir='ltr'><strong>terraemo—</strong></span> 
     </span>
    </p>
   </div>
   <div class='ocr_carea' id='block_1_82' title="bbox 384 4594 1953 4667">
    <p class='ocr_par' dir='ltr' id='par_1_82' title="bbox 384 4594 1953 4667">
     <span class='ocr_line' id='line_1_82' title="bbox 384 4594 1953 4667; baseline -0.005 -10"><span class='ocrx_word' id='word_1_610' title='bbox 384 4608 503 4657; x_wconf 82' lang='lat' dir='ltr'><strong>tum</strong></span> <span class='ocrx_word' id='word_1_611' title='bbox 553 4615 616 4654; x_wconf 75' lang='lat' dir='ltr'><strong>ex</strong></span> <span class='ocrx_word' id='word_1_612' title='bbox 669 4600 761 4652; x_wconf 93' lang='lat' dir='ltr'><strong>illo</strong></span> <span class='ocrx_word' id='word_1_613' title='bbox 807 4597 1122 4667; x_wconf 82' lang='lat' dir='ltr'><strong>pi‘Ophetice</strong></span> <span class='ocrx_word' id='word_1_614' title='bbox 1171 4597 1513 4665; x_wconf 67' lang='lat' dir='ltr'><strong>praedictum,</strong></span> <span class='ocrx_word' id='word_1_615' title='bbox 1545 4595 1638 4664; x_wconf 90' lang='lat' dir='ltr'><strong>qui</strong></span> <span class='ocrx_word' id='word_1_616' title='bbox 1667 4594 1953 4650; x_wconf 85' lang='lat' dir='ltr'><strong>Judaicam</strong></span> 
     </span>
    </p>
   </div>
   <div class='ocr_carea' id='block_1_83' title="bbox 385 4687 1957 4765">
    <p class='ocr_par' dir='ltr' id='par_1_83' title="bbox 385 4687 1957 4765">
     <span class='ocr_line' id='line_1_83' title="bbox 385 4687 1957 4765; baseline -0.003 -19"><span class='ocrx_word' id='word_1_617' title='bbox 385 4702 600 4765; x_wconf 78' lang='lat' dir='ltr'><strong>gentem</strong></span> <span class='ocrx_word' id='word_1_618' title='bbox 628 4689 844 4754; x_wconf 84' lang='lat' dir='ltr'><strong>invasit,</strong></span> <span class='ocrx_word' id='word_1_619' title='bbox 901 4703 964 4742; x_wconf 91' lang='lat' dir='ltr'><strong>ac</strong></span> <span class='ocrx_word' id='word_1_620' title='bbox 999 4695 1228 4757; x_wconf 79' lang='lat' dir='ltr'><strong>propter</strong></span> <span class='ocrx_word' id='word_1_621' title='bbox 1259 4695 1454 4741; x_wconf 85' lang='lat' dir='ltr'><strong>caetera</strong></span> <span class='ocrx_word' id='word_1_622' title='bbox 1481 4701 1605 4756; x_wconf 69' lang='lat' dir='ltr'><strong>qua:</strong></span> <span class='ocrx_word' id='word_1_623' title='bbox 1629 4687 1808 4756; x_wconf 88' lang='lat' dir='ltr'><strong>palam</strong></span> <span class='ocrx_word' id='word_1_624' title='bbox 1841 4701 1957 4741; x_wconf 80' lang='lat' dir='ltr'><strong>me-</strong></span> 
     </span>
    </p>
   </div>
   <div class='ocr_carea' id='block_1_84' title="bbox 385 4777 1954 4851">
    <p class='ocr_par' dir='ltr' id='par_1_84' title="bbox 385 4777 1954 4851">
     <span class='ocr_line' id='line_1_84' title="bbox 385 4777 1954 4851; baseline -0.005 -14"><span class='ocrx_word' id='word_1_625' title='bbox 385 4783 572 4837; x_wconf 66' lang='lat' dir='ltr'><strong>moria:</strong></span> <span class='ocrx_word' id='word_1_626' title='bbox 601 4781 813 4851; x_wconf 89' lang='lat' dir='ltr'><strong>prodita</strong></span> <span class='ocrx_word' id='word_1_627' title='bbox 836 4787 984 4834; x_wconf 89' lang='lat' dir='ltr'><strong>sunt.</strong></span> <span class='ocrx_word' id='word_1_628' title='bbox 1016 4778 1148 4833; x_wconf 90' lang='lat' dir='ltr'><strong>Post</strong></span> <span class='ocrx_word' id='word_1_629' title='bbox 1171 4778 1287 4832; x_wconf 63' lang='lat' dir='ltr'><strong>haec</strong></span> <span class='ocrx_word' id='word_1_630' title='bbox 1314 4777 1382 4831; x_wconf 79' lang='lat' dir='ltr'><strong>ad</strong></span> <span class='ocrx_word' id='word_1_631' title='bbox 1415 4777 1628 4832; x_wconf 88' lang='lat' dir='ltr'><strong>Domini</strong></span> <span class='ocrx_word' id='word_1_632' title='bbox 1660 4778 1954 4831; x_wconf 87' lang='lat' dir='ltr'><strong>adventum</strong></span> 
     </span>
    </p>
   </div>
   <div class='ocr_carea' id='block_1_85' title="bbox 383 4870 1950 4941">
    <p class='ocr_par' dir='ltr' id='par_1_85' title="bbox 383 4870 1950 4941">
     <span class='ocr_line' id='line_1_85' title="bbox 383 4870 1950 4941; baseline -0.005 -12"><span class='ocrx_word' id='word_1_633' title='bbox 383 4881 662 4929; x_wconf 87' lang='lat' dir='ltr'><strong>revertens</strong></span> <span class='ocrx_word' id='word_1_634' title='bbox 693 4872 997 4935; x_wconf 89' lang='lat' dir='ltr'><strong>oraculum,</strong></span> <span class='ocrx_word' id='word_1_635' title='bbox 1042 4872 1098 4924; x_wconf 91' lang='lat' dir='ltr'><strong>in</strong></span> <span class='ocrx_word' id='word_1_636' title='bbox 1152 4870 1330 4941; x_wconf 91' lang='lat' dir='ltr'><strong>ipsum</strong></span> <span class='ocrx_word' id='word_1_637' title='bbox 1382 4870 1599 4940; x_wconf 88' lang='lat' dir='ltr'><strong>planius</strong></span> <span class='ocrx_word' id='word_1_638' title='bbox 1645 4870 1950 4933; x_wconf 86' lang='lat' dir='ltr'><strong>denuntiat,</strong></span> 
     </span>
    </p>
   </div>
   <div class='ocr_carea' id='block_1_86' title="bbox 384 4963 1954 5026">
    <p class='ocr_par' dir='ltr' id='par_1_86' title="bbox 384 4963 1954 5026">
     <span class='ocr_line' id='line_1_86' title="bbox 384 4963 1954 5026; baseline -0.001 -7"><span class='ocrx_word' id='word_1_639' title='bbox 384 4967 574 5021; x_wconf 91' lang='lat' dir='ltr'><strong>dicens</strong></span> <span class='ocrx_word' id='word_1_640' title='bbox 607 4984 620 5018; x_wconf 92' lang='lat'><strong>:</strong></span> <span class='ocrx_word' id='word_1_641' title='bbox 654 4982 674 5015; x_wconf 88' lang='grc'><strong><em>‹</em></strong></span> <span class='ocrx_word' id='word_1_642' title='bbox 709 4965 774 5018; x_wconf 85' lang='grc' dir='ltr'>Ει</span> <span class='ocrx_word' id='word_1_643' title='bbox 795 4965 1048 5019; x_wconf 89' lang='lat' dir='ltr'><strong>adveniet</strong></span> <span class='ocrx_word' id='word_1_644' title='bbox 1078 4963 1339 5018; x_wconf 89' lang='lat' dir='ltr'><strong>Dominus</strong></span> <span class='ocrx_word' id='word_1_645' title='bbox 1371 4963 1515 5019; x_wconf 86' lang='lat' dir='ltr'><strong>Deus</strong></span> <span class='ocrx_word' id='word_1_646' title='bbox 1537 4979 1712 5026; x_wconf 87' lang='lat' dir='ltr'><strong>meus,</strong></span> <span class='ocrx_word' id='word_1_647' title='bbox 1750 4971 1805 5018; x_wconf 91' lang='lat' dir='ltr'><strong>et</strong></span> <span class='ocrx_word' id='word_1_648' title='bbox 1835 4977 1954 5018; x_wconf 88' lang='lat' dir='ltr'><strong>om-</strong></span> 
     </span>
    </p>
   </div>
   <div class='ocr_carea' id='block_1_87' title="bbox 384 5055 1953 5122">
    <p class='ocr_par' dir='ltr' id='par_1_87' title="bbox 384 5055 1953 5122">
     <span class='ocr_line' id='line_1_87' title="bbox 384 5055 1953 5122; baseline -0.002 -11"><span class='ocrx_word' id='word_1_649' title='bbox 384 5073 482 5112; x_wconf 88' lang='lat' dir='ltr'><strong>nes</strong></span> <span class='ocrx_word' id='word_1_650' title='bbox 511 5059 684 5112; x_wconf 88' lang='lat' dir='ltr'><strong>sancti</strong></span> <span class='ocrx_word' id='word_1_651' title='bbox 718 5072 841 5112; x_wconf 92' lang='lat' dir='ltr'><strong>cum</strong></span> <span class='ocrx_word' id='word_1_652' title='bbox 864 5072 951 5122; x_wconf 90' lang='lat' dir='ltr'><strong>eo,</strong></span> <span class='ocrx_word' id='word_1_653' title='bbox 989 5075 1006 5106; x_wconf 71' lang='grc' dir='ltr'><strong>ι</strong></span> <span class='ocrx_word' id='word_1_654' title='bbox 1041 5055 1134 5110; x_wconf 88' lang='lat' dir='ltr'><strong>ubi</strong></span> <span class='ocrx_word' id='word_1_655' title='bbox 1167 5055 1298 5109; x_wconf 92' lang='lat' dir='ltr'><strong>dum</strong></span> <span class='ocrx_word' id='word_1_656' title='bbox 1325 5063 1547 5110; x_wconf 89' lang='lat' dir='ltr'><strong>sanctos</strong></span> <span class='ocrx_word' id='word_1_657' title='bbox 1569 5056 1833 5120; x_wconf 88' lang='lat' dir='ltr'><strong>nominat,</strong></span> <span class='ocrx_word' id='word_1_658' title='bbox 1866 5055 1953 5108; x_wconf 86' lang='lat' dir='ltr'><strong>vel</strong></span> 
     </span>
    </p>
   </div>
   <div class='ocr_carea' id='block_1_88' title="bbox 386 5147 1974 5218">
    <p class='ocr_par' dir='ltr' id='par_1_88' title="bbox 386 5147 1974 5218">
     <span class='ocr_line' id='line_1_88' title="bbox 386 5147 1974 5218; baseline -0.001 -17"><span class='ocrx_word' id='word_1_659' title='bbox 386 5150 659 5218; x_wconf 87' lang='lat' dir='ltr'><strong>apostolos</strong></span> <span class='ocrx_word' id='word_1_660' title='bbox 687 5149 806 5218; x_wconf 88' lang='lat' dir='ltr'><strong>ejus</strong></span> <span class='ocrx_word' id='word_1_661' title='bbox 832 5148 1083 5218; x_wconf 88' lang='lat' dir='ltr'><strong>intelligit</strong></span> <span class='ocrx_word' id='word_1_662' title='bbox 1112 5161 1176 5200; x_wconf 88' lang='lat' dir='ltr'><strong>ac</strong></span> <span class='ocrx_word' id='word_1_663' title='bbox 1199 5147 1520 5217; x_wconf 89' lang='lat' dir='ltr'><strong>discipulos,</strong></span> <span class='ocrx_word' id='word_1_664' title='bbox 1547 5149 1629 5203; x_wconf 85' lang='lat' dir='ltr'><strong>vel</strong></span> <span class='ocrx_word' id='word_1_665' title='bbox 1654 5154 1974 5218; x_wconf 76' lang='lat' dir='ltr'><strong>potestates&quot;</strong></span> 
     </span>
    </p>
   </div>
   <div class='ocr_carea' id='block_1_89' title="bbox 385 5238 1948 5310">
    <p class='ocr_par' dir='ltr' id='par_1_89' title="bbox 385 5238 1948 5310">
     <span class='ocr_line' id='line_1_89' title="bbox 385 5238 1948 5310; baseline -0.001 -16"><span class='ocrx_word' id='word_1_666' title='bbox 385 5239 646 5310; x_wconf 88' lang='lat' dir='ltr'><strong>quasdam</strong></span> <span class='ocrx_word' id='word_1_667' title='bbox 676 5241 978 5296; x_wconf 78' lang='lat' dir='ltr'><strong>invisibiles</strong></span> <span class='ocrx_word' id='word_1_668' title='bbox 1000 5249 1053 5294; x_wconf 90' lang='lat' dir='ltr'><strong>et</strong></span> <span class='ocrx_word' id='word_1_669' title='bbox 1079 5240 1305 5310; x_wconf 89' lang='lat' dir='ltr'><strong>spiritus</strong></span> <span class='ocrx_word' id='word_1_670' title='bbox 1327 5238 1700 5301; x_wconf 88' lang='lat' dir='ltr'><strong>administros,</strong></span> <span class='ocrx_word' id='word_1_671' title='bbox 1733 5240 1799 5293; x_wconf 87' lang='lat' dir='ltr'><strong>de</strong></span> <span class='ocrx_word' id='word_1_672' title='bbox 1823 5239 1948 5308; x_wconf 91' lang='lat' dir='ltr'><strong>qui-</strong></span> 
     </span>
    </p>
   </div>
   <div class='ocr_carea' id='block_1_90' title="bbox 385 5331 1950 5401">
    <p class='ocr_par' dir='ltr' id='par_1_90' title="bbox 385 5331 1950 5401">
     <span class='ocr_line' id='line_1_90' title="bbox 385 5331 1950 5401; baseline -0.002 -15"><span class='ocrx_word' id='word_1_673' title='bbox 385 5332 487 5387; x_wconf 90' lang='lat' dir='ltr'><strong>bus</strong></span> <span class='ocrx_word' id='word_1_674' title='bbox 514 5333 718 5387; x_wconf 89' lang='lat' dir='ltr'><strong>dictum</strong></span> <span class='ocrx_word' id='word_1_675' title='bbox 749 5342 833 5388; x_wconf 90' lang='lat' dir='ltr'><strong>est</strong></span> <span class='ocrx_word' id='word_1_676' title='bbox 867 5352 879 5385; x_wconf 90' lang='lat'>:</span> <span class='ocrx_word' id='word_1_677' title='bbox 921 5351 941 5385; x_wconf 76' lang='grc' dir='ltr'><strong>ι</strong></span> <span class='ocrx_word' id='word_1_678' title='bbox 984 5331 1050 5385; x_wconf 90' lang='lat' dir='ltr'><strong>Et</strong></span> <span class='ocrx_word' id='word_1_679' title='bbox 1094 5338 1445 5387; x_wconf 88' lang='lat' dir='ltr'><strong>accesserunt</strong></span> <span class='ocrx_word' id='word_1_680' title='bbox 1478 5331 1654 5401; x_wconf 88' lang='lat' dir='ltr'><strong>angeli</strong></span> <span class='ocrx_word' id='word_1_681' title='bbox 1695 5345 1759 5384; x_wconf 88' lang='lat' dir='ltr'><strong>ac</strong></span> <span class='ocrx_word' id='word_1_682' title='bbox 1785 5331 1950 5383; x_wconf 87' lang='lat' dir='ltr'><strong>mini-</strong></span> 
     </span>
    </p>
   </div>
   <div class='ocr_carea' id='block_1_91' title="bbox 383 5420 1950 5484">
    <p class='ocr_par' dir='ltr' id='par_1_91' title="bbox 383 5420 1950 5484">
     <span class='ocr_line' id='line_1_91' title="bbox 383 5420 1950 5484; baseline -0.003 -6"><span class='ocrx_word' id='word_1_683' title='bbox 383 5424 632 5478; x_wconf 80' lang='lat' dir='ltr'><strong>strabant</strong></span> <span class='ocrx_word' id='word_1_684' title='bbox 653 5426 723 5479; x_wconf 88' lang='lat' dir='ltr'><strong>ei.</strong></span> <span class='ocrx_word' id='word_1_685' title='bbox 751 5425 775 5456; x_wconf 71' lang='grc'><strong>⁸</strong></span> <span class='ocrx_word' id='word_1_686' title='bbox 818 5445 836 5476; x_wconf 85' lang='grc'>›</span> <span class='ocrx_word' id='word_1_687' title='bbox 873 5424 1077 5479; x_wconf 85' lang='lat' dir='ltr'><strong>Deinde</strong></span> <span class='ocrx_word' id='word_1_688' title='bbox 1125 5442 1138 5477; x_wconf 88' lang='lat'>:</span> <span class='ocrx_word' id='word_1_689' title='bbox 1178 5441 1196 5474; x_wconf 74' lang='grc' dir='ltr'><strong>ι</strong></span> <span class='ocrx_word' id='word_1_690' title='bbox 1235 5422 1294 5476; x_wconf 90' lang='lat' dir='ltr'><strong>ln</strong></span> <span class='ocrx_word' id='word_1_691' title='bbox 1327 5423 1560 5476; x_wconf 90' lang='lat' dir='ltr'><strong>adventu</strong></span> <span class='ocrx_word' id='word_1_692' title='bbox 1589 5420 1825 5484; x_wconf 89' lang='lat' dir='ltr'><strong>Domini,</strong></span> <span class='ocrx_word' id='word_1_693' title='bbox 1865 5422 1950 5474; x_wconf 86' lang='lat' dir='ltr'><strong>in-</strong></span> 
     </span>
    </p>
   </div>
   <div class='ocr_carea' id='block_1_92' title="bbox 373 5515 1949 5588">
    <p class='ocr_par' dir='ltr' id='par_1_92' title="bbox 373 5515 1949 5588">
     <span class='ocr_line' id='line_1_92' title="bbox 373 5515 1949 5588; baseline -0.002 -17"><span class='ocrx_word' id='word_1_694' title='bbox 373 5516 521 5588; x_wconf 77' lang='lat' dir='ltr'><strong>quit,</strong></span> <span class='ocrx_word' id='word_1_695' title='bbox 543 5517 648 5570; x_wconf 92' lang='lat' dir='ltr'><strong>erit</strong></span> <span class='ocrx_word' id='word_1_696' title='bbox 666 5517 784 5572; x_wconf 87' lang='lat' dir='ltr'><strong>dies</strong></span> <span class='ocrx_word' id='word_1_697' title='bbox 816 5525 869 5572; x_wconf 91' lang='lat' dir='ltr'><strong>et</strong></span> <span class='ocrx_word' id='word_1_698' title='bbox 901 5532 1011 5572; x_wconf 90' lang='lat' dir='ltr'><strong>non</strong></span> <span class='ocrx_word' id='word_1_699' title='bbox 1037 5517 1140 5572; x_wconf 91' lang='lat' dir='ltr'><strong>erit</strong></span> <span class='ocrx_word' id='word_1_700' title='bbox 1170 5517 1282 5580; x_wconf 79' lang='lat' dir='ltr'><strong>lux,</strong></span> <span class='ocrx_word' id='word_1_701' title='bbox 1315 5515 1409 5570; x_wconf 88' lang='lat' dir='ltr'><strong>sed</strong></span> <span class='ocrx_word' id='word_1_702' title='bbox 1452 5515 1624 5585; x_wconf 85' lang='lat' dir='ltr'><strong>frigus</strong></span> <span class='ocrx_word' id='word_1_703' title='bbox 1661 5523 1715 5570; x_wconf 90' lang='lat' dir='ltr'><strong>et</strong></span> <span class='ocrx_word' id='word_1_704' title='bbox 1745 5515 1949 5583; x_wconf 85' lang='lat' dir='ltr'><strong>glacies</strong></span> 
     </span>
    </p>
   </div>
   <div class='ocr_carea' id='block_1_93' title="bbox 433 5669 1519 5746">
    <p class='ocr_par' dir='ltr' id='par_1_93' title="bbox 433 5669 1519 5746">
     <span class='ocr_line' id='line_1_93' title="bbox 433 5669 1519 5746; baseline -0.003 -19"><span class='ocrx_word' id='word_1_705' title='bbox 433 5674 707 5746; x_wconf 14' lang='lat' dir='ltr'><strong>.MAmos</strong></span> <span class='ocrx_word' id='word_1_706' title='bbox 735 5688 810 5741; x_wconf 80' lang='grc' dir='ltr'>ιι,</span> <span class='ocrx_word' id='word_1_707' title='bbox 841 5673 892 5729; x_wconf 81' lang='lat' dir='ltr'><strong>l.</strong></span> <span class='ocrx_word' id='word_1_708' title='bbox 966 5673 985 5704; x_wconf 87' lang='grc'>³</span> <span class='ocrx_word' id='word_1_709' title='bbox 1017 5669 1205 5727; x_wconf 82' lang='lat' dir='ltr'><strong>Matth.</strong></span> <span class='ocrx_word' id='word_1_710' title='bbox 1241 5687 1399 5737; x_wconf 73' lang='lat' dir='ltr'><strong>nm,</strong></span> <span class='ocrx_word' id='word_1_711' title='bbox 1432 5670 1519 5725; x_wconf 79' lang='lat'><strong>38.</strong></span> 
     </span>
    </p>
   </div>
   <div class='ocr_carea' id='block_1_94' title="bbox 2061 3212 3659 3294">
    <p class='ocr_par' dir='ltr' id='par_1_94' title="bbox 2061 3212 3659 3294">
     <span class='ocr_line' id='line_1_94' title="bbox 2061 3212 3659 3294; baseline 0.001 -20"><span class='ocrx_word' id='word_1_712' title='bbox 2061 3237 2187 3290; x_wconf 84' lang='grc' dir='ltr'>ραν.</span> <span class='ocrx_word' id='word_1_713' title='bbox 2227 3240 2246 3272; x_wconf 70' lang='grc' dir='ltr'><strong>ι</strong></span> <span class='ocrx_word' id='word_1_714' title='bbox 2288 3221 2426 3275; x_wconf 87' lang='grc' dir='ltr'>Ἀνθ’</span> <span class='ocrx_word' id='word_1_715' title='bbox 2450 3212 2517 3274; x_wconf 78' lang='grc' dir='ltr'>οὗ</span> <span class='ocrx_word' id='word_1_716' title='bbox 2545 3221 2575 3272; x_wconf 91' lang='lat'><strong>6</strong></span> <span class='ocrx_word' id='word_1_717' title='bbox 2601 3220 2898 3292; x_wconf 81' lang='grc' dir='ltr'>Σύμμαχος</span> <span class='ocrx_word' id='word_1_718' title='bbox 2922 3221 3258 3294; x_wconf 83' lang='grc' dir='ltr'>ἡρμήνευσε,</span> <span class='ocrx_word' id='word_1_719' title='bbox 3293 3238 3314 3272; x_wconf 76' lang='grc' dir='ltr'><strong>ι</strong></span> <span class='ocrx_word' id='word_1_720' title='bbox 3352 3221 3468 3276; x_wconf 76' lang='grc' dir='ltr'>Καὶ</span> <span class='ocrx_word' id='word_1_721' title='bbox 3501 3223 3566 3275; x_wconf 84' lang='grc' dir='ltr'><strong>ἐν</strong></span> <span class='ocrx_word' id='word_1_722' title='bbox 3593 3222 3659 3292; x_wconf 79' lang='grc' dir='ltr'>τῇ</span> 
     </span>
    </p>
   </div>
   <div class='ocr_carea' id='block_1_95' title="bbox 2066 3309 3661 3386">
    <p class='ocr_par' dir='ltr' id='par_1_95' title="bbox 2066 3309 3661 3386">
     <span class='ocr_line' id='line_1_95' title="bbox 2066 3309 3661 3386; baseline 0.003 -24"><span class='ocrx_word' id='word_1_723' title='bbox 2066 3311 2250 3384; x_wconf 83' lang='grc' dir='ltr'>ἡμέρᾳ</span> <span class='ocrx_word' id='word_1_724' title='bbox 2272 3311 2457 3386; x_wconf 86' lang='grc' dir='ltr'>ἐκείνῃ</span> <span class='ocrx_word' id='word_1_725' title='bbox 2496 3312 2597 3365; x_wconf 88' lang='grc' dir='ltr'><strong>οὐκ</strong></span> <span class='ocrx_word' id='word_1_726' title='bbox 2626 3312 2780 3365; x_wconf 76' lang='grc' dir='ltr'>ἔσται</span> <span class='ocrx_word' id='word_1_727' title='bbox 2816 3311 2953 3382; x_wconf 83' lang='grc' dir='ltr'>φῶς,</span> <span class='ocrx_word' id='word_1_728' title='bbox 2987 3310 3123 3365; x_wconf 82' lang='grc' dir='ltr'>ἀλλὰ</span> <span class='ocrx_word' id='word_1_729' title='bbox 3151 3309 3322 3382; x_wconf 76' lang='grc' dir='ltr'>ψῦχος</span> <span class='ocrx_word' id='word_1_730' title='bbox 3348 3313 3446 3365; x_wconf 82' lang='grc' dir='ltr'>καὶ</span> <span class='ocrx_word' id='word_1_731' title='bbox 3476 3313 3661 3380; x_wconf 76' lang='grc' dir='ltr'>πάγος</span> 
     </span>
    </p>
   </div>
   <div class='ocr_carea' id='block_1_96' title="bbox 2065 3400 3663 3475">
    <p class='ocr_par' dir='ltr' id='par_1_96' title="bbox 2065 3400 3663 3475">
     <span class='ocr_line' id='line_1_96' title="bbox 2065 3400 3663 3475; baseline 0.002 -21"><span class='ocrx_word' id='word_1_732' title='bbox 2065 3401 2217 3455; x_wconf 79' lang='grc' dir='ltr'>ἔσται</span> <span class='ocrx_word' id='word_1_733' title='bbox 2251 3403 2381 3474; x_wconf 85' lang='grc' dir='ltr'>μίαν</span> <span class='ocrx_word' id='word_1_734' title='bbox 2414 3403 2646 3475; x_wconf 76' lang='grc' dir='ltr'>ἡμέραν,</span> <span class='ocrx_word' id='word_1_735' title='bbox 2691 3403 2812 3474; x_wconf 77' lang='grc' dir='ltr'>ἥτις</span> <span class='ocrx_word' id='word_1_736' title='bbox 2857 3402 3122 3471; x_wconf 78' lang='grc' dir='ltr'>ἔγνωσται</span> <span class='ocrx_word' id='word_1_737' title='bbox 3164 3400 3241 3472; x_wconf 82' lang='grc' dir='ltr'>τῷ</span> <span class='ocrx_word' id='word_1_738' title='bbox 3289 3403 3508 3474; x_wconf 86' lang='grc' dir='ltr'>Κυρίῳ,</span> <span class='ocrx_word' id='word_1_739' title='bbox 3561 3404 3663 3474; x_wconf 75' lang='grc' dir='ltr'><strong>οὐχ</strong></span> 
     </span>
    </p>
   </div>
   <div class='ocr_carea' id='block_1_97' title="bbox 2065 3491 3657 3564">
    <p class='ocr_par' dir='ltr' id='par_1_97' title="bbox 2065 3491 3657 3564">
     <span class='ocr_line' id='line_1_97' title="bbox 2065 3491 3657 3564; baseline 0 -20"><span class='ocrx_word' id='word_1_740' title='bbox 2065 3491 2250 3564; x_wconf 80' lang='grc' dir='ltr'>ἡμέρα</span> <span class='ocrx_word' id='word_1_741' title='bbox 2285 3492 2405 3546; x_wconf 86' lang='grc' dir='ltr'><strong>οὐδέ</strong></span> <span class='ocrx_word' id='word_1_742' title='bbox 2434 3492 2551 3558; x_wconf 81' lang='grc' dir='ltr'>νὺξ,</span> <span class='ocrx_word' id='word_1_743' title='bbox 2573 3493 2688 3547; x_wconf 84' lang='grc' dir='ltr'>ἀλλ’</span> <span class='ocrx_word' id='word_1_744' title='bbox 2720 3492 2872 3546; x_wconf 75' lang='grc' dir='ltr'>ἔσται</span> <span class='ocrx_word' id='word_1_745' title='bbox 2911 3492 2971 3544; x_wconf 80' lang='grc' dir='ltr'><strong>τὸ</strong></span> <span class='ocrx_word' id='word_1_746' title='bbox 3005 3492 3142 3563; x_wconf 84' lang='grc' dir='ltr'>πρὸς</span> <span class='ocrx_word' id='word_1_747' title='bbox 3167 3493 3408 3563; x_wconf 90' lang='grc' dir='ltr'>ἐσπέραν</span> <span class='ocrx_word' id='word_1_748' title='bbox 3447 3493 3595 3562; x_wconf 78' lang='grc' dir='ltr'>φῶς.</span> <span class='ocrx_word' id='word_1_749' title='bbox 3637 3511 3657 3544; x_wconf 74' lang='grc' dir='ltr'><strong>ι</strong></span> 
     </span>
    </p>
   </div>
   <div class='ocr_carea' id='block_1_98' title="bbox 2064 3583 3661 3659">
    <p class='ocr_par' dir='ltr' id='par_1_98' title="bbox 2064 3583 3661 3659">
     <span class='ocr_line' id='line_1_98' title="bbox 2064 3583 3661 3659; baseline 0.003 -23"><span class='ocrx_word' id='word_1_750' title='bbox 2064 3583 2176 3636; x_wconf 76' lang='grc' dir='ltr'>Καὶ</span> <span class='ocrx_word' id='word_1_751' title='bbox 2198 3585 2298 3654; x_wconf 86' lang='grc' dir='ltr'><strong>ὅρα</strong></span> <span class='ocrx_word' id='word_1_752' title='bbox 2321 3586 2371 3638; x_wconf 82' lang='grc' dir='ltr'><strong>εί</strong></span> <span class='ocrx_word' id='word_1_753' title='bbox 2409 3584 2483 3655; x_wconf 83' lang='grc' dir='ltr'>μὴ</span> <span class='ocrx_word' id='word_1_754' title='bbox 2510 3584 2599 3638; x_wconf 90' lang='grc' dir='ltr'>διὰ</span> <span class='ocrx_word' id='word_1_755' title='bbox 2626 3584 2831 3640; x_wconf 80' lang='grc' dir='ltr'>τούτων</span> <span class='ocrx_word' id='word_1_756' title='bbox 2849 3586 3151 3641; x_wconf 85' lang='grc' dir='ltr'>λευκότατα</span> <span class='ocrx_word' id='word_1_757' title='bbox 3175 3585 3274 3657; x_wconf 84' lang='grc' dir='ltr'>τὴν</span> <span class='ocrx_word' id='word_1_758' title='bbox 3304 3585 3532 3659; x_wconf 74' lang='grc' dir='ltr'>ἡμέραν</span> <span class='ocrx_word' id='word_1_759' title='bbox 3561 3587 3661 3641; x_wconf 80' lang='grc' dir='ltr'><strong>τοῦ</strong></span> 
     </span>
    </p>
   </div>
   <div class='ocr_carea' id='block_1_99' title="bbox 2066 3675 3662 3754">
    <p class='ocr_par' dir='ltr' id='par_1_99' title="bbox 2066 3675 3662 3754">
     <span class='ocr_line' id='line_1_99' title="bbox 2066 3675 3662 3754; baseline 0.003 -25"><span class='ocrx_word' id='word_1_760' title='bbox 2066 3676 2270 3741; x_wconf 87' lang='grc' dir='ltr'>πάθους</span> <span class='ocrx_word' id='word_1_761' title='bbox 2316 3677 2408 3730; x_wconf 85' lang='grc' dir='ltr'><strong>τοῦ</strong></span> <span class='ocrx_word' id='word_1_762' title='bbox 2455 3679 2705 3749; x_wconf 79' lang='grc' dir='ltr'>Σωτῆρος</span> <span class='ocrx_word' id='word_1_763' title='bbox 2749 3680 2905 3751; x_wconf 79' lang='grc' dir='ltr'>ἡμῶν</span> <span class='ocrx_word' id='word_1_764' title='bbox 2951 3680 3120 3751; x_wconf 89' lang='grc' dir='ltr'>δηλοῖ,</span> <span class='ocrx_word' id='word_1_765' title='bbox 3169 3681 3226 3733; x_wconf 90' lang='grc' dir='ltr'><strong>ἐν</strong></span> <span class='ocrx_word' id='word_1_766' title='bbox 3354 3680 3551 3754; x_wconf 53' lang='grc' dir='ltr'>ἡμέρᾳ</span> <span class='ocrx_word' id='word_1_767' title='bbox 3603 3678 3662 3735; x_wconf 66' lang='grc' dir='ltr'><strong>τό</strong></span> 
     </span>
    </p>
   </div>
   <div class='ocr_carea' id='block_1_100' title="bbox 2067 3770 3666 3846">
    <p class='ocr_par' dir='ltr' id='par_1_100' title="bbox 2067 3770 3666 3846">
     <span class='ocr_line' id='line_1_100' title="bbox 2067 3770 3666 3846; baseline 0.003 -22"><span class='ocrx_word' id='word_1_768' title='bbox 2067 3771 2185 3842; x_wconf 82' lang='grc' dir='ltr'>μὲν,</span> <span class='ocrx_word' id='word_1_769' title='bbox 2218 3789 2236 3822; x_wconf 77' lang='grc' dir='ltr'><strong>ι</strong></span> <span class='ocrx_word' id='word_1_770' title='bbox 2257 3771 2368 3824; x_wconf 86' lang='grc' dir='ltr'><strong>Οὐκ</strong></span> <span class='ocrx_word' id='word_1_771' title='bbox 2394 3770 2541 3824; x_wconf 80' lang='grc' dir='ltr'>ἐσται</span> <span class='ocrx_word' id='word_1_772' title='bbox 2575 3774 2710 3840; x_wconf 81' lang='grc' dir='ltr'>φῶς,</span> <span class='ocrx_word' id='word_1_773' title='bbox 2740 3792 2758 3824; x_wconf 74' lang='grc' dir='ltr'><strong>ι</strong></span> <span class='ocrx_word' id='word_1_774' title='bbox 2794 3773 3113 3845; x_wconf 83' lang='grc' dir='ltr'>ἐπληροῦτο,</span> <span class='ocrx_word' id='word_1_775' title='bbox 3147 3774 3312 3844; x_wconf 78' lang='grc' dir='ltr'>ἡνίκα</span> <span class='ocrx_word' id='word_1_776' title='bbox 3336 3774 3449 3828; x_wconf 74' lang='grc' dir='ltr'>άπὸ</span> <span class='ocrx_word' id='word_1_777' title='bbox 3485 3778 3666 3846; x_wconf 71' lang='grc' dir='ltr'>ἕκτης</span> 
     </span>
    </p>
   </div>
   <div class='ocr_carea' id='block_1_101' title="bbox 2064 3859 3664 3937">
    <p class='ocr_par' dir='ltr' id='par_1_101' title="bbox 2064 3859 3664 3937">
     <span class='ocr_line' id='line_1_101' title="bbox 2064 3859 3664 3937; baseline 0.004 -24"><span class='ocrx_word' id='word_1_778' title='bbox 2064 3859 2214 3932; x_wconf 84' lang='grc' dir='ltr'>ὥρας</span> <span class='ocrx_word' id='word_1_779' title='bbox 2245 3863 2433 3925; x_wconf 85' lang='grc' dir='ltr'>σκότος</span> <span class='ocrx_word' id='word_1_780' title='bbox 2481 3863 2696 3932; x_wconf 82' lang='grc' dir='ltr'>ἐγένετο</span> <span class='ocrx_word' id='word_1_781' title='bbox 2743 3864 2834 3917; x_wconf 78' lang='grc' dir='ltr'><strong>ἐπὶ</strong></span> <span class='ocrx_word' id='word_1_782' title='bbox 2876 3867 3053 3919; x_wconf 85' lang='grc' dir='ltr'>πᾶσαν</span> <span class='ocrx_word' id='word_1_783' title='bbox 3083 3865 3183 3936; x_wconf 81' lang='grc' dir='ltr'>τὴν</span> <span class='ocrx_word' id='word_1_784' title='bbox 3213 3865 3318 3936; x_wconf 84' lang='grc' dir='ltr'>γῆν</span> <span class='ocrx_word' id='word_1_785' title='bbox 3359 3866 3466 3928; x_wconf 74' lang='grc' dir='ltr'>ἕως</span> <span class='ocrx_word' id='word_1_786' title='bbox 3500 3867 3664 3937; x_wconf 84' lang='grc' dir='ltr'>ὥρας</span> 
     </span>
    </p>
   </div>
   <div class='ocr_carea' id='block_1_102' title="bbox 2063 3953 3667 4025">
    <p class='ocr_par' dir='ltr' id='par_1_102' title="bbox 2063 3953 3667 4025">
     <span class='ocr_line' id='line_1_102' title="bbox 2063 3953 3667 4025; baseline 0.002 -21"><span class='ocrx_word' id='word_1_787' title='bbox 2063 3953 2291 4024; x_wconf 87' lang='grc' dir='ltr'>ἐννάτης</span> <span class='ocrx_word' id='word_1_788' title='bbox 2309 3971 2322 3984; x_wconf 80' lang='grc'><em>’</em></span> <span class='ocrx_word' id='word_1_789' title='bbox 2350 3953 2410 4006; x_wconf 86' lang='grc' dir='ltr'><strong>τὸ</strong></span> <span class='ocrx_word' id='word_1_790' title='bbox 2438 3953 2516 4020; x_wconf 89' lang='grc' dir='ltr'><strong>δέ,</strong></span> <span class='ocrx_word' id='word_1_791' title='bbox 2551 3972 2569 4004; x_wconf 78' lang='grc' dir='ltr'><strong>ι</strong></span> <span class='ocrx_word' id='word_1_792' title='bbox 2605 3954 2766 4009; x_wconf 80' lang='grc' dir='ltr'>Ἀλλὰ</span> <span class='ocrx_word' id='word_1_793' title='bbox 2783 3953 2952 4025; x_wconf 77' lang='grc' dir='ltr'>ψῦχος</span> <span class='ocrx_word' id='word_1_794' title='bbox 2973 3955 3067 4008; x_wconf 88' lang='lat' dir='ltr'><strong>xui</strong></span> <span class='ocrx_word' id='word_1_795' title='bbox 3096 3954 3290 4023; x_wconf 86' lang='grc' dir='ltr'>πάγος,</span> <span class='ocrx_word' id='word_1_796' title='bbox 3312 3971 3331 4006; x_wconf 73' lang='grc' dir='ltr'><strong>ι</strong></span> <span class='ocrx_word' id='word_1_797' title='bbox 3357 3955 3475 4018; x_wconf 84' lang='grc' dir='ltr'>ὅτε,</span> <span class='ocrx_word' id='word_1_798' title='bbox 3508 3953 3667 4008; x_wconf 68' lang='grc' dir='ltr'>κατὰ</span> 
     </span>
    </p>
   </div>
   <div class='ocr_carea' id='block_1_103' title="bbox 2060 4045 3666 4119">
    <p class='ocr_par' dir='ltr' id='par_1_103' title="bbox 2060 4045 3666 4119">
     <span class='ocr_line' id='line_1_103' title="bbox 2060 4045 3666 4119; baseline 0.001 -21"><span class='ocrx_word' id='word_1_799' title='bbox 2060 4045 2152 4099; x_wconf 81' lang='grc' dir='ltr'><strong>τὸν</strong></span> <span class='ocrx_word' id='word_1_800' title='bbox 2194 4047 2429 4113; x_wconf 83' lang='grc' dir='ltr'>Λουκᾶν,</span> <span class='ocrx_word' id='word_1_801' title='bbox 2471 4046 2876 4119; x_wconf 80' lang='grc' dir='ltr'>παραλαϐόντες</span> <span class='ocrx_word' id='word_1_802' title='bbox 2924 4047 3014 4100; x_wconf 83' lang='grc' dir='ltr'><strong>τὸν</strong></span> <span class='ocrx_word' id='word_1_803' title='bbox 3060 4046 3264 4117; x_wconf 81' lang='grc' dir='ltr'>Ἰησοῦν</span> <span class='ocrx_word' id='word_1_804' title='bbox 3307 4045 3530 4118; x_wconf 74' lang='grc' dir='ltr'>ἤγαγον</span> <span class='ocrx_word' id='word_1_805' title='bbox 3579 4049 3666 4111; x_wconf 87' lang='grc' dir='ltr'><strong>εἰς</strong></span> 
     </span>
    </p>
   </div>
   <div class='ocr_carea' id='block_1_104' title="bbox 2061 4137 3668 4212">
    <p class='ocr_par' dir='ltr' id='par_1_104' title="bbox 2061 4137 3668 4212">
     <span class='ocr_line' id='line_1_104' title="bbox 2061 4137 3668 4212; baseline 0.001 -22"><span class='ocrx_word' id='word_1_806' title='bbox 2061 4138 2161 4210; x_wconf 79' lang='grc' dir='ltr'>τὴν</span> <span class='ocrx_word' id='word_1_807' title='bbox 2196 4137 2372 4191; x_wconf 81' lang='grc' dir='ltr'>οἰκίαν</span> <span class='ocrx_word' id='word_1_808' title='bbox 2415 4137 2508 4191; x_wconf 90' lang='grc' dir='ltr'><strong>τοῦ</strong></span> <span class='ocrx_word' id='word_1_809' title='bbox 2558 4139 2894 4212; x_wconf 81' lang='grc' dir='ltr'>ἀρχιερέως’</span> <span class='ocrx_word' id='word_1_810' title='bbox 2929 4139 2958 4190; x_wconf 92' lang='lat'><strong>6</strong></span> <span class='ocrx_word' id='word_1_811' title='bbox 2997 4137 3054 4191; x_wconf 85' lang='grc' dir='ltr'><strong>δέ</strong></span> <span class='ocrx_word' id='word_1_812' title='bbox 3103 4137 3308 4210; x_wconf 86' lang='grc' dir='ltr'>Πέτρος</span> <span class='ocrx_word' id='word_1_813' title='bbox 3353 4139 3668 4206; x_wconf 71' lang='grc' dir='ltr'>ἠκολούθει</span> 
     </span>
    </p>
   </div>
   <div class='ocr_carea' id='block_1_105' title="bbox 2065 4228 3670 4302">
    <p class='ocr_par' dir='ltr' id='par_1_105' title="bbox 2065 4228 3670 4302">
     <span class='ocr_line' id='line_1_105' title="bbox 2065 4228 3670 4302; baseline 0.002 -20"><span class='ocrx_word' id='word_1_814' title='bbox 2065 4229 2336 4301; x_wconf 88' lang='grc' dir='ltr'>μακρόθεν</span> <span class='ocrx_word' id='word_1_815' title='bbox 2365 4246 2380 4260; x_wconf 71' lang='grc' dir='ltr'><strong>ο</strong></span> <span class='ocrx_word' id='word_1_816' title='bbox 2430 4229 2813 4301; x_wconf 73' lang='grc' dir='ltr'>περιαψάντων</span> <span class='ocrx_word' id='word_1_817' title='bbox 2839 4230 2897 4282; x_wconf 84' lang='grc' dir='ltr'><strong>δὲ</strong></span> <span class='ocrx_word' id='word_1_818' title='bbox 2939 4228 3050 4302; x_wconf 87' lang='grc' dir='ltr'><strong>πῦρ</strong></span> <span class='ocrx_word' id='word_1_819' title='bbox 3090 4229 3148 4283; x_wconf 82' lang='grc' dir='ltr'><strong>ἐν</strong></span> <span class='ocrx_word' id='word_1_820' title='bbox 3202 4228 3355 4300; x_wconf 85' lang='grc' dir='ltr'>μέσῳ</span> <span class='ocrx_word' id='word_1_821' title='bbox 3398 4228 3506 4300; x_wconf 84' lang='grc' dir='ltr'>τῆς</span> <span class='ocrx_word' id='word_1_822' title='bbox 3560 4231 3670 4285; x_wconf 78' lang='grc' dir='ltr'>αὐ·-</span> 
     </span>
    </p>
   </div>
   <div class='ocr_carea' id='block_1_106' title="bbox 2060 4318 3672 4393">
    <p class='ocr_par' dir='ltr' id='par_1_106' title="bbox 2060 4318 3672 4393">
     <span class='ocr_line' id='line_1_106' title="bbox 2060 4318 3672 4393; baseline 0 -19"><span class='ocrx_word' id='word_1_823' title='bbox 2060 4321 2179 4392; x_wconf 80' lang='grc' dir='ltr'>λῆς,</span> <span class='ocrx_word' id='word_1_824' title='bbox 2227 4320 2481 4392; x_wconf 88' lang='grc' dir='ltr'>ἐκάθητο,</span> <span class='ocrx_word' id='word_1_825' title='bbox 2519 4320 2661 4375; x_wconf 81' lang='grc' dir='ltr'>κατὰ</span> <span class='ocrx_word' id='word_1_826' title='bbox 2703 4322 2794 4374; x_wconf 87' lang='grc' dir='ltr'><strong>τὸν</strong></span> <span class='ocrx_word' id='word_1_827' title='bbox 2823 4321 3069 4393; x_wconf 84' lang='grc' dir='ltr'>Μάρκον,</span> <span class='ocrx_word' id='word_1_828' title='bbox 3110 4319 3244 4392; x_wconf 84' lang='grc' dir='ltr'>μετὰ</span> <span class='ocrx_word' id='word_1_829' title='bbox 3278 4318 3389 4373; x_wconf 86' lang='grc' dir='ltr'><strong>τῶν</strong></span> <span class='ocrx_word' id='word_1_830' title='bbox 3435 4318 3672 4374; x_wconf 76' lang='grc' dir='ltr'>λοιπῶν</span> 
     </span>
    </p>
   </div>
   <div class='ocr_carea' id='block_1_107' title="bbox 2062 4411 3673 4484">
    <p class='ocr_par' dir='ltr' id='par_1_107' title="bbox 2062 4411 3673 4484">
     <span class='ocr_line' id='line_1_107' title="bbox 2062 4411 3673 4484; baseline 0.001 -20"><span class='ocrx_word' id='word_1_831' title='bbox 2062 4411 2506 4484; x_wconf 89' lang='grc' dir='ltr'>θερμαινόμενος.</span> <span class='ocrx_word' id='word_1_832' title='bbox 2554 4413 2612 4465; x_wconf 90' lang='lat'><strong>&#39;0</strong></span> <span class='ocrx_word' id='word_1_833' title='bbox 2639 4412 2694 4465; x_wconf 85' lang='grc' dir='ltr'><strong>δέ</strong></span> <span class='ocrx_word' id='word_1_834' title='bbox 2729 4413 2982 4483; x_wconf 87' lang='grc' dir='ltr'>Ἰωάννης</span> <span class='ocrx_word' id='word_1_835' title='bbox 3009 4411 3266 4483; x_wconf 78' lang='grc' dir='ltr'>ἄντικρυς</span> <span class='ocrx_word' id='word_1_836' title='bbox 3291 4411 3512 4464; x_wconf 77' lang='grc' dir='ltr'>καὶτοῦ</span> <span class='ocrx_word' id='word_1_837' title='bbox 3557 4411 3673 4482; x_wconf 53' lang='lat' dir='ltr'><strong>datio</strong></span> 
     </span>
    </p>
   </div>
   <div class='ocr_carea' id='block_1_108' title="bbox 2063 4487 3671 4579">
    <p class='ocr_par' dir='ltr' id='par_1_108' title="bbox 2063 4487 3671 4579">
     <span class='ocr_line' id='line_1_108' title="bbox 2063 4487 3671 4579; baseline -0.003 -18"><span class='ocrx_word' id='word_1_838' title='bbox 2063 4526 2191 4579; x_wconf 90' lang='grc' dir='ltr'>χους</span> <span class='ocrx_word' id='word_1_839' title='bbox 2219 4508 2641 4578; x_wconf 86' lang='grc' dir='ltr'>ἐμνημόνευσεν,</span> <span class='ocrx_word' id='word_1_840' title='bbox 2684 4507 2851 4562; x_wconf 75' lang='grc' dir='ltr'>εἰπών</span> <span class='ocrx_word' id='word_1_841' title='bbox 2873 4524 2886 4536; x_wconf 88' lang='grc'><strong>·</strong></span> <span class='ocrx_word' id='word_1_842' title='bbox 2934 4526 2952 4555; x_wconf 77' lang='grc' dir='ltr'><strong>ι</strong></span> <span class='ocrx_word' id='word_1_843' title='bbox 2988 4506 3348 4577; x_wconf 83' lang='grc' dir='ltr'>Εἱστήκεισαν</span> <span class='ocrx_word' id='word_1_844' title='bbox 3377 4507 3425 4558; x_wconf 79' lang='grc' dir='ltr'>οἱ</span> <span class='ocrx_word' id='word_1_845' title='bbox 3467 4487 3671 4559; x_wconf 73' lang='grc' dir='ltr'>δοῦλοι</span> 
     </span>
    </p>
   </div>
   <div class='ocr_carea' id='block_1_109' title="bbox 2063 4593 3670 4673">
    <p class='ocr_par' dir='ltr' id='par_1_109' title="bbox 2063 4593 3670 4673">
     <span class='ocr_line' id='line_1_109' title="bbox 2063 4593 3670 4673; baseline -0.002 -20"><span class='ocrx_word' id='word_1_846' title='bbox 2063 4600 2157 4654; x_wconf 90' lang='lat' dir='ltr'><strong>xui</strong></span> <span class='ocrx_word' id='word_1_847' title='bbox 2183 4603 2231 4653; x_wconf 90' lang='grc' dir='ltr'><strong>οί</strong></span> <span class='ocrx_word' id='word_1_848' title='bbox 2255 4599 2520 4673; x_wconf 86' lang='grc' dir='ltr'>ὑπηρέται</span> <span class='ocrx_word' id='word_1_849' title='bbox 2545 4599 2841 4670; x_wconf 80' lang='grc' dir='ltr'>ἀνθρακιὰν</span> <span class='ocrx_word' id='word_1_850' title='bbox 2865 4597 3238 4668; x_wconf 81' lang='grc' dir='ltr'>πεποιηκότες,</span> <span class='ocrx_word' id='word_1_851' title='bbox 3254 4597 3334 4648; x_wconf 74' lang='grc' dir='ltr'>ὅτι</span> <span class='ocrx_word' id='word_1_852' title='bbox 3356 4594 3545 4666; x_wconf 69' lang='grc' dir='ltr'>ψῦχος</span> <span class='ocrx_word' id='word_1_853' title='bbox 3571 4593 3670 4669; x_wconf 75' lang='grc' dir='ltr'>ἦν,</span> 
     </span>
    </p>
   </div>
   <div class='ocr_carea' id='block_1_110' title="bbox 2062 4684 3668 4763">
    <p class='ocr_par' dir='ltr' id='par_1_110' title="bbox 2062 4684 3668 4763">
     <span class='ocr_line' id='line_1_110' title="bbox 2062 4684 3668 4763; baseline -0.001 -19"><span class='ocrx_word' id='word_1_854' title='bbox 2062 4693 2158 4745; x_wconf 91' lang='lat' dir='ltr'><strong>xui</strong></span> <span class='ocrx_word' id='word_1_855' title='bbox 2203 4691 2603 4763; x_wconf 89' lang='grc' dir='ltr'>ἐθερμαίνοντο.</span> <span class='ocrx_word' id='word_1_856' title='bbox 2629 4710 2772 4742; x_wconf 75' lang='grc' dir='ltr'>ι-ι</span> <span class='ocrx_word' id='word_1_857' title='bbox 2795 4691 3014 4760; x_wconf 80' lang='grc' dir='ltr'>Γνωστὴ</span> <span class='ocrx_word' id='word_1_858' title='bbox 3050 4689 3126 4755; x_wconf 90' lang='grc' dir='ltr'><strong>δὲ,</strong></span> <span class='ocrx_word' id='word_1_859' title='bbox 3165 4689 3351 4759; x_wconf 72' lang='grc' dir='ltr'>φησὶν,</span> <span class='ocrx_word' id='word_1_860' title='bbox 3389 4684 3463 4758; x_wconf 81' lang='grc' dir='ltr'>ἦν</span> <span class='ocrx_word' id='word_1_861' title='bbox 3507 4689 3668 4758; x_wconf 77' lang='grc' dir='ltr'>αὕτη</span> 
     </span>
    </p>
   </div>
   <div class='ocr_carea' id='block_1_111' title="bbox 2061 4775 3667 4856">
    <p class='ocr_par' dir='ltr' id='par_1_111' title="bbox 2061 4775 3667 4856">
     <span class='ocr_line' id='line_1_111' title="bbox 2061 4775 3667 4856; baseline -0.023 2"><span class='ocrx_word' id='word_1_862' title='bbox 2061 4785 2290 4856; x_wconf 75' lang='grc' dir='ltr'>ὴὴμέρα</span> <span class='ocrx_word' id='word_1_863' title='bbox 2305 4783 2381 4854; x_wconf 72' lang='grc' dir='ltr'><strong>τῷ</strong></span> <span class='ocrx_word' id='word_1_864' title='bbox 2397 4783 2604 4855; x_wconf 83' lang='grc' dir='ltr'>Κυρίῳ,</span> <span class='ocrx_word' id='word_1_865' title='bbox 2624 4783 2716 4836; x_wconf 87' lang='lat' dir='ltr'><strong>xui</strong></span> <span class='ocrx_word' id='word_1_866' title='bbox 2730 4783 2828 4835; x_wconf 87' lang='grc' dir='ltr'><strong>οὐκ</strong></span> <span class='ocrx_word' id='word_1_867' title='bbox 2842 4778 2908 4853; x_wconf 83' lang='grc' dir='ltr'>ἦν</span> <span class='ocrx_word' id='word_1_868' title='bbox 2926 4781 3127 4852; x_wconf 83' lang='grc' dir='ltr'>ἡμέρα,</span> <span class='ocrx_word' id='word_1_869' title='bbox 3151 4779 3246 4832; x_wconf 86' lang='lat' dir='ltr'><strong>xui</strong></span> <span class='ocrx_word' id='word_1_870' title='bbox 3268 4779 3368 4832; x_wconf 80' lang='grc' dir='ltr'><strong>οὐκ</strong></span> <span class='ocrx_word' id='word_1_871' title='bbox 3390 4775 3461 4850; x_wconf 69' lang='grc' dir='ltr'>ἦν</span> <span class='ocrx_word' id='word_1_872' title='bbox 3488 4780 3628 4844; x_wconf 72' lang='grc' dir='ltr'>νύξ·</span> <span class='ocrx_word' id='word_1_873' title='bbox 3647 4802 3667 4830; x_wconf 82' lang='grc'><strong>,</strong></span> 
     </span>
    </p>
   </div>
   <div class='ocr_carea' id='block_1_112' title="bbox 2061 4869 3662 4946">
    <p class='ocr_par' dir='ltr' id='par_1_112' title="bbox 2061 4869 3662 4946">
     <span class='ocr_line' id='line_1_112' title="bbox 2061 4869 3662 4946; baseline -0.002 -19"><span class='ocrx_word' id='word_1_874' title='bbox 2061 4876 2158 4946; x_wconf 84' lang='grc' dir='ltr'><strong>οὑχ</strong></span> <span class='ocrx_word' id='word_1_875' title='bbox 2179 4875 2360 4946; x_wconf 81' lang='grc' dir='ltr'>ἡμέρα</span> <span class='ocrx_word' id='word_1_876' title='bbox 2389 4874 2506 4943; x_wconf 81' lang='grc' dir='ltr'>μὲν,</span> <span class='ocrx_word' id='word_1_877' title='bbox 2531 4874 2618 4927; x_wconf 84' lang='grc' dir='ltr'>διὰ</span> <span class='ocrx_word' id='word_1_878' title='bbox 2637 4874 2696 4926; x_wconf 83' lang='grc' dir='ltr'>τὸ</span> <span class='ocrx_word' id='word_1_879' title='bbox 2714 4871 3055 4945; x_wconf 86' lang='grc' dir='ltr'>προκεῖσθαι,</span> <span class='ocrx_word' id='word_1_880' title='bbox 3095 4889 3114 4922; x_wconf 78' lang='grc' dir='ltr'><strong>ι</strong></span> <span class='ocrx_word' id='word_1_881' title='bbox 3138 4871 3250 4923; x_wconf 82' lang='grc' dir='ltr'>Οὐκ</span> <span class='ocrx_word' id='word_1_882' title='bbox 3267 4869 3420 4923; x_wconf 81' lang='grc' dir='ltr'>ἔσται</span> <span class='ocrx_word' id='word_1_883' title='bbox 3455 4871 3593 4939; x_wconf 77' lang='grc' dir='ltr'>φῶς</span> <span class='ocrx_word' id='word_1_884' title='bbox 3610 4891 3624 4902; x_wconf 72' lang='grc' dir='ltr'><strong>ο</strong></span> <span class='ocrx_word' id='word_1_885' title='bbox 3644 4893 3662 4923; x_wconf 79' lang='grc' dir='ltr'><strong>ι</strong></span> 
     </span>
    </p>
   </div>
   <div class='ocr_carea' id='block_1_113' title="bbox 2055 4963 3670 5038">
    <p class='ocr_par' dir='ltr' id='par_1_113' title="bbox 2055 4963 3670 5038">
     <span class='ocr_line' id='line_1_113' title="bbox 2055 4963 3670 5038; baseline -0.004 -17"><span class='ocrx_word' id='word_1_886' title='bbox 2055 4967 2085 5021; x_wconf 79' lang='grc' dir='ltr'>ὃ</span> <span class='ocrx_word' id='word_1_887' title='bbox 2109 4969 2202 5020; x_wconf 85' lang='lat' dir='ltr'><strong>xui</strong></span> <span class='ocrx_word' id='word_1_888' title='bbox 2227 4965 2546 5038; x_wconf 81' lang='grc' dir='ltr'>ἐπληροῦτο,</span> <span class='ocrx_word' id='word_1_889' title='bbox 2578 4965 2665 5017; x_wconf 84' lang='grc' dir='ltr'><strong>ὅτε</strong></span> <span class='ocrx_word' id='word_1_890' title='bbox 2699 4965 2806 5019; x_wconf 82' lang='grc' dir='ltr'>ἀπὸ</span> <span class='ocrx_word' id='word_1_891' title='bbox 2835 4965 2999 5034; x_wconf 79' lang='grc' dir='ltr'>ἕκτης</span> <span class='ocrx_word' id='word_1_892' title='bbox 3023 4963 3171 5037; x_wconf 81' lang='grc' dir='ltr'>ὧρας</span> <span class='ocrx_word' id='word_1_893' title='bbox 3201 4963 3392 5025; x_wconf 84' lang='grc' dir='ltr'>σκότος</span> <span class='ocrx_word' id='word_1_894' title='bbox 3422 4963 3670 5030; x_wconf 77' lang='grc' dir='ltr'>ἐγένετο</span> 
     </span>
    </p>
   </div>
   <div class='ocr_carea' id='block_1_114' title="bbox 2055 5053 3662 5130">
    <p class='ocr_par' dir='ltr' id='par_1_114' title="bbox 2055 5053 3662 5130">
     <span class='ocr_line' id='line_1_114' title="bbox 2055 5053 3662 5130; baseline -0.001 -19"><span class='ocrx_word' id='word_1_895' title='bbox 2055 5059 2149 5111; x_wconf 77' lang='grc' dir='ltr'><strong>ἐπὶ</strong></span> <span class='ocrx_word' id='word_1_896' title='bbox 2165 5060 2343 5112; x_wconf 81' lang='grc' dir='ltr'>πᾶσαν</span> <span class='ocrx_word' id='word_1_897' title='bbox 2360 5059 2458 5130; x_wconf 82' lang='grc' dir='ltr'>τὴν</span> <span class='ocrx_word' id='word_1_898' title='bbox 2485 5056 2587 5129; x_wconf 85' lang='grc' dir='ltr'>γῆν</span> <span class='ocrx_word' id='word_1_899' title='bbox 2609 5057 2712 5121; x_wconf 74' lang='grc' dir='ltr'><strong>ἕως</strong></span> <span class='ocrx_word' id='word_1_900' title='bbox 2734 5057 2883 5128; x_wconf 81' lang='grc' dir='ltr'>ὥρας</span> <span class='ocrx_word' id='word_1_901' title='bbox 2913 5056 3138 5126; x_wconf 86' lang='grc' dir='ltr'>ἐννάτης</span> <span class='ocrx_word' id='word_1_902' title='bbox 3158 5071 3173 5085; x_wconf 70' lang='grc' dir='ltr'>δ</span> <span class='ocrx_word' id='word_1_903' title='bbox 3196 5073 3215 5106; x_wconf 80' lang='grc' dir='ltr'><strong>ι</strong></span> <span class='ocrx_word' id='word_1_904' title='bbox 3246 5053 3384 5106; x_wconf 75' lang='grc' dir='ltr'><strong>Οὐδὲ</strong></span> <span class='ocrx_word' id='word_1_905' title='bbox 3399 5053 3506 5118; x_wconf 76' lang='grc' dir='ltr'>νὺξ</span> <span class='ocrx_word' id='word_1_906' title='bbox 3522 5055 3611 5118; x_wconf 76' lang='grc' dir='ltr'>δὲ,</span> <span class='ocrx_word' id='word_1_907' title='bbox 3639 5077 3662 5110; x_wconf 77' lang='grc' dir='ltr'><strong>ι</strong></span> 
     </span>
    </p>
   </div>
   <div class='ocr_carea' id='block_1_115' title="bbox 2055 5145 3661 5218">
    <p class='ocr_par' dir='ltr' id='par_1_115' title="bbox 2055 5145 3661 5218">
     <span class='ocr_line' id='line_1_115' title="bbox 2055 5145 3661 5218; baseline -0.005 -16"><span class='ocrx_word' id='word_1_908' title='bbox 2055 5149 2141 5203; x_wconf 83' lang='grc' dir='ltr'>διὰ</span> <span class='ocrx_word' id='word_1_909' title='bbox 2184 5150 2246 5202; x_wconf 89' lang='grc' dir='ltr'><strong>τὸ</strong></span> <span class='ocrx_word' id='word_1_910' title='bbox 2290 5148 2670 5217; x_wconf 78' lang='grc' dir='ltr'>ἐπιλέγεσθαι,</span> <span class='ocrx_word' id='word_1_911' title='bbox 2726 5166 2745 5198; x_wconf 86' lang='grc'><strong>‹</strong></span> <span class='ocrx_word' id='word_1_912' title='bbox 2775 5145 2919 5218; x_wconf 70' lang='grc' dir='ltr'>Πρὸς</span> <span class='ocrx_word' id='word_1_913' title='bbox 2961 5145 3201 5213; x_wconf 75' lang='grc' dir='ltr'>ἑσπέραν</span> <span class='ocrx_word' id='word_1_914' title='bbox 3245 5146 3402 5200; x_wconf 77' lang='grc' dir='ltr'>ἔσται</span> <span class='ocrx_word' id='word_1_915' title='bbox 3439 5146 3598 5214; x_wconf 75' lang='grc' dir='ltr'>φῶς.</span> <span class='ocrx_word' id='word_1_916' title='bbox 3642 5167 3661 5194; x_wconf 74' lang='grc' dir='ltr'><strong><em>ο</em></strong></span> 
     </span>
    </p>
   </div>
   <div class='ocr_carea' id='block_1_116' title="bbox 2062 5232 3664 5310">
    <p class='ocr_par' dir='ltr' id='par_1_116' title="bbox 2062 5232 3664 5310">
     <span class='ocr_line' id='line_1_116' title="bbox 2062 5232 3664 5310; baseline -0.003 -15"><span class='ocrx_word' id='word_1_917' title='bbox 2062 5244 2126 5295; x_wconf 89' lang='grc' dir='ltr'><strong><em>Ὃ</em></strong></span> <span class='ocrx_word' id='word_1_918' title='bbox 2153 5243 2248 5295; x_wconf 85' lang='lat' dir='ltr'><strong>xui</strong></span> <span class='ocrx_word' id='word_1_919' title='bbox 2279 5242 2407 5295; x_wconf 80' lang='grc' dir='ltr'>αὐτὸ</span> <span class='ocrx_word' id='word_1_920' title='bbox 2439 5241 2623 5305; x_wconf 87' lang='grc' dir='ltr'>τέλους</span> <span class='ocrx_word' id='word_1_921' title='bbox 2653 5239 2967 5310; x_wconf 84' lang='grc' dir='ltr'>ἐτύγχανεν,</span> <span class='ocrx_word' id='word_1_922' title='bbox 2999 5240 3087 5292; x_wconf 84' lang='grc' dir='ltr'><strong>ὅτε</strong></span> <span class='ocrx_word' id='word_1_923' title='bbox 3116 5239 3253 5309; x_wconf 84' lang='grc' dir='ltr'>μετὰ</span> <span class='ocrx_word' id='word_1_924' title='bbox 3281 5232 3382 5308; x_wconf 70' lang='grc' dir='ltr'><strong>τὴν</strong></span> <span class='ocrx_word' id='word_1_925' title='bbox 3407 5239 3664 5308; x_wconf 64' lang='grc' dir='ltr'>ἐννάτην</span> 
     </span>
    </p>
   </div>
   <div class='ocr_carea' id='block_1_117' title="bbox 2055 5327 3661 5402">
    <p class='ocr_par' dir='ltr' id='par_1_117' title="bbox 2055 5327 3661 5402">
     <span class='ocr_line' id='line_1_117' title="bbox 2055 5327 3661 5402; baseline -0.002 -18"><span class='ocrx_word' id='word_1_926' title='bbox 2055 5331 2202 5402; x_wconf 84' lang='grc' dir='ltr'>ὥραν</span> <span class='ocrx_word' id='word_1_927' title='bbox 2242 5327 2397 5394; x_wconf 82' lang='grc' dir='ltr'>αὖθις</span> <span class='ocrx_word' id='word_1_928' title='bbox 2427 5332 2488 5384; x_wconf 87' lang='grc' dir='ltr'><strong>τὸ</strong></span> <span class='ocrx_word' id='word_1_929' title='bbox 2525 5331 2751 5402; x_wconf 83' lang='grc' dir='ltr'>σύνηθες</span> <span class='ocrx_word' id='word_1_930' title='bbox 2785 5330 2901 5399; x_wconf 79' lang='grc' dir='ltr'>φῶς</span> <span class='ocrx_word' id='word_1_931' title='bbox 2931 5329 3316 5400; x_wconf 72' lang='grc' dir='ltr'>ἀπελάμϐανεν</span> <span class='ocrx_word' id='word_1_932' title='bbox 3351 5330 3385 5399; x_wconf 81' lang='grc' dir='ltr'>ἡ</span> <span class='ocrx_word' id='word_1_933' title='bbox 3418 5329 3661 5398; x_wconf 75' lang='grc' dir='ltr'>ἡμέρα·</span> 
     </span>
    </p>
   </div>
   <div class='ocr_carea' id='block_1_118' title="bbox 2054 5419 3664 5491">
    <p class='ocr_par' dir='ltr' id='par_1_118' title="bbox 2054 5419 3664 5491">
     <span class='ocr_line' id='line_1_118' title="bbox 2054 5419 3664 5491; baseline -0.002 -17"><span class='ocrx_word' id='word_1_934' title='bbox 2054 5423 2148 5474; x_wconf 88' lang='lat' dir='ltr'><strong>xui</strong></span> <span class='ocrx_word' id='word_1_935' title='bbox 2174 5422 2315 5475; x_wconf 76' lang='grc' dir='ltr'>κατὰ</span> <span class='ocrx_word' id='word_1_936' title='bbox 2348 5423 2582 5476; x_wconf 84' lang='grc' dir='ltr'>διάνοιαν</span> <span class='ocrx_word' id='word_1_937' title='bbox 2609 5422 2665 5473; x_wconf 84' lang='grc' dir='ltr'><strong>δέ</strong></span> <span class='ocrx_word' id='word_1_938' title='bbox 2698 5420 2872 5474; x_wconf 85' lang='grc' dir='ltr'>ταῦτα</span> <span class='ocrx_word' id='word_1_939' title='bbox 2903 5419 3223 5491; x_wconf 83' lang='grc' dir='ltr'>ἐπληροῦτο.</span> <span class='ocrx_word' id='word_1_940' title='bbox 3257 5419 3517 5472; x_wconf 82' lang='grc' dir='ltr'>Καθόλου</span> <span class='ocrx_word' id='word_1_941' title='bbox 3555 5420 3664 5490; x_wconf 72' lang='grc' dir='ltr'><strong>μὲν</strong></span> 
     </span>
    </p>
   </div>
   <div class='ocr_carea' id='block_1_119' title="bbox 2055 5507 3664 5584">
    <p class='ocr_par' dir='ltr' id='par_1_119' title="bbox 2055 5507 3664 5584">
     <span class='ocr_line' id='line_1_119' title="bbox 2055 5507 3664 5584; baseline -0.001 -18"><span class='ocrx_word' id='word_1_942' title='bbox 2055 5515 2146 5567; x_wconf 70' lang='grc' dir='ltr'><strong>ἐπὶ</strong></span> <span class='ocrx_word' id='word_1_943' title='bbox 2179 5514 2238 5566; x_wconf 86' lang='grc' dir='ltr'><strong>τὸ</strong></span> <span class='ocrx_word' id='word_1_944' title='bbox 2278 5513 2542 5570; x_wconf 81' lang='grc' dir='ltr'>Ἰουδαίων</span> <span class='ocrx_word' id='word_1_945' title='bbox 2574 5512 2744 5578; x_wconf 78' lang='grc' dir='ltr'>ἔθνος,</span> <span class='ocrx_word' id='word_1_946' title='bbox 2776 5512 2913 5584; x_wconf 79' lang='grc' dir='ltr'>μετὰ</span> <span class='ocrx_word' id='word_1_947' title='bbox 2943 5511 3041 5584; x_wconf 72' lang='grc' dir='ltr'><strong>τὴν</strong></span> <span class='ocrx_word' id='word_1_948' title='bbox 3065 5510 3208 5566; x_wconf 81' lang='grc' dir='ltr'>κατὰ</span> <span class='ocrx_word' id='word_1_949' title='bbox 3251 5509 3346 5563; x_wconf 88' lang='grc' dir='ltr'><strong>τοῦ</strong></span> <span class='ocrx_word' id='word_1_950' title='bbox 3370 5507 3664 5581; x_wconf 67' lang='grc' dir='ltr'>Χριστοῦ,</span> 
     </span>
    </p>
   </div>
   <div class='ocr_carea' id='block_1_120' title="bbox 1598 5666 2052 5732">
    <p class='ocr_par' dir='ltr' id='par_1_120' title="bbox 1598 5666 2052 5732">
     <span class='ocr_line' id='line_1_120' title="bbox 1598 5666 2052 5732; baseline -0.004 -7"><span class='ocrx_word' id='word_1_951' title='bbox 1598 5671 1618 5701; x_wconf 67' lang='grc'><strong>⁵</strong></span> <span class='ocrx_word' id='word_1_952' title='bbox 1642 5668 1830 5724; x_wconf 83' lang='lat' dir='ltr'><strong>Matth.</strong></span> <span class='ocrx_word' id='word_1_953' title='bbox 1863 5683 1936 5732; x_wconf 86' lang='lat' dir='ltr'><strong>iv,</strong></span> <span class='ocrx_word' id='word_1_954' title='bbox 1966 5666 2052 5723; x_wconf 79' lang='lat' dir='ltr'><strong>il.</strong></span> 
     </span>
    </p>
   </div>
  </div>
