3838 6218
208 291 321 347 865

1129 254 1786 353 οΕΜοΝετιιΑτιοΝιε
1826 292 2290 351 EVANGELICIE
2320 291 2451 351 LIB.
2497 276 2604 351 v1.‘

3364 291 3493 352 ιοε

207 410 442 480 τόλμαν,
472 411 697 474 σκότους
720 411 818 466 καὶ⁵
846 412 1021 482 πάγου
1055 412 1152 467 καὶ
1174 412 1379 483 ψύχους
1410 414 1801 483 γεγενημένου,
1833 464 1837 473 ,

1914 414 2009 469 erit
2035 428 2147 468 uno
2186 412 2294 468 die.
2345 431 2365 463 ι
2399 411 2506 467 Pro
2534 425 2647 482 quo
2697 410 3056 483 Symmachus
3084 413 3491 484 interpretatus.

211 498 595 571 σκοτισθείσης
628 500 809 555 αὐτῶν
838 502 939 572 τῆς
977 501 1212 565 διανοίας
1242 504 1322 566 είς
1360 503 1422 555 τὸ
1457 501 1531 573 μὴ
1563 502 1801 571 αὐγάσαι

209 593 306 650 ’σὺν
335 594 620 665 φωτισμὸν
639 594 732 648 τοῦ
749 595 1080 664 Εὐαγγελίου
1098 599 1156 651 ἐν
1178 600 1300 661 ταῖς
1322 597 1574 670 καρδίαις
1599 597 1800 663 αὐτῶν,

209 684 486 757 ψυγείσης
519 703 580 740 τε
610 687 713 757 τῆς
736 693 875 759 πρὸς
904 689 1154 744 τὸνθεόν
1179 691 1417 761 ἀγάπης.
1444 689 1720 761 Ἔμπαλιν
1746 689 1804 744 δὲ

213 779 359 850 πρὸς
388 781 458 849 τῇ
490 778 702 851 ἑσπέρα
746 779 809 832 τὸ
855 780 970 849 φῶς
1007 782 1109 851 τῆς
1148 781 1401 850 γνώσεως
1447 780 1542 835 τοῦ
1565 780 1802 854 Χριστοῦ

212 867 607 932 ἀνατέταλκεν,
654 869 732 931 ὡς
777 870 905 933 τοὺς
947 870 1116 927 πάλαι
1163 871 1504 943 καθημένους
1540 873 1597 925 ὲν
1626 872 1805 925 σκότει

214 959 331 1021 καὶ,
356 961 487 1032 σκιᾷ
538 959 769 1015 θανάτου
806 961 867 1015 τὸ
909 961 1052 1032 μέγα
1081 961 1196 1032 φῶς
1231 963 1380 1027 ἰδεῖν,
1413 961 1557 1019 κατὰ
1587 961 1686 1026 τὰς
1711 960 1803 1015 τοῦ

228 1052 459 1105 Ἡσαΐου
492 1053 677 1122 φωνάς
700 1069 717 1085 ·
748 1071 767 1105 ι
790 1054 879 1107 Ἐν
905 1054 1131 1126 αὐτῇνδὴ
1156 1050 1249 1108 οὖν
1277 1057 1344 1125 τῇ
1369 1053 1591 1126 τοιαύτῃ
1623 1054 1805 1126 ἡμέρᾳ

211 1140 309 1196 τοῦ
339 1141 573 1214 Κυρίου,
596 1142 937 1208 ἐξελεύσεται
956 1186 970 1211 ,
996 1166 1014 1198 ι
1039 1146 1227 1216 φησιν,
1260 1166 1279 1197 ι
1311 1145 1588 1217 ὖδωρζῶν
1619 1145 1681 1210 ἐξ
1713 1147 1807 1199 Ἰε-

212 1233 457 1309 ρουσαλή
466 1254 527 1305 μ.
551 1234 748 1289 »Τοῦτο
773 1236 828 1289 δὲ
853 1232 922 1308 ἦν
945 1237 1006 1291 τὸ
1032 1237 1245 1307 λογικὸν
1259 1237 1353 1291 καὶ
1370 1237 1620 1309 πότιμον,
1645 1236 1807 1301 ζωτι-

212 1325 309 1378 κόν
344 1341 405 1378 τε
441 1326 539 1380 καὶ
585 1329 853 1399 σωτήριον
905 1330 1005 1399 τῆς
1051 1327 1146 1383 τοῦ
1185 1329 1423 1402 Χριστοῦ
1460 1329 1808 1394 διδασκαλίας

212 1417 402 1482 Δποτὸν,
427 1417 560 1489 περὶ
582 1410 643 1471 οῦ
671 1420 764 1471 καὶ
794 1419 958 1484 αὐτὸς
989 1420 1048 1473 ὲν
1074 1419 1152 1491 τῷ
1185 1419 1325 1475 κατὰ
1352 1419 1808 1492 ἸωάννηνσΕὐαγο

215 1508 389 1583 γελίῳ
429 1509 533 1580 τὴν
566 1508 900 1581 Σαμαρεῖτιν
940 1510 1209 1566 παιδεύων
1247 1511 1465 1582 ἔλεγεν·
1512 1530 1531 1564 ι
1566 1513 1628 1565 El
1661 1511 1809 1583 ᾕδεις

213 1602 299 1666 τίς
327 1603 481 1654 ἔστιν
512 1602 541 1653 ὁ
573 1600 749 1670 λέγων
779 1619 888 1655 σοι·
959 1602 1060 1667 Δός
1091 1620 1182 1674 μοι
1210 1605 1374 1665 πιεῖν,
1406 1604 1471 1657 σὺ
1501 1603 1566 1657 ἂν
1598 1603 1810 1674 ᾔτησας

216 1691 408 1757 αὑτὸν,
433 1693 528 1746 καὶ
554 1692 754 1747 ἔδωκεν
786 1694 852 1749 ἄν
886 1711 969 1748 σοι
998 1694 1144 1767 ὕδωρ
1174 1694 1337 1760 ζῶν.»
1370 1696 1513 1750 Αὐτὸ
1536 1692 1628 1750 οὖν
1651 1696 1809 1750 τοῦτο

1906 511 1993 559 εει
2027 521 2042 557 :
2086 520 2105 554 ι
2144 501 2211 559 Ει
2244 503 2301 557 in
2329 502 2418 557 die
2438 502 2530 556 illa
2554 517 2663 557 non
2687 503 2791 558 erit
2811 503 2925 569 lux,
2958 502 3055 560 sed
3076 503 3248 575 frigus
3276 511 3330 560 et
3360 496 3474 574 gla-

1903 596 2017 653 cies
2048 596 2152 652 erit
2181 609 2289 650 uno
2309 593 2417 659 die,
2449 593 2543 665 qui
2561 595 2813 666 cognitus
2838 602 2925 651 est
2947 593 3198 660 Domino,
3224 610 3334 651 non
3354 597 3491 652 dies.

1905 701 2082 757 neque
2116 700 2247 751 nox,
2282 685 2375 741 sed
2404 685 2508 740 erit
2542 684 2612 740 ad
2639 700 2923 755 vesperam
2952 685 3066 740 lux.
3096 704 3116 739 ι
3143 683 3211 740 Et
3248 701 3380 742 sane
3400 687 3485 739 vi-.

1904 779 2013 834 des-
2030 777 2487 849 quemadmodum
2518 777 2573 831 in
2623 776 2709 831 his
2738 776 2920 832 verbis
2950 776 3273 847 planissime
3303 776 3493 839 dicm,_

1905 869 2296 953 qno‘Salvator
2319 877 2508 924 noster
2531 868 2800 939 supplicio
2839 875 2923 923 est
2963 867 3212 936 all‘ectus,
3273 867 3477 939 signiti-

1905 968 2012 1025 cet,
2047 961 2103 1015 in
2128 975 2237 1031 quo
2259 959 2347 1015 die
2378 959 2508 1014 illud
2532 958 2770 1030 quidem,
2799 977 2817 1010 ι
2846 956 2965 1013 Non
2988 958 3092 1014 erit
3121 958 3234 1023 lux,
3273 977 3292 1010 ι
3323 972 3497 1012 coma.

1908 1053 2114 1122 pletum
2168 1060 2272 1116 est,
2319 1052 2538 1123 quando
2585 1067 2616 1105 a
2667 1057 2821 1106 sexta
2863 1049 2999 1105 hora
3047 1049 3288 1107 tenebrae
3319 1048 3475 1105 factm

1908 1149 2036 1197 sunt
2057 1141 2112 1195 in
2138 1143 2449 1197 universam
2475 1148 2697 1206 terram,
2730 1153 2903 1210 usque
2933 1139 2999 1193 ad
3030 1138 3219 1193 horam
3247 1154 3472 1194 nonam.

1908 1229 2046 1286 Illud
2076 1238 2299 1286 autem:
2338 1248 2356 1280 ‹
2398 1226 2504 1285 Sed
2552 1229 2726 1299 frigus
2768 1235 2822 1281 et
2863 1227 3087 1299 glacies,
3138 1248 3157 1281 ι
3196 1243 3304 1298 quo
3333 1235 3477 1283 tem-

1907 1337 2062 1393 pore,
2103 1331 2164 1376 ut
2196 1320 2375 1376 Lucas
2404 1319 2595 1376 scribit
2616 1320 2680 1385 ι’,
2713 1318 3230 1389 comprehendentes
3262 1316 3473 1383 Iesum,

1909 1413 2187 1468 duxerunt
2216 1412 2283 1466 ad
2315 1411 2535 1465 domum
2570 1410 2833 1482 principis
2878 1408 3245 1465 sacerdotum.
3278 1408 3476 1468 Petrus

1909 1513 2093 1560 autem
2114 1503 2442 1575 sequebatur
2462 1517 2584 1558 eum
2612 1517 2642 1555 a
2665 1502 2825 1572 longe
2852 1520 2865 1556 :
2892 1516 3124 1558 accenso
3145 1509 3325 1558 autem
3352 1505 3478 1572 igne

1911 1596 1965 1650 in
1990 1596 2166 1650 medio
2181 1596 2326 1659 atrii,
2347 1594 2590 1659 sedebat,
2614 1603 2674 1648 ut
2694 1595 2769 1648 ait
2791 1594 3052 1659 Marcus“,
3077 1610 3202 1649 cum
3224 1595 3475 1666 reliquis,

1915 1686 2077 1759 293
2109 1686 2437 1742 calefaciens
2472 1702 2552 1741 se.
2582 1684 2820 1741 Joannes
2842 1700 2972 1740 vero
3000 1686 3160 1757 plane
3188 1685 3350 1742 etiam
3382 1685 3481 1741 fri-

214 1784 281 1845 τὸ
313 1785 585 1856 σωτήριον
617 1786 779 1839 ποτὸν
813 1784 875 1851 ἐξ
902 1786 1069 1859 αὐτῆς
1093 1766 1191 1858 τῆς
1221 1787 1576 1860 Ἰερουσαλὴμ
1606 1787 1810 1860 προῆλ-

1914 1794 2015 1850 gus
2044 1777 2506 1843 commemoravit,
2538 1777 2632 1832 ubi
2664 1778 2776 1831 ait:
2810 1795 2829 1828 ι
2870 1774 3097 1830 Stabant
3125 1776 3269 1831 servi
3300 1786 3354 1831 et
3375 1776 3480 1834 mi-

214 1878 349 1932 θεν·
385 1878 598 1932 ἐνθένδε
624 1878 757 1948 γοῦν
780 1876 1007 1951 ὥρμητο
1042 1877 1207 1934 αὐτοῦ
1239 1878 1589 1948 Εὑαγγέλιον,
1628 1879 1726 1932 καὶ
1757 1880 1806 1932 οἱ

211 1966 413 2021 τούτου
446 1967 688 2039 κήρυκες
716 1969 894 2022 πᾶσαν
921 1965 1275 2037 κατέπλησαν
1314 1967 1412 2040 τὴν
1451 1967 1803 2039 οἰκουμένην·

212 2060 375 2116 δοιαὶ
400 2060 655 2132 δηλοῦται
684 2059 774 2114 διὰ
795 2060 888 2113 τοῦ
913 2058 1198 2130 λέγεσθαι·
1231 2079 1251 2111 ι
1276 2061 1371 2126 Εἰς
1399 2060 1499 2132 τὴν
1532 2058 1809 2115 θάλασσαν

210 2150 316 2222 τὴν
357 2149 606 2223 πρώτην,
637 2151 732 2205 καὶ
761 2154 843 2216 εἰς
865 2153 964 2225 τὴν
985 2152 1259 2209 θάλασσαν
1302 2152 1400 2225 τὴν
1424 2153 1661 2226 ἐσχάτην
1686 2173 1707 2206 ι
1748 2154 1809 2207 τὺ

216 2240 336 2305 ζῶν
398 2241 545 2313 ὕδωρ
584 2240 982 2309 ἐξελεύσεσθαι.
1039 2246 1118 2296 Δι’
1152 2236 1227 2297 ὧν
1262 2242 1333 2297 τὰ
1370 2242 1473 2315 τῆς
1512 2243 1809 2316 συμπάσης

210 2333 327 2404 γῆς
377 2335 597 2407 πέρατα
644 2334 923 2405 δηλοῦται,
975 2336 1048 2390 τά
1094 2353 1155 2390 τε
1202 2337 1339 2408 πρὸς
1386 2337 1465 2408 τῷ
1508 2337 1817 2410 ἀνατολικῷ

223 2423 477 2495 Ὠκεανῷ
504 2424 697 2496 πρώτη
750 2425 988 2481 θάλαττα
1018 2424 1413 2497 ὀνομαζόμενα,
1446 2427 1542 2480 καὶ
1572 2427 1641 2481 τὰ
1670 2427 1814 2482 κατὰ

212 2516 416 2570 δύοντα
455 2517 609 2586 ἥλιον
646 2517 737 2570 διὰ
767 2518 868 2588 τῆς
897 2515 1168 2590 θαλάττης
1197 2519 1299 2588 τῆς
1342 2519 1578 2590 ἐσχάτης
1612 2537 1812 2592 σημαι-

210 2606 444 2676 νᾶμενα,
483 2604 519 2660 ἃ
540 2606 635 2660 καὶ
665 2605 995 2678 πεπλήρωκε
1023 2607 1084 2660 τὸ
1105 2606 1212 2672 ζῶν
1245 2606 1389 2680 ὕδωρ
1418 2610 1518 2679 τῆς
1544 2609 1810 2682 σωτηρίου

213 2698 314 2755 καὶ
346 2696 711 2768 εὐαηελικῆς
760 2697 1129 2763 διδασκαλίας,
1166 2699 1295 2771 περὶ
1339 2691 1401 2752 οὗ
1445 2699 1608 2754 πάλιν
1648 2702 1811 2755 ἐπαί-

210 2788 364 2852 δευε,
394 2788 600 2857 λέγων·
643 2792 776 2854 «Ὃς
804 2790 872 2844 ἂν
908 2790 1007 2862 πίῃ
1049 2790 1143 2844 τοῦ
1180 2791 1392 2857 ὓδατος,
1423 2784 1484 2845 οὗ
1517 2792 1628 2861 ἐγὼ
1657 2792 1813 2847 δώσω

211 2880 394 2950 αὐτῷ,
449 2882 510 2935 ού
551 2882 627 2954 μὴ
671 2882 888 2953 διψήσει
913 2884 992 2946 είς
1036 2882 1128 2937 τὸν
1169 2882 1363 2937 αἰῶνα.
1399 2903 1422 2936 ι,
1476 2886 1585 2938 Καὶ
1627 2885 1806 2939 πάλιν·

218 2985 238 3017 a
264 2968 537 3037 Ποταμοὶ,
581 2971 767 3040 φησὶν,
809 2972 873 3023 ὲκ
928 2971 1028 3041 τῆς
1087 2970 1295 3035 κοιλίας
1335 2972 1501 3028 αὐτοῦ
1533 2973 1811 3049 ῥεύσουσιν

215 3056 419 3121 ὕδατος
471 3059 703 3124 ζῶντος,
769 3062 1062 3132 ἁλλομένου
1143 3065 1223 3127 είς
1275 3063 1419 3136 ζωὴν
1482 3065 1697 3119 αἰώνιον
1728 3106 1740 3119 .
1786 3086 1805 3117 ι

1913 1869 2075 1925 nistri
2107 1869 2173 1923 ad
2204 1884 2430 1940 prunas,
2466 1869 2593 1938 quia
2630 1867 2802 1939 frigus
2833 1877 2980 1933 erat,
3007 1874 3060 1923 et
3091 1866 3493 1923 calefaciebant'

1911 1976 1971 2017 se
1999 1960 2041 2017 ‘.
2080 1980 2100 2013 ›
2133 1990 2202 2002 -
2231 1960 2535 2032 «ϐοειιίιιιε
2587 1967 2789 2024 autem,
2830 1959 3027 2029 inquit,
3065 1965 3150 2014 est
3220 1958 3311 2014 hic
3362 1957 3480 2016 dies

1909 2052 2162 2119 Domino,
2193 2060 2248 2109 et
2274 2068 2386 2108 non
2421 2052 2527 2108 erit
2556 2051 2696 2117 dies,
2729 2066 2917 2122 neque
2936 2051 3041 2107 erit
3063 2065 3196 2117 nox,
3226 2065 3336 2106 non
3355 2051 3479 2122 qui-

1910 2143 2033 2200 dem
2079 2144 2198 2200 dies
2242 2162 2257 2198 :
2306 2162 2326 2196 ι
2381 2149 2667 2214 pr0pterea
2727 2139 2874 2212 quod
2928 2141 3136 2196 dictum
3188 2149 3273 2195 est
3330 2145 3478 2204 ante,
3544 2204 3564 2223 ⁴

1917 2259 1936 2292 ι
1966 2238 2087 2294 Non
2121 2239 2225 2294 erit
2265 2236 2379 2300 lux,
2422 2254 2442 2287 ι
2468 2233 2615 2305 quod
2645 2247 2777 2287 sane
2801 2232 2964 2287 etiam
3013 2229 3333 2301 completum
3373 2237 3478 2294 est,

1912 2330 2131 2401 quando
2156 2343 2186 2382 a
2221 2333 2374 2383 sexta
2403 2325 2539 2379 hora
2570 2322 2806 2378 tenebrae
2826 2321 2984 2376 facta:
3012 2326 3140 2375 sunt
3161 2334 3326 2390 super
3353 2319 3481 2372 nni—

1911 2435 2124 2477 versam
2156 2426 2383 2483 terram,
2428 2429 2603 2485 usque
2640 2414 2707 2469 ad
2750 2413 2942 2468 horam
2975 2426 3176 2469 nonam
3209 2429 3221 2463 :
3252 2428 3271 2462 ι
3295 2408 3482 2479 Neque

1912 2515 2042 2570 item
2101 2527 2252 2567 nox:
2306 2528 2325 2561 ι
2380 2516 2666 2580 propterea
2703 2505 2850 2577 quod
2905 2504 3149 2559 additum
3201 2510 3306 2569 est,
3345 2522 3362 2553 ι
3396 2502 3479 2556 Ad

1910 2621 2197 2679 vesperam
2231 2604 2336 2658 erit
2358 2603 2471 2665 lux,
2522 2621 2542 2653 ι
2581 2599 2727 2671 quod
2754 2600 2918 2654 ctiam
2947 2597 3124 2668 ipsum
3158 2596 3365 2651 exitum
3397 2596 3484 2648 in-

1910 2699 2082 2765 venit,
2105 2696 2325 2768 quando
2362 2702 2488 2765 post
2520 2707 2721 2747 nonam
2773 2691 2984 2754 horam,
3011 2704 3205 2744 rursus
3245 2700 3482 2741 consue-

1912 2795 2027 2841 tum
2061 2787 2245 2840 lumen
2274 2782 2480 2854 recepit
2512 2780 2650 2837 dies.
2694 2778 2961 2835 Praeterea
2997 2777 3319 2834 sententiam
3346 2774 3485 2846 quo.

1913 2892 2019 2948 que
2087 2876 2134 2932 si
2206 2874 2518 2945 sequimur,
2578 2873 2694 2928 haec
2761 2872 3028 2942 completa
3071 2876 3232 2925 erunt
3252 2869 3326 2922 'in
3356 2869 3481 2923 uni-

1912 2986 2072 3027 verso
2092 2969 2311 3040 quidem
2344 2982 2508 3038 super
2527 2965 2753 3021 Iudaica
2782 2974 2957 3035 gente,
2977 2972 3261 3034 postquam
3288 2962 3477 3021 adver-

1918 3078 2015 3118 sus
2047 3062 2325 3116 Christum
2352 3058 2486 3114 illud
2510 3058 2747 3113 immane
2776 3055 2990 3110 facinus
3022 3068 3153 3109 ausa
3180 3060 3285 3118 est,
3316 3063 3372 3108 et
3396 3060 3481 3108 te-

216 3150 339 3201 Kal.
396 3145 581 3214 αὖθις·
643 3170 662 3202 ι
697 3151 766 3205 Εἴ
803 3169 886 3215 τις
930 3152 1078 3224 διψᾷ,
1126 3153 1368 3226 ἐρχέσθω
1414 3155 1554 3227 πρὸς
1588 3157 1677 3226 μὲ,
1723 3157 1818 3210 καὶ

1918 3153 2121 3218 inebrae,
2154 3139 2208 3206 et
2235 3151 2461 3222 glacies,
2488 3158 2541 3205 ct
2564 3148 2737 3218 frigus
2771 3147 2914 3202 facta
2947 3153 3095 3207 sunt,
3126 3145 3325 3215 quippe
3358 3158 3482 3198 cum

215 3239 448 3293 πινέτω.
467 3259 486 3292 ι
509 3241 667 3295 Μετὰ
698 3241 828 3311 γοῦν
857 3242 1204 3317 άνομὸρῆσαν
1236 3245 1299 3297 ὲκ
1326 3245 1425 3315 τῆς
1463 3246 1814 3318 Ἰερουσαλὴμ

216 3332 315 3385 ἐπὶ
362 3333 475 3385 πᾶν
528 3332 685 3401 γένος
746 3331 1048 3404 ἀνθρώπων
1131 3336 1398 3406 σωτήριον
1450 3337 1545 3389 καὶ
1604 3335 1814 3406 λογικὸν

226 3423 405 3492 νᾶμα,
446 3422 585 3495 ὅπερ
618 3422 949 3495 σαφέστερον
980 3424 1036 3475 ὲν
1062 3423 1233 3495 ἑτέρῳ
1280 3423 1531 3494 δηλοῦται
1575 3424 1665 3478 διὰ
1696 3426 1810 3479 τοῦ·

230 3534 252 3567 ι
275 3515 377 3567 Ἐκ
402 3513 515 3586 γὰρ
539 3513 677 3567 Σιὼν
709 3513 1050 3577 ἐξελεύσεται
1083 3514 1267 3585 νόμος,
1301 3516 1395 3569 καὶ¹
1421 3517 1591 3585 Λόγος
1612 3517 1814 3588 Κυρίου

220 3605 284 3671 ἐξ
322 3605 704 3677 Ἰερουσαλὴμ,
741 3607 835 3658 καὶ
867 3608 1042 3675 κρινεῖ
1086 3606 1189 3659 ἀνὰ
1221 3606 1382 3677 μέσον
1409 3607 1517 3661 τῶν
1551 3608 1745 3661 ἐθνῶν·
1792 3627 1810 3658 ι

228 3697 501 3761 «Ἔσται,
542 3698 710 3768 φησὶ,
752 3696 956 3769 Κύριος
1020 3698 1099 3761 εἰς
1156 3698 1399 3768 βασιλέα.
1432 3719 1451 3752 ι
1497 3702 1610 3754 Οὐκ
1665 3700 1816 3754 ἔσται

220 3788 283 3842 δὲ
328 3790 391 3841 ὲν
446 3786 832 3859 Ἰερουσαλὴμ,
888 3790 1008 3842 οὐδὲ
1061 3790 1155 3843 ἐπὶ
1205 3791 1268 3844 τὸ
1321 3792 1590 3847 Ἰουδαίων
1643 3792 1813 3861 ἔθνος,

223 3878 366 3933 ἀλλὰ
390 3898 410 3931 ι
443 3880 536 3933 ἐπὶ
557 3882 738 3934 πᾶσαν
759 3880 855 3952 τὴν
890 3882 994 3951 γῆν
1038 3884 1095 3936 ὲν
1126 3886 1195 3954 τῇ
1231 3883 1414 3955 ἡμέρᾳ
1457 3885 1659 3955 ἐκείνῃ.
1708 3886 1819 3938 Καὶ

225 3970 383 4024 ἔσται
412 3970 622 4040 Κύριος
669 3965 773 4035 εἷς,
822 3972 915 4025 καὶ
959 3972 1020 4026 τὸ
1062 3972 1231 4043 ὄνομα
1263 3972 1427 4026 αὐτοῦ
1469 3974 1547 4038 ἓν,
1587 3974 1818 4029 κυκλοῦν

227 4064 412 4115 πᾶσαν
442 4061 543 4133 τὴν
579 4062 705 4132 γῆν.
744 4083 764 4113 ι
803 4063 870 4114 Ἀ
904 4065 1001 4117 καὶ
1038 4063 1176 4116 αὐτὰ
1204 4062 1417 4134 συνᾴδει
1445 4067 1556 4127 τοῖς
1580 4063 1687 4117 άπὸ
1708 4064 1818 4118 τῶν

236 4151 503 4220 Ψαλμῶν
533 4151 907 4224 παρατεθείσι,
933 4153 999 4207 δι’
1024 4146 1098 4207 ὧν
1130 4152 1370 4222 ἐλέγετο·
1397 4172 1416 4205 ι
1438 4153 1816 4209 Ἐϐασίλευσεν

226 4247 265 4297 ὁ*
285 4244 420 4308 Θεὸς
453 4246 547 4299 ἐπὶ
568 4245 634 4298 τὰ
669 4244 799 4316 ἔθνη
827 4263 840 4274 ·
879 4265 898 4298 ι
926 4246 1020 4299 καὶ
1048 4246 1243 4300 πάλιν·
1287 4264 1306 4297 ι
1332 4244 1539 4299 Εἴπατε
1594 4246 1654 4300 ὲν
1702 4250 1816 4312 τοῖς

227 4338 477 4391 ἔθνεσιν·
540 4338 598 4390 '0
642 4338 848 4412 Κύριος
904 4339 1240 4394 ἐϐασίλευσε.
1280 4358 1298 4412 ρ
1359 4338 1542 4393 Ταῦτα
1584 4339 1640 4392 δὲ
1680 4340 1815 4412 όμοῦ

229 4429 415 4482 πάντα
453 4430 511 4482 ὲν
545 4432 664 4493 ταῖς
704 4430 797 4482 τοῦ
828 4431 1032 4501 Κυρίου
1065 4430 1301 4502 ἡμέραις
1346 4429 1562 4484 ἔσεσθαι
1605 4449 1817 4503 προφη-

226 4521 470 4573 τεύεται.
512 4521 601 4576 Ἐν
634 4521 776 4593 ἀρχῇ
803 4518 933 4588 γοῦν
957 4522 1055 4590 τῆς
1079 4520 1207 4591 ὅλης
1240 4521 1595 4594 προφητείας,
1642 4540 1662 4572 ι
1684 4521 1813 4575 Ἰδοὺ

228 4610 472 4682 ἡμέραι,
527 4611 711 4682 φησὶν,
770 4610 1017 4682 ἔρχονται
1064 4609 1159 4663 τοῦ
1212 4610 1439 4681 Κυρίου,
1496 4609 1591 4662 καὶ
1653 4609 1808 4662 ἔσται

228 4701 378 4757 τάδε.
407 4722 428 4755 ι
477 4702 613 4756 Ῥίνα
657 4702 721 4773 δὴ
768 4703 940 4756 ταῦτα
972 4702 1088 4769 ἀλλ’
1123 4701 1156 4772 ἢ
1189 4704 1223 4774 ἠ
1253 4701 1537 4774 πολιορκία
1569 4701 1670 4771 τῆς
1717 4702 1818 4754 Ἱε-

234 4792 536 4863 ρουσαλὴμ,
572 4793 666 4846 καί¹
696 4794 742 4864 ή-
760 4790 851 4845 τοῦ
879 4792 1085 4862 Κυρίου
1127 4791 1459 4863 μετάστασις
1488 4793 1583 4845 ἐπὶ
1611 4792 1673 4844 τὸ
1708 4791 1816 4847 τῶν

242 4883 475 4937 Ἐλαιῶν
513 4883 660 4954 ὅρος,
706 4883 800 4936 καὶ
841 4883 922 4945 τὸ,
964 4882 1272 4954 ιΠαρέσται
1301 4881 1524 4954 Κύριος,
1551 4901 1570 4934 ι
1621 4881 1715 4935 καὶ
1747 4880 1816 4935 τά

234 4970 625 5043 συμϐεϐηκότα
660 4973 790 5045 περὶ
836 4974 936 5045 τὴν
972 4975 1187 5045 ἡμέραν
1224 4973 1318 5027 τοῦ
1366 4973 1572 5037 πάθους
1616 4971 1815 5039 αὐτοῦς

231 5062 331 5117 καὶ
367 5062 430 5115 τὸ
462 5063 571 5127 ζῶν
604 5062 769 5136 ὕδωρ,
811 5064 871 5117 τὸ
909 5066 1003 5118 ἐπὶ
1038 5067 1219 5124 πᾶσαν
1253 5064 1454 5137 ρεῦσαν
1502 5064 1599 5135 τὴν
1637 5067 1816 5118 οἰκου-

234 5155 463 5225 μένηνς
488 5155 582 5208 καὶ
613 5157 706 5209 ἐπὶ
733 5158 866 5210 πᾶσι
893 5156 1103 5221 τούτοις
1129 5159 1165 5228 ἡ
1187 5156 1432 5228 βασιλεία
1464 5157 1680 5211 πάντων
1710 5155 1818 5209 τῶν

233 5244 407 5298 ἐθνῶν
458 5245 721 5318 ἄρχουσα,
779 5249 873 5303 καὶ
914 5249 975 5303 τὺ
1023 5249 1193 5321 ὄνομα
1239 5249 1402 5303 αὐτοῦ
1454 5248 1534 5315 ἓν,
1576 5248 1818 5321 πληροῦν

233 5336 420 5388 πᾶσαν
460 5336 559 5407 τὴν
586 5338 718 5408 γῆνς
756 5339 896 5411 ἅπερ
941 5340 1126 5395 ὁποίου
1170 5341 1356 5405 τέλους
1400 5339 1608 5411 ἔτυχεν,
1641 5339 1717 5405 ὼς
1760 5340 1818 5393 ὲν

235 5424 472 5497 ἐπιτομῇ
500 5426 871 5500 διειλήφαμεν.
911 5431 1185 5503 Πρόδηλον
1218 5431 1275 5484 δὲ
1313 5432 1408 5485 καλ⁵
1442 5432 1558 5494 πῶς
1589 5430 1695 5485 ἀπὸ
1721 5431 1819 5500 τῆς

235 5512 334 5569 τοῦ
358 5518 599 5588 Χριστοῦ
646 5520 739 5575 τοῦ
771 5522 907 5577 Θεοῦ
952 5524 1342 5596 προσηγορίας,
1386 5523 1447 5576 τὸ
1478 5521 1819 5595 Χριστιανῶν

1915 3246 2133 3300 illorum
2160 3258 2314 3297 mens
2336 3240 2689 3296 obtenebrata
2725 3239 2818 3303 sit,
2852 3238 2988 3292 adeo
3017 3245 3074 3290 ut
3105 3236 3375 3305 Evangelii
3399 3237 3482 3290 lu-

1914 3346 2041 3386 men
2068 3329 2253 3385 radios
2303 3329 2358 3382 in
2391 3327 2556 3383 corda
2607 3328 2824 3382 illorum
2871 3327 3163 3381 immittere
3192 3325 3483 3395 nequierit,

1915 3431 1969 3478 et
2002 3422 2242 3477 Charitas
2274 3436 2412 3492 erga.
2439 3419 2607 3474 Deum
2663 3419 2735 3475 sit
2771 3417 3107 3488 refrigerata.
3163 3417 3486 3471 Econtrario

1917 3505 2097 3571 autem
2143 3514 2211 3569 ad
2252 3527 2538 3584 vesperam
2571 3512 2756 3567 lumen
2785 3509 3114 3582 cognitionis
3156 3507 3361 3565 Christi
3394 3522 3485 3563 or-

1917 3616 2030 3662 tum
2066 3616 2171 3671 est,
2207 3607 2342 3663 adeo
2367 3616 2427 3660 ut
2448 3607 2485 3660 ii
2516 3606 2609 3676 qui
2651 3606 2778 3659 olim
2814 3603 2871 3657 in
2910 3601 3152 3657 tenebris
3192 3610 3246 3656 et
3293 3602 3487 3656 umbra

1917 3698 2108 3751 mortis
2139 3697 2423 3762 sedebant,
2450 3696 2635 3751 lumen
2664 3694 2918 3755 viderint,
2948 3692 3093 3747 sicut
3122 3691 3263 3761 apud
3291 3691 3485 3747 Isaiam

1917 3783 2238 3855 prophetam
2295 3783 2560 3854 scriptum
2606 3790 2692 3839 est
2728 3802 2741 3836 :
2779 3801 2797 3832 ‹
2844 3781 2903 3835 In
2930 3781 3049 3851 ipso
3075 3780 3239 3851 igitur
3266 3780 3483 3836 Domini

1916 3875 2294 3943 hujuscemodi
2355 3875 2462 3939 die,
2496 3874 2824 3946 egredietur,
2864 3874 3071 3944 inquit,
3116 3888 3254 3943 aqua
3297 3875 3487 3929 vivens

1918 3965 1986 4020 de
2014 3964 2338 4021 Jerusalem.
2380 3985 2398 4017 ι
2433 3962 2559 4019 Haec
2590 3972 2769 4020 autem
2800 3972 2884 4020 est
2908 3964 3201 4019 rationalis
3229 3971 3284 4019 et
3307 3964 3372 4017 ad
3408 3964 3489 4017 bi—

1916 4057 2155 4114 bendum
2190 4058 2396 4124 suavis,
2432 4068 2487 4113 et
2516 4058 2681 4113 vitam
2727 4054 3113 4127 suppeditans,
3145 4064 3199 4111 et
3232 4056 3487 4111 salutaris

1917 4147 2120 4205 Christi
2148 4149 2412 4205 doctrina:
2454 4150 2624 4220 potio,-
2665 4150 2733 4205 de
2761 4162 2869 4219 qua
2920 4150 3038 4219 ipse
3089 4150 3147 4204 in
3198 4148 3488 4219 Evangelio

1919 4241 2068 4312 quod
2130 4240 2661 4312 Joannesscripsit,
2717 4240 3115 4296 Samaritanam
3165 4241 3315 4295 illam
3367 4256 3489 4295 mu-

1919 4331 2106 4387 lierem
2158 4332 2438 4387 instruens
2481 4331 2826 4401 loquebatur,
2862 4328 3051 4386 dicens
3087 4348 3103 4385 ξ
3140 4347 3160 4380 ι
3202 4329 3261 4384 Si
3316 4329 3487 4385 scires

1920 4424 2053 4495 quis:
2070 4422 2277 4492 estqui
2317 4421 2453 4476 dicit
2484 4421 2585 4476 tibi
2611 4436 2625 4472 :
2666 4420 2741 4474 Da
2771 4420 2905 4475 mihi
2936 4420 3145 4485 bibere,
3168 4425 3228 4473 tu
3257 4420 3487 4490 petisses

1919 4517 1988 4572 ab
2021 4531 2108 4583 eo,
2133 4524 2188 4571 et
2223 4516 2465 4572 dedisset
2489 4515 2589 4571 tibi
2624 4529 2820 4584 aquam
2840 4514 3018 4568 vivam
3036 4513 3080 4567 ⁷.
3114 4532 3135 4565 ι
3168 4511 3288 4583 Ipsa
3321 4512 3491 4583 igitur

1919 4610 2040 4666 haec
2075 4609 2334 4665 salutaris
2384 4608 2534 4679 potio
2575 4607 2643 4662 de
2691 4604 2990 4661 Jerusalem
3023 4604 3282 4676 proﬂuxit
3314 4624 3327 4659 :
3363 4601 3491 4659 inde

1918 4701 2070 4756 illius
2100 4699 2405 4771 profectum
2433 4706 2518 4755 est
2552 4697 2999 4769 Evangelium,et
3039 4698 3187 4753 illius
3227 4698 3402 4752 nuntii
3434 4706 3488 4752 et

1918 4805 2197 4862 praecones
2227 4796 2402 4844 totum
2431 4796 2701 4844 terrarum
2724 4789 2913 4844 orbem
2934 4788 3315 4858 impleverunt,
3345 4789 3488 4858 quod

1920 4883 2141 4954 quidem
2180 4881 2490 4937 declaratur
2513 4897 2612 4950 per
2650 4880 2703 4935 id
2743 4879 2890 4950 quod
2935 4879 3159 4945 dicitur,
3198 4898 3217 4931 ι
3253 4879 3314 4934 In
3341 4893 3493 4933 mare

1923 4975 2182 5045 primum,
2208 4981 2261 5028 et
2281 4973 2337 5027 in
2354 4987 2504 5027 mare
2526 4972 2798 5035 ultimum,
2831 4990 2849 5023 ι
2867 4970 3139 5025 viventem
3158 4984 3353 5039 aquam
3378 4968 3494 5024 exi-

1922 5073 2127 5129 turam,
2160 5062 2362 5133 quibus
2401 5061 2583 5117 verbis
2614 5061 2884 5115 universa
2920 5065 3081 5113 terra:
3116 5057 3254 5112 lines
3284 5058 3495 5128 signiti-

1924 5165 2140 5220 cantur,
2174 5161 2228 5210 et
2277 5154 2318 5208 ii
2372 5153 2625 5208 videlicet
2669 5152 2760 5222 qui
2809 5151 2876 5205 ad
2926 5150 3200 5205 Oceanum
3265 5148 3497 5204 orientis

1926 5252 2195 5316 spectant,
2233 5243 2329 5314 qui
2361 5243 2598 5312 primum
2623 5255 2775 5295 mare
2809 5238 3182 5303 nominantur,
3215 5245 3268 5292 et
3298 5237 3393 5308 qui
3426 5237 3494 5291 ad

1925 5337 2265 5392 occidentem
2298 5335 2489 5399 solem,
2523 5334 2620 5405 qui
2655 5348 2753 5404 per
2788 5332 3037 5386 ultimum
3084 5345 3235 5385 mare
3285 5328 3498 5400 signiﬁ-

1926 5437 2143 5493 cantur,
2176 5442 2315 5498 quos
2345 5427 2531 5494 utique
2565 5426 2721 5490 lines,
2754 5425 3011 5481 salutaris
3056 5422 3498 5492 evangelicaeque

1929 5520 2190 5576 doctrina:
2222 5532 2362 5591 aqua
2406 5518 2591 5573 vivens
2630 5516 2893 5588 implevit,
2930 5515 2997 5572 de
3025 5529 3133 5586 qua
3172 5527 3366 5571 rursus
3398 5513 3497 5572 da-

309 5674 355 5708 "
386 5673 679 5747 Canuti,
716 5676 905 5735 54-55.
981 5677 1155 5754 'Cap.
1182 5694 1294 5745 xw,
1337 5676 1430 5735 66.
1507 5678 1526 5709 ⁸
1558 5675 1714 5735 Joan.
1744 5675 2013 5747 “111,18.
2091 5676 2110 5707 ⁷
2142 5672 2296 5733 loan.
2323 5671 2511 5734 tv,10..
