3838 6218
1126 270 1789 339 ΒΕΠΟΝςἸἮᾹΤῘΟΝΙΞι
1828 258 2294 328 EVANGELICZE
2334 262 2463 318 LIB.
2505 260 2592 316 Vl.

3369 236 3485 306 ne?

197 419 546 492 ήγηθήσεται
595 411 656 466 ἐν
695 407 900 472 αὐτοῖς,
931 403 1029 460 καὶ
1070 403 1473 478 ἐπαρθήσονται
1513 396 1798 466 Αἰγύπτιοι
1829 401 1914 457 Α(

1928 369 2296 446 :xcitabuntur
2342 380 2584 454 Egyptii
2621 383 2812 433 contra
2845 372 3152 446 Egyptios,
3180 377 3234 426 et
3272 368 3474 423 bellum

2032 489 2041 492 _
2088 479 2102 492 ι
2346 491 2349 492 ,
2407 482 2420 492 .
2448 489 2481 492 Α
2522 472 2743 492 ιι-,ι--.μ
2779 483 2936 492 -.-μ-ν.
2999 472 3047 492 ιιι
3086 465 3253 492 ιιΛηειΛ
3285 467 3474 492 anni-ur.

197 489 297 570 ἐπὶ
343 489 700 579 Αἰγυπτίους,
744 501 842 558 καὶ
875 499 1173 570 πολεμήσει
1203 495 1489 566 ἄνθρωπος
1525 493 1614 545 τὸν
1643 489 1797 544 ἁδελ-

199 607 304 677 φὺν
335 602 526 668 αὐτοῦ,
557 600 652 655 καὶ
690 596 978 668 ἄνθρωπος
1017 589 1111 644 τὸν
1152 587 1379 660 πλησίον
1413 583 1599 638 αὐτοῦ.
1636 581 1798 645 Πόλις

202 673 300 753 ἐπὶ
323 696 503 759 πόλιν,
537 692 634 746 καὶ
660 690 825 761 νόμος
847 685 943 739 ἐπὶ
968 683 1131 754 νόμον
1147 698 1160 712 ο
1192 680 1288 734 καὶ
1307 676 1714 750 ταραχθήσεται
1739 673 1801 727 τὸ

205 969 414 1032 αὐτῶν,
445 967 543 1027 καὶ
568 965 637 1018 τὰ
669 962 964 1032 ἀγάλματα
992 954 1193 1019 αὐτῶν,
1219 953 1316 1006 καὶ
1340 952 1466 1013 τοὺς
1491 951 1554 1003 ἐκ
1576 947 1677 1018 τῆς
1699 947 1802 1017 γῆς

208 1062 548 1134 φωνοῦντας,
577 1058 674 1112 καὶ
695 1057 822 1118 τοὺς
848 1046 1343 1122 ἐγγαστριμύθους,
1369 1045 1464 1098 καὶ
1496 1042 1803 1116 παραδώσω

209 1157 492 1223 Λίγυπτον
539 1153 620 1214 είς
668 1151 858 1220 χεῖρας
905 1143 1210 1216 ἀνθρώπιον
1269 1140 1496 1210 κυρίων,
1529 1134 1802 1207 σκληρῶν,

207 1247 308 1301 καὶ
340 1243 584 1316 βασιλεῖς
627 1239 854 1309 σκληροὶ
886 1235 1265 1308 κυριεύσουσιν
1296 1229 1498 1292 αὐτῶν,
1534 1248 1554 1281 ι
1601 1229 1697 1282 κα)⁸
1737 1227 1807 1280 τὰ

209 1338 426 1401 τούτοις
479 1335 627 1406 ἐξῆς.
664 1334 775 1386 Καὶ
819 1329 914 1384 νῦν
964 1330 1056 1382 τὸν
1095 1326 1347 1397 δεύτερον
1391 1321 1530 1394 μετὰ
1560 1320 1653 1374 τὸν
1697 1319 1808 1373 τῶν

210 1428 351 1482 ὅλων
377 1426 514 1479 Θεὸν
542 1425 638 1478 καὶ
666 1423 893 1494 Κύριον,
912 1421 1077 1474 αὐτὸν
1105 1419 1169 1491 δὴ
1189 1417 1284 1472 τοῦ
1307 1415 1443 1471 Θεοῦ
1466 1415 1636 1483 Λόγον
1657 1413 1807 1484 ’ήξειν

210 1521 294 1584 είς
344 1518 644 1584 Δίγυπτον,
679 1517 712 1584 ή
757 1512 1010 1585 παροῦσα
1042 1509 1352 1584 προφητεία
1393 1505 1670 1579 σημαίνει,
1711 1503 1809 1558 καὶ

209 1610 368 1680 ἥξειν
392 1609 494 1662 οὐκ
520 1606 764 1677 ἀφανῶς,
794 1607 902 1660 οὐδ’
929 1603 1198 1676 ἀοράτως,
1229 1601 1336 1655 οὐδ’
1369 1600 1498 1655 ἄνευ
1533 1597 1680 1661 τινὸς
1706 1613 1811 1649 σω-

215 1704 458 1776 ματικῆς
502 1700 814 1773 περιϐολῆς,
865 1698 981 1752 ἀλλ’
1010 1697 1104 1750 ἐπὶ
1143 1693 1375 1764 νεφέλης
1413 1689 1621 1761 κούφης
1657 1687 1812 1759 ὀχού-

1899 489 2050 554 geret
2088 479 2254 534 homo
2298 482 2491 530 contra
2521 472 2746 526 fratrem
2778 483 2962 531 suum,
2996 472 3051 520 et
3086 465 3254 518 homo
3285 467 3478 516 contra

1901 576 2211 648 proximum
2244 584 2426 628 suum.
2457 565 2664 621 Civitas
2695 561 2962 616 adversus
2989 557 3292 618 civitatem,
3314 559 3368 608 et
3389 552 3478 607 lex

1901 643 2168 722 adversus
2197 663 2393 732 legem,
2420 664 2473 713 et
2498 651 2922 711 conturbabitur
2944 650 3172 720 spiritus
3190 643 3479 717 Egyptia-

1772 781 1800 816 ν
1901 774 2024 814 rum
2052 759 2107 812 in
2138 755 2242 818 eis,
2271 759 2326 808 et
2350 748 2640 806 consilium
2667 760 2860 801 eorum
2889 742 3194 813 dissipabo,
3226 745 3282 794 et
3310 739 3479 792 inter-

1903 850 2180 920 rogabunt
2219 845 2355 900 deos
2380 855 2533 906 suos,
2575 845 2632 894 et
2665 837 2958 893 simulacra
3014 849 3134 898 sua,
3175 839 3231 887 et
3259 843 3354 884 eos
3383 827 3479 898 qui

1905 919 2151 997 deterra
2186 951 2378 992 vocem
2425 933 2704 995 emittunt,
2740 939 2795 986 et
2846 927 3137 1000 pythones,
3168 929 3221 979 et
3266 919 3495 1011 tradami

1909 1033 2203 1106 [Egyptum
2232 1029 2286 1083 in
2309 1040 2506 1081 manus
2534 1024 2815 1078 hominum
2848 1020 3221 1082 dominorum,
3259 1026 3484 1082 aspero-

1907 1130 2120 1190 rum,et
2142 1137 2300 1194 reges
2328 1120 2505 1192 asperi
2522 1115 2948 1173 dominabuntur
2961 1111 3048 1167 eis
3073 1107 3147 1176 "g
3169 1127 3189 1162 ι
3228 1104 3396 1177 296
3429 1109 3486 1158 et

1907 1232 2030 1290 quae
2079 1221 2408 1287 sequuntur.
2459 1211 2639 1265 Etiam
2686 1221 2834 1263 nunc
2882 1203 3050 1259 Deum
3082 1207 3136 1256 et
3166 1187 3498 1261 Dominum,‘

1911 1314 2091 1383 ipsum
2122 1310 2311 1380 utique
2359 1304 2456 1361 Dei
2498 1301 2763 1364 Verbum,
2819 1297 3024 1352 iturum
3079 1294 3151 1348 in,
3186 1290 3486 1362 Egyptum

1911 1381 2157 1477 praesens
2185 1398 2470 1472 prophetia
2494 1391 2787 1466 signiﬁcat,
2818 1397 2872 1445 et
2893 1390 3096 1442 iturum
3123 1399 3231 1439 non
3254 1381 3491 1436 obscure

1911 1510 2092 1566 neque
2121 1491 2496 1553 invisibiliter,
2533 1501 2711 1556 neque
2743 1483 2862 1539 sine
2891 1477 3162 1550 corporali
3193 1475 3376 1545 aliquo
3403 1472 3491 1527 in.

1911 1588 2196 1648 dumento,
2229 1583 2326 1640 sed
2373 1580 2481 1637 levi
2521 1579 2667 1634 nube
2718 1583 2953 1640 vectum,
2987 1588 3051 1625 ac
3101 1571 3286 1640 potius
3327 1579 3491 1636 super

1913 1679 2283 1737 crassitudine
2304 1674 2430 1731 levi.
2465 1671 2556 1728 Sic
2579 1671 2722 1726 enim
2754 1669 2956 1723 habere
2985 1666 3136 1719 aiunt
3164 1661 3491 1717 Hebraicam

216 1755 654 1869 ζιενονίδμᾶλλον
699 1755 899 1846 ’ἐπὶ
947 1789 1156 1860 πάχους
1207 1755 1467 1856 ἐλαφροῦ.
1503 1755 1660 1836 όῦτω
1689 1755 1814 1851 ⁷γὰρ
1843 1773 1887 1830 Β

1928 1789 2127 1829 vocem.
2155 1770 2351 1824 Dicant
2377 1781 2506 1837 ergo
2539 1762 2749 1818 Hebraei
2773 1759 2992 1830 quando
3017 1764 3142 1828 post
3170 1755 3324 1811 Isaia:
3352 1760 3493 1809 tem-

212 1889 366 1960 ἔχειν
416 1887 552 1957 φασὶ
605 1885 704 1956 τὴν
743 1883 1013 1954 Ἐϐραίων
1059 1881 1266 1951 φωνήν.
1317 1876 1639 1946 Λεγέτωσαν
1677 1873 1814 1943 δῆτα

226 1977 503 2051 Ἐϐραίων
537 1976 748 2040 παῖδες,
787 1975 917 2028 πότε
950 1973 1089 2046 μετά
1111 1973 1238 2034 τοὺς
1282 1969 1503 2024 Ἡσαΐου
1533 1966 1760 2039 χρόνους
1785 1965 1814 2017 6

214 2073 425 2146 Κύριος
464 2070 786 2140 Αἰγυπτίοις
826 2067 1216 2137 ἐπιδεδήμηκε,
1253 2064 1348 2118 καὶ
1381 2065 1532 2126 ποῖος
1567 2059 1772 2132 Κύριος
1797 2075 1814 2088 ·

213 2162 298 2230 εἷς
330 2164 444 2236 γὰρ
469 2166 498 2218 6
524 2164 617 2217 ἐπὶ
651 2162 872 2215 πάντων
897 2159 1030 2222 Θεός
1046 2175 1058 2188 ·
1083 2159 1178 2212 καὶ⁵
1207 2157 1324 2222 πῶς
1349 2156 1442 2215 ἐπὶ
1464 2155 1672 2225 πάχους
1693 2151 1820 2206 ἐλα-

213 2255 361 2329 φροῦ
386 2249 547 2317 οὗτος
574 2251 888 2324 ἐποχεῖσθαι
909 2252 1147 2320 λέγεται,
1169 2247 1265 2304 καὶ
1298 2245 1577 2320 τροπικῶς
1603 2241 1818 2298 ἐπιϐαί-

215 2365 334 2403 νειν
369 2347 526 2418 μέρει
564 2347 674 2399 τινὶ
722 2343 824 2414 τῆς
870 2341 1502 2414 γῆς.Ἐρμηνευέτωσαν
1531 2339 1589 2393 δέ
1633 2339 1728 2392 καὶ
1756 2335 1819 2389 τὸ

215 2439 399 2509 ⁴πάχος
453 2436 726 2506 ἐλαφρὸν,
753 2438 807 2490 τί
860 2452 991 2489 ποτε
1044 2433 1156 2504 ἄρα
1205 2432 1357 2496 ἐστὶ,
1389 2431 1484 2484 καὶ
1523 2428 1613 2482 διὰ
1649 2427 1703 2481 τί
1745 2425 1822 2498 μὴ

214 2531 353 2586 ἄνευ
375 2529 569 2582 τούτου
593 2529 809 2598 λέγεται
835 2530 865 2582 ό
893 2525 1099 2599 Κύριος
1127 2525 1416 2594 ἐπιδημεῖν
1437 2523 1504 2592 τῇ
1533 2518 1816 2589 Αἰγύπτῳ⁸

215 2623 356 2678 πότε
392 2622 454 2676 δὲ
480 2622 572 2675 καὶ
600 2623 895 2692 ἱστορεῖται
937 2619 1007 2672 τὰ
1035 2621 1094 2672 ἐν
1123 2619 1188 2688 τῇ
1220 2614 1527 2688 προφητείᾳ
1552 2611 1822 2683 εἰρημένα

213 2717 411 2779 τέλους
429 2715 814 2786 τετυχηκέναι,
839 2713 900 2766 τὸ
929 2711 1230 2782 σεισθῆναι,
1258 2709 1421 2774 λέγω,
1448 2706 1516 2760 τὰ
1539 2704 1731 2758 εἴδωλα
1753 2702 1825 2757 τὰ

215 2805 580 2880 χειροποίητα
611 2805 912 2873 Αἰγύπτου,
945 2802 1039 2855 καὶ
1063 2800 1124 2854 τὸ
1148 2798 1479 2869 Αἰγυπτίους
1504 2794 1824 2866 Αἰγυπτίοις

217 2900 560 2971 πολεμῆσαι,
593 2897 682 2950 διὰ
704 2898 802 2967 τὴν
825 2893 918 2948 τοῦ
943 2892 1148 2965 Κυρίου
1168 2893 1247 2956 είς
1275 2889 1596 2964 ἀνθρώπους
1618 2903 1826 2960 παρου-

220 2993 382 3046 σίαν⁸
411 2991 512 3045 καὶ
550 2991 679 3054 τοὺς
719 2989 876 3052 θεοὺς
918 2985 1121 3050 αὐτῶν,
1153 2983 1356 3056 δηλαδὴ
1387 2984 1515 3046 τοὺς
1543 2981 1823 3052 δαίμονας,

220 3084 402 3139 πολλὰ
431 3085 497 3138 τὸ
529 3083 760 3137 παλαιὸν
802 3081 1158 3152 δυναμένους,
1191 3077 1390 3150 μηκέτι
1432 3075 1658 3146 ἰσχύειν,
1691 3072 1826 3145 μηδὲ

221 3176 634 3250 ἀποκρίνασθαι
682 3179 798 3240 τοῖς
847 3171 1191 3246 ἐπερωτῶσι,
1230 3170 1318 3227 διὰ
1366 3170 1427 3224 τὸ
1473 3167 1568 3222 τοῦ
1615 3167 1825 3239 Κυρίου

221 3273 381 3336 δέος·
413 3275 498 3335 είς
532 3273 725 3342 χεῖρας
749 3269 805 3323 δὲ
837 3268 1008 3321 ποίων
1039 3265 1242 3334 κυρίων
1269 3261 1542 3333 σκληρῶν,
1576 3260 1746 3316 ποίων
1770 3258 1828 3312 δέ

227 3362 502 3433 βασιλέων
537 3359 679 3432 μετά
704 3361 804 3430 τὴν
837 3355 1237 3427 θεσπιζομένην
1262 3354 1356 3406 τοῦ
1385 3351 1592 3423 Κυρίου
1625 3365 1830 3420 παρου-

228 3457 355 3511 σίαν
401 3453 681 3525 παρεδόθη
719 3453 1025 3521 Αἴγυπτος·
1075 3447 1171 3502 καὶ
1195 3443 1360 3500 διὰτί
1385 3442 1590 3515 Κυρίου
1625 3440 1829 3512 παρόν-

224 3565 323 3612 τος
358 3547 621 3618 σκληροῖς
649 3545 876 3616 ἄρχουσι
910 3539 1299 3613 παραδίδονται
1320 3554 1333 3567 ο
1367 3536 1460 3589 καὶ
1486 3533 1554 3588 τά
1585 3532 1748 3586 λοιπὰ
1775 3531 1831 3585 δὲ

228 3641 448 3704 τούτοις
500 3637 902 3710 παραπλησίως
957 3637 987 3688 ό
1043 3632 1367 3705 βουλόμενος
1418 3629 1828 3702 ἐρμηνευσὰτω.

241 3732 445 3802 Ἡμεῖς
475 3729 587 3803 γὰρ
630 3729 732 3782 οὐκ
765 3727 942 3790 ἄλλως
977 3723 1154 3778 ταῦτά
1191 3740 1370 3794 φαμεν
1418 3719 1830 3791 συνίστασθαιῆ

231 3824 324 3878 διὰ
357 3823 530 3895 μόνης
565 3822 666 3892 τῆς
698 3819 793 3873 τοῦ
828 3819 1080 3890 Σωτῆρος
1107 3815 1264 3888 ήμῶν
1293 3813 1466 3887 Ἰησοῦ
1490 3811 1727 3886 Χριστοῦ
1755 3811 1834 3874 είς

233 3915 566 3988 ἀνθρώπους
610 3914 953 3983 ἐπιφανείας.
990 3907 1157 3974 Οὗτος
1207 3909 1317 3980 γὰρ
1358 3906 1493 3961 Θεοῦ
1525 3907 1697 3975 Λόγος
1736 3903 1832 3970 ῶν,

237 4013 333 4065 καὶ
359 4009 500 4064 Θεοῦ
529 4009 761 4078 δύναμις
791 4005 934 4060 κατὰ
969 4005 1229 4066 διάνοιαν,
1265 4002 1358 4056 καὶ
1385 4000 1523 4072 πρὸς
1547 3998 1690 4064 λέξιν
1723 4000 1838 4052 ἐπι-

235 4105 494 4175 δημήσας
540 4103 608 4172 τῇ
654 4099 968 4168 Αἰγυπτίων
1011 4096 1164 4168 χώρᾳ
1193 4095 1279 4149 διὰ
1329 4093 1558 4164 νεφέλης
1604 4091 1834 4160 κούφης,

238 4199 487 4270 ἐπλήρου
524 4194 596 4248 τὰ
627 4191 1108 4266 προηγορευμένα.
1141 4187 1391 4258 Νεφέλην
1419 4187 1476 4240 δὲ
1505 4184 1712 4254 κούφην
1739 4182 1838 4235 ἀλ-

241 4287 558 4361 ληγορικῶς
586 4285 842 4356 ὀνομάζει
871 4283 970 4356 τὴν
999 4283 1066 4337 δι’
1092 4276 1153 4336 οὗ
1187 4281 1446 4350 ἀνείληφε
1488 4279 1738 4349 σώματος
1775 4276 1840 4327 ἐκ

245 4381 528 4453 Παρθένου
585 4378 679 4432 καὶ
739 4377 895 4447 ἀγίου
953 4373 1267 4444 Πνεύματος
1313 4371 1608 4442 ἐπιδημίαν
1649 4366 1837 4431 αὑτοῦ,

239 4469 536 4544 ὡσπεροῦν
572 4471 606 4540 ή
647 4468 914 4538 Ἐϐραίων
942 4467 1150 4538 γραφή.
1188 4465 1300 4517 Καὶ
1341 4465 1370 4516 ὁ
1413 4461 1643 4524 Ἀκύλας
1673 4457 1840 4528 σαφέ-
1872 4467 1917 4524 D

243 4582 441 4637 στερον
483 4563 704 4634 ᾐνίξατο
748 4559 917 4614 εἰπών
939 4577 952 4590 ·
999 4579 1016 4610 ι
1041 4559 1170 4613 Ἰδοὺ
1203 4558 1408 4629 Κύριος
1447 4553 1713 4608 ἐπιϐαίνει
1747 4552 1840 4604 ἐπὶ

243 4660 424 4728 πάχος
467 4656 725 4726 ἐλαφρὸν,
756 4655 852 4707 καὶ
889 4651 1109 4724 ἔρχεται
1142 4651 1230 4704 ἐπ’
1259 4648 1564 4716 Αἴγυπτον·
1610 4664 1628 4698 ι
1668 4645 1841 4716 πάχος

245 4749 586 4822 ἐλαφρὸν,τδ
627 4746 689 4812 ἐξ
730 4746 888 4814 ἁγίου
916 4743 1232 4814 Πνεύματος
1261 4743 1422 4812 σῶμα
1469 4737 1844 4811 προσαγορεύ-

249 4858 372 4906 σας.
403 4843 514 4896 Καὶ
558 4839 717 4892 τοῦτο
752 4835 1042 4908 τοιγαροῦν
1073 4835 1135 4888 τὸ
1170 4834 1270 4903 τῆς
1307 4831 1642 4905 προφητείας
1680 4829 1845 4902 μέρος

249 4935 389 5008 πρὸς
433 4932 580 4997 λέξιν
625 4930 812 4993 τέλους
869 4926 1184 4997 ἐτύγχανεν,
1217 4925 1304 4978 ὅτε
1355 4922 1584 4992 ἄγγελος
1633 4920 1840 4992 Κυρίου

247 5028 388 5099 δναρ
431 5025 714 5093 ἐπιφανεὶς
756 5018 877 5074 εἷπε
920 5017 999 5090 τῷ
1039 5019 1266 5088 Ἰωο-ήφο
1300 5035 1318 5068 ι
1343 5015 1617 5088 Ἐγερθεὶς
1667 5013 1846 5084 παρά-

250 5119 387 5174 λαϐε
426 5119 490 5171 τὸ
533 5115 768 5180 παιδίον,
799 5112 895 5167 καὶ
943 5111 1042 5183 τὴν
1074 5111 1284 5182 μητέρα
1314 5105 1502 5171 αὑτοῦ,
1536 5106 1630 5160 καὶ
1676 5104 1845 5175 φεῦγε

254 5217 338 5276 είς
394 5209 713 5279 Αἴγυπτον,
767 5206 861 5262 καὶ
916 5204 1027 5258 ἴσθι
1083 5205 1201 5256 ἐκεῖ
1245 5202 1350 5266 ἓως
1391 5201 1458 5255 ἂν
1512 5199 1653 5254 εῐπω
1687 5217 1788 5253 σοι.
1822 5216 1843 5251 ι

257 5305 396 5360 Τότε
429 5301 563 5370 γοῦν
597 5299 759 5362 αὐτὸς
790 5300 818 5352 6
859 5296 1064 5369 Κύριος
1098 5297 1128 5348 6
1172 5293 1305 5358 Θεὸς
1349 5293 1519 5363 Λόγος
1555 5289 1846 5363 ἐπιπαρὼν

256 5399 326 5466 τῇ
359 5393 456 5447 τοῦ
491 5391 680 5455 παιδὸς
719 5390 924 5460 ἡλικίᾳ,
969 5388 1065 5441 καὶ
1098 5387 1156 5439 ἐν
1187 5388 1253 5457 τῇ
1299 5384 1556 5437 συστάσει
1589 5381 1753 5437 αὐτοῦ
1787 5381 1846 5448 ἐξ

257 5489 424 5557 ἁγίας
456 5483 754 5555 Παρθένου,
783 5483 946 5552 σαρκὶ
984 5477 1184 5549 παχείᾳ.
1217 5476 1317 5548 μὲν
1362 5474 1496 5548 οὔσῃ
1527 5474 1616 5528 διὰ
1647 5473 1706 5528 τὸ
1749 5474 1848 5543 τῆς

262 5575 588 5653 σωματικῆς
647 5572 779 5641 ῦλης
823 5570 1131 5624 ἀντίτυπον·
1182 5565 1391 5636 ἐλαφρᾷ
1437 5563 1495 5616 δὲ
1539 5563 1700 5618 πάλιν
1763 5561 1849 5615 διὰ

339 5735 380 5766 ι’
409 5731 515 5788 lsa.
555 5745 672 5795 nx,
716 5727 833 5782 1-4.
911 5725 952 5756 ¹⁶
989 5721 1288 5796 Matth._u,
1339 5719 1424 5775 15,

1917 1881 2053 1938 pora
2087 1863 2354 1918 Dominus
2384 1859 2528 1929 apud
2561 1855 2849 1926 IEgyptios
2894 1853 2966 1907 sit
2998 1855 3250 1905 versatus
3279 1855 3333 1902 et
3367 1845 3495 1917 quis

1917 1956 2203 2016 Dominus,
2231 1967 2374 2006 unus
2404 1956 2488 2004 est
2507 1948 2651 2003 enim
2676 1959 2966 2014 supremus
2994 1941 3158 2002 Deus,
3183 1947 3236 1994 et
3255 1952 3494 2010 quonam

1917 2051 2078 2118 pacto
2104 2058 2271 2114 super
2302 2039 2670 2095 crassitudine
2701 2035 2804 2088 levi
2839 2032 2927 2087 hic
2976 2031 3225 2086 invectus
3261 2043 3384 2084 esse
3407 2026 3496 2082 di-

1917 2148 2096 2202 catur,
2126 2143 2180 2192 et
2213 2132 2600 2205 particularem
2631 2129 2870 2197 aliquem
2903 2125 3086 2178 locum
3119 2130 3278 2177 terra:
3305 2134 3498 2176 ascen-

1919 2229 2090 2284 disse.
2115 2223 2548 2295 lnterpretentur
2574 2225 2836 2290 praeterea
2857 2211 3282 2270 crassitudinem
3300 2210 3502 2272 levem,

1920 2321 2053 2394 quid
2109 2318 2331 2374 tandem
2383 2330 2449 2372 ea
2515 2314 2586 2369 sit
2625 2325 2648 2374 ;'
2683 2318 2742 2365 et
2804 2307 3158 2378 quamobrem
3225 2319 3336 2357 non
3381 2301 3502 2357 sine

1921 2393 2046 2480 hac,
2077 2413 2297 2469 dicatur
2317 2407 2585 2463 Dominus
2605 2404 2812 2459 versari
2834 2403 2888 2456 in
2917 2399 3174 2470 IEgypto.
3201 2395 3266 2448 Et
3283 2393 3505 2465 quando

1922 2503 2202 2561 memoriae
2246 2497 2526 2572 proditum
2559 2494 2663 2559 sit,
2688 2508 2774 2555 ea,
2812 2503 2936 2560 qua!
2981 2488 3039 2542 in
3083 2486 3184 2540 hac
3216 2482 3504 2554 prophetia

1924 2595 2305 2656 continentur,
2348 2592 2510 2646 tinem
2545 2585 2881 2656 contigisse:
2928 2585 3203 2636 commota
3235 2589 3379 2638 esse,
3417 2573 3504 2628 in-

1925 2704 2112 2762 quam,
2140 2685 2437 2743 simulacra
2483 2678 2798 2735 manufacta
2841 2674 3082 2746 Egypti,
3124 2679 3177 2727 et
3217 2667 3508 2740 IEgyptios

1925 2758 2051 2840 cum
2092 2777 2366 2851 [Egyptiis
2407 2786 2700 2846 pugnasse,
2742 2775 2966 2840 propter
3016 2761 3234 2817 Domini
3275 2759 3343 2812 ad
3404 2758 3504 2809 ho-

1927 2877 2106 2933 mines
2145 2871 2460 2932 adventum,
2503 2874 2558 2921 et
2589 2865 2721 2919 deos
2757 2862 3001 2924 illorum,
3038 2855 3318 2910 daemones
3355 2846 3507 2902 vidc-

1929 2970 2076 3030 licet,
2132 2965 2226 3037 qui
2285 2961 2517 3017 multum
2569 2956 2724 3027 prius
2775 2951 3052 3010 valebant,
3091 2945 3228 3000 nihil
3267 2939 3506 3010 amplius

1930 3075 2115 3132 posse,
2181 3069 2359 3126 neque
2409 3049 2744 3121 respondere
2793 3040 3226 3101 sciscitantibus,
3280 3039 3506 3106 propter

1929 3149 2150 3208 Domini
2181 3147 2463 3207 timorem,
2516 3147 2571 3196 et
2609 3140 2666 3194 in
2719 3149 2954 3208 quorum
2986 3131 3336 3187 dominorum
3389 3141 3508 3179 ma-

1940 3260 2067 3308 nus,
2102 3242 2196 3313 qui
2227 3238 2408 3309 asperi
2438 3233 2770 3294 exstiterint,
2799 3239 3104 3299 quorumve
3133 3235 3345 3292 regum,
3387 3226 3514 3290 post

1929 3353 2054 3394 eum
2087 3309 2180 3406 qui
2210 3333 2301 3387 hic
2321 3331 2538 3386 canitur
2578 3323 2792 3380 Domini
2839 3320 3157 3381 adventum,
3189 3313 3392 3368 tradita
3437 3309 3514 3366 sit

1929 3404 2218 3502 JEgyptns.
2255 3425 2322 3479 Et
2350 3420 2725 3494 quamobrem,
2770 3412 3002 3468 Domino
3036 3416 3326 3480 praesente,
3360 3404 3514 3474 prin-

1931 3500 2148 3595 cipibus
2178 3516 2389 3589 asperis
2421 3512 2740 3568 tradantur:
2763 3515 2819 3562 et
2852 3505 3063 3574 reliqua
3088 3500 3276 3556 eadem
3302 3501 3514 3551 ratione

1932 3632 2057 3673 cum
2093 3616 2162 3671 iis
2209 3627 2334 3685 quae
2379 3610 2527 3665 dicta
2554 3611 2703 3666 sunt,
2759 3600 2853 3671 qui
2901 3598 3049 3662 velit,
3096 3595 3508 3661 interpretetur.

1934 3708 2048 3768 Nos
2086 3706 2235 3763 enim
2258 3719 2368 3761 non
2398 3701 2534 3755 alias
2573 3698 2690 3750 haec
2724 3691 2960 3747 dicimus
2999 3685 3300 3746 exstitisse,
3347 3693 3511 3749 quam

1936 3802 2040 3858 sub
2069 3813 2243 3855 unum
2279 3796 2548 3851 duntaxat
2588 3784 2889 3842 Salvatoris
2916 3778 3090 3835 nostri
3129 3775 3260 3831 Jesu
3306 3770 3515 3828 Christi

1938 3895 2007 3950 ad
2038 3891 2292 3948 homines
2332 3887 2648 3941 adventum.
2687 3877 2790 3931 Hic
2811 3874 2958 3930 enim
2988 3885 3112 3926 cum
3152 3866 3247 3921 Dei
3272 3864 3515 3920 Verbum

1939 3987 2030 4051 sit,
2062 3993 2118 4042 et
2164 3983 2259 4038 Dei
2281 3981 2481 4040 virtus,
2538 3986 2647 4029 tam
2684 3972 2732 4027 si
2774 3968 2842 4022 ad
2892 3977 3116 4021 sensum
3164 3973 3328 4030 quam
3361 3957 3408 4012 si
3446 3951 3517 4009 ad

1930 4083 2158 4136 verbum
2209 4071 2472 4142 accipias,
2497 4071 2748 4122 versatus
2785 4061 2840 4114 in
2882 4057 3104 4128 regione
3133 4048 3516 4122 JEgyptiorum

1939 4187 2037 4244 per
2064 4169 2264 4224 nubem
2296 4139 2492 4228 levem,
2523 4153 2821 4227 complevit
2850 4166 2915 4206 ea
2946 4163 3067 4220 quae
3107 4144 3368 4216 praedicta
3394 4139 3516 4194 fue-

1940 4237 2085 4318 rant.
2139 4258 2350 4314 Nubem
2380 4267 2510 4308 vero
2538 4251 2709 4304 levem
2746 4243 2974 4319 ﬁgurate
2999 4237 3248 4292 nominat
3275 4245 3520 4289 commo-

1940 4357 2214 4411 rationem
2259 4349 2381 4420 ejus
2407 4348 2551 4400 inter
2578 4336 2853 4399 homines,
2883 4347 2991 4403 qua
3020 4336 3115 4399 per
3144 4340 3345 4396 corpus
3373 4322 3520 4394 quod

1946 4449 2014 4505 de
2045 4445 2268 4515 Virgine
2311 4448 2368 4495 et
2397 4436 2606 4509 Spiritu
2653 4438 2846 4489 sancto
2885 4421 3208 4491 assumpsit,
3239 4431 3376 4473 usus
3407 4421 3520 4478 est,

1945 4507 2206 4596 nimiruin
2265 4507 2726 4604 quemadmodum
2771 4521 3125 4577 Hebraeorum
3176 4510 3338 4566 habet
3380 4507 3521 4564 scri-

1947 4641 2132 4704 ptura,
2189 4636 2244 4682 et
2282 4597 2479 4694 :Aquila
2530 4616 2747 4689 planius
2787 4605 3139 4683 signiﬁcavit,
3186 4617 3310 4657 cum
3350 4597 3519 4652 dixit:

1954 4745 1972 4777 ι
2000 4722 2140 4777 Ecce
2159 4693 2421 4773 Dominus
2440 4710 2689 4767 ascendit
2705 4721 2767 4763 su
2777 4721 2870 4776 per
2885 4695 3310 4756 crassitudinem
3328 4693 3520 4752 levem,

1948 4825 2002 4874 et
2028 4814 2179 4871 venit
2219 4813 2277 4865 in
2304 4809 2634 4878 Egyptum:
2663 4820 2682 4853 ι
2731 4779 3159 4853 crassitudinem
3192 4789 3384 4850 levem,
3409 4797 3526 4837 cor—

1954 4920 2056 4978 pus
2084 4904 2151 4958 de
2191 4873 2623 4970 Spiritu-sancto
2651 4893 2981 4956 conceptum
3011 4880 3316 4952 appellans.
3355 4873 3528 4946 Igitur

1948 4968 2116 5056 etiam
2149 4968 2267 5066 ipsa
2291 4993 2406 5047 haec
2435 4985 2731 5062 prophetiae
2758 4977 3026 5051 particula
3057 4974 3125 5029 ad
3152 4973 3377 5028 verbum
3401 4968 3524 5023 exi-

1950 5103 2069 5149 tum
2120 5062 2315 5147 sortita
2344 5092 2450 5150 est,
2501 5096 2610 5152 quo
2641 5087 2886 5148 tempore
2919 5071 3151 5144 angelus
3199 5063 3415 5120 Domini
3469 5062 3526 5116 in

1952 5185 2163 5244 somnis
2195 5184 2348 5238 visus
2392 5176 2498 5248 ipsi
2529 5173 2732 5243 Ioseph
2774 5169 2951 5225 dixit:
3009 5163 3296 5232 «Surgens
3341 5155 3529 5226 accipe

1954 5283 2207 5352 puerum,
2255 5283 2310 5330 et
2354 5282 2584 5329 matrem
2613 5268 2756 5338 ejus,
2787 5273 2842 5320 et
2885 5261 3009 5331 fuge
3038 5259 3095 5312 in
3126 5256 3446 5326 Egyptum,
3476 5257 3530 5303 et

1943 5345 2063 5430 esto
2115 5371 2190 5427 ibi
2244 5409 2259 5435 ,
2300 5367 2475 5422 donec
2505 5364 2684 5418 dicam
2709 5359 2808 5413 tibi
2830 5357 2895 5409 “'.
2929 5374 2948 5406 ι
2983 5351 3146 5423 297
3177 5347 3332 5402 Tunc
3363 5345 3531 5416 igitur

1955 5468 2073 5537 ipse
2106 5463 2368 5518 Dominus
2399 5459 2544 5512 Deus
2591 5453 2853 5515 Verbum,
2900 5446 3163 5519 puerilem
3193 5446 3407 5495 aetatem
3447 5437 3532 5489 in—

1963 5572 2207 5628 gressus,
2248 5561 2301 5610 et
2345 5567 2445 5608 suo
2492 5549 2730 5621 corpori,
2768 5545 2914 5618 quod
2959 5558 3021 5597 ex
3074 5541 3264 5594 sancta
3311 5528 3534 5601 Virgine
