3838 6218
327 243 421 323 m

996 243 1269 302 EUSEBII
1295 242 1777 303 CESARIENSIS
1803 242 1957 300 OPP.
1996 241 2175 298 PARS
2214 240 2278 297 ll.
2319 272 2389 282 —
2419 237 2911 295 APOLOGETICA.

3480 233 3590 290 επ

335 372 636 437 acceperat,
669 363 996 433 coniunctus
1026 364 1194 435 (quod
1226 380 1360 420 sane
1389 379 1612 435 corpus,
1648 379 1897 419 crassum

2005 363 2066 416 τὸ
2097 361 2382 434 κρείττονα
2416 361 2448 432 ἢ
2485 359 2606 414 καθ’
2645 360 2792 431 ἡμᾶς
2823 355 2980 412 εἰναι.
3025 355 3136 411 Καὶ
3167 356 3367 431 νεφέλῃ
3397 354 3586 433 κούφῃ

334 456 550 528 quidem
577 462 695 511 erat
722 454 792 510 ob
819 468 1096 525 corporea:
1132 456 1372 509 materiae
1423 453 1704 509 duriorem
1737 462 1902 509 natu-

334 562 484 616 ram;
533 556 591 602 at
655 561 851 602 rursus
894 546 1034 611 leve,
1092 562 1157 601 eo
1189 546 1334 617 quod
1368 547 1718 617 praestantius
1755 553 1902 602 esset

334 657 497 714 quam
523 655 586 696 ea
615 655 735 710 quae
763 639 832 694 ad
863 655 964 695 nos
990 640 1286 709 pertinent,
1317 655 1385 694 ex
1418 655 1530 709 quo
1557 640 1722 694 etiam
1767 639 1903 694 levis

334 735 510 789 nubes
539 732 876 796 nominatur,
911 741 1198 802 propterea
1228 731 1374 802 quod
1412 746 1620 785 non-ex
1654 732 1904 800 volupta-

335 829 415 881 ria
439 822 810 892 corruptione,
854 823 948 877 sed
980 822 1048 877 de
1090 820 1296 892 Spiritu
1339 830 1532 879 sancto
1563 822 1899 891 constabat),

333 918 390 971 in
424 923 569 970 terra
599 911 982 985 Egyptiorum
1011 914 1349 969 diversatur.
1388 913 1568 969 Causa
1596 922 1776 967 autem
1804 929 1903 969 cur

317 1008 461 1062 Illuc
505 1008 824 1071 accesserit,
875 1007 1143 1060 rationem
1206 1006 1348 1060 hanc
1395 1006 1576 1061 habet.
1631 1005 1901 1072 Quoniam

333 1100 476 1156 enim
504 1098 560 1153 in
593 1097 829 1170 ﬂgvpto
882 1099 1099 1153 initium
1139 1098 1421 1167 accepisse
1458 1113 1522 1154 ea
1554 1112 1676 1169 quae
1716 1098 1783 1153 ad
1815 1113 1903 1152 er-

333 1207 509 1248 rorem
550 1191 766 1246 colendi
825 1191 1117 1246 simulacra
1166 1192 1461 1261 pertinent,
1504 1199 1898 1254 memorantur,

332 1290 387 1337 et
420 1280 751 1337 videbantur
778 1284 1023 1335 omnium
1055 1281 1336 1335 hominum
1369 1278 1901 1350 superstitiosissimi

331 1387 453 1427 esse
484 1371 749 1443 Egyptii,
775 1372 1093 1442 inimicique
1133 1380 1298 1441 atque
1339 1371 1525 1426 hostes
1563 1370 1750 1441 populi
1784 1369 1900 1438 Dei,

331 1465 753 1536 longissimeque
792 1480 822 1518 a
856 1463 1136 1535 prophetis
1167 1464 1377 1526 abesse,
1425 1463 1620 1517 merito
1663 1463 1901 1533 primum

332 1557 473 1625 apud
516 1556 639 1611 illos
686 1555 781 1609 Dei
822 1558 995 1611 virtus
1037 1563 1374 1610 commorata
1401 1562 1525 1609 est:
1567 1564 1903 1624 quapropter

332 1650 456 1717 plus
486 1647 628 1718 apud
659 1647 967 1719 Egyptios,
1004 1661 1169 1717 quam
1208 1647 1349 1715 apud
1394 1660 1586 1701 omnes
1628 1645 1769 1700 alios
1798 1646 1899 1699 ho-

330 1740 529 1805 mines,
551 1740 882 1810 evangelica:
909 1739 1057 1793 illius
1079 1738 1347 1792 doctrinae
1377 1738 1602 1791 verbum
1636 1737 1897 1792 invaluit:

329 1846 400 1884 ex
441 1844 552 1901 quo
582 1830 763 1900 ipsum
805 1826 1095 1882 Dominum
1141 1827 1210 1882 ad
1266 1828 1393 1882 illos
1438 1842 1815 1890 accessurum,
1848 1835 1904 1884 et

332 1934 461 1975 eum
498 1919 609 1975 illis
656 1926 996 1972 moraturum
1036 1932 1278 1987 praesens
1334 1917 1617 1987 pr0phetia
1669 1917 1899 1972 divinat.

329 2008 400 2063 At
423 2024 536 2064 non
592 2008 879 2079 Egyptios
925 2008 981 2061 in
1014 2014 1213 2062 terram
1258 2005 1571 2062 Judaeorum
1615 2017 1901 2072 venturos,

332 2115 510 2170 neque
568 2098 966 2169 Hierosolyma.
1005 2108 1065 2153 ut
1118 2098 1192 2152 ibi
1236 2098 1387 2152 illum
1435 2099 1685 2164 adorent,
1729 2115 1906 2169 neque

218 2202 227 2210 '
330 2205 463 2244 vero
498 2189 696 2244 ibidem
736 2187 880 2242 inter
907 2186 1128 2243 Iudaeos
1180 2204 1246 2244 ex
1295 2188 1365 2244 iis
1403 2204 1528 2258 quae
1561 2204 1591 2242 a
1631 2188 1780 2244 Mose
1821 2190 1906 2242 in-

226 2312 232 2318 -
332 2281 524 2335 stituta
576 2285 706 2334 sunt
754 2281 1216 2351 peregrinaturos,
1272 2295 1451 2351 neque
1501 2279 1906 2336 sacriﬁcatum:

330 2372 385 2425 in
426 2386 514 2435 eo,
545 2371 691 2440 quod
732 2379 817 2427 est
859 2372 915 2425 in
963 2370 1289 2437 Jerusalem,
1335 2372 1526 2427 altari:
1565 2372 1661 2427 sed
1706 2372 1903 2427 horum

254 2504 261 2517 ,
331 2464 552 2533 quidem
592 2462 727 2517 nihil
760 2478 989 2532 prorsus
1030 2463 1105 2515 ait
1151 2461 1420 2527 futurum,
1466 2470 1521 2517 at
1567 2464 1748 2533 ipsum
1797 2463 1904 2518 Do-

218 2582 225 2589 ν
330 2558 539 2611 minu-m
603 2554 880 2611 aditurum
932 2554 1239 2627 Egyptios,
1289 2564 1343 2610 et
1383 2571 1484 2611 suo
1522 2557 1757 2612 adventu
1808 2557 1904 2611 ho-

327 2651 506 2706 inos
552 2651 919 2722 dignaturum,
968 2665 1402 2720 magnorumque
1449 2651 1718 2705 honorum
1767 2651 1902 2720 ipsis

330 2750 610 2796 auctorem
664 2741 937 2795 futurum.
966 2739 1310 2795 Directuram
1340 2741 1607 2811 siquidem
1631 2740 1904 2811 perlectu-

328 2847 559 2903 ramque
602 2833 750 2888 illius
793 2833 938 2887 inter
978 2832 1102 2887 illos
1147 2833 1657 2895 commorationem,
1690 2846 1754 2886 ca
1782 2847 1905 2901 quae

325 2923 439 2992 jam
463 2938 521 2979 re
546 2924 663 2993 ipsa
696 2931 822 2995 post
853 2923 1155 2978 Salvatoris
1187 2925 1361 2978 nostri
1402 2921 1531 2977 Jesu
1565 2922 1769 2977 Christi
1804 2922 1904 2975 ad-

328 3024 572 3079 ventum,
604 3016 871 3085 completa
902 3026 1236 3083 cernuntur;
1270 3030 1391 3085 quae
1422 3030 1586 3086 porro
1626 3015 1740 3069 haec
1763 3015 1894 3078 sint,
1929 3055 1971 3111 Ο

329 3107 709 3177 inspiciamus.
745 3107 902 3177 liqui
935 3109 1089 3178 prius
1116 3109 1434 3163 incolebant
1461 3109 1776 3179 Egyptum,
1818 3110 1903 3164 vi-

328 3197 457 3252 tiosi
489 3198 751 3268 pravique
795 3198 1093 3264 dannones,
1147 3216 1244 3270 per
1292 3207 1461 3254 multa
1509 3201 1708 3255 saecula
1738 3201 1794 3254 in
1825 3200 1904 3254 si-

329 3289 595 3343 mulacris
640 3291 939 3355 latitantes,
1000 3292 1323 3361 animasque
1346 3290 1729 3361 Egyptiorum
1750 3293 1901 3346 omni

329 3380 736 3461 superstitionis
759 3383 932 3436 errori
953 3382 1267 3438 addicentes
1297 3399 1360 3437 ac
1379 3383 1756 3452 subjicientes,
1774 3400 1903 3440 cum

331 3472 638 3527 sensissent
680 3488 876 3528 novam
914 3473 1206 3543 quamdam
1255 3474 1604 3545 divinamque
1646 3476 1900 3531 virtutem

332 3562 398 3617 ad
433 3578 493 3618 se
517 3566 835 3625 accessisse.
879 3565 1027 3618 illico
1083 3566 1337 3619 commoti
1383 3574 1530 3629 sunt,
1579 3574 1634 3620 et
1673 3564 1905 3619 ﬂuctua-

330 3656 534 3711 tionem
580 3671 645 3713 ac
691 3657 1151 3727 perturbationem
1200 3658 1254 3712 in
1311 3658 1507 3727 seipsis
1539 3658 1899 3728 pertulerunt,

332 3762 537 3817 corque
570 3748 815 3818 ipsorum
877 3758 931 3804 et
977 3749 1059 3804 vis
1107 3748 1443 3820 intelligendi
1491 3750 1819 3806 intrinsecus
1847 3751 1902 3805 in

332 3839 467 3908 ipsis
484 3841 732 3894 convicta
771 3847 918 3904 sunt,
950 3847 1340 3910 cesseruntque
1367 3856 1431 3895 ac
1459 3839 1641 3910 fugata
1664 3849 1793 3895 sunt
1832 3841 1901 3895 ab

331 3948 396 3985 ea
426 3932 644 3997 virtute,
674 3948 797 4002 quae
825 3933 1002 3987 visum
1034 3933 1298 4004 eli‘ugiens
1341 3933 1464 3987 illos
1514 3934 1899 4003 compellebat,

330 4031 389 4078 ct
433 4024 575 4095 ignis
605 4025 782 4079 instar
817 4024 1079 4080 ineffabili
1110 4024 1346 4095 quadam
1374 4025 1585 4080 ratione
1615 4025 1899 4080 adurebat.

333 4111 400 4166 Et
446 4122 579 4170 tunc
611 4114 836 4184 quidem
888 4114 1242 4170 invisibiliter
1275 4114 1554 4171 daemones
1595 4116 1721 4170 talia
1753 4116 1900 4184 passi

333 4212 483 4269 sunt,
514 4220 637 4259 cum
672 4205 920 4259 Salvator
957 4214 1144 4261 noster
1171 4204 1332 4262 Jesus
1362 4206 1617 4263 Christus
1650 4207 1702 4261 in
1735 4206 1903 4279 Egy-

332 4304 487 4365 ptum
517 4308 641 4348 cum
670 4295 873 4350 visibili
904 4310 1133 4365 corpore
1162 4297 1430 4364 pervenit.
1466 4296 1632 4367 298
1675 4296 1745 4350 At
1776 4312 1902 4352 vero

2005 450 2402 520 ὀνομαζομένῃ,
2434 448 2522 502 διά
2551 448 2613 501 τὸ
2653 449 2725 519 μὴ
2757 446 2818 512 ἐξ
2849 445 3155 519 ήδυπαθοῦς
3189 447 3415 518 φθορᾶς,
3442 446 3587 502 ἀλλὰ

2005 544 2065 609 ἐξ
2108 544 2263 612 ἁγίου
2302 541 2617 613 Πνεύματος
2663 540 2954 610 συστῆναι,
2995 542 3062 611 τῇ
3119 538 3224 592 τῶν
3263 540 3585 608 Αἰγυπτίων

2006 636 2264 705 ἐπιδημεῖ
2306 632 2477 704 χώρᾳ.
2536 632 2600 684 Ἥ
2643 631 2687 685 δ’
2730 632 2878 685 αἰτία
2922 631 3021 702 τῆς
3056 631 3233 683 ἐκεῖσε
3282 629 3584 701 ἐπιδημίας

2004 726 2168 781 αὐτοῦ
2215 726 2403 780 τοῦτον
2448 724 2561 797 ἔχει
2616 724 2706 778 τὸν
2759 724 2932 792 λόγον.
2985 724 3138 776 Ἐπεὶ
3183 722 3291 793 γάρ
3332 724 3391 775 ἐν
3436 722 3585 794 αὐτῇ

2005 819 2198 893 πρώτῃ
2231 816 2497 889 κατάρξαι
2536 817 2607 870 τὰ
2637 817 2736 888 τῆς
2768 815 3152 887 εἰδωλολάτρου
3187 815 3392 887 πλάνης
3438 831 3587 886 μνη-

2006 912 2323 986 μονεύεται,
2373 911 2590 965 ἐδόκουν
2633 927 2691 963 τε
2744 909 2959 963 πάντων
2994 907 3294 978 ἀνθρώπων
3342 907 3588 978 μάλιστα

2001 1004 2553 1076 δεισιδαιμονέστατοι
2601 1000 2907 1071 τυγχάνειν,
2956 998 3139 1069 ἐχθροί
3183 1014 3242 1050 τε
3291 993 3433 1051 εἰναι
3482 995 3589 1051 καὶ

2003 1096 2252 1168 πολέμιοι
2292 1096 2385 1150 τοῦ
2433 1093 2565 1149 λαοῦ
2613 1093 2705 1146 τοῦ
2739 1091 2897 1155 Θεοῦ,
2942 1090 3051 1145 τῶν
3091 1088 3383 1161 προφητῶν
3435 1089 3588 1143 κατά

2004 1188 2256 1242 πλεῖστον
2285 1189 2408 1242 ὅσον
2440 1186 2773 1256 ἀφεστῶτες·
2807 1184 3033 1247 εἰκότως
3059 1183 3241 1244 αὐτοῖς
3272 1179 3513 1251 πρώτοις
3542 1184 3581 1251 ὴ

2002 1282 2097 1335 τοῦ
2129 1281 2265 1335 Θεοῦ
2290 1282 2483 1351 ἐφίστη
2518 1279 2763 1349 δύναμις·
2794 1278 2872 1332 διὸ
2905 1277 2999 1331 καὶ
3032 1276 3249 1329 πάντων
3274 1271 3593 1345 ἀνθρώπων

2007 1375 2206 1445 μᾶλλον
2240 1375 2369 1444 παρ’
2396 1372 2712 1441 Αἰγυπτίοις
2752 1370 2969 1441 ῐσχυσεν
3014 1370 3044 1421 ὁ
3084 1368 3184 1439 τῆς
3216 1363 3595 1435 εύαγγελικῆς-

2005 1468 2167 1522 αὑτοῦ
2202 1468 2549 1531 διδασκαλίας
2591 1467 2767 1535 λόγος.
2806 1464 2965 1519 Ὅθεν
3010 1466 3044 1534 ή
3078 1460 3326 1533 παροῦσα
3360 1476 3589 1532 προφηη

2003 1562 2124 1615 τεία
2152 1560 2315 1615 αὐτὸν
2344 1560 2530 1623 αὐτοῖς
2567 1559 2923 1629 ἐπιδημήσειν
2955 1556 3047 1608 τὸν
3080 1554 3285 1625 Κύριον
3309 1548 3585 1616 θεσπίζει,

2006 1652 2129 1706 ἀλλ’
2154 1651 2277 1721 ούχί
2316 1651 2442 1713 τοὺς
2487 1650 2815 1719 Αἰγυπτίους
2845 1648 2994 1718 ἥξειν
3042 1648 3122 1710 εἰς
3167 1645 3265 1717 τὴν
3307 1641 3589 1697 Ἰουδαίων

1933 1708 1976 1763 Β
2006 1745 2185 1816 χώραν
2204 1708 2373 1809 [ὶοὺδέ
2419 1708 2483 1812 γε
2533 1708 2611 1805 εἰς
2669 1740 2740 1794 τά
2796 1708 3140 1810 Ἰεροσόλυμα
3181 1708 3587 1806 προσκυνήσειν

2003 1836 2172 1907 αὐτῷ,
2204 1835 2313 1903 οὐδ’
2345 1834 2596 1895 ἐνταῦθα,
2621 1832 2760 1887 κατά
2792 1831 2860 1885 τά
2900 1832 3053 1902 παρά
3086 1828 3309 1883 Μωῦσεῖ
3350 1840 3595 1897 προστε-

2003 1930 2270 2001 ταγμένα,
2305 1926 2762 2001 προσηλυτεύσειν
2799 1923 3091 1987 Ἰουδαίοις,
3123 1920 3244 1974 οὐδὲ
3274 1918 3459 1974 θύσειν
3488 1916 3589 1971 θυ-

2006 2023 2127 2087 σίας
2159 2024 2218 2077 ἐν
2249 2022 2328 2093 τῷ
2355 2021 2494 2093 πρὸς
2522 2023 2589 2091 τῇ
2633 2016 2987 2088 Ἰερουσαλὴμ
3027 2012 3413 2084 θυσιαστηρίῳ·
3440 2009 3589 2065 ἀλλὰ

2002 2113 2210 2169 ⁴τούτων
2245 2113 2343 2185 μὲν
2374 2109 2594 2165 ἔσεσθαί
2621 2125 2785 2180 φησιν
2812 2107 2995 2171 οὐδὲν,
3023 2104 3116 2159 τδν
3154 2103 3212 2156 δέ
3242 2100 3447 2172 Κύριον
3478 2099 3595 2152 αὐο.

2003 2204 2098 2261 τὸν
2152 2205 2516 2276 ἐπιδημήσειν
2564 2204 2678 2265 τοῖς
2729 2196 3067 2268 Αἰγυπτίοις,
3119 2197 3215 2249 καί
3256 2194 3358 2265 τῆς
3408 2189 3593 2246 αὐτοῦ

2005 2297 2310 2371 παρουσίας
2358 2292 2722 2361 καταξιώσειν
2765 2293 2892 2354 τοὺς
2929 2289 3160 2361 ἀνδρας,
3210 2284 3460 2357 μεγάλων
3517 2299 3587 2335 τι

2005 2387 2222 2458 ἀγαθῶν
2269 2383 2704 2456 καταστήσεσθαι
2746 2381 2917 2435 αἴτιον
2962 2381 3166 2442 αὐτοῖς.
3196 2373 3588 2447 Κατορθὼσειν

2006 2478 2138 2549 γοῦν
2179 2476 2345 2533 αὐτοῦ
2386 2477 2485 2547 τὴν
2525 2474 2818 2545 ἐπιδημίαν
2862 2471 3067 2535 ταῦτα,
3095 2471 3237 2539 άπερ
3267 2466 3361 2520 καὶ
3396 2467 3597 2529 αὐτοῖς

2007 2570 2186 2641 ἔργοις
2218 2568 2355 2640 μετὰ
2386 2566 2484 2637 τὴν
2515 2564 2608 2618 τοῦ
2640 2564 2892 2634 Σωτῆρος
2917 2559 3073 2632 ήμῶν
3118 2558 3292 2630 Ἰησοῦ
3319 2555 3415 2610 τοῦ
3438 2558 3587 2628 Χρις

2007 2659 2134 2712 στοῦ
2180 2656 2502 2727 ἐπιφάνειαν
2535 2655 2847 2707 συνίσταται
2888 2648 3309 2722 πεπληρωμένα.
3356 2646 3495 2701 Τίνα
3523 2645 3587 2700 δὲ

2003 2746 2093 2821 ῆν,
2151 2746 2491 2819 θεασώμεθα.
2542 2747 2603 2800 Ol
2664 2746 2793 2818 πρὶν
2841 2745 2942 2816 τὴν
2989 2742 3260 2811 Αἴγυπτον
3303 2737 3585 2801 οἰκοῦντες

2005 2841 2199 2912 φαῦλοι
2243 2840 2338 2894 καὶ
2392 2837 2654 2909 μοχθηροὶ
2702 2837 2975 2907 δαίμονες,
3016 2833 3076 2899 ἐξ
3113 2830 3306 2894 αἰῶνος
3364 2829 3583 2900 μακροῦ

2002 2937 2114 2997 τοῖς
2149 2930 2355 2997 ξοάνοις
2387 2928 2812 3001 ἐμφωλεύοντες,
2850 2926 2945 2980 καὶ
2976 2923 3076 2989 τὰς
3112 2923 3220 2977 τῶν
3263 2920 3595 2990 Αἰγυπτίων.

2003 3026 2181 3096 ψυχὰς
2210 3023 2358 3095 πάσῃ
2390 3018 2806 3090 δεισιδαιμονίας
2851 3016 3029 3089 πλάνῃ
3055 3012 3546 3082 καταδουλούμενοι
3564 3051 3581 3075 ,

2005 3114 2413 3185 συναισθόμενοι
2444 3112 2602 3183 ξένης
2640 3111 2783 3173 τινὸς
2816 3110 2911 3163 καὶ
2939 3107 3120 3162 ἐνθέου
3147 3104 3424 3175 δυνάμεως
3454 3103 3596 3156 ἐπι-κ

2001 3206 2279 3280 δημούσης
2325 3204 2547 3268 αὐτοῖς,
2598 3202 2799 3255 αὐτίκα
2847 3197 3221 3253 συνεκινοῦντο
3264 3195 3436 3261 σάλονῖ
3486 3194 3588 3248 καὶ

2003 3303 2189 3357 κλόνον
2218 3303 2275 3354 ἐν
2301 3302 2515 3361 ἑαυτοῖς
2547 3298 2867 3365 πάσχοντες,
2898 3293 2932 3362 ἦ
2958 3308 3016 3345 τε
3049 3289 3244 3361 καρδία
3269 3286 3450 3342 αὐτῶν
3483 3285 3585 3339 καὶ

2002 3391 2312 3464 διανοητικὴ
2332 3390 2561 3460 δύναμις
2589 3388 2788 3459 ἡττᾶτο
2825 3385 2971 3438 ἔνδον
3009 3384 3068 3436 ἐν
3096 3382 3326 3443 ἐαυτοῖς,
3360 3379 3586 3448 ὑποχω-

2007 3486 2175 3558 ροῦσα
2214 3486 2310 3538 καὶ
2349 3482 2622 3553 νικωμένη
2661 3478 2765 3531 ὑπὸ
2809 3477 2909 3548 τῆς
2948 3474 3194 3547 ἀοράτως
3226 3468 3589 3525 συνελαυνού-

2007 3594 2127 3649 σης,
2157 3577 2251 3629 καὶ
2280 3574 2449 3646 πυρὸς
2495 3573 2651 3641 δίκην
2692 3570 2915 3641 ἀρρήτῳ
2963 3565 3106 3635 λόγῳ
3140 3559 3445 3633 φλεγούσης
3480 3558 3586 3612 αὐ-

2002 3672 2127 3732 τοὺς
2159 3667 2459 3737 δυνάμεως.
2501 3662 2661 3716 Ἀλλά
2689 3664 2809 3714 τότε
2839 3661 2937 3730 μὲν
2963 3658 3208 3729 ἀοράτως
3239 3656 3288 3707 οἰ
3325 3652 3585 3721 δαίμονες

2002 3761 2176 3815 ταῦτα
2224 3759 2461 3828 ἔπασχον
2506 3754 2599 3809 ἐπὶ
2643 3757 2707 3825 τῇ
2753 3752 2849 3806 τοῦ
2900 3751 3152 3820 Σωτῆρος
3192 3744 3349 3817 ήμῶν
3402 3741 3582 3813 Ἰησοῦ

2002 3851 2238 3924 Χριστοῦ
2263 3853 2342 3911 εἰς
2371 3848 2469 3919 τὴν
2492 3846 2762 3914 Αἴγυπτον
2788 3843 3034 3913 ἐνσάρκῳ
3065 3836 3343 3909 ἐπιδημίᾳ..
3360 3832 3583 3902 Ἐπειδὴ

2002 3923 2065 3997 δέ
2111 3942 2249 4015 μετὰ
2277 3940 2448 3994 ταῦτα
2497 3938 2719 4009 γυμνῶς
2772 3935 2873 4006 ἤδη
2919 3932 3103 3986 λοιπὸν
3146 3929 3206 3982 τὸ
3250 3925 3380 3998 περὶ
3412 3923 3589 3979 αὐτοῦ.

2004 4034 2330 4102 Εὑαγγέλιον
2360 4036 2471 4095 τοῖς
2504 4029 2838 4099 Αἰγυπτίοις,
2873 4020 3157 4095 ὡσπεροῦν
3189 4020 3283 4074 καὶ
3316 4022 3429 4081 τοῖς
3464 4017 3584 4070 λοι-

2005 4128 2124 4189 ποῖς
2157 4124 2385 4188 ἔθνεσιν,
2418 4123 2776 4194 ἐκηρύττετο,
2809 4119 2843 4187 ἦ
2869 4134 2929 4169 τε
2962 4115 3190 4185 ἀόρατος
3223 4107 3386 4165 αὐτοῦ
3419 4107 3585 4161 δύνα-

2008 4234 2097 4288 μις
2144 4216 2240 4268 σὺν
2272 4217 2382 4279 τοῖς
2425 4211 2742 4275 ἀποστόλοις
2775 4208 2937 4263 αὐτοῦ
2972 4206 3152 4278 παρῆν
3187 4202 3409 4274 ἀφανῶς
3440 4219 3586 4273 συμμ-

2005 4306 2318 4376 πράττουσα
2362 4304 2576 4366 αύτοῖς,
2608 4302 2702 4354 καὶ
2736 4298 3086 4370 συνεργοῦσα,
3134 4295 3230 4348 καὶ
3278 4290 3587 4360 καταγγέλ-

333 4405 622 4463 Ροεῑφιδῐη
669 4394 832 4464 Plane
878 4393 991 4462 iam
1041 4394 1215 4464 ipsius
1246 4393 1595 4462 Evangelium
1631 4392 1699 4445 ad
1730 4391 1900 4463 [Egy-

2005 4397 2169 4452 λουσα
2216 4397 2284 4450 δι’
2330 4394 2509 4450 αὐτῶν
2561 4394 2660 4462 τὴν
2711 4392 2908 4460 εὐσεϐῆ
2971 4387 3315 4442 διδασκαλίαν
3378 4382 3585 4449 αὑτοῦ⁹

332 4481 500 4551 ptius,
542 4483 685 4536 sicut
711 4481 779 4535 ad
813 4483 1054 4552 reliquas
1082 4489 1270 4551 gentes
1296 4483 1564 4551 perlatum
1597 4490 1702 4545 est,
1731 4489 1786 4536 et
1825 4485 1902 4535 in-

333 4571 568 4626 visibilis
596 4573 718 4640 ejus
746 4572 944 4636 virtus,
984 4588 1091 4627 una
1115 4589 1238 4628 cum
1259 4573 1379 4643 ejus
1410 4574 1678 4645 apostolis
1707 4573 1901 4639 adluit,

333 4678 457 4733 qua:
489 4664 720 4717 latenter
757 4664 881 4719 illos
912 4664 1218 4734 adjuvat-et,
1262 4671 1317 4719 et
1344 4681 1452 4719 una
1479 4680 1605 4719 cum
1651 4664 1758 4719 illis
1787 4679 1900 4719 rem

335 4755 722 4825 negotiumque
749 4763 981 4823 gereret,
1012 4770 1079 4811 ac
1118 4772 1216 4826 per
1243 4771 1341 4813 eos
1386 4756 1696 4826 religiosam
1727 4755 1903 4825 piam-

333 4860 440 4913 que
472 4846 645 4916 ipsius
667 4846 972 4901 doctrinam
1007 4847 1387 4907 denuntiaret.
1420 4863 1699 4918 unumque
1724 4848 1901 4903 solum

333 4947 399 4987 ac
432 4949 619 4989 verum
661 4935 829 4990 Deum
883 4937 1067 4991 colere
1098 4935 1502 5003 adhortaretur,
1534 4944 1587 4991 et
1611 4951 1707 4992 eos
1739 4951 1768 4988 a
1793 4935 1904 4989 dae-

334 5024 592 5081 monibus
627 5033 921 5091 averteret,
960 5026 1052 5097 qui
1084 5027 1240 5095 prius
1267 5028 1478 5097 decepti
1520 5027 1771 5081 fuerant:
1812 5027 1902 5080 hic

332 5114 446 5184 jam
473 5124 588 5170 tum
618 5116 888 5188 Egyptiis
919 5120 1062 5174 sicut
1089 5119 1255 5173 etiam
1284 5120 1513 5189 reliquis
1537 5119 1788 5189 gentibus
1811 5134 1899 5172 se—

342 5211 475 5266 ditio
502 5212 813 5283 bellumque
844 5216 1166 5270 intestinum
1210 5223 1462 5272 exortum
1496 5223 1600 5279 est,
1642 5230 1765 5269 cum
1808 5214 1901 5267 alii

333 5302 550 5371 quidem
584 5303 655 5359 ab
697 5320 882 5363 errore
907 5308 1119 5361 colendi
1166 5308 1351 5377 plures
1385 5306 1517 5361 deos
1554 5307 1890 5367 recederent,

331 5402 387 5450 et
417 5395 484 5448 ad
509 5394 713 5450 Christi
747 5396 840 5451 Dei
873 5396 1108 5453 Verbum
1141 5406 1551 5462 concurrerent,
1589 5398 1679 5451 alii
1704 5413 1832 5452 vero
1871 5414 1900 5453 c

331 5487 610 5545 contrario
623 5487 722 5542 hos
743 5488 891 5558 ipsos
914 5497 1485 5560 oppugnarent,atque
1505 5488 1573 5544 ad
1586 5490 1901 5559 hujusmodi

333 5573 551 5629 facinus
600 5591 629 5628 a
678 5576 998 5633 domesticis
1045 5579 1386 5635 daemonibus
1431 5581 1617 5635 furore
1660 5580 1895 5651 quodam

335 5666 764 5731 concitarentur,
811 5669 945 5725 adeo
979 5678 1035 5723 ut
1079 5668 1278 5725 fratres
1316 5686 1344 5724 a
1392 5670 1654 5729 fratribus
1684 5670 1893 5740 disjun-

2010 4488 2169 4559 μόνον
2193 4487 2285 4540 τὸν
2316 4487 2434 4552 ἕνα,
2460 4487 2551 4539 καί
2586 4484 2743 4555 μόνον
2773 4482 2944 4552 ἀληθῆ
2973 4476 3373 4534 Θεὸννεὺσεϐεῖν
3403 4493 3590 4548 παρα-ρ

2008 4581 2359 4651 κελευομένη,
2392 4579 2499 4633 τῶν
2536 4579 2593 4631 δὲ
2638 4576 2902 4647 δαιμόνων
2934 4574 3059 4636 τοὺς
3111 4570 3277 4624 πάλαι
3306 4566 3587 4637 πεπλανη-

2013 4672 2205 4742 μένους
2248 4669 2549 4739 ἀφιστῶσα·
2595 4665 2827 4722 ἐνταῦθα
2864 4662 3048 4718 λοιπὸν
3095 4662 3196 4732 ήδη
3241 4658 3592 4727 Αἰγυπτίοις,

2008 4759 2290 4833 ὡσπεροῦν
2317 4759 2410 4813 καὶ
2440 4761 2551 4821 τοῖς
2590 4757 2795 4816 λοιποῖς
2837 4752 3013 4807 ἔθνεσι
3032 4793 3047 4817 ,
3077 4751 3264 4813 στάσις
3294 4749 3386 4802 καὶ⁸
3426 4747 3589 4802 πόλε-

2014 4868 2111 4922 μος
2136 4849 2396 4921 ἐμφύλιος
2421 4849 2724 4911 συνίστατο,
2749 4844 2856 4899 τῶν
2895 4844 2994 4916 μὲν
3026 4840 3452 4912 ἀναχωρούντων
3484 4840 3587 4911 τῆς

2007 4942 2267 4995 πολυθέου
2292 4941 2520 5011 πλάνης,
2549 4939 2645 4993 καὶ
2668 4937 2746 5008 τῷ
2781 4934 2916 4989 Θεοῦ
2958 4933 3194 5006 Χριστοῦ
3241 4932 3385 5002 λόγῳ
3409 4947 3587 5004 προσ-

2005 5033 2337 5105 τρεχόντων,
2383 5031 2490 5084 τῶν
2533 5030 2590 5083 δέ
2631 5029 2689 5095 ἐξ
2734 5026 2982 5092 ἐναντίας
3023 5025 3230 5088 τούτοις
3280 5022 3587 5094 πολεμούν-

2006 5143 2134 5188 των,
2170 5125 2264 5178 καί
2294 5124 2398 5176 ὑπὸ
2424 5123 2530 5175 τῶν
2555 5121 2765 5175 οἰκείων
2798 5120 3071 5191 δαιμόνων
3098 5115 3591 5186 ἐξοιστρουμένων,

2006 5217 2082 5280 ὡς
2113 5216 2207 5271 καὶ
2238 5215 2500 5283 ἀδελφοὺς
2527 5213 2767 5283 ἀλλήλων
2798 5213 3138 5275 διίστασθαι,
3181 5209 3274 5263 καὶ
3306 5209 3431 5270 τοὺς
3465 5205 3588 5274 φιλο

2005 5307 2199 5368 τάτους
2225 5306 2311 5359 διὰ
2354 5305 2522 5372 ξιφῶν
2559 5307 2755 5374 χωρεῖν
2802 5304 2901 5373 τῆς
2940 5303 3033 5355 τοῦ
3066 5299 3300 5375 Χριστοῦ
3327 5299 3586 5351 διδασκα-

2006 5399 2125 5462 λίας
2153 5399 2355 5451 ἕνεκεν.
2384 5398 2549 5468 Φησὶν
2576 5401 2603 5450 ό
2628 5398 2870 5467 χρησμός
2890 5415 2902 5427 ·
2941 5417 2959 5449 ι
2986 5398 3095 5451 Καὶ
3120 5393 3585 5466 ἐπεγερθήσονται

2004 5488 2289 5556 Αἰγύπτιοι
2323 5488 2408 5539 ἐπ’
2437 5487 2785 5554 Αἰγυπτίους,
2818 5487 2914 5541 καὶ
2956 5486 3252 5556 πολεμήσει
3294 5481 3586 5551 ἄνθρωπος

2006 5581 2095 5635 τὸν
2140 5580 2364 5648 ἀδελφὸν
2402 5578 2599 5643 αὐτοῦ,
2644 5579 2737 5631 καὶ
2782 5579 3065 5647 ἄνθρωπος
3101 5576 3193 5629 τὸν
3226 5573 3455 5644 πλησίον
3485 5570 3583 5625 αὐ-

2005 5667 2116 5721 τοῦ.
2155 5689 2173 5719 ι
2207 5668 2495 5721 Πιστοῦται
2542 5668 2595 5724 δὲ
2634 5668 2730 5739 τὴν
2776 5668 3112 5739 προφητικὴν
3159 5667 3461 5739 πρόρρησιν
3486 5663 3584 5718 καὶ
