3838 6218
105 306 223 364 473

1054 283 1714 360 DEMONSTRATIONIS
1746 301 2211 359 EVANGELICE
2250 301 2379 358 LIB.
2420 303 2509 359 vr.

3288 307 3393 361 471

104 418 281 484 αὐτὸς
311 422 346 473 ὁ
374 418 564 489 Σωτὴρ
604 415 785 488 ἡμῶν,
818 416 1042 486 φάσκων
1092 419 1149 470 ἐν
1190 419 1305 480 τοῖς
1337 414 1708 484 Εὐαγγελίοις·
1743 424 1785 477 Α
1813 429 1990 485 εει-θοι

1822 425 2097 485 gerentur,
2124 423 2177 473 et
2202 416 2466 472 doctrinae
2492 398 2698 472 Christi
2726 433 2914 482 causa,
2939 422 3099 475 etiam
3128 424 3393 481 charissi-

109 533 133 568 ι
167 510 505 581 Παραδώσει
530 509 761 578 ἁδελφὸς
795 508 1023 576 ἀδελφὸν
1057 509 1133 571 εἰς
1175 506 1424 568 θάνατον,
1470 506 1565 559 καὶ
1607 522 1713 560 πα-

102 606 218 676 τὴρ
265 603 499 668 τέκνον,
531 604 628 655 καὶ
670 600 1137 670 ἐπαναστήσονται
1180 599 1348 651 τέκνα
1391 597 1484 649 ἐπὶ
1510 594 1709 665 γονεῖς,

106 697 209 750 καὶ
240 693 654 749 θανατώσουσιν
696 690 910 756 αὐτούς.
960 710 979 742 ι
1022 690 1132 743 Καὶ
1164 685 1347 753 αὖθις·
1384 707 1402 740 ι
1563 689 1714 759 νομί-

107 801 273 856 σητε,
306 786 397 837 ὅτι
440 779 605 853 ἦλθον
645 782 868 852 εἰρήνην
907 778 1089 832 δοῦναι
1123 779 1181 831 ἐν
1203 780 1269 849 τῇ
1298 780 1391 848 γῇ,
1420 779 1540 847 οὐχὶ
1570 777 1714 846 λέγω

110 878 270 947 ὑμῖν,
298 874 420 928 ἀλλ’
450 875 485 945 ἢ
522 871 919 944 διαμερισμόν·
961 870 1173 923 ἔσονται
1210 870 1321 941 γὰρ
1348 870 1457 924 ἀπὸ
1490 868 1584 923 τοῦ
1618 867 1713 922 νῦν

110 967 279 1020 πέντε
307 969 372 1020 ἐν
404 966 540 1036 οἴκῳ
572 965 655 1019 ἐνὶ
696 963 1203 1034 διαμεμερισμένοι·
1241 965 1392 1034 τρεῖς
1417 963 1511 1016 ἐπὶ
1540 962 1711 1025 δυσὶν,

108 1056 210 1108 καὶ
237 1055 339 1108 δύο
373 1055 467 1107 ἐπὶ
502 1054 666 1124 τρισί.
696 1052 1213 1123 Διαμερισθήσονται
1249 1052 1427 1124 πατὴρ
1464 1051 1555 1104 ἐπὶ
1589 1050 1712 1121 υἱῷ,

106 1146 208 1203 καὶ
252 1148 377 1210 υίὸς
416 1145 516 1198 ἐπὶ
550 1145 740 1216 πατρὶ,
795 1145 975 1216 μήτηρ
1016 1145 1110 1197 ἐπὶ
1146 1145 1248 1216 τὴν
1296 1143 1593 1216 θυγατέρα,
1622 1146 1716 1197 καὶ

108 1237 371 1310 θυγάτηρ
418 1238 517 1290 ἐπὶ
542 1236 643 1308 τὴν
688 1235 924 1307 μητέρα,
957 1234 1199 1306 πενθερὰ
1227 1235 1321 1288 ἐπὶ
1347 1235 1445 1306 τὴν
1472 1235 1712 1307 νύμφην,

108 1334 208 1386 καὶ
254 1332 451 1404 νύμφη
501 1331 597 1384 ἐπὶ
634 1330 732 1401 τὴν
776 1329 1065 1402 πενθεράν.
1113 1348 1132 1381 ι
1164 1330 1229 1382 Τί
1270 1329 1380 1403 γὰρ
1416 1330 1589 1385 ταῦτα
1616 1331 1714 1401 τῆς

108 1426 469 1498 προφητικῆς
501 1423 746 1495 διαφέροι
789 1421 856 1475 ἂν
891 1421 1077 1491 φωνῆς
1097 1460 1111 1485 ,
1146 1421 1240 1474 ἐπὶ
1269 1426 1338 1493 τῇ
1382 1422 1476 1475 τοῦ
1510 1422 1715 1494 Κυρίου

110 1521 196 1583 εἰς
236 1519 524 1587 Δίγυπτον
571 1514 847 1587 παρουσίᾳ
890 1512 1196 1584 λεγούσης,
1245 1512 1714 1586 ἐπεγερθήσεσθαι

108 1610 455 1679 Αἰγυπτίους
490 1609 614 1661 κατ’
642 1604 986 1674 Αἰγυπτίων,
1018 1603 1113 1659 καὶ
1148 1603 1479 1677 πολεμήσειν
1505 1604 1718 1673 ἄνθρω-

112 1717 214 1754 πον
262 1700 361 1754 τὸν
399 1697 629 1766 ἀδελφὸν
656 1693 861 1759 αὐτοῦ;
894 1692 1009 1747 Kal
1041 1691 1205 1763 νόμος
1242 1693 1300 1746 δέ
1328 1695 1357 1746 ὁ
1385 1691 1485 1763 τῆς
1505 1691 1714 1761 Καινῆς

1812 520 1936 560 mos
1991 506 2096 561 sibi
2130 507 2326 576 gladiis
2353 506 2750 576 transﬁgerent.
2783 506 2872 560 Ait
2897 508 3040 562 enim
3069 511 3386 566 oraculum:

1820 613 1837 643 ι
1871 593 1942 646 Et
1994 596 2379 651 excitabuntur
2438 594 2681 666 Egyptii
2734 603 2925 650 contra
2974 596 3282 669 AEgyptios,
3336 608 3392 655 et

1816 685 2024 739 bellum
2059 695 2208 755 geret
2249 687 2412 741 homo
2456 694 2648 740 contra
2675 685 2899 741 fratrem
2928 702 3111 755 suum,
3139 696 3194 742 et
3225 689 3391 744 homo

1820 785 2017 831 contra
2063 776 2367 845 proximum
2416 792 2599 832 suum.
2631 795 2651 828 ι
2709 775 3009 831 Confirmat
3048 786 3227 833 autem
3259 795 3391 850 pro«

1816 866 2093 937 plne-ticam
2131 866 2537 935 praedictionem
2571 867 2734 920 etiam
2777 866 2895 936 ipse
2924 868 3178 922 Salvator
3203 878 3391 926 noster

1818 961 1875 1013 in
1920 957 2251 1028 Evangeliis,
2282 958 2510 1013 dicens:
2561 977 2579 1010 ι
2609 958 2811 1014 Tradet
2865 958 3034 1015 frater
3080 959 3303 1016 fratrem
3331 963 3391 1019 in

1819 1057 2073 1111 mortem,
2106 1057 2161 1103 ct
2191 1058 2344 1118 pater
2378 1050 2569 1112 lilium,
2600 1057 2654 1104 et
2683 1060 3018 1121 consurgent
3063 1051 3160 1106 filii
3195 1053 3392 1110 adver-

1817 1156 1914 1195 sus
1958 1147 2233 1210 parentes,
2283 1150 2339 1196 et
2399 1139 2725 1196 interﬁcient
2765 1156 2859 1196 eos
2880 1142 2944 1197 ¹⁷.
2977 1161 2997 1193 ι
3040 1141 3107 1196 Et
3151 1159 3385 1200 rursus:

1822 1232 2045 1286 «Nolite
2095 1240 2289 1302 putare
2333 1232 2481 1301 quod
2533 1231 2779 1285 venerim
2831 1246 3021 1302 pacem
3072 1233 3287 1289 mittere
3330 1235 3388 1289 in

1818 1332 2042 1388 terram,
2097 1338 2207 1377 non
2240 1322 2367 1377 dico
2390 1323 2562 1387 vobis,
2610 1321 2706 1378 sed
2753 1324 3192 1393 separationem;
3227 1335 3388 1381 erunt

1816 1417 1961 1471 enim
1991 1432 2058 1471 ex
2085 1416 2211 1482 hoc,
2244 1415 2490 1487 quinque
2521 1416 2576 1470 in
2605 1415 2771 1471 domo
2796 1431 2928 1481 una,
2959 1426 3073 1473 tres
3100 1414 3268 1475 divisi
3297 1418 3391 1474 ad-

1813 1527 2009 1567 versus
2048 1510 2208 1575 duos,
2263 1518 2318 1566 et
2343 1509 2452 1564 duo
2484 1509 2746 1566 adversus
2775 1517 2909 1564 tres.
2951 1508 3385 1580 Separabuntnr,

1815 1608 1970 1672 pater
1996 1608 2193 1655 contra
2226 1601 2418 1662 filium,
2448 1606 2504 1655 et
2533 1600 2677 1656 filius
2707 1608 2899 1654 contra
2937 1608 3169 1669 patrem,
3214 1607 3392 1657 mater

1817 1697 2011 1745 contra
2035 1690 2226 1755 tiliam,
2256 1698 2312 1745 et
2342 1689 2452 1744 illia
2483 1698 2674 1745 contra
2696 1700 2948 1757 matrem,
2982 1704 3176 1747 socrus
3197 1699 3395 1749 contra

109 1789 398 1860 Διαθήκης
436 1764 809 1857 τοῦίΧριστοῦ
857 1783 949 1837 ἐπὶ
994 1783 1161 1854 νόμον
1192 1779 1285 1835 τὸν
1318 1783 1418 1853 τῆς
1450 1779 1714 1834 πολυθέου
1746 1764 1788 1819 Β
1818 1796 1990 1835 nurur

1822 1796 2043 1847 nurum,
2096 1788 2152 1851 et
2197 1796 2372 1837 nurus
2404 1788 2597 1836 contra
2645 1796 2867 1837 socrum
2894 1783 2959 1838 ³⁸.
2992 1804 3012 1837 ι
3070 1783 3197 1840 Haec
3224 1787 3391 1851 Lenim

106 1878 553 1948 δεισιδαιμονίας
628 1873 916 1946 ἠγείρετο,
979 1873 1070 1925 ὅτε
1142 1871 1250 1926 τῶν
1312 1869 1717 1942 εἰδωλολατρῶν

108 1970 287 2025 ἐθνιῖιν
316 1971 489 2041 νόμος
509 1970 611 2039 τὴν
637 1966 877 2042 Χριστοῦ
923 1965 1181 2037 πολεμῶν
1216 1966 1586 2029 διδασκαλίαν,
1617 1965 1718 2018 πό-

106 2061 196 2127 λις
219 2079 286 2116 τε
324 2065 427 2117 καὶ
452 2062 701 2117 πολιτεία
738 2063 841 2134 τῆς
880 2064 939 2116 ἐν
964 2058 1187 2137 Χριστῷ
1245 2059 1571 2130 Ἐκκλησίας
1603 2061 1716 2122 τοῖς

107 2157 221 2210 τῶν
266 2156 525 2211 ἀπίστων
572 2156 744 2211 ἐθνῶν
792 2156 1188 2227 πολιτεύμασιν
1235 2153 1580 2208 ἐπανίστατο.
1625 2152 1717 2208 Διὸ

108 2248 391 2302 λέλεκται·
425 2267 446 2301 ι
492 2247 654 2313 Πόλις
693 2249 791 2302 ἐπὶ
825 2248 1000 2313 πόλιν,
1033 2247 1131 2304 καὶ
1157 2246 1322 2318 νόμος
1346 2247 1440 2299 ἐπὶ
1470 2245 1653 2317 νόμον.
1689 2263 1708 2297 ι

113 2342 277 2394 Ἐστι
300 2340 363 2393 δὲ
383 2341 483 2395 ἐπὶ⁵
501 2340 713 2405 τούτοις
737 2341 864 2405 τοὺς
886 2341 1219 2410 Αἰγυπτίους
1245 2338 1455 2402 πάντας
1487 2337 1613 2401 τοὺς
1638 2338 1717 2390 εἰ-

108 2431 489 2503 δωλολάτρας,
526 2431 591 2486 τό
637 2449 698 2485 τε
723 2431 980 2505 ἐνεργοῦν
1002 2435 1060 2485 ἐν
1097 2432 1281 2494 αὐτοῖς
1303 2429 1403 2500 τῆς
1436 2428 1717 2485 εἰδωλολα-

110 2525 302 2594 τρείας
336 2523 598 2594 πνεῦμα,
633 2524 867 2579 συνιδεῖν
907 2523 1347 2597 ταραττομένους
1384 2522 1550 2576 εἰσέτι
1596 2521 1712 2589 νῦν,

108 2615 206 2668 καὶ
231 2614 414 2669 πολλὰ
449 2617 551 2687 μὲν
582 2614 1001 2687 βουλευομένους
1042 2616 1187 2670 κατὰ
1217 2617 1319 2688 τῆς
1350 2614 1444 2668 τοῦ
1477 2614 1733 2697 Χριστοῦ,

105 2707 491 2772 διδασκαλίας,
525 2708 603 2772 ὡς
633 2708 700 2763 ἂν
757 2709 999 2762 σϐέσοιεν
1047 2710 1238 2781 αὐτὴν,
1274 2709 1371 2763 καὶ
1415 2708 1476 2773 ἐξ
1506 2707 1716 2780 ἀνθρώ-

109 2815 230 2855 πων
261 2799 613 2867 ἀφανίσοιεν,
644 2800 999 2871 διασκεδαννυ
1007 2790 1203 2872 μένους
1225 2799 1284 2853 δὲ
1301 2799 1408 2853 ὑπὸ
1431 2798 1527 2852 τοῦ
1555 2797 1714 2862 Θεοῦ,

109 2892 394 2961 φήσαντος
420 2893 481 2944 ἐν
512 2893 583 2962 τῇ
621 2893 966 2964 προφητείᾳ·
1002 2911 1022 2943 ‹
1059 2892 1169 2946 Καὶ
1206 2891 1610 2963 ταραχθήσεται
1657 2890 1718 2943 τδ

110 2982 339 3053 πνεῦμα
382 2982 499 3036 τῶν
548 2983 864 3052 Αἰγυπτίων
905 2986 962 3037 ἐν
998 2985 1201 3049 αὐτοῖς,
1245 2985 1340 3039 καὶ
1388 2983 1487 3053 τὴν
1523 2981 1716 3053 βουλὴν

1817 1873 1874 1926 in
1919 1888 2028 1943 quo
2066 1872 2288 1929 tandem
2321 1888 2353 1926 a
2396 1889 2531 1929 voce
2577 1875 2900 1945 prophetica
2945 1875 3232 1943 differunt,
3272 1893 3394 1948 qua:

1817 1979 1926 2034 quo
1957 1971 2200 2034 tempore
2244 1962 2513 2021 Dominus
2572 1966 2629 2020 in
2669 1965 2962 2038 Egyplum
3004 1970 3277 2037 adveniet,
3318 1972 3395 2026 ait

1816 2065 2165 2111 surrecturos
2198 2054 2487 2128 Egyptios
2521 2064 2717 2112 contra
2756 2056 3087 2130 Egyptios?
3111 2067 3165 2116 et
3190 2061 3392 2116 bellum

1816 2154 2097 2220 gesturum
2161 2146 2436 2205 hominem
2492 2156 2691 2205 contra
2737 2148 2958 2206 fratrem
2999 2153 3199 2208 suum?
3239 2151 3395 2208 Tunc

1815 2256 1947 2296 vero
1980 2238 2117 2296 Novi
2168 2239 2510 2297 Testamenti
2537 2242 2647 2310 lex,
2676 2242 2838 2314 cujus
2877 2242 3132 2301 Christus
3180 2252 3397 2312 auctor,

1816 2339 2008 2387 contra
2042 2333 2215 2403 legem
2246 2332 2677 2404 superstitionis,
2707 2336 2763 2389 in
2800 2349 2908 2405 qua
2939 2335 3122 2406 plures
3149 2336 3225 2390 dii
3249 2337 3395 2393 cole-

1815 2421 2039 2486 bantur,
2084 2423 2347 2485 surrexit.
2380 2438 2505 2478 cum
2539 2423 2796 2479 videlicet
2825 2426 3067 2495 gentium
3097 2426 3392 2481 simulacra

1816 2513 2163 2568 adorantium
2214 2514 2322 2578 lex,
2362 2512 2570 2570 Christi
2609 2514 2919 2570 doctrinam
2953 2531 3297 2588 Oppugnans,
3338 2525 3395 2573 et

1816 2605 2014 2660 civitas
2043 2621 2108 2661 ac
2142 2607 2454 2677 respublica
2485 2607 2605 2677 ejus
2654 2606 2912 2663 Ecclesia!
2940 2623 3061 2678 qua:
3084 2609 3140 2663 in
3172 2609 3398 2664 Christo

1816 2697 2092 2762 consistit,
2123 2697 2388 2753 adversus
2414 2698 2554 2752 ritus
2573 2706 2736 2768 atque
2757 2699 3007 2755 instituta
3032 2716 3141 2755 non
3161 2700 3397 2757 creden-

1816 2790 1951 2844 tium
1968 2790 2247 2844 nationum
2271 2790 2532 2845 suscilata
2546 2798 2649 2846 est.
2675 2790 2753 2845 Ex
2770 2778 2881 2861 quo
2897 2792 3029 2847 illud
3045 2793 3250 2847 dictum
3272 2798 3357 2851 est
3373 2808 3395 2852 :

1823 2901 1841 2933 ε
1870 2881 2077 2936 Civitas
2092 2880 2358 2936 adversus
2377 2881 2675 2947 civitatem,
2697 2889 2750 2938 et
2770 2883 2857 2937 lex
2883 2883 3146 2938 adversus
3162 2884 3354 2954 legem.
3369 2904 3391 2937 ι

1817 2973 2022 3029 Deinde
2047 2975 2173 3031 licet
2202 2975 2363 3045 plane
2384 2972 2670 3044 [Egyptios
2686 2981 2741 3030 et
2755 2989 2946 3030 omnes
2972 2975 3392 3031 simulacrorum

108 3073 296 3128 αὐτῶν
328 3074 697 3129 διασκεδάσω.
729 3095 750 3127 ›
784 3076 1044 3147 Μυρίαδὲ
1079 3077 1180 3129 ὅσα
1201 3074 1591 3146 πυνθανόμενοι
1623 3074 1718 3127 καὶ
1745 3104 1791 3166 c
1821 3063 1990 3166 ειιῑιοξ

1822 3063 2082 3128 cultores,
2109 3079 2343 3134 eumque
2371 3063 2466 3133 qui
2499 3063 2553 3116 in
2573 3062 2708 3133 ipsis
2738 3064 2848 3118 vim
2885 3079 3041 3119 suam
3062 3072 3279 3120 exercet
3303 3082 3400 3122 su-

107 3166 510 3239 ἐπερωτῶντες
528 3166 652 3225 καθ’
675 3168 710 3238 ή
718 3165 836 3238 μῶν
864 3167 921 3220 ἓν
936 3185 997 3220 τε
1026 3169 1296 3239 χρησμοῖς
1322 3167 1416 3221 καὶ
1441 3167 1720 3238 μαντείαις

107 3263 238 3323 τοὺς
270 3259 438 3323 θεοὺς
467 3258 673 3325 αὐτῶν,
704 3260 946 3323 καὶτοὺς
970 3260 1029 3312 ἐν
1057 3261 1171 3322 τοῖς
1193 3258 1502 3330 ἀγάλμασιν
1536 3259 1722 3328 ἐμφω-

108 3350 377 3415 λεύοντας
406 3351 698 3422 δαίμονας,
740 3351 869 3414 τούς
910 3367 971 3404 τε
1015 3351 1184 3405 πάλαι
1226 3353 1285 3404 ἐν
1329 3351 1513 3414 αὐτοῖς
1552 3348 1722 3402 πολλὰ

110 3444 461 3515 δυναμένους
492 3442 987 3515 ἐγγαστριμύθους,
1003 3443 1157 3497 οὐδέν
1189 3460 1243 3496 τι
1272 3443 1433 3497 πλέον
1464 3442 1523 3507 ἐξ
1542 3442 1721 3496 αὐτῶν

114 3535 327 3613 έχουσι.
359 3536 456 3589 Διό
489 3551 658 3607 φησιν
681 3535 710 3587 ό
729 3535 887 3605 λόγος
909 3553 923 3566 ·
963 3553 982 3585 σ
1023 3535 1135 3590 Καὶ
1156 3536 1566 3608 ἐπερωτήσουσι
1598 3536 1722 3598 τοὺς

122 3628 282 3693 θεοὺς
330 3628 543 3695 αὐτῶν,
569 3629 668 3685 καὶ
693 3627 764 3681 τὰ
812 3628 1103 3701 ἀγάλματα
1138 3628 1339 3694 αὐτῶν,
1373 3630 1468 3685 καὶ
1495 3627 1621 3690 τοὺς
1640 3629 1723 3695 ἐγ-

116 3720 559 3793 γαστριμύθους.
590 3740 610 3772 ι
660 3720 801 3773 Ἀλλ’
851 3721 1109 3795 οὐδεμιᾶς
1150 3720 1279 3793 γὰρ,
1325 3720 1478 3790 φησὶ,
1511 3719 1724 3782 τεύξον-

117 3830 209 3878 ται
230 3813 495 3885 βοηθείας
526 3814 579 3866 οἰ
628 3813 725 3867 ἐπὶ
779 3815 904 3879 τοὺς
954 3814 1391 3884 πεπλανημένως
1433 3812 1723 3876 δοκοῦντας

121 3905 303 3958 αὐτῶν
337 3901 483 3960 εἶναι
517 3905 677 3969 θεοὺς
714 3906 1172 3975 καταφεύγοντες,
1206 3906 1328 3959 τότε
1355 3905 1592 3976 μάλιστα
1622 3905 1721 3957 αὐ-

120 3999 249 4062 τοὺς
274 3996 374 4051 τοῦ
407 3996 548 4050 Θεοῦ
581 3998 795 4068 κυρίοις
824 3998 1079 4070 σκληροῖς
1112 3997 1208 4051 καὶ
1236 3996 1518 4069 βασιλεῦσι
1545 4013 1723 4068 παρα-

119 4089 380 4154 διδόντος,
416 4092 509 4143 ότε
541 4093 655 4153 τοῖς
713 4090 964 4160 δαίμοσιν
1017 4089 1198 4143 αὐτῶν
1251 4089 1581 4160 πειθόμενοι,
1631 4089 1725 4142 καὶ

123 4183 217 4235 ὑπ’
248 4183 436 4237 αὐτῶν
488 4182 895 4254 ἐνεργούμενοι,
930 4182 1057 4246 τοὺς
1086 4183 1231 4239 κατὰ
1258 4183 1358 4253 τῆς
1401 4181 1726 4252 Ἐκκλησίας

123 4277 221 4337 τοῦ
248 4276 391 4330 Θεοῦ
420 4276 698 4345 διωγμοὺς
744 4275 1143 4346 ἐπεγείρουσιν.
1175 4275 1342 4328 Ἔνθα
1375 4292 1464 4345 μοι
1482 4274 1574 4327 τὸν
1601 4273 1725 4329 νοῦν

122 4370 471 4436 ἐπιστήσεις,
503 4366 625 4421 τίνα
654 4367 856 4439 τρόπον
892 4367 1053 4439 μέχρι
1088 4366 1189 4437 μὲν
1217 4367 1318 4437 τῆς
1347 4366 1440 4422 τοῦ
1475 4367 1726 4437 Σωτῆρος

1823 3156 2159 3225 perstitionis
2176 3156 2451 3225 spiritum,
2468 3156 2671 3210 intueri
2686 3156 2848 3211 etiam
2864 3171 3012 3212 nunc
3025 3158 3394 3228 perturbatos,

1822 3246 1987 3316 299
2013 3255 2067 3302 et
2091 3252 2322 3302 multum
2346 3245 2566 3318 quidem
2594 3248 3000 3315 consultantes,
3029 3258 3084 3305 et
3110 3249 3401 3304 commini-

1823 3348 2042 3395 scentes
2072 3349 2264 3396 contra
2306 3342 2514 3399 Christi
2559 3341 2867 3398 doctrinam
2888 3383 2904 3407 ,
2934 3350 2995 3397 ut
3034 3358 3156 3398 eam
3188 3345 3399 3398 exstin-

1825 3438 2029 3499 guant,
2065 3438 2230 3501 atque
2271 3446 2336 3486 ex
2385 3431 2706 3488 hominibus
2733 3433 2988 3488 deleant:
3021 3432 3262 3504 dispergi
3295 3448 3398 3489 au~

1823 3526 1933 3574 tem
1965 3534 2029 3575 ac
2058 3521 2317 3592 dissipari
2351 3538 2383 3578 a
2415 3522 2563 3588 Deo,
2596 3523 2689 3593 qui
2723 3524 2800 3577 ait
2829 3524 2883 3579 in
2916 3524 3036 3595 ipsa
3065 3524 3351 3594 prophetia
3379 3542 3395 3579 :

1829 3630 1847 3662 ‹
1881 3611 1948 3664 Et
1975 3614 2394 3668 conturbabitur
2434 3615 2668 3685 spiritus
2700 3610 3073 3684 [Egyptiorum
3100 3614 3155 3667 in
3196 3615 3277 3668 eis
3297 3655 3313 3681 ,
3342 3622 3400 3670 et

1824 3703 2118 3758 consilium
2170 3719 2362 3759 eorum
2410 3704 2712 3775 dissipabo.
2744 3722 2763 3756 ι
2795 3704 3042 3773 Cumque
3086 3702 3401 3757 innumera-

1824 3800 1954 3854 bilia
2003 3797 2116 3854 sint
2163 3811 2283 3865 quae
2325 3795 2665 3865 interrogent
2693 3808 2758 3848 ac
2789 3795 3141 3850 seiscitentur
3186 3793 3245 3847 in
3280 3807 3402 3847 ora-

1825 3891 1968 3946 culis
2022 3905 2088 3944 ac
2133 3887 2598 3953 divinationihus,
2652 3886 2945 3941 adversum
2993 3899 3132 3949 nos,
3187 3885 3402 3954 quoties

1825 3984 1958 4039 deos
2001 3996 2162 4048 suos,
2207 3989 2263 4036 et
2305 3979 2587 4035 latitantes
2628 3977 2686 4033 in
2732 3975 3044 4032 simulacris
3086 3975 3398 4041 daemonas,

1826 4083 1882 4132 et
1906 4088 2002 4130 eos
2027 4074 2121 4143 qui
2152 4071 2310 4143 prius
2348 4072 2405 4126 in
2434 4069 2572 4143 ipsis
2611 4069 2849 4124 multum
2892 4075 3175 4139 poterant,
3205 4066 3402 4138 pytho-

1825 4181 1927 4225 nas
1954 4204 1970 4229 ,
2008 4166 2215 4223 adeunt
2245 4183 2260 4220 :
2291 4163 2433 4218 nihil
2462 4171 2647 4216 tamen
2677 4160 2914 4230 amplius
2943 4175 3006 4215 ex
3040 4159 3148 4214 illis
3175 4157 3400 4213 habent.

1827 4255 2177 4327 Quapropter
2207 4255 2492 4310 oraculum
2526 4253 2605 4306 ait
2634 4271 2647 4306 :
2681 4270 2701 4303 ι
2726 4250 2795 4305 Et
2824 4250 3236 4320 interrogabunt
3269 4247 3403 4304 deos

1830 4366 1994 4417 suos,
2026 4357 2079 4405 et
2127 4349 2422 4405 simulacra
2465 4360 2602 4410 sua,
2647 4351 2700 4400 ct
2744 4342 3060 4414 pythonas.»
3079 4339 3187 4396 Sed
3224 4340 3402 4405 enim,

122 4459 285 4531 ἡμῶν
313 4429 513 4531 ’Ἰηᾷὸῡ
546 4429 783 4532 Χριστοῦ
805 4429 1126 4528 meaika
1155 4429 1378 4522 οἰκείοις
1415 4429 1725 4528 βασιλεῦσιν
1758 4450 1802 4505 D
1830 4440 1990 4509 inquii

1830 4440 2040 4509 inquit,
2082 4440 2292 4494 nullum
2335 4438 2497 4508 plane
2562 4435 2889 4490 obtinebunt
2945 4430 3242 4495 auxilium,
3282 4429 3407 4500 qui-

129 4552 278 4616 ἰδίως
328 4551 429 4606 καὶ
495 4554 617 4604 καθ’
652 4550 849 4622 ἑαυτὴν
880 4553 1030 4605 πᾶσα
1077 4552 1354 4620 Αἴγυπτος
1387 4549 1644 4621 κέχρητο,
1672 4551 1729 4601 ἐν

124 4643 437 4715 αὐτονομίᾳ
469 4659 532 4695 τε
576 4642 671 4696 καὶ
709 4644 768 4696 ἐν
790 4642 1074 4714 ἐλευθερίᾳ
1111 4642 1298 4711 διῆγον
1334 4642 1384 4694 οἱ
1417 4640 1725 4710 Αἰγύπτιοι,

127 4735 423 4789 δυναστεία
458 4734 515 4787 δὲ
538 4734 715 4788 αὐτῶν
755 4734 827 4802 ἐξ
846 4733 1041 4796 αἰῶνος
1074 4733 1262 4804 μακρά
1290 4751 1375 4796 τις
1416 4733 1510 4786 καὶ
1561 4731 1729 4803 πολλὴ

131 4827 382 4899 βεὸόητο,
414 4826 478 4893 ἐξ
510 4827 722 4881 ἐκείνου
744 4844 805 4879 τε
827 4830 1045 4898 πρώτου
1078 4825 1365 4896 Ῥωμαίων
1392 4824 1728 4893 Αὐγούστου,

132 4921 253 4973 καθ’
273 4921 335 4974 δν
356 4922 387 4972 ὁ
415 4920 623 4992 Κύριος
652 4920 809 4991 ἡμῶν
841 4917 1179 4989 ἐγεγέννητο,
1206 4916 1609 4988 χειρωσαμένου
1632 4915 1732 4987 τὴν

131 5013 436 5082 Αιγυπτον,
463 5013 704 5083 ὑστάτης
739 5029 801 5064 τε
838 5011 946 5064 τῶν
991 5010 1344 5080 Πτολεμαίων
1375 5009 1734 5080 Κλεοπάτρας

136 5106 377 5178 ἁλούσης
401 5146 419 5171 ,
481 5105 590 5158 ὐπὸ
623 5104 723 5176 τὴν
777 5102 1063 5175 Ῥωμαίων
1111 5101 1403 5171 γεγόνασιν
1458 5101 1729 5168 ἐξουσίαν,

138 5200 243 5255 ὑπό
272 5217 336 5253 τε
360 5200 493 5263 τοὺς
522 5198 701 5255 αὐτῶν
720 5198 941 5269 νόμους,
962 5197 1056 5251 καὶ
1077 5197 1448 5267 ἐπιτάγματα,
1478 5195 1579 5265 τῆς
1602 5213 1734 5268 προ-

136 5293 308 5363 τέρας
362 5290 689 5362 αὐτονομίας
744 5292 839 5344 καὶ
885 5288 1198 5361 ἐλευθερίας
1243 5287 1622 5361 ἀφῃρημένοι·
1657 5288 1734 5351 ὡς

139 5383 236 5437 καὶ
280 5384 342 5436 ἐν
384 5381 565 5451 τούτῳ
617 5381 680 5433 τὸ
720 5378 1058 5452 προφητικὸν
1113 5376 1472 5448 ἐπαληθεύειν
1530 5376 1730 5445 λόγιον,

141 5476 270 5546 περὶ
300 5474 402 5545 μὲν
433 5471 542 5526 τῶν
571 5474 653 5536 εἰς
681 5473 807 5535 τοὺς
836 5471 1034 5533 τόπους
1069 5469 1504 5540 ἐκπεμπομένων
1526 5468 1739 5541 ἐπιτρό-

142 5579 263 5629 πων
294 5581 358 5617 τε
379 5563 843 5635 κα“ι,ήγουμένων,
862 5563 957 5616 καὶ
986 5560 1240 5642 περὶτῶν
1262 5560 1465 5623 λοιπῶν
1492 5561 1550 5615 ἐν
1578 5560 1733 5638 μέρει

222 5742 270 5783 δ’
305 5740 497 5802 Matth.
530 5759 588 5812 ι,
617 5743 709 5798 21.
790 5742 833 5776 ⁸³
855 5741 994 5799 Luc.
1025 5756 1129 5808 ιιι,
1160 5739 1347 5797 διοίίὸ.

1829 4543 2047 4598 cunque
2094 4527 2161 4583 ad
2208 4542 2305 4583 eos
2355 4525 2448 4597 qui
2502 4526 2746 4596 ipsorum
2796 4522 2873 4578 dii
2925 4536 3043 4577 esse
3093 4519 3405 4585 videantur,

1829 4621 2032 4691 quique
2066 4620 2213 4689 ipsos
2260 4625 2418 4672 antea
2467 4615 2819 4686 deceperint,
2873 4612 3224 4682 confugient,
3271 4617 3405 4666 tunc

1829 4715 2020 4782 utique
2049 4712 2284 4766 maxime
2317 4725 2412 4765 eos
2442 4711 2595 4780 ipsos
2623 4706 2864 4763 dominis
2894 4720 2959 4759 ac
2994 4704 3215 4774 regibus
3244 4718 3406 4773 aspe-

1829 4804 1909 4858 ris
1938 4803 2191 4857 tradente
2223 4799 2487 4863 Domino,
2519 4813 2645 4852 cum
2676 4794 3018 4852 daemonibus
3041 4793 3157 4848 suis
3184 4791 3407 4847 auscul-

1831 4902 2015 4948 tantes
2034 4934 2049 4960 ,
2076 4904 2132 4947 et
2159 4891 2228 4946 ab
2254 4891 2363 4946 illis
2394 4889 2679 4955 instincti,
2709 4885 3094 4942 insectationes
3139 4881 3405 4936 adversus

1833 4984 1930 5040 Dei
1959 4982 2263 5038 Ecclesiam
2293 4978 2664 5035 concitabunt.
2708 4974 2806 5029 llic
2846 4974 2980 5028 mihi
3032 4971 3272 5026 animum
3312 4969 3406 5024 ad-

1831 5083 2017 5133 vertas
2056 5074 2348 5144 diligenter
2388 5070 2590 5134 velim,
2636 5082 2875 5139 quonam
2917 5072 3077 5135 pacto
3122 5077 3297 5132 usque
3337 5063 3401 5117 ad

1836 5167 2139 5223 Salvatoris
2180 5163 2357 5220 nostri
2385 5161 2516 5218 Jesu
2548 5160 2753 5216 Christi
2797 5158 3123 5217 adventum,
3169 5155 3284 5209 suis
3319 5168 3408 5208 re.

1834 5261 1994 5331 gibus
2025 5273 2276 5315 seorsum
2305 5271 2369 5310 ac
2401 5270 2496 5325 per
2526 5269 2585 5310 se
2612 5260 2727 5306 tota
2759 5249 3026 5320 IEgyptus
3057 5253 3320 5309 uteretur,
3351 5251 3407 5300 et

1835 5351 1891 5405 in
1921 5366 2020 5407 suo
2055 5350 2299 5420 ipsorum
2323 5346 2448 5416 jure
2471 5360 2536 5398 ac
2557 5344 2808 5397 libertate
2834 5342 3093 5409 degerent
3122 5334 3363 5407 Egyptii
3384 5370 3401 5399 ,

1834 5451 2187 5515 potestasque
2233 5440 2450 5494 illorum
2477 5436 2546 5491 ab
2575 5435 2732 5490 initio
2763 5447 2925 5504 quam
2961 5432 3118 5500 longa
3144 5436 3200 5484 et
3223 5426 3406 5495 ’qttam

1839 5536 2015 5595 multa
2062 5534 2209 5590 fama
2252 5531 2462 5587 feratur
2501 5527 2707 5594 fuisse,
2754 5531 2808 5581 et
2849 5518 3305 5597 quemadmodum
3337 5530 3412 5577 ex
