3828 6220
370 262 477 324 475

1044 261 1318 321 EUSEBII
1353 263 1835 323 cmsmnusrs
1856 264 2009 325 ore.
2053 267 2235 325 rans
2266 267 2330 326 η.
2370 244 2441 311 -'—
2476 240 3002 330 Aponocerlca.

3547 277 3659 336 ΠΒ

371 384 502 448 illo,
562 395 692 438 cum
742 380 960 453 primus
1007 381 1384 442 Romanorum
1434 387 1752 460 Augustus,
1801 388 1965 460 cujus

2112 392 2346 465 ρχόντων
2407 393 2644 464 φάσκον·
2687 413 2708 447 ι
2747 395 2883 467 Καὶ]
2898 393 3210 468 παραδώσω
3246 396 3523 467 Αἴγυπτον
3572 400 3660 465 είς

371 475 718 546 temporibus
758 474 1028 532 Dominus
1075 486 1270 535 noster
1304 487 1471 536 natus
1509 487 1625 546 est,
1663 479 1962 553 IEgyptum

373 567 722 640 subegisset,
759 576 815 623 et
858 570 1166 625 novissima
1207 570 1626 628 Ptolemmorum
1673 572 1963 645 Cleopatra

374 666 536 729 capta
583 672 765 727 esset,
812 660 867 716 in
910 660 1284 718 Romanorum
1330 672 1658 735 potestatem
1730 664 1965 721 devene-

373 751 519 816 rint,
550 760 605 807 et
633 753 738 808 sub
767 753 988 808 illorum
1015 755 1166 826 leges
1199 764 1365 827 atque
1393 758 1573 813 edicta
1610 757 1769 814 missi
1812 758 1923 813 sint
1945 797 1960 823 ,

376 859 590 916 suoque
643 845 892 916 ipsorum
940 848 1168 918 proprio
1224 848 1351 919 jure
1378 889 1393 913 ,
1451 865 1661 921 suaque
1713 850 1966 906 libertate

373 938 609 1008 privati,
660 946 720 993 ut
768 940 1151 1011 propheticum
1198 942 1489 996 oraculum
1541 943 1708 998 etiam
1753 943 1810 996 in
1861 943 1966 997 hoc

374 1031 536 1101 plane
579 1032 868 1087 veritatem
913 1048 1068 1088 suam
1116 1033 1500 1097 demonstret,
1546 1036 1692 1105 quod
1742 1035 1966 1106 quidem

372 1124 443 1178 de
463 1122 551 1180 .iis
579 1126 675 1194 qui
697 1125 773 1178 ad
806 1125 926 1180 loca
945 1167 962 1194 ,
992 1128 1327 1196 procurandi
1361 1127 1539 1197 gratia
1568 1126 1822 1182 mittendi
1871 1142 1964 1182 es»

372 1224 531 1284 sent,
576 1217 755 1288 deque
796 1220 1128 1288 praetoribus
1172 1235 1238 1275 ac
1282 1220 1518 1291 reliquis
1567 1234 1666 1291 per
1714 1220 1966 1289 singulas

372 1316 561 1381 partes
606 1310 1064 1382 magistratibus,
1117 1312 1194 1367 ita
1244 1312 1535 1384 loquitur:
1585 1332 1604 1364 (
1637 1312 1704 1366 Et
1750 1312 1965 1367 tradam

373 1403 675 1478 Egyptum
703 1405 759 1459 in
790 1420 991 1462 manus
1036 1405 1323 1459 hominum
1352 1445 1368 1471 ,
1410 1405 1759 1460 dominorum
1808 1419 1969 1475 aspe-

2063 485 2254 554 χεῖρας
2302 481 2609 555 ἀνθρώπων
2661 485 2868 556 κυρίων
2911 484 3199 557 σκληρῶνο
3230 503 3250 537 ι
3283 487 3415 558 περί⁵
3456 486 3514 540 δὲ
3543 488 3661 542 τῶν

2065 573 2165 644 τὴν
2195 557 2335 627 ⁵καθ’
2385 574 2507 628 ὅλου
2557 573 2854 630 διεπόντων
2902 576 3078 649 ἀρχὴν
3105 576 3168 630 τὸ
3200 573 3344 650 ἑξῆς,
3364 557 3504 634 ἄνθ’
3533 573 3598 634 οὗ
3626 583 3661 635 6

2078 663 2312 728 Ἀκύλας
2338 666 2494 738 φησὶ,
2531 684 2551 718 ι
2587 666 2698 721 Καὶ
2716 666 2969 738 βασιλεὺς
2988 669 3473 742 κεκραταιωμένος
3507 670 3659 736 ἐξου-

2067 757 2244 811 σιάσει
2266 758 2326 811 ὲν
2357 759 2572 822 αὐτοῖς’
2612 777 2632 810 ι
2664 760 2693 812 ὁ
2735 759 2794 812 δὲ
2821 758 3118 832 Σύμμαχος
3141 776 3158 791 ·
3193 778 3213 812 ι
3253 762 3367 816 Καὶ
3402 761 3663 832 βασιλεὺς

2071 849 2293 921 ἰσχυρὸς
2327 849 2635 914 ὲξουσιάσει
2673 850 2877 905 αὐτῶν.
2901 871 2921 904 ι
2947 850 3107 906 Οὕτω
3137 852 3203 925 δὴ
3236 852 3335 924 τὴν
3370 854 3665 925 Ῥωμαίων

2067 942 2309 1014 ἡγοῦμαι
2344 943 2643 1014 κεκλῆσθαι
2671 926 2970 1014 βασιλείαν,
3004 945 3094 1015 ὑφ’
3127 939 3217 1017 ἦς,
3246 943 3439 1017 ῶσπερ
3460 945 3668 1018 χαλινῷ

2067 1036 2162 1088 καὶ
2207 1035 2413 1107 δεσμῷ,
2481 1036 2914 1108 πεπεδημένους,
2967 1039 3029 1092 οὐ
3091 1038 3250 1109 μόνον
3274 1039 3405 1102 τοὺς
3442 1038 3667 1093 πάντων

2069 1128 2374 1200 ἀνθρώπων
2400 1129 2999 1201 δεισιδαιμονεστάτους
3029 1131 3545 1202 Αἰγυπτίους,ωὰ
3570 1134 3666 1186 καὶ

2066 1222 2193 1284 τοὺς
2225 1220 2447 1284 λοιποὺς
2471 1219 2682 1285 πάντας
2707 1220 3031 1294 ἀνθρώπους
3066 1221 3231 1294 μηδὲν
3251 1222 3518 1276 δύνασθαι
3548 1222 3669 1276 τολ-

2071 1314 2180 1384 μᾷν
2213 1312 2357 1367 κατὰ
2384 1313 2486 1385 τῆς
2518 1311 2613 1367 τοῦ
2644 1313 3070 1386 Σωτῆροςήμῶν
3104 1313 3435 1387 Ἐκκλησίας
3453 1314 3667 1385 δυσφη-

2070 1407 2214 1476 μεῖν.
2246 1405 2405 1459 Μετὰ
2418 1404 2592 1459 ταῦτα
2620 1406 3024 1479 προφητεύεται
3047 1406 3259 1470 τούτοις
3291 1405 3421 1478 ἑξῆς
3453 1422 3671 1460 σκοτει-

371 1513 582 1553 rorum.
614 1517 634 1551 ›
661 1497 740 1555 De
778 1498 848 1555 iis
888 1512 1023 1553 vero
1050 1497 1146 1568 qui
1186 1504 1362 1553 totum
1391 1497 1686 1568 imperium
1714 1496 1962 1562 obirent,

2112 1496 2264 1569 Stepd
2292 1515 2437 1565 τινα,
2473 1499 2568 1552 καὶ
2590 1497 2657 1551 δι’
2688 1498 3030 1570 αἰνιγμάτων
3053 1498 3399 1570 μακροτέρας
3429 1498 3533 1552 καὶ
3567 1498 3669 1569 βα-

370 1605 759 1661 supinumque
784 1589 879 1660 jus
921 1589 1270 1657 obtinerent,
1301 1589 1357 1643 id
1386 1589 1533 1660 quod
1565 1592 1835 1659 sequitur,
1866 1603 1965 1658 pro

2112 1590 2304 1663 J-répa;
2346 1590 2448 1662 τῆς
2499 1591 2644 1646 κατὰ
2681 1591 3039 1664 τροπολογίαν
3075 1591 3307 1663 δεόμενα
3338 1591 3677 1664 ἑρμηνείας,

370 1698 482 1755 quo
514 1684 711 1754 Aquila
738 1683 817 1738 ait
844 1704 858 1739 :
890 1702 912 1736 ι
943 1682 1012 1738 Et
1042 1698 1138 1738 rex
1168 1683 1567 1738 corroboratus
1589 1724 1604 1748 ,
1634 1690 1963 1752 potestatem

2140 1684 2204 1756 δὴ
2258 1685 2352 1738 ἐπὶ
2404 1684 2602 1755 σχολῆς
2657 1684 2799 1738 κατὰ
2829 1684 2922 1739 τὸν
2957 1685 3307 1757 προσήκοντα
3343 1684 3545 1756 καιρὸν
3567 1684 3674 1755 τῆς

371 1776 645 1833 obtinebit
695 1777 752 1831 in
807 1776 911 1833 eis.
950 1795 970 1829 ι
1000 1775 1368 1847 Symmachus
1420 1782 1645 1839 autem,
1693 1795 1713 1826 ι
1747 1774 1814 1828 Ει
1867 1789 1963 1829 rex

2113 1775 2453 1849 ροσηκούσης
2477 1777 2727 1842 τεύξεται
2756 1778 3088 1850 διηγήσεως,
3124 1778 3264 1834 ἐπὰν
3297 1778 3397 1832 σὺν
3418 1776 3546 1850 Θεῷ
3576 1777 3683 1832 τὸν

371 1872 532 1928 fortis
553 1873 647 1942 jus
675 1873 731 1928 in
763 1872 887 1928 illos
920 1873 1162 1929 habebit.
1196 1891 1213 1924 ι
1243 1872 1336 1927 Sic
1368 1879 1551 1927 autem
1582 1872 1699 1942 ipse
1729 1887 1957 1943 regnum

2112 1870 2197 1941 ep".
2216 1868 2326 1922 τῶν
2356 1870 2700 1939 ἐπαγγελιῶν
2734 1870 3105 1943 ἁποδώσωμεν
3132 1871 3311 1940 λόγον.

373 1967 745 2023 Romanorum
781 1968 1020 2023 arbitror
1078 1977 1334 2023 vocatum
1367 1984 1490 2024 esse
1513 2008 1528 2032 ,
1578 1983 1689 2038 quo
1724 1975 1986 2038 tanquam
2025 1966 2180 2021 freno
2233 1982 2297 2022 ac
2324 1966 2546 2021 vinculo
2577 1967 2858 2041 impediti,
2890 1985 3002 2023 non
3034 1970 3212 2024 solum
3243 1967 3485 2040 Egyptii
3549 1982 3677 2022 om-

372 2064 527 2119 nium
555 2063 838 2118 hominum
868 2063 1432 2133 superstitiosissimi,
1464 2062 1560 2119 sed
1590 2063 1792 2132 reliqui
1836 2078 2057 2132 quoque
2088 2063 2333 2117 universi
2394 2063 2683 2127 homines,
2745 2065 2885 2119 nihil
2938 2072 3173 2135 possunt
3222 2065 3335 2134 jam
3388 2063 3679 2120 audentve

375 2160 571 2207 contra
636 2153 942 2210 Salvatoris
979 2156 1159 2210 nostri
1211 2154 1515 2211 Ecclesiam
1550 2156 1849 2210 oblatrare.
1892 2156 2055 2227 300
2093 2154 2222 2211 Post
2266 2157 2418 2224 haec,
2464 2158 2519 2212 in
2567 2157 2758 2213 eadem
2807 2158 3094 2228 prophetia
3128 2158 3325 2213 ordine
3353 2165 3685 2228 sequuntur

375 2248 699 2304 obscuriora
765 2250 1050 2320 quaedam,
1116 2259 1171 2306 et
1223 2251 1388 2309 nodis
1438 2267 1504 2306 ac
1564 2250 1973 2307 diﬂicultatihus
2004 2252 2304 2323 implicita,
2339 2269 2463 2324 quae
2509 2253 2777 2325 longioris
2819 2263 2984 2325 atque
3022 2255 3269 2316 altioris.
3318 2255 3391 2310 ob
3435 2254 3683 2326 ﬁguram

376 2356 485 2409 qua
534 2341 821 2396 enuntiata
878 2352 1045 2407 sunt,
1105 2343 1577 2414 interpretationis
1627 2344 1943 2415 indigeant,
1980 2345 2185 2415 quibus
2262 2346 2489 2413 quidem
2554 2360 2658 2400 nos
2718 2362 2815 2416 per
2869 2348 3079 2411 otium,
3134 2362 3261 2402 cum
3307 2356 3531 2418 tempus
3575 2348 3681 2403 ad-

376 2436 514 2499 erit,
570 2444 752 2506 aptam
799 2439 1159 2509 expositionis
1195 2440 1372 2495 lucem
1416 2439 1676 2496 adhihere
1728 2456 1838 2495 non
1886 2443 2257 2512 gravabimur,
2300 2441 2393 2497 ubi
2444 2439 2554 2496 Deo
2609 2439 2825 2497 favente
2874 2441 3184 2497 divinarum
3237 2442 3681 2512 promissionum

379 2531 651 2585 rationem
680 2531 1100 2590 absolverimus.

960 2643 1193 2701 CAPUT
1234 2644 1380 2699 XXI.

383 2756 464 2811 Ab
512 2757 714 2814 eodem.
744 2788 814 2798 —
847 2757 1120 2812 Bonorum
1173 2759 1457 2826 promissio
1518 2756 1588 2811 ad
1639 2774 1794 2820 eam,
1820 2827 1823 2828 ν
1850 2774 1968 2828 qum

450 2829 604 2885 urina
635 2828 846 2899 deserta
875 2838 991 2882 erat
1017 2869 1032 2892 ,
1076 2844 1142 2881 ea:
1179 2828 1421 2899 gentibus
1463 2829 1740 2882 collectam
1784 2827 1969 2883 Eccle-

454 2901 591 2953 siam
610 2939 625 2963 ,
653 2910 701 2953 et
727 2898 797 2952 ad
824 2900 1045 2970 afﬂictas
1070 2910 1389 2969 vexatasque
1412 2899 1622 2952 animas
1650 2900 1969 2970 manifestas

451 2969 550 3024 Dei
596 2968 888 3032 adventus»,
926 2980 978 3023 et
1038 2968 1311 3025 salutares
1356 2970 1740 3024 miraculorum
1789 2968 1973 3039 prodi-

449 3043 759 3112 giorumque
780 3042 1178 3096 ostentationes.

462 3172 482 3206 ι
513 3152 761 3220 Laetare,
804 3152 1023 3208 deserta
1069 3152 1294 3216 sitiens,
1346 3151 1584 3207 exsultet
1628 3151 1879 3217 deserta,
1914 3157 1970 3207 et

386 3251 577 3305 ﬂoreat
607 3255 668 3302 ut
697 3248 870 3301 lilium
899 3266 912 3302 :
945 3253 1001 3302 et
1027 3245 1381 3309 elﬁcrebunt,
1407 3252 1463 3301 et
1484 3245 1842 3301 exsultabunt
1867 3244 1971 3299 de-

388 3350 535 3395 serta
584 3336 862 3393 Iordanis.
915 3335 984 3391 Et
1018 3337 1192 3407 gloria
1236 3336 1435 3392 Libani
1482 3336 1610 3393 data
1644 3344 1730 3393 est
1778 3336 1865 3400 ei,
1919 3343 1976 3392 et

388 3435 565 3487 honor
597 3429 834 3485 Carmeli
864 3446 880 3496 ;
916 3436 972 3484 et
1014 3429 1250 3501 populus
1294 3444 1452 3484 meus
1499 3428 1707 3484 videbit
1744 3429 1974 3501 gloriam

387 3526 637 3589 homini,
684 3530 742 3579 et
784 3521 1133 3578 altitudinem
1182 3521 1301 3578 Dei.
1354 3521 1736 3578 Convalescite
1777 3534 1978 3576 manus

390 3619 665 3681 remissae,
708 3623 765 3673 et
813 3630 991 3688 genua
1036 3614 1350 3670 dissoluta:
1393 3612 1758 3670 consolamini
1802 3611 1979 3682 pusil-

388 3711 621 3767 lanimes
660 3710 976 3776 intellectu,
1014 3707 1413 3771 convalescite,
1458 3720 1528 3761 ne
1570 3705 1789 3760 timete.
1835 3703 1979 3758 Ecce

390 3802 536 3858 Deus
570 3810 760 3857 noster
785 3800 1056 3871 judicium
1089 3798 1276 3854 reddit
1298 3838 1312 3862 ,
1348 3803 1404 3853 et
1438 3796 1672 3853 reddet:
1727 3795 1847 3865 ipse
1887 3809 1982 3850 νεα

391 3896 506 3952 niet
533 3935 549 3960 ,
596 3902 651 3950 et
700 3895 882 3951 salvos
917 3892 1078 3948 faciet
1111 3907 1235 3946 nos.
1270 3888 1429 3945 Tunc
1473 3889 1795 3961 aperientur
1831 3886 1976 3943 oculi

390 4001 701 4054 czccornm,
733 3994 789 4042 et
819 4000 983 4040 aures
1018 3983 1317 4040 surdorum
1354 3982 1581 4037 audient
1608 3996 1623 4032 :
1658 3988 1791 4034 tunc
1822 3978 1983 4035 saliet

402 4087 464 4136 ut
515 4096 749 4144 cervus,
797 4077 1066 4141 claudus,
1116 4083 1173 4132 et
1218 4077 1381 4146 plana
1424 4073 1530 4129 erit
1568 4072 1754 4143 lingua
1797 4079 1982 4126 muto-

397 4184 541 4225 rum.
574 4167 846 4235 Quoniam
874 4165 1057 4236 erupit
1087 4165 1145 4219 in
1173 4164 1398 4219 deserto
1428 4176 1570 4233 aqua
1591 4201 1607 4226 ,
1634 4171 1688 4217 et
1717 4159 1984 4216 convallis

396 4265 453 4322 in
484 4273 630 4320 terra
665 4260 876 4319 sitienti
906 4279 919 4314 :
951 4266 1006 4315 et
1037 4258 1141 4315 erit
1166 4273 1288 4329 qua:
1313 4264 1466 4312 caret
1493 4271 1637 4327 aqua
1668 4255 1726 4310 in
1756 4266 1979 4325 stagna,

393 4367 448 4413 et
501 4356 555 4411 in
587 4363 791 4410 terram
834 4353 1112 4408 sitientem
1173 4350 1298 4406 fons
1348 4364 1505 4420 aqua:
1552 4348 1657 4403 erit
1692 4349 1762 4403 “.
1808 4368 1827 4400 ι
1870 4346 1985 4402 Hoc

2589 2643 2989 2699 ΚΕΦΔΔΑΙΟΝ
3020 2645 3154 2699 KA'.

2083 2757 2362 2834 ’Agzdtoﬁ
2382 2760 2700 2834 αὐτοῦζ-
2721 2758 3010 2834 λζᾼγαθῶν
3041 2761 3369 2834 ἐπαγγελία
3414 2762 3494 2831 τῇ
3530 2765 3683 2834 πρὶν

2140 2830 2340 2899 ἐρήμῳ
2368 2831 2437 2894 ἐξ
2485 2829 2677 2884 ἐθνῶν
2720 2829 3068 2898 Ἐκκλησία,
3103 2829 3211 2885 καί
3237 2832 3369 2899 ταῖς
3417 2829 3683 2890 xercitu-

2140 2900 2352 2975 yéwjarc
2378 2900 2922 2975 ψυχαῖςιέμξςᾳνὴς
2952 2902 3100 2958 Θεοῦ
3131 2904 3457 2972 παρουσία,
3485 2906 3685 2975 σωτή-

2136 2972 2259 3039 ριοι
2287 2988 2349 3024 τε·
2375 2971 2868 3041 παραδοξοποίαι.

2154 3167 2172 3200 ι
2215 3147 2590 3220 Εὐφράνθητι,
2632 3147 2838 3220 ἔρημος
2876 3146 3110 3218 διψῶσα,
3159 3148 3512 3218 ἁγαλλιάσθω
3549 3149 3684 3223 ἐρη-

2079 3259 2200 3313 μος,
2265 3241 2359 3295 καὶ
2415 3240 2648 3295 ἀνθείτω
2679 3240 2757 3305 ὡς
2799 3240 3015 3314 κρίνον·
3076 3242 3173 3296 καὶ
3231 3241 3523 3314 ἐξανθήσει
3587 3244 3683 3297 καὶ

2076 3334 2470 3403 ἀγαλλιάσεται
2511 3332 2579 3387 τὰ
2617 3332 2803 3405 ἔρημα
2860 3333 2956 3387 τοῦ
3003 3333 3302 3406 Ἱορδάνου.·
3342 3335 3455 3388 Καὶ
3480 3337 3518 3406 ἡ
3554 3335 3686 3399 δόξα

2076 3424 2172 3479 τοῦ
2197 3425 2434 3480 Λιϐάνου
2461 3424 2619 3495 ἐδόθη
2647 3425 2811 3496 αὐτῇ,
2849 3423 2944 3478 καὶ⁸
2974 3427 3008 3498 ἡ
3052 3426 3189 3498 τιμὴ
3219 3426 3316 3481 τοῦ
3348 3426 3684 3499 Καρμήλου,

2079 3518 2175 3571 καὶ
2225 3519 2254 3571 6
2310 3516 2437 3581 λαός
2492 3534 2595 3588 μου
2636 3516 2826 3587 ὄψεται
2874 3517 2975 3591 τὴν
3022 3518 3179 3587 δόξαν
3219 3519 3455 3591 Κυρίου,
3488 3520 3592 3574 καὶ
3622 3520 3689 3573 τὸ

2082 3610 2217 3681 ὕψος
2268 3610 2363 3664 τοῦ
2422 3610 2582 3666 Θεοῦ.
2629 3611 2936 3683 Ἰσχύσατε,
2992 3616 3176 3686 χεῖρες
3235 3615 3547 3686 ἀνειμέναι,
3586 3615 3685 3669 καὶ

2079 3703 2286 3774 γόνατα
2313 3705 2591 3778 παραλελυ
2600 3707 2736 3778 μένα
2790 3708 3242 3779 παρακαλέσατεο
3277 3709 3328 3761 οί
3360 3708 3687 3779 ὀλιγόψυχοι

2080 3794 2396 3867 τῇδιανοίᾳ,
2454 3795 2730 3866 ἰσχύσατε,
2795 3796 2870 3870 μὴ
2919 3797 3196 3867 φοϐεῖσθε.
3294 3798 3424 3853 Ἰδοὺ
3473 3801 3505 3852 6
3548 3799 3691 3865 Θεὸς

2082 3888 2239 3959 ἡμῶν
2264 3888 2448 3960 κρίσιν
2497 3889 2915 3966 άνταποδίδωσι,
2949 3890 3046 3944 καὶ
3076 3889 3453 3944 ὰνταποδὼσει
3476 3908 3491 3922 ·
3516 3893 3691 3956 αὐτὸς

2081 3980 2226 4052 ἥξει,
2254 3981 2350 4035 καὶ
2387 3981 2552 4034 σώσει
2578 3983 2768 4053 ἡμᾶς,
2796 3983 2937 4035 Τότε
2972 3982 3384 4055 ἀναχθήσονται
3406 3983 3693 4058 ὀφθαλμοὶ

2083 4071 2324 4142 τυφλῶν,
2379 4072 2475 4126 καὶ
2508 4067 2624 4126 ὦτα
2672 4073 3029 4129 ἀκούσονται·
3062 4076 3181 4128 τότε
3213 4077 3427 4130 άλεῖται
3458 4077 3539 4140 ὡς
3562 4078 3693 4133 ἕλα-

2087 4181 2187 4234 φος
2231 4165 2261 4217 6
2322 4163 2518 4235 χωλὸς,
2563 4164 2658 4217 καὶ
2699 4164 2869 4236 τρανὴ
2906 4164 3058 4218 ἔσται
3089 4165 3313 4234 γλῶσσα
3348 4167 3690 4237 μογιλάὶων.

2090 4254 2212 4308 Ὅτι
2244 4253 2458 4326 ἐρράγη
2490 4256 2549 4307 ὲν
2592 4255 2659 4325 τῇ
2690 4254 2882 4326 ἐρήμῳ
2920 4253 3087 4325 ὕδωρ,
3128 4256 3220 4309 καὶ
3264 4255 3486 4328 φάραγξ
3520 4258 3587 4310 ἐν
3620 4261 3691 4330 γῇ

2091 4345 2302 4420 διψώσῃ
2325 4363 2338 4377 ·
2401 4346 2497 4400 καὶ
2544 4346 2698 4399 ἔσται
2749 4348 2784 4418 ἡ
2815 4346 3043 4417 ἄνυδρος
3078 4347 3160 4409 είς
3200 4346 3319 4417 ἕλη,
3341 4347 3439 4401 καὶ
3469 4351 3554 4412 είς
3588 4352 3694 4420 τὴν

394 4448 561 4505 etiam
591 4448 650 4503 in
681 4447 805 4502 loco
833 4445 1013 4516 palam
1049 4441 1312 4500 salutaris
1359 4439 1455 4497 Dei
1508 4439 1726 4495 canitur
1773 4439 1980 4494 adven-

2112 4438 2328 4507 ῖιψῶσαν
2373 4439 2479 4511 γῆν
2509 4437 2661 4510 πηγὴ
2701 4437 2897 4502 ὓδατος
2928 4438 3104 4493 ἔσται.
3154 4458 3173 4492 ι
3207 4438 3510 4494 Κάνταῦθα
3535 4440 3695 4513 διαρ-

399 4549 525 4610 tus,
576 4540 669 4611 qui
716 4539 889 4594 multa
930 4539 1075 4593 bona
1122 4538 1194 4592 sit
1239 4534 1547 4602 allaturus;
1595 4531 1783 4590 surdis
1829 4531 1980 4587 enim

398 4633 690 4697 auditum,
738 4640 795 4687 et
852 4630 1013 4686 caecis
1079 4628 1258 4685 visum
1285 4668 1301 4693 ,
1352 4635 1616 4699 praeterea
1662 4623 1874 4680 claudis
1932 4630 1988 4677 et

404 4730 644 4798 linguam
690 4723 1012 4795 impeditam
1055 4720 1425 4786 habentibus,
1472 4718 1742 4774 medelam
1785 4715 1988 4788 praedi-

402 4822 548 4875 citur
578 4818 893 4873 redditurus
923 4834 936 4869 :
973 4829 1095 4885 quae
1123 4813 1312 4867 omnia
1342 4826 1453 4866 non
1488 4809 1626 4864 alias
1660 4807 1870 4865 exitum
1901 4807 1989 4861 in-

400 4916 718 4973 venerunt,
776 4905 883 4960 nisi
934 4914 1227 4976 postquam
1281 4901 1534 4957 Salvator
1584 4910 1774 4956 noster
1821 4897 1986 4955 Jesus

402 5001 660 5058 Christus
701 4999 956 5063 advenit,
1004 5011 1035 5050 a
1080 5011 1191 5068 quo
1234 5002 1290 5052 et
1330 5008 1604 5050 caecorum
1637 4991 1784 5048 oculi
1815 4991 1987 5061 aperti

405 5100 576 5158 sunt,
609 5101 664 5148 et
695 5089 848 5147 surdi
884 5089 1130 5145 auditum
1160 5093 1524 5159 receperunt;
1558 5086 1691 5156 quid
1732 5099 1864 5140 vero
1895 5083 1984 5140 di-

413 5199 538 5240 cere
565 5199 705 5256 opus
735 5189 821 5239 est
839 5223 854 5248 ,
885 5197 1051 5253 quam
1082 5180 1240 5236 multi
1270 5194 1369 5251 per
1398 5178 1547 5234 illius
1575 5177 1907 5249 discipulos,
1937 5181 1994 5232 et

413 5278 593 5335 soluta
626 5276 874 5334 membra
905 5275 1207 5339 habentes,
1234 5279 1289 5329 et
1318 5272 1457 5326 muti
1488 5280 1545 5326 et
1574 5270 1796 5337 claudi,
1828 5276 1994 5323 natu-

407 5372 554 5428 rales
602 5370 918 5425 sanationes
965 5364 1460 5438 recuperaverint?
1510 5363 1668 5434 301
1718 5375 1995 5434 quamque

413 5462 507 5517 alii
536 5461 970 5517 innumerabiles
990 5501 1005 5526 ,
1028 5459 1125 5531 qui
1148 5459 1321 5513 variis
1349 5456 1741 5528 aegritudinum
1770 5455 1995 5524 languo-

2090 4531 2260 4604 ρήδην
2289 4530 2426 4585 Θεοῦ
2451 4530 2633 4602 ἄφιξις
2661 4529 2976 4595 θεσπίζεται
3011 4534 3298 4605 σωτήριος,
3334 4532 3431 4586 καὶ
3471 4531 3694 4587 πολλῶν

2087 4623 2308 4693 ἀγαθῶν
2341 4623 2520 4678 αἰτία·
2553 4627 2760 4695 κωφοῖς
2799 4623 2931 4694 γοῦν
2973 4624 3137 4689 ἴασις,
3168 4625 3264 4678 καὶ
3294 4624 3521 4694 τυφλοῖς
3551 4626 3692 4681 ἀνά-

2089 4715 2300 4786 6λεψις,
2325 4715 2554 4790 προσέτι
2584 4734 2643 4770 τε
2670 4717 2864 4789 χωλοῖς
2897 4719 2994 4772 καὶ
3035 4716 3133 4789 τὴν
3157 4716 3407 4786 γλῶτταν
3437 4718 3691 4773 συνδεδε-

2093 4808 2278 4881 μένοις
2302 4809 2571 4881 θεραπεία
2593 4808 2813 4863 ἐσεσθαι
2841 4808 3242 4883 προφητεύεται
3266 4826 3281 4840 ’
3310 4810 3347 4865 ἃ
3377 4811 3476 4864 καὶ
3499 4810 3691 4874 τέλους

2091 4901 2280 4974 ἔτυχεν
2307 4902 2407 4956 οὐκ
2430 4903 2659 4974 ἄλλωςῆ
2685 4902 2774 4957 διὰ
2792 4905 2892 4974 τῆς
2910 4902 3004 4957 τοῦ
3034 4903 3289 4976 Σωτῆρος
3309 4902 3472 4975 ἡμῶν
3515 4904 3689 4977 Ἰησοῦ

2092 4997 2329 5066 Χριστοῦ
2360 4996 2680 5067 παρουσίας,
2697 4998 2786 5066 ὑφ’
2803 4990 2865 5050 οῦ
2896 4996 2992 5051 καὶ
3008 4990 3225 5065 τυφλῶν
3252 4995 3617 5069 ἀνεῴχθησαν
3642 4999 3689 5051 oi

2094 5086 2382 5160 ὀφθαλμοὶ,
2401 5089 2496 5142 καί⁵
2520 5089 2698 5158 κωφοὶ
2722 5088 2821 5162 τὴν
2843 5089 3012 5161 ἀκοὴν
3026 5090 3383 5161 ἁπειλήφασι.
3409 5089 3477 5143 Τί
3501 5088 3587 5143 δεῖ
3603 5089 3689 5142 λέ-

2097 5196 2237 5250 γειν,
2253 5182 2478 5235 ὅσοικαὶ
2497 5182 2586 5237 διὰ
2597 5181 2706 5236 τῶν
2732 5181 2898 5236 αὐτοῦ
2927 5183 3186 5256 μαθητῶν
3209 5183 3563 5255 παρειμένοι,
3596 5184 3684 5236 καὶ

2099 5273 2296 5344 κωφοὶ,
2315 5275 2410 5328 καὶ
2424 5273 2589 5345 χωλοὶ
2604 5274 2704 5339 τὰς
2726 5274 2868 5329 κατὰ
2885 5275 3046 5344 φύσιν
3062 5275 3249 5346 βάσεις
3273 5276 3683 5348 ἀπελάμϐανονς

2097 5364 2247 5420 ἄλλοι
2271 5381 2333 5417 τε
2391 5365 2573 5438 μυρίοι
2606 5365 2878 5430 ποικίλαις
2933 5368 3108 5431 νόσοις
3137 5367 3232 5421 καὶ
3262 5367 3567 5437 μαλακίαις
3599 5384 3684 5421 τι-

2098 5457 2437 5529 τρυχωμένοι
2461 5457 2564 5527 τῆς
2597 5459 2727 5530 παρ’
2751 5458 2915 5512 αὐτοῦ
2944 5458 3244 5531 θεραπείας
3280 5478 3341 5513 τε
3372 5462 3469 5516 καὶ
3519 5475 3684 5531 σοπη-

416 5571 650 5627 rumque
678 5554 974 5627 generibus
1002 5558 1356 5617 vexarentur,
1397 5550 1465 5607 ab
1494 5549 1590 5605 illo
1619 5547 1980 5632 etcurationt

2112 5549 2225 5623 ρίας
2254 5548 2522 5621 ἠξιοῦντο,
2558 5551 2700 5606 κατά
2742 5568 2802 5604 τε
2844 5550 2942 5623 τὴν
2982 5551 3161 5606 ἔνθεον
3208 5554 3309 5623 τῆς
3354 5553 3686 5626 προφητείαις

493 5738 536 5770 ⁸⁸
560 5734 663 5793 lsa.
696 5751 859 5801 xxxv,
888 5733 1003 5789 1-7.
