3828 6220
145 302 213 354 77
1027 297 1686 357 DEMONSTRATIONIS
1723 292 2183 352 EVANCELICIE
2221 290 2352 346 LIB.
2395 289 2487 347 VI.

3261 286 3370 340 478

106 418 435 490 πρόρρησιν,
471 418 566 473 καὶ
606 419 747 474 κατὰ
795 419 894 492 τὴν
930 420 1336 495 ἀψευδεστάτην
1376 424 1486 476 τῶν
1529 422 1689 493 ἱερῶν

1805 426 1846 474 at
1873 419 2048 473 salute
2091 415 2243 487 digni
2283 411 2548 484 judicati,
2592 416 2891 479 utrumque
2933 406 3214 469 consecuti
3254 408 3369 462 sint

108 512 458 582 Εύαγγελίων
493 514 822 589 μαρτυρίαν.
857 517 1102 588 Ἔρημον
1128 516 1185 570 δέ
1218 518 1277 570 ἐν
1306 516 1514 579 τούτοις
1541 518 1570 569 6
1600 515 1691 568 λό-

104 624 226 674 γος,
264 606 563 662 αἰνίττεται
606 608 705 679 τὴν
733 606 793 673 ἐξ
838 607 1009 662 ἐθνῶν
1043 608 1388 679 Ἐκκλησίαν,
1417 608 1484 679 ἢν
1526 608 1692 661 πάλαι

103 698 247 753 Θεοῦ
270 699 475 772 ἔρημον
508 693 674 755 οὖσαν
699 699 790 754 διὰ
817 699 926 753 τῶν
954 702 1013 754 ἐν
1044 700 1235 773 χερσὶν
1262 699 1688 769 εὐαγγελίζεται.

103 793 218 847 Καὶ
248 792 423 848 ταῦτα
442 793 499 846 δὲ
522 792 659 866 πρὸς
686 794 796 855 τοῖς
820 791 1000 855 ἄλλοις
1042 793 1109 863 τῇ
1141 792 1335 863 ἐρήμῳ
1360 792 1524 863 φησὶν
1554 792 1583 844 6
1608 790 1694 843 λό-

103 901 226 954 γος,
272 883 597 957 δοθήσεσθαι
627 884 728 955 τὴν
763 884 919 951 δόξαν
955 882 1050 936 τοῦ
1084 883 1338 937 Λιϐάνου.
1380 882 1607 936 Λίϐανον
1635 882 1692 935 δέ

104 974 204 1045 τὴν
247 973 608 1046 Ἰερουσαλὴμ
634 970 1009 1044 ἀλληγορικῶς
1042 970 1268 1041 σύνηθές
1296 971 1444 1023 ἐστιν
1476 971 1690 1023 ἀποκα-

104 1066 239 1125 λεῖν.
275 1067 354 1129 ὡς
384 1065 477 1119 ἐπὶ
512 1065 705 1136 καιροῦ
747 1064 836 1117 διὰ
860 1062 970 1117 τῶν
998 1063 1109 1116 ἀπὸ
1148 1063 1247 1132 τῆς
1293 1060 1443 1124 θείας
1470 1060 1694 1132 Γραφῆς

103 1157 434 1225 ἀποδείξεων
471 1157 914 1229 παραστήσομεν.
956 1156 1046 1208 Ἐν
1084 1154 1148 1227 δὴ
1184 1149 1277 1208 οῦν
1313 1157 1379 1225 τῇ
1420 1152 1512 1206 τοῦ
1560 1151 1692 1206 Θεοῦ

104 1249 186 1309 είς
216 1244 543 1317 ἀνθρώπους
581 1244 870 1316 παρουσία,
894 1246 959 1315 τῇ
994 1242 1293 1316 δηλωθείσῃ
1317 1244 1528 1314 ἐρήμῳ,
1551 1241 1696 1310 λέγω

102 1340 166 1409 δὴ
199 1342 270 1411 τῇ
314 1337 377 1405 ἐξ
419 1337 589 1391 ἐθνῶν
633 1336 951 1408 Ἐκκλησία,
982 1336 1079 1407 τὴν
1123 1334 1282 1401 δόξαν
1321 1334 1415 1388 τοῦ
1460 1333 1693 1388 Λιϐάνου

102 1430 428 1502 δοθήσεσθαι
460 1432 494 1501 ή
524 1428 859 1500 προκειμένη
904 1426 1144 1481 διδάσκει
1189 1426 1512 1499 πρόρρησις.
1553 1424 1696 1476 Ἀντὶ

101 1526 160 1579 δὲ
182 1523 300 1589 τοῦ,
337 1541 359 1575 ι
387 1523 483 1576 καὶ
511 1523 547 1593 ἠ
578 1520 713 1593 τιμὴ
741 1519 836 1574 τοῦ
856 1520 1175 1591 Καρμήλου,
1209 1538 1228 1571 ι
1264 1521 1294 1571 6
1326 1518 1425 1590 μὲν
1467 1515 1695 1579 Ἀκύλας

102 1616 238 1686 φησί
262 1633 276 1645 ·
319 1633 340 1667 ι
385 1613 726 1685 Διαπρέπεια
756 1612 851 1666 τοῦ
883 1611 1186 1684 Καρμήλου
1230 1611 1325 1665 καὶ
1356 1608 1452 1663 τοῦ
1483 1607 1694 1680 Σαρὼν,

99 1708 260 1762 αὐτοὶ
288 1705 509 1774 δψονται
538 1702 698 1769 δόξαν
728 1703 936 1775 Κυρίου
957 1719 971 1733 ’
1004 1721 1024 1753 ι
1063 1703 1093 1754 6
1121 1702 1178 1754 δὲ
1208 1699 1535 1771 Σύμμαχος⁸
1572 1699 1700 1752 «Εὐ-

104 1799 355 1871 πρέπεια
378 1796 472 1850 τοῦ
496 1795 796 1868 Καρμήλου
824 1797 919 1849 καὶ
939 1794 1033 1848 τοῦ
1063 1794 1267 1856 πεδίου,
1296 1793 1449 1848 αὐτοὶ
1474 1792 1694 1862 ὄψονται
1728 1776 1768 1830 Β

96 1891 199 1960 τὴν
226 1887 390 1954 δόξαν
420 1886 649 1958 Κυρίου.
672 1906 691 1937 ι
721 1886 831 1941 Καὶ
860 1888 890 1939 6
916 1885 1207 1939 Θεοδοτίων
1234 1885 1311 1948 δὲ,
1329 1900 1353 1937 ι
1389 1883 1688 1956 Ὡραιότης,

97 1980 259 2052 φησι,
289 1977 385 2032 τοῦ
428 1977 729 2049 Καρμήλου
764 1978 859 2031 καὶ
897 1976 990 2029 τοῦ
1035 1975 1245 2047 Σαρὼν,
1275 1975 1430 2028 αὐτοὶ
1471 1973 1690 2044 ὄψονται

95 2079 198 2149 τὴν
230 2079 392 2146 δόξαν
414 2079 621 2151 Κυρίου
646 2096 662 2111 ο
693 2099 713 2131 ι
745 2079 812 2134 δι’
845 2071 920 2132 ὧν
943 2076 1275 2132 αἰνίττεσθαι
1301 2074 1545 2147 ἡγοῦμαι
1588 2073 1688 2146 τὴν

97 2169 441 2241 προφητείαν
472 2170 534 2222 οὐ
566 2169 666 2240 τὴν
706 2168 1078 2242 Ἰερουσαλὴμ,
1119 2168 1241 2221 ούδέ
1266 2166 1366 2240 τὴν
1411 2165 1688 2230 Ἰουδαίαν,

98 2260 241 2314 ἀλλὰ
262 2261 362 2331 τὴν
384 2260 494 2314 τῶν
526 2261 697 2319 ἐθνῶν
722 2261 906 2332 χώραν
938 2258 1443 2331 καταξιωθήσεσθαι
1470 2259 1569 2330 τῆς
1606 2260 1694 2312 ἐν·

97 2354 228 2407 θέου
250 2352 526 2421 γνώσεως.
575 2354 633 2406 '0
659 2352 790 2420 γοῦν
826 2351 1152 2424 Κάρμηλος,
1179 2351 1274 2404 καὶ
1300 2351 1330 2403 6
1359 2348 1692 2419 καλούμενος

97 2443 295 2517 Σαρὼν
336 2445 492 2497 τόποι
522 2443 633 2496 τῶν
683 2443 993 2514 ἀλλοφύλων
1022 2444 1266 2515 ὑπῆρχον
1288 2442 1477 2497 ἐθνῶν.
1505 2440 1692 2496 Ταῦτα

103 2539 207 2607 μὲν
232 2532 327 2589 οὖν
367 2536 504 2605 πρὸς
531 2536 677 2599 λέξιν
697 2553 710 2566 ·
753 2536 850 2589 καὶ
876 2535 1017 2588 κατὰ
1046 2534 1285 2589 διάνοιαν
1308 2533 1367 2587 δέ
1395 2532 1560 2587 εἰσέτι
1593 2533 1691 2604 σή-

97 2648 271 2702 μερον
294 2633 343 2683 οί
374 2631 503 2700 πρὶν
530 2629 630 2695 τὰς
662 2628 842 2699 ψυχὰς
872 2628 1285 2699 πεπηρωμένοι,
1316 2627 1393 2691 ὡς
1422 2624 1575 2691 ξύλα,
1597 2625 1693 2678 καὶ

95 2723 306 2786 λίθους,
354 2722 451 2775 καὶ
489 2722 587 2793 τὴν
631 2720 827 2791 λοιπὴν
875 2719 1082 2791 ἄψυχον
1130 2718 1285 2790 ὕλην,
1326 2716 1585 2789 δαίμονάς
1629 2733 1692 2769 τε

94 2813 441 2884 περιγείους,
492 2811 586 2865 καὶ
634 2811 921 2880 πνεύματα
976 2808 1208 2881 πονηρὰ,
1255 2809 1377 2862 ἀντὶ
1419 2806 1513 2861 τοῦ
1556 2804 1692 2860 Θεοῦ

91 2904 210 2957 τῶν
236 2904 378 2956 ὅλων
405 2905 751 2973 προσκυνεῖν,
781 2903 834 2955 οἶ
858 2918 917 2954 τε
946 2899 1016 2953 τὰ
1049 2894 1164 2953 ὦτα
1188 2898 1291 2968 τῆς
1323 2898 1560 2961 διανοίας
1602 2914 1695 2949 κε-

91 2995 453 3066 κωφωμένοι,
474 2996 568 3048 καὶ
593 2994 908 3058 σκάζοντες,
930 2993 1023 3046 κάι
1050 2989 1369 3061 παρειμένοι
1395 2989 1486 3042 τὸν
1514 2988 1693 3042 πάντα

92 3088 315 3144 ἑαυτῶν
342 3087 478 3157 βίον,
510 3086 715 3139 τούτων
750 3085 1006 3139 ἁπάντων
1036 3081 1129 3135 καὶ
1160 3080 1269 3133 τῶν
1302 3079 1477 3134 ἄλλων
1505 3079 1693 3133 παθῶν

1793 511 2000 566 bonum
2020 548 2035 571 ,
2081 508 2171 561 cui
2210 505 2290 561 rei
2331 511 2384 559 et
2417 501 2605 558 divina
2634 499 2934 571 prOpbetia:
2969 497 3278 567 praedictio,
3309 505 3364 549 et

1793 602 1862 656 ab
1892 597 2041 654 omni
2081 594 2366 651 mendacio
2409 591 2811 649 alienissimum
2861 602 3146 644 sacrorum
3181 583 3367 641 Evan-

1793 693 2060 764 geliorum
2108 686 2520 750 testimonium,
2571 682 2936 738 indubitatam
2993 680 3156 735 ﬁdem
3212 677 3362 732 facit.

1794 784 2077 840 Desertam
2127 793 2256 835 vero
2300 776 2357 831 in
2408 775 2495 830 bis
2539 773 2725 829 verbis
2769 771 3055 826 oraculum
3098 767 3371 838 significat

1792 890 1912 930 eam
1942 887 2063 943 quae
2090 871 2158 925 de
2187 867 2446 938 gentibus
2475 865 2708 920 collecta
2735 873 2851 926 est,
2880 861 3183 916 Ecclesiam
3203 900 3218 923 ,
3247 871 3370 929 quae

1794 982 1919 1021 cum
1950 975 2105 1018 antea
2135 962 2254 1018 sine
2281 960 2393 1015 Deo
2419 967 2566 1013 esset
2592 997 2607 1021 ,
2639 973 2737 1027 per
2763 971 2859 1012 eos
2892 956 2960 1011 de
2990 955 3193 1024 quibus
3221 965 3370 1006 nunc

1795 1058 1994 1129 agitur,
2024 1056 2377 1125 Evangelium
2420 1050 2641 1120 accipit.
2684 1047 2957 1104 Praeterea
2997 1047 3139 1102 idem
3175 1059 3373 1100 oracu-

1796 1152 1907 1204 lum
1950 1150 2060 1213 ait,
2102 1148 2232 1202 huic
2272 1145 2505 1201 desertaa
2545 1143 2783 1199 dandam
2830 1155 2962 1196 esse
3007 1139 3238 1213 gloriam
3278 1135 3371 1190 Li-

1794 1242 1943 1298 bani.
1973 1240 2242 1295 Libanum
2281 1248 2463 1293 autem
2493 1236 2724 1306 ﬁgurate
2766 1231 3074 1289 Jerusalem
3102 1226 3370 1301 appellari

1794 1339 2118 1390 consuetum
2156 1337 2243 1387 est
2261 1368 2279 1396 ,
2324 1330 2470 1385 sicut
2501 1342 2602 1384 suo
2628 1334 2873 1396 tempore
2896 1339 2993 1395 per
3017 1336 3113 1378 eas
3138 1321 3370 1377 demon-

1796 1425 2126 1486 strationes,
2181 1436 2320 1492 quas
2364 1420 2433 1476 de
2481 1418 2672 1475 divina
2716 1416 3004 1486 Scriptura
3050 1412 3372 1478 conﬁciam,

1796 1517 2127 1589 probaturus
2166 1529 2330 1570 sum:
2371 1512 2556 1582 itaque
2593 1510 2651 1565 in
2686 1509 2860 1580 ipsius
2894 1506 2989 1562 Dei
3028 1504 3098 1560 ad
3123 1503 3376 1560 homines

1798 1610 2033 1664 adventu
2056 1649 2072 1669 .
2117 1607 2197 1661 illi
2241 1605 2507 1667 deserta,
2556 1602 2626 1658 de
2655 1615 2766 1672 qua
2794 1599 3004 1655 dictum
3037 1602 3151 1660 est,
3184 1593 3376 1649 Eccle-

1799 1703 1927 1770 siae,
1971 1703 2232 1771 inquam,
2269 1714 2392 1770 qua:
2421 1697 2491 1753 de
2517 1694 2773 1767 gentibus
2814 1692 3045 1747 collecta
3089 1696 3206 1755 est,
3254 1686 3377 1757 glo-

1796 1796 1933 1849 riam
1965 1792 2157 1849 Libani
2187 1790 2422 1846 dandam
2453 1802 2578 1843 esse
2600 1828 2616 1853 ,
2657 1782 3007 1856 propositum
3047 1780 3211 1835 docet
3249 1791 3377 1834 ora-

1795 1883 2000 1938 culum.
2032 1879 2142 1935 Pro
2167 1895 2233 1935 eo
2264 1885 2446 1933 autem
2483 1875 2632 1946 quod
2663 1874 2871 1930 dictum
2907 1881 3029 1934 est,
3062 1888 3081 1921 ι
3115 1877 3171 1925 et
3199 1869 3377 1924 honor

1794 1970 2067 2033 Carmeli,
2098 1988 2117 2021 ι
2160 1966 2358 2038 Aquila
2417 1963 2639 2035 quidem
2694 1960 3005 2022 convertit,
3052 1977 3071 2010 ι
3106 1956 3376 2027 Splendor

1794 2060 2033 2117 Carmeli
2063 2067 2119 2115 et
2152 2056 2361 2121 Saron,
2394 2055 2499 2126 ipsi
2528 2053 2792 2109 videbunt
2820 2050 3049 2121 gloriam
3081 2047 3317 2102 Domini.
3350 2066 3370 2100 ι

1798 2154 2158 2228 Symmachus
2181 2166 2344 2215 vero,
2374 2169 2393 2201 ι
2425 2148 2599 2202 Decor
2636 2145 2871 2202 Carmeli
2912 2154 2966 2199 et
3019 2140 3233 2211 campi,
3269 2138 3378 2210 ipsi

1797 2247 2064 2304 videbunt
2114 2244 2348 2316 gloriam
2406 2240 2646 2295 Domini.
2687 2256 2706 2289 ι
2743 2234 3088 2291 Theodotion
3142 2239 3373 2286 autem:

1802 2358 1822 2391 ι
1854 2337 2116 2409 Species,
2148 2334 2368 2405 inquit,
2409 2329 2650 2386 Carmeli
2697 2334 2754 2382 et
2808 2325 3020 2386 Saron,
3067 2318 3172 2390 ipsi
3224 2317 3371 2373 vide-

1796 2429 1935 2484 bunt
1974 2427 2203 2498 gloriam
2251 2421 2494 2478 Domini.
2527 2439 2547 2474 ι
2577 2418 2792 2485 Quibus
2831 2414 3021 2471 verbis
3062 2411 3380 2484 signiﬁcare

1797 2519 2035 2574 arbitror
2064 2515 2410 2588 prophetiam
2433 2553 2447 2575 ,
2481 2527 2592 2567 non
2634 2510 2812 2580 ipsam
2852 2505 3158 2563 Jerusalem
3199 2518 3378 2574 neque

1796 2610 2039 2666 Iudaeam
2062 2650 2078 2674 ,
2110 2607 2206 2663 sed
2236 2608 2482 2676 ipsarum
2508 2601 2754 2673 gentium
2784 2608 2985 2654 terram
3010 2637 3025 2661 ,
3059 2596 3147 2650 cui
3190 2596 3376 2650 divina

1797 2703 2036 2773 cognitio
2061 2696 2372 2755 exhibenda
2406 2696 2498 2751 sit.
2533 2692 2824 2749 Carmelus
2852 2690 2998 2745 enim
3024 2728 3040 2752 ,
3069 2696 3125 2743 et
3153 2687 3249 2756 qui
3279 2702 3377 2740 νο·-

1797 2803 1957 2850 catur
2004 2791 2215 2855 Saron,
2263 2796 2617 2843 externarum
2665 2782 2909 2854 gentium
2939 2780 3057 2834 loca
3087 2786 3268 2833 erant.
3304 2775 3372 2829 Et

1794 2888 1911 2943 haec
1961 2885 2182 2957 quidem
2231 2882 2297 2936 ad
2350 2879 2624 2941 verbum,
2659 2876 2727 2930 ad
2759 2887 2983 2931 sensum
3027 2886 3159 2926 vero
3204 2871 3376 2924 inter-

1797 2976 2187 3049 pretantibus,
2239 2969 2536 3028 dicendum
2587 2968 2734 3030 erit,
2784 2965 2929 3036 quod
2985 2963 3022 3017 ii
3075 2961 3167 3032 qui
3221 2961 3376 3031 prius

1801 3069 2001 3125 animis
2026 3066 2283 3122 excaecati
2313 3068 2471 3118 erant
2493 3099 2509 3124 ,
2548 3059 2685 3114 adeo
2716 3064 2777 3112 ut
2816 3057 2961 3126 ligna
3004 3062 3058 3109 et
3093 3052 3300 3123 lapides
3323 3059 3380 3106 et

92 3199 157 3233 τε
185 3180 286 3234 καὶ
313 3144 767 3252 έῤῥωσστημάτων
790 3176 877 3230 διὰ
898 3176 998 3245 τῆς
1023 3173 1118 3227 τοῦ
1144 3172 1393 3244 Σωτῆρος
1419 3170 1573 3242 ἡμῶν
1598 3173 1694 3243 Ἰη-

1805 3161 2063 3231 reliquam
2098 3157 2294 3212 animae
2347 3161 2626 3224 expertem
2660 3150 2941 3204 materiam
2969 3187 2984 3211 ,
3019 3160 3234 3201 necnon
3268 3144 3378 3199 dae-

96 3272 200 3326 σοῦ
233 3270 476 3342 Χριστοῦ
507 3268 855 3331 διδασκαλίας
887 3266 1056 3320 εἰσέτι
1085 3266 1180 3319 καὶ
1206 3262 1300 3319 νῦν
1329 3262 1698 3318 ἀπαλλάττον-

92 3381 220 3426 ται,
252 3362 390 3416 πολὺ
417 3361 725 3433 κρείττονος
753 3358 788 3428 ἢ
825 3355 967 3410 κατὰ
994 3354 1152 3425 σῶμα
1185 3353 1380 3416 ἰάσεως
1424 3352 1517 3406 καὶ
1553 3352 1698 3421 ὠφε-

90 3456 258 3520 13‘4;
304 3454 636 3525 ἀξιούμενοι,
676 3451 774 3505 καὶ
806 3450 909 3519 τῆς
947 3449 1028 3511 εἰς
1065 3443 1385 3515 ἀνθρώπους
1423 3442 1518 3497 τοῦ
1557 3442 1692 3497 Θεοῦ

95 3548 283 3615 Λόγου
314 3545 612 3618 παρουσίας
641 3541 845 3613 ἐναργῆ
883 3540 981 3610 τὴν
1016 3537 1166 3591 θείαν
1191 3537 1285 3590 καὶ
1313 3536 1454 3608 ὑπὲρ
1478 3534 1691 3607 ἄνθρω-

94 3659 206 3694 πον
231 3639 465 3708 δύναμιν
489 3632 940 3704 ἐπιδεικνύμενοι.

1798 3271 1993 3312 monas
2026 3253 2233 3310 circum
2269 3257 2472 3304 terram
2507 3250 2795 3300 versantes
2817 3282 2833 3306 ,
2867 3240 3116 3309 aliosque
3151 3237 3378 3308 spiritus

1797 3350 2122 3420 depravatos
2143 3385 2159 3407 ,
2190 3345 2314 3398 loco
2344 3337 2544 3396 summi
2590 3335 2685 3391 Dei
2719 3335 2964 3389 colerent
2984 3371 3001 3396 ,
3032 3330 3237 3400 quique
3274 3344 3378 3383 au-

1796 3440 1951 3495 ribus
1995 3433 2371 3507 intelligentiae
2417 3428 2865 3492 ohsurduerant;
2907 3429 2961 3478 et
3002 3421 3378 3478 claudicantes

1796 3533 2071 3603 solutique
2095 3529 2244 3585 omni
2272 3527 2385 3582 vita
2416 3535 2607 3586 erant,
2637 3521 2724 3576 his
2755 3518 3015 3575 omnibus
3041 3514 3203 3570 malis
3234 3512 3380 3570 aliis-

1795 3642 1906 3697 que
1951 3630 2007 3680 et
2051 3617 2525 3693 perturbationum
2561 3620 2617 3669 et
2643 3609 3028 3683 aegritudinum
3054 3603 3376 3678 generibus,

98 3753 205 3805 per
260 3732 568 3790 Salvatoris
595 3729 771 3786 nostri
797 3726 930 3783 Iesu
962 3724 1171 3782 Christi
1202 3723 1510 3780 doctrinam
1550 3722 1715 3778 etiam
1752 3738 1902 3778 nunc
1931 3721 2258 3779 liberantur,
2290 3720 2345 3768 et
2384 3710 2560 3765 multo
2623 3703 3056 3777 praestantiorem
3105 3712 3270 3769 quam
3312 3710 3378 3750 ea

95 3789 228 3894 ἔδει,
289 3842 415 3898 quae
440 3824 510 3881 ad
559 3839 761 3894 corpus
820 3821 1089 3893 pertinet,
1156 3820 1387 3875 salutem
1441 3833 1711 3888 opemque
1742 3818 2049 3885 recipiunt,
2091 3820 2147 3868 et
2189 3809 2285 3865 Dei
2318 3805 2485 3862 Verbi
2527 3801 2597 3858 ad
2634 3800 2886 3856 homines
2928 3794 3196 3852 adventus
3236 3789 3379 3847 divi-

98 3939 236 3980 nam
265 3929 323 3979 et
340 3921 465 3992 plus
490 3934 656 3991 quam
682 3917 979 3972 humanam
1010 3914 1269 3970 virtutem
1304 3913 1570 3985 detegunt
1599 3927 1666 3967 ac
1702 3911 2105 3968 demonstrant.

622 4026 1022 4083 ΚΕΦΛΛΛΙΟΝ
1046 4025 1180 4081 KB'.

114 4122 260 4178 Ἀπὸ
306 4120 417 4176 τοῦ
462 4119 668 4176 αὐτοῦ.
715 4152 786 4161 ——
820 4120 911 4182 Ὠς
956 4122 990 4171 ό
1037 4115 1268 4185 πρῶτος
1307 4116 1407 4169 καί
1455 4117 1542 4183 είς
1588 4118 1696 4172 ’τὸν⁸

172 4192 379 4271 atcqu
398 4189 688 4271 tqu__6€oﬁ
733 4191 944 4271 Λόγος,
985 4190 1019 4241 ό
1048 4187 1177 4271 ’τῶν
1213 4185 1375 4271 ᾆλῳν
1412 4188 1696 4271 ρημιογρ-

179 4264 316 4333 γὸς,
349 4261 471 4333 ὑπὸ
493 4261 714 4329 Κυρίου
741 4254 847 4333 τοί)
875 4258 1105 4327 Πατρός
1130 4254 1232 4313 καὶ
1248 4254 1366 4310 νῦν
1392 4254 1693 4312 ἀπεστάλ-

174 4328 279 4391 θαί
299 4332 522 4386 ἑαυτὸν
553 4328 849 4401 ὁμολογεῖ.

2259 4014 2422 4087 302
2471 4005 2702 4066 CAPUT
2741 4000 2910 4058 xxn.

1800 4112 1880 4169 Ab
1908 4111 2109 4167 eodem.
2136 4137 2208 4148 ——
2236 4098 2693 4171 Quemadmodum
2715 4087 3374 4171 primgmusempitf‘rnuni-

1939 4155 2115 4238 2"?)2'5
2152 4155 2820 4242 Veﬁbnivﬁpseuniv'ersi
2853 4160 3056 4242 Opifef
3079 4175 3110 4210 a
3149 4155 3377 4209 Domino

1904 4200 1967 4238 ue
2016 4200 2115 4235 uer
2159 4200 2416 4238 vernum,
2449 4200 2559 4242 qua
2589 4200 2759 4223 αηιυω
2775 4200 2820 4219 σο
2855 4200 3042 4230 vrum.
3079 4200 3110 4210 ..
3149 4200 3184 4209 ν

1867 4200 2031 4309 Y’atre
2068 4251 2229 4306 etiam
2254 4262 2391 4301 nunc
2419 4259 2473 4298 se
2508 4241 2727 4294 missum
2757 4248 2869 4290 esse
2898 4230 3197 4298 conﬁtetur.

178 4468 200 4499 ι
242 4446 447 4499 ’Δκουέ
479 4460 602 4517 μου,
644 4440 856 4507 Ἰακὼϐ,
886 4441 982 4495 καὶ
1024 4436 1352 4513 Ἰσραὴλ,⁶δν
1374 4434 1485 4507 ἐγὼ
1512 4438 1689 4493 καλῶο

1882 4448 1900 4479 ι
1927 4425 2069 4481 Audi
2112 4437 2233 4486 me,
2278 4417 2448 4473 Iacob
2489 4421 2542 4469 et
2580 4408 2790 4471 Israel,
2835 4418 2997 4476 quem
3043 4414 3144 4471 ego
3191 4410 3325 4452 voco
3356 4415 3376 4450 ;

96 4540 218 4618 ἐγώ
248 4541 369 4610 είμι
414 4536 650 4609 πρῶτος,
685 4535 779 4589 καὶ⁸
821 4532 934 4601 ἐγώ
958 4534 1073 4603 εἰμι
1120 4532 1200 4595 είς
1243 4530 1333 4583 τὸν
1364 4520 1693 4584 αἰῶνα⁶’καὶ

95 4636 131 4704 ἡ
171 4632 298 4703 χείρ
334 4647 436 4700 μου
478 4627 802 4698 ἐθεμελίωσε
848 4625 948 4695 τὴν
996 4624 1119 4694 γῆν,
1149 4625 1182 4694 ὴ
1214 4622 1362 4689 δεξιά
1395 4639 1498 4692 μου
1544 4623 1695 4675 ἐστε-

102 4724 286 4795 ρέωσε
327 4719 419 4771 τὸν
461 4716 709 4787 οὐρανόν.
750 4734 767 4766 ι
800 4714 928 4767 ’Καὶ
964 4713 1215 4782 ἐπιφέρει
1257 4711 1462 4779 λέγων·
1519 4729 1538 4761 ι
1584 4710 1695 4763 Καί

98 4814 203 4866 νῦν
251 4811 459 4880 Κύριος
489 4806 797 4863 ἀπέσταλκέ
834 4822 922 4875 με,
964 4804 1057 4856 καὶ
1095 4803 1156 4855 τὸ
1189 4803 1412 4873 Πνεῦμα
1443 4801 1627 4856 αὑτοῦ.
1668 4819 1687 4851 ι

106 4908 306 4976 Ἔχεις
350 4900 626 4956 κάνταῦθα
665 4898 759 4951 καὶ
800 4896 892 4949 τὸν
937 4891 1419 4963 ἀποστελλόμενον,
1462 4891 1556 4945 καὶ
1602 4891 1694 4944 τὸν

102 4992 539 5055 ἀποστέλλοντα,
587 4988 786 5061 δηλαδὴ
826 4986 917 5039 τὸν
976 4982 1196 5054 Πατέρα
1251 4983 1344 5035 καὶ
1401 4982 1533 5035 Θεὸν
1585 4981 1697 5051 τῶν

102 5087 276 5149 ὅλων,
308 5082 552 5154 συνήθως
577 5082 657 5145 δὶς
688 5079 891 5151 Κύριον
924 5074 1338 5147 ὀνομαζόμενον.

244 5162 247 5165 ’
625 5191 1023 5251 ΚΕΦΑΛΛΙΟΝ
1057 5189 1186 5244 Kl".

117 5293 265 5349 Ἀπὸ
298 5290 406 5345 τοῦ
446 5288 654 5344 αὑτοῦ.
689 5320 756 5328 ——
798 5286 892 5351 Ὠς
932 5282 1113 5348 αὐτὸς
1145 5283 1178 5351 ό
1207 5279 1421 5346 Κύριος
1457 5279 1524 5335 τὸ
1565 5281 1698 5336 Ἰου-

182 5361 379 5417 δαίων
402 5361 575 5425 ἔθνος
609 5350 947 5426 ἀπελέγχει,
981 5355 1070 5407 ὅτι
1098 5350 1181 5426 δὴ
1219 5350 1470 5426 ἐλθών-τα
1511 5351 1697 5426 αὐτὸν·

183 5435 264 5487 οὐ
320 5423 766 5497 παραδέξονταί,
807 5423 951 5479 οὐδὲ
994 5423 1278 5497 καλοῦντι
1316 5423 1698 5476 ὑπακούσον-

181 5518 309 5563 ται,
342 5493 518 5555 δάοῖὰ
538 5516 601 5553 τε
623 5498 893 5552 πείσεται
924 5495 1074 5563 πρὸς
1099 5493 1317 5548 αὐτῶν.

190 5632 212 5665 ι
251 5610 411 5666 οὕτω
462 5609 612 5678 λέγει
664 5606 899 5678 Κύριος·
967 5603 1121 5657 Ποῖον
1195 5605 1350 5658 τοῦτο
1394 5604 1453 5658 τὸ
1500 5602 1700 5674 βιϐλίον

200 5768 250 5803 ³⁸
284 5765 392 5824 Isa.
423 5780 610 5829 ιινηι,
649 5762 731 5816 l3.
808 5761 846 5791 ²¹
873 5757 1002 5815 ibid.
1040 5757 1131 5813 I6.

1800 4536 1901 4593 ego
1941 4534 2060 4574 sum
2093 4515 2305 4586 primus
2325 4551 2340 4576 ,
2373 4518 2428 4565 et
2468 4521 2570 4577 ego
2610 4517 2733 4560 sum
2764 4500 2821 4555 in
2854 4494 3245 4566 sempiternum
3272 4506 3284 4542 :
3320 4497 3376 4543 et

1806 4629 2000 4670 manus
2036 4625 2152 4664 mea
2185 4602 2435 4662 fundavit
2464 4608 2663 4654 terram
2683 4635 2698 4659 ,
2726 4592 2948 4647 dextera
2980 4600 3100 4640 mea
3131 4580 3370 4636 ﬁrmavit

1808 4709 2009 4763 cadum
2041 4705 2107 4755 ²⁰.
2142 4720 2160 4752 ι
2186 4699 2251 4752 Et
2278 4691 2526 4767 adjungit
2558 4687 2721 4760 paqu
2752 4693 2874 4755 post
2900 4698 2913 4734 :
2949 4697 2967 4730 ι
2993 4676 3061 4730 Ει
3094 4688 3240 4767 nunc
3267 4670 3375 4767 Do-

1808 4762 1991 4851 ininus
2024 4793 2170 4848 misit
2201 4804 2287 4843 me
2324 4762 2380 4841 et
2413 4762 2650 4854 Spiritus
2693 4777 2813 4846 ejus
2840 4773 2907 4824 “.
2941 4790 2959 4821 ι
2983 4767 3164 4822 Habes
3211 4762 3378 4854 igitur

1802 4888 1892 4941 hic
1935 4899 2151 4956 quoque
2188 4852 2475 4955 Dominum
2501 4916 2516 4939 ,
2567 4869 2663 4941 qui
2707 4865 2943 4921 mittitur
2967 4868 3021 4915 et
3051 4857 3145 4928 qui
3175 4852 3372 4916 mittit,

1802 4950 2021 5034 Patrem
2052 4946 2308 5029 videlicet
2342 4984 2407 5024 ac
2437 4966 2611 5022 Deum
2643 4958 2924 5020 universi,
2963 4953 3056 5025 qui
3091 4943 3378 5005 consuevit

1800 5069 1886 5125 his
1916 5066 2177 5122 Dominus
2204 5057 2500 5118 nominari.

2368 5169 2600 5232 CAPUT
2638 5166 2828 5223 XXIII.

1803 5276 1882 5331 Ab
1912 5273 2112 5330 eodem.
2134 5300 2204 5311 ——
2226 5262 2684 5337 Quemadmodum
2714 5260 2822 5327 ίΡδε
2836 5326 2849 5337 ,
2868 5253 3125 5337 Dominus
3152 5247 3372 5337 Ῑίξξίῗῗῖ

1873 5319 1992 5399 nim
2028 5319 2535 5413 gentem~redarguit
2556 5372 2572 5394 ,
2613 5348 2672 5384 eo
2709 5319 2849 5399 quod
2868 5334 3168 5413 sentinam
3199 5319 3370 5413 ipsum

1873 5387 2166 5483 ίςιῖἔεῷἷιιτὶ
2199 5426 2303 5463 non
2330 5387 2474 5468 sint:
2505 5387 2666 5483 neque
2695 5387 2907 5483 uacanti
2949 5394 3051 5448 sibi
3091 5387 3373 5445 ausculta-

1876 5468 1981 5540 turi
2000 5468 2092 5552 ,ἐι
2123 5497 2238 5553 quae
2268 5492 2524 5548 passurus
2554 5468 2622 5527 sit
2652 5469 2719 5525 ab
2746 5468 2841 5524 eis.

1883 5617 1900 5649 ι
1934 5595 2024 5650 Sic
2055 5593 2186 5649 dicit
2216 5587 2515 5651 Dominus,
2553 5581 2742 5651 Qualis
2768 5587 2853 5636 est
2882 5577 2970 5632 hic
2998 5574 3134 5630 liber
3162 5567 3375 5642 repudii
