3828 6220
448 317 560 374 ιτς
1120 290 1388 370 nosam:
1424 314 1902 372 CAESARiENSIS
1938 312 2089 370 opp.
2123 313 2303 371 PARS
2323 314 2388 371 ιι.
2426 349 2498 359 _
2533 314 3032 376 APOLOGETICA.
3597 326 3697 383 tso

449 434 643 494 matris
684 439 915 496 vestrae,
950 446 1060 503 quo
1105 431 1287 489 dimisi
1331 447 1451 488 eam
1474 432 1500 486 ἲ
1536 440 1631 487 aut
1660 436 1746 489 cui
1779 433 1992 490 debitor

2122 434 2208 488 τοῦ
2236 433 2566 489 ἀποστασίου
2600 436 2701 508 τῆς
2729 437 2936 509 μητρὸς
2961 436 3116 509 ὑμῶν
3215 437 3574 505 ἔξαπέστειλα
3602 450 3693 501 αὖ.

447 526 666 585 vendidi
699 526 842 583 vos?
869 540 997 580 ecce
1025 526 1269 595 peccatis
1298 525 1498 581 vestris
1526 526 1729 581 venditi
1762 527 1897 582 estis
1919 568 1933 592 ,
1963 542 1992 582 e

2122 525 2252 596 τήν;
2296 526 2329 597 ἢ
2375 525 2478 579 τίνι
2533 527 2788 599 ὑπόχρεῳ
2848 529 3109 601 πέπρακα
3174 532 3360 604 ύμᾶς;
3402 537 3535 592 Ἰδοὺ
3584 545 3693 606 ταῖς

447 616 832 689 iniquitatibus
868 615 1066 669 vestris
1103 615 1262 670 emisi
1304 625 1532 673 matrem
1564 627 1801 675 vestram
1827 660 1841 684 ,
1876 633 1992 688 quo

2122 616 2417 687 ἁμαρτίαις
2459 618 2614 688 ὑμῶν
2649 618 2946 691 ἐπράθητε,
2982 622 3076 675 καὶ
3105 624 3226 687 ταῖς
3266 626 3520 697 ἀνομίαις
3548 631 3695 701 ὑμῶν

447 706 594 761 niam
625 707 778 772 veni,
811 714 866 763 et
894 723 1004 763 non
1029 715 1148 763 erat
1175 708 1372 774 homo;
1405 711 1627 773 vocavi,
1657 718 1711 765 et
1741 726 1851 781 non
1888 721 1992 765 erat

2122 704 2474 771 ἐξαπέστειλα
2504 708 2604 779 τὴν
2633 710 2847 781 μητέρα
2873 711 3025 782 ὑμῶν
3049 728 3062 743 ·
3097 713 3231 768 διότι
3260 712 3443 789 ἦλθον,
3480 722 3577 774 καὶ
3604 724 3697 778 οὐκ

445 798 539 872 qui
573 796 805 852 audiret.
841 795 1097 868 Nunquid
1146 813 1254 851 non
1290 805 1469 868 potest
1499 815 1694 855 manus
1725 816 1845 855 mea
1872 801 1992 857 libet

2122 792 2185 867 ἦν
2214 798 2519 869 ἄνθρωπος’
2556 801 2810 867 ἐκάλεσα,
2841 804 2935 856 καὶ
2958 802 3167 877 οὐκ-ἦν
3194 809 3223 860 6
3258 809 3577 865 ὑπακούων.
3610 814 3693 885 Μὴ

444 887 606 943 rare?
629 895 722 942 aut
752 889 997 959 nunquid
1036 905 1144 944 non
1174 904 1397 959 possum
1423 890 1633 963 eripere
1657 892 1743 945 "‘2
1767 912 1785 944 ι
1814 890 1992 946 Βθὶηὼ

2122 889 2234 959 οὐχὶ
2270 889 2444 960 ἰσχύει
2476 893 2508 962 ἡ
2540 893 2662 964 χείρ
2704 910 2804 964 μου
2835 893 2943 954 τοῦ⁸
2965 895 3266 966 ρύσασθαι;
3295 899 3328 971 ἢ
3375 902 3480 956 οὐκ
3537 906 3710 975 ίσχύω

444 977 502 1032 in
555 979 743 1034 eadem
794 981 1077 1051 prophetia
1128 981 1408 1051 paululum
1455 997 1819 1052 progressus:
1852 1002 1871 1035 ι
1902 982 1992 1055 Egi

2122 980 2208 1033 τοῦ
2261 980 2574 1048 ἐξελέσθαι;
2627 1004 2644 1035 ι
2698 983 2811 1039 Εἶτ’
2860 988 3097 1059 enini};
3142 991 3309 1061 αὐτῆς
3362 996 3699 1065 προφητείας

443 1083 592 1135 vero,
635 1070 844 1140 inquit,
887 1086 995 1125 non
1041 1080 1334 1127 contumax
1370 1088 1522 1137 sum,
1571 1088 1747 1144 neque
1789 1080 1992 1128 contra.

2122 1070 2343 1135 ὑποϐὰς,
2391 1090 2409 1123 ι
2434 1071 2575 1141 Ἐγὼ
2619 1074 2696 1139 δέ,
2745 1078 2932 1147 φησὶν,
2971 1079 3071 1131 οὐκ
3114 1079 3341 1144 ἀπειθῶ,
3385 1082 3512 1135 ούδέ
3557 1084 3700 1139 ἀντι-

447 1155 572 1212 dico
599 1174 614 1231 ;
673 1164 885 1228 tergum
930 1174 1110 1213 meum
1150 1160 1276 1215 dedi
1310 1160 1365 1214 in
1399 1161 1608 1230 ﬂagella
1630 1201 1645 1226 ,
1677 1170 1732 1216 et
1762 1164 1992 1218 maxilla:

2122 1163 2274 1232 λέγω.
2327 1164 2404 1217 Τὸ
2444 1165 2612 1221 νῶτόν
2668 1185 2768 1237 μου
2802 1168 2978 1222 ἔδωκα
3014 1173 3092 1234 είς
3153 1173 3443 1243 μάστιγας,
3493 1176 3601 1240 τὰς
3645 1179 3698 1233 ἃ

2114 1255 2366 1323 σιαγόνας
2425 1274 2545 1327 μου.
2584 1259 2664 1322 είς
2724 1261 3047 1330 ῥαπίσματα
3079 1280 3092 1293 ·
3153 1264 3225 1316 τοο
3286 1265 3355 1319 δέ
3406 1268 3700 1338 πρόσωπόν

2114 1362 2217 1415 μου
2267 1346 2368 1400 οὐκ
2413 1348 2734 1421 ἀπέστρεψα
2765 1353 2876 1406 ἀπὸ
2900 1355 3162 1432 αἰσχύνης
3205 1360 3638 1432 ἐμπτυσμάτων.
3672 1382 3694 1415 ι

2108 1436 2281 1500 Αὐτὸς
2325 1440 2354 1491 6
2381 1438 2586 1512 Κύριος
2616 1441 2703 1496 διὰ
2745 1444 2949 1498 τούτων
2983 1430 3087 1518 την
3115 1451 3195 1513 είς
3242 1430 3567 1522 ἀνθρώπους
3606 1455 3700 1509 αύ-

437 1522 597 1593 303
642 1523 901 1593 populum
952 1522 1298 1589 Iudaeorum,
1345 1527 1492 1596 quod
1536 1529 1843 1585 venientem
1883 1545 1992 1585 eun

2122 1527 2202 1581 τοῦ
2230 1532 2529 1602 παρουσίαν
2565 1534 2750 1603 σαφῶς
2784 1536 3080 1607 ὁμολογῶν,
3125 1541 3413 1613 ἀπελέγχει
3443 1547 3536 1598 τὸν
3571 1548 3700 1600 ἰου-

438 1615 749 1684 suscepturi
779 1629 886 1669 non
919 1613 1048 1682 sint,
1084 1630 1261 1686 neque
1292 1619 1510 1673 vocanti
1537 1621 1922 1686 auscultaturi,
1953 1633 1992 1678 e1

2122 1621 2271 1676 iaiwv
2321 1623 2471 1688 λαὸν,
2519 1625 2601 1678 ὅτι
2662 1626 2736 1698 μὴ
2778 1628 2998 1684 ἐλθόντα
3060 1632 3222 1687 αὑτὸν
3280 1635 3698 1702 καταδέξονται,

436 1701 602 1768 hanc,
650 1705 806 1774 quasi
854 1704 1096 1774 seipsum
1140 1703 1460 1773 defendens,
1509 1723 1734 1764 causam
1785 1710 1992 1766 illorum

2122 1712 2246 1784 ιιηδέ
2287 1714 2540 1770 καλοῦντι
2580 1717 2996 1775 ὑπακούσονται.
3025 1723 3146 1776 Καὶ
3164 1723 3312 1777 τοῦθ’
3340 1722 3533 1798 ὥσπερ
3554 1728 3696 1781 ἁπο-

436 1792 677 1862 ipsorum
695 1792 1006 1861 rejectionis
1035 1793 1195 1849 docet
1207 1794 1379 1851 fuisse
1398 1816 1412 1851 :
1432 1812 1556 1851 nam
1591 1817 1610 1849 ι
1636 1797 1903 1865 Quoniam
1917 1817 1992 1857 ve-

2122 1805 2434 1877 loyodptevoc
2462 1850 2478 1874 ,
2521 1808 2695 1863 αἴτιον
2770 1811 2870 1882 τῆς
2925 1812 3105 1866 αὐτῶν
3151 1815 3357 1868 ἐκείνου
3413 1790 3693 1887 ἀποϐολῆς

433 1885 516 1948 ni,
558 1883 755 1953 inquit,
795 1891 850 1939 et
870 1898 979 1939 non
1010 1892 1129 1939 erat
1159 1885 1213 1940 in
1238 1887 1392 1942 vobis
1424 1887 1923 1962 homo,vocavique
1953 1904 1992 1948 ei

2122 1899 2392 1966 γεγονέναι
2444 1900 2705 1956 διδάσκει.
2759 1919 2779 1953 ι
2825 1903 2977 1956 Ἐπεὶ
3020 1905 3129 1976 γὰρ
3169 1901 3353 1977 ἦλθον,
3395 1909 3557 1979 φησὶ,
3600 1883 3714 1964 καὶ·

442 1261 594 1303 meas
637 1248 693 1302 in
739 1250 926 1319 alapas
958 1269 970 1303 :
1019 1250 1211 1306 faciem
1249 1268 1380 1306 vero
1420 1267 1596 1308 meam
1640 1268 1750 1308 non
1778 1255 1948 1310 averti
1981 1269 2012 1308 a

439 1340 642 1409 probro
664 1348 949 1410 sputorum
966 1343 1063 1398 ³³.»
1080 1340 1198 1412 ipse
1224 1341 1486 1399 Dominus
1508 1384 1522 1410 ,
1552 1360 1679 1399 cum
1702 1346 1758 1399 in
1786 1346 1871 1402 his
1897 1361 2014 1402 ver-

439 1431 524 1485 bis
554 1445 712 1485 suum
741 1430 808 1484 ad
839 1431 1087 1488 homines
1119 1432 1412 1489 adventum
1443 1434 1699 1503 fateatur,
1728 1437 2012 1508 redarguit

433 1974 619 2030 nullus
661 1981 799 2040 erat,
833 1975 925 2045 qui
966 1975 1178 2032 audiret
1216 1997 1230 2032 :
1262 1978 1487 2044 idcirco,
1528 1980 1727 2052 inquit,
1768 1985 2009 2054 peccatis

438 2062 642 2119 vestris
679 2064 885 2120 venditi
921 2067 1076 2133 estis,
1120 2087 1139 2120 ι
1189 2076 1444 2139 tanquam
1475 2072 1579 2143 ipsi
1606 2088 1703 2144 per
1729 2090 1828 2133 vos
1855 2076 2006 2147 ipsos

434 2168 572 2209 meae
615 2156 915 2211 vocationis
966 2157 1343 2227 repudiatores
1408 2164 1765 2230 exstiteritis,
1830 2182 2008 2239 neque

433 2258 564 2299 vero
594 2243 710 2314 ipse
734 2246 890 2302 vobis
929 2246 1170 2302 libellum
1212 2248 1423 2319 repudii
1446 2249 1710 2310 dederim.
1754 2254 1880 2311 Haec
1905 2272 2005 2311 au-

431 2340 541 2388 tem
571 2333 980 2391 evidentissime
1018 2336 1087 2392 ad
1119 2353 1244 2392 eum
1272 2340 1533 2409 populum
1555 2343 1648 2412 qui
1673 2345 1741 2399 ad
1767 2345 2005 2401 circum-

431 2424 693 2480 cisionem
740 2427 999 2494 pertinet,
1039 2426 1247 2482 directa
1275 2437 1424 2495 sunt,
1450 2438 1504 2487 et
1550 2433 1710 2492 simul
1744 2450 1830 2502 ea,
1882 2453 2004 2507 qua)

431 2517 508 2571 illi
538 2525 727 2571 contra
760 2518 936 2588 ipsum
973 2519 1029 2574 in
1072 2523 1328 2591 passione
1369 2523 1488 2578 ausi
1520 2535 1667 2589 sunt,
1709 2527 1998 2597 significat,

429 2608 618 2664 dcens
652 2627 665 2663 :
699 2628 717 2661 ‹
758 2607 993 2681 Tergum
1024 2627 1202 2667 meum
1237 2613 1359 2669 dedi
1395 2615 1448 2668 in
1475 2614 1704 2686 flagella,
1735 2625 1788 2673 ct
1816 2622 2004 2675 maxil-

429 2700 512 2757 las
540 2716 688 2757 meas
715 2701 771 2755 in
803 2702 1010 2773 alapas,
1048 2723 1067 2756 ›
1101 2712 1155 2760 et
1187 2721 1308 2775 quae
1346 2716 1670 2777 sequuntur.
1703 2709 1829 2766 Haec
1864 2728 2002 2782 quo-

425 2807 533 2862 que
554 2808 650 2861 per
666 2795 836 2849 otium
857 2809 889 2849 a
918 2795 1076 2850 nobis
1094 2796 1242 2866 justa
1269 2798 1714 2870 interpretatione
1739 2805 2001 2875 explana-

425 2881 648 2937 buntur.

964 3000 1196 3057 CAPUT
1254 3002 1445 3061 XXIV.

2107 1989 2206 2042 οὐκ
2249 1985 2317 2061 ἦν
2365 1990 2426 2045 ὲν
2465 1991 2594 2062 ὑμῖν
2632 1992 2952 2064 ἄνθρωπος,
2983 1995 3219 2049 ἐκάλεσά
3259 2013 3340 2063 τε,
3372 1998 3481 2051 καὶ
3512 2000 3711 2067 οὐδεὶς·

2104 2074 2174 2151 ἦν
2217 2081 2248 2132 6
2275 2081 2597 2137 ὑπακούων·
2651 2083 2741 2138 διὰ
2785 2084 2977 2153 τοῦτο,
3019 2088 3187 2158 φησὶ,
3225 2090 3345 2152 ταῖς
3393 2090 3716 2161 ἁμαρτίαις·

2106 2169 2260 2241 ὑμῶν
2289 2171 2566 2244 ἐπράθητε
2585 2212 2598 2236 ,
2626 2192 2647 2224 ι
2683 2174 2785 2228 ἆτε
2812 2175 2967 2230 αὐτοὶ
3005 2177 3101 2247 ἀφ’
3142 2178 3348 2232 ἐαυτῶν
3378 2180 3693 2237 ἀποστάται

2102 2258 2204 2329 τῆς
2231 2260 2371 2331 ἐμῆς
2396 2262 2640 2334 κλήσεως
2688 2265 3054 2331 καταστάντες
3078 2308 3093 2334 ,
3145 2269 3262 2323 ἀλλ’
3290 2271 3392 2324 ούκ
3423 2269 3565 2341 ἐμοῦ
3613 2272 3711 2342 βιςη

2104 2348 2250 2402 ὅλίον
2289 2353 2417 2422 ὑμῖν
2465 2353 2796 2408 ἀποστασίου
2826 2356 3134 2421 δεδωκότος.
3186 2360 3382 2429 Σαφῶς
3419 2361 3479 2413 δὲ
3509 2361 3697 2417 ταῦτα

2103 2442 2241 2514 πρὸς
2266 2444 2356 2499 τὸν
2383 2447 2449 2498 ἐκ
2469 2447 2775 2519 περιτομῆς
2800 2447 2927 2503 λαὸν
2959 2451 3323 2504 ἀποτείνεται.
3341 2452 3508 2522 Ὁμοῦ
3538 2453 3602 2507 δὲ
3626 2454 3694 2506 τὰ

2102 2535 2231 2605 περὶ
2257 2536 2319 2589 τὸ
2346 2537 2516 2602 πάθος
2541 2541 2918 2612 τετολμημένα
2944 2543 3128 2605 αὐτοῖς
3151 2542 3300 2613 δηλοῖ
3317 2542 3511 2611 λέγων·
3554 2546 3691 2598 ιΤὺν

2102 2627 2271 2682 νῶτόν
2301 2646 2402 2699 μου
2426 2630 2635 2686 δέδωκα
2658 2634 2739 2696 εἰς
2769 2633 3061 2703 μάστιγας,
3085 2634 3185 2698 τὰς
3215 2635 3272 2688 δὲ
3302 2636 3562 2703 σιαγόνας
3588 2654 3689 2707 μω

2099 2719 2179 2782 είς
2211 2720 2562 2791 ῥαπίσματα,
2597 2741 2615 2773 ι
2670 2723 2765 2776 καὶ
2808 2722 2877 2775 τὰ
2910 2723 3119 2788 τούτοις
3164 2725 3308 2797 ἑξῆς.
3356 2727 3468 2779 Καὶ
3510 2726 3704 2783 ταῦτα

2098 2810 2192 2864 ἐπὶ
2227 2811 2423 2884 σχολῆς
2446 2813 2548 2883 τῆς
2583 2815 2965 2887 προσηκούσης
2994 2815 3241 2881 τεύξεται
3269 2818 3595 2889 ἑρμηνείας.

2604 2996 3004 3071 ΚΕΦΑΔᾺΙΟΝ
3041 3018 3166 3072 KA'.

424 3109 502 3162 Ab
530 3110 729 3206 eodem.
759 3114 1309 3206 T‘Qq‘emadmodum
1341 3120 1460 3206 ipse
1498 3120 1597 3206 qui.
1630 3120 1683 3206 in
1730 3120 1992 3206 prophetis

2122 3126 2251 3181 Ἀπὸ
2292 3126 2422 3206 τοῦ.
2447 3127 2655 3206 αὐτοῦ.
2680 3130 2897 3206 -ςμὬςί
2916 3131 3099 3206 αὐτὸς
3130 3133 3264 3206 der
3290 3132 3415 3199 τοῖς
3447 3136 3688 3206 προφή-

493 3182 619 3255 olim
642 3183 859 3255 canebat
920 3185 1192 3251 Dominus,
1238 3182 1486 3242 venturus
1510 3182 1597 3241 'ad
1642 3182 1894 3255 Ιιοὴιίηέε,
1944 3202 1992 3245 et

494 3252 621 3332 ipsis
654 3254 821 3307 oculis
861 3257 1241 3324 inspiciendus,
1265 3269 1315 3313 et
1354 3277 1386 3313 a
1411 3261 1648 3330 gentibus
1678 3252 1994 3332 cognoscen-

493 3326 615 3385 dus,
636 3334 1040 3391 exspectaretur.

496 3475 517 3509 ι
556 3455 683 3512 Haec
718 3460 851 3515 dicit
873 3460 1134 3519 Dominus
1160 3484 1172 3519 :
1210 3464 1440 3537 Propter
1464 3481 1562 3523 vos
1583 3484 1780 3525 nomen
1812 3487 1992 3527 meum

421 3547 830 3621 blasphematur
857 3555 912 3609 in
945 3557 1217 3626 gentibus,
1253 3558 1460 3615 idcirco
1503 3571 1796 3633 cognoscet
1820 3579 1994 3635 popu-

421 3636 511 3696 ius
542 3658 696 3698 meus
727 3645 782 3698 in
828 3645 916 3701 die
958 3647 1070 3710 illa,
1104 3647 1253 3717 quod
1297 3663 1398 3719 ego
1437 3665 1579 3714 sum,
1618 3653 1735 3723 ipse
1783 3654 1877 3723 qui
1913 3654 1993 3708 lo-

421 3746 585 3803 quor,
641 3734 855 3801 adsum,
895 3744 954 3791 ut
993 3737 1305 3795 formositas
1336 3741 1390 3794 in
1408 3742 1705 3810 montibus,
1737 3753 1795 3798 ut
1827 3745 1991 3815 pedes

420 3826 842 3895 evangelizantis
874 3829 1116 3884 auditum
1149 3833 1320 3903 pacis,
1344 3844 1403 3890 ut
1430 3836 1525 3906 qui
1569 3840 1786 3893 nuntiat
1824 3838 1988 3909 bona,

420 3913 676 3986 quoniam
691 3920 929 3975 auditam
945 3922 1102 3978 faciet
1119 3925 1507 3981 salutemtuam
1541 3928 1730 3983 dicens
1781 3949 1794 3984 :
1831 3929 1987 3997 Sion,

419 4025 515 4065 rex
549 4019 678 4068 tuus
723 4014 829 4067 erit
863 4012 1024 4070 Deus.
1060 4015 1179 4071 Vox
1227 4020 1651 4075 custodientium
1671 4029 1725 4077 te
1753 4023 1989 4078 exaltata

417 4107 523 4165 est,
548 4108 603 4156 et
637 4117 760 4157 cum
791 4117 924 4159 voce
954 4105 1117 4161 simul
1145 4107 1498 4175 laatabuntur,
1528 4111 1782 4180 quoniam
1813 4114 1988 4169 oculis

417 4195 486 4249 ad
530 4197 718 4253 oculos
754 4197 1033 4263 videbunt,
1076 4203 1296 4272 quando
1342 4204 1687 4261 miserebitur
1726 4206 1986 4265 Dominus

419 4285 554 4341 Sion
591 4307 604 4343 :
632 4299 922 4359 erumpant
952 4292 1190 4346 laetitiam
1216 4296 1378 4350 simul
1403 4298 1618 4353 deserta
1658 4297 1982 4366 Jerusalem,

417 4379 674 4449 quoniam
719 4381 1006 4439 miseratus
1042 4394 1126 4440 est
1173 4385 1433 4445 Dominus
1466 4389 1662 4459 ipsam,
1694 4398 1748 4446 et
1781 4392 1983 4448 libera—

2170 3214 2301 3263 ταις
2341 3197 2529 3275 πάλαι
2561 3197 3093 3275 θεσπίζῳνᾼΚύριοςῖ
3118 3197 3415 3275 ἤιξἐιινίεῖίξ⁵
3460 3197 3691 3275 ἆνᾶρῶ-

2171 3283 2327 3340 πθςυς
2350 3308 2365 3331 ,
2402 3269 2500 3322 καὶ
2527 3268 2735 3334 αὐτοῖς
2765 3268 3094 3339 ὀφθαλμοῖς
3131 3268 3691 3340 θεαθήσεσθαι,’καί

2170 3338 2294 3403 τοῖς
2320 3340 2522 3393 ἔθνεσι
2553 3338 3013 3409 γνωσθήσεσθαι
3033 3338 3351 3410 μελλήσει.

2175 3486 2194 3518 ι
2223 3467 2361 3521 Τάδε
2402 3468 2550 3538 λέγει
2623 3469 2862 3541 Κύριος·
2925 3473 3003 3524 Δι’
3045 3473 3189 3543 ὑμᾶς
3237 3473 3325 3527 διὰ
3384 3477 3596 3542 παντὸς
3632 3478 3695 3532 τὸ

2096 3560 2268 3631 ὄνομά
2312 3577 2411 3630 μου
2452 3561 2854 3635 βλασφημεῖται
2888 3565 2947 3619 ὲν
2992 3568 3105 3630 τοῖς
3132 3565 3340 3620 ἔθνεσιν
3388 3568 3481 3622 διὰ
3525 3572 3692 3626 τοῦτο

2097 3652 2363 3720 γνώσεται
2404 3655 2434 3706 ὁ
2475 3654 2603 3719 λαός
2641 3673 2743 3726 μου
2779 3657 2837 3709 ἐν
2866 3658 2932 3727 τῇ
2975 3656 3161 3729 ἡμέρᾳ
3194 3658 3408 3731 ἐκείνῃ,
3444 3660 3530 3713 ὃτι
3577 3662 3693 3731 ἐγώ

2100 3744 2252 3814 εἰμι,
2284 3744 2446 3808 αὐτὸς
2509 3749 2538 3799 6
2579 3747 2794 3814 λαλῶν,
2847 3748 3117 3820 πάρειμι,
3169 3749 3245 3813 ὡς
3273 3749 3391 3821 ὥρα
3435 3753 3538 3806 ἐπὶ
3579 3755 3693 3809 τῶν

2096 3835 2286 3905 ὀρέων,
2314 3836 2391 3900 ὡς
2419 3838 2576 3902 πόδες
2608 3840 3096 3911 εὐαγγελιζομένου
3129 3841 3300 3914 ἀκοὴν
3324 3844 3581 3915 εἰρήνης,
3609 3848 3692 3911 ὡς

2078 3927 2581 4001 ἐὐαγγελιζόμενος
2629 3931 2847 4000 ἀγαθάο
2893 3934 2975 3987 ὅτι
3002 3933 3277 4005 ἀκουστὴν
3323 3938 3544 4007 ποιήσει
3589 3939 3695 4009 τὴν

2098 4020 2371 4090 σωτηρίαν
2402 4037 2518 4084 σου,
2544 4021 2746 4089 λέγων·
2775 4021 2934 4088 Σιὼν,
2991 4023 3301 4094 βασιλεύσει
3369 4029 3690 4095 σουὸΘεός.

2092 4109 2249 4181 Φωνὴ
2274 4111 2382 4167 τῶν
2409 4112 2789 4181 φυλασσόντων
2817 4132 2877 4168 σε
2906 4114 3125 4187 ὑψώθη,
3159 4118 3254 4171 καὶ
3281 4120 3349 4190 τῇ
3382 4124 3538 4192 φωνῇ
3568 4122 3703 4194 ἃμα

2093 4199 2592 4273 εὐφρανθήσονται,
2658 4204 2742 4258 ὃτι
2798 4204 3100 4277 ὀφθαλμοῖς
3155 4206 3294 4279 πρὸς
3364 4209 3693 4281 ὀφθαλμοὺς

2091 4294 2311 4364 ὄψονται
2330 4337 2344 4362 ,
2368 4298 2531 4370 ἡνίκα
2559 4299 2624 4353 ἂν
2651 4299 2849 4375 ἐλεήσῃ
2879 4301 3084 4372 Κύριος
3109 4301 3209 4374 τὴν
3231 4302 3394 4357 Σιών.
3429 4304 3693 4376 Ῥηξάιοω

2091 4388 2431 4462 εὐφροσύνην
2464 4390 2580 4465 ἄμμ
2612 4390 2682 4444 τὰ
2715 4391 2897 4463 ἔρημα
2932 4394 3319 4466 Ἰερουσαλὴμ.
3346 4395 3432 4449 ὅτι
3474 4397 3691 4469 ἠλέησε

415 4467 495 4521 vit
513 4465 837 4537 Jerusalem,
861 4481 914 4527 et
931 4475 1193 4530 revelabit
1218 4478 1502 4533 brachium
1526 4491 1777 4537 sanctum
1801 4500 1983 4553 suum,

2122 4477 2295 4550 ἱύριος
2331 4480 2530 4551 αὐτὴν,
2563 4482 2657 4535 καὶ
2686 4482 2954 4554 ἐρρύσατο
2990 4465 3345 4557 Ἰερουσαλὴμ
3367 4526 3382 4550 ,
3549 4465 3693 4544 ἀπο-

415 4553 474 4609 in
505 4567 802 4628 conspectu
848 4561 1090 4616 omnium
1122 4566 1383 4634 gentium,
1428 4578 1483 4624 et
1512 4570 1770 4626 videbunt
1799 4574 1983 4628 omnia

413 4657 656 4707 extrema
699 4662 859 4711 terra:
905 4657 1133 4713 salutem
1192 4676 1223 4714 a
1277 4660 1385 4719 Deo
1442 4674 1630 4722 nostro
1686 4670 1752 4725 ".
1820 4691 1838 4722 ι
1890 4670 1984 4726 His

414 4740 552 4811 ipsis
604 4743 860 4816 deinceps
914 4749 1121 4805 adnexa
1178 4763 1260 4808 est
1327 4755 1430 4810 sub
1484 4773 1594 4812 uno
1669 4768 1723 4814 et
1792 4760 1984 4815 eodem

413 4842 706 4902 contextu,
757 4837 825 4893 de
886 4842 1140 4909 passione
1186 4844 1393 4901 Christi
1452 4849 1775 4919 prophetia,
1818 4867 1981 4922 quam

413 4925 542 4980 item
609 4941 707 4995 per
776 4930 943 4985 otium
1008 4936 1356 5004 expositurus
1426 4954 1568 4997 sum.
1608 4941 1770 4996 'Cum
1853 4958 1984 4999 vero

419 5030 563 5071 unus
587 5024 641 5073 et
665 5018 805 5074 idem
837 5021 1231 5094 sit.Dominus,
1264 5029 1357 5099 qui
1389 5030 1463 5084 ait
1483 5031 1537 5085 in
1568 5034 1832 5102 particula
1859 5044 1985 5092 ante

415 5106 557 5162 hanc
586 5112 830 5178 proxime
862 5119 1126 5187 exposita,
1158 5120 1225 5175 ad
1264 5122 1441 5193 ipsum
1484 5122 1771 5180 Iudaicum
1806 5143 1983 5198 p0pu-

414 5200 525 5254 lum
560 5220 573 5257 :
602 5203 796 5278 304i
817 5205 1063 5265 Peccatis
1091 5212 1289 5267 vestris
1305 5215 1507 5268 venditi
1529 5217 1684 5284 estis,
1707 5226 1761 5273 et
1784 5218 1980 5289 iniqui.

410 5291 618 5348 tatibus
660 5298 857 5352 vestris
904 5299 1085 5357 dimisi
1135 5312 1361 5358 matrem
1414 5314 1691 5372 vestram,
1724 5309 1982 5377 quoniam

413 5385 561 5448 veni,
578 5392 632 5440 et
658 5402 769 5441 non
789 5397 907 5444 erat
939 5391 1101 5446 homo
1125 5410 1138 5460 ;
1161 5395 1374 5461 vocavi,
1400 5404 1456 5450 et
1482 5414 1592 5452 non
1616 5407 1734 5454 erat
1761 5400 1855 5469 qui
1884 5415 1983 5454 au-

412 5472 552 5528 diret
578 5476 645 5543 ";
681 5496 699 5528 ι
732 5478 787 5533 in
822 5479 908 5535 his
938 5482 1006 5537 de
1033 5484 1234 5553 quibus
1267 5501 1410 5542 nunc
1440 5488 1619 5559 agitur
1656 5490 1835 5546 verbis
1859 5530 1873 5554 ,
1910 5491 1978 5546 ad

412 5566 632 5621 eosdem
671 5570 786 5623 ait:
825 5590 844 5621 ‹
881 5571 1109 5644 Propter
1146 5592 1245 5633 vos
1279 5593 1479 5634 nomen
1506 5594 1690 5636 meum
1721 5581 1975 5654 blasphe-

2097 4568 2327 4639 καλύψει
2353 4570 2444 4624 τὸν
2475 4572 2733 4643 βραχίονα
2767 4573 2858 4627 τὸν
2903 4576 3056 4643 ἅγιον
3081 4576 3245 4629 αὐτοῦ
3270 4576 3508 4633 ἐνώπιον
3538 4581 3691 4635 πάν-

2088 4676 2194 4711 των
2218 4660 2324 4712 τῶν
2356 4661 2557 4727 ἐθνῶν,
2592 4664 2684 4717 καὶ
2717 4664 2937 4734 ὄψονται
2970 4666 3149 4742 πάντα
3180 4667 3247 4720 τὰ
3271 4667 3419 4741 ἄκρα
3446 4670 3551 4740 τῆς
3580 4672 3690 4742 γῆς

2083 4751 2184 4823 τὴν
2219 4756 2492 4825 σωτηρίαν
2535 4757 2634 4827 τὴν
2668 4757 2821 4829 παρὰ
2865 4758 2961 4811 τοῦ
3000 4760 3134 4813 Θεοῦ
3165 4760 3341 4831 ἡμῶν.
3378 4780 3398 4813 ι
3449 4763 3685 4829 Τούτοις

2085 4843 2216 4915 ἑξῆς
2251 4847 2618 4917 ἐπισυνῆπται
2651 4850 2742 4918 ὑφ’
2773 4848 2870 4902 ἕνα
2923 4851 3019 4902 καὶ
3058 4850 3149 4903 τὸν
3193 4851 3355 4903 αὐτὸν
3403 4854 3604 4924 εἱρμὸν
3648 4856 3683 4926 ἠ

2086 4937 2215 5008 περὶ
2263 4936 2357 4990 τοῦ
2402 4938 2608 5002 πάθους
2652 4939 2889 5009 Χριστοῦ
2941 4942 3276 5012 προφητεία,
3318 4942 3390 5017 ἢν
3440 4946 3542 4998 καὶ
3586 4947 3682 4999 ἐπὶ

2087 5027 2283 5098 σχολῆς
2321 5028 2643 5100 ἐκθήσομαι.
2683 5026 2777 5094 Εἲς
2809 5031 2865 5084 δὲ
2893 5030 2969 5084 ὢν
3019 5032 3113 5085 καί⁵
3143 5035 3172 5086 6
3212 5033 3381 5097 αὐτὸς
3411 5035 3626 5107 Κύριος
3651 5039 3683 5090 6

2088 5121 2267 5191 φήσας
2314 5121 2373 5173 ἐν
2419 5125 2485 5193 τῇ
2529 5122 2638 5194 πρὸ
2672 5123 2873 5193 ταύτης
2926 5127 3197 5196 περικοπῇ
3232 5126 3372 5197 πρὸς
3412 5127 3508 5179 τὸν
3547 5130 3680 5181 Ἰου-

2083 5212 2249 5265 δαίων
2276 5214 2403 5267 λαόν
2423 5233 2437 5246 σ
2487 5234 2504 5266 ι
2535 5217 2670 5280 Ταῖς
2704 5217 3001 5288 ἁμαρτίαις
3026 5217 3180 5288 ὑμῶν
3229 5219 3546 5289 ἐπράθητε,
3582 5223 3677 5275 καὶ

2083 5307 2206 5368 ταῖς
2239 5306 2489 5377 ἀνομίαις
2518 5308 2672 5378 ὑμῶν
2710 5308 3067 5373 ἐξαπέστειλα
3107 5307 3205 5380 τὴν
3232 5311 3445 5381 μητέρα
3476 5313 3637 5376 ὑμῶν
3657 5325 3675 5344 ’

2083 5395 2218 5449 διότι
2247 5392 2430 5467 ἦλθον,
2459 5400 2551 5452 καὶ
2576 5400 2676 5453 οὐκ
2704 5395 2773 5470 ἦν
2805 5400 3090 5472 ἄνθρωπος
3110 5441 3125 5465 ,
3161 5402 3423 5466 ἐκάλεσα,
3454 5405 3551 5457 καὶ
3571 5405 3673 5457 οὐκ

2085 5485 2154 5561 ἦν
2177 5491 2205 5542 ὁ
2231 5491 2520 5546 ὑπακούων
2536 5510 2549 5524 ⁸
2583 5512 2602 5545 ι
2632 5493 2719 5546 διὰ
2752 5494 2860 5548 τῶν
2884 5494 2943 5546 ἐν
2969 5497 3125 5566 χερσὶ
3150 5494 3289 5566 πρὸς
3318 5498 3449 5559 τοὺς
3474 5495 3673 5558 αὐτούς

2086 5600 2254 5653 φησι·
2294 5603 2312 5634 ι
2341 5583 2439 5637 Διὰ
2490 5586 2636 5657 ὑμᾶς
2685 5585 2745 5639 τὸ
2785 5586 2963 5658 ὄνομά
3005 5604 3105 5657 μου
3152 5586 3564 5660 βλασφημεῖται
3610 5590 3671 5643 ἐν

477 5722 737 5791 ²²ιειιμιη
779 5725 828 5780 1.
907 5728 950 5759 ’³
980 5729 1114 5786 ibid.
1171 5731 1288 5787 5-6.
1365 5733 1632 5805 "lsa.t.u,
1666 5734 1817 5793 5-10.
1895 5737 1987 5792 "l

2122 5753 2237 5805 lxx,
2279 5736 2390 5796 1-3.
