3828 6220
156 255 232 312 ’48
245 256 262 309 l

1081 243 1755 312 'DEMONSTRAT'IONIS
1791 247 2254 315 EVANGELICIE
2296 257 2427 316 LIB.
2467 243 2583 315 'vt.’

3339 264 3447 320 182

154 374 268 434 τοῖς
297 372 532 428 ἔθνεσιν.
561 391 580 426 ι
613 366 726 426 Εἴθ’
746 372 822 437 ὡς
849 371 989 443 ἔχων
1022 372 1208 444 ἕτερον
1235 375 1364 444 παρ’
1391 374 1587 436 αὐτοὺς
1607 373 1754 433 λαὸν.
1789 382 1833 437 Α
1860 358 1948 430 ma

1860 358 2041 431 matur
2085 377 2137 430 in
2190 376 2463 447 gentibus.
2504 398 2523 430 ι
2571 376 2776 434 Deinde
2829 380 2991 450 quasi
3032 380 3240 437 habens
3274 381 3443 435 alium

144 466 418 538 ιεπιῳέρει
437 483 451 496 ’
487 485 505 517 ι
535 465 634 518 Διὰ
661 465 820 518 τοῦτο
846 465 1115 535 γνώσεται
1144 467 1173 518 6
1199 466 1331 528 λαός
1359 483 1460 536 μου
1489 467 1552 518 τὸ
1581 466 1756 536 ὄνομά

159 572 301 630 μουο
339 576 358 608 ι
391 557 634 610 διδάσκει
664 575 758 622 τε,
793 559 874 610 ὅτι
916 557 990 629 μὴ
1031 559 1216 630 ἓτερος
1236 599 1249 623 ,
1280 557 1394 611 ἀλλ’
1422 558 1584 621 αὐτὸς
1625 561 1653 611 6
1698 561 1756 611 ἐν

158 628 276 711 τοῖς
310 650 620 719 προφήταις
650 649 891 720 λαλήσας
920 628 1138 720 Κύριος
1159 651 1488 721 ἐπιδημήσει
1518 633 1647 703 ποτὲ
1678 649 1755 719 τῷ

162 739 287 810 βίῳ,
307 740 500 809 λέγων’
522 760 540 792 ‹
565 741 704 810 Ἐγώ
737 744 872 813 εἰμι,
898 743 1061 805 αὐτὸς
1089 745 1118 796 6
1143 742 1341 806 λαλῶν,
1362 742 1614 813 πάρειμι.
1631 760 1648 792 ›
1682 743 1755 795 Τὸ

158 831 236 896 δὲ,
260 851 280 883 ι
304 830 394 896 Ὠς
411 833 530 904 ὥρα
551 835 642 886 ἐπὶ
657 833 765 887 τῶν
786 835 976 907 ὀρέων,
997 837 1072 900 ὡς
1091 837 1248 900 πόδες
1265 836 1751 908 εὐαγγελιζομένου

157 925 332 997 ἀκοὴν
363 928 588 997 εἰρήνης
607 968 619 991 ,
643 925 717 989 ὡς
746 927 1233 999 εὐαγγελιζόμενος
1254 929 1452 998 ἀγαθὰ,
1480 929 1752 1001 ἀκουστὴν

154 1019 377 1088 ποιήσω
400 1017 499 1089 τὴν
533 1018 806 1089 σωτηρίαν
835 1036 950 1078 σου,
986 1020 1160 1089 λέγων
1180 1038 1193 1051 ·
1242 1020 1401 1083 Σιὼν,
1442 1021 1752 1092 βασιλεύσει

141 1120 256 1160 σου
300 1109 329 1160 6
356 1108 520 1173 Θεὸς,
559 1128 576 1160 ι
609 1112 942 1182 σαφέστερον
977 1112 1027 1163 οἰ
1064 1111 1242 1165 λοιποὶ
1270 1112 1634 1167 ἐκδεδώκασιν
1659 1115 1752 1186 ἐρ-

157 1201 427 1272 μηνευταί
449 1218 462 1230 ·
508 1205 536 1254 6
575 1203 671 1273 μὲν
717 1203 948 1267 Ἀκύλας
986 1203 1192 1269 εἰπὼν,
1230 1225 1248 1256 ι
1279 1206 1345 1258 Τί
1385 1205 1749 1278 ὼραιώθησαν

153 1295 248 1346 ἐπὶ
274 1295 344 1347 τά
374 1293 474 1366 ὅρη
509 1295 668 1358 πόδες
700 1296 1213 1367 εὐαγγελιζομένου,
1248 1299 1629 1363 ἀκουτίζοντος
1671 1301 1751 1352 εἰ-

155 1387 350 1459 ρήνην,
378 1388 868 1458 εὐαγγελιζομένου
910 1389 1134 1458 ἀγαθὸν,
1160 1390 1542 1456 άκουτίζοντος
1573 1410 1748 1465 σωτη-

147 1483 280 1553 ρίαν
302 1523 317 1546 ,
349 1483 601 1551 λέγοντος
624 1485 690 1553 τῇ
713 1481 852 1536 Σιών
873 1501 886 1514 ·
925 1483 1304 1538 Ἐϐασίλευσεν
1334 1487 1362 1538 6
1393 1485 1526 1550 Θεός
1562 1503 1658 1540 σου
1681 1504 1695 1553 ;
1720 1507 1739 1540 ι

152 1575 249 1628 καὶ
271 1576 302 1628 6
326 1575 619 1645 Σύμμαχος
643 1576 821 1646 φήσας
839 1592 852 1606 ’
877 1593 895 1626 ι
919 1575 984 1627 Τί
1001 1576 1299 1647 εὐπρεπεῖς
1328 1573 1420 1630 ἐπὶ
1442 1577 1550 1631 τῶν
1573 1580 1743 1650 ὀρέων

152 1666 321 1730 πόδες
345 1665 853 1736 εὐαγγελιζομένου,
887 1667 1159 1738 ἀκουστὴν
1188 1667 1470 1732 ποιοῦντος
1494 1671 1739 1740 εἰρήνην,

1861 476 2056 536 praeter
2080 468 2202 523 illos
2230 470 2513 538 populum,
2542 467 2791 538 adjungit
2816 488 2828 522 :
2862 488 2880 520 ι
2916 468 3127 526 Idcirco
3151 479 3446 542 cognoscet

1859 560 2095 628 populus
2113 575 2266 614 meus
2281 576 2478 615 nomen
2495 576 2695 615 meum.
2730 581 2748 614 ›
2770 562 2973 617 Deinde
2993 564 3153 617 docet
3173 562 3318 633 quod
3336 579 3446 619 non

1860 647 2039 718 alitis,
2077 652 2172 706 sed
2210 653 2325 722 ipse
2356 654 2449 722 qui
2482 655 2537 707 in
2584 654 2869 726 prophetis
2905 655 3232 725 loquebatur
3262 654 3446 709 Domi—

1857 753 1986 804 nus,
2017 742 2327 796 versabitur
2355 744 2482 797 olim
2509 745 2562 797 in
2597 745 2700 798 hac
2729 745 2860 808 vita,
2894 745 2980 800 his
3013 747 3197 801 verbis
3231 766 3242 800 :
3275 764 3293 795 ι
3335 745 3444 814 Ego

1858 842 2003 892 sum,
2038 829 2156 899 ipse
2186 832 2280 901 qui
2314 833 2532 902 loquor,
2559 832 2778 889 adsum.
2817 854 2838 886 ι
2875 835 3013 888 lllud
3044 843 3226 889 autem
3261 854 3274 889 :
3313 853 3331 885 ι
3376 833 3445 889 Ut

1856 918 2170 978 formositas
2221 925 2278 979 in
2334 926 2639 992 montibus,
2684 938 2746 981 ut
2797 927 2963 998 pedes
3016 929 3444 999 evangelizantis

1854 1014 2101 1069 auditum
2130 1018 2304 1087 pacis,
2331 1019 2500 1088 utqui
2526 1019 2744 1073 nuntiat
2771 1020 2914 1075 bona
2937 1060 2951 1084 ,
2980 1021 3219 1074 auditam
3245 1020 3441 1074 faciam

1854 1105 2084 1161 salutem
2120 1115 2292 1176 tuam,
2334 1111 2523 1165 dicens
2559 1131 2571 1165 :
2604 1110 2758 1176 Sion,
2794 1128 2890 1167 rex
2919 1121 3050 1166 tuus
3079 1114 3184 1168 erit
3215 1112 3379 1176 Deus,
3415 1133 3436 1166 ι

1853 1197 2205 1256 manifestius
2226 1203 2422 1273 reliqui
2447 1212 2836 1259 converterunt
2858 1205 3216 1274 interpretes:
3243 1206 3437 1276 Aquila

1852 1290 2070 1360 quidem
2104 1291 2157 1345 in
2199 1292 2344 1348 hunc
2371 1295 2628 1349 modum:
2668 1315 2686 1346 ι
2716 1293 2856 1361 Quid
2895 1296 3128 1364 speciosi
3153 1295 3280 1350 facti
3312 1304 3442 1352 sunt

1849 1396 2018 1452 super
2042 1393 2275 1452 montes,
2305 1385 2470 1456 pedes
2497 1389 2960 1458 evangelizantis?
2980 1389 3100 1457 ejus
3127 1390 3218 1459 qui
3251 1389 3442 1446 audire

1847 1473 1979 1529 facit
2001 1477 2224 1546 pacem?
2247 1478 2367 1544 ejus
2387 1479 2483 1549 qui
2513 1481 2729 1533 nuntiat
2744 1481 2966 1544 bonum,
2987 1482 3078 1552 qui
3103 1483 3292 1538 audire
3310 1482 3441 1537 facit

1847 1567 2100 1632 salutem,
2137 1569 2370 1626 dicentis
2402 1571 2507 1641 ipsi
2543 1570 2673 1626 Sion
2707 1589 2720 1624 :
2755 1570 3021 1642 Regnavit
3047 1569 3190 1629 Deus
3214 1573 3380 1629 tuus?
3412 1593 3434 1626 ι

1851 1655 2209 1728 Symmachus
2228 1676 2358 1715 vero
2384 1680 2397 1716 :
2425 1680 2444 1712 ι
2479 1662 2591 1716 Cur
2611 1663 2867 1718 decentes
2895 1665 2950 1718 in
2971 1665 3246 1719 montibus
3275 1664 3442 1734 pedes

151 1757 644 1828 εὐαγγελιζομένου
673 1757 853 1826 ἀγαθὰ
874 1797 889 1822 ,
924 1759 1198 1830 ἀκουστὴν
1236 1758 1518 1824 ποιοῦντος
1565 1777 1743 1832 σωτη-
1772 1751 1814 1806 Β
1843 1765 1948 1806 θνα

1845 1752 2304 1822 evangelizantis?
2336 1755 2577 1810 auditam
2627 1756 2878 1812 facientis
2921 1772 3132 1827 pacem,
3163 1759 3440 1829 evangeli-

154 1849 279 1918 ρίαν
303 1889 319 1914 ,
340 1848 588 1918 λέγοντος
612 1850 680 1920 τῇ
712 1848 850 1902 Σιών
868 1865 880 1878 '
925 1848 1306 1903 Ἐϐασίλευσεν
1344 1850 1373 1901 6
1407 1849 1540 1914 Θεὸς
1568 1867 1660 1903 σου
1680 1869 1694 1917 ;
1717 1869 1735 1901 ι

148 1939 274 1992 ἀντὶ
305 1939 362 1992 δὲ
390 1939 518 2004 τῶν,
548 1959 568 1991 ‹
592 1939 748 2011 Φωνὴ
774 1939 882 1994 τῶν
905 1940 1289 2009 φυλασσόντων
1323 1958 1384 1994 σε
1412 1941 1623 2013 ὑψώθη,
1649 1944 1744 1996 καὶ

141 2033 218 2102 τῇ
273 2034 425 2103 φωνῇ
468 2033 586 2104 ἅμα
627 2033 1096 2105 εὐφρανθήσονται
1117 2051 1130 2063 ·
1165 2035 1248 2088 ὅτι
1275 2035 1576 2105 ὀφθαλμοῖς
1607 2036 1744 2107 πρὸς

145 2121 466 2195 ὀφθαλμοὺς
494 2124 715 2194 ὄψονται
739 2143 754 2157 ·
784 2145 802 2178 ι
848 2127 877 2178 6
911 2127 1009 2197 μὲν
1033 2126 1332 2198 Σύμμαχος
1359 2127 1529 2192 οὕτως
1557 2130 1742 2200 ἡρμή-

145 2232 334 2270 νευσε
381 2235 400 2268 ί
428 2218 583 2287 Φωνὴ
609 2217 718 2272 τῶν
760 2218 979 2271 σκοπῶν
1020 2236 1114 2271 σου
1152 2220 1368 2291 ἐπῆραν
1403 2221 1607 2291 φωνὴν,
1651 2221 1743 2273 ἐπὶ

145 2305 215 2359 τὸ
256 2307 389 2360 αὐτὸ
435 2309 773 2362 αἰνέσουσινο
829 2309 1262 2380 ὀφθαλμοφανῶς
1297 2310 1404 2382 γὰρ
1437 2311 1679 2380 ὄψονται.
1718 2331 1738 2363 ι

133 2397 412 2467 Δέγοιντο
440 2399 486 2452 δ’
522 2400 589 2453 ἂν
617 2401 676 2454 ἐν
705 2400 913 2465 τούτοις
945 2402 1138 2455 σκοποὶ
1166 2405 1214 2455 oi
1258 2404 1391 2475 ἱεροὶ
1427 2404 1522 2456 τοῦ
1556 2405 1743 2475 Σωτῆ-

146 2506 250 2562 ρος
279 2491 436 2562 ἡμῶν
467 2493 755 2547 ἀπόστολοι
781 2534 796 2559 ,
827 2495 876 2547 οἳ
905 2495 1029 2558 καὶ,
1068 2494 1502 2566 ὁφθαλμοφανῶς
1551 2497 1744 2562 ἰδόντες

141 2581 243 2635 τὸν
293 2587 772 2656 προφητευόμενον
793 2625 807 2650 ,
843 2585 1066 2656 ὕψωσαν
1096 2587 1278 2641 αὐτῶν
1321 2588 1422 2660 τὴν
1453 2589 1635 2660 φωνὴν
1666 2591 1746 2654 είς

141 2677 338 2728 πᾶσαν
366 2676 465 2746 τὴν
489 2678 823 2749 οἰκουμένην
853 2678 1209 2750 κηρύξαντες.
1253 2679 1390 2733 Σιὼν
1423 2681 1479 2734 δέ
1514 2683 1608 2735 καὶ
1644 2683 1744 2736 Ἱε-

139 2766 441 2840 νρουσαλὴμ
474 2769 573 2838 τὴν
612 2770 670 2822 ἐν
708 2773 822 2834 τοῖς
855 2771 1037 2834 τόποις
1087 2772 1578 2845 εὐαγγελιζομένην
1607 2771 1746 2828 οἶδεν

141 2862 284 2913 ἐπου
295 2860 514 2931 ρανίους
539 2861 568 2912 6
607 2861 928 2926 Ἀπόστολος
949 2904 963 2926 ,
995 2862 1061 2915 δι’
1085 2857 1160 2917 ὧν
1185 2881 1348 2935 φησιν
1374 2884 1386 2896 ·
1422 2885 1439 2916 ι
1472 2867 1537 2920 Ἠ
1559 2867 1616 2921 δὲ
1634 2867 1746 2922 ἄνω

153 2950 523 3022 Ἰερουσαλὴμ
547 2951 810 3024 ἐλευθέρα
835 2954 1004 3018 ἐστὶν,
1029 2955 1150 3025 ἥτις
1177 2957 1293 3008 ἐστὶ
1322 2959 1504 3031 μήτηρ
1529 2959 1738 3030 ἡμῶν»

139 3039 268 3103 καὶ,
305 3057 326 3091 ι
356 3039 804 3112 Προσεληλύθατε
837 3041 976 3096 Σιὼν
1008 3043 1123 3116 ὄρει
1155 3046 1249 3098 καὶ
1280 3047 1431 3100 πόλει
1453 3048 1587 3102 Θεοῦ
1611 3051 1741 3115 ζῶν-

138 3148 262 3196 τος,
279 3132 635 3204 Ἰερουσαλὴμ
666 3134 974 3207 ἐπουρανίῳ
999 3175 1014 3200 ,
1064 3138 1158 3190 καὶ
1194 3140 1450 3210 μυριάσιν
1491 3141 1738 3210 ἀγγέλων

141 3224 480 3297 πανηγύρει.
514 3244 534 3277 ι
563 3226 792 3294 Λέγοιτο
812 3227 858 3280 δ’
883 3227 948 3281 ἂν
979 3227 1116 3282 Σιὼν
1145 3231 1238 3284 καὶ
1271 3232 1305 3301 ἡ
1333 3233 1411 3295 εἰς
1444 3231 1621 3286 πάντα
1647 3233 1739 3287 τὸν

140 3319 246 3371 ἐπὶ
290 3319 396 3389 γῆς
439 3317 604 3373 τόπον
629 3319 720 3374 διὰ
749 3321 985 3392 Χριστὸν
1031 3323 1276 3376 συστᾶσα
1308 3323 1630 3394 Ἐκκλησία,
1663 3325 1739 3389 ὡς

139 3410 247 3464 καὶ
300 3410 664 3482 Ἰερουσαλὴμ
709 3413 820 3464 πᾶν
864 3412 925 3466 τὸ
967 3411 1218 3477 θεοσεϐὲς
1255 3413 1534 3486 τόπισμα,
1583 3415 1612 3468 ὃ
1644 3417 1740 3469 καὶ

139 3499 306 3572 παρὰ
346 3500 527 3572 μόνοις
554 3500 824 3556 Ἰουδαίων
857 3504 970 3565 τοῖς
997 3501 1163 3556 πάλαι
1206 3503 1268 3556 τὸ
1311 3504 1441 3574 πρὶν
1488 3505 1739 3570 συνεστὸς

138 3595 230 3657 εἰς
305 3593 544 3664 ἐρημίαν
613 3593 704 3647 διὰ
755 3593 858 3657 τὰς
915 3594 1235 3660 δυσσεϐείας
1289 3596 1468 3651 αὐτῶν
1529 3599 1739 3668 περιτέ-

139 3703 394 3760 τραπται
415 3703 428 3716 ο
454 3682 550 3740 εἶτ’
580 3683 645 3741 αὖ
683 3687 845 3742 πάλιν
868 3689 968 3759 τῆς
1003 3689 1096 3741 ἐπὶ
1131 3689 1190 3742 τὸ
1227 3695 1471 3762 κρεῖττον
1501 3691 1741 3744 ἀνανεώ-

144 3796 291 3843 σεως
321 3777 482 3849 ἔτυχε
504 3777 593 3831 διὰ
634 3779 731 3848 τῆς
779 3779 875 3832 τοῦ
911 3780 1339 3853 Σωτῆροςήμῶν
1375 3781 1696 3850 ἐπιφανείας
1721 3798 1735 3812 ·

142 3870 241 3925 Διὸ
275 3871 444 3943 φησὶν
470 3873 504 3943 ἡ
534 3871 872 3942 προφητεία·
913 3891 933 3924 ι
956 3873 1201 3944 Ῥηξάτω
1245 3875 1584 3946 εὐφροσύνην
1623 3874 1739 3945 ἅμα

141 3962 218 4015 τὰ
265 3962 451 4034 ἔρημα
495 3962 881 4034 Ἰερουσαλήμ·
933 3964 1016 4016 ὅτι
1047 3963 1247 4036 ἠλέησε
1293 3965 1499 4036 Κύριος
1547 3965 1736 4036 αὐτὴν,

142 4054 244 4108 καὶ
269 4055 544 4126 ἐρρύσατο
581 4055 955 4127 Ἰερουσαλήμ.
989 4075 1009 4107 ι
1038 4056 1153 4108 Οὐκ
1175 4055 1242 4109 ἂν
1264 4057 1321 4108 δὲ
1348 4057 1618 4129 ἁμάρτοις
1640 4058 1739 4130 τὴν

142 4144 357 4207 παντὸς
381 4144 539 4212 ἁγίου
564 4145 658 4198 καὶ
680 4144 961 4214 θεοφιλοῦς
983 4146 1180 4218 ψυχὴν,
1205 4147 1341 4200 καθὸ
1373 4148 1472 4218 μὲν
1501 4149 1738 4220 ἐπῆρται

140 4235 230 4307 τῷ
268 4233 391 4304 βίῳ,
412 4236 474 4288 τὸ
505 4236 808 4307 πολίτευμα
832 4237 1032 4308 ἔχουσα
1075 4241 1132 4291 ἐν
1162 4240 1436 4310 οὐρανοῖς,
1462 4239 1739 4292 σκοποῦσα

139 4328 216 4380 τά
269 4327 638 4399 ὑπερκόσμια,
683 4327 819 4381 Σιὼν
873 4329 1152 4400 ὀνομάζων
1201 4331 1592 4403 (ἑρμηνεύεται
1629 4331 1739 4401 γὰρ

131 4419 658 4491 ισκοπευτήριον)·
693 4421 826 4473 καθὸ
857 4420 911 4473 δὲ
959 4424 1016 4474 ἐν
1048 4423 1337 4493 εὐσταθείᾳ
1389 4424 1484 4477 καὶ
1524 4427 1734 4499 γαλήνῃ
1769 4458 1812 4514 D

138 4509 347 4564 παθῶν
407 4511 1136 4584 καθέστηκεν,”1ερουσαλὴμ
1182 4513 1350 4585 αὐτὴν
1404 4514 1693 4568 ἀποκαλῶν
1717 4532 1732 4548 ο

137 4600 372 4668 ὅρασιν
386 4600 494 4671 γὰρ
522 4601 767 4669 εἰρήνης
793 4601 1132 4673 μταληφθέν
1178 4602 1418 4674 τοῦνομα
1455 4606 1731 4675 σημαίνει.

141 4690 378 4753 Τούτοις
415 4690 725 4756 ἀκολούθως
768 4695 802 4764 ἡ
843 4693 952 4748 τῶν
1001 4694 1172 4748 ἐθνῶν
1205 4696 1296 4748 ἐπὶ
1322 4694 1422 4766 τὴν
1454 4697 1736 4750 εὐσέϐειαν

137 4780 245 4834 τοῦ
273 4779 412 4832 Θεοῦ
443 4780 635 4852 κλῆσις
669 4783 1044 4854 ἐναργέστατα
1063 4783 1314 4855 δηλοῦται
1340 4784 1427 4838 διὰ
1440 4786 1555 4850 τοῦ,
1584 4806 1602 4836 ι
1626 4788 1736 4840 Καὶ

134 4873 496 4945 ἀποκαλύψει
541 4875 744 4948 Κύριος
789 4879 818 4930 6
865 4877 1000 4941 Θεὸς
1046 4877 1136 4933 τὸν
1169 4877 1429 4949 βραχίονα
1457 4880 1548 4932 τὸν
1583 4879 1737 4946 ἅγιον

140 4966 320 5020 αὐτοῦ
347 4965 574 5022 ἐνώπιον
606 4968 822 5022 πάντων
854 4970 962 5022 τῶν
1000 4970 1170 5023 ἐθνῶν
1192 4987 1204 4999 ’
1241 4971 1335 5024 καὶ
1359 4971 1580 5042 ὄψονται
1607 4973 1741 5026 πάν-

137 5076 214 5112 τα
258 5056 335 5109 τὰ
370 5057 516 5128 ἄκρα
557 5058 659 5128 τῆς
691 5060 795 5130 γῆς
839 5061 937 5132 τὴν
981 5063 1254 5133 σωτηρίαν
1299 5063 1396 5135 τὴν
1447 5064 1597 5136 παρὰ
1641 5065 1731 5118 τοῦ

138 5150 288 5204 Θεοῦ
319 5151 496 5221 ἡμῶν.
529 5171 550 5202 ο
583 5152 852 5223 Βραχίονα
893 5153 950 5206 δὲ
980 5154 1076 5206 τοῦ
1109 5154 1242 5208 Θεοῦ
1286 5155 1360 5227 μὴ
1389 5155 1548 5210 ἄλλον
1592 5154 1733 5210 εἶναι

136 5242 240 5295 τοῦ
280 5243 480 5310 Λόγου,
511 5243 606 5296 καὶ
638 5245 734 5314 τῆς
764 5246 983 5314 Σοφίας,
1015 5247 1109 5299 καὶ
1155 5247 1319 5300 αὐτοῦ
1365 5247 1459 5301 τοῦ
1499 5250 1732 5322 Κυρίου,

135 5336 199 5397 ὃς
239 5335 391 5387 ἐστιν
416 5335 446 5386 6
472 5335 706 5406 Χριστὸς
747 5337 842 5389 τοῦ
886 5338 1044 5403 Θεοῦ,
1076 5338 1283 5409 νόμιζε.
1319 5339 1487 5392 Τοῦτο
1513 5339 1642 5408 γοῦν
1671 5341 1735 5392 ἐκ

138 5425 360 5480 πολλῶν
392 5429 738 5499 παραστῆσαι
774 5429 1171 5500 ρᾴδιον.”Εχεις
1204 5430 1261 5483 δέ
1291 5432 1385 5485 καὶ
1414 5433 1471 5486 ἐν
1513 5431 1734 5498 Ἐξόδῳ

135 5521 237 5575 τὸν
282 5521 502 5595 Ἰσραὴλ
534 5522 778 5593 βραχίονι
816 5523 950 5576 Θεοῦ
998 5523 1261 5595 ρυσθέντα
1303 5527 1402 5597 τῆς
1450 5529 1541 5583 ὐπ’
1566 5530 1733 5598 Δίγυ-

214 5679 264 5710 ³⁶
299 5677 477 5734 Galat.
505 5695 578 5744 iv,
613 5679 703 5734 ‘26.
781 5681 822 5710 ³⁷
858 5678 1018 5735 llebr.
1047 5697 1142 5746 xu,
1165 5680 1255 5736 22.

1845 1847 2019 1899 zantis
2041 1847 2207 1910 bona,
2231 1847 2473 1903 auditam
2497 1848 2752 1905 facientis
2783 1852 3049 1906 salutem?
3073 1851 3303 1907 dicentis
3332 1851 3438 1922 ipsi

1847 1931 1976 1989 Sion
2008 1952 2022 1988 :
2049 1934 2316 2007 Regnavit
2338 1938 2482 1995 Deus
2503 1942 2670 1996 tuus?
2708 1961 2726 1992 ι
2762 1957 2860 2011 pro
2888 1957 2953 1997 co
2981 1958 3113 1997 vero
3141 1944 3288 2013 quod
3313 1954 3398 1999 est
3421 1962 3436 1998 :

1849 2044 1869 2078 ι
1908 2025 2019 2082 Vox
2065 2029 2493 2086 custodientium
2543 2039 2596 2086 te
2643 2034 2876 2086 cxaltata
2909 2043 3014 2101 est,
3056 2043 3111 2089 et
3151 2050 3274 2090 cum
3305 2051 3441 2091 voce

1845 2117 2008 2172 simul
2045 2119 2408 2186 laetabuntur,
2441 2122 2700 2192 quoniam
2736 2125 2914 2180 oculis
2957 2125 3025 2180 ad
3065 2128 3256 2183 oculos
3284 2126 3438 2184 vide-

1844 2208 2002 2273 bunt,
2041 2229 2059 2261 ι
2091 2210 2461 2282 Symmachus
2493 2215 2712 2284 quidem
2767 2217 2846 2270 sic
2875 2217 3264 2286 interpretatus
3311 2228 3434 2274 est:

1850 2320 1869 2352 ι
1918 2300 2034 2355 Vox
2085 2305 2493 2371 speculatorum
2526 2314 2747 2360 tuorum
2779 2309 3093 2362 extulerunt
3119 2325 3332 2376 vocem,
3379 2313 3432 2366 in

1845 2392 1900 2446 id
1931 2392 2108 2462 ipsum
2141 2394 2462 2458 laudabunt,
2488 2397 2670 2465 palam
2706 2398 2851 2452 enim
2892 2401 3068 2454 oculis
3093 2401 3375 2455 videbunt.
3411 2422 3430 2454 ι

1846 2482 1963 2538 Dici
1992 2499 2157 2553 porro
2189 2485 2244 2538 in
2274 2485 2361 2540 his
2390 2486 2765 2554 speculatores
2788 2487 3065 2553 videntur,
3093 2493 3437 2547 sacrosancti

1848 2574 2154 2631 Salvatoris
2190 2577 2365 2633 nostri
2399 2579 2656 2648 apostoli,
2698 2581 2792 2650 qui
2825 2581 3004 2650 palam
3038 2582 3214 2638 oculis
3253 2582 3436 2637 intuiti

1845 2685 1993 2737 eum,
2026 2669 2092 2725 de
2119 2685 2228 2740 quo
2263 2672 2540 2742 propheta:
2584 2673 2970 2742 loquebantur,
3010 2675 3326 2728 extulerunt
3349 2691 3438 2729 vo-

1846 2777 1963 2818 cem
2013 2777 2169 2817 suam
2200 2764 2255 2817 in
2289 2770 2463 2818 totum
2497 2771 2769 2818 terrarum
2807 2765 3016 2830 orbem,
3053 2765 3207 2818 illum
3252 2765 3433 2834 ipsum

1845 2855 2225 2925 prredicantes.
2258 2856 2435 2925 Ipsam
2468 2871 2598 2910 vero
2635 2853 2768 2910 Sion
2796 2871 2860 2910 ac
2887 2855 3192 2911 Jerusalem
3228 2871 3350 2926 quae
3377 2857 3434 2910 in

1847 2948 1984 3002 locis
2009 2947 2438 3018 evangelizatur,
2465 2948 2520 3002 in
2543 2948 2683 3003 ccelo
2715 2949 2936 3019 agnovit
2965 2949 3080 3019 ipse
3110 2948 3429 3018 Apostolus,

1848 3035 1958 3089 illis
2005 3035 2189 3090 verbis
2228 3055 2240 3088 :
2296 3053 2315 3086 ι
2377 3034 2640 3105 Superior
2688 3047 2870 3092 autem
2908 3036 3212 3092 Jerusalem
3259 3038 3433 3093 libera

1841 3134 1947 3192 est,
1965 3142 2088 3196 quae
2105 3135 2190 3183 est
2209 3135 2382 3181 mater
2394 3135 2585 3182 nostra
2600 3129 2665 3196 ’°,
2680 3146 2699 3179 ι
2721 3138 2773 3184 et
2795 3147 2808 3183 :
2833 3129 3188 3186 «Accessistis
3205 3130 3274 3186 ad
3299 3129 3434 3188 Sion

1840 3227 2084 3275 montem
2099 3227 2152 3275 et
2172 3220 2240 3274 ad
2261 3220 2537 3276 civitatem
2566 3219 2662 3276 Dei
2681 3222 2915 3278 viventis
2935 3221 3240 3278 Jerusalem
3268 3224 3434 3280 caele-

1841 3321 2061 3373 stem,et
2073 3313 2366 3367 multorum
2383 3313 2614 3367 millium
2629 3314 2945 3384 angelorum
2961 3315 3392 3386 frequentiam".
3408 3335 3427 3368 ι

1841 3406 1957 3462 Dici
1978 3423 2106 3462 vero
2124 3405 2255 3461 Sion
2280 3406 2480 3477 poterit
2500 3408 2663 3462 etiam
2689 3422 2776 3473 ea,
2796 3423 2918 3479 qua:
2952 3408 3010 3464 in
3040 3423 3258 3465 omnem
3272 3420 3434 3466 term

1840 3501 2044 3561 locum,
2080 3514 2176 3569 per
2205 3495 2486 3554 Christum
2504 3498 2805 3554 constituta
2825 3507 2911 3556 est
2935 3498 3203 3567 Ecclesia,
3238 3517 3431 3572 quem-

1841 3590 2133 3645 admodum
2163 3589 2467 3646 Jerusalem
2500 3605 2663 3646 omne
2691 3591 2840 3660 pium
2855 3605 2920 3645 ac
2933 3591 3248 3662 religiosum
3269 3594 3430 3649 civile

1841 3681 2171 3746 institutum,
2194 3682 2341 3752 quod
2358 3697 2480 3737 cum
2507 3682 2651 3753 apud
2670 3682 2817 3736 solos
2835 3691 3046 3737 veteres
3063 3681 3281 3738 Judaeos
3296 3684 3427 3738 olim

1839 3776 2150 3841 exsisteret,
2166 3775 2219 3828 in
2247 3775 2598 3830 solitudinem
2621 3782 2844 3845 propter
2857 3774 3100 3845 ipsorum
3119 3776 3428 3846 impietates

1840 3883 2168 3923 conversum
2202 3878 2306 3934 est,
2339 3867 2539 3923 deinde
2567 3882 2764 3923 rursus
2794 3867 3206 3923 renovationem
3233 3869 3287 3924 in
3318 3885 3428 3924 me-

1841 3961 1948 4016 lius
1990 3969 2350 4017 consecutum
2380 3970 2465 4016 est
2487 4001 2504 4026 ,
2538 3976 2636 4032 per
2674 3960 2881 4017 Christi
2922 3959 3221 4017 Salvatoris
3250 3962 3427 4018 nostri

1841 4053 2153 4109 adventum.
2177 4052 2337 4124 305
2356 4054 2698 4124 QuaprOpter
2726 4053 2803 4108 ait
2821 4055 3108 4124 prophetia
3141 4073 3155 4109 :
3186 4073 3204 4106 ι
3233 4053 3428 4110 Erum-

1837 4151 1970 4215 pant
2002 4146 2238 4200 lmtitnam
2264 4146 2426 4200 simul
2455 4145 2668 4201 deserta
2684 4144 3010 4214 Jerusalem,
3037 4146 3296 4216 quoniam
3323 4150 3426 4202 mi-

1840 4246 2053 4294 seratus
2071 4247 2155 4294 est
2176 4238 2440 4296 Dominus
2463 4239 2658 4310 ipsam,
2690 4249 2744 4294 et
2758 4239 3009 4294 liberavit
3031 4237 3333 4295 Jerusalem
3355 4280 3369 4293 .
3398 4260 3419 4293 ι

1839 4329 2127 4398 Caeterum,
2150 4345 2423 4401 nusquam
2447 4346 2580 4386 sane
2612 4331 2856 4396 aberres,
2887 4331 2935 4385 si
2988 4331 3424 4402 uniuscujusque

1840 4421 1943 4475 viri
1977 4422 2152 4476 sancti
2179 4421 2399 4490 Deoque
2426 4421 2586 4475 amici
2611 4421 2872 4484 animam,
2898 4431 3168 4490 quatenus
3201 4423 3420 4491 quidem

1840 4529 2009 4584 supra
2061 4514 2204 4568 hanc
2233 4513 2399 4566 vitam
2446 4514 2590 4567 elata
2645 4519 2749 4578 est,
2806 4515 3006 4583 quippe
3050 4529 3172 4568 cum
3206 4514 3422 4570 incho

1839 4619 1999 4660 suum
2025 4604 2118 4674 jus
2150 4603 2389 4658 civitatis
2415 4604 2632 4671 habeat,
2661 4605 3165 4674 contempleturque
3199 4620 3262 4659 ea
3300 4619 3422 4676 quae

1840 4699 1962 4768 ipso
1987 4697 2190 4751 mundo
2217 4703 2345 4753 sunt
2375 4696 2682 4766 superiora,
2720 4697 2851 4751 Sion
2903 4697 3156 4753 nomines
3177 4699 3325 4769 (nam
3353 4717 3422 4755 ex

1843 4793 2291 4864 interpretatione
2340 4793 2747 4861 speculatorium
2789 4793 3113 4862 signiﬁcat);
3150 4802 3421 4863 quatenus

1841 4895 2023 4942 autem
2049 4888 2104 4941 in
2135 4888 2278 4942 bono
2307 4895 2454 4942 statu
2480 4895 2534 4941 et
2576 4887 2761 4957 quiete
2791 4885 3258 4956 perturbationum
3288 4902 3422 4941 cou-

1840 4979 2031 5034 stituta
2095 4987 2221 5042 est,
2268 4976 2573 5032 Jerusalem
2636 4977 2880 5032 eamdem
2945 4977 3206 5046 appelles.
3283 4976 3418 5032 Illud

1839 5070 1986 5124 enim
2027 5085 2226 5123 nomen
2253 5083 2617 5135 iconversum,
2661 5068 2914 5122 visionem
2946 5068 3092 5135 pacis
3121 5067 3416 5140 significat.

1838 5156 2040 5214 Ordine
2074 5158 2303 5227 posthac
2331 5157 2426 5213 Dei
2475 5157 2544 5210 ad
2594 5171 2779 5211 veram
2833 5157 3150 5225 religionem
3203 5157 3419 5212 vocatio

1841 5252 2104 5321 gentium,
2136 5251 2548 5307 evidentissime
2579 5248 2890 5303 declaratur
2909 5248 3020 5303 illis
3041 5246 3220 5302 verbis
3247 5264 3260 5298 :
3303 5265 3322 5299 ι
3351 5245 3417 5300 Ει

1841 5345 2104 5400 revelabit
2139 5343 2403 5399 Dominus
2437 5343 2581 5398 Deus
2608 5341 2892 5396 brachium
2930 5348 3178 5395 sanctum
3229 5356 3413 5404 suum,

1841 5436 1898 5489 in
1927 5445 2223 5504 conspectu
2257 5434 2502 5487 omnium
2534 5431 2796 5502 gentium,
2831 5438 2885 5484 et
2937 5430 3198 5485 videbunt
3223 5445 3416 5486 ouines

1841 5529 1977 5586 ﬁnes
2031 5537 2191 5585 terra:
2249 5528 2483 5585 salutem
2516 5541 2546 5580 a
2580 5525 2688 5582 Deo
2745 5533 2960 5580 nostro.
3001 5544 3019 5576 ι
3072 5522 3246 5578 Porro
3292 5523 3416 5577 bra-
