3828 6220
448 280 558 337 485

1125 278 1396 336 EUSEBII
1423 276 1904 337 CIESARIENSIS
1941 278 2100 336 OPP.
2126 276 2327 335 PARS.
2368 275 2434 335 ll.
2477 311 2550 323 ——
2584 278 3087 336 APOLOGETICA.

3628 282 3743 339 484

447 403 635 457 cliium
676 396 772 457 Dei
805 401 1122 472 neutiquam
1183 401 1335 456 aliud
1387 417 1512 458 esse
1562 402 1850 458 arbitreris
1869 416 2032 472 quam

2143 400 2320 466 πτίοις
2347 401 2611 466 δουλείας.
2644 402 2815 455 Αὐτὸν
2843 402 2907 473 δὴ
2942 402 3147 455 ἐκεῖνον
3195 402 3287 455 τὸν
3338 402 3603 474 βραχίονα
3642 406 3742 459 τοῦ

450 493 687 552 Verbum
710 503 765 552 et
799 494 1158 567 Sapientiam,
1187 502 1242 550 et
1269 496 1446 566 ipsum
1478 494 1791 561 Dominum,
1826 495 1922 566 qui
1950 505 2037 550 est

410 618 415 623 ’
446 588 705 644 Christus
739 586 856 645 Dei.
890 586 1007 644 Hoc
1034 588 1180 643 enim
1205 603 1272 643 ex
1308 587 1498 643 multis
1546 587 1840 644 ostendere
1874 587 2035 644 facile

444 689 553 736 est.
582 678 763 736 Habes
783 689 1045 750 praeterea
1070 680 1125 733 in
1155 676 1371 739 Exodo,
1404 676 1572 732 lsrael
1605 677 1673 732 ab
1706 674 2033 748 Egyptiaca

447 773 714 829 servitute
741 772 1038 826 liberatum
1069 771 1299 826 brachio
1332 768 1449 825 Dei.
1486 767 1669 840 Ipsum
1702 769 1870 839 igitur
1896 768 2032 824 illud

444 861 733 917 brachium
761 859 899 923 Dei,
934 858 1081 931 quod
1125 860 1297 915 veteri
1341 859 1542 929 populo
1573 859 1804 914 salutem
1856 859 2033 913 mani-

446 953 746 1010 festissime
769 952 970 1017 attulit,
999 952 1256 1008 omnibus
1278 951 1533 1021 gentibus
1561 950 1916 1021 aperiendum
1969 964 2034 1005 ac

448 1045 830 1118 detegendum,
870 1052 1135 1116 tanquam
1167 1044 1221 1099 id
1240 1043 1390 1115 quod
1445 1045 1599 1113 prius
1627 1043 2033 1099 occultum'es-

2140 491 2276 545 Θεοῦ
2323 491 2416 545 τὸν
2462 492 2808 562 ἅναφανέντα
2831 491 3054 562 σωτῆρα
3083 491 3178 544 τοῦ
3222 491 3392 545 πάλαι
3436 491 3571 546 λαοῦ
3603 496 3743 547 πᾶσι

2139 588 2253 650 τοῖς
2281 584 2493 638 ἔθνεσιν
2519 583 3186 655 ἀποκαλυφθήσεσθαι,ώς
3209 583 3275 638 ἂν
3297 583 3359 637 τὸ
3392 584 3528 655 πρὶν
3557 587 3745 638 ἐπικε-

2139 678 2480 750 κρυμμένον,
2523 680 2557 749 ή
2593 676 2844 748 παροῦσα
2879 676 3136 747 σημαίνει
3171 677 3504 748 προφητεία.
3539 677 3652 749 Τήν
3686 677 3744 731 δέ

2141 771 2446 843 σωτηρίαν,
2472 770 2541 841 ἦν
2588 786 2755 840 φησιν
2808 790 2826 821 ι
2856 769 3085 838 ὕψεσθαι
3133 769 3313 823 πάντα
3344 769 3416 823 τὰ
3445 771 3601 840 ἄκρα
3643 770 3747 839 τῆς

2139 862 2263 933 γῆς,
2296 880 2314 912 ³
2337 861 2432 915 καὶ
2461 860 2528 932 ἣν
2552 861 2822 933 ἀνώτερον
2851 859 3037 932 ἐδήλου
3071 860 3265 930 λέγων,
3286 861 3367 913 ὃτι
3387 870 3409 905 ι
3432 860 3746 931 Ἀκουστὴν

2141 954 2357 1024 ποιήσω
2379 952 2478 1023 τὴν
2504 952 2781 1024 σωτηρίαν
2815 969 2931 1017 σου,
2967 972 2987 1005 ι
3022 952 3132 1005 ἴσθι
3167 955 3235 1023 τῇ
3276 952 3553 1023 Ἑϐραίων
3588 954 3746 1024 φωνῇ

2140 1039 2220 1114 τῷ
2241 1044 2334 1098 τοῦ
2366 1042 2543 1116 Ἰησοῦ
2566 1044 2794 1116 ὀνόματι
2817 1043 3338 1117 προσαγορεύεσθαι.

448 1145 575 1205 set,
642 1153 887 1208 praesens
917 1137 1202 1209 prophetia
1242 1135 1537 1208 significat.
1592 1133 1835 1190 Salutem
1875 1150 2007 1190 vero
2053 1150 2220 1205 quam
2252 1139 2387 1194 dicit
2438 1138 2701 1195 «visuros
2755 1152 2947 1194 omnes
2990 1147 3152 1194 terra:
3186 1138 3390 1201 finesn
3458 1146 3522 1194 et
3578 1152 3745 1208 quam

442 1233 702 1305 superius
738 1233 1004 1290 indicavit
1045 1249 1174 1289 cum
1219 1232 1361 1288 dixit
1394 1246 1411 1286 :
1452 1250 1472 1283 ι
1507 1231 1763 1291 Auditam
1815 1230 2014 1285 faciam
2056 1232 2289 1289 salutem
2322 1242 2493 1301 tuam,
2523 1253 2546 1286 ι
2576 1235 2686 1291 cito
2715 1233 2861 1305 apud
2888 1232 3147 1290 Hebraeos
3176 1235 3295 1305 ipso
3326 1233 3494 1292 Iesus
3517 1232 3749 1290 nomn:

441 1328 728 1403 appellari.

1010 1444 1240 1504 CAPUT
1295 1444 1460 1502 XXV.

441 1560 523 1617 Ab
548 1561 752 1617 eodem.
787 1593 854 1607 σ-
891 1561 1046 1629 Quod
1088 1578 1274 1616 rursus
1326 1561 1586 1616 Dominus
1619 1598 1634 1621 ,
1660 1559 1835 1627 ipsum
1875 1557 2032 1626 plane

522 1632 622 1687 Dei
657 1631 903 1697 Verbum,
931 1643 1175 1687 venturus
1204 1643 1252 1686 et
1282 1642 1456 1703 gentes
1493 1639 1908 1701 congregaturus
1938 1643 2031 1681 ca-

514 1712 746 1758 neretur.

2646 1440 3047 1495 ΚΕΦΑΛᾹῘΟΝ
3084 1442 3214 1497 KE'.

2152 1552 2297 1611 Ἀπὸ
2324 1554 2431 1610 τοῦ
2460 1554 2667 1609 αὐτοῦ.
2701 1555 2880 1623 -Ὠς
2906 1550 3080 1626 αὖθις
3101 1557 3340 1626 Κύριος,
3366 1562 3404 1614 ό
3431 1561 3548 1614 τοῦ
3592 1565 3746 1619 θεοῦ

2212 1626 2804 1757 ίἑθῗιγὲζοεςὲαεῗρχάμενος,
2850 1625 2951 1680 καὶ
2992 1625 3068 1681 τὰ
3116 1625 3263 1698 ἔθνη
3311 1631 3619 1699 συνάξειν
3656 1640 3746 1689 θο-

517 1815 537 1847 ι
562 1794 704 1851 Ecce
727 1794 994 1849 Dominus
1022 1804 1081 1848 ut
1115 1793 1256 1864 ig'nis
1271 1794 1473 1858 veniet,
1507 1800 1562 1849 et
1580 1792 1724 1850 sicut
1739 1798 2032 1860 tempestas

2218 1806 2237 1838 ι
2262 1785 2390 1841 Ἰδοὺ
2423 1785 2629 1858 Κύριος
2676 1786 2753 1850 ὡς
2790 1785 2903 1858 πῦρ
2944 1785 3088 1859 ήξει,
3116 1788 3211 1842 καὶ
3257 1788 3343 1854 ὡς
3373 1794 3648 1861 καταιγὶς
3678 1795 3747 1850 τὰ

438 1902 646 1944 currus
659 1888 778 1957 ejus
803 1889 872 1950 ’⁸,
901 1905 921 1938 ι
941 1893 996 1940 et
1012 1901 1133 1957 qua:
1156 1893 1483 1955 sequuntur.
1514 1902 1534 1936 ‹
1567 1883 1712 1937 Dixit
1737 1881 2029 1936 Dominus:

447 1979 515 2033 Et
543 1992 647 2048 ego
674 1992 840 2047 Opera
873 1991 1065 2031 eorum
1114 1983 1170 2030 et
1208 1974 1596 2045 cogitationem
1657 1986 1846 2028 eorum
1894 1972 2031 2038 scio,

439 2081 496 2128 et
528 2088 631 2143 ego
661 2071 822 2125 venio
865 2083 1201 2139 congregare
1245 2081 1438 2122 omnes
1489 2075 1680 2136 gentes
1710 2072 1766 2119 et
1794 2062 2032 2133 linguas,

439 2172 496 2218 et
519 2162 739 2218 venient
764 2167 821 2216 et
849 2160 1114 2215 videbunt
1136 2158 1368 2229 gloriam
1403 2171 1579 2211 meam
1602 2195 1618 2221 ,
1645 2162 1701 2210 et
1726 2156 2033 2226 relinquam

438 2256 524 2312 cis
546 2255 786 2326 signum,
818 2260 873 2308 et
901 2253 1146 2307 emittam
1166 2266 1234 2305 ex
1261 2250 1346 2305 eis
1368 2248 1463 2319 qui
1499 2248 1694 2303 salvati
1728 2246 1934 2302 fuerint
1965 2245 2034 2299 ad

438 2354 654 2419 gentes,
686 2345 851 2417 306
888 2344 944 2399 in
978 2341 1229 2407 Tbarsis,
1255 2349 1311 2397 et
1359 2337 1541 2404 Pbud,
1577 2348 1633 2395 et
1663 2337 1802 2402 Lud,
1834 2345 1888 2393 et
1917 2336 2032 2392 Mo-

439 2436 598 2499 soch,
630 2444 685 2490 et
711 2433 941 2497 Tbobel,
996 2442 1053 2490 et
1097 2434 1152 2487 in
1186 2431 1476 2496 Graeciam,
1517 2437 1571 2485 et
1605 2427 1672 2483 ad
1702 2428 1913 2483 insulas
1943 2443 2031 2483 re-

440 2535 644 2592 motas,
678 2526 743 2579 ad
784 2540 883 2580 eos
929 2524 1025 2595 qui
1070 2538 1180 2578 non
1225 2521 1525 2577 audierunt
1578 2535 1779 2574 nomen
1829 2534 2030 2580 meum,

439 2633 618 2687 neque
648 2598 903 2672 viderunt
934 2630 1113 2671 meam
1160 2614 1418 2686 gloriam,
1450 2620 1506 2667 et
1539 2610 1887 2666 nuntiabunt
1912 2622 2032 2662 mea

437 2724 605 2780 opera
664 2709 718 2763 in
783 2708 1038 2779 gentibus
1058 2708 1177 2761 ὀ.»
1235 2705 1565 2760 Planissime
1628 2704 1795 2759 etiam
1836 2704 1892 2757 in
1946 2702 2033 2756 bis

440 2800 659 2857 Domini
721 2800 993 2855 adventus
1026 2799 1094 2853 ad
1139 2799 1392 2854 homines
1439 2797 1755 2863 indicatur;
1802 2804 1857 2849 et
1897 2810 2038 2864 quo-

439 2895 586 2949 niam
619 2894 711 2948 hic
737 2893 945 2948 dictum
971 2899 1077 2957 est,
1100 2891 1254 2946 illum
1276 2897 1338 2944 ut
1359 2890 1539 2961 ignem
1578 2897 1897 2952 venturum,
1919 2903 2034 2942 me-

437 2986 546 3039 rito
577 2984 831 3038 Salvator
885 2989 1075 3037 noster
1108 2981 1185 3034 ait
1218 2997 1232 3031 :
1275 2999 1293 3032 ι
1319 2981 1507 3050 Ignem
1559 2979 1684 3035 veni
1729 2979 1947 3034 mittere
1975 2977 2033 3032 in

439 3084 667 3139 terram,
698 3082 754 3128 et
777 3074 911 3145 quid
940 3073 1066 3128 volo
1098 3074 1143 3127 si
1165 3071 1278 3142 jam
1309 3084 1579 3126 accensus
1615 3077 1701 3125 est
1726 3069 1806 3123 ’°?
1838 3088 1857 3120 ι
1893 3068 2032 3123 Cur-

442 3182 540 3219 rus
569 3179 702 3219 vero
744 3140 887 3232 ejus,
918 3140 1188 3233 stipantes
1241 3159 1424 3231 ipsum
1478 3159 1694 3216 divinas
1731 3165 2031 3230 potestates
2057 3140 2104 3202 ο

442 3258 918 3325 inservientesque
977 3255 1085 3326 ipsi
1137 3262 1363 3308 sanctos
1418 3251 1644 3322 angelos
1676 3290 1692 3316 ,
1747 3248 2032 3306 commode

439 3349 670 3412 dixeris,
721 3347 790 3402 de
811 3347 1016 3417 quibus
1049 3345 1184 3399 illud
1215 3345 1426 3400 dictum
1471 3353 1593 3400 est:
1640 3362 1660 3396 ι
1693 3342 1759 3396 Ει
1790 3357 2035 3397 accesse-

442 3447 573 3495 runt
620 3438 799 3510 angeli
845 3446 903 3493 et
954 3437 1346 3493 ministrabant
1379 3437 1429 3492 ei
1460 3437 1528 3504 ³¹,
1560 3456 1580 3489 ι
1621 3444 1846 3492 sanctos
1899 3435 2031 3489 item

436 3532 689 3600 ejusdem
723 3529 1002 3601 apostolos
1035 3543 1103 3583 ac
1135 3528 1461 3599 discipulos,
1494 3528 1696 3598 quibus
1747 3527 2031 3582 invectum

441 3622 629 3679 divina
649 3629 813 3692 atque
843 3619 1105 3675 invisibili
1137 3619 1342 3674 virtute
1374 3618 1471 3674 Dei
1516 3618 1783 3685 Verbum,
1807 3632 2028 3673 omnem

440 3715 742 3788 permeavit
765 3722 1037 3768 terrarum
1069 3712 1280 3767 orbem.
1314 3710 1503 3767 Potest
1533 3712 1696 3766 etiam
1730 3711 1889 3765 aliter
1922 3711 2033 3764 dici

440 3807 512 3861 ad
533 3807 759 3881 verbum
785 3823 801 3859 :
830 3804 1011 3876 Ignem
1040 3810 1096 3859 et
1131 3820 1331 3859 currus
1360 3818 1467 3857 una
1497 3818 1621 3858 cum
1639 3804 1762 3872 ejus
1795 3802 2032 3857 adventu

440 3899 777 3963 denuntiari,
825 3905 1048 3969 propter
1083 3912 1241 3963 eam,
1275 3913 1399 3967 qua:
1452 3895 1754 3952 Jerusalem
1808 3910 2035 3965 oppres-

439 3993 539 4057 sit,
568 3991 910 4048 obsidionem
942 3998 1066 4061 post
1118 3987 1421 4044 Salvatoris
1475 3989 1652 4043 nostri
1695 3988 2028 4043 adventum:

443 4093 570 4157 post
603 4099 766 4155 quem
816 4083 960 4137 haud
1013 4082 1211 4145 multo,
1273 4081 1536 4150 templum
1585 4079 1806 4150 quidem
1853 4080 2032 4150 ipsum

442 4177 571 4249 igne
613 4177 900 4232 incensum
945 4180 1052 4237 est,
1078 4180 1134 4228 et
1161 4179 1466 4228 extremam
1511 4173 1737 4243 pertulit
1765 4172 2035 4227 vastatio-

444 4283 592 4323 nem.
636 4266 780 4322 Urbs
814 4280 944 4321 vero
969 4264 1311 4319 circumdata
1371 4274 1457 4319 est
1497 4263 1755 4319 curribus
1793 4271 1847 4318 et
1874 4278 2034 4318 exer-

442 4358 647 4413 citibus
667 4356 913 4423 bellicis;
946 4361 1073 4427 post
1109 4368 1274 4425 quem
1308 4368 1502 4409 casum
1522 4354 1687 4408 etiam
1711 4368 1774 4407 ea
1809 4367 1932 4421 qua:
1965 4350 2033 4405 de

443 4448 932 4520 cunctisgentibus
972 4446 1234 4518 praedicta
1281 4446 1515 4512 fuerant,
1567 4445 1696 4500 huic
1734 4443 2032 4516 prophetiae

443 4549 881 4596 consentaneum
912 4539 1073 4595 finem
1117 4520 1322 4595 ‘sortita
1383 4545 1534 4594 sunt.
1581 4537 1874 4599 Caeterum,
1906 4522 2053 4604 quis.

446 4647 559 4691 non
590 4632 892 4687 admiretur
939 4630 1171 4686 audiens
1225 4628 1520 4685 Dominum
1580 4645 1677 4701 per
1709 4628 2031 4701 prOphetam

444 4723 756 4780 dicentem:
796 4743 816 4776 ι
855 4723 1028 4780 Venio
1055 4738 1393 4795 congregare
1406 4739 1597 4780 onmes
1628 4731 1817 4794 gentes
1838 4730 1893 4777 et
1924 4723 2030 4777 lin-

445 4831 607 4887 guas,
641 4836 661 4869 ι
694 4832 819 4871 cum
843 4818 1023 4873 videat
1067 4818 1124 4872 in
1155 4818 1305 4873 omni
1341 4857 1356 4882 ,
1389 4830 1730 4888 quaecunque
1757 4815 1826 4869 ab
1856 4815 2033 4868 homi-

446 4907 614 4964 nibus
642 4907 921 4964 habitatur
944 4951 960 4978 ,
999 4918 1169 4977 terra,
1202 4925 1302 4983 per
1340 4908 1641 4964 Salvatoris
1697 4907 1873 4962 nostri
1899 4905 2032 4963 Jcsu

446 5000 656 5058 Christi
673 5002 962 5059 adventum
985 5019 1053 5059 ac
1066 5004 1434 5070 vocationem,
1460 5008 1763 5057 conventus
1789 5001 2034 5072 gentium

450 5092 508 5146 in
533 5091 740 5148 Christi
792 5096 1017 5152 nomine
1065 5096 1358 5161 celebrari,
1410 5094 1736 5165 linguasque
1785 5093 2032 5148 omnium

449 5184 735 5241 nationum
758 5188 907 5243 omni
939 5204 1140 5259 genere
1205 5186 1479 5244 sermonis
1540 5200 1712 5240 unum
1757 5183 1928 5240 Deum
1969 5198 2034 5238 ac

452 5273 742 5332 Dominum
791 5279 1153 5337 invocantes?
1200 5277 1443 5350 Denique
1492 5285 1619 5348 post
1674 5277 1861 5331 omnia
1920 5275 2035 5330 haec

446 5366 577 5436 quis
605 5368 905 5439 inspiciens
927 5385 1140 5435 omnes,
1172 5371 1490 5441 quicunque
1528 5369 1585 5424 in
1625 5368 1833 5424 Christi
1876 5366 2034 5422 fidem

450 5465 740 5526 venerunt,
771 5458 1001 5514 salutari
1042 5460 1200 5531 signo
1233 5475 1334 5531 pro
1378 5460 1568 5514 annuli
1607 5466 1738 5515 nota
1794 5466 2036 5524 utentes,

448 5566 562 5607 non
599 5551 797 5606 merito
823 5552 1199 5623 ebstupescat,
1230 5553 1279 5608 si
1313 5552 1503 5607 audiat
1520 5559 1676 5607 tanto
1713 5560 1841 5605 ante
1856 5549 2036 5619 ipsum

2134 1875 2357 1951 ἅρματα
2395 1879 2594 1933 αὐτοῦ·
2634 1898 2653 1931 ι
2691 1879 2788 1933 καὶ
2836 1879 3001 1950 ἐξῆςο
3061 1900 3081 1934 ι
3109 1877 3247 1935 Εἶπε
3288 1884 3529 1956 Κύριος⁸
3568 1886 3745 1957 Κάγὼ

2132 1971 2201 2023 τὰ
2231 1970 2369 2043 ἔργα
2401 1970 2583 2025 αὐτῶν
2636 1972 2727 2025 καὶ
2763 1969 2857 2023 τὸν
2904 1969 3162 2044 λογισμὸν
3191 1974 3373 2029 αὐτῶν
3403 1977 3743 2049 ἐπίσταμαι,

2133 2064 2231 2117 καὶ
2254 2063 2486 2135 ἔρχομαι
2511 2066 2836 2131 συναγαγεῖν
2859 2065 3038 2120 πάντα
3059 2064 3131 2118 τὰ
3153 2065 3281 2136 ἔθνη
3311 2067 3405 2121 καὶ
3431 2068 3540 2133 τὰς
3563 2071 3745 2138 γλώσ-

2136 2172 2254 2219 σας,
2296 2154 2393 2209 καὶ
2427 2154 2638 2225 ἥξουσι,
2682 2155 2779 2208 καὶ
2824 2155 3049 2226 ὄψονται
3098 2157 3198 2230 τὴν
3249 2158 3409 2224 δόξαν
3460 2178 3597 2229 μου.
3635 2162 3743 2215 Καὶ

2134 2245 2444 2316 καταλείψω
2499 2248 2585 2300 ἐπ’
2618 2246 2799 2300 αὐτῶν
2854 2250 3101 2319 σημεῖον,
3138 2250 3234 2302 καὶ
3274 2249 3637 2316 ἐξαποστελῶ
3686 2253 3742 2318 ἐξ

2132 2338 2312 2393 αὐτῶν
2360 2338 2738 2409 σεσωσμένους
2784 2342 2866 2405 εἰς
2912 2339 2982 2394 τὰ
3025 2339 3174 2410 ἔθνη,
3209 2342 3291 2406 εἰς
3337 2342 3594 2414 Θαρσὴς.
3648 2349 3741 2398 κεί

2132 2430 2289 2495 Φοὺδ,
2324 2431 2419 2484 καὶ
2447 2430 2608 2495 Λοὺδ,
2637 2432 2733 2485 καὶ
2771 2432 2980 2503 Μοσὺχ,
3006 2433 3102 2486 καὶ
3125 2433 3314 2499 Θοὸὲλ,
3354 2436 3435 2498 είς
3469 2436 3580 2505 τὴν
3619 2437 3734 2489 Ἑλ-

2133 2523 2290 2586 λάδα,
2323 2522 2416 2576 καὶ⁵
2446 2524 2527 2587 εἰς
2560 2523 2661 2587 τὰς
2686 2526 2885 2597 νήσους
2917 2525 3015 2589 τὰς
3041 2526 3253 2596 πόρρω,
3280 2527 3330 2579 οἳ
3358 2527 3460 2579 οὐκ
3488 2528 3739 2598 ἧκουσάν

2136 2632 2239 2686 μου
2273 2615 2334 2667 τὸ
2372 2615 2564 2686 ὄνομα,
2595 2614 2710 2669 οὗθ’
2746 2617 3022 2687 ἑωράκασί
3057 2634 3158 2687 μου
3183 2618 3281 2688 τὴν
3305 2617 3488 2683 δόξαν,
3523 2621 3628 2673 καὶ
3654 2622 3736 2673 εὑ-

2132 2705 2427 2775 αγγελοῦσί
2465 2723 2567 2777 μου
2609 2707 2681 2760 τὰ
2722 2707 2861 2779 ἔργα
2912 2709 2971 2761 ὲν
3004 2711 3118 2772 τοῖς
3146 2707 3377 2763 ἔθνεσιν·
3405 2709 3733 2782 ’Ἀντικρνίῖ

2134 2800 2229 2852 καὶ
2256 2800 2313 2851 ἐν
2344 2798 2554 2863 τούτοις
2588 2800 2622 2871 ή
2648 2798 2742 2851 τοῦ
2766 2798 2966 2871 Κυρίου
2994 2801 3072 2863 είς
3103 2798 3428 2872 ἀνθρώπους
3458 2803 3733 2872 παρουσία

2132 2890 2407 2964 δηλοῦται.
2446 2891 2558 2945 Καὶ
2591 2890 2892 2963 ἐπειδήπερ
2921 2890 3161 2964 εἴρηται,
3189 2892 3266 2955 ὡς
3296 2892 3410 2963 πῦρ
3444 2892 3628 2963 ἥξειν,
3658 2897 3730 2947 εἰ·

2134 2982 2310 3047 κότως
2341 2983 2506 3055 φησὶν
2534 2984 2564 3036 ὁ
2592 2983 2783 3055 Σωτὴρ
2817 2984 2972 3055 ήμῶν
2992 2998 3008 3014 ⁶
3042 3003 3062 3036 ι
3089 2983 3212 3056 Πῦρ
3234 2979 3400 3055 ἦλθον
3430 2984 3623 3055 βαλεῖν
3644 2988 3730 3039 ἐπὶ

2133 3074 2233 3147 τήν
2269 3075 2392 3146 γῆν,
2424 3076 2519 3128 καὶ
2549 3075 2602 3128 τί
2651 3074 2790 3129 θέλω
2819 3077 2867 3128 εί
2891 3075 2990 3147 ήδη
3039 3075 3291 3147 ἀνήφθη;
3328 3096 3348 3128 ι
3374 3077 3649 3149 Ἀρματα
3679 3080 3730 3134 δὲ

2134 3165 2300 3219 αὐτοῦ
2348 3165 2449 3229 τὰς
2494 3166 2901 3238 δορυφορούσας
2947 3166 3111 3220 αὐτὸν
3138 3166 3292 3230 θείας
3319 3166 3613 3238 δυνάμεις,
3646 3173 3733 3224 καὶ

2132 3258 2259 3321 τοὺς
2289 3257 2827 3328 ἐξυπηρετουμένους
2858 3255 3007 3329 αὐτῷ
3037 3256 3217 3329 ἱεροὺς
3238 3258 3530 3325 ἀγγέλους,
3563 3260 3731 3322 εἴποις

2132 3350 2220 3417 ἂν,
2254 3350 2385 3422 περὶ
2420 3344 2495 3403 ὧν
2529 3351 2746 3421 εἴρηται
2769 3366 2781 3378 ·
2819 3368 2839 3400 ι
2872 3350 2983 3404 Καὶ
3014 3349 3324 3423 προσῆλθον
3355 3351 3611 3419 ἄγγελοι,
3647 3352 3731 3404 καὶ

2131 3439 2413 3511 διηκόνουν
2456 3439 2634 3510 αὐτῷ·
2677 3439 2773 3492 καὶ⁵
2814 3440 2940 3503 τοὺς
2982 3440 3162 3511 ἱεροὺς
3184 3441 3530 3506 ἀποστόλους
3563 3440 3726 3496 αὑτοῦ

2133 3533 2228 3585 καὶ
2258 3530 2529 3604 μαθητὰς,
2564 3524 2646 3593 οἷς
2676 3531 3041 3603 ἐποχούμενος
3069 3528 3238 3602 ἐνθέῳ
3269 3534 3366 3589 καὶ
3390 3534 3624 3607 ἀοράτῳ
3650 3536 3731 3589 δυ-

2133 3623 2295 3694 νάμει
2318 3626 2347 3676 ό
2373 3622 2469 3676 τοῦ
2501 3621 2636 3676 Θεοῦ
2666 3622 2862 3691 Λόγος,
2891 3622 2991 3695 τὴν
3022 3625 3206 3679 πᾶσαν
3232 3624 3527 3698 διέδραμεν
3556 3631 3732 3682 οἰκου-

2138 3716 2327 3787 μένην.
2363 3716 2591 3785 Λέγοιτο
2616 3715 2662 3768 δ’
2684 3715 2750 3769 ἂν
2781 3717 2876 3769 καὶ
2907 3716 3081 3781 ἄλλως
3114 3717 3252 3789 πρὸς
3277 3718 3426 3785 λέξιν
3445 3736 3459 3747 ·
3491 3720 3622 3791 Πῦρ
3649 3723 3734 3775 καὶ

2135 3805 2360 3876 ἅρματα
2396 3803 2861 3874 καταγγέλλεσθαι
2890 3807 2987 3861 σὺν
3029 3809 3096 3880 τῇ
3141 3807 3307 3861 αὐτοῦ
3336 3812 3630 3883 παρουσίᾳ
3654 3812 3735 3863 διὰ

2133 3897 2230 3969 τὴν
2259 3896 2670 3953 καταλαϐοῦσαν
2701 3897 3021 3970 πολιορκίαν
3051 3899 3152 3972 τὴν
3196 3900 3563 3973 Ἰερουσαλὴμ.
3603 3904 3736 3974 μετὶ

2133 3990 2233 4055 τὴν
2264 3992 2322 4055 ἐς
2350 3992 2500 4062 ἡμᾶς
2539 3989 2742 4061 ἄφιξιν,
2776 3991 2897 4062 μεθ’
2926 3992 2994 4064 ἣν
3028 3993 3131 4047 οὐκ
3169 3995 3251 4058 είς
3298 3995 3523 4066 μακρὰν
3566 4000 3601 4050 ὁ
3641 3998 3734 4067 μὲν

2133 4080 2269 4147 νεὼς
2297 4083 2460 4147 αὐτὸς
2484 4084 2865 4156 ἐπυρπολείτο,
2903 4084 2997 4137 καὶ⁹
3028 4084 3129 4158 τὴν
3167 4086 3407 4158 ἐσχάτην
3438 4087 3735 4159 ὑπέμεινεν

2133 4174 2391 4246 ἐρημίαν,
2410 4178 2442 4246 ἡ
2468 4175 2525 4229 δέ
2551 4174 2705 4239 πόλις
2727 4173 3011 4246 ἐκυκλώθη
3034 4176 3143 4230 ὑπὸ
3162 4177 3429 4248 ἁρμάτων
3451 4181 3551 4233 καὶ
3574 4197 3736 4250 στρα-

2132 4268 2371 4322 τοπέδων
2404 4267 2734 4341 πολεμικῶν,
2758 4266 2877 4339 μεθ’
2893 4267 2930 4321 ἃ
2951 4269 3047 4322 καὶ
3074 4268 3332 4341 περὶτῶν
3359 4270 3535 4326 ἐθνῶν
3558 4274 3737 4327 ἀπαν-

2134 4379 2243 4416 των
2286 4363 2706 4434 προηγγελμένα
2737 4361 3044 4434 συμφώνως
3091 4364 3158 4433 τῇ
3203 4365 3517 4436 προφητείᾳ
3547 4366 3731 4429 τέλους

2064 4485 2108 4539 D
2136 4453 2314 4524 ἔτυχε.
2346 4455 2443 4518 Τίς
2475 4454 2520 4508 δ’
2554 4456 2656 4509 οὐκ
2689 4454 2754 4510 ἂν
2789 4454 3124 4526 θαυμάσειεν
3150 4453 3366 4508 ἀκούων
3389 4455 3491 4508 τοῦ
3524 4457 3731 4529 Rupit:

2137 4543 2226 4597 διὰ
2268 4542 2363 4597 τοῦ
2414 4546 2695 4616 προφήτου
2728 4543 2979 4614 λέγοντος
2995 4561 3009 4576 ο
3047 4563 3066 4596 ι
3082 4545 3358 4616 Ἔρχομαι
3403 4551 3731 4615 συναγαγεῖν

2140 4634 2317 4688 πάντα
2348 4633 2417 4687 τὰ
2463 4634 2592 4706 ἐθνη
2626 4635 2722 4689 καὶ
2746 4634 2846 4699 τὰς
2877 4633 3151 4704 γλώσσας,
3185 4654 3205 4688 ι
3258 4634 3404 4706 ὁρῶν
3454 4636 3579 4690 καθ’
3611 4638 3731 4707 ὅλης

2138 4728 2237 4797 τῆς
2278 4726 2387 4781 τῶν
2432 4726 2732 4797 ἀνθρώπων
2771 4727 2877 4797 γῆς
2920 4726 3007 4780 διὰ
3031 4726 3131 4797 τῆς
3158 4725 3254 4780 τοῦ
3284 4726 3547 4798 Σωτῆρος
3580 4728 3729 4798 ἡμῶν

2150 4819 2326 4891 Ἰησοῦ
2371 4819 2466 4873 τοῦ
2497 4820 2735 4891 Χριστοῦ
2770 4821 3072 4891 παρουσίας
3100 4836 3160 4872 τε
3208 4817 3307 4871 κα)⁸
3350 4818 3610 4890 κλήσεως
3639 4819 3728 4881 τὰς

2132 4906 2241 4961 τῶν
2265 4906 2433 4961 ἐθνῶν
2459 4908 2781 4978 συναγωγὰς
2802 4909 2885 4961 ἐπ’
2916 4908 3176 4979 ὀνόματος
3198 4907 3293 4960 τοῦ
3320 4908 3570 4980 Χριστοῦ
3603 4926 3724 4975 συγ-

2134 4997 2540 5068 κροτουμένας;
2574 4999 2675 5060 τάς
2716 5017 2775 5052 τε
2816 4999 3071 5068 γλώσσας
3105 4997 3363 5053 ἁπάντων
3410 4998 3526 5053 τῶν
3562 4999 3722 5054 ἐθνῶν

2133 5090 2191 5142 ἐν
2231 5088 2512 5152 παντοίαις
2538 5089 2841 5153 διαλέκτοις
2868 5090 3171 5163 ἀνθρώπων
3198 5090 3291 5143 τὸν
3322 5088 3423 5144 ’ἐνα
3450 5089 3607 5155 Θεὸν,
3638 5089 3719 5143 καὶ

2134 5180 2338 5252 Κύριον
2360 5180 2832 5251 ἐπικαλουμένας;
2865 5183 2958 5235 καὶ
2992 5181 3085 5235 ἐπὶ
3119 5183 3253 5234 πᾶσι
3283 5180 3342 5235 δὲ
3377 5181 3616 5247 τούτοις,
3645 5180 3719 5240 τίς

2132 5271 2405 5343 θεώμενος
2450 5271 2530 5341 τῷ
2572 5271 2907 5344 σωτηριώδει
2955 5271 3168 5345 σημείῳ
3211 5271 3429 5338 πάντας
3478 5273 3608 5336 τοὺς
3647 5272 3719 5333 εἰς

2130 5364 2364 5435 Χριστὸν
2394 5366 2829 5431 πεπιστευκότας,
2864 5367 3120 5440 σφραγῖδι
3147 5366 3492 5439 χρωμένους,
3519 5366 3619 5419 οὐκ
3660 5363 3717 5416 ἂν

2131 5457 2369 5526 εὐλόγως
2401 5457 2783 5531 καταπλαγείη
2822 5461 3037 5517 ἀκούων
3077 5460 3357 5533 πρόπαλαι
3396 5459 3493 5515 τοῦ
3524 5456 3713 5530 Κυρίου

2131 5549 2446 5621 εἰρηκότος·
2497 5569 2517 5602 ι
2551 5551 2661 5605 Καὶ
2693 5550 2884 5624 ἥξουσι
2914 5555 3008 5610 καὶ
3034 5553 3257 5624 ὄψονται
3285 5553 3391 5626 τὴν
3412 5553 3573 5621 δόξαν
3596 5562 3710 5625 μω.

520 5703 697 5758 "lsa.
730 5720 876 5771 um,
915 5705 995 5760 l5.
1072 5707 1118 5738 '9
1151 5704 1283 5760 ibid.
1321 5704 1406 5772 i8,
1434 5704 1522 5763 19.
1601 5704 1647 5738 ⁸⁰
1681 5702 1817 5760 Luc.
1852 5718 1952 5771 xu,
1988 5703 2032 5760 ιε

2158 5703 2202 5736 ³⁸
2258 5702 2445 5760 Matth.
2491 5705 2679 5772 iv,ll.
