3828 6220
111 304 223 360 48Ξί

995 295 1658 359 DEMONSTRATIONIS
1696 293 2159 357 EVAN‘GELICAS
2200 301 2329 358 LIB.
2374 293 2489 358 VII.
3297 306 3408 362 48ῐί

115 420 214 474 καὶ
260 419 578 492 καταλείψω
617 421 705 476 ἐπ’
732 421 915 476 αὐτῶν
954 423 1218 494 σημεῖον;
1248 441 1268 474 ι
1301 423 1390 477 Ἐν
1422 424 1581 494 μέρει
1615 425 1659 495 μζ

1822 422 2110 478 Dominum
2136 423 2344 480 dixisse
2379 439 2392 474 :
2433 443 2450 476 ο
2476 422 2541 477 Ει
2567 423 2787 478 venient
2812 431 2867 478 et
2887 423 3141 478 videbunt
3175 424 3405 496 gloriam

108 505 212 566 οὖν
243 512 497 567 ἐντεῦθεν
543 513 644 585 ἤδη
695 513 837 568 κατά
878 515 978 586 τὴν
1030 515 1304 588 προτέραν
1334 515 1430 569 τοῦ
1464 518 1716 588 Σωτῆρος

113 604 280 676 ἡμῶν
327 608 410 670 εις
443 605 765 680 ἀνθρώπους
811 607 1135 677 ἐπιφάνειαν
1189 608 1370 672 αὐτοῖς
1417 607 1717 679 ὀφθαλμοῖς

114 695 342 768 ὁρῶμεν
370 697 480 752 τῶν
507 698 666 752 Θειων
689 701 955 772 χρησμῶν
976 699 1047 753 τὰ
1068 701 1486 772 ἀποτελέσματα
1505 721 1518 734 ο
1542 703 1718 773 γένοι-

113 804 182 840 το
227 788 274 842 δ’
304 788 370 842 ἀν
418 791 608 862 ἐντελῆ
641 791 816 846 ταῦτα
850 792 946 846 καὶ
998 792 1140 847 κατά
1172 792 1272 864 τὴν
1312 793 1570 866 δευτέραν
1619 795 1717 849 καὶ

118 881 335 948 ἔνδοξον
367 881 532 936 αὑτοῦ
568 884 893 955 παρουσίαν,
921 885 1010 938 ὅτε
1037 887 1215 939 πάντα
1242 885 1308 939 τὰ
1336 885 1463 958 ἔθνη
1495 886 1716 956 ὄψονται

118 973 222 1045 τὴν
251 974 408 1040 δόξαν
439 975 624 1040 αὐτοῦ,
653 977 949 1048 ὲρχόμενόν
974 995 1034 1030 τε
1064 979 1228 1032 αὐτὸν
1261 979 1320 1044 ὲξ
1344 979 1587 1051 οὐρανῶν
1621 997 1719 1050 με·

117 1067 193 1121 τά
229 1067 513 1139 δυνάμεως
546 1068 640 1122 καὶ
679 1068 837 1140 δόξης
889 1069 1413 1143 πολλῆς.Ἀναχθείη
1461 1072 1505 1124 δ’
1539 1071 1604 1125 ἂν
1636 1073 1717 1135 εἰς

117 1157 304 1211 helvo
335 1156 530 1230 καιροῦ
565 1160 660 1212 καὶ
692 1158 764 1212 τὰ
788 1159 950 1213 λοιπά
981 1161 1089 1214 τῶν
1119 1164 1176 1214 ὲν
1200 1165 1267 1233 τῇ
1294 1163 1595 1234 προρρήσει
1623 1162 1717 1234 δη-

119 1249 424 1321 λουμένων,
456 1250 742 1324 ὠσπεροῦν
792 1255 1130 1325 συστήσομεν
1174 1253 1318 1308 κατά
1369 1254 1469 1325 τὴν
1510 1254 1716 1308 οἰκείαν

118 1339 404 1398 ὑπόθεσιν.
439 1345 724 1399 Τοσούτων
772 1347 906 1418 ἡμῖν
948 1347 1042 1399 ἐπὶ
1091 1346 1187 1400 τοῦ
1238 1347 1506 1418 παρόντος
1541 1365 1716 1400 συνει-

117 1433 407 1508 λεγμένων
469 1437 599 1509 περὶ
653 1439 754 1510 τῆς
801 1440 884 1501 εἰς
929 1439 1252 1512 ἀνθρώπους
1317 1439 1716 1512 θεσπιζομένης

118 1526 344 1582 ἔσεσθαι
391 1527 692 1599 παρουσίας
745 1527 905 1596 Θεοῦ,
953 1529 1082 1600 ἑξῆς
1137 1530 1203 1585 ἂν
1251 1531 1335 1604 εἴη
1382 1531 1713 1600 ἐπισυνάψαι

118 1616 308 1682 ὁποῖός
339 1635 424 1683 τις
463 1622 492 1672 ό
523 1620 724 1691 τρόπος
760 1621 860 1693 τῆς
891 1621 1165 1693 προτέρας
1198 1622 1364 1675 αὐτοῦ
1394 1624 1473 1686 εἰς
1504 1622 1595 1675 τὸν
1623 1623 1716 1676 ἀν-

117 1707 397 1781 θρώπινον
427 1710 542 1782 βίον
568 1712 805 1784 παρόδου
830 1713 1155 1784 γενήσεσθαι
1181 1718 1637 1785 προανεφωνεῖτο.

1821 530 2022 580 meam,
2063 522 2119 570 et
2170 517 2480 586 relinquam
2540 517 2598 570 in
2643 517 2726 572 eis
2785 516 3088 586 signum?»
3125 514 3244 570 Jam
3279 517 3407 572 inde

1821 605 1989 676 igitur
2019 607 2213 662 saltem
2241 607 2296 662 in
2339 615 2517 678 parte,
2569 608 2877 663 secundum
2932 609 3170 678 priorem
3216 607 3407 662 Salva-

1819 701 1958 755 toris
1985 700 2163 755 nostri
2195 701 2263 755 ad
2294 702 2547 758 homines
2581 703 2900 768 adventum,
2934 702 3068 772 ipsis
3117 703 3293 757 oculis
3322 703 3407 756 in-

1818 800 2037 847 tuemur
2078 792 2391 849 divinorum
2447 795 2800 851 oraculorum
2855 804 3071 850 eventa.
3134 795 3406 850 Caeterum

1817 888 2008 944 eadem
2033 889 2147 942 haec
2167 890 2383 958 plenius
2425 890 2781 945 absolventur
2816 891 2872 945 in
2926 891 3170 945 secundo
3215 897 3270 944 et
3296 889 3411 958 glo-

1816 979 1966 1034 rioso
1981 979 2228 1050 ejusdem
2259 982 2757 1052 adventu,quaudo
2801 996 2995 1036 omnes
3027 988 3219 1051 gentes
3264 978 3410 1034 vidc-

1817 1073 1956 1129 bunt
2009 1074 2242 1145 gloriam
2269 1075 2421 1145 ejus,
2467 1077 2888 1145 venientemque
2935 1075 3112 1146 ipsum
3145 1073 3214 1128 de
3264 1072 3407 1128 caelo

1817 1179 1942 1220 cum
1972 1165 2134 1237 307
2169 1175 2440 1237 potestate
2467 1177 2521 1222 et
2567 1168 2742 1238 gloria
2795 1169 2988 1222 multa.
3023 1165 3237 1221 Referri
3273 1179 3405 1219 vero

1817 1257 1886 1312 ad
1916 1258 2048 1314 illud
2072 1267 2288 1330 tempus
2323 1263 2484 1316 etiam
2514 1261 2723 1331 reliqua
2757 1268 3016 1330 poterunt
3043 1274 3165 1329 quae
3195 1258 3252 1311 in
3285 1257 3406 1327 ipso

1815 1349 2042 1404 oraculo
2068 1350 2330 1421 prmdicta
2365 1363 2513 1418 sunt,
2547 1350 3013 1422 quemadmodum
3045 1347 3268 1419 quidem
3300 1359 3406 1401 nos

1815 1441 2038 1512 proprio
2065 1450 2229 1514 atque
2244 1444 2373 1498 huic
2399 1444 2476 1500 rei
2499 1445 2682 1500 dicato
2699 1459 2864 1514 opere
2883 1441 3157 1498 ostensuri
3190 1454 3403 1496 sumus.

1815 1534 1953 1589 Cum
1988 1536 2155 1608 igitur
2183 1538 2250 1592 ad
2283 1539 2428 1592 hunc
2451 1555 2628 1610 usque
2682 1541 2863 1594 locum
2921 1538 3037 1594 haec
3075 1547 3185 1592 tam
3232 1536 3404 1590 multa

1815 1628 2221 1700 collegerimus,
2263 1631 2332 1688 de
2355 1647 2420 1688 eo
2447 1671 2462 1696 ,
2495 1631 2588 1702 qui
2631 1632 2761 1687 olim
2808 1632 3106 1687 cauebatur
3158 1628 3402 1691 futurus,

1817 1718 1913 1775 Dei
1945 1721 2014 1776 ad
2050 1723 2302 1778 homines
2339 1725 2598 1790 adventu,
2630 1725 2883 1795 sequitur
2912 1733 2971 1779 ut
3024 1724 3111 1778 his
3139 1720 3404 1790 adjunga-

112 1821 246 1861 mus
265 1807 517 1878 quisnam
541 1809 803 1866 modusin
819 1810 1016 1866 iisdem
1057 1813 1298 1868 oraculis
1346 1812 1733 1883 praediceretur
1767 1815 1988 1874 futurus
2045 1820 2248 1890 prioris
2287 1819 2534 1890 ejusdem
2585 1813 2659 1876 ad
2694 1821 2993 1876 humanam
3014 1819 3184 1874 vitam
3216 1828 3405 1872 acres-

110 1915 236 1958 sus.

1203 2259 2304 2432 ΕΥΣΕΒΙΟΥ

1315 2539 1545 2626 ΤΟΥ
1580 2535 2188 2626 ΠΑΜΦΙΛΟΥ

562 2729 1743 2937 ΕΥΑΓΓΕΛΙΚΗΣ
1825 2725 2924 2866 ΑΠΟΑΕΙΞΕΩΣ

1229 2973 1670 3062 ΒΙΒΛΙΟΝ
1716 2968 2280 3063 ΕΒΔΟΜΟΝ.

851 3331 1613 3492 EUSEBII
1715 3329 2644 3488 PAMPHILI

429 3627 1940 3758 DEMONSTBATIONIS
2019 3627 3088 3762 EVANGELICIE

1216 3882 1578 3973 LIBER
1653 3882 2289 3974 SEPTIMUS.

101 4141 286 4196 ΤΑΔΕ
331 4143 656 4198 ΕΝΕΣΤΙΝ
699 4143 804 4198 ΕΝ
857 4145 940 4214 Τῼ
972 4144 1264 4214 ΕΒΔΟΜῼ
1303 4147 1693 4200 ΣΥΓΓΡΑΜ-
1724 4151 1767 4207 Β
1810 4145 1916 4214 3ο

167 4216 365 4268 ΗΑΤΙ
446 4216 586 4267 ΤΗΣ
639 4216 820 4269 ΠΕΡΙ
893 4217 1033 4267 ΤΟΥ
1104 4219 1442 4270 ΣΩΤΗΡΟΣ
1483 4219 1697 4272 ΗΜΩΝ

171 4285 724 4339 ΕΥΑΓΓΕΛΙΚΗΣ
752 4285 1238 4340 ΑΠΟΔΕΙΞΕΩΣ.

91 4381 178 4430 Δ’.
232 4377 333 4442 Τίς
357 4379 390 4429 ό
409 4377 628 4446 τρόπος
654 4374 763 4444 τῆς
788 4375 896 4430 τοῦ
922 4375 1070 4430 Θεοῦ
1092 4379 1179 4442 εὶς
1205 4376 1547 4446 ἀνθρώπους
1572 4377 1697 4429 ἐπι-

165 4447 417 4516 δημίας,
447 4447 514 4500 ἐκ
546 4445 665 4500 τῶν
691 4445 1614 4517 ὺποσεσημειωμένωγιζραφῶν.

169 4545 248 4592 α’.
305 4537 448 4592 Ἀπὸ
473 4536 580 4591 τοῦ
617 4539 877 4594 Ἡσαΐου.

169 4610 243 4679 β’.
301 4607 446 4679 Ἀπὸ
477 4609 582 4662 τοῦ
615 4608 822 4679 αὐτοῦ.

171 4677 246 4748 γ’.
309 4677 452 4733 Ἀπὸ
479 4679 585 4733 τοῦ
612 4678 820 4733 αὐτοῦ.

91 4773 171 4826 B'.
219 4770 354 4859 ιζοῦ
391 4768 497 4840 τῆς
528 4773 562 4824 ὁ
596 4771 852 4841 Χριστὸς
891 4769 1385 4843 τεναηθήσεσθαι
1433 4787 1692 4838 3.0085073-

167 4858 402 4896 τευετο.

168 4936 237 4988 δ’.
296 4933 442 4988 Ἀπὸ
470 4934 578 4989 τοῦ
603 4935 848 5004 Μιχαία.

171 5012 238 5059 ε’.
296 5004 444 5058 Ἀπὸ
466 5004 575 5060 τοῦ
594 5007 842 5076 ψαλμοῦ
870 5006 1003 5077 ρλα’.

95 5098 172 5152 Γ.
233 5097 366 5166 Ἀφ’
389 5097 519 5152 οἵου
544 5097 758 5168 γένους
789 5099 1262 5167 προελεύσεσθαι
1283 5094 1514 5153 ἐϐοᾶτο.

169 5196 249 5261 ἴ·
305 5187 456 5261 ,Ἀπὸ
483 5187 593 5256 τῆς
616 5188 660 5259 β’
689 5187 1346 5261 τῶνγΠαραλειπομένων.

171 5260 239 5324 ζ’.
302 5258 446 5329 Ἀπὸ
478 5258 726 5329 ψαλμοῦ
750 5260 848 5313 οα’.

212 5329 248 5384 ’.
307 5328 452 5384 Ἀπὸ
475 5330 582 5384 τοῦ
611 5328 879 5385 Ἡσαΐου.

231 5369 248 5384 .
315 5348 452 5384 Απο
475 5348 582 5384 του
620 5348 879 5385 ησαιου.

171 5348 244 5455 3'.
303 5400 446 5454 Ἀπὸ
477 5400 585 5453 τοῦ
617 5401 912 5468 Ἰερεμίου.

170 5469 231 5525 ἴ.
290 5471 442 5526 Ἀπὸ
469 5469 580 5539 τῆς
602 5469 930 5538 ιἐνέσεως.

695 5583 1100 5640 ΠΡΟΟΙΜΙΟΝ.

170 5670 315 5725 Θεὸν
344 5672 425 5735 εἰς
449 5671 768 5744 ἀνθρώπους
792 5675 1098 5744 ἀῲίξεσθαι,
1129 5676 1224 5730 καὶ
1255 5676 1352 5729 σὺν
1379 5672 1690 5746 ἀνθρώποις

95 5765 196 5822 ἐπὶ
229 5768 336 5841 γῆς
363 5765 791 5837 πολιτεύσεσθαι,
821 5768 912 5823 δύο
935 5787 992 5823 τε
1024 5767 1198 5826 ταῦτα
1230 5769 1459 5842 μέγιστα
1480 5769 1686 5841 τεκμή-

2027 4143 2202 4196 H/EC
2277 4141 2565 4197 INSUNT
2624 4141 2712 4195 IN
2772 4141 3102 4197 SEPTIMO
3158 4142 3380 4199 LIBRO

1883 4211 2390 4269 EVANGELIC/E
2449 4212 2547 4265 DE
2602 4211 3039 4268 SALVATORE
3087 4213 3380 4270 NOSTRO

1884 4283 2329 4338 DEMONSTRA
2343 4281 2628 4336 TIONIS.

1795 4378 1835 4429 Ι.
1875 4379 2140 4440 Quisnam
2178 4379 2364 4427 modus
2393 4390 2636 4428 accessus
2666 4373 2762 4428 Dei
2779 4375 2848 4428 ad
2877 4373 3134 4440 homines,
3159 4391 3226 4430 ea:
3251 4377 3378 4429 sub-

1865 4446 2066 4499 notatis
2092 4443 2380 4514 Scripturw
2403 4445 2553 4499 locis.

1869 4539 1919 4591 1.
1956 4539 2036 4590 Ab
2065 4536 2234 4591 Isaia.

1864 4607 1900 4660 2
1945 4610 2024 4660 Ab
2047 4608 2250 4662 eodem.

1868 4680 1922 4733 ὅ.
1947 4678 2023 4731 ΑΙ)
2041 4679 2244 4733 eodem.

1795 4767 1860 4822 ll.
1903 4765 2017 4841 Ubi
2049 4778 2312 4822 terrarum
2369 4767 2615 4826 Christus
2669 4771 2904 4828 oriturus
2948 4771 3323 4841 pra’diceretur
3350 4793 3386 4831 α

1864 4838 2151 4908 prophetis.

1866 4931 1919 4983 4.
1953 4932 1996 4983 Α
2027 4929 2276 4984 Hic/uva.

1867 5001 1919 5055 5.
1952 5003 1994 5054 A
2021 5003 2225 5070 psalmo
2258 5018 2448 5057 cxm.

1795 5091 1882 5146 Ill.
1915 5091 1991 5146 De
2014 5111 2115 5163 quo
2151 5111 2332 5162 genere
2355 5112 2728 5166 progressurus
2759 5107 3058 5154 caneretur.

1872 5186 1925 5239 6.
1963 5185 2036 5239 De
2068 5185 2129 5239 II
2161 5185 2638 5256 Paralipomenon.

1870 5257 1920 5311 7.
1949 5257 1993 5308 Α
2022 5258 2226 5324 psalmo
2255 5273 2404 5311 ιιχι.

1866 5326 1919 5380 8.
1953 5326 2031 5378 Ab
2058 5326 2229 5382 Isaia.

1865 5396 1922 5451 9.
1956 5395 2036 5450 Ab
2067 5396 2322 5452 Ieremia.

1867 5468 1957 5523 10.
1979 5470 2020 5520 Α
2063 5467 2274 5523 Genesi.

2376 5580 2798 5637 ΡιιουΕΜιυΜ.

1863 5671 2000 5729 Cum
2023 5673 2276 5746 proximo
2305 5673 2447 5731 libro
2479 5673 2646 5729 Deum
2678 5675 2744 5729 ad
2771 5675 3020 5732 homines
3054 5684 3370 5747 venturum,

1789 5774 1844 5826 et
1875 5782 1999 5824 cum
2054 5768 2368 5824 hominibus
2419 5769 2473 5824 in
2531 5776 2677 5824 terra
2734 5777 3104 5838 versaturum,
3151 5772 3370 5842 duoque
