3828 6220
462 257 573 316 »187

1146 259 1416 315 EUSEBII
1455 259 1937 318 CIESARIENSIS
1977 261 2129 321 OPP.
2165 264 2369 324 PARS.
2411 268 2479 325 ll.
2517 301 2588 313 -—
2626 269 3133 327 APOLOGETlCA.

3633 279 3727 331 4&5

477 390 594 445 hac
611 388 846 442 maxima
877 385 1031 457 signa
1066 384 1214 440 illius
1266 383 1534 439 adventus
1559 383 1741 438 futura
1769 402 1780 436 :
1808 392 2048 454 gentium

2164 407 2255 461 pta
2283 391 2382 463 τῆς
2405 392 2571 446 αὐτοῦ
2588 392 2901 465 παρουσίας
2933 390 3152 444 ἔσεσθαι
3170 407 3183 421 ο
3212 389 3405 461 κλῆσιν
3434 391 3729 465 ἐπ’ἀναλή-

476 498 575 551 per
601 489 776 535 totum
813 479 999 533 orbem
1050 476 1114 530 ad
1143 476 1513 545 accipiendam
1555 492 1739 530 veram
1767 476 1859 532 Dei
1903 480 2051 534 noti-

476 574 631 637 tiam,
674 570 1038 630 vocationem,
1076 575 1129 621 et
1152 554 1393 619 Iudaica?
1425 566 1602 635 gentis
1628 574 1847 636 propter
1878 567 2055 623 incre-

472 661 759 715 dulitatem
790 659 842 711 in
877 658 1050 718 illum,
1081 655 1296 709 ruinam
1328 670 1392 708 ac
1426 657 1800 719 solitudinem,
1833 674 1896 711 cx
1922 674 2053 727 pro-

476 751 708 825 pheticis
739 750 964 805 vocibus
988 749 1368 814 didicerimus,
1408 747 1722 818 ibidemque
1750 748 2054 818 inspexeri-

476 856 619 905 mus,
676 839 840 910 309
886 854 1047 908 quem
1096 838 1316 893 tandem
1378 839 1587 893 exitum
1648 839 1958 893 invenerim
1989 855 2053 893 ca

432 994 436 1001 τ
475 947 597 1004 quae
617 933 874 1001 praedicta
906 934 1150 991 fuerant,
1177 931 1293 1000 ipse
1323 924 1583 1000 deinceps
1614 929 1826 992 ordine,
1864 931 1915 984 in
1949 931 2054 985 hoc

474 1024 707 1094 septimo
732 1022 1056 1093 Evangelicw
1094 1014 1580 1075 Demonstralionis
1616 1021 1907 1086 volumine,
1935 1030 2053 1075 mo-

474 1116 604 1171 dum
635 1117 992 1186 contemplari
1047 1117 1391 1181 conabimur,
1444 1115 1748 1171 secundum
1793 1131 1953 1185 quem
1980 1115 2054 1169 ait

472 1208 619 1264 sead
638 1208 889 1264 homines
907 1210 1320 1281 commigrasse.
1367 1208 1486 1264 Iam
1521 1206 1647 1264 inde
1675 1209 1841 1280 igitur
1870 1208 2055 1264 videa-

472 1314 618 1362 mus,
661 1300 913 1370 quisnam
949 1301 1143 1356 modus
1190 1300 1284 1356 Dei
1318 1303 1386 1356 ad
1426 1298 1681 1357 homines
1712 1302 2053 1373 migrationis

472 1404 762 1448 caneretur
784 1393 1025 1461 futurus,
1048 1404 1101 1448 et
1132 1394 1351 1449 ubinam
1378 1396 1622 1465 gentium
1650 1392 1893 1451 oritur-us
1916 1410 2054 1465 pra-

471 1483 766 1546 diceretur,
806 1490 859 1537 et
888 1479 957 1538 de
981 1500 1090 1554 quo
1114 1500 1314 1554 genere
1355 1483 1708 1555 proiecturus
1733 1487 2052 1539 sanctorum

474 1571 755 1631 hominum
785 1575 1012 1631 vocibus
1044 1574 1295 1631 ferretur.

1106 1790 1333 1848 CAPUT
1374 1790 1413 1846 l.

473 1908 554 1964 Ab
587 1906 758 1963 Isaia.
806 1937 877 1947 --
910 1907 1171 1973 Quisnam
1205 1908 1393 1960 modus
1442 1922 1683 1961 accessus
1713 1900 1928 1959 Domini
1983 1910 2053 1961 ad

1130 1977 1382 2031 homines.

546 2068 835 2125 Praedictio
885 2066 1200 2123 Iudaeorum
1254 2067 1651 2122 incredulitatis
1701 2083 1829 2138 erga
1896 2069 2054 2124 Chri-

474 2170 644 2229 stum,
674 2169 729 2217 et
762 2162 979 2230 signum
1020 2160 1102 2215 eis
1150 2174 1180 2212 a
1214 2158 1442 2213 Domino
1472 2158 1679 2213 datum.
1712 2158 1838 2214 Fuit
1871 2172 2051 2216 autem

473 2253 609 2311 Illud
636 2272 650 2309 :
682 2252 849 2325 Virgo
873 2267 1141 2323 generans
1167 2251 1335 2306 Deum
1360 2270 1375 2319 ;
1419 2253 1523 2306 sub
1548 2252 1712 2318 cujus
1741 2255 2053 2323 generatio-

475 2363 547 2403 ne
576 2345 901 2402 universalis
916 2343 1230 2399 Iudaeorum
1255 2345 1495 2399 nationis
1526 2346 1776 2415 purgatio
1810 2347 2050 2401 caneba-

475 2446 603 2506 tttr;
632 2444 686 2493 et
710 2436 852 2492 sicut
897 2436 1106 2492 externi
1161 2443 1218 2490 et
1265 2435 1455 2492 hostes
1504 2437 1782 2506 regionem
1832 2437 2051 2491 illorum

474 2527 846 2601 occupabunt,
882 2536 937 2584 et
966 2527 1428 2599 quemadmodum
1464 2542 1585 2597 quze
1613 2535 1741 2581 ante
1773 2526 2052 2582 desertum

474 2624 611 2687 fuit,
663 2623 1049 2694 agriculturam
1123 2620 1313 2675 sortita
1360 2619 1621 2684 divinam,
1656 2618 1886 2673 fecunda
1920 2620 2042 2674 erit.

472 2714 719 2769 Ecclesia
745 2729 810 2768 ex
840 2712 1093 2784 gentibus
1121 2712 1349 2766 collecta
1388 2710 1535 2765 hunc
1581 2711 1903 2765 ostendente
1935 2725 2051 2763 mo-

472 2805 605 2860 dum
641 2804 1098 2874 quemadmodum
1141 2802 1359 2858 divinus
1394 2801 1728 2871 evangelista
1773 2799 2048 2867 Joannes,

471 2897 597 2968 plus
625 2911 790 2967 quam
827 2896 1065 2950 humana
1102 2908 1237 2950 voce
1276 2894 1343 2949 de
1394 2893 1676 2950 Salvatore
1717 2909 1782 2948 ac
1822 2895 2050 2950 Domino

471 2999 699 3055 nostro,
736 2988 804 3043 de
832 2989 973 3057 ipso,
1003 2987 1249 3056 inquam,
1282 2985 1378 3041 Dei
1410 2983 1590 3041 Verbo
1631 2986 1933 3051 disserens,
1960 3001 2049 3042 sa-

470 3094 734 3151 cramque
779 3079 927 3135 illius
965 3075 1305 3148 Scripturam
1353 3077 1834 3146 narrationemque
1865 3090 2051 3147 aggre-
2077 3079 2119 3136 C

472 3173 629 3228 diens
652 3211 669 3236 ,
700 3187 809 3226 una
839 3187 963 3226 cum
995 3171 1115 3240 ipsa
1148 3169 1215 3224 de
1246 3168 1337 3222 illa
1370 3168 1644 3238 theologia
1690 3167 1934 3236 ejusdem
1980 3166 2049 3221 ad

471 3263 724 3319 homines
750 3277 1055 3340 accessum,
1078 3276 1174 3331 per
1203 3267 1545 3329 assumptum
1571 3274 1774 3328 corpus
1803 3262 2047 3329 exponit,

472 3358 556 3413 sic
581 3354 771 3411 dicens
797 3374 810 3410 :
845 3374 864 3406 ‹
903 3355 965 3409 In
997 3352 1267 3424 principio
1294 3361 1412 3406 erat
1435 3351 1695 3416 Verbum,
1721 3362 1775 3407 et
1808 3348 2050 3408 Verbum

470 3444 590 3505 erat
614 3445 759 3518 apud
789 3444 989 3509 Deum,
1039 3452 1095 3500 et
1128 3443 1270 3500 Deus
1330 3453 1448 3500 erat
1484 3442 1721 3499 Verbum
1779 3444 1844 3497 ³³.
1888 3463 1907 3496 ι
1936 3443 2051 3499 Hoc

471 3548 592 3593 erat
620 3538 677 3592 in
698 3536 966 3609 principio
991 3536 1134 3606 apud
1163 3534 1331 3591 Deum
1352 3576 1367 3600 ,
1420 3536 1602 3590 omnia
1632 3551 1729 3606 per
1757 3536 1936 3606 ipsum
1969 3536 2051 3589 fa-

470 3642 561 3685 cta
576 3636 705 3687 sunt
743 3648 760 3686 :
811 3637 975 3698 atque
999 3628 1084 3682 bis
1112 3627 1370 3696 deinceps
1406 3626 1747 3697 adjungens:
1786 3645 1805 3677 ι
1829 3627 1891 3680 Et
1918 3626 2053 3683 Ver-

472 3725 602 3778 hum
631 3737 764 3777 caro
795 3721 995 3776 factum
1027 3727 1131 3783 est,
1163 3728 1215 3774 et
1235 3719 1499 3774 habitavit
1536 3718 1593 3773 in
1615 3718 1775 3774 nobis
1809 3718 1883 3774 ³³.-
1918 3738 1937 3770 ι
1972 3717 2050 3772 Ita

471 3816 659 3871 divino
687 3814 895 3885 Spiritu
932 3810 1143 3867 alliatus
1173 3812 1456 3882 propheta,
1481 3826 1606 3865 cum
1637 3809 1809 3865 Deum
1835 3811 1903 3865 de
1930 3809 2053 3863 Yir~

469 3908 596 3979 gine
645 3905 889 3977 genitum
953 3911 1099 3959 esset
1155 3902 1537 3964 nuntiaturus,
1570 3901 1833 3955 visionem
1889 3910 2049 3955 antea

470 3998 767 4069 quamdam
832 3995 980 4050 illius
1044 3994 1231 4065 gloriae
1287 3992 1726 4062 contemplatur,
1778 3993 2049 4062 talemque

467 4091 799 4163 theologiam
826 4090 1124 4147 describit:
1169 4107 1188 4139 ι
1224 4086 1349 4141 Vidi
1380 4084 1668 4141 Dominum
1699 4084 1934 4141 Sabaoth
1962 4103 2049 4142 se-

466 4187 687 4243 dentem
712 4199 876 4254 super
907 4183 1048 4238 solio
1077 4181 1295 4237 excelso
1318 4188 1372 4235 et
1400 4179 1641 4243 sublimi,
1671 4187 1724 4233 et
1748 4180 1903 4249 plena
1931 4187 2049 4234 erat

466 4279 665 4335 domus
693 4275 866 4348 gloria
898 4275 1108 4344 ejus,et
1132 4273 1403 4342 seraphim
1422 4271 1642 4327 stabant
1663 4271 1869 4325 circum
1900 4286 2045 4339 eum,

468 4382 567 4425 se:
595 4367 696 4421 ala:
724 4365 840 4430 uni,
868 4372 923 4420 et
970 4379 1067 4418 sex
1098 4363 1196 4417 alte
1232 4363 1423 4426 alteri,
1469 4368 1523 4416 et
1570 4361 1783 4416 duabus
1824 4360 2042 4431 quidem

2081 1736 2129 1796 Β

2152 484 2244 549 ψει
2270 485 2369 554 τῆς
2397 485 2630 556 ἀληθοῦς
2661 485 2990 555 θεογνωσίας
3021 484 3128 537 τῶν
3158 476 3261 538 ἆνά
3285 483 3384 556 τὴν
3419 487 3727 560 οἰκουμένης

2154 575 2343 640 ἐθνῶν,
2371 577 2687 631 ἀπόπτωσίν
2725 595 2784 630 τε
2816 578 2911 630 καὶ
2943 576 3179 648 ἐρημίαν
3210 576 3298 628 διὰ
3320 577 3419 649 τὴν
3465 580 3548 641 εἰς
3586 581 3733 635 αὑτὸν

2153 667 2411 721 ἀπιστίαν
2458 668 2550 720 τού
2594 669 2861 722 Ἰουδαίων
2912 668 3117 733 ἔθνους,
3157 668 3215 722 ἐν
3264 669 3344 739 τῷ
3397 669 3506 741 πρὸ
3555 671 3732 725 τούτου

2155 761 2546 833 συγγράμματι
2574 761 2662 821 δ,ιά
2686 761 2794 815 τῶν
2825 760 3177 834 προφητικῶν
3204 760 3394 830 φωνῶν
3427 763 3734 834 μεμαθηκό-

2153 867 2265 914 τες,
2295 851 2725 923 ἐπισκεψάμενοί
2769 869 2827 905 τε
2878 852 3018 905 κατά
3051 852 3111 904 τὸ
3148 848 3280 905 αὐτὸ
3327 848 3513 906 όποίου
3557 853 3734 921 τέλους

2154 941 2311 1013 ἔτυχε
2368 942 2437 996 τὰ
2483 944 2954 1015 προηγορευμένα,
3006 935 3133 1014 ἑξῆς
3177 936 3273 997 καὶ
3320 936 3635 1009 ἀκολούθως
3682 949 3736 1002 ὲν

2155 1024 2367 1103 ἑϐδόμῳ
2387 1032 2560 1103 τούτῳ
2591 1033 2983 1104 συγγράμματι
3013 1033 3114 1102 τῆς
3129 1033 3551 1103 Εὐαγγελικῆς
3587 1036 3738 1091 Ἀπο-

2153 1123 2398 1191 δείξεως
2435 1124 2526 1178 τὸν
2552 1125 2751 1197 τρόπον
2782 1124 3150 1197 ὲπιθεωρῆσαι
3183 1124 3584 1197 πειρασόμεθα,
3619 1122 3734 1182 καθ’

2153 1218 2212 1270 ὃν
2239 1233 2403 1289 φησιν
2427 1217 2588 1270 αὑτὸν
2622 1218 2719 1289 τὴν
2753 1219 2831 1281 είς
2855 1216 3175 1289 ἀνθρώπους
3204 1217 3537 1289 ποιήσασθαι
3574 1219 3735 1290 πάρος

2152 1309 2263 1366 δον.
2299 1309 2434 1380 Φέρε
2470 1306 2564 1364 οὖν
2608 1310 2855 1364 ἐντεῦθεν
2896 1310 2995 1382 ἤδη
3025 1311 3403 1383 σκοπήσωμεν,
3439 1311 3628 1375 ὁποῖός
3658 1329 3737 1378 τις

2152 1403 2183 1454 6
2208 1404 2407 1474 τρόπος
2434 1402 2652 1457 ἔσεσθαι
2681 1398 2781 1474 τῆς
2807 1395 2901 1456 τοῦ
2930 1403 3064 1456 Θεοῦ
3098 1405 3177 1466 εἰς
3199 1402 3522 1474 ἀνθρώπους
3554 1405 3739 1476 ἐπιοηι

2156 1493 2283 1564 μίας
2315 1487 2650 1559 ὲθεσπίζετο,
2683 1495 2778 1547 καὶ
2824 1485 2929 1547 ποῦ
2974 1494 3078 1565 γῆς
3123 1494 3561 1565 γεννηθήσεσθαι
3605 1512 3738 1568 προ-

2153 1586 2485 1656 εκηρύττετο
2512 1626 2527 1651 ,
2575 1585 2683 1639 ἀπὸ
2749 1579 2904 1639 ποίου
2948 1604 3010 1639 τε
3071 1589 3263 1655 γένους
3310 1586 3735 1658 προελεύσεσθει

2155 1677 2367 1731 ὲὸοᾶτο.

2685 1793 3080 1847 ΚΕΦΛΛΑΙΟΝ
3118 1795 3195 1846 Λ⁹.

2168 1881 2300 1937 Ἀπὸ
2328 1882 2432 1937 τοῦ
2464 1874 2799 1937 Ἠσαΐου.-
2819 1886 2916 1951 Τίς
2940 1888 2973 1938 ὁ
2998 1882 3218 1953 τρόπος
3240 1878 3351 1954 τῆς
3376 1880 3485 1939 τοῦ
3510 1887 3738 1954 Κυρίου

2519 1956 2607 2019 είς
2636 1954 2985 2022 ἀνθρώπους
3015 1957 3356 2024 ἐπιδημίας.

2223 2044 2536 2116 Πρόρρησις
2559 2045 2656 2114 τῆς
2684 2046 2765 2108 εἰς
2787 2046 3020 2117 Χριστὸν
3052 2047 3311 2110 ἀπιστίας
3338 2048 3435 2101 τοῦ
3465 2049 3740 2103 Ἰουδαίων

2155 2136 2356 2201 ἔθνους,
2383 2140 2476 2191 καὶ
2500 2141 2723 2209 σημεῖον
2747 2138 2930 2202 αὐτοῖς
2949 2134 3057 2193 ἀπὸ
3079 2140 3284 2209 Κυρίου
3306 2138 3612 2211 διδόμενον.
3635 2137 3738 2194 Ἦν

2152 2229 2211 2282 δὲ
2236 2231 2415 2283 τοῦτο’
2470 2230 2743 2302 Παρθένος
2771 2231 2904 2284 Θεὸν
2942 2232 3206 2300 γεννῶσα,
3240 2233 3325 2302 ἐφ’
3348 2228 3408 2286 οὗ
3428 2236 3496 2304 τῇ
3521 2235 3739 2302 γενέσει

2154 2321 2469 2392 καθαίρεσις
2490 2322 2756 2393 παντελὴς
2776 2322 2869 2376 τοῦ
2910 2323 3176 2376 Ἰουδαίων
3189 2323 3376 2388 ἔθνους
3394 2325 3737 2389 ἐθεσπίζετο,

2154 2414 2247 2466 καὶ
2271 2413 2343 2477 ὡς
2374 2413 2657 2482 ἀλλόφυλοι
2674 2417 2765 2468 καὶ
2794 2415 3041 2485 πολέμιοι
3061 2415 3159 2487 τὴν
3189 2414 3372 2487 χώραν
3388 2418 3574 2470 αὐτῶν
3606 2418 3735 2471 καθ·

2153 2504 2354 2570 έξουσι,
2405 2506 2499 2559 καὶ
2536 2506 2612 2569 ὡς
2651 2508 2684 2577 ἡ
2724 2507 2850 2577 πρὶν
2898 2506 3104 2577 ἔρημος
3148 2508 3249 2578 τῆς
3278 2507 3465 2560 ἐνθέου
3491 2508 3736 2578 τυχοῦσα

2151 2598 2445 2668 γεωργίας,
2504 2598 2814 2671 εύφορήσει·
2871 2598 2973 2669 τῆς
3027 2597 3088 2663 ἐξ
3154 2598 3324 2652 ὲθνῶν
3407 2599 3738 2669 Ἐκκλησία-ς

2149 2690 2340 2744 τοῦτον
2381 2690 2718 2762 δηλουμένης
2759 2690 2851 2743 τὸν
2893 2690 3112 2761 τρόπον·
3148 2690 3338 2763 ὥσπερ
3371 2692 3399 2744 6
3431 2690 3738 2761 θαυμάσιος

2153 2781 2540 2852 εὐαγγελιστὴς
2596 2782 2867 2853 Ἰωάννης,
2921 2783 3125 2853 μείζονι
3172 2782 3205 2854 ἢ
3259 2783 3402 2837 κατά
3449 2782 3737 2855 ἄνθρωπον

2155 2874 2533 2945 μεγαλοφωνίᾳ
2570 2874 2662 2927 τὸν
2722 2875 2948 2945 Σωτῆρα
3002 2876 3096 2927 καὶ
3155 2874 3360 2947 Κύριον
3398 2875 3561 2947 ἡμῶν
3618 2875 3735 2929 θεο-

2151 2964 2347 3034 λογῶν,
2382 2965 2544 3019 αὐτὸν
2583 2966 2647 3038 δὴ
2684 2966 2775 3019 τὸν
2811 2966 2906 3019 τοῦ
2949 2967 3083 3020 Θεοῦ
3125 2967 3316 3037 Λόγον,
3349 2968 3453 3038 τῆς
3483 2985 3551 3037 γε
3592 2968 3737 3041 ἱερᾶς

2153 3055 2375 3127 Γραφῆς
2394 3054 2557 3108 αὐτοῦ
2579 3057 2975 3128 ἀπαρχόμενος,
2997 3056 3132 3128 ὁμοῦ
3152 3060 3218 3129 τῇ
3244 3057 3496 3131 θεολογίᾳ
3524 3061 3625 3113 καὶ
3648 3060 3735 3130 τὴν

2152 3146 2414 3219 ἐνσαρκον
2436 3148 2602 3201 αὐτοῦ
2626 3150 2706 3212 εἰς
2727 3149 2822 3203 ἀνθ
2832 3147 3046 3221 ρώπους
3066 3151 3395 3221 παρίστησιν
3415 3151 3583 3223 ὲπιδη
3591 3153 3731 3223 μίαν·

2157 3260 2176 3292 ι
2211 3241 2298 3294 Ἐν
2328 3240 2469 3313 ἀρχῇ
2494 3236 2561 3313 ἦν
2581 3243 2609 3295 6
2630 3241 2820 3311 Λόγος,
2849 3241 2944 3294 καὶ
2968 3243 2996 3295 6
3015 3242 3187 3310 Λόγος
3205 3239 3274 3314 ἦν
3299 3243 3439 3314 πρὸς
3469 3243 3568 3297 τὸν
3586 3244 3736 3311 Θεὸν,

2151 3335 2248 3389 καὶ
2264 3334 2398 3398 Θεὸς
2420 3331 2491 3406 ἦν
2519 3337 2547 3387 6
2568 3334 2758 3404 Λόγος.
2786 3330 2953 3399 Οὗτος
2972 3331 3041 3407 ἦν
3059 3337 3118 3389 ὲν
3138 3336 3278 3407 ἀρχῇ
3305 3335 3445 3407 πρὸς
3467 3336 3566 3390 τὸν
3587 3336 3734 3390 Θεότ-

2152 3428 2330 3482 πάντα
2359 3426 2429 3481 δι’
2456 3426 2621 3481 αὐτοῦ
2656 3427 2890 3496 ἐγένετο,
2930 3447 2948 3478 ι
2996 3429 3194 3498 φήσας·
3232 3427 3445 3492 τούτοις
3477 3429 3612 3500 ἑξῆς
3642 3433 3733 3483 ἐπ-

2151 3522 2321 3590 άγων·
2347 3539 2366 3572 ι
2394 3522 2504 3574 Kal.
2536 3521 2565 3572 6
2589 3520 2757 3590 Λόγος
2790 3519 2926 3590 σὰρξ
2956 3520 3191 3589 ἐγένετο,
3221 3520 3316 3574 καὶ
3332 3521 3654 3591 ἐσκήνωσεν
3683 3523 3735 3574 ὲν

2149 3614 2303 3684 ἡμῖν.
2343 3632 2362 3665 ι
2387 3612 2491 3666 Τὸν
2523 3611 2686 3666 αὐτὸν
2710 3612 2775 3683 δὴ
2800 3612 3000 3683 τρόπον
3032 3609 3127 3665 καὶ
3153 3613 3182 3665 6
3208 3610 3501 3676 θεσπέσιος
3525 3615 3737 3685 προφή-

2149 3722 2250 3776 της
2284 3704 2419 3757 Θεοῦ
2454 3706 2519 3757 ὲκ
2555 3702 2834 3775 Παρθένου
2865 3702 3259 3772 γεγεννημένον
3293 3701 3508 3772 μέλλων
3533 3705 3739 3773 ἀνακηο

2154 3797 2386 3869 ρύττειν,
2411 3797 2509 3869 τὴν
2538 3797 2746 3861 ἔνδοξον
2777 3796 2941 3850 αὐτοῦ
2969 3796 3252 3849 θεοπτείαν
3279 3794 3614 3867 προθεωρεῖ,
3641 3789 3736 3849 ὦδε

2149 3892 2249 3962 τὴν
2279 3889 2556 3958 θεολογίαν
2597 3886 2950 3959 ὑπογράφωψ
2988 3905 3008 3938 ι
3044 3883 3199 3940 Εἶδον
3239 3887 3332 3940 τὸν
3376 3883 3589 3957 Κύριον
3634 3886 3737 3938 Σα-

2151 3980 2300 4034 ϐαὼθ
2333 3980 2639 4051 καθήμενον
2671 3980 2765 4032 ἐπὶ
2799 3978 2990 4049 θρόνου
3028 3976 3233 4048 ὑψηλοῦ
3268 3976 3364 4029 καὶ
3391 3977 3735 4046 ἐπηρμένου,

2151 4074 2245 4126 καὶ
2278 4072 2491 4143 πλήρης
2530 4073 2558 4124 6
2600 4065 2749 4132 οἶκος
2790 4069 2890 4139 τῆς
2920 4068 3080 4140 δόξης
3124 4066 3313 4131 αὑτοῦ,
3350 4068 3448 4120 καὶ
3488 4068 3739 4138 σεραφὶμ

2150 4163 2497 4234 εἱστήκεισαν
2519 4157 2702 4231 κύκλῳ
2730 4158 2915 4211 αὐτοῦ·
2942 4157 3001 4222 ἓξ
3029 4158 3299 4229 πτέρυγες
3316 4157 3398 4227 τῷ
3420 4157 3525 4221 ένὶ,
3553 4158 3658 4211 καὶ
3682 4159 3739 4223 ἐξ

2151 4254 2423 4324 πτέρυγες
2450 4252 2530 4323 τῷ
2566 4251 2644 4304 ἑνί
2665 4269 2677 4280 ·
2721 4251 2814 4303 καὶ
2855 4252 2975 4313 ταῖς
3018 4249 3117 4321 μὲν
3150 4248 3303 4302 δυσὶν
3338 4249 3653 4302 ἐκάλυπτον
3679 4248 3740 4301 τὸ

2152 4346 2460 4417 πρόσωπον,
2506 4346 2626 4406 ταῖς
2661 4343 2719 4396 δὲ
2762 4342 2883 4395 δυσὶ
2925 4340 3332 4394 κατεκάλυπτον
3360 4342 3500 4404 τοὺς
3540 4340 3735 4405 πόδας

468 4460 725 4532 tegebant
754 4424 970 4523 faciem,
1003 4456 1217 4511 duabus
1246 4424 1425 4510 autem
1455 4454 1709 4509 vetabant
1759 4424 1923 4523 pedes
1943 4495 1958 4517 ,
1988 4463 2042 4508 et

2153 4442 2266 4501 ταῖς
2300 4439 2355 4491 δὲ
2394 4439 2543 4491 δυσὶν
2584 4437 2864 4490 ὲπέταντο.
2903 4437 3010 4489 Καὶ
3039 4434 3339 4504 ἐκέκραγον
3374 4432 3566 4504 ἕτερος
3598 4433 3735 4506 πρὸς

467 4553 685 4607 duabus
717 4550 1011 4612 volabant,
1049 4556 1103 4602 et
1127 4548 1292 4619 310
1316 4548 1626 4602 clamabant
1651 4546 1786 4601 alter
1816 4548 1884 4599 ad
1908 4547 2045 4601 alte-

470 4657 614 4702 rum.
643 4649 698 4697 et
743 4640 1032 4695 dicebant:
1066 4638 1321 4700 Sanctus,
1361 4645 1587 4694 sanctus
1611 4676 1627 4701 ,
1664 4645 1888 4693 sanctus
1935 4637 2045 4693 Do-

472 4735 652 4790 minus
713 4731 996 4796 Sabaoth,
1059 4732 1218 4801 plena
1281 4740 1365 4786 est
1421 4730 1601 4785 omnis
1666 4738 1810 4784 terra
1874 4731 2045 4799 gloria

468 4825 590 4892 ejus
613 4823 680 4876 ".
719 4842 738 4875 ›
770 4822 837 4876 Et
866 4822 1121 4891 deinceps
1146 4820 1430 4890 adjungit:
1467 4839 1486 4870 ι
1527 4819 1594 4873 Ει
1630 4819 1811 4873 audivi
1856 4836 2042 4873 vocem

470 4913 687 4970 Domini
714 4913 983 4968 dicentis:
1012 4911 1183 4978 Quem
1224 4910 1459 4973 mittam,
1493 4917 1548 4965 et
1571 4910 1699 4980 quis
1729 4909 1828 4965 ibit
1856 4910 1923 4963 ad
1955 4925 2046 4979 po-

470 5006 657 5078 pulum
688 5004 855 5058 bunc.
881 5002 947 5057 Et
969 5004 1080 5058 dixi
1112 5022 1125 5057 :
1159 5001 1299 5057 Ecce
1327 5018 1447 5071 ego,
1482 5002 1638 5056 mitte
1668 5016 1773 5055 me.
1810 4999 1874 5053 Et
1907 4999 2044 5054 dixit

468 5099 540 5155 ad
575 5114 698 5154 me:
746 5096 921 5165 Vade,
957 5106 1010 5153 et
1034 5097 1125 5152 die
1168 5097 1367 5166 populo
1412 5096 1540 5149 huic
1571 5114 1584 5148 :
1622 5094 1826 5149 Auditu
1859 5095 2046 5149 audie-

468 5191 563 5255 tis,
592 5198 648 5246 et
675 5206 785 5246 non
813 5190 1166 5261 intelligetis:
1199 5200 1254 5244 et
1278 5190 1553 5243 intuentes
1588 5186 1959 5249 intuebimini,
1992 5194 2047 5240 et

470 5292 581 5332 non
605 5278 878 5333 videbitis.
901 5276 1161 5332 Crassum
1192 5277 1337 5331 enim
1372 5275 1576 5331 factum
1610 5284 1694 5331 est
1718 5291 1815 5330 cor
1855 5276 2040 5346 pepuli

469 5369 635 5440 hujus
656 5410 672 5435 ,
714 5380 768 5426 et
798 5371 1024 5425 auribus
1058 5370 1175 5424 suis
1201 5369 1435 5438 graviter
1465 5366 1755 5422 audierunt
1775 5407 1792 5433 ,
1823 5375 1878 5422 et
1910 5382 2040 5422 ocu-

471 5464 552 5520 los
598 5480 731 5520 suos
759 5466 1078 5520 clauserunt
1101 5503 1117 5530 ,
1152 5478 1223 5517 ne
1249 5462 1469 5531 quando
1495 5460 1716 5516 videant
1738 5460 1915 5515 oculis
1939 5499 1953 5522 ,
1986 5465 2041 5513 et

468 5555 637 5614 corde
660 5555 1000 5626 intelligant,
1046 5562 1102 5611 et
1127 5560 1542 5614 convertantur,
1584 5558 1637 5605 et
1683 5566 1873 5606 sanem
1907 5565 2036 5616 eos,

539 5749 767 5808 “Joan.
792 5753 907 5822 1,1.
984 5752 1027 5784 ιε
1052 5750 1186 5807 ibid.
1222 5714 1343 5804 Mf
1390 5749 1432 5781 ιδ
1468 5747 1571 5804 lsa.
1606 5761 1691 5805 γι.
1724 5745 1840 5804 1-3.

2146 4532 2236 4584 τὸν
2270 4531 2476 4602 ἕτερον,
2504 4530 2597 4583 καὶ
2623 4527 2824 4596 ἔλεγον·
2856 4527 3063 4594 Ἄγιος,
3097 4524 3270 4593 ἅγιος,
3312 4523 3491 4591 ἅγιος,
3529 4524 3737 4596 Ktipta;

2147 4622 2396 4686 Σαϐαὼθ,
2430 4621 2643 4692 πλήρης
2672 4620 2821 4672 πᾶσα
2860 4619 2894 4688 ἡ
2929 4618 3002 4686 γῆ
3031 4617 3133 4686 τῆς
3157 4615 3315 4684 δόξης
3343 4615 3537 4669 αὐτοῦ.
3572 4635 3594 4668 ι
3628 4615 3735 4670 Καὶ

2147 4714 2273 4783 ἑξῆς
2319 4710 2577 4778 ἐπιλέγει’
2623 4727 2642 4759 ι
2681 4709 2789 4761 Καὶ
2820 4708 3031 4777 ἥκουσα
3058 4706 3157 4774 τῆς
3186 4704 3370 4774 φωνῆς
3400 4705 3617 4776 Κυρίου
3646 4704 3733 4757 λέ-

2147 4821 2335 4874 γοντος
2359 4821 2371 4831 ·
2416 4801 2551 4854 Τίνα
2592 4796 2895 4861 ἀποστελῶ,
2958 4797 3052 4848 καὶ
3090 4796 3174 4858 τίς
3212 4793 3543 4864 πορεύσεται
3597 4792 3733 4865 πρὸς

2141 4897 2233 4950 τὸν
2271 4896 2397 4948 λαὸν
2424 4892 2642 4956 τοῦτον;
2678 4888 2790 4943 Καὶ
2825 4883 2972 4940 εἶπα·
3015 4884 3147 4939 Ἰδού
3171 4882 3280 4953 ἐγώ
3306 4885 3445 4953 εἰμι,
3474 4883 3736 4939 amis—.51-

2143 4989 2232 5043 λόν
2264 5005 2352 5058 με.
2381 4986 2488 5038 Kal.
2513 4979 2635 5037 εἷπε
2668 4982 2805 5054 πρὸς
2829 4979 2917 5051 μέ·
2953 4976 3277 5048 Πορεύθητι,
3323 4977 3421 5028 καὶ
3467 4975 3625 5027 εἰπὸν
3657 4975 3730 5044 τῷ

2143 5081 2257 5153 λαῷ
2283 5079 2479 5149 τούτῳ
2519 5078 2679 5147 Ἀκοῇ
2724 5073 3009 5134 ἀκούσετε,
3041 5069 3136 5123 καὶ
3162 5070 3223 5121 οὐ
3260 5067 3336 5139 μὴ
3377 5067 3603 5138 συνῆτε,
3639 5067 3729 5118 καὶ

2146 5175 2431 5246 βλέποντες
2458 5168 2700 5238 βλέψετε,
2731 5167 2826 5219 καί¹
2857 5164 2917 5216 οὐ
2956 5162 3030 5234 μὴ
3067 5161 3233 5230 ἴδητε.
3271 5158 3592 5228 Ἐπαχύνθη
3621 5158 3728 5227 γὰρ

2146 5270 2181 5339 ἡ
2204 5264 2396 5337 καρδία
2416 5261 2510 5315 τοῦ
2530 5259 2660 5314 λαοῦ
2681 5257 2892 5320 τούτου,
2918 5258 3014 5310 καὶ
3031 5258 3143 5317 τοῖς
3165 5253 3299 5304 ὠσὶν
3316 5250 3501 5303 αὐτῶν
3520 5250 3727 5321 βαρέως

2147 5361 2406 5431 ἤκουσαν,
2433 5357 2527 5409 καὶ
2549 5355 2675 5417 τοὺς
2699 5350 3009 5421 ὀφθαλμοὺς
3029 5346 3211 5402 αὐτῶν
3234 5348 3590 5418 ἐκάμμυσαν,
3626 5346 3725 5415 μή-

2147 5468 2276 5504 ποτε
2320 5449 2470 5503 ἴδωσι
2503 5449 2617 5510 τοῖς
2655 5444 2973 5515 ὀφθαλμοῖς,
3002 5442 3233 5505 καὶτοῖς
3259 5441 3397 5494 ὠσὶν
3427 5437 3721 5495 ἀκούσωσι.

2145 5545 2240 5599 καὶ
2286 5544 2524 5616 ίάσωμαι
2561 5540 2775 5604 αὐτούς.
2807 5537 2917 5593 Καὶ
2958 5530 3105 5589 εἴπαο
3141 5536 3287 5599 Ἕως
3330 5533 3489 5596 ποτε,
3523 5528 3719 5599 Κύριε,
