3828 6220
195 264 308 322 689

1080 254 1730 314 nsuossrnmoms
1772 238 2233 311 EVANGELICE
2270 251 2400 309 LIB.
2440 251 2554 308 vn.

3336 255 3442 314 490

195 382 309 436 Καὶ
331 374 506 433 εἷπεν·
544 398 563 430 ι
592 378 738 442 Ἕως
760 378 825 433 ἂν
850 378 1176 451 ὲρημωθῶσι
1201 380 1404 444 πόλεις,
1439 378 1590 449 παρὰ
1610 379 1670 432 τὸ
1698 379 1772 449 μὴ

1888 384 1932 431 et
1969 376 2121 431 dixi:
2154 375 2487 446 Quousque,
2520 373 2792 431 Domine?
2837 374 2901 429 Et
2935 375 3110 431 dixit:
3150 374 3333 434 Donec
3362 380 3449 431 dc-

197 469 591 534 κατοικεῖσθαι,
609 470 703 523 καὶ
720 465 858 523 οἶκοι
885 468 1034 541 παρὰ
1052 469 1114 521 τὸ
1136 468 1210 541 μὴ
1231 464 1369 525 εἶναι
1398 468 1732 540 ἀνθρώπους.
1747 487 1766 520 ι

198 563 362 615 Ποῖον
403 560 460 613 δὲ
498 559 718 631 θεμιτὸν
760 560 989 628 φάσκειν
1024 559 1117 613 τὸν
1152 562 1435 631 προφήτην
1473 560 1772 629 ἑωρακέναι

198 652 438 723 Κύριον;
471 650 505 722 ἢ
537 651 597 705 ὃν
644 652 757 714 τοῖς
809 650 939 722 περὶ
975 650 1065 704 τὸν
1094 651 1364 723 ,Ἀϐραὰμ
1404 653 1775 724 προπάτορσιν

195 741 379 814 ὦφθαι
405 762 467 798 τε
500 742 950 814 καὶὼμιληκέναι
982 744 1039 798 ὲν
1066 746 1178 807 τοῖς
1211 744 1315 815 πρὸ
1333 744 1536 797 τούτων
1563 743 1778 798 ἀπεδεί-

197 833 406 905 ξαμενς
452 833 654 889 Τοῦτον
700 832 810 906 γὰρ
855 832 990 905 ὁμοῦ
1036 834 1169 888 Θεδν
1197 836 1291 888 καὶ⁸
1320 834 1543 907 Κύριον,
1579 835 1674 889 καὶ
1711 834 1778 907 δὴ

198 926 431 995 ἄγγελον
465 921 626 990 εἶναι,
663 926 759 983 καὶ
796 927 1230 998 ἀρχιστράτηγον
1260 926 1541 998 δυνάμεως
1569 928 1776 999 Κυρίου

199 1015 737 1087 προμεμαθήκαμεν.
767 1016 992 1070 Μέλλων
1022 1016 1306 1088 τοιγαροῦν
1333 1016 1431 1089 τὴν
1456 1019 1535 1081 εἰς
1565 1017 1776 1089 ἀνθρώ-

200 1126 337 1173 πους
366 1108 535 1164 αὐτοῦ
567 1110 800 1181 πάροδον
834 1109 864 1162 6
904 1109 1094 1181 παρὼν
1139 1108 1295 1177 λόγος
1333 1107 1643 1175 θεσπίζειν,
1680 1109 1779 1182 τὴν

201 1199 384 1255 ἔνθεον
407 1200 571 1255 αὐτοῦ
592 1200 894 1274 προθεωρεῖ
916 1200 1208 1272 βασιλείαν,
1233 1201 1299 1257 δι’
1320 1196 1390 1273 ἦς
1412 1220 1575 1273 φησιν
1602 1204 1777 1274 ἑωρα-

202 1294 358 1347 κέναι
384 1294 548 1348 αὐτὸν
571 1294 878 1365 καθήμενον
914 1295 1006 1349 ἐπὶ
1038 1294 1230 1366 θρόνου
1256 1294 1460 1365 ὑψηλοῦ
1488 1295 1581 1349 καὶ
1604 1298 1779 1368 ἐπηρ-

205 1396 392 1455 μνου.
430 1380 600 1450 Οὗτος
636 1386 681 1440 δ’
705 1385 772 1440 ἂν
799 1385 887 1458 εἴη
920 1388 950 1440 6
983 1386 1171 1458 θρόνος
1198 1385 1365 1443 αὑτοῦ
1398 1388 1605 1452 ἐκεῖνος
1631 1388 1660 1441 6
1687 1388 1782 1444 καὶ

200 1479 262 1531 ἐν
285 1478 364 1549 τῷ
393 1479 522 1550 περὶ
549 1477 643 1533 τοῦ
682 1478 966 1549 ἀγαπητοῦ
993 1479 1191 1550 ψαλμῷ
1224 1478 1609 1550 δεδηλωμένος,
1640 1478 1783 1533 κατὰ

199 1569 282 1623 τό·
315 1588 335 1620 ι
385 1570 443 1623 '0
476 1570 664 1641 θρόνος
706 1588 821 1634 σου,
847 1573 877 1625 ό
906 1570 1056 1635 Θεὸς,
1087 1572 1168 1634 εἰς
1197 1570 1294 1624 τὸν
1332 1570 1503 1627 αἰῶνα
1528 1571 1622 1625 τοῦ
1646 1572 1780 1626 αἰῶ-

199 1680 315 1725 νος,
349 1683 368 1713 ι
401 1664 486 1732 ἐφ’
513 1662 573 1716 ὃν
601 1663 693 1717 καὶ
729 1666 759 1716 6
784 1664 1043 1719 ἀνωτάτω
1071 1664 1179 1718 τῶν
1208 1664 1350 1718 ὅλων
1381 1664 1610 1735 ποιητὴς
1650 1663 1782 1729 Θεὸς

1878 476 2040 523 serta:
2067 468 2179 522 sint
2208 466 2485 530 civitates,
2512 481 2578 522 eo
2607 467 2752 537 quod
2788 482 2894 521 non
2917 468 2989 522 sit
3013 469 3107 539 qui
3139 468 3406 525 inhabitet
3431 491 3443 525 :

1875 570 1931 616 et
1962 560 2179 623 domus,
2204 560 2446 631 ecquod
2474 574 2585 615 non
2635 560 2748 615 sint
2774 559 3025 615 homines
3052 559 3121 615 ".
3156 580 3177 613 ι
3203 561 3274 616 At
3301 563 3446 619 enim

1877 666 2039 722 quem
2098 650 2317 706 tandem
2402 647 2691 704 Dominum
2758 647 2843 704 Ias
2890 656 2975 705 est
3033 648 3222 709 dicere
3270 652 3447 711 visum

1878 742 2050 801 fuisse
2081 757 2111 797 a
2149 741 2411 811 propheta
2444 753 2638 811 praeter
2659 756 2808 806 eum,
2849 756 3010 811 quem
3038 749 3093 797 et
3123 741 3374 810 Abraha,
3395 755 3445 802 et

1879 831 2104 901 reliquis
2141 831 2372 886 Abrahae
2410 830 2683 886 similibus
2732 831 2932 901 priscis
2980 833 3229 903 patribus
3268 837 3449 893 visum

1878 922 2073 988 fuisse,
2100 933 2156 979 et
2193 938 2320 979 cum
2361 924 2552 979 iisdem
2582 925 2824 980 locutum
2853 939 2978 981 esse
2999 964 3017 989 ,
3066 926 3123 981 in
3172 927 3449 999 prioribus

1878 1014 2034 1072 libris
2083 1015 2458 1071 ostendimus?
2489 1014 2645 1072 Hunc
2673 1016 2817 1072 enim
2853 1018 3056 1087 pariter
3094 1025 3149 1072 et
3191 1016 3362 1075 Deum
3395 1029 3450 1075 et

1881 1108 2191 1175 Dominum,
2213 1119 2267 1165 et
2294 1111 2422 1166 item
2447 1111 2702 1183 angelum
2730 1128 2873 1178 esse,
2907 1122 2961 1170 et
3000 1112 3236 1184 primum
3278 1113 3451 1184 impe-

1880 1212 2119 1261 ratorem
2148 1196 2430 1272 copiarum
2467 1202 2714 1268 Domini,
2747 1211 2907 1259 antea
2943 1203 3255 1260 didicimus.
3313 1204 3451 1259 Cum

1880 1309 2012 1365 ergo
2061 1310 2301 1365 praesens
2358 1296 2642 1350 oraculum
2703 1303 2850 1352 esset
2894 1295 3044 1351 illius
3085 1294 3153 1350 ad
3205 1293 3454 1350 homines

1881 1385 2384 1456 commigrationem
2418 1385 2807 1456 praedictorum
2828 1425 2844 1450 ,
2895 1385 3139 1441 divinum
3172 1392 3331 1440 antea
3386 1384 3457 1440 il-

1884 1475 1992 1535 lius
2015 1492 2243 1548 regnum
2270 1480 2694 1550 contemplatur,
2725 1479 2815 1534 ubi
2850 1480 2929 1533 ait
2956 1493 3016 1535 se
3053 1479 3258 1536 vidisse
3299 1478 3455 1534 illum

1885 1567 2163 1623 sedentem
2193 1569 2249 1623 in
2289 1569 2429 1624 solio
2460 1569 2697 1632 excelso,
2728 1575 2783 1625 et
2811 1569 3051 1624 sublimi.
3108 1567 3224 1625 Hoc
3271 1576 3456 1626 autem

1884 1659 2033 1717 illius
2060 1660 2257 1717 solium
2294 1661 2427 1717 illud
2453 1676 2575 1718 esse
2598 1661 3021 1718 existimandum
3064 1668 3171 1728 est,
3200 1662 3347 1733 quod
3400 1661 3457 1716 in

201 1754 399 1824 Πατήρ
426 1770 485 1807 τε
526 1754 691 1808 αὑτοῦ
719 1754 795 1818 ὡς
832 1755 900 1810 ἂν
934 1758 1217 1825 μονογενεῖ
1244 1755 1339 1808 καὶ
1370 1754 1641 1826 ἀγαπητῷ
1677 1772 1780 1809 κα-

1888 1749 2100 1807 Psalmo
2150 1752 2220 1807 de
2260 1753 2461 1809 dilecto
2511 1761 2795 1809 ostensum
2836 1762 2941 1816 est,
2975 1752 3030 1808 in
3078 1753 3187 1807 illis
3232 1754 3454 1809 verbis:

201 1842 458 1908 θέζεσθαι
500 1843 912 1915 παρεκελεύετο,
960 1843 1166 1914 λέγων·
1208 1864 1227 1895 ι
1264 1842 1446 1899 Κάθου
1488 1846 1553 1898 ὲκ
1595 1842 1783 1910 δεξιῶν

205 1951 335 2005 μου,
362 1934 468 1996 ἕως
490 1933 557 1987 ἂν
584 1932 662 1985 θῶ
696 1935 821 1998 τοὺς
849 1933 1075 2006 ἐχθρούς
1103 1951 1196 1989 σου
1228 1934 1517 1991 ὑποπόδιον
1543 1934 1650 1989 τῶν
1682 1951 1782 1987 πο-

198 2024 312 2079 δῶν
337 2041 453 2078 σου.
494 2044 512 2077 ι
542 2026 828 2095 Συνίστησι
875 2026 934 2079 δὲ
965 2026 1166 2097 ταύτην
1206 2025 1363 2096 ἡμῶν
1402 2026 1503 2097 τὴν
1547 2026 1628 2090 είς
1659 2026 1783 2089 τοὺς

201 2117 405 2180 τόπους
430 2118 724 2188 ἑρμηνείαν
769 2116 1018 2187 Ἰωάννης
1050 2118 1078 2170 ό
1113 2116 1533 2188 Εύαγγελιστὴς,
1565 2117 1647 2182 ὃς,
1678 2136 1785 2173 πα-

205 2205 506 2277 ραθέμενος
552 2205 653 2270 τάς
696 2207 1060 2278 προκειμένας
1094 2207 1187 2262 τοῦ
1235 2209 1456 2264 Ἡσαΐου
1486 2211 1688 2280 φωνὰς,
1727 2214 1785 2267 ὲν

201 2290 298 2359 αἷς
328 2297 533 2366 εἴρητο·
568 2316 586 2349 ι
632 2298 939 2369 Ἐπαχύνθη
963 2299 1071 2371 γὰρ
1102 2302 1135 2368 ὴ
1163 2300 1359 2369 καρδία
1386 2300 1480 2355 τοῦ
1506 2300 1636 2356 λαοῦ
1662 2303 1785 2356 τού-

204 2406 326 2453 του,
366 2389 459 2444 καὶ
495 2390 607 2452 τοῖς
636 2389 771 2443 ὠσὶν
797 2390 974 2445 αὑτῶν
1009 2390 1222 2463 βαρέως
1251 2394 1511 2463 ἥκουσαν,
1539 2395 1633 2448 καὶ
1662 2396 1785 2460 τοὺς

202 2479 520 2551 ὀφθαλμοὺς
552 2480 733 2535 αὐτῶν
774 2481 1122 2554 ἐκάμμυσαν,
1163 2503 1182 2535 ι
1216 2485 1471 2558 ἐπιφέρει
1518 2488 1646 2558 περὶ
1690 2486 1784 2540 τοῦ

205 2572 449 2632 Χριστοῦ
476 2574 669 2642 λέγων’
700 2594 718 2627 ι
756 2574 938 2641 Ταῦτα
968 2573 1119 2629 εἶπεν
1160 2577 1406 2642 Ἡσαΐας,
1433 2579 1522 2632 ὅτε
1553 2574 1661 2633 εἶδε
1687 2580 1786 2647 τὴν

199 2660 368 2730 δόξαν
393 2666 579 2732 αὐτοῦ,
616 2670 708 2722 καὶ
736 2670 1084 2743 ἐμαρτύρησε
1121 2674 1249 2743 περὶ
1270 2672 1453 2728 αὐτοῦ.
1487 2694 1506 2727 ι
1557 2674 1700 2729 Ἰδὼν
1721 2676 1786 2747 δὴ

207 2751 310 2809 οὖν
346 2758 376 2809 6
420 2764 707 2831 προφήτης
748 2762 845 2831 τὴν
888 2762 980 2814 ἐπὶ
1021 2762 1114 2816 τοῦ
1163 2764 1430 2836 πατρικοῦ
1470 2766 1659 2837 θρόνου
1690 2767 1787 2838 τῆς

205 2846 397 2901 ἐνθέου
432 2848 587 2920 δόξης
616 2868 676 2904 τε
718 2853 812 2906 καὶ
847 2852 1121 2922 βασιλείας
1168 2856 1374 2927 ἵδρυσιν
1407 2857 1501 2912 τοῦ
1537 2859 1787 2931 Σωτῆρος

206 2938 392 3008 ἡμῶν,
419 2940 496 3011 τῷ
520 2959 579 2994 τε
606 2944 747 3014 ἁγίῳ
771 2944 1088 3010 ἐπιθειάσας
1118 2946 1419 3018 Πνεύματι,
1454 2950 1546 3002 καὶ
1580 2949 1788 3018 μέλλων

206 3034 342 3104 ἑξῆς
380 3036 476 3105 τὴν
524 3037 606 3100 είς
662 3037 979 3109 ἀνθρώπους
1034 3040 1199 3095 αὑτοῦ
1243 3041 1471 3113 πάροδον
1492 3083 1507 3107 ,
1562 3044 1657 3099 καὶ
1689 3043 1787 3116 τὴν

206 3124 280 3176 ὲκ
321 3124 600 3196 Παρθένου
642 3130 893 3199 γέννησιν
939 3130 1293 3203 ὑπογράφειν,
1341 3134 1786 3207 προμαρτύρεται

203 3215 317 3286 τὴν
342 3216 422 3279 είς
454 3218 633 3270 πᾶσαν
664 3219 764 3290 τὴν
789 3220 891 3290 γῆν
931 3220 1229 3291 μέλλουσαν
1253 3222 1470 3277 ἔσεσθαι
1500 3224 1701 3293 γνῶσίν
1727 3243 1787 3281 τε

207 3306 314 3360 καὶ
330 3306 654 3376 δοξολογίαν,
674 3309 747 3364 τὰ
775 3313 1016 3383 σεραφὶμ
1043 3313 1277 3382 εἰσάγων
1297 3314 1598 3370 κυκλοῦντα
1623 3317 1786 3370 αὐτὸν

207 3398 314 3450 καὶ
344 3397 653 3465 φάσκονταο
683 3420 703 3453 ι
732 3402 950 3471 Ἄγιος,
985 3403 1137 3471 ἀγιος
1157 3445 1171 3470 ,
1205 3404 1360 3472 ἅγιος
1382 3448 1395 3472 ,
1433 3406 1637 3479 Κύριος
1686 3408 1791 3461 Σαο

208 3488 388 3554 ϐαὼθ,
428 3490 641 3564 πλήρης
688 3496 838 3550 πᾶσα
870 3498 903 3567 ή
954 3496 1024 3566 γῆ
1057 3497 1155 3567 τῆς
1190 3497 1347 3568 δόξης
1390 3500 1574 3554 αὑτοῦ.
1601 3520 1618 3552 ο
1656 3501 1790 3555 Τίνα

206 3581 260 3635 δ’
296 3582 364 3635 ἂν
390 3583 475 3654 εἴη
501 3584 570 3639 τὰ
603 3587 863 3657 σεραφὶμ,
884 3587 956 3641 τὰ
974 3589 1066 3641 τὸν
1093 3590 1327 3661 Χριστὸν
1358 3591 1453 3647 τοῦ
1476 3591 1612 3645 Θεοῦ
1634 3592 1791 3663 δορυ-

209 3673 506 3745 φοροῦντα,
541 3675 576 3747 ῆ
608 3677 749 3748 τάχα
781 3678 909 3743 ἴσως
930 3680 1174 3748 ἀγγέλων
1202 3682 1298 3734 καὶ
1327 3682 1486 3736 θείων
1507 3683 1790 3755 δυνάμεων

208 3765 390 3836 χοροὶ,
417 3765 451 3837 ἢ
476 3767 572 3820 καὶ
600 3769 892 3840 προφητῶν
919 3771 1011 3823 καὶ
1054 3770 1401 3837 ἀποστόλων;
1430 3773 1789 3846 ἑρμηνεύεται

209 3856 328 3927 γὰρ
359 3858 431 3911 τὰ
472 3860 714 3930 σεραφὶμ
745 3859 902 3930 ἀρχὴ
936 3863 1236 3932 στόματος
1283 3863 1499 3918 αὐτῶν.
1548 3864 1790 3920 Τοιοῦτοι

208 3950 274 4002 δὲ
303 3950 353 4001 οἱ
386 3951 660 4022 προφῆται
690 3953 784 4006 καὶ
822 3953 1124 4019 ἀπόστολοι,
1152 3951 1229 4009 ὧν
1271 3954 1360 4009 διὰ
1404 3955 1498 4011 τοῦ
1529 3957 1791 4028 στόματος

211 4043 251 4112 ὴ
305 4043 529 4114 ἀπαρχὴ
573 4043 764 4112 γέγονε
805 4043 900 4097 τοῦ
949 4048 1217 4117 σωτηρίου
1271 4046 1664 4120 κηρύγματοςο
1709 4049 1794 4102 διὸ

208 4132 425 4203 ταύτης
450 4134 642 4205 ἔτυχον
671 4135 770 4205 τῆς
815 4137 1219 4209 προσηγορίας,
1255 4131 1328 4192 ὧν
1362 4139 1456 4193 καὶ
1493 4139 1588 4193 τοῦ
1635 4139 1791 4209 ἁγίου

210 4223 536 4295 Πνεὺματος
565 4227 620 4279 αί
650 4225 927 4296 δυνάμεις,
967 4227 1233 4299 πτέρυγες
1269 4228 1649 4303 ὠνομασμέναι
1669 4269 1685 4295 ,
1723 4229 1792 4286 τὰ

213 4317 324 4385 μὲν
356 4315 546 4384 πρῶτα
570 4319 664 4371 καὶ
692 4316 762 4371 τὰ
789 4317 992 4372 ὕστατα
1017 4319 1115 4389 τῆς
1147 4319 1240 4375 τοῦ
1265 4320 1398 4374 Θεοῦ
1439 4322 1612 4391 Λόγου
1648 4321 1789 4391 γνὼ-

1888 1858 1907 1891 r
1947 1838 2116 1898 Sedes
2144 1850 2259 1908 tua,
2301 1843 2464 1911 Deus,
2505 1843 2563 1899 in
2614 1844 2872 1900 saeculum
2929 1843 3204 1908 saeculi“,
3237 1863 3259 1898 ι
3292 1859 3459 1916 super

1882 1948 2045 2003 quam
2071 1949 2359 2005 supremus
2381 1944 2435 1992 et
2457 1935 2697 1992 universi
2730 1936 2981 1992 conditor
3012 1937 3175 2001 Deus,
3198 1944 3253 1993 et
3277 1936 3455 2007 ipsius

1882 2024 2073 2092 Pater,
2108 2026 2287 2097 ipsum
2319 2035 2579 2099 tanquam
2619 2028 2845 2083 unicum
2876 2043 2941 2083 ac
2972 2028 3233 2084 dilectum
3264 2029 3455 2086 sedere

1878 2116 2133 2186 jubebat,
2155 2118 2383 2174 dicens:
2421 2137 2439 2170 ‹
2473 2118 2613 2175 Sede
2655 2134 2686 2173 a
2719 2119 2927 2176 dextris
2958 2122 3122 2187 meis,
3157 2121 3333 2177 donec
3360 2137 3460 2192 po-

1883 2223 2011 2263 nam
2044 2209 2297 2266 inimicos
2341 2217 2467 2267 tuos
2522 2212 2815 2267 scabellum
2851 2212 3046 2283 pedum
3083 2220 3300 2268 tuorum
3327 2213 3394 2271 ".
3433 2233 3454 2267 ι

1884 2297 2184 2355 Conﬁrmat
2210 2316 2339 2357 vero
2370 2302 2513 2356 hanc
2544 2310 2790 2358 nostram
2822 2304 2875 2357 in
2900 2303 3000 2359 hos
3023 2305 3170 2359 locos
3199 2306 3459 2376 interpre-

1888 2391 2168 2455 tationem,
2192 2391 2431 2449 Joannes
2464 2394 2819 2465 evangelista.
2860 2395 2951 2465 qui
2987 2405 3276 2467 postquam
3320 2397 3460 2451 cita-

1887 2481 1964 2535 vit
1994 2482 2241 2549 proxime
2270 2482 2548 2553 expositas
2578 2482 2733 2539 Isaiae
2764 2499 2928 2540 voces
2950 2526 2967 2549 ,
3026 2485 3081 2539 in
3124 2486 3326 2556 quibus
3373 2484 3459 2541 di-

1886 2580 2035 2626 ctum
2063 2582 2185 2628 est:
2242 2592 2261 2624 ι
2301 2572 2565 2631 Crassum
2604 2577 2750 2631 enim
2794 2577 2996 2633 factum
3037 2584 3120 2633 est
3148 2592 3245 2632 cor
3273 2579 3458 2648 populi

1885 2661 2071 2733 hujus,
2106 2671 2162 2719 et
2198 2666 2421 2722 auribus
2446 2666 2561 2721 suis
2583 2668 2820 2738 graviter
2848 2669 3160 2735 audierunt,
3187 2680 3241 2726 et
3269 2670 3459 2725 oculos

1888 2771 2020 2812 suos
2069 2757 2405 2823 clauserunt,
2444 2779 2464 2811 ι
2501 2760 2748 2831 adjungit
2797 2761 2865 2817 de
2900 2761 3136 2828 Christo,
3173 2769 3227 2817 et
3276 2760 3457 2816 dicit:

1893 2864 1915 2898 ι
1949 2845 2071 2901 Haec
2100 2847 2233 2902 dicit
2288 2847 2476 2923 Isaias,
2506 2852 2725 2921 quando
2770 2851 2902 2906 vidit
2948 2853 3177 2922 gloriam
3207 2852 3329 2921 ejus
3353 2891 3369 2917 ,
3404 2860 3459 2907 et

1889 2939 2214 2994 testilicatus
2239 2947 2324 2995 est
2382 2940 2449 2995 de
2498 2957 2564 2995 eo
2593 2941 2658 2998 ³⁸.
2696 2960 2717 2993 ι
2747 2941 2881 2996 Cum
2915 2958 3044 3014 ergo
3072 2943 3299 3000 vidisset
3323 2958 3456 3013 pro-

1888 3031 2051 3102 pheta
2094 3030 2397 3087 Salvatoris
2427 3034 2601 3088 nostri
2651 3049 2814 3104 super
2863 3042 3087 3104 paterna
3117 3035 3315 3089 divinae
3344 3050 3460 3090 ma-

1884 3125 2105 3196 jestatis
2134 3139 2199 3180 ac
2226 3126 2378 3197 regni
2410 3124 2539 3181 sede
2569 3126 3007 3195 collocationem,
3028 3128 3322 3198 divinoque
3345 3128 3460 3198 ipse

1888 3225 2036 3275 esset
2070 3216 2277 3289 Spiritu
2330 3219 2625 3274 instinctus
2648 3260 2666 3285 ,
2721 3226 2975 3291 essetque
3011 3218 3271 3290 deinceps
3312 3220 3462 3290 ejus-

1889 3312 2012 3368 dem
2043 3318 2110 3366 ad
2152 3311 2401 3368 homines
2433 3326 2716 3369 accessum
2737 3353 2753 3379 ,
2806 3319 3096 3383 ortumque
3124 3311 3190 3368 de
3241 3312 3463 3384 Virgine

1888 3403 2288 3474 descripturus,
2322 3404 2475 3475 prius
2508 3404 2831 3460 testiﬁcatur
2862 3419 3007 3471 eam,
3039 3404 3199 3477 311
3233 3421 3356 3476 quae
3405 3407 3461 3460 in

1891 3512 2107 3552 omnem
2172 3503 2375 3551 terram
2410 3504 2737 3566 perventura
2794 3503 2932 3562 erat,
2994 3498 3386 3568 cognitionem,
3410 3507 3464 3553 et

1889 3590 2077 3660 gloria:
2107 3589 2567 3660 praedicationem,
2593 3592 2712 3661 ipsa
2741 3589 3013 3661 seraphim
3039 3590 3326 3658 inducens,
3343 3607 3465 3662 qua:

1890 3683 2096 3737 circum
2123 3682 2274 3735 illum
2302 3688 2529 3748 starent,
2558 3696 2622 3736 ac
2662 3681 2950 3737 dicerent:
2991 3700 3010 3733 ι
3053 3678 3461 3745 Sanctus,san-

1890 3760 2034 3842 ctus,
2062 3785 2309 3837 sanctus,
2340 3772 2602 3829 Dominus
2642 3772 2905 3837 Sabaoth,
2938 3772 3097 3844 plena
3144 3782 3231 3828 est
3280 3773 3464 3829 omnis

1889 3873 2038 3922 terra
2070 3867 2241 3939 gloria
2265 3867 2405 3935 ejus.
2446 3886 2465 3919 ι
2502 3864 2608 3922 Sed
2647 3881 2897 3937 quaenam
2925 3865 3287 3921 existimanda
3336 3873 3464 3921 sunt

1892 3959 2009 4014 haec
2037 3958 2334 4028 seraphim,
2360 3957 2641 4013 Christum
2672 3956 2769 4012 Dei
2789 3955 3091 4027 stipantia?
3119 3954 3258 4010 Num
3296 3957 3464 4012 forsi-

1891 4056 1986 4104 tan
2013 4051 2330 4121 angelorum
2360 4064 2424 4104 ac
2455 4047 2762 4102 divinarum
2801 4054 3133 4115 potestatum
3163 4046 3319 4101 chori
3344 4087 3361 4112 ,
3395 4062 3466 4105 an

1892 4155 2022 4196 vero
2049 4140 2437 4211 prophetarum
2475 4148 2638 4211 atque
2681 4137 3092 4208 apostolorum?
3135 4151 3261 4191 nam
3310 4151 3469 4192 sera-

1894 4232 2041 4302 phim
2075 4234 2120 4287 si
2160 4232 2567 4303 interpreteris,
2605 4233 2814 4286 initium
2849 4232 2956 4285 oris
2988 4232 3223 4301 ipsorum
3252 4230 3464 4285 audias.

1894 4321 2055 4378 Tales
2088 4337 2218 4377 vero
2249 4330 2303 4376 et
2336 4322 2612 4392 prophetas
2643 4330 2697 4377 et
2732 4321 2987 4393 apostoli,
3013 4334 3110 4390 per
3129 4333 3358 4389 quorum
3378 4332 3465 4385 os,

214 4422 363 4468 σεως
407 4405 870 4479 ἐπικρύπτουσιν,
916 4408 993 4472 ὡς
1032 4410 1246 4482 ἄρρητα
1285 4412 1378 4465 καὶ
1432 4411 1791 4483 ἀκατάληπτα

1896 4413 2069 4468 instar
2094 4412 2477 4481 primitiarum,
2520 4412 2738 4465 initium
2768 4410 3025 4467 salutaris
3061 4408 3466 4479 pradicationis

208 4498 349 4550 ὂντα
377 4498 477 4569 τὴν
507 4498 691 4567 φύσιν,
724 4499 790 4555 τὰ
817 4500 874 4553 δὲ
904 4500 1044 4571 μέσα
1070 4501 1169 4571 τῆς
1204 4502 1332 4574 περὶ
1380 4503 1545 4557 αὐτοῦ
1586 4506 1791 4557 οίκονο-

215 4591 350 4663 μίας
376 4591 748 4660 ὲκφαίνουσιν,
769 4593 850 4646 ὅτι
883 4592 945 4665 δὴ
974 4593 1110 4665 μόνα.
1131 4594 1346 4663 γνωστὰ
1382 4594 1552 4650 ταῦτα
1585 4594 1794 4665 ἀνθρώ-

211 4700 340 4736 πων
363 4683 545 4751 φύσει,
572 4683 680 4738 τῶν
721 4685 979 4739 ἐπέκεινα
1032 4686 1125 4739 καὶ
1182 4686 1289 4739 τῶν
1332 4686 1468 4757 μετά
1515 4686 1688 4743 ταῦτα
1737 4689 1795 4739 ὲν

210 4774 553 4846 ἀπορρήτοις
586 4773 978 4844 σεσιγημένων.
1006 4774 1115 4827 Καὶ
1149 4774 1405 4846 δυνάμεις
1443 4775 1499 4828 δὲ
1527 4776 1667 4830 θεῖαι
1702 4776 1795 4829 καὶ

210 4866 461 4937 οὐράνιοι
501 4861 609 4919 εἷεν
639 4865 725 4930 ἂν,
760 4866 847 4919 διὰ
882 4866 943 4919 τὸ
987 4866 1227 4937 σεραφὶμ
1264 4865 1658 4937 ἑρμηνεύεσθαι
1697 4866 1797 4935 ἐμ-

213 4957 492 5027 πρησμοι
513 4977 526 4989 ·
561 4957 643 5013 διὸ
680 4957 925 5029 εἴρηται·
970 4978 989 5010 ι
1038 4960 1096 5013 ὐ
1144 4958 1310 5013 ποιῶν
1358 4960 1484 5022 τοὺς
1534 4959 1796 5028 ἀγγέλους

212 5050 387 5107 αὐτοῦ
414 5050 730 5121 πνεύματα,
766 5051 859 5105 καὶ
892 5052 1017 5115 τοὺς
1054 5052 1397 5122 λειτουργοὺς
1428 5050 1593 5103 αὑτοῦ
1626 5050 1796 5122 πυρὸς

213 5140 418 5211 φλόγα.
452 5159 470 5191 ι
501 5141 819 5212 Κεκράγασι
843 5139 901 5193 δὲ
940 5134 1084 5194 οὗτοι
1129 5134 1220 5194 καὶ
1253 5139 1448 5209 βοῶσιν
1488 5139 1673 5209 ἕτερος
1720 5137 1796 5209 τῷ

213 5232 397 5303 ἑτέρῳ
424 5232 566 5285 κατά
592 5232 692 5303 τὴν
733 5232 938 5286 οἰκείαν
970 5231 1219 5303 δύναμιν,
1251 5232 1351 5299 τὴν
1398 5231 1660 5301 ἁγιότητα
1701 5230 1795 5283 τοῦ

215 5321 642 5393 θεολογουμένου
665 5322 1060 5395 παριστῶντες,
1088 5324 1182 5375 καὶ
1207 5321 1270 5376 τό
1284 5339 1347 5390 γε
1376 5322 1594 5376 πάντων
1619 5338 1797 5392 παρα-

210 5413 535 5479 δοξότατον,
581 5413 975 5483 θεολογοῦντες.
1022 5415 1142 5467 Ὅτι
1190 5414 1264 5486 μὴ
1307 5415 1466 5484 μόνος
1497 5414 1591 5468 καὶ
1629 5412 1698 5467 τά
1737 5414 1796 5465 ἐν

213 5503 439 5576 οὐρανῷ
461 5488 639 5559 πάντα
663 5504 842 5576 πλήρη
868 5504 1123 5574 τυγχάνει
1148 5504 1247 5575 τῆς
1270 5502 1575 5573 δοξολογίας
1605 5502 1792 5569 αὐτοῦ,

1902 4503 2105 4556 laetum
2126 4510 2232 4565 est,
2256 4517 2322 4557 ex
2347 4516 2457 4572 quo
2486 4501 2902 4571 appellationem
2937 4500 3077 4555 hanc
3108 4498 3288 4553 sortiti
3316 4507 3466 4562 sunt,

1901 4591 2043 4645 sicut
2084 4591 2246 4644 etiam
2283 4591 2453 4645 sancti
2480 4589 2716 4661 Spiritus
2757 4596 3077 4661 potestates,
3101 4604 3221 4659 quae
3248 4587 3347 4643 ala:
3369 4603 3471 4642 no-

1902 4683 2120 4737 minatae
2171 4689 2327 4744 sunt,
2363 4681 2568 4751 primas
2598 4681 2815 4752 quidem
2867 4689 3032 4751 atque
3078 4690 3352 4736 extremas
3403 4679 3471 4735 de

1902 4771 2012 4827 Deo
2040 4772 2220 4829 Verbo
2268 4775 2473 4829 notitia:
2500 4781 2683 4844 partes
2721 4773 3020 4838 occultant,
3059 4782 3322 4843 tanquam
3374 4787 3469 4827 eas

1901 4880 2023 4934 quae
2048 4870 2241 4934 suapte
2279 4870 2472 4918 natura
2518 4878 2695 4934 neque
2723 4863 2833 4917 dici
2881 4878 3058 4932 neque
3086 4860 3473 4933 comprehendi

1901 4956 2149 5024 possint;
2200 4968 2321 5022 quae
2372 4968 2500 5008 vero
2548 4953 2721 5025 ipsius
2774 4951 2844 5007 de
2898 4952 2992 5007 illo
3041 4949 3478 5022 dispensationis

1902 5045 2093 5100 mediae
2130 5051 2278 5110 sunt,
2306 5059 2400 5100 eas
2432 5044 2728 5100 ostendunt
2755 5083 2770 5108 ,
2828 5051 3117 5114 propterea
3172 5041 3323 5113 quod
3355 5041 3472 5097 sola

1901 5137 2016 5192 hac
2044 5146 2252 5192 naturae
2278 5136 2558 5191 hominum
2610 5137 3021 5208 ecgnoscibilia,
3060 5151 3184 5192 cum
3235 5148 3299 5191 ea
3352 5149 3473 5204 quae

1884 5244 2066 5300 supra
2096 5229 2210 5283 haec
2234 5235 2287 5283 et
2319 5235 2443 5299 post
2465 5228 2581 5283 haec
2609 5227 2817 5297 reliqua
2856 5234 3006 5293 sunt,
3036 5226 3094 5281 in
3125 5223 3345 5280 arcanis
3374 5224 3474 5277 ha-

1903 5323 2013 5379 bita
2048 5323 2331 5378 sileantur.
2366 5319 2633 5376 Praeterea
2660 5320 2857 5383 divinae
2902 5334 2968 5375 ac
3012 5320 3269 5375 cmlestes
3329 5324 3476 5386 pote-

1903 5422 2094 5480 states,
2126 5422 2384 5487 poterunt
2430 5413 2559 5467 item
2608 5413 2875 5469 vocabulo
2916 5412 3189 5483 seraphim
3214 5408 3473 5478 intelligi,

1902 5511 2173 5575 quatenus
2202 5502 2307 5556 alia
2335 5500 2570 5572 quadam
2600 5501 2813 5558 ratione
2832 5541 2848 5568 ,
2883 5500 3158 5572 seraphim
3186 5514 3254 5554 ex
3302 5498 3474 5552 inter-

291 5679 337 5712 ³⁸
366 5679 468 5736 Isa.
506 5695 582 5745 v1,
616 5679 768 5733 8-H.
850 5678 894 5711 ³⁸
922 5678 1066 5734 Psal.
1102 5695 1249 5744 xuv,
1281 5681 1334 5737 7.
1413 5682 1456 5715 "
1482 5679 1626 5738 Psal.
1657 5694 1766 5748 cu,
1797 5680 1851 5747 I,
1872 5678 1928 5737 2.
2004 5681 2047 5714 ³⁸
2084 5680 2241 5737 Joan.
2272 5694 2372 5749 xu,
2406 5656 2602 5750 40,“,

592 5776 867 5838 PATROL.
907 5776 1023 5838 Gn.
1071 5776 1280 5843 XXII.

3041 5779 3113 5839 16
