3828 6220
373 272 472 329 491

1044 265 1313 323 EUSEBH
1351 263 1829 322 CIESARIENSIS
1864 263 2015 321 OPP.
2060 263 2240 321 PARS
2276 265 2428 320 ll.—
2450 258 2948 318 APOLOGETICA.

3521 263 3623 317 69?.

374 386 700 459 pretatione,
727 382 975 439 incendia
996 370 1334 454 signiﬁcant,
1356 398 1423 438 ex
1444 398 1554 453 quo
1580 382 1711 437 illud
1738 382 1945 438 dictum

2049 382 2180 437 ἀλλά
2206 383 2301 436 καὶ
2345 383 2491 435 πᾶσα
2523 382 2556 452 ή
2595 380 2666 451 γῆ
2713 378 2813 450 τῆς
2844 377 3014 449 αὐτῆς
3059 376 3289 448 μετέσχε
3323 376 3622 448 δυνάμεως,

370 489 493 536 est:
529 496 549 530 ι
595 476 700 544 Qui
736 476 867 531 facit
910 476 1131 546 angelos
1187 489 1318 529 suos
1375 475 1633 544 spiritus,
1684 488 1739 530 et
1782 474 1948 528 mini-

370 578 519 624 stros
553 581 686 623 suos
714 566 858 636 ignis
890 565 1164 619 ﬂammam
1190 565 1254 620 ”.
1291 584 1311 617 ι
1348 563 1598 619 Clamant
1624 580 1787 633 porro
1804 565 1861 617 hi
1892 571 1947 618 et

370 658 744 715 vociferantur
791 658 929 713 alter
958 657 1025 711 ad
1050 657 1278 711 alterum
1315 671 1415 727 pro
1446 656 1562 712 suis
1599 656 1833 726 quisque
1860 655 1945 709 vi-

372 750 547 818 ribus,
583 750 926 805 sanctitatem
952 748 1093 818 ejus,
1122 748 1190 803 de
1216 763 1323 819 quo
1348 756 1405 802 ut
1429 748 1496 803 de
1537 746 1647 802 Deo
1706 747 1948 817 loquitur

370 848 655 918 propheta,
681 844 1149 909 commendantes,
1182 852 1236 899 et
1259 843 1406 914 quod
1436 842 1678 897 omnium
1708 841 1948 896 admira-

372 941 522 996 tione
550 938 931 1009 dignissimum
958 947 1062 1004 est,
1087 936 1392 1007 tbeologice
1414 934 1775 1001 declarantes,
1798 935 1946 1006 quod

370 1045 482 1086 non
519 1028 682 1084 modo
712 1028 932 1092 cadum,
962 1035 1015 1082 et
1059 1042 1179 1099 qua:
1206 1026 1262 1080 in
1302 1026 1444 1081 caelo
1483 1033 1646 1091 sunt,
1690 1026 1946 1081 universa

369 1121 531 1191 plena
565 1125 697 1173 sunt
732 1117 1018 1187 majestate
1048 1125 1101 1172 et
1128 1116 1301 1187 gloria
1329 1116 1471 1186 ejus,
1507 1117 1603 1172 sed
1630 1117 1795 1171 etiam
1823 1132 1945 1172 om-

371 1212 457 1267 nis
486 1220 627 1267 terra
658 1208 902 1279 ejusdem
962 1207 1240 1264 facultatis
1279 1222 1343 1262 ac
1384 1208 1604 1263 virtutis
1651 1215 1734 1263 est
1780 1210 1951 1279 parti-

369 1318 529 1374 ceps,
582 1311 805 1373 pr0pter
837 1301 988 1371 ejus,
1025 1302 1118 1372 qui
1151 1301 1366 1355 canitur
1409 1300 1477 1355 de
1508 1302 1648 1355 caelo
1677 1302 1743 1356 ad
1771 1302 1948 1357 homi-

372 1411 492 1460 nes,
524 1394 874 1458 descensum,
904 1393 971 1448 de
1005 1407 1115 1462 quo
1145 1394 1402 1463 deinceps
1438 1391 1654 1463 longius
1689 1408 1948 1464 progres-

372 1501 493 1541 sum
524 1485 806 1541 oraculum
856 1484 1219 1549 vaticinatur,
1276 1499 1378 1539 nec
1409 1499 1521 1540 non
1559 1497 1615 1541 et
1670 1494 1851 1541 ortum
1881 1488 1950 1543 de

370 1578 616 1651 Virgine,
646 1586 701 1635 et
729 1594 825 1649 per
853 1578 999 1633 hunc
1030 1578 1195 1634 latius
1238 1578 1292 1632 in
1337 1594 1554 1635 omnem
1589 1588 1791 1635 terram
1833 1581 1949 1637 dis-

371 1672 693 1729 seminatam
724 1670 910 1742 gloria:
958 1670 1077 1740 ejus
1131 1670 1549 1727 celebrationem
1576 1712 1591 1737 ,
1641 1672 1945 1729 denuntiat.

2047 475 2135 529 διὰ
2164 475 2262 547 τὴν
2306 474 2364 541 ἐξ
2414 473 2658 545 οὐρανῶν
2691 475 2772 535 εἰς
2816 469 3136 542 ἀνθρώπους
3165 468 3329 523 αὑτοῦ
3379 468 3626 533 θεσπιζο-

2051 570 2218 640 μένην
2247 567 2490 631 κάθοδον,
2521 567 2588 639 ἢν
2621 566 2828 638 προϊὼν
2868 564 2995 634 ἑξῆς
3022 565 3052 616 6
3083 563 3238 633 λόγος
3275 564 3623 636 προφητεύει,

2047 660 2144 732 τὴν
2164 661 2229 713 ἐκ
2252 659 2529 732 Παρθένου
2561 659 2774 728 γένεσιν
2802 658 2897 710 καὶ
2922 657 3019 729 τὴν
3058 656 3144 709 διὰ
3186 656 3389 727 ταύτης
3417 659 3498 720 εἷς
3528 659 3623 710 πᾶ-

2050 770 2148 806 σαν
2179 751 2274 823 τὴν
2309 753 2414 822 γῆν
2441 750 2854 820 έφαπλωθεῖσαν
2885 748 3193 817 δοξολογίαν
3228 749 3393 802 αὐτοῦ
3430 749 3629 820 κηρύτ-

2046 863 2171 898 των.
2224 844 2426 916 Κύριος
2470 844 2526 897 δὲ
2572 842 2800 896 Σαϐαὼθ
2853 842 3212 915 ἑρμηνεύεται
3268 844 3487 910 Κύριος
3516 825 3630 894 ὧν

2047 936 2391 1007 δυνάμεων·
2436 937 2597 999 αὐτὸς
2629 936 2673 989 δ’
2709 935 2774 989 ἂν
2814 936 2901 1006 εἴη
2934 936 2963 987 6
2993 934 3434 1005 ἀρχιστράτηγος
3470 933 3628 985 δυνά-

2052 1048 2197 1102 μεως
2220 1030 2449 1102 Κυρίου,
2473 1029 2532 1082 ὃν
2570 1029 2664 1082 καὶ
2701 1030 2759 1081 ὲν
2802 1034 2887 1096 κγ’
2917 1026 3118 1097 ψαλμῷ
3162 1025 3367 1096 Κύριον
3402 1024 3629 1078 Σαϐαὼθ

2047 1124 2103 1177 ai
2136 1122 2277 1176 θεῖαι
2321 1121 2482 1176 πάλιν
2517 1119 2853 1175 ἀποκαλοῦσι
2905 1120 3196 1190 δυνάμεις,
3232 1118 3332 1189 τὴν
3382 1115 3495 1170 ἀπὸ
3531 1116 3630 1184 γῆς

2049 1215 2129 1276 είς
2155 1213 2417 1284 οὐρανοὺς
2440 1211 2626 1265 ἄνοδον
2654 1209 2817 1264 αὐτοῦ
2845 1208 3216 1273 θεσπίζουσαι,
3239 1209 3306 1261 δι’
3335 1202 3411 1260 ὧν
3439 1221 3630 1276 φασιν

2055 1324 2074 1357 ι
2105 1305 2306 1375 Ἀρατε
2357 1303 2551 1369 πύλας,
2588 1303 2640 1355 οί
2667 1302 2949 1374 ἄρχοντες,
2989 1300 3162 1372 ὑμῶν,
3198 1300 3290 1352 καὶ
3317 1298 3596 1370 ὲπάρθητε
3616 1338 3631 1361 ,

2050 1396 2214 1451 πύλαι
2253 1394 2481 1460 αἰώνιοι,
2526 1395 2621 1449 καὶ
2660 1394 3025 1448 εἰσελεύσεται
3063 1394 3091 1445 6
3126 1391 3377 1462 βασιλεὺς
3413 1388 3516 1460 τῆς
3549 1388 3634 1442 δό-

2052 1488 2167 1559 ξης.
2224 1488 2320 1552 Τίς
2379 1490 2528 1542 ἔστιν
2556 1482 2707 1549 οὗτος
2730 1487 2759 1538 6
2790 1485 3044 1557 βασιλεὺς
3073 1484 3170 1555 τῆς
3196 1482 3389 1553 δόξης;
3430 1480 3636 1551 Κύριος

2048 1580 2149 1649 τῆς
2191 1578 2472 1650 δυνάμεως
2492 1618 2506 1642 ,
2543 1578 2706 1641 αὐτός
2752 1578 2901 1630 ἐστιν
2929 1577 2957 1628 6
2984 1573 3235 1645 βασιλεὺς
3264 1574 3364 1643 τῆς
3395 1570 3577 1641 δόῂς.
3610 1590 3629 1621 ι

2052 1666 2125 1717 T6
2160 1666 2289 1733 γοῦν
2332 1665 2615 1736 Ἑϐραῖκὸν
2656 1664 2816 1718 πάλιν
2868 1662 3105 1717 ἐνταῦθα
3146 1662 3349 1733 Κύριον
3402 1660 3634 1715 Σαϐαὼθ

368 1762 634 1819 Dominus
682 1733 863 1817 autem
927 1733 1169 1817 Sabaoth
1222 1777 1289 1818 ex
1333 1733 1817 1835 interpretatione,
1863 1774 1945 1823 est

2052 1756 2211 1809 αὑτὸν
2239 1755 2395 1809 καλεί
2417 1733 2441 1785 ο-
2470 1754 2566 1808 καὶ
2610 1753 2906 1825 ἐπειδήπερ
2936 1752 3099 1816 αὐτός
3142 1754 3288 1805 ἐστιν
3316 1753 3345 1804 6
3378 1750 3635 1821 βασιλεὺς

369 1855 626 1911 Dominus
656 1856 980 1910 exercituum
1004 1870 1023 1909 :
1054 1856 1101 1911 is
1134 1863 1315 1911 autem
1344 1857 1448 1911 erit
1480 1856 1689 1927 primus
1719 1855 1948 1929 impera-

369 1953 457 2000 tor
484 1947 819 2001 exercituum
853 1944 1099 2012 Domini,
1133 1961 1293 2016 quem
1330 1947 1385 2000 in
1412 1947 1574 2003 tertio
1596 1963 1660 2002 ac
1684 1948 1948 2005 vicesimo

370 2039 583 2109 psalmo
631 2036 921 2091 Dominum
960 2034 1221 2104 Sabaoth,
1255 2036 1454 2092 divinze
1486 2053 1679 2094 rursus
1705 2049 1949 2110 potesta-

371 2139 456 2186 tes
502 2129 811 2201 appellant,
868 2128 962 2184 ubi
1013 2129 1258 2199 ejusdem
1317 2130 1384 2186 de
1438 2142 1581 2187 terra
1630 2131 1699 2186 ad
1748 2134 1947 2189 ctelum

371 2235 661 2278 ascensum
683 2220 951 2289 divinant,
972 2229 1026 2276 et
1054 2228 1257 2275 canunt
1286 2222 1467 2279 verbis
1505 2223 1659 2279 illis:
1695 2240 1716 2274 ι
1753 2222 1950 2281 Tollite

370 2321 590 2383 portas,
641 2313 954 2384 principes,
1011 2322 1254 2377 vestras,
1317 2320 1371 2368 et
1414 2313 1737 2383 elevamini,
1781 2325 1950 2385 porta:

368 2416 606 2471 aeternas,
636 2414 692 2461 et
740 2404 987 2459 introibit
1013 2402 1129 2459 Rex
1154 2404 1358 2475 gloria.
1418 2403 1553 2471 Quis
1581 2416 1663 2461 est
1700 2406 1804 2462 iste
1852 2423 1945 2463 rex

370 2498 591 2570 gloriae?
612 2496 874 2554 Dominus
892 2497 1252 2562 exercituum,
1277 2496 1395 2567 ipse
1410 2505 1495 2553 est
1512 2514 1606 2553 rex
1624 2498 1810 2569 gloriae
1829 2499 1894 2553 ⁸⁸.
1922 2519 1941 2552 ι

369 2590 534 2663 312
563 2589 865 2645 Hebraicus
908 2590 1053 2644 enim
1098 2596 1385 2646 contextus
1425 2590 1528 2645 hoc
1580 2590 1701 2646 loco
1752 2606 1948 2649 rursus

372 2682 664 2738 Dominum
698 2678 940 2736 Sabaoth
987 2680 1143 2735 illum
1189 2689 1390 2736 vocat:
1424 2690 1479 2736 et
1525 2682 1786 2753 quoniam
1831 2683 1949 2754 ipse

370 2786 454 2833 est
482 2773 598 2830 Rex
620 2774 826 2845 gloriae,
864 2783 919 2830 et
953 2781 1175 2844 propter
1202 2774 1323 2844 ejus
1352 2774 1666 2840 adventum,
1703 2774 1946 2830 futurum

369 2876 489 2925 erat
526 2878 586 2924 ut
611 2869 790 2924 omnis
827 2876 971 2924 terra
1013 2868 1331 2939 impleretur
1360 2869 1531 2940 gloria
1573 2869 1716 2939 ejus,
1751 2870 1949 2925 merito

370 2960 515 3033 quod
547 2961 789 3016 futurum
821 2969 958 3026 erat,
981 2967 1035 3015 et
1068 2959 1124 3014 in
1154 2959 1440 3032 propheta,
1471 2968 1525 3015 et
1556 2953 1610 3014 in
1638 2961 1845 3031 psalmo
1864 2961 1950 3016 di-

371 3062 522 3109 ctum
552 3063 655 3110 est.
690 3051 748 3108 1n
780 3052 1047 3124 propheta
1072 3052 1294 3122 quidem
1334 3052 1444 3108 illis
1471 3052 1653 3108 verbis
1680 3071 1693 3107 :
1731 3071 1749 3105 ι
1779 3051 1945 3109 Plena

370 3155 457 3202 est
478 3147 659 3202 omnis
690 3154 834 3201 terra
869 3144 1043 3216 gloria
1068 3144 1229 3214 ejus;
1265 3164 1284 3198 ι
1313 3145 1366 3199 in
1397 3145 1608 3215 psalmo
1636 3153 1816 3201 autem
1842 3147 1949 3200 ini-

370 3238 448 3293 tio
479 3238 664 3291 statim
697 3235 790 3291 ubi
830 3235 905 3289 ait
934 3253 948 3290 :
986 3254 1005 3288 ι
1038 3233 1257 3291 Domini
1305 3243 1391 3292 est
1421 3245 1567 3292 terra
1597 3244 1651 3292 et
1673 3236 1950 3307 plenitudo

369 3330 530 3400 ejus,
585 3328 736 3383 orbis
785 3334 1081 3392 terrarum,
1112 3335 1168 3383 et
1221 3343 1413 3385 omnes
1449 3330 1544 3400 qui
1591 3330 1840 3385 habitant
1892 3331 1950 3386 in

371 3435 439 3476 eo
455 3418 528 3474 δι.
559 3436 577 3470 ι
620 3415 717 3473 Bis
738 3424 918 3472 autem
948 3417 1209 3472 vaticinio
1233 3419 1662 3487 comprehensis,
1693 3420 1950 3491 deinceps

373 3525 699 3582 progressus
745 3509 1013 3581 propheta
1043 3509 1378 3565 testiﬁcatur
1417 3512 1563 3581 quod
1606 3512 1731 3566 licet
1770 3514 1949 3569 omnis

369 3612 520 3658 terra
564 3601 747 3656 futura
783 3601 856 3657 sit
895 3602 1053 3672 plena
1111 3602 1283 3673 gloria
1317 3602 1470 3671 ejus,
1506 3610 1747 3659 attamen
1795 3605 1948 3659 illum

371 3692 598 3749 Judaica
629 3708 762 3765 gens
793 3701 1087 3763 acceptura
1103 3708 1211 3749 non
1240 3693 1332 3748 sit.
1362 3692 1553 3763 Itaque
1584 3694 1691 3749 ait:
1724 3693 1789 3749 Et
1811 3694 1950 3749 dixit

374 3784 640 3842 Dominus
676 3786 801 3857 '(ille
848 3785 1102 3842 videlicet
1141 3785 1234 3856 qui
1283 3785 1437 3841 visus
1477 3785 1653 3841 fuerat
1684 3785 1948 3842 Dominus

372 3877 614 3934 Sabaoth
640 3878 859 3948 ‘),Quem
892 3880 1134 3940 mittam.
1158 3886 1215 3933 et
1230 3879 1353 3947 quis
1381 3876 1543 3933 vadet
1593 3879 1659 3932 ad
1689 3879 1947 3948 populum

373 3971 557 4026 hunc?
594 3969 661 4024 Et
707 3970 842 4037 dixi,
880 3970 1017 4026 Ecce
1043 3985 1142 4040 ego
1166 3985 1308 4034 sum,
1342 3972 1496 4025 mitte
1525 3985 1631 4026 me.
1673 3969 1739 4024 Et
1765 3972 1944 4026 dixit:

371 4060 417 4117 ν
422 4063 543 4128 ade,
559 4071 613 4118 et
628 4063 713 4118 dic
736 4064 937 4135 populo
961 4064 1108 4126 huic,
1129 4064 1313 4118 auditu
1332 4064 1561 4119 audietis
1588 4074 1767 4120 etnon
1790 4065 1948 4120 intel-

371 4153 556 4225 ligetis
576 4195 592 4220 ,
634 4163 688 4212 et
735 4156 1009 4212 intuentes
1053 4155 1419 4220 intuebimini,
1451 4162 1641 4211 etnon
1673 4156 1943 4212 videbitis.

368 4246 631 4303 Crassum
650 4249 796 4304 enim
818 4249 1019 4304 factum
1036 4257 1120 4305 est
1135 4263 1232 4303 cor
1246 4248 1430 4320 populi
1447 4250 1630 4319 hujus,
1651 4258 1705 4303 et
1722 4250 1947 4305 auribus

368 4340 489 4395 suis
517 4340 754 4412 graviter
788 4339 1097 4405 audierunt,
1130 4350 1184 4396 et
1215 4341 1403 4397 oculos
1429 4356 1559 4396 suos
1608 4342 1944 4409 clauserunt,

2052 1849 2152 1920 τῆς
2185 1848 2363 1920 δόξης,
2390 1848 2479 1902 διά
2503 1865 2565 1900 τε
2592 1848 2690 1917 τὴν
2725 1846 3021 1918 ἐπιδημίαν
3054 1845 3218 1898 αὐτοῦ
3252 1844 3444 1916 ἔμελλε
3482 1846 3635 1898 πᾶσα

2052 1944 2086 2013 ὴ
2113 1942 2182 2012 γῆ
2211 1939 2549 2012 πληροῦσθαι
2570 1939 2667 2010 τῆς
2695 1938 2852 2009 δόξης
2878 1937 3063 2001 αὐτοῦ,
3094 1937 3318 1999 εἰκότως
3349 1934 3410 1988 τὸ
3440 1935 3637 2005 μέλλον

2054 2032 2271 2085 ἔσεσθαι
2329 2031 2385 2085 έν
2430 2048 2490 2084 τε
2539 2030 2617 2101 τῷ
2670 2032 2925 2103 προφήτῃ
2974 2029 3259 2095 λέλεκται,
3308 2029 3405 2082 καὶ
3450 2029 3507 2081 ἐν
3555 2026 3639 2097 τῷ

2053 2123 2279 2196 ψαλμῷ·
2310 2124 2368 2176 ὲν
2405 2123 2503 2194 μὲν
2532 2123 2610 2193 τῷ
2633 2123 2884 2195 προφήτῃ
2917 2121 3006 2176 διὰ
3034 2121 3151 2188 τοῦ,
3192 2143 3209 2173 ι
3239 2120 3461 2192 Πλήρης
3484 2121 3638 2175 πᾶσα

2054 2218 2089 2289 ή
2124 2217 2197 2287 γῆ
2244 2216 2344 2287 τῆς
2381 2215 2539 2286 δόξης
2579 2214 2777 2269 αὐτοῦ’
2809 2234 2826 2266 ι
2866 2216 2925 2268 ὲν
2956 2215 3013 2267 δὲ
3050 2214 3129 2285 τῷ
3163 2212 3362 2284 ψαλμῷ
3406 2212 3493 2265 διά
3533 2209 3637 2282 τῆς

2055 2310 2229 2381 ἀρχῆς
2269 2308 2613 2380 φασκούσης·
2653 2328 2671 2360 ι
2702 2308 2807 2363 Τοῦ
2842 2308 3048 2380 Κυρίου
3079 2311 3113 2380 ή
3156 2307 3229 2378 γῆ
3269 2306 3455 2361 καὶτὸ
3496 2305 3641 2377 πλή-

2057 2417 2215 2473 ρωμα
2236 2401 2424 2471 αὐτῆς,
2447 2401 2480 2471 ή
2503 2400 2815 2471 οἰκουμένη,
2834 2399 2928 2454 καὶ
2962 2400 3158 2464 πάντες
3179 2404 3225 2454 οἱ
3255 2399 3638 2464 κατοικοῦντες

2055 2495 2113 2546 ὲν
2143 2494 2302 2565 αὐτῇ.
2336 2513 2355 2546 ι
2405 2493 2621 2546 Τούτων
2671 2493 3142 2564 τεθεσπισμένων,
3189 2493 3315 2566 ἑξῆς
3353 2493 3563 2558 ὑποὸἀς
3607 2497 3639 2548 6

2056 2586 2340 2656 προφήτης
2370 2584 2725 2657 μαρτύρεται,
2751 2584 2832 2638 ὃτι
2865 2585 2951 2657 δὴ,
2980 2587 3030 2638 εἰ
3074 2585 3169 2639 καὶ
3212 2586 3428 2657 πλήρης
3477 2586 3636 2639 ἔσται

2056 2678 2204 2730 πᾶσα
2239 2678 2273 2748 ή
2304 2677 2375 2748 γῆ
2405 2678 2501 2748 τῆς
2542 2676 2700 2747 δόξης
2748 2676 2943 2744 αὐτοῦ,
2985 2677 3121 2731 ἀλλά
3162 2694 3226 2747 γε
3265 2677 3327 2730 τὸ
3366 2678 3639 2732 Ἰουδαίων

2055 2769 2204 2833 ἔθνος
2241 2770 2302 2822 οὐ
2336 2770 2687 2840 προσήσεται*
2732 2769 2814 2822 διό
2842 2786 3004 2841 φησιο
3039 2788 3058 2821 ι
3095 2771 3205 2823 Καὶ
3234 2764 3357 2822 εἷπε
3402 2769 3633 2841 Κύριος,

2053 2860 2214 2925 αὐτὸς
2257 2859 2453 2932 δηλαδὴ
2477 2862 2505 2913 6
2530 2861 2769 2932 τεθεωρη
2779 2862 2938 2932 μένος
2960 2860 3163 2933 Κύριος
3190 2860 3418 2914 Σαϐαὼθ
3439 2878 3453 2890 ·
3498 2861 3639 2915 Τίνα

2054 2950 2397 3019 ἀποστείλως
2434 2954 2526 3006 καὶ
2565 2953 2651 3016 τίς
2692 2953 3015 3025 πορεύσεται
3057 2953 3194 3025 πρὸς
3222 2954 3313 3006 τὸν
3345 2952 3474 3007 λαὸν
3504 2951 3603 3005 τσῖ

2052 3062 2178 3111 τον;
2212 3045 2322 3099 Καὶ
2345 3040 2506 3099 εἶπα·
2548 3044 2678 3099 Ἰδού
2735 3047 2851 3115 εἰμι
2886 3044 3019 3114 ἐγὼ,
3055 3044 3377 3099 ἀπόστειλόν
3404 3046 3640 3116 με.·ΚαΞ.

2050 3132 2196 3191 εἷπε·
2245 3136 2581 3210 Πορεύθητι,
2631 3138 2726 3193 καὶ
2762 3134 2918 3192 εἶπον
2966 3138 3046 3210 τῷ
3075 3138 3191 3209 λαῷ
3221 3138 3432 3210 τούτῳ’
3471 3140 3636 3211 Ἀκοῇ

2050 3233 2333 3299 ἀκούσετε,
2362 3237 2455 3289 καί
2486 3236 2545 3288 ού
2584 3237 2657 3308 μὴ
2685 3237 2877 3308 συνῆτε
2902 3255 2914 3267 ’
2951 3237 3043 3290 καὶ
3066 3236 3354 3307 βλέποντες
3383 3238 3636 3308 βλέψετε,

2050 3329 2144 3381 καὶ
2209 3329 2271 3380 οὐ
2329 3327 2402 3399 μὴ
2452 3328 2618 3399 ἴδητε.
2676 3327 2982 3400 Ἐπαχύνθη
3039 3327 3149 3400 γὰρ
3196 3330 3230 3400 ή
3287 3328 3490 3399 καρδία
3534 3328 3635 3381 τοῦ

2049 3417 2177 3472 λαοῦ
2209 3418 2422 3483 τούτου,
2448 3418 2543 3472 καὶ
2583 3422 2694 3483 τοῖς
2728 3418 2862 3473 ὠσὶν
2899 3418 3077 3472 αὐτῶν
3126 3417 3337 3490 βαρέως
3367 3420 3636 3490 ῆκουσαν,

2050 3510 2145 3563 καὶ
2190 3511 2317 3573 τοὺς
2371 3509 2682 3580 ὀφθαλμοὺς
2734 3509 2914 3563 αὐτῶν
2974 3509 3343 3580 ἐκάμμυσαν,
3418 3510 3638 3579 μήποτε

2052 3602 2203 3656 ἴδωσι
2241 3605 2353 3666 τοῖς
2383 3602 2681 3674 ὀφθαλμοῖς
2725 3603 2937 3667 αὐτῶν,
2964 3604 3060 3656 καὶ
3101 3605 3214 3666 τοῖς
3265 3603 3401 3657 ὠσὶν
3449 3602 3637 3657 αὐτῶν

2048 3694 2342 3760 ἀκούσωσι,
2369 3695 2463 3748 καὶ
2502 3699 2568 3765 τῇ
2602 3694 2800 3768 καρδία
2843 3694 3066 3759 συνῶσι,
3100 3696 3193 3748 καὶ⁸
3233 3695 3635 3766 ὲπιστρέψωσι,

2049 3789 2145 3842 καὶ
2183 3788 2420 3860 ἰάσωμαι
2445 3790 2660 3853 αὐτούς,
2687 3807 2705 3840 ι
2745 3788 2821 3841 Δι’
2845 3782 2920 3843 ὧν
2948 3788 3207 3860 ἄντικρυς
3241 3787 3492 3851 θεσπίζει
3532 3790 3637 3859 τὴν

2050 3881 2312 3953 ὲσομένην
2356 3882 2437 3945 εἰς
2473 3880 2635 3934 αὑτὸν
2664 3880 2970 3949 ἀντιλογίαν
3011 3878 3110 3933 τοῦ
3164 3879 3436 3933 Ἰουδαίων
3472 3879 3633 3946 λαοῦ,

2049 3975 2143 4027 καὶ
2166 3975 2240 4037 ὡς
2278 3974 2497 4044 ὄψονται
2531 3976 2628 4046 μὲν
2665 3975 2847 4039 αὐτὸν,
2881 3975 2945 4027 οὐ
2989 3975 3094 4045 μὴν
3142 3973 3494 4044 προσέξουσι,
3546 3974 3636 4037 τίς

2049 4067 2132 4139 εἴη
2152 4084 2165 4097 ·
2194 4066 2441 4135 λέγοντός
2467 4083 2527 4120 τε
2564 4066 2622 4118 ἐν
2650 4066 2835 4128 αὐτοῖς
2865 4066 2957 4118 καὶ
2988 4065 3331 4129 διδάσκοντος
3367 4064 3638 4120 ἀκούσον-

2048 4179 2158 4224 ται,
2209 4162 2271 4214 οὐ
2323 4160 2429 4232 μὴν
2462 4160 2556 4213 καὶ
2608 4161 2928 4231 συνήσουσιν
2971 4157 3084 4212 οὗθ’
3130 4159 3278 4222 ὅστις
3322 4157 3400 4212 ὢν
3442 4160 3636 4225 αὐτοῖς

2046 4252 2358 4319 διαλέξοιτο,
2386 4252 2500 4306 οὔθ’
2523 4252 2666 4325 ἀπερ
2690 4253 2872 4314 αὐτοῖς
2910 4251 3011 4323 τῆς
3044 4253 3236 4322 καινῆς
3275 4252 3637 4317 διδασκαλίας

2049 4346 2360 4419 παραδώσει
2404 4345 2719 4418 μαθήματα.
2758 4346 3045 4415 Μαρτυρεῖ
3071 4343 3128 4396 δὲ
3164 4345 3277 4406 τοῖς
3308 4342 3421 4396 τῶν
3451 4344 3635 4412 λόγων

371 4448 442 4487 ne
481 4433 700 4502 quando
733 4433 949 4489 videant
987 4434 1164 4490 oculis
1194 4436 1333 4500 suis,
1366 4444 1421 4491 et
1449 4436 1674 4494 auribus
1704 4438 1819 4493 suis
1846 4454 1944 4493 au-

2049 4438 2481 4509 ἀποτελέσμασιν
2528 4439 2556 4489 6
2599 4436 2993 4505 εὐαγγελιστὴς
3046 4435 3298 4505 Ἰωάννης
3351 4435 3485 4507 περὶ
3532 4436 3634 4490 τοῦ

372 4521 545 4587 diant,
572 4532 625 4579 et
649 4523 813 4579 corde
839 4524 1162 4595 intelligant,
1196 4534 1249 4581 et
1271 4535 1662 4583 convertantur
1685 4538 1739 4585 et
1756 4545 1942 4587 sanem

371 4629 489 4669 eos.
531 4632 550 4665 ι
597 4613 808 4681 Quibus
838 4616 1023 4670 verbis
1054 4617 1497 4674 manifestissime
1529 4621 1676 4675 canit
1706 4621 1941 4677 futuram

371 4706 660 4761 adversum
687 4721 747 4761 se
782 4709 1189 4763 accusationem
1228 4709 1562 4776 Iudaeorum,
1604 4720 1659 4767 et
1687 4715 1832 4783 quod
1860 4715 1945 4769 in-

370 4801 670 4856 tuebuntur
709 4801 929 4871 quidem
978 4802 1181 4871 ipsum,
1214 4819 1320 4857 non
1368 4803 1553 4859 tamen
1597 4807 1939 4861 animadver-

372 4899 490 4945 tent
552 4891 678 4960 quis
720 4891 824 4955 sit.
862 4892 1117 4964 quodque
1165 4893 1476 4964 loquentem
1522 4896 1666 4952 inter
1709 4897 1858 4968 ipsos
1890 4905 1943 4953 et

371 4982 659 5036 docentem
721 4982 976 5048 audient,
1036 4998 1145 5038 non
1191 4990 1375 5039 tamen
1420 4985 1584 5040 etiam
1642 4987 1943 5059 intelligent

369 5075 623 5143 quisnam
659 5076 706 5129 is
740 5074 812 5130 sit
844 5076 936 5147 qui
971 5092 1094 5130 cum
1127 5076 1263 5147 ipsis
1302 5078 1575 5148 loquatur,
1602 5095 1777 5150 neque
1811 5083 1938 5136 item

370 5183 617 5237 quaenam
663 5182 727 5223 ea
764 5170 873 5224 sint
900 5185 1056 5225 nova:
1084 5170 1346 5225 doctrinae
1376 5178 1644 5240 praecepta
1675 5187 1797 5241 qua:
1823 5171 1940 5243 ipse

368 5257 476 5313 illis
501 5261 697 5316 tradet.
732 5259 1066 5332 Comprobat
1097 5277 1227 5318 vero
1255 5261 1421 5333 hujus
1449 5265 1662 5317 oraculi
1684 5272 1939 5319 eventum

365 5354 695 5424 evangelista
713 5351 972 5419 Joannes,
996 5354 1089 5425 qui
1110 5355 1177 5410 de
1199 5354 1480 5409 Salvatore
1508 5363 1697 5410 nostro
1721 5357 1801 5410 sic
1824 5356 1897 5409 ait
1922 5373 1934 5408 :

369 5465 389 5497 ι
430 5445 567 5502 Cum
614 5455 795 5511 autem
834 5454 943 5502 tam
977 5448 1144 5502 multa
1177 5448 1331 5519 signa
1369 5449 1589 5503 fecisset
1630 5461 1813 5503 coram
1834 5450 1934 5514 eis,

365 5555 477 5595 non
516 5539 865 5595 crediderunt
891 5542 945 5594 in
990 5555 1137 5604 eum,
1174 5547 1232 5593 ut
1266 5554 1447 5595 sermo
1482 5538 1632 5596 Isaiae
1662 5542 1937 5611 prOphetre

438 5720 487 5756 ”
530 5718 696 5775 Hebr.
733 5735 774 5785 ι,
808 5718 858 5774 7.
936 5720 979 5753 ⁸ο
1029 5719 1175 5776 Psal.
1210 5737 1366 5791 xxm,
1406 5722 1523 5788 7,8.
1633 5721 1673 5755 υ
1718 5721 1848 5778 ibid.
1880 5723 1929 5778 i.

2046 4528 2297 4598 Σωτῆρος
2323 4525 2478 4598 ἡμῶν
2527 4524 2732 4594 λέγων·
2768 4544 2786 4576 ι
2818 4524 3070 4579 Τοσαῦτα
3113 4524 3170 4576 δὲ
3214 4524 3382 4577 αὐτοῦ
3425 4527 3636 4596 σημεῖα

2046 4620 2404 4691 πεποιηκότος
2436 4619 2741 4691 ἔμπροσθεν
2786 4618 2965 4673 αὐτῶν
2988 4659 3004 4683 ,
3043 4619 3143 4672 οὐκ
3172 4617 3505 4673 ἐπίστευσαν
3548 4621 3635 4683 είς

2044 4712 2224 4776 αὐτὸν,
2254 4713 2341 4766 ἵνα
2374 4715 2403 4767 6
2427 4712 2581 4781 λόγος
2624 4711 2848 4767 Ἦσαῖου
2877 4710 2971 4765 τοῦ
3008 4712 3287 4783 προφήτου
3324 4710 3583 4783 πληρωθῇ
3612 4752 3630 4776 ,

2042 4806 2099 4858 ὃν
2132 4802 2283 4859 εἷπε*
2324 4805 2517 4875 Κύριε,
2556 4805 2638 4868 τίς
2667 4805 2954 4859 ἐπίστευσε
2995 4806 3062 4874 τῇ
3124 4803 3260 4873 ἀκοῇ
3294 4803 3497 4873 ήμῶνς
3533 4805 3630 4857 καὶ

2042 4902 2070 4951 ὁ
2106 4899 2343 4970 βραχίων
2388 4898 2595 4970 Κυρίου
2625 4899 2728 4951 τίνι
2771 4895 3165 4966 ἀπεκαλύφθη;
3200 4897 3289 4950 διὰ
3329 4898 3496 4951 τοῦτο
3526 4899 3628 4952 (ὖκ

2041 4991 2301 5060 ἠδύναντο
2326 4992 2622 5053 πιστεύειν,
2644 4991 2725 5043 ὅτι
2772 4990 2932 5044 πάλιν
2973 4986 3124 5044 εἶπεν
3159 4990 3424 5054 Ἡσαΐας·
3462 4992 3628 5043 Τετύ-

2044 5082 2255 5151 φλωκεν
2307 5082 2484 5136 αὐτῶν
2534 5084 2661 5146 τοὺς
2714 5081 3024 5153 ὀφθαλμοὺς
3048 5123 3063 5146 ,
3119 5083 3216 5135 καὶ
3278 5082 3623 5154 πεπώρωκεν

2042 5174 2221 5228 αὐτῶν
2252 5174 2349 5245 τὴν
2387 5173 2645 5245 καρδίαν,
2681 5175 2767 5227 ἵνα
2814 5173 2889 5246 μὴ
2932 5158 3082 5227 ίδωσι
3124 5175 3236 5238 τοῖς
3281 5173 3621 5245 ὀφθαλμοῖς,

2041 5264 2135 5316 καὶ
2166 5266 2401 5335 νοήσωσι
2424 5267 2489 5336 τῇ
2517 5264 2732 5337 καρδίᾳ,
2758 5267 2851 5318 καὶ
2882 5264 3276 5337 ὲπιστρέψωσι,
3315 5267 3415 5319 καὶ
3457 5267 3619 5320 ἰάσω-

2043 5375 2141 5428 μαι
2175 5358 2386 5421 αὐτούς.
2421 5357 2606 5414 Ταῦτα
2638 5354 2790 5413 εἶπεν
2817 5360 3044 5423 Ἡσαΐας
3077 5360 3164 5413 ὅτε
3199 5355 3306 5413 εἶδε
3342 5361 3445 5431 τὴν
3470 5361 3625 5426 δόξαν

2039 5451 2235 5513 αὑτοῦ,
2283 5454 2375 5506 καὶ
2417 5450 2765 5524 ἐμαρτύρησε
2810 5454 2940 5525 περὶ
2990 5453 3172 5507 αὑτοῦ.
3219 5474 3237 5505 ›
3284 5455 3620 5526 ἰἈναμφύό-

2038 5560 2149 5611 γως
2176 5539 2267 5599 οὖν
2306 5545 2399 5600 ἐπὶ
2423 5545 2513 5601 τὸν
2539 5546 2774 5618 Χριστὸν
2806 5547 3068 5619 ἀνήνεγκε
3093 5550 3192 5621 τὴν
3220 5551 3277 5603 ὲν
3305 5550 3387 5622 τῷ
3429 5550 3621 5622 Ἠσαίᾳ
