3828 6220
284 243 394 299 493

1171 247 1824 308 DEMONSTRATIONIS
1863 252 2320 311 EVANGELlC/E
2361 254 2488 310 LIB.
2530 256 2647 313 VII.

3414 258 3522 315 ιθι

278 357 599 427 θεοφάνειαν
673 361 702 411 ὀ
766 359 1153 433 εύαγγελιστὴς
1182 402 1197 424 ,
1260 365 1353 417 καὶ
1414 366 1506 421 ἐπὶ
1570 367 1660 421 τὸν
1724 369 1824 421 Ἰου

1913 383 1929 428 ι
1959 367 2295 439 impleretur,
2337 384 2497 439 quem
2521 368 2658 424 dixit
2690 388 2700 422 :
2736 368 2979 433 Domine,
3010 370 3134 441 quis
3160 371 3391 427 credidit
3416 389 3520 427 an—

274 452 444 506 δαίων
490 452 616 506 λαὸν
666 454 728 506 ού
775 454 1246 526 παραδεδεγμένον
1285 459 1374 511 τὸν
1421 461 1729 531 ἑωραμένον
1773 463 1824 531 τί

1958 459 2091 513 ditui
2113 467 2321 524 nostro,
2341 468 2394 515 et
2418 459 2702 514 brachium
2720 459 2933 515 Domini
2963 462 3049 516 cui
3075 462 3368 518 revelatum
3396 474 3480 518 est
3497 464 3523 518 2

276 544 534 616 πρδφήτῃ
566 543 766 617 Κύριον
788 587 803 612 ,
840 546 980 602 κατά
1016 547 1114 618 τὴν
1159 551 1287 620 περὶ
1326 551 1489 604 αὐτοῦ
1526 553 1844 625 πρόρρησιν.

274 633 368 704 Τῷ
423 635 556 702 γοῦν
628 638 881 709 προφήτῃ
977 639 1244 711 ἑωρακότι
1311 640 1401 694 τόν
1470 643 1673 714 Κύριον
1741 646 1845 699 Σα-

272 725 424 780 ϐαώθ
481 744 644 797 φησιν
679 732 709 783 ὁ
750 731 997 802 χρησμὸς
1037 734 1208 787 εἰπεῖν
1239 734 1321 827 τῶ
1355 735 1619 791 Ἰουδαίων
1655 738 1798 791 ἔθνει
1827 780 1842 805 ,

269 819 353 871 ὅτι
405 819 469 891 δὴ
512 823 607 875 καὶ
653 823 807 877 αὐτοὶ
843 824 1059 894 ὅψονταί
1102 843 1232 880 ποτε
1284 819 1376 881 τὸν
1418 830 1601 896 αὐτὸν,
1636 831 1748 884 ἀλλ’
1782 834 1842 885 οὐ

269 912 594 982 συνήσουσιν
632 914 779 978 ὅστις
804 915 887 986 εἴη
909 958 923 983 ,
960 918 1054 970 καὶ
1084 918 1409 974 ἀκούσονται
1452 922 1616 976 αὑτοῦ
1660 922 1842 992 λέγον-

263 1020 360 1067 τος
394 1006 453 1057 ὲν
482 1007 662 1071 αὐτοῖς
688 1009 781 1061 καὶ
809 1009 1150 1077 διδάσκοντος
1167 1053 1180 1077 ,
1208 1012 1322 1066 ἀλλ’
1348 1014 1410 1066 οὐ
1446 1016 1715 1086 νοήσουσι,
1751 1018 1840 1072 διὰ

262 1095 328 1147 τὸ
378 1098 746 1169 πεπωρῶσθαι
802 1103 979 1157 αύτῶν
1025 1103 1121 1176 τὴν
1164 1106 1413 1178 καρδίαν.
1456 1107 1620 1161 Ταῦτ’
1655 1105 1747 1163 οῦν
1809 1113 1837 1164 ὀ

271 1182 505 1250 Ἡσαΐας
530 1188 597 1241 δι’
618 1182 691 1243 ὧν
717 1191 1063 1264 παρεθέμεθα
1088 1194 1283 1262 λέξεων
1309 1197 1590 1262 θεσπίσας,
1612 1201 1669 1251 ὲν
1696 1202 1835 1253 ἱστο-

263 1273 386 1345 ρίας
418 1276 692 1350 ἀφηγήσει
717 1281 989 1351 πολεμίων
1022 1283 1207 1353 ἔφοδον
1236 1286 1377 1340 κατὰ
1412 1288 1505 1341 τοῦ
1539 1289 1711 1359 Ἀχαζ
1729 1330 1743 1354 ,
1776 1291 1835 1355 ὃς

256 1365 447 1437 ἐπεῖχε
493 1370 612 1423 τότε
646 1371 713 1424 τὰ
746 1373 847 1444 τῆς
896 1374 1168 1444 βασιλείας
1204 1377 1312 1432 τῶν
1356 1379 1621 1433 Ἰουδαίων
1660 1380 1790 1436 λαοῦ
1815 1423 1830 1447 ,

257 1459 586 1531 ὑπογράφει,
618 1462 711 1516 καὶ
742 1462 841 1531 τὴν
867 1465 972 1518 τῶν
1001 1466 1099 1537 μὲν
1128 1468 1399 1539 αἰσθητῶν
1432 1471 1703 1543 πολεμίων
1736 1491 1832 1527 κα-

253 1550 502 1622 θαίρεσιν
522 1554 744 1615 αὐτίκα,
775 1556 867 1609 καὶ
894 1557 994 1610 οὐκ
1018 1559 1098 1622 εἰς
1123 1559 1340 1631 μακρὰν
1367 1562 1690 1633 γενήσεσθαι
1729 1582 1827 1636 ση-

255 1645 471 1715 μαίνει·
511 1640 586 1700 ὧν
623 1649 680 1702 δὲ
718 1649 960 1720 σύμϐολα
1001 1650 1164 1724 ἔφερε
1211 1653 1414 1725 νοητῶν
1453 1656 1547 1710 καὶ
1583 1658 1828 1729 ἀοράτων

1955 559 2241 619 propterea
2278 566 2389 605 non
2432 558 2684 620 poterant
2722 551 2944 606 credere
2966 594 2980 617 ,
3008 554 3130 621 quia
3157 553 3353 607 iterum
3383 554 3520 609 dixit

1954 640 2123 697 Isaias
2156 661 2168 695 :
2202 641 2506 697 Excmcavit
2528 644 2716 698 oculos
2764 659 2973 708 eorum,
3009 652 3063 698 et
3110 644 3379 701 induravit
3423 661 3519 701 cor

1951 748 2139 789 eorum
2160 773 2175 796 ,
2209 750 2277 789 ne
2310 734 2527 789 videant
2551 734 2763 800 oculis,
2789 744 2843 791 et
2886 737 3051 791 corde
3091 736 3429 807 intelligant,
3462 746 3518 793 et

1950 832 2358 890 convertantur,
2384 833 2438 880 et
2461 841 2644 881 sanem
2662 842 2777 882 eos.
2801 825 2926 882 Haec
2950 827 3087 882 dixit
3107 826 3273 883 Isaias
3294 827 3515 899 quando

1947 913 2082 968 vidit
2103 914 2330 984 gloriam
2356 915 2495 986 ejus,
2515 927 2567 970 et
2589 916 2909 974 testificatus
2937 926 3019 974 est
3048 917 3115 974 de
3135 934 3200 975 eo
3219 919 3284 972 ι’.
3328 938 3347 972 ι
3371 917 3511 992 Ergo

1947 1006 2154 1076 absque
2176 1007 2546 1062 controversia
2574 1008 2837 1063 visionem
2854 1011 3002 1064 illam
3022 1009 3118 1064 Dei
3140 1011 3209 1065 ad
3228 1009 3508 1067 Christum

1944 1097 2472 1168 retulitevangelista
2488 1096 2748 1163 Joannes,
2768 1107 2822 1154 et
2833 1100 2899 1153 ad
2921 1098 3207 1154 Judaicum
3225 1102 3505 1172 populum,

1943 1188 2037 1257 qui
2097 1188 2274 1244 visum
2342 1204 2373 1243 a
2432 1190 2695 1261 propheta
2753 1189 3039 1246 Dominum
3072 1230 3089 1255 ,
3152 1192 3508 1262 quemadmo-

1941 1278 2070 1334 dum
2125 1279 2194 1334 ab
2242 1280 2337 1334 illo
2386 1281 2506 1351 ipso
2556 1280 2874 1350 praedictum
2915 1288 3019 1345 est,
3069 1298 3178 1337 non
3236 1285 3499 1353 suscepit.

1938 1370 2099 1442 313
2120 1370 2253 1426 Nam
2282 1388 2406 1427 cum
2447 1372 2736 1428 Dominum
2771 1374 3009 1429 Sabaoth
3040 1375 3305 1446 propheta
3332 1376 3503 1430 vidis-

1939 1473 2041 1527 set,
2082 1464 2248 1519 refert
2271 1467 2575 1531 oraculum,
2607 1467 3062 1538 quemadmodum
3099 1469 3200 1538 ipsi
3228 1482 3502 1539 praecepe-

1934 1559 2027 1626 rit,
2066 1569 2125 1613 ut
2154 1560 2219 1614 ad
2247 1559 2465 1617 Iudaeos
2490 1564 2694 1619 diceret
2727 1582 2740 1617 :
2777 1564 2920 1635 quod
2948 1564 3053 1634 ipsi
3092 1565 3243 1619 illum
3279 1566 3496 1635 quidem

1936 1650 2229 1720 aliquando
2258 1653 2541 1720 videbunt,
2575 1656 2670 1710 sed
2700 1671 2808 1711 non
2842 1656 3146 1726 intelligent
3173 1656 3299 1726 quis
3325 1656 3419 1721 sit,
3442 1664 3496 1711 et

250 1735 487 1808 ἐχθρῶν,
539 1737 806 1810 δαιμόνων
849 1740 1010 1797 τινῶν
1030 1783 1045 1807 ,
1096 1743 1189 1797 καὶ
1235 1744 1457 1814 ἀφανῶν
1516 1747 1824 1818 δυνάμεων,

1932 1741 2155 1797 audient
2201 1744 2352 1798 illum
2384 1745 2691 1815 loquentem
2743 1748 2885 1802 inter
2914 1747 3064 1817 ipsos
3106 1755 3161 1802 et
3185 1748 3495 1813 docentem,

248 1828 382 1898 περὶ
408 1820 486 1881 ὧν
514 1829 800 1901 ἀρχόμενοι
820 1832 919 1902 τῆς
946 1832 1073 1903 ὅλης
1111 1835 1493 1905 πραγματείας
1511 1836 1829 1907 διεληλύθα-

250 1933 374 1986 μεν,
398 1918 476 1983 ὡς
511 1921 573 1972 οὐ
608 1920 764 1991 μόνον
793 1921 856 1975 τὸ
903 1922 1171 1976 Ἰουδαίων
1200 1923 1370 1989 ἔθνος,
1402 1925 1540 1979 ἀλλὰ
1579 1927 1672 1981 καὶ
1717 1929 1825 1981 πᾶν

244 2010 309 2062 τὸ
346 2008 686 2082 ἀνθρώπειον
724 2012 879 2082 γένος
917 2014 1008 2066 ἐπὶ
1037 2017 1144 2069 πᾶν
1176 2013 1319 2081 εἶδος
1350 2019 1580 2085 κακίας,
1612 2019 1704 2073 καὶ
1731 2023 1824 2075 ἐπὶ

244 2100 420 2171 αὐτήν
451 2116 515 2169 γε
539 2099 636 2173 τὴν
658 2102 814 2156 ἄθεον
838 2105 1276 2177 εἰδωλολατρείαν
1297 2107 1779 2179 καταϐεϐληκότων
1802 2153 1818 2176 ,

241 2192 345 2244 οὐκ
369 2192 549 2256 ἄλλως
578 2193 676 2265 τὴν
708 2189 874 2266 ἧτταν
908 2196 1125 2251 ἔσεσθαι
1157 2196 1308 2268 δηλοῖ
1338 2198 1370 2270 ἢ
1405 2198 1492 2252 διὰ
1520 2200 1688 2272 μόνης
1720 2203 1819 2273 τῆς

242 2281 642 2356 θεσπιζομένης
694 2290 775 2351 εἰς
831 2288 1149 2360 ἀνθρώπους
1201 2291 1493 2362 ἐπιδημίας
1539 2293 1634 2347 τοῦ
1678 2293 1815 2349 Θεοῦ

238 2373 446 2441 Λόγου,
494 2373 554 2438 ἐξ
614 2377 984 2449 ἀπειρογάμου
1040 2379 1317 2451 Παρθένου
1365 2382 1563 2452 σκῆνος
1611 2384 1818 2457 ἀνθρὼ-

238 2481 393 2517 πειον
423 2466 851 2539 ἀναληψομένου.
878 2471 974 2536 Τίς
995 2471 1052 2525 δὲ
1084 2472 1232 2545 αὐτῷ
1267 2476 1301 2544 ἡ
1328 2474 1516 2528 τούτου
1544 2477 1700 2550 χρεία
1726 2474 1814 2550 ἦν,

235 2553 432 2624 καιρὸς
466 2554 533 2608 ἂν
553 2557 635 2627 εἴη
660 2557 955 2613 διαλαϐεῖν.

1930 1833 2026 1889 sed
2053 1849 2161 1888 non
2190 1835 2512 1906 percipient,
2548 1844 2836 1908 propterea
2857 1837 3013 1916 quod,
3034 1837 3352 1892 induratum
3387 1838 3495 1893 erit

1926 1938 2024 1979 cor
2049 1940 2261 1981 eorum.
2295 1926 2433 1981 Cum
2476 1928 2592 1983 haec
2635 1929 2802 2000 igitur
2833 1926 3000 1984 Isaias
3039 1929 3125 1984 his
3164 1943 3286 2000 quae
3328 1944 3494 1999 appo-

1926 2017 2161 2082 suimus,
2191 2018 2372 2074 verbis
2400 2028 2583 2085 canat,
2619 2021 2675 2075 in
2714 2021 2956 2075 historia:
2987 2020 3207 2076 modum
3251 2021 3491 2077 hostium

1927 2109 2193 2165 adversus
2233 2109 2416 2164 Achaz
2440 2113 2723 2182 impetum,
2756 2113 2849 2182 qui
2901 2120 3033 2168 tunc
3065 2112 3279 2169 Judaici
3308 2112 3492 2185 populi

1925 2217 2153 2272 regnum
2185 2204 2517 2269 obtinuerat,
2552 2203 2833 2269 describit,
2878 2211 2934 2259 et
2961 2219 2993 2258 a
3025 2204 3332 2260 visibilibus
3368 2204 3493 2275 qui~

1924 2292 2046 2348 dem
2078 2294 2328 2350 hostibus
2355 2295 2568 2349 ruinam
2593 2295 2766 2359 brevi,
2793 2310 2970 2366 neque
2994 2294 3136 2349 haud
3166 2295 3337 2349 multo
3365 2303 3490 2365 post

1924 2383 2161 2439 futuram
2216 2385 2505 2457 signiﬁcat.
2554 2384 2799 2451 Quorum
2847 2399 2974 2440 vero
3031 2386 3188 2457 signa
3237 2386 3484 2457 quaedam

1921 2476 2189 2531 duntaxat
2227 2478 2412 2531 attulit
2436 2478 2512 2549 (hi
2557 2492 2721 2547 porro
2750 2485 2878 2533 sunt
2915 2477 3280 2551 intelligibilcs
3321 2486 3485 2548 atque

1922 2568 2223 2625 invisibiles
2254 2570 2477 2639 quidam
2516 2569 2725 2633 hostes,
2762 2569 3035 2625 daemones
3068 2571 3257 2641 utique
3289 2584 3353 2623 ac
3381 2569 3487 2625 sub

235 2650 419 2704 visum
455 2665 565 2706 non
591 2651 849 2709 cadentes
870 2664 1192 2725 potestates,
1217 2656 1285 2713 de
1313 2658 1517 2728 quibus
1549 2660 1708 2716 initio
1758 2664 1927 2719 totius
1986 2667 2170 2735 operis
2223 2664 2609 2725 disseruimus,
2651 2664 2798 2735 quod
2846 2679 2957 2719 non
2986 2665 3157 2720 solam
3199 2660 3483 2719 Iudaicam

229 2759 479 2821 gentem,
530 2751 627 2807 sed
680 2767 843 2807 omne
886 2768 1113 2822 prorsus
1156 2753 1456 2807 humanum
1509 2770 1703 2825 genus,
1756 2757 1811 2811 in
1845 2774 2008 2814 omne
2036 2759 2259 2814 malitia:
2279 2775 2472 2830 genus,
2503 2774 2570 2814 ac
2593 2758 2828 2830 denique
2854 2764 2912 2814 in
2962 2760 3141 2829 ipsum
3197 2757 3347 2813 omni
3395 2773 3483 2812 re-

226 2838 425 2913 ligioni
479 2843 815 2899 contrarium
886 2845 1305 2901 simulacrorum
1370 2848 1583 2903 cultum
1653 2852 2077 2923 compulerint),
2145 2853 2248 2908 hos
2297 2868 2407 2908 non
2480 2853 2641 2907 aliter
2693 2854 2839 2907 vinci
2887 2868 3051 2923 posse
3104 2852 3475 2914 demonstrat,

226 2953 399 3008 quam
430 2955 529 3010 per
550 2957 744 3005 unum,
777 2941 870 3010 qui
904 2942 1124 2996 canitur
1157 2941 1248 2997 Dei
1281 2941 1443 2998 Verbi
1473 2944 1540 2998 ad
1563 2945 1812 3003 homines
1847 2962 2150 3012 accessum,
2190 2949 2334 3018 quod
2384 2948 2602 3019 quidem
2646 2946 2742 3003 Dei
2775 2947 3009 3002 Verbum
3052 2953 3202 3002 esset
3258 2961 3327 3001 ex
3391 2946 3477 2998 in-

226 3041 404 3105 nupta
468 3033 687 3106 Virgine
750 3036 1048 3090 humanum
1105 3051 1305 3107 corpus
1363 3048 1796 3110 assumpturum.
1872 3042 1979 3099 Sed
2032 3043 2196 3113 hujus
2244 3043 2319 3096 illi
2361 3044 2614 3113 quisnam
2672 3057 2806 3097 usus
2848 3041 3031 3105 fuerit,
3075 3040 3189 3111 jam
3261 3046 3476 3109 tempus

222 3142 354 3182 esse
380 3127 617 3192 videtur,
650 3136 710 3182 ut
737 3129 900 3185 latius
928 3131 1292 3201 inquiramus.

324 3244 403 3299 Τὰ
426 3244 563 3313 περὶ
591 3243 700 3313 τῆς
731 3244 838 3298 τοῦ
876 3243 1149 3314 Σωτῆρος
1177 3245 1344 3317 ἡμῶν
1369 3247 1706 3318 ἐπιδημίας.

311 3357 531 3429 Ἐπειδὴ
568 3376 587 3409 ι
627 3357 694 3411 δι’
720 3358 1005 3428 ἀνθρώπου
1032 3359 1258 3424 θάνατος
1305 3360 1550 3432 είσῆλθεν
1593 3364 1672 3426 είς
1709 3361 1801 3415 τὸν

218 3446 449 3517 κόσμον,
463 3465 484 3499 ι
501 3449 663 3518 φησὶν
684 3449 713 3500 ὁ
739 3448 1071 3512 Ἀπόστολος,
1086 3452 1221 3522 χρῆν
1233 3452 1403 3522 δήπου
1423 3452 1509 3506 διά
1527 3452 1620 3505 τοῦ
1634 3454 1797 3507 αὑτοῦ

215 3538 513 3611 ἀνθρώπου
540 3541 640 3611 τὴν
668 3542 808 3595 κατά
835 3541 928 3594 τοῦ
967 3542 1195 3596 θανάτου
1223 3543 1582 3616 βραϐευθῆναι
1607 3546 1762 3617 νίκην
1781 3586 1796 3611 ,

216 3630 319 3683 καὶ
348 3628 414 3682 τὸ
446 3628 603 3700 σῶμα
631 3628 726 3681 τοῦ
758 3628 986 3683 θανάτου
1020 3631 1177 3702 σῶμα
1213 3631 1359 3703 ζωῆς
1398 3633 1794 3705 ἀναδειχθῆναι,

214 3722 317 3773 καὶ
351 3721 452 3791 τῆς
485 3720 755 3791 ἁμαρτίας
800 3721 900 3791 τὴν
947 3722 1224 3792 βασιλείαν
1267 3724 1326 3778 ἐν
1365 3723 1442 3794 τῷ
1478 3723 1656 3795 θνητῷ
1700 3725 1797 3777 σώ-

216 3828 352 3881 ματι
380 3811 443 3863 τὸ
463 3811 592 3882 πρὶν
626 3810 949 3882 ἐνεργοῦσαν
977 3813 1362 3884 καταλυθῆναι,
1402 3813 1595 3885 μηκέτι
1627 3815 1799 3885 ἁμαρ-

210 3904 341 3967 τίας
370 3905 559 3971 αὐτοῦ,
593 3903 725 3958 ἀλλά
745 3904 1087 3978 δικαιοσύνης
1119 3905 1424 3977 κρατούσης
1443 3923 1455 3936 ·
1483 3909 1576 3960 καὶ
1607 3908 1792 3980 ἐπειδὴ

208 3994 305 4048 διὰ
334 3995 446 4048 τῶν
476 3997 575 4066 τῆς
607 3997 806 4069 σαρκὸς
836 3997 1245 4069 ἁμαρτημάτων
1278 3996 1444 4051 πάλαι
1471 3998 1729 4069 πρότερον
1757 4003 1789 4070 ἡ

210 4087 426 4151 πτῶσις
477 4089 683 4156 ἐγίνετο
745 4091 909 4143 πᾶσιν
968 4088 1274 4161 ἀνθρώποις
1297 4129 1312 4153 ,
1370 4090 1596 4155 εἰκότως
1630 4091 1788 4146 πάλιν

205 4179 281 4232 δι’
334 4179 722 4251 ἀναμαρτήτου
748 4219 762 4243 ,
807 4180 902 4234 καὶ
941 4180 1121 4250 πάσης
1178 4181 1447 4251 ἁχρὰντου
1487 4183 1683 4246 κακίας
1720 4184 1787 4237 τὰ

205 4270 355 4324 κατὰ
395 4270 505 4323 τῶν
532 4270 742 4341 ἐχθρῶν
774 4272 1092 4343 ἀνηγείρετο
1130 4272 1381 4344 τρόπαια.
1418 4272 1589 4325 Τίνων
1609 4272 1665 4325 δὲ
1695 4276 1787 4344 ὲχ-

207 4363 358 4435 θρῶν
381 4363 414 4434 ἦ
449 4362 556 4416 τῶν
581 4362 745 4415 πάλαι
771 4362 859 4416 διὰ
888 4363 996 4416 τῶν
1024 4365 1124 4434 τῆς
1155 4365 1356 4435 σαρκὸς
1379 4364 1576 4435 ἡδονῶν
1611 4383 1784 4419 κατα-

206 4452 549 4507 παλαιόντων
596 4450 656 4506 τὸ
706 4451 1035 4521 ἀνθρώπειον
1094 4454 1284 4521 γένοςς
1342 4454 1435 4507 καὶ
1491 4454 1665 4517 ἄλλως
1725 4455 1782 4507 δὲ

205 4544 405 4614 ὲχρῆν,
436 4544 741 4616 ἀνθρώποις
773 4543 908 4597 Θεοῦ
937 4544 1107 4612 Λόγον
1145 4544 1352 4614 ὁμιλεῖν
1376 4544 1657 4615 μέλλοντα,
1687 4545 1782 4598 καὶ

2018 3247 2150 3312 Quae
2181 3252 2416 3313 spectant
2449 3242 2519 3296 ad
2540 3242 2835 3298 Saluatoris
2870 3242 3040 3296 nostri
3063 3240 3363 3298 adventurm.

1979 3358 2116 3424 Quia
2152 3376 2170 3408 σ
2201 3373 2298 3428 per
2329 3357 2604 3412 hominem
2637 3370 2788 3409 mors
2827 3354 3049 3408 intravit
3086 3354 3141 3408 in
3184 3356 3466 3419 rotundum,

1906 3451 1982 3504 ait
2019 3449 2313 3520 Apostolus
2333 3449 2421 3513 δ”,
2454 3467 2472 3499 ι
2512 3447 2718 3501 idcirco
2750 3445 3012 3499 adversus
3042 3451 3273 3499 mortem
3304 3446 3471 3501 victo.

1904 3543 2039 3596 riam
2079 3541 2311 3596 obtineri
2352 3554 2450 3610 per
2492 3537 2744 3594 eumdem
2789 3536 3060 3591 hominem
3105 3537 3364 3606 oportuit,
3414 3546 3469 3591 et

1902 3633 2048 3704 quod
2080 3633 2272 3687 mortis
2314 3632 2492 3686 fuerat
2537 3644 2761 3700 corpus,
2794 3628 2917 3682 vitae
2949 3641 3148 3695 corpus
3172 3628 3463 3692 declarari,

1900 3734 1954 3780 et
1995 3723 2204 3794 peccati
2238 3736 2487 3794 regnum,
2517 3720 2664 3792 quod
2698 3719 2851 3788 prius
2893 3719 2948 3771 in
2991 3732 3218 3787 corpore
3245 3719 3465 3773 mortali

1896 3819 2008 3871 vim
2058 3830 2211 3871 suam
2263 3813 2573 3877 exercebat,
2617 3811 2786 3866 deleri
2840 3824 3012 3879 usque
3045 3808 3203 3874 adeo,
3250 3817 3309 3862 ut
3351 3825 3462 3865 non

1898 3907 2132 3977 amplius
2155 3906 2235 3958 illi
2269 3911 2576 3975 peccatum,
2603 3903 2697 3957 sed
2731 3903 2946 3971 justitia
2979 3901 3374 3971 dominaretur,
3406 3910 3463 3957 et

1895 4004 2152 4072 quoniam
2172 4016 2235 4055 ex
2263 3999 2504 4070 peccatis
2534 3998 2804 4067 corporis,
2840 4004 2999 4049 antea
3040 3996 3257 4051 cunctis
3284 3995 3462 4051 homi-

1896 4095 2058 4148 nibus
2096 4094 2256 4147 ruina
2304 4090 2450 4145 facta
2490 4099 2594 4154 est,
2642 4089 2838 4143 merito
2879 4103 3074 4143 rursus
3129 4102 3225 4157 per
3274 4088 3456 4143 omnis

1893 4184 2101 4254 peccati
2133 4198 2328 4252 expers
2357 4197 2581 4252 corpus,
2605 4179 2862 4248 omnique
2892 4193 3118 4248 prorsus
3140 4177 3345 4232 malitia
3373 4178 3458 4231 in-

1893 4268 2122 4337 tactum,
2160 4280 2362 4341 tropwa
2401 4272 2664 4326 adversus
2694 4269 2878 4323 hostes
2922 4268 3178 4338 erigenda
3209 4267 3451 4324 fuerunt.

1892 4365 2001 4421 Sed
2034 4381 2173 4437 quos
2199 4363 2418 4418 tandem
2444 4364 2650 4425 hostes,
2681 4361 2785 4416 nisi
2808 4376 2904 4415 eos
2935 4361 3027 4430 qui
3057 4361 3185 4415 olim
3214 4377 3311 4431 per
3329 4376 3454 4415 cor-

1888 4472 2084 4528 poreas
2113 4456 2418 4526 voluptates
2455 4455 2748 4507 humanum
2787 4467 2962 4521 genus
3002 4452 3458 4520 prosteniebant?

1889 4555 2149 4619 praeterea
2198 4562 2320 4602 eum
2370 4545 2467 4599 Dei
2500 4544 2742 4599 Verbum
2791 4550 2938 4597 esset
2978 4556 3100 4596 cum
3142 4543 3454 4597 hominibus

207 4633 416 4705 σαρκὸς
440 4637 629 4698 ἀκοαῖς
666 4635 731 4687 τά
762 4635 860 4707 τῆς
892 4634 1167 4699 εὐσεϐείας
1197 4635 1494 4706 μαθήματα
1525 4635 1780 4707 παραδὼ-
1812 4650 1824 4704 ι

1919 4641 2306 4701 ollocuturum,
2352 4644 2407 4691 et
2455 4635 2735 4706 corporeis
2783 4633 3010 4687 auribus
3061 4641 3331 4703 praecepta
3385 4633 3453 4688 de

204 4743 394 4789 σοντα,
441 4728 723 4798 τερατείας
760 4743 819 4780 τε
858 4726 953 4781 καὶ
986 4727 1439 4799 παραδοξοποιίας
1482 4727 1783 4800 ἀνθρώπων

200 4816 536 4888 ὀφθαλμοῖς,
571 4818 705 4872 Θεοῦ
734 4835 794 4871 τε
827 4817 1052 4889 δύναμιν
1091 4810 1294 4890 ἐναργῆ
1337 4822 1775 4891 παραστήσοντα,

205 4908 287 4978 μὴ
338 4907 510 4971 ἄλλως
552 4908 587 4979 ἢ
629 4908 716 4962 διὰ
744 4908 838 4962 τοῦ
869 4910 1128 4981 συνήθους
1165 4914 1297 4981 ἡμῖν
1341 4913 1573 4983 ὀργάνου
1623 4912 1779 4966 τοῦτο

202 4999 413 5070 πρᾶξαι
432 5016 447 5029 ⁶
479 5001 559 5053 ὅτι
593 5001 714 5054 οὐδὲ
735 5001 896 5054 πλέον
923 5001 1072 5053 οὐδὲν
1106 5001 1371 5072 σωμάτων
1398 5005 1529 5073 όρᾷν
1567 5002 1777 5075 ἀνθρώ-

199 5108 324 5144 πων
350 5092 574 5145 δυνατὸν
597 5088 665 5162 ἦν
693 5092 1008 5163 ὀφθαλμοῖς,
1038 5093 1147 5145 οὐδ’
1170 5092 1387 5146 ἀκούειν
1420 5093 1588 5164 ἀκοὴν
1616 5094 1777 5147 πλέον

194 5204 251 5240 τι
265 5185 365 5239 τοῦ
386 5184 472 5238 διὰ
488 5184 731 5256 γλώττης
753 5185 1156 5257 προφερομένου
1182 5185 1439 5256 ἡχου.”Ιν’
1454 5182 1549 5238 οῦν
1575 5186 1669 5239 καὶ
1688 5187 1776 5240 διά

197 5278 472 5348 σωμάτων
499 5278 801 5348 αἰσθήσεως
823 5277 921 5347 τῆς
950 5275 1058 5328 τῶν
1086 5275 1290 5346 νοητῶν
1327 5277 1418 5329 καὶ
1467 5278 1774 5348 ἀσωμάτων

192 5372 408 5434 ἑννοίας
434 5368 836 5439 ὲπιλαόώμεθα,
852 5369 941 5422 τὸν
967 5372 1098 5439 ἡμῖν
1125 5367 1360 5438 συγγενῆ
1389 5369 1483 5422 καὶ
1500 5371 1772 5441 γνώριμον

191 5463 354 5530 λόγον
374 5461 536 5523 αὐτὸς
568 5464 596 5513 ό
632 5460 767 5522 Θεὸς
794 5460 961 5527 Λόγος
993 5459 1352 5530 ἀνελάμϐανε,
1389 5461 1481 5513 καὶ
1508 5459 1683 5512 πάντα
1707 5478 1770 5528 γε

189 5554 259 5606 δι’
304 5551 469 5605 αὐτοῦ
512 5550 583 5604 τὰ
635 5552 873 5622 σωτήρια
907 5554 1016 5613 τοῖς
1050 5551 1334 5622 αὑτηκόοις
1359 5552 1454 5605 καὶ
1476 5552 1769 5616 αὐτόπταις

262 5710 310 5741 δ’
348 5706 509 5762 Joan.
547 5721 645 5774 xu,
672 5706 853 5761 37-“.
931 5707 997 5739 “°
1030 5707 1185 5762 Rom.
1223 5721 1277 5769 γ,
1318 5704 1402 5761 12.

1884 4734 2087 4804 pietate
2127 4732 2481 4791 traditurum,
2509 4727 2866 4799 prodigiaque
2897 4733 2951 4781 et
2983 4725 3245 4779 miracula
3274 4726 3448 4782 oculis

1888 4825 2191 4890 hominum,
2223 4820 2389 4894 314
2416 4821 2620 4891 Deique
2663 4820 2921 4874 virtutem
2964 4817 3242 4872 evidenter
3287 4824 3451 4888 atque

1885 4923 2070 4987 aperte
2094 4915 2617 4975 demonstraturum,
2652 4925 2761 4965 non
2791 4909 2951 4963 aliter
2981 4922 3146 4979 quam
3181 4922 3280 4977 per
3316 4922 3451 4962 con-

1882 5015 2120 5069 suetum,
2154 5004 2422 5073 nobisque
2458 5003 2727 5056 familiare
2766 5000 3216 5061 instrumentum,
3246 4997 3351 5053 hoc
3368 4997 3445 5052 fa-

1880 5114 2006 5154 cere
2045 5098 2226 5167 ipsum
2274 5094 2537 5164 oportuit,
2585 5093 2841 5162 quoniam
2884 5090 3021 5143 nihil
3058 5087 3276 5157 quidem
3328 5103 3448 5142 am-

1879 5189 2046 5258 plius,
2080 5202 2242 5256 quam
2287 5200 2408 5254 quae
2436 5197 2666 5253 corpora
2715 5189 2867 5243 sunt,
2918 5177 3241 5233 mortalibus
3272 5178 3449 5233 oculis

1878 5292 1937 5334 ut
1965 5293 2353 5340 cerneremus,
2379 5275 2491 5331 fieri
2523 5280 2755 5345 poterat,
2787 5285 2966 5341 neque
2987 5277 3048 5324 ut
3076 5269 3302 5324 auribus
3324 5285 3448 5338 per.

1876 5372 2201 5442 ciperemus,
2235 5384 2397 5439 quam
2438 5365 2666 5430 'sonum,
2707 5365 2799 5435 qui
2831 5365 3016 5435 lingua
3041 5360 3277 5433 proferri
3313 5377 3446 5415 con—

1876 5464 2070 5520 suevit.
2106 5463 2176 5517 Ut
2208 5462 2373 5533 igitur
2404 5459 2682 5530 corporeis
2703 5472 2921 5529 quoque
2948 5455 3202 5510 sensibus
3236 5451 3440 5507 intelli-

1878 5554 2126 5624 gibilium
2157 5547 2711 5623 incorporearumq'ue
2731 5562 2912 5604 rerum
2943 5547 3194 5602 notiones
3212 5556 3437 5615 capere-
