3828 6220
377 265 483 321 495

1045 264 1317 323 EUSEBII
1356 266 1837 324 CIESARIENSIS
1872 268 2026 325 OPP.
2069 270 2253 329 PARS
2289 266 2353 326 ll.
2378 301 2446 311 -—
2469 270 2971 331 APOLOGETICA.

3534 281 3635 338 496

377 395 522 444 mus,
555 395 678 436 eum
717 382 810 452 qui
845 382 1004 438 nobis
1046 390 1102 439 et
1151 392 1420 455 cognatus
1457 393 1512 440 et
1542 383 1828 442 familiaris
1869 401 1915 441 es

2016 424 2024 451 ,
2052 388 2161 442 τῶν
2195 388 2392 444 ἐνθέων
2422 390 2588 444 αὐτοῦ
2630 389 2803 460 λόγων
2841 409 2902 445 τε
2932 393 3023 446 καὶ
3050 392 3227 465 ἔργων
3257 396 3637 467 προεϐάλλετο.

377 480 482 537 set,
522 471 642 543 ipse
686 471 832 530 Deus
859 473 1097 530 Verbum
1151 477 1470 547 assumpsit,
1523 476 1814 548 omniaque
1853 492 1951 547 per

373 564 530 619 illum
560 580 902 636 quacunque
927 568 1193 623 salutaria
1225 578 1436 635 essent,
1461 570 1551 632 iis,
1583 571 1678 641 qui
1708 572 1812 641 ipsi
1852 586 1950 625 au-

2053 482 2163 539 Kal
2186 481 2336 534 ταῦτ’
2356 481 2587 553 ἔπραττε
2611 487 2732 548 ταῖς
2756 484 2852 538 τοῦ
2879 484 3130 558 σώματος
3153 488 3419 557 ἀνάγκαις
3439 491 3639 562 ὁμοίως

2049 576 2182 644 ἡμῖν
2235 573 2482 645 οὐδαμῶς
2525 577 3054 648 καταδεσμούμενος,
3106 579 3229 635 ούδέ
3270 598 3324 633 τι
3368 586 3552 653 χεῖρον
3604 585 3637 656 ἦ

376 655 621 723 diebant,
651 658 864 729 ipsique
885 659 1143 725 lidebant,
1179 668 1290 715 tam
1322 677 1445 732 quae
1471 662 1526 715 in
1551 662 1754 718 divinis
1774 663 1913 733 ipsiu

2053 665 2236 736 μεῖζον
2289 667 2452 731 αὐτὸς
2489 668 2686 722 ἐαυτοῦ
2728 670 2829 742 τῆς
2870 670 3125 742 θεότητος
3169 673 3478 744 ὑπομένων,
3530 655 3638 728 ούδ⁴

375 748 578 813 verbis,
617 764 782 819 quam
816 766 938 820 quae
969 751 1027 807 in
1064 751 1226 808 factis
1251 754 1639 817 consisterent,
1670 754 1942 825 exposuit.

372 839 553 909 Atque
595 840 709 895 haec
754 843 936 896 omnia
969 843 1390 911 administravit,
1441 860 1712 916 nusquam
1751 853 1813 900 ut
1842 862 1947 902 nos

374 930 542 984 simili
564 931 779 988 ratione
813 934 1061 1004 corporis
1093 937 1516 992 necessitatibus
1545 938 1809 1009 illigatus,
1848 954 1946 994 ne-

373 1034 480 1090 que
504 1020 621 1091 ipse
653 1021 951 1092 quidquam
986 1031 1081 1077 aut
1122 1023 1365 1083 deterius
1408 1034 1502 1081 aut
1561 1029 1794 1098 amplius
1841 1044 1941 1085 sua

370 1111 544 1182 ipsius
583 1114 867 1171 divinitate
900 1118 1231 1189 perpetiens,
1277 1136 1456 1191 neque
1489 1136 1618 1176 vero
1658 1130 1716 1174 ut
1761 1122 1940 1176 anima

371 1206 633 1273 hominis,
658 1208 735 1262 ita
767 1209 886 1280 ipse
916 1211 1007 1265 tali
1033 1226 1264 1283 corpore
1310 1213 1627 1284 impeditus,
1661 1224 1719 1269 ut
1754 1215 1939 1272 divina

369 1299 587 1354 interim
614 1316 839 1356 munera
857 1302 1009 1358 obire
1029 1318 1138 1359 non
1156 1312 1360 1376 posset,
1394 1316 1487 1360 aut
1502 1307 1702 1378 ubique
1722 1309 1936 1373 adesse,

368 1393 460 1461 qui
502 1393 596 1448 Dei
640 1392 879 1449 Verbum
902 1403 1006 1462 est,
1042 1398 1335 1468 omniaque
1371 1398 1581 1468 implet,
1627 1415 1725 1470 per
1753 1402 1939 1457 omnia

368 1494 635 1554 penetrat,
672 1502 848 1558 neque
878 1488 1007 1544 item
1045 1498 1138 1544 aut
1168 1492 1422 1547 sordibus
1451 1493 1598 1558 ullis,
1631 1503 1723 1548 aut
1745 1510 1938 1549 corru-

2046 758 2220 823 οῦτως
2245 759 2374 813 ὥσθ’
2401 755 2492 815 οἷα
2522 761 2808 833 ἀνθρώπου
2830 762 2997 835 ψυχὴ,
3027 764 3106 835 τῷ
3138 764 3351 837 σώματι
3383 771 3634 838 παρεῖναι

2045 850 2180 904 Θεοῦ
2210 852 2381 920 Λόγον
2417 853 2567 918 ὄντα,
2602 854 2699 906 καὶ
2738 854 2808 908 τὰ
2838 856 3016 910 πάντα
3049 856 3382 929 πληροῦντα,
3421 860 3517 913 καὶ
3553 860 3637 914 διὰ

2047 944 2262 999 πάντων
2285 946 2488 1016 ἥκοντα
2510 963 2523 976 ·
2548 946 2664 1001 ἀλλ’
2694 947 2814 1000 οὐδὲ
2835 947 3075 1021 ρύπον,ἢ
3095 948 3320 1021 φθορὰν,
3343 950 3378 1022 ἢ
3398 950 3633 1023 μίασμα,

2043 1035 2104 1102 ἐξ
2134 1031 2200 1108 ἧς
2238 1037 2496 1109 ἀνείληφε
2529 1039 2730 1110 σαρκὸς
2764 1040 3228 1112 ἐπενηνεγμένος,
3268 1044 3352 1097 ὅτι
3383 1043 3448 1114 δὴ
3493 1043 3634 1098 ἀσώ-

2045 1147 2212 1201 ματος
2233 1130 2308 1184 ῶν
2334 1132 2435 1202 τὴν
2461 1131 2644 1201 φύσιν,
2673 1133 2767 1185 καὶ
2793 1131 2954 1196 άῦλος
2975 1134 3073 1186 καὶ
3098 1134 3358 1206 ἄσαρκος,
3382 1132 3471 1191 οἷα
3494 1137 3630 1191 Θεοῦ

2041 1222 2234 1289 Λόγος,
2257 1221 2425 1294 ὲνθέῳ
2450 1223 2677 1294 δυνάμει
2706 1225 2801 1278 καὶ
2822 1222 2998 1293 λόγοις
3017 1226 3145 1297 ἡμῖν
3168 1227 3429 1298 ἀρρήτοις
3451 1231 3633 1282 πᾶσαν

2043 1314 2205 1386 ὑπῄει
2248 1316 2347 1386 τὴν
2381 1315 2715 1387 οἰκονομίαν,
2751 1315 2859 1371 τῶν
2895 1316 3107 1371 οἰκείων
3141 1319 3486 1388 μεταδιδοὺς,
3516 1320 3630 1373 ἀλλ’

2038 1408 2138 1461 οὐκ
2172 1408 2609 1480 ἀντεπαγόμενος
2640 1408 2748 1463 τῶν
2775 1409 3088 1482 ἀλλοτρίων.
3126 1410 3334 1465 Οὐκοῦν
3365 1413 3418 1465 τί
3444 1412 3633 1481 φοϐεῖ·

2039 1496 2162 1552 σθαι
2188 1498 2293 1569 χρὴ
2331 1498 2429 1569 τὴν
2484 1498 2745 1570 ἕνσαρκον
2780 1499 3125 1568 οἰκονομίαν,
3151 1500 3274 1552 ἐπεὶ
3311 1501 3388 1572 μὴ
3433 1501 3632 1571 ἐμολύ-

369 1578 574 1646 ριίοηε,
606 1586 700 1633 aut
728 1579 992 1646 fmditate,
1023 1597 1091 1636 ex
1112 1598 1178 1637 eo
1208 1598 1439 1652 corpore
1459 1584 1605 1654 quod
1636 1587 1915 1656 assumpsi

2035 1604 2156 1642 νετο
2199 1590 2228 1641 ὁ
2276 1588 2607 1660 ἀμόλυντος,
2653 1589 2785 1661 μηδὲ
2823 1592 2888 1644 ἐκ
2936 1591 3034 1662 τῆς
3073 1590 3273 1662 σαρκὸς
3304 1592 3332 1644 ὁ
3362 1592 3630 1662 ἀμίαντος

366 1671 708 1739 inquinatus,
739 1681 1026 1744 propterea
1055 1674 1201 1746 quod
1232 1691 1355 1730 cum
1382 1678 1498 1746 ipse
1521 1685 1716 1732 natura
1740 1679 1812 1733 sit
1839 1696 1915 1735 ex-

2035 1678 2309 1748 ἐμιαίνετο
2329 1719 2344 1744 ,
2371 1679 2505 1749 μηδὲ
2531 1680 2909 1752 συνεφθείρετο
2939 1683 3004 1752 τῇ
3030 1680 3123 1733 τοῦ
3157 1680 3408 1752 σώματος
3444 1682 3625 1755 οἰκεία

364 1778 488 1833 pers
522 1771 576 1819 et
604 1766 875 1835 corporis,
908 1773 963 1821 et
992 1767 1196 1832 carnis,
1228 1773 1282 1822 et
1315 1768 1494 1824 omnis
1523 1770 1784 1835 materiae,
1811 1780 1915 1825 tan

2040 1768 2199 1838 φύσει
2227 1770 2486 1843 ὁάπαθὴς
2517 1770 2611 1825 τοῦ
2639 1770 2775 1826 Θεοῦ
2804 1772 2995 1842 Λόγος
3023 1772 3143 1826 ἐπεὶ
3175 1773 3307 1844 μηδὲ
3333 1773 3485 1843 ἡλίου
3514 1776 3625 1829 πά-

362 1870 526 1925 quam
572 1854 666 1911 Dei
703 1855 965 1922 Verbum,
1007 1856 1191 1913 divina
1243 1859 1478 1930 quadam
1528 1861 1742 1916 virtute.
1773 1862 1915 1917 ratio

2041 1861 2180 1917 θοιεν
2218 1862 2283 1917 ἄν
2319 1880 2373 1917 τι
2410 1866 2627 1928 ἀκτῖνες
2667 1864 2875 1936 νεκρῶν
2916 1864 3009 1917 καὶ
3044 1865 3310 1918 παντοίων
3341 1866 3618 1934 σωμάτων

363 1946 634 2017 nibusque
672 1948 1055 2015 ineﬂ‘abilibus,
1089 1964 1305 2006 omnem
1352 1952 1614 2007 sustinuit
1657 1952 1915 2024 dispensa

2039 1955 2414 2027 ἐπαφώμεναι.
2434 1955 2526 2029 Τῷ
2548 1957 2605 2010 δὲ
2633 1956 2760 2028 θείῳ
2778 1957 2935 2027 Λόγῳ
2954 1955 3256 2029 τοῦμπαλιν
3276 1956 3336 2011 τὺ
3369 1956 3618 2028 φθαρτὸν

363 2041 591 2105 tionem,
636 2055 759 2111 qua:
804 2056 902 2097 sua
955 2048 1142 2105 essent
1198 2042 1536 2113 impertiens,
1586 2059 1695 2098 non
1748 2053 1915 2101 auten

2041 2047 2469 2118 μετεσκευάξετο
2487 2089 2503 2114 ,
2525 2050 2618 2104 καὶ
2653 2051 2809 2119 ἅγιόν
2832 2067 2893 2103 τε
2923 2049 3019 2104 καὶ⁵
3046 2049 3329 2116 ἀθάνατον,
3359 2051 3394 2104 ἆ
3430 2067 3488 2103 τε
3518 2050 3620 2102 καὶ

361 2140 554 2187 contra
597 2133 701 2188 sibi
745 2132 1050 2199 vindicans,
1106 2143 1199 2190 aut
1246 2151 1518 2206 usurpans
1566 2153 1691 2208 quae
1729 2140 1926 2195 aliena.

360 2221 503 2292 Ergo
537 2238 636 2277 cur
666 2222 739 2276 ita
769 2223 912 2279 hanc
944 2223 1091 2281 illius
1124 2229 1179 2281 in
1207 2241 1438 2296 corpore
1463 2227 1930 2297 dispensationem

360 2314 656 2370 formidare
691 2330 828 2386 opus
868 2324 975 2382 est,
1016 2316 1236 2387 quando
1268 2333 1447 2389 neque
1486 2319 1723 2378 foedatus
1756 2329 1840 2377 est
1881 2322 1931 2377 is

359 2407 452 2476 qui
485 2406 676 2462 fwdari
718 2422 825 2463 non
875 2416 1073 2478 potest,
1115 2424 1293 2481 neque
1334 2426 1401 2466 ex
1435 2426 1601 2469 carne
1647 2424 1927 2484 assumpta

359 2499 701 2570 inquinatus,
743 2499 839 2571 qui
878 2515 987 2555 non
1028 2507 1204 2570 potest
1248 2500 1548 2574 inquinari,
1578 2520 1754 2576 neque
1798 2521 1928 2562 vero

357 2595 577 2666 prOpria
614 2596 862 2666 corporis
894 2603 1090 2651 natura
1119 2609 1433 2668 corruptus,
1468 2613 1593 2654 cum
1630 2600 1809 2669 ipsum
1853 2601 1926 2655 sit

358 2687 451 2744 Dei
488 2687 719 2744 Verbum
749 2688 820 2743 ab
850 2688 999 2743 omni
1037 2689 1279 2760 patiendi
1307 2697 1500 2744 natura
1535 2700 1760 2760 prorsus
1792 2690 1927 2746 alie-

355 2782 523 2837 num?
556 2782 857 2848 Quandone
889 2781 1024 2838 solis
1067 2781 1289 2852 quidem
1320 2782 1455 2836 radii
1495 2780 1626 2837 dum
1656 2781 1923 2837 cadavera

355 2883 408 2930 et
434 2876 612 2932 omnis
648 2876 863 2946 generis
890 2888 1121 2946 corpora
1152 2874 1445 2944 attingunt,
1477 2872 1775 2944 quidquam
1803 2888 1922 2928 om-

2034 2137 2104 2213 ῆν
2130 2142 2280 2214 αὐτῷ
2311 2141 2585 2213 βουλητὸν,
2605 2141 2917 2196 ἀπετελεῖτο
2935 2182 2947 2195 .
2980 2141 3087 2195 Ναὶ
3113 2140 3216 2213 μὴν
3248 2141 3343 2195 καὶ
3366 2142 3486 2204 ταῖς
3512 2140 3607 2192 ἐνί

2036 2233 2178 2296 θέσις
2205 2233 2299 2286 τοῦ
2337 2232 2649 2304 Πνεύματος
2692 2231 2904 2303 βουλαῖς
2934 2246 2995 2284 τε
3031 2232 3127 2285 καὶ
3161 2229 3394 2302 πράξεσι
3432 2228 3608 2299 διηκο

2034 2328 2194 2377 νεῖτο.
2219 2322 2388 2378 Τοῦτο
2410 2319 2504 2378 οὖν
2532 2309 2649 2378 ὅλον
2668 2322 2747 2394 τῷ
2768 2322 2959 2393 φιλανθ
2968 2323 3262 2394 ρωποτάτῳ
3292 2320 3412 2392 Θεῷ
3438 2337 3498 2377 τε
3520 2322 3622 2375 καὶ

2032 2414 2168 2469 Θεοῦ
2195 2416 2351 2486 Λόγῳ
2375 2414 2514 2487 ὑπὲρ
2542 2416 2639 2485 τῆς
2666 2414 2883 2468 πάντων
2906 2414 3002 2467 ἀνθ
3012 2412 3204 2485 ρώπων
3228 2413 3525 2483 θεραπείας
3555 2430 3621 2467 τε

2032 2510 2127 2562 καὶ
2151 2509 2422 2580 σωτηρίας
2436 2510 2555 2571 ταῖς
2574 2506 2682 2560 τῶν
2702 2505 2994 2578 προφητῶν
3011 2504 3317 2567 ἀκολούθως
3332 2506 3619 2575 ἐνηργεῖτο

2032 2602 2235 2670 φωναῖς
2257 2642 2272 2668 ,
2300 2598 2504 2655 ἀνωθεν
2536 2601 2601 2652 ὲκ
2640 2597 2884 2652 παλαιῶν
2922 2598 3127 2669 χρόνων
3162 2595 3261 2668 τὴν
3294 2595 3614 2666 θαυμασίαν

2029 2693 2094 2745 ἐκ
2145 2690 2421 2760 Παρθένου
2475 2691 2727 2763 γέννησιν
2796 2688 2961 2745 αὐτοῦ
3041 2687 3613 2762 προμαρτυρομέναις.

2028 2782 2242 2853 Σφόδρα
2292 2782 2352 2836 δέ
2407 2782 2721 2851 ἀναγκαίως
2766 2783 2796 2835 ὁ
2848 2782 3133 2853 προφήτης
3186 2780 3477 2850 προτάττει
3504 2778 3615 2847 τῆς

2028 2872 2094 2927 ἐκ
2140 2870 2418 2944 Παρθένου
2461 2871 2728 2940 γενέσεως
2758 2869 2852 2923 τοῦ
2891 2867 3127 2941 Χριστοῦ
3167 2867 3227 2919 τὸ
3256 2864 3611 2935 ἐπιστρειρές,

352 2965 485 3019 nino
534 2966 644 3036 pati
685 2964 981 3020 dicuntur?
1029 2964 1099 3019 ab
1141 2965 1262 3035 ipso
1306 2972 1489 3019 autem
1516 2964 1703 3019 divino
1743 2961 1915 3021 Verbo

2025 2960 2312 3032 ἐπι-φωνῶν
2364 2963 2622 3036 ἄντικρυς
2664 2964 2779 3025 τοῖς
2834 2960 3037 3014 τούτων
3089 2956 3461 3031 ἀκροωμένοις
3514 2955 3606 3015 τὸ,

353 3061 518 3111 etiam
574 3065 786 3123 contra,
843 3056 989 3128 quod
1032 3056 1390 3127 corruptibile
1439 3062 1559 3112 erat
1613 3056 1670 3111 in
1723 3057 1915 3114 melius

2028 3073 2051 3109 ι
2097 3055 2222 3111 Ἐὰν
2266 3056 2342 3128 μὴ
2376 3055 2725 3127 πιστεύσητε,
2762 3054 2881 3108 οὐδὲ
2909 3053 2983 3124 μὴ
3013 3053 3203 3123 συνῆτε
3228 3067 3243 3081 ⁸
3282 3070 3301 3102 ι
3336 3043 3380 3119 ᾧ
3412 3049 3610 3118 ἐπιφέ-

354 3159 745 3205 commutatum
804 3157 908 3214 est,
964 3156 1324 3220 sanctumque
1370 3155 1534 3217 atque
1592 3147 1915 3216 immortale,

2027 3163 2110 3219 ρει
2148 3146 2275 3217 ἑξῆς
2326 3146 2397 3200 τὰ
2442 3146 2628 3200 τοῦτον
2662 3145 2851 3216 ἔχοντα
2894 3145 2986 3198 τὸν
3025 3143 3221 3215 τρόπον
3244 3158 3259 3172 ·
3302 3159 3322 3193 ι
3365 3139 3491 3193 Ἐὰν
3524 3139 3607 3211 μὴ

353 3239 807 3310 quemadmodum
849 3241 1022 3311 ipsius
1056 3241 1310 3296 voluntas
1348 3238 1473 3303 fuit,
1505 3238 1756 3295 effectum
1790 3247 1915 3296 est:

2020 3236 2370 3309 πιστεύσητε,
2398 3237 2519 3292 οὐδὲ
2556 3236 2630 3308 μὴ
2664 3237 2878 3307 συνῆτε.
2905 3254 2923 3287 ι
2973 3253 2991 3286 ι
3024 3236 3133 3288 Kal
3156 3230 3453 3304 προσέθετο
3484 3230 3610 3283 Κύ-

352 3331 646 3401 quinetiam
679 3330 880 3388 divinis
921 3330 1006 3385 sui
1038 3328 1215 3385 Patris
1245 3331 1514 3394 consiliis,
1547 3340 1711 3399 atque
1740 3331 1915 3386 actio-

2019 3344 2135 3398 ριος
2175 3327 2403 3398 λαλῆσαι
2461 3328 2538 3398 τῷ
2573 3326 2768 3398 Ἀχαζ,
2835 3326 3008 3394 λέγων
3043 3341 3059 3356 ·
3103 3323 3336 3393 Αίτησαι
3387 3320 3608 3392 σεαυτῷ

353 3420 535 3483 nibus,
566 3419 681 3490 ipse
720 3419 938 3474 interim
982 3419 1330 3475 inserviebat.
1378 3418 1575 3477 Totum
1618 3419 1783 3490 igitur
1812 3420 1915 3476 hoc

2020 3422 2243 3492 σημεῖον
2273 3420 2424 3491 παρά
2454 3419 2660 3491 Κυρίου
2688 3419 2784 3473 τοῦ
2823 3416 2957 3471 Θεοῦ
3006 3433 3099 3469 σου
3138 3416 3217 3478 εἰς
3259 3413 3423 3484 βάθος
3452 3412 3486 3483 ἢ
3519 3416 3608 3478 εἰς

352 3511 633 3566 hominum
672 3509 1084 3567 amantissimus
1128 3508 1272 3564 Deus
1311 3508 1513 3580 Deique
1554 3507 1787 3564 Verbum
1818 3526 1918 3581 pro

349 3611 670 3657 cunctorum
705 3601 983 3658 hominum
1013 3600 1223 3656 medela
1254 3608 1307 3655 et
1336 3601 1530 3665 salute,
1576 3603 1801 3658 vocibus
1833 3602 1918 3657 in-

349 3696 507 3751 terim
562 3695 946 3767 prophetarum
1018 3701 1383 3749 consentanea
1451 3709 1645 3765 gerens
1696 3695 1914 3761 ell‘ecit,

346 3788 441 3859 qui
493 3788 712 3858 quidem
760 3786 1037 3858 prephetae
1084 3793 1240 3840 tanto
1300 3795 1423 3841 ante
1478 3801 1510 3840 a
1561 3787 1759 3856 priscis
1815 3803 1911 3843 us-

344 3895 452 3953 que
501 3879 865 3951 temporibus,
920 3878 1295 3933 admirabilem
1356 3878 1531 3948 ipsius
1577 3878 1645 3933 de
1692 3877 1914 3950 Virgine

342 3982 522 4029 ortum
589 3971 862 4028 testiﬁcati
920 3970 1155 4025 fuerant.
1232 3968 1405 4025 Porro
1469 3977 1648 4024 autem
1722 3971 1912 4027 admo-

341 4066 471 4121 dum
528 4066 838 4120 necessario
900 4063 1030 4118 huic
1076 4061 1280 4117 Christi
1331 4063 1475 4117 ortui
1531 4062 1599 4117 de
1649 4060 1906 4132 Virgine,

342 4159 604 4229 propheta
668 4157 949 4226 anteponit
1008 4154 1064 4210 id
1128 4153 1274 4225 quod
1343 4154 1537 4209 reddat
1604 4161 1906 4219 attentum,

337 4242 500 4319 315
528 4247 833 4302 inclamans
865 4244 934 4299 ad
960 4259 1055 4301 eos
1074 4245 1168 4315 qui
1191 4245 1307 4315 ip’sa
1333 4244 1449 4299 haec
1472 4244 1865 4307 audiant,illud
1889 4263 1902 4298 :

344 4359 363 4391 ι
402 4338 459 4392 Si
506 4354 619 4394 non
662 4337 1025 4402 credideritis,
1062 4352 1173 4392 non
1204 4337 1541 4409 intelligetis;
1570 4357 1589 4393 ι
1624 4340 1711 4393 cui
1743 4337 1901 4394 dein-

2018 3510 2169 3581 ὕψος.
2231 3512 2342 3565 Kal
2383 3508 2535 3564 εἶπεν
2586 3509 2761 3580 Ἀχαζ
2779 3527 2793 3541 °
2842 3509 2916 3561 Οὐ
2966 3507 3040 3579 μὴ
3082 3507 3312 3576 αἰτήσω,
3348 3500 3473 3558 οὐδὲ
3519 3504 3603 3574 μὴ

2016 3602 2261 3672 πειράσω
2315 3601 2538 3671 Κύριον.
2582 3601 2693 3655 Καὶ
2740 3594 2922 3651 εἶπεν·
2982 3596 3273 3650 ’Δκούσατε
3306 3594 3407 3665 δὴ,
3446 3587 3603 3657 οἶκος

2013 3691 2206 3745 Δαυῖδ’
2244 3690 2329 3763 Μὴ
2367 3690 2558 3762 μικρὸν
2592 3690 2720 3759 ὑμῖν
2747 3684 3055 3761 ἀνθρώποις
3090 3682 3353 3754 παρέχειν
3377 3679 3599 3749 ἀγῶνας

2012 3782 2107 3835 καὶ
2150 3779 2266 3845 πῶς
2295 3780 2485 3852 Κυρίῳ
2528 3778 2794 3851 παρέχετε
2833 3775 3055 3845 ἀγῶνας
3088 3772 3187 3827 Διά
3229 3772 3389 3825 τοῦτο
3429 3769 3600 3824 δώσει

2010 3870 2213 3942 Κύριος
2242 3869 2404 3933 αὐτὸς
2430 3870 2557 3940 ὑμῖν
2584 3870 2838 3939 σημεῖον*
2887 3864 2994 3918 ἰδοὺ
3026 3867 3059 3935 ἡ
3092 3860 3369 3933 Παρθένος
3402 3862 3462 3914 ἐν
3485 3876 3597 3928 γαν

2012 3963 2135 4036 στρὶ
2185 3961 2440 4035 λήψεται,
2485 3962 2579 4015 καὶ
2623 3960 2834 4026 τέξεται
2880 3958 3025 4020 υἱὸν,
3076 3956 3170 4010 καὶ
3222 3953 3476 4015 καλέσεις
3526 3951 3596 4005 τὸ

2008 4055 2176 4127 ὃνομα
2201 4054 2362 4109 αὐτοῦ
2403 4051 2767 4124 Ἐμμανουήλ.
2805 4049 3073 4121 Βούτυρον
3102 4046 3196 4101 καὶ
3246 4044 3370 4116 μέλι
3413 4044 3595 4112 φάγε-

2005 4162 2118 4211 ται,
2151 4145 2279 4218 itpr
2311 4144 2344 4217 ἢ
2383 4143 2586 4213 γνῶναι
2627 4141 2787 4196 αὐτὸν
2812 4141 2846 4211 ἢ
2882 4136 3201 4211 προελέσθαι
3232 4131 3466 4204 πονηρὰ,
3498 4133 3572 4185 ἐκ

2006 4237 2216 4304 λέξεται
2243 4237 2304 4290 τὸ
2343 4235 2574 4305 ἀγαθόν’
2618 4233 2752 4287 διότι
2795 4231 2987 4303 πρίνῆ
3029 4226 3232 4298 γνῶναι
3265 4225 3329 4278 τὸ
3366 4223 3591 4277 παιδίον

2004 4325 2206 4394 ἀγαθὸν
2250 4325 2284 4396 ἢ
2329 4324 2520 4391 κακὸν,
2568 4322 2785 4377 ἀπειθεῖ
2827 4318 3082 4392 πονηρία,
3127 4316 3221 4370 τοῦ
3256 4312 3594 4377 ἐκλέξασθαι

335 4445 465 4501 ceps
496 4430 743 4500 adjungit
788 4445 853 4484 ea
890 4444 1011 4500 quae
1048 4429 1102 4483 in
1133 4429 1278 4484 hunc
1310 4403 1532 4484 modum
1556 4446 1615 4485 se
1648 4429 1848 4484 habent
1882 4449 1895 4484 :

2016 4418 2064 4472 τὸ
2094 4417 2316 4487 ἀγαθόν.
2356 4417 2467 4473 Kal
2498 4413 2985 4485 καταλειφθήσεται
3027 4413 3061 4481 ἡ
3093 4411 3187 4481 γῆ,
3223 4408 3292 4480 ῆν
3322 4408 3388 4461 σὺ
3416 4403 3591 4476 φοϐῇ,

339 4541 360 4575 ι
400 4521 458 4576 Si
483 4538 591 4577 non
617 4520 978 4587 credideritis,
1006 4537 1115 4577 non
1139 4521 1473 4593 intelligetis.
1506 4540 1525 4574 ι
1549 4551 1617 4561 -
1654 4540 1672 4573 ι
1712 4522 1775 4576 Et
1802 4523 1898 4577 ad-

328 4614 462 4684 jecit
503 4612 766 4670 Dominus
812 4613 960 4684 loqui
1015 4613 1081 4668 ad
1122 4614 1307 4669 Acha:
1354 4613 1588 4669 dicens:
1629 4612 1756 4669 Pete
1798 4613 1896 4669 tibi

333 4706 551 4774 signum
597 4718 628 4756 a
677 4702 906 4759 Domino
956 4701 1071 4759 Deo
1115 4710 1208 4758 tuo
1241 4704 1298 4758 in
1326 4702 1657 4774 profundum
1705 4712 1797 4759 aut
1838 4706 1897 4761 in

329 4798 627 4851 excelsum.
656 4793 724 4850 Et
752 4795 891 4851 dixit
925 4796 1110 4853 Acbaz
1142 4815 1155 4850 :
1186 4795 1305 4850 Non
1341 4806 1539 4866 petam,
1569 4811 1746 4867 neque
1780 4805 1898 4851 ten-

330 4888 457 4943 tabo
488 4887 793 4943 Dominum.
814 4886 882 4941 Et
904 4888 1042 4943 dixit
1064 4906 1078 4943 :
1102 4888 1301 4943 Audite
1321 4888 1455 4958 jam,
1475 4888 1670 4944 domus
1690 4886 1891 4942 David:

327 4977 471 5033 Num
507 4992 699 5048 parum
749 4979 907 5035 vobis
955 4987 1061 5043 est,
1093 4977 1407 5033 hominibus
1442 4977 1697 5032 exhibere
1719 4986 1894 5031 certa-

327 5069 567 5125 meniet
597 5085 698 5125 cur
729 5069 960 5125 Domino
1000 5070 1271 5126 exhibetis
1316 5066 1627 5124 certamen?
1675 5076 1895 5137 propter

326 5160 430 5215 hoc
451 5160 604 5215 dabit
634 5160 896 5215 Dominus
938 5160 1055 5230 ipse
1101 5158 1257 5214 vobis
1304 5157 1548 5229 signum:
1572 5170 1699 5210 ecce
1727 5153 1893 5225 Virgo

324 5253 380 5307 in
407 5262 563 5308 utero
608 5254 806 5323 capiet,
835 5259 888 5308 et
920 5251 1095 5322 pariet
1140 5251 1335 5315 lilium,
1363 5257 1416 5306 et
1450 5248 1670 5304 vocabis
1694 5262 1892 5302 nomen

323 5344 442 5413 ejus
475 5344 815 5400 Emmanuel.
864 5342 1127 5414 Butyrum
1174 5350 1228 5398 et
1267 5342 1372 5397 mel
1410 5332 1689 5403 comedet,
1714 5343 1890 5409 prius-

320 5452 482 5506 quam
528 5445 820 5507 cognoscat
867 5434 999 5502 ipse,
1034 5442 1128 5491 aut
1174 5433 1339 5503 eligat
1385 5432 1549 5497 mala,
1582 5437 1641 5483 ut
1699 5429 1891 5498 seligat

323 5531 525 5583 bonum
556 5547 570 5583 :
603 5529 731 5599 quia
766 5528 918 5598 prius
961 5542 1124 5596 quam
1157 5530 1448 5596 cognoscat
1501 5537 1634 5592 puer
1684 5522 1886 5577 bonum

323 5627 417 5673 aut
450 5619 673 5683 malum,
706 5634 814 5672 non
867 5626 953 5672 est
1006 5604 1267 5671 obediens
1310 5614 1549 5676 malitiae,
1591 5620 1650 5666 ut
1696 5611 1887 5681 seligat

325 5715 546 5766 bonum.
576 5708 642 5762 Et
670 5708 1159 5778 comprehendetur
1187 5715 1354 5773 terra,
1389 5720 1548 5775 quam
1578 5715 1635 5757 tu
1667 5703 1823 5758 times
1854 5717 1884 5755 a

1998 4512 2107 4566 ἀπὸ
2139 4511 2426 4583 προσώπου
2451 4509 2558 4564 τῶν
2582 4508 2674 4562 δύο
2714 4507 2993 4579 βασιλέων.
3034 4524 3053 4556 ι
3089 4503 3199 4556 Kal
3242 4501 3312 4555 τὰ
3350 4501 3452 4572 μὲν
3480 4501 3591 4571 τῆς

1998 4602 2332 4674 προφητείας
2359 4596 2462 4655 ὦδὲ
2487 4618 2563 4672 πη
2592 4595 2736 4671 εἶχεν
2754 4617 2767 4630 ·
2802 4598 3091 4667 ἐπιστῆσαι
3114 4595 3171 4649 δὲ
3194 4594 3347 4661 ἀξιον
3372 4593 3451 4664 τῷ
3474 4592 3582 4645 τοῦ

1996 4694 2156 4764 λόγου
2211 4693 2480 4765 προοιμίῳ
2532 4689 2925 4762 μαρτυρομένῳ
2968 4690 3080 4752 τοῖς
3122 4685 3576 4757 ἐντυγχάνουσιν,

1995 4787 2098 4849 ὅτι,
2126 4785 2221 4840 ἐὰν
2248 4786 2322 4856 μὴ
2352 4783 2736 4846 πιστεύσωσιν,
2762 4781 2883 4834 οὐδὲ
2912 4780 2985 4852 μὴ
3018 4777 3238 4832 συνῶσι.
3267 4776 3381 4832 Καὶ
3409 4779 3581 4845 ἀναγ-

1996 4877 2165 4940 καίως
2203 4875 2339 4948 χρῆν
2378 4871 2840 4945 ἐπισημήνασθαι,
2872 4868 3206 4933 δεικνύντας,
3239 4868 3324 4921 ὅτι
3360 4865 3438 4938 μὴ
3480 4865 3581 4936 p.6-

1996 4985 2084 5022 νον
2117 4967 2405 5033 συνέσεως,
2434 4964 2571 5019 ἀλλά
2597 4965 2692 5017 καὶ
2731 4962 2965 5025 πίστεως
3001 4960 3081 5013 δεῖ
3105 4962 3219 5023 τοῖς
3251 4957 3583 5028 ἐντευξομέ-

1994 5076 2125 5124 νοις,
2173 5058 2268 5111 καί¹
2313 5057 2374 5110 οὐ
2432 5054 2590 5128 μόνον
2640 5053 2896 5117 πίστεως,
2955 5049 3091 5105 ἀλλά
3134 5049 3233 5103 καὶ
3279 5050 3580 5110 συνέσεως.

1997 5149 2158 5203 Ὅθεν
2182 5150 2229 5202 οἱ
2263 5150 2328 5201 ἐκ
2357 5144 2658 5217 περιτομῆς
2687 5143 2761 5214 μὴ
2797 5141 3183 5203 πιστεύσαντες
3212 5141 3295 5203 ei;
3323 5140 3417 5193 τὸν
3438 5141 3576 5210 Χρι-

1996 5241 2119 5294 στὸν
2163 5239 2257 5292 τοῦ
2299 5238 2457 5303 Θεοῦ,
2502 5237 2667 5290 εἰσέτι
2707 5236 2800 5288 καὶ
2832 5233 2927 5289 νῦν
2952 5231 3156 5286 τούτων
3198 5230 3571 5302 ἀκροώμενοι,

1991 5330 2143 5385 οῦπω
2187 5331 2282 5384 καὶ
2323 5330 2404 5392 είς
2449 5327 2607 5398 δεῦρο
2653 5326 2894 5396 συνῆκαν
2934 5324 3027 5376 τὸν
3069 5323 3573 5394 προφητευόμενον,

1990 5422 2131 5475 ὥστε
2173 5422 2258 5474 ἐπ’
2298 5421 2477 5483 αὐτοῖς
2517 5416 2754 5490 πρώτοις
2784 5413 3153 5487 ἐπαληθεῦσαι
3194 5412 3295 5483 τὴν
3327 5413 3576 5484 πρόρρη-

1992 5530 2108 5566 σιν·
2145 5514 2279 5584 ἀκοῇ
2312 5512 2422 5582 γὰρ
2467 5509 2575 5565 τῶν
2621 5509 2750 5581 περὶ
2797 5504 2889 5561 τοῦ
2932 5504 3171 5577 Χριστοῦ
3219 5502 3574 5575 προφητειῶν

1987 5605 2077 5660 διὰ
2110 5606 2286 5676 πάσης
2315 5604 2525 5675 ἡμέρας
2553 5600 2862 5665 ἀκούοντες,
2889 5599 2992 5653 ὠσὶ
3013 5597 3255 5662 διανοίας
3281 5598 3386 5651 οὐκ
3406 5594 3576 5650 ἀκού-

1987 5715 2155 5754 ουσιν.
2188 5698 2301 5769 Τῆς
2329 5714 2389 5751 τε
2425 5697 2646 5766 ἀγνοίας
2680 5694 2857 5750 αὐτῶν
2889 5693 3062 5750 αίτιον
3096 5692 3249 5747 οὐδὲν
3295 5692 3485 5763 ἕτερον
3530 5692 3566 5760 ἢ
