3828 6220
213 324 316 380 497

1071 305 1729 369 DEMONSTRATIONIS
1765 306 2228 367 nuncnum
2268 310 2398 367 me.
2441 295 2580 371 vu.’

3370 319 3480 380 I98

207 434 445 491 ἀπιστία
472 433 751 504 τυγχάνει,
786 429 880 485 καὶ
910 428 1069 482 τοῦτο
1105 429 1204 499 τῆς
1246 426 1602 499 προρρήσεως
1629 421 1799 492 άψευ-
1827 472 1828 477 η

1913 421 2040 479 facie
2068 425 2300 481 duorum
2322 443 2515 499 regum
2531 428 2594 483 ".
2627 448 2645 481 ι
2672 427 2737 484 Et
2761 445 2883 502 qum
2912 431 3132 502 quidem
3155 434 3223 490 ad
3245 436 3481 508 prophe-

207 530 316 592 δῶς
366 529 492 600 περὶ
538 525 716 580 αὐτῶν
774 525 866 578 καὶ
910 517 1047 594 πρὸς
1103 521 1298 584 αὐτοὺς
1349 514 1798 588 ἀποφηναμένης.

216 644 235 673 ι
269 623 397 676 Ἐὰν
422 621 550 692 γὰρ,
574 640 592 670 ι
625 619 779 689 φησι,
806 636 823 667 ι
838 616 914 688 μὴ
931 613 1279 685 πιστεύσητε,
1300 610 1419 666 οὐδὲ
1444 608 1520 682 μὴ
1544 607 1757 678 συνῆτε.
1775 627 1794 659 ι

222 716 366 769 Ἀλλ’
412 718 462 769 εί
493 716 652 783 φαῖεν
702 713 776 784 μὴ
826 708 1126 780 Παρθένον,
1160 706 1341 759 νεᾶνιν
1379 703 1439 758 δὲ
1480 699 1799 773 ὠνομάσθαι

211 810 272 861 ὲν
300 810 368 880 τῇ
398 809 584 879 Γραφῇ
616 805 779 878 (οὕτω
826 802 936 875 γάρ
956 818 1088 871 φασι
1117 798 1377 871 φέρεσθαι
1410 799 1540 869 παρ’
1562 795 1797 859 αὐτοῖς),

214 901 314 953 καὶ
360 902 512 952 ποῖον
543 898 611 952 ἂν
653 897 880 966 γένοιτο,
912 895 1177 965 φήσομεν,
1212 893 1435 963 σημεῖον
1468 887 1800 959 ἐπαγγελίας

212 992 354 1047 Θεοῦ
386 992 556 1059 ἄξιον,
600 992 650 1044 εἰ
697 988 941 1059 συνήθως
983 985 1207 1048 τίκτειν,
1237 979 1328 1040 οἷα
1359 984 1455 1039 καὶ
1499 985 1670 1037 πᾶσαι
1697 999 1797 1051 γυ-

213 1090 425 1150 ναῖκες,
460 1085 519 1151 ἐξ
556 1081 774 1154 ὁμιλίας
810 1079 1002 1152 ἀνδρὸς
1027 1080 1084 1131 ὲν
1112 1077 1312 1148 γαστρὶ
1353 1074 1591 1130 λαϐοῦσα
1622 1075 1800 1138 νεᾶνίς

214 1194 302 1243 τις
332 1177 555 1249 ἐμελλε;
583 1172 709 1237 Πῶς
735 1172 793 1225 δὲ
817 1171 911 1226 καὶ
938 1168 1070 1233 Θεός
1100 1164 1168 1241 ἦν
1194 1171 1222 1222 ό
1249 1167 1308 1236 ἐξ
1334 1168 1505 1239 αὐτῆς
1528 1164 1801 1238 γεννώμε-

219 1292 340 1339 νος;
371 1272 466 1327 καὶ
503 1271 601 1341 οὐχ
631 1267 821 1332 άπλῶς
847 1266 1002 1331 Θεός,
1034 1265 1149 1320 ἀλλ’
1180 1268 1213 1319 ό
1241 1262 1371 1333 μεθ’
1401 1259 1605 1332 mulir;
1641 1259 1801 1313 τοῦτο

217 1369 329 1440 γάρ
368 1364 652 1437 σημαίνειν
692 1360 938 1432 βούλεται
974 1358 1037 1412 τὸ
1074 1353 1440 1427 Ἐμμανουήλ,
1489 1353 1625 1423 ὅπερ
1668 1351 1800 1422 φησι

214 1461 328 1514 δεῖν
356 1456 641 1527 ὀνομάζειν
679 1453 771 1507 τὸν
811 1450 1167 1523 γεννώμενον.
1208 1469 1228 1501 ι
1270 1448 1400 1501 Ἰδοὺ
1445 1445 1556 1517 γὰρ
1588 1446 1621 1516 ἡ
1654 1445 1801 1514 Παρ-

217 1550 396 1613 θένος,
442 1547 627 1617 φησὶν,
669 1545 728 1597 ὲν
762 1543 960 1615 γαστρὶ
997 1539 1246 1612 λήψεται,
1282 1537 1377 1591 καὶ
1416 1535 1629 1602 τέξεται
1662 1534 1797 1598 υἱὸν,

218 1642 317 1696 καὶ
359 1639 614 1700 καλέσεις
647 1636 711 1688 τὸ
754 1634 923 1702 ὃνομα
950 1631 1114 1685 αὐτοῦ
1153 1627 1530 1701 Ἐμμανουήλ·
1572 1646 1590 1678 ›
1620 1626 1647 1678 ὅ
1686 1627 1800 1678 ἐστι

220 1730 785 1806 μεθερμηνευόμενον,
832 1725 959 1796 μεθ’
990 1722 1160 1794 ἡμῶν
1190 1724 1222 1775 ὀ
1250 1721 1414 1786 Θεός.
1445 1719 1604 1782 Ποῖος
1625 1717 1681 1771 δὲ
1707 1718 1802 1770 καὶ

218 1790 377 1893 avdit;
400 1790 549 1893 Θεῷ,
676 1790 848 1881 ποῖος⁷
870 1814 937 1870 ἂν
1101 1813 1287 1877 κόπος,
1332 1811 1427 1864 καὶ
1475 1808 1673 1880 μόχθος
1713 1808 1805 1860 ἐπὶ
1834 1790 1877 1845 Β

220 1914 447 1985 συνήθει
468 1911 654 1983 τρόπῳ
682 1906 939 1977 γυναικὸς
970 1903 1288 1973 τικτούσης;
1325 1901 1412 1955 Ἐν
1442 1899 1539 1970 μὲν
1563 1897 1672 1971 γὰρ
1694 1899 1805 1960 τοῖς

219 2006 515 2080 ἡμετέροις
568 2000 948 2072 ἀντιγράφοις,
998 1996 1087 2065 ὑφ’
1146 1994 1543 2065 Ἑϐδομήκοντα
1598 1987 1807 2061 ἀνδρῶν

218 2099 433 2156 ἄνωθεν
470 2096 569 2169 μὲν
605 2093 869 2165 Ἑϐραίων
901 2090 961 2143 τὸ
992 2089 1170 2158 γένος,
1212 2087 1297 2139 ἐπ’
1327 2082 1584 2156 ἀκριϐείᾳ
1609 2081 1667 2135 δὲ
1708 2081 1807 2150 τῆς

222 2192 462 2264 πατρίου
528 2187 777 2249 παιδείας
838 2179 1310 2253 δεδοκιμασμένων
1351 2174 1804 2249 ήρμηνευμένοις,

219 2279 326 2340 ὧδέ
362 2300 480 2346 πως
513 2281 774 2352 φέρεται·
821 2296 840 2329 ι
882 2276 973 2346 Μὴ
1022 2272 1215 2348 μικρὸν
1248 2273 1376 2343 ὑμῖν
1412 2269 1600 2339 ἀγῶνα
1668 2283 1809 2339 παρ-

222 2377 374 2447 έχειν
417 2372 723 2444 ἀνθρώποις
748 2387 763 2435 ;
798 2367 895 2422 καὶ
919 2366 1037 2429 πῶς
1068 2364 1258 2436 Κυρίῳ
1288 2362 1555 2433 παρέχετε
1587 2359 1805 2428 ἀγῶνα;

218 2469 317 2523 διὰ
340 2467 500 2521 τοῦτο
529 2464 691 2518 δώσει
724 2461 929 2532 Κύριος
960 2457 1123 2520 αὐτὸς
1153 2457 1281 2527 ὑμῖν
1322 2455 1565 2525 σημεῖον*
1608 2452 1739 2505 Ἰδοὺ
1775 2453 1807 2522 ή

222 2545 597 2633 Παρθένοςλὲν
644 2556 842 2628 γαστρὶ
880 2551 1130 2624 λήψεται,
1174 2549 1269 2602 καὶ
1318 2547 1530 2612 τέξεται
1583 2545 1718 2609 υἱὸν,
1750 2543 1808 2607 ὃς

222 2656 558 2726 κεκλήσεται
603 2655 636 2706 ὁ
683 2651 814 2720 μεθ’
854 2644 1023 2716 ἡμῶν
1070 2643 1232 2709 Θεός.
1271 2661 1289 2693 ι
1344 2640 1515 2693 Τοῦτο
1555 2637 1684 2710 γὰρ,
1735 2637 1811 2699 ὡς

222 2750 390 2819 ἔφην,
433 2744 623 2818 δηλοῦν
654 2741 903 2813 βούλεται
933 2741 994 2794 τὸ
1034 2732 1378 2810 Ἐμμανουήλ
1407 2732 1597 2803 ὄνομα.
1634 2731 1722 2783 Ἐν
1754 2727 1809 2781 δὲ

220 2844 343 2904 τοῖς
378 2836 552 2894 αὐτῶν
592 2834 858 2889 Ἰουδαίων
900 2830 1272 2904 ἀντιγράφοις,
1324 2824 1466 2880 κατὰ
1511 2823 1609 2894 τὴν
1652 2820 1811 2874 ’Δκύ-

221 2934 324 2988 λου
360 2929 660 3003 μεταϐολὴν
699 2925 1017 2998 φερομένοις
1068 2921 1426 2995 (προσήλυτος
1487 2916 1544 2970 δὲ
1585 2916 1614 2968 ό
1655 2912 1812 2967 Ἀκύ-

222 3026 327 3088 λας
353 3021 444 3095 ἦν,
476 3022 538 3075 ού
564 3020 724 3090 φύσει
762 3014 1054 3087 Ἰουδαῖος),
1080 3014 1227 3084 ὅμως
1255 3010 1300 3064 δ’
1326 3004 1418 3064 οὖν
1450 3008 1546 3062 καὶ
1575 3006 1692 3059 κατ’
1722 3004 1814 3058 αι’)-

223 3119 323 3172 τὸν
376 3114 564 3169 τοῦτον
618 3112 831 3184 εἴρηται
876 3108 966 3161 τὸν
1009 3106 1209 3178 τρόπον
1242 3121 1255 3134 ο
1312 3121 1331 3154 ι
1380 3099 1673 3154 Ἀκούσατε
1719 3097 1806 3169 δὴ,
1833 3125 1882 3188 c

222 3208 380 3272 οἶκος
406 3206 567 3260 Δαυῖδ
587 3223 599 3235 ·
638 3209 767 3275 μήτι
794 3201 972 3269 ὀλίγον
1006 3197 1115 3252 ἀπὸ
1143 3193 1295 3266 ὑμῶν
1329 3191 1558 3265 μοχθοῦν
1586 3191 1807 3263 ἄνδρας,

222 3306 315 3358 ὃτι
345 3296 608 3371 μοχθοῦτέ
638 3313 703 3364 γε
735 3294 831 3347 καὶ
856 3292 946 3345 τὸν
976 3288 1182 3361 Κύριον
1214 3286 1346 3340 Θεόν
1374 3300 1507 3356 μου;
1532 3281 1630 3336 Διά
1656 3281 1812 3336 τοῦτο

226 3393 394 3449 δώσει
430 3390 592 3452 αὐτὸς
628 3389 757 3459 ὑμῖν
784 3385 1038 3456 σημεῖον·
1081 3380 1211 3434 Ἰδοὺ
1242 3380 1276 3449 ἡ
1320 3377 1499 3440 νεᾶνις
1532 3378 1589 3428 ἐν
1614 3373 1812 3446 γαστρὶ

228 3474 623 3556 συλλαμϐάνει,
648 3480 742 3533 καὶ
767 3479 941 3532 τίκτει
971 3474 1106 3540 υἱὸν,
1134 3473 1229 3526 καὶ
1253 3470 1501 3532 καλέσεις
1523 3467 1694 3537 ὄνομα
1716 3466 1814 3519 αὐ-

224 3580 330 3633 τοῦ
378 3573 750 3649 Ἐμμανουήλ.
790 3592 809 3625 ι
850 3570 1009 3642 Παρὰ
1040 3568 1097 3621 δὲ
1131 3565 1212 3636 τῷ
1235 3562 1515 3635 Συμμάχῳ
1543 3559 1697 3649 ταῦθ’
1728 3556 1813 3611 οῦ-

225 3690 343 3735 τως
373 3647 517 3740 ἔχει)
548 3666 785 3739 (λέγεται
814 3664 872 3717 δὲ
900 3666 928 3716 ὁ
961 3662 1254 3732 Σύμμαχος
1299 3655 1610 3716 Ἐϐιωναῖος
1639 3647 1778 3705 εἶναι
1796 3667 1810 3681 ·

228 3764 449 3835 αἵρεσις
487 3760 545 3813 δὲ
574 3755 641 3830 ἦν
668 3756 810 3811 οῦτω
838 3750 1187 3823 καλουμένων
1225 3746 1385 3800 τινῶν
1430 3742 1696 3797 Ἰουδαίων
1734 3741 1815 3804 εἰς

229 3829 473 3928 Χριστὸν
486 3829 760 3907 πιστεύειν
786 3844 1114 3917 λεγομένων,
1132 3840 1192 3906 ἐξ
1222 3832 1297 3892 ὧν
1318 3840 1347 3892 ὁ
1378 3837 1673 3908 Σύμμαχος
1698 3829 1813 3905 ἦν,)

232 3949 368 4019 παρ’
391 3941 437 4016 ᾧ
477 3945 572 4000 καὶ
614 3941 762 4012 αὐτῷ
804 3939 978 3993 ταῦτα
1024 3935 1197 3998 οὕτως
1236 3933 1379 4004 ἔχει’
1434 3948 1454 3981 ι
1496 3927 1813 3991 Ἀκούσατε,

230 4017 387 4104 οἶκος
417 4037 581 4091 Δαυῖδ
602 4053 616 4066 ·
653 4035 745 4106 Μὴ
784 4034 884 4087 οὐκ
908 4029 1181 4100 αὔταρκες
1213 4026 1340 4097 ὑμῖν
1383 4020 1584 4077 κοποῦν
1612 4017 1818 4090 ἀνθρώ-

233 4150 397 4196 πους,
431 4133 511 4186 (ﬁt
549 4127 783 4183 κοποῦτε
825 4126 916 4181 τὸν
951 4124 1086 4178 Θεόν
1133 4136 1272 4194 μου;
1315 4118 1413 4172 Διὰ
1455 4114 1613 4169 τοῦτο
1657 4111 1817 4165 δώσει

232 4225 403 4287 αὐτὸς
430 4225 558 4294 ὑμῖν
586 4223 808 4291 σημεῖον
833 4235 845 4249 ’
885 4217 1014 4271 Ἰδοὺ
1036 4218 1071 4287 ἡ
1103 4215 1284 4276 νεᾶνις
1314 4206 1699 4279 συλλαμϐάνει,
1724 4202 1818 4256 καὶ

233 4316 414 4371 τίκτει
441 4313 577 4381 υἱὸν,
601 4312 697 4367 καὶ
724 4311 973 4372 καλέσεις
1005 4307 1175 4378 ὄνομα
1202 4302 1367 4358 αὐτοῦ
1415 4296 1778 4372 Ἐμμανουήλ.
1795 4314 1814 4345 ι

1909 514 2038 570 tiam
2073 519 2367 587 pertinent,
2400 521 2457 575 in
2488 521 2634 577 hunc
2659 524 2879 578 modum
2910 540 2971 579 se
2997 524 3220 585 habent.
3244 522 3478 599 Diligen-

1907 608 2018 664 tius
2041 626 2167 665 vero
2198 612 2480 669 attendere
2511 629 2608 685 par
2631 622 2716 671 est
2737 616 2910 687 ipsius
2933 618 3144 673 oraculi
3169 620 3478 684 exordium,

1907 701 2055 772 quod
2084 703 2324 774 legentes
2354 705 2631 773 admonet,
2662 708 2710 764 si
2756 724 2868 764 non
2913 709 3266 777 crediderint,
3295 728 3366 766 ne
3395 712 3481 767 in-

1908 793 2221 851 tcllecturos
2269 796 2488 866 quidem
2521 814 2681 868 esse;
2714 807 2766 856 et
2789 815 2923 857 sane
2963 802 3224 858 adnotare
3255 818 3481 859 necesse

1908 883 2030 950 fuit,
2063 893 2226 956 atque
2270 890 2578 956 ostendere,
2624 892 2771 963 quod
2804 908 2913 949 non
2962 894 3138 949 solum
3179 894 3477 961 intellectu,

1907 978 2003 1034 sed
2028 979 2192 1035 etiam
2224 981 2328 1038 lide
2361 983 2428 1039 iis
2447 984 2540 1055 qui
2572 985 2768 1041 lecturi
2792 993 2939 1054 sunt,
2963 1002 3103 1058 opus
3129 987 3222 1051 sit,
3242 993 3296 1042 et
3316 987 3482 1043 vicis-

1907 1071 2033 1139 sim,
2085 1088 2193 1128 non
2246 1075 2421 1129 solum
2455 1075 2558 1131 ﬁde
2590 1076 2686 1133 sed
2716 1078 2881 1133 etiam
2930 1079 3228 1135 intellectu.
3263 1079 3338 1133 Ex
3368 1095 3480 1150 quo

1905 1160 2080 1219 ,ιυόωί
2124 1165 2218 1235 qui
2258 1166 2314 1221 in
2357 1166 2636 1223 Christum
2662 1168 2756 1224 Dei
2780 1185 2887 1225 non
2931 1170 3280 1226 crediderunt
3313 1170 3475 1226 etiam

1907 1271 2056 1312 nunc
2108 1257 2222 1312 haec
2261 1258 2571 1326 audientes,
2612 1262 2856 1317 nondum
2907 1271 3086 1319 tamen
3132 1264 3257 1333 quis
3301 1263 3479 1331 sit,de

1907 1362 2016 1418 quo
2046 1348 2310 1419 propheta
2338 1350 2578 1421 loquitur
2610 1353 3091 1422 intellexerunt,ut
3118 1356 3173 1411 in
3201 1356 3338 1426 ipsis
3367 1357 3480 1426 pri-

1908 1440 2013 1495 mis
2048 1443 2328 1498 veritatem
2363 1458 2517 1498 suam
2551 1446 2859 1514 probaverit
2881 1446 3198 1502 vaticinium
3236 1466 3251 1500 :
3288 1447 3477 1503 auditu

1908 1534 2054 1587 enim
2098 1541 2213 1589 tota
2254 1535 2341 1590 die
2382 1536 2694 1606 prophetias
2716 1537 2783 1593 de
2805 1537 3023 1595 Christo
3052 1539 3358 1605 audientes,
3377 1554 3480 1594 au-

1908 1626 2063 1682 ribus
2111 1626 2482 1697 intelligentia
2531 1644 2640 1683 non
2701 1630 2948 1685 audiunt.
2999 1631 3177 1702 Atque
3232 1633 3479 1702 ipsorum

1910 1717 2231 1785 ignorantiae
2273 1719 2379 1772 alia
2406 1719 2556 1773 nulla
2581 1727 2666 1775 est
2695 1734 2862 1775 causa
2895 1733 3059 1790 quam
3104 1712 3478 1790 incredulitas,

1906 1822 2029 1862 cum
2061 1808 2235 1881 ipsum
2264 1809 2367 1864 hoc
2390 1810 2598 1881 absque
2645 1812 2930 1868 mendacio
2959 1819 3014 1867 et
3044 1811 3112 1867 de
3139 1812 3295 1883 ipsis,
3327 1820 3382 1868 et
3411 1813 3481 1869 ad

1904 1899 2056 1970 ipsos
2075 1900 2418 1966 vaticinium,
2445 1902 2604 1972 plane
2625 1903 3028 1960 enuntiaverit:
3057 1923 3076 1956 ι
3108 1903 3164 1959 Si
3193 1904 3339 1960 enim
3368 1920 3480 1960 non

1904 1990 2271 2056 credideritis,
2310 1992 2505 2062 inquit,
2540 2009 2609 2048 ne
2642 1993 2954 2062 intelligetis
2994 1994 3237 2065 quidem.
3267 2014 3286 2048 ι
3321 1994 3482 2061 Quod

1907 2082 1956 2138 si
1990 2082 2229 2139 dixerint
2267 2101 2379 2140 non
2429 2084 2729 2155 Virginem,
2762 2086 2859 2142 sed
2886 2086 3138 2156 puellam.
3164 2087 3306 2157 apud
3332 2086 3481 2141 Scri-

1906 2181 2123 2245 pturam
2168 2178 2502 2231 nominatam
2529 2193 2652 2234 esse
2681 2178 2784 2249 (sic
2806 2180 2950 2234 enim
2977 2180 3130 2235 aiunt
3161 2181 3306 2252 apud
3329 2181 3479 2250 ipsos

1904 2266 2142 2340 haberi),
2192 2269 2501 2340 cujusmodi
2553 2269 2773 2325 tandem
2820 2272 3036 2342 signum
3089 2272 3193 2327 hoc
3232 2271 3477 2328 futurum

1907 2359 2174 2428 dicemus,
2206 2362 2349 2431 quod
2401 2361 2586 2416 divina
2631 2362 2995 2432 promissione
3046 2363 3119 2420 sit
3155 2363 3401 2435 dignum,
3430 2365 3478 2421 si

1908 2453 2129 2519 usitate,
2153 2454 2612 2524 quemadmodum
2632 2465 2841 2513 caeteras
2859 2472 3050 2514 omnes
3080 2458 3358 2523 mulieres,
3381 2457 3475 2513 ubi

1907 2561 1974 2600 ex
2033 2545 2137 2600 viri
2192 2546 2581 2616 conjunctione
2629 2564 2917 2619 prtegnans
2973 2551 3202 2605 evaserit
3228 2587 3244 2614 ,
3298 2549 3477 2619 puella

1907 2636 2177 2707 quapiam
2229 2636 2334 2692 fuit
2385 2638 2669 2708 paritura?
2717 2638 3002 2704 Quomodo
3044 2647 3305 2709 praeterea
3335 2637 3480 2693 Deus

1907 2728 2014 2783 erit
2042 2729 2135 2799 qui
2167 2745 2235 2784 ex
2265 2729 2358 2783 illa
2417 2741 2696 2795 nascatur,
2728 2746 2904 2801 neque
2956 2730 3278 2800 simpliciter
3308 2729 3474 2792 Deus,

1908 2821 2004 2876 sed
2050 2821 2321 2876 nobiscum
2362 2820 2543 2878 Deus?
2567 2822 2673 2878 hoc
2723 2824 2870 2879 enim
2919 2823 3189 2893 signiﬁcat
3217 2837 3321 2878 vox
3351 2820 3481 2875 Em-

1910 2914 2149 2978 manuel,
2179 2929 2289 2986 quo
2323 2914 2545 2970 nomine
2577 2917 2652 2970 ait
2680 2931 2802 2972 esse
2840 2915 3146 2970 vocandum
3190 2914 3341 2968 illum
3385 2913 3480 2983 qui

1910 3014 2218 3062 nascetur:
2256 3025 2277 3059 ι
2326 3006 2468 3064 Ecce
2506 3008 2673 3073 enim,
2738 3007 2938 3079 inquit,
2988 3005 3154 3076 Virgo
3209 3006 3266 3060 in
3323 3014 3487 3061 utero

1909 3099 2110 3169 capiet,
2133 3099 2296 3171 316
2314 3105 2370 3155 et
2399 3098 2575 3170 pariet
2599 3099 2791 3164 tilium,
2815 3108 2869 3155 et
2900 3098 3116 3154 vocabis
3141 3112 3340 3153 nomen
3361 3097 3482 3167 ejus

1915 3191 2254 3259 Emmanuel,
2283 3211 2303 3245 ι
2334 3192 2481 3263 quod
2512 3199 2620 3259 est,
2646 3193 2694 3249 si
2713 3191 2839 3262 quis
2866 3190 3274 3258 interpretetur,
3303 3188 3485 3245 nobis~

1912 3303 2030 3341 cum
2060 3286 2223 3342 Deus.
2263 3284 2589 3357 Cujusmodi
2637 3291 2819 3341 autem
2872 3291 3149 3339 certamen
3202 3280 3337 3345 Deo,
3391 3288 3484 3335 aut

1916 3379 2042 3450 quis
2071 3378 2287 3432 tandem
2323 3377 2498 3442 labor,
2536 3391 2722 3446 quaeve
2751 3374 3043 3431 difﬁcultas
3078 3372 3315 3444 objecta,
3341 3372 3389 3428 si
3416 3370 3485 3426 de

1915 3486 2066 3525 more
2099 3471 2346 3540 paritura
2395 3468 2498 3524 fuit
2541 3467 2773 3523 mulier?
2798 3468 2859 3522 In
2890 3467 3095 3523 nostris
3116 3465 3260 3522 enim
3297 3479 3484 3521 exem-

1914 3562 2201 3633 plaribus,',
2228 3575 2350 3631 quae
2392 3560 2709 3631 quicunque
2761 3556 3101 3627 interpretati
3154 3562 3318 3621 sunt,
3349 3554 3386 3609 ii
3430 3560 3486 3611 et

1911 3669 2112 3726 genere
2134 3654 2203 3709 ab
2235 3651 2477 3709 Hebraeis
2506 3650 2727 3706 oriundi
2758 3647 3001 3713 fuerunt,
3027 3653 3082 3702 et
3105 3646 3295 3716 patriae
3331 3646 3483 3715 ipso-

1918 3763 2041 3802 rum
2086 3748 2284 3818 linguae
2321 3743 2663 3816 peritissimi,
2686 3748 2740 3797 et
2774 3741 2830 3795 in
2857 3756 2921 3795 ea
2949 3737 3255 3794 eruditione
3286 3736 3484 3807 proba-

1915 3839 2140 3902 tissimi,
2163 3837 2244 3893 sic
2268 3836 2500 3890 habetur
2525 3853 2537 3888 :
2573 3851 2592 3884 ι
2622 3833 2759 3886 Num
2789 3845 2982 3901 parum
3008 3828 3167 3884 vobis
3188 3836 3292 3888 est,
3314 3833 3488 3881 certa-

1918 3945 2045 3984 men
2071 3928 2330 3984 exbibere
2371 3923 2724 3981 hominibus?
2749 3932 2804 3978 et
2831 3937 2930 3977 cur
2958 3919 3198 3975 Domino.
3218 3917 3487 3973 exhibetis

1914 4021 2235 4077 certamen?
2294 4026 2517 4091 propter
2580 4016 2684 4070 hoc
2726 4014 2879 4070 dabit
2903 4012 3167 4067 Dominus
3189 4011 3307 4080 ipse
3332 4010 3487 4065 vobis

1918 4116 2158 4185 signum.
2215 4112 2361 4168 Ecce
2418 4111 2587 4182 Virgo
2642 4110 2696 4164 in
2748 4117 2903 4163 utero
2942 4105 3142 4175 capiet,
3202 4112 3256 4158 et
3312 4102 3490 4171 pariet

1922 4207 2112 4271 lilium,
2151 4206 2245 4276 qui
2274 4212 2501 4260 vocatur
2523 4201 2797 4258 nobiscum
2818 4199 2978 4254 Deus.
3010 4216 3029 4249 ›
3056 4195 3172 4249 Hoc
3207 4193 3354 4250 enim
3384 4192 3491 4248 sibi

1920 4298 2056 4362 vult,
2089 4295 2545 4367 quemadmodum
2578 4293 2716 4357 dixi,
2744 4293 2863 4361 ipsa
2902 4303 3010 4343 vox
3056 4282 3395 4339 Emmanuel.
3429 4279 3489 4335 In

248 4409 474 4479 Ἐπειδὴ
518 4378 627 4479 γάρ
670 4404 765 4459 τοῦ
803 4401 1074 4457 Ἰουδαίων
1118 4398 1302 4460 ἔθνους
1342 4395 1403 4449 τὸ
1447 4389 1682 4463 σκληρὸν
1724 4386 1816 4441 τοῦ

1922 4388 2057 4460 ipsis
2090 4396 2274 4442 autem
2303 4384 2615 4440 Iudaeorum
2666 4378 3086 4450 exemplaribus,
3120 4390 3243 4447 qua:
3295 4390 3493 4431 secun-

234 4469 474 4574 τρόπον,
497 4469 755 4567 καὶνπρὸς
796 4491 1075 4547 εὐσέϐειαν
1114 4486 1438 4549 δυσένδοτον,
1484 4481 1680 4553 ἱδρῶτα
1726 4478 1819 4531 καὶ

1923 4484 2055 4537 dum
2104 4479 2313 4550 Aquilae
2369 4476 2783 4533 conversionem
2840 4472 3090 4528 feruntur
3139 4469 3493 4540 (adventitius

237 4572 430 4657 κόπον,
467 4590 663 4663 μόχθον
693 4605 753 4643 τε
775 4588 838 4640 ού
870 4585 962 4638 τὸν
986 4582 1235 4653 τυχόντα,
1260 4578 1355 4632 καὶ⁵
1382 4575 1570 4645 ἀγῶνα
1596 4572 1821 4643 παρεῖχε

238 4688 352 4749 τοῖς
377 4684 547 4738 πάλαι
567 4680 836 4751 θεοφιλέσι
860 4677 1190 4750 προφήταις,
1217 4667 1407 4725 τούτου
1433 4668 1614 4739 χάριν,
1649 4683 1667 4716 ι
1707 4663 1822 4717 Οὐκ

238 4779 513 4849 αὔταρκες
556 4777 705 4847 ὑμῖν,
756 4792 774 4825 ι
828 4770 984 4842 φησὶ,
1023 4789 1040 4821 ι
1069 4770 1195 4832 τοὺς
1234 4765 1519 4837 προφήτας
1550 4758 1642 4814 τοῦ
1684 4757 1819 4812 Θεοῦ

246 4870 504 4945 μοχθοῦν,
531 4868 629 4922 καὶ
659 4865 844 4935 ἀγῶνα
872 4862 1132 4936 παρέχειν
1172 4856 1516 4930 άνθρώποις;
1561 4852 1676 4908 ἀλλ’
1718 4850 1823 4921 ήδη

377 4963 469 5017 τὸν
491 4962 625 5015 Θεόν
651 4977 752 5031 μου
790 4955 1044 5019 κοποῦτε,
1081 4952 1175 5007 καλ⁵
1211 4949 1398 5021 ἀγῶνα
1430 4948 1697 5017 παρέχετε
1730 4942 1822 4996 καί

238 5078 308 5130 γε
352 5055 429 5127 τῷ
456 5053 575 5125 Θεῷ
603 5067 740 5124 μους
775 5070 794 5104 ι
828 5048 986 5104 Οὕτω
1031 5047 1138 5118 γὰρ
1181 5046 1275 5099 καὶ
1315 5043 1606 5098 Θεοδοτίων
1635 5037 1825 5104 ἐξέδω-

237 5167 356 5204 κεν.
417 5149 478 5200 '0
529 5145 661 5214 γοῦν
702 5144 996 5215 προφήτης
1059 5140 1204 5203 ἰδίως
1247 5136 1440 5192 ἑαυτοῦ
1496 5135 1649 5199 Θεὸν,
1709 5132 1822 5186 ἀλλ’

238 5241 365 5311 οὐχὶ
400 5238 496 5293 καὶ
523 5236 633 5290 τῶν
667 5236 805 5306 πρὸς
848 5232 941 5297 οὓς
968 5234 998 5285 ὁ
1036 5232 1212 5299 λόγος,
1245 5230 1337 5283 τὸν
1362 5226 1531 5283 κοπού
1540 5242 1698 5298 μενον
1732 5225 1825 5278 καὶ

239 5333 338 5386 ἐπὶ
358 5331 452 5384 τὸν
471 5328 658 5399 ἀγῶνα
680 5326 1042 5396 ἀποδυόμενον
1073 5324 1386 5395 προσεῖπεν,
1408 5320 1509 5374 οὐκ
1537 5318 1603 5373 ἂν
1623 5319 1822 5389 φήσας,

241 5421 378 5473 Θεόν
411 5436 511 5490 μου
539 5419 629 5471 τὸν
654 5419 746 5483 ,ἐπὶ
774 5418 990 5471 πάντων
1015 5415 1145 5468 Θεὸν
1176 5416 1233 5467 ὲν
1266 5412 1559 5475 Ἰουδαίοις,
1589 5410 1720 5480 παρ’
1745 5402 1827 5472 οἷς

243 5513 312 5564 ἐκ
340 5510 594 5579 πατέρων
618 5508 680 5561 τὸ
707 5508 834 5578 περὶ
854 5507 946 5560 τὸν
962 5506 1071 5560 τῶν
1098 5505 1314 5563 πάντων
1338 5499 1668 5574 δημιουργὸν
1695 5497 1827 5552 Θεὸν

250 5601 415 5665 σέϐας
452 5600 798 5670 ἐφυλάττετο.
826 5600 920 5663 Τίς
949 5599 993 5653 δ’
1021 5599 1086 5653 ἂν
1115 5598 1199 5669 εἴη
1241 5600 1268 5652 ό
1298 5596 1446 5666 ἁγὼν
1478 5594 1573 5650 καὶ
1609 5592 1824 5666 μόχθος,

329 5761 373 5792 ⁸³
402 5759 505 5817 lsa.
536 5777 634 5827 vn,
668 5759 841 5816 1046.

1923 4584 2102 4629 autem
2141 4573 2335 4643 Aquila
2370 4570 2490 4634 l‘uit,
2526 4584 2635 4624 non
2667 4575 2863 4623 natura
2891 4560 3154 4637 Iudaeus),
3183 4562 3279 4617 sed
3309 4568 3491 4616 tamen

1921 4666 2086 4722 etiam
2126 4664 2628 4725 secundum'bunc,
2658 4660 2763 4715 hoc
2788 4673 2921 4713 sane
2957 4656 3221 4727 scriptum
3262 4660 3346 4708 est
3375 4665 3492 4705 mo-

1923 4759 1993 4813 do
2027 4779 2039 4814 :
2074 4778 2094 4810 ι
2143 4756 2401 4827 Nunquid
2441 4768 2636 4826 parum
2668 4759 2753 4807 est
2786 4766 2815 4804 a
2845 4749 3003 4805 vobis
3048 4746 3266 4817 fatigari
3311 4743 3495 4798 viros?

1924 4853 2069 4922 quod
2121 4851 2359 4905 laborem
2415 4845 2684 4904 exhibctis
2714 4843 2876 4899 etiam
2911 4839 3022 4895 Deo
3071 4837 3233 4893 meo?
3267 4835 3495 4905 Propter

1925 4948 2029 5002 hoc
2053 4944 2206 5000 dabit
2237 4944 2352 5013 ipse
2381 4941 2538 4997 vobis
2575 4939 2792 5010 signum
2831 4954 2843 4989 :
2881 4933 3022 4988 Ecce
3042 4931 3220 5002 puella
3247 4929 3303 4983 in
3339 4936 3496 4982 utero

1924 5035 2193 5104 concipit,
2228 5038 2283 5087 et
2340 5036 2483 5103 parit
2519 5030 2715 5093 lilium,
2758 5033 2813 5081 et
2859 5023 3080 5080 vocabis
3130 5034 3328 5075 nomen
3376 5017 3497 5087 ejus

1925 5122 2268 5178 Emmanuel.
2299 5140 2318 5173 ι
2352 5119 2509 5190 Apud
2550 5115 2934 5189 Symmachum
2993 5125 3124 5166 vero
3167 5109 3284 5164 haec
3317 5107 3393 5161 ita
3436 5122 3496 5162 se

1926 5217 2126 5271 habent
2152 5215 2338 5286 (porro
2364 5210 2726 5283 Symmachus
2750 5206 2954 5261 dicitur
2973 5202 3260 5283 Ebionmus
3288 5199 3491 5254 fuisse:

1928 5318 2076 5369 secta
2125 5318 2305 5365 autem
2350 5308 2467 5362 haec
2515 5305 2618 5359 fuit
2652 5301 2988 5366 Judaeorum,
3021 5298 3115 5368 qui
3162 5310 3227 5351 eo
3274 5293 3498 5348 nomine

1926 5403 2286 5469 vocabantur,
2313 5409 2367 5457 et
2403 5400 2461 5454 in
2488 5396 2766 5452 Christum
2801 5390 3025 5449 credere
3051 5387 3397 5447 dicebantur,
3429 5398 3491 5438 ex

1928 5495 2128 5567 quibus
2174 5491 2536 5565 Symmachus
2578 5489 2733 5559 fuit);
2765 5488 2908 5559 apud
2951 5487 3131 5557 ipsum
3161 5485 3308 5540 hunc
3334 5483 3499 5553 igitur

1926 5587 2044 5644 haec
2076 5588 2149 5642 ita
2176 5601 2235 5642 se
2262 5584 2494 5640 habent:
2523 5601 2543 5635 ι
2566 5580 2783 5647 Audite,
2810 5579 3006 5635 domus
3037 5575 3227 5642 David,
3251 5571 3497 5647 nunquid
