3828 6220
350 341 457 397 ωε)

1021 333 1290 393 EUSEBII
1331 331 1818 390 CESARIENSIS
1851 330 2001 386 OPP.
2047 329 2226 385 PARS
2265 331 2330 386 Ιῐ.
2354 361 2423 372 -
2455 327 2956 385 APOLOGETICA.

3493 329 3596 387 500

347 473 459 513 non
491 432 627 511 satis
656 454 812 512 vobis
842 462 924 511 est
964 453 1193 526 fatigare
1217 455 1489 518 homines,
1515 452 1662 522 quod
1684 451 1922 521 fatigatis

2027 449 2057 521 ἦ
2093 452 2122 503 6
2150 451 2319 514 κόπος
2369 451 2461 504 τοῦ
2503 450 2977 522 προφητευομένου
3020 450 3177 513 Θεοῦ,
3217 449 3250 522 ἢ
3287 449 3349 503 τὸ
3387 452 3468 514 είς
3505 452 3599 503 ἀν-

353 551 521 605 Deum
571 550 794 604 meum?
848 556 1068 619 propter
1118 548 1223 603 hoc
1279 546 1434 601 dabit
1490 545 1753 600 Dominus
1806 545 1924 614 ipse

354 642 512 698 vobis
546 641 761 713 signum
798 659 812 695 :
848 639 988 696 Ecce
1018 641 1197 711 puella
1225 640 1465 709 concipit
1490 647 1544 694 et
1571 638 1711 709 parit
1732 636 1921 700 illium,

354 742 409 787 et
454 733 676 788 vocabis
721 745 919 786 nomen
949 731 1071 800 ejus
1099 729 1442 785 Emmanuel.
1483 749 1501 781 ι
1538 728 1747 794 Quibus
1778 726 1925 782 enim

354 822 597 877 Iudaica:
628 822 808 893 gentis
837 836 1019 877 mores
1045 820 1352 892 asperrimi,
1381 827 1435 874 et
1464 834 1495 872 a
1516 820 1713 889 pietate
1739 818 1928 871 admo-

354 913 486 968 dum
522 913 901 974 abhorrentes,
950 911 1203 966 sudorem
1247 910 1618 979 laboremque,
1643 923 1707 962 ac
1736 906 1928 978 fatiga-

356 1005 558 1060 tionem
617 1020 726 1059 non
790 1004 1091 1074 vulgarem,
1124 1013 1286 1073 atque
1333 1009 1631 1068 certamen,
1685 1001 1927 1071 antiquis

353 1097 464 1153 illis
491 1097 598 1152 Deo
614 1099 805 1153 amicis
834 1097 1110 1168 prophetis
1134 1096 1483 1161 exhibebant,
1502 1095 1730 1159 idcirco,
1759 1113 1778 1145 σ
1814 1108 1925 1148 non

355 1188 493 1243 satis
550 1197 656 1251 cst,
691 1189 887 1259 inquit,
925 1188 1104 1254 vobis,
1153 1187 1246 1242 Dei
1307 1188 1604 1258 prophetas
1666 1186 1923 1257 afﬂigere,

355 1278 778 1348 hominibusque
829 1277 1089 1333 exhibere
1135 1286 1433 1335 certamen.
1473 1278 1580 1333 nisi
1608 1278 1720 1346 jam
1759 1278 1924 1331 etiam

358 1371 526 1425 Deum
551 1385 729 1424 meum
755 1369 1013 1440 fatigetis,
1033 1370 1194 1440 eique
1219 1369 1525 1424 exhibeatis
1551 1368 1872 1423 certamen?
1899 1387 1918 1420 ι

354 1478 456 1517 nec
474 1461 584 1517 Deo
608 1462 947 1533 simpliciter,
966 1461 1061 1517 sed
1086 1461 1197 1517 Deo
1226 1463 1383 1517 meo?
1399 1462 1488 1517 Sic
1508 1462 1652 1517 enim
1675 1460 1925 1517 Theodo-

356 1554 471 1609 tion
492 1569 710 1623 quoque
739 1552 1316 1623 convertit.Propheta
1342 1553 1509 1624 igitur
1556 1569 1714 1609 suum
1756 1569 1924 1623 pecu-

355 1647 561 1701 liariter
574 1646 763 1711 Deum,
778 1653 831 1701 et
854 1661 962 1700 non
986 1662 1174 1701 eorum
1203 1645 1269 1699 ad
1292 1662 1430 1716 quos
1456 1661 1636 1701 sermo
1659 1642 1927 1717 dirigeba-

354 1747 467 1803 tur,
489 1753 613 1793 eum
639 1738 734 1807 qui
773 1744 1083 1801 vexaretur,
1107 1745 1160 1791 et
1182 1738 1236 1791 in
1268 1744 1543 1792 certamen
1562 1736 1805 1798 daretur,
1829 1751 1925 1806 ap-

2025 538 2258 610 θρὼπων
2286 540 2499 608 γένεσιν
2526 540 2730 607 ἐλθεῖν;
2770 538 2911 593 κατά
2944 539 3043 610 μὲν
3073 540 3220 610 ἡμᾶς
3245 540 3339 593 καὶ
3367 539 3468 612 τὴν
3491 541 3599 593 τῶν

2036 630 2432 703 Ἑϐδομήκοντα
2478 631 2796 704 ἑρμηνείαν,
2837 630 2901 684 ὲκ
2932 630 3208 703 Παρθένου
3239 630 3596 703 γεννώμενον,

2026 722 2165 776 κατὰ
2210 721 2267 776 δὲ
2306 722 2403 793 τὴν
2459 722 2555 776 νῦν
2606 723 2756 795 παρά
2805 724 3081 787 Ἰουδαίοις
3143 724 3481 795 φερομένην,
3536 725 3600 776 ὲκ

2026 814 2285 877 νεάνιδος.
2327 814 2520 886 Εὖροις
2563 813 2607 867 δ’
2634 815 2701 869 ἂν
2739 815 2891 888 παρὰ
2913 817 3105 869 Μωσεῖ
3144 818 3241 873 καί
3269 816 3369 888 τὴν
3405 816 3598 887 ὁμολο-

2025 908 2307 979 γουμένως
2352 909 2627 981 Παρθένον
2671 911 2852 963 νεᾶνιν
2892 910 3431 983 προσηγορευμένην.
3488 911 3599 981 Τὴν

2025 1000 2157 1070 γοῦν
2196 1001 2365 1071 ἑτέρῳ
2408 1000 2920 1073 μεμνηστευμένην,
2967 1001 3057 1070 ὑφ’
3106 1000 3292 1073 ἐτέρου
3337 999 3395 1054 δὲ
3438 1000 3599 1053 6x6:-

2026 1092 2328 1164 ϐιασμένην
2374 1092 2546 1164 τούτῳ
2592 1091 2829 1164 κέκληκε
2872 1091 2951 1163 τῷ
3002 1094 3371 1165 προσρήματι.
3441 1092 3602 1146 Ἀλλὰ

2026 1185 2119 1238 καὶ
2151 1187 2179 1238 6
2211 1186 2275 1239 ὲκ
2317 1184 2419 1255 τῆς
2452 1183 2783 1256 δηλουμένης
2823 1184 3217 1255 τεχθησόμενος
3252 1185 3601 1257 Ἐμμανουήλ

2029 1277 2250 1349 μείζονα
2303 1277 2335 1347 ἢ
2376 1276 2519 1329 κατά
2564 1277 2656 1329 τὸν
2699 1277 2876 1329 κοινὸν
2934 1275 3218 1347 ἄνθρωπον
3280 1277 3601 1347 ἐπιφέρεται
3632 1308 3645 1323 ο

2024 1369 2254 1439 δύναμιν
2278 1408 2292 1431 ,
2344 1360 2696 1438 ἐκλεγόμενος
2748 1368 2810 1421 τὸ
2869 1367 3073 1435 ἀγαθὸν
3124 1369 3253 1439 πρὶν
3300 1368 3333 1438 ἢ
3393 1369 3599 1435 γνῶναι

2028 1460 2260 1532 πονηρὰ,
2313 1460 2407 1513 καὶ
2454 1459 2695 1513 ἀπειθῶν
2750 1459 3005 1530 πονηρία,
3036 1460 3130 1513 τοῦ
3177 1460 3503 1526 ἐκλέξασθαι
3540 1462 3601 1515 τὸ

2025 1552 2245 1623 ἀγαθόν·
2272 1554 2555 1608 καὶταῦτα
2576 1556 2676 1609 οὐκ
2697 1555 2753 1607 ὲν
2777 1554 2843 1621 τῇ
2866 1551 2960 1605 τοῦ
2983 1552 3173 1624 ἀνδρὸς
3188 1554 3393 1626 ἡλικίᾳ,
3411 1553 3526 1607 ἀλλ’
3542 1556 3600 1607 ὲν

2024 1647 2089 1716 τῇ
2107 1644 2201 1699 τοῦ
2222 1645 2558 1700 παιδίου,Διδ
2584 1647 2816 1718 εἴρηταιο
2842 1649 3006 1721 (Πρὶν
3032 1645 3279 1718 ἥγνῶναι
3301 1645 3363 1697 τὺ
3390 1643 3600 1696 παιδίον

2027 1734 2229 1804 ἀγαθὸν
2265 1734 2297 1806 ἢ
2322 1736 2510 1799 κακὸν,
2540 1735 2756 1789 ἀπειθεῖ
2783 1736 3038 1808 πονηρίᾳ,
3070 1735 3163 1789 τοῦ
3191 1733 3513 1798 ἐκλέξασθαι
3539 1732 3601 1785 τὺ

349 1832 587 1900 pellavit,
615 1832 708 1901 qui
734 1830 953 1901 quidem
982 1846 1261 1900 nunquam
1293 1829 1461 1884 Demn
1489 1845 1669 1884 meum
1693 1830 1923 1886 dixisset

2027 1827 2258 1896 ἀγαθόν·
2287 1803 2311 1878 ⁷ι
2352 1828 2420 1881 δι’
2457 1821 2531 1882 ὧν
2579 1828 2856 1892 παντελῶς
2900 1803 2959 1881 τὸ
2993 1803 3099 1898 ’τῆς
3134 1825 3333 1889 κακίας
3373 1826 3602 1894 ἄπειρον

348 1935 472 1972 eum
504 1921 597 1989 qui
623 1921 763 1989 apud
785 1918 1000 1975 Judzeos
1022 1933 1313 1988 supremus
1330 1918 1577 1980 habetur,
1600 1918 1740 1988 apud
1762 1936 1918 1989 quos,

354 2021 517 2075 quem
570 2021 601 2059 a
650 2008 896 2076 patribus
958 2024 1140 2062 rerum
1200 2008 1445 2063 omnium
1503 2012 1803 2066 conditoris
1829 2010 1925 2067 Dei

353 2093 517 2164 317
550 2094 757 2148 cultum
792 2094 894 2165 ipsi
921 2106 1262 2164 acceperant,
1293 2096 1340 2152 is
1367 2097 1781 2167 diligentissime
1815 2115 1929 2155 ser-

354 2186 606 2249 vabatur,
649 2185 745 2241 sed
777 2187 924 2256 quod
976 2185 1191 2249 tandem
1239 2201 1363 2242 esse
1404 2197 1583 2258 potest
1626 2198 1923 2257 certamen,

356 2274 482 2345 qu’is
514 2275 688 2339 labor,
719 2292 841 2345 quae
873 2276 1116 2346 fatigatio
1136 2276 1256 2346 ejus
1286 2276 1402 2341 Dei,
1428 2278 1497 2333 de
1527 2294 1637 2349 quo
1662 2281 1925 2351 prapheta

356 2367 621 2437 loquitur,
648 2366 756 2423 nisi
786 2368 920 2422 illud
944 2369 1008 2421 ad
1038 2369 1314 2424 hominum
1343 2371 1750 2440 generationem
1776 2388 1926 2428 acce-

355 2458 506 2519 dere,
532 2468 586 2511 et
610 2464 726 2511 tum
755 2458 1054 2513 secundum
1078 2472 1198 2522 nos,
1230 2465 1345 2511 tum
1376 2460 1674 2513 secundum
1704 2457 1927 2530 Septua-

356 2551 508 2620 ginta
539 2550 1037 2619 interpretationem
1063 2549 1129 2604 de
1167 2547 1385 2620 Virgine
1417 2552 1594 2605 nasci'
1621 2553 1923 2607 secundum

355 2661 488 2702 vero
525 2661 642 2701 eam
692 2661 813 2716 qua:
862 2647 1004 2717 apud
1057 2647 1304 2715 juniores
1358 2646 1529 2701 fertur
1574 2646 1815 2714 Judaaos’,
1857 2647 1926 2702 de

355 2738 580 2808 puella?
657 2736 926 2794 Caeterum
975 2740 1117 2810 apud
1168 2739 1372 2795 Mosem
1420 2755 1637 2810 quoque
1682 2739 1925 2795 invenies

354 2846 498 2894 eam,
534 2846 657 2902 quae
698 2831 906 2901 absque
949 2833 1322 2888 controversia
1357 2832 1429 2887 sit
1460 2831 1636 2902 virgo,
1690 2831 1923 2899 puellam

356 2922 649 2992 appellari:
697 2922 967 2991 siquidem
1014 2936 1136 2977 eam
1183 2937 1305 2991 qua:
1336 2922 1427 2975 alii
1473 2922 1800 2991 desponsata
1831 2923 1923 2981 sit,

356 3014 463 3068 alia
510 3028 642 3069 vero
692 3013 999 3084 repudiata,
1046 3014 1147 3068 hac
1190 3014 1550 3084 appellatione
1591 3014 1825 3069 vocavit.
1876 3013 1925 3069 Is

355 3113 617 3174 pra-terea
664 3106 758 3176 qui
800 3105 867 3161 de
910 3105 1007 3159 tali
1056 3104 1253 3160 femina
1304 3104 1376 3161 sit
1423 3103 1666 3161 edendus
1706 3106 1928 3160 nomine
1951 3142 1994 3199 ρ

356 3196 703 3259 Emmanuel,
739 3196 943 3266 majore
975 3196 1149 3251 fertur
1191 3197 1452 3267 potentia,
1483 3212 1648 3267 quam
1682 3197 1926 3252 omnium

359 3286 592 3342 aliorum
622 3287 925 3352 hominum,
970 3288 1173 3358 quippe
1214 3288 1307 3357 qui
1347 3288 1512 3358 eligat
1539 3289 1743 3342 bonum
1773 3288 1927 3358 prius

358 3395 522 3451 quam
564 3380 881 3451 cognoverit
912 3382 1076 3445 mala,
1108 3389 1162 3436 et
1190 3382 1410 3435 malitias
1447 3397 1556 3436 non
1587 3384 1928 3452 obtemperet

360 3472 488 3528 boni
516 3471 749 3544 eligendi
771 3473 966 3543 gratia,
997 3487 1063 3527 eo
1080 3474 1253 3539 magis
1275 3474 1419 3543 quod
1441 3474 1555 3529 haec
1578 3483 1794 3544 praestet
1817 3489 1926 3529 non

361 3568 415 3619 in
447 3564 589 3619 virili
626 3566 760 3636 jam,
792 3565 887 3621 sed
936 3566 990 3619 in
1024 3566 1219 3636 puerili
1256 3566 1436 3621 adhuc
1466 3574 1624 3623 aetate
1660 3569 1928 3623 constitu-

361 3664 478 3722 tus;
508 3671 574 3711 ex
600 3670 709 3727 quo
737 3655 868 3710 illud
892 3655 1099 3711 dictum
1130 3663 1250 3711 est:
1313 3655 1475 3712 Prius
1518 3672 1682 3727 quam
1710 3658 1927 3713 noverit

359 3765 495 3821 puer
524 3751 723 3805 bonum
755 3756 849 3803 aut
879 3750 1103 3815 malum,
1145 3763 1254 3803 nou
1286 3760 1437 3820 paret
1458 3750 1698 3813 malitiae,
1740 3758 1800 3805 ut
1828 3752 1928 3807 eli-

356 3849 447 3914 gat
504 3842 730 3897 bonum.
773 3861 791 3893 ι
817 3840 1028 3907 Quibus
1065 3841 1244 3895 verbis
1292 3856 1519 3911 prorsus
1557 3842 1703 3911 quod
1740 3842 1829 3896 ille
1861 3842 1929 3897 de

358 3949 470 4005 quo
498 3935 678 4005 agitur
703 3934 908 3988 nullam
928 3932 1188 3986 malitiam
1212 3934 1472 4003 attigerit,
1503 3933 1926 3989 demonstratur.

359 4025 466 4082 Sed
500 4026 943 4083 excellentiorem
975 4040 1192 4095 quoque
1224 4025 1741 4089 denominationem,
1765 4042 1927 4096 quam

358 4119 598 4173 hominis
628 4118 738 4171 ulla
769 4132 893 4173 esse
939 4119 1111 4187 possit
1139 4117 1453 4186 appellatio,
1495 4117 1837 4173 nanciscitur
1881 4120 1929 4173 is

360 4210 450 4280 qui
483 4210 772 4264 nobiscum
800 4219 885 4263 est
926 4208 1097 4263 Deus:
1148 4224 1318 4278 quare
1364 4208 1582 4278 signum
1622 4209 1749 4264 item
1782 4210 1928 4279 quod

363 4301 433 4355 de
462 4300 557 4354 illo
590 4297 776 4365 datur,
808 4298 1234 4369 profunditatem
1277 4298 1440 4353 simul
1476 4299 1678 4354 habere
1704 4302 1925 4368 dicitur,

368 4398 423 4447 et
452 4389 617 4446 simul
656 4389 1033 4445 altitudinem:
1063 4388 1485 4460 profunditatem
1546 4390 1763 4460 quidem
1802 4408 1930 4463 pro-

2026 1918 2117 1971 τοῦ
2163 1918 2488 1990 δηλουμένου
2543 1919 2895 1991 παρίσταται.
2951 1917 3111 1972 Ἀλλά
3167 1918 3261 1971 καί
3316 1916 3604 1988 κρείττονα

2026 2009 2059 2081 ἢ
2097 2012 2239 2064 κατὰ
2279 2011 2565 2083 ἄνθρωπον
2617 2011 2881 2080 ἐπάγεται
2922 2009 3021 2080 τὴν
3068 2009 3379 2079 ἐπωνυμίαν
3418 2009 3449 2060 6
3480 2007 3604 2078 μεθ’

2024 2107 2057 2174 ἡ
2068 2104 2184 2173 μῶν
2204 2105 2465 2176 ὑπάρχων
2493 2104 2625 2168 Θεός
2645 2121 2659 2134 ·
2702 2104 2782 2157 διδ
2808 2104 2904 2157 καὶ
2930 2103 2991 2156 τὸ
3018 2103 3142 2174 περὶ
3173 2101 3338 2156 αὑτοῦ
3375 2102 3605 2171 σημεῖον

2028 2197 2189 2267 βάθος
2212 2196 2429 2266 ἐλέγετο
2457 2198 2749 2270 περιέχειν,
2770 2196 2902 2268 ὁμοῦ
2927 2195 2984 2249 δὲ
3009 2195 3103 2249 καὶ
3131 2193 3289 2263 ὕψος·
3317 2192 3477 2263 βάθος
3502 2192 3606 2262 μὲν

2025 2286 2113 2341 διά
2131 2289 2230 2360 τὴν
2252 2291 2330 2353 εἰς
2350 2288 2666 2360 ἀνθρώπους
2687 2287 2931 2349 κάθοδον,
2951 2286 2983 2358 ἢ
3006 2287 3102 2339 καὶ
3123 2285 3221 2356 τὴν
3243 2285 3406 2356 μέχρι
3429 2282 3601 2336 θανά-

2025 2396 2116 2432 του
2151 2379 2477 2451 παρουσίαν,
2506 2378 2639 2449 ὕψος
2671 2380 2727 2432 δὲ
2752 2377 2841 2433 διὰ
2868 2378 2966 2450 τὴν
2990 2376 3169 2430 ἔνθεον
3190 2378 3254 2428 ὲκ
3281 2371 3377 2425 τοῦ
3405 2370 3608 2442 βάθους

2027 2471 2492 2537 ἀποκατάστασιν,
2528 2472 2561 2542 ἦ
2594 2471 2681 2524 διὰ
2710 2471 2808 2541 τὴν
2840 2470 2939 2541 τῆς
2967 2468 3153 2522 ἐνθέου
3202 2464 3606 2539 προῦπάρξεως

2026 2558 2189 2611 αὑτοῦ
2232 2558 2529 2628 θεολογίαν.
2573 2559 2667 2623 Τίς
2706 2559 2751 2612 δ’
2791 2557 2856 2612 ἂν
2904 2559 2987 2629 εἴη
3036 2560 3064 2612 6
3105 2556 3224 2629 μεθ’
3263 2558 3422 2627 ἡμῶν
3467 2555 3606 2619 Θεὸς

2026 2652 2059 2725 ἢ
2101 2656 2130 2707 6
2166 2652 2254 2706 διὰ
2292 2653 2402 2707 τῶν
2439 2653 2674 2725 πρόσθεν
2708 2652 3161 2723 ἀποδεδειγμένος
3192 2649 3327 2713 Θεὸς
3358 2647 3606 2718 Κύριος;

2025 2746 2054 2798 6
2082 2747 2175 2799 καὶ
2200 2745 2277 2817 τῷ
2306 2744 2554 2816 Ἀϐραὰμ
2584 2746 2685 2799 οὐκ
2712 2744 2887 2809 άλλως
2913 2744 2946 2817 ἢ
2972 2744 3039 2797 δι’
3072 2741 3361 2815 ἀνθρώπου
3387 2739 3608 2812 μορφῆς

2025 2837 2381 2908 τεθεαμένος;
2409 2838 2471 2890 Εἰ
2501 2837 2546 2890 δ’
2572 2838 2890 2907 ἀναφέροιεν
2927 2834 3023 2888 ἐπὶ
3059 2835 3151 2888 τὸν
3176 2833 3424 2899 Ἑζεκίαν
3454 2834 3500 2885 οἱ
3537 2834 3608 2885 ἐκ

2026 2930 2327 3002 περιτομῆς
2350 2929 2523 2983 ταῦτα
2543 2970 2556 2994 ,
2591 2928 2682 2982 τὸν
2702 2929 2796 2981 τοῦ
2838 2928 3013 2999 Ἀχαζ
3033 2928 3220 2991 παῖδα,
3247 2926 3436 2979 τοῦτον
3458 2921 3606 2978 εἶναι

2026 3023 2325 3092 φάσκοντες
2354 3021 2445 3075 τὸν
2473 3020 2549 3092 τῷ
2580 3021 2747 3093 πατρὶ
2775 3020 3301 3093 προσημαινόμενον,
3334 3019 3448 3072 ἀλλ’
3475 3017 3610 3072 οὕτε

2026 3112 2055 3165 6
2087 3111 2203 3182 μεθ’
2233 3111 2390 3182 ἡμῶν
2436 3110 2569 3175 Θεὸς
2616 3112 2863 3177 Ἐζεκίας
2912 3106 3002 3181 ἦν,
3051 3110 3173 3165 οὔτε
3221 3113 3445 3182 σημεῖον
3483 3110 3613 3163 θεο-

2031 3204 2242 3276 πρεπὲς
2289 3204 2602 3275 πέπρακταί
2647 3221 2699 3256 τι
2747 3204 2833 3256 ἐπ’
2885 3201 3064 3273 αὐτῷ’
3116 3202 3230 3255 ἀλλ’
3282 3201 3405 3255 οὐδὲ
3453 3200 3611 3269 ἀγὼν

2028 3297 2061 3367 ἢ
2095 3296 2290 3367 μόχθος
2315 3296 2394 3366 τῷ
2423 3296 2542 3367 Θεῷ
2578 3291 2646 3367 ἦν
2690 3296 2818 3368 περὶ
2848 3295 2949 3366 τὴν
2980 3295 3188 3348 ἐκείνου
3217 3294 3465 3363 γένεσιν·
3504 3294 3613 3347 καὶ

2028 3388 2201 3453 ἄλλως
2235 3389 2385 3461 παρά
2428 3388 2601 3443 ταῦτα
2646 3388 2920 3442 δείκνυται
2965 3389 2994 3440 6
3028 3388 3276 3451 Ἐζεκίας
3321 3385 3613 3440 ἀποκλειό-

2031 3498 2188 3552 μενος
2225 3468 2335 3535 τῶν
2371 3482 2576 3554 χρόνων
2614 3481 2712 3551 τῆς
2749 3479 3101 3551 προφητείας.
3150 3478 3333 3532 Ταῦτα
3370 3477 3468 3548 μὲν
3492 3477 3613 3548 γὰρ

2030 3570 2401 3641 βασιλεύοντος
2434 3568 2597 3624 αὐτοῦ
2636 3569 2700 3640 δὴ
2724 3568 2819 3622 τοῦ
2862 3567 3065 3639 πατρὸς
3097 3563 3276 3635 Ἀχαζ
3304 3565 3435 3636 περὶ
3477 3562 3614 3633 μελ-

2027 3662 2223 3717 λόντων
2245 3661 2586 3726 ὲθεσπίζετο·
2622 3664 2650 3715 6
2671 3660 2728 3714 δὲ
2751 3659 2996 3724 Ἐζεκίας
3026 3659 3133 3730 πρὸ
3159 3657 3253 3711 τοῦ
3286 3656 3614 3728 βασιλεῦσαι

2028 3755 2119 3807 τὸν
2143 3754 2317 3825 Ἀχαζ
2363 3754 2681 3807 συνίσταται
2719 3752 3140 3823 γεγεννημένος.
3187 3750 3252 3803 Εἰ
3293 3748 3351 3802 δὲ
3400 3747 3476 3819 μὴ
3510 3749 3616 3802 ἐπὶ

2027 3844 2214 3898 τοῦτον
2264 3844 2522 3916 ἀναχθείη
2566 3843 2636 3897 τά
2680 3844 2780 3915 τῆς
2812 3842 3175 3915 προκειμένης
3222 3840 3610 3912 προρρήσεως,

2030 3935 2222 3990 πολλοῦ
2249 3936 2331 3989 δεῖ
2361 3938 2447 4006 ἐφ’
2467 3936 2654 4009 ἓτερον
2677 3936 2784 3989 τῶν
2809 3935 2959 4009 παρά
2995 3935 3269 3996 Ἰουδαίοις
3309 3932 3452 4003 μετά
3476 3932 3613 3996 τοὺς

2027 4029 2127 4099 τῆς
2152 4028 2489 4100 προφητείας
2514 4028 2738 4099 χρόνους
2761 4025 3089 4097 γενομένων.
3132 4024 3253 4076 Ἐπί
3277 4040 3339 4092 γε
3371 4022 3477 4093 μὴν
3504 4022 3609 4091 τῆς

2027 4119 2121 4172 τοῦ
2158 4118 2389 4189 ἀληθοῦς
2433 4116 2798 4189 Ἐμμανουὴλ,
2832 4115 2977 4169 τοῦτ’
3018 4114 3134 4168 ἐστι
3178 4114 3273 4167 τοῦ
3318 4112 3615 4181 γεγονότος

2032 4212 2150 4281 μεθ’
2182 4211 2340 4282 ἡμῶν
2381 4209 2516 4263 Θεοῦ
2563 4209 2852 4279 γενέσεως,
2899 4209 2996 4262 καὶ⁵
3039 4210 3131 4262 ὲπὶ
3166 4200 3336 4279 μόνης
3366 4207 3466 4279 τῆς
3507 4205 3612 4259 τοῦ

2028 4305 2278 4375 Σωτῆρος
2341 4302 2497 4374 ἡμῶν
2556 4301 2649 4355 τοῦ
2707 4300 2843 4353 Θεοῦ
2908 4300 3083 4368 Λόγου
3145 4302 3225 4362 είς
3284 4296 3615 4369 ἀνθρώπους

2027 4394 2349 4467 ἐπιδημίας·
2391 4392 2498 4446 τῶν
2530 4391 2638 4463 γὰρ
2682 4392 2828 4445 δυεῖν
2874 4390 3138 4461 βασιλέων
3182 4389 3613 4461 καθῃρημένων,

365 4491 484 4555 pter
532 4483 856 4539 descensum
887 4482 954 4536 ad
1003 4482 1272 4545 homines,
1312 4483 1593 4537 autetiam
1636 4500 1808 4555 usque
1861 4485 1925 4540 ad

2034 4485 2358 4557 κατελείφθη
2391 4484 2594 4556 ἔρημος
2622 4486 2655 4554 ἡ
2684 4484 2792 4536 τῶν
2820 4482 3083 4536 Ἰουδαίων
3124 4482 3217 4553 γῆ,
3246 4480 3438 4553 ὥσπερ
3491 4480 3616 4534 ἔσε-

359 4583 591 4631 mortem
632 4589 952 4631 accessum:
997 4573 1339 4629 altitudinem
1372 4589 1503 4629 vero
1527 4586 1750 4647 propter
1781 4578 1925 4633 divi-

365 4668 552 4725 nitatis
613 4683 643 4722 a
701 4666 1074 4739 profunditate
1136 4669 1562 4736 restitutionem,
1615 4678 1709 4725 aut
1761 4671 1926 4726 etiam

358 4769 581 4831 propter
607 4760 805 4814 divina:
835 4760 955 4830 ejus
997 4761 1341 4824 substantiae,
1386 4778 1508 4833 quae
1540 4763 1691 4817 omni
1725 4770 1926 4817 natura

359 4851 509 4921 prior
534 4858 640 4915 est,
675 4852 1023 4922 theologiam.
1060 4853 1195 4919 Quis
1218 4869 1345 4909 vero
1375 4854 1514 4909 alius
1540 4856 1611 4909 sit
1641 4854 1926 4910 nobiscum

365 4943 526 5004 Deus.
560 4959 723 5014 quam
749 4944 796 5000 is
831 4960 991 5014 quem
1015 4945 1392 5015 superioribus
1422 4946 1577 5001 libris
1612 4945 1783 5001 Deum
1823 4945 1928 5000 Do-

356 5036 674 5106 minumque
740 5036 1120 5092 ostendimus?
1191 5037 1394 5108 quique
1474 5039 1603 5093 item
1694 5037 1928 5093 Abrahaa

358 5129 633 5198 quondam
668 5145 775 5184 non
807 5130 912 5183 alia
960 5145 1122 5200 quam
1155 5130 1390 5185 hominis
1424 5129 1597 5185 forma
1629 5133 1781 5186 visus
1808 5131 1929 5186 est?

357 5219 513 5286 Quod
568 5220 615 5275 si
661 5219 833 5276 Judaei
885 5221 997 5275 haec
1041 5221 1109 5275 ad
1132 5222 1415 5276 Ezechiam
1464 5221 1702 5277 referant
1756 5222 1924 5276 filium

354 5312 558 5375 Achaz,
584 5321 639 5368 et
682 5311 867 5367 dicant
908 5314 1053 5369 hunc
1096 5330 1218 5370 esse
1256 5315 1347 5385 qui
1392 5314 1533 5384 patri
1572 5331 1673 5370 suo
1706 5313 1926 5369 futurus

355 5404 580 5457 oraculo
621 5405 995 5472 promittatur,
1040 5407 1264 5462 videant
1317 5406 1593 5478 quomodo
1640 5407 1923 5462 nobiscum

355 5493 501 5548 Deus
525 5492 687 5548 fuerit
720 5494 1002 5559 Ezechias,
1022 5497 1403 5566 autquoduam
1435 5499 1649 5568 signum
1688 5514 1784 5553 sua
1810 5515 1927 5553 ma-

351 5585 548 5654 jestate
577 5584 822 5656 dignum,
857 5583 1001 5641 Deus
1022 5586 1075 5640 in
1107 5588 1203 5641 illo
1241 5588 1575 5644 ostenderit:
1611 5589 1705 5645 scd
1748 5604 1924 5658 neque

357 5683 635 5731 certamen
668 5676 861 5743 ullum,
890 5693 1067 5748 neque
1090 5678 1242 5733 labor
1267 5680 1325 5735 in
1350 5680 1497 5735 illius
1531 5689 1653 5734 ortu
1691 5678 1800 5734 Deo
1829 5696 1923 5735 ex-

360 5766 564 5821 hihitus
591 5775 672 5823 est
698 5787 710 5822 :
747 5776 1006 5838 praetcrea
1037 5771 1199 5840 plane
1226 5788 1254 5824 ιι
1289 5770 1567 5843 prophetia
1591 5771 1921 5839 excluditur,

2033 4580 2155 4635 σθαί
2196 4596 2357 4651 φησιν
2401 4579 2429 4631 6
2464 4578 2709 4649 χρησμὸς
2728 4575 2932 4631 εἰπών·
2976 4595 2993 4627 ι
3023 4572 3533 4645 Καταλειφθήσεται
3577 4576 3613 4644 ὴ

2029 4672 2101 4742 γῆ
2144 4670 2251 4725 ἀπὸ
2303 4667 2592 4740 προσώπου
2641 4667 2747 4723 τῶν
2780 4666 2874 4720 δύο
2900 4664 3187 4737 βασιλέων-
3221 4684 3238 4715 ι
3292 4664 3322 4717 6
3348 4664 3444 4718 καὶ
3477 4664 3616 4717 αὐτὸ

2031 4760 2208 4834 ῥητῶς
2259 4760 2352 4814 καὶ
2400 4758 2540 4812 κατὰ
2578 4755 2721 4821 λέξιν
2769 4754 2940 4819 οὕτως
2989 4753 3055 4807 ἂν
3090 4751 3401 4822 ἀποδοθείη.
3451 4751 3614 4804 Κατά

2029 4854 2135 4924 γάρ
2182 4851 2403 4923 βασιλέα
2439 4850 2633 4920 Ἀχαζ,
2684 4848 2778 4902 καὶ
2819 4848 3045 4901 Ἡσαΐαν
3098 4845 3213 4898 υἱὸν
3262 4843 3470 4915 Ἀμὼς,
3519 4845 3614 4896 καὶ

2028 4947 2153 5009 τοὺς
2185 4944 2283 5015 τῆς
2317 4941 2650 5013 προφητείας
2683 4940 2941 5011 χρόνους,
2979 4937 3226 5008 βασιλεὺς
3253 4936 3457 5006 Συρίας
3491 4938 3521 4988 6
3553 4937 3613 4988 ἐν

2029 5035 2324 5107 Δαμασκῷ,
2360 5037 2455 5088 καλ⁸
2482 5032 2729 5104 βασιλεὺς
2765 5031 2979 5104 Ἰσραὴλ
3019 5031 3049 5083 ὁ
3085 5031 3143 5082 ὲν
3176 5028 3485 5099 Σαμαρείᾳ,
3512 5027 3612 5096 οὐχ

2028 5133 2057 5183 6
2085 5133 2142 5183 έν
2170 5128 2539 5200 Ἰερουσαλὴμ,
2571 5125 2684 5181 ἀλλ’
2716 5128 2745 5179 6
2775 5125 2868 5178 τοῦ
2915 5122 3148 5193 πλήθους
3181 5120 3289 5174 τῶν
3336 5119 3609 5173 Ἰουδαίων

2027 5220 2137 5274 τῶν
2182 5219 2531 5275 ἀποστάντων
2552 5218 2643 5271 τοῦ
2686 5217 2833 5270 θείου
2876 5216 3078 5286 νόμου,
3145 5212 3425 5283 συνθήκας
3472 5210 3610 5280 πρὸς

2028 5312 2288 5383 ἀλλήλους
2317 5311 2552 5382 θέμενοι,
2585 5310 2712 5372 τοὺς
2746 5308 2853 5361 ὑπὸ
2880 5309 2992 5369 τοῖς
3019 5305 3283 5375 διαδόχοις
3316 5302 3415 5356 τοῦ
3444 5300 3608 5355 Δαυῖδ

2030 5403 2475 5474 βασιλευομένους
2498 5401 2865 5472 ἐπολιόρκουν.
2904 5400 3119 5451 Τούτων
3150 5393 3243 5449 οὖν
3275 5396 3482 5465 ἀμφοῖν
3510 5392 3609 5461 τὴν

2028 5496 2349 5566 καθαίρεσιν
2373 5497 2405 5565 ἡ
2431 5493 2734 5565 προφητεία
2765 5490 3114 5553 θεσπίζουσα,
3144 5488 3344 5550 αὖτοὺς
3365 5487 3466 5557 μὲν
3484 5489 3607 5548 τοὺς

2027 5588 2145 5645 κατ’
2160 5587 2334 5640 ἐκεῖνο
2354 5583 2546 5655 καιροῦ
2576 5582 2855 5644 Ἰουδαίους
2885 5598 2943 5633 τε
2974 5580 3068 5632 καὶ⁸
3094 5576 3448 5646 ἀλλοφύλους,
3467 5575 3609 5627 κατά

2025 5680 2119 5734 τοῦ
2148 5679 2274 5732 λαοῦ
2303 5678 2396 5731 τοῦ
2422 5677 2556 5729 Θεοῦ
2580 5676 2759 5740 δεξιὰς
2785 5674 3028 5746 ἀλλήλοις
3053 5670 3376 5731 δεδωκότας,
3411 5667 3608 5721 αὐτίκα

2032 5772 2173 5843 μάλα
2216 5770 2627 5841 διαλυθήσεσθαι
2683 5770 2777 5824 καὶ
2828 5765 3204 5838 ἀποχωρήσειν
3245 5762 3340 5815 τοῦ
3367 5762 3601 5831 πολέμου
