3828 6220
217 310 320 367 50!

1104 305 1755 364 DEMONSTRATIONIS
1791 306 2248 365 EVANGEUCE
2287 306 2415 363 LIB.
2450 305 2558 363 VII.

3360 311 3467 368 503

217 433 355 503 φησί
379 448 395 462 ’
427 432 526 502 τήν
559 448 623 499 γε
649 429 755 502 μὴν
786 430 1060 501 βασιλείαν
1088 430 1267 485 αὐτῶν
1299 430 1393 484 καὶ
1422 430 1520 502 τὴν
1552 429 1798 501 διαδοχὴν

1900 432 2113 485 ratione
2145 438 2454 499 temporum
2502 424 2784 481 Ezechias.
2838 425 2964 481 Hac
2994 425 3139 483 enim
3189 427 3309 497 ipso
3348 428 3462 498 jam

220 525 300 585 εἰς
310 523 372 575 16
386 521 646 585 παντελὲς
662 521 1152 592 καταλυθήσεσθαι,
1179 521 1271 574 καὶ
1295 519 1798 591 ἀποσϐεσθήσεσθαι

220 612 314 665 ἐπὶ
334 613 434 681 τῆς
460 611 556 665 τοῦ
587 613 1088 684 προφητευομένου,
1125 611 1246 682 μεθ’
1268 610 1425 682 ἡμῶν
1452 610 1608 678 Θεοῦ,
1641 612 1796 682 γενέ-

222 722 382 767 σεως.
429 705 749 776 Ἐπίστησον
783 704 961 758 τοίνυν
1016 704 1146 757 πότε
1177 708 1209 777 ή
1244 706 1619 777 Δαμασκηνῶν
1662 703 1796 775 ὁμοῦ

219 796 313 848 καὶ
348 795 620 849 Ἰουδαίων
669 795 936 867 κατελύθη
996 795 1260 866 βασιλεία,
1305 799 1397 851 καὶ⁸
1440 796 1582 851 κατὰ
1614 796 1798 859 ποίους

219 887 446 957 χρόνους
475 886 799 958 κατελείφθη
832 890 866 958 ὴ
896 888 963 959 γῆ
992 887 1100 942 τῶν
1135 888 1401 942 Ἰουδαίων
1428 888 1794 951 ἀϐασίλευτος,

218 978 312 1029 καὶ
361 978 501 1049 αὐτή
550 993 615 1046 γε
665 980 699 1048 ή
740 979 871 1050 πρὶν
911 977 1080 1032 πολλὰ
1124 978 1391 1052 δυναμένη
1426 976 1796 1049 Δαμασκηνῶν

217 1065 394 1137 χώρα,
431 1067 643 1139 μεγάλῃ
677 1068 824 1139 χειρὶ
863 1069 924 1121 τὸ
956 1068 1187 1123 παλαιὸν
1226 1070 1325 1140 τῆς
1351 1056 1549 1140 Συρίας
1580 1068 1797 1138 ἁπάσης

220 1157 599 1227 βασιλεύουσα.
636 1160 764 1213 Ἐπὶ
794 1160 903 1231 γὰρ
942 1161 1039 1230 τῆς
1077 1159 1282 1214 τούτων
1312 1160 1680 1233 καθαιρέσεως
1704 1160 1795 1213 τὸν

230 1250 581 1321 Ἐμμανουήλ
629 1250 845 1314 πάντως
881 1267 982 1303 που
1009 1250 1432 1323 γεννηθήσεσθαι
1482 1250 1654 1315 εἰκὸς,
1704 1251 1797 1305 καὶ

213 1340 310 1393 τὸν
359 1341 835 1412 προφητευόμενον
896 1341 1232 1413 ἐληλυθέναι.
1294 1343 1359 1396 Et
1411 1343 1507 1413 μὲν
1552 1339 1644 1396 οὖν
1687 1341 1796 1396 τῶν

211 1437 564 1508 δηλουμένων
603 1436 784 1508 παρῆν
816 1438 948 1507 ὁρᾷν
981 1435 1323 1500 συνεστώσας
1358 1438 1456 1500 τὰς
1503 1436 1793 1506 βασιλείας,

211 1529 367 1582 οὐδὲν
405 1528 544 1600 χρῆν
582 1527 892 1600 περαιτέρω
936 1528 1141 1598 ζητεῖν,
1179 1528 1336 1599 μόνον
1373 1528 1430 1581 δὲ
1470 1528 1549 1581 ἔτι
1579 1528 1673 1581 καὶ
1701 1526 1796 1581 νῦν

212 1623 295 1684 εἰς
325 1620 589 1691 μέλλοντα
613 1620 801 1692 χρόνον
827 1621 1065 1691 ἁναρτᾷν
1086 1619 1184 1683 τὰς
1211 1620 1430 1683 ἐλπίδας
1448 1635 1461 1651 ·
1494 1622 1542 1672 εί
1567 1619 1625 1672 δὲ
1650 1619 1796 1689 ἔργῳ

211 1711 502 1781 προφανὴς
545 1713 579 1781 ἡ
611 1706 927 1779 καθαίρεσις
966 1710 1074 1764 τῶν
1107 1710 1431 1781 εἰρημένων,
1471 1711 1545 1774 ὡς
1576 1710 1710 1781 μήτε
1737 1711 1796 1763 έν

209 1803 516 1874 Δαμασκῷ,
570 1805 707 1873 μήτε
750 1805 808 1858 ὲν
846 1807 910 1874 τῇ
950 1803 1198 1875 Ἰουδαίᾳ,
1248 1804 1368 1858 καθ’
1399 1806 1544 1876 ἡμᾶς
1594 1805 1789 1869 αὐτοὺς

207 1895 503 1963 φαίνεσθαι
557 1894 815 1964 βασιλέα,
880 1895 1142 1967 πρόδηλον
1184 1897 1259 1961 ὡς
1293 1897 1479 1962 τέλους
1525 1897 1682 1968 ἔτυχε
1731 1898 1791 1950 16

208 1983 393 2052 λόγιον
445 1984 661 2053 φῆσαν·
725 2003 742 2033 ι
776 1985 884 2037 Καὶ
941 1983 1427 2055 καταλειφθήσεται
1484 1986 1516 2055 ή
1561 1984 1634 2056 γῆ
1683 1983 1793 2041 ἀπὸ

212 2072 507 2144 προσώπου
560 2074 667 2126 τῶν
708 2072 800 2126 δύο
863 2074 1160 2144 βασιλέων,
1209 2068 1286 2129 ὧν
1330 2076 1393 2127 σὺ
1451 2074 1626 2146 φοϐῇ,
1682 2074 1793 2127 ἀπὸ

207 2166 507 2238 προσώπου
553 2167 731 2220 αὐτῶν
757 2185 771 2196 ·
806 2186 826 2218 ι
880 2168 987 2221 τῶν
1037 2167 1330 2238 βασιλέων,
1377 2168 1499 2221 ἀντὶ
1539 2166 1647 2222 τῶν
1698 2168 1793 2237 βα-

208 2259 429 2312 σιλειῶν
473 2259 895 2331 ὠνομασμένων.
967 2261 1025 2313 '0
1051 2259 1182 2329 γοῦν
1238 2260 1532 2332 Σύμμαχος
1586 2277 1747 2331 φησιν
1772 2277 1787 2292 ⁸

214 2372 233 2403 ι
282 2351 879 2423 Ἑγκαταλειφθήσεται
928 2353 960 2422 ή
1008 2353 1113 2423 γῆ,
1152 2351 1244 2421 ἀφ’
1286 2347 1353 2423 ἧς
1402 2354 1467 2406 σὺ
1515 2354 1788 2421 ὲγκακεῖς,

203 2442 316 2497 ἀπὸ
368 2441 664 2512 προσώπου
708 2443 817 2494 τῶν
863 2442 957 2496 δύο
1002 2442 1267 2513 βασιλέων
1315 2444 1513 2516 αὐτῆς
1547 2464 1565 2496 ι
1623 2445 1717 2497 καὶ
1760 2446 1790 2497 6

214 2533 484 2597 ’Δκύλαςο
508 2552 525 2584 ι
561 2533 1143 2605 Ἐγκαταλειφθήσεται
1189 2536 1222 2606 ή
1260 2533 1425 2605 χθὼν,
1469 2534 1539 2606 ἢν
1570 2536 1634 2588 σὺ
1669 2552 1789 2589 σικ-

201 2626 454 2696 χαίνεις,
487 2625 594 2678 ἀπὸ
640 2624 931 2696 προσώπου
972 2625 1080 2679 τῶν
1118 2625 1211 2679 δύο
1252 2626 1514 2697 βασιλέων
1561 2627 1784 2697 αὐτῆς.»

199 2718 317 2770 Καὶ
370 2718 400 2768 6
423 2715 715 2769 Θεοδοτίων
763 2717 822 2770 δὲ
860 2716 1048 2772 τοῦτον
1079 2719 1391 2790 ἡρμήνευσε
1434 2718 1526 2772 τὸν
1554 2719 1785 2791 τρόπον’

203 2826 224 2858 ι
274 2806 866 2879 Ἐγκαταλειφθήσεται
905 2809 940 2878 ή
978 2809 1085 2880 γῆ,
1133 2808 1201 2880 ἢν
1235 2810 1302 2862 σὺ
1346 2808 1643 2881 βδελύσσῃ,
1679 2810 1789 2865 ἀπὸ

200 2898 501 2969 προσώπου
554 2898 663 2953 τῶν
707 2898 801 2953 δύο
841 2898 1104 2970 βασιλέων
1135 2900 1326 2970 αὐτῆς.
1366 2920 1388 2952 ι
1448 2901 1610 2973 Ὁρᾷς
1641 2903 1789 2966 ὅπως

197 2989 302 3058 τὴν
355 2990 463 3058 γῆν
519 2989 1044 3061 καταλειφθήσεσθαι
1101 2989 1452 3044 ἀϐασίλευτον
1505 2990 1786 3057 θεσπίζει;

198 3078 373 3132 Ποίαν
403 3079 462 3131 δὲ
497 3078 622 3149 γῆν,
650 3080 682 3151 ἢ
719 3080 815 3152 τὴν
848 3080 956 3134 τῶν
992 3081 1387 3152 Δαμασκηνῶν,
1424 3081 1519 3134 καὶ
1552 3081 1651 3154 τὴν
1692 3078 1787 3136 τοῦ

210 3171 467 3242 Ἰσραήλς
500 3171 704 3224 τούτων
740 3173 849 3245 γὰρ
875 3169 1013 3245 ἦσαν
1045 3174 1095 3227 οί
1131 3172 1222 3225 δύο
1256 3172 1495 3242 βασιλεῖς
1521 3215 1537 3241 ,
1571 3176 1622 3229 οί
1658 3175 1786 3247 περὶ

194 3257 276 3315 ὧν
299 3265 331 3314 6
361 3262 540 3331 λόγος·
569 3257 643 3317 ὧν
669 3266 698 3317 6
725 3265 900 3335 ’Δχαζ
928 3265 1026 3337 τὴν
1062 3264 1168 3335 γῆν
1196 3266 1502 3336 ὲσίκχαινεν
1520 3306 1535 3330 ,
1574 3268 1607 3337 ἢ
1640 3266 1788 3320 ἐϐδε-

195 3353 452 3418 λύσσετο,
473 3355 805 3426 ἀποκάμνων
836 3357 869 3427 ἢ
896 3355 1148 3426 ὲγκακῶν
1181 3357 1275 3410 ἀπ’
1313 3358 1504 3429 αὐτῆς.
1540 3359 1665 3412 Πότ’
1693 3356 1785 3413 οὖν

194 3442 365 3497 τοῦτο
407 3444 638 3513 γέγονε;
673 3446 876 3499 τούτων
909 3446 1018 3519 γὰρ
1060 3447 1554 3519 συμπερασθέντων
1573 3489 1588 3514 ,
1633 3451 1784 3503 πᾶσα

197 3536 420 3607 ἀνάγκη
463 3537 554 3589 καὶ
592 3537 654 3590 τὸ
687 3537 1086 3609 προλεγόμενον
1121 3540 1285 3612 μέρος
1320 3540 1418 3612 τῆς
1450 3542 1784 3613 προφητείας

197 3629 284 3691 είς
310 3626 470 3698 ἔργον
497 3630 875 3700 κεχωρηκέναι
902 3647 917 3661 ⁸
945 3628 1103 3683 τοῦτο
1125 3631 1182 3684 δὲ
1209 3627 1276 3702 ἦν
1305 3632 1365 3685 τὸ
1386 3631 1484 3703 τὴν
1509 3632 1782 3704 Παρθένον

194 3720 383 3771 τεκεῖν
423 3719 516 3771 τὸν
565 3718 684 3789 μεθ’
718 3720 873 3790 ήμῶν
910 3721 1061 3774 Θεόν.
1106 3723 1217 3776 Καὶ
1248 3722 1313 3793 δὴ
1365 3723 1630 3795 πρόδηλον
1669 3726 1782 3788 τοῖς

195 3810 301 3873 τὰς
329 3810 572 3882 ἱστορίας
602 3811 946 3878 ἐξετάζουσιν
966 3854 980 3879 ,
1008 3815 1083 3877 ὼς
1118 3813 1279 3886 μέχρι
1322 3814 1421 3885 μὲν
1443 3815 1550 3869 τῶν
1577 3816 1782 3888 χρόνων

195 3899 304 3968 τῆς
327 3902 652 3970 ἐπιφανείας
672 3902 767 3956 τοῦ
804 3904 1055 3975 Σωτῆρος
1086 3908 1117 3975 ή
1128 3906 1243 3975 μῶν
1289 3906 1461 3978 Ἰησοῦ
1491 3906 1583 3960 τοῦ
1645 3909 1780 3979 Χρι-

198 3989 327 4045 στοῦ
349 3992 445 4044 καὶ
459 3992 550 4045 ἐπὶ
561 3994 657 4064 τῆς
669 3995 960 4064 Δαμασκοῦ
982 3997 1321 4067 συνειστήκει
1342 3997 1403 4049 τὸ
1424 3998 1490 4050 ὲκ
1505 3998 1781 4068 προγόνων

195 4081 452 4151 διαδοχῆς
482 4083 769 4162 βασίλειον.
798 4085 1081 4156 Μέμνηται
1105 4086 1233 4154 γοῦν
1259 4089 1287 4140 6
1318 4087 1461 4159 ίερὸς
1488 4088 1782 4152 ἀπόστολος

211 4172 413 4242 Ἀρέτα
452 4173 547 4225 τοῦ
597 4173 857 4245 βασιλέως
905 4177 1276 4249 Δαμασκηνῶν
1303 4194 1314 4207 ·
1359 4179 1452 4232 καὶ
1496 4179 1590 4232 τοῦ
1650 4180 1780 4232 Ἰου-

193 4263 367 4316 δαίων
392 4264 449 4317 δὲ
478 4264 661 4329 ἔθνους
680 4270 714 4337 ἡ
752 4267 1002 4332 ἄτακτος,
1028 4269 1121 4322 καὶ
1146 4271 1207 4323 οὐ
1237 4270 1379 4324 κατὰ
1407 4271 1571 4343 νόμον
1611 4272 1779 4326 εἰσέτι

196 4358 322 4410 τότε
369 4357 581 4427 διέμενε
631 4358 893 4428 βασιλεία.
939 4362 1015 4413 Οὐ
1071 4361 1180 4434 γὰρ
1229 4364 1337 4417 ἀπὸ
1383 4363 1570 4431 γένους
1616 4361 1779 4416 Δαυῒδ

1898 529 2014 575 tum
2043 528 2196 592 patre
2220 521 2402 575 Achaz
2431 527 2694 590 regnante
2724 519 2905 573 futura
2937 519 3295 574 canebantur.
3332 517 3465 575 Eze-

1898 612 2077 666 chiam
2116 625 2244 666 vero
2270 618 2559 680 antequam
2588 624 2814 679 regnum
2840 609 3109 678 acceperit
3139 608 3342 673 Achas,
3371 624 3465 679 ge-

1897 704 2071 757 nitum
2106 718 2231 758 esse
2267 710 2506 757 constat.
2543 700 2701 767 Quod
2734 701 2782 756 si
2837 704 2906 755 ad
2949 701 3095 756 hunc
3135 714 3198 755 ea
3235 715 3356 771 qua
3395 701 3463 756 ad

1899 796 2242 865 propositum
2293 794 2581 849 oraculum
2638 793 2933 865 pertinent,
2994 793 3219 848 minime
3270 792 3465 848 referri

1897 897 2151 958 possunt,
2182 887 2355 941 multo
2388 886 2570 942 minus
2614 887 2680 941 ad
2713 886 2878 940 alium
2910 885 3220 957 quempiam
3247 901 3460 950 eorum,

1897 979 1991 1049 qui
2014 979 2155 1048 apud
2179 977 2395 1034 Judaos
2417 984 2538 1047 post
2556 977 2852 1048 prophetia
2870 985 3114 1048 tempora
3130 977 3461 1042 exstiterint,

1898 1077 2259 1142 praterquam
2295 1070 2363 1125 ad
2401 1077 2580 1125 ortum
2611 1070 2753 1140 ejus,
2786 1072 2876 1139 qui
2912 1084 3074 1124 verus
3122 1077 3208 1126 est
3249 1068 3464 1124 Emma-

1904 1163 2055 1226 nuel,
2105 1161 2270 1231 318
2300 1161 2405 1216 hoc
2434 1169 2519 1215 est
2550 1161 2669 1231 ejus
2685 1162 2779 1230 qui
2822 1160 3089 1215 exstiterit
3122 1175 3248 1215 vere
3277 1160 3463 1215 nobis-

1897 1269 2023 1309 cum
2054 1252 2220 1318 Deus,
2252 1260 2306 1308 et
2336 1252 2403 1307 ad
2432 1268 2601 1307 unum
2636 1250 2937 1309 Salvatoris
2969 1253 3143 1308 nostri
3171 1250 3267 1307 Dei
3295 1251 3462 1307 Verbi

1898 1345 1966 1400 ad
1991 1344 2242 1400 homines
2268 1359 2586 1399 accessum:
2629 1343 2845 1399 duobus
2872 1344 3014 1398 enim
3055 1343 3286 1398 sublatis
3314 1343 3459 1413 regi-

1898 1436 2021 1499 bus,
2064 1436 2281 1492 deserta
2326 1446 2381 1490 et
2423 1435 2538 1491 sola
2588 1436 2777 1490 relicta
2825 1443 2909 1491 est
2947 1433 3259 1491 Judaorum
3291 1443 3460 1497 terra,

1898 1529 2040 1584 sicut
2064 1527 2346 1583 oraculum
2370 1527 2445 1581 ait
2469 1527 2734 1591 futurum,
2769 1527 2957 1582 dicens
2984 1546 2997 1580 :
3028 1544 3047 1577 c
3104 1524 3464 1595 Relinquetur

1896 1624 2043 1672 terra
2075 1631 2105 1669 a
2136 1614 2271 1671 facie
2298 1615 2529 1670 duorum
2561 1629 2786 1685 regum;
2828 1632 2847 1665 ι
2872 1612 3018 1683 quod
3039 1611 3259 1683 quidem
3280 1610 3463 1680 ipsum

1897 1707 2056 1761 etiam
2088 1705 2245 1774 plane
2277 1705 2344 1759 ad
2374 1704 2599 1758 verbum
2645 1703 2727 1758 sic
2768 1702 3248 1759 demonstrabitur.
3297 1701 3464 1756 Tem-

1819 1787 1863 1842 B
1890 1800 2115 1871 poribus
2142 1796 2285 1853 enim
2337 1795 2482 1867 regis
2516 1795 2718 1860 Achaz,
2749 1801 2803 1849 et
2838 1791 2990 1849 Isaia
3013 1793 3106 1851 ﬁlii
3136 1793 3323 1856 Amos,
3347 1793 3464 1864 qui—

1894 1892 1997 1947 bus
2022 1888 2307 1961 pr0phetia
2341 1887 2430 1940 illa
2462 1886 2607 1943 edita
2638 1892 2749 1949 est,
2801 1900 2896 1940 rex
2931 1883 3103 1955 Syria
3132 1883 3227 1955 qui
3255 1882 3461 1937 Dama-

1895 1985 1997 2049 sci,
2026 1990 2080 2038 et
2108 1998 2201 2037 rex
2245 1978 2413 2036 Israel
2465 1995 2578 2035 non
2621 1980 2669 2034 is
2704 1978 2797 2050 qui
2828 1979 2883 2033 in
2911 1977 3239 2044 Jerusalem,
3276 1976 3368 2032 sed
3412 1977 3462 2031 is

1892 2075 1983 2146 qui
2038 2072 2298 2128 Samaria
2323 2071 2608 2142 regnabat,
2668 2081 2722 2127 et
2747 2069 3085 2125 multitudini
3121 2066 3457 2129 Judaorum,

1896 2166 1991 2237 qui
2016 2179 2047 2218 a
2073 2163 2258 2218 divina
2288 2163 2404 2233 lege
2427 2160 2764 2220 defecerant,
2791 2160 3110 2230 imperabat,
3146 2157 3354 2214 foedere
3375 2157 3461 2211 in-

1892 2268 1972 2313 ter
2003 2270 2062 2310 se
2106 2259 2237 2319 icto,
2269 2268 2365 2308 eos
2411 2252 2612 2322 quibus
2658 2250 2877 2307 Davidis
2907 2264 3255 2307 successores
3288 2248 3461 2319 impe-

1891 2347 2107 2408 rabant,
2164 2343 2418 2398 obsidere
2448 2348 2773 2412 coeperunt.
2826 2339 3006 2397 Hasce
3050 2341 3220 2413 igitur
3267 2339 3459 2395 ambos

1890 2450 2016 2490 cum
2051 2433 2338 2505 prophetia
2389 2430 2663 2487 tollendos
2697 2439 2862 2500 atque
2904 2428 3228 2487 evertendas
3269 2437 3454 2492 canat,

1890 2528 2040 2598 ipsos
2070 2525 2290 2597 quidem
2337 2524 2485 2579 illius
2514 2523 2776 2593 temporis
2818 2522 3037 2579 Judaos
3075 2529 3130 2577 et
3178 2529 3456 2588 externos,

1889 2618 1983 2689 qui
2017 2619 2280 2674 adversus
2313 2616 2572 2687 populum
2612 2614 2706 2671 Dei
2735 2615 2838 2671 sibi
2867 2613 3086 2670 dextras
3109 2614 3250 2667 inter
3273 2628 3332 2668 se
3361 2612 3458 2668 de-

1888 2710 2103 2773 derant,
2149 2725 2180 2764 e
2225 2706 2458 2777 vestigio
2505 2704 2906 2771 dissolvendos,
2958 2713 3014 2760 et
3052 2704 3398 2759 discessuros
3425 2717 3457 2758 a

1888 2802 2033 2857 bello
2064 2801 2347 2872 pradicit;
2378 2815 2602 2873 regnum
2640 2810 2823 2854 tamen
2864 2797 2996 2853 illud
3038 2812 3103 2853 ac
3149 2796 3459 2852 successio-

1883 2906 2006 2947 nem
2030 2907 2218 2947 eorum
2246 2907 2473 2962 prorsus
2508 2891 2839 2948 dissolutum
2868 2890 3317 2958 exstinctumque
3358 2887 3452 2955 iri,

1887 2983 1990 3037 sub
2038 2983 2210 3047 illius,
2265 2983 2331 3039 de
2375 2998 2487 3054 quo
2534 2982 2817 3054 prophetia
2873 2982 3134 3052 loquitur,
3166 2979 3455 3036 nobiscum

1892 3073 2008 3138 Dei,
2039 3083 2242 3131 ortum.
2278 3074 2511 3131 Attende
2553 3075 2721 3145 igitur
2749 3073 3038 3144 diligenter
3064 3087 3174 3144 quo
3205 3082 3450 3141 tempore

1814 3137 1855 3194 Ο
1890 3164 2348 3222 Damascenorum
2376 3167 2538 3221 simul
2568 3181 2631 3221 ac
2658 3164 2970 3220 Judaorum
3018 3164 3346 3220 dissolutqu
3369 3172 3456 3219 est

1887 3272 2136 3327 regnum,
2174 3264 2229 3315 et
2258 3258 2479 3330 quando
2502 3257 2718 3312 tandem
2752 3258 2942 3313 relicta
2969 3265 3054 3313 est
3073 3265 3218 3313 terra
3239 3255 3457 3312 Judao-

1887 3364 2006 3403 rum
2061 3350 2179 3406 sine
2230 3366 2381 3421 rege,
2432 3364 2646 3406 necnon
2696 3350 2815 3418 ipsa
2866 3364 2986 3419 qua
3017 3350 3170 3418 prius
3219 3351 3450 3407 multum

1884 3455 2117 3515 poterat,
2166 3462 2361 3518 magna
2410 3460 2577 3499 manu
2633 3441 2909 3514 quondam
2951 3442 3124 3515 Syria
3177 3445 3450 3499 universa:

1884 3541 2230 3612 imperitans,
2284 3540 2746 3597 Damascenorum
2802 3539 2972 3608 regio.
3041 3537 3284 3608 Namque
3349 3538 3453 3593 sub

1884 3632 2077 3686 horum
2105 3634 2440 3687 eversionem
2472 3640 2635 3703 atque
2679 3632 2979 3698 interitum,
3023 3629 3199 3698 ipsum
3233 3628 3453 3683 Emma-

1882 3723 2011 3779 nuel
2058 3738 2284 3792 prorsus
2318 3724 2589 3778 oriturum
2623 3721 2793 3778 fuisse
2826 3736 2922 3791 par
2950 3729 3055 3784 est,
3100 3726 3155 3774 et
3197 3734 3321 3774 eum
3370 3719 3438 3774 de

1883 3828 1991 3883 quo
2016 3813 2301 3883 prophetia
2329 3813 2572 3883 loquitur
2602 3821 2916 3868 venturum.
2965 3808 3020 3864 Si
3053 3810 3222 3880 igitur
3252 3809 3446 3866 horum

1881 3905 2148 3975 ipsorum,
2172 3905 2239 3960 de
2268 3905 2469 3976 quibus
2491 3905 2696 3958 dictum
2728 3911 2833 3965 est,
2867 3916 3056 3971 regna,
3084 3902 3264 3955 adhuc
3300 3911 3445 3956 stare

1881 3996 2081 4052 intueri
2113 3997 2325 4062 liceret,
2361 3996 2500 4050 nihil
2530 3995 2764 4065 amplius
2803 4007 3047 4063 quarere
3091 4007 3230 4063 opus
3277 4000 3445 4059 esset,

1881 4091 1978 4147 sed
2005 4091 2168 4145 etiam
2201 4104 2350 4143 nunc
2394 4089 2448 4142 in
2496 4087 2741 4143 futurum
2787 4098 3002 4156 tempus
3028 4101 3179 4155 spem
3221 4100 3441 4139 omnem

1879 4182 2182 4237 intendere.
2230 4181 2328 4235 Sin
2368 4186 2551 4234 autem
2595 4180 2777 4250 reipsa
2816 4188 3030 4235 constat
3054 4196 3116 4232 ea
3144 4177 3212 4233 de
3237 4177 3440 4247 quibus

1879 4276 2084 4331 dictum
2113 4282 2219 4340 est,
2255 4290 2445 4331 eversa
2476 4274 2798 4344 sublataque
2835 4289 2977 4338 esse,
3010 4288 3185 4342 usque
3214 4270 3349 4327 adeo
3386 4277 3445 4325 ut

1878 4383 2055 4439 neque
2086 4368 2139 4421 in
2167 4367 2451 4431 Damasco,
2488 4382 2663 4437 neque
2691 4366 2745 4419 in
2768 4363 2975 4429 Judaa,
3004 4364 3210 4420 nostris
3235 4370 3445 4433 tempo-

194 4451 394 4521 ἔφερον
417 4451 515 4521 τὴν
542 4450 639 4520 τῆς
664 4452 835 4523 ἀρχῆς
858 4451 1102 4524 διαδοχὴν
1153 4453 1397 4525 Ἡρώδης
1438 4455 1530 4507 καὶ
1566 4456 1614 4507 οί
1657 4453 1774 4524 μετ’

1885 4460 2033 4514 ribus
2067 4473 2247 4529 regem
2296 4459 2499 4513 intueri
2544 4459 2725 4522 liceat,
2766 4457 2896 4528 quid
2931 4458 3165 4526 amplius
3187 4456 3446 4510 dubitan-

194 4543 363 4595 αὐτὸν
394 4542 487 4595 ἐπὶ
506 4542 601 4595 τοῦ
634 4544 882 4615 Σωτῆρος
904 4544 1059 4615 ήμῶν
1085 4547 1385 4617 γενόμενοι.
1421 4546 1571 4599 Μετὰ
1596 4546 1652 4599 δὲ
1674 4545 1773 4616 τὴν

194 4634 524 4703 ἐπιφάνειαν
567 4636 765 4701 αὐτοῦ,
820 4637 914 4690 καὶ
963 4637 1026 4690 τὸ
1070 4638 1422 4707 εὐαγγελικὺν
1459 4638 1538 4701 είς
1568 4637 1775 4701 πάντας

194 4724 520 4794 ἀνθρώπους
558 4726 651 4779 τοῦ
697 4729 761 4779 ἐκ
808 4729 907 4798 τῆς
948 4727 1222 4800 Παρθένου
1255 4728 1444 4793 παιδὸς
1487 4729 1775 4800 κήρυγμα,

194 4817 617 4871 καταλέλειπται
678 4818 876 4874 αὐτίκα
940 4821 973 4891 ἡ
1024 4820 1093 4889 γῆ
1147 4820 1255 4874 ἀπὸ
1320 4820 1610 4891 προσώπου
1660 4824 1772 4875 τοῖν

190 4910 341 4960 δυεῖν
368 4907 649 4977 βασιλέων.
708 4908 797 4975 Ἐξ
828 4911 1034 4963 ἐκείνου
1065 4911 1173 4983 γὰρ
1196 4911 1294 4982 τῆς
1351 4913 1635 4983 Ῥωμαίων
1672 4931 1771 4984 μο-

191 5000 424 5069 ναρχίας
448 4999 556 5052 τῶν
589 4998 757 5053 ἐθνῶν
796 5003 1262 5074 ὲπικρατησὰσης,
1303 5003 1520 5057 ἐλέλυτο
1550 5005 1647 5076 μὲν
1675 5004 1772 5058 καὶ

192 5090 349 5140 πᾶσα
377 5090 409 5157 ή
441 5088 579 5141 κατὰ
610 5090 735 5153 τοὺς
749 5090 944 5154 τόπους
969 5091 1226 5163 ἐθναρχία
1253 5111 1312 5147 τε
1332 5094 1425 5149 καὶ
1445 5095 1734 5166 πολιαρχία
1751 5113 1766 5125 ·

188 5177 345 5239 τέλος
387 5178 443 5229 δὲ
501 5178 638 5249 μετὰ
691 5178 798 5232 τῶν
855 5180 1029 5235 ἄλλων
1087 5184 1180 5236 καὶ
1231 5183 1300 5236 τὰ
1344 5185 1443 5255 τῆς
1478 5186 1536 5238 ὲν
1583 5186 1769 5257 χερσὶν

189 5269 467 5339 ἐλάμϐανε
517 5273 871 5343 προφητείας.
937 5276 1102 5347 Ῥητὰ
1157 5276 1256 5348 μὲν
1301 5274 1392 5331 οὖν
1422 5279 1546 5332 τάδε
1574 5297 1587 5310 ·
1634 5280 1769 5352 πρὸς

185 5362 245 5415 δὲ
290 5361 531 5415 διάνοιαν
573 5365 603 5415 6
670 5365 769 5436 τῆς
828 5368 1164 5437 προφητείας
1217 5369 1371 5438 λόγος
1412 5371 1625 5442 ἁπάσης
1667 5372 1768 5442 ψυ-

187 5453 293 5522 χῆς
316 5452 379 5504 16
405 5453 665 5517 εὐπαθὲς
684 5456 776 5508 καὶ
787 5456 1096 5528 γαληναῖον,
1116 5458 1209 5511 καὶ
1229 5459 1499 5530 είρηναῖον
1514 5460 1764 5531 σημαίνει

186 5543 290 5613 τῆς
324 5542 417 5595 τὸν
450 5544 777 5615 γεννηθέντα
807 5546 938 5600 Θεὸν
973 5548 1135 5602 αὑτὸν
1174 5548 1237 5619 δὴ
1277 5549 1368 5603 τὸν
1424 5550 1765 5622 Ἐμμανουήλ

190 5640 663 5711 παραδεξαμένης.
713 5643 858 5705 Ἐνὸς
886 5643 992 5714 γὰρ
1026 5645 1260 5717 Χριστοῦ
1296 5646 1389 5699 καὶ
1425 5646 1517 5701 τοῦ
1564 5665 1764 5716 καταγ-

191 5726 472 5796 γελθέντος
523 5730 660 5800 πρὸς
720 5731 883 5787 αὑτοῦ
945 5733 1101 5803 λόγου
1160 5737 1257 5807 τῆς
1307 5735 1412 5789 τῶν
1464 5737 1760 5808 ἀνθρώπιον

1876 4551 2003 4606 dum
2054 4559 2163 4618 est,
2222 4552 2503 4605 oraculum
2541 4567 2699 4606 suum
2748 4550 2909 4609 linem
2967 4549 3261 4619 accepisse,
3297 4547 3443 4618 quod

1876 4644 1988 4697 ait?
2033 4661 2051 4693 ι
2076 4642 2143 4695 Ει
2182 4643 2517 4712 relinquetur
2548 4650 2695 4696 terra
2736 4656 2766 4694 a
2808 4640 2944 4695 facie
2971 4639 3204 4694 duorum
3229 4653 3439 4708 regum,

1874 4751 2014 4806 quos
2049 4746 2106 4790 tu
2157 4735 2317 4789 times
2341 4750 2371 4788 a
2401 4734 2537 4788 facie
2568 4734 2849 4803 ipsorum;
2876 4751 2893 4782 ι
2933 4732 3134 4801 quibus
3176 4731 3230 4784 in
3260 4730 3441 4785 verbis

1873 4839 2028 4893 reges
2055 4838 2155 4892 pro
2206 4824 2390 4897 regnis
2439 4822 2702 4876 nominati
2748 4828 2895 4876 sunt.
2951 4819 3229 4891 Siquidem
3283 4817 3440 4891 Sym—

1872 4916 2098 4969 machus
2146 4915 2219 4967 ita
2280 4915 2395 4971 ait:
2454 4914 2856 4984 «Relinquetur
2916 4920 3085 4977 terra,
3139 4927 3170 4966 a
3220 4927 3328 4981 qua
3381 4928 3437 4964 tn

1869 5007 2013 5060 mala
2076 5006 2311 5078 pateris,
2356 5022 2386 5060 a
2446 5004 2584 5065 facie
2651 5006 2884 5061 duorum
2950 5021 3141 5076 regum
3200 5005 3433 5075 ipsius.»

1868 5096 2065 5167 Aquila
2155 5113 2319 5159 vero;
2427 5096 2823 5169 «Relinquetur
2886 5106 3033 5152 terra
3051 5137 3077 5179 ,Γ
3134 5112 3298 5168 quam
3377 5106 3435 5151 tu

1868 5188 2087 5245 fastidis
2113 5227 2130 5255 ,
2194 5203 2226 5245 a
2268 5187 2407 5244 facie
2457 5188 2690 5244 duorum
2732 5203 2918 5258 regum
2960 5188 3150 5258 ipsius.
3184 5207 3202 5240 ι
3248 5186 3431 5241 Theo-

1867 5280 2058 5335 dotion
2110 5295 2327 5351 quoque
2385 5281 2576 5336 eodem
2641 5281 3035 5349 interpretatus
3091 5289 3175 5335 est
3231 5281 3422 5333 modo-

1866 5373 2032 5451 319
2058 5393 2077 5426 ι
2106 5372 2485 5446 Relinquetur,
2526 5374 2722 5447 inquit,
2757 5382 2901 5430 terra
2935 5389 3097 5444 quam
3141 5381 3199 5429 tu
3222 5374 3400 5428 abomi

1865 5465 2017 5518 naris
2051 5479 2082 5518 a
2112 5463 2250 5521 facie
2297 5465 2531 5520 duorum
2578 5480 2764 5539 regum
2811 5467 3005 5537 ipsius.
3049 5484 3068 5519 ι
3111 5465 3306 5521 Cernis

1863 5554 2188 5610 vaticinetur
2219 5564 2420 5611 terram
2465 5558 2877 5628 relinquendam
2929 5574 3052 5615 esse
3085 5559 3204 5614 sine
3254 5572 3381 5628 rege

1866 5644 1972 5700 Sed
1998 5661 2159 5715 quam
2194 5648 2411 5702 tandem
2447 5657 2643 5704 terram
2664 5689 2679 5715 ,
2714 5649 2819 5705 nisi
2846 5649 3308 5707 Damascenorum
3345 5658 3429 5704 at-

1863 5752 1968 5809 que
1995 5734 2205 5794 Israel?
2234 5737 2441 5795 Horum
2486 5741 2631 5796 enim
2682 5741 2792 5797 duo
2822 5757 2975 5813 reges
3004 5747 3181 5809 erant,
3213 5740 3279 5796 de
3305 5740 3433 5811 qui-
