3828 6220
403 323 517 407 σοῦ’

1052 346 1331 420 rusum
1371 346 1855 407 CESARIENSIS
1886 348 1961 407 or

2068 348 2253 408 PARS
2291 350 2360 406 ll.
2400 384 2469 393 —
2506 350 3009 408 APOLOGETICA.

3550 352 3651 408 501

402 466 507 522 bus
564 462 656 518 hic
708 477 892 519 sermo
933 442 1040 519 est.
1094 465 1339 532 Quorum
1400 475 1604 522 terram
1637 465 1819 521 Achaz
1878 467 1961 525 fa-

2071 468 2250 539 ψυχῆς
2277 468 2652 538 βασιλεύοντος
2669 508 2684 530 ,
2706 471 2754 521 οί
2783 471 2911 540 πρὶν
2945 468 3360 537 ἀποπεφεύγασι
3383 470 3653 541 πολέμιοι.

404 556 660 613 stidiebat
720 555 837 609 sive
888 554 1309 612 abominabatur
1350 558 1639 624 laborans,
1673 558 1788 613 sive
1836 558 1977 612 mala

403 648 619 719 patiens
649 648 718 702 ab
770 661 856 702 ea.
885 644 1121 713 Quando
1150 648 1335 719 igitur,
1365 663 1582 719 quaeso,
1628 648 1733 703 hoc
1773 649 1976 703 factum

399 743 524 799 est?
550 740 647 796 His
674 741 818 796 enim
846 741 1113 798 confectis
1142 782 1157 807 ,
1194 757 1420 798 necesse
1440 747 1525 797 est
1578 756 1809 811 prorsus
1853 750 1975 795 eam

399 833 697 905 prOphetize
751 840 986 904 partem,
1017 834 1085 890 de
1115 849 1222 905 qua
1251 835 1341 888 hic
1379 835 1585 889 dictum
1615 841 1728 895 est,
1765 833 1833 887 ad
1859 836 1977 888 exi-

399 934 515 981 tum
550 926 885 996 pervenisse,
902 927 1007 981 hoc
1023 933 1107 983 est
1135 925 1435 998 Virginem,
1461 925 1749 981 nobiscum
1782 924 1971 989 Deum,

397 1017 697 1087 peperisse.
727 1015 794 1070 Et
816 1031 952 1072 sane
980 1024 1200 1073 constat
1236 1017 1379 1087 apud
1407 1031 1502 1072 eos
1531 1017 1627 1087 qui
1651 1032 1761 1071 non
1790 1017 1975 1072 indili-

400 1117 588 1178 genter
612 1108 878 1165 historias
926 1109 1354 1180 exploraverim,
1387 1109 1842 1178 quemadmodum
1880 1126 1974 1166 us—

397 1214 505 1269 que
542 1199 610 1253 ad
632 1206 881 1269 tempora
912 1199 1211 1256 Salvatoris
1244 1201 1419 1256 nostri
1451 1199 1580 1256 Jesu
1619 1200 1847 1265 Christi,
1884 1217 1972 1257 re-

395 1308 491 1365 ges
538 1292 791 1348 Damasci
836 1308 865 1347 a
898 1293 1199 1363 majoribus
1224 1295 1340 1350 suis
1373 1304 1653 1364 acceptum
1684 1295 1969 1365 imperium

395 1385 695 1441 tenuerint.
744 1384 879 1439 Nam
936 1394 1160 1442 sanctus
1208 1402 1426 1457 quoque
1475 1386 1769 1454 Apostolus
1795 1387 1971 1442 Aretze

394 1477 857 1532 Damascenorum
882 1479 1025 1549 regis
1048 1478 1315 1543 meminit,
1347 1489 1400 1533 et
1430 1476 1674 1533 Iudaica:
1705 1479 1881 1548 gentis
1902 1481 1969 1534 ad

393 1570 527 1626 illud
555 1584 730 1639 usque
752 1578 987 1640 tempus,
1021 1570 1272 1640 quamvis
1298 1570 1669 1625 inordinatum
1692 1578 1745 1627 et
1774 1580 1969 1642 praeter

392 1665 561 1736 leges.
598 1678 827 1732 regnum
858 1664 1133 1718 manebat.
1166 1662 1286 1718 Non
1327 1665 1474 1719 enim
1511 1680 1540 1717 a
1570 1679 1772 1732 genere
1796 1664 1966 1718 David

392 1766 487 1810 aut
517 1757 782 1821 Herodes,
812 1764 906 1811 aut
936 1757 1028 1826 qui
1064 1763 1189 1826 post
1219 1755 1511 1820 Herodem,
1541 1756 1844 1813 Satvatoris
1867 1773 1967 1812 no-

390 1848 492 1903 stri
525 1847 862 1917 temporibus
889 1847 1240 1911 exstiterunt,
1269 1846 1422 1917 regni
1473 1861 1852 1903 successorem
1886 1847 1966 1904 fe-

390 1937 606 1994 rebant.
638 1939 709 1991 At
756 1951 887 1992 vero
916 1944 1041 2006 post
1087 1935 1209 2006 ejus
1260 1938 1560 2002 advintum,
1614 1948 1841 2010 postque
1897 1938 1964 1996 de

391 2027 614 2101 Virgine
658 2030 767 2084 nati
804 2029 1173 2099 evangelicam
1218 2029 1274 2082 in
1305 2044 1497 2084 omnes
1542 2029 1793 2085 homines
1824 2045 1960 2100 prae-

390 2121 741 2183 dicationem,
768 2130 913 2177 terra
934 2120 1197 2175 continuo
1244 2135 1276 2175 a
1310 2119 1450 2177 facie
1506 2121 1741 2176 duorum
1771 2138 1961 2195 regum

387 2215 583 2270 relicta
606 2222 708 2269 est.
736 2212 869 2267 Nam
914 2227 980 2267 ex
1010 2213 1103 2267 illo
1150 2228 1272 2267 cum
1305 2212 1536 2269 Romani
1556 2215 1799 2269 omnium
1831 2233 1963 2287 gen-

386 2307 524 2361 tium
578 2304 865 2375 imperium
895 2303 1302 2368 obtinuissent,
1354 2304 1569 2359 solutus
1601 2305 1821 2376 quidem
1874 2313 1962 2362 est

386 2398 567 2453 omnis
593 2414 688 2468 per
721 2397 935 2467 singula
964 2396 1119 2463 loca,
1149 2404 1259 2449 tam
1291 2397 1532 2467 gentium
1565 2411 1729 2467 quam
1764 2396 1961 2451 civita-

387 2499 501 2544 tum
553 2489 914 2561 principatus,
966 2488 1236 2558 ﬁnemque
1274 2503 1382 2542 una
1414 2503 1538 2543 cum
1568 2488 1758 2545 multis
1810 2490 1955 2554 aliis,

385 2582 551 2637 etiam
581 2596 645 2637 ea
671 2596 794 2652 quae
811 2579 889 2635 ‘ad
922 2587 1244 2651 praesentem
1271 2579 1614 2650 prophetiam
1658 2580 1955 2651 pertinent,

387 2675 582 2730 sortita
626 2682 775 2729 sunt.
808 2672 873 2726 Et
901 2673 1017 2728 haec
1047 2673 1267 2743 quidem
1300 2672 1366 2727 ad
1418 2673 1647 2728 verbum
1683 2675 1959 2745 interpre-

385 2767 628 2821 tantibus
647 2765 793 2820 dicta
816 2766 945 2820 sint.
968 2763 1048 2818 Ad
1081 2780 1302 2820 sensum
1329 2780 1459 2820 vero
1486 2766 1542 2819 in
1563 2765 1710 2820 hunc
1733 2765 1956 2820 modum

384 2859 602 2913 dicatur
627 2873 641 2910 :
663 2858 829 2927 hujus
862 2856 1161 2927 prophetia:
1193 2856 1356 2911 verba
1390 2856 1572 2911 omnis
1598 2859 1797 2911 animae
1836 2873 1958 2927 qua:

382 2950 551 3006 Deum
568 2952 714 3007 hunc
730 2962 940 3016 natum,
962 2947 1738 3020 ipsum,inquam,Emmanuel
1767 2963 1957 3005 susce-

380 3041 1147 3111 perit,stabiles,tranquillos,
1161 3038 1419 3109 paciﬁcos
1430 3039 1738 3109 signiﬁcare
1752 3053 1952 3096 mores.

2063 561 2170 617 ’δύο
2212 563 2403 633 τρόποι
2436 561 2777 623 δυσσεόείας,
2812 562 2841 613 ὂ
2868 578 2928 613 τε
2962 559 3061 632 τὴν
3095 558 3538 631 είδωλολατρείαν
3560 580 3653 618 και

2076 653 2174 724 τὴν
2201 654 2258 707 ἐν
2292 653 2651 725 πολυτρόποις
2683 653 2945 723 δόγμασιν
2978 651 3309 723 ἑτεροδοξίαν
3338 652 3654 708 suosme

2068 745 2403 816 ἀνθρώποις,
2441 745 2537 798 καί
2573 747 2601 799 6
2631 744 2728 815 τὴν
2759 748 2816 798 ἐν
2845 743 3001 815 ἤθεσι
3031 742 3360 815 διαστροφὴν
3392 746 3652 815 ἐνεργῶν.

2077 836 2292 889 Τούτων
2316 836 2375 889 δὲ
2401 832 2494 889 οὖν
2518 835 2710 905 ἔφερον
2730 838 2779 889 οί
2810 835 2977 889 πάλαι
3004 833 3164 904 δηλού
3173 851 3325 904 μενοι
3353 837 3655 906 σωματικοὶ

2077 925 2315 995 βασιλεῖς
2349 926 2418 980 τὰ
2470 926 2714 997 σύμϐολα
2737 944 2752 957 ⁸
2799 921 2875 981 ὧν
2923 928 2953 979 6
3001 926 3098 997 μὲν
3143 928 3521 998 Δαμασκηνῶν
3556 928 3654 997 τῆς

2074 1019 2181 1072 τῶν
2228 1019 2399 1073 ἐθνῶν
2454 1020 2582 1092 περὶ⁵
2621 1021 2694 1074 τά
2738 1019 2930 1073 εἴδωλα
2971 1018 3178 1089 πλάνης
3216 1019 3380 1072 εἰκὼν
3424 1015 3517 1092 ἦν,
3549 1023 3580 1075 6
3609 1020 3666 1073 6‘-

2073 1111 2258 1183 ἕτερος
2301 1113 2410 1165 τῶν
2451 1113 2802 1166 ἀποστάντων
2851 1112 2951 1181 τῆς
3014 1111 3401 1183 Ἰερουσαλὴμ,
3452 1111 3653 1184 δηλαδὴ

2072 1203 2178 1255 τῶν
2213 1204 2687 1257 ἀποπεπωκὸτων
2723 1203 2823 1273 τῆς
2865 1202 3005 1256 κατὰ
3051 1203 3143 1256 τὸν
3188 1204 3352 1275 νόμον
3384 1202 3479 1257 τοῦ
3520 1203 3654 1256 Θεοῦ

2072 1291 2343 1365 λατρείας.
2399 1297 2519 1348 Ὅτι
2575 1296 2633 1349 δὲ
2680 1294 2852 1347 ταῦτα
2902 1294 3044 1347 κατὰ
3087 1295 3327 1349 διάνοιαν
3376 1295 3655 1366 τροπικῶς

2070 1385 2430 1455 ἀποδέχεσθαι
2472 1387 2773 1458 προσήκει,
2825 1386 2982 1457 μάθοι
3013 1387 3078 1441 άν
3123 1403 3207 1449 τις
3247 1388 3342 1440 καὶ
3387 1387 3498 1440 ἀπὸ
3546 1387 3656 1440 τῶν

2071 1477 2197 1547 ἑξῆς
2230 1478 2666 1548 ἐπιλεγομένων,
2688 1479 2755 1532 δι’
2784 1472 2860 1532 ὦν
2892 1479 2951 1530 ἐν
2983 1480 3049 1549 τῇ
3083 1477 3267 1549 ἡμέρᾳ
3298 1478 3396 1530 τοῦ
3442 1479 3658 1548 Ἐμμα-

2069 1568 2230 1640 νουὴλ
2282 1570 2442 1641 μυίας
2478 1570 2634 1633 τινὰς
2681 1572 2777 1623 καὶ
2825 1571 3084 1642 μελίσσας
3128 1568 3522 1622 ἐπελεύσεσθαι
3576 1568 3653 1639 τῷ

2081 1658 2346 1713 Ἰουδαίων
2389 1659 2530 1714 ἔθνει
2570 1663 2667 1715 καὶ
2711 1663 2740 1714 ὁ
2774 1662 2930 1730 λόγος
2970 1660 3247 1727 θεσπίζει,
3282 1661 3383 1723 τάς
3418 1660 3522 1731 μὲν
3559 1660 3655 1712 ἀπ’

2066 1749 2365 1817 Αἰγύπτου,
2399 1749 2499 1814 τὰς
2525 1751 2581 1803 δὲ
2613 1750 2721 1803 ἀπὸ
2748 1750 2856 1803 τῶν
2891 1751 3186 1822 Ἀσσυρίων
3206 1790 3221 1812 ,
3244 1751 3344 1821 τὴν
3385 1748 3654 1820 κεφαλὴν,

1998 1816 2039 1870 Β
2068 1844 2163 1899 καὶ
2222 1847 2349 1909 τοὺς
2403 1845 2567 1909 πόδας
2589 1885 2603 1908 ,
2653 1848 2749 1899 καὶ
2799 1846 2892 1899 τὸν
2953 1816 3189 1913 πώγωνα
3236 1816 3609 1914 ἀποξυρήσειν
3636 1860 3651 1873 ο

2063 1936 2349 2009 ἄνθρωπον
2377 1938 2433 1990 δὲ
2464 1932 2697 2009 δάμαλιν
2723 1937 2883 2008 βοῶν,
2906 1938 3000 1991 καὶ
3020 1937 3113 1991 δύο
3146 1936 3388 2008 πρόϐατα
3406 1934 3652 2006 θρέψειν,

2064 2028 2156 2080 καὶ
2188 2027 2322 2080 ἄλλα
2350 2028 2471 2081 τινὰ
2497 2028 2618 2081 καθ’
2642 2028 2739 2082 ἕνα
2774 2027 2866 2080 καὶ
2896 2027 2988 2080 τὸν
3017 2027 3179 2079 αὐτὸν
3210 2026 3402 2098 χρόνον
3431 2023 3655 2077 ἔσεσθαι

2061 2118 2309 2189 οὐδαμῶς
2354 2118 2490 2190 πρὸς
2512 2117 2655 2183 λέξιν
2676 2118 2963 2189 νοούμενα,
2982 2116 3127 2171 κατὰ
3148 2117 3315 2187 μόνην
3336 2115 3392 2168 δὲ
3412 2115 3653 2169 διάνοιαν

2062 2209 2429 2281 θεωρούμενα.
2475 2211 2662 2265 Ταῦτα
2720 2210 2821 2281 μὲν
2868 2207 2964 2264 οὖν
3018 2208 3280 2264 τοιαῦτα·
3315 2210 3468 2273 ὅπως
3499 2208 3561 2262 δὲ
3615 2210 3652 2278 ἠ

2062 2302 2311 2373 παροῦσα
2373 2302 2560 2374 γραφὴ
2625 2303 2727 2374 τῆς
2785 2302 2881 2355 τοῦ
2949 2303 3196 2373 Σωτῆρος
3248 2301 3409 2373 ἡμῶν
3474 2300 3653 2369 Ἰησοῦ

2059 2395 2297 2465 Χριστοῦ
2329 2396 2597 2464 γενέσεως
2631 2396 3005 2467 προεσήμαινε
3038 2395 3128 2448 τὸν
3166 2394 3366 2463 τρόπον
3389 2433 3404 2457 ,
3441 2409 3651 2464 μαρτυ-

2062 2489 2216 2559 ρήσει
2266 2480 2368 2540 ὧδέ
2398 2503 2515 2550 πως
2546 2490 2575 2540 6
2616 2486 3007 2559 εύαγγελιστὴς
3051 2487 3280 2556 γράφων
3304 2500 3319 2515 ·
3378 2504 3396 2536 ι
3430 2483 3541 2537 Τοῦ
3589 2483 3652 2537 δὲ

2070 2578 2242 2650 Ἰησοῦ
2276 2578 2512 2649 Χριστοῦ
2545 2581 2580 2649 ἡ
2612 2579 2827 2647 γένεσις
2870 2578 3043 2643 οὕτως
3071 2574 3140 2649 ἧν
3162 2595 3175 2606 ·
3202 2576 3650 2647 Μνηστευθείσης

2058 2670 2165 2742 γάρ
2211 2671 2310 2740 τῆς
2347 2671 2551 2742 μητρὸς
2592 2671 2756 2724 αὐτοῦ
2797 2672 3016 2743 Μαρίας
3061 2669 3141 2741 τῷ
3185 2670 3418 2740 Ἰωσὴφ,
3445 2670 3579 2739 πρὶν
3613 2666 3648 2737 ἢ

2060 2763 2332 2817 συνελθεῖν
2355 2764 2572 2826 αὐτοὺς,
2598 2762 2796 2835 εὑρέθη
2831 2767 2890 2817 ἐν
2921 2763 3120 2835 γαστρὶ
3146 2762 3346 2834 ἔχουσα
3377 2763 3445 2814 ἐκ
3472 2760 3647 2813 Ilvati-

2060 2874 2226 2927 ματος
2258 2856 2434 2926 ἁγίου.
2483 2856 2678 2928 Ἰωσὴφ
2709 2857 2767 2910 δὲ
2797 2858 2825 2910 6
2854 2856 2995 2928 ἀνὴρ
3027 2858 3231 2928 αὐτῆς,
3276 2855 3487 2917 δίκαιος
3536 2852 3646 2918 ὣν,

2055 2948 2151 3002 καὶ
2201 2948 2276 3020 μὴ
2340 2947 2510 3001 θέλων
2562 2949 3061 3021 παραδειγματίσαι
3120 2947 3292 3020 αὐτὴν
3312 2989 3329 3013 ,
3374 2932 3645 3018 ἐϐουλήθη

2053 3040 2226 3113 λάθρα
2245 3039 2510 3095 ἀπολῦσαι
2532 3041 2723 3111 αὐτήν.
2748 3040 2932 3095 Ταῦτα
2955 3040 3011 3094 δὲ
3032 3040 3195 3094 αὑτοῦ
3222 3039 3643 3112 ἐνθυμηθέντος,

383 3130 505 3188 Uno
531 3134 674 3188 enim
691 3131 932 3195 Christo,
958 3139 1012 3187 et
1042 3147 1107 3187 eo
1129 3132 1273 3202 quod
1298 3131 1366 3185 ab
1388 3132 1507 3202 ipso
1528 3131 1839 3185 nuntiatum
1869 3139 1954 3187 est

2068 3133 2167 3187 ἰδοὺ
2193 3132 2420 3203 ἄγγελος
2440 3133 2646 3204 Κυρίου
2681 3134 2799 3187 κατ’
2821 3133 2955 3204 ὄναρ
2985 3132 3233 3202 φαίνεται
3268 3132 3419 3203 αὺτῷ
3443 3131 3641 3201 λέγων’

379 3224 569 3287 verbo,
604 3223 853 3278 humanae
884 3224 1078 3277 anima:
1100 3224 1386 3293 imperium
1417 3223 1715 3287 obtinente,
1740 3223 1953 3293 priores

381 3315 503 3384 ejus
515 3316 719 3379 hostes,
738 3314 847 3369 duo
862 3316 1156 3385 impietatis
1169 3317 1312 3371 modi
1334 3316 1503 3386 fugati
1524 3324 1653 3372 sunt
1682 3334 1697 3372 :
1717 3332 1860 3373 unus
1880 3317 1950 3381 is,

380 3409 476 3477 qui
502 3416 555 3461 et
587 3408 1009 3463 simulacrorum
1039 3410 1271 3473 cultum,
1301 3416 1355 3464 et
1386 3410 1443 3463 in
1477 3409 1816 3465 multimodis
1834 3410 1953 3479 opi-

376 3499 642 3554 nionibus
667 3499 1037 3555 diversitatem
1068 3500 1383 3555 hominibus
1411 3501 1741 3572 suggerebat
1767 3520 1782 3556 :
1811 3502 1952 3557 alter

379 3592 451 3658 is,
505 3593 599 3663 qui
621 3592 677 3647 in
707 3592 954 3648 moribus
983 3593 1394 3662 perversitatem
1422 3593 1775 3664 propagabat.
1811 3592 1948 3648 Nam

378 3685 440 3749 ii,
464 3685 557 3755 qui
582 3684 713 3739 dicti
747 3689 875 3740 sunt
907 3684 1221 3755 corporales
1255 3699 1432 3755 reges.
1463 3682 1658 3739 horum
1687 3695 1845 3741 notas
1895 3694 1953 3740 et

379 3777 534 3848 signa
564 3776 870 3848 gestabant,
895 3792 926 3832 e
954 3776 1153 3847 quibus
1182 3791 1328 3831 unus
1370 3775 1725 3833 Damascenis
1774 3777 1950 3847 impe«

377 3883 529 3931 rans.
575 3869 804 3934 erroris,
844 3884 953 3939 quo
983 3869 1038 3922 in
1073 3868 1386 3924 simulacris
1444 3868 1689 3924 colendis
1758 3877 1948 3939 gentes

376 3960 724 4023 tenebantur,
752 3967 868 4015 erat
898 3960 1076 4030 imago
1104 3977 1120 4015 :
1153 3960 1293 4013 alter
1311 3974 1439 4013 vero
1479 3974 1691 4023 eorum,
1740 3959 1834 4029 qui
1877 3960 1946 4013 ab

374 4049 675 4105 Jerusalem
710 4050 1043 4115 defecerant,
1087 4050 1180 4120 qui
1225 4049 1476 4105 videlicet
1508 4064 1538 4104 a
1582 4048 1677 4105 Dei
1708 4051 1949 4121 legitima

377 4142 699 4199 adoratione
745 4142 1083 4208 deciderant,
1143 4143 1372 4215 ﬁgurate
1414 4159 1706 4214 personam
1761 4159 1950 4215 gerere

371 4233 677 4290 videbatur.
699 4234 863 4306 320
894 4234 1050 4302 Quod
1084 4251 1213 4291 vero
1259 4235 1374 4291 hare
1419 4236 1487 4289 ad
1516 4251 1738 4291 sensum
1770 4252 1838 4291 ex
1892 4235 1954 4289 ﬁ—

2070 3223 2265 3295 Ἰωσὴφ
2323 3224 2439 3288 υίὸς
2495 3223 2693 3287 Δαυῒδ,
2747 3224 2820 3295 μὴ
2865 3224 3110 3296 φοϐηθῇς
3143 3223 3484 3295 παραλαϐεῖν
3520 3226 3647 3279 Μα-

2059 3316 2195 3388 ριὰμ
2227 3315 2324 3387 τὴν
2355 3317 2593 3385 γυναῖκά
2631 3333 2746 3370 σου.
2778 3316 2851 3369 Τὸ
2884 3315 2992 3388 γὰρ
3024 3317 3082 3368 ἐν
3108 3316 3247 3387 αὐτῇ
3279 3315 3543 3386 γεννηθὲν
3579 3319 3645 3370 ἐκ

2058 3407 2373 3478 Πνεύματός
2401 3409 2550 3461 ἐστιν
2577 3408 2756 3476 ἁγίου.
2784 3406 3011 3471 Τέξεται
3031 3406 3089 3460 δὲ
3114 3407 3247 3471 υἱὸν,
3274 3408 3369 3460 καὶ
3387 3406 3667 3473 καλέσεις,

2055 3499 2117 3553 τὸ
2143 3499 2312 3570 ὄνομα
2344 3497 2509 3553 αὐτοῦ
2549 3498 2777 3570 Ἰησοῦν.
2818 3498 2990 3562 Αὐτὸς
3025 3496 3136 3570 γὰρ
3179 3497 3344 3551 σώσει
3384 3497 3478 3551 τὸν
3508 3497 3646 3552 λαὸν

2055 3590 2222 3643 αὑτοῦ
2260 3590 2369 3644 ἀπὸ
2412 3589 2519 3644 τῶν
2567 3589 2850 3664 ἁμαρτιῶν
2892 3589 3092 3643 αὐτῶν.
3135 3607 3154 3642 ι
3200 3589 3372 3643 Τοῦτο
3419 3589 3480 3643 δὲ
3515 3590 3645 3644 ὅλον

2055 3682 2307 3751 γέγονεν,
2341 3683 2431 3736 ἵνα
2454 3681 2714 3753 πληρωθῇ
2749 3680 2811 3735 τὸ
2845 3681 3008 3753 ῥηθὲν
3042 3680 3147 3735 ὑπὸ
3168 3680 3273 3734 τοῦ
3299 3680 3510 3752 Κυρίου
3549 3681 3647 3736 διὰ

2054 3775 2149 3829 τοῦ
2174 3775 2451 3845 προφήτου
2472 3774 2723 3842 λέγοντος
2760 3791 2773 3804 υ
2813 3772 2943 3827 Ἰδοὺ
2994 3774 3027 3845 ἡ
3051 3771 3325 3844 Παρθένος
3354 3775 3413 3825 ὲν
3436 3772 3646 3845 γαστρὶ

2055 3867 2302 3939 λήψεται,
2336 3867 2429 3920 καὶ
2461 3866 2674 3931 τέξεται
2701 3866 2836 3930 υίδν,
2859 3866 2955 3920 καὶ
2978 3864 3227 3929 καλέσεις
3253 3865 3317 3918 τὸ
3341 3865 3514 3936 ὄνομα
3538 3866 3645 3919 αὖ·

2054 3959 2147 4013 τοῦ
2164 3958 2527 4030 Ἐμμανουὴλ,
2546 3961 2575 4013 ὃ
2590 3960 2704 4012 ἐστι
2728 3955 3291 4028 μεθερμηνευόμενον,
3307 3955 3439 4025 μεθ’
3464 3956 3644 4025 ἡμῶν

2057 4054 2090 4105 ό
2118 4052 2280 4117 Θεός.
2296 4071 2313 4101 ι
2328 4049 2483 4104 Οῦτω
2505 4051 2569 4121 δὴ
2591 4050 2873 4120 καθ’ήμᾶς
2887 4049 2957 4102 τὰ
2975 4048 3074 4119 τῆς
3105 4049 3254 4112 θείας
3273 4048 3643 4121 προγνώσεως

2058 4142 2166 4196 ἀπὸ
2199 4143 2296 4213 τῆς
2327 4141 2435 4194 τῶν
2459 4142 2801 4214 πραγμάτων
2830 4140 3111 4205 ἐκϐάσεως
3124 4141 3430 4205 πιστοῦται,
3461 4139 3645 4204 ἄλλως

2058 4237 2160 4289 οὐκ
2200 4234 2267 4288 ἂν
2291 4234 2392 4305 τῆς
2433 4232 2771 4304 προφητείας
2815 4233 3049 4305 ἀληθοῦς
3080 4232 3641 4305 ἅποφανθησομένης.

369 4342 506 4400 gura
538 4327 785 4396 accipere
828 4332 1093 4396 Oporteat,
1131 4328 1330 4397 poterit
1362 4327 1635 4397 quispiam
1662 4328 1825 4382 etiam
1851 4343 1919 4383 ex
1957 4326 2025 4382 iis
2049 4342 2171 4397 qua:
2202 4334 2507 4396 sequuntur
2533 4326 2841 4390 addiscere,
2880 4327 2972 4381 ubi
3001 4326 3057 4381 in
3085 4325 3281 4381 diebus
3308 4322 3643 4382 Emmanuel

371 4437 593 4478 muscas
612 4421 876 4492 quasdam
898 4430 1061 4493 atque
1084 4438 1235 4494 apes,
1264 4421 1546 4477 Judaicam
1576 4430 1790 4493 gentem
1825 4423 2116 4478 invasuras
2157 4422 2441 4477 oraculum
2480 4422 2649 4487 canit,
2685 4422 2823 4478 alias
2853 4421 3074 4493 quidem
3110 4423 3181 4477 ab
3210 4420 3474 4494 Egypto,
3498 4423 3645 4481 alias

371 4521 554 4568 autem
579 4514 647 4568 ab
672 4514 936 4586 Assyriis,
955 4524 1118 4586 caput
1147 4532 1211 4570 ac
1238 4515 1404 4587 pedes
1430 4524 1483 4571 et
1503 4515 1729 4570 barbam
1747 4515 2037 4571 Dominum
2074 4516 2423 4579 abrasurum,
2453 4515 2732 4571 hominem
2761 4530 2894 4571 vero
2921 4516 3214 4583 juvencam
3238 4515 3404 4570 boum
3426 4524 3484 4572 et
3497 4516 3642 4573 duas

384 4623 515 4662 oves
532 4609 889 4675 nutriturum,
908 4617 962 4664 et
990 4610 1094 4663 alia
1118 4611 1364 4680 quaedam
1391 4611 1494 4665 sub
1523 4626 1691 4665 unum
1726 4622 1888 4682 atque
1914 4613 2056 4667 idem
2091 4620 2306 4683 tempus
2336 4610 2539 4677 futura,
2561 4626 2683 4682 qua:
2706 4611 2859 4665 nullo
2892 4609 3052 4665 modo
3073 4611 3142 4665 ad
3163 4611 3389 4665 verbum
3407 4612 3643 4684 intelligi

369 4708 621 4771 possunt,
643 4700 736 4755 sed
761 4701 828 4755 ad
844 4717 1065 4757 sensum
1089 4702 1353 4757 duntaxat
1389 4704 1706 4774 accipienda
1730 4712 1878 4773 sunt;
1894 4716 1947 4761 et
1964 4706 2078 4760 haec
2110 4706 2328 4777 quidem
2359 4706 2412 4760 in
2431 4706 2578 4759 hunc
2599 4703 2819 4759 modum
2844 4719 2903 4758 se
2928 4702 3149 4759 habent.
3177 4701 3335 4770 Quod
3358 4713 3541 4760 autem
3574 4722 3640 4761 ea

370 4808 491 4862 qua:
513 4794 592 4849 sic
610 4795 812 4863 Scripta
832 4793 1289 4858 sunt,Salvatoris
1316 4798 1491 4851 nostri
1515 4795 1644 4852 Jesu
1688 4797 1892 4852 Christi
1928 4798 2149 4854 modum
2181 4798 2442 4853 nascendi
2484 4796 2935 4868 signiﬁcaverim,
2984 4795 3102 4865 ipse
3150 4797 3495 4867 evangelista
3532 4797 3638 4853 hoc

367 4896 528 4954 pacto
567 4887 891 4941 testiﬁcatur
919 4888 1166 4943 scribens
1192 4908 1206 4943 :
1244 4908 1262 4940 ι
1294 4889 1419 4945 .lesu
1447 4890 1650 4945 Christi
1681 4900 1860 4945 autem
1900 4892 2180 4963 generatio
2202 4892 2284 4947 sic
2315 4899 2435 4947 erat
2464 4890 2634 4946 :Cum
2649 4898 2796 4945 esset
2818 4889 3151 4959 desponsata
3170 4898 3346 4946 mater
3372 4893 3497 4961 ejus
3524 4891 3640 4946 Ma-

366 4977 450 5029 ria
500 4975 731 5046 Josepb,
784 4986 1074 5049 antequam
1134 4981 1508 5049 convenirent,
1542 4983 1761 5038 inventa
1801 4991 1887 5039 est
1928 4985 1984 5037 in
2026 4991 2184 5039 utero
2228 4984 2436 5039 habens
2485 4983 2554 5038 de
2590 4982 2796 5053 Spiritu
2840 4992 3050 5036 sancto.
3094 4978 3297 5050 Joseph
3333 4993 3521 5039 autem
3554 4984 3639 5037 vir

367 5076 510 5141 ejus,
551 5088 676 5128 cum
726 5082 873 5130 esset
896 5075 1103 5144 justus,
1154 5084 1209 5132 et
1237 5078 1408 5132 nollet
1431 5093 1549 5132 eam
1587 5060 1894 5141 traducere,
1936 5079 2109 5133 voluit
2137 5080 2351 5136 occulte
2385 5078 2662 5134 dimittere
2691 5092 2831 5131 eam.
2871 5074 2995 5129 Haec
3026 5084 3207 5130 autem
3237 5091 3305 5131 eo
3331 5078 3634 5148 cogitante,

364 5180 496 5221 ecce
522 5166 762 5237 Angelus
798 5167 1011 5224 Domini
1054 5171 1111 5225 in
1152 5173 1360 5228 somnis
1400 5183 1624 5244 apparet
1653 5175 1705 5229 ei
1732 5174 1958 5230 dicens:
1989 5174 2189 5246 Ioseph
2219 5175 2292 5229 ﬁli
2337 5173 2531 5237 David,
2565 5172 2676 5227 noli
2708 5173 2902 5227 timere
2932 5173 3181 5240 accipere
3218 5171 3453 5228 Mariam
3500 5190 3633 5229 eon-

359 5257 544 5327 jugem
573 5265 745 5313 tuam.
775 5258 931 5325 Quod
961 5262 1107 5316 enim
1132 5262 1187 5317 in
1208 5280 1270 5319 ea
1294 5265 1536 5335 genitum
1551 5277 1655 5330 est,
1695 5267 1762 5321 de
1812 5265 2018 5337 Spiritu
2051 5276 2242 5322 sancto
2269 5275 2373 5323 est.
2411 5265 2596 5320 Pariet
2625 5273 2809 5318 autem
2846 5263 3015 5317 ﬁlium
3036 5303 3051 5326 ,
3079 5272 3134 5319 et
3168 5265 3399 5321 vocabis
3434 5283 3635 5323 nomen

362 5346 484 5415 ejus
511 5345 720 5403 Jesum.
771 5347 890 5420 Ipse
921 5353 1065 5407 enim
1099 5355 1309 5409 salvum
1335 5356 1496 5411 faciet
1531 5358 1790 5428 populum
1819 5374 1981 5414 suum
2010 5373 2040 5412 a
2070 5359 2310 5428 peccatis
2355 5358 2619 5428 ipsorum.
2660 5353 2775 5409 Hoc
2808 5363 2989 5409 autem
3024 5362 3200 5409 totum
3257 5354 3469 5411 factum
3527 5366 3629 5424 est,

365 5448 426 5494 ut
450 5439 768 5510 impleretur
797 5444 941 5515 quod
989 5446 1196 5502 dictum
1248 5457 1333 5504 est
1379 5466 1409 5504 a
1449 5450 1679 5507 Domino
1726 5468 1823 5524 per
1869 5455 2189 5523 prophetam
2238 5452 2509 5508 dicentem
2546 5471 2559 5506 :
2603 5450 2743 5505 Ecce
2792 5450 2941 5520 virgo
2982 5450 3039 5504 in
3093 5458 3253 5505 utero
3299 5451 3547 5515 habebit.
3576 5462 3630 5508 et

363 5532 540 5604 pariet
585 5533 777 5602 ﬁlium,
829 5548 884 5593 et
927 5543 1150 5598 vocabis
1182 5558 1385 5599 nomen
1408 5545 1530 5616 ejus
1558 5545 1913 5611 Emmanuel,
1945 5547 2091 5617 quod
2120 5558 2204 5604 est
2247 5548 2688 5618 interpretatum,
2717 5545 2990 5600 nobiscum
3030 5544 3173 5600 Deus
3204 5545 3273 5601 “.
3312 5564 3332 5598 ι
3370 5545 3465 5602 Sic
3498 5564 3628 5603 sane

364 5626 667 5682 secundum
694 5645 796 5684 nos
822 5646 905 5698 ea,
933 5649 1057 5703 quae
1083 5636 1150 5690 ad
1174 5637 1416 5694 divinam
1448 5642 1853 5712 praedictionem
1888 5645 2185 5715 pertinent,
2210 5660 2277 5700 ex
2313 5644 2435 5715 ipso
2470 5658 2651 5698 rerum
2682 5654 2879 5698 eventu
2919 5642 3376 5713 comprobantur:
3403 5644 3622 5715 quippe,

368 5734 490 5775 cum
535 5721 639 5775 alia
697 5723 941 5789 ratione,
1003 5744 1279 5801 nunquam
1317 5751 1427 5806 pra:
1459 5752 1517 5793 se
1553 5739 1838 5796 veritatem
1874 5740 2157 5812 prophetia
2214 5742 2389 5796 latura
2435 5754 2559 5796 esse
2598 5738 2863 5794 videatur.

431 5860 477 5893 "‘
506 5860 694 5919 Matth.
732 5880 770 5931 l,
808 5864 991 5921 18-35.
