  <div class='ocr_page' id='page_1' title='image "/cluster/home/n/w/nwhite01/storage/ocr_20150623/22/nnc1.0046978372/268.png"; bbox 0 0 3828 6220; ppageno 0'>
   <div class='ocr_carea' id='block_1_1' title="bbox 158 344 270 403">
    <p class='ocr_par' dir='ltr' id='par_1_1' title="bbox 158 344 270 403">
     <span class='ocr_line' id='line_1_1' title="bbox 158 344 270 403; baseline 0 0"><span class='ocrx_word' id='word_1_1' title='bbox 158 344 270 403; x_wconf 76' lang='grc'><strong>505</strong></span> 
     </span>
    </p>
   </div>
   <div class='ocr_carea' id='block_1_2' title="bbox 1068 345 2535 408">
    <p class='ocr_par' dir='ltr' id='par_1_2' title="bbox 1068 345 2535 408">
     <span class='ocr_line' id='line_1_2' title="bbox 1068 345 2535 408; baseline 0.003 -6"><span class='ocrx_word' id='word_1_2' title='bbox 1068 345 1718 404; x_wconf 76' lang='lat' dir='ltr'><strong>DEMONSTRATIONIS</strong></span> <span class='ocrx_word' id='word_1_3' title='bbox 1758 346 2214 406; x_wconf 70' lang='lat' dir='ltr'><strong>EVANGELICAS</strong></span> <span class='ocrx_word' id='word_1_4' title='bbox 2249 350 2375 408; x_wconf 70' lang='grc' dir='ltr'><strong>[ΑΒ.</strong></span> <span class='ocrx_word' id='word_1_5' title='bbox 2417 348 2535 406; x_wconf 79' lang='lat' dir='ltr'><strong>VII.</strong></span> 
     </span>
    </p>
   </div>
   <div class='ocr_carea' id='block_1_3' title="bbox 3319 352 3424 411">
    <p class='ocr_par' dir='ltr' id='par_1_3' title="bbox 3319 352 3424 411">
     <span class='ocr_line' id='line_1_3' title="bbox 3319 352 3424 411; baseline 0.019 -2"><span class='ocrx_word' id='word_1_6' title='bbox 3319 352 3424 411; x_wconf 74' lang='lat'><strong>566</strong></span> 
     </span>
    </p>
   </div>
   <div class='ocr_carea' id='block_1_4' title="bbox 244 461 1819 535">
    <p class='ocr_par' dir='ltr' id='par_1_4' title="bbox 244 461 1819 534">
     <span class='ocr_line' id='line_1_4' title="bbox 244 461 1819 534; baseline -0.001 -16"><span class='ocrx_word' id='word_1_7' title='bbox 244 463 405 534; x_wconf 78' lang='grc' dir='ltr'><strong>Ἑξῆς</strong></span> <span class='ocrx_word' id='word_1_8' title='bbox 434 463 493 517; x_wconf 83' lang='grc' dir='ltr'><strong>δέ</strong></span> <span class='ocrx_word' id='word_1_9' title='bbox 539 461 745 517; x_wconf 86' lang='grc' dir='ltr'>τούτων</span> <span class='ocrx_word' id='word_1_10' title='bbox 777 461 899 515; x_wconf 88' lang='grc' dir='ltr'>τίνα</span> <span class='ocrx_word' id='word_1_11' title='bbox 941 463 1034 517; x_wconf 78' lang='grc' dir='ltr'>καὶ</span> <span class='ocrx_word' id='word_1_12' title='bbox 1072 464 1247 517; x_wconf 80' lang='grc' dir='ltr'>ὁπόσα</span> <span class='ocrx_word' id='word_1_13' title='bbox 1280 464 1497 533; x_wconf 84' lang='grc' dir='ltr'>λέγεται</span> <span class='ocrx_word' id='word_1_14' title='bbox 1533 463 1750 516; x_wconf 79' lang='grc' dir='ltr'>ἔσεσθαι</span> <span class='ocrx_word' id='word_1_15' title='bbox 1780 469 1819 525; x_wconf 73' lang='grc' dir='ltr'>Α</span> 
     </span>
    </p>
   </div>
   <div class='ocr_carea' id='block_1_5' title="bbox 1858 461 3429 535">
    <p class='ocr_par' dir='ltr' id='par_1_5' title="bbox 1925 464 3429 535">
     <span class='ocr_line' id='line_1_5' title="bbox 1925 464 3429 535; baseline 0.001 -16"><span class='ocrx_word' id='word_1_16' title='bbox 1925 464 2184 521; x_wconf 67' lang='lat' dir='ltr'><strong>Postltaac</strong></span> <span class='ocrx_word' id='word_1_17' title='bbox 2208 472 2411 527; x_wconf 87' lang='lat' dir='ltr'><strong>autem,</strong></span> <span class='ocrx_word' id='word_1_18' title='bbox 2442 479 2693 534; x_wconf 80' lang='lat' dir='ltr'><strong>quamam</strong></span> <span class='ocrx_word' id='word_1_19' title='bbox 2723 470 2776 519; x_wconf 88' lang='lat' dir='ltr'><strong>et</strong></span> <span class='ocrx_word' id='word_1_20' title='bbox 2805 473 2940 535; x_wconf 91' lang='lat' dir='ltr'><strong>quot</strong></span> <span class='ocrx_word' id='word_1_21' title='bbox 2978 465 3162 520; x_wconf 84' lang='lat' dir='ltr'><strong>futura</strong></span> <span class='ocrx_word' id='word_1_22' title='bbox 3192 481 3317 523; x_wconf 83' lang='lat' dir='ltr'><strong>esse</strong></span> <span class='ocrx_word' id='word_1_23' title='bbox 3348 468 3429 522; x_wconf 78' lang='lat' dir='ltr'><strong>di-</strong></span> 
     </span>
    </p>
   </div>
   <div class='ocr_carea' id='block_1_6' title="bbox 157 554 1746 628">
    <p class='ocr_par' dir='ltr' id='par_1_6' title="bbox 157 554 1746 628">
     <span class='ocr_line' id='line_1_6' title="bbox 157 554 1746 628; baseline -0.003 -16"><span class='ocrx_word' id='word_1_24' title='bbox 157 574 220 612; x_wconf 89' lang='grc' dir='ltr'><strong>εν</strong></span> <span class='ocrx_word' id='word_1_25' title='bbox 251 559 322 627; x_wconf 80' lang='grc' dir='ltr'><strong>τῇ</strong></span> <span class='ocrx_word' id='word_1_26' title='bbox 355 554 541 627; x_wconf 80' lang='grc' dir='ltr'>ἡμέρᾳ</span> <span class='ocrx_word' id='word_1_27' title='bbox 567 554 752 625; x_wconf 85' lang='grc' dir='ltr'>ἐκείνῃ</span> <span class='ocrx_word' id='word_1_28' title='bbox 780 595 796 620; x_wconf 91' lang='grc'><strong>,</strong></span> <span class='ocrx_word' id='word_1_29' title='bbox 841 555 997 625; x_wconf 80' lang='grc' dir='ltr'>δῆλον</span> <span class='ocrx_word' id='word_1_30' title='bbox 1025 555 1102 621; x_wconf 86' lang='grc' dir='ltr'>δὲ,</span> <span class='ocrx_word' id='word_1_31' title='bbox 1135 557 1217 609; x_wconf 84' lang='grc' dir='ltr'>ὅτι</span> <span class='ocrx_word' id='word_1_32' title='bbox 1250 557 1309 608; x_wconf 86' lang='grc' dir='ltr'><strong>ἐν</strong></span> <span class='ocrx_word' id='word_1_33' title='bbox 1334 556 1415 626; x_wconf 82' lang='grc' dir='ltr'>τῷ</span> <span class='ocrx_word' id='word_1_34' title='bbox 1441 556 1617 628; x_wconf 82' lang='grc' dir='ltr'>χρόνῳ</span> <span class='ocrx_word' id='word_1_35' title='bbox 1648 558 1746 625; x_wconf 81' lang='grc' dir='ltr'>τῆς</span> 
     </span>
    </p>
   </div>
   <div class='ocr_carea' id='block_1_7' title="bbox 160 645 1741 719">
    <p class='ocr_par' dir='ltr' id='par_1_7' title="bbox 160 645 1741 719">
     <span class='ocr_line' id='line_1_7' title="bbox 160 645 1741 719; baseline -0.001 -18"><span class='ocrx_word' id='word_1_36' title='bbox 160 648 485 719; x_wconf 77' lang='grc' dir='ltr'><strong>ἐπιφανείας</strong></span> <span class='ocrx_word' id='word_1_37' title='bbox 521 645 614 699; x_wconf 80' lang='grc' dir='ltr'><strong>τοῦ</strong></span> <span class='ocrx_word' id='word_1_38' title='bbox 668 646 1013 717; x_wconf 82' lang='grc' dir='ltr'>Ἑμμανουὴλ</span> <span class='ocrx_word' id='word_1_39' title='bbox 1035 687 1049 711; x_wconf 93' lang='grc'><strong>,</strong></span> <span class='ocrx_word' id='word_1_40' title='bbox 1094 647 1224 719; x_wconf 78' lang='grc' dir='ltr'>φέρε</span> <span class='ocrx_word' id='word_1_41' title='bbox 1245 689 1259 709; x_wconf 91' lang='grc'><strong>,</strong></span> <span class='ocrx_word' id='word_1_42' title='bbox 1301 649 1741 718; x_wconf 77' lang='grc' dir='ltr'><strong>κατανοήσωμεν·</strong></span> 
     </span>
    </p>
   </div>
   <div class='ocr_carea' id='block_1_8' title="bbox 165 737 1747 812">
    <p class='ocr_par' dir='ltr' id='par_1_8' title="bbox 165 737 1747 812">
     <span class='ocr_line' id='line_1_8' title="bbox 165 737 1747 812; baseline 0 -21"><span class='ocrx_word' id='word_1_43' title='bbox 165 758 185 791; x_wconf 73' lang='grc' dir='ltr'><strong>ε</strong></span> <span class='ocrx_word' id='word_1_44' title='bbox 223 737 872 810; x_wconf 74' lang='grc' dir='ltr'>Συριεῖ,ιφησὶ,ιΚύριος</span> <span class='ocrx_word' id='word_1_45' title='bbox 903 738 1109 809; x_wconf 87' lang='grc' dir='ltr'>μυίαις,</span> <span class='ocrx_word' id='word_1_46' title='bbox 1128 740 1184 793; x_wconf 87' lang='grc' dir='ltr'>αἳ</span> <span class='ocrx_word' id='word_1_47' title='bbox 1206 739 1516 812; x_wconf 84' lang='grc' dir='ltr'>κυριεύουσι</span> <span class='ocrx_word' id='word_1_48' title='bbox 1548 739 1747 810; x_wconf 84' lang='grc' dir='ltr'>μέρους</span> 
     </span>
    </p>
   </div>
   <div class='ocr_carea' id='block_1_9' title="bbox 154 827 1747 904">
    <p class='ocr_par' dir='ltr' id='par_1_9' title="bbox 154 827 1747 904">
     <span class='ocr_line' id='line_1_9' title="bbox 154 827 1747 904; baseline 0.001 -24"><span class='ocrx_word' id='word_1_49' title='bbox 154 827 409 898; x_wconf 77' lang='grc' dir='ltr'>ποταμοῦ</span> <span class='ocrx_word' id='word_1_50' title='bbox 459 827 774 896; x_wconf 77' lang='grc' dir='ltr'>Αἰγύπτου,</span> <span class='ocrx_word' id='word_1_51' title='bbox 822 830 918 882; x_wconf 74' lang='grc' dir='ltr'>καὶ</span> <span class='ocrx_word' id='word_1_52' title='bbox 951 831 1019 900; x_wconf 77' lang='grc' dir='ltr'>τῇ</span> <span class='ocrx_word' id='word_1_53' title='bbox 1070 831 1365 904; x_wconf 75' lang='grc' dir='ltr'>μελίσσῃρ</span> <span class='ocrx_word' id='word_1_54' title='bbox 1399 832 1433 901; x_wconf 81' lang='grc' dir='ltr'>ἦ</span> <span class='ocrx_word' id='word_1_55' title='bbox 1481 832 1626 883; x_wconf 84' lang='grc' dir='ltr'>ἐστιν</span> <span class='ocrx_word' id='word_1_56' title='bbox 1690 833 1747 883; x_wconf 84' lang='grc' dir='ltr'><strong>ἐν</strong></span> 
     </span>
    </p>
   </div>
   <div class='ocr_carea' id='block_1_10' title="bbox 151 919 1746 991">
    <p class='ocr_par' dir='ltr' id='par_1_10' title="bbox 151 919 1746 991">
     <span class='ocr_line' id='line_1_10' title="bbox 151 919 1746 991; baseline 0.003 -21"><span class='ocrx_word' id='word_1_57' title='bbox 151 920 315 990; x_wconf 73' lang='grc' dir='ltr'>χώρᾳ</span> <span class='ocrx_word' id='word_1_58' title='bbox 355 919 678 991; x_wconf 75' lang='grc' dir='ltr'><strong>Ἀσσυρίων,</strong></span> <span class='ocrx_word' id='word_1_59' title='bbox 710 920 805 973; x_wconf 77' lang='grc' dir='ltr'>καὶ</span> <span class='ocrx_word' id='word_1_60' title='bbox 834 920 1175 987; x_wconf 88' lang='grc' dir='ltr'>ἐλεύσονται,</span> <span class='ocrx_word' id='word_1_61' title='bbox 1213 925 1306 976; x_wconf 74' lang='grc' dir='ltr'><strong>καὶ</strong></span> <span class='ocrx_word' id='word_1_62' title='bbox 1345 922 1746 977; x_wconf 79' lang='grc' dir='ltr'>ἀναπαύσονται</span> 
     </span>
    </p>
   </div>
   <div class='ocr_carea' id='block_1_11' title="bbox 152 1011 1747 1085">
    <p class='ocr_par' dir='ltr' id='par_1_11' title="bbox 152 1011 1747 1085">
     <span class='ocr_line' id='line_1_11' title="bbox 152 1011 1747 1085; baseline 0.003 -24"><span class='ocrx_word' id='word_1_63' title='bbox 152 1013 213 1062; x_wconf 82' lang='grc' dir='ltr'><strong>ἐν</strong></span> <span class='ocrx_word' id='word_1_64' title='bbox 236 1013 363 1074; x_wconf 87' lang='grc' dir='ltr'>ταῖς</span> <span class='ocrx_word' id='word_1_65' title='bbox 386 1011 623 1082; x_wconf 76' lang='grc' dir='ltr'>φάραγξι</span> <span class='ocrx_word' id='word_1_66' title='bbox 649 1013 749 1082; x_wconf 78' lang='grc' dir='ltr'>τῆς</span> <span class='ocrx_word' id='word_1_67' title='bbox 781 1012 964 1085; x_wconf 85' lang='grc' dir='ltr'>χώρας</span> <span class='ocrx_word' id='word_1_68' title='bbox 979 1055 994 1079; x_wconf 88' lang='grc'><strong>,</strong></span> <span class='ocrx_word' id='word_1_69' title='bbox 1014 1016 1107 1067; x_wconf 72' lang='grc' dir='ltr'>καὶ</span> <span class='ocrx_word' id='word_1_70' title='bbox 1129 1015 1186 1067; x_wconf 80' lang='grc' dir='ltr'><strong>ἐν</strong></span> <span class='ocrx_word' id='word_1_71' title='bbox 1202 1018 1320 1078; x_wconf 86' lang='grc' dir='ltr'>ταῖς</span> <span class='ocrx_word' id='word_1_72' title='bbox 1343 1014 1610 1085; x_wconf 77' lang='grc' dir='ltr'>τρώγλαις</span> <span class='ocrx_word' id='word_1_73' title='bbox 1641 1013 1747 1066; x_wconf 82' lang='grc' dir='ltr'><strong>τῶν</strong></span> 
     </span>
    </p>
   </div>
   <div class='ocr_carea' id='block_1_12' title="bbox 154 1100 1744 1177">
    <p class='ocr_par' dir='ltr' id='par_1_12' title="bbox 154 1100 1744 1177">
     <span class='ocr_line' id='line_1_12' title="bbox 154 1100 1744 1177; baseline 0.006 -27"><span class='ocrx_word' id='word_1_74' title='bbox 154 1100 399 1170; x_wconf 84' lang='grc' dir='ltr'>πετρῶν,</span> <span class='ocrx_word' id='word_1_75' title='bbox 430 1102 525 1155; x_wconf 78' lang='grc' dir='ltr'>καὶ</span> <span class='ocrx_word' id='word_1_76' title='bbox 553 1104 634 1164; x_wconf 88' lang='grc' dir='ltr'><strong>εἰς</strong></span> <span class='ocrx_word' id='word_1_77' title='bbox 667 1103 735 1156; x_wconf 72' lang='grc' dir='ltr'>τὰ</span> <span class='ocrx_word' id='word_1_78' title='bbox 765 1104 1027 1170; x_wconf 76' lang='grc' dir='ltr'>σπήλαια,</span> <span class='ocrx_word' id='word_1_79' title='bbox 1069 1106 1161 1158; x_wconf 83' lang='grc' dir='ltr'>καὶ</span> <span class='ocrx_word' id='word_1_80' title='bbox 1185 1107 1265 1169; x_wconf 79' lang='grc' dir='ltr'><strong>είς</strong></span> <span class='ocrx_word' id='word_1_81' title='bbox 1297 1100 1476 1160; x_wconf 78' lang='grc' dir='ltr'>πᾶσαν</span> <span class='ocrx_word' id='word_1_82' title='bbox 1512 1106 1744 1177; x_wconf 76' lang='grc' dir='ltr'>ραγάδα,</span> 
     </span>
    </p>
   </div>
   <div class='ocr_carea' id='block_1_13' title="bbox 155 1192 1748 1269">
    <p class='ocr_par' dir='ltr' id='par_1_13' title="bbox 155 1192 1748 1269">
     <span class='ocr_line' id='line_1_13' title="bbox 155 1192 1748 1269; baseline 0.006 -27"><span class='ocrx_word' id='word_1_83' title='bbox 155 1192 255 1243; x_wconf 76' lang='grc' dir='ltr'>καὶ</span> <span class='ocrx_word' id='word_1_84' title='bbox 288 1192 350 1244; x_wconf 82' lang='grc' dir='ltr'><strong>ἐν</strong></span> <span class='ocrx_word' id='word_1_85' title='bbox 379 1194 541 1246; x_wconf 75' lang='grc' dir='ltr'>παντὶ</span> <span class='ocrx_word' id='word_1_86' title='bbox 576 1192 738 1263; x_wconf 78' lang='grc' dir='ltr'>ξύλῳ.</span> <span class='ocrx_word' id='word_1_87' title='bbox 780 1195 870 1247; x_wconf 85' lang='grc' dir='ltr'>Ἐν</span> <span class='ocrx_word' id='word_1_88' title='bbox 890 1196 1158 1267; x_wconf 80' lang='grc' dir='ltr'>τῇήμέρᾳ</span> <span class='ocrx_word' id='word_1_89' title='bbox 1178 1197 1362 1269; x_wconf 84' lang='grc' dir='ltr'>ἐκείνῃ</span> <span class='ocrx_word' id='word_1_90' title='bbox 1393 1197 1614 1268; x_wconf 81' lang='grc' dir='ltr'>ξυρήσει</span> <span class='ocrx_word' id='word_1_91' title='bbox 1639 1198 1748 1251; x_wconf 83' lang='grc' dir='ltr'><strong>Κύ-</strong></span> 
     </span>
    </p>
   </div>
   <div class='ocr_carea' id='block_1_14' title="bbox 160 1286 1746 1363">
    <p class='ocr_par' dir='ltr' id='par_1_14' title="bbox 160 1286 1746 1363">
     <span class='ocr_line' id='line_1_14' title="bbox 160 1286 1746 1363; baseline 0.005 -26"><span class='ocrx_word' id='word_1_92' title='bbox 160 1301 277 1355; x_wconf 89' lang='grc' dir='ltr'>ριος</span> <span class='ocrx_word' id='word_1_93' title='bbox 323 1288 381 1339; x_wconf 87' lang='grc' dir='ltr'><strong>ἐν</strong></span> <span class='ocrx_word' id='word_1_94' title='bbox 418 1287 498 1357; x_wconf 82' lang='grc' dir='ltr'>τῷ</span> <span class='ocrx_word' id='word_1_95' title='bbox 544 1286 690 1358; x_wconf 82' lang='grc' dir='ltr'>ξυρῷ</span> <span class='ocrx_word' id='word_1_96' title='bbox 728 1287 807 1359; x_wconf 81' lang='grc' dir='ltr'>τῷ</span> <span class='ocrx_word' id='word_1_97' title='bbox 834 1290 1075 1361; x_wconf 84' lang='grc' dir='ltr'>μεγάλῳ,</span> <span class='ocrx_word' id='word_1_98' title='bbox 1109 1290 1187 1363; x_wconf 83' lang='grc' dir='ltr'>τῷ</span> <span class='ocrx_word' id='word_1_99' title='bbox 1215 1292 1611 1363; x_wconf 85' lang='grc' dir='ltr'>μεμισθωμένῳ</span> <span class='ocrx_word' id='word_1_100' title='bbox 1648 1292 1746 1345; x_wconf 83' lang='grc' dir='ltr'>πέ-</span> 
     </span>
    </p>
   </div>
   <div class='ocr_carea' id='block_1_15' title="bbox 158 1380 1745 1456">
    <p class='ocr_par' dir='ltr' id='par_1_15' title="bbox 158 1380 1745 1456">
     <span class='ocr_line' id='line_1_15' title="bbox 158 1380 1745 1456; baseline 0.003 -23"><span class='ocrx_word' id='word_1_101' title='bbox 158 1397 262 1452; x_wconf 85' lang='grc' dir='ltr'><strong>ραν</strong></span> <span class='ocrx_word' id='word_1_102' title='bbox 284 1380 380 1434; x_wconf 77' lang='grc' dir='ltr'><strong>τοῦ</strong></span> <span class='ocrx_word' id='word_1_103' title='bbox 419 1383 663 1453; x_wconf 82' lang='grc' dir='ltr'>ποταμοῦ</span> <span class='ocrx_word' id='word_1_104' title='bbox 688 1381 952 1451; x_wconf 84' lang='grc' dir='ltr'>βασιλέως</span> <span class='ocrx_word' id='word_1_105' title='bbox 1000 1384 1323 1456; x_wconf 78' lang='grc' dir='ltr'>Ἀσσυρίων,</span> <span class='ocrx_word' id='word_1_106' title='bbox 1356 1386 1453 1456; x_wconf 78' lang='grc' dir='ltr'>τὴν</span> <span class='ocrx_word' id='word_1_107' title='bbox 1486 1386 1745 1456; x_wconf 69' lang='grc' dir='ltr'>κεφαλὴν,</span> 
     </span>
    </p>
   </div>
   <div class='ocr_carea' id='block_1_16' title="bbox 154 1474 1749 1547">
    <p class='ocr_par' dir='ltr' id='par_1_16' title="bbox 154 1474 1749 1547">
     <span class='ocr_line' id='line_1_16' title="bbox 154 1474 1749 1547; baseline 0.002 -20"><span class='ocrx_word' id='word_1_108' title='bbox 154 1475 253 1527; x_wconf 68' lang='grc' dir='ltr'><strong>καὶ</strong></span> <span class='ocrx_word' id='word_1_109' title='bbox 287 1474 388 1536; x_wconf 75' lang='grc' dir='ltr'><strong>τὰς</strong></span> <span class='ocrx_word' id='word_1_110' title='bbox 430 1474 620 1545; x_wconf 85' lang='grc' dir='ltr'><strong>τρίχας</strong></span> <span class='ocrx_word' id='word_1_111' title='bbox 674 1475 782 1527; x_wconf 84' lang='grc' dir='ltr'>τῶν</span> <span class='ocrx_word' id='word_1_112' title='bbox 835 1475 1030 1540; x_wconf 80' lang='grc' dir='ltr'>ποδῶν,</span> <span class='ocrx_word' id='word_1_113' title='bbox 1081 1478 1175 1531; x_wconf 75' lang='grc' dir='ltr'>καὶ</span> <span class='ocrx_word' id='word_1_114' title='bbox 1211 1476 1300 1530; x_wconf 81' lang='grc' dir='ltr'>τὸν</span> <span class='ocrx_word' id='word_1_115' title='bbox 1348 1476 1588 1545; x_wconf 83' lang='grc' dir='ltr'>πώγωνα</span> <span class='ocrx_word' id='word_1_116' title='bbox 1618 1479 1749 1547; x_wconf 62' lang='grc' dir='ltr'>ἀφει-</span> 
     </span>
    </p>
   </div>
   <div class='ocr_carea' id='block_1_17' title="bbox 156 1566 1750 1641">
    <p class='ocr_par' dir='ltr' id='par_1_17' title="bbox 156 1566 1750 1641">
     <span class='ocr_line' id='line_1_17' title="bbox 156 1566 1750 1641; baseline 0.002 -22"><span class='ocrx_word' id='word_1_117' title='bbox 156 1567 258 1620; x_wconf 84' lang='grc' dir='ltr'><strong>λεί.</strong></span> <span class='ocrx_word' id='word_1_118' title='bbox 284 1568 399 1620; x_wconf 73' lang='grc' dir='ltr'><strong>Καὶ</strong></span> <span class='ocrx_word' id='word_1_119' title='bbox 423 1566 577 1619; x_wconf 72' lang='grc' dir='ltr'>ἔσται</span> <span class='ocrx_word' id='word_1_120' title='bbox 632 1567 692 1620; x_wconf 82' lang='grc' dir='ltr'><strong>ἐν</strong></span> <span class='ocrx_word' id='word_1_121' title='bbox 738 1571 804 1638; x_wconf 83' lang='grc' dir='ltr'>τῇ</span> <span class='ocrx_word' id='word_1_122' title='bbox 833 1571 1017 1639; x_wconf 84' lang='grc' dir='ltr'>ἡμέρᾳ</span> <span class='ocrx_word' id='word_1_123' title='bbox 1062 1568 1267 1641; x_wconf 80' lang='grc' dir='ltr'>ἐκείνῃ,</span> <span class='ocrx_word' id='word_1_124' title='bbox 1309 1568 1502 1641; x_wconf 78' lang='grc' dir='ltr'><strong>θρέψει</strong></span> <span class='ocrx_word' id='word_1_125' title='bbox 1541 1569 1750 1641; x_wconf 78' lang='grc' dir='ltr'>ἂνθρω-</span> 
     </span>
    </p>
   </div>
   <div class='ocr_carea' id='block_1_18' title="bbox 158 1658 1751 1733">
    <p class='ocr_par' dir='ltr' id='par_1_18' title="bbox 158 1658 1751 1733">
     <span class='ocr_line' id='line_1_18' title="bbox 158 1658 1751 1733; baseline 0.003 -23"><span class='ocrx_word' id='word_1_126' title='bbox 158 1676 261 1722; x_wconf 81' lang='grc' dir='ltr'><strong>πος</strong></span> <span class='ocrx_word' id='word_1_127' title='bbox 283 1659 519 1729; x_wconf 78' lang='grc' dir='ltr'>δάμαλιν</span> <span class='ocrx_word' id='word_1_128' title='bbox 554 1658 691 1729; x_wconf 84' lang='grc' dir='ltr'>βοῶν</span> <span class='ocrx_word' id='word_1_129' title='bbox 717 1701 731 1722; x_wconf 90' lang='grc'><strong>,</strong></span> <span class='ocrx_word' id='word_1_130' title='bbox 776 1660 869 1714; x_wconf 71' lang='grc' dir='ltr'>καὶ</span> <span class='ocrx_word' id='word_1_131' title='bbox 899 1660 994 1714; x_wconf 86' lang='grc' dir='ltr'><strong>δύο</strong></span> <span class='ocrx_word' id='word_1_132' title='bbox 1022 1661 1299 1733; x_wconf 90' lang='grc' dir='ltr'>πρόϐατα,</span> <span class='ocrx_word' id='word_1_133' title='bbox 1335 1662 1430 1715; x_wconf 78' lang='grc' dir='ltr'>καὶ</span> <span class='ocrx_word' id='word_1_134' title='bbox 1456 1661 1608 1715; x_wconf 80' lang='grc' dir='ltr'>ἐσται</span> <span class='ocrx_word' id='word_1_135' title='bbox 1642 1661 1751 1715; x_wconf 74' lang='grc' dir='ltr'>ἀπὸ</span> 
     </span>
    </p>
   </div>
   <div class='ocr_carea' id='block_1_19' title="bbox 155 1752 1749 1824">
    <p class='ocr_par' dir='ltr' id='par_1_19' title="bbox 155 1752 1749 1824">
     <span class='ocr_line' id='line_1_19' title="bbox 155 1752 1749 1824; baseline 0.001 -21"><span class='ocrx_word' id='word_1_136' title='bbox 155 1752 253 1804; x_wconf 72' lang='grc' dir='ltr'>τοῦ</span> <span class='ocrx_word' id='word_1_137' title='bbox 298 1752 554 1803; x_wconf 79' lang='grc' dir='ltr'>πλεῖστον</span> <span class='ocrx_word' id='word_1_138' title='bbox 605 1754 779 1804; x_wconf 80' lang='grc' dir='ltr'>ποιεῖν</span> <span class='ocrx_word' id='word_1_139' title='bbox 818 1752 996 1819; x_wconf 82' lang='grc' dir='ltr'>γάλα·</span> <span class='ocrx_word' id='word_1_140' title='bbox 1039 1752 1272 1821; x_wconf 80' lang='grc' dir='ltr'><strong>φάγεται</strong></span> <span class='ocrx_word' id='word_1_141' title='bbox 1324 1752 1610 1824; x_wconf 77' lang='grc' dir='ltr'>βούτυρον,</span> <span class='ocrx_word' id='word_1_142' title='bbox 1667 1753 1749 1805; x_wconf 84' lang='grc' dir='ltr'>ὅτι</span> 
     </span>
    </p>
   </div>
   <div class='ocr_carea' id='block_1_20' title="bbox 1854 556 3427 632">
    <p class='ocr_par' dir='ltr' id='par_1_20' title="bbox 1854 556 3427 632">
     <span class='ocr_line' id='line_1_20' title="bbox 1854 556 3427 632; baseline 0.003 -20"><span class='ocrx_word' id='word_1_143' title='bbox 1854 564 2071 620; x_wconf 83' lang='lat' dir='ltr'><strong>cantur,</strong></span> <span class='ocrx_word' id='word_1_144' title='bbox 2095 557 2178 611; x_wconf 91' lang='lat' dir='ltr'><strong>vel</strong></span> <span class='ocrx_word' id='word_1_145' title='bbox 2205 556 2373 618; x_wconf 83' lang='lat' dir='ltr'><strong>bona,</strong></span> <span class='ocrx_word' id='word_1_146' title='bbox 2408 556 2490 610; x_wconf 90' lang='lat' dir='ltr'><strong>vel</strong></span> <span class='ocrx_word' id='word_1_147' title='bbox 2516 556 2656 610; x_wconf 87' lang='lat' dir='ltr'><strong>mala</strong></span> <span class='ocrx_word' id='word_1_148' title='bbox 2680 556 2735 609; x_wconf 91' lang='lat' dir='ltr'><strong>in</strong></span> <span class='ocrx_word' id='word_1_149' title='bbox 2764 557 2851 610; x_wconf 91' lang='lat' dir='ltr'><strong>die</strong></span> <span class='ocrx_word' id='word_1_150' title='bbox 2878 557 2989 620; x_wconf 89' lang='lat' dir='ltr'><strong>illa,</strong></span> <span class='ocrx_word' id='word_1_151' title='bbox 3022 559 3127 612; x_wconf 91' lang='lat' dir='ltr'><strong>hoc</strong></span> <span class='ocrx_word' id='word_1_152' title='bbox 3159 569 3263 622; x_wconf 89' lang='lat' dir='ltr'><strong>est,</strong></span> <span class='ocrx_word' id='word_1_153' title='bbox 3316 581 3427 632; x_wconf 89' lang='lat' dir='ltr'><strong>quo</strong></span> 
     </span>
    </p>
   </div>
   <div class='ocr_carea' id='block_1_21' title="bbox 1855 646 3428 718">
    <p class='ocr_par' dir='ltr' id='par_1_21' title="bbox 1855 646 3428 718">
     <span class='ocr_line' id='line_1_21' title="bbox 1855 646 3428 718; baseline 0.004 -18"><span class='ocrx_word' id='word_1_154' title='bbox 1855 653 2098 717; x_wconf 86' lang='lat' dir='ltr'><strong>tempore</strong></span> <span class='ocrx_word' id='word_1_155' title='bbox 2150 647 2401 702; x_wconf 73' lang='lat' dir='ltr'><strong>adveniet</strong></span> <span class='ocrx_word' id='word_1_156' title='bbox 2436 646 2775 710; x_wconf 84' lang='lat' dir='ltr'><strong>Emmanuel,</strong></span> <span class='ocrx_word' id='word_1_157' title='bbox 2808 646 2939 703; x_wconf 88' lang='lat' dir='ltr'><strong>hinc</strong></span> <span class='ocrx_word' id='word_1_158' title='bbox 2964 648 3077 718; x_wconf 86' lang='lat' dir='ltr'><strong>jam</strong></span> <span class='ocrx_word' id='word_1_159' title='bbox 3112 652 3428 708; x_wconf 83' lang='lat' dir='ltr'><strong>considere-</strong></span> 
     </span>
    </p>
   </div>
   <div class='ocr_carea' id='block_1_22' title="bbox 1855 737 3428 814">
    <p class='ocr_par' dir='ltr' id='par_1_22' title="bbox 1855 737 3428 814">
     <span class='ocr_line' id='line_1_22' title="bbox 1855 737 3428 814; baseline 0.003 -20"><span class='ocrx_word' id='word_1_160' title='bbox 1855 755 1979 794; x_wconf 84' lang='lat' dir='ltr'><strong>mus</strong></span> <span class='ocrx_word' id='word_1_161' title='bbox 2014 758 2025 792; x_wconf 92' lang='lat'><strong>:</strong></span> <span class='ocrx_word' id='word_1_162' title='bbox 2065 758 2084 789; x_wconf 82' lang='grc'><em>‹</em></span> <span class='ocrx_word' id='word_1_163' title='bbox 2128 737 2412 801; x_wconf 86' lang='lat' dir='ltr'><strong>Sibilabit,</strong></span> <span class='ocrx_word' id='word_1_164' title='bbox 2470 738 2682 808; x_wconf 91' lang='lat' dir='ltr'><strong>inquit,</strong></span> <span class='ocrx_word' id='word_1_165' title='bbox 2729 737 2992 795; x_wconf 88' lang='lat' dir='ltr'><strong>Dominus</strong></span> <span class='ocrx_word' id='word_1_166' title='bbox 3030 743 3269 806; x_wconf 90' lang='lat' dir='ltr'><strong>muscis,</strong></span> <span class='ocrx_word' id='word_1_167' title='bbox 3306 761 3428 814; x_wconf 74' lang='lat' dir='ltr'><strong>quae</strong></span> 
     </span>
    </p>
   </div>
   <div class='ocr_carea' id='block_1_23' title="bbox 1855 828 3429 909">
    <p class='ocr_par' dir='ltr' id='par_1_23' title="bbox 1855 828 3429 909">
     <span class='ocr_line' id='line_1_23' title="bbox 1855 828 3429 909; baseline 0.003 -23"><span class='ocrx_word' id='word_1_168' title='bbox 1855 832 2209 886; x_wconf 84' lang='lat' dir='ltr'><strong>dominantur</strong></span> <span class='ocrx_word' id='word_1_169' title='bbox 2238 832 2290 884; x_wconf 91' lang='lat' dir='ltr'><strong>in</strong></span> <span class='ocrx_word' id='word_1_170' title='bbox 2341 838 2496 901; x_wconf 86' lang='lat' dir='ltr'><strong>parte</strong></span> <span class='ocrx_word' id='word_1_171' title='bbox 2525 830 2768 885; x_wconf 85' lang='lat' dir='ltr'><strong>ﬂuminis</strong></span> <span class='ocrx_word' id='word_1_172' title='bbox 2817 828 3061 903; x_wconf 65' lang='lat' dir='ltr'><strong>Egypti,</strong></span> <span class='ocrx_word' id='word_1_173' title='bbox 3092 842 3147 888; x_wconf 90' lang='lat' dir='ltr'><strong>et</strong></span> <span class='ocrx_word' id='word_1_174' title='bbox 3185 836 3271 905; x_wconf 85' lang='lat' dir='ltr'><strong>api</strong></span> <span class='ocrx_word' id='word_1_175' title='bbox 3309 854 3429 909; x_wconf 75' lang='lat' dir='ltr'><strong>qua:</strong></span> 
     </span>
    </p>
   </div>
   <div class='ocr_carea' id='block_1_24' title="bbox 1854 922 3429 996">
    <p class='ocr_par' dir='ltr' id='par_1_24' title="bbox 1854 922 3429 996">
     <span class='ocr_line' id='line_1_24' title="bbox 1854 922 3429 996; baseline 0.005 -20"><span class='ocrx_word' id='word_1_176' title='bbox 1854 931 1940 976; x_wconf 88' lang='lat' dir='ltr'><strong>est</strong></span> <span class='ocrx_word' id='word_1_177' title='bbox 1964 922 2016 975; x_wconf 92' lang='lat' dir='ltr'><strong>in</strong></span> <span class='ocrx_word' id='word_1_178' title='bbox 2047 931 2191 975; x_wconf 87' lang='lat' dir='ltr'><strong>terra</strong></span> <span class='ocrx_word' id='word_1_179' title='bbox 2218 922 2590 993; x_wconf 81' lang='lat' dir='ltr'><strong>Assyriorum,</strong></span> <span class='ocrx_word' id='word_1_180' title='bbox 2621 930 2674 976; x_wconf 91' lang='lat' dir='ltr'><strong>et</strong></span> <span class='ocrx_word' id='word_1_181' title='bbox 2704 923 2941 986; x_wconf 82' lang='lat' dir='ltr'><strong>venient,</strong></span> <span class='ocrx_word' id='word_1_182' title='bbox 2977 934 3030 979; x_wconf 89' lang='lat' dir='ltr'><strong>et</strong></span> <span class='ocrx_word' id='word_1_183' title='bbox 3059 926 3343 996; x_wconf 84' lang='lat' dir='ltr'><strong>quiescent</strong></span> <span class='ocrx_word' id='word_1_184' title='bbox 3373 930 3429 985; x_wconf 87' lang='lat' dir='ltr'><strong>in</strong></span> 
     </span>
    </p>
   </div>
   <div class='ocr_carea' id='block_1_25' title="bbox 1854 1013 3426 1088">
    <p class='ocr_par' dir='ltr' id='par_1_25' title="bbox 1854 1013 3426 1088">
     <span class='ocr_line' id='line_1_25' title="bbox 1854 1013 3426 1088; baseline 0.005 -21"><span class='ocrx_word' id='word_1_185' title='bbox 1854 1014 2198 1068; x_wconf 71' lang='lat' dir='ltr'><strong>convallibus</strong></span> <span class='ocrx_word' id='word_1_186' title='bbox 2228 1015 2464 1083; x_wconf 80' lang='lat' dir='ltr'><strong>regionis</strong></span> <span class='ocrx_word' id='word_1_187' title='bbox 2491 1055 2505 1077; x_wconf 96' lang='lat'><strong>,</strong></span> <span class='ocrx_word' id='word_1_188' title='bbox 2534 1023 2587 1069; x_wconf 92' lang='lat' dir='ltr'><strong>et</strong></span> <span class='ocrx_word' id='word_1_189' title='bbox 2624 1015 2677 1067; x_wconf 89' lang='lat' dir='ltr'><strong>in</strong></span> <span class='ocrx_word' id='word_1_190' title='bbox 2707 1013 3071 1072; x_wconf 85' lang='lat' dir='ltr'><strong>foraminibus</strong></span> <span class='ocrx_word' id='word_1_191' title='bbox 3113 1027 3388 1088; x_wconf 84' lang='lat' dir='ltr'><strong>petrarum</strong></span> <span class='ocrx_word' id='word_1_192' title='bbox 3409 1061 3426 1085; x_wconf 91' lang='lat'><strong>,</strong></span> 
     </span>
    </p>
   </div>
   <div class='ocr_carea' id='block_1_26' title="bbox 1854 1106 3430 1175">
    <p class='ocr_par' dir='ltr' id='par_1_26' title="bbox 1854 1106 3430 1175">
     <span class='ocr_line' id='line_1_26' title="bbox 1854 1106 3430 1175; baseline 0.004 -13"><span class='ocrx_word' id='word_1_193' title='bbox 1854 1117 1907 1162; x_wconf 89' lang='lat' dir='ltr'><strong>et</strong></span> <span class='ocrx_word' id='word_1_194' title='bbox 1929 1107 1983 1160; x_wconf 93' lang='lat' dir='ltr'><strong>in</strong></span> <span class='ocrx_word' id='word_1_195' title='bbox 2010 1106 2307 1175; x_wconf 89' lang='lat' dir='ltr'><strong>speluncis,</strong></span> <span class='ocrx_word' id='word_1_196' title='bbox 2343 1114 2397 1159; x_wconf 91' lang='lat' dir='ltr'><strong>et</strong></span> <span class='ocrx_word' id='word_1_197' title='bbox 2431 1106 2482 1158; x_wconf 95' lang='lat' dir='ltr'><strong>in</strong></span> <span class='ocrx_word' id='word_1_198' title='bbox 2516 1107 2665 1160; x_wconf 91' lang='lat' dir='ltr'><strong>omni</strong></span> <span class='ocrx_word' id='word_1_199' title='bbox 2696 1108 2961 1174; x_wconf 84' lang='lat' dir='ltr'><strong>scissura,</strong></span> <span class='ocrx_word' id='word_1_200' title='bbox 3010 1117 3064 1164; x_wconf 91' lang='lat' dir='ltr'><strong>et</strong></span> <span class='ocrx_word' id='word_1_201' title='bbox 3091 1112 3147 1164; x_wconf 88' lang='lat' dir='ltr'><strong>in</strong></span> <span class='ocrx_word' id='word_1_202' title='bbox 3180 1114 3330 1166; x_wconf 93' lang='lat' dir='ltr'><strong>omni</strong></span> <span class='ocrx_word' id='word_1_203' title='bbox 3364 1114 3430 1168; x_wconf 83' lang='lat' dir='ltr'><strong>li-</strong></span> 
     </span>
    </p>
   </div>
   <div class='ocr_carea' id='block_1_27' title="bbox 1856 1198 3427 1273">
    <p class='ocr_par' dir='ltr' id='par_1_27' title="bbox 1856 1198 3427 1273">
     <span class='ocr_line' id='line_1_27' title="bbox 1856 1198 3427 1273; baseline 0.004 -22"><span class='ocrx_word' id='word_1_204' title='bbox 1856 1215 1985 1269; x_wconf 79' lang='lat' dir='ltr'><strong>gno.</strong></span> <span class='ocrx_word' id='word_1_205' title='bbox 2008 1198 2066 1251; x_wconf 90' lang='lat' dir='ltr'><strong>ln</strong></span> <span class='ocrx_word' id='word_1_206' title='bbox 2091 1199 2179 1253; x_wconf 91' lang='lat' dir='ltr'><strong>die</strong></span> <span class='ocrx_word' id='word_1_207' title='bbox 2208 1198 2297 1251; x_wconf 87' lang='lat' dir='ltr'><strong>illa</strong></span> <span class='ocrx_word' id='word_1_208' title='bbox 2335 1198 2487 1252; x_wconf 84' lang='lat' dir='ltr'><strong>radet</strong></span> <span class='ocrx_word' id='word_1_209' title='bbox 2517 1198 2778 1253; x_wconf 88' lang='lat' dir='ltr'><strong>Dominus</strong></span> <span class='ocrx_word' id='word_1_210' title='bbox 2818 1199 2872 1253; x_wconf 89' lang='lat' dir='ltr'><strong>in</strong></span> <span class='ocrx_word' id='word_1_211' title='bbox 2911 1202 3174 1254; x_wconf 82' lang='lat' dir='ltr'><strong>novacula</strong></span> <span class='ocrx_word' id='word_1_212' title='bbox 3208 1218 3427 1273; x_wconf 79' lang='lat' dir='ltr'><strong>magna,</strong></span> 
     </span>
    </p>
   </div>
   <div class='ocr_carea' id='block_1_28' title="bbox 1854 1287 3427 1360">
    <p class='ocr_par' dir='ltr' id='par_1_28' title="bbox 1854 1287 3427 1360">
     <span class='ocr_line' id='line_1_28' title="bbox 1854 1287 3427 1360; baseline 0.003 -18"><span class='ocrx_word' id='word_1_213' title='bbox 1854 1304 1977 1358; x_wconf 71' lang='lat' dir='ltr'><strong>quae</strong></span> <span class='ocrx_word' id='word_1_214' title='bbox 2004 1288 2251 1343; x_wconf 86' lang='lat' dir='ltr'><strong>mercede</strong></span> <span class='ocrx_word' id='word_1_215' title='bbox 2284 1288 2556 1342; x_wconf 84' lang='lat' dir='ltr'><strong>conducta</strong></span> <span class='ocrx_word' id='word_1_216' title='bbox 2583 1295 2687 1350; x_wconf 87' lang='lat' dir='ltr'><strong>est,</strong></span> <span class='ocrx_word' id='word_1_217' title='bbox 2713 1289 2854 1341; x_wconf 86' lang='lat' dir='ltr'><strong>ultra</strong></span> <span class='ocrx_word' id='word_1_218' title='bbox 2885 1287 3110 1343; x_wconf 75' lang='lat' dir='ltr'><strong>[luvium</strong></span> <span class='ocrx_word' id='word_1_219' title='bbox 3146 1291 3289 1360; x_wconf 83' lang='lat' dir='ltr'><strong>regis</strong></span> <span class='ocrx_word' id='word_1_220' title='bbox 3322 1290 3427 1347; x_wconf 85' lang='lat' dir='ltr'><strong>As-</strong></span> 
     </span>
    </p>
   </div>
   <div class='ocr_carea' id='block_1_29' title="bbox 1857 1380 3430 1451">
    <p class='ocr_par' dir='ltr' id='par_1_29' title="bbox 1857 1380 3430 1451">
     <span class='ocr_line' id='line_1_29' title="bbox 1857 1380 3430 1451; baseline 0.003 -18"><span class='ocrx_word' id='word_1_221' title='bbox 1857 1382 2152 1451; x_wconf 83' lang='lat' dir='ltr'><strong>syriorum,</strong></span> <span class='ocrx_word' id='word_1_222' title='bbox 2180 1380 2337 1450; x_wconf 72' lang='lat'><strong>321</strong></span> <span class='ocrx_word' id='word_1_223' title='bbox 2382 1388 2546 1448; x_wconf 90' lang='lat' dir='ltr'><strong>caput</strong></span> <span class='ocrx_word' id='word_1_224' title='bbox 2574 1388 2628 1434; x_wconf 89' lang='lat' dir='ltr'><strong>et</strong></span> <span class='ocrx_word' id='word_1_225' title='bbox 2664 1381 2801 1448; x_wconf 83' lang='lat' dir='ltr'><strong>pilos</strong></span> <span class='ocrx_word' id='word_1_226' title='bbox 2841 1381 3058 1449; x_wconf 83' lang='lat' dir='ltr'><strong>Pedum,</strong></span> <span class='ocrx_word' id='word_1_227' title='bbox 3110 1390 3163 1435; x_wconf 94' lang='lat' dir='ltr'><strong>et</strong></span> <span class='ocrx_word' id='word_1_228' title='bbox 3204 1383 3430 1437; x_wconf 86' lang='lat' dir='ltr'><strong>barbam</strong></span> 
     </span>
    </p>
   </div>
   <div class='ocr_carea' id='block_1_30' title="bbox 1857 1471 3430 1542">
    <p class='ocr_par' dir='ltr' id='par_1_30' title="bbox 1857 1471 3430 1542">
     <span class='ocr_line' id='line_1_30' title="bbox 1857 1471 3430 1542; baseline 0.001 -16"><span class='ocrx_word' id='word_1_229' title='bbox 1857 1472 2088 1536; x_wconf 78' lang='lat' dir='ltr'><strong>auferet,</strong></span> <span class='ocrx_word' id='word_1_230' title='bbox 2121 1480 2174 1527; x_wconf 92' lang='lat' dir='ltr'><strong>et</strong></span> <span class='ocrx_word' id='word_1_231' title='bbox 2204 1474 2311 1527; x_wconf 87' lang='lat' dir='ltr'><strong>erit</strong></span> <span class='ocrx_word' id='word_1_232' title='bbox 2359 1472 2411 1525; x_wconf 93' lang='lat' dir='ltr'><strong>in</strong></span> <span class='ocrx_word' id='word_1_233' title='bbox 2444 1472 2533 1527; x_wconf 89' lang='lat' dir='ltr'><strong>die</strong></span> <span class='ocrx_word' id='word_1_234' title='bbox 2565 1471 2677 1534; x_wconf 88' lang='lat' dir='ltr'><strong>illa,</strong></span> <span class='ocrx_word' id='word_1_235' title='bbox 2713 1471 2919 1525; x_wconf 86' lang='lat' dir='ltr'><strong>nutriet</strong></span> <span class='ocrx_word' id='word_1_236' title='bbox 2944 1471 3111 1525; x_wconf 87' lang='lat' dir='ltr'><strong>homo</strong></span> <span class='ocrx_word' id='word_1_237' title='bbox 3136 1472 3430 1542; x_wconf 86' lang='lat' dir='ltr'><strong>juvencam</strong></span> 
     </span>
    </p>
   </div>
   <div class='ocr_carea' id='block_1_31' title="bbox 1858 1563 3431 1633">
    <p class='ocr_par' dir='ltr' id='par_1_31' title="bbox 1858 1563 3431 1633">
     <span class='ocr_line' id='line_1_31' title="bbox 1858 1563 3431 1633; baseline 0 -14"><span class='ocrx_word' id='word_1_238' title='bbox 1858 1566 2020 1619; x_wconf 91' lang='lat' dir='ltr'><strong>boum</strong></span> <span class='ocrx_word' id='word_1_239' title='bbox 2051 1572 2105 1619; x_wconf 90' lang='lat' dir='ltr'><strong>et</strong></span> <span class='ocrx_word' id='word_1_240' title='bbox 2132 1565 2271 1619; x_wconf 89' lang='lat' dir='ltr'><strong>duas</strong></span> <span class='ocrx_word' id='word_1_241' title='bbox 2302 1579 2454 1626; x_wconf 84' lang='lat' dir='ltr'><strong>oves,</strong></span> <span class='ocrx_word' id='word_1_242' title='bbox 2499 1571 2553 1619; x_wconf 90' lang='lat' dir='ltr'><strong>et</strong></span> <span class='ocrx_word' id='word_1_243' title='bbox 2580 1564 2687 1618; x_wconf 90' lang='lat' dir='ltr'><strong>erit</strong></span> <span class='ocrx_word' id='word_1_244' title='bbox 2722 1579 2789 1616; x_wconf 82' lang='lat' dir='ltr'><strong>ex</strong></span> <span class='ocrx_word' id='word_1_245' title='bbox 2835 1579 2901 1618; x_wconf 92' lang='lat' dir='ltr'><strong>eo</strong></span> <span class='ocrx_word' id='word_1_246' title='bbox 2928 1563 3076 1632; x_wconf 90' lang='lat' dir='ltr'><strong>quod</strong></span> <span class='ocrx_word' id='word_1_247' title='bbox 3137 1565 3431 1633; x_wconf 88' lang='lat' dir='ltr'><strong>plurimum</strong></span> 
     </span>
    </p>
   </div>
   <div class='ocr_carea' id='block_1_32' title="bbox 1858 1654 3436 1726">
    <p class='ocr_par' dir='ltr' id='par_1_32' title="bbox 1858 1654 3436 1726">
     <span class='ocr_line' id='line_1_32' title="bbox 1858 1654 3436 1726; baseline 0.004 -19"><span class='ocrx_word' id='word_1_248' title='bbox 1858 1654 2021 1710; x_wconf 76' lang='lat' dir='ltr'><strong>faciet</strong></span> <span class='ocrx_word' id='word_1_249' title='bbox 2069 1655 2174 1716; x_wconf 90' lang='lat' dir='ltr'><strong>lac,</strong></span> <span class='ocrx_word' id='word_1_250' title='bbox 2207 1655 2457 1709; x_wconf 83' lang='lat' dir='ltr'><strong>comedet</strong></span> <span class='ocrx_word' id='word_1_251' title='bbox 2485 1655 2770 1724; x_wconf 87' lang='lat' dir='ltr'><strong>butyrum:</strong></span> <span class='ocrx_word' id='word_1_252' title='bbox 2802 1656 3059 1722; x_wconf 82' lang='lat' dir='ltr'><strong>quoniam</strong></span> <span class='ocrx_word' id='word_1_253' title='bbox 3089 1654 3342 1726; x_wconf 86' lang='lat' dir='ltr'><strong>butyrum</strong></span> <span class='ocrx_word' id='word_1_254' title='bbox 3378 1663 3436 1715; x_wconf 73' lang='lat' dir='ltr'><strong>et</strong></span> 
     </span>
    </p>
   </div>
   <div class='ocr_carea' id='block_1_33' title="bbox 1856 1742 3431 1814">
    <p class='ocr_par' dir='ltr' id='par_1_33' title="bbox 1856 1742 3431 1814">
     <span class='ocr_line' id='line_1_33' title="bbox 1856 1742 3431 1814; baseline -0.001 -15"><span class='ocrx_word' id='word_1_255' title='bbox 1856 1747 1960 1800; x_wconf 85' lang='lat' dir='ltr'><strong>tnel</strong></span> <span class='ocrx_word' id='word_1_256' title='bbox 1988 1746 2236 1800; x_wconf 81' lang='lat' dir='ltr'><strong>comedet</strong></span> <span class='ocrx_word' id='word_1_257' title='bbox 2306 1745 2488 1799; x_wconf 91' lang='lat' dir='ltr'><strong>omnis</strong></span> <span class='ocrx_word' id='word_1_258' title='bbox 2546 1745 2639 1814; x_wconf 86' lang='lat' dir='ltr'><strong>qui</strong></span> <span class='ocrx_word' id='word_1_259' title='bbox 2687 1744 2911 1798; x_wconf 88' lang='lat' dir='ltr'><strong>relictus</strong></span> <span class='ocrx_word' id='word_1_260' title='bbox 2944 1742 3107 1798; x_wconf 81' lang='lat' dir='ltr'><strong>fuerit</strong></span> <span class='ocrx_word' id='word_1_261' title='bbox 3155 1744 3211 1797; x_wconf 92' lang='lat' dir='ltr'><strong>in</strong></span> <span class='ocrx_word' id='word_1_262' title='bbox 3262 1753 3431 1809; x_wconf 85' lang='lat' dir='ltr'><strong>terra,</strong></span> 
     </span>
    </p>
   </div>
   <div class='ocr_carea' id='block_1_34' title="bbox 157 1832 1819 1915">
    <p class='ocr_par' dir='ltr' id='par_1_34' title="bbox 157 1832 1819 1915">
     <span class='ocr_line' id='line_1_34' title="bbox 157 1832 1819 1915; baseline 0.004 -20"><span class='ocrx_word' id='word_1_263' title='bbox 157 1843 425 1913; x_wconf 79' lang='grc' dir='ltr'>βούτυρον</span> <span class='ocrx_word' id='word_1_264' title='bbox 458 1843 555 1895; x_wconf 79' lang='grc' dir='ltr'>καὶ</span> <span class='ocrx_word' id='word_1_265' title='bbox 604 1843 725 1913; x_wconf 86' lang='grc' dir='ltr'><strong>μέλι</strong></span> <span class='ocrx_word' id='word_1_266' title='bbox 769 1844 1003 1913; x_wconf 74' lang='grc' dir='ltr'>φάγεται</span> <span class='ocrx_word' id='word_1_267' title='bbox 1036 1847 1148 1908; x_wconf 79' lang='grc' dir='ltr'>πᾶς</span> <span class='ocrx_word' id='word_1_268' title='bbox 1175 1847 1204 1898; x_wconf 85' lang='grc' dir='ltr'>ὁ</span> <span class='ocrx_word' id='word_1_269' title='bbox 1237 1845 1619 1915; x_wconf 74' lang='grc' dir='ltr'>καταλειφθεὶς</span> <span class='ocrx_word' id='word_1_270' title='bbox 1655 1849 1749 1901; x_wconf 76' lang='grc' dir='ltr'>ἐπὶ</span> <span class='ocrx_word' id='word_1_271' title='bbox 1781 1832 1819 1889; x_wconf 73' lang='grc' dir='ltr'><strong><em>Β</em></strong></span> 
     </span>
    </p>
   </div>
   <div class='ocr_carea' id='block_1_35' title="bbox 1858 1832 3434 1915">
    <p class='ocr_par' dir='ltr' id='par_1_35' title="bbox 1858 1836 3434 1905">
     <span class='ocr_line' id='line_1_35' title="bbox 1858 1836 3434 1905; baseline -0.001 -13"><span class='ocrx_word' id='word_1_272' title='bbox 1858 1846 1903 1892; x_wconf 83' lang='lat' dir='ltr'><strong>et</strong></span> <span class='ocrx_word' id='word_1_273' title='bbox 1931 1839 2038 1892; x_wconf 89' lang='lat' dir='ltr'><strong>erit</strong></span> <span class='ocrx_word' id='word_1_274' title='bbox 2080 1837 2136 1890; x_wconf 90' lang='lat' dir='ltr'><strong>in</strong></span> <span class='ocrx_word' id='word_1_275' title='bbox 2180 1837 2270 1892; x_wconf 90' lang='lat' dir='ltr'><strong>die</strong></span> <span class='ocrx_word' id='word_1_276' title='bbox 2298 1837 2412 1902; x_wconf 90' lang='lat' dir='ltr'><strong>illa,</strong></span> <span class='ocrx_word' id='word_1_277' title='bbox 2445 1838 2625 1891; x_wconf 90' lang='lat' dir='ltr'><strong>omnis</strong></span> <span class='ocrx_word' id='word_1_278' title='bbox 2667 1836 2822 1891; x_wconf 89' lang='lat' dir='ltr'><strong>locus</strong></span> <span class='ocrx_word' id='word_1_279' title='bbox 2876 1836 3190 1905; x_wconf 86' lang='lat' dir='ltr'><strong>ubicunque</strong></span> <span class='ocrx_word' id='word_1_280' title='bbox 3230 1836 3434 1891; x_wconf 73' lang='lat' dir='ltr'><strong>fuerint</strong></span> 
     </span>
    </p>
   </div>
   <div class='ocr_carea' id='block_1_36' title="bbox 153 1936 1746 2011">
    <p class='ocr_par' dir='ltr' id='par_1_36' title="bbox 153 1936 1746 2011">
     <span class='ocr_line' id='line_1_36' title="bbox 153 1936 1746 2011; baseline 0.004 -23"><span class='ocrx_word' id='word_1_281' title='bbox 153 1937 259 2005; x_wconf 75' lang='grc' dir='ltr'>τῆς</span> <span class='ocrx_word' id='word_1_282' title='bbox 283 1936 413 2005; x_wconf 76' lang='grc' dir='ltr'><strong>γῆς.</strong></span> <span class='ocrx_word' id='word_1_283' title='bbox 454 1936 565 1990; x_wconf 78' lang='grc' dir='ltr'><strong>Καὶ</strong></span> <span class='ocrx_word' id='word_1_284' title='bbox 600 1936 750 1990; x_wconf 73' lang='grc' dir='ltr'>ἔσται</span> <span class='ocrx_word' id='word_1_285' title='bbox 782 1938 841 1991; x_wconf 88' lang='grc' dir='ltr'><strong>ἐν</strong></span> <span class='ocrx_word' id='word_1_286' title='bbox 864 1939 931 2008; x_wconf 84' lang='grc' dir='ltr'>τῇ</span> <span class='ocrx_word' id='word_1_287' title='bbox 960 1938 1145 2010; x_wconf 82' lang='grc' dir='ltr'>ἡμέρᾳ</span> <span class='ocrx_word' id='word_1_288' title='bbox 1171 1938 1354 2011; x_wconf 86' lang='grc' dir='ltr'>ἐκείνῃ</span> <span class='ocrx_word' id='word_1_289' title='bbox 1374 1979 1389 2002; x_wconf 94' lang='grc'><strong>,</strong></span> <span class='ocrx_word' id='word_1_290' title='bbox 1417 1941 1524 2003; x_wconf 75' lang='grc' dir='ltr'>πᾶς</span> <span class='ocrx_word' id='word_1_291' title='bbox 1550 1940 1713 2004; x_wconf 87' lang='grc' dir='ltr'>τόπος</span> <span class='ocrx_word' id='word_1_292' title='bbox 1731 1981 1746 2005; x_wconf 94' lang='grc'><strong>,</strong></span> 
     </span>
    </p>
   </div>
   <div class='ocr_carea' id='block_1_37' title="bbox 152 2019 1749 2104">
    <p class='ocr_par' dir='ltr' id='par_1_37' title="bbox 152 2019 1749 2104">
     <span class='ocr_line' id='line_1_37' title="bbox 152 2019 1749 2104; baseline 0.006 -27"><span class='ocrx_word' id='word_1_293' title='bbox 152 2019 219 2077; x_wconf 77' lang='grc' dir='ltr'><strong>οὗ</strong></span> <span class='ocrx_word' id='word_1_294' title='bbox 246 2026 312 2079; x_wconf 79' lang='grc' dir='ltr'>ἂν</span> <span class='ocrx_word' id='word_1_295' title='bbox 339 2021 445 2079; x_wconf 80' lang='grc' dir='ltr'>ὦσι</span> <span class='ocrx_word' id='word_1_296' title='bbox 478 2025 645 2097; x_wconf 82' lang='grc' dir='ltr'>χίλιαι</span> <span class='ocrx_word' id='word_1_297' title='bbox 673 2028 907 2098; x_wconf 83' lang='grc' dir='ltr'>ἄμπελοι</span> <span class='ocrx_word' id='word_1_298' title='bbox 936 2028 1124 2099; x_wconf 90' lang='grc' dir='ltr'>χιλίων</span> <span class='ocrx_word' id='word_1_299' title='bbox 1168 2029 1367 2083; x_wconf 82' lang='grc' dir='ltr'>σίκλων</span> <span class='ocrx_word' id='word_1_300' title='bbox 1387 2069 1401 2094; x_wconf 92' lang='grc'><strong>,</strong></span> <span class='ocrx_word' id='word_1_301' title='bbox 1442 2032 1523 2096; x_wconf 84' lang='grc' dir='ltr'>εἰς</span> <span class='ocrx_word' id='word_1_302' title='bbox 1556 2032 1749 2104; x_wconf 81' lang='grc' dir='ltr'>χέρσον</span> 
     </span>
    </p>
   </div>
   <div class='ocr_carea' id='block_1_38' title="bbox 154 2118 1749 2193">
    <p class='ocr_par' dir='ltr' id='par_1_38' title="bbox 154 2118 1749 2193">
     <span class='ocr_line' id='line_1_38' title="bbox 154 2118 1749 2193; baseline 0.004 -23"><span class='ocrx_word' id='word_1_303' title='bbox 154 2118 376 2172; x_wconf 80' lang='grc' dir='ltr'>ἔσονται</span> <span class='ocrx_word' id='word_1_304' title='bbox 401 2120 497 2173; x_wconf 75' lang='grc' dir='ltr'><strong>καὶ</strong></span> <span class='ocrx_word' id='word_1_305' title='bbox 522 2121 601 2183; x_wconf 88' lang='grc' dir='ltr'><strong>είς</strong></span> <span class='ocrx_word' id='word_1_306' title='bbox 623 2119 884 2182; x_wconf 77' lang='grc' dir='ltr'>ἄκανθαν,</span> <span class='ocrx_word' id='word_1_307' title='bbox 916 2122 1051 2191; x_wconf 74' lang='grc' dir='ltr'>μετὰ</span> <span class='ocrx_word' id='word_1_308' title='bbox 1080 2122 1268 2192; x_wconf 79' lang='grc' dir='ltr'>βέλους</span> <span class='ocrx_word' id='word_1_309' title='bbox 1296 2123 1391 2175; x_wconf 77' lang='grc' dir='ltr'><strong>καὶ</strong></span> <span class='ocrx_word' id='word_1_310' title='bbox 1418 2121 1749 2193; x_wconf 81' lang='grc' dir='ltr'>τοξεύματος</span> 
     </span>
    </p>
   </div>
   <div class='ocr_carea' id='block_1_39' title="bbox 153 2207 1750 2282">
    <p class='ocr_par' dir='ltr' id='par_1_39' title="bbox 153 2207 1750 2282">
     <span class='ocr_line' id='line_1_39' title="bbox 153 2207 1750 2282; baseline 0.006 -23"><span class='ocrx_word' id='word_1_311' title='bbox 153 2207 557 2263; x_wconf 77' lang='grc' dir='ltr'>εἰσελεύσονται</span> <span class='ocrx_word' id='word_1_312' title='bbox 584 2212 718 2274; x_wconf 84' lang='grc' dir='ltr'>ἐκεῖ,</span> <span class='ocrx_word' id='word_1_313' title='bbox 734 2212 815 2264; x_wconf 84' lang='grc' dir='ltr'>ὅτι</span> <span class='ocrx_word' id='word_1_314' title='bbox 840 2212 1035 2282; x_wconf 81' lang='grc' dir='ltr'>χέρσος</span> <span class='ocrx_word' id='word_1_315' title='bbox 1055 2214 1149 2266; x_wconf 72' lang='grc' dir='ltr'>καὶ</span> <span class='ocrx_word' id='word_1_316' title='bbox 1177 2212 1388 2266; x_wconf 78' lang='grc' dir='ltr'>ἄκανθα</span> <span class='ocrx_word' id='word_1_317' title='bbox 1415 2213 1569 2268; x_wconf 83' lang='grc' dir='ltr'>ἔσται</span> <span class='ocrx_word' id='word_1_318' title='bbox 1599 2218 1750 2270; x_wconf 80' lang='grc' dir='ltr'>πᾶσα</span> 
     </span>
    </p>
   </div>
   <div class='ocr_carea' id='block_1_40' title="bbox 152 2298 1745 2378">
    <p class='ocr_par' dir='ltr' id='par_1_40' title="bbox 152 2298 1745 2378">
     <span class='ocr_line' id='line_1_40' title="bbox 152 2298 1745 2378; baseline 0.006 -27"><span class='ocrx_word' id='word_1_319' title='bbox 152 2298 301 2370; x_wconf 49' lang='grc' dir='ltr'><strong>ἠ,χῇ</strong></span> <span class='ocrx_word' id='word_1_320' title='bbox 329 2339 345 2363; x_wconf 91' lang='grc'><strong>,</strong></span> <span class='ocrx_word' id='word_1_321' title='bbox 389 2299 486 2351; x_wconf 80' lang='grc' dir='ltr'>καὶ</span> <span class='ocrx_word' id='word_1_322' title='bbox 520 2301 631 2352; x_wconf 78' lang='grc' dir='ltr'><strong>πᾶν</strong></span> <span class='ocrx_word' id='word_1_323' title='bbox 661 2300 786 2372; x_wconf 72' lang='grc' dir='ltr'>ὅρος</span> <span class='ocrx_word' id='word_1_324' title='bbox 826 2302 1236 2373; x_wconf 85' lang='grc' dir='ltr'>ἁροτριώμενον</span> <span class='ocrx_word' id='word_1_325' title='bbox 1264 2305 1745 2378; x_wconf 77' lang='grc' dir='ltr'>ἀροτριαθήσεται.</span> 
     </span>
    </p>
   </div>
   <div class='ocr_carea' id='block_1_41' title="bbox 155 2390 1749 2468">
    <p class='ocr_par' dir='ltr' id='par_1_41' title="bbox 155 2390 1749 2468">
     <span class='ocr_line' id='line_1_41' title="bbox 155 2390 1749 2468; baseline 0.003 -22"><span class='ocrx_word' id='word_1_326' title='bbox 155 2392 235 2446; x_wconf 76' lang='grc' dir='ltr'><strong>υῦ</strong></span> <span class='ocrx_word' id='word_1_327' title='bbox 272 2392 352 2462; x_wconf 77' lang='grc' dir='ltr'>μὴ</span> <span class='ocrx_word' id='word_1_328' title='bbox 378 2390 583 2464; x_wconf 81' lang='grc' dir='ltr'>ἐπέλθῃ</span> <span class='ocrx_word' id='word_1_329' title='bbox 608 2394 724 2446; x_wconf 83' lang='grc' dir='ltr'>ἐκεῖ</span> <span class='ocrx_word' id='word_1_330' title='bbox 754 2392 917 2462; x_wconf 87' lang='grc' dir='ltr'>φόϐος</span> <span class='ocrx_word' id='word_1_331' title='bbox 941 2410 955 2424; x_wconf 93' lang='grc'><strong>·</strong></span> <span class='ocrx_word' id='word_1_332' title='bbox 989 2394 1140 2447; x_wconf 78' lang='grc' dir='ltr'>ἔσται</span> <span class='ocrx_word' id='word_1_333' title='bbox 1166 2394 1273 2466; x_wconf 83' lang='grc' dir='ltr'>γὰρ</span> <span class='ocrx_word' id='word_1_334' title='bbox 1297 2397 1405 2450; x_wconf 82' lang='grc' dir='ltr'>ἀπὸ</span> <span class='ocrx_word' id='word_1_335' title='bbox 1422 2396 1522 2467; x_wconf 80' lang='grc' dir='ltr'>τῆς</span> <span class='ocrx_word' id='word_1_336' title='bbox 1554 2397 1749 2468; x_wconf 80' lang='grc' dir='ltr'>χέρσου</span> 
     </span>
    </p>
   </div>
   <div class='ocr_carea' id='block_1_42' title="bbox 156 2484 1750 2558">
    <p class='ocr_par' dir='ltr' id='par_1_42' title="bbox 156 2484 1750 2558">
     <span class='ocr_line' id='line_1_42' title="bbox 156 2484 1750 2558; baseline 0.003 -21"><span class='ocrx_word' id='word_1_337' title='bbox 156 2500 258 2538; x_wconf 85' lang='grc' dir='ltr'><strong>σου</strong></span> <span class='ocrx_word' id='word_1_338' title='bbox 296 2484 393 2538; x_wconf 77' lang='grc' dir='ltr'>καὶ</span> <span class='ocrx_word' id='word_1_339' title='bbox 424 2485 668 2557; x_wconf 75' lang='grc' dir='ltr'><strong>ἀκάνθης</strong></span> <span class='ocrx_word' id='word_1_340' title='bbox 700 2488 781 2550; x_wconf 86' lang='grc' dir='ltr'><strong>είς</strong></span> <span class='ocrx_word' id='word_1_341' title='bbox 826 2486 1079 2557; x_wconf 82' lang='grc' dir='ltr'>βόσκημα</span> <span class='ocrx_word' id='word_1_342' title='bbox 1113 2487 1418 2558; x_wconf 81' lang='grc' dir='ltr'>προϐάτου,</span> <span class='ocrx_word' id='word_1_343' title='bbox 1453 2489 1548 2541; x_wconf 85' lang='grc' dir='ltr'>καὶ</span> <span class='ocrx_word' id='word_1_344' title='bbox 1581 2505 1750 2543; x_wconf 84' lang='grc' dir='ltr'>κατα-</span> 
     </span>
    </p>
   </div>
   <div class='ocr_carea' id='block_1_43' title="bbox 155 2576 1749 2653">
    <p class='ocr_par' dir='ltr' id='par_1_43' title="bbox 155 2576 1749 2653">
     <span class='ocr_line' id='line_1_43' title="bbox 155 2576 1749 2653; baseline 0.003 -23"><span class='ocrx_word' id='word_1_345' title='bbox 155 2576 396 2648; x_wconf 79' lang='grc' dir='ltr'>πὰτημα</span> <span class='ocrx_word' id='word_1_346' title='bbox 435 2576 573 2647; x_wconf 86' lang='grc' dir='ltr'>βοός.</span> <span class='ocrx_word' id='word_1_347' title='bbox 604 2597 623 2628; x_wconf 71' lang='grc' dir='ltr'><strong>ι</strong></span> <span class='ocrx_word' id='word_1_348' title='bbox 655 2577 904 2632; x_wconf 80' lang='grc' dir='ltr'>Τοσαῦτα</span> <span class='ocrx_word' id='word_1_349' title='bbox 937 2578 1155 2633; x_wconf 71' lang='grc' dir='ltr'>ἔσεσθαι</span> <span class='ocrx_word' id='word_1_350' title='bbox 1205 2582 1263 2633; x_wconf 88' lang='grc' dir='ltr'><strong>ἐν</strong></span> <span class='ocrx_word' id='word_1_351' title='bbox 1297 2583 1364 2652; x_wconf 76' lang='grc' dir='ltr'>τῇ</span> <span class='ocrx_word' id='word_1_352' title='bbox 1426 2581 1611 2653; x_wconf 82' lang='grc' dir='ltr'>ἡμέρᾳ</span> <span class='ocrx_word' id='word_1_353' title='bbox 1654 2580 1749 2635; x_wconf 81' lang='grc' dir='ltr'><strong>τοῦ</strong></span> 
     </span>
    </p>
   </div>
   <div class='ocr_carea' id='block_1_44' title="bbox 171 2668 1752 2745">
    <p class='ocr_par' dir='ltr' id='par_1_44' title="bbox 171 2668 1752 2745">
     <span class='ocr_line' id='line_1_44' title="bbox 171 2668 1752 2745; baseline 0.003 -23"><span class='ocrx_word' id='word_1_354' title='bbox 171 2668 530 2740; x_wconf 81' lang='grc' dir='ltr'>Ἐμμανουὴλ</span> <span class='ocrx_word' id='word_1_355' title='bbox 558 2673 591 2741; x_wconf 79' lang='grc' dir='ltr'><strong>ἡ</strong></span> <span class='ocrx_word' id='word_1_356' title='bbox 625 2670 877 2742; x_wconf 79' lang='grc' dir='ltr'>παροῦσα</span> <span class='ocrx_word' id='word_1_357' title='bbox 925 2673 1231 2743; x_wconf 66' lang='grc' dir='ltr'>προφητεία</span> <span class='ocrx_word' id='word_1_358' title='bbox 1280 2673 1559 2745; x_wconf 83' lang='grc' dir='ltr'>περιέχει·</span> <span class='ocrx_word' id='word_1_359' title='bbox 1606 2672 1752 2745; x_wconf 82' lang='grc' dir='ltr'>ἆπερ</span> 
     </span>
    </p>
   </div>
   <div class='ocr_carea' id='block_1_45' title="bbox 153 2761 1752 2837">
    <p class='ocr_par' dir='ltr' id='par_1_45' title="bbox 153 2761 1752 2837">
     <span class='ocr_line' id='line_1_45' title="bbox 153 2761 1752 2837; baseline 0.001 -22"><span class='ocrx_word' id='word_1_360' title='bbox 153 2762 359 2825; x_wconf 80' lang='grc' dir='ltr'>ὁποίας</span> <span class='ocrx_word' id='word_1_361' title='bbox 387 2761 569 2833; x_wconf 71' lang='grc' dir='ltr'>ἔχεται</span> <span class='ocrx_word' id='word_1_362' title='bbox 609 2763 850 2834; x_wconf 84' lang='grc' dir='ltr'>θεωρίας</span> <span class='ocrx_word' id='word_1_363' title='bbox 893 2762 1013 2835; x_wconf 85' lang='grc' dir='ltr'><strong>ὥρα</strong></span> <span class='ocrx_word' id='word_1_364' title='bbox 1060 2764 1320 2829; x_wconf 85' lang='grc' dir='ltr'>διελθεῖν,</span> <span class='ocrx_word' id='word_1_365' title='bbox 1370 2765 1470 2837; x_wconf 85' lang='grc' dir='ltr'>τὴν</span> <span class='ocrx_word' id='word_1_366' title='bbox 1514 2764 1752 2819; x_wconf 85' lang='grc' dir='ltr'>διάνοιαν</span> 
     </span>
    </p>
   </div>
   <div class='ocr_carea' id='block_1_46' title="bbox 157 2852 1751 2926">
    <p class='ocr_par' dir='ltr' id='par_1_46' title="bbox 157 2852 1751 2926">
     <span class='ocr_line' id='line_1_46' title="bbox 157 2852 1751 2926; baseline 0.003 -23"><span class='ocrx_word' id='word_1_367' title='bbox 157 2852 648 2923; x_wconf 82' lang='grc' dir='ltr'>ἐπιτεμνομένους.</span> <span class='ocrx_word' id='word_1_368' title='bbox 682 2873 700 2905; x_wconf 79' lang='grc' dir='ltr'><strong>ι</strong></span> <span class='ocrx_word' id='word_1_369' title='bbox 730 2853 931 2924; x_wconf 88' lang='grc' dir='ltr'>Συριεῖ,</span> <span class='ocrx_word' id='word_1_370' title='bbox 964 2872 982 2904; x_wconf 72' lang='grc' dir='ltr'><strong>ι</strong></span> <span class='ocrx_word' id='word_1_371' title='bbox 1008 2856 1171 2925; x_wconf 75' lang='grc' dir='ltr'>φησὶ,</span> <span class='ocrx_word' id='word_1_372' title='bbox 1199 2875 1218 2905; x_wconf 75' lang='grc' dir='ltr'><strong>ι</strong></span> <span class='ocrx_word' id='word_1_373' title='bbox 1250 2854 1456 2926; x_wconf 83' lang='grc' dir='ltr'>Κύριος</span> <span class='ocrx_word' id='word_1_374' title='bbox 1484 2856 1670 2926; x_wconf 87' lang='grc' dir='ltr'>μυίαις</span> <span class='ocrx_word' id='word_1_375' title='bbox 1695 2858 1751 2907; x_wconf 90' lang='grc' dir='ltr'><strong>ἐν</strong></span> 
     </span>
    </p>
   </div>
   <div class='ocr_carea' id='block_1_47' title="bbox 152 2944 1754 3018">
    <p class='ocr_par' dir='ltr' id='par_1_47' title="bbox 152 2944 1754 3018">
     <span class='ocr_line' id='line_1_47' title="bbox 152 2944 1754 3018; baseline 0.001 -21"><span class='ocrx_word' id='word_1_376' title='bbox 152 2945 227 3014; x_wconf 78' lang='grc' dir='ltr'>τῇ</span> <span class='ocrx_word' id='word_1_377' title='bbox 264 2944 455 3016; x_wconf 81' lang='grc' dir='ltr'>ἡμέρᾳ</span> <span class='ocrx_word' id='word_1_378' title='bbox 486 2944 690 3016; x_wconf 77' lang='grc' dir='ltr'>ἐκείνῃ,</span> <span class='ocrx_word' id='word_1_379' title='bbox 719 2945 774 2998; x_wconf 81' lang='grc' dir='ltr'>αἶ</span> <span class='ocrx_word' id='word_1_380' title='bbox 804 2944 1118 3017; x_wconf 87' lang='grc' dir='ltr'>κυριεύουσι</span> <span class='ocrx_word' id='word_1_381' title='bbox 1148 2945 1346 3018; x_wconf 89' lang='grc' dir='ltr'>μέρους</span> <span class='ocrx_word' id='word_1_382' title='bbox 1376 2945 1626 3017; x_wconf 87' lang='grc' dir='ltr'>ποταμοῦ</span> <span class='ocrx_word' id='word_1_383' title='bbox 1658 2947 1754 2999; x_wconf 83' lang='grc' dir='ltr'><strong>Αί-</strong></span> 
     </span>
    </p>
   </div>
   <div class='ocr_carea' id='block_1_48' title="bbox 156 3035 1747 3109">
    <p class='ocr_par' dir='ltr' id='par_1_48' title="bbox 156 3035 1747 3109">
     <span class='ocr_line' id='line_1_48' title="bbox 156 3035 1747 3109; baseline -0.001 -20"><span class='ocrx_word' id='word_1_384' title='bbox 156 3035 399 3104; x_wconf 84' lang='grc' dir='ltr'>γύπτου,</span> <span class='ocrx_word' id='word_1_385' title='bbox 418 3036 512 3089; x_wconf 76' lang='grc' dir='ltr'>καὶ</span> <span class='ocrx_word' id='word_1_386' title='bbox 531 3038 597 3108; x_wconf 78' lang='grc' dir='ltr'>τῇ</span> <span class='ocrx_word' id='word_1_387' title='bbox 625 3036 877 3107; x_wconf 80' lang='grc' dir='ltr'>μελίσσῃ,</span> <span class='ocrx_word' id='word_1_388' title='bbox 894 3036 929 3107; x_wconf 83' lang='grc' dir='ltr'>ἦ</span> <span class='ocrx_word' id='word_1_389' title='bbox 961 3037 1106 3090; x_wconf 89' lang='grc' dir='ltr'>ἐστιν</span> <span class='ocrx_word' id='word_1_390' title='bbox 1127 3039 1184 3091; x_wconf 81' lang='grc' dir='ltr'><strong>ἐν</strong></span> <span class='ocrx_word' id='word_1_391' title='bbox 1210 3035 1366 3109; x_wconf 82' lang='grc' dir='ltr'>χώρᾳ</span> <span class='ocrx_word' id='word_1_392' title='bbox 1394 3037 1712 3109; x_wconf 83' lang='grc' dir='ltr'>Ἀσσυρίων·</span> <span class='ocrx_word' id='word_1_393' title='bbox 1729 3058 1747 3088; x_wconf 72' lang='grc' dir='ltr'><strong>ι</strong></span> 
     </span>
    </p>
   </div>
   <div class='ocr_carea' id='block_1_49' title="bbox 154 3127 1820 3206">
    <p class='ocr_par' dir='ltr' id='par_1_49' title="bbox 154 3127 1820 3206">
     <span class='ocr_line' id='line_1_49' title="bbox 154 3127 1820 3206; baseline 0.001 -24"><span class='ocrx_word' id='word_1_394' title='bbox 154 3130 288 3191; x_wconf 75' lang='grc' dir='ltr'>ταῖς</span> <span class='ocrx_word' id='word_1_395' title='bbox 331 3127 433 3199; x_wconf 82' lang='grc' dir='ltr'>μὲν</span> <span class='ocrx_word' id='word_1_396' title='bbox 477 3128 770 3199; x_wconf 70' lang='grc' dir='ltr'>προτέραις</span> <span class='ocrx_word' id='word_1_397' title='bbox 800 3127 1200 3199; x_wconf 83' lang='grc' dir='ltr'>εἰδωλολατρῶν</span> <span class='ocrx_word' id='word_1_398' title='bbox 1250 3128 1457 3199; x_wconf 81' lang='grc' dir='ltr'>ἀνδρῶν</span> <span class='ocrx_word' id='word_1_399' title='bbox 1485 3129 1684 3199; x_wconf 82' lang='grc' dir='ltr'>ψυχαῖς</span> <span class='ocrx_word' id='word_1_400' title='bbox 1716 3129 1749 3200; x_wconf 78' lang='grc' dir='ltr'>ἢ</span> <span class='ocrx_word' id='word_1_401' title='bbox 1785 3188 1820 3206; x_wconf 47' lang='lat' dir='ltr'>ﬁ</span> 
     </span>
    </p>
   </div>
   <div class='ocr_carea' id='block_1_50' title="bbox 160 3214 1753 3291">
    <p class='ocr_par' dir='ltr' id='par_1_50' title="bbox 160 3214 1753 3291">
     <span class='ocr_line' id='line_1_50' title="bbox 160 3214 1753 3291; baseline 0 -19"><span class='ocrx_word' id='word_1_402' title='bbox 160 3219 266 3272; x_wconf 70' lang='grc' dir='ltr'>καὶ</span> <span class='ocrx_word' id='word_1_403' title='bbox 313 3219 647 3289; x_wconf 82' lang='grc' dir='ltr'>δυνάμεσιν,</span> <span class='ocrx_word' id='word_1_404' title='bbox 691 3217 769 3281; x_wconf 86' lang='grc' dir='ltr'><strong>ὡς</strong></span> <span class='ocrx_word' id='word_1_405' title='bbox 808 3214 998 3288; x_wconf 77' lang='grc' dir='ltr'>οἶμαι,</span> <span class='ocrx_word' id='word_1_406' title='bbox 1048 3217 1377 3287; x_wconf 84' lang='grc' dir='ltr'>ἀκαθάρτοις</span> <span class='ocrx_word' id='word_1_407' title='bbox 1424 3220 1517 3272; x_wconf 67' lang='grc' dir='ltr'>καὶ</span> <span class='ocrx_word' id='word_1_408' title='bbox 1566 3220 1753 3291; x_wconf 86' lang='grc' dir='ltr'>ἀηδέσι</span> 
     </span>
    </p>
   </div>
   <div class='ocr_carea' id='block_1_51' title="bbox 163 3305 1755 3378">
    <p class='ocr_par' dir='ltr' id='par_1_51' title="bbox 163 3305 1755 3378">
     <span class='ocr_line' id='line_1_51' title="bbox 163 3305 1755 3378; baseline 0.002 -19"><span class='ocrx_word' id='word_1_409' title='bbox 163 3306 360 3378; x_wconf 80' lang='grc' dir='ltr'>μυίαις</span> <span class='ocrx_word' id='word_1_410' title='bbox 382 3305 844 3377; x_wconf 78' lang='grc' dir='ltr'>ὀνομαζομέναις,</span> <span class='ocrx_word' id='word_1_411' title='bbox 878 3306 972 3360; x_wconf 77' lang='grc' dir='ltr'>καὶ</span> <span class='ocrx_word' id='word_1_412' title='bbox 1003 3307 1187 3377; x_wconf 86' lang='grc' dir='ltr'>μυίαις</span> <span class='ocrx_word' id='word_1_413' title='bbox 1210 3308 1627 3376; x_wconf 81' lang='grc' dir='ltr'>Αίγυπτιακαῖς,</span> <span class='ocrx_word' id='word_1_414' title='bbox 1663 3308 1755 3362; x_wconf 87' lang='grc' dir='ltr'>θυ-</span> 
     </span>
    </p>
   </div>
   <div class='ocr_carea' id='block_1_52' title="bbox 160 3398 1757 3473">
    <p class='ocr_par' dir='ltr' id='par_1_52' title="bbox 160 3398 1757 3473">
     <span class='ocr_line' id='line_1_52' title="bbox 160 3398 1757 3473; baseline 0.003 -21"><span class='ocrx_word' id='word_1_415' title='bbox 160 3400 316 3462; x_wconf 82' lang='grc' dir='ltr'>σίαις</span> <span class='ocrx_word' id='word_1_416' title='bbox 359 3399 456 3452; x_wconf 75' lang='grc' dir='ltr'>καὶ</span> <span class='ocrx_word' id='word_1_417' title='bbox 497 3399 725 3469; x_wconf 80' lang='grc' dir='ltr'>αἵμασιν</span> <span class='ocrx_word' id='word_1_418' title='bbox 778 3398 1012 3453; x_wconf 81' lang='grc' dir='ltr'>εἰδώλων</span> <span class='ocrx_word' id='word_1_419' title='bbox 1058 3399 1411 3471; x_wconf 86' lang='grc' dir='ltr'>χαιρούσαις·</span> <span class='ocrx_word' id='word_1_420' title='bbox 1447 3404 1513 3472; x_wconf 83' lang='grc' dir='ltr'>τῇ</span> <span class='ocrx_word' id='word_1_421' title='bbox 1550 3403 1607 3455; x_wconf 85' lang='grc' dir='ltr'>δὲ</span> <span class='ocrx_word' id='word_1_422' title='bbox 1660 3421 1757 3473; x_wconf 80' lang='grc' dir='ltr'>μεο</span> 
     </span>
    </p>
   </div>
   <div class='ocr_carea' id='block_1_53' title="bbox 160 3490 1755 3563">
    <p class='ocr_par' dir='ltr' id='par_1_53' title="bbox 160 3490 1755 3563">
     <span class='ocr_line' id='line_1_53' title="bbox 160 3490 1755 3563; baseline 0.002 -18"><span class='ocrx_word' id='word_1_423' title='bbox 160 3492 328 3562; x_wconf 80' lang='grc' dir='ltr'>λίσσῃ</span> <span class='ocrx_word' id='word_1_424' title='bbox 360 3490 486 3561; x_wconf 84' lang='grc' dir='ltr'><strong>ζώῳ</strong></span> <span class='ocrx_word' id='word_1_425' title='bbox 527 3491 750 3562; x_wconf 81' lang='grc' dir='ltr'>κέντρον</span> <span class='ocrx_word' id='word_1_426' title='bbox 780 3492 1162 3563; x_wconf 77' lang='grc' dir='ltr'>ἐπιφερομένῳ</span> <span class='ocrx_word' id='word_1_427' title='bbox 1184 3531 1197 3554; x_wconf 88' lang='grc'><strong>,</strong></span> <span class='ocrx_word' id='word_1_428' title='bbox 1231 3491 1542 3562; x_wconf 81' lang='grc' dir='ltr'>βασιλεύειν</span> <span class='ocrx_word' id='word_1_429' title='bbox 1569 3511 1628 3547; x_wconf 89' lang='grc' dir='ltr'><strong>τε</strong></span> <span class='ocrx_word' id='word_1_430' title='bbox 1661 3497 1755 3548; x_wconf 80' lang='grc' dir='ltr'>καὶ</span> 
     </span>
    </p>
   </div>
   <div class='ocr_carea' id='block_1_54' title="bbox 163 3581 1756 3657">
    <p class='ocr_par' dir='ltr' id='par_1_54' title="bbox 163 3581 1756 3657">
     <span class='ocr_line' id='line_1_54' title="bbox 163 3581 1756 3657; baseline 0.003 -22"><span class='ocrx_word' id='word_1_431' title='bbox 163 3581 592 3653; x_wconf 81' lang='grc' dir='ltr'>βασιλεύεσθαι,</span> <span class='ocrx_word' id='word_1_432' title='bbox 638 3583 736 3636; x_wconf 70' lang='grc' dir='ltr'>καὶ</span> <span class='ocrx_word' id='word_1_433' title='bbox 765 3582 1022 3654; x_wconf 80' lang='grc' dir='ltr'>πολεμεῖν</span> <span class='ocrx_word' id='word_1_434' title='bbox 1054 3585 1423 3656; x_wconf 81' lang='grc' dir='ltr'>ἐπισταμένῳ,</span> <span class='ocrx_word' id='word_1_435' title='bbox 1456 3584 1756 3657; x_wconf 84' lang='grc' dir='ltr'>ἀμύνεσθαί</span> 
     </span>
    </p>
   </div>
   <div class='ocr_carea' id='block_1_55' title="bbox 160 3671 1757 3745">
    <p class='ocr_par' dir='ltr' id='par_1_55' title="bbox 160 3671 1757 3745">
     <span class='ocr_line' id='line_1_55' title="bbox 160 3671 1757 3745; baseline 0.001 -19"><span class='ocrx_word' id='word_1_436' title='bbox 160 3689 226 3726; x_wconf 86' lang='grc' dir='ltr'><strong>τε</strong></span> <span class='ocrx_word' id='word_1_437' title='bbox 251 3674 350 3725; x_wconf 79' lang='grc' dir='ltr'>καὶ</span> <span class='ocrx_word' id='word_1_438' title='bbox 376 3671 698 3743; x_wconf 78' lang='grc' dir='ltr'>τιτρώσκειν</span> <span class='ocrx_word' id='word_1_439' title='bbox 729 3671 895 3725; x_wconf 77' lang='grc' dir='ltr'>εἰδότι</span> <span class='ocrx_word' id='word_1_440' title='bbox 916 3674 1043 3737; x_wconf 83' lang='grc' dir='ltr'>τοὺς</span> <span class='ocrx_word' id='word_1_441' title='bbox 1068 3673 1509 3745; x_wconf 83' lang='grc' dir='ltr'>ἀνθισταμένους.</span> <span class='ocrx_word' id='word_1_442' title='bbox 1544 3675 1757 3739; x_wconf 81' lang='grc' dir='ltr'>Ταύτας</span> 
     </span>
    </p>
   </div>
   <div class='ocr_carea' id='block_1_56' title="bbox 162 3760 1757 3835">
    <p class='ocr_par' dir='ltr' id='par_1_56' title="bbox 162 3760 1757 3835">
     <span class='ocr_line' id='line_1_56' title="bbox 162 3760 1757 3835; baseline 0.003 -19"><span class='ocrx_word' id='word_1_443' title='bbox 162 3760 266 3817; x_wconf 71' lang='grc' dir='ltr'>οὖν</span> <span class='ocrx_word' id='word_1_444' title='bbox 290 3762 431 3834; x_wconf 81' lang='grc' dir='ltr'>ὁμοῦ</span> <span class='ocrx_word' id='word_1_445' title='bbox 467 3763 823 3828; x_wconf 83' lang='grc' dir='ltr'>συνελθούσας</span> <span class='ocrx_word' id='word_1_446' title='bbox 845 3803 859 3826; x_wconf 89' lang='grc'><strong>,</strong></span> <span class='ocrx_word' id='word_1_447' title='bbox 888 3764 988 3827; x_wconf 79' lang='grc' dir='ltr'><strong>τὰς</strong></span> <span class='ocrx_word' id='word_1_448' title='bbox 1024 3765 1121 3835; x_wconf 85' lang='grc' dir='ltr'>μὲν</span> <span class='ocrx_word' id='word_1_449' title='bbox 1154 3766 1220 3818; x_wconf 87' lang='grc' dir='ltr'><strong>ἐκ</strong></span> <span class='ocrx_word' id='word_1_450' title='bbox 1272 3766 1373 3835; x_wconf 84' lang='grc' dir='ltr'>τῆς</span> <span class='ocrx_word' id='word_1_451' title='bbox 1403 3767 1510 3820; x_wconf 85' lang='grc' dir='ltr'>τῶν</span> <span class='ocrx_word' id='word_1_452' title='bbox 1542 3767 1757 3820; x_wconf 77' lang='grc' dir='ltr'>εἰδωλο-</span> 
     </span>
    </p>
   </div>
   <div class='ocr_carea' id='block_1_57' title="bbox 164 3853 1758 3926">
    <p class='ocr_par' dir='ltr' id='par_1_57' title="bbox 164 3853 1758 3926">
     <span class='ocr_line' id='line_1_57' title="bbox 164 3853 1758 3926; baseline 0.003 -18"><span class='ocrx_word' id='word_1_453' title='bbox 164 3854 391 3926; x_wconf 85' lang='grc' dir='ltr'>λατρῶν</span> <span class='ocrx_word' id='word_1_454' title='bbox 436 3853 647 3926; x_wconf 86' lang='grc' dir='ltr'>χώρας,</span> <span class='ocrx_word' id='word_1_455' title='bbox 688 3855 787 3918; x_wconf 83' lang='grc' dir='ltr'><strong>τάς</strong></span> <span class='ocrx_word' id='word_1_456' title='bbox 834 3856 890 3909; x_wconf 88' lang='grc' dir='ltr'>δὲ</span> <span class='ocrx_word' id='word_1_457' title='bbox 925 3857 1034 3910; x_wconf 81' lang='grc' dir='ltr'>ἀπὸ</span> <span class='ocrx_word' id='word_1_458' title='bbox 1059 3857 1159 3926; x_wconf 81' lang='grc' dir='ltr'>τῆς</span> <span class='ocrx_word' id='word_1_459' title='bbox 1184 3856 1294 3910; x_wconf 82' lang='grc' dir='ltr'><strong>τῶν</strong></span> <span class='ocrx_word' id='word_1_460' title='bbox 1323 3858 1758 3913; x_wconf 87' lang='grc' dir='ltr'>κατευθυνόντων</span> 
     </span>
    </p>
   </div>
   <div class='ocr_carea' id='block_1_58' title="bbox 164 3944 1757 4020">
    <p class='ocr_par' dir='ltr' id='par_1_58' title="bbox 164 3944 1757 4020">
     <span class='ocr_line' id='line_1_58' title="bbox 164 3944 1757 4020; baseline -0.007 -7"><span class='ocrx_word' id='word_1_461' title='bbox 164 3945 280 4015; x_wconf 66' lang='grc' dir='ltr'><strong>τῆς</strong></span> <span class='ocrx_word' id='word_1_462' title='bbox 323 3944 827 4015; x_wconf 76' lang='grc' dir='ltr'>(κατευθύνοντες</span> <span class='ocrx_word' id='word_1_463' title='bbox 880 3944 988 4018; x_wconf 83' lang='grc' dir='ltr'><strong>γὰρ</strong></span> <span class='ocrx_word' id='word_1_464' title='bbox 1016 3948 1065 3999; x_wconf 72' lang='grc' dir='ltr'>οἱ</span> <span class='ocrx_word' id='word_1_465' title='bbox 1102 3947 1378 4019; x_wconf 77' lang='grc' dir='ltr'>’Δσσύριοι</span> <span class='ocrx_word' id='word_1_466' title='bbox 1423 3950 1757 4020; x_wconf 72' lang='grc' dir='ltr'>ἑρμηνεύονο</span> 
     </span>
    </p>
   </div>
   <div class='ocr_carea' id='block_1_59' title="bbox 166 4034 1759 4112">
    <p class='ocr_par' dir='ltr' id='par_1_59' title="bbox 166 4034 1759 4112">
     <span class='ocr_line' id='line_1_59' title="bbox 166 4034 1759 4112; baseline 0.004 -23"><span class='ocrx_word' id='word_1_467' title='bbox 166 4036 311 4106; x_wconf 83' lang='grc' dir='ltr'>ται),</span> <span class='ocrx_word' id='word_1_468' title='bbox 366 4034 613 4089; x_wconf 81' lang='grc' dir='ltr'>κελεύσει</span> <span class='ocrx_word' id='word_1_469' title='bbox 668 4035 857 4106; x_wconf 85' lang='grc' dir='ltr'>ὥσπερ</span> <span class='ocrx_word' id='word_1_470' title='bbox 889 4037 1131 4109; x_wconf 84' lang='grc' dir='ltr'>σύρισμά</span> <span class='ocrx_word' id='word_1_471' title='bbox 1178 4052 1232 4091; x_wconf 86' lang='grc' dir='ltr'><strong>τι</strong></span> <span class='ocrx_word' id='word_1_472' title='bbox 1266 4040 1361 4093; x_wconf 84' lang='grc' dir='ltr'>τοῦ</span> <span class='ocrx_word' id='word_1_473' title='bbox 1410 4041 1617 4112; x_wconf 83' lang='grc' dir='ltr'>Κυρίου</span> <span class='ocrx_word' id='word_1_474' title='bbox 1668 4044 1759 4096; x_wconf 80' lang='grc' dir='ltr'>καὶ</span> 
     </span>
    </p>
   </div>
   <div class='ocr_carea' id='block_1_60' title="bbox 166 4124 1758 4203">
    <p class='ocr_par' dir='ltr' id='par_1_60' title="bbox 166 4124 1758 4203">
     <span class='ocr_line' id='line_1_60' title="bbox 166 4124 1758 4203; baseline 0.003 -24"><span class='ocrx_word' id='word_1_475' title='bbox 166 4124 314 4179; x_wconf 80' lang='grc' dir='ltr'>Θεοῦ</span> <span class='ocrx_word' id='word_1_476' title='bbox 350 4124 461 4180; x_wconf 83' lang='grc' dir='ltr'><strong>τῶν</strong></span> <span class='ocrx_word' id='word_1_477' title='bbox 493 4125 631 4179; x_wconf 81' lang='grc' dir='ltr'>ὅλων</span> <span class='ocrx_word' id='word_1_478' title='bbox 672 4127 770 4197; x_wconf 84' lang='grc' dir='ltr'>τῆς</span> <span class='ocrx_word' id='word_1_479' title='bbox 818 4127 1079 4192; x_wconf 85' lang='grc' dir='ltr'>Ἰουδαίας</span> <span class='ocrx_word' id='word_1_480' title='bbox 1112 4130 1332 4201; x_wconf 80' lang='grc' dir='ltr'>ἁπάσης</span> <span class='ocrx_word' id='word_1_481' title='bbox 1370 4132 1758 4203; x_wconf 76' lang='grc' dir='ltr'>ἐπικρατήσειν</span> 
     </span>
    </p>
   </div>
   <div class='ocr_carea' id='block_1_61' title="bbox 166 4213 1760 4294">
    <p class='ocr_par' dir='ltr' id='par_1_61' title="bbox 166 4213 1760 4294">
     <span class='ocr_line' id='line_1_61' title="bbox 166 4213 1760 4294; baseline 0.004 -25"><span class='ocrx_word' id='word_1_482' title='bbox 166 4215 266 4270; x_wconf 74' lang='grc' dir='ltr'><strong>διὰ</strong></span> <span class='ocrx_word' id='word_1_483' title='bbox 307 4213 409 4287; x_wconf 77' lang='grc' dir='ltr'>τὴν</span> <span class='ocrx_word' id='word_1_484' title='bbox 448 4215 529 4279; x_wconf 80' lang='grc' dir='ltr'><strong>είς</strong></span> <span class='ocrx_word' id='word_1_485' title='bbox 561 4213 797 4287; x_wconf 79' lang='grc' dir='ltr'>Χριστὸν</span> <span class='ocrx_word' id='word_1_486' title='bbox 844 4218 1104 4271; x_wconf 82' lang='grc' dir='ltr'>ἀπιστίαν</span> <span class='ocrx_word' id='word_1_487' title='bbox 1136 4219 1316 4273; x_wconf 82' lang='grc' dir='ltr'>αὐτῶν</span> <span class='ocrx_word' id='word_1_488' title='bbox 1339 4260 1354 4285; x_wconf 93' lang='grc'><strong>,</strong></span> <span class='ocrx_word' id='word_1_489' title='bbox 1390 4221 1449 4273; x_wconf 88' lang='grc' dir='ltr'><strong>ἐν</strong></span> <span class='ocrx_word' id='word_1_490' title='bbox 1478 4223 1543 4292; x_wconf 83' lang='grc' dir='ltr'><strong>τῇ</strong></span> <span class='ocrx_word' id='word_1_491' title='bbox 1579 4222 1760 4294; x_wconf 81' lang='grc' dir='ltr'>ἡμέρᾳ</span> 
     </span>
    </p>
   </div>
   <div class='ocr_carea' id='block_1_62' title="bbox 167 4307 1759 4385">
    <p class='ocr_par' dir='ltr' id='par_1_62' title="bbox 167 4307 1759 4385">
     <span class='ocr_line' id='line_1_62' title="bbox 167 4307 1759 4385; baseline 0.003 -23"><span class='ocrx_word' id='word_1_492' title='bbox 167 4307 271 4362; x_wconf 80' lang='grc' dir='ltr'>τοῦ</span> <span class='ocrx_word' id='word_1_493' title='bbox 310 4308 679 4381; x_wconf 68' lang='grc' dir='ltr'>Ἐμμανουήλ,</span> <span class='ocrx_word' id='word_1_494' title='bbox 704 4310 857 4379; x_wconf 82' lang='grc' dir='ltr'>φησί.</span> <span class='ocrx_word' id='word_1_495' title='bbox 898 4311 1161 4380; x_wconf 86' lang='grc' dir='ltr'>Σημαίνει</span> <span class='ocrx_word' id='word_1_496' title='bbox 1187 4312 1244 4365; x_wconf 84' lang='grc' dir='ltr'>δὲ</span> <span class='ocrx_word' id='word_1_497' title='bbox 1288 4311 1377 4365; x_wconf 80' lang='grc' dir='ltr'><strong>διὰ</strong></span> <span class='ocrx_word' id='word_1_498' title='bbox 1403 4312 1606 4367; x_wconf 89' lang='grc' dir='ltr'>τούτων</span> <span class='ocrx_word' id='word_1_499' title='bbox 1632 4313 1759 4385; x_wconf 76' lang='grc' dir='ltr'>ἔθνη</span> 
     </span>
    </p>
   </div>
   <div class='ocr_carea' id='block_1_63' title="bbox 170 4398 1759 4478">
    <p class='ocr_par' dir='ltr' id='par_1_63' title="bbox 170 4398 1759 4478">
     <span class='ocr_line' id='line_1_63' title="bbox 170 4398 1759 4478; baseline 0.005 -28"><span class='ocrx_word' id='word_1_500' title='bbox 170 4398 452 4466; x_wconf 78' lang='grc' dir='ltr'>ἀλλόφυλα</span> <span class='ocrx_word' id='word_1_501' title='bbox 479 4400 573 4453; x_wconf 78' lang='grc' dir='ltr'>καὶ</span> <span class='ocrx_word' id='word_1_502' title='bbox 606 4401 973 4470; x_wconf 86' lang='grc' dir='ltr'>στρατιωτικά</span> <span class='ocrx_word' id='word_1_503' title='bbox 998 4403 1242 4473; x_wconf 78' lang='grc' dir='ltr'>οἰκήσειν</span> <span class='ocrx_word' id='word_1_504' title='bbox 1268 4402 1367 4475; x_wconf 86' lang='grc' dir='ltr'>τὴν</span> <span class='ocrx_word' id='word_1_505' title='bbox 1402 4404 1759 4478; x_wconf 76' lang='grc' dir='ltr'>Ἰερουσαλὴμ</span> 
     </span>
    </p>
   </div>
   <div class='ocr_carea' id='block_1_64' title="bbox 1855 1930 3432 1999">
    <p class='ocr_par' dir='ltr' id='par_1_64' title="bbox 1855 1930 3432 1999">
     <span class='ocr_line' id='line_1_64' title="bbox 1855 1930 3432 1999; baseline 0.001 -17"><span class='ocrx_word' id='word_1_506' title='bbox 1855 1931 2001 1984; x_wconf 89' lang='lat' dir='ltr'><strong>mille</strong></span> <span class='ocrx_word' id='word_1_507' title='bbox 2023 1930 2163 1984; x_wconf 87' lang='lat' dir='ltr'><strong>vites</strong></span> <span class='ocrx_word' id='word_1_508' title='bbox 2181 1943 2282 1999; x_wconf 92' lang='lat' dir='ltr'><strong>pro</strong></span> <span class='ocrx_word' id='word_1_509' title='bbox 2303 1930 2448 1984; x_wconf 91' lang='lat' dir='ltr'><strong>mille</strong></span> <span class='ocrx_word' id='word_1_510' title='bbox 2472 1930 2645 1993; x_wconf 88' lang='lat' dir='ltr'><strong>siclis,</strong></span> <span class='ocrx_word' id='word_1_511' title='bbox 2667 1930 2721 1983; x_wconf 92' lang='lat' dir='ltr'><strong>in</strong></span> <span class='ocrx_word' id='word_1_512' title='bbox 2752 1937 2955 1985; x_wconf 90' lang='lat' dir='ltr'><strong>terram</strong></span> <span class='ocrx_word' id='word_1_513' title='bbox 2976 1931 3234 1985; x_wconf 88' lang='lat' dir='ltr'><strong>incultam</strong></span> <span class='ocrx_word' id='word_1_514' title='bbox 3248 1942 3432 1993; x_wconf 81' lang='lat' dir='ltr'><strong>erunt,</strong></span> 
     </span>
    </p>
   </div>
   <div class='ocr_carea' id='block_1_65' title="bbox 1851 2021 3434 2093">
    <p class='ocr_par' dir='ltr' id='par_1_65' title="bbox 1851 2021 3434 2093">
     <span class='ocr_line' id='line_1_65' title="bbox 1851 2021 3434 2093; baseline 0 -18"><span class='ocrx_word' id='word_1_515' title='bbox 1851 2030 1906 2076; x_wconf 90' lang='lat' dir='ltr'><strong>et</strong></span> <span class='ocrx_word' id='word_1_516' title='bbox 1939 2022 1994 2075; x_wconf 92' lang='lat' dir='ltr'><strong>in</strong></span> <span class='ocrx_word' id='word_1_517' title='bbox 2028 2021 2260 2091; x_wconf 88' lang='lat' dir='ltr'><strong>spinam,</strong></span> <span class='ocrx_word' id='word_1_518' title='bbox 2295 2035 2420 2075; x_wconf 91' lang='lat' dir='ltr'><strong>cum</strong></span> <span class='ocrx_word' id='word_1_519' title='bbox 2438 2023 2632 2091; x_wconf 78' lang='lat' dir='ltr'><strong>sagitta</strong></span> <span class='ocrx_word' id='word_1_520' title='bbox 2653 2031 2707 2077; x_wconf 91' lang='lat' dir='ltr'><strong>et</strong></span> <span class='ocrx_word' id='word_1_521' title='bbox 2730 2036 2860 2076; x_wconf 89' lang='lat' dir='ltr'><strong>arcu</strong></span> <span class='ocrx_word' id='word_1_522' title='bbox 2884 2022 3434 2093; x_wconf 80' lang='lat' dir='ltr'><strong>ingredienturilluc,</strong></span> 
     </span>
    </p>
   </div>
   <div class='ocr_carea' id='block_1_66' title="bbox 1851 2112 3437 2185">
    <p class='ocr_par' dir='ltr' id='par_1_66' title="bbox 1851 2112 3437 2185">
     <span class='ocr_line' id='line_1_66' title="bbox 1851 2112 3437 2185; baseline 0.001 -18"><span class='ocrx_word' id='word_1_523' title='bbox 1851 2114 2113 2185; x_wconf 90' lang='lat' dir='ltr'><strong>quoniam</strong></span> <span class='ocrx_word' id='word_1_524' title='bbox 2152 2112 2517 2169; x_wconf 86' lang='lat' dir='ltr'><strong>terrainculta</strong></span> <span class='ocrx_word' id='word_1_525' title='bbox 2537 2122 2590 2169; x_wconf 84' lang='lat' dir='ltr'><strong>et</strong></span> <span class='ocrx_word' id='word_1_526' title='bbox 2618 2115 2775 2185; x_wconf 87' lang='lat' dir='ltr'><strong>spina</strong></span> <span class='ocrx_word' id='word_1_527' title='bbox 2823 2115 2930 2169; x_wconf 91' lang='lat' dir='ltr'><strong>erit</strong></span> <span class='ocrx_word' id='word_1_528' title='bbox 2969 2115 3150 2169; x_wconf 91' lang='lat' dir='ltr'><strong>omnis</strong></span> <span class='ocrx_word' id='word_1_529' title='bbox 3177 2122 3346 2181; x_wconf 89' lang='lat' dir='ltr'><strong>terra,</strong></span> <span class='ocrx_word' id='word_1_530' title='bbox 3380 2122 3437 2169; x_wconf 91' lang='lat' dir='ltr'><strong>et</strong></span> 
     </span>
    </p>
   </div>
   <div class='ocr_carea' id='block_1_67' title="bbox 1852 2205 3436 2276">
    <p class='ocr_par' dir='ltr' id='par_1_67' title="bbox 1852 2205 3436 2276">
     <span class='ocr_line' id='line_1_67' title="bbox 1852 2205 3436 2276; baseline 0 -17"><span class='ocrx_word' id='word_1_531' title='bbox 1852 2206 2031 2261; x_wconf 92' lang='lat' dir='ltr'><strong>omnis</strong></span> <span class='ocrx_word' id='word_1_532' title='bbox 2064 2221 2223 2262; x_wconf 91' lang='lat' dir='ltr'><strong>mons</strong></span> <span class='ocrx_word' id='word_1_533' title='bbox 2249 2206 2344 2276; x_wconf 92' lang='lat' dir='ltr'><strong>qui</strong></span> <span class='ocrx_word' id='word_1_534' title='bbox 2378 2215 2589 2270; x_wconf 87' lang='lat' dir='ltr'><strong>aratur,</strong></span> <span class='ocrx_word' id='word_1_535' title='bbox 2624 2205 2889 2261; x_wconf 85' lang='lat' dir='ltr'><strong>arabitur.</strong></span> <span class='ocrx_word' id='word_1_536' title='bbox 2922 2205 3040 2260; x_wconf 85' lang='lat' dir='ltr'><strong>Non</strong></span> <span class='ocrx_word' id='word_1_537' title='bbox 3076 2205 3436 2260; x_wconf 90' lang='lat' dir='ltr'><strong>accedetilluc</strong></span> 
     </span>
    </p>
   </div>
   <div class='ocr_carea' id='block_1_68' title="bbox 1852 2296 3438 2366">
    <p class='ocr_par' dir='ltr' id='par_1_68' title="bbox 1852 2296 3438 2366">
     <span class='ocr_line' id='line_1_68' title="bbox 1852 2296 3438 2366; baseline -0.002 -15"><span class='ocrx_word' id='word_1_538' title='bbox 1852 2306 2051 2363; x_wconf 87' lang='lat' dir='ltr'><strong>terror,</strong></span> <span class='ocrx_word' id='word_1_539' title='bbox 2084 2297 2188 2351; x_wconf 89' lang='lat' dir='ltr'><strong>erit</strong></span> <span class='ocrx_word' id='word_1_540' title='bbox 2213 2298 2359 2351; x_wconf 91' lang='lat' dir='ltr'><strong>enim</strong></span> <span class='ocrx_word' id='word_1_541' title='bbox 2393 2311 2423 2350; x_wconf 91' lang='lat' dir='ltr'><strong>a</strong></span> <span class='ocrx_word' id='word_1_542' title='bbox 2451 2308 2599 2351; x_wconf 87' lang='lat' dir='ltr'><strong>terra</strong></span> <span class='ocrx_word' id='word_1_543' title='bbox 2639 2297 2846 2351; x_wconf 88' lang='lat' dir='ltr'><strong>inculta</strong></span> <span class='ocrx_word' id='word_1_544' title='bbox 2872 2305 2926 2351; x_wconf 88' lang='lat' dir='ltr'><strong>et</strong></span> <span class='ocrx_word' id='word_1_545' title='bbox 2957 2296 3114 2366; x_wconf 86' lang='lat' dir='ltr'><strong>spina</strong></span> <span class='ocrx_word' id='word_1_546' title='bbox 3143 2296 3198 2349; x_wconf 90' lang='lat' dir='ltr'><strong>in</strong></span> <span class='ocrx_word' id='word_1_547' title='bbox 3235 2308 3438 2365; x_wconf 80' lang='lat' dir='ltr'><strong>pascua</strong></span> 
     </span>
    </p>
   </div>
   <div class='ocr_carea' id='block_1_69' title="bbox 1852 2385 3434 2455">
    <p class='ocr_par' dir='ltr' id='par_1_69' title="bbox 1852 2385 3434 2455">
     <span class='ocr_line' id='line_1_69' title="bbox 1852 2385 3434 2455; baseline -0.003 -10"><span class='ocrx_word' id='word_1_548' title='bbox 1852 2390 1992 2455; x_wconf 91' lang='lat' dir='ltr'><strong>ovis,</strong></span> <span class='ocrx_word' id='word_1_549' title='bbox 2027 2398 2081 2445; x_wconf 89' lang='lat' dir='ltr'><strong>et</strong></span> <span class='ocrx_word' id='word_1_550' title='bbox 2132 2391 2188 2443; x_wconf 91' lang='lat' dir='ltr'><strong>in</strong></span> <span class='ocrx_word' id='word_1_551' title='bbox 2221 2388 2698 2445; x_wconf 84' lang='lat' dir='ltr'><strong>conculcationem</strong></span> <span class='ocrx_word' id='word_1_552' title='bbox 2760 2388 2916 2443; x_wconf 82' lang='lat' dir='ltr'><strong>bovis</strong></span> <span class='ocrx_word' id='word_1_553' title='bbox 2963 2388 3031 2445; x_wconf 77' lang='lat'><strong>“.</strong></span> <span class='ocrx_word' id='word_1_554' title='bbox 3076 2406 3094 2440; x_wconf 74' lang='grc' dir='ltr'><strong>ι</strong></span> <span class='ocrx_word' id='word_1_555' title='bbox 3136 2385 3261 2442; x_wconf 68' lang='grc' dir='ltr'>ίηιεο</span> <span class='ocrx_word' id='word_1_556' title='bbox 3323 2395 3434 2440; x_wconf 88' lang='lat' dir='ltr'><strong>tam</strong></span> 
     </span>
    </p>
   </div>
   <div class='ocr_carea' id='block_1_70' title="bbox 1851 2478 3437 2550">
    <p class='ocr_par' dir='ltr' id='par_1_70' title="bbox 1851 2478 3437 2550">
     <span class='ocr_line' id='line_1_70' title="bbox 1851 2478 3437 2550; baseline -0.003 -13"><span class='ocrx_word' id='word_1_557' title='bbox 1851 2483 2025 2537; x_wconf 89' lang='lat' dir='ltr'><strong>multa</strong></span> <span class='ocrx_word' id='word_1_558' title='bbox 2075 2481 2259 2536; x_wconf 83' lang='lat' dir='ltr'><strong>futura</strong></span> <span class='ocrx_word' id='word_1_559' title='bbox 2292 2482 2344 2535; x_wconf 88' lang='lat' dir='ltr'><strong>in</strong></span> <span class='ocrx_word' id='word_1_560' title='bbox 2380 2481 2470 2537; x_wconf 90' lang='lat' dir='ltr'><strong>die</strong></span> <span class='ocrx_word' id='word_1_561' title='bbox 2505 2478 2848 2545; x_wconf 89' lang='lat' dir='ltr'><strong>Emmanuel,</strong></span> <span class='ocrx_word' id='word_1_562' title='bbox 2885 2496 3124 2550; x_wconf 64' lang='lat' dir='ltr'><strong>praesens</strong></span> <span class='ocrx_word' id='word_1_563' title='bbox 3153 2479 3437 2550; x_wconf 78' lang='lat' dir='ltr'><strong>pr0pltetia</strong></span> 
     </span>
    </p>
   </div>
   <div class='ocr_carea' id='block_1_71' title="bbox 1852 2568 3437 2642">
    <p class='ocr_par' dir='ltr' id='par_1_71' title="bbox 1852 2568 3437 2642">
     <span class='ocr_line' id='line_1_71' title="bbox 1852 2568 3437 2642; baseline -0.004 -15"><span class='ocrx_word' id='word_1_564' title='bbox 1852 2571 2134 2642; x_wconf 84' lang='lat' dir='ltr'><strong>complexa</strong></span> <span class='ocrx_word' id='word_1_565' title='bbox 2163 2579 2271 2634; x_wconf 84' lang='lat' dir='ltr'><strong>est,</strong></span> <span class='ocrx_word' id='word_1_566' title='bbox 2301 2585 2424 2640; x_wconf 80' lang='lat' dir='ltr'><strong>quae</strong></span> <span class='ocrx_word' id='word_1_567' title='bbox 2449 2569 2603 2641; x_wconf 89' lang='lat' dir='ltr'><strong>quali</strong></span> <span class='ocrx_word' id='word_1_568' title='bbox 2633 2569 3096 2639; x_wconf 87' lang='lat' dir='ltr'><strong>contemplatione</strong></span> <span class='ocrx_word' id='word_1_569' title='bbox 3138 2568 3437 2625; x_wconf 85' lang='lat' dir='ltr'><strong>scrutanda</strong></span> 
     </span>
    </p>
   </div>
   <div class='ocr_carea' id='block_1_72' title="bbox 1854 2660 3437 2733">
    <p class='ocr_par' dir='ltr' id='par_1_72' title="bbox 1854 2660 3437 2733">
     <span class='ocr_line' id='line_1_72' title="bbox 1854 2660 3437 2733; baseline -0.004 -14"><span class='ocrx_word' id='word_1_570' title='bbox 1854 2665 1987 2729; x_wconf 84' lang='lat' dir='ltr'><strong>sint,</strong></span> <span class='ocrx_word' id='word_1_571' title='bbox 2020 2665 2132 2733; x_wconf 87' lang='lat' dir='ltr'><strong>jam</strong></span> <span class='ocrx_word' id='word_1_572' title='bbox 2165 2662 2402 2733; x_wconf 84' lang='lat' dir='ltr'><strong>experiri</strong></span> <span class='ocrx_word' id='word_1_573' title='bbox 2436 2668 2653 2732; x_wconf 91' lang='lat' dir='ltr'><strong>tempus</strong></span> <span class='ocrx_word' id='word_1_574' title='bbox 2700 2672 2803 2723; x_wconf 90' lang='lat' dir='ltr'><strong>est,</strong></span> <span class='ocrx_word' id='word_1_575' title='bbox 2838 2662 3012 2731; x_wconf 90' lang='lat' dir='ltr'><strong>ipsam</strong></span> <span class='ocrx_word' id='word_1_576' title='bbox 3061 2660 3278 2714; x_wconf 90' lang='lat' dir='ltr'><strong>interim</strong></span> <span class='ocrx_word' id='word_1_577' title='bbox 3309 2676 3437 2715; x_wconf 77' lang='lat' dir='ltr'><strong>sen-</strong></span> 
     </span>
    </p>
   </div>
   <div class='ocr_carea' id='block_1_73' title="bbox 1855 2752 3436 2824">
    <p class='ocr_par' dir='ltr' id='par_1_73' title="bbox 1855 2752 3436 2824">
     <span class='ocr_line' id='line_1_73' title="bbox 1855 2752 3436 2824; baseline -0.003 -12"><span class='ocrx_word' id='word_1_578' title='bbox 1855 2754 2078 2812; x_wconf 89' lang='lat' dir='ltr'><strong>tentiam</strong></span> <span class='ocrx_word' id='word_1_579' title='bbox 2112 2754 2465 2810; x_wconf 88' lang='lat' dir='ltr'><strong>dividentes:</strong></span> <span class='ocrx_word' id='word_1_580' title='bbox 2535 2772 2555 2804; x_wconf 78' lang='grc' dir='ltr'><strong>ι</strong></span> <span class='ocrx_word' id='word_1_581' title='bbox 2594 2752 2867 2815; x_wconf 84' lang='lat' dir='ltr'><strong>Sibilabit,</strong></span> <span class='ocrx_word' id='word_1_582' title='bbox 2923 2754 3119 2824; x_wconf 83' lang='lat' dir='ltr'><strong>inquit,</strong></span> <span class='ocrx_word' id='word_1_583' title='bbox 3170 2752 3436 2807; x_wconf 82' lang='lat' dir='ltr'><strong>Dominus</strong></span> 
     </span>
    </p>
   </div>
   <div class='ocr_carea' id='block_1_74' title="bbox 1853 2844 3438 2916">
    <p class='ocr_par' dir='ltr' id='par_1_74' title="bbox 1853 2844 3438 2916">
     <span class='ocr_line' id='line_1_74' title="bbox 1853 2844 3438 2916; baseline -0.004 -14"><span class='ocrx_word' id='word_1_584' title='bbox 1853 2848 2060 2903; x_wconf 86' lang='lat' dir='ltr'><strong>muscis</strong></span> <span class='ocrx_word' id='word_1_585' title='bbox 2084 2848 2140 2901; x_wconf 93' lang='lat' dir='ltr'><strong>in</strong></span> <span class='ocrx_word' id='word_1_586' title='bbox 2176 2848 2265 2902; x_wconf 90' lang='lat' dir='ltr'><strong>die</strong></span> <span class='ocrx_word' id='word_1_587' title='bbox 2294 2847 2407 2909; x_wconf 90' lang='lat' dir='ltr'><strong>illa,</strong></span> <span class='ocrx_word' id='word_1_588' title='bbox 2458 2860 2580 2916; x_wconf 69' lang='lat' dir='ltr'><strong>qua:</strong></span> <span class='ocrx_word' id='word_1_589' title='bbox 2610 2846 2968 2899; x_wconf 86' lang='lat' dir='ltr'><strong>dominantur</strong></span> <span class='ocrx_word' id='word_1_590' title='bbox 2998 2845 3051 2898; x_wconf 92' lang='lat' dir='ltr'><strong>in</strong></span> <span class='ocrx_word' id='word_1_591' title='bbox 3084 2852 3235 2913; x_wconf 90' lang='lat' dir='ltr'><strong>parte</strong></span> <span class='ocrx_word' id='word_1_592' title='bbox 3257 2844 3438 2897; x_wconf 72' lang='lat' dir='ltr'><strong>[lumi-</strong></span> 
     </span>
    </p>
   </div>
   <div class='ocr_carea' id='block_1_75' title="bbox 1855 2936 3430 3013">
    <p class='ocr_par' dir='ltr' id='par_1_75' title="bbox 1855 2936 3430 3013">
     <span class='ocr_line' id='line_1_75' title="bbox 1855 2936 3430 3013; baseline -0.005 -18"><span class='ocrx_word' id='word_1_593' title='bbox 1855 2942 1942 2997; x_wconf 87' lang='lat' dir='ltr'><strong>nis</strong></span> <span class='ocrx_word' id='word_1_594' title='bbox 1973 2940 2217 3013; x_wconf 65' lang='lat' dir='ltr'><strong>Egypti,</strong></span> <span class='ocrx_word' id='word_1_595' title='bbox 2252 2948 2306 2995; x_wconf 90' lang='lat' dir='ltr'><strong>et</strong></span> <span class='ocrx_word' id='word_1_596' title='bbox 2341 2940 2428 3010; x_wconf 89' lang='lat' dir='ltr'><strong>api</strong></span> <span class='ocrx_word' id='word_1_597' title='bbox 2454 2953 2576 3009; x_wconf 70' lang='lat' dir='ltr'><strong>quae</strong></span> <span class='ocrx_word' id='word_1_598' title='bbox 2598 2946 2681 2992; x_wconf 89' lang='lat' dir='ltr'><strong>est</strong></span> <span class='ocrx_word' id='word_1_599' title='bbox 2717 2939 2771 2991; x_wconf 91' lang='lat' dir='ltr'><strong>in</strong></span> <span class='ocrx_word' id='word_1_600' title='bbox 2812 2946 2955 2991; x_wconf 83' lang='lat' dir='ltr'><strong>terra</strong></span> <span class='ocrx_word' id='word_1_601' title='bbox 2991 2936 3362 3008; x_wconf 83' lang='lat' dir='ltr'><strong>Assyriorum,</strong></span> <span class='ocrx_word' id='word_1_602' title='bbox 3411 2955 3430 2987; x_wconf 73' lang='grc' dir='ltr'><strong>ι</strong></span> 
     </span>
    </p>
   </div>
   <div class='ocr_carea' id='block_1_76' title="bbox 1860 3027 3433 3102">
    <p class='ocr_par' dir='ltr' id='par_1_76' title="bbox 1860 3027 3433 3102">
     <span class='ocr_line' id='line_1_76' title="bbox 1860 3027 3433 3102; baseline -0.004 -15"><span class='ocrx_word' id='word_1_603' title='bbox 1860 3033 1949 3087; x_wconf 90' lang='lat' dir='ltr'><strong>ubi</strong></span> <span class='ocrx_word' id='word_1_604' title='bbox 1982 3034 2227 3087; x_wconf 80' lang='lat' dir='ltr'><strong>virorum</strong></span> <span class='ocrx_word' id='word_1_605' title='bbox 2263 3032 2417 3102; x_wconf 84' lang='lat' dir='ltr'><strong>prius</strong></span> <span class='ocrx_word' id='word_1_606' title='bbox 2452 3030 2747 3086; x_wconf 83' lang='lat' dir='ltr'><strong>simulacra</strong></span> <span class='ocrx_word' id='word_1_607' title='bbox 2802 3029 3144 3083; x_wconf 84' lang='lat' dir='ltr'><strong>adorantium</strong></span> <span class='ocrx_word' id='word_1_608' title='bbox 3199 3027 3433 3092; x_wconf 88' lang='lat' dir='ltr'><strong>animas,</strong></span> 
     </span>
    </p>
   </div>
   <div class='ocr_carea' id='block_1_77' title="bbox 1856 3118 3438 3192">
    <p class='ocr_par' dir='ltr' id='par_1_77' title="bbox 1856 3118 3438 3192">
     <span class='ocr_line' id='line_1_77' title="bbox 1856 3118 3438 3192; baseline -0.003 -16"><span class='ocrx_word' id='word_1_609' title='bbox 1856 3123 2133 3178; x_wconf 84' lang='lat' dir='ltr'><strong>autetiam</strong></span> <span class='ocrx_word' id='word_1_610' title='bbox 2164 3124 2428 3192; x_wconf 82' lang='lat' dir='ltr'><strong>quasdam</strong></span> <span class='ocrx_word' id='word_1_611' title='bbox 2464 3130 2519 3176; x_wconf 91' lang='lat' dir='ltr'><strong>et</strong></span> <span class='ocrx_word' id='word_1_612' title='bbox 2549 3118 2857 3174; x_wconf 89' lang='lat' dir='ltr'><strong>immundas</strong></span> <span class='ocrx_word' id='word_1_613' title='bbox 2891 3127 2946 3173; x_wconf 91' lang='lat' dir='ltr'><strong>et</strong></span> <span class='ocrx_word' id='word_1_614' title='bbox 2993 3118 3224 3173; x_wconf 80' lang='lat' dir='ltr'><strong>infestas</strong></span> <span class='ocrx_word' id='word_1_615' title='bbox 3283 3126 3438 3187; x_wconf 85' lang='lat' dir='ltr'><strong>pote-</strong></span> 
     </span>
    </p>
   </div>
   <div class='ocr_carea' id='block_1_78' title="bbox 1856 3208 3439 3281">
    <p class='ocr_par' dir='ltr' id='par_1_78' title="bbox 1856 3208 3439 3281">
     <span class='ocr_line' id='line_1_78' title="bbox 1856 3208 3439 3281; baseline -0.006 -9"><span class='ocrx_word' id='word_1_616' title='bbox 1856 3222 2049 3280; x_wconf 80' lang='lat' dir='ltr'><strong>states,</strong></span> <span class='ocrx_word' id='word_1_617' title='bbox 2078 3230 2297 3271; x_wconf 81' lang='lat' dir='ltr'><strong>muscas</strong></span> <span class='ocrx_word' id='word_1_618' title='bbox 2323 3216 2560 3269; x_wconf 84' lang='lat' dir='ltr'><strong>arbitror</strong></span> <span class='ocrx_word' id='word_1_619' title='bbox 2592 3211 2883 3276; x_wconf 88' lang='lat' dir='ltr'><strong>nominari,</strong></span> <span class='ocrx_word' id='word_1_620' title='bbox 2918 3219 2971 3266; x_wconf 93' lang='lat' dir='ltr'><strong>et</strong></span> <span class='ocrx_word' id='word_1_621' title='bbox 3002 3224 3223 3267; x_wconf 88' lang='lat' dir='ltr'><strong>muscas</strong></span> <span class='ocrx_word' id='word_1_622' title='bbox 3268 3208 3439 3281; x_wconf 56' lang='grc' dir='ltr'><strong>ὦπα</strong></span> 
     </span>
    </p>
   </div>
   <div class='ocr_carea' id='block_1_79' title="bbox 1858 3302 3432 3380">
    <p class='ocr_par' dir='ltr' id='par_1_79' title="bbox 1858 3302 3432 3380">
     <span class='ocr_line' id='line_1_79' title="bbox 1858 3302 3432 3380; baseline -0.004 -17"><span class='ocrx_word' id='word_1_623' title='bbox 1858 3311 2244 3380; x_wconf 73' lang='lat' dir='ltr'><strong>ptiacas,quze</strong></span> <span class='ocrx_word' id='word_1_624' title='bbox 2294 3306 2582 3362; x_wconf 86' lang='lat' dir='ltr'><strong>sacriliciis</strong></span> <span class='ocrx_word' id='word_1_625' title='bbox 2648 3316 2703 3359; x_wconf 87' lang='lat' dir='ltr'><strong>et</strong></span> <span class='ocrx_word' id='word_1_626' title='bbox 2759 3303 3050 3358; x_wconf 89' lang='lat' dir='ltr'><strong>cruoribus</strong></span> <span class='ocrx_word' id='word_1_627' title='bbox 3105 3302 3432 3357; x_wconf 55' lang='lat' dir='ltr'><strong>simulacro-</strong></span> 
     </span>
    </p>
   </div>
   <div class='ocr_carea' id='block_1_80' title="bbox 1860 3396 3435 3471">
    <p class='ocr_par' dir='ltr' id='par_1_80' title="bbox 1860 3396 3435 3471">
     <span class='ocr_line' id='line_1_80' title="bbox 1860 3396 3435 3471; baseline -0.005 -15"><span class='ocrx_word' id='word_1_628' title='bbox 1860 3417 1979 3456; x_wconf 90' lang='lat' dir='ltr'><strong>rum</strong></span> <span class='ocrx_word' id='word_1_629' title='bbox 2008 3400 2268 3471; x_wconf 77' lang='lat' dir='ltr'><strong>gaudent.</strong></span> <span class='ocrx_word' id='word_1_630' title='bbox 2300 3399 2433 3469; x_wconf 86' lang='lat' dir='ltr'><strong>Apis</strong></span> <span class='ocrx_word' id='word_1_631' title='bbox 2464 3414 2595 3453; x_wconf 83' lang='lat' dir='ltr'><strong>vero</strong></span> <span class='ocrx_word' id='word_1_632' title='bbox 2650 3403 2735 3452; x_wconf 83' lang='lat' dir='ltr'><strong>est</strong></span> <span class='ocrx_word' id='word_1_633' title='bbox 2765 3396 2966 3449; x_wconf 90' lang='lat' dir='ltr'><strong>animal</strong></span> <span class='ocrx_word' id='word_1_634' title='bbox 3021 3396 3214 3450; x_wconf 87' lang='lat' dir='ltr'><strong>aculeo</strong></span> <span class='ocrx_word' id='word_1_635' title='bbox 3251 3409 3435 3448; x_wconf 86' lang='lat' dir='ltr'><strong>arma-</strong></span> 
     </span>
    </p>
   </div>
   <div class='ocr_carea' id='block_1_81' title="bbox 1858 3486 3440 3562">
    <p class='ocr_par' dir='ltr' id='par_1_81' title="bbox 1858 3486 3440 3562">
     <span class='ocr_line' id='line_1_81' title="bbox 1858 3486 3440 3562; baseline -0.004 -16"><span class='ocrx_word' id='word_1_636' title='bbox 1858 3502 1995 3558; x_wconf 90' lang='lat' dir='ltr'><strong>tum,</strong></span> <span class='ocrx_word' id='word_1_637' title='bbox 2030 3499 2085 3547; x_wconf 90' lang='lat' dir='ltr'><strong>et</strong></span> <span class='ocrx_word' id='word_1_638' title='bbox 2121 3491 2266 3562; x_wconf 89' lang='lat' dir='ltr'><strong>quod</strong></span> <span class='ocrx_word' id='word_1_639' title='bbox 2306 3489 2603 3560; x_wconf 77' lang='lat' dir='ltr'><strong>regnandi,</strong></span> <span class='ocrx_word' id='word_1_640' title='bbox 2647 3503 2712 3543; x_wconf 91' lang='lat' dir='ltr'><strong>ac</strong></span> <span class='ocrx_word' id='word_1_641' title='bbox 2746 3488 2850 3545; x_wconf 87' lang='lat' dir='ltr'><strong>sub</strong></span> <span class='ocrx_word' id='word_1_642' title='bbox 2876 3503 3004 3557; x_wconf 80' lang='lat' dir='ltr'><strong>rege</strong></span> <span class='ocrx_word' id='word_1_643' title='bbox 3036 3486 3289 3557; x_wconf 76' lang='lat' dir='ltr'><strong>(legendi,</strong></span> <span class='ocrx_word' id='word_1_644' title='bbox 3323 3486 3440 3540; x_wconf 77' lang='lat' dir='ltr'><strong>bel-</strong></span> 
     </span>
    </p>
   </div>
   <div class='ocr_carea' id='block_1_82' title="bbox 1858 3579 3441 3653">
    <p class='ocr_par' dir='ltr' id='par_1_82' title="bbox 1858 3579 3441 3653">
     <span class='ocr_line' id='line_1_82' title="bbox 1858 3579 3441 3653; baseline -0.003 -15"><span class='ocrx_word' id='word_1_645' title='bbox 1858 3584 2114 3653; x_wconf 84' lang='lat' dir='ltr'><strong>landique</strong></span> <span class='ocrx_word' id='word_1_646' title='bbox 2161 3582 2445 3638; x_wconf 85' lang='lat' dir='ltr'><strong>scientiam</strong></span> <span class='ocrx_word' id='word_1_647' title='bbox 2479 3581 2658 3648; x_wconf 85' lang='lat' dir='ltr'><strong>habet,</strong></span> <span class='ocrx_word' id='word_1_648' title='bbox 2699 3587 2753 3635; x_wconf 90' lang='lat' dir='ltr'><strong>et</strong></span> <span class='ocrx_word' id='word_1_649' title='bbox 2796 3580 2984 3635; x_wconf 89' lang='lat' dir='ltr'><strong>ulcisci</strong></span> <span class='ocrx_word' id='word_1_650' title='bbox 3039 3593 3104 3632; x_wconf 90' lang='lat' dir='ltr'><strong>ac</strong></span> <span class='ocrx_word' id='word_1_651' title='bbox 3151 3579 3441 3633; x_wconf 74' lang='lat' dir='ltr'><strong>vulnerare</strong></span> 
     </span>
    </p>
   </div>
   <div class='ocr_carea' id='block_1_83' title="bbox 1859 3670 3436 3740">
    <p class='ocr_par' dir='ltr' id='par_1_83' title="bbox 1859 3670 3436 3740">
     <span class='ocr_line' id='line_1_83' title="bbox 1859 3670 3436 3740; baseline -0.005 -11"><span class='ocrx_word' id='word_1_652' title='bbox 1859 3675 2212 3730; x_wconf 78' lang='lat' dir='ltr'><strong>adversantes</strong></span> <span class='ocrx_word' id='word_1_653' title='bbox 2272 3674 2533 3728; x_wconf 89' lang='lat' dir='ltr'><strong>idoneum</strong></span> <span class='ocrx_word' id='word_1_654' title='bbox 2593 3680 2698 3728; x_wconf 88' lang='lat' dir='ltr'><strong>est.</strong></span> <span class='ocrx_word' id='word_1_655' title='bbox 2746 3670 2925 3726; x_wconf 85' lang='lat' dir='ltr'><strong>Hasce</strong></span> <span class='ocrx_word' id='word_1_656' title='bbox 2974 3670 3139 3740; x_wconf 79' lang='lat' dir='ltr'><strong>igitur</strong></span> <span class='ocrx_word' id='word_1_657' title='bbox 3167 3671 3222 3723; x_wconf 91' lang='lat' dir='ltr'><strong>in</strong></span> <span class='ocrx_word' id='word_1_658' title='bbox 3258 3670 3436 3723; x_wconf 88' lang='lat' dir='ltr'><strong>locutu</strong></span> 
     </span>
    </p>
   </div>
   <div class='ocr_carea' id='block_1_84' title="bbox 1861 3762 3441 3836">
    <p class='ocr_par' dir='ltr' id='par_1_84' title="bbox 1861 3762 3441 3836">
     <span class='ocr_line' id='line_1_84' title="bbox 1861 3762 3441 3836; baseline -0.003 -15"><span class='ocrx_word' id='word_1_659' title='bbox 1861 3782 2027 3821; x_wconf 88' lang='lat' dir='ltr'><strong>unum</strong></span> <span class='ocrx_word' id='word_1_660' title='bbox 2075 3766 2500 3827; x_wconf 87' lang='lat' dir='ltr'><strong>convenientes,</strong></span> <span class='ocrx_word' id='word_1_661' title='bbox 2536 3765 2674 3820; x_wconf 89' lang='lat' dir='ltr'><strong>alias</strong></span> <span class='ocrx_word' id='word_1_662' title='bbox 2710 3764 2932 3836; x_wconf 89' lang='lat' dir='ltr'><strong>quidem</strong></span> <span class='ocrx_word' id='word_1_663' title='bbox 2975 3763 3043 3819; x_wconf 88' lang='lat' dir='ltr'><strong>de</strong></span> <span class='ocrx_word' id='word_1_664' title='bbox 3093 3762 3316 3831; x_wconf 79' lang='lat' dir='ltr'><strong>regione</strong></span> <span class='ocrx_word' id='word_1_665' title='bbox 3345 3777 3441 3817; x_wconf 85' lang='lat' dir='ltr'><strong>eo-</strong></span> 
     </span>
    </p>
   </div>
   <div class='ocr_carea' id='block_1_85' title="bbox 1860 3849 3441 3926">
    <p class='ocr_par' dir='ltr' id='par_1_85' title="bbox 1860 3849 3441 3926">
     <span class='ocr_line' id='line_1_85' title="bbox 1860 3849 3441 3926; baseline -0.008 -15"><span class='ocrx_word' id='word_1_666' title='bbox 1860 3873 1981 3911; x_wconf 85' lang='lat' dir='ltr'><strong>rum</strong></span> <span class='ocrx_word' id='word_1_667' title='bbox 2014 3857 2104 3926; x_wconf 85' lang='lat' dir='ltr'><strong>qui</strong></span> <span class='ocrx_word' id='word_1_668' title='bbox 2133 3856 2428 3911; x_wconf 89' lang='lat' dir='ltr'><strong>simulacra</strong></span> <span class='ocrx_word' id='word_1_669' title='bbox 2454 3854 2703 3919; x_wconf 87' lang='lat' dir='ltr'><strong>adorant,</strong></span> <span class='ocrx_word' id='word_1_670' title='bbox 2749 3853 2885 3906; x_wconf 88' lang='lat' dir='ltr'><strong>alias</strong></span> <span class='ocrx_word' id='word_1_671' title='bbox 2912 3865 3042 3905; x_wconf 88' lang='lat' dir='ltr'><strong>vero</strong></span> <span class='ocrx_word' id='word_1_672' title='bbox 3074 3849 3142 3904; x_wconf 91' lang='lat' dir='ltr'><strong>de</strong></span> <span class='ocrx_word' id='word_1_673' title='bbox 3164 3856 3309 3903; x_wconf 90' lang='lat' dir='ltr'><strong>terra</strong></span> <span class='ocrx_word' id='word_1_674' title='bbox 3340 3864 3441 3919; x_wconf 78' lang='lat' dir='ltr'><strong>gu-</strong></span> 
     </span>
    </p>
   </div>
   <div class='ocr_carea' id='block_1_86' title="bbox 1860 3940 3439 4019">
    <p class='ocr_par' dir='ltr' id='par_1_86' title="bbox 1860 3940 3439 4019">
     <span class='ocr_line' id='line_1_86' title="bbox 1860 3940 3439 4019; baseline -0.007 -15"><span class='ocrx_word' id='word_1_675' title='bbox 1860 3949 2204 4004; x_wconf 88' lang='lat' dir='ltr'><strong>bernantium</strong></span> <span class='ocrx_word' id='word_1_676' title='bbox 2232 3947 2465 4019; x_wconf 81' lang='lat' dir='ltr'><strong>(Assyrii</strong></span> <span class='ocrx_word' id='word_1_677' title='bbox 2497 3947 2640 4001; x_wconf 88' lang='lat' dir='ltr'><strong>enim</strong></span> <span class='ocrx_word' id='word_1_678' title='bbox 2680 3960 2746 3999; x_wconf 81' lang='lat' dir='ltr'><strong>ex</strong></span> <span class='ocrx_word' id='word_1_679' title='bbox 2775 3941 3225 4013; x_wconf 86' lang='lat' dir='ltr'><strong>interpretatione</strong></span> <span class='ocrx_word' id='word_1_680' title='bbox 3259 3940 3439 3995; x_wconf 68' lang='lat' dir='ltr'><strong>nomio</strong></span> 
     </span>
    </p>
   </div>
   <div class='ocr_carea' id='block_1_87' title="bbox 1860 4032 3440 4110">
    <p class='ocr_par' dir='ltr' id='par_1_87' title="bbox 1860 4032 3440 4110">
     <span class='ocr_line' id='line_1_87' title="bbox 1860 4032 3440 4110; baseline -0.004 -16"><span class='ocrx_word' id='word_1_681' title='bbox 1860 4041 1948 4095; x_wconf 91' lang='lat' dir='ltr'><strong>nis</strong></span> <span class='ocrx_word' id='word_1_682' title='bbox 1982 4039 2331 4110; x_wconf 82' lang='lat' dir='ltr'><strong>g&#39;ubernantes</strong></span> <span class='ocrx_word' id='word_1_683' title='bbox 2359 4035 2781 4108; x_wconf 79' lang='lat' dir='ltr'><strong>intelliguntur),</strong></span> <span class='ocrx_word' id='word_1_684' title='bbox 2797 4037 2955 4105; x_wconf 88' lang='lat' dir='ltr'><strong>jussu</strong></span> <span class='ocrx_word' id='word_1_685' title='bbox 2979 4043 3033 4089; x_wconf 87' lang='lat' dir='ltr'><strong>et</strong></span> <span class='ocrx_word' id='word_1_686' title='bbox 3060 4033 3216 4104; x_wconf 89' lang='lat' dir='ltr'><strong>quasi</strong></span> <span class='ocrx_word' id='word_1_687' title='bbox 3250 4032 3440 4088; x_wconf 84' lang='lat' dir='ltr'><strong>sibila-</strong></span> 
     </span>
    </p>
   </div>
   <div class='ocr_carea' id='block_1_88' title="bbox 1862 4126 3440 4196">
    <p class='ocr_par' dir='ltr' id='par_1_88' title="bbox 1862 4126 3440 4196">
     <span class='ocr_line' id='line_1_88' title="bbox 1862 4126 3440 4196; baseline -0.005 -8"><span class='ocrx_word' id='word_1_688' title='bbox 1862 4134 2010 4188; x_wconf 91' lang='lat' dir='ltr'><strong>tione</strong></span> <span class='ocrx_word' id='word_1_689' title='bbox 2036 4131 2251 4186; x_wconf 91' lang='lat' dir='ltr'><strong>Domini</strong></span> <span class='ocrx_word' id='word_1_690' title='bbox 2278 4138 2333 4186; x_wconf 88' lang='lat' dir='ltr'><strong>et</strong></span> <span class='ocrx_word' id='word_1_691' title='bbox 2364 4130 2459 4185; x_wconf 90' lang='lat' dir='ltr'><strong>Dei</strong></span> <span class='ocrx_word' id='word_1_692' title='bbox 2491 4146 2673 4185; x_wconf 91' lang='lat' dir='ltr'><strong>rerum</strong></span> <span class='ocrx_word' id='word_1_693' title='bbox 2701 4130 2968 4196; x_wconf 87' lang='lat' dir='ltr'><strong>omnium,</strong></span> <span class='ocrx_word' id='word_1_694' title='bbox 3000 4126 3201 4182; x_wconf 69' lang='lat' dir='ltr'><strong>Judrete</strong></span> <span class='ocrx_word' id='word_1_695' title='bbox 3226 4127 3440 4181; x_wconf 78' lang='lat' dir='ltr'><strong>univer-</strong></span> 
     </span>
    </p>
   </div>
   <div class='ocr_carea' id='block_1_89' title="bbox 1863 4220 3443 4294">
    <p class='ocr_par' dir='ltr' id='par_1_89' title="bbox 1863 4220 3443 4294">
     <span class='ocr_line' id='line_1_89' title="bbox 1863 4220 3443 4294; baseline -0.004 -15"><span class='ocrx_word' id='word_1_696' title='bbox 1863 4240 1936 4279; x_wconf 69' lang='lat' dir='ltr'><strong>sae</strong></span> <span class='ocrx_word' id='word_1_697' title='bbox 1961 4225 2347 4294; x_wconf 81' lang='lat' dir='ltr'><strong>imperaturas,</strong></span> <span class='ocrx_word' id='word_1_698' title='bbox 2382 4231 2601 4292; x_wconf 87' lang='lat' dir='ltr'><strong>propter</strong></span> <span class='ocrx_word' id='word_1_699' title='bbox 2630 4221 2804 4292; x_wconf 87' lang='lat' dir='ltr'><strong>ipsius</strong></span> <span class='ocrx_word' id='word_1_700' title='bbox 2836 4221 2893 4275; x_wconf 88' lang='lat' dir='ltr'><strong>in</strong></span> <span class='ocrx_word' id='word_1_701' title='bbox 2922 4220 3202 4274; x_wconf 88' lang='lat' dir='ltr'><strong>Christum</strong></span> <span class='ocrx_word' id='word_1_702' title='bbox 3257 4220 3443 4274; x_wconf 77' lang='lat' dir='ltr'><strong>incre-</strong></span> 
     </span>
    </p>
   </div>
   <div class='ocr_carea' id='block_1_90' title="bbox 1862 4311 3440 4378">
    <p class='ocr_par' dir='ltr' id='par_1_90' title="bbox 1862 4311 3440 4378">
     <span class='ocr_line' id='line_1_90' title="bbox 1862 4311 3440 4378; baseline -0.001 -8"><span class='ocrx_word' id='word_1_703' title='bbox 1862 4316 2145 4371; x_wconf 81' lang='lat' dir='ltr'><strong>dulitatem</strong></span> <span class='ocrx_word' id='word_1_704' title='bbox 2180 4315 2277 4378; x_wconf 91' lang='lat' dir='ltr'><strong>ait,</strong></span> <span class='ocrx_word' id='word_1_705' title='bbox 2310 4315 2365 4368; x_wconf 92' lang='lat' dir='ltr'><strong>in</strong></span> <span class='ocrx_word' id='word_1_706' title='bbox 2393 4312 2482 4368; x_wconf 90' lang='lat' dir='ltr'><strong>die</strong></span> <span class='ocrx_word' id='word_1_707' title='bbox 2512 4313 2854 4368; x_wconf 83' lang='lat' dir='ltr'><strong>Emmanuel.</strong></span> <span class='ocrx_word' id='word_1_708' title='bbox 2900 4311 2998 4366; x_wconf 81' lang='lat' dir='ltr'><strong>His</strong></span> <span class='ocrx_word' id='word_1_709' title='bbox 3028 4319 3209 4366; x_wconf 89' lang='lat' dir='ltr'><strong>autem</strong></span> <span class='ocrx_word' id='word_1_710' title='bbox 3255 4311 3440 4368; x_wconf 86' lang='lat' dir='ltr'><strong>verbis</strong></span> 
     </span>
    </p>
   </div>
   <div class='ocr_carea' id='block_1_91' title="bbox 1863 4403 3442 4478">
    <p class='ocr_par' dir='ltr' id='par_1_91' title="bbox 1863 4403 3442 4478">
     <span class='ocr_line' id='line_1_91' title="bbox 1863 4403 3442 4478; baseline -0.002 -16"><span class='ocrx_word' id='word_1_711' title='bbox 1863 4409 2132 4478; x_wconf 72' lang='lat' dir='ltr'><strong>signiﬁcat</strong></span> <span class='ocrx_word' id='word_1_712' title='bbox 2156 4415 2344 4478; x_wconf 76' lang='lat' dir='ltr'><strong>gentes</strong></span> <span class='ocrx_word' id='word_1_713' title='bbox 2393 4416 2648 4461; x_wconf 82' lang='lat' dir='ltr'><strong>externas</strong></span> <span class='ocrx_word' id='word_1_714' title='bbox 2677 4412 2731 4460; x_wconf 89' lang='lat' dir='ltr'><strong>et</strong></span> <span class='ocrx_word' id='word_1_715' title='bbox 2775 4405 3065 4467; x_wconf 87' lang='lat' dir='ltr'><strong>militares,</strong></span> <span class='ocrx_word' id='word_1_716' title='bbox 3095 4403 3442 4459; x_wconf 84' lang='lat' dir='ltr'><strong>habitaturas</strong></span> 
     </span>
    </p>
   </div>
   <div class='ocr_carea' id='block_1_92' title="bbox 170 4489 1819 4583">
    <p class='ocr_par' dir='ltr' id='par_1_92' title="bbox 170 4489 1819 4583">
     <span class='ocr_line' id='line_1_92' title="bbox 170 4489 1819 4583; baseline 0.004 -41"><span class='ocrx_word' id='word_1_717' title='bbox 170 4490 274 4543; x_wconf 79' lang='grc' dir='ltr'>καὶ</span> <span class='ocrx_word' id='word_1_718' title='bbox 298 4489 399 4560; x_wconf 76' lang='grc' dir='ltr'>τὴν</span> <span class='ocrx_word' id='word_1_719' title='bbox 435 4489 694 4543; x_wconf 88' lang='grc' dir='ltr'>Ἰουδαίαν</span> <span class='ocrx_word' id='word_1_720' title='bbox 722 4490 824 4560; x_wconf 80' lang='grc' dir='ltr'><strong>γῆν</strong></span> <span class='ocrx_word' id='word_1_721' title='bbox 847 4507 862 4521; x_wconf 92' lang='grc'><strong>·</strong></span> <span class='ocrx_word' id='word_1_722' title='bbox 892 4492 1029 4563; x_wconf 82' lang='grc' dir='ltr'>ὅπερ</span> <span class='ocrx_word' id='word_1_723' title='bbox 1053 4493 1146 4545; x_wconf 79' lang='grc' dir='ltr'>καὶ</span> <span class='ocrx_word' id='word_1_724' title='bbox 1178 4493 1208 4545; x_wconf 87' lang='grc' dir='ltr'><em>ὀ</em></span> <span class='ocrx_word' id='word_1_725' title='bbox 1236 4492 1423 4565; x_wconf 83' lang='grc' dir='ltr'>Σωτὴρ</span> <span class='ocrx_word' id='word_1_726' title='bbox 1454 4493 1609 4565; x_wconf 81' lang='grc' dir='ltr'>ἡμῶν</span> <span class='ocrx_word' id='word_1_727' title='bbox 1640 4496 1762 4548; x_wconf 84' lang='grc' dir='ltr'>λευ-</span> <span class='ocrx_word' id='word_1_728' title='bbox 1793 4526 1819 4583; x_wconf 58' lang='grc' dir='ltr'>ε</span> 
     </span>
    </p>
   </div>
   <div class='ocr_carea' id='block_1_93' title="bbox 1858 4489 3439 4583">
    <p class='ocr_par' dir='ltr' id='par_1_93' title="bbox 1863 4494 3439 4565">
     <span class='ocr_line' id='line_1_93' title="bbox 1863 4494 3439 4565; baseline -0.006 -8"><span class='ocrx_word' id='word_1_729' title='bbox 1863 4500 2165 4557; x_wconf 80' lang='lat' dir='ltr'><strong>Jerusalem</strong></span> <span class='ocrx_word' id='word_1_730' title='bbox 2216 4509 2270 4555; x_wconf 93' lang='lat' dir='ltr'><strong>et</strong></span> <span class='ocrx_word' id='word_1_731' title='bbox 2293 4498 2534 4553; x_wconf 68' lang='lat' dir='ltr'><strong>Judmam</strong></span> <span class='ocrx_word' id='word_1_732' title='bbox 2564 4505 2793 4551; x_wconf 85' lang='lat' dir='ltr'><strong>terram.</strong></span> <span class='ocrx_word' id='word_1_733' title='bbox 2824 4494 2980 4562; x_wconf 83' lang='lat' dir='ltr'><strong>Quod</strong></span> <span class='ocrx_word' id='word_1_734' title='bbox 3012 4494 3232 4565; x_wconf 90' lang='lat' dir='ltr'><strong>quidem</strong></span> <span class='ocrx_word' id='word_1_735' title='bbox 3263 4494 3439 4564; x_wconf 88' lang='lat' dir='ltr'><strong>ipsum</strong></span> 
     </span>
    </p>
   </div>
   <div class='ocr_carea' id='block_1_94' title="bbox 174 4582 1760 4657">
    <p class='ocr_par' dir='ltr' id='par_1_94' title="bbox 174 4582 1760 4657">
     <span class='ocr_line' id='line_1_94' title="bbox 174 4582 1760 4657; baseline 0.003 -22"><span class='ocrx_word' id='word_1_736' title='bbox 174 4582 426 4652; x_wconf 82' lang='grc' dir='ltr'>κοτέροις</span> <span class='ocrx_word' id='word_1_737' title='bbox 461 4582 721 4653; x_wconf 74' lang='grc' dir='ltr'>ὀνόμασιν</span> <span class='ocrx_word' id='word_1_738' title='bbox 754 4582 1038 4648; x_wconf 78' lang='grc' dir='ltr'>ἐθέσπιζεν</span> <span class='ocrx_word' id='word_1_739' title='bbox 1059 4624 1074 4648; x_wconf 92' lang='grc'><strong>,</strong></span> <span class='ocrx_word' id='word_1_740' title='bbox 1118 4584 1290 4637; x_wconf 86' lang='grc' dir='ltr'>εἰπὼν</span> <span class='ocrx_word' id='word_1_741' title='bbox 1313 4624 1327 4649; x_wconf 88' lang='grc'><strong>,</strong></span> <span class='ocrx_word' id='word_1_742' title='bbox 1365 4603 1383 4635; x_wconf 76' lang='grc' dir='ltr'><strong>ι</strong></span> <span class='ocrx_word' id='word_1_743' title='bbox 1415 4586 1525 4639; x_wconf 78' lang='grc' dir='ltr'><strong>Καὶ</strong></span> <span class='ocrx_word' id='word_1_744' title='bbox 1562 4586 1760 4657; x_wconf 84' lang='grc' dir='ltr'>Ἰερου-</span> 
     </span>
    </p>
   </div>
   <div class='ocr_carea' id='block_1_95' title="bbox 176 4672 1763 4745">
    <p class='ocr_par' dir='ltr' id='par_1_95' title="bbox 176 4672 1763 4745">
     <span class='ocr_line' id='line_1_95' title="bbox 176 4672 1763 4745; baseline 0.004 -20"><span class='ocrx_word' id='word_1_745' title='bbox 176 4674 367 4745; x_wconf 73' lang='grc' dir='ltr'>σαλὴμ</span> <span class='ocrx_word' id='word_1_746' title='bbox 403 4673 555 4726; x_wconf 74' lang='grc' dir='ltr'>ἔσται</span> <span class='ocrx_word' id='word_1_747' title='bbox 595 4674 904 4745; x_wconf 84' lang='grc' dir='ltr'>πατουμένη</span> <span class='ocrx_word' id='word_1_748' title='bbox 942 4674 1045 4727; x_wconf 80' lang='grc' dir='ltr'><strong>ὑπὸ</strong></span> <span class='ocrx_word' id='word_1_749' title='bbox 1082 4672 1282 4728; x_wconf 79' lang='grc' dir='ltr'>ἐθνῶν·</span> <span class='ocrx_word' id='word_1_750' title='bbox 1320 4694 1339 4728; x_wconf 75' lang='grc' dir='ltr'><strong>ι</strong></span> <span class='ocrx_word' id='word_1_751' title='bbox 1386 4675 1415 4729; x_wconf 85' lang='grc' dir='ltr'>ὃ</span> <span class='ocrx_word' id='word_1_752' title='bbox 1454 4676 1549 4731; x_wconf 71' lang='grc' dir='ltr'>καὶ</span> <span class='ocrx_word' id='word_1_753' title='bbox 1578 4678 1763 4743; x_wconf 84' lang='grc' dir='ltr'>τέλους</span> 
     </span>
    </p>
   </div>
   <div class='ocr_carea' id='block_1_96' title="bbox 175 4764 1763 4841">
    <p class='ocr_par' dir='ltr' id='par_1_96' title="bbox 175 4764 1763 4841">
     <span class='ocr_line' id='line_1_96' title="bbox 175 4764 1763 4841; baseline 0.004 -24"><span class='ocrx_word' id='word_1_754' title='bbox 175 4766 338 4835; x_wconf 77' lang='grc' dir='ltr'>ἔτυχε</span> <span class='ocrx_word' id='word_1_755' title='bbox 361 4804 376 4827; x_wconf 91' lang='grc'><strong>,</strong></span> <span class='ocrx_word' id='word_1_756' title='bbox 402 4766 520 4834; x_wconf 85' lang='grc' dir='ltr'>μετ’</span> <span class='ocrx_word' id='word_1_757' title='bbox 552 4765 612 4817; x_wconf 84' lang='grc' dir='ltr'>οὐ</span> <span class='ocrx_word' id='word_1_758' title='bbox 648 4764 815 4818; x_wconf 81' lang='grc' dir='ltr'>πολὺν</span> <span class='ocrx_word' id='word_1_759' title='bbox 851 4766 1040 4836; x_wconf 86' lang='grc' dir='ltr'>χρόνον</span> <span class='ocrx_word' id='word_1_760' title='bbox 1070 4766 1179 4819; x_wconf 84' lang='grc' dir='ltr'><strong>τῶν</strong></span> <span class='ocrx_word' id='word_1_761' title='bbox 1211 4767 1305 4821; x_wconf 81' lang='grc' dir='ltr'><strong>τοῦ</strong></span> <span class='ocrx_word' id='word_1_762' title='bbox 1331 4769 1580 4840; x_wconf 82' lang='grc' dir='ltr'>Σωτῆρος</span> <span class='ocrx_word' id='word_1_763' title='bbox 1607 4770 1763 4841; x_wconf 81' lang='grc' dir='ltr'>ἡμῶν</span> 
     </span>
    </p>
   </div>
   <div class='ocr_carea' id='block_1_97' title="bbox 176 4852 1765 4929">
    <p class='ocr_par' dir='ltr' id='par_1_97' title="bbox 176 4852 1765 4929">
     <span class='ocr_line' id='line_1_97' title="bbox 176 4852 1765 4929; baseline 0.006 -24"><span class='ocrx_word' id='word_1_764' title='bbox 176 4852 399 4924; x_wconf 79' lang='grc' dir='ltr'>φωνῶν,</span> <span class='ocrx_word' id='word_1_765' title='bbox 438 4854 722 4924; x_wconf 85' lang='grc' dir='ltr'>Ῥωμαίων</span> <span class='ocrx_word' id='word_1_766' title='bbox 751 4855 849 4927; x_wconf 73' lang='grc' dir='ltr'>τὴν</span> <span class='ocrx_word' id='word_1_767' title='bbox 874 4854 1028 4908; x_wconf 84' lang='grc' dir='ltr'>πόλιν</span> <span class='ocrx_word' id='word_1_768' title='bbox 1057 4855 1285 4910; x_wconf 71' lang='grc' dir='ltr'>ἑλόντων</span> <span class='ocrx_word' id='word_1_769' title='bbox 1304 4899 1320 4925; x_wconf 85' lang='grc'><strong>,</strong></span> <span class='ocrx_word' id='word_1_770' title='bbox 1342 4856 1671 4929; x_wconf 82' lang='grc' dir='ltr'>ἀλλοφύλους</span> <span class='ocrx_word' id='word_1_771' title='bbox 1704 4878 1765 4915; x_wconf 90' lang='grc' dir='ltr'><strong>τε</strong></span> 
     </span>
    </p>
   </div>
   <div class='ocr_carea' id='block_1_98' title="bbox 174 4945 1763 5015">
    <p class='ocr_par' dir='ltr' id='par_1_98' title="bbox 174 4945 1763 5015">
     <span class='ocr_line' id='line_1_98' title="bbox 174 4945 1763 5015; baseline 0.003 -14"><span class='ocrx_word' id='word_1_772' title='bbox 174 4946 384 5015; x_wconf 76' lang='grc' dir='ltr'>ἄνδρας</span> <span class='ocrx_word' id='word_1_773' title='bbox 448 4945 628 4999; x_wconf 78' lang='grc' dir='ltr'>αὐτόθι</span> <span class='ocrx_word' id='word_1_774' title='bbox 678 4948 1100 5001; x_wconf 82' lang='grc' dir='ltr'>κατοικισάντων</span> <span class='ocrx_word' id='word_1_775' title='bbox 1149 4948 1244 5002; x_wconf 76' lang='grc' dir='ltr'>καὶ</span> <span class='ocrx_word' id='word_1_776' title='bbox 1291 4950 1386 5002; x_wconf 84' lang='grc' dir='ltr'>ἐπὶ</span> <span class='ocrx_word' id='word_1_777' title='bbox 1450 4950 1545 5004; x_wconf 82' lang='grc' dir='ltr'>τοῦ</span> <span class='ocrx_word' id='word_1_778' title='bbox 1596 4951 1763 5005; x_wconf 84' lang='grc' dir='ltr'>τόπου</span> 
     </span>
    </p>
   </div>
   <div class='ocr_carea' id='block_1_99' title="bbox 178 5038 1768 5114">
    <p class='ocr_par' dir='ltr' id='par_1_99' title="bbox 178 5038 1768 5114">
     <span class='ocr_line' id='line_1_99' title="bbox 178 5038 1768 5114; baseline 0.003 -22"><span class='ocrx_word' id='word_1_779' title='bbox 178 5040 656 5110; x_wconf 76' lang='grc' dir='ltr'>καταστησάντων.</span> <span class='ocrx_word' id='word_1_780' title='bbox 677 5038 845 5092; x_wconf 84' lang='grc' dir='ltr'>Πάλιν</span> <span class='ocrx_word' id='word_1_781' title='bbox 869 5038 925 5092; x_wconf 82' lang='grc' dir='ltr'>δὲ</span> <span class='ocrx_word' id='word_1_782' title='bbox 946 5042 975 5092; x_wconf 88' lang='grc' dir='ltr'><strong>ό</strong></span> <span class='ocrx_word' id='word_1_783' title='bbox 996 5040 1155 5104; x_wconf 82' lang='grc' dir='ltr'>αὐτὸς</span> <span class='ocrx_word' id='word_1_784' title='bbox 1178 5040 1380 5112; x_wconf 81' lang='grc' dir='ltr'>Κύριος</span> <span class='ocrx_word' id='word_1_785' title='bbox 1400 5040 1656 5114; x_wconf 83' lang='grc' dir='ltr'>ξυρήσειν</span> <span class='ocrx_word' id='word_1_786' title='bbox 1682 5043 1768 5097; x_wconf 80' lang='grc' dir='ltr'>λέ-</span> 
     </span>
    </p>
   </div>
   <div class='ocr_carea' id='block_1_100' title="bbox 173 5130 1761 5206">
    <p class='ocr_par' dir='ltr' id='par_1_100' title="bbox 173 5130 1761 5206">
     <span class='ocr_line' id='line_1_100' title="bbox 173 5130 1761 5206; baseline 0.002 -21"><span class='ocrx_word' id='word_1_787' title='bbox 173 5148 340 5200; x_wconf 81' lang='grc' dir='ltr'>γεται</span> <span class='ocrx_word' id='word_1_788' title='bbox 376 5131 434 5184; x_wconf 85' lang='grc' dir='ltr'><strong>ἐν</strong></span> <span class='ocrx_word' id='word_1_789' title='bbox 464 5130 543 5201; x_wconf 83' lang='grc' dir='ltr'>τῷ</span> <span class='ocrx_word' id='word_1_790' title='bbox 571 5130 666 5184; x_wconf 83' lang='grc' dir='ltr'>τοῦ</span> <span class='ocrx_word' id='word_1_791' title='bbox 702 5131 967 5201; x_wconf 83' lang='grc' dir='ltr'>βασιλέως</span> <span class='ocrx_word' id='word_1_792' title='bbox 1001 5130 1300 5201; x_wconf 81' lang='grc' dir='ltr'>Ἀσσυρίων</span> <span class='ocrx_word' id='word_1_793' title='bbox 1333 5132 1514 5206; x_wconf 80' lang='grc' dir='ltr'>ξυρῷ,</span> <span class='ocrx_word' id='word_1_794' title='bbox 1545 5135 1663 5206; x_wconf 72' lang='grc' dir='ltr'>ἦτοι</span> <span class='ocrx_word' id='word_1_795' title='bbox 1696 5138 1761 5206; x_wconf 82' lang='grc' dir='ltr'>τῇ</span> 
     </span>
    </p>
   </div>
   <div class='ocr_carea' id='block_1_101' title="bbox 176 5220 1763 5292">
    <p class='ocr_par' dir='ltr' id='par_1_101' title="bbox 176 5220 1763 5292">
     <span class='ocr_line' id='line_1_101' title="bbox 176 5220 1763 5292; baseline 0.001 -16"><span class='ocrx_word' id='word_1_796' title='bbox 176 5221 476 5291; x_wconf 81' lang='grc' dir='ltr'>κολαστικῇ</span> <span class='ocrx_word' id='word_1_797' title='bbox 499 5221 724 5292; x_wconf 83' lang='grc' dir='ltr'>δυνάμει</span> <span class='ocrx_word' id='word_1_798' title='bbox 754 5220 851 5274; x_wconf 79' lang='grc' dir='ltr'>τοῦ</span> <span class='ocrx_word' id='word_1_799' title='bbox 883 5220 1136 5291; x_wconf 77' lang='grc' dir='ltr'>ἄρχοντος</span> <span class='ocrx_word' id='word_1_800' title='bbox 1174 5221 1268 5273; x_wconf 71' lang='grc' dir='ltr'>τοῦ</span> <span class='ocrx_word' id='word_1_801' title='bbox 1313 5223 1508 5286; x_wconf 76' lang='grc' dir='ltr'>αἰῶνος</span> <span class='ocrx_word' id='word_1_802' title='bbox 1539 5222 1727 5277; x_wconf 88' lang='grc' dir='ltr'>τούτου</span> <span class='ocrx_word' id='word_1_803' title='bbox 1749 5265 1763 5285; x_wconf 94' lang='grc'><strong>,</strong></span> 
     </span>
    </p>
   </div>
   <div class='ocr_carea' id='block_1_102' title="bbox 172 5312 1765 5386">
    <p class='ocr_par' dir='ltr' id='par_1_102' title="bbox 172 5312 1765 5386">
     <span class='ocr_line' id='line_1_102' title="bbox 172 5312 1765 5386; baseline 0.003 -21"><span class='ocrx_word' id='word_1_804' title='bbox 172 5313 279 5386; x_wconf 78' lang='grc' dir='ltr'><strong>τὴν</strong></span> <span class='ocrx_word' id='word_1_805' title='bbox 306 5312 548 5385; x_wconf 80' lang='grc' dir='ltr'>κεφαλὴν</span> <span class='ocrx_word' id='word_1_806' title='bbox 566 5352 581 5375; x_wconf 92' lang='grc'><strong>,</strong></span> <span class='ocrx_word' id='word_1_807' title='bbox 608 5314 702 5367; x_wconf 82' lang='grc' dir='ltr'>καὶ</span> <span class='ocrx_word' id='word_1_808' title='bbox 732 5314 859 5376; x_wconf 84' lang='grc' dir='ltr'>τοὺς</span> <span class='ocrx_word' id='word_1_809' title='bbox 884 5313 1049 5377; x_wconf 85' lang='grc' dir='ltr'>πόδας</span> <span class='ocrx_word' id='word_1_810' title='bbox 1075 5355 1089 5377; x_wconf 95' lang='grc'><strong>,</strong></span> <span class='ocrx_word' id='word_1_811' title='bbox 1123 5315 1216 5367; x_wconf 76' lang='grc' dir='ltr'>καὶ</span> <span class='ocrx_word' id='word_1_812' title='bbox 1245 5315 1335 5367; x_wconf 78' lang='grc' dir='ltr'>τὸν</span> <span class='ocrx_word' id='word_1_813' title='bbox 1364 5315 1603 5384; x_wconf 85' lang='grc' dir='ltr'>πώγωνα</span> <span class='ocrx_word' id='word_1_814' title='bbox 1623 5356 1637 5381; x_wconf 90' lang='grc'><strong>,</strong></span> <span class='ocrx_word' id='word_1_815' title='bbox 1665 5318 1765 5370; x_wconf 76' lang='grc' dir='ltr'>οὐκ</span> 
     </span>
    </p>
   </div>
   <div class='ocr_carea' id='block_1_103' title="bbox 171 5403 1762 5480">
    <p class='ocr_par' dir='ltr' id='par_1_103' title="bbox 171 5403 1762 5480">
     <span class='ocr_line' id='line_1_103' title="bbox 171 5403 1762 5480; baseline 0.003 -19"><span class='ocrx_word' id='word_1_816' title='bbox 171 5407 342 5462; x_wconf 74' lang='grc' dir='ltr'>ἄλλου</span> <span class='ocrx_word' id='word_1_817' title='bbox 383 5408 526 5470; x_wconf 83' lang='grc' dir='ltr'>τινὸς</span> <span class='ocrx_word' id='word_1_818' title='bbox 550 5408 583 5480; x_wconf 80' lang='grc' dir='ltr'><strong>ἢ</strong></span> <span class='ocrx_word' id='word_1_819' title='bbox 616 5403 773 5473; x_wconf 78' lang='grc' dir='ltr'>αὖθις</span> <span class='ocrx_word' id='word_1_820' title='bbox 798 5407 892 5461; x_wconf 74' lang='grc' dir='ltr'>τοῦ</span> <span class='ocrx_word' id='word_1_821' title='bbox 930 5409 1195 5462; x_wconf 86' lang='grc' dir='ltr'>Ἰουδαίων</span> <span class='ocrx_word' id='word_1_822' title='bbox 1226 5409 1443 5475; x_wconf 77' lang='grc' dir='ltr'>ἔθνους,</span> <span class='ocrx_word' id='word_1_823' title='bbox 1471 5411 1618 5465; x_wconf 81' lang='grc' dir='ltr'>τοῦτ’</span> <span class='ocrx_word' id='word_1_824' title='bbox 1645 5411 1762 5466; x_wconf 82' lang='grc' dir='ltr'>ἔστι</span> 
     </span>
    </p>
   </div>
   <div class='ocr_carea' id='block_1_104' title="bbox 172 5499 1763 5574">
    <p class='ocr_par' dir='ltr' id='par_1_104' title="bbox 172 5499 1763 5574">
     <span class='ocr_line' id='line_1_104' title="bbox 172 5499 1763 5574; baseline 0.004 -23"><span class='ocrx_word' id='word_1_825' title='bbox 172 5499 269 5552; x_wconf 82' lang='grc' dir='ltr'>τὸν</span> <span class='ocrx_word' id='word_1_826' title='bbox 316 5499 520 5570; x_wconf 87' lang='grc' dir='ltr'>κόσμον</span> <span class='ocrx_word' id='word_1_827' title='bbox 564 5499 744 5553; x_wconf 75' lang='grc' dir='ltr'>αὐτῶν</span> <span class='ocrx_word' id='word_1_828' title='bbox 775 5500 866 5554; x_wconf 71' lang='grc' dir='ltr'>καὶ</span> <span class='ocrx_word' id='word_1_829' title='bbox 910 5500 1011 5572; x_wconf 84' lang='grc' dir='ltr'>τὴν</span> <span class='ocrx_word' id='word_1_830' title='bbox 1039 5501 1198 5567; x_wconf 78' lang='grc' dir='ltr'>δόξαν</span> <span class='ocrx_word' id='word_1_831' title='bbox 1239 5503 1506 5573; x_wconf 77' lang='grc' dir='ltr'>περιελεῖν</span> <span class='ocrx_word' id='word_1_832' title='bbox 1542 5503 1629 5558; x_wconf 72' lang='grc' dir='ltr'><strong>διὰ</strong></span> <span class='ocrx_word' id='word_1_833' title='bbox 1661 5504 1763 5574; x_wconf 82' lang='grc' dir='ltr'>τῆς</span> 
     </span>
    </p>
   </div>
   <div class='ocr_carea' id='block_1_105' title="bbox 175 5590 1764 5668">
    <p class='ocr_par' dir='ltr' id='par_1_105' title="bbox 175 5590 1764 5668">
     <span class='ocr_line' id='line_1_105' title="bbox 175 5590 1764 5668; baseline 0.006 -26"><span class='ocrx_word' id='word_1_834' title='bbox 175 5590 287 5643; x_wconf 81' lang='grc' dir='ltr'>τῶν</span> <span class='ocrx_word' id='word_1_835' title='bbox 319 5590 548 5644; x_wconf 83' lang='grc' dir='ltr'>καθόλου</span> <span class='ocrx_word' id='word_1_836' title='bbox 578 5592 1016 5663; x_wconf 88' lang='grc' dir='ltr'>ἐπικρατούντων</span> <span class='ocrx_word' id='word_1_837' title='bbox 1044 5595 1239 5666; x_wconf 79' lang='grc' dir='ltr'>ἀρχῆς.</span> <span class='ocrx_word' id='word_1_838' title='bbox 1272 5596 1576 5668; x_wconf 87' lang='grc' dir='ltr'>Ῥωμαίους</span> <span class='ocrx_word' id='word_1_839' title='bbox 1603 5597 1659 5650; x_wconf 88' lang='grc' dir='ltr'><strong>δέ</strong></span> <span class='ocrx_word' id='word_1_840' title='bbox 1688 5594 1764 5651; x_wconf 77' lang='grc' dir='ltr'><strong>εἷ-</strong></span> 
     </span>
    </p>
   </div>
   <div class='ocr_carea' id='block_1_106' title="bbox 177 5681 1761 5761">
    <p class='ocr_par' dir='ltr' id='par_1_106' title="bbox 177 5681 1761 5761">
     <span class='ocr_line' id='line_1_106' title="bbox 177 5681 1761 5761; baseline 0.005 -26"><span class='ocrx_word' id='word_1_841' title='bbox 177 5700 270 5736; x_wconf 89' lang='grc' dir='ltr'><strong>ναι</strong></span> <span class='ocrx_word' id='word_1_842' title='bbox 302 5681 521 5745; x_wconf 88' lang='grc' dir='ltr'>τούτους</span> <span class='ocrx_word' id='word_1_843' title='bbox 550 5684 866 5742; x_wconf 81' lang='grc' dir='ltr'>αἰνίττεται.</span> <span class='ocrx_word' id='word_1_844' title='bbox 904 5686 1000 5741; x_wconf 82' lang='grc' dir='ltr'>Διά</span> <span class='ocrx_word' id='word_1_845' title='bbox 1032 5687 1140 5758; x_wconf 73' lang='grc' dir='ltr'>γὰρ</span> <span class='ocrx_word' id='word_1_846' title='bbox 1189 5687 1283 5741; x_wconf 79' lang='grc' dir='ltr'>τοῦ</span> <span class='ocrx_word' id='word_1_847' title='bbox 1317 5688 1423 5743; x_wconf 80' lang='grc' dir='ltr'><strong>τῶν</strong></span> <span class='ocrx_word' id='word_1_848' title='bbox 1465 5689 1761 5761; x_wconf 84' lang='grc' dir='ltr'>Ἀσσυρίων</span> 
     </span>
    </p>
   </div>
   <div class='ocr_carea' id='block_1_107' title="bbox 257 5838 823 5908">
    <p class='ocr_par' dir='ltr' id='par_1_107' title="bbox 257 5838 823 5908">
     <span class='ocr_line' id='line_1_107' title="bbox 257 5838 823 5908; baseline 0.004 -15"><span class='ocrx_word' id='word_1_849' title='bbox 257 5840 305 5871; x_wconf 79' lang='grc'><strong>’⁸⁸</strong></span> <span class='ocrx_word' id='word_1_850' title='bbox 336 5838 443 5896; x_wconf 84' lang='lat' dir='ltr'><strong>lsa.</strong></span> <span class='ocrx_word' id='word_1_851' title='bbox 480 5856 576 5908; x_wconf 85' lang='lat' dir='ltr'><strong>vn,</strong></span> <span class='ocrx_word' id='word_1_852' title='bbox 616 5839 823 5896; x_wconf 63' lang='grc' dir='ltr'>ιιι-εδ.</span> 
     </span>
    </p>
   </div>
   <div class='ocr_carea' id='block_1_108' title="bbox 1862 4586 3443 4649">
    <p class='ocr_par' dir='ltr' id='par_1_108' title="bbox 1862 4586 3443 4649">
     <span class='ocr_line' id='line_1_108' title="bbox 1862 4586 3443 4649; baseline -0.006 -1"><span class='ocrx_word' id='word_1_853' title='bbox 1862 4592 2291 4649; x_wconf 90' lang='lat' dir='ltr'><strong>evidentioribus</strong></span> <span class='ocrx_word' id='word_1_854' title='bbox 2323 4592 2504 4646; x_wconf 89' lang='lat' dir='ltr'><strong>verbis</strong></span> <span class='ocrx_word' id='word_1_855' title='bbox 2560 4588 2811 4644; x_wconf 86' lang='lat' dir='ltr'><strong>Salvator</strong></span> <span class='ocrx_word' id='word_1_856' title='bbox 2857 4596 3045 4643; x_wconf 87' lang='lat' dir='ltr'><strong>noster</strong></span> <span class='ocrx_word' id='word_1_857' title='bbox 3094 4586 3315 4649; x_wconf 87' lang='lat' dir='ltr'><strong>cecinit,</strong></span> <span class='ocrx_word' id='word_1_858' title='bbox 3348 4586 3443 4640; x_wconf 88' lang='lat' dir='ltr'><strong>ubi</strong></span> 
     </span>
    </p>
   </div>
   <div class='ocr_carea' id='block_1_109' title="bbox 1865 4671 3439 4745">
    <p class='ocr_par' dir='ltr' id='par_1_109' title="bbox 1865 4671 3439 4745">
     <span class='ocr_line' id='line_1_109' title="bbox 1865 4671 3439 4745; baseline -0.008 -7"><span class='ocrx_word' id='word_1_859' title='bbox 1865 4684 1941 4738; x_wconf 91' lang='lat' dir='ltr'><strong>ait</strong></span> <span class='ocrx_word' id='word_1_860' title='bbox 1970 4701 1984 4738; x_wconf 91' lang='lat'><strong>:</strong></span> <span class='ocrx_word' id='word_1_861' title='bbox 2020 4700 2039 4733; x_wconf 78' lang='grc' dir='ltr'><strong>ι</strong></span> <span class='ocrx_word' id='word_1_862' title='bbox 2074 4680 2138 4735; x_wconf 86' lang='grc' dir='ltr'>Ει</span> <span class='ocrx_word' id='word_1_863' title='bbox 2156 4680 2459 4735; x_wconf 86' lang='lat' dir='ltr'><strong>Jerusalem</strong></span> <span class='ocrx_word' id='word_1_864' title='bbox 2482 4677 2895 4733; x_wconf 89' lang='lat' dir='ltr'><strong>conculcabitur</strong></span> <span class='ocrx_word' id='word_1_865' title='bbox 2913 4690 2943 4727; x_wconf 91' lang='lat' dir='ltr'><strong>a</strong></span> <span class='ocrx_word' id='word_1_866' title='bbox 2962 4674 3235 4745; x_wconf 78' lang='lat' dir='ltr'><strong>gentibus,</strong></span> <span class='ocrx_word' id='word_1_867' title='bbox 3252 4690 3270 4724; x_wconf 73' lang='grc' dir='ltr'><strong>ι</strong></span> <span class='ocrx_word' id='word_1_868' title='bbox 3292 4671 3439 4740; x_wconf 87' lang='lat' dir='ltr'><strong>quod</strong></span> 
     </span>
    </p>
   </div>
   <div class='ocr_carea' id='block_1_110' title="bbox 1866 4762 3443 4838">
    <p class='ocr_par' dir='ltr' id='par_1_110' title="bbox 1866 4762 3443 4838">
     <span class='ocr_line' id='line_1_110' title="bbox 1866 4762 3443 4838; baseline -0.009 -9"><span class='ocrx_word' id='word_1_869' title='bbox 1866 4773 2147 4829; x_wconf 89' lang='lat' dir='ltr'><strong>oraculum</strong></span> <span class='ocrx_word' id='word_1_870' title='bbox 2188 4771 2335 4825; x_wconf 82' lang='lat' dir='ltr'><strong>haud</strong></span> <span class='ocrx_word' id='word_1_871' title='bbox 2368 4770 2442 4823; x_wconf 89' lang='lat' dir='ltr'><strong>ita</strong></span> <span class='ocrx_word' id='word_1_872' title='bbox 2501 4768 2672 4822; x_wconf 91' lang='lat' dir='ltr'><strong>multo</strong></span> <span class='ocrx_word' id='word_1_873' title='bbox 2702 4774 2825 4838; x_wconf 89' lang='lat' dir='ltr'><strong>post</strong></span> <span class='ocrx_word' id='word_1_874' title='bbox 2852 4766 2975 4820; x_wconf 87' lang='lat' dir='ltr'><strong>illas</strong></span> <span class='ocrx_word' id='word_1_875' title='bbox 3015 4762 3312 4818; x_wconf 85' lang='lat' dir='ltr'><strong>Salvatoris</strong></span> <span class='ocrx_word' id='word_1_876' title='bbox 3343 4777 3443 4816; x_wconf 91' lang='lat' dir='ltr'><strong>no-</strong></span> 
     </span>
    </p>
   </div>
   <div class='ocr_carea' id='block_1_111' title="bbox 1868 4853 3441 4925">
    <p class='ocr_par' dir='ltr' id='par_1_111' title="bbox 1868 4853 3441 4925">
     <span class='ocr_line' id='line_1_111' title="bbox 1868 4853 3441 4925; baseline -0.008 -6"><span class='ocrx_word' id='word_1_877' title='bbox 1868 4866 1967 4919; x_wconf 85' lang='lat' dir='ltr'><strong>stri</strong></span> <span class='ocrx_word' id='word_1_878' title='bbox 1992 4878 2155 4919; x_wconf 87' lang='lat' dir='ltr'><strong>voces</strong></span> <span class='ocrx_word' id='word_1_879' title='bbox 2184 4862 2391 4917; x_wconf 75' lang='lat' dir='ltr'><strong>exitum</strong></span> <span class='ocrx_word' id='word_1_880' title='bbox 2453 4860 2681 4923; x_wconf 89' lang='lat' dir='ltr'><strong>invenit,</strong></span> <span class='ocrx_word' id='word_1_881' title='bbox 2712 4857 2975 4911; x_wconf 80' lang='lat' dir='ltr'><strong>Romanis</strong></span> <span class='ocrx_word' id='word_1_882' title='bbox 3035 4857 3209 4925; x_wconf 88' lang='lat' dir='ltr'><strong>ipsam</strong></span> <span class='ocrx_word' id='word_1_883' title='bbox 3249 4853 3441 4908; x_wconf 86' lang='lat' dir='ltr'><strong>urbem</strong></span> 
     </span>
    </p>
   </div>
   <div class='ocr_carea' id='block_1_112' title="bbox 1868 4945 3443 5025">
    <p class='ocr_par' dir='ltr' id='par_1_112' title="bbox 1868 4945 3443 5025">
     <span class='ocr_line' id='line_1_112' title="bbox 1868 4945 3443 5025; baseline -0.008 -16"><span class='ocrx_word' id='word_1_884' title='bbox 1868 4955 2331 5025; x_wconf 76' lang='lat' dir='ltr'><strong>expugnantibus,</strong></span> <span class='ocrx_word' id='word_1_885' title='bbox 2374 4953 2593 5022; x_wconf 87' lang='lat' dir='ltr'><strong>illicque</strong></span> <span class='ocrx_word' id='word_1_886' title='bbox 2623 4950 2823 5005; x_wconf 80' lang='lat' dir='ltr'><strong>diversi</strong></span> <span class='ocrx_word' id='word_1_887' title='bbox 2858 4949 3076 5019; x_wconf 77' lang='lat' dir='ltr'><strong>generis</strong></span> <span class='ocrx_word' id='word_1_888' title='bbox 3098 4947 3247 5001; x_wconf 91' lang='lat' dir='ltr'><strong>viros</strong></span> <span class='ocrx_word' id='word_1_889' title='bbox 3271 4945 3443 4999; x_wconf 81' lang='lat' dir='ltr'><strong>collo-</strong></span> 
     </span>
    </p>
   </div>
   <div class='ocr_carea' id='block_1_113' title="bbox 1866 5033 3439 5101">
    <p class='ocr_par' dir='ltr' id='par_1_113' title="bbox 1866 5033 3439 5101">
     <span class='ocr_line' id='line_1_113' title="bbox 1866 5033 3439 5101; baseline -0.006 -1"><span class='ocrx_word' id='word_1_890' title='bbox 1866 5047 2118 5101; x_wconf 88' lang='lat' dir='ltr'><strong>cantibus</strong></span> <span class='ocrx_word' id='word_1_891' title='bbox 2159 5052 2212 5099; x_wconf 91' lang='lat' dir='ltr'><strong>et</strong></span> <span class='ocrx_word' id='word_1_892' title='bbox 2245 5046 2299 5099; x_wconf 92' lang='lat' dir='ltr'><strong>in</strong></span> <span class='ocrx_word' id='word_1_893' title='bbox 2330 5045 2447 5098; x_wconf 90' lang='lat' dir='ltr'><strong>loco</strong></span> <span class='ocrx_word' id='word_1_894' title='bbox 2471 5042 2859 5097; x_wconf 89' lang='lat' dir='ltr'><strong>statuentibus.</strong></span> <span class='ocrx_word' id='word_1_895' title='bbox 2897 5040 3108 5093; x_wconf 82' lang='lat' dir='ltr'><strong>Rursus</strong></span> <span class='ocrx_word' id='word_1_896' title='bbox 3151 5036 3292 5091; x_wconf 89' lang='lat' dir='ltr'><strong>idem</strong></span> <span class='ocrx_word' id='word_1_897' title='bbox 3333 5033 3439 5090; x_wconf 82' lang='lat' dir='ltr'><strong>Do-</strong></span> 
     </span>
    </p>
   </div>
   <div class='ocr_carea' id='block_1_114' title="bbox 1867 5131 3442 5203">
    <p class='ocr_par' dir='ltr' id='par_1_114' title="bbox 1867 5131 3442 5203">
     <span class='ocr_line' id='line_1_114' title="bbox 1867 5131 3442 5203; baseline -0.008 -11"><span class='ocrx_word' id='word_1_898' title='bbox 1867 5139 2050 5193; x_wconf 88' lang='lat' dir='ltr'><strong>minus</strong></span> <span class='ocrx_word' id='word_1_899' title='bbox 2100 5137 2401 5191; x_wconf 84' lang='lat' dir='ltr'><strong>abrasurus</strong></span> <span class='ocrx_word' id='word_1_900' title='bbox 2430 5135 2631 5190; x_wconf 90' lang='lat' dir='ltr'><strong>dicitur</strong></span> <span class='ocrx_word' id='word_1_901' title='bbox 2680 5134 2735 5187; x_wconf 90' lang='lat' dir='ltr'><strong>in</strong></span> <span class='ocrx_word' id='word_1_902' title='bbox 2778 5133 2922 5203; x_wconf 79' lang='lat' dir='ltr'><strong>regis</strong></span> <span class='ocrx_word' id='word_1_903' title='bbox 2961 5131 3312 5202; x_wconf 82' lang='lat' dir='ltr'><strong>Assyriorum</strong></span> <span class='ocrx_word' id='word_1_904' title='bbox 3342 5143 3442 5181; x_wconf 85' lang='lat' dir='ltr'><strong>no-</strong></span> 
     </span>
    </p>
   </div>
   <div class='ocr_carea' id='block_1_115' title="bbox 1866 5219 3440 5297">
    <p class='ocr_par' dir='ltr' id='par_1_115' title="bbox 1866 5219 3440 5297">
     <span class='ocr_line' id='line_1_115' title="bbox 1866 5219 3440 5297; baseline -0.008 -14"><span class='ocrx_word' id='word_1_905' title='bbox 1866 5231 2084 5293; x_wconf 82' lang='lat' dir='ltr'><strong>vacula,</strong></span> <span class='ocrx_word' id='word_1_906' title='bbox 2104 5231 2206 5284; x_wconf 90' lang='lat' dir='ltr'><strong>hoc</strong></span> <span class='ocrx_word' id='word_1_907' title='bbox 2234 5237 2339 5293; x_wconf 88' lang='lat' dir='ltr'><strong>est,</strong></span> <span class='ocrx_word' id='word_1_908' title='bbox 2366 5227 2717 5297; x_wconf 75' lang='lat' dir='ltr'><strong>castigatoria</strong></span> <span class='ocrx_word' id='word_1_909' title='bbox 2748 5226 2797 5279; x_wconf 90' lang='lat' dir='ltr'><strong>vi</strong></span> <span class='ocrx_word' id='word_1_910' title='bbox 2828 5223 3094 5295; x_wconf 88' lang='lat' dir='ltr'><strong>principis</strong></span> <span class='ocrx_word' id='word_1_911' title='bbox 3129 5220 3315 5276; x_wconf 59' lang='grc' dir='ltr'>επιξυιὶ</span> <span class='ocrx_word' id='word_1_912' title='bbox 3338 5219 3440 5271; x_wconf 89' lang='lat' dir='ltr'><strong>bu-</strong></span> 
     </span>
    </p>
   </div>
   <div class='ocr_carea' id='block_1_116' title="bbox 1861 5310 3443 5392">
    <p class='ocr_par' dir='ltr' id='par_1_116' title="bbox 1861 5310 3443 5392">
     <span class='ocr_line' id='line_1_116' title="bbox 1861 5310 3443 5392; baseline -0.009 -15"><span class='ocrx_word' id='word_1_913' title='bbox 1861 5324 1976 5392; x_wconf 88' lang='lat' dir='ltr'><strong>jus,</strong></span> <span class='ocrx_word' id='word_1_914' title='bbox 2001 5330 2167 5392; x_wconf 91' lang='lat' dir='ltr'><strong>caput</strong></span> <span class='ocrx_word' id='word_1_915' title='bbox 2195 5329 2248 5377; x_wconf 94' lang='lat' dir='ltr'><strong>et</strong></span> <span class='ocrx_word' id='word_1_916' title='bbox 2281 5321 2442 5390; x_wconf 90' lang='lat' dir='ltr'><strong>pedes</strong></span> <span class='ocrx_word' id='word_1_917' title='bbox 2470 5328 2523 5374; x_wconf 91' lang='lat' dir='ltr'><strong>et</strong></span> <span class='ocrx_word' id='word_1_918' title='bbox 2558 5318 2809 5383; x_wconf 89' lang='lat' dir='ltr'><strong>barbam,</strong></span> <span class='ocrx_word' id='word_1_919' title='bbox 2841 5332 2952 5371; x_wconf 88' lang='lat' dir='ltr'><strong>non</strong></span> <span class='ocrx_word' id='word_1_920' title='bbox 3003 5312 3231 5369; x_wconf 87' lang='lat' dir='ltr'><strong>alterius</strong></span> <span class='ocrx_word' id='word_1_921' title='bbox 3254 5310 3443 5377; x_wconf 84' lang='lat' dir='ltr'><strong>cujus-</strong></span> 
     </span>
    </p>
   </div>
   <div class='ocr_carea' id='block_1_117' title="bbox 1870 5400 3442 5484">
    <p class='ocr_par' dir='ltr' id='par_1_117' title="bbox 1870 5400 3442 5484">
     <span class='ocr_line' id='line_1_117' title="bbox 1870 5400 3442 5484; baseline -0.006 -17"><span class='ocrx_word' id='word_1_922' title='bbox 1870 5417 2011 5484; x_wconf 87' lang='lat' dir='ltr'><strong>piam</strong></span> <span class='ocrx_word' id='word_1_923' title='bbox 2041 5429 2204 5483; x_wconf 91' lang='lat' dir='ltr'><strong>quam</strong></span> <span class='ocrx_word' id='word_1_924' title='bbox 2255 5427 2449 5467; x_wconf 89' lang='lat' dir='ltr'><strong>rursus</strong></span> <span class='ocrx_word' id='word_1_925' title='bbox 2501 5410 2743 5465; x_wconf 71' lang='lat' dir='ltr'><strong>Judaicae</strong></span> <span class='ocrx_word' id='word_1_926' title='bbox 2770 5408 2969 5479; x_wconf 79' lang='lat' dir='ltr'><strong>gentis,</strong></span> <span class='ocrx_word' id='word_1_927' title='bbox 3000 5406 3105 5459; x_wconf 89' lang='lat' dir='ltr'><strong>hoc</strong></span> <span class='ocrx_word' id='word_1_928' title='bbox 3140 5411 3247 5468; x_wconf 85' lang='lat' dir='ltr'><strong>est,</strong></span> <span class='ocrx_word' id='word_1_929' title='bbox 3279 5400 3442 5472; x_wconf 70' lang='lat'><strong>322</strong></span> 
     </span>
    </p>
   </div>
   <div class='ocr_carea' id='block_1_118' title="bbox 1867 5493 3439 5575">
    <p class='ocr_par' dir='ltr' id='par_1_118' title="bbox 1867 5493 3439 5575">
     <span class='ocr_line' id='line_1_118' title="bbox 1867 5493 3439 5575; baseline -0.009 -15"><span class='ocrx_word' id='word_1_930' title='bbox 1867 5513 2251 5560; x_wconf 89' lang='lat' dir='ltr'><strong>ornamentum</strong></span> <span class='ocrx_word' id='word_1_931' title='bbox 2275 5511 2329 5560; x_wconf 91' lang='lat' dir='ltr'><strong>et</strong></span> <span class='ocrx_word' id='word_1_932' title='bbox 2362 5504 2593 5575; x_wconf 81' lang='lat' dir='ltr'><strong>gloriam</strong></span> <span class='ocrx_word' id='word_1_933' title='bbox 2625 5502 2911 5556; x_wconf 85' lang='lat' dir='ltr'><strong>ablaturus</strong></span> <span class='ocrx_word' id='word_1_934' title='bbox 2962 5514 3057 5570; x_wconf 87' lang='lat' dir='ltr'><strong>per</strong></span> <span class='ocrx_word' id='word_1_935' title='bbox 3105 5510 3319 5562; x_wconf 85' lang='lat' dir='ltr'><strong>eorum,</strong></span> <span class='ocrx_word' id='word_1_936' title='bbox 3345 5493 3439 5564; x_wconf 83' lang='lat' dir='ltr'><strong>qui</strong></span> 
     </span>
    </p>
   </div>
   <div class='ocr_carea' id='block_1_119' title="bbox 1872 5591 3438 5667">
    <p class='ocr_par' dir='ltr' id='par_1_119' title="bbox 1872 5591 3438 5667">
     <span class='ocr_line' id='line_1_119' title="bbox 1872 5591 3438 5667; baseline -0.008 -16"><span class='ocrx_word' id='word_1_937' title='bbox 1872 5599 2130 5653; x_wconf 88' lang='lat' dir='ltr'><strong>universo</strong></span> <span class='ocrx_word' id='word_1_938' title='bbox 2178 5598 2489 5667; x_wconf 87' lang='lat' dir='ltr'><strong>imperant,</strong></span> <span class='ocrx_word' id='word_1_939' title='bbox 2525 5596 2912 5666; x_wconf 79' lang='lat' dir='ltr'><strong>principatum.</strong></span> <span class='ocrx_word' id='word_1_940' title='bbox 2953 5591 3063 5646; x_wconf 87' lang='lat' dir='ltr'><strong>Hos</strong></span> <span class='ocrx_word' id='word_1_941' title='bbox 3092 5598 3273 5645; x_wconf 86' lang='lat' dir='ltr'><strong>autem</strong></span> <span class='ocrx_word' id='word_1_942' title='bbox 3327 5601 3438 5641; x_wconf 85' lang='lat' dir='ltr'><strong>non</strong></span> 
     </span>
    </p>
   </div>
   <div class='ocr_carea' id='block_1_120' title="bbox 1871 5679 3436 5761">
    <p class='ocr_par' dir='ltr' id='par_1_120' title="bbox 1871 5679 3436 5761">
     <span class='ocr_line' id='line_1_120' title="bbox 1871 5679 3436 5761; baseline -0.008 -17"><span class='ocrx_word' id='word_1_943' title='bbox 1871 5692 2008 5746; x_wconf 85' lang='lat' dir='ltr'><strong>alios</strong></span> <span class='ocrx_word' id='word_1_944' title='bbox 2043 5706 2205 5761; x_wconf 84' lang='lat' dir='ltr'><strong>quam</strong></span> <span class='ocrx_word' id='word_1_945' title='bbox 2237 5688 2516 5747; x_wconf 81' lang='lat' dir='ltr'><strong>Romanos</strong></span> <span class='ocrx_word' id='word_1_946' title='bbox 2543 5706 2665 5747; x_wconf 78' lang='lat' dir='ltr'><strong>esse</strong></span> <span class='ocrx_word' id='word_1_947' title='bbox 2695 5688 2893 5745; x_wconf 80' lang='lat' dir='ltr'><strong>innuit.</strong></span> <span class='ocrx_word' id='word_1_948' title='bbox 2923 5685 3151 5741; x_wconf 85' lang='lat' dir='ltr'><strong>Nomine</strong></span> <span class='ocrx_word' id='word_1_949' title='bbox 3164 5681 3309 5738; x_wconf 86' lang='lat' dir='ltr'><strong>enim</strong></span> <span class='ocrx_word' id='word_1_950' title='bbox 3336 5679 3436 5734; x_wconf 75' lang='lat' dir='ltr'><strong>As-</strong></span> 
     </span>
    </p>
   </div>
  </div>
