3828 6220
401 323 514 407 503'

1051 347 1330 421 EUSEBII
1370 347 1854 408 CESARIENSIS
1885 350 2034 408 OPP.
2065 349 2252 409 PARS
2290 352 2359 407 11.
2399 385 2467 394 -
2505 351 3007 409 APOLOGETICA.

3544 353 3648 410 501

400 467 505 522 bus
562 463 654 519 hic
707 478 891 520 sermo
932 472 1040 520 est.
1093 466 1339 532 Quorum
1401 476 1603 523 terram
1636 466 1817 522 Achaz
1876 467 1959 527 fa-

2070 469 2249 541 ψυχῆς
2275 469 2650 539 βασιλεύοντος
2668 510 2681 531 ,
2704 472 2752 522 ot
2783 472 2910 541 πρὶν
2945 470 3359 539 ἀποπεφεύγασι
3383 471 3649 542 πολέμιοι.

402 556 658 613 sti‘diebat
719 555 835 610 sive
888 554 1309 613 abominahatur
1350 558 1638 625 laborans,
1672 558 1787 613 sive
1834 560 1976 613 mala

401 648 618 719 patiens
647 647 717 703 ab
768 661 855 702 ea.
885 646 1120 713 Quando
1149 649 1335 720 igitur,
1364 664 1581 720 quaeso,
1626 649 1732 704 hoc
1771 649 1975 704 factum

397 742 523 800 est?
548 741 645 797 llis
673 742 817 797 enim
844 742 1112 798 confectis
1141 782 1156 807 ,
1193 758 1420 799 necesse
1439 748 1524 797 est
1577 756 1807 812 prorsus
1851 757 1973 796 eam

398 833 695 905 prophetiae
750 841 985 905 partem,
1016 834 1084 891 de
1114 849 1221 905 qua
1251 835 1340 888 hic
1378 835 1583 889 dictum
1613 841 1727 896 est,
1764 833 1831 887 ad
1858 837 1975 888 exi-

398 934 513 981 tum
548 926 884 997 pervenisse,
900 928 1006 982 hoc
1021 934 1106 983 est
1134 925 1434 999 Virginem,
1459 926 1747 981 nobiscum
1781 924 1969 991 Deum,

396 1018 695 1088 peperisse.
725 1015 792 1070 Et
814 1032 951 1073 sane
979 1024 1198 1073 constat
1235 1017 1378 1087 apud
1406 1032 1501 1072 eos
1530 1018 1625 1087 qui
1650 1032 1759 1072 non
1788 1017 1973 1072 indili-

399 1118 586 1178 genter
611 1109 877 1166 historias
925 1110 1353 1180 exploraverim,
1385 1109 1840 1178 quemadmodum
1878 1127 1973 1167 us-

395 1215 504 1270 que
540 1200 608 1253 ad
630 1207 879 1269 tempora
910 1200 1210 1257 Salvatoris
1243 1202 1417 1256 nostri
1449 1200 1579 1257 Iesu
1617 1201 1845 1266 Christi,
1882 1218 1970 1257 re-

394 1309 489 1365 ges
536 1293 789 1349 Damasci
834 1308 863 1347 a
896 1293 1197 1363 majoribus
1222 1294 1339 1350 suis
1372 1304 1651 1364 acceptum
1682 1295 1968 1365 imperium

393 1386 693 1442 tenuerint.
743 1384 876 1439 Nam
934 1394 1159 1443 sanctus
1206 1403 1425 1457 quoque
1474 1386 1767 1455 Apostolus
1793 1388 1969 1443 Aretes

392 1477 855 1532 Damascenorum
880 1479 1023 1549 regis
1046 1479 1313 1544 meminit,
1345 1488 1399 1534 et
1429 1477 1672 1534 Iudaicae
1703 1480 1879 1549 gentis
1900 1481 1967 1534 ad

391 1570 526 1626 illud
553 1585 727 1639 usque
751 1578 985 1640 tempus,
1019 1571 1270 1641 quamvis
1296 1571 1668 1626 inordinatum
1690 1579 1744 1627 et
1772 1581 1968 1643 praeter

389 1665 560 1736 leges,
595 1678 825 1732 regnum
857 1665 1132 1719 manebat.
1164 1663 1284 1718 Non
1325 1665 1473 1719 enim
1509 1681 1539 1717 a
1568 1680 1770 1733 genere
1795 1665 1964 1720 David

391 1766 485 1810 aut
516 1757 780 1821 Herodes,
810 1764 904 1811 aut
934 1757 1026 1826 qui
1062 1764 1187 1827 post
1217 1755 1509 1820 llerodem,
1540 1757 1843 1813 Salvatoris
1865 1774 1965 1813 no—

388 1848 490 1903 s:ri
523 1848 860 1918 temporibus
886 1847 1238 1911 exstiterunt,
1267 1847 1420 1917 regni
1472 1862 1850 1903 successorem
1884 1848 1965 1905 fe-

388 1938 604 1994 rebant.
636 1939 706 1992 At
754 1952 885 1992 vero
915 1944 1039 2007 post
1085 1936 1207 2007 ejus
1258 1939 1558 2003 advintum,
1612 1950 1840 2011 postque
1894 1940 1963 1996 de

389 2028 613 2102 Virgine
656 2030 766 2084 nati
801 2030 1172 2099 evangelicam
1216 2029 1272 2083 in
1303 2044 1495 2085 omnes
1541 2029 1792 2086 homines
1823 2047 1959 2101 pra!-

388 2122 739 2184 dicationem,
767 2131 910 2177 terra
932 2121 1195 2176 continuo
1243 2136 1273 2175 a
1309 2120 1449 2177 facie
1504 2122 1739 2177 duorum
1769 2139 1959 2196 regum

385 2215 581 2271 relicta
604 2223 706 2270 est.
733 2212 867 2268 Nam
912 2228 977 2268 ex
1008 2214 1100 2268 illo
1148 2229 1270 2268 cum
1303 2212 1533 2269 Romani
1554 2216 1797 2271 omnium
1830 2234 1961 2288 gen-

384 2307 522 2361 tium
576 2304 863 2375 imperium
893 2303 1300 2368 obtinuissent,
1353 2304 1567 2360 solutus
1599 2306 1819 2377 quidem
1872 2314 1959 2363 est

384 2398 565 2454 omnis
591 2414 686 2468 per
719 2397 932 2467 singula
961 2396 1117 2464 loca,
1148 2405 1257 2450 tam
1289 2397 1530 2467 gentium
1563 2411 1727 2467 quam
1762 2397 1959 2452 civita-

383 2500 499 2544 tum
551 2490 912 2561 principatus,
963 2488 1234 2559 ﬁnemque
1272 2504 1380 2543 una
1411 2504 1535 2543 cum
1566 2489 1756 2545 multis
1809 2490 1953 2556 aliis,

383 2582 549 2637 etiam
578 2597 642 2638 ea
669 2597 792 2653 quae
810 2580 886 2635 ‘ad
921 2588 1241 2651 praesentem
1269 2580 1612 2651 prophetiam
1656 2581 1953 2652 pertinent,

384 2675 580 2730 sortita
624 2682 773 2729 sunt.
805 2673 871 2727 Et
898 2674 1015 2728 haec
1045 2673 1265 2743 quidem
1298 2673 1365 2728 ad
1416 2674 1645 2729 verbum
1680 2675 1956 2745 interpre-

382 2767 625 2821 tantibus
645 2765 790 2821 dicta
814 2767 942 2821 sint.
966 2764 1046 2819 Ad
1079 2781 1299 2821 sensum
1328 2781 1457 2820 vero
1484 2766 1540 2819 in
1561 2766 1708 2821 hunc
1730 2766 1954 2821 modum

382 2859 599 2913 dicatur
624 2873 639 2910 :
660 2858 826 2927 hujus
859 2857 1159 2927 prophetia:
1190 2857 1353 2911 verba
1387 2856 1569 2912 omnis
1595 2860 1795 2912 anima:
1833 2873 1955 2928 qua:

379 2950 548 3007 Deum
564 2952 712 3007 hunc
728 2962 937 3017 natum,
960 2947 1735 3020 ipsum,inquam,Emmanuel
1765 2963 1954 3005 susce-

377 3042 1144 3111 perit,stabiles,tranquillos,
1158 3039 1417 3110 paciﬁcos
1428 3039 1735 3110 signiﬁcare
1749 3054 1949 3096 mores.

2062 562 2168 617 ⁸δύο
2210 563 2402 634 τρόποι
2435 562 2776 624 δυσσεϐείας,
2811 563 2840 615 ὃ
2867 579 2927 615 τε
2960 561 3059 633 τὴν
3093 559 3533 633 είδωλολατρείαν
3553 581 3650 621 και

2074 654 2173 726 τὴν
2199 656 2256 707 ὲν
2290 654 2649 726 πολυτρόποις
2680 654 2943 725 δόγμασιν
2976 652 3308 725 ἑτεροδοξίαν
3337 654 3650 710 ὑποϐάλλων

2076 746 2402 818 ἀνθρώποις,
2440 746 2535 799 καὶ
2571 749 2600 801 ὁ
2629 746 2726 817 τὴν
2758 749 2815 799 ἐν
2844 745 2999 816 ἤθεσι
3030 744 3358 817 διαστροφὴν
3391 747 3648 817 ἐνεργῶν.

2075 837 2290 891 Τούτων
2315 837 2373 890 δὲ
2400 833 2492 891 οὖν
2516 836 2708 906 ἔφερον
2728 839 2777 890 οἱ
2809 836 2975 890 πάλαι
3002 835 3162 905 δηλού
3171 852 3324 906 μενοι
3351 839 3652 907 σωματικοὶ

2076 926 2313 995 βασιλεῖς
2347 928 2416 980 τὰ
2468 927 2713 997 σύμϐολα
2735 945 2750 958 ·
2797 923 2874 981 ὧν
2921 929 2951 981 δ
2999 928 3096 998 μὲν
3141 930 3518 999 Δαμασκηνῶν
3549 930 3651 998 τῆς

2072 1019 2179 1073 τῶν
2227 1020 2398 1073 ὲθνῶν
2452 1021 2580 1093 περὶ
2620 1022 2692 1075 τά
2736 1020 2928 1074 εἴδωλα
2970 1019 3175 1091 πλάνης
3214 1020 3378 1074 εἰκὼν
3422 1017 3513 1093 ἦν,
3545 1025 3575 1076 ό
3605 1022 3663 1075 δ’⁸

2071 1112 2257 1183 ἔτερος
2299 1114 2408 1166 τῶν
2450 1114 2800 1167 ἀποστάντων
2849 1114 2949 1183 τῆς
3012 1113 3400 1184 Ἰερουσαλὴμ,
3450 1113 3650 1185 δηλαδὴ

2070 1203 2177 1256 τῶν
2211 1205 2685 1258 άποπεπτωκὸτων
2722 1205 2821 1274 τῆς
2863 1204 3003 1257 κατὰ
3048 1204 3141 1257 τὸν
3186 1206 3350 1276 νόμον
3382 1204 3476 1259 τοῦ
3516 1204 3651 1257 Θεοῦ

2071 1292 2341 1366 λατρείας.
2397 1298 2517 1349 Ὅτι
2574 1297 2631 1350 δὲ
2678 1295 2850 1349 ταῦτα
2900 1296 3043 1349 κατὰ
3085 1296 3325 1350 διάνοιαν
3374 1296 3653 1368 τροπικῶς

2069 1386 2429 1456 ἀποδέχεσθαι
2470 1388 2771 1460 προσήκει,
2823 1387 2981 1459 μάθοι
3012 1389 3077 1442 ἄν
3121 1404 3205 1452 τις
3245 1389 3339 1441 καὶ
3385 1388 3495 1441 άπὸ
3543 1388 3653 1441 τῶν

2069 1478 2196 1549 ἑξῆς
2228 1480 2629 1550 ἐπιλεγομένων
2649 1520 2664 1544 ,
2687 1481 2753 1533 δι’
2782 1474 2858 1533 ὧν
2890 1481 2948 1531 ὲν
2981 1482 3047 1550 τῇ
3080 1478 3265 1551 ἡμέρᾳ
3297 1480 3394 1532 τοῦ
3438 1480 3656 1550 Ἐμμα-

2068 1570 2229 1641 νουὴλ
2281 1572 2440 1642 μυίας
2477 1572 2632 1635 τινας
2679 1573 2775 1625 καὶ
2823 1572 3081 1643 μελίσσας
3126 1569 3520 1624 ἐπελεύσεσθαι
3574 1569 3651 1640 τῷ

2080 1660 2344 1714 Ἰουδαίων
2387 1661 2529 1715 ἔθνει
2568 1665 2665 1717 καὶ
2710 1665 2738 1715 ὁ
2771 1663 2928 1731 λόγος
2968 1662 3245 1729 θεσπίζει,
3280 1663 3380 1725 τὰς
3416 1661 3519 1733 μὲν
3556 1661 3654 1713 ἀπ’

2064 1750 2363 1817 Αἰγύπτου,
2398 1751 2497 1815 τὰς
2523 1752 2579 1805 δὲ
2611 1751 2719 1805 ἀπὸ
2746 1751 2853 1805 τῶν
2889 1752 3183 1823 Ἀσσυρίων
3204 1791 3219 1813 ,
3242 1752 3342 1822 τὴν
3383 1750 3652 1821 κεφαλὴν,

2067 1846 2161 1900 καὶ
2220 1848 2348 1910 τοὺς
2402 1847 2565 1910 πόδας
2588 1887 2601 1908 ,
2651 1849 2747 1900 καὶ
2796 1847 2889 1899 τὸν
2951 1845 3187 1914 πώγωνα
3234 1843 3608 1915 ἁποξυρήσειν
3635 1861 3650 1874 ·

2062 1937 2347 2009 ἄνθρωπον
2376 1938 2431 1991 δὲ
2462 1934 2695 2010 δάμαλιν
2721 1938 2880 2009 βοῶν,
2903 1940 2997 1992 καὶ
3017 1938 3111 1991 δύο
3144 1937 3385 2010 πρόϐατα
3403 1936 3651 2008 θρέψειν,

2062 2029 2154 2081 καὶ
2186 2028 2320 2081 ἄλλα
2348 2029 2469 2083 τινὰ
2495 2029 2615 2082 καθ’
2639 2029 2737 2083 ἕνα
2771 2029 2864 2081 καὶ
2894 2028 2986 2080 τὸν
3015 2028 3176 2081 αὐτὸν
3207 2028 3399 2099 χρόνον
3428 2024 3653 2078 ἔσεσθαι

2059 2119 2306 2189 οὐδαμῶς
2352 2120 2488 2191 πρὸς
2510 2118 2652 2183 λέξιν
2673 2120 2961 2190 νοούμενα,
2979 2118 3124 2172 κατὰ
3146 2118 3313 2189 μόνην
3333 2116 3390 2170 δὲ
3410 2116 3651 2170 διάνοιαν

2059 2210 2426 2282 θεωρούμενα.
2474 2211 2659 2266 Ταῦτα
2718 2212 2818 2283 μὲν
2865 2207 2961 2265 οὖν
3015 2210 3277 2265 τοιαῦτα·
3312 2211 3465 2274 ὅπως
3498 2210 3560 2263 δὲ
3614 2211 3651 2279 ἠ

2060 2303 2309 2373 παροῦσα
2371 2303 2557 2375 γραφὴ
2622 2304 2725 2374 τῆς
2782 2303 2879 2357 τοῦ
2946 2303 3193 2374 Σωτῆρος
3245 2302 3407 2374 ἡμῶν
3470 2301 3652 2370 Ἰησοῦ

2057 2395 2294 2466 Χριστοῦ
2327 2397 2594 2465 γενέσεως
2628 2398 3001 2468 προεσήμαινε
3035 2396 3125 2449 τὸν
3163 2394 3363 2464 τρόπον
3386 2434 3402 2458 ,
3439 2411 3650 2465 μαρτυ-

2060 2490 2213 2559 ρήσει
2263 2481 2365 2541 ὧδέ
2395 2504 2512 2551 πως
2544 2490 2572 2541 ὁ
2614 2486 3005 2559 εύαγγελιστὴς
3048 2486 3276 2556 γράφων
3302 2502 3317 2515 ⁸
3375 2486 3394 2537 ὁ
3429 2484 3541 2538 Τοῦ
3590 2484 3650 2538 δὲ

2068 2579 2239 2650 Ἰησοῦ
2273 2579 2510 2650 Χριστοῦ
2543 2582 2577 2649 ἡ
2609 2580 2824 2648 γένεσις
2867 2578 3039 2643 οὕτως
3068 2575 3137 2650 ἦν
3159 2595 3172 2607 ο
3199 2577 3650 2647 Μνηστευθείσης

2054 2671 2163 2742 γὰρ
2208 2671 2307 2741 τῆς
2344 2672 2548 2742 μητρὸς
2590 2672 2753 2725 αὐτοῦ
2794 2672 3013 2743 Μαρίας
3058 2670 3138 2742 τῷ
3182 2670 3416 2741 Ἰωσὴφ,
3443 2671 3579 2740 πρὶν
3612 2667 3647 2738 ἢ

2058 2763 2330 2817 συνελθεῖν
2353 2764 2570 2826 αὐτοὺς,
2596 2763 2793 2836 εύρὲθη
2828 2767 2887 2818 ὲν
2919 2764 3116 2836 γαστρὶ
3143 2762 3343 2835 ἔχουσα
3374 2764 3444 2815 ὲκ
3470 2761 3646 2814 Πνεύ-

2057 2874 2224 2927 ματος
2256 2857 2431 2927 ἁγίου.
2480 2857 2676 2928 Ἰωσὴφ
2706 2857 2763 2911 δὲ
2794 2859 2823 2910 ὁ
2851 2857 2992 2929 ἀνὴρ
3024 2858 3193 2929 αὐτῆς
3212 2896 3227 2921 ,
3272 2856 3487 2919 δίκαιος
3537 2854 3646 2919 ὣν,

2052 2949 2149 3003 καὶ
2198 2949 2274 3021 μὴ
2337 2948 2507 3002 θέλων
2559 2950 3057 3022 παραδειγματίσαι
3117 2948 3288 3020 αὐτὴν
3310 2991 3326 3014 ,
3371 2933 3645 3019 ἐϐουλήθη

2051 3040 2223 3113 λάθρα
2243 3040 2507 3095 ἀπολῦσαι
2529 3041 2721 3113 αύτήν.
2745 3040 2928 3095 Ταῦτα
2951 3041 3008 3095 δὲ
3028 3040 3192 3095 αὑτοῦ
3219 3040 3641 3113 ἐνθυμηθέντος,

380 3130 502 3188 Uno
528 3135 671 3188 enim
688 3132 929 3195 Christo,
956 3140 1010 3187 et
1039 3148 1103 3187 eo
1127 3133 1271 3202 quod
1295 3131 1363 3186 ab
1385 3132 1504 3202 ipso
1525 3131 1836 3185 nuntiatum
1866 3138 1952 3187 est

2068 3134 2164 3188 ,δοὺ
2190 3132 2417 3203 ἄγγελος
2438 3133 2644 3206 Κυρίου
2677 3135 2796 3187 κατ’
2818 3134 2952 3205 όναρ
2981 3133 3230 3203 φαίνεται
3265 3133 3415 3203 αὐτῷ
3442 3133 3641 3202 λέγων’

376 3225 566 3287 verbo,
601 3224 851 3278 humanae
881 3224 1075 3278 animae
1098 3224 1383 3293 imperium
1414 3223 1712 3288 obtinente,
1738 3223 1950 3294 priores

378 3316 499 3385 ejus
513 3317 716 3380 hostes,
735 3314 844 3370 duo
859 3316 1152 3386 impietatis
1166 3317 1309 3371 modi
1332 3316 1501 3387 fugati
1521 3324 1650 3372 sunt
1678 3334 1694 3371 :
1714 3332 1857 3373 unus
1877 3318 1947 3383 is,

378 3409 473 3477 qui
499 3415 552 3461 et
584 3407 1006 3463 simulacrorum
1037 3410 1268 3473 cultum,
1298 3416 1353 3464 et
1383 3409 1440 3464 in
1475 3410 1813 3465 multimodis
1831 3410 1950 3480 opi-

373 3499 639 3555 nionibus
664 3499 1035 3555 diversitatem
1065 3500 1380 3556 hominibus
1409 3501 1739 3571 suggerebat
1764 3520 1779 3557 :
1808 3502 1951 3557 alter

376 3592 448 3658 is,
503 3593 596 3664 qui
619 3592 674 3647 in
704 3592 951 3648 moribus
981 3593 1391 3662 perversitatem
1419 3594 1772 3663 propagabat.
1808 3593 1945 3648 Nam

374 3686 437 3749 ii,
460 3685 554 3755 qui
579 3684 710 3739 dicti
744 3688 873 3740 sunt
904 3685 1219 3755 corporales
1252 3698 1429 3755 reges.
1460 3683 1655 3739 horum
1684 3696 1843 3742 notas
1892 3695 1949 3740 et

376 3777 531 3848 signa
561 3776 867 3847 gestabant,
892 3792 923 3832 e
950 3776 1150 3847 quibus
1179 3791 1324 3832 unus
1368 3775 1722 3834 Damascenis
1770 3778 1947 3848 imper.

2067 3224 2262 3295 Ἰωσὴφ
2320 3225 2436 3289 υίὸς
2491 3224 2657 3278 Δαυῒδ
2675 3264 2690 3287 ,
2744 3225 2816 3296 μὴ
2861 3224 3106 3296 φοϐηθῇς
3139 3224 3483 3296 παραλαϐεῖν
3522 3227 3645 3280 Μα-

2056 3316 2192 3388 ριὰμ
2224 3316 2321 3388 τὴν
2352 3318 2589 3386 γυναῖκά
2628 3334 2743 3370 σου.
2774 3317 2848 3369 Τὸ
2880 3316 2989 3389 γὰρ
3020 3317 3078 3369 ὲν
3105 3318 3243 3388 αὐτῇ
3275 3316 3543 3387 γεννηθὲν
3578 3320 3644 3371 ἐκ

2054 3407 2370 3479 Πνεύματός
2399 3410 2547 3462 ἐστιν
2574 3409 2753 3477 ἁγίου.
2782 3407 3007 3472 Τέξεται
3028 3407 3085 3461 δὲ
3110 3409 3245 3473 υίὸν,
3270 3409 3366 3461 καὶ
3383 3408 3663 3475 ειιαλιέσεις¹

2052 3499 2114 3553 τὸ
2139 3499 2309 3570 ὄνομα
2341 3499 2505 3553 αὐτοῦ
2546 3498 2773 3571 Ἰησοῦν.
2814 3500 2987 3563 Αὐτὸς
3022 3497 3132 3571 γὰρ
3176 3498 3340 3552 σώσει
3380 3499 3476 3552 τὸν
3508 3499 3644 3553 λαὸν

2053 3590 2219 3644 αὑτοῦ
2257 3591 2366 3645 ἀπὸ
2408 3590 2515 3645 τῶν
2563 3590 2846 3666 ἁμαρτιῶν
2889 3589 3088 3644 αὐτῶν.
3131 3609 3151 3643 ι
3196 3590 3368 3644 Τοῦτο
3417 3591 3477 3644 δὲ
3516 3592 3643 3645 ὅλον

2052 3683 2303 3751 γέγονεν,
2338 3684 2428 3737 ἵνα
2451 3682 2711 3754 πληρωθῇ
2745 3681 2807 3736 τὸ
2842 3682 3005 3754 ῥηθὲν
3038 3681 3144 3736 ὑπὸ
3165 3680 3267 3735 τοῦ
3295 3681 3509 3753 Κυρίου
3548 3683 3645 3737 διὰ

2051 3775 2146 3829 τοῦ
2171 3776 2447 3846 προφήτου
2468 3775 2720 3844 λέγοντος
2757 3793 2769 3804 ·
2810 3774 2940 3829 Ἰδοὺ
2990 3776 3023 3846 ἡ
3047 3773 3320 3845 Παρθένος
3351 3776 3411 3827 ὲν
3433 3774 3643 3847 γαστρὶ

374 3883 527 3932 rans,
572 3869 801 3934 erroris,
841 3884 950 3939 quo
980 3869 1034 3923 in
1069 3868 1383 3924 simulacris
1441 3869 1686 3924 colendis
1755 3878 1945 3939 gentes

2068 3867 2298 3940 ιήψεται,
2332 3868 2427 3921 καὶ
2458 3868 2671 3932 τέξεται
2698 3867 2833 3932 υἱὸν,
2855 3868 2952 3921 καὶ
2974 3866 3223 3930 καλέσεις
3250 3865 3314 3920 τὸ
3337 3866 3512 3938 ὃνομα
3537 3869 3641 3920 αύ-

373 3960 722 4023 tenebantur,
749 3966 865 4015 erat
896 3960 1073 4030 imago
1101 3977 1117 4015 :
1150 3960 1289 4014 alter
1308 3974 1436 4014 vero
1476 3974 1688 4023 eorum,
1737 3960 1831 4030 qui
1874 3960 1943 4014 ab

2068 3960 2143 4014 ποῦ
2161 3961 2215 4013 Ἐ
2223 3959 2524 4031 μμανουὴλ,
2543 3962 2571 4014 ὅ
2587 3962 2701 4013 ἐστι
2725 3957 3286 4030 μεθερμηνευόμενον,
3303 3957 3436 4027 μεθ’
3460 3958 3641 4026 ἡμῶν

371 4049 672 4105 Ierusalem
707 4049 1040 4115 defecerant,
1084 4050 1177 4120 qui
1223 4049 1473 4105 videlicet
1505 4065 1536 4104 a
1579 4048 1674 4105 Dei
1705 4051 1946 4122 legitima

2068 4055 2087 4107 5
2114 4054 2277 4118 Θεός.
2293 4072 2309 4103 ι
2324 4051 2479 4105 Οὕτω
2502 4052 2565 4123 δὴ
2588 4051 2869 4122 καθ’ήμᾶς
2884 4050 2953 4104 τὰ
2972 4050 3071 4120 τῆς
3101 4050 3251 4114 θείας
3270 4049 3640 4122 προγνώσεως

374 4142 696 4199 adoratione
742 4142 1080 4208 deciderant,
1140 4143 1369 4214 ﬁgurate
1411 4159 1703 4215 personam
1758 4160 1947 4216 gerere

2068 4143 2163 4197 ὶπὸ
2196 4144 2293 4214 τῆς
2323 4142 2432 4195 τῶν
2455 4143 2797 4215 πραγμάτων
2826 4141 3107 4206 ἐκϐάσεως
3120 4143 3427 4205 πιστοῦται,
3458 4140 3641 4206 άλλως

368 4233 674 4289 videbatur.
696 4234 860 4306 320
892 4234 1047 4301 Quod
1081 4251 1211 4291 vero
1256 4235 1371 4291 hac
1416 4236 1484 4289 ad
1513 4251 1736 4291 sensum
1766 4252 1834 4291 ex
1889 4234 1951 4290 ﬁ-

2068 4238 2157 4290 >ύκ
2196 4235 2263 4289 ἂν
2288 4235 2390 4306 τῆς
2430 4234 2768 4305 προφητείας
2811 4234 3045 4306 ἀληθοῦς
3076 4233 3637 4306 ἀποφανθησομένης.

367 4342 503 4399 gura
535 4327 783 4396 accipere
824 4332 1091 4396 Oporteat,
1129 4327 1328 4396 poterit
1359 4326 1632 4397 quispiam
1660 4328 1822 4382 etiam
1848 4344 1916 4383 ex
1954 4327 2022 4382 iis
2046 4343 2168 4398 quae
2198 4335 2503 4397 sequuntur
2530 4327 2837 4392 addiscere,
2876 4328 2969 4382 ubi
2997 4328 3053 4382 in
3082 4326 3277 4382 diebus
3304 4324 3638 4384 Emmanuel

368 4437 590 4477 muscas
609 4421 873 4492 quasdam
896 4430 1058 4493 atque
1081 4438 1232 4493 apes,
1261 4421 1543 4477 Iudaicam
1573 4430 1787 4493 gentem
1821 4423 2112 4479 invasuras
2153 4423 2437 4478 oraculum
2476 4423 2645 4487 canit,
2681 4423 2820 4479 alias
2849 4423 3070 4493 quidem
3106 4424 3177 4478 ab
3206 4421 3468 4495 Egypto,
3492 4425 3640 4482 alias

368 4521 551 4568 autem
577 4512 645 4568 ab
670 4513 934 4586 Assyriis,
953 4524 1115 4585 caput
1145 4531 1209 4570 ac
1236 4514 1401 4587 pedes
1426 4523 1480 4571 et
1500 4515 1725 4570 barbam
1744 4515 2034 4571 Dominum
2071 4516 2418 4580 abrasurum,
2450 4516 2728 4572 hominem
2757 4531 2889 4571 vero
2917 4518 3209 4584 juvencam
3234 4517 3399 4572 boum
3421 4525 3478 4573 et
3492 4518 3638 4575 duas

382 4622 513 4662 oves
530 4608 886 4675 uutriturum,
906 4616 959 4663 et
988 4609 1092 4663 alia
1116 4611 1361 4679 quaedam
1388 4611 1491 4665 sub
1519 4626 1688 4665 unum
1722 4622 1885 4682 atque
1911 4614 2053 4668 idem
2088 4621 2303 4683 tempus
2332 4611 2535 4678 futura,
2558 4626 2680 4683 qua:
2702 4612 2855 4665 nullo
2888 4610 3049 4666 modo
3070 4612 3138 4666 ad
3160 4613 3383 4667 verbum
3401 4613 3638 4685 intelligi

366 4708 619 4771 possunt,
640 4700 733 4755 sed
759 4701 826 4755 ad
842 4716 1062 4756 sensum
1087 4701 1351 4756 duntaxat
1386 4703 1703 4775 accipienda
1727 4706 2075 4773 sunt;ethaac
2107 4707 2325 4777 quidem
2355 4707 2408 4761 in
2426 4706 2574 4760 hunc
2596 4704 2815 4760 modum
2840 4720 2899 4759 se
2924 4704 3145 4761 habent.
3174 4702 3331 4771 Quod
3354 4714 3537 4761 autem
3569 4723 3635 4762 ea

367 4808 488 4862 qua:
510 4794 589 4849 sic
607 4795 809 4863 scripta
830 4793 1286 4857 sunt,Salvatoris
1313 4798 1487 4851 nostri
1513 4794 1641 4852 Iesu
1685 4797 1889 4852 Christi
1924 4799 2145 4854 modum
2177 4799 2438 4853 nascendi
2480 4797 2932 4869 signiﬁcaverim,
2981 4796 3098 4867 ipse
3146 4798 3487 4868 evangelista
3525 4799 3633 4855 hoc

364 4896 526 4954 pacto
564 4887 888 4939 testihcatur
917 4887 1164 4943 scribens
1189 4908 1203 4943 :
1241 4907 1259 4939 ι
1292 4888 1416 4944 Iesu
1444 4889 1647 4945 Christi
1678 4900 1856 4946 autem
1896 4892 2177 4963 generatio
2198 4893 2280 4948 sic
2312 4899 2432 4947 erat
2461 4891 2629 4947 :Cum
2645 4900 2792 4946 esset
2815 4891 3147 4960 desponsata
3166 4900 3342 4947 mater
3366 4894 3489 4962 ejus
3518 4892 3633 4947 Ma-

363 4976 447 5029 ria
497 4975 729 5045 Ioseph,
782 4985 1072 5047 antequam
1131 4981 1505 5049 convenirent,
1538 4984 1758 5038 inventa
1797 4990 1883 5039 est
1924 4985 1981 5037 in
2022 4992 2180 5039 utero
2224 4984 2432 5039 habens
2481 4984 2550 5038 de
2587 4983 2792 5054 Spiritu
2836 4992 3046 5037 sancto.
3091 4980 3293 5052 Ioseph
3329 4994 3514 5039 autem
3547 4985 3633 5038 vir

363 5076 507 5141 ejus,
548 5087 674 5127 cum
723 5081 870 5128 esset
894 5074 1101 5143 justus,
1151 5083 1207 5132 et
1235 5078 1405 5132 nollet
1428 5093 1546 5132 eam
1583 5060 1890 5141 traducere,
1933 5079 2105 5133 voluit
2133 5080 2347 5136 occulte
2382 5079 2658 5135 dimittere
2687 5094 2827 5132 eam.
2868 5075 2992 5131 Haec
3021 5085 3202 5131 autem
3233 5092 3301 5131 eo
3327 5080 3628 5149 cogitante,

360 5180 493 5221 ecce
519 5166 759 5236 Angelus
795 5166 1008 5224 Domini
1051 5172 1108 5225 in
1149 5173 1357 5227 somnis
1397 5182 1620 5244 apparet
1649 5175 1701 5229 ei
1729 5174 1954 5230 dicens:
1985 5174 2185 5246 Ioseph
2215 5176 2288 5229 [ili
2333 5173 2527 5238 David,
2561 5173 2673 5228 noli
2703 5173 2898 5227 timere
2928 5173 3177 5242 accipere
3215 5172 3448 5228 Mariam
3494 5190 3628 5229 con-

356 5257 540 5327 jugem
569 5263 742 5313 tualu.
772 5257 928 5325 Quod
958 5261 1104 5315 enim
1129 5262 1184 5317 in
1204 5279 1267 5319 ea
1291 5265 1532 5335 genitum
1547 5277 1651 5329 est,
1691 5266 1758 5322 de
1808 5265 2015 5337 Spiritu
2047 5275 2238 5321 sancto
2265 5275 2369 5323 est.
2408 5265 2592 5321 Pariet
2621 5274 2805 5319 autem
2841 5264 3012 5318 tilium
3032 5303 3046 5328 ,
3074 5273 3130 5319 et
3165 5266 3393 5322 vocabis
3428 5283 3629 5324 nomen

358 5346 480 5415 ejus
507 5345 716 5403 Iesum.
766 5347 887 5420 lpse
917 5352 1062 5406 enim
1096 5355 1307 5409 salvum
1331 5355 1492 5411 faciet
1527 5359 1786 5428 populum
1815 5374 1977 5414 suum
2006 5373 2036 5412 a
2066 5359 2306 5429 peccatis
2352 5357 2615 5429 ipsorum.
2656 5354 2771 5410 Hoc
2804 5363 2985 5410 autem
3020 5362 3196 5410 totum
3253 5355 3464 5412 factum
3521 5367 3624 5425 est,

361 5449 422 5494 ut
446 5439 765 5511 impleretur
793 5444 938 5515 quod
986 5446 1193 5502 dictum
1244 5455 1329 5504 est
1375 5466 1406 5504 a
1446 5450 1675 5507 Domino
1721 5468 1819 5523 per
1866 5455 2185 5523 prophetam
2234 5452 2505 5508 dicentem
2542 5471 2555 5507 :
2599 5450 2739 5506 Ecce
2788 5450 2936 5520 virgo
2978 5451 3035 5505 in
3089 5459 3248 5506 utero
3294 5452 3540 5517 habebit.
3571 5462 3625 5509 et

359 5532 536 5604 pariet
582 5534 773 5603 lilium,
826 5548 881 5593 et
923 5542 1147 5598 vocabis
1178 5558 1380 5599 nomen
1405 5545 1526 5616 ejus
1555 5545 1909 5611 Emmanuel,
1941 5547 2087 5617 quod
2117 5559 2200 5605 est
2244 5549 2683 5619 interpretatum,
2713 5546 2985 5600 nobiscum
3025 5545 3168 5601 Deus
3200 5547 3269 5603 “.
3309 5566 3329 5599 ι
3366 5546 3461 5603 Sic
3494 5565 3622 5604 sane

360 5627 662 5683 secundum
689 5646 792 5686 nos
817 5647 901 5699 ea,
929 5650 1053 5704 quae
1079 5636 1146 5690 ad
1170 5637 1412 5694 divinam
1444 5642 1849 5712 prmdictionem
1884 5645 2181 5715 pertinent,
2207 5660 2273 5700 ex
2310 5644 2431 5715 ipso
2466 5659 2647 5697 rerum
2678 5654 2875 5698 eventu
2914 5643 3373 5714 comprobantur:
3400 5646 3616 5716 quippe,

365 5734 486 5774 cum
531 5722 634 5776 alia
694 5725 936 5791 ratione,
998 5745 1275 5802 nunquam
1313 5751 1423 5806 pra:
1455 5751 1513 5793 se
1549 5739 1834 5796 veritatem
1870 5740 2153 5811 prophetia
2210 5742 2384 5796 latura
2432 5755 2555 5796 csse
2593 5739 2859 5794 videatur.

428 5860 474 5891 δι
503 5859 689 5918 Matth.
728 5881 765 5932 ι,
803 5865 987 5922 18-35.
