3828 6220
150 344 264 402 505

1061 342 1712 429 DEMONSTRATIONIS
1751 342 2208 402 EVANGELICAE
2242 346 2368 404 LIB.
2411 345 2529 402 νη.

3313 346 3416 405 Βῦϐ

235 462 399 534 Ἑξῆς
428 461 487 517 δὲ
532 460 738 515 τούτων
770 460 892 514 τίνα
935 461 1028 514 καὶ
1066 461 1240 515 ὁπόσα
1274 461 1490 530 λέγεται
1527 460 1744 513 ἔσεσθαι
1774 466 1801 522 Α

1919 461 2177 517 Posthaec
2201 468 2405 523 autem,
2436 474 2686 529 quaenam
2716 466 2770 514 et
2799 468 2933 530 quot
2971 460 3155 515 futura
3186 476 3310 517 esse
3342 462 3422 517 di-

147 574 212 611 εν
244 558 315 627 τῇ
348 553 535 626 ἡμέρᾳ
561 553 746 624 ἐκείνῃ
774 593 789 618 ,
835 553 990 623 δῆλον
1019 553 1095 619 δὲ,
1128 555 1211 606 ὃτι
1244 554 1302 605 ἐν
1329 553 1409 624 τῷ
1435 553 1610 625 χρόνῳ
1641 555 1740 623 τῆς

151 646 479 718 ἐπιφανείας
515 644 608 698 τοῦ
663 642 1044 716 Ἐμμανουήλ,
1088 645 1254 717 φέρε,
1295 647 1736 715 κατανοήσωμεν’

157 758 176 790 ι
215 736 866 809 Συριεῖ,›φησὶ,ιΚύριος
897 737 1103 807 μυίαις,
1122 738 1178 791 αἳ
1200 736 1511 809 κυριεύουσι
1542 736 1741 807 μέρους

146 826 403 898 ποταμοῦ
453 826 768 895 Αἰγύπτου,
816 828 913 881 καὶ
946 829 1013 899 τῇ
1064 829 1359 903 μελίσσῃρ
1394 830 1428 899 ἦ
1476 830 1620 881 ἐστιν
1684 829 1742 880 ὲν

144 919 308 989 χώρᾳ.
348 918 672 990 Ἀσσυρίων,
704 919 800 972 καὶ
828 918 1169 985 ἐλεύσονται,
1207 923 1300 974 καὶ
1340 919 1741 974 ἀναπαύσονται

145 1012 206 1061 ἐν
230 1012 356 1072 ταῖς
380 1010 617 1082 φάραγξι
644 1012 743 1080 τῆς
776 1010 988 1082 χώρας,
1008 1014 1102 1065 καὶ
1124 1014 1180 1066 ἐν
1196 1015 1314 1076 ταῖς
1338 1012 1605 1083 τρώγλαις
1635 1010 1742 1063 τῶν

148 1099 394 1169 πετρῶν,
426 1101 520 1154 καὶ
548 1103 628 1163 εἰς
662 1103 729 1155 τά
760 1102 1022 1168 σπήλαια,
1063 1103 1155 1157 καὶ
1180 1104 1260 1167 είς
1291 1097 1470 1157 πᾶσαν
1508 1103 1739 1174 ῥαγάδα,

148 1191 248 1242 καὶ
280 1192 344 1243 ὲν
373 1192 536 1245 παντὶ
570 1191 733 1262 ξύλῳ.
775 1194 865 1246 Ἐν
885 1194 1152 1265 τῇὴμέρᾳ
1173 1194 1357 1267 ἐκείνῃ
1388 1194 1610 1265 ξυρήσει
1634 1194 1744 1247 Κύ-

154 1301 271 1354 ριος
316 1286 376 1337 ὲν
414 1285 493 1356 τῷ
538 1285 685 1356 ξυρῷ
724 1286 802 1357 τῷ
830 1288 1071 1359 μεγάλῳ,
1104 1288 1182 1360 τῷ
1209 1289 1607 1360 μεμισθωμένῳ
1644 1289 1741 1341 πέ⁸

153 1397 255 1451 ραν
278 1379 375 1433 τοῦ
414 1381 659 1451 ποταμοῦ
684 1380 949 1450 βασιλέως
994 1382 1318 1454 Ἀσσυρίων,
1352 1384 1448 1454 τὴν
1481 1383 1740 1453 κεφαλὴν,

148 1474 246 1526 καὶ
280 1473 381 1535 τὰς
424 1472 617 1544 τρίχας
669 1473 777 1526 τῶν
830 1474 1025 1538 ποδῶν,
1076 1476 1170 1528 καὶ
1206 1475 1296 1527 τὸν
1343 1473 1583 1542 πώγωνα
1613 1476 1744 1544 ἀφε-

150 1566 251 1619 λεῖ.
278 1567 393 1619 Καὶ
417 1565 572 1618 ἔσται
628 1565 688 1618 ἐν
734 1568 799 1637 τῇ
829 1569 1013 1638 ἡμέρᾳ
1057 1565 1263 1638 ἐκείνῃ,
1305 1566 1498 1638 θρέψει
1537 1566 1746 1638 ἅνθρωο

153 1675 255 1721 πος
275 1658 515 1728 δάμαλιν
550 1657 688 1728 βοῶν
713 1699 726 1721 ,
771 1658 865 1712 καὶ
895 1658 990 1712 δύο
1018 1658 1294 1730 πρόϐατα,
1331 1659 1426 1712 καὶ
1452 1658 1603 1712 ἔσται
1638 1658 1746 1712 ἀπὸ

150 1750 246 1803 τοῦ
291 1751 550 1803 πλεῖστον
600 1753 775 1803 ποιεῖν
814 1750 992 1818 γάλα·
1035 1751 1268 1819 φάγεται
1319 1749 1607 1821 βούτυρον,
1662 1750 1744 1803 ὅτι

1848 561 2064 617 cantur,
2088 553 2172 607 vel
2199 552 2366 614 bona,
2401 552 2484 605 vel
2510 552 2650 605 mala
2674 552 2729 605 in
2757 552 2845 605 die
2871 553 2982 615 illa,
3016 553 3120 608 hoc
3153 562 3257 617 est,
3310 575 3420 626 quo

1849 651 2092 714 tempore
2144 643 2395 697 adveniet
2430 641 2769 705 Emmanuel,
2802 641 2932 697 hinc
2958 643 3071 713 jam
3106 646 3422 703 considere-

1849 752 1972 790 mus
2008 754 2019 788 :
2059 755 2078 785 ι
2121 734 2405 797 Sibilabit,
2465 734 2676 803 inquit,
2724 733 2985 790 Dominus
3023 737 3262 800 muscis,
3301 755 3422 808 qua:

1849 828 2203 883 dominantur
2232 828 2285 880 in
2336 834 2491 897 parte
2520 826 2762 880 ﬂuminis
2812 823 3055 898 Egypti,
3086 836 3142 883 et
3178 830 3265 900 api
3303 848 3424 903 qua:

1848 927 1934 973 est
1958 918 2010 972 in
2041 928 2186 972 terra
2212 917 2585 989 Assyriorum,
2615 926 2668 972 et
2698 918 2935 981 venient,
2971 929 3024 974 et
3053 921 3337 991 quiescent
3367 925 3425 979 in

1849 1010 2192 1064 convallibus
2222 1010 2459 1079 regionis
2485 1051 2499 1074 ,
2529 1019 2582 1064 et
2618 1010 2671 1063 in
2701 1008 3065 1067 foraminibus
3107 1022 3382 1083 petrarum
3403 1056 3420 1080 ,

1849 1112 1902 1158 et
1924 1104 1977 1156 in
2005 1103 2301 1173 speluncis,
2338 1110 2392 1154 et
2426 1102 2477 1154 in
2511 1103 2661 1156 omni
2691 1103 2956 1169 scissura,
3004 1113 3058 1158 et
3086 1106 3141 1159 in
3174 1108 3325 1161 omni
3359 1109 3424 1163 li-

1851 1211 1980 1266 gno.
2003 1194 2061 1248 in
2085 1195 2174 1249 die
2202 1195 2292 1247 illa
2329 1194 2482 1248 radet
2511 1193 2773 1247 Dominus
2813 1195 2866 1248 in
2905 1197 3169 1250 novacula
3203 1212 3422 1267 magna,

1849 1300 1971 1354 qua:
1999 1284 2245 1339 mercede
2279 1283 2551 1338 conducta
2578 1290 2681 1345 est,
2708 1284 2851 1336 ultra
2879 1282 3105 1338 ﬂuvium
3140 1285 3284 1355 regis
3316 1285 3422 1341 As-

1853 1378 2147 1447 syriorum,
2175 1376 2332 1446 321
2377 1384 2541 1444 caput
2569 1384 2623 1430 et
2659 1376 2796 1444 pilus
2836 1375 3054 1444 Pedum,
3104 1384 3159 1430 et
3199 1378 3425 1432 barbam

1852 1468 2082 1533 auferet,
2116 1476 2170 1523 et
2200 1470 2305 1523 erit
2354 1469 2406 1521 in
2440 1468 2529 1522 die
2560 1467 2672 1530 illa,
2709 1466 2914 1520 nutriet
2940 1465 3107 1520 homo
3131 1466 3426 1537 juvencam

1852 1562 2016 1615 boum
2046 1568 2101 1615 et
2127 1561 2266 1615 duas
2297 1574 2449 1622 oves,
2494 1567 2548 1614 et
2575 1560 2682 1613 erit
2717 1574 2784 1611 ex
2831 1574 2896 1613 eo
2924 1557 3071 1627 quod
3132 1559 3427 1628 plurimum

1854 1651 2016 1706 faciet
2064 1651 2169 1713 lae.
2203 1650 2452 1706 comedet
2480 1651 2766 1720 butyrum:
2798 1651 3054 1717 quoniam
3084 1649 3337 1720 butyrum
3374 1658 3432 1710 et

1853 1743 1956 1797 mel
1984 1743 2232 1796 comedet
2304 1741 2484 1795 omnis
2541 1740 2635 1809 qui
2682 1740 2907 1793 relictus
2940 1738 3103 1793 fuerit
3150 1738 3206 1792 in
3258 1747 3426 1803 terra,

153 1843 420 1913 βούτυρον
454 1842 551 1895 καὶ
600 1842 721 1912 μέλι
766 1842 1000 1912 φάγεται
1032 1845 1144 1906 πᾶς
1171 1845 1200 1896 ό
1234 1842 1615 1912 καταλειφθεὶς
1651 1846 1744 1898 ἐπὶ
1778 1828 1801 1886 ί

1856 1843 1898 1889 et
1927 1836 2033 1888 erit
2077 1834 2132 1887 in
2176 1833 2265 1888 die
2294 1833 2408 1898 illa,
2440 1834 2621 1886 omnis
2663 1832 2817 1886 locus
2872 1831 3187 1901 ubicunque
3225 1830 3430 1886 fuerim

149 1936 251 2005 τῆς
275 1935 408 2005 γῆς.
450 1935 561 1989 Καὶ
596 1935 746 1989 ἔσται
778 1936 838 1989 ὲν
861 1937 927 2006 τῇ
957 1936 1141 2008 ἡμέρᾳ
1168 1936 1351 2008 ἐκείνῃ
1371 1977 1386 2000 ,
1413 1936 1520 2000 πᾶς
1545 1937 1709 2001 τόπος
1728 1978 1742 2002 ,

149 2019 212 2077 οὗ
237 2025 303 2078 ἂν
331 2020 441 2078 ὧσι
474 2024 642 2096 χίλιαι
670 2026 902 2097 ἄμπελοι
932 2026 1120 2097 χιλίων
1164 2027 1363 2081 σίκλων
1382 2066 1397 2092 ,
1439 2030 1520 2093 εἰς
1553 2028 1745 2101 χέρσον

150 2118 369 2171 ἔσονται
395 2119 494 2172 καὶ
519 2120 599 2182 εἰς
620 2118 880 2181 ἄκανθαν,
912 2120 1048 2190 μετά
1077 2120 1264 2190 βέλους
1292 2120 1386 2173 καὶ
1414 2119 1745 2190 τοξεύματος

150 2206 555 2262 εἰσελεύσονται
581 2210 813 2273 ὲκεῖ,ὃτι
836 2211 1032 2281 χέρσος
1052 2212 1145 2264 καὶ
1173 2210 1385 2264 ἄκανθα
1411 2210 1566 2266 ἔσται
1595 2214 1746 2267 πᾶσα

148 2298 189 2369 ιι
220 2298 293 2367 τῇ
320 2339 337 2363 ,
383 2299 482 2350 καὶ
517 2300 628 2351 πᾶν
658 2299 784 2370 ὄρος
823 2300 1232 2372 ἀροτριώμενον
1261 2302 1741 2376 ἀροτριαθήσεται.

151 2391 228 2445 οὐ
264 2392 344 2462 μὴ
372 2389 580 2462 ἐπέλθῃ
606 2393 722 2444 ἐκεῖ
751 2391 914 2461 φόϐος
938 2408 952 2422 °
986 2392 1137 2446 ἔσται
1163 2393 1270 2464 γὰρ
1294 2394 1401 2447 ἀπὸ
1419 2394 1519 2464 τῆς
1551 2394 1745 2465 χέρσου

153 2500 250 2537 σου
288 2483 388 2538 καὶ
419 2484 665 2556 ἀκάνθης
698 2487 778 2549 είς
823 2484 1076 2556 βόσκημα
1110 2485 1414 2556 προϐάτου,
1451 2486 1545 2539 καὶ
1577 2503 1747 2540 κατα-

152 2576 391 2647 πάτημα
431 2575 571 2647 βοός.
602 2596 620 2627 ι
653 2576 902 2631 Τοσαῦτα
935 2576 1152 2630 ἔσεσθαι
1202 2579 1260 2631 ὲν
1294 2581 1361 2650 τῇ
1424 2578 1608 2651 ἡμέρᾳ
1651 2578 1746 2632 τοῦ

168 2668 588 2740 Ἐμμανουὴλή
623 2668 874 2741 παροῦσα
922 2671 1228 2740 προφητεία
1277 2670 1555 2743 περιέχει·
1604 2670 1748 2743 ἅπερ

152 2762 355 2825 ὁποίας
382 2761 567 2833 ἔχεται
607 2761 847 2832 θεωρίας
890 2761 1010 2833 ὥρα
1058 2761 1317 2827 διελθεῖν,
1368 2763 1467 2834 τὴν
1512 2761 1749 2816 διάνοιαν

155 2852 645 2922 ὲπιτεμνομένους.
680 2871 697 2903 ι
727 2852 929 2923 Συριεῖ,
960 2870 979 2902 ι
1005 2853 1169 2923 φησὶ,
1196 2872 1216 2903 ι
1249 2851 1454 2924 Κύριος
1481 2853 1667 2923 μυίαις
1692 2855 1749 2904 ὲν

151 2944 224 3013 τῇ
261 2943 453 3015 ήμέρᾳ
483 2943 688 3015 ἐκείνῃ,
716 2943 771 2996 αἲ
802 2941 1116 3015 κυριεύουσι
1146 2943 1344 3016 μέρους
1373 2942 1624 3014 ποταμοῦ
1656 2944 1751 2996 Αί-

154 3034 396 3103 γύπτου,
415 3035 510 3088 καὶ
529 3037 595 3106 τῇ
624 3034 926 3106 μελίσσῃ,ἤ
958 3035 1104 3087 ἐστιν
1125 3036 1182 3089 ὲν
1208 3033 1365 3106 χώρᾳ
1392 3034 1710 3106 Ἀσσυρίων·
1726 3054 1744 3086 ι

153 3128 285 3190 ταῖς
328 3126 431 3197 μὲν
475 3126 768 3198 προτέραις
798 3124 1197 3197 εἰδωλολατρῶν
1248 3124 1455 3196 ἀνδρῶν
1482 3126 1682 3196 ψυχαῖς
1713 3125 1747 3196 ἢ
1783 3184 1818 3202 Π

157 3219 264 3271 καὶ
310 3217 645 3289 δυνάμεσιν,
689 3216 766 3280 ὡς
806 3212 996 3286 οἶμαι,
1046 3215 1376 3285 ἀκαθάρτοις
1422 3217 1515 3270 καὶ
1564 3216 1750 3288 ἀηδέσι
1780 3212 1820 3241 “

162 3305 358 3377 μυίαις
380 3304 842 3375 ὀνομαζομέναις,
876 3304 970 3358 καὶ
1001 3305 1186 3376 μυίαις
1208 3306 1626 3373 Αίγυπτιακαίς,
1661 3304 1754 3358 θυ-

159 3400 315 3462 σίαις
358 3399 454 3451 καί
496 3398 724 3468 αἵμασιν
776 3396 1010 3450 εἰδώλων
1056 3397 1374 3469 χαιρούσαις
1396 3415 1409 3428 ο
1446 3401 1511 3470 τῇ
1547 3399 1605 3452 δὲ
1659 3417 1754 3470 με·

158 3491 327 3561 λίσσῃ
358 3489 484 3560 ζὼῳ
525 3489 748 3561 κέντρον
778 3490 1160 3561 ἐπιφερομένῳ
1183 3529 1196 3552 ,
1230 3488 1540 3559 βασιλεύειν
1567 3508 1626 3543 τε
1659 3494 1754 3544 καὶ

163 3581 590 3652 βασιλεύεσθαι,
636 3582 734 3635 καὶ
764 3580 1019 3652 πολεμεῖν
1052 3582 1422 3653 ἐπισταμένῳ,
1455 3581 1754 3653 ἀμύνεσθαί

159 3689 225 3726 τε
250 3673 349 3725 καὶ
375 3671 698 3743 τιτρώσκειν
728 3671 894 3724 εἰδότι
915 3672 1041 3736 τοὺς
1067 3670 1508 3742 ἀνθισταμένους.
1542 3671 1756 3735 Ταύτας

161 3760 265 3817 οὖν
288 3761 429 3833 ὁμοῦ
465 3761 821 3826 συνελθούσας
844 3801 858 3825 ,
887 3762 987 3826 τὰς
1023 3763 1120 3833 μὲν
1153 3764 1219 3816 ἐκ
1270 3763 1371 3833 τῆς
1401 3764 1508 3817 τῶν
1540 3763 1756 3817 εἰδωλοο

164 3853 389 3924 λατρῶν
434 3852 646 3925 χώρας,
687 3854 786 3916 τὰς
832 3854 888 3907 δὲ
924 3855 1032 3907 ἀπὸ
1058 3854 1156 3924 τῆς
1183 3854 1293 3907 τῶν
1322 3854 1756 3909 κατευθυνόντων

164 3945 280 4014 τῆς
322 3943 825 4015 (κατευθύνοντες
879 3943 987 4016 γὰρ
1015 3946 1064 3997 oi
1101 3945 1376 4017 ’Δσσύριοι
1422 3947 1757 4017 ὲρμηνεύον.

165 4034 311 4105 ται),
365 4033 613 4088 κελεύσει
666 4033 856 4105 ὥσπερ
889 4035 1130 4106 σύρισμά
1177 4050 1231 4089 τι
1265 4036 1360 4090 τοῦ
1409 4038 1616 4109 Κυρίου
1666 4041 1759 4093 καὶ

167 4123 313 4178 Θεοῦ
350 4123 460 4178 τῶν
492 4124 630 4177 ὅλων
671 4125 769 4195 τῆς
817 4125 1079 4189 Ἰουδαίας
1110 4127 1332 4197 ἀπάσης
1369 4129 1758 4200 ἐπικρατήσειν

166 4214 265 4268 διὰ
306 4212 407 4285 τὴν
447 4214 529 4277 είς
560 4212 795 4285 Χριστὸν
844 4216 1103 4269 ἀπιστίαν
1135 4216 1315 4270 αὐτῶν
1338 4257 1353 4282 ,
1389 4218 1448 4270 ὲν
1476 4220 1543 4289 τῇ
1579 4219 1760 4290 ἡμέρᾳ

168 4306 271 4361 τοῦ
310 4306 678 4379 Ἐμμανουήλ,
704 4308 857 4377 φησί.
898 4308 1160 4378 Σημαίνει
1186 4309 1245 4362 δὲ
1287 4309 1377 4363 διὰ
1402 4309 1605 4365 τούτων
1631 4310 1758 4382 ἔθνη

170 4396 451 4466 ἀλλόφυλα
478 4398 573 4452 καὶ
606 4399 973 4468 στρατιωτικὰ
998 4400 1241 4471 οἰκήσειν
1267 4400 1366 4472 τὴν
1402 4401 1758 4474 Ἰερουσαλὴμ

1851 1927 1997 1981 mille
2019 1926 2159 1981 vites
2176 1940 2278 1995 pro
2298 1925 2444 1981 mille
2467 1926 2641 1989 siclis,
2664 1926 2717 1979 in
2748 1933 2951 1981 terram
2971 1926 3230 1980 incultam
3244 1935 3428 1987 erunt,

1847 2027 1903 2073 et
1935 2018 1990 2071 in
2024 2018 2256 2087 spinam,
2291 2031 2415 2071 cum
2434 2019 2628 2087 sagitta
2649 2026 2704 2073 et
2726 2032 2856 2071 areu
2881 2017 3255 2088 ingrediantur
3275 2017 3429 2080 illuc,

1847 2111 2109 2181 quoniam
2148 2108 2514 2164 terrainculta
2533 2118 2587 2165 et
2614 2110 2771 2180 spina
2820 2110 2926 2164 erit
2966 2109 3146 2164 omnis
3172 2117 3343 2175 terra,
3376 2116 3433 2162 et

1848 2203 2027 2257 omnis
2060 2217 2219 2257 mons
2245 2202 2340 2272 qui
2374 2210 2585 2265 aratur,
2620 2200 2885 2256 arabitur.
2918 2199 3036 2255 Non
3072 2200 3432 2254 accedetilluc

1849 2303 2047 2360 terror,
2080 2293 2185 2347 erit
2210 2293 2356 2348 enim
2390 2307 2419 2345 a
2448 2304 2596 2347 terra
2636 2292 2842 2346 inculta
2869 2300 2922 2346 et
2954 2291 3110 2361 spina
3139 2290 3195 2344 in
3231 2302 3435 2360 pascua

1849 2387 1989 2452 ovis,
2024 2395 2078 2441 et
2129 2387 2185 2439 in
2217 2383 2695 2441 conculcationem
2755 2383 2913 2438 bovis
2960 2382 3028 2439 “.
3072 2400 3091 2434 ι
3133 2379 3259 2436 ΕΙωο
3320 2389 3431 2435 tam

1849 2480 2022 2534 multa
2071 2477 2257 2532 futura
2288 2478 2340 2531 in
2377 2477 2467 2533 die
2501 2474 2844 2540 Emmanuel,
2882 2490 3121 2545 praesens
3150 2474 3434 2545 prephetia

1849 2568 2132 2639 complexa
2160 2576 2267 2631 est,
2298 2581 2421 2637 quae
2447 2565 2599 2637 quali
2630 2564 3092 2634 contemplatione
3134 2562 3433 2620 scrutanda

1851 2662 1985 2726 sint,
2017 2661 2129 2730 jam
2162 2659 2399 2729 experiri
2433 2665 2650 2727 tempus
2697 2667 2800 2718 est,
2835 2658 3009 2726 ipsam
3059 2655 3275 2709 interim
3306 2671 3433 2709 sen-

1852 2750 2076 2809 tentiam
2109 2750 2462 2807 dividentes:
2532 2768 2552 2801 (
2592 2748 2864 2811 Sibilahit.
2920 2748 3116 2819 inquit,
3168 2747 3433 2802 Dominus

1851 2844 2057 2900 muscis
2081 2845 2138 2897 in
2174 2843 2262 2898 die
2292 2843 2405 2905 illa,
2455 2856 2577 2912 qua:
2608 2840 2966 2895 dominantur
2995 2840 3048 2893 in
3080 2846 3232 2909 parte
3254 2838 3435 2892 ilumi—

1852 2938 1940 2993 nis
1970 2936 2215 3009 Egypti,
2250 2944 2303 2991 et
2338 2936 2427 3005 api
2452 2948 2574 3004 quae
2595 2941 2678 2988 est
2714 2934 2768 2987 in
2809 2941 2953 2987 terra
2989 2931 3360 3003 Assyriorum,
3408 2949 3428 2981 ι

1858 3030 1947 3083 ubi
1980 3030 2224 3084 virorum
2260 3028 2415 3097 prius
2450 3026 2744 3082 simulacra
2799 3024 3142 3078 adorantium
3196 3022 3431 3085 animas,

1854 3126 1946 3173 aut
1968 3118 2131 3174 etiam
2162 3120 2426 3187 quasdam
2462 3125 2516 3171 et
2547 3114 2854 3169 immundas
2889 3121 2943 3168 et
2992 3112 3222 3168 infestas
3281 3120 3436 3181 pote-

1854 3219 2046 3276 states,
2075 3226 2295 3266 muscas
2321 3210 2558 3265 arbitror
2589 3206 2881 3272 nominari,
2916 3214 2969 3261 et
3000 3220 3220 3262 muscas
3265 3203 3437 3275 .‘Egy.

1856 3306 2242 3375 ptiacas,quae
2292 3302 2580 3357 sacriﬁciis
2646 3310 2701 3354 et
2757 3298 3048 3353 cruoribus
3103 3296 3428 3352 simulacro-

1856 3410 1977 3453 rum
2007 3395 2266 3467 gaudent.
2299 3394 2432 3464 Apis
2462 3409 2594 3448 vero
2649 3399 2733 3446 est
2764 3391 2963 3444 animal
3019 3390 3211 3444 aculeo
3249 3403 3433 3442 arma-

1856 3497 1993 3553 tum,
2029 3495 2083 3543 et
2119 3486 2265 3557 quod
2305 3485 2602 3555 regnandi,
2646 3498 2711 3537 ae
2744 3483 2849 3540 sub
2875 3497 3002 3552 rege
3034 3480 3287 3551 degendi,
3321 3480 3437 3534 bel¢

1857 3580 2113 3649 landique
2160 3577 2444 3633 scientiam
2477 3575 2657 3642 habet,
2698 3582 2752 3630 et
2795 3573 2983 3629 ulcisci
3037 3588 3102 3626 ae
3148 3573 3439 3627 vulnerare

1857 3671 2212 3727 adversantes
2271 3670 2533 3724 idoneum
2592 3675 2698 3723 est.
2745 3664 2923 3720 Hasce
2973 3665 3138 3734 igitur
3166 3665 3221 3716 in
3257 3664 3434 3716 locum

1859 3779 2026 3817 unum
2074 3762 2499 3822 convenientes.
2535 3761 2673 3815 alias
2710 3759 2931 3830 quidem
2974 3758 3042 3813 de
3091 3756 3314 3825 regione
3343 3770 3439 3810 eo-

1858 3869 1979 3907 rum
2013 3853 2103 3922 qui
2131 3851 2427 3907 simulacra
2453 3849 2702 3912 adorant,
2748 3847 2883 3900 alias
2910 3860 3040 3899 vero
3073 3843 3141 3898 de
3162 3850 3307 3897 terra
3339 3857 3439 3912 gu-

1859 3946 2203 4000 bernantium
2231 3943 2464 4015 (Assyrii
2497 3942 2639 3996 enim
2680 3955 2745 3995 ex
2775 3935 3224 4008 interpretatione
3258 3934 3438 3989 nomi-

1860 4038 1947 4091 nis
1981 4035 2330 4106 g‘ubernuntes
2359 4030 2954 4103 intelliguntur),jussu
2978 4037 3032 4083 et
3059 4027 3215 4098 quasi
3248 4025 3439 4082 sibila-

1861 4130 2010 4184 tione
2036 4127 2251 4181 Domini
2278 4134 2332 4182 et
2364 4126 2457 4180 Dei
2490 4140 2673 4180 rerum
2700 4124 2967 4188 omnium,
3001 4120 3201 4175 Iudaeas
3225 4121 3439 4174 univer-

1862 4236 1936 4275 sae
1960 4222 2346 4290 imperaturas,
2381 4226 2600 4288 propter
2628 4216 2804 4287 ipsius
2836 4215 2892 4269 in
2921 4214 3202 4268 Christum
3256 4213 3442 4266 incre—

1862 4312 2144 4367 dulitatem
2180 4311 2277 4373 ait,
2310 4310 2365 4363 in
2393 4308 2481 4363 die
2511 4307 2853 4362 Emmanuel.
2900 4305 2997 4360 His
3027 4312 3209 4360 autem
3254 4304 3439 4361 verbis

1862 4405 2132 4475 signiﬁcat
2155 4411 2343 4473 gentes
2392 4410 2647 4457 externas
2676 4406 2730 4454 et
2775 4399 3064 4461 militares,
3094 4397 3441 4452 habitaturas

171 4489 274 4542 καὶ
298 4487 399 4559 τὴν
434 4487 694 4542 Ἰουδαίαν
721 4489 824 4559 γῆν
847 4504 861 4518 ⁸
891 4489 1028 4561 ὅπερ
1054 4490 1146 4543 καὶ
1177 4490 1207 4542 ὁ
1234 4489 1422 4562 Σωτὴρ
1453 4490 1609 4561 ήμῶν
1640 4492 1761 4544 λευ-
1792 4523 1801 4578 1

1863 4497 2164 4553 Jerusalem
2216 4504 2269 4551 et
2292 4493 2534 4549 Judaxam
2564 4500 2792 4547 terram.
2823 4488 2979 4557 Quod
3011 4488 3232 4558 quidem
3263 4487 3439 4557 ipsum

174 4581 426 4650 ποτέροις
462 4580 721 4650 ὀνόμασιν
754 4580 1038 4645 ὲθέσπιζεν
1059 4620 1073 4645 ,
1118 4580 1289 4634 εἰπὼν
1313 4621 1327 4646 ,
1365 4600 1383 4632 ι
1414 4583 1525 4636 Καὶ
1562 4582 1760 4654 Ἰερου-

177 4672 367 4743 σαλὴμ
401 4670 555 4724 ἔσται
594 4671 904 4743 πατουμένη
942 4671 1045 4724 ὑπὸ
1082 4669 1281 4725 ἐθνῶν·
1320 4691 1339 4725 ι
1386 4672 1415 4726 δ
1454 4673 1549 4727 καὶ
1578 4675 1763 4739 τέλους

176 4765 338 4834 ἔτυχε
359 4802 376 4825 ,
403 4763 520 4832 μετ’
552 4762 613 4815 ού
649 4762 816 4816 πολὺν
851 4763 1040 4834 χρόνον
1070 4762 1179 4816 τῶν
1210 4763 1305 4818 τοῦ
1330 4765 1581 4836 Σωτῆρος
1607 4767 1763 4837 ἡμῶν

177 4851 400 4922 φωνῶν,
438 4852 722 4922 Ῥωμαίων
752 4853 849 4925 τὴν
874 4852 1028 4906 πόλιν
1058 4853 1284 4907 ἑλόντων
1304 4896 1320 4921 ,
1343 4852 1673 4925 ἀλλοφύλους
1705 4875 1765 4910 τε

176 4944 385 5015 ἄνδρας
448 4944 628 4998 αὐτόθι
678 4946 1101 4999 κατοικισάντων
1150 4946 1243 4999 καὶ
1291 4948 1386 5000 ἐπὶ
1450 4947 1546 5001 τοῦ
1597 4948 1764 5001 τόπου

179 5039 657 5109 καταστησάντων.
677 5036 845 5090 Πάλιν
870 5036 926 5090 δὲ
947 5040 976 5090 ό
997 5038 1156 5101 αὐτὸς
1178 5036 1380 5109 Κύριος
1400 5038 1656 5110 ξυρήσειν
1682 5038 1769 5093 λέ-

176 5148 340 5200 γεται
376 5131 435 5183 ὲν
465 5128 543 5200 τῷ
572 5129 666 5183 τοῦ
703 5129 968 5199 βασιλέως
1002 5128 1300 5199 Ἀσσυρίων
1334 5129 1515 5202 ξυρῷ,
1546 5132 1665 5203 ἦτοι
1697 5135 1762 5203 τῇ

178 5221 477 5290 κολαστικῇ
500 5220 725 5290 δυνάμει
755 5218 851 5272 τοῦ
884 5218 1138 5289 ἄρχοντος
1175 5218 1269 5271 τοῦ
1314 5220 1509 5283 αἰῶνος
1540 5220 1728 5274 τούτου
1749 5261 1764 5283 ,

176 5312 280 5385 τὴν
306 5311 549 5383 κεφαλὴν
567 5350 582 5374 ,
609 5312 703 5365 καὶ
733 5312 860 5374 τοὺς
885 5310 1051 5374 πόδας
1076 5352 1090 5375 ,
1124 5312 1217 5364 καὶ
1245 5312 1336 5364 τὸν
1365 5312 1603 5381 πώγωνα
1624 5353 1638 5376 ,
1666 5315 1766 5366 οὐκ

175 5407 343 5461 ἄλλου
384 5406 527 5468 τινὸς
551 5406 584 5478 ἢ
616 5401 773 5471 αὖθις
799 5405 893 5459 τοῦ
931 5407 1196 5460 Ἰουδαίων
1228 5406 1444 5472 ἔθνους,
1472 5407 1620 5461 τοῦτ’
1646 5407 1763 5462 ἔστι

175 5498 272 5551 τὸν
317 5498 520 5569 κόσμον
565 5498 745 5551 αὐτῶν
776 5498 867 5551 καὶ
912 5497 1012 5569 τὴν
1040 5499 1199 5565 δόξαν
1241 5500 1507 5570 περιελεῖν
1543 5500 1630 5554 ste
1663 5500 1764 5570 τῆς

179 5589 289 5642 τῶν
321 5589 549 5643 καθόλου
579 5591 1018 5662 ἐπικρατούντων
1046 5592 1240 5664 ἀρχῆς.
1274 5593 1578 5665 Ῥωμαίους
1604 5593 1660 5646 δὲ
1689 5590 1766 5646 εἴ·

181 5699 271 5735 ναι
305 5680 522 5745 τούτους
552 5683 867 5740 αἰνίττεται.
906 5684 1002 5739 Διὰ
1034 5684 1141 5755 γὰρ
1191 5684 1284 5738 τοῦ
1318 5685 1425 5739 τῶν
1466 5685 1763 5757 Ἀσσυρίων

258 5839 307 5869 ⁸⁸
337 5837 444 5894 lsa.
481 5856 578 5907 vn,
616 5837 825 5895 {8-25.

1862 4588 2291 4645 evidentiorihus
2323 4587 2503 4641 verbis
2559 4582 2811 4638 Salvator
2857 4590 3044 4638 noster
3094 4580 3315 4643 cecinit,
3347 4579 3443 4633 ubi

1865 4680 1941 4734 ait
1970 4697 1985 4733 :
2021 4696 2039 4729 ι
2074 4676 2139 4730 Ει
2156 4676 2458 4731 Jerusalem
2482 4672 2895 4728 conculcabitur
2913 4684 2942 4721 a
2962 4668 3235 4739 gentibus,
3251 4684 3270 4718 ι
3292 4663 3439 4734 quod

1866 4769 2147 4825 oraculum
2189 4766 2335 4820 haud
2368 4765 2441 4818 ita
2500 4763 2673 4818 multo
2702 4769 2826 4832 post
2851 4760 2974 4814 illas
3015 4756 3313 4812 Salvatoris
3342 4771 3443 4809 no-

1868 4862 1967 4916 stri
1992 4874 2155 4915 voces
2184 4857 2391 4912 exitum
2453 4855 2681 4918 invenit,
2711 4852 2974 4906 Romanis
3033 4851 3209 4919 ipsam
3249 4847 3443 4901 urbem

1869 4950 2331 5021 expugnantibus,
2373 4948 2593 5017 illicque
2622 4945 2823 4999 diversi
2858 4942 3076 5014 generis
3098 4940 3247 4995 viros
3271 4939 3443 4993 collo-

1867 5042 2119 5096 cantibus
2160 5047 2213 5094 et
2246 5040 2300 5094 in
2330 5040 2448 5093 loco
2471 5036 2859 5093 statuentibus.
2896 5034 3108 5087 Rursus
3152 5030 3292 5085 idem
3334 5027 3440 5084 Do-

1868 5135 2050 5189 minus
2100 5133 2402 5187 abrasurus
2430 5130 2631 5185 dicitur
2679 5129 2735 5182 in
2778 5128 2922 5198 regis
2961 5125 3313 5196 Assyriorum
3342 5137 3443 5175 no-

1866 5227 2084 5289 vacula.
2104 5227 2207 5279 hoc
2234 5232 2339 5289 est,
2367 5222 2718 5292 castigatoria
2748 5221 2798 5274 vi
2829 5217 3094 5290 principis
3130 5215 3316 5270 saeculi
3338 5213 3440 5266 hu-

1863 5319 1978 5389 jus,
2002 5326 2168 5388 caput
2196 5324 2249 5372 et
2281 5316 2442 5385 pedes
2470 5323 2525 5370 et
2560 5314 2810 5377 barbam,
2841 5327 2953 5365 non
3004 5306 3231 5363 alterius
3255 5304 3445 5371 cujus-

1871 5413 2012 5479 piam
2042 5424 2206 5479 quam
2257 5422 2451 5462 rursus
2503 5405 2744 5460 Judaicaa
2770 5402 2969 5474 gentis,
3001 5400 3106 5453 hoc
3140 5405 3247 5462 est,
3280 5394 3443 5466 322

1869 5508 2253 5556 ornamentum
2276 5506 2330 5555 et
2364 5499 2594 5570 gloriam
2626 5497 2911 5551 ablaturus
2962 5508 3057 5563 per
3106 5504 3320 5555 eorum,
3346 5487 3440 5558 qui

1874 5594 2132 5650 universo
2179 5594 2490 5662 imperant,
2525 5591 2913 5661 principatum.
2953 5586 3064 5640 Hos
3094 5592 3274 5639 autem
3328 5596 3440 5634 non

1873 5688 2009 5741 alios
2045 5702 2208 5756 quam
2239 5684 2517 5742 Romanos
2545 5700 2666 5741 esse
2696 5683 2894 5739 innuit.
2924 5675 3310 5735 Nomiueenim
3338 5673 3437 5727 As-
