3828 6220
407 325 512 381 507

1077 318 1346 376 EUSEBII
1388 315 1873 376 ϐίΕΞΛΒΙΕΝΞΙδ
1910 316 1968 372 Ol

2103 315 2282 371 PARS
2316 316 2381 372 ll.
2416 347 2487 357 —-
2524 314 3020 373 APOLOGETICA.

3561 322 3667 381 508

402 445 706 515 syriorum,
742 443 1109 513 quodcunque
1141 458 1235 512 per
1281 442 1494 511 singula
1530 448 1774 509 tempora
1821 439 1968 509 genti

2093 438 2355 508 ὀνόματος
2398 436 2637 507 ἠγοῦμαι
2669 434 2766 506 τὴν
2798 433 2919 489 καθ’
2959 434 3186 488 ἕκαστον
3218 435 3405 505 χρόνον
3435 438 3664 511 ἐπικρα-

402 536 506 589 bus
554 535 879 604 impositum
931 542 1015 588 est
1065 548 1319 602 regnum,
1377 532 1675 602 signiﬁcari
1728 531 1986 594 arbitror,

402 635 699 696 propterea
730 626 961 695 quodex
992 623 1258 679 llebraica
1285 625 1468 693 lingua
1501 621 1988 692 interpretantibus

398 718 611 787 Assyrii
649 718 997 789 gubernantes
1035 716 1371 785 signiﬁcant.
1395 715 1579 785 Itaque
1606 730 1753 769 nunc
1791 715 1988 784 guber-

400 820 596 865 nantes
641 812 871 866 Romani
921 820 1069 866 sunt.
1124 808 1257 863 Nam
1299 824 1487 863 revera
1526 806 1670 863 lleus
1710 807 1982 869 universi,

398 899 773 958 Romanorum
821 904 1088 958 novacula
1120 943 1134 967 ,
1172 902 1277 955 hoc
1334 910 1418 956 est
1452 939 1469 964 ,
1505 901 1649 954 civili
1694 915 1759 953 ac
1793 900 1985 954 bellica

398 992 450 1043 vi
489 1008 706 1048 omnem
749 993 989 1048 Iudaica:
1016 995 1193 1064 gentis
1216 993 1467 1063 gloriam,
1499 991 1553 1045 in
1579 1006 1683 1061 qua
1714 992 1867 1060 prius
1891 1007 1986 1046 su-

406 1082 708 1151 perbiebat,
763 1098 1091 1154 omnemque
1149 1085 1393 1153 ipsorum
1423 1082 1819 1146 fortitudinem,
1864 1098 1986 1152 qua:

407 1191 501 1244 per
550 1174 775 1228 barbam
800 1184 854 1230 et
884 1176 1025 1245 pilos
1065 1177 1261 1247 pedum
1313 1176 1674 1246 signiﬁcatur,
1733 1177 1980 1231 abstulit.

403 1266 589 1337 Neque
624 1268 769 1322 enim
798 1267 905 1321 alio
953 1283 1191 1338 unquam
1215 1277 1462 1337 tempore
1485 1269 1635 1337 prius
1664 1283 1825 1337 quam
1861 1275 1983 1337 post

405 1360 706 1415 Salvatoris
748 1360 943 1420 nostri,
982 1361 1087 1415 hoc
1130 1369 1235 1421 est,
1284 1367 1407 1431 post
1458 1360 1634 1430 ipsius
1663 1360 1983 1415 Emmanuel

402 1460 606 1510 ortum,
660 1465 820 1503 omne
862 1451 970 1505 illis
1000 1459 1383 1504 ornamentum
1417 1450 1643 1505 abstulit
1692 1449 1836 1506 Deus
1886 1467 1983 1521 per

403 1545 768 1614 principatum
819 1544 1213 1600 Roxnanorum.
1250 1544 1355 1599 Sed
1390 1560 1486 1614 pro
1522 1564 1539 1595 ι
1568 1559 1693 1616 rege
1725 1544 1981 1616 Assyrio-

403 1651 523 1688 rum
564 1654 583 1687 ι
617 1634 813 1703 Aquila
852 1632 1112 1703 quidem,
1151 1651 1170 1683 ι
1214 1634 1268 1686 in
1316 1649 1484 1702 regno
1527 1632 1905 1703 Assyriorum,
1954 1651 1973 1684 ι

400 1724 741 1780 Theodotion
766 1731 972 1785 autem,
1010 1742 1028 1773 ι
1057 1723 1110 1776 in
1142 1739 1268 1793 rege
1305 1723 1658 1792 Assyriorum
1695 1748 1714 1775 ι
1748 1739 1977 1778 conver-

396 1817 484 1878 tit,
516 1814 754 1884 itemque
786 1814 1147 1887 Symmachus
1171 1833 1185 1881 ;
1208 1816 1299 1885 qui
1328 1815 1549 1886 quidem
1582 1816 1662 1870 sic
1683 1817 1976 1870 ostendunt

397 1908 542 1976 quod
572 1924 681 1962 non
706 1908 853 1975 regis
877 1908 1228 1971 Assyriorum
1261 1917 1425 1977 caput
1458 1908 1829 1964 abradendum
1852 1924 1974 1963 esse

398 2000 635 2053 minetur
656 2001 961 2061 oraculum,
981 2000 1076 2055 sed
1103 2000 1245 2070 regis
1274 2001 1395 2069 ejus
1426 2001 1710 2066 novacula,
1730 2010 1892 2069 atque
1917 2000 1973 2053 in

395 2104 463 2142 eo
490 2088 610 2155 ipso
636 2102 760 2157 rege
788 2088 1160 2158 Assyriorum,
1199 2091 1266 2143 iis
1290 2104 1412 2158 qua:
1443 2092 1498 2145 in
1537 2089 1639 2144 hac
1689 2090 1973 2159 prophetia

398 2180 749 2234 continentur
765 2179 1101 2242 alliciendam
1133 2197 1256 2237 esse
1283 2180 1568 2235 Judaicam
1599 2181 1973 2252 gentemJlaac

396 2280 577 2326 autem
610 2272 773 2327 etiam
801 2274 919 2343 ipso
943 2283 1143 2337 eventu
1178 2275 1625 2343 comprobantur.
1661 2273 1766 2329 Per
1796 2276 1968 2330 otium

397 2380 527 2420 vero
576 2367 955 2435 unusquisque
998 2367 1103 2420 alia
1134 2369 1419 2438 complura
1442 2408 1457 2431 ,
1489 2368 1534 2423 si
1567 2368 1968 2434 observaverit,

395 2457 540 2527 apud
562 2458 858 2528 prophetas
886 2459 1144 2520 inveniet.
1168 2460 1323 2529 quasi
1350 2459 1417 2515 de
1444 2475 1679 2529 persona
1725 2460 1972 2531 Assyrio.

395 2564 514 2601 rum
570 2549 738 2613 dicta,
772 2564 893 2619 quae
920 2550 1070 2604 nullo
1093 2551 1256 2604 modo
1289 2550 1697 2605 accommodari
1726 2550 1970 2621 Assyriis

392 2645 637 2707 possunt,
677 2639 773 2694 sed
802 2656 969 2710 regno
998 2641 1145 2710 quod
1192 2656 1288 2710 per
1331 2640 1544 2710 singula
1579 2647 1825 2710 tempora
1855 2643 1973 2696 uni-

392 2731 566 2787 versis
588 2732 840 2801 gentibus
887 2731 1465 2787 dominetur..Etenim
1495 2732 1609 2801 jam
1642 2734 1807 2788 etiam
1841 2734 1970 2789 Per-

391 2834 482 2874 sas
517 2819 661 2889 apud
694 2818 949 2877 Hebraeos
998 2821 1306 2877 invenimus
1358 2820 1613 2892 Assyrios
1678 2824 1965 2879 nominari.

391 2912 662 2978 Quocirca
688 2927 833 2967 nunc
865 2928 1084 2983 quoque
1103 2913 1429 2983 putavimus
1457 2914 1825 2985 principatum
1865 2916 1969 2973 Ro-

390 3018 676 3058 manorum
704 3004 810 3058 hoc
829 3006 1053 3064 oraculo
1104 3005 1424 3077 signiﬁcari.
1467 3007 1787 3065 Gubernare
1820 3011 1966 3066 enim

389 3076 567 3163 i‘psum
601 3096 771 3162 hunc,
801 3105 854 3151 et
879 3097 1127 3153 eumdem
1158 3076 1448 3169 gubernari
1473 3117 1501 3156 a
1524 3104 1652 3165 Deo,
1689 3110 1812 3173 post
1845 3103 1965 3157 Sal-
1987 3132 2039 3199 ε

389 3187 595 3240 vatoris
650 3188 826 3242 nostri
883 3188 1175 3243 adventum
1219 3193 1516 3245 cernimus.
1563 3191 1734 3246 Nemo
1786 3201 1966 3247 tamen

390 3277 701 3346 suspicetur
729 3279 911 3332 omnia
946 3295 1047 3334 nos
1076 3280 1280 3347 dicere,
1308 3299 1646 3352 quaaeunque
1680 3285 1737 3338 in
1766 3284 1967 3341 divinis

390 3367 549 3421 libris
581 3366 648 3420 de
678 3368 919 3438 Assyriis
950 3370 1223 3439 leguntur,
1268 3372 1335 3426 ad
1369 3371 1645 3430 Romanos
1682 3391 1805 3431 esse
1834 3377 1967 3432 refe-

390 3459 558 3513 renda
584 3458 814 3530 (fatuum
843 3462 987 3514 enim
1009 3461 1061 3516 id
1074 3472 1235 3532 atque
1255 3465 1605 3535 impudentia:
1623 3469 1963 3540 obnoxium),

390 3551 485 3606 sed
520 3552 789 3621 quasdam
835 3569 959 3609 esse
1006 3556 1357 3625 propheticas
1400 3574 1580 3623 voces,
1613 3562 1961 3627 testimoniis,

389 3660 512 3712 quze
541 3644 609 3699 de
650 3645 868 3699 Christo
895 3645 1167 3713 feruntur,
1204 3650 1522 3720 implicitas,
1556 3670 1696 3723 quas
1729 3655 1963 3711 dicimus

389 3737 456 3792 de
492 3737 751 3793 Romanis
810 3755 904 3808 per
954 3740 1299 3812 Assyriorum
1354 3746 1770 3813 appellationem
1818 3748 1963 3801 acci-

389 3832 615 3899 pienlas
673 3847 739 3886 ex
802 3834 1040 3887 numinis
1101 3839 1570 3906 interpretatione,
1622 3840 1768 3910 quod
1812 3857 1958 3895 sem-

387 3936 485 3991 per
525 3937 749 3991 regnum
815 3923 969 3985 illud,
1001 3924 1146 3993 quod
1179 3942 1272 3995 per
1301 3929 1513 3997 singula
1546 3937 1786 3998 tempora
1834 3946 1964 3999 gen-

389 4010 536 4065 tibus
593 4013 905 4081 impositum
959 4023 1075 4079 est,
1144 4024 1528 4085 repraesentat,
1611 4019 1962 4086 quemadmo-

386 4101 518 4155 dum
567 4119 667 4157 suo
735 4112 980 4175 tempore
1039 4104 1560 4164 demonstrabimus.
1625 4110 1801 4179 Atque
1863 4126 1963 4181 ego

386 4191 605 4259 quidem
639 4233 655 4259 ,
713 4191 841 4248 dum
900 4195 1063 4264 hujus
1121 4197 1479 4262 expositionis
1536 4199 1800 4253 rationem
1847 4216 1963 4254 me-

389 4297 513 4336 cum
565 4282 802 4352 inquiro,
870 4286 1106 4340 arbitror
1159 4288 1229 4342 ob
1274 4289 1410 4342 nihil
1451 4287 1598 4341 aliud
1640 4288 1800 4359 323
1840 4305 1962 4345 ora-

2090 530 2288 584 τοῦσαν
2335 531 2442 583 τῶν
2494 528 2662 583 ἐθνῶν
2714 527 2987 598 βασιλείαν
3032 527 3393 598 σημαίνεσθαι
3418 568 3433 587 .
3466 529 3559 582 διὰ
3603 531 3663 584 τὸ

2090 624 2567 687 κατευθύνοντας
2598 619 2704 674 ἀπὸ
2740 620 2841 689 τῆς
2884 618 3148 690 Ἐϐραίων
3182 621 3363 691 φωνῆς
3400 621 3664 692 ἑρμηνεύ-

2088 712 2243 765 εσθαι
2288 713 2413 776 τοὺς
2461 712 2802 784 Ἀσσυρίους·
2835 709 2977 763 ὥστε
3008 707 3148 770 εἶναι
3191 712 3496 781 Ῥωμαίους
3540 714 3661 776 τοὺς

2086 808 2183 861 νῦν
2213 792 2660 875 κατευθύναντας.
2700 810 2852 863 Ἑπεὶ
2880 810 2976 864 καὶ
3017 807 3232 879 ἀληθῶς
3264 807 3342 879 τῷ
3378 808 3663 878 Ῥωμαίων

2088 899 2254 972 ξυρῷ,
2274 901 2392 970 ἦτοι
2423 904 2489 971 τῇ
2514 901 2761 972 πολιτικῇ
2793 902 2888 954 καὶ
2916 900 3182 972 πολεμικῇ
3208 900 3456 971 δυνάμει,
3484 902 3662 954 πᾶσαν

2084 993 2182 1062 τὴν
2211 991 2367 1057 δόξαν
2392 992 2488 1045 τοῦ
2527 992 2792 1045 Ἰουδαίων
2823 992 3008 1056 ἔθνους
3028 1032 3043 1056 ,
3074 993 3131 1046 ἐν
3218 992 3280 1044 τὺ
3308 993 3438 1063 πρὶν
3464 991 3663 1062 ἐκόμα,

2086 1083 2180 1136 καλ⁵
2208 1085 2388 1136 πᾶσαν
2422 1084 2603 1138 αὐτῶν
2626 1083 2724 1154 τὴν
2752 1085 3005 1155 ἀνδρείαν
3033 1085 3123 1139 διὰ
3146 1085 3239 1138 τοῦ
3274 1084 3540 1155 πώγωνος
3571 1085 3665 1139 καὶ

2082 1175 2192 1227 τῶν
2225 1175 2427 1245 τριχῶν
2460 1176 2555 1229 καὶ
2583 1176 2692 1228 τῶν
2726 1176 2903 1230 ποδῶν
2938 1177 3361 1249 σημαινομένην,
3394 1179 3665 1249 περιεῖλεν

2081 1266 2110 1318 ὁ
2139 1266 2245 1319 τῶν
2279 1266 2414 1320 ὅλων
2445 1267 2597 1329 Θεός,
2638 1268 2773 1320 Οὑδέ
2805 1268 2994 1322 ἄλλοτε
3026 1269 3154 1338 γοῦν
3186 1287 3273 1323 πω
3311 1270 3580 1341 πρότερον
3605 1271 3663 1337 ἐξ

2081 1357 2278 1420 αἰῶνος
2302 1356 2335 1427 ἢ
2371 1356 2510 1427 μετὰ
2539 1357 2637 1431 τὴν
2665 1358 2760 1410 τοῦ
2792 1360 3045 1431 Σωτῆρος
3076 1359 3255 1431 ἡμῶν,
3276 1359 3444 1412 αὐτοῦ
3469 1360 3536 1431 δὴ
3568 1360 3662 1414 τοῦ

2093 1448 2443 1520 Ἐμμανουὴλ
2474 1448 2687 1516 γένεσιν
2706 1489 2720 1511 ,
2752 1451 3021 1521 περιεῖλεν
3064 1450 3240 1503 αὐτῶν
3267 1453 3296 1504 ὁ
3319 1450 3454 1514 Θεὸς
3487 1451 3664 1506 πάντα

2079 1539 2168 1593 τὸν
2196 1541 2420 1612 κόσμον,
2450 1534 2537 1595 διὰ
2570 1542 2669 1612 τῆς
2698 1540 2807 1594 τῶν
2848 1542 3132 1612 Ῥωμαίων
3161 1543 3353 1613 ἀρχῆς.
3397 1543 3545 1595 Ἀντὶ
3577 1543 3659 1605 δὲ,

2079 1631 2172 1686 τοῦ
2202 1632 2465 1703 βασιλέως
2510 1635 2830 1705 Ἀσσυρίων,
2864 1635 2892 1686 ὁ
2925 1634 3022 1704 μὲν
3063 1633 3290 1698 Ἀκύλας
3310 1673 3325 1695 ,
3363 1654 3381 1685 ι
3416 1636 3475 1688 ἐν
3506 1635 3666 1705 βασι·

2079 1723 2199 1797 λείᾳ
2241 1726 2571 1796 Ἀσσυρίων,
2606 1745 2624 1776 ›
2673 1728 2702 1778 ὁ
2736 1726 2793 1779 δὲ
2839 1725 3164 1790 Θεοδοτίων,
3201 1745 3218 1777 ι
3249 1729 3307 1779 ἐν
3334 1725 3414 1796 τῷ
3452 1725 3665 1795 βασιλεῖ

2080 1816 2186 1868 τῶν
2227 1817 2547 1887 Ἀσσυρίων,
2586 1837 2603 1868 ι
2639 1817 2934 1870 ἐκδέδωκεν
2954 1834 2967 1847 ο
3001 1817 3200 1888 ὁμοίως
3230 1818 3287 1871 δὲ
3316 1820 3410 1870 καὶ
3434 1818 3664 1887 Σύμμα-

2080 1924 2171 1978 χος
2194 1924 2207 1936 ·
2239 1908 2408 1975 σαφὲς
2438 1908 2750 1972 ποιοῦντες,
2791 1910 2871 1962 ὃτι
2919 1909 2992 1981 μὴ
3027 1910 3120 1962 τοῦ
3163 1909 3428 1980 βασιλέως
3467 1913 3664 1963 Ἀσσυο

2083 1998 2210 2069 ρίων
2241 1998 2337 2068 τὴν
2368 1999 2610 2069 κεφαλὴν
2644 1999 2897 2072 ξυρήσειν
2927 2003 2956 2052 ὀ
2997 2000 3152 2068 λόγος
3177 2001 3425 2063 ἀπειλεῖ,
3455 2002 3567 2054 ἀλλ’
3601 2005 3659 2055 ἐν

2078 2087 2154 2157 τῷ
2189 2087 2350 2140 αὑτοῦ
2384 2087 2558 2159 ξυρῷ,
2589 2090 2685 2141 καὶ
2709 2092 2767 2142 ἐν
2797 2090 2945 2161 αὐτῷ
2967 2107 3027 2142 τε
3161 2090 3371 2161 βασιλεῖ
3393 2091 3501 2144 τῶν
3541 2093 3662 2143 Ἀσ-

2083 2178 2280 2250 συρίων
2328 2178 2394 2231 τὰ
2449 2181 2898 2252 προφητευόμενα
2943 2181 3219 2252 διαθήσειν
3274 2182 3337 2235 τὸ
3390 2183 3660 2237 Ἰουδαίων

2077 2273 2247 2337 ἔθνος.
2279 2273 2499 2339 Τούτοις
2531 2272 2625 2328 οὖν
2652 2277 2745 2328 καὶ
2794 2278 2826 2347 ἡ
2863 2275 3086 2339 ἔκϐασις
3133 2278 3507 2349 ἐπιμαρτυρεῖ
3549 2277 3659 2330 τῶν

2077 2366 2266 2434 λόγων.
2306 2367 2426 2419 Ἐπὶ
2460 2368 2654 2438 σχολῆς
2682 2369 2739 2421 δέ
2767 2386 2849 2432 τις
2878 2369 2969 2422 καὶ⁵
2989 2369 3216 2424 πλεῖστα
3248 2370 3431 2443 ἕτερα,
3466 2372 3661 2444 ῶσπερ

2076 2459 2155 2521 εἰς
2195 2459 2495 2529 Ἀσσυρίων
2526 2460 2817 2531 πρόσωπον
2851 2463 2909 2513 ἐν
2939 2463 3061 2524 ταῖς
3105 2462 3463 2533 προφητείαις
3508 2466 3660 2534 εἰρη-

2080 2548 2218 2618 μένα
2247 2549 2397 2622 εῦροι
2430 2550 2497 2604 ἂν
2533 2552 2891 2622 ἐπιτηρήσας,
2914 2550 3165 2621 ούδαμῶς
3193 2551 3292 2621 μὲν
3317 2555 3431 2616 τοῖς
3465 2554 3660 2607 Ἀσσυ-

2079 2638 2213 2709 ρίοις
2239 2640 2546 2711 ἐφαρμόσαι
2572 2641 2866 2712 δυνάμενα,
2890 2644 2955 2712 τῇ
2986 2641 3043 2693 δὲ
3093 2643 3466 2716 ἐπικρατούσῃ
3499 2643 3659 2696 καθό-

2074 2730 2164 2783 λου
2196 2730 2305 2783 τῶν
2338 2732 2480 2785 κατὰ
2503 2733 2726 2804 χρόνους
2747 2733 2918 2787 ἐθνῶν
2951 2732 3215 2805 βασιλείᾳ.
3245 2734 3383 2805 Ἤδη
3411 2734 3543 2802 γοῦν
3563 2738 3659 2789 καὶ

2075 2824 2290 2897 Πέρσας
2342 2825 2573 2896 εὕρομεν
2624 2826 2774 2897 παρὰ
2829 2826 3102 2896 Ἑϐραίοις
3155 2827 3472 2899 Ἀσσυρίους
3524 2827 3659 2880 ὠνο-

2076 2917 2404 2986 μασμένους.
2459 2919 2549 2970 Διὸ
2589 2918 2683 2970 καὶ
2724 2916 2828 2970 νῦν
2884 2918 3259 2989 ὑπειλήφαμεν
3317 2918 3657 2973 αἰνίττεσθαι

2072 3008 2163 3063 τὸν
2196 3009 2350 3078 λόγον
2378 3009 2476 3080 τὴν
2505 3011 2790 3080 Ῥωμαίων
2838 3011 3013 3082 ἀρχήν
3034 3029 3046 3040 ·
3084 3011 3518 3065 κατευθύνουσαν
3546 3012 3659 3084 γὰρ

2074 3099 2167 3152 καὶ
2193 3099 2667 3171 κατευθυνομένην
2698 3101 2806 3153 ὑπὸ
2831 3102 2924 3154 τοῦ
2947 3100 3082 3154 Θεοῦ
3119 3100 3258 3171 μετὰ
3283 3101 3381 3171 τὴν
3400 3103 3660 3173 Σωτῆρος

2069 3190 2226 3261 ἡμῶν
2269 3190 2569 3261 παρουσίαν
2620 3191 2853 3262 ὁρῶμεν.
2890 3193 3095 3263 Μηδεὶς
3126 3192 3183 3245 δὲ
3227 3193 3660 3263 ὑπολαμϐανέτω

2068 3283 2248 3335 πάντα
2307 3283 2454 3353 ἡμᾶς
2499 3283 2679 3351 λέγειν
2724 3283 2793 3336 τὰ
2866 3286 2994 3357 περὶ
3044 3284 3344 3357 Ἀσσυρίων
3406 3288 3464 3338 ἐν
3536 3290 3659 3351 ταῖς

2067 3374 2238 3436 θείαις
2291 3375 2565 3446 φερόμενα
2595 3375 2837 3446 Γραφαῖς
2878 3377 2971 3429 ἐπὶ
3006 3377 3313 3447 Ῥωμαίους
3350 3377 3657 3444 ἀνάγεσθαι

2069 3466 2291 3535 (ἠλίθιον
2329 3467 2439 3539 γὰρ
2472 3468 2565 3521 καὶ
2605 3469 2817 3532 ἀναιδὲς
2861 3468 3093 3541 τοῦτο),
3135 3470 3269 3524 ἀλλά
3312 3487 3463 3533 τινας
3507 3466 3657 3523 εἶναι

2066 3558 2411 3628 προφητικὰς
2458 3559 2640 3629 φωνὰς
2677 3562 2795 3625 ταῖς
2850 3561 2979 3632 περὶ
3020 3560 3117 3613 τοῦ
3158 3561 3394 3632 Χριστοῦ
3444 3578 3658 3632 μαρτυ-

2067 3648 2212 3719 ρίαις
2282 3649 2933 3721 συμπεριπεπλεγμένας,
2985 3651 3051 3713 ἃς
3110 3668 3288 3722 φαμεν
3337 3652 3467 3723 περὶ
3519 3654 3661 3707 Ῥω-

2069 3741 2241 3812 μαίων
2280 3740 2608 3795 αἰνίττεσθαι
2639 3741 2725 3795 διὰ
2757 3742 2861 3812 τῆς
2893 3741 3001 3795 τῶν
3034 3743 3335 3814 Ἀσσυρίων
3375 3761 3658 3815 προσηγο-

2069 3833 2189 3905 ρίας
2213 3873 2227 3898 ,
2266 3835 2329 3885 ἐκ
2362 3834 2460 3904 τῆς
2497 3833 2592 3886 τοῦ
2633 3833 2894 3903 ὀνόματος
2922 3835 3214 3904 ἑρμηνείας
3246 3835 3355 3887 αίεὶ
3394 3828 3655 3890 συνιστα-

2068 3924 2235 3995 μένης
2279 3925 2378 3995 τῆς
2426 3924 2569 3979 κατὰ
2601 3925 2825 3996 χρόνους
2875 3925 3278 3998 ἐπικρατούσης
3322 3926 3432 3979 τῶν
3477 3926 3655 3980 ἐθνῶν

2066 4015 2360 4086 βασιλείας,
2391 4017 2467 4081 ὼς
2494 4017 2586 4070 ἐπὶ
2622 4017 2815 4089 καιροῦ
2847 4017 2941 4070 τοῦ
2969 4019 3336 4088 προσήκοντος
3365 4022 3659 4091 mgna-ﬁ}.

2065 4125 2248 4178 σομεν.
2270 4109 2379 4161 Καὶ
2412 4108 2588 4177 ἔγωγε
2616 4109 2706 4162 τὸν
2738 4110 2995 4180 λογισμὸν
3020 4110 3121 4179 τῆς
3148 4111 3321 4181 αὐτῆς
3340 4113 3659 4178 ἀποδόσεως

2065 4200 2204 4271 πρὸς
2233 4201 2466 4271 ἐμαυτὸν
2505 4201 2930 4273 διερευνώμενος
2951 4242 2966 4266 ,
3003 4199 3155 4272 οἶμαι
3187 4203 3255 4255 δι’
3284 4203 3437 4256 οῦδὲν
3463 4204 3658 4275 ἕτερον

2066 4290 2139 4361 μὴ
2164 4291 2424 4361 ὀνομαστὶ
2454 4293 2563 4346 τῶν
2601 4294 2883 4363 Ῥωμαίων
2919 4293 3288 4364 μνημονεῦσαι
3329 4295 3399 4348 τὰ
3436 4313 3659 4367 προφηο

387 4374 510 4426 cula
586 4375 900 4444 prophetica
960 4392 1072 4432 non
1132 4393 1561 4434 commemorare
1638 4383 1959 4435 nominatim

2076 4381 2190 4434 εικὰ
2222 4381 2375 4450 λόγια
2406 4381 2551 4454 ἢδιὰ
2581 4383 2640 4435 τὸ
2673 4383 2884 4452 μέλλειν
2915 4384 3005 4436 ἐπὶ
3033 4384 3131 4453 τῆς
3171 4383 3459 4453 Ῥωμαίων
3494 4386 3658 4456 βασι-

387 4461 686 4529 Romanos,
716 4482 881 4536 quam
915 4469 1058 4538 quod
1094 4469 1353 4525 Romanis
1398 4472 1772 4539 regnantibus,
1837 4470 1957 4526 Sal-

2076 4474 2207 4537 ιείας
2245 4475 2341 4544 τὴν
2386 4474 2480 4526 τοῦ
2534 4473 2784 4543 Σωτῆρος
2829 4474 2984 4543 ἡμῶν
3024 4475 3198 4544 Ἰησοῦ
3253 4478 3492 4548 Χριστοῦ
3536 4480 3658 4533 δια-

387 4559 594 4611 vatoris
655 4560 828 4613 nostri
891 4559 1139 4615 doctrina
1174 4562 1227 4614 in
1261 4578 1452 4617 omnes
1485 4563 1732 4619 homines
1797 4580 1957 4619 suum

388 4648 567 4701 lumen
622 4656 739 4702 erat
789 4651 1045 4714 missura,
1093 4660 1145 4707 et
1192 4650 1489 4723 Scriptura:
1533 4655 1863 4724 prophetica:
1904 4656 1957 4709 in

388 4737 504 4806 ipsa
541 4736 907 4795 Romanorum
952 4745 1083 4798 urbe
1104 4751 1159 4798 et
1194 4745 1250 4797 in
1290 4746 1544 4800 omnibus
1569 4747 1820 4812 gentibus
1844 4746 1956 4801 Ro-

389 4843 552 4909 mano
594 4830 822 4900 imperio
858 4833 1121 4901 subjectis
1162 4834 1521 4903 publica-udae.
1560 4835 1637 4890 Ne
1686 4838 1851 4906 igitur
1891 4839 1958 4893 iis

386 4917 481 4985 qui
527 4918 813 4987 imperium
850 4921 1170 4975 obtinebant
1214 4922 1319 4975 ulla
1355 4924 1592 4976 oriretur
1625 4923 1873 4983 offensio,
1910 4926 1957 4978 si

388 5007 456 5061 de
478 5009 611 5077 ipsis
645 5011 989 5078 apertissime
1019 5014 1283 5081 scriptum
1309 5022 1474 5077 esset,
1508 5017 1778 5071 sermonis
1807 5016 1957 5069 adhi-

390 5101 498 5153 bita
531 5111 613 5154 est
650 5104 703 5155 in
735 5104 974 5158 oraculis
998 5106 1325 5168 obscuritas,
1352 5122 1475 5160 cum
1506 5106 1723 5174 quidem
1750 5108 1804 5161 in
1834 5108 1958 5163 aliis

391 5194 657 5261 pluribus,
681 5202 791 5246 tum
825 5210 951 5247 vero
979 5197 1031 5248 in
1061 5195 1298 5251 Danielis
1331 5197 1632 5251 visionibus
1663 5197 1959 5267 :quemad-

390 5286 608 5337 modum
647 5285 699 5339 in
735 5286 836 5340 hac
872 5303 1107 5357 quoque,
1145 5304 1264 5357 qua:
1293 5306 1436 5343 nunc
1485 5291 1538 5343 in
1566 5291 1819 5345 manibus
1847 5299 1952 5352 est,

390 5377 692 5444 prophetia,
724 5393 844 5446 quae
871 5395 994 5432 cum
1031 5380 1285 5450 Assyrios
1308 5383 1557 5451 appellet,
1591 5382 1957 5451 gubernantes

394 5467 662 5538 intelligit.
687 5469 889 5524 Horum
920 5488 1047 5542 ergo
1071 5475 1353 5541 novacula,
1378 5476 1690 5530 universum
1719 5474 1959 5530 Judaica:

392 5560 568 5626 gentis
599 5571 998 5629 ornamentum,
1035 5575 1155 5633 post
1203 5567 1373 5635 ipsius
1408 5566 1724 5621 Emmanuel
1776 5576 1956 5619 ortum

391 5648 779 5713 abradcndum,
827 5652 928 5706 hoc
971 5663 1053 5707 est
1084 5655 1428 5718 abolendum,
1481 5658 1645 5711 canit.
1696 5656 1958 5712 Prmtczca

393 5740 447 5792 in
476 5755 535 5793 ea
560 5740 645 5795 die
674 5741 737 5796 dc
763 5759 868 5812 qua
887 5745 1088 5800 dictum
1114 5754 1215 5810 est,
1241 5746 1433 5816 ipsius,
1475 5749 1717 5817 inquam,
1746 5748 1957 5803 Emam-

2065 4565 2298 4635 λάμπειν
2330 4567 2409 4629 εἰς
2443 4565 2649 4628 πάντας
2677 4563 2995 4637 ἀνθρώπους
3026 4567 3398 4631 διδασκαλίαν,
3434 4572 3529 4624 καὶ
3555 4572 3656 4635 τὰς

2066 4655 2657 4728 προφητικὰςΓραφὰς
2680 4658 2764 4709 ἐπ’
2793 4658 2963 4728 αὐτῆς
2998 4676 3056 4710 τε
3097 4659 3194 4729 τῆς
3234 4659 3524 4730 Ῥωμαίων
3558 4663 3656 4714 πό-

2064 4746 2219 4810 λεως,
2251 4748 2343 4800 καὶ
2384 4749 2440 4799 ἐν
2473 4749 2605 4800 πᾶσι
2637 4750 2748 4809 τοῖς
2792 4747 2897 4800 ὑπὸ
2927 4748 3231 4817 Ῥωμαίους
3264 4749 3443 4802 ἔθνεσι
3481 4751 3655 4821 δημο-

2068 4838 2358 4891 σιεύεσθαι.
2389 4840 2483 4892 ⁹’[ν’
2517 4835 2608 4893 οὖν
2636 4842 2749 4902 τοῖς
2786 4839 2886 4908 τῆς
2922 4841 3096 4911 ἀρχῆς
3125 4840 3391 4912 κρατοῦσι
3422 4842 3657 4914 δυσαρέο

2068 4947 2253 4999 στησις
2301 4929 2536 5001 μηδεμία
2578 4929 2798 5000 γένηται
2835 4930 2900 4982 ὲκ
2932 4931 3032 5001 τῆς
3079 4930 3345 5002 προδήλου
3384 4932 3516 5002 περὶ
3550 4933 3651 4985 αῦ-

2065 5019 2171 5072 τῶν
2203 5021 2542 5091 ἀναγραφῆς,
2575 5021 2641 5073 δι’
2668 5022 3004 5092 αἰνιγμάτων
3029 5024 3057 5074 ὁ
3088 5022 3243 5090 λόγος
3275 5023 3647 5094 ἐπεκρύψατο,

2066 5109 2123 5161 ἕν
2156 5127 2212 5163 τε
2244 5110 2448 5180 ἑτέροις
2479 5109 2737 5176 πλείοσιν,
2771 5111 2831 5162 οὑ
2869 5110 2973 5182 μὴν
3006 5110 3141 5163 ἀλλὰ
3182 5112 3277 5164 καὶ
3305 5111 3367 5163 ἐν
3401 5114 3525 5175 ταῖς
3554 5111 3645 5164 τοῦ

2065 5201 2260 5272 Δανιὴλ
2297 5201 2570 5273 θεωρίαις,
2603 5201 2885 5273 ὡσπεροῦν
2929 5202 3024 5255 καὶ
3070 5202 3127 5254 ἐν
3164 5204 3230 5272 τῇ
3282 5202 3423 5272 μετὰ
3461 5204 3647 5273 χεῖρας

2065 5292 2401 5364 προφητείᾳ,
2461 5295 2519 5345 ἐν
2658 5293 3082 5356 κατευθύνοντας
3132 5293 3330 5357 αὐτοὺς
3391 5294 3645 5365 ὀνομάζει

2067 5381 2379 5455 προσειπὼν
2419 5383 2753 5455 Ἀσσυρίους.
2803 5383 2893 5454 Τῷ
2940 5383 3145 5437 τούτων
3177 5383 3470 5455 τοιγαροῦν
3505 5382 3646 5455 ξυρῷ

2066 5478 2153 5528 τὸν
2184 5476 2470 5546 σύμπαντα
2502 5476 2713 5546 κόσμον
2731 5474 2823 5527 τοῦ
2863 5474 3129 5529 Ἰουδαίων
3162 5474 3349 5537 ἔθνους
3382 5474 3528 5544 μετὰ
3556 5474 3646 5543 τὴν

2066 5567 2157 5621 τοῦ
2216 5569 2559 5638 Ἐμμανουὴλ
2608 5568 2817 5635 γένεσιν
2864 5565 3324 5637 ἀφανισθήσεσθαι
3379 5565 3643 5628 θεσπίζει.

2070 5661 2189 5712 Ἔτι
2217 5660 2295 5722 δὲ,
2331 5661 2386 5712 ἐν
2437 5662 2502 5729 τῇ
2543 5659 2843 5729 δηλουμένη
2885 5659 3085 5729 ἡμέρᾳ,
3124 5658 3303 5728 (δῆλον
3351 5657 3409 5710 δὲ
3457 5658 3539 5712 ὅτι
3585 5657 3641 5723 τῇ

2067 5750 2159 5802 τοῦ
2204 5750 2565 5823 Ἐμμανουὴλ,
2612 5750 2754 5804 τοῦτ⁶
2801 5751 2913 5805 ἔστι
2968 5750 3066 5821 τῆς
3113 5750 3205 5802 τοῦ
3257 5747 3498 5819 Χριστοῦ
3532 5750 3642 5799 ἐπι-
