3828 6220
426 332 532 389 507

1097 324 1366 382 EUSEBll
1407 320 1893 382 CfESARIENSIS
1929 318 2081 376 OPP.
2121 319 2302 375 PARS
2335 319 2399 375 Η.
2435 350 2506 360 -
2543 317 3039 375 APOLOGETICA.

3576 323 3672 381 508

422 453 726 523 syriorum,
761 450 1129 521 quodcunque
1161 465 1254 519 per
1301 448 1514 517 singula
1550 453 1793 514 tempora
1841 443 1994 514 genti

2112 441 2375 512 ὀνόματος
2417 438 2657 511 ἠγοῦμαι
2689 437 2786 508 τὴν
2818 435 2939 490 καθ’
2979 435 3206 490 ἕκαστον
3237 436 3423 507 χρόνον
3453 439 3669 511 ἐπικρα-

421 544 526 597 bus
574 542 899 611 impositum
950 549 1034 595 est
1085 554 1338 609 regnum,
1397 536 1695 607 signiﬁcari
1747 536 2005 598 arbitror,

422 642 719 703 pr0pterea
751 632 897 702 quod
916 649 982 686 ex
1012 630 1278 685 llebraica
1305 631 1489 699 lingua
1522 626 2009 697 interpretantibus

419 726 633 796 Assyrii
670 725 1018 796 gubernante:
1056 723 1391 792 signiﬁcant.
1415 720 1598 791 Itaque
1627 735 1773 775 nunc
1811 720 2009 789 guber-

421 827 617 873 nantes
661 819 891 872 Romani
941 825 1090 873 sunt.
1144 815 1278 869 Nam
1320 830 1508 869 revera
1546 812 1690 868 Deus
1731 812 2002 874 universi,

419 907 794 966 Romanorum
842 911 1109 965 novacula
1141 949 1155 973 ,
1192 908 1298 962 hoc
1355 915 1439 962 est
1472 945 1490 970 ,
1525 906 1670 959 civili
1715 920 1779 958 ac
1813 904 2005 959 bellica

419 1000 470 1051 vi
510 1016 727 1056 omnem
770 1000 1010 1055 Judaica:
1037 1001 1214 1070 gentis
1237 999 1488 1068 gloriam,
1521 996 1575 1050 in
1600 1011 1704 1066 qua
1735 997 1888 1065 prius
1912 1011 2007 1050 su-

427 1090 730 1158 perbiebat,
784 1106 1112 1160 omnemque
1169 1091 1415 1159 ipsorum
1444 1088 1840 1152 fortitudinem,
1885 1102 2007 1157 qua:

428 1199 522 1252 per
572 1182 796 1236 barbam
822 1191 875 1237 et
906 1182 1047 1252 pilos
1086 1183 1282 1253 pedum
1335 1182 1695 1252 signiﬁcatur,
1755 1182 2001 1235 abstulit.

424 1274 611 1345 Neque
646 1275 791 1329 enim
820 1274 927 1328 alio
974 1289 1213 1345 unquam
1237 1283 1484 1343 tempore
1507 1274 1657 1342 prius
1685 1288 1846 1342 quam
1882 1280 2004 1342 post

427 1366 728 1422 Salvatoris
769 1367 966 1428 nostri,
1004 1368 1109 1421 hoc
1151 1376 1257 1428 est,
1306 1374 1429 1437 post
1480 1366 1656 1435 ipsius
1685 1365 2004 1420 Emmanuel

423 1468 628 1518 ortum.
682 1472 843 1511 omne
884 1458 992 1512 illis
1022 1464 1405 1511 ornamentum
1439 1456 1665 1510 abstulit
1714 1455 1858 1511 Dens
1908 1471 2005 1526 per

425 1554 790 1622 principatum
841 1550 1235 1606 Romanorum.
1273 1550 1378 1605 Sed
1412 1566 1509 1621 pro
1544 1569 1562 1600 ι
1590 1565 1716 1621 rege
1747 1549 2003 1621 Assyrio-

425 1658 546 1697 rum
586 1662 605 1695 ι
640 1641 835 1711 Aquila
875 1639 1093 1710 quidem
1120 1680 1135 1704 ,
1174 1658 1193 1690 ‹
1236 1640 1291 1692 in
1338 1654 1506 1709 regno
1550 1638 1927 1708 Assyriorum,
1977 1656 1995 1688 ι

423 1733 464 1785 Τ
472 1732 764 1788 heodntion
789 1738 994 1792 autem,
1033 1748 1051 1779 ι
1080 1730 1133 1782 in
1165 1745 1291 1799 rege
1327 1729 1681 1798 Assyriorum
1718 1754 1737 1780 ι
1771 1743 2000 1783 conver-

419 1824 507 1887 tit,
539 1822 777 1891 itemque
809 1821 1170 1894 Symmachus
1195 1839 1208 1887 ;
1231 1822 1322 1890 qui
1351 1821 1572 1891 quidem
1605 1821 1685 1875 sic
1705 1821 1999 1875 ostendunt

420 1916 566 1984 quod
595 1931 705 1970 non
729 1915 876 1982 regis
899 1915 1252 1977 Assyriorum
1284 1922 1448 1983 caput
1481 1913 1853 1969 abradendnm
1874 1928 1997 1968 esse

422 2009 659 2061 minetur
679 2008 985 2068 oraculum,
1005 2007 1100 2062 sed
1127 2006 1268 2076 regis
1297 2007 1418 2074 ejus
1450 2006 1734 2071 novacula,
1753 2015 1915 2074 atque
1941 2004 1996 2057 in

419 2112 486 2150 eo
514 2096 634 2163 ipso
660 2110 784 2164 rege
811 2094 1184 2165 Assyriorum,
1222 2097 1289 2150 iis
1313 2110 1435 2164 quae
1467 2097 1522 2150 in
1560 2094 1663 2149 hac
1713 2095 1995 2165 prophetia

422 2188 773 2242 continentur
790 2186 1125 2249 adiciendam
1157 2203 1279 2243 esse
1306 2186 1592 2241 Iudaicam
1622 2186 1997 2258 gentemJlaec

421 2288 602 2335 autem
635 2280 797 2336 etiam
824 2280 943 2350 ipso
967 2290 1166 2344 eventu
1202 2280 1649 2350 comprobantur.
1684 2278 1790 2334 Per
1820 2281 1993 2335 otium

422 2388 551 2428 vero
601 2374 979 2443 unusquisque
1022 2374 1128 2427 alia
1159 2375 1443 2444 complura
1467 2415 1481 2437 ,
1513 2374 1559 2429 si
1592 2373 1992 2439 observaverit,

421 2466 564 2536 apud
587 2466 883 2536 prophetas
910 2465 1169 2527 inveniet,
1192 2467 1347 2535 quasi
1374 2466 1442 2520 de
1468 2480 1703 2536 persona
1748 2465 1996 2535 Assyrioo

420 2573 539 2610 rum
595 2556 762 2620 dicta,
796 2571 918 2626 qua:
945 2557 1094 2611 nullo
1118 2557 1280 2611 modo
1314 2556 1722 2611 accommodari
1750 2555 1995 2626 Assyriis

418 2652 662 2715 possunt,
703 2646 797 2702 sed
826 2663 994 2717 regno
1023 2648 1170 2717 quod
1217 2662 1313 2716 per
1355 2646 1568 2716 singula
1603 2652 1849 2715 tempora
1880 2647 1997 2702 uni-

418 2739 591 2795 versis
613 2739 865 2809 gentibus
912 2740 1258 2795 dominetur..
1276 2737 1491 2793 Etenim
1520 2738 1633 2807 jam
1667 2739 1833 2793 etiam
1866 2739 1995 2793 Per-

417 2842 508 2882 sas
542 2827 686 2896 apud
720 2826 975 2883 llebraaos
1023 2828 1331 2883 invenimus
1383 2826 1638 2897 Assyrios
1703 2829 1991 2884 nominari.

416 2920 687 2986 Quocirca
714 2934 860 2975 nunc
890 2935 1109 2990 quoque
1129 2919 1454 2989 .putavimus
1483 2919 1851 2990 principatum
1890 2921 1994 2977 Ro-

416 3026 702 3066 manorum
729 3011 836 3066 hoc
854 3013 1079 3071 oraculo
1130 3011 1449 3082 signiﬁcari.
1492 3013 1812 3070 Gubernare
1847 3016 1991 3071 enim

415 3084 593 3171 i‘psum
627 3104 797 3169 hunc,
827 3112 880 3159 et
905 3104 1154 3159 eumdem
1184 3105 1474 3175 gubernari
1499 3123 1527 3161 a
1551 3110 1678 3171 Deo,
1714 3115 1837 3178 post
1871 3108 1991 3162 Sal-
2013 3137 2065 3204 ε

416 3194 622 3248 valoris
676 3195 852 3248 nostri
909 3195 1201 3249 adventum
1246 3198 1542 3251 cernimus.
1589 3196 1760 3252 Nemo
1812 3206 1992 3252 tamen

417 3284 728 3354 suspicetur
756 3285 938 3338 omnia
973 3302 1073 3341 nos
1103 3287 1306 3353 dicere,
1334 3305 1672 3359 quaecunque
1707 3291 1762 3343 in
1792 3289 1993 3345 divinis

418 3374 577 3429 libris
608 3373 675 3428 de
705 3376 946 3445 Assyriis
978 3377 1250 3445 leguntur,
1294 3379 1363 3432 ad
1395 3377 1672 3435 Romanos
1709 3396 1831 3437 esse
1861 3382 1993 3437 rele-

418 3466 585 3520 renda
612 3465 841 3537 (fatuum
870 3468 1015 3521 enim
1036 3468 1088 3523 id
1100 3478 1261 3539 atque
1282 3471 1632 3540 impudentia:
1649 3474 1990 3545 obnoxium),

418 3559 513 3614 sed
547 3559 815 3629 quasdam
863 3576 986 3616 esse
1034 3562 1384 3632 propheticas
1427 3580 1607 3629 voces,
1640 3567 1988 3632 testimoniis,

417 3667 540 3720 quae
569 3652 637 3706 de
677 3652 895 3707 Christo
922 3652 1195 3720 feruntur,
1231 3656 1550 3725 implicitas,
1583 3675 1723 3729 quas
1756 3660 1990 3716 dicimus

417 3745 484 3800 de
521 3745 779 3801 Romanis
837 3762 932 3815 per
981 3746 1326 3818 Assyriorum
1382 3751 1797 3819 appellationem
1845 3752 1990 3806 acci-

416 3840 643 3907 penlas
701 3855 768 3894 ex
829 3841 1068 3894 nominis
1129 3844 1598 3912 interpretatione,
1650 3846 1796 3915 quod
1840 3862 1986 3900 sem-

416 3945 513 3999 per
553 3944 777 3999 regnum
843 3930 997 3992 illnd,
1029 3930 1174 4000 quod
1207 3947 1300 4002 per
1329 3935 1541 4002 singula
1574 3942 1814 4003 tempora
1862 3951 1991 4004 gen-

418 4018 564 4073 tibus
621 4020 934 4089 impnsitum
987 4029 1103 4085 est,
1173 4029 1557 4091 repraesentat,
1639 4024 1990 4091 quemadmo-

415 4109 547 4163 dum
595 4127 695 4165 suo
763 4119 1009 4181 tempore
1069 4111 1588 4169 demonstrabimus.
1654 4115 1830 4183 Atque
1892 4131 1991 4185 ego

416 4198 634 4267 quidem
668 4240 684 4266 ,
741 4199 870 4255 dum
928 4202 1092 4271 hujus
1149 4202 1509 4269 expositionis
1564 4204 1828 4258 rationem
1877 4220 1991 4258 me-

417 4305 542 4344 cum
594 4289 831 4360 inquiro,
898 4293 1135 4347 arbitror
1188 4294 1257 4348 ob
1303 4295 1438 4348 nihil
1480 4293 1627 4347 aliud
1669 4293 1829 4364 323
1868 4310 1991 4349 ora-

2110 534 2308 588 τοῦσαν
2354 535 2462 587 τῶν
2513 531 2682 586 ἐθνῶν
2735 529 3008 600 βασιλείαν
3052 529 3453 600 σημαίνεσθαι.
3493 529 3574 583 διὰ
3615 532 3669 584 τὸ

2110 627 2587 690 κατευθύνοντος
2618 622 2725 677 ἀπὸ
2761 622 2861 691 τῆς
2904 620 3168 692 Ἑϐραίων
3202 622 3383 692 φωνῆς
3419 622 3671 693 ἑρμηνεύε-

2108 716 2263 768 εσθαι
2308 717 2433 779 τοὺς
2481 714 2822 786 Ἀσσυρίους·
2855 711 2997 765 ὥστε
3029 708 3168 771 εἶναι
3209 713 3514 782 Ῥωμαίους
3557 714 3669 776 τοὺς

2107 812 2203 864 νῦν
2233 796 2680 879 κατευθύνοντας.
2721 812 2872 865 Ἐπεὶ
2901 812 2997 866 καὶ
3038 809 3251 881 ἀληθῶς
3283 809 3362 880 τῷ
3398 809 3670 879 Ῥωμαίων

2109 903 2275 976 ξυρῷ,
2295 905 2413 974 ἦτοι
2443 907 2510 975 τῇ
2534 904 2782 975 πολιτικῇ
2814 905 2908 957 καὶ
2937 902 3202 974 πολεμικῇ
3228 902 3476 972 δυνάμει,
3504 903 3669 956 πᾶσαν

2105 998 2203 1066 τὴν
2231 995 2388 1061 δόξαν
2413 995 2509 1049 τοῦ
2548 996 2813 1048 Ἰουδαίων
2843 994 3029 1058 ἔθνους
3049 1034 3063 1059 ,
3094 995 3152 1047 ὲν
3238 993 3300 1046 τὺ
3328 994 3458 1065 πρὶν
3484 991 3670 1063 ἐκόμα,

2106 1087 2201 1140 καλ⁵
2229 1089 2410 1140 πᾶσαν
2443 1087 2624 1141 αὐτῶν
2647 1086 2746 1157 τὴν
2774 1088 3026 1158 ἀνδρείαν
3054 1087 3144 1141 διὰ
3166 1086 3259 1140 τοῦ
3295 1085 3557 1156 πώγωνος
3586 1088 3672 1139 καὶ

2103 1178 2213 1231 τῶν
2246 1179 2448 1249 τριχῶν
2482 1180 2577 1231 καὶ
2605 1178 2713 1231 τῶν
2748 1179 2924 1232 ποδῶν
2959 1179 3383 1251 σημαινομένην,
3415 1179 3672 1250 περιεῖλεν

2102 1270 2131 1322 ό
2160 1270 2266 1323 τῶν
2301 1270 2436 1323 ὅλων
2467 1270 2619 1332 Θεός.
2660 1271 2794 1323 Οὐδὲ
2826 1271 3015 1325 ἄλλοτε
3047 1271 3175 1340 γοῦν
3207 1288 3295 1325 πω
3332 1272 3597 1343 πρότερον
3620 1271 3672 1337 ἐξ

2103 1361 2299 1425 αίῶνος
2324 1361 2357 1431 ἢ
2393 1360 2532 1431 μετὰ
2560 1360 2659 1434 τὴν
2687 1361 2782 1413 τοῦ
2814 1362 3066 1433 Σωτῆρος
3097 1360 3276 1433 ἡμῶν,
3297 1360 3464 1414 αὐτοῦ
3490 1360 3555 1432 δὴ
3586 1360 3671 1414 τοῦ

2115 1451 2465 1524 Ἐμμανουὴλ
2497 1452 2709 1520 γένεσιν
2729 1492 2742 1514 ,
2774 1453 3043 1524 περιεῖλεν
3086 1452 3261 1506 αὐτῶν
3288 1454 3317 1506 ὁ
3341 1451 3475 1515 Θεὸς
3507 1452 3672 1507 πάντα

2101 1544 2191 1597 τὸν
2218 1545 2442 1615 κόσμον,
2472 1538 2559 1599 διὰ
2592 1546 2692 1616 τῆς
2721 1543 2828 1597 τῶν
2870 1544 3154 1615 Ῥωμαίων
3183 1544 3374 1615 ἀρχῆς.
3419 1544 3566 1596 Ἀντὶ
3596 1543 3669 1605 δὲ,

2101 1636 2194 1689 τοῦ
2224 1637 2488 1707 βασιλέως
2532 1637 2852 1707 Ἀσσυρίων,
2886 1637 2914 1688 ό
2946 1637 3042 1706 μὲν
3084 1635 3312 1699 Ἀκύλας
3332 1675 3347 1697 ,
3385 1655 3403 1687 ι
3437 1637 3498 1689 ὲν
3529 1636 3674 1706 βασι-

2101 1728 2222 1800 λείᾳ
2264 1730 2594 1801 Ἀσσυρίων,
2629 1749 2647 1780 ι
2696 1731 2724 1781 ό
2758 1728 2815 1781 δὲ
2862 1728 3185 1792 Θεοδοτίων,
3223 1747 3240 1778 ι
3271 1731 3329 1781 ἐν
3355 1726 3435 1797 τῷ
3474 1726 3674 1796 βασιλεῖ

2103 1820 2209 1873 τῶν
2249 1821 2571 1891 Ἀσσυρίων,
2609 1840 2626 1871 ι
2662 1819 2956 1872 ἐκδέδωκεν
2977 1837 2989 1849 ’
3024 1819 3223 1889 ὁμοίως
3253 1820 3310 1872 δὲ
3338 1821 3431 1872 καὶ
3454 1819 3673 1889 Σύμμα-

2103 1929 2194 1982 χος
2217 1928 2229 1940 ·
2262 1911 2432 1979 σαφὲς
2462 1911 2773 1974 ποιοῦντες,
2814 1912 2894 1965 δτι
2941 1911 3015 1983 μὴ
3049 1911 3143 1964 τοῦ
3186 1911 3448 1981 βασιλέως
3491 1914 3674 1964 Ἀσσυ-

2107 2003 2234 2073 ρίων
2265 2002 2361 2072 τὴν
2392 2001 2633 2072 κεφαλὴν
2668 2001 2919 2074 ξυρήσειν
2950 2005 2979 2054 ό
3019 2002 3175 2069 λόγος
3201 2002 3445 2065 ἀπειλεῖ,
3476 2003 3587 2055 ἀλλ’
3619 2005 3669 2055 ὲν

2101 2091 2178 2161 τῷ
2212 2091 2373 2144 αὑτοῦ
2407 2090 2582 2162 ξυρῷ,
2613 2092 2708 2144 καὶ
2733 2094 2790 2144 ὲν
2820 2092 2968 2163 αύτῷ
2991 2110 3050 2144 τε
3184 2092 3394 2163 βασιλεῖ
3415 2092 3527 2145 τῶν
3563 2094 3673 2144 Ἀσ-

2106 2182 2303 2255 συρίων
2351 2182 2419 2235 τὰ
2474 2184 2921 2255 προφητευόμενα
2966 2183 3243 2254 διαθήσειν
3298 2184 3360 2237 τὸ
3413 2185 3671 2237 Ἰουδαίων

2101 2277 2271 2341 ἔθνος.
2302 2277 2523 2342 Τούτοις
2555 2274 2648 2332 οῦν
2675 2279 2769 2331 καὶ
2817 2280 2850 2350 ἡ
2887 2278 3109 2342 ἔκϐασις
3158 2280 3533 2350 ἐπιμαρτυρεῖ
3573 2277 3670 2331 τῶν

2100 2370 2290 2438 λόγων.
2330 2371 2450 2423 Ἐπὶ
2485 2371 2678 2441 σχολῆς
2707 2371 2763 2424 δέ
2790 2388 2873 2434 τις
2902 2371 2993 2424 καὶ
3013 2371 3240 2426 πλεῖστα
3271 2371 3453 2444 ἕτερα,
3492 2374 3672 2445 ῶσπερ

2100 2463 2179 2525 εἰς
2220 2462 2519 2533 Ἀσσυρίων
2551 2463 2841 2534 πρόσωπον
2875 2465 2933 2515 ὲν
2964 2465 3085 2526 ταῖς
3129 2463 3491 2535 προφητείαις
3535 2467 3671 2535 είρη-

2105 2553 2243 2623 μένα
2272 2553 2423 2625 εὖροι
2454 2553 2522 2607 ἂν
2558 2555 2916 2626 ἐπιτηρήσας,
2939 2553 3190 2624 οὐδαμῶς
3217 2553 3317 2624 μὲν
3342 2557 3454 2617 τοῖς
3493 2556 3671 2607 Ἀσσυ-

2104 2642 2237 2713 ρίοις
2264 2644 2570 2715 ἐφαρμόσαι
2597 2644 2890 2714 δυνάμενα,
2916 2646 2980 2714 τῇ
3010 2643 3069 2696 δὲ
3117 2644 3495 2717 ἐπικρατούσῃ
3528 2643 3670 2696 καθό-

2098 2734 2189 2787 λου
2221 2735 2330 2787 τῶν
2364 2735 2504 2789 κατὰ
2529 2737 2751 2807 χρόνους
2772 2735 2942 2789 ἐθνῶν
2976 2734 3240 2806 βασιλείᾳ.
3269 2735 3409 2806 Ἤδη
3437 2735 3571 2804 γοῦν
3589 2737 3671 2788 καὶ

2100 2828 2316 2901 Πέρσας
2367 2828 2597 2899 εὕρομεν
2648 2828 2799 2900 παρὰ
2854 2828 3128 2898 Ἑϐραίοις
3180 2829 3503 2900 Ἀσσυρίους
3554 2828 3670 2881 ὠνο-

2101 2920 2430 2990 μασμένους.
2484 2922 2575 2973 Διὸ
2614 2921 2709 2974 καὶ
2758 2919 2853 2972 νῦν
2910 2920 3284 2990 ὑπειλήφαμεν
3342 2920 3668 2974 αἰνίττεσθαι

2098 3012 2189 3067 τὸν
2222 3013 2377 3082 λόγον
2402 3013 2501 3084 τὴν
2531 3013 2815 3083 Ῥωμαίων
2864 3014 3038 3085 ἀρχήν
3059 3031 3072 3042 ·
3110 3012 3549 3067 κατευθύνουσαν
3574 3012 3669 3083 γὰρ

2099 3104 2193 3157 καὶ
2219 3102 2692 3174 κατευθυνομένην
2724 3103 2831 3156 ὑπὸ
2858 3104 2950 3156 τοῦ
2973 3102 3108 3156 Θεοῦ
3146 3101 3282 3172 μετὰ
3309 3102 3410 3172 τὴν
3431 3104 3669 3174 Σωτῆρος

2096 3194 2252 3265 ἡμῶν
2295 3194 2595 3265 παρουσίαν
2646 3194 2879 3265 ὁρῶμεν.
2917 3195 3121 3264 Μηδεὶς
3152 3194 3209 3247 δὲ
3252 3194 3671 3265 ὑπολαμϐανέτω

2095 3287 2274 3339 πάντα
2333 3287 2480 3357 ἡμᾶς
2526 3286 2705 3354 λέγειν
2750 3286 2819 3339 τὰ
2893 3287 3020 3359 περὶ
3070 3286 3370 3359 Ἀσσυρίων
3438 3289 3497 3340 ὲν
3566 3290 3669 3349 cui;

2094 3378 2265 3441 θείαις
2317 3379 2592 3450 φερόμενα
2622 3379 2862 3449 Γραφαῐς
2904 3379 2997 3432 ἐπὶ
3033 3378 3340 3449 Ῥωμαίους
3378 3377 3667 3445 ἀνάγεσθαι

2095 3469 2318 3539 (ἠλίθιον
2356 3471 2465 3543 γὰρ
2498 3471 2591 3524 καὶ
2631 3471 2842 3535 ἀναιδὲς
2887 3470 3118 3542 τοῦτο),
3161 3471 3294 3524 ἀλλά
3340 3488 3497 3535 τινας
3541 3466 3668 3524 εἶναι

2094 3562 2438 3632 προφητικὰς
2484 3562 2667 3632 φωνὰς
2705 3565 2823 3627 ταῖς
2876 3564 3006 3634 περὶ
3047 3562 3144 3615 τοῦ
3184 3563 3426 3633 Χριστοῦ
3478 3578 3669 3632 μαρτνο

2094 3652 2239 3723 ρίαις
2309 3652 2960 3722 συμπεριπεπλεγμένας,
3012 3653 3078 3715 ἃς
3136 3669 3316 3723 φαμεν
3364 3654 3501 3724 περὶ
3552 3655 3671 3706 Ῥω-

2097 3745 2268 3816 μαίων
2307 3744 2635 3798 αἰνίττεσθαι
2666 3745 2752 3798 διὰ
2784 3744 2888 3814 τῆς
2920 3743 3029 3798 τῶν
3061 3744 3363 3816 Ἀσσυρίων
3405 3760 3668 3816 προσηγο-

2097 3837 2216 3908 ρίας
2240 3877 2255 3902 ,
2293 3838 2357 3889 ἐκ
2389 3837 2488 3908 τῆς
2525 3835 2619 3889 τοῦ
2660 3836 2921 3906 ὀνόματος
2950 3836 3243 3907 ἑρμηνείας
3273 3836 3382 3888 αίεὶ
3426 3830 3667 3889 συνιστα-

2096 3928 2263 3999 μένης
2307 3929 2406 3998 τῆς
2454 3928 2597 3982 κατὰ
2629 3927 2853 3999 χρόνους
2902 3927 3305 4000 ἐπικρατούσης
3351 3928 3465 3981 τῶν
3510 3927 3666 3981 ὲθνῶν

2094 4019 2388 4090 βασιλείας,
2419 4020 2495 4084 ὡς
2521 4020 2614 4073 ἐπὶ
2649 4019 2843 4091 καιροῦ
2874 4019 2969 4072 τοῦ
2998 4021 3365 4091 προσήκοντος
3395 4020 3669 4090 παραστήο

2093 4129 2277 4181 σομεν.
2298 4112 2407 4164 Καὶ
2439 4111 2616 4180 ἔγωγε
2644 4112 2734 4165 τὸν
2766 4112 3024 4183 λογισμὸν
3049 4112 3149 4181 τῆς
3177 4112 3350 4181 αὐτῆς
3368 4114 3669 4175 ἀποδόσεως

2094 4204 2232 4275 πρὸς
2261 4205 2495 4274 ἐμαυτὸν
2533 4203 2959 4275 διερευνώμενος
2980 4244 2995 4269 ,
3032 4200 3184 4274 οἶμαι
3216 4204 3282 4257 δι’
3312 4204 3470 4257 οὐδὲν
3496 4206 3669 4274 ἕτερον

2095 4294 2168 4365 μὴ
2192 4295 2452 4364 ὀνομαστὶ
2483 4296 2591 4349 τῶν
2630 4296 2912 4365 Ῥωμαίων
2949 4294 3316 4366 μνημονεῦσαι
3358 4297 3430 4350 τὰ
3468 4314 3669 4367 προφη-

417 4382 539 4434 cula
615 4383 929 4452 prophetica
988 4399 1100 4438 non
1161 4400 1590 4439 commemorare
1667 4387 1988 4440 nominatim

2099 4385 2219 4438 τικὰ
2251 4384 2405 4454 λόγια
2435 4384 2580 4457 ἢδιά
2610 4385 2669 4438 τὸ
2703 4385 2913 4455 μέλλειν
2944 4386 3034 4438 ἐπὶ
3062 4385 3160 4455 τῆς
3201 4386 3491 4454 Ῥωμαίων
3525 4386 3668 4456 βασι-

417 4469 715 4537 Romanos,
746 4490 910 4544 quam
944 4475 1087 4544 quod
1123 4475 1382 4531 Romanis
1428 4477 1802 4545 regnantibus,
1866 4476 1986 4531 Sal—

2099 4478 2237 4540 λείας
2274 4479 2370 4548 τὴν
2416 4476 2508 4529 τοῦ
2563 4476 2813 4545 Σωτῆρος
2857 4476 3013 4546 ἡμῶν
3054 4477 3227 4546 Ἰησοῦ
3282 4478 3523 4549 Χριστοῦ
3566 4480 3668 4531 δια·

416 4567 623 4619 vatoris
684 4567 857 4621 nostri
920 4566 1170 4622 doctrina
1203 4568 1256 4620 in
1291 4584 1482 4622 omnes
1514 4568 1761 4624 homines
1827 4585 1987 4624 suum

418 4656 597 4709 lumen
652 4663 769 4710 erat
819 4658 1076 4721 missura,
1123 4666 1176 4713 et
1223 4656 1519 4729 Scriptura:
1562 4660 1893 4730 prophetica:
1933 4660 1986 4714 in

418 4745 533 4814 ipsa
570 4744 938 4802 Romanorum
981 4751 1113 4804 urbe
1135 4758 1189 4804 et
1226 4751 1279 4803 in
1320 4752 1574 4806 omnibus
1599 4752 1849 4817 gentibus
1875 4751 1986 4806 Ro-

420 4851 582 4917 mano
625 4838 852 4907 imperio
888 4840 1151 4907 subjectis
1193 4840 1552 4910 publicanda}.
1589 4841 1667 4896 Ne
1716 4843 1881 4911 igitur
1920 4843 1988 4897 iis

417 4925 512 4993 qui
557 4926 844 4995 imperium
880 4928 1201 4981 obtinebant
1244 4929 1349 4981 ulla
1385 4930 1622 4982 oriretur
1655 4928 1903 4988 oll'ensio.
1940 4930 1987 4983 si

418 5015 487 5069 de
509 5016 641 5085 ipsis
676 5018 1020 5085 apertissime
1050 5020 1314 5088 scriptum
1339 5028 1505 5083 esset,
1538 5022 1809 5075 sermonis
1837 5021 1987 5074 adhi-

420 5110 529 5161 bita
562 5119 644 5162 est
680 5112 732 5163 in
766 5111 1005 5165 oraculis
1028 5112 1356 5174 obscuritas,
1382 5128 1506 5166 cum
1537 5113 1753 5180 quidem
1780 5113 1834 5166 in
1865 5113 1990 5168 aliis

422 5201 688 5269 pluribus,
712 5210 822 5253 tnm
855 5218 982 5255 vero
1010 5204 1062 5255 in
1091 5202 1330 5257 Danielis
1361 5204 1663 5257 visionibus
1695 5202 1990 5272 :quemad-

422 5294 639 5345 modum
678 5294 730 5347 in
766 5294 867 5348 hac
902 5311 1138 5365 quoque,
1177 5311 1296 5365 qua}
1325 5312 1467 5350 nunc
1516 5296 1569 5349 in
1597 5296 1851 5350 manibus
1878 5304 1983 5356 cst,

421 5384 723 5451 prophetia,
755 5401 875 5454 quae
902 5403 1025 5439 cum
1062 5387 1316 5458 Assyrios
1340 5389 1589 5457 appellet,
1623 5388 1988 5457 gnbernantes

425 5475 694 5546 intelligit.
718 5477 921 5532 Horum
951 5495 1078 5550 ergo
1102 5482 1385 5547 novacula,
1409 5481 1721 5535 universum
1751 5479 1990 5534 Iudaica:

424 5568 600 5635 gentis
631 5579 1029 5636 ornamentum,
1066 5582 1187 5640 post
1234 5574 1405 5642 ipsius
1441 5572 1756 5627 Emmanuel
1807 5582 1987 5625 ortum

423 5656 811 5721 abradcndum,
859 5659 960 5714 hoc
1003 5671 1085 5714 cst
1115 5661 1461 5724 abolendum,
1512 5664 1677 5715 canit.
1727 5661 1990 5717 Praeterea

426 5748 480 5800 in
508 5764 567 5801 ea
592 5748 677 5804 dic
706 5749 769 5805 dc
795 5767 900 5821 qua
918 5752 1121 5807 dictum
1146 5760 1246 5816 est,
1274 5753 1465 5823 ipsius,
1507 5755 1748 5823 inquam,
1778 5752 1989 5808 Ennna-

2094 4568 2328 4640 λάμπειν
2360 4571 2438 4632 είς
2472 4569 2679 4631 πάντας
2706 4566 3025 4639 ἀνθρώπους
3055 4569 3427 4631 διδασκαλίαν,
3464 4572 3559 4624 καὶ
3581 4569 3667 4631 τὰς

2095 4659 2687 4732 προφητικὰςΓραφὰς
2711 4661 2794 4712 ἐπ’
2822 4660 2993 4730 αὐτῆς
3029 4677 3086 4712 τε
3126 4660 3225 4731 τῆς
3264 4660 3555 4730 Ῥωμαίων
3585 4660 3669 4713 πό-

2094 4751 2248 4814 λεως,
2281 4752 2373 4804 καὶ
2415 4753 2470 4802 ἐν
2503 4753 2635 4804 πᾶσι
2667 4752 2777 4812 τοῖς
2822 4749 2926 4802 ὑπὸ
2957 4749 3261 4819 Ῥωμαίους
3293 4750 3473 4804 ἔθνεσι
3512 4751 3666 4820 δημον

2097 4842 2388 4895 σιεύεσθαι.
2420 4844 2513 4895 "lv’
2547 4838 2638 4896 οῦν
2666 4844 2778 4904 τοῖς
2816 4841 2916 4910 τῆς
2952 4842 3125 4913 ἀρχῆς
3154 4842 3421 4913 κρατοῦσι
3453 4841 3667 4912 δυσαρέ-

2098 4950 2283 5003 στησις
2331 4932 2567 5004 μηδεμία
2609 4933 2828 5003 γένηται
2865 4932 2931 4985 ὲκ
2962 4933 3062 5003 τῆς
3108 4932 3376 5003 προδήλου
3413 4932 3544 5003 περὶ⁵
3577 4930 3663 4983 αύ-

2095 5023 2201 5076 τῶν
2233 5024 2573 5095 ἀναγραφῆς,
2606 5024 2671 5076 δι’
2699 5023 3034 5094 αἰνιγμάτων
3059 5026 3088 5075 ὁ
3118 5022 3274 5092 λόγος
3306 5022 3659 5095 ἐπεκρύψατο,

2097 5114 2153 5166 ἔν
2186 5131 2242 5166 τε
2275 5114 2478 5184 ἑτέροις
2510 5112 2768 5178 πλείοσιν,
2802 5113 2862 5165 οὐ
2900 5112 3004 5184 μὴν
3037 5111 3172 5165 ἀλλὰ
3213 5113 3308 5166 καὶ
3338 5112 3397 5164 ὲν
3430 5114 3551 5173 ταῖς
3577 5108 3658 5161 τοῦ

2096 5204 2290 5276 Δανιὴλ
2328 5205 2601 5277 θεωρίαις,
2634 5204 2915 5275 ὡσπεροῦν
2960 5203 3055 5257 καὶ
3101 5205 3158 5256 ὲν
3195 5206 3262 5274 τῇ
3312 5203 3453 5273 μετὰ
3488 5203 3659 5273 χεῖρας

2096 5297 2431 5368 προφητείᾳ,
2493 5298 2550 5349 ὲν
2689 5295 3114 5358 κατευθύνοντας
3164 5295 3363 5359 αὐτοὺς
3422 5291 3658 5364 ὀνομάζει

2097 5385 2410 5459 προσειπὼν
2449 5386 2785 5458 Ἀσσυρίους.
2834 5385 2923 5456 Τῷ
2971 5385 3176 5439 τούτων
3208 5383 3497 5456 τοιγαροῦν
3530 5378 3659 5450 iam?)

2097 5482 2184 5533 τὸν
2215 5479 2502 5550 σύμπαντα
2533 5480 2745 5548 κόσμον·
2762 5477 2854 5530 τοῦ
2895 5476 3161 5531 Ἰουδαίων
3193 5475 3381 5539 ἔθνους
3412 5473 3550 5545 μετὰ
3575 5470 3658 5539 τὴν

2098 5571 2189 5625 τοῦ
2248 5572 2591 5642 Ἑμμανουὴλ
2640 5571 2849 5639 γένεσιν
2896 5567 3358 5639 ἀφανισθήσεσθαι
3412 5562 3655 5626 θεσπίζει-

2102 5665 2220 5716 Ἕτι
2249 5664 2326 5725 δὲ,
2363 5665 2417 5716 ὲν
2469 5665 2535 5732 τῇ
2574 5662 2874 5732 δηλουμένη
2916 5660 3117 5731 ἡμέρᾳ,
3156 5660 3334 5729 (δῆλον
3384 5659 3438 5711 δὲ
3485 5658 3561 5711 ὅτι
3600 5653 3653 5719 τῇ

2099 5754 2191 5807 τοῦ
2236 5754 2596 5828 Ἐμμανουηλ,
2645 5754 2785 5808 τοῦτ’
2832 5754 2945 5808 ἔστι
3000 5752 3098 5822 τῆς
3144 5751 3237 5804 τοῦ
3291 5747 3523 5820 Χριστοῦ
3554 5746 3653 5794 int-
