3828 6220
119 342 223 401 509

990 333 1645 393 DEMONSTRATIONIS
1676 329 2141 387 EVANGELICE
2181 329 2313 388 LIB.
2347 327 2463 383 VII.

3292 324 3396 380 M0

114 456 390 528 φανείη.)
425 475 444 507 ι
495 455 718 527 Θρέψει,
749 471 767 503 ι
821 452 1005 523 φησὶν,
1057 469 1075 501 ι
1128 449 1413 521 ἄνθρωπος
1468 448 1747 519 δάμαλιν]

1804 446 1950 511 nuel,
1984 460 2104 516 qua
2122 453 2208 499 est
2230 445 2350 499 dies
2376 443 2645 497 adventus
2669 438 2899 504 Christi,
2929 456 2948 489 ι
2977 436 3215 503 Nulriet,
3254 458 3273 490 ›
3309 439 3392 491 in-

115 550 281 623 βοῶν,
312 550 409 603 καὶ
436 546 529 600 δύο
552 545 827 618 πρόϐατα·
856 543 950 596 καὶ
982 542 1155 607 ἔσται,
1189 541 1298 594 ἀπὸ
1334 540 1429 593 τοῦ
1456 539 1705 593 πλεῖστον

122 620 294 694 ποιεῖν
325 639 487 709 γάλα.
520 637 775 708 βούτυρον
806 620 900 688 καὶ
936 633 1055 704 μέλι
1086 633 1320 701 φάγεται
1344 632 1452 694 πᾶς
1478 633 1506 684 6
1538 647 1706 683 κατα-

108 730 357 798 λειφθεὶς
378 729 472 780 ἐπὶ
497 727 596 797 τῆς
616 725 739 797 γῆς.
782 744 801 776 ι
832 724 909 777 Δι’
936 717 1012 776 ὧν
1035 723 1165 793 φαίη
1197 722 1261 775 ἄν
1291 738 1373 784 τις
1400 721 1518 791 ἦτοι
1549 720 1706 790 λιμὸν

113 820 472 883 αἰνίττεσθαι,
523 820 617 871 καὶ
662 817 935 888 πτωχείαν
995 814 1438 888 ὑπερϐάλλουσαν
1497 811 1591 866 τοῦ
1642 813 1707 864 ὲκ

122 912 423 985 περιτομῆς
452 910 602 974 λαοῦ,
637 909 711 981 μὴ
745 907 1102 980 εὐποροῦντος
1139 906 1236 985 μὲν
1270 905 1370 975 τῆς
1418 905 1525 958 ἀπὸ
1557 903 1704 957 σίτου

116 980 261 1060 κατὰ
311 980 475 1074 ξρύ-σιν
519 980 743 1075 τροφῆς,
779 1000 911 1073 μηδὲ
949 1000 1061 1070 γῆν,
1091 980 1368 1066 ἀροῦντος,
1412 997 1507 1049 καὶ⁹
1549 995 1706 1048 σπεί-

119 1116 345 1167 ροντος,
397 1097 492 1151 καὶ
536 1093 869 1168 θερίζοντος,
928 1093 1062 1163 μηδὲ
1116 1091 1350 1162 ποίμνας
1398 1089 1703 1163 προϐάτων,

121 1192 257 1264 μηδὲ
294 1191 431 1263 βοῶν
453 1189 650 1259 ἀγέλας
680 1185 1041 1256 κεκτημένου,
1072 1184 1331 1254 ἐχομένου
1357 1183 1416 1236 δὲ
1448 1181 1542 1235 δύο
1574 1198 1706 1251 προ-

118 1285 303 1338 ϐάτων
336 1282 431 1337 καὶ
456 1280 739 1351 δαμάλεως
775 1279 925 1349 μιᾶς,
966 1276 1026 1330 τὸ
1068 1276 1272 1329 τούτων
1309 1275 1450 1344 γάλα
1484 1274 1704 1345 ποριζο-

120 1376 307 1446 μένου.
342 1375 415 1429 Ἣ
442 1374 614 1436 ἄλλως
638 1369 1001 1444 τροπολογῶν,
1031 1369 1122 1423 τὸν
1156 1370 1253 1439 μὲν
1278 1366 1705 1435 καταλειφθέντα

122 1468 212 1519 ἐπὶ
242 1466 347 1535 τῆς
377 1465 480 1534 γῆς
506 1461 834 1517 αἰνίττεσθαι
862 1461 993 1531 φαίη
1032 1459 1097 1512 ἂν
1138 1459 1228 1512 τὸν
1252 1458 1362 1512 τῶν
1388 1459 1453 1511 ὲκ
1486 1473 1704 1528 περιτο-

121 1558 228 1628 μῆς
250 1559 333 1620 εἰς
356 1557 447 1610 τὸν
470 1557 699 1627 Σωτῆρα
723 1555 817 1608 καὶ
845 1554 1049 1626 Κύριον
1077 1555 1110 1624 ή
1120 1552 1236 1624 μῶν
1266 1549 1705 1604 πεπιστευκότων

116 1648 434 1701 ἀποστόλων
463 1664 526 1701 τε
573 1647 666 1700 καὶ
691 1643 1089 1714 εὐαγγελιστῶν
1121 1643 1306 1715 χορόν·
1337 1635 1412 1696 ὧν
1453 1640 1703 1704 ἕκαστος,

115 1743 332 1814 λεῖμμα
360 1742 480 1795 κατ’
508 1739 738 1811 ἐκλογὴν
764 1738 985 1809 χάριτος
1008 1733 1269 1805 γεγονὼς,
1304 1735 1401 1787 καὶ
1431 1732 1519 1786 διὰ
1547 1731 1706 1784 τοῦτο

113 1845 142 1894 ὁ
189 1831 571 1902 καταλειφθεὶς
615 1831 707 1884 ἐπὶ
744 1830 845 1900 τῆς
889 1829 992 1900 γῆς
1028 1825 1435 1898 ὠνομασμένος,
1482 1823 1706 1895 θρέψειν

114 1928 337 1996 ὶέγεται
379 1924 611 1996 δάμαλιν
656 1922 813 1993 βοῶν,
847 1924 940 1977 καὶ
983 1921 1076 1974 δύο
1110 1919 1377 1991 πρόϐατα,
1418 1918 1545 1990 τρία
1585 1917 1706 1971 καθ’

113 2021 359 2089 ἑκάστην
373 2016 699 2088 Ἐκκλησίαν
728 2016 1004 2085 τάγματα,
1036 2013 1094 2066 ἒν
1129 2013 1230 2083 μὲν
1252 2012 1314 2064 τὸ
1337 2010 1446 2063 τῶν
1468 2009 1707 2081 ἡγουμέ-

112 2132 244 2177 νων,
268 2113 364 2165 δύο
393 2111 449 2164 δὲ
478 2109 549 2164 τὰ
586 2110 694 2162 τῶν
740 2106 1176 2177 ὑποϐεϐηκότων,
1210 2104 1305 2157 τοῦ
1331 2104 1433 2173 τῆς
1469 2101 1703 2172 Ἐκκλη-

116 2206 240 2268 σέας
268 2204 366 2257 τοῦ
396 2198 632 2274 Χριστοῦ
667 2198 798 2252 λαοῦ
832 2199 910 2262 εἰς
943 2196 1037 2250 δύο
1069 2197 1323 2265 τάγματα
1351 2192 1701 2265 διῃρημένου,

110 2314 124 2324 ·
145 2297 197 2361 ἴς
229 2314 293 2349 τε
319 2296 380 2349 τὸ
405 2294 510 2348 τῶν
538 2290 764 2350 πιστῶν,
796 2290 891 2343 καὶ
918 2287 1026 2341 τῶν
1085 2285 1308 2358 μηδέπω
1338 2285 1437 2356 τῆς
1465 2283 1554 2337 διὰ
1585 2283 1706 2336 λου-

121 2386 251 2457 τροῦ
281 2380 699 2454 παλιγγενεσίας
720 2379 1056 2451 ἠξιωμένων,
1079 2373 1160 2441 οἷς
1186 2376 1278 2430 καί
1313 2391 1476 2446 φησιν
1504 2376 1533 2428 6
1564 2374 1707 2437 θεῖος

123 2476 482 2539 ’Δπόστολος⁹
517 2475 692 2530 «Γάλα
726 2472 870 2543 ὑμᾶς
897 2471 1142 2533 ἐπότισα,
1172 2468 1233 2521 οὐ
1265 2466 1479 2538 βρῶμα.
1514 2484 1533 2516 ι
1568 2465 1707 2528 Τοὺς

106 2572 165 2624 δὲ
203 2572 265 2623 ἐν
290 2568 391 2640 ἤδη
424 2566 730 2639 τελειοτέρᾳ
767 2554 1112 2624 καθεστῶτας
1136 2558 1268 2624 ἕξει,
1310 2556 1539 2629 δάμαλιν
1570 2556 1705 2627 βοῶν

108 2663 348 2725 εἰκότως
412 2658 714 2717 ἀποκαλεῖ,
774 2659 1085 2726 γεννήματα
1148 2651 1499 2721 τελειοτέρων
1567 2648 1705 2719 βοῶν

108 2755 509 2826 τυγχάνοντας,
537 2746 649 2815 οἶος
677 2748 839 2812 αὐτὸς
881 2743 950 2818 ἦν
980 2748 1009 2798 6
1043 2742 1382 2806 Ἀπόστολος,
1420 2742 1547 2812 περὶ
1578 2741 1705 2794 ἑαυ-

104 2848 209 2903 τοῦ
240 2848 341 2901 καὶ
374 2845 483 2898 τῶν
524 2840 921 2914 παραπλησίως
966 2836 1116 2908 αὐτῷ
1148 2834 1464 2906 καμνόντων
1496 2832 1667 2901 λέγων
1687 2850 1700 2863 δ

112 2963 130 2993 ι
170 2939 274 3011 Μὴ
301 2937 409 2992 τῶν
436 2936 571 3007 βοῶν
605 2935 757 3006 μέλει
786 2932 864 3003 τῷ
882 2931 1042 3001 θεῷ;
1076 2950 1094 2981 ι
1133 2930 1166 3002 ἢ
1202 2928 1270 2981 δι’
1308 2928 1456 2999 ήμᾶς
1490 2926 1707 2988 πάντως

104 3037 296 3104 λέγει;
345 3032 444 3103 Εῖη
475 3030 531 3082 δὲ
573 3028 640 3083 ἂν
664 3027 759 3080 καὶ
788 3028 896 3079 πᾶν
922 3024 983 3078 τὸ
1007 3023 1191 3093 τάγμα
1205 3021 1314 3075 τῶν
1343 3020 1442 3091 τῆς
1479 3018 1707 3090 Ἐκκλη-

106 3129 239 3190 σξας
272 3120 650 3195 προεστώτων,
696 3117 862 3190 ἀροῦν
897 3134 957 3170 τε
1005 3116 1100 3170 καὶ
1152 3116 1418 3187 γεωργεῖν
1456 3112 1558 3178 τὰς
1594 3112 1704 3164 τῶν

105 3218 422 3292 ἀνθρώπων
451 3213 626 3286 ψυχάς
667 3207 1180 3283 ἐγκεχειρισμένων,
1213 3205 1443 3277 δάμαλις
1483 3205 1700 3275 ὠνομα-

107 3313 292 3383 σμένη
324 3307 482 3380 βοῶν,
507 3304 819 3374 γεννήματα
841 3300 1182 3370 τυγχάνουσα
1204 3296 1308 3349 τῶν
1332 3294 1702 3349 ἀποπολικῶν

103 3402 338 3473 τρόπων
357 3414 418 3449 τε
443 3395 537 3448 καὶ
563 3391 918 3464 μαθημάτων,
935 3389 983 3443 οἳ
1009 3388 1102 3442 καὶ
1132 3389 1212 3451 εἰς
1236 3385 1484 3441 τοσοῦτον
1503 3385 1703 3456 ἀρετῆς

106 3491 404 3547 ἐπιδώσειν
421 3488 685 3557 λέγονται,
697 3484 773 3547 ὡς
787 3485 851 3537 ὲκ
867 3480 1186 3549 πολυγονίας
1203 3480 1453 3534 τοσοῦτον
1475 3476 1703 3549 προϐάλ-

104 3582 303 3639 λεσθαι
325 3582 546 3651 γόνιμον
568 3578 661 3631 καὶ
679 3576 893 3645 λογικὸν
911 3577 1032 3637 ταῖς
1052 3574 1439 3642 είσαγωγικαῖς
1456 3570 1703 3623 διδασκα-

104 3678 254 3739 λίαις
268 3674 433 3743 γάλα,
449 3671 522 3735 ὡς
538 3671 630 3724 καὶ
644 3669 859 3740 ἐτέρους
879 3665 1099 3738 μυρίους
1116 3663 1402 3737 τρέφεσθαι
1424 3660 1483 3727 ἐξ
1499 3660 1696 3714 αὐτῶν.

106 3768 336 3822 Τούτων
358 3764 416 3816 δὲ
441 3763 566 3833 περὶ
598 3761 706 3814 τῶν
738 3756 1204 3826 καταλειφθέντων
1239 3756 1330 3808 ἐπὶ
1355 3754 1455 3824 τῆς
1480 3753 1585 3824 γῆς
1606 3769 1700 3822 γε-

106 3857 453 3930 νησομένων,
479 3852 663 3924 ἕτερόν
690 3869 740 3905 τι
767 3846 1142 3920 συμϐήσεσθαι
1171 3847 1228 3899 έν
1255 3848 1319 3916 τῇ
1349 3845 1530 3916 ήμέρᾳ
1559 3844 1702 3896 ὲκεί-

106 3968 196 4023 νῃ,
235 3948 421 4020 (δῆλον
468 3945 525 3998 δὲ
552 3946 633 3997 ὃτι
682 3946 739 3996 ὲν
768 3940 846 4011 τῷ
877 3939 1054 4012 χρόνῳ
1089 3939 1188 4009 τῆς
1227 3936 1320 3990 τοῦ
1358 3934 1701 4007 Ἐμμανουήλ

111 4036 469 4112 παρουσίας,)
494 4033 893 4105 προαναφωνεϊ.
915 4030 979 4082 Τί
1003 4029 1060 4082 δὲ
1080 4028 1234 4081 τοῦτο
1256 4045 1270 4093 ;
1290 4047 1307 4078 ι
1333 4028 1448 4090 Πᾶς
1467 4027 1651 4089 τόπος,
1675 4044 1693 4077 ι

106 4132 270 4201 φησὶ,
305 4146 327 4179 ‹
367 4124 461 4180 τοῦ
506 4128 570 4178 ὲκ
621 4122 924 4194 περιτομῆς
967 4118 1118 4184 λαοῦ,
1142 4120 1225 4189 ἐφ’
1250 4115 1311 4172 οὗ
1349 4113 1489 4190 ἦσαν
1534 4116 1699 4187 χίλιαι

106 4220 359 4294 ἄμπελοι
404 4216 588 4290 χιλίων
635 4213 855 4279 σίκλων,
883 4215 962 4276 είς
1014 4212 1205 4284 χέρσον
1239 4210 1450 4264 ἔσονται
1496 4210 1590 4262 καὶ
1618 4210 1698 4273 εἰς

105 4313 381 4370 ἄκανθαν.
415 4308 569 4363 Μετά
600 4306 708 4379 γάρ
743 4306 925 4377 βέλους
973 4304 1067 4357 καὶ
1104 4303 1431 4372 τοξεύματος
1459 4300 1696 4353 εἰσελεύ-

109 4423 301 4461 σονται
336 4404 456 4455 ἐκεῖ
477 4398 653 4471 (δῆλον
676 4399 719 4452 δ’
747 4399 830 4451 ὅτι
865 4397 914 4449 οἱ
938 4392 1225 4465 πολέμιοι),
1262 4394 1343 4446 ὅτι
1377 4392 1570 4464 χέρσος
1604 4391 1698 4444 καὶ

1806 540 1946 609 quit,
1984 556 2002 589 ‹
2033 538 2197 591 homo
2225 537 2517 606 juvencam
2545 534 2732 596 boum,
2764 541 2820 587 et
2858 532 2997 586 duas
3029 536 3242 597 oves,et
3263 529 3391 591 erit,

1805 647 1871 686 ex
1914 645 1979 685 eo
2014 628 2162 699 quod
2206 628 2503 698 plurimum
2539 625 2702 695 faciet
2743 624 2847 688 lae,
2882 623 3140 694 butyrum
3187 631 3243 676 et
3293 622 3399 674 mel

1807 722 2076 787 comedet,
2125 722 2307 776 omnis
2356 720 2450 790 qui
2485 719 2711 773 relictus
2760 716 2925 771 fuerit
2970 716 3024 769 in
3076 724 3242 769 terra.
3278 732 3297 765 ι
3341 710 3398 764 lu

1805 815 2006 885 quibus
2050 814 2235 869 verbis
2277 827 2409 868 sane
2459 811 2661 865 dixerit
2692 808 2912 879 aliquis,
2944 806 3160 862 Judaici
3203 804 3398 876 populi

1809 906 2008 961 famem
2082 911 2575 976 paupertatemque
2644 904 2970 956 immensnm
3040 897 3341 969 signiﬁcari
3380 935 3396 961 ,

1806 996 2007 1066 quippe
2028 996 2123 1066 qui
2151 1010 2325 1065 neque
2357 994 2572 1049 triticeo
2594 991 2943 1061 naturalique
2972 991 3095 1045 cibo
3116 989 3188 1043 sit
3210 988 3387 1043 abun-

1807 1087 2058 1149 daturus,
2078 1102 2156 1147 ,εχ
2196 1101 2262 1141 eo
2306 1085 2452 1155 quod
2496 1099 2674 1154 neque
2721 1092 2922 1138 terram
2976 1082 3174 1145 arabit,
3211 1096 3390 1151 neque

1808 1178 2121 1241 semiuabit,
2150 1193 2324 1247 neque
2349 1183 2536 1242 metet,
2555 1191 2733 1244 neque
2761 1188 2952 1245 greges
2977 1173 3182 1235 ovium,
3212 1187 3389 1242 neque

1807 1269 1970 1324 boum
2022 1276 2267 1322 armenta
2325 1281 2704 1337 possessurus,
2762 1264 2857 1319 sed
2913 1264 3204 1318 habiturus
3246 1262 3388 1318 duas

1806 1377 1938 1416 oves
1968 1367 2023 1415 et
2046 1360 2339 1429 juvencam
2376 1374 2564 1423 unam,
2593 1358 2794 1427 quibus
2826 1358 2911 1410 lae
2945 1356 3157 1426 sibiipsi
3187 1370 3388 1425 suppe-

1806 1456 1941 1508 ditet
1970 1470 1981 1504 :
2007 1461 2102 1508 aut
2132 1453 2310 1515 aliter,
2346 1454 2573 1522 ﬁgurate
2600 1453 2851 1520 loquens,
2880 1466 3003 1506 eum
3034 1451 3128 1520 qui
3163 1451 3216 1504 in
3240 1458 3386 1504 terra

1806 1548 2030 1602 relictus
2062 1546 2156 1611 sit,
2192 1545 2501 1615 signiﬁcare
2533 1543 2734 1599 dixerit
2757 1559 2823 1599 ex
2843 1542 3044 1597 Judaais
3068 1543 3161 1611 qui
3185 1542 3241 1595 in
3273 1539 3387 1595 Sal-

1807 1647 2047 1695 vatorem
2083 1654 2147 1692 ac
2182 1637 2471 1693 Dominum
2496 1644 2748 1692 nostrum
2777 1634 3127 1700 crediderint,
3160 1641 3384 1703 aposto-

1807 1733 1986 1787 lorum
2050 1742 2215 1801 atque
2267 1731 2731 1802 evangelistarum
2798 1729 3060 1792 chorum,
3109 1742 3141 1783 e
3185 1728 3386 1798 quibus

1809 1822 2209 1892 unusquisque,
2235 1837 2359 1876 cum
2391 1818 2692 1876 secundum
2722 1818 3042 1873 electionem
3073 1817 3262 1887 gratia:
3295 1831 3382 1871 re-

1807 1914 1972 1968 lictus
1998 1915 2090 1973 sit,
2120 1919 2176 1967 et
2206 1912 2291 1966 ob'
2310 1910 2387 1973 id,
2427 1910 2650 1964 relictus
2679 1908 2732 1960 in
2762 1919 2906 1961 terra
2931 1906 3266 1972 nominatus,
3295 1905 3387 1974 ju-

1808 2017 2032 2057 vencam
2059 2002 2222 2056 boum
2257 2011 2312 2055 et
2337 1998 2476 2053 duas
2514 2012 2645 2052 oves
2675 1996 2877 2050 dicitur
2908 1994 3241 2056 nutriturus,
3275 2001 3389 2048 ter-

1806 2108 1907 2148 nos
1926 2083 2182 2148 'videlicet
2206 2106 2302 2162 per
2331 2089 2576 2158 singulas
2620 2086 2893 2141 Ecclesias
2939 2084 3184 2148 ordines,
3216 2098 3384 2137 unum

1805 2185 2022 2255 quidem
2048 2198 2240 2238 eorum
2265 2181 2357 2251 qui
2395 2180 2641 2250 praesint,
2677 2179 2819 2232 duos
2852 2183 3034 2230 autem
3068 2188 3257 2229 eorum
3291 2173 3385 2242 qui

1806 2274 2036 2343 subjecti
2068 2273 2200 2338 sint,
2228 2288 2355 2326 cum
2384 2270 2641 2326 Ecclesia:
2658 2268 2861 2323 Christi
2894 2266 3128 2337 populus
3159 2265 3214 2319 in
3244 2264 3387 2318 duos

1805 2366 2027 2420 ordines
2047 2365 2119 2419 sit
2145 2364 2377 2429 divisus,
2415 2362 2469 2415 in
2492 2376 2681 2416 eorum
2713 2360 2807 2429 qui
2835 2358 3086 2421 credunt,
3113 2365 3167 2410 et
3195 2370 3385 2411 eorum

1804 2458 1898 2529 qui
1946 2458 2186 2512 nondum
2235 2456 2301 2510 ad
2346 2455 2549 2507 lavacri
2601 2451 3072 2523 regenerationem
3116 2445 3386 2517 assuntpti

1806 2553 1937 2616 sint,
1975 2552 2042 2607 ad
2091 2567 2230 2622 quos
2276 2551 2442 2605 etiam
2473 2547 2694 2602 divinus
2739 2543 3034 2614 Apostolus
3067 2541 3143 2594 ait
3174 2560 3187 2595 :
3222 2559 3241 2590 ‹
3277 2538 3387 2593 Lac

1803 2642 1962 2699 vobis
1987 2648 2174 2711 potum
2215 2639 2362 2704 dedi,
2394 2653 2504 2692 non
2535 2650 2717 2691 escam
2742 2634 2808 2688 ³⁸.
2829 2653 2847 2686 ι
2879 2633 2983 2688 Eos
3014 2646 3143 2687 vero
3159 2632 3250 2700 qui
3271 2630 3387 2699 jam

1806 2740 1920 2787 tum
1962 2733 2017 2786 in
2060 2732 2250 2786 habitu
2299 2726 2625 2801 perfectiora
2667 2724 3046 2785 constiterint,
3091 2722 3386 2791 juvencam

1803 2828 1966 2883 boum
1985 2825 2179 2880 merito
2202 2824 2458 2895 appellat,
2481 2823 2683 2892 quippe
2705 2819 2799 2889 qui
2819 2815 3201 2888 perfectiorum
3222 2813 3388 2868 boum

1804 2917 1947 2973 fetus
1980 2917 2113 2982 sint,
2146 2914 2460 2986 cujusinodi
2507 2913 2624 2983 ipse
2678 2910 2780 2964 fuit
2824 2908 3140 2978 Apostolus,
3182 2904 3275 2975 qui
3318 2903 3388 2958 de

1764 2992 1775 3009 ’
1806 3009 1989 3079 scipso
2024 3018 2188 3078 atque
2237 3007 2305 3061 iis
2335 3005 2426 3074 qui
2473 3003 2638 3059 simili
2682 3000 2846 3055 modo
2873 3008 2934 3053 ut
2966 2998 3082 3068 ipse
3112 2997 3382 3058 laborant,

1808 3100 1882 3152 ita
1918 3099 1996 3151 ait
2025 3116 2037 3151 :
2085 3116 2103 3148 ι
2146 3094 2403 3164 Nunquid
2438 3093 2508 3147 de
2552 3092 2727 3146 bobus
2760 3103 2893 3143 cura
2921 3095 3004 3142 est
3050 3085 3191 3140 Deo?
3221 3083 3389 3157 325

1806 3206 1874 3244 an
1906 3196 2127 3260 propter
2157 3204 2259 3243 nos
2281 3187 2508 3241 omnino
2537 3184 2671 3238 dicit
2696 3182 2776 3236 ‘7?
2810 3202 2827 3232 ι
2863 3181 2969 3235 erit
2995 3189 3175 3234 autem
3205 3179 3387 3234 omnis

1804 3297 2023 3352 quoque
2053 3281 2190 3336 ordo
2221 3293 2411 3334 eorum
2444 3277 2537 3348 qui
2569 3275 2831 3329 Ecclesiae
2859 3278 3123 3343 praesunt,
3157 3270 3387 3340 quibus-

1802 3391 1910 3446 que
1940 3373 2131 3427 arandi
2166 3381 2219 3427 et
2257 3371 2471 3426 colendi
2513 3370 2726 3422 animas
2757 3365 3039 3420 hominum
3068 3377 3201 3416 cura
3229 3376 3385 3415 man—

1802 3465 1928 3520 data
1951 3471 2057 3528 est,
2070 3462 2322 3532 juveucae
2348 3461 2511 3515 boum
2544 3459 2762 3513 nomine
2793 3454 3155 3527 signiﬁcatus,
3184 3454 3387 3524 quippe

1802 3557 1895 3627 qui
1938 3554 2367 3626 apostolicorum
2421 3553 2627 3607 rituum
2681 3566 2745 3605 ac
2803 3556 3198 3620 prmceptorum
3243 3545 3388 3600 fetus

1801 3648 2052 3714 exsistat,
2092 3647 2299 3716 quique
2325 3645 2489 3699 etiam
2521 3645 2577 3696 in
2604 3645 2803 3697 virtute
2831 3657 3003 3711 usque
3035 3639 3171 3693 adeo
3205 3637 3386 3690 incre-

1802 3747 2044 3795 mentum
2085 3745 2420 3808 accepturus
2461 3736 2686 3798 dicitur,
2720 3742 2779 3787 ut
2808 3749 2874 3787 ex
2903 3733 3044 3786 fetus
3076 3727 3387 3799 multiplici-

1801 3837 1932 3893 tate,
1961 3836 2171 3884 tantum
2205 3826 2460 3898 genitalis
2495 3825 2893 3894 rationalisque
2944 3822 3102 3876 lactis
3126 3817 3383 3874 introdu-

1801 3922 1992 3976 etoriis
2021 3921 2293 3975 doctrinis
2329 3921 2400 3973 sit
2447 3918 2801 3979 suffecturus,
2830 3925 2889 3969 ut
2933 3930 3000 3968 ex
3034 3928 3101 3968 eo
3131 3913 3383 3969 innume-

1801 4011 2002 4065 rabiles
2027 4010 2123 4064 alii
2152 4008 2430 4063 nutrieudi
2461 4008 2589 4062 sint.
2620 4005 2792 4059 Porro
2822 4018 2944 4057 cum
2968 4001 3086 4055 haec
3116 4000 3183 4056 iis
3209 4002 3302 4070 qui
3325 4002 3382 4056 in

1802 4113 1947 4159 terra
1977 4103 2151 4159 relicti
2177 4102 2403 4165 fuerint,
2441 4100 2623 4155 futura
2663 4110 2778 4153 tum
2808 4104 3015 4159 essent,
3046 4095 3192 4149 aliud
3223 4095 3382 4165 quid-

1799 4196 1924 4250 dam
1956 4195 2012 4249 in
2043 4194 2131 4249 die
2151 4194 2264 4259 illa,
2300 4200 2545 4261 tempore
2581 4188 2832 4242 videlicet
2863 4187 3131 4241 adventus
3163 4184 3381 4238 Emma-

1798 4286 1948 4349 nuel,
1972 4293 2293 4340 eventurum
2320 4282 2586 4353 praedicit.
2619 4278 2777 4345 Quod
2817 4285 3000 4332 autem
3034 4276 3173 4331 hoc?
3203 4295 3221 4326 ι
3253 4272 3385 4329 Om-

1798 4380 1905 4442 nis,
1946 4397 1965 4428 ι
2002 4376 2199 4446 inquit,
2238 4393 2257 4425 ‹
2297 4376 2449 4428 locus
2482 4371 2695 4426 Judaici
2738 4369 2948 4439 populi,
2981 4368 3035 4421 in
3069 4382 3180 4437 quo
3219 4371 3382 4420 erant

108 4458 331 4553 άκανθα
378 4458 728 4547 ἕσται-πᾶσα
764 4491 799 4561 ή
838 4489 930 4559 γῆ.
974 4506 993 4540 ι
1030 4458 1140 4540 Καὶ
1184 4458 1282 4539 θέα
1324 4458 1518 4554 γετόσα
1551 4486 1606 4537 έν
1631 4485 1696 4553 τῇ
1732 4489 1747 4543 1

1804 4470 1950 4525 mille
1974 4470 2115 4525 vites
2153 4484 2252 4539 pro
2282 4467 2431 4520 mille
2456 4465 2628 4527 siclis,
2656 4464 2710 4517 in
2744 4470 2946 4516 terram
2970 4461 3230 4515 incultam
3252 4458 3379 4522 erit,

105 4591 302 4663 ἡμέρα
328 4586 425 4640 τοῦ
461 4582 824 4656 Ἐμμανουὴλ,
875 4579 1020 4648 λέγω
1085 4578 1141 4632 δὲ
1188 4579 1246 4630 ὲν
1298 4575 1377 4647 τῷ
1418 4576 1516 4646 τῆς
1551 4576 1684 4628 ἀνα-

104 4681 279 4750 τολῆς
308 4676 488 4748 καιρῷ
540 4673 758 4744 λογικοῦ
801 4672 997 4742 φωτὸς,
1041 4668 1134 4723 τοῦ
1176 4668 1264 4721 διὰ
1308 4667 1402 4720 τοῦ
1451 4667 1700 4737 Σωτῆρος

103 4773 274 4844 ἡμῶν
306 4774 387 4834 είς
417 4770 624 4830 πάντας
652 4763 970 4838 ἀνθρώπους
1021 4759 1446 4831 ἐπιλάμψαντος,
1482 4759 1611 4829 περὶ
1641 4756 1701 4810 τὸ

118 4864 398 4919 Ἰουδαίων
423 4861 571 4922 ἔθνος
600 4857 817 4911 ἔσεσθαι
859 4857 888 4908 6
936 4853 1092 4922 λόγος
1136 4852 1400 4917 θεσπίζει,
1447 4851 1702 4922 δυνάμεις

104 4976 167 5010 τε
213 4954 588 5026 ἀκαθάρτους,
638 4952 731 5004 καὶ
780 4947 1078 5018 πολεμικὰς
1124 4945 1222 5008 τὰς
1271 4945 1438 4999 πάλαι
1488 4944 1546 4996 ὲν
1590 4944 1702 5005 τοῖς

105 5051 328 5105 ἔθνεσιν
364 5044 691 5118 ἐνεργούσας
722 5042 776 5095 ἓν
811 5058 870 5094 τε
902 5038 1161 5109 Αἰγύπτῳ
1192 5038 1286 5091 καὶ
1314 5039 1380 5108 τῇ
1411 5035 1563 5108 χώρᾳ
1592 5034 1701 5088 τῶν

120 5139 462 5212 Ἀσσυρίωνο
493 5136 560 5200 ἀς
584 5134 679 5188 τοῦ
723 5134 931 5204 Κυρίου
973 5131 1311 5204 συρίσαντος,
1343 5130 1437 5182 καὶ
1462 5128 1702 5198 ὡσπερεὶ

107 5233 599 5307 παρορμήσαντος,
639 5228 731 5280 καὶ
769 5223 1316 5297 παρακελευσαμένου
1364 5221 1586 5283 αὑταῖς,
1634 5222 1700 5290 τῇ

107 5326 273 5397 χώρᾳ
314 5322 481 5392 φησὶν
532 5320 712 5373 αὐτῶν
759 5313 1165 5380 ἐπελεύσεσθαι,
1209 5314 1297 5367 διὰ
1338 5312 1400 5366 τὸ
1448 5312 1701 5365 τοιούτων

108 5414 279 5479 ἀξίαν
315 5409 631 5479 γεγονέναι·
677 5408 771 5462 καί
825 5403 1233 5460 ἀναπαύσεσθαι
1270 5403 1370 5466 τὰς
1410 5402 1703 5473 εἰρημένας

108 5505 379 5573 δυνάμεις
400 5502 566 5571 φησὶν
598 5502 655 5553 ἐν
678 5498 936 5572 φάραγξι,
969 5498 1064 5552 καὶ
1093 5499 1150 5550 έν
1171 5497 1439 5568 τρώγλαις
1467 5494 1698 5565 πετρῶν,

108 5600 191 5664 εἶς
224 5615 291 5651 τε
330 5596 400 5649 τά
439 5594 703 5665 σπήλαια,
762 5592 853 5646 καὶ
901 5593 978 5654 εἰς
1028 5591 1207 5644 πᾶσαν
1243 5589 1450 5660 ραγάδα
1501 5587 1697 5654 αὐτῶν,

184 5778 234 5809 ³⁸
270 5774 448 5831 lCor.
492 5791 571 5838 in,
602 5774 655 5827 ‘2.
742 5778 781 5804 ⁸⁷
821 5774 993 5828 lCor.
1032 5787 1106 5835 ix,
1148 5771 1199 5825 9.

1802 4574 1855 4618 et
1880 4564 1935 4616 in
1965 4562 2198 4632 spinam.
2233 4559 2367 4614 Nam
2389 4574 2513 4612 cum
2543 4557 2738 4626 sagitta
2770 4564 2822 4609 et
2854 4568 2985 4606 arcu
3009 4550 3382 4621 ingredieutur

1803 4656 1933 4710 illuc
1970 4638 2208 4726 (constat
2247 4668 2377 4707 vero
2406 4652 2509 4705 hoc
2536 4650 2642 4705 dici
2676 4648 2743 4703 de
2776 4645 3071 4716 hostibus),
3121 4643 3380 4714 quoniam

1801 4757 1948 4803 terra
2003 4749 2206 4802 inculta
2254 4755 2309 4802 et
2338 4746 2493 4816 spina
2517 4744 2622 4799 erit
2650 4742 2830 4797 omnis
2873 4748 3043 4794 terra.
3080 4758 3098 4789 ι
3135 4737 3201 4792 Et
3250 4751 3382 4793 sane

1803 4848 1989 4910 specta
2019 4854 2181 4910 quam
2226 4838 2395 4891 multa
2426 4838 2481 4890 in
2525 4835 2615 4890 die
2658 4832 2998 4897 Emmanuel,
3042 4830 3169 4884 dico
3198 4836 3379 4883 autem

1802 4949 1910 5003 quo
1949 4940 2192 5002 tempore
2235 4929 2501 4984 rationale
2552 4927 2735 4983 lumen
2781 4933 2866 4979 est
2912 4925 3204 4981 oriturum.
3235 4919 3381 4990 quod

1803 5036 1900 5089 per
1933 5018 2270 5074 Salvatorem
2295 5025 2542 5072 nostrum
2576 5016 2629 5069 in
2666 5029 2857 5069 omnes
2901 5013 3149 5067 homines
3178 5011 3381 5066 emica-

1804 5113 1901 5176 bit,
1946 5108 2189 5166 Judaicae
2219 5109 2367 5181 genti
2408 5115 2671 5164 eventura
2718 5106 3002 5160 oraculum
3052 5111 3234 5157 canat.
3277 5100 3379 5155 lm-

1803 5202 2036 5256 mundas
2064 5201 2208 5256 enim
2243 5209 2405 5269 atque
2434 5199 2665 5253 hostiles
2706 5203 3026 5266 potestates,
3061 5209 3181 5263 quae
3205 5207 3380 5262 quon-

1803 5294 1928 5346 dam
1955 5294 2100 5348 inter
2135 5298 2324 5364 gentes
2358 5291 2653 5345 efﬁcaciam
2690 5286 3203 5343 suam-exercebant
3234 5292 3289 5338 et
3324 5284 3378 5337 in

1805 5386 2064 5457 Egypto,
2102 5385 2238 5440 etin
2294 5386 2515 5454 regione
2557 5380 2936 5451 Assyriorum,
2980 5376 3210 5430 Domino
3240 5374 3376 5429 sibi-

1804 5479 1950 5534 lante
1975 5487 2029 5534 et
2058 5478 2216 5548 quasi
2242 5477 2554 5548 impellente
2599 5482 2762 5544 atque
2791 5473 3118 5527 adhortante
3145 5483 3259 5531 eas.
3286 5482 3373 5521 re-

1804 5571 2018 5642 gionem
2050 5572 2296 5642 ipsorum
2334 5570 2621 5626 invasuras
2653 5570 2749 5632 ait,
2788 5575 3078 5637 propterea
3109 5561 3255 5634 quod
3291 5566 3375 5614 ta-
