3828 6220
458 313 559 372 ιιι

1137 306 1407 363 EUSEBH
1446 304 1929 364 Cr’ESARlENSIS
1967 304 2026 361 Ο]

2164 303 2347 359 psus
2379 303 2448 359 ιι.
2482 334 2557 348 -.
2592 271 3093 359 APOLOGETICA.

3634 299 3733 354 5|!

456 429 602 482 libus
636 424 801 495 digna
830 425 1089 484 evaserit.
1124 422 1456 492 easdemque
1490 430 1790 492 potestates
1817 421 2026 490 quietu'

2146 420 2285 473 κατά
2339 419 2438 491 μὲν
2484 419 2758 482 διάνοιαν,
2794 418 2852 472 ἐν
2896 419 3017 480 ταῖς
3060 414 3262 485 ψυχαῖς
3307 412 3513 476 αὐτῶν,
3545 411 3639 465 xui
3679 416 3730 465 ἐν

454 534 546 573 ras
584 518 651 571 in'
687 514 1030 570 convallibus
1065 519 1121 566 et
1163 511 1529 566 foraminibus
1562 521 1862 583 petrarum,
1892 519 1944 565 et
1985 511 2040 565 in

456 605 758 676 speluncis.
794 615 847 659 et
868 605 923 658 in
955 602 1104 657 omni
1134 604 1376 673 scissura
1403 604 1645 673 ipsorum
1677 622 1690 657 :
1726 603 1793 656 ad
1818 616 2037 657 sensum

454 699 674 768 quidem
702 699 760 752 in
790 696 989 751 animis
1020 695 1287 765 ipsorum,
1314 703 1368 749 et
1390 695 1444 749 in
1471 697 1604 765 ipsis
1631 695 1882 765 corporis
1912 712 2008 751 seu
2027 723 2041 736 -

455 793 630 856 sibus,
665 800 716 845 et
756 788 1199 859 cogitationibus,
1234 795 1288 842 et
1315 787 1566 842 discissis
1596 789 1840 857 ipsorum
1885 802 2038 840 men-

454 882 642 948 tibus;
677 880 743 934 ad
778 881 1003 935 verbum
1038 888 1219 933 autem
1256 878 1423 948 (quod
1450 878 1668 947 quidem
1694 878 1747 931 in
1780 886 2035 946 promptu

453 970 584 1041 est),
636 985 733 1040 per
780 976 950 1022 totam
995 972 1239 1038 ipsorum
1296 968 1596 1037 regionem.
1643 965 1800 1032 Quod
1856 966 2034 1035 ipsum

454 1076 588 1117 sane
617 1063 741 1131 quis
773 1077 881 1114 non
916 1060 1239 1125 admiretur,
1269 1074 1392 1113 cum
1425 1059 1603 1113 oculis
1638 1069 1827 1113 cernat
1852 1058 2036 1111 inimi-

451 1168 549 1209 cos
580 1153 824 1222 ipsorum
873 1167 1090 1207 omnem
1133 1149 1335 1205 Judaeae
1386 1150 1575 1205 locum
1607 1164 1932 1219 occupasse,
1980 1156 2034 1204 et

449 1253 708 1299 externos
725 1243 1254 1311 simulacrorumque
1280 1242 1522 1296 cultores
1545 1240 1796 1294 homines
1824 1241 1878 1293 in
1904 1254 2035 1293 cun-

450 1338 558 1391 ctis
599 1337 844 1406 ipsorum
888 1335 1206 1390 civitatibus
1253 1342 1309 1389 et
1348 1334 1669 1404 regionibus
1714 1332 2031 1402 quievisse?

448 1424 570 1480 Non
605 1426 772 1496 igitur
800 1425 886 1480 bis
925 1426 1058 1480 solis
1090 1440 1186 1479 eos
1214 1439 1339 1480 esse
1374 1423 1690 1479 alliciendos
1726 1423 1803 1475 ait
1835 1438 2030 1475 oracu-

450 1517 584 1580 lum,
642 1515 738 1570 sed
781 1515 946 1571 etiam
994 1514 1261 1570 novacula
1303 1515 1423 1583 ejus
1468 1514 1818 1584 Assyriorum
1864 1512 2026 1581 regis,

447 1623 609 1678 quem
638 1622 740 1662 nos
767 1606 1146 1676 intelligimus,
1166 1615 1220 1660 et
1247 1612 1409 1674 caput
1439 1620 1654 1667 eorum,
1684 1611 1739 1658 et
1767 1603 1907 1672 pilos
1937 1618 2030 1670 pc-

447 1700 600 1766 dum,
631 1708 687 1755 et
729 1701 983 1767 barbam,
1012 1716 1230 1754 omnem
1265 1700 1537 1762 videlicet,
1571 1714 1681 1768 quo
1722 1698 1825 1767 ipsi
1849 1713 2019 1767 quon-

2147 512 2267 575 ταῖς
2302 511 2397 564 τοῦ
2431 509 2681 581 σώματος
2711 508 3035 578 αἰσθήσεσι,
3080 509 3193 570 τοῖς
3225 523 3289 558 τε
3320 504 3607 574 λογισμοῖς
3643 504 3732 557 καὶ

2147 606 2266 666 ταῖς
2297 603 2680 676 διερῤωγυίαις
2708 603 2888 656 αὐτῶν
2910 601 3170 664 διανοίαις
3189 616 3203 629 δ
3231 598 3374 652 κατὰ
3397 595 3457 653 δέ
3484 596 3587 668 τὴν
3608 597 3731 669 πρό-

2145 713 2328 768 χειρον
2360 695 2526 760 λέξιν,
2563 695 2684 749 καθ’
2713 694 2842 765 ὅλης
2869 692 3049 747 αὐτῶν
3079 692 3178 763 τῆς
3205 689 3406 762 χώρας.
3434 690 3501 742 Ὅ
3526 687 3626 742 xui.
3654 689 3731 751 τίς

2143 791 2244 843 οὐκ
2285 788 2350 842 ἂν
2381 786 2845 859 ἀποθαυμάσειεν,
2888 783 3184 855 ὀφθαλμοῖς
3212 782 3355 854 ὀρῶν
3403 781 3534 844 τοὺς
3578 780 3731 832 πολε-

2147 882 2302 952 μίους
2335 880 2512 936 αὐτῶν
2545 880 2725 933 πάντα
2756 879 2918 932 τόπον
2965 877 3068 946 τῆς
3106 875 3366 938 Ἰουδαίας
3408 871 3733 943 κατειληφόο

2141 989 2260 1037 τας,
2299 972 2393 1025 xui
2425 971 2551 1036 τούς
2596 988 2661 1041 γε
2700 968 3030 1039 ἀλλοφύλους
3075 968 3170 1021 καὶ
3214 964 3613 1035 εἰδωλολάτραις
3645 964 3731 1015 ἀνα

2143 1063 2394 1136 θρώπους
2428 1065 2488 1117 ἐν
2515 1064 2718 1126 πάσαις
2741 1062 2917 1116 αὐτῶν
2941 1060 3127 1115 πόλεσί
3157 1077 3218 1112 τε
3246 1059 3340 1113 xui
3365 1055 3577 1128 χώραις
3608 1055 3733 1108 ἀνα-

2142 1154 2559 1226 πεπαυμένους;
2593 1156 2667 1209 Οὐ
2688 1154 2862 1207 ταῦτα
2880 1153 2938 1207 δέ
2962 1153 3068 1225 ἄρα
3093 1152 3228 1223 μόνα
3259 1148 3537 1221 διαθήσειν
3572 1148 3730 1218 φησὶν

2139 1243 2336 1307 αὐτοὺς
2355 1245 2384 1295 6
2412 1242 2589 1311 λόγος,
2617 1241 2752 1296 ἀλλά
2782 1242 2930 1314 ξυρῷ
2951 1246 3045 1299 τοῦ
3068 1240 3389 1312 νενοημένου
3419 1241 3553 1310 ἡμῖν
3584 1239 3732 1309 βασιο

2137 1333 2273 1396 λέως
2306 1332 2603 1404 Ἀσσυρίων
2638 1330 2737 1403 τὴν
2771 1330 3011 1402 κεφαλὴν
3044 1329 3242 1392 αὐτῶν,
3276 1328 3371 1382 καὶ
3399 1327 3501 1390 τὰς
3538 1327 3731 1398 τρίχας

2136 1424 2248 1477 τῶν
2284 1421 2485 1487 ποδῶν,
2517 1422 2610 1476 xui
2638 1423 2728 1476 τὸν
2763 1421 3020 1490 πώγωνα,
3060 1421 3237 1474 πάντα
3263 1419 3465 1489 δηλαδὴ
3499 1416 3596 1471 τὸν
3634 1419 3733 1471 πά-

2135 1514 2224 1567 λαι
2257 1513 2637 1584 περικείμενον
2684 1514 2866 1577 αὐτοῖς
2903 1511 3107 1583 κόσμον
3154 1510 3425 1583 ξυρήσειν.
3472 1511 3639 1563 Κατά
3680 1511 3733 1565 δὲ

2134 1606 2232 1677 τὴν
2260 1604 2426 1675 αὐτὴν
2454 1605 2686 1676 ἡμέραν,
2715 1606 2810 1658 xui
2848 1604 2990 1659 κατά
3020 1604 3115 1657 τὸν
3153 1603 3313 1656 αὑτὸν
3345 1602 3537 1675 χρόνον
3575 1605 3735 1656 ἀπει-

2133 1696 2214 1748 λεῖ
2251 1698 2307 1748 ἐν
2349 1695 2555 1768 ἐσχάτῃ
2590 1694 2750 1766 πενίᾳ.
2783 1694 2876 1748 τοῦ
2933 1694 3077 1747 κατά
3116 1694 3248 1747 Θεὸν
3292 1693 3524 1746 πλούτου
3571 1712 3739 1748 κατα-

447 1794 573 1847 dam
610 1789 786 1847 aliecti
824 1799 1007 1857 erant,
1032 1799 1283 1845 ornatum
1316 1791 1710 1846 abradendum.
1736 1789 1849 1844 Sub
1878 1805 2026 1844 eam-

2136 1787 2430 1859 στήσεσθαι
2463 1790 2678 1851 αὐτοὺς,
2716 1787 2792 1851 ὡς
2841 1788 2918 1859 μὴ
2959 1788 3138 1859 ἄρτων
3186 1786 3415 1855 λογικῶν
3451 1786 3730 1858 εὐπορεῖν,

441 1888 569 1939 'dem
608 1899 738 1938 vero
762 1883 907 1937 diem
938 1884 1079 1936 hanc
1106 1890 1161 1937 et
1194 1882 1298 1936 sub
1329 1881 1471 1937 idem
1511 1889 1729 1950 tempus
1755 1880 1822 1933 ad
1849 1888 2030 1936 extre-

448 1988 592 2029 mam
639 1975 790 2043 ipsos
819 1972 1136 2027 divitiarum
1165 1971 1258 2027 Dei
1305 1973 1590 2042 penuriam
1623 1972 1865 2025 minatur
1906 1986 2029 2026 esse

448 2066 800 2136 redigendos,
832 2079 1007 2133 usque
1032 2064 1167 2119 adeo
1209 2071 1267 2118 ut
1300 2072 1355 2119 et
1382 2080 1520 2134 pane
1551 2064 1829 2128 rationali,
1864 2064 2025 2134 385

447 2166 504 2212 et
530 2157 708 2212 solido
768 2156 1152 2225 spiritualique
1183 2157 1307 2210 cibo
1348 2156 1459 2212 sint
1491 2156 1743 2219 carituri,
1785 2157 2031 2227 satisque

446 2246 712 2309 habituri,
742 2245 790 2300 si
821 2246 981 2309 lacte,
1014 2244 1119 2300 hoc
1150 2253 1233 2299 est
1276 2245 1474 2315 puerili
1519 2244 2030 2314 introductorioque

447 2351 721 2401 sermone,
753 2335 1089 2391 nutriantur.
1119 2334 1201 2389 Ad
1236 2335 1371 2400 haec,
1393 2335 1534 2390 vites
1554 2337 1799 2405 ipsorum
1826 2335 1881 2387 in
1921 2343 2032 2388 ter-

448 2442 566 2483 ram
590 2430 850 2484 incultam
884 2430 1019 2485 fore.
1052 2449 1071 2482 ι
1097 2429 1394 2499 Postquam
1427 2429 1596 2493 enim,
1625 2448 1643 2480 ι
1680 2428 1868 2497 utipse
1900 2444 2027 2497 pro-

447 2521 612 2591 pheta
634 2521 730 2585 ait,
765 2539 785 2571 ι
806 2520 1044 2591 agricola
1070 2521 1213 2576 idem
1243 2529 1296 2575 et
1327 2534 1517 2574 eorum
1542 2517 1806 2574 Dominus
1832 2534 2030 2588 exspe-

445 2614 636 2676 ctavit,
669 2613 801 2666 dum
824 2614 980 2667 vinea
1007 2628 1168 2667 uvam
1201 2611 1387 2674 ferret,
1417 2631 1434 2662 ι
1458 2626 1633 2680 eaque
1659 2610 1887 2680 protulit
1917 2610 2032 2679 spi—

446 2718 569 2766 nas,
601 2713 655 2757 et
686 2704 1127 2760 vociferationem
1159 2702 1474 2775 quamdam,
1504 2717 1614 2757 non
1653 2710 1835 2757 autem
1864 2702 2031 2772 justi-

445 2796 580 2849 tiam
643 2794 925 2865 tquocirca
985 2798 1148 2850 etiam
1201 2809 1386 2864 sepem
1448 2792 1570 2863 ejus
1632 2792 1923 2856 auferens,
1975 2798 2031 2845 et

448 2886 709 2955 parietem
745 2894 1016 2953 evertens,
1048 2887 1114 2940 ad
1148 2894 1350 2940 terram
1382 2885 1643 2939 incultam
1692 2884 1909 2938 vineam
1942 2900 2030 2939 re-

444 2979 738 3033 dacturum
779 2994 838 3033 se
866 2978 1120 3041 atlirmat,
1148 2985 1201 3032 et
1231 2992 1350 3032 eam
1385 2976 1626 3031 inimicis
1671 2974 2024 3038 traditurum,

446 3085 586 3139 quos
619 3085 742 3124 cum
776 3071 974 3139 sagitta
1007 3076 1062 3124 et
1101 3083 1232 3122 arcu
1263 3068 1391 3121 illuc
1427 3067 1504 3119 ait
1536 3067 1904 3137 ingressuros,
1935 3068 2026 3121 ubi

2136 1882 2274 1951 μήτε
2316 1882 2543 1952 στερεᾶς
2586 1881 2682 1934 xui
2727 1880 3103 1950 πνευματικῆς
3141 1878 3369 1951 τροφῆς,
3400 1878 3634 1949 ἀγαπᾷν
3679 1879 3733 1931 δέ

2130 1973 2363 2040 γάλακτι
2411 1972 2729 2043 τρέφεσθαι,
2790 1971 2869 2042 τῷ
2920 1970 3179 2041 νηπιώδει
3236 1971 3329 2024 xui
3376 1970 3733 2039 εἰσαγωγικῷ

2130 2063 2291 2134 λόγῳ.
2328 2064 2449 2117 Ἔτι
2489 2064 2625 2135 πρὸς
2656 2063 2866 2127 τούτοις
2888 2063 2983 2117 xui
3010 2063 3108 2125 τὰς
3132 2063 3411 2133 ἀμπέλους
3430 2062 3624 2115 αὐτῶν
3658 2066 3733 2126 εἰς

2130 2154 2323 2225 χέρσον
2356 2154 2594 2209 ἔσεσθαι.
2626 2173 2643 2205 ι
2688 2153 2906 2222 Ἐπειδὴ
2933 2152 3062 2224 γὰρ,
3107 2172 3124 2202 ι
3158 2153 3232 2215 ὡς
3262 2154 3291 2207 ὁ
3317 2152 3481 2215 αὐτὸς
3512 2155 3733 2224 προφή-

2129 2262 2229 2316 της
2269 2245 2454 2316 φησὶν,
2489 2263 2507 2295 ι
2549 2248 2764 2315 ἔμεινεν
2808 2246 2836 2297 ό
2883 2244 3126 2314 γεωργὸς
3163 2244 3277 2315 ἅμα
3319 2246 3414 2298 καὶ
3457 2242 3729 2316 δεσπότης

2129 2336 2317 2403 αὑτοῦ,
2342 2337 2435 2392 τοῦ
2465 2338 2689 2408 ποιῆσαι
2723 2335 2998 2407 σταφυλὴν
3040 2336 3130 2390 τὸν
3176 2336 3507 2408 ἀμπελῶνα’
3553 2358 3575 2389 ι
3619 2341 3650 2392 ὁ
3680 2339 3729 2390 δὲ

2129 2431 2383 2502 ἐποίησεν
2403 2431 2667 2495 ἀκάνθας,
2686 2431 2781 2484 xui
2803 2431 2862 2483 οὐ
2891 2430 3261 2500 δικαιοσύνην,
3285 2430 3421 2485 ἀλλὰ
3450 2433 3724 2503 κραυγήν-

2131 2519 2228 2589 (διὸ
2260 2522 2355 2574 xui
2378 2519 2625 2591 ἀφαιρῶν
2655 2518 2745 2572 τὸν
2784 2518 3035 2590 φραγμὸν
3070 2517 3256 2580 αὐτοῦ,
3302 2518 3398 2570 καὶ
3443 2517 3726 2587 καθαιρῶν

2127 2616 2218 2668 τὸν
2252 2616 2428 2685 τοῖχον
2474 2614 2554 2675 είς
2610 2611 2826 2684 χέρσον,
2875 2610 3236 2681 καταστήσειν
3282 2608 3375 2662 τὸν
3423 2609 3726 2678 ἀμπελῶνα

2131 2707 2489 2779 μαρτύρεται,
2512 2705 2605 2758 xui
2640 2705 2753 2767 τοῖς
2790 2702 3004 2773 ἐχθροῖς
3029 2698 3379 2773 παραδώσειν
3412 2698 3609 2765 αὐτὸν,
3638 2700 3724 2762 οὓς

2132 2800 2269 2872 μετά
2322 2797 2509 2867 βέλους
2557 2796 2655 2849 xui
2704 2792 3037 2863 τοξεύματος
3086 2791 3491 2845 εἰσελεύσεσθαι
3555 2808 3725 2862 φησιν

2128 2894 2245 2947 ἐκεῖ
2269 2890 2393 2954 τοὺς
2425 2889 2522 2960 τὴν
2554 2885 2802 2952 ἐξουσίαν
2837 2885 3128 2957 εἰληφότας
3162 2884 3268 2937 ὑπὸ
3310 2883 3403 2936 τοῦ
3430 2883 3602 2947 Θεοῦ,
3635 2884 3720 2938 τοῦ

2128 2981 2461 3052 παραδόντος
2513 2980 2696 3042 αὐτοῖς
2742 2979 2842 3031 οὐκ
2889 2976 3148 3047 ἀκρίτως,
3202 2974 3315 3028 ἀλλ’
3364 2971 3422 3028 εὖ
3474 2975 3627 3046 μάλα
3670 2978 3721 3028 ἐν

2127 3075 2272 3148 δίκῃ,
2302 3075 2385 3127 ὅτι
2415 3072 2479 3144 δὴ
2506 3071 2700 3143 χέρσος
2726 3071 2822 3123 xui
2842 3066 3053 3123 ἄκανθα
3073 3066 3252 3120 αὐτῶν
3278 3066 3468 3134 γέγονε
3508 3067 3717 3135 cristati

445 3177 478 3217 a
512 3163 642 3226 Deo,
683 3164 777 3231 qui
806 3178 900 3217 eos
944 3177 1052 3216 non
1088 3162 1309 3230 injuria,
1340 3158 1435 3216 sed
1459 3160 1583 3228 jure
1620 3160 1828 3230 optimo
1854 3160 2025 3214 tradi-

2135 3168 2252 3240 γῆ’)
2279 3166 2366 3219 διὰ
2401 3165 2562 3218 τοῦτο
2588 3162 2718 3232 γοῦν
2758 3160 2988 3231 ἐπείπερ
3012 3162 3093 3224 εἰς
3122 3158 3315 3233 χέρσον
3349 3160 3442 3212 xui
3476 3158 3723 3214 ἄκανθαν

447 3253 605 3315 derit.
638 3256 948 3324 acceperint
980 3263 1323 3323 poteStatem,
1354 3269 1420 3308 eo
1451 3252 1595 3326 quod
1629 3261 1776 3308 terra
1811 3253 2017 3307 inculta

447 3353 503 3400 et
525 3346 681 3415 spina
718 3346 896 3400 omnis
944 3347 1186 3414 ipsorum
1228 3353 1377 3399 terra
1417 3344 1561 3399 facta
1595 3344 1689 3409 sit,
1715 3352 2022 3414 propterea,

447 3445 693 3508 inquam,
715 3437 860 3507 quod
879 3436 947 3490 ad
977 3445 1175 3492 terram
1193 3437 1454 3491 incultam
1471 3445 1526 3492 et
1548 3436 1761 3505 spinam
1788 3436 1892 3505 ipsi
1944 3451 2022 3491 sc-

2121 3257 2275 3311 αὑτοὶ
2301 3255 2525 3317 ἑαυτοὺς
2557 3252 2916 3323 κατέστησαν,
2954 3267 2974 3300 ι
3014 3247 3444 3311 Εἱσελεύσονται,
3482 3266 3501 3298 ι
3532 3249 3721 3318 φησιν,

2137 3369 2155 3401 ι
2198 3350 2314 3402 ἐκεῖ
2345 3347 2482 3418 μετά
2512 3344 2698 3416 βέλους
2730 3345 2825 3397 καὶ
2848 3338 3198 3415 τοξεύματος,
3228 3345 3278 3396 οἱ
3310 3343 3416 3414 τὴν
3459 3358 3569 3395 κατ
3630 3341 3722 3394 ui;-

2128 3440 2237 3494 τῶν
2267 3438 2511 3504 ἐξουσίαν
2546 3436 2847 3506 εἰληφότες.
2890 3455 2909 3487 ι

449 3527 598 3599 ipsos
623 3529 989 3598 redegerunt),
1012 3546 1030 3577 ι
1055 3526 1451 3596 lngredientur,
1466 3547 1484 3579 ι
1506 3526 1731 3598 inquit,«
1763 3527 1891 3581 illuc
1904 3541 2028 3580 cum
2053 3532 2248 3601 sagitta
2264 3537 2319 3584 et
2332 3545 2485 3594 arcu,
2510 3527 2603 3599 qui
2614 3527 2974 3605 contraipsos
2997 3532 3322 3596 potestatem
3345 3527 3717 3596 acceperint.»

519 3621 789 3677 Caeterum
837 3620 970 3684 noli,
1008 3634 1215 3689 quaeso,
1272 3618 1484 3680 mirari,
1539 3618 1587 3673 si
1637 3616 1753 3671 haec
1809 3632 2026 3687 quoque

2198 3620 2288 3691 Μὴ
2327 3617 2571 3689 θαύμαζε
2597 3616 2641 3670 δ’
2686 3618 2735 3670 εί
2775 3617 2869 3671 xui
2908 3615 3081 3671 ταῦτα
3118 3616 3606 3685 συνεσκιασμένως
3635 3613 3723 3670 xui

448 3711 772 3771 adumbrata
815 3721 869 3767 et
918 3728 1012 3782 per
1064 3711 1264 3781 ﬁguras
1321 3709 1742 3764 obscurissimas
1811 3708 2024 3762 reddita

2135 3713 2194 3766 δι’
2224 3710 2558 3780 αἰνιγμάτων
2586 3709 2918 3763 ἀποδέδοται.
2947 3706 3208 3761 Λέλεκται
3233 3705 3365 3774 γοῦν
3397 3705 3503 3777 ήδη
3529 3708 3724 3778 πρότεν

449 3813 598 3859 sunt.
652 3801 773 3857 Jam
827 3802 972 3857 enim
1024 3802 1176 3871 prius
1231 3799 1658 3870 dispensationis
1712 3797 2026 3867 hujusmodt

2135 3824 2223 3878 ρον
2254 3806 2287 3875 ἡ
2317 3803 2465 3857 αἰτία
2489 3804 2590 3873 τῆς
2618 3800 2872 3872 τοιαύτης
2904 3799 3214 3870 οἰκονομίας
3244 3797 3337 3850 τοῦ
3373 3797 3565 3866 λόγου,
3599 3799 3721 3869 βουο

446 3912 615 3953 causa
641 3897 786 3951 dicta
817 3903 923 3957 est,
951 3894 1096 3965 quod
1127 3893 1314 3963 utique
1349 3891 1632 3946 oraculum
1664 3891 1900 3947 voluerit
1929 3907 2016 3945 ex-

2135 3895 2384 3966 ληθέντος
2437 3890 2843 3965 ἐπικρύψασθαι
2888 3889 2982 3943 τὸν
3028 3889 3255 3960 ἔσχατον
3298 3888 3389 3940 τοῦ
3446 3889 3723 3943 Ἰουδαίων

445 3997 681 4043 tremum
707 3984 949 4041 Judaica:
966 3986 1142 4055 gentis
1163 3986 1439 4039 occultare
1462 3984 1762 4049 interitum,
1796 3992 1854 4038 ut
1877 3982 2021 4054 apud

2135 3984 2312 4049 ἔθνους
2357 3985 2598 4056 ὄλεθρον,
2656 3983 2733 4046 ὡς
2782 3982 2849 4036 ἂν
2907 3980 3224 4050 φυλάττοιτο
3270 3982 3403 4052 παρ’
3442 3982 3641 4045 αὐτοῖς
3690 3982 3721 4050 ἡ

445 4096 566 4137 eam
599 4078 882 4146 Scriptura
917 4078 984 4132 ad
1010 4085 1258 4132 nostrqu
1302 4078 1540 4147 ipsarum
1569 4076 1811 4147 gentium
1843 4078 2022 4147 profe-

2135 4077 2314 4150 Γραφὴ
2347 4078 2427 4140 είς
2458 4076 2618 4147 ἡμῶν
2649 4074 2757 4128 τῶν
2795 4073 2962 4127 ἐθνῶν
3011 4072 3285 4144 βελτίωσίν
3326 4089 3387 4124 τε
3431 4073 3533 4125 xui
3570 4074 3721 4143 ὠφέ-

445 4178 598 4225 ctum
622 4169 1022 4238 utilitatemque
1044 4173 1374 4221 servaretur.
1407 4164 1540 4219 Nam
1567 4166 1614 4220 si
1642 4165 1778 4236 ipsis
1799 4166 2018 4236 quidem

2135 4180 2286 4224 tetuv.
2326 4172 2388 4222 Εἰ
2428 4168 2558 4237 γοῦν
2594 4166 2895 4236 ἀναφανδὸν
2938 4167 3122 4229 αὐτοῖς
3166 4166 3263 4236 μέν
3305 4165 3568 4237 ὄλεθρον,
3612 4171 3721 4230 τοῖς

446 4261 625 4334 palam
671 4260 974 4323 interitum,
1012 4258 1267 4329 gentibus
1317 4267 1500 4312 autem
1546 4258 1687 4312 bona
1724 4258 2020 4328 prophetiae

2135 4264 2174 4316 ῑὲ
2203 4261 2409 4316 ἔθνεσιν
2436 4260 2615 4330 ἀγαθά
2645 4260 3051 4330 προεκήρυττον
3080 4259 3136 4312 ui
3166 4261 3524 4331 προφητεῖαι,
3546 4259 3721 4321 οὖδεξ

447 4353 702 4425 pollicita:
732 4360 936 4415 essent,
978 4366 1042 4406 ac
1092 4349 1490 4420 praedixissent,
1535 4364 1697 4404 nemo
1735 4349 1877 4421 apud
1924 4348 2020 4403 Ju-

2135 4356 2185 4409 iv
2229 4355 2359 4424 περὶ
2401 4353 2570 4416 αὐτὰς
2612 4351 2912 4405 ἐσπούδασε
2953 4350 3061 4404 τῶν
3102 4353 3167 4404 ἐκ
3209 4352 3543 4423 περιτομῆς,
3586 4351 3720 4406 ἀλλά

445 4443 593 4497 daeos
615 4458 800 4496 earum
823 4440 1104 4496 studiosus
1132 4440 1341 4505 fuiSSet,
1368 4440 1461 4495 sed
1486 4454 1580 4493 eas
1610 4446 1864 4508 tanquam
1887 4439 2021 4508 ipsis

2135 4449 2199 4512 ὥς
2223 4448 2406 4510 αὐτοῖς
2433 4445 2678 4509 ἐναντίας
2714 4443 2879 4508 οὔσας
2912 4444 3006 4497 xui
3048 4443 3253 4515 ἐχθρὰς
3293 4443 3622 4517 διέφθειραν
3657 4448 3719 4499 ἂν

450 4532 762 4587 contrarias
812 4539 977 4603 atque
1022 4532 1275 4586 inimicas
1325 4530 1689 4595 delevissent,
1729 4540 1891 4600 atque
1946 4531 2020 4583 ita

445 4627 629 4688 nobis,
675 4625 769 4695 qui
809 4625 876 4678 de
913 4623 1166 4695 gentibus
1200 4622 1430 4692 profecti
1459 4639 1671 4688 sumus,
1704 4624 2020 4693 neutiquam

444 4718 692 4772 licuisset
722 4717 1106 4786 prophetarum
1136 4715 1204 4770 de
1231 4714 1512 4772 Salvatore
1539 4726 1728 4773 nostro
1748 4726 1802 4772 et
1832 4717 1900 4773 de
1925 4734 2026 4773 no-

444 4806 533 4862 bis
562 4807 697 4877 ipsjs
726 4806 1055 4862 testimoniis
1101 4807 1203 4862 uti.
1232 4806 1498 4861 Caeterum
1535 4822 1659 4861 cum
1702 4815 1811 4861 tam
1850 4810 2021 4863 multa

443 4899 501 4954 in
523 4898 610 4953 die
644 4897 961 4952 Emmanuel
987 4895 1227 4952 Iudaicae
1255 4898 1424 4968 genti,
1455 4903 1755 4954 secundum
1792 4899 2018 4955 alteram

445 4991 968 5060 interpretationem,
1012 4998 1271 5045 eventura
1321 4998 1526 5052 essent,
1564 5006 1754 5045 eorum
1812 4994 1905 5062 qui
1953 5009 2018 5047 ex

449 5082 587 5153 ipsis
619 5081 967 5152 relinquendi
992 5083 1101 5136 sint
1122 5066 1385 5151 paucitas
1402 5082 1648 5151 quaedam
1676 5082 1856 5137 futura
1882 5084 2020 5138 dici-

445 5185 561 5239 tur,
610 5173 678 5229 de
710 5189 817 5242 qua
857 5175 935 5228 ait
970 5173 1268 5245 Apostolus
1303 5191 1314 5225 :
1364 5193 1381 5224 ι
1414 5174 1675 5245 Reliquiae
1717 5177 2018 5231 secundum

445 5268 769 5323 electionem
802 5269 992 5338 gratia:
1040 5264 1195 5321 facta;
1241 5268 1484 5321 sunt“:
1529 5287 1547 5319 ι
1584 5267 1661 5322 Ex
1687 5268 1790 5323 bac
1834 5278 2016 5324 autem

446 5358 725 5429 paucitate
775 5357 870 5426 qui
925 5355 1108 5421 fuerit,
1146 5375 1165 5408 ι
1208 5357 1452 5422 nutriet,
1496 5358 1693 5427 inquit,
1725 5358 2015 5427 juvencam

445 5450 631 5513 boum,
666 5456 720 5503 et
739 5446 877 5502 duas
904 5463 1055 5513 oves,
1090 5468 1108 5501 ›
1137 5456 1192 5503 et
1219 5464 1285 5503 ex
1309 5464 1375 5503 eo
1394 5449 1536 5518 quod
1564 5450 1856 5519 plurimum
1887 5469 1903 5501 ι
1936 5450 2016 5502 fa-

446 5543 554 5596 ciet
588 5542 692 5604 lac,
727 5540 981 5611 butyrum
1015 5548 1070 5594 et
1118 5542 1219 5595 mel
1267 5541 1540 5595 comedet.
1587 5559 1606 5592 ι
1652 5537 1801 5595 Talis
1836 5548 2014 5595 autem

544 5717 589 5749 ⁸⁸
619 5716 776 5772 Rom.
824 5734 900 5784 xu,
939 5717 991 5772 5.

2120 4538 2309 4603 αὐτὰς,
2337 4538 2430 4592 xui
2457 4535 2638 4590 οὐκέθ’
2668 4537 2798 4607 ἡμῖν
2826 4538 2940 4599 τοῖς
2966 4535 3025 4602 ἐξ
3057 4534 3226 4589 ἐθνῶν
3247 4535 3431 4607 παρῆν
3456 4541 3587 4602 ταῖς
3616 4539 3718 4591 τῶν

2122 4629 2415 4701 προφητῶν
2449 4630 2579 4701 περὶ
2621 4627 2714 4682 τοῦ
2750 4628 3004 4699 Σωτῆρος
3036 4626 3214 4698 ἡμῶν,
3238 4628 3333 4680 xui
3382 4631 3517 4698 περὶ
3562 4630 3717 4700 ἡμῶν

2119 4720 2296 4775 αὐτῶν
2333 4721 2655 4792 μαρτυρίαις
2701 4718 3028 4791 χρήσασθαι.
3082 4718 3244 4771 Ἀλλά
3284 4719 3395 4789 γὰρ
3442 4723 3716 4774 τοσούτων

2119 4815 2177 4867 ἐν
2200 4817 2266 4885 τῇ
2293 4811 2385 4866 τοῦ
2425 4811 2770 4883 Ἐμμανουήλ
2794 4812 2980 4882 ἡμέρᾳ
3003 4811 3131 4882 περὶ
3156 4809 3216 4863 τὸ
3255 4811 3532 4865 Ἰουδαίων
3569 4812 3715 4875 ἔθνος
3796 4863 3799 4879 ,

2120 4904 2518 4977 γενησομένων,
2562 4903 2701 4958 κατά
2745 4902 2845 4974 τὴν
2887 4902 3079 4973 ἐτέραν
3124 4902 3447 4973 ἑρμηνείαν,
3488 4904 3713 4967 σπάνιός

2119 5014 2204 5060 τις
2237 4996 2451 5049 ἔσεσθαι
2489 4995 2707 5064 λέγεται
2746 4995 2775 5046 6
2818 4992 3202 5061 καταλειφθεὶς
3241 4992 3304 5060 ἐξ
3342 4994 3548 5054 αὐτῶν.
3589 4997 3713 5064 περὶ

2118 5083 2180 5142 οὗ
2215 5105 2376 5159 φησιν
2412 5089 2440 5140 6
2481 5086 2830 5149 Ἀπόστολοςο
2870 5104 2889 5136 ι
2930 5085 3152 5155 Λεῖμμα
3185 5085 3308 5139 κατ’
3343 5087 3581 5160 ἐκλογὴν
3614 5089 3710 5158 χά-

2124 5198 2268 5251 ριτος
2298 5180 2553 5250 γέγονεν·
2576 5179 2634 5243 ὃς
2668 5180 2732 5249 δὴ
2770 5176 2959 5250 θρέψει
2997 5176 3228 5247 δάμαλιν
3269 5177 3434 5248 βοῶν,
3482 5182 3582 5233 καὶ
3622 5181 3709 5232 δύο

2122 5272 2385 5341 πρόϐατα,
2423 5272 2518 5324 xui
2548 5271 2656 5323 ἀπὸ
2684 5269 2776 5323 τοῦ
2824 5269 3072 5323 πλεῖστον
3113 5270 3285 5321 ποιεῖν
3318 5269 3483 5337 γάλα,
3520 5268 3708 5339 βούτυο

2121 5381 2213 5434 ρον
2244 5364 2337 5417 xui
2369 5363 2487 5434 μέλι
2522 5362 2771 5431 φάγεται.
2816 5381 2835 5412 ι
2870 5358 3206 5424 Τοιοῦτος.δὲ
3238 5361 3373 5431 ἡμῖν
3414 5361 3701 5432 ἀπεδείχθη

2121 5454 2258 5507 κατά
2283 5455 2380 5526 τὴν
2405 5454 2660 5526 δευτέραν
2685 5453 2936 5506 ἀπόδοσιν
2982 5453 3101 5516 πᾶσι
3139 5455 3169 5505 6
3209 5453 3569 5517 ἀποστολικδς
3599 5451 3702 5503 τῶν

2125 5547 2376 5618 μαθητῶν
2410 5547 2567 5618 χορδς
2606 5545 2697 5599 τοῦ
2746 5544 2993 5616 Σωτῆρος
3024 5542 3182 5615 ἡμῶν
3226 5542 3407 5615 Ἰησοῦ
3448 5543 3696 5618 Χριστοῦ.
