3828 6220
66 316 196 372 513
1018 316 1675 377 ΒΕΜΟΝΞΤΙΗΤΙΟΝῘΞ
1702 320 2161 378 ΕΥΑΝΟΕΗΟίΕ
2205 324 2333 378 LlB.
2382 325 2496 381 νη.
3278 327 3385 386 ειι

68 435 308 507 Ὠσπερ
362 434 418 489 δὲ
469 436 497 490 ὁ
542 436 924 507 καταλειφθεὶς
973 430 1130 503 οὗτος
1180 440 1423 506 τοιοῦτος
1471 442 1692 495 ἔσεσθαι

1800 457 1827 494 a
1866 444 2025 499 nobis
2072 446 2125 498 in
2180 446 2420 500 secunda
2461 447 2805 518 expositione
2839 447 3019 501 omnis
3050 450 3385 518 apostolicus

68 526 522 596 προφητεύεται,
549 527 692 581 οὕτω
720 530 816 583 καὶ
842 531 941 601 τῆς
975 528 1158 601 χώρας
1186 532 1406 602 ἀπάσης
1432 531 1522 586 τοῦ
1565 534 1692 586 Ἰου-

1798 533 2193 603 discipulorum
2238 534 2540 591 Salvatoris
2570 541 2744 593 nostri
2777 537 2909 594 Jesu
2945 536 3152 592 Christi
3175 537 3384 594 chorus

64 618 257 670 δαίων
294 620 499 685 ἔθνους,
533 620 629 673 τοῦ
675 640 735 675 τε
780 623 1103 693 ἀμπελῶνος
1149 624 1330 679 αὐτῶν
1370 628 1452 689 είς
1503 626 1692 697 χέρσον

1798 625 2212 679 demonstratus
2253 633 2338 678 est
2369 643 2381 677 :
2417 628 2511 681 sed
2547 628 3009 697 quemadmodum
3040 627 3131 682 hic
3173 628 3267 698 qui
3298 644 3387 684 re-

71 709 185 760 καὶ
243 709 486 764 ἄκανθαν
534 714 1037 785 μεταϐεϐλημένου,
1091 716 1186 769 καὶ
1226 716 1315 770 διά
1363 716 1541 772 ταῦτα
1584 720 1692 781 τοῖς

1801 716 1965 771 lictus
2011 718 2102 781 sit,
2141 718 2270 772 talis
2322 719 2541 773 futurus
2591 735 2658 774 ex
2715 720 3002 792 prophetia
3049 720 3385 784 declaratur,

74 801 378 872 πολεμίοις
419 804 877 875 παραδεδομένου,
918 806 1155 877 ἔμπαλιν
1205 809 1270 863 ὲκ
1319 808 1548 880 θατέρου
1602 812 1692 881 μέ-

1799 804 1874 859 ita
1929 813 2222 878 postquam
2270 809 2528 863 universa
2577 808 2823 864 Iudaicae
2873 811 3052 881 gentis
3106 810 3278 881 regio,
3333 818 3387 865 et

79 908 225 962 ρους
275 896 384 947 πᾶν
414 894 540 965 ὅρος
585 895 988 968 ἀροτριώμενον
1031 899 1524 971 ἀροτριαθὴσεσθαι
1566 918 1692 972 προ-

1798 900 1953 952 vinea
1978 899 2244 968 ejusdem,
2275 900 2331 954 in
2370 907 2574 954 terram
2611 902 2872 955 incultam
2902 912 2956 956 et
2989 903 3201 973 spinam
3234 916 3389 955 com-

76 984 415 1053 φητεύεται.
445 986 715 1058 Ἠγοῦμαι
738 988 793 1041 δὲ
813 989 909 1060 τὴν
935 989 1029 1042 τοῦ
1058 991 1307 1063 Σωτῆρος
1333 992 1488 1063 ἡμῶν
1520 991 1692 1063 Ἰησοῦ

1800 999 2013 1045 mutata
2045 992 2230 1056 fuerit,
2263 1001 2317 1048 et
2342 1003 2631 1063 propterea
2657 994 2908 1049 hostibus
2936 995 3159 1060 tradita,
3188 1008 3385 1049 rursus

76 1075 339 1145 Χριστοῦ
382 1078 707 1148 Ἐκκλησίαν
742 1078 916 1145 οὕτως
945 1081 1300 1147 αἰνίττεσθαι,
1334 1084 1463 1155 περὶ
1496 1079 1564 1154 ἦς
1602 1083 1692 1136 καὶ

1798 1099 1864 1137 ex
1911 1085 2079 1138 altera
2126 1092 2281 1155 parte
2317 1085 2497 1140 omnis
2539 1102 2697 1141 mons
2750 1088 2842 1156 qui
2889 1095 3097 1149 aratur,
3146 1085 3385 1140 arandus

77 1167 262 1231 αὑτός
300 1185 496 1239 φησιν·
534 1187 552 1219 ι
589 1170 663 1223 Οὐ
718 1170 943 1225 δύναται
994 1172 1151 1236 πόλις
1196 1174 1463 1245 κρυϐῆναι
1511 1174 1697 1227 ἐπάνω

78 1257 258 1331 ὅρους
306 1259 551 1330 κειμένη.
594 1279 612 1311 ι
657 1260 734 1313 Τὸ
775 1261 885 1333 γάρ
939 1263 1250 1334 ἐπηρμένον
1308 1264 1582 1336 μετέωρόν
1634 1281 1695 1317 τε

81 1350 192 1401 καὶ
220 1348 484 1419 Mamerti;
514 1349 610 1402 τοῦ
642 1351 741 1421 τῆς
776 1351 1103 1423 Ἐκκλησίας
1150 1352 1540 1423 πολιτεύματος
1570 1353 1696 1425 ὅρος

1797 1191 1920 1231 esse
1950 1178 2017 1231 ab
2046 1179 2234 1232 eadem
2265 1179 2547 1249 prophetia
2576 1178 2912 1248 pracdicitur.
2943 1177 3109 1251 326
3132 1176 3386 1231 Arbitror

1798 1276 1980 1323 autem
2013 1267 2313 1325 Salvatoris
2347 1271 2520 1325 nostri
2563 1268 2692 1325 Jesu
2718 1268 2924 1324 Christi
2984 1267 3284 1323 Ecclesiam
3316 1285 3382 1325 eo

1800 1361 1965 1415 modo
1997 1362 2319 1433 signiﬁcari,
2347 1364 2415 1418 de
2453 1377 2560 1433 qua
2593 1363 2709 1433 ipse
2745 1363 2820 1415 ait
2855 1382 2866 1416 :
2909 1381 2928 1413 ι
2960 1361 3076 1416 Non
3104 1369 3286 1432 potest
3306 1364 3386 1416 ci-

80 1444 342 1516 ἠγοῦμαι
392 1444 479 1498 διὰ
525 1444 729 1498 τούτων
781 1443 1203 1517 ἀνηγορεῦσθαι.
1261 1444 1432 1499 Τοῦτο
1483 1445 1528 1498 δ’
1580 1442 1692 1510 οὖν,

84 1538 253 1607 φησι,
286 1538 347 1591 τὸ
376 1538 499 1609 δρος
532 1537 936 1609 ἀωτριὼμενον
983 1538 1472 1609 ἀροτριαθήσεται·
1510 1537 1586 1601 ὡς
1621 1538 1694 1609 μὴ

84 1630 348 1684 ἐσελθεῖν
372 1632 488 1683 ἐκεῖ
512 1629 698 1699 φόϐον,
719 1629 855 1683 ἀλλά
882 1631 976 1683 καὶ
1004 1633 1084 1693 εἰς
1107 1631 1359 1684 τοσοῦτον
1384 1631 1516 1685 αὐτὸ
1540 1648 1698 1701 μετα-

83 1721 383 1775 ϐαλεῖσθαι
415 1722 523 1776 ἀπὸ
550 1722 649 1793 τῆς
671 1722 942 1794 προτέρας
971 1722 1228 1794 ἐρημίας,
1256 1724 1349 1777 καὶ
1378 1723 1575 1795 χέρσου
1601 1725 1695 1776 καὶ

83 1814 379 1885 ἀκάνθης,
425 1814 502 1877 ὡς
555 1790 858 1884 ἐπιτήδειον
912 1790 1247 1884 καταστῆναι
1302 1790 1412 1878 εἰς*
1440 1790 1691 1887 βόσκημα
1726 1790 1769 1849 Β

84 1907 398 1977 προϐάτου,
431 1905 526 1959 καὶ
568 1904 943 1976 καταπάτημα
991 1903 1132 1973 βοός.
1182 1904 1292 1956 Καὶ
1349 1904 1582 1975 πάρεστί
1626 1922 1688 1973 γε

85 1997 541 2066 ἐπιλογίσασθαι,
570 1997 718 2061 ὅπως
758 1999 791 2068 ἡ
833 1996 927 2049 τοῦ
970 1994 1207 2068 Χριστοῦ
1250 1996 1563 2067 Ἐκκλησία,
1589 1998 1691 2051 πά-

82 2094 183 2146 λαι
239 2088 381 2144 οὖσα
430 2090 627 2161 χέρσος
661 2088 755 2142 καὶ
795 2087 1029 2155 ἄκανθα,
1061 2088 1150 2141 διά
1192 2088 1294 2158 τῆς
1326 2071 1489 2142 αύτοῦ
1532 2090 1688 2161 χάρι-

83 2202 184 2247 τος
240 2187 324 2247 εἰς
373 2183 624 2236 τοσοῦτον
666 2182 835 2254 ῆλασε
885 2181 1205 2254 μεταϐολῆς,
1238 2182 1376 2239 ὥστε
1416 2185 1550 2237 πόαν
1596 2186 1690 2238 καὶ

86 2277 334 2348 βοτάνην
393 2274 610 2329 εὔθετον
649 2274 751 2344 τῆς
796 2273 1023 2346 λογικῆς
1056 2276 1431 2347 καρποφορίας
1473 2277 1563 2329 ἐπὶ
1601 2294 1691 2329 το-

86 2368 292 2422 σοῦτον
330 2366 657 2437 βλαστῆσαι,
723 2364 798 2429 ὡς
846 2366 941 2419 καὶ
995 2366 1121 2429 τοὺς
1176 2366 1543 2437 προϐατώδεις
1597 2368 1691 2421 καὶ

83 2461 502 2527 ἁπλουστέρους
546 2457 837 2512 ἀπολαύειν
867 2458 1037 2530 αὐτῆς
1064 2457 1345 2523 δύνασθαι,
1379 2457 1504 2522 τούς
1545 2476 1602 2511 τε
1634 2461 1689 2512 ἐν

84 2554 204 2617 ἔξει
247 2552 560 2624 τελεωτέρα.
596 2549 1010 2622 προϐεϐηκότας
1064 2550 1231 2620 ἀροῦν
1283 2553 1379 2604 καὶ
1424 2554 1691 2620 γεωργεῖν

82 2645 291 2717 αὐτὴν,
320 2644 445 2714 βόας
486 2643 1079 2715 προσαγορευομένους,
1105 2643 1392 2714 ὠσπεροῦν
1424 2643 1518 2696 τὸν
1550 2644 1690 2697 θεῖον

94 2737 436 2792 ’Δπόστολον
465 2735 791 2789 παιδεύοντα
838 2737 1266 2808 παρεστήσαμεν
1295 2738 1353 2789 ἐν
1380 2736 1458 2808 τῷ
1491 2738 1686 2806 φάναι·

90 2850 109 2881 ε
150 2831 255 2902 Μὴ
295 2828 407 2881 τῶν
437 2826 575 2898 βοῶν
616 2827 765 2897 μέλει
808 2825 886 2899 τῷ
916 2825 1075 2897 Θεῷ;
1112 2826 1144 2897 ἢ
1184 2827 1252 2880 δι’
1297 2827 1442 2898 ὑμᾶς
1472 2827 1691 2893 πάντως

83 2922 246 2990 λέγει
271 2938 287 2985 ;
317 2918 385 2973 δι’
419 2919 563 2989 ὑμᾶς
588 2917 697 2990 γάρ
731 2918 969 2989 ἐγράφη,
1006 2919 1087 2970 ὅτι
1125 2917 1329 2986 ὀφείλει
1361 2919 1389 2970 ό
1422 2917 1692 2991 ἀροτριῶν

84 3017 178 3068 ἐπ’
213 3012 395 3066 ἐλπίδι
422 3012 700 3084 ἀροτριᾷν,
725 3010 820 3066 καὶ
847 3013 876 3065 ό
905 3010 1076 3065 ἀλοῶν
1099 3011 1184 3064 ἐπ’
1214 3011 1385 3065 ἐλπίδι
1415 3012 1509 3064 τού
1566 3029 1693 3083 μετ-

88 3107 268 3178 έχειν.
311 3124 332 3156 ι
364 3103 550 3166 Οὕτως
590 3104 624 3174 ἡ
668 3103 834 3157 πάλαι
856 3101 1061 3174 ἕρημος
1104 3103 1199 3157 καὶ
1239 3103 1433 3174 χέρσος
1461 3101 1689 3174 μεταϐέ-

86 3198 268 3267 ϐληκε
303 3194 449 3249 κατά
471 3192 568 3264 τὴν
592 3193 684 3247 τού
714 3193 951 3266 Χριστοῦ
982 3194 1307 3265 παρουσίαν,
1348 3194 1424 3257 ὡς
1457 3194 1550 3247 καὶ
1578 3196 1692 3257 τοῖς

86 3288 242 3342 οὕτω
284 3283 630 3356 νενοημένοις
689 3285 871 3356 βουσὶν
904 3286 981 3349 είς
1016 3285 1115 3355 τὴν
1153 3283 1488 3353 κατάλληλον
1513 3301 1692 3355 γεωρ-

87 3382 222 3448 γίαν
274 3380 599 3452 ἐπιτηδείως
648 3378 811 3449 ἔχειν.
850 3377 1173 3447 Ἑπίστησον
1215 3375 1271 3428 δὲ
1323 3375 1445 3428 τίνα
1494 3376 1693 3447 τρόπον

90 3473 202 3528 ὑπὸ
234 3472 370 3545 μίαν
405 3473 500 3526 καὶ
530 3471 629 3543 τὴν
660 3471 833 3541 αὐτὴν
873 3469 1111 3523 διάνοιαν
1143 3468 1355 3536 γένεσις
1384 3468 1449 3520 ὲκ
1478 3466 1691 3538 Παρθέ-

88 3584 186 3621 νου
223 3563 651 3639 προφητεύεται,
684 3563 778 3617 καὶ
814 3561 954 3616 κατά
994 3561 1056 3614 τὸ
1092 3560 1220 3613 αύτό
1268 3576 1431 3630 φησιν
1472 3562 1503 3612 ό
1537 3559 1694 3628 λόγος

89 3654 192 3725 τὴν
237 3653 343 3724 μὲν
386 3652 553 3708 πάλαι
597 3651 945 3724 καρποφόρον
974 3650 1100 3722 γῆν,
1142 3650 1202 3702 τὸ
1235 3650 1365 3721 πρὶν
1398 3646 1560 3703 οὖσαν
1605 3667 1686 3720 χι-

91 3745 229 3800 λίων
276 3745 505 3809 σίκλων,
540 3746 621 3808 είς
657 3744 855 3815 χέρσον
898 3742 1115 3796 ἔσεσθαι
1171 3743 1267 3796 καὶ
1317 3744 1397 3806 είς
1428 3740 1691 3807 ἄκανθαν,

95 3840 285 3895 πᾶσάν
318 3856 382 3893 τε
416 3839 515 3910 τὴν
543 3840 645 3910 γῆν
683 3836 882 3899 αὐτῶν,
917 3837 1003 3891 διά
1039 3835 1101 3889 τδ
1134 3834 1389 3905 γενέσθαι
1422 3837 1502 3900 είς
1528 3834 1695 3889 ἀκαν-

95 3932 198 3986 θαν
224 3932 326 3986 καὶ
351 3932 433 3993 είς
453 3930 664 4002 χέρσον,
692 3927 1162 4001 παραδοθήσεσθαι
1189 3930 1301 3990 τοῖς
1335 3925 1473 3998 μετά
1508 3926 1695 3997 βέλους

96 4024 193 4077 καὶ
236 4021 574 4091 τοξεύματος
615 4019 1095 4092 είσελευσομένοις.
1137 4019 1455 4072 Τούναντίον
1487 4017 1544 4070 δὲ
1577 4017 1694 4070 πεί-

99 4114 298 4167 σεσθαι
329 4114 439 4166 πᾶν
475 4112 628 4186 δροςο
661 4112 770 4166 ἀπὸ
799 4110 928 4181 γοῦν
956 4110 1056 4181 τῆς
1082 4111 1354 4182 προτέρας
1379 4109 1573 4182 χέρσου
1599 4108 1694 4163 καὶ

98 4202 353 4273 ἀκάνθης
396 4201 815 4274 μεταϐαλεῖσθαι
861 4203 941 4266 είς
983 4201 1235 4272 βόσκημα
1274 4201 1565 4272 προϐάτου,
1598 4199 1694 4254 καὶ

96 4295 398 4365 καταπάτη
408 4311 485 4365 μα
512 4293 650 4364 βοὸς,
686 4293 826 4347 ὥστε
854 4293 986 4347 αὐτὸ
1014 4293 1415 4366 ἀροτριώμενον
1443 4294 1695 4364 ἀροτρια-

98 4386 394 4457 θήσεσθαι,
441 4386 536 4440 καλ⁸
583 4386 658 4457 μὴ
696 4384 1083 4439 ἐπελεύσεσθαι
1132 4387 1247 4438 ἐκεῖ
1292 4385 1472 4454 φόϐον.
1509 4386 1585 4437 Δι’
1618 4379 1694 4438 ὧν

1714 3151 1764 3213 τ.

1796 1455 1938 1509 vitas
1961 1455 2223 1510 abscondi
2256 1471 2421 1526 supra
2448 1463 2686 1509 montem
2714 1455 2889 1525 posita
2912 1455 2992 1522 ‘9;
3026 1474 3044 1506 ι
3070 1454 3215 1525 quod
3238 1455 3383 1510 enim

1799 1546 1854 1600 in
1881 1545 2124 1602 Ecclesia
2158 1548 2389 1617 publicis
2415 1547 2725 1603 actionibus
2748 1548 2948 1601 clatum
2979 1555 3033 1602 et
3071 1547 3305 1603 sublime
3327 1553 3383 1600 ct

1800 1640 1867 1693 ad
1894 1655 2130 1709 superna
2159 1641 2391 1695 tendens
2424 1643 2515 1707 sit,
2550 1650 2789 1696 montem
2816 1640 3053 1694 arbitror
3086 1640 3173 1695 bis
3205 1638 3386 1695 verbis

1799 1729 2062 1800 appellari
2095 1749 2107 1784 :
2137 1729 2283 1785 hunc
2321 1730 2485 1801 igitur
2507 1738 2768 1797 montem,
2795 1729 2887 1800 qui
2913 1737 3122 1793 aratur,
3166 1736 3382 1783 aratum

1798 1824 1864 1876 iri
1903 1824 2000 1886 ait,
2048 1823 2122 1877 ita
2157 1823 2376 1894 quidem
2422 1830 2480 1877 ut
2510 1823 2640 1878 illuc
2681 1831 2862 1878 terror
2900 1836 3229 1878 accessurus
3272 1836 3383 1876 non

1797 1916 1889 1977 sit,
1918 1917 2052 1985 quin
2083 1915 2266 1985 potius
2296 1931 2472 1985 usque
2503 1915 2640 1969 adeo
2680 1929 2710 1969 a
2746 1914 2928 1985 priore
2972 1911 3289 1977 solitudine,
3328 1923 3386 1969 et

1797 2012 1942 2058 terra
1973 2005 2178 2060 inculta
2203 2015 2254 2060 et
2280 2004 2438 2073 spina
2463 2003 2936 2067 commutandam,
2962 2011 3021 2056 ut
3046 2002 3280 2057 idoneus
3310 2001 3397 2057 l'u-

1798 2105 1954 2150 turus
1985 2096 2056 2151 sit
2092 2098 2184 2166 qui
2211 2095 2405 2151 evadat
2446 2096 2500 2149 in
2535 2110 2739 2165 pascua
2773 2096 2892 2151 ovis
2928 2103 2983 2150 et
3011 2094 3383 2149 conculcatio-

1798 2205 1921 2243 nem
1976 2189 2153 2244 bovis.
2204 2188 2270 2242 Et
2322 2204 2456 2243 sane
2505 2188 2719 2242 ratione
2772 2187 3030 2258 colligere
3083 2201 3381 2258 possumus

1797 2277 2255 2347 quemadmodum
2278 2277 2482 2332 Christi
2504 2276 2773 2340 Ecclesia,
2800 2291 2922 2346 qua:
2939 2275 3070 2329 olim
3092 2284 3211 2329 erat
3236 2282 3383 2330 terra

1796 2369 2002 2422 inculta
2038 2378 2092 2423 et
2140 2370 2319 2437 spina,
2368 2369 2436 2422 ad
2493 2377 2698 2422 tantam
2746 2367 3230 2421 commutationem
3288 2381 3385 2438 per

1797 2460 1972 2530 ipsius
2028 2461 2257 2531 gratiam
2304 2462 2648 2531 pervenerit,
2706 2468 2764 2514 ut
2820 2459 3048 2514 herbam
3099 2460 3383 2515 rationalis

1798 2551 2098 2607 fertilitatis
2130 2559 2184 2606 et
2212 2550 2469 2621 pabulum
2502 2561 2869 2625 opportunum
2891 2566 3065 2621 usque
3098 2550 3234 2607 adeo
3258 2566 3385 2621 pro-

1799 2643 2010 2707 tulerit,
2048 2652 2107 2699 ut
2143 2650 2197 2699 et
2230 2643 2427 2698 ovibus
2458 2642 2666 2699 similes
2689 2650 2742 2697 et
2784 2642 3149 2711 simpliciores
3179 2657 3240 2696 ea
3273 2640 3382 2697 frui

1796 2737 2032 2809 possint,
2078 2745 2132 2791 et
2162 2736 2257 2807 qui
2299 2736 2368 2791 ad
2400 2735 2646 2790 habitum
2698 2735 3082 2805 pcrfectiorcm
3121 2750 3384 2804 pervene-

1798 2827 1928 2892 rint,
1968 2826 2062 2898 qui
2111 2827 2279 2881 boves
2315 2827 2675 2897 appellantur,
2720 2826 2966 2880 eamdem
3011 2840 3169 2879 arare
3202 2833 3255 2878 ct
3291 2839 3384 2878 co-

1797 2920 1929 2986 lere,
1965 2936 2030 2976 eo
2080 2935 2213 2977 sane
2256 2920 2419 2974 modo
2471 2935 2579 2990 quo
2617 2918 2861 2974 divinum
2913 2917 3229 2987 Apostolum
3283 2917 3382 2972 do-
3481 2947 3487 2954 -

1798 3021 2011 3069 centem
2058 3012 2423 3076 ostendimus,
2465 3013 2558 3065 ubi
2596 3010 2712 3064 ait:
2749 3028 2768 3061 ‹
2801 3009 3058 3080 Nunquid
3102 3011 3169 3064 de
3205 3011 3382 3067 bobus

1799 3119 1930 3158 cura
1949 3111 2033 3160 est
2056 3102 2201 3158 Deo?
2222 3102 2304 3157 An
2336 3109 2560 3174 propter
2598 3118 2694 3157 vos
2721 3103 2946 3157 omnino
2977 3101 3126 3166 dicit,
3158 3110 3382 3174 propter

1796 3212 1893 3251 vos
1924 3196 2072 3252 enim
2109 3196 2314 3266 scripta
2349 3202 2498 3256 sunt,
2535 3194 2793 3263 quoniam
2827 3194 2988 3248 debet
3018 3194 3112 3263 qui
3146 3201 3285 3256 arat,
3325 3193 3378 3247 in

1796 3304 1891 3359 spe
1936 3302 2114 3352 arare,
2149 3294 2203 3341 et
2247 3286 2340 3357 qui
2373 3286 2616 3348 triturat,
2660 3288 2715 3338 in
2758 3300 2855 3355 spe
2900 3285 3310 3353 participare“.
3356 3304 3374 3336 ι

1799 3380 1875 3433 lta
1924 3394 2046 3449 qua:
2076 3379 2205 3432 olim
2236 3378 2456 3432 deserta
2512 3376 2829 3446 incultaque
2875 3382 2995 3430 erat
3038 3382 3209 3438 terra,
3258 3385 3382 3446 post

1794 3474 2007 3530 Christi
2042 3473 2336 3528 adventum
2369 3477 2706 3525 commutata
2737 3479 2841 3532 est,
2871 3477 2929 3523 ut
2961 3484 3101 3540 quos
3129 3484 3195 3523 eo
3221 3469 3381 3523 modo

1796 3568 1965 3622 boves
2013 3566 2400 3626 intelleximus,
2435 3562 2505 3617 iis
2553 3561 2933 3617 convenientis
2964 3570 3210 3631 aptaeque
3235 3562 3381 3629 agri-

1795 3655 2086 3712 colationis
2144 3670 2308 3709 usum
2356 3652 2612 3708 idoneum
2661 3650 2920 3721 praebeat.
2972 3648 3205 3703 Attende
3250 3665 3380 3703 vero

1794 3763 2032 3819 quonam
2066 3747 2227 3801 modo
2261 3745 2365 3803 sub
2411 3759 2522 3798 uno
2557 3742 2861 3812 eodemque
2901 3756 3068 3795 sensu
3108 3751 3264 3795 ortus
3310 3741 3379 3795 de

1796 3841 2019 3913 Virgine
2056 3841 2274 3909 canitur
2309 3858 2322 3893 :
2359 3845 2413 3893 et
2446 3837 2672 3908 pariter,
2698 3836 2895 3906 inquit.
2928 3835 3233 3897 oraculum,
3259 3849 3378 3904 cpia:

1793 3933 1923 3989 olim
1958 3930 2153 3986 fertilis
2174 3938 2321 3993 terra
2351 3938 2405 3985 et
2436 3945 2557 3999 qua:
2590 3928 2744 3997 prius
2770 3928 2917 3982 mille
2945 3927 3204 3981 siclorum
3234 3933 3374 3987 erat,

1795 4025 1850 4080 in
1901 4032 2103 4078 terram
2159 4024 2419 4079 incultam
2468 4023 2593 4085 erit,
2625 4032 2679 4075 et
2727 4020 2781 4073 in
2816 4020 3052 4089 spinam,
3090 4018 3377 4088 omnisque

1794 4129 1983 4169 eorum
2015 4123 2182 4177 terra,
2226 4119 2515 4184 prapterea
2567 4110 2713 4182 quod
2746 4109 2929 4163 futura
2957 4114 3027 4163 sit
3073 4109 3128 4163 in
3162 4109 3374 4179 Spinam

1795 4210 1847 4257 et
1877 4210 2075 4258 terram
2103 4203 2387 4266 incultam,
2426 4199 2673 4254 tradetur
2718 4199 2785 4253 iis
2816 4198 2907 4268 qui
2938 4213 3061 4251 cum
3094 4202 3289 4268 sagitta
3322 4206 3378 4252 et

1796 4306 1929 4346 arcu
1986 4293 2270 4347 accedent.
2322 4292 2674 4346 Contrarium
2725 4306 2853 4345 vero
2906 4291 3145 4360 patietur
3194 4292 3375 4345 omnis

1796 4400 1956 4440 mons
1988 4403 1999 4437 :
2036 4400 2161 4437 nam
2193 4398 2222 4436 a
2262 4384 2446 4454 priore
2486 4384 2694 4437 inculta
2724 4391 2869 4436 terra
2899 4394 2951 4435 et
2988 4383 3146 4451 spina
3196 4391 3374 4435 muta-

98 4474 299 4542 σαφῶς
329 4472 572 4545 ἠγοῦμαι
598 4473 955 4545 σημαίνεσθαι
981 4474 1082 4544 τὴν
1122 4472 1212 4525 τοῦ
1258 4472 1509 4543 Σωτῆρος
1536 4470 1692 4541 ἡμῶν

1799 4476 1947 4531 bitur
1976 4477 2033 4530 in
2080 4489 2283 4546 pascua
2316 4474 2435 4530 ovis
2461 4483 2514 4529 et
2547 4474 3018 4528 conculcationem
3050 4473 3236 4539 bovis;
3269 4473 3373 4525 ita—

95 4568 172 4621 ἐκ
197 4565 480 4638 Παρθένου
512 4566 748 4635 γένεσιν,
778 4566 872 4619 καὶ
906 4565 974 4619 τά
1022 4564 1157 4636 μετά
1193 4563 1398 4633 ταύτην
1428 4561 1565 4632 ὁμοῦ
1598 4562 1693 4615 καὶ

96 4657 321 4731 ἀθρόως
353 4657 626 4721 Ἰουδαίοις
646 4674 705 4711 τε
727 4656 824 4711 καὶ
851 4659 962 4720 τοῖς
985 4656 1190 4719 λοιποῖς
1212 4654 1389 4708 ἔθνεσι
1415 4652 1692 4724 συμϐεϐη-

98 4750 277 4805 κότα’
304 4749 406 4820 τὴν
437 4748 568 4817 γοῦν
597 4748 872 4820 ἑκατέρων
908 4748 1018 4800 τῶν
1049 4747 1342 4817 ταγμάτων
1363 4746 1444 4808 εἰς
1472 4745 1692 4798 τούναν-

96 4843 221 4898 τίον
242 4842 563 4913 μεταϐολὴν,
579 4842 686 4895 τῶν
708 4841 805 4912 μὲν
825 4841 927 4912 τὴν
947 4840 1055 4893 ἀπὸ
1067 4838 1175 4893 τῶν
1189 4839 1512 4910 κρειττόνων
1526 4837 1619 4890 ἐπὶ
1632 4834 1695 4890 τὺ

99 4936 313 5005 χεῖρον,
334 4931 434 5001 τῆς
451 4930 509 4983 δὲ
529 4930 590 4995 ἐξ
611 4929 780 4983 ἐθνῶν
813 4929 1140 5000 Έκκλησίας
1157 4927 1256 4998 τὴν
1278 4928 1386 4980 ἀπὸ
1405 4927 1506 4998 τῆς
1524 4925 1693 4981 πάλαι

100 5023 347 5098 ἐρημίας
384 5023 477 5077 ἐπὶ
510 5022 610 5095 τὴν
633 5022 777 5077 κατὰ
802 5021 935 5076 Θεὸν
967 5020 1361 5093 καρποφορίαν,
1384 5019 1547 5090 άπερ,
1569 5018 1693 5072 καθ’

102 5120 206 5171 ἕνα
227 5117 325 5170 καὶ
348 5115 441 5169 τδν
467 5115 630 5169 αὑτὸν
653 5112 845 5188 καιρὸν
867 5112 970 5184 τῆς
993 5113 1089 5167 τοῦ
1128 5111 1473 5183 Ἐμμανουὴλ
1495 5112 1695 5178 ἐπιφα-

102 5206 262 5270 νείας
283 5204 793 5278 ἐπιτελεσθήσεσθαι
820 5202 1287 5275 προφητευθέντα,
1306 5204 1426 5265 ταῖς
1448 5201 1695 5272 προρρή-

104 5317 266 5356 σεσιν
294 5297 602 5361 ἀκολούθως
623 5298 725 5352 οὐκ
746 5296 955 5361 ἄλλοτε,
979 5296 1013 5367 ἢ
1043 5294 1179 5367 μετά
1196 5296 1295 5367 τὴν
1319 5296 1413 5349 τοῦ
1441 5294 1693 5366 Σωτῆρος

105 5400 140 5464 ῆ
150 5393 275 5463 μῶν
303 5390 601 5463 παρουσίαν
624 5387 777 5451 τέλος
805 5388 1061 5460 εἰληφότα
1079 5388 1369 5453 δείκνυται,
1396 5386 1484 5440 διά
1497 5403 1558 5441 τε
1583 5387 1692 5442 τῶν

105 5481 376 5554 ἐμφανῶς
407 5480 715 5553 εἰρημένων
742 5481 883 5534 κατὰ
914 5479 1195 5543 Ἰουδαίους
1223 5480 1581 5553 πραγμάτων,
1601 5481 1692 5533 καὶ

105 5575 200 5628 διὰ
213 5576 315 5646 τῆς
330 5576 390 5641 ἐξ
404 5573 576 5628 ἐθνῶν
598 5574 941 5637 Ἐκκλησίας.
958 5574 1035 5635 Ei.
1047 5573 1143 5648 μὲν
1152 5572 1416 5645 ﬁnitast:
1432 5572 1526 5649 τῂι
1548 5590 1693 5646 παρ-
1736 5659 1747 5665 '

214 5760 263 5798 δ’
294 5757 483 5813 Matth.
518 5773 571 5823 v,
599 5756 689 5811 H.
761 5757 805 5789 '°
827 5755 847 5810 l
870 5755 977 5814 Cor
1033 5772 1107 5823 ix,
1138 5757 1192 5822 9,
1222 5756 1305 5814 ιο.

1795 4584 1902 4640 que
1930 4569 2047 4638 ipse
2070 4568 2164 4637 qui
2200 4573 2388 4621 aratur
2414 4566 2681 4630 arabitur,
2716 4581 2893 4635 neque
2917 4566 3046 4618 illuc
3068 4573 3245 4619 terror
3276 4564 3373 4617 ad-

1795 4659 1995 4714 veniet.
2018 4657 2228 4729 Quibus
2252 4658 2434 4712 verbis
2458 4657 2620 4728 plane
2646 4656 2884 4711 arbitror
2915 4655 3222 4727 signilicare
3251 4654 3371 4708 Sal-

1795 4751 2004 4807 vatoris
2037 4752 2211 4806 nostri
2238 4757 2420 4804 ortum
2455 4749 2525 4804 de
2548 4747 2790 4817 Virgine,
2822 4755 2875 4802 et
2898 4762 3020 4817 quae
3054 4755 3177 4817 post
3218 4747 3371 4801 illum

1796 4844 1961 4900 simul
1988 4852 2151 4913 atque
2181 4842 2498 4907 acervatim,
2527 4850 2581 4896 et
2601 4840 2803 4895 ludatis
2832 4849 2887 4895 et
2924 4840 3150 4910 reliquis
3197 4840 3373 4915 genti-

1794 4935 1898 4991 bus
1956 4942 2219 4991 eventura
2279 4940 2437 4988 erant
2486 4952 2498 4986 :
2550 4933 2819 5002 siquidem
2884 4935 3172 5004 utriusque
3220 4933 3375 4988 ordi-

1794 5029 1881 5083 nis
1925 5030 2276 5081 mutationem
2326 5026 2383 5079 in
2428 5025 2761 5079 contrarium
2821 5026 3104 5096 prophetia
3146 5026 3372 5081 demon-

1796 5127 1955 5183 strat,
2002 5116 2246 5173 Iudaica:
2280 5117 2498 5186 quidem
2546 5117 2723 5187 gentis
2758 5131 2787 5169 a
2818 5118 3042 5171 meliore
3086 5119 3141 5172 in
3180 5119 3369 5188 pejus,

1796 5212 2035 5266 collectte
2083 5217 2265 5265 autem
2327 5208 2395 5262 de
2445 5209 2698 5282 gentibus
2754 5209 3050 5273 Ecclesiae,
3106 5224 3137 5262 a
3190 5210 3376 5280 priore

1797 5305 2083 5361 sterilitate
2137 5318 2203 5358 ac
2263 5302 2598 5367 solitudine,
2662 5303 2715 5356 in
2777 5302 3114 5356 fertilitatem
3167 5316 3371 5356 secun-

1795 5397 1924 5452 dum
1980 5393 2182 5461 Deum;
2225 5408 2346 5463 quae
2397 5391 2616 5463 quidem
2650 5391 2779 5446 dum
2836 5393 2939 5446 sub
2985 5407 3154 5446 unum
3207 5390 3369 5463 337

1794 5495 1849 5543 et
1910 5487 2053 5543 idem
2090 5494 2307 5556 tempus
2350 5501 2459 5554 quo
2511 5483 2829 5538 Emmanuel
2882 5483 3134 5538 adveniet
3185 5484 3367 5536 absol-

1794 5583 1971 5640 venda
2018 5590 2314 5647 canuntur,
2351 5578 2559 5636 oraculi
2609 5578 2890 5633 veritatem
2942 5586 3171 5632 eventus
3216 5590 3367 5632 com-
