3828 6220
434 293 540 350 515

1109 282 1376 341 EUSEBII
1411 278 1889 337 CIESARIENSIS
1928 276 2077 333 OPP.
2121 272 2381 329 PARS“.
2418 300 2484 310 ——
2514 266 3013 324 APOLOGETICA.

3580 261 3678 315 516

430 404 699 480 probavit.
736 402 855 456 Non
881 401 1027 456 enim
1058 400 1196 454 alias
1223 414 1386 468 quam
1417 404 1542 468 post
1573 393 1876 449 Salvatoris
1904 407 1977 444 no

2135 390 2300 442 ιυσίαν
2345 386 2439 439 τοῦ
2469 386 2719 455 Σωτῆρος
2735 382 2914 454 ἡμῶν,
2943 380 3106 434 αὐτοῦ
3136 380 3199 451 δὴ
3233 379 3408 447 Ἰησοῦ
3438 377 3533 431 τοῦ
3560 379 3688 448 X9:-

431 501 531 555 stri
564 497 880 558 adventum,
915 493 1074 547 tinem
1102 493 1383 562 accepisse
1411 491 1879 551 demonstrantur,
1898 493 2011 537 tum

431 607 496 646 es
532 589 600 642 iis
630 586 794 641 rebus
822 600 944 652 quae
969 585 1132 654 plane
1169 584 1236 638 de
1269 581 1472 635 Judteis
1526 580 1687 634 dictae
1716 584 1866 639 sunt,
1898 583 2014 629 tum

433 697 500 738 ex
532 681 648 750 ipsa
682 693 803 747 qua:
833 676 901 730 de
931 676 1182 746 gentibus
1209 676 1436 729 collecta
1471 683 1556 729 est
1594 671 1855 726 Ecclesia.
1880 669 2013 723 Nam

436 772 481 826 si
507 778 628 841 post
648 768 939 823 adventum
969 765 1273 820 Salvatoris
1311 765 1510 827 nostri,
1538 764 1734 831 ipsius,
1767 763 2012 831 inquam,

435 861 566 915 Jesu
587 848 812 922 Christi,
845 872 1075 926 regnum
1125 871 1187 909 ac
1223 854 1563 924 principatus
1611 853 1753 922 apttd
1799 850 2015 905 .Iudaeos

436 962 490 1006 et
518 951 660 1022 apud
684 948 1052 1005 Damascenos
1073 962 1195 1002 esse
1219 962 1328 1000 non
1360 946 1648 1011 desiisset;
1673 951 1726 999 et
1751 943 1859 999 nisi
1890 951 2017 997 ante

439 1043 628 1097 oculos
646 1049 886 1102 nostros,
919 1041 1080 1094 nobis
1126 1040 1260 1109 ipsis
1312 1039 1509 1092 intueri
1545 1039 1733 1092 liceret
1771 1037 2016 1091 relictam

441 1134 635 1188 abillis
652 1141 879 1197 terram,
912 1142 966 1186 et
994 1133 1062 1186 ab
1096 1132 1337 1187 externis
1368 1146 1432 1185 ac
1455 1131 1876 1186 simulacrorum
1902 1129 2019 1183 cul-

442 1226 672 1280 trieibus
702 1225 1020 1280 nationibus
1050 1224 1391 1291 habitatam;
1433 1232 1714 1294 praeterea,
1753 1222 1798 1277 si
1824 1237 1931 1275 non
1966 1221 2019 1274 in

440 1326 642 1372 terram
678 1318 937 1371 incultam
961 1326 1015 1371 et
1045 1318 1281 1385 spinam,
1314 1330 1476 1370 omne
1498 1316 1867 1386 quodcunque
1890 1314 2019 1367 olim

442 1411 974 1466 venerabilissimum
1010 1408 1152 1463 sacri
1182 1408 1322 1477 apud
1366 1408 1490 1462 illos
1530 1408 1826 1462 sanctuarii
1854 1406 2021 1460 decus

447 1502 772 1565 habebatur,
806 1507 1201 1555 commutatum
1238 1506 1404 1560 esset,
1446 1506 1500 1551 et
1541 1498 1647 1553 nisi
1677 1499 1916 1551 cultores
1947 1495 2023 1549 si-

446 1595 811 1648 mulacrorum
848 1633 863 1657 ,
918 1592 1274 1661 impurissimi
1347 1591 1597 1644 homines
1632 1632 1646 1657 ,
1697 1591 2021 1658 illorumque

444 1687 632 1742 hostes
662 1701 786 1740 cum
820 1685 1018 1754 sagitta
1071 1691 1125 1736 et
1181 1697 1311 1736 arcu
1349 1682 1689 1745 invadentes,
1725 1689 1779 1736 et
1810 1683 1877 1736 ab
1905 1682 2023 1751 ipso

448 1778 675 1833 Domino
728 1777 945 1846 impulsi
972 1776 1040 1828 ab
1067 1775 1307 1829 externis
1351 1775 1666 1844 regionibus
1723 1774 2018 1837 venissent,

446 1881 499 1925 et
534 1871 587 1923 in
619 1869 861 1939 ipsorum
895 1869 1057 1922 terris
1089 1867 1446 1936 quievissent,
1492 1880 1820 1934 omnemque
1842 1866 2022 1919 locum

448 1976 773 2030 omnemque
799 1959 1074 2012 civitatem
1118 1959 1360 2027 ipsorum
1395 1965 1757 2025 occupassent
1784 1975 1795 2009 :
1822 1965 1874 2011 et
1901 1972 2025 2010 rur-

450 2069 567 2117 sus,
602 2053 707 2107 nisi
742 2059 939 2105 aterra
997 2051 1204 2105 inculta
1249 2057 1303 2103 et
1346 2049 1525 2119 spina,
1582 2055 1636 2100 et
1691 2049 1760 2102 ab
1812 2063 1875 2102 ea
1905 2063 2025 2117 qum

438 2145 606 2214 prius
635 2148 754 2196 erat
777 2138 991 2195 colendi
1018 2138 1369 2209 negligentia,
1409 2152 1505 2206 per
1528 2133 1829 2189 Salvatoris
1852 2134 2023 2190 nostri

450 2233 755 2289 doctrinam
775 2237 1119 2285 commutatae
1150 2243 1341 2283 omnes
1365 2267 1379 2290 ,
1406 2242 1745 2296 quaacunque
1770 2227 1823 2279 in
1849 2225 2025 2295 ipsum

452 2324 823 2387 crediderunt,
857 2328 1067 2391 gentes,
1095 2320 1404 2389 religiosam
1451 2326 1505 2372 et
1530 2317 1831 2372 secundum
1856 2316 2025 2371 Deum

453 2414 773 2471 rationalem
809 2412 1142 2467 fertilitatem
1188 2411 1508 2478 cultumque
1558 2407 2026 2477 accepissent;ad

452 2506 591 2570 haec,
614 2504 722 2559 nisi
751 2503 926 2557 oculis
955 2501 1234 2555 Christum
1272 2498 1612 2566 intuiti,non
1639 2497 2024 2561 credidissent,

455 2606 509 2653 et
539 2598 643 2652 nisi
676 2595 961 2651 docentem
985 2593 1357 2657 audivissent,“
1388 2592 1747 2660 auditumque
1790 2591 2028 2659 respuis-

457 2677 792 2756 sent,etnisi
828 2687 1030 2756 reliqua
1064 2701 1185 2755 qure
1229 2685 1282 2738 in
1310 2684 1497 2738 eadem
1550 2682 1834 2752 prophetia
1855 2681 2029 2736 centi-

457 2792 676 2845 nentur,
711 2787 829 2849 post
865 2788 1107 2846 tempora
1140 2775 1267 2831 Jesu
1290 2774 1587 2829 Salvatoris
1619 2774 1793 2828 nostri
1823 2774 2029 2828 exitum

458 2873 651 2929 sortita
679 2886 802 2925 esse
835 2868 1279 2932 ostenderentur,
1314 2880 1446 2921 sane
1476 2881 1583 2920 non
1606 2865 1725 2935 ipse
1756 2872 1901 2919 esset
1936 2863 2033 2916 ha-

457 2964 701 3026 bendus,
744 2977 904 3032 quem
937 2960 1214 3030 prOpheta:
1262 2957 1589 3028 intelligunt.
1629 2954 1732 3010 Sed
1763 2956 1807 3012 si
1833 2956 2028 3020 cuivis,

458 3059 544 3114 vel
572 3073 737 3118 caeco.
785 3063 843 3109 ut
888 3055 1064 3115 aiunt,
1106 3053 1394 3122 perspicua
1452 3051 1800 3105 oraculorum
1841 3056 2032 3103 eventa

460 3148 757 3208 exsistunt,
790 3160 910 3214 qua:
960 3144 1177 3213 quidem
1210 3158 1317 3195 non
1360 3142 1497 3196 alias
1543 3156 1706 3210 quam
1752 3146 1875 3209 post
1899 3146 2036 3193 tent-

463 3254 595 3309 pora
626 3238 891 3292 adventus
951 3238 1099 3291 illius
1134 3236 1401 3305 completa
1457 3243 1605 3295 sunt,
1642 3232 1771 3303 quid
1804 3232 2036 3301 amplius

462 3347 603 3402 opus
625 3341 708 3386 est
732 3331 799 3386 de
843 3331 988 3385 illius
1023 3338 1147 3383 ortu
1177 3344 1242 3381 ex
1272 3326 1496 3396 Virgine
1524 3326 1796 3389 dubitare,
1825 3340 1889 3378 ac
1929 3340 2037 3378 non

465 3424 647 3496 potius
694 3423 931 3492 benigna
980 3421 1214 3491 quadam
1246 3419 1667 3472 ratiocinatione
1707 3433 1774 3472 ex
1807 3417 1873 3472 iis
1918 3432 2037 3486 quae

466 3514 646 3568 adhuc
673 3520 997 3574 cernuntur,
1042 3526 1224 3566 rerum
1270 3524 1485 3578 quoque
1516 3508 1757 3577 ipsarum
1789 3505 2039 3560 initio'ﬁ-

466 3606 587 3661 dem
627 3603 840 3657 facere?
864 3601 988 3656 llazc
1015 3616 1146 3655 vero
1176 3601 1290 3667 ipsa
1347 3615 1467 3668 quae
1505 3598 1682 3652 adhuc
1712 3606 2035 3660 cernuntur,

468 3711 588 3767 quae
615 3695 832 3749 tandem
859 3702 1016 3754 sunt,
1052 3692 1156 3745 nisi
1185 3688 1495 3742 Judaeorum
1528 3689 1581 3741 in
1611 3687 1760 3740 illum
1781 3687 2041 3740 heredu-

469 3789 595 3842 litas
629 3785 771 3857 (quae
800 3784 1120 3854 planissime
1171 3779 1470 3834 secundum
1524 3779 1701 3845 ipsum
1756 3779 2039 3832 oraculum

469 3880 798 3949 completur,
833 3875 978 3946 quod
1031 3874 1141 3927 ait:
1182 3893 1199 3923 ‹
1231 3871 1429 3925 Auditu
1476 3871 1706 3925 audietis
1734 3878 1788 3923 et
1818 3886 1924 3923 non
1954 3872 2039 3925 in-

471 3970 747 4042 telligetis,
773 3977 825 4023 et
854 3969 1128 4022 intuentes
1146 3964 1513 4024 intuebimini,
1538 3973 1589 4017 et
1624 3979 1735 4017 non
1754 3964 2036 4018 videbitis:

469 4076 721 4118 crassum
777 4060 921 4116 enim
974 4058 1173 4112 factum
1225 4066 1307 4110 est
1338 4071 1432 4109 cor
1482 4055 1667 4124 populi
1704 4055 1865 4123 hujus
1886 4055 1953 4122 ι),
1988 4061 2042 4109 et

473 4157 646 4228 ipsius
697 4153 995 4210 Jerusalem
1027 4148 1263 4210 obsidio,
1295 4155 1350 4200 et
1377 4147 1545 4215 prisci
1568 4145 1715 4199 illius
1745 4145 2042 4199 sanctuarii

471 4256 714 4304 extrema
749 4245 1010 4310 solitudo,
1043 4250 1096 4298 et
1118 4248 1463 4296 externarum
1488 4237 1751 4307 gentium,
1788 4252 1908 4306 qua:
1940 4236 2041 4290 sti-

474 4340 662 4402 mulis,
695 4338 801 4391 hoc
851 4343 936 4391 est
964 4333 1337 4404 asperioribus
1365 4329 1628 4399 imperiis,
1668 4328 1816 4398 ipsos
1842 4329 1894 4380 in
1927 4343 2043 4381 ser-

2057 1738 2097 1795 li

474 4432 701 4486 vitutem
735 4428 1006 4498 redigunt,
1037 4426 1091 4478 in
1117 4426 1361 4494 ipsorum
1392 4432 1536 4474 terra
1573 4420 1854 4483 habitatio,
1877 4418 2043 4489 328
2074 4453 2118 4507 Β

477 4524 605 4594 (hoc
659 4521 803 4575 enim
859 4516 1238 4587 signiﬁcabant
1285 4528 1595 4569 muscarum
1662 4521 1821 4582 atque
1881 4526 2042 4580 apum

476 4611 765 4682 exempla),
794 4617 848 4664 et
870 4609 1104 4677 denique
1136 4607 1378 4675 ipsarum
1410 4605 1653 4675 gentium
1675 4617 1705 4655 a
1738 4602 1920 4671 priore
1957 4616 2045 4656 so—

479 4702 707 4757 litudine
736 4701 803 4755 ad
833 4700 1102 4754 culturam
1128 4696 1426 4752 secundum
1457 4695 1624 4750 Deum
1659 4694 2048 4747 commutatio?

481 4793 606 4848 Haec
656 4792 820 4863 igitur
847 4804 968 4860 quae
1009 4787 1184 4843 oculis
1214 4794 1533 4847 cernuntur,
1567 4785 1691 4854 quis
1720 4801 1827 4837 non
1870 4784 2046 4837 admi-

480 4893 631 4939 retur
649 4896 809 4956 atque
825 4879 1196 4946 Obstupescat?
1224 4877 1356 4944 Quis
1408 4893 1570 4948 porro
1599 4893 1706 4931 non
1755 4889 1878 4930 vere
1910 4875 2049 4929 divi~

480 4990 609 5029 num
663 4973 894 5026 fateatur
925 4968 1284 5022 vaticinium?
1339 4983 1462 5021 cum
1495 4967 1678 5020 audiat
1732 4973 1855 5019 ante
1904 4972 2048 5018 totos

482 5065 628 5118 mille
660 5078 833 5117 annos
888 5060 1031 5130 apud
1078 5059 1316 5130 majores
1364 5060 1479 5113 haec
1502 5059 1556 5110 in
1607 5057 1760 5111 libris
1807 5058 2049 5126 ipsorum

482 5154 751 5209 contineri
787 5161 841 5209 et
869 5152 1096 5217 versari,
1128 5167 1247 5221 qure
1267 5160 1446 5205 tamen
1470 5166 1581 5204 non
1619 5150 1752 5202 alias
1788 5149 1852 5201 ad
1890 5148 2048 5200 tinem

483 5246 848 5318 pervenerint,
880 5259 1041 5315 quam
1066 5253 1186 5314 post
1211 5241 1511 5297 Salvatoris
1533 5241 1704 5295 nostri
1726 5239 2052 5294 adventum?

485 5340 637 5407 Quod
668 5340 714 5395 si
749 5339 1086 5394 admirabilis
1129 5345 1212 5391 cst
1261 5335 1564 5407 praedictio,
1590 5335 1828 5403 itemque
1879 5332 2052 5386 admi-

483 5432 709 5486 rabilior
772 5439 826 5486 et
881 5446 1045 5499 supra
1097 5443 1312 5483 omnem
1366 5427 1629 5481 rationem
1654 5427 1826 5496 Ipsius
1858 5422 2053 5492 prtedi-

485 5522 686 5576 ctionis
720 5530 966 5583 eventus,
996 5518 1127 5589 quid
1187 5518 1423 5589 amplius
1472 5516 1723 5570 dubitare
1766 5531 1904 5583 opus
1945 5522 2048 5577 est,

486 5619 663 5665 utrum
712 5612 920 5681 primus
978 5611 1096 5680 ejus
1148 5610 1215 5663 de
1276 5624 1386 5678 quo
1432 5605 1707 5676 prOpheta:
1755 5606 2053 5673 loquuntur

486 5717 764 5772 accessus,
816 5703 1193 5759 admirabilem
1245 5709 1299 5757 et
1340 5715 1507 5770 supra
1561 5713 1779 5753 omnem
1811 5695 2050 5751 hominis

2119 479 2267 544 στοῦ,
2298 480 2372 551 μὴ
2395 478 2668 532 πέπαυται
2698 473 3090 547 βασιλευομένη
3124 474 3157 543 ἡ
3189 471 3296 525 τῶν
3321 470 3691 541 Δαμασκηνῶν

2116 571 2256 644 ἀρχὴ
2278 573 2372 625 καὶ
2394 571 2500 623 τῶν
2516 570 2800 633 Ἰουδαίων,
2822 569 2978 621 καὶεί
2997 567 3070 638 μὴ
3097 568 3155 619 ἐν
3167 567 3352 636 ὂψεσιν
3372 567 3502 636 ἡμῖν
3516 565 3691 626 αὐτοῖς

2116 665 2211 717 νῦν
2259 664 2544 735 θεωρεῖται
2576 660 3047 731 καταλελειμμένη
3075 660 3166 711 ὑπ’
3210 658 3389 711 αὐτῶν
3414 660 3448 729 ή
3488 657 3588 727 γῆ,
3609 659 3695 709 καὶ

2117 758 2206 809 ὑπ’
2227 755 2395 808 ἐθνῶν
2414 753 2723 823 ἀλλοφύλων
2748 754 2841 807 καὶ
2859 751 3142 805 είδωλολατ
3149 751 3257 824 ρῶν
3278 750 3690 820 κατοικουμένη

2118 848 2212 900 καὶ
2236 846 2370 917 πρὸς
2399 845 2612 908 τούτοις
2638 847 2687 897 εἰ
2726 836 2800 915 μὴ
2823 844 3044 913 γέγονεν
3080 845 3161 907 εἰς
3189 843 3380 914 χέρσον
3408 844 3506 896 καὶ
3541 844 3695 896 511v-

2119 938 2217 992 θαν
2249 939 2396 990 πᾶσα
2437 940 2471 1009 ἡ
2526 936 2693 991 πάλαι
2727 936 3051 1007 σεμνοτάτη,
3091 935 3254 988 αὑτοῦ
3297 936 3361 1006 δὴ
3399 935 3497 988 τοῦ
3556 935 3695 1004 ἱεροῦ

2119 1028 2297 1082 αὐτῶν
2317 1029 2654 1099 ἁγιάσματος
2676 1027 2813 1099 ὥρα,
2836 1028 2930 1080 καὶ
2958 1028 3007 1079 εἰ
3038 1027 3110 1099 μὴ
3137 1026 3543 1097 εἰδωλολάτραι,
3570 1025 3697 1079 ἀκά-

2121 1135 2308 1205 θαρτοι
2340 1135 2550 1205 ἄνδρες,
2581 1134 2713 1187 οἵτε
2747 1133 2996 1204 πολέμιοι
3023 1133 3200 1186 αὐτῶν
3230 1134 3371 1187 κατὰ
3396 1132 3590 1203 βέλους
3613 1134 3697 1185 καὶ

2119 1227 2452 1298 τοξεύματος
2478 1226 2814 1290 ἐπελθόντες,
2836 1227 2928 1279 ὑπ’
2958 1226 3120 1279 αὐτοῦ
3142 1244 3204 1295 γε
3226 1226 3317 1280 τοῦ
3343 1227 3550 1298 Κυρίου
3576 1243 3699 1296 παρ·

2120 1318 2452 1391 ορμηθέντες
2488 1321 2551 1372 ἐκ
2604 1320 2703 1391 τῆς
2749 1317 3053 1390 ἀλλοδαπῆς
3092 1318 3434 1390 ἐληλύθασιν,
3468 1320 3675 1373 ἀνεπαύ

2125 1412 2286 1465 σαντό
2302 1429 2357 1464 τε
2384 1414 2440 1463 ἐν
2455 1413 2574 1474 ταῖς
2597 1409 2801 1482 χώραις
2822 1410 2998 1464 αὐτῶν
3027 1411 3202 1464 πάντα
3217 1411 3379 1465 τόπον
3398 1413 3497 1464 καὶ
3529 1412 3702 1473 πάσας

2121 1503 2219 1566 τὰς
2266 1503 2446 1566 πόλεις
2486 1502 2662 1556 αὐτῶν
2713 1501 3203 1572 ἰδιοποιησάμενοι·
3232 1502 3326 1555 καὶ
3362 1501 3625 1572 ἔμπαλιν,
3659 1504 3701 1553 εἰ

2127 1594 2201 1666 μὴ
2223 1595 2329 1648 ἀπὸ
2360 1595 2555 1666 χέρσου
2584 1594 2676 1647 καὶ
2708 1593 2949 1665 ἀκάνθης
2979 1594 3077 1664 τῆς
3107 1596 3235 1665 πρὶν
3274 1594 3592 1665 ἀγεωργίας
3625 1594 3705 1646 διὰ

2124 1689 2222 1759 τῆς
2278 1687 2372 1740 τοῦ
2418 1689 2671 1760 Σωτῆρος
2721 1688 2879 1759 ἡμῶν
2902 1760 2904 1763 ν
2929 1687 3275 1750 διδασκαλίας
3331 1687 3704 1757 μεταϐαλόντα

2129 1783 2303 1835 πάντα
2337 1780 2404 1833 τά
2444 1783 2525 1843 εἰς
2569 1781 2730 1834 αὐτὸν
2774 1780 3177 1834 πεπιστευκότα
3224 1780 3350 1851 ἐθνη
3380 1781 3481 1852 τὴν
3509 1781 3703 1851 εὐσεϐῆ

2129 1876 2221 1927 καὶ
2259 1872 2399 1926 κατὰ
2440 1872 2571 1927 Θεὸν
2616 1871 2837 1943 λογικὴν
2871 1871 3137 1941 ἀπείληφε
3177 1873 3595 1944 καρποφορίαν·
3621 1873 3705 1925 καὶ

2129 1965 2219 2017 ἐπὶ
2243 1964 2473 2029 τούτοις,
2505 1967 2554 2017 εἰ
2589 1964 2662 2035 μὴ
2693 1963 2988 2034 ὀφθαλμοῖς
3015 1963 3105 2016 τὸν
3133 1964 3364 2035 Χριστὸν
3390 1965 3599 2028 ἰδόντες
3616 1965 3707 2017 οὐκ

2130 2059 2478 2121 ἐπίστευσαν,
2503 2058 2597 2112 καὶ
2627 2056 2968 2119 διδάσκοντος
3001 2056 3332 2120 ἀκούσαντες
3356 2058 3405 2108 εἰ
3456 2056 3536 2127 μὴ
3577 2075 3708 2128 παρ-

2132 2153 2389 2224 ήκουσαν,
2432 2151 2525 2203 καὶ
2569 2151 2616 2202 εἰ
2660 2149 2733 2221 μὴ
2771 2148 2840 2203 τὰ
2869 2149 3030 2203 λοιπὰ
3064 2149 3164 2220 τῆς
3189 2150 3531 2221 προφητείας
3557 2151 3709 2221 ἐναρ-

2131 2241 2367 2310 γέστατα
2394 2239 2578 2302 τέλους
2608 2238 2839 2309 τυχόντα
2875 2238 2981 2291 ἀπὸ
3011 2238 3117 2293 τῶν
3146 2238 3351 2310 χρόνων
3396 2240 3579 2309 Ἰησοῦ
3622 2240 3705 2292 τοῦ

2133 2331 2382 2400 Σωτῆρος
2405 2331 2437 2400 ἡ
2448 2328 2561 2399 μῶν
2586 2328 2880 2394 δείκνυται,
2910 2330 3010 2383 οὐκ
3038 2329 3104 2384 ἂν
3131 2330 3217 2400 εἴη
3252 2331 3413 2394 αὐτὸς
3444 2333 3476 2384 ὁ
3502 2347 3705 2403 προφη-

2130 2422 2433 2491 τευόμενος.
2479 2421 2543 2473 Εἰ
2583 2421 2639 2474 δέ
2677 2422 2770 2475 καὶ
2807 2421 3012 2493 τυφλῷ,
3046 2422 3121 2487 ὦς
3155 2441 3309 2493 φασι,
3334 2423 3473 2494 δῆλα
3502 2424 3575 2477 τὰ
3610 2423 3706 2475 τῶν

2133 2524 2305 2592 λόγων
2344 2523 2774 2595 ἀποτελέσματα,
2807 2527 2907 2579 οὐκ
2932 2526 3118 2580 ἄλλοτε
3147 2526 3180 2596 ἢ
3219 2526 3326 2579 ἀπὸ
3359 2526 3473 2581 τῶν
3510 2527 3706 2599 χρόνων

2134 2616 2232 2685 τῆς
2274 2617 2593 2684 ἐπιφανείας
2633 2617 2798 2670 αὐτοῦ
2834 2618 3257 2690 πεπληρωμένα,
3287 2620 3339 2671 τί
3371 2621 3485 2690 χρὴ
3532 2621 3705 2674 λοιπὸν

2135 2706 2377 2779 καὶπερὶ
2402 2706 2501 2776 τῆς
2522 2708 2585 2759 ἐκ
2610 2708 2881 2778 Παρθένου
2905 2709 3170 2779 γενέσεως
3200 2707 3367 2762 αὑτοῦ
3395 2707 3708 2780 ἀμφιϐόλως

2136 2795 2300 2868 ἔχειν,
2325 2796 2443 2868 οὐχὶ
2470 2798 2526 2851 δὲ
2553 2798 2852 2870 εὐγνώμονι
2880 2799 3121 2871 λογισμῷ
3146 2800 3255 2854 ἀπὸ
3284 2800 3395 2854 τῶν
3426 2801 3605 2854 εἰσέτι
3624 2801 3707 2853 νῦν

2136 2888 2426 2959 ὁρωμένων
2447 2890 2541 2942 καὶ
2561 2890 2660 2962 τὴν
2693 2890 2970 2961 καταρχὴν
2991 2890 3099 2944 τῶν
3130 2893 3473 2963 πραγμάτων
3505 2891 3709 2946 πιστοῦ-

2140 2979 2298 3045 σθαι;
2348 2980 2601 3054 ὁρώμενα
2648 2981 2705 3034 δὲ
2737 2983 2903 3035 εἰσέτι
2946 2982 3042 3036 νῦν
3083 2983 3205 3037 τίνα
3246 2983 3314 3037 ἂν
3338 2984 3423 3056 εἴη
3458 2985 3581 3039 ἀλλ’
3615 2985 3647 3053 ἢ
3677 2986 3706 3051 ἡ

2061 3098 2104 3155 C
2152 3070 2414 3123 Ἰουδαίων
2442 3075 2525 3136 εἰς
2548 3073 2707 3126 αὐτὸν
2735 3074 2981 3137 ἀπιστία,
3007 3076 3274 3145 (ἐναργῶς
3297 3076 3438 3129 κατά
3472 3078 3569 3130 τὸν
3594 3095 3710 3149 χρηο

2139 3160 2274 3232 σμδν
2287 3159 2635 3232 πληρουμένη
2655 3161 2745 3215 τὸν
2767 3164 3063 3231 φάσκοντα·
3087 3184 3104 3214 ι
3129 3166 3289 3235 Ἀκοῇ
3314 3165 3610 3227 ἀκούσετε,
3630 3168 3710 3218 καὶ

2135 3253 2197 3306 ού
2249 3252 2322 3324 μὴ
2375 3253 2588 3322 συνῆτε,
2621 3255 2715 3307 καί¹
2767 3254 3054 3324 βλέποντες
3106 3254 3349 3325 βλέψετε,
3398 3258 3501 3311 καὶ
3554 3258 3615 3310 ού
3649 3258 3712 3327 μὴ

2139 3346 2313 3417 ἴδητεο
2349 3346 2625 3416 ἐπαχύνθη
2674 3348 2841 3418 γὰρὴ
2878 3348 3072 3419 καρδία
3112 3348 3207 3401 τοῦ
3235 3348 3365 3402 λαοῦ
3410 3351 3709 3420 τούτου-ι)

2138 3439 2287 3508 καὶὴ
2326 3438 2608 3509 πολιορκία
2638 3438 2738 3508 τῆς
2775 3438 3144 3510 Ἰερουσαλὴμ,
3171 3442 3264 3494 καὶ
3299 3440 3395 3493 τοῦ
3429 3442 3606 3495 πάλαι
3627 3443 3710 3495 αύ-

2136 3532 2245 3584 τῶν
2274 3530 2607 3613 ἀγιάσματος
2637 3531 2671 3600 ὴ
2707 3529 2972 3601 παντελὴς
2997 3532 3295 3603 ἐρήμωσις,
3328 3532 3438 3584 τῶν
3474 3550 3538 3586 τε
3569 3533 3710 3586 ἀλλο-

2140 3622 2318 3691 φύλων
2356 3622 2523 3676 ἐθνῶν
2548 3624 2639 3675 ἐπὶ
2668 3623 2766 3693 τῆς
2798 3622 2979 3694 χώρας
3003 3623 3182 3676 αὐτῶν
3214 3625 3566 3697 κατοίκησις,
3593 3628 3714 3697 μετὰ

2140 3714 2378 3784 κέντρων
2408 3714 2623 3779 αὐτοὺς,
2647 3712 2790 3766 τοῦτ’
2825 3713 3103 3785 ἐστισμετά
3132 3715 3383 3787 σκληρῶν
3411 3718 3714 3788 ἐπιταγμά-

2138 3822 2267 3867 των,
2294 3804 2831 3875 καταδουλουμένων,
2863 3803 3043 3875 (τοῦτο
3071 3805 3178 3875 γάρ
3201 3805 3389 3876 ἐδήλου
3410 3807 3526 3861 τῶν
3558 3808 3717 3878 μυιῶν

2141 3893 2232 3946 καὶ
2264 3892 2526 3963 μελιττῶν
2548 3894 2614 3947 τὰ
2638 3893 3054 3963 παραδείγματα
3073 3893 3109 3962 ·)
3135 3893 3226 3945 καὶ
3250 3895 3343 3947 ἐπὶ
3370 3896 3545 3949 πᾶσιν
3567 3897 3601 3966 ἡ
3623 3895 3716 3947 τῶν

2142 3985 2309 4039 ἐθνῶν
2342 3986 2452 4039 ἀπὸ
2481 3987 2577 4057 τῆς
2605 3986 2874 4057 προτέρας
2907 3986 3140 4056 ἐρημίας
3175 3988 3253 4048 εἰς
3281 3987 3383 4057 τὴν
3422 3987 3569 4040 κατὰ
3600 3987 3719 4040 Θεὸν

2140 4076 2410 4147 γεωργίαν
2465 4077 2760 4147 μεταϐολῆς
2792 4077 2975 4130 Ταῦτα
3005 4077 3068 4149 δὴ
3119 4072 3210 4130 οὖν
3252 4077 3560 4148 ὀφθαλμοῖς
3594 4076 3720 4150 δρώ-

2145 4185 2281 4239 μενα
2307 4170 2390 4233 τίς
2404 4170 2503 4223 οὐκ
2532 4169 2596 4223 ἂν
2617 4170 2915 4241 ἐκπλαγείη
2948 4169 3263 4239 θαυμάσαςς
3299 4169 3386 4232 τίς
3406 4170 3465 4223 δὲ
3491 4172 3556 4223 οὐ
3582 4170 3719 4223 θείαν

2142 4261 2218 4322 ώς
2245 4259 2457 4331 ἀληθῶς
2500 4259 2875 4332 ὁμολογήσειεν
2912 4260 2979 4314 ἂν
3009 4260 3107 4333 τὴν
3150 4263 3481 4333 πρόρρησιν,
3520 4262 3720 4316 ἀκούων

2144 4352 2347 4407 ἄνωθεν
2376 4351 2481 4422 πρὸ
2522 4352 2705 4422 χιλίων
2748 4352 2883 4405 ὅλων
2902 4352 3037 4405 ἐτῶν
3068 4353 3125 4403 ἐν
3156 4351 3356 4421 βίϐλοις
3389 4352 3720 4422 ἀποκείμενα

2145 4455 2318 4508 ταῦτα
2359 4455 2452 4507 καὶ
2508 4453 2879 4523 μελετώμενα,
2931 4454 2992 4507 ού
3044 4453 3148 4524 μὴν
3196 4452 3387 4506 ἄλλοτε
3448 4454 3531 4517 εἰς
3583 4451 3720 4512 τέλος

2145 4546 2380 4616 ἀχθέντα
2415 4545 2448 4615 ἦ
2483 4544 2618 4616 μετὰ
2653 4545 2750 4616 τὴν
2777 4545 2868 4598 τοῦ
2906 4546 3159 4615 Σωτῆρος
3188 4546 3220 4613 ἡ
3232 4545 3348 4614 μῶν
3379 4546 3718 4612 παρουσίανς

2146 4640 2210 4691 Εἰ
2242 4638 2306 4709 δὴ
2328 4635 2419 4691 οὖν
2447 4637 2747 4709 θαυμάσιος
2773 4640 2805 4708 ἡ
2839 4639 3158 4710 πρόρρησις,
3185 4638 3279 4690 καὶ
3311 4637 3393 4690 ἔτι
3418 4639 3720 4708 θαυμάσιον

2146 4731 2302 4801 τέρα,
2336 4731 2429 4783 καὶ
2450 4731 2587 4802 ὑπὲρ
2617 4731 2793 4784 πάντα
2807 4730 2962 4797 λόγον
2986 4731 3019 4800 ἡ
3044 4729 3143 4798 τῆς
3185 4731 3553 4800 προρρήσεως
3574 4727 3719 4781 ἐκϐαο

2151 4839 2254 4884 σις,
2279 4824 2331 4875 τί
2353 4822 2433 4875 δεῖ
2475 4824 2721 4876 άπιστεῖν
2759 4823 2805 4874 εἰ
2839 4823 2933 4875 καὶ
2955 4824 2988 4892 ἡ
3033 4819 3218 4890 πρώτη
3252 4819 3349 4872 τοῦ
3395 4836 3720 4892 προφητεύο-

2153 4912 2313 4982 μένου
2350 4912 2580 4982 πάροδος
2611 4911 2909 4984 παράδοξον
2940 4911 3034 4964 καὶ
3060 4911 3197 4980 ὑπὲρ
3228 4911 3414 4963 πᾶσαν
3444 4910 3717 4982 ἀνθρώπου

2151 5004 2312 5074 φύσιν
2352 5004 2449 5075 τὴν
2487 5005 2583 5075 τῆς
2629 5004 2890 5072 γενέσεως
2939 5002 3241 5073 καταϐολὴν
3281 5003 3525 5073 εἴληχεν,
3576 5004 3718 5057 ὁπότε

2151 5109 2243 5161 καὶ
2274 5109 2306 5177 ἡ
2337 5106 2443 5159 τῶν
2489 5106 2689 5159 λοιπῶν
2722 5105 3011 5176 θαυμάτων
3060 5107 3296 5177 ἐναργὴς
3327 5106 3472 5175 ἄξαις,
3501 5107 3602 5175 οὐχ
3637 5104 3711 5172 ἦτ-

2090 5223 2100 5233 ·
2149 5227 2256 5261 των
2284 5204 2439 5271 οὖσα,
2466 5206 2573 5262 ἀπὸ
2601 5208 2698 5278 τῆς
2732 5207 2995 5275 γενέσεως
3022 5205 3185 5260 αὐτοῦ
3227 5205 3475 5275 βιάζεται
3512 5206 3605 5257 καὶ
3632 5205 3718 5271 τὴν

2150 5311 2257 5362 τῶν
2293 5309 2465 5364 ἄλλων
2489 5309 2595 5361 τῶν
2636 5312 2754 5362 κατ’
2789 5309 2950 5362 αὐτὸν
2979 5306 3332 5380 πραχθέντων
3370 5302 3713 5378 ἀποδέχεσθαι

2155 5414 2491 5485 μαρτυρίαν;
2536 5412 2695 5464 Ἀλλά
2735 5413 2841 5481 γὰρ
2868 5411 3075 5474 τούτοις
3105 5410 3231 5478 ἐξῆς
3278 5409 3419 5481 μετά
3460 5409 3542 5473 τὸ,
3587 5427 3605 5457 ι
3636 5406 3713 5467 Εἰς

2154 5506 2406 5578 βόσκημα
2425 5505 2697 5576 προϐάτου
2721 5506 2814 5557 καὶ
2838 5504 3208 5574 καταπάτημα
3232 5501 3373 5571 βοὸς,
3414 5522 3433 5554 ι
3467 5500 3714 5568 συνῆπται

2151 5597 2375 5667 δευτέρα
2421 5613 2505 5658 τις
2551 5596 2852 5666 πρόρρησις
2898 5594 3162 5663 συγγενὴς
3210 5595 3276 5662 τῇ
3316 5588 3712 5661 προτεθειμὲνῃ.

2154 5692 2430 5765 ἀρχομένη
2456 5693 2562 5745 ἀπὸ
2589 5691 2704 5758 τοῦ,
2741 5709 2759 5740 ι
2796 5688 2899 5743 Καὶ
2930 5686 3044 5742 εἷπε
3076 5686 3277 5758 Κύριος
3302 5684 3442 5755 πρὸς
3588 5679 3713 5735 Λάεε
