  <div class='ocr_page' id='page_1' title='image "/cluster/home/n/w/nwhite01/storage/ocr_20150623/22/nnc1.0046978372/278.png"; bbox 0 0 3828 6220; ppageno 0'>
   <div class='ocr_carea' id='block_1_1' title="bbox 147 294 3408 372">
    <p class='ocr_par' dir='ltr' id='par_1_1' title="bbox 147 294 3408 372">
     <span class='ocr_line' id='line_1_1' title="bbox 147 294 3408 372; baseline 0.007 -24"><span class='ocrx_word' id='word_1_1' title='bbox 147 294 257 349; x_wconf 79' lang='grc'><strong>517</strong></span> <span class='ocrx_word' id='word_1_2' title='bbox 1064 298 1719 359; x_wconf 78' lang='lat' dir='ltr'><strong>DEMONSTRATIONIS</strong></span> <span class='ocrx_word' id='word_1_3' title='bbox 1757 305 2216 367; x_wconf 58' lang='lat' dir='ltr'><strong>EVANGELICE</strong></span> <span class='ocrx_word' id='word_1_4' title='bbox 2257 308 2385 363; x_wconf 84' lang='lat' dir='ltr'><strong>LIB.</strong></span> <span class='ocrx_word' id='word_1_5' title='bbox 2409 307 2523 363; x_wconf 77' lang='grc' dir='ltr'><strong>νη.</strong></span> <span class='ocrx_word' id='word_1_6' title='bbox 3305 317 3408 372; x_wconf 76' lang='lat' dir='ltr'><strong>MS</strong></span> 
     </span>
    </p>
   </div>
   <div class='ocr_carea' id='block_1_2' title="bbox 147 410 1693 496">
    <p class='ocr_par' dir='ltr' id='par_1_2' title="bbox 147 410 1693 491">
     <span class='ocr_line' id='line_1_2' title="bbox 147 410 1693 491; baseline 0.007 -28"><span class='ocrx_word' id='word_1_7' title='bbox 147 410 364 481; x_wconf 82' lang='grc' dir='ltr'>σεαυτῷ</span> <span class='ocrx_word' id='word_1_8' title='bbox 397 410 581 481; x_wconf 84' lang='grc' dir='ltr'>τόμον,</span> <span class='ocrx_word' id='word_1_9' title='bbox 613 430 633 464; x_wconf 76' lang='grc' dir='ltr'><strong>ι</strong></span> <span class='ocrx_word' id='word_1_10' title='bbox 655 413 720 483; x_wconf 76' lang='grc' dir='ltr'><strong>ῆν</strong></span> <span class='ocrx_word' id='word_1_11' title='bbox 760 414 852 466; x_wconf 77' lang='grc' dir='ltr'>καὶ</span> <span class='ocrx_word' id='word_1_12' title='bbox 884 414 1054 485; x_wconf 79' lang='grc' dir='ltr'>αὐτὴν</span> <span class='ocrx_word' id='word_1_13' title='bbox 1098 415 1402 487; x_wconf 85' lang='grc' dir='ltr'>ὲκθέμενοι,</span> <span class='ocrx_word' id='word_1_14' title='bbox 1434 419 1588 491; x_wconf 86' lang='grc' dir='ltr'>φέρε,</span> <span class='ocrx_word' id='word_1_15' title='bbox 1625 421 1693 475; x_wconf 77' lang='grc' dir='ltr'><strong>διι</strong></span> 
     </span>
    </p>
   </div>
   <div class='ocr_carea' id='block_1_3' title="bbox 1806 410 3406 496">
    <p class='ocr_par' dir='ltr' id='par_1_3' title="bbox 1806 426 3406 496">
     <span class='ocr_line' id='line_1_3' title="bbox 1806 426 3406 496; baseline 0.006 -19"><span class='ocrx_word' id='word_1_16' title='bbox 1806 434 2091 485; x_wconf 66' lang='grc' dir='ltr'>,ιιιιιιιινιιηι</span> <span class='ocrx_word' id='word_1_17' title='bbox 2138 428 2221 481; x_wconf 91' lang='lat' dir='ltr'><strong>sui</strong></span> <span class='ocrx_word' id='word_1_18' title='bbox 2296 435 2452 480; x_wconf 91' lang='lat' dir='ltr'><strong>ortus</strong></span> <span class='ocrx_word' id='word_1_19' title='bbox 2506 426 2954 481; x_wconf 81' lang='lat' dir='ltr'><strong>constitutionem</strong></span> <span class='ocrx_word' id='word_1_20' title='bbox 3013 430 3242 486; x_wconf 83' lang='lat' dir='ltr'><strong>sortitus</strong></span> <span class='ocrx_word' id='word_1_21' title='bbox 3299 433 3406 496; x_wconf 83' lang='lat' dir='ltr'><strong>sit,</strong></span> 
     </span>
    </p>
   </div>
   <div class='ocr_carea' id='block_1_4' title="bbox 148 503 1693 588">
    <p class='ocr_par' dir='ltr' id='par_1_4' title="bbox 148 503 536 574">
     <span class='ocr_line' id='line_1_4' title="bbox 148 503 536 574; baseline 0 -20"><span class='ocrx_word' id='word_1_22' title='bbox 148 503 329 574; x_wconf 79' lang='grc' dir='ltr'>σκοπή</span> <span class='ocrx_word' id='word_1_23' title='bbox 337 519 536 573; x_wconf 88' lang='grc' dir='ltr'>σωμεν.</span> 
     </span>
    </p>
   </div>
   <div class='ocr_carea' id='block_1_5' title="bbox 1806 503 3409 588">
    <p class='ocr_par' dir='ltr' id='par_1_5' title="bbox 1832 515 3409 588">
     <span class='ocr_line' id='line_1_5' title="bbox 1832 515 3409 588; baseline 0.006 -19"><span class='ocrx_word' id='word_1_24' title='bbox 1832 517 2051 585; x_wconf 78' lang='lat' dir='ltr'><strong>quando</strong></span> <span class='ocrx_word' id='word_1_25' title='bbox 2076 515 2409 588; x_wconf 85' lang='lat' dir='ltr'><strong>reliquorum</strong></span> <span class='ocrx_word' id='word_1_26' title='bbox 2441 533 2659 588; x_wconf 88' lang='lat' dir='ltr'><strong>quoque</strong></span> <span class='ocrx_word' id='word_1_27' title='bbox 2692 520 3081 574; x_wconf 86' lang='lat' dir='ltr'><strong>miraculorum</strong></span> <span class='ocrx_word' id='word_1_28' title='bbox 3114 522 3409 587; x_wconf 78' lang='lat' dir='ltr'><strong>evidentia,</strong></span> 
     </span>
    </p>
   </div>
   <div class='ocr_carea' id='block_1_6' title="bbox 46 596 3411 684">
    <p class='ocr_par' dir='ltr' id='par_1_6' title="bbox 46 596 3411 684">
     <span class='ocr_line' id='line_1_6' title="bbox 46 596 3411 684; baseline 0.008 -39"><span class='ocrx_word' id='word_1_29' title='bbox 46 606 51 609; x_wconf 83' lang='lat'>&#39;</span> <span class='ocrx_word' id='word_1_30' title='bbox 140 610 270 665; x_wconf 71' lang='lat' dir='ltr'><strong>qua:</strong></span> <span class='ocrx_word' id='word_1_31' title='bbox 322 596 471 652; x_wconf 85' lang='lat' dir='ltr'><strong>illius</strong></span> <span class='ocrx_word' id='word_1_32' title='bbox 527 604 652 649; x_wconf 91' lang='lat' dir='ltr'><strong>ortu</strong></span> <span class='ocrx_word' id='word_1_33' title='bbox 713 597 1134 669; x_wconf 77' lang='lat' dir='ltr'><strong>haudquaquam</strong></span> <span class='ocrx_word' id='word_1_34' title='bbox 1186 603 1368 658; x_wconf 87' lang='lat' dir='ltr'><strong>minor</strong></span> <span class='ocrx_word' id='word_1_35' title='bbox 1415 611 1520 668; x_wconf 89' lang='lat' dir='ltr'><strong>est,</strong></span> <span class='ocrx_word' id='word_1_36' title='bbox 1576 607 1720 676; x_wconf 86' lang='lat' dir='ltr'><strong>cogit</strong></span> <span class='ocrx_word' id='word_1_37' title='bbox 1756 609 1917 662; x_wconf 89' lang='lat' dir='ltr'><strong>etiam</strong></span> <span class='ocrx_word' id='word_1_38' title='bbox 1959 612 2215 676; x_wconf 84' lang='lat' dir='ltr'><strong>aliorum,</strong></span> <span class='ocrx_word' id='word_1_39' title='bbox 2288 629 2409 683; x_wconf 85' lang='lat' dir='ltr'><strong>quae</strong></span> <span class='ocrx_word' id='word_1_40' title='bbox 2449 613 2598 666; x_wconf 81' lang='lat' dir='ltr'><strong>circa</strong></span> <span class='ocrx_word' id='word_1_41' title='bbox 2656 613 2809 667; x_wconf 91' lang='lat' dir='ltr'><strong>illum</strong></span> <span class='ocrx_word' id='word_1_42' title='bbox 2859 622 3010 684; x_wconf 87' lang='lat' dir='ltr'><strong>gesta</strong></span> <span class='ocrx_word' id='word_1_43' title='bbox 3064 626 3211 678; x_wconf 89' lang='lat' dir='ltr'><strong>sunt,</strong></span> <span class='ocrx_word' id='word_1_44' title='bbox 3265 619 3411 672; x_wconf 87' lang='lat' dir='ltr'><strong>acci-</strong></span> 
     </span>
    </p>
   </div>
   <div class='ocr_carea' id='block_1_7' title="bbox 140 685 3409 777">
    <p class='ocr_par' dir='ltr' id='par_1_7' title="bbox 140 685 3409 777">
     <span class='ocr_line' id='line_1_7' title="bbox 140 685 3409 777; baseline 0.008 -39"><span class='ocrx_word' id='word_1_45' title='bbox 140 698 275 777; x_wconf 78' lang='lat' dir='ltr'><strong>pere</strong></span> <span class='ocrx_word' id='word_1_46' title='bbox 312 685 729 741; x_wconf 78' lang='lat' dir='ltr'><strong>testimonium?</strong></span> <span class='ocrx_word' id='word_1_47' title='bbox 751 688 1042 754; x_wconf 76' lang='lat' dir='ltr'><strong>Caeterum,</strong></span> <span class='ocrx_word' id='word_1_48' title='bbox 1069 693 1264 749; x_wconf 84' lang='lat' dir='ltr'><strong>ordine</strong></span> <span class='ocrx_word' id='word_1_49' title='bbox 1312 694 1572 769; x_wconf 85' lang='lat' dir='ltr'><strong>deinceps</strong></span> <span class='ocrx_word' id='word_1_50' title='bbox 1599 699 1684 752; x_wconf 92' lang='lat' dir='ltr'><strong>his</strong></span> <span class='ocrx_word' id='word_1_51' title='bbox 1721 716 1843 770; x_wconf 62' lang='lat' dir='ltr'><strong>quae</strong></span> <span class='ocrx_word' id='word_1_52' title='bbox 1896 702 2042 756; x_wconf 88' lang='lat' dir='ltr'><strong>dicta</strong></span> <span class='ocrx_word' id='word_1_53' title='bbox 2073 711 2201 759; x_wconf 88' lang='lat' dir='ltr'><strong>sunt</strong></span> <span class='ocrx_word' id='word_1_54' title='bbox 2234 715 2355 775; x_wconf 90' lang='lat' dir='ltr'><strong>post</strong></span> <span class='ocrx_word' id='word_1_55' title='bbox 2384 705 2517 759; x_wconf 89' lang='lat' dir='ltr'><strong>illud</strong></span> <span class='ocrx_word' id='word_1_56' title='bbox 2545 721 2558 756; x_wconf 93' lang='lat'>:</span> <span class='ocrx_word' id='word_1_57' title='bbox 2591 724 2609 756; x_wconf 81' lang='grc' dir='ltr'><strong>ι</strong></span> <span class='ocrx_word' id='word_1_58' title='bbox 2631 706 2687 760; x_wconf 88' lang='lat' dir='ltr'><strong>lu</strong></span> <span class='ocrx_word' id='word_1_59' title='bbox 2711 722 2916 777; x_wconf 89' lang='lat' dir='ltr'><strong>pascua</strong></span> <span class='ocrx_word' id='word_1_60' title='bbox 2946 708 3086 771; x_wconf 92' lang='lat' dir='ltr'><strong>ovis,</strong></span> <span class='ocrx_word' id='word_1_61' title='bbox 3152 716 3207 763; x_wconf 91' lang='lat' dir='ltr'><strong>et</strong></span> <span class='ocrx_word' id='word_1_62' title='bbox 3271 725 3409 764; x_wconf 88' lang='lat' dir='ltr'><strong>con-</strong></span> 
     </span>
    </p>
   </div>
   <div class='ocr_carea' id='block_1_8' title="bbox 137 775 3411 869">
    <p class='ocr_par' dir='ltr' id='par_1_8' title="bbox 137 775 3411 869">
     <span class='ocr_line' id='line_1_8' title="bbox 137 775 3411 869; baseline 0.008 -42"><span class='ocrx_word' id='word_1_63' title='bbox 137 775 510 869; x_wconf 63' lang='lat' dir='ltr'><strong>eulcationem</strong></span> <span class='ocrx_word' id='word_1_64' title='bbox 540 777 697 834; x_wconf 85' lang='lat' dir='ltr'><strong>bovis</strong></span> <span class='ocrx_word' id='word_1_65' title='bbox 735 780 846 845; x_wconf 59' lang='grc' dir='ltr'><strong>δίη</strong></span> <span class='ocrx_word' id='word_1_66' title='bbox 873 781 1082 836; x_wconf 80' lang='lat' dir='ltr'><strong>adnexa</strong></span> <span class='ocrx_word' id='word_1_67' title='bbox 1126 793 1212 840; x_wconf 91' lang='lat' dir='ltr'><strong>est</strong></span> <span class='ocrx_word' id='word_1_68' title='bbox 1263 787 1436 842; x_wconf 86' lang='lat' dir='ltr'><strong>altera</strong></span> <span class='ocrx_word' id='word_1_69' title='bbox 1495 789 1744 859; x_wconf 69' lang='lat' dir='ltr'><strong>quaedam</strong></span> <span class='ocrx_word' id='word_1_70' title='bbox 1783 793 2066 861; x_wconf 68' lang='lat' dir='ltr'><strong>praedictio</strong></span> <span class='ocrx_word' id='word_1_71' title='bbox 2094 805 2325 865; x_wconf 88' lang='lat' dir='ltr'><strong>cognata</strong></span> <span class='ocrx_word' id='word_1_72' title='bbox 2356 796 2475 865; x_wconf 86' lang='lat' dir='ltr'><strong>ejus</strong></span> <span class='ocrx_word' id='word_1_73' title='bbox 2507 812 2627 867; x_wconf 70' lang='lat' dir='ltr'><strong>qua:</strong></span> <span class='ocrx_word' id='word_1_74' title='bbox 2659 775 2904 868; x_wconf 79' lang='lat' dir='ltr'><strong>exposita</strong></span> <span class='ocrx_word' id='word_1_75' title='bbox 2945 810 3051 864; x_wconf 90' lang='lat' dir='ltr'><strong>est,</strong></span> <span class='ocrx_word' id='word_1_76' title='bbox 3119 815 3241 869; x_wconf 66' lang='lat' dir='ltr'><strong>qua:</strong></span> <span class='ocrx_word' id='word_1_77' title='bbox 3284 802 3411 869; x_wconf 82' lang='lat' dir='ltr'><strong>qui-</strong></span> 
     </span>
    </p>
   </div>
   <div class='ocr_carea' id='block_1_9' title="bbox 137 868 3408 962">
    <p class='ocr_par' dir='ltr' id='par_1_9' title="bbox 137 868 3408 962">
     <span class='ocr_line' id='line_1_9' title="bbox 137 868 3408 962; baseline 0.008 -41"><span class='ocrx_word' id='word_1_78' title='bbox 137 868 269 923; x_wconf 85' lang='lat' dir='ltr'><strong>dem</strong></span> <span class='ocrx_word' id='word_1_79' title='bbox 298 868 371 923; x_wconf 85' lang='lat' dir='ltr'><strong>ab</strong></span> <span class='ocrx_word' id='word_1_80' title='bbox 399 884 465 923; x_wconf 91' lang='lat' dir='ltr'><strong>eo</strong></span> <span class='ocrx_word' id='word_1_81' title='bbox 497 870 620 926; x_wconf 90' lang='lat' dir='ltr'><strong>loco</strong></span> <span class='ocrx_word' id='word_1_82' title='bbox 645 873 856 944; x_wconf 76' lang='lat' dir='ltr'><strong>incipit,</strong></span> <span class='ocrx_word' id='word_1_83' title='bbox 888 884 978 929; x_wconf 75' lang='lat' dir='ltr'><strong>«et</strong></span> <span class='ocrx_word' id='word_1_84' title='bbox 1007 874 1149 930; x_wconf 79' lang='lat' dir='ltr'><strong>dixit</strong></span> <span class='ocrx_word' id='word_1_85' title='bbox 1177 877 1438 936; x_wconf 87' lang='lat' dir='ltr'><strong>Dominus</strong></span> <span class='ocrx_word' id='word_1_86' title='bbox 1471 883 1539 937; x_wconf 87' lang='lat' dir='ltr'><strong>ad</strong></span> <span class='ocrx_word' id='word_1_87' title='bbox 1576 900 1661 940; x_wconf 89' lang='lat' dir='ltr'><strong>me</strong></span> <span class='ocrx_word' id='word_1_88' title='bbox 1694 904 1707 940; x_wconf 92' lang='lat'>:</span> <span class='ocrx_word' id='word_1_89' title='bbox 1752 886 1918 942; x_wconf 90' lang='lat' dir='ltr'><strong>Sume</strong></span> <span class='ocrx_word' id='word_1_90' title='bbox 1954 888 2053 942; x_wconf 90' lang='lat' dir='ltr'><strong>tibi</strong></span> <span class='ocrx_word' id='word_1_91' title='bbox 2084 890 2282 945; x_wconf 88' lang='lat' dir='ltr'><strong>librum</strong></span> <span class='ocrx_word' id='word_1_92' title='bbox 2299 891 2370 956; x_wconf 73' lang='grc'><strong>⁸⁸,</strong></span> <span class='ocrx_word' id='word_1_93' title='bbox 2396 910 2414 942; x_wconf 76' lang='grc' dir='ltr'><strong>ι</strong></span> <span class='ocrx_word' id='word_1_94' title='bbox 2448 907 2612 962; x_wconf 91' lang='lat' dir='ltr'><strong>quam</strong></span> <span class='ocrx_word' id='word_1_95' title='bbox 2641 893 2804 947; x_wconf 88' lang='lat' dir='ltr'><strong>etiam</strong></span> <span class='ocrx_word' id='word_1_96' title='bbox 2837 892 3010 961; x_wconf 86' lang='lat' dir='ltr'><strong>ipsam</strong></span> <span class='ocrx_word' id='word_1_97' title='bbox 3041 868 3258 961; x_wconf 84' lang='lat' dir='ltr'><strong>tempus</strong></span> <span class='ocrx_word' id='word_1_98' title='bbox 3293 868 3408 961; x_wconf 67' lang='lat' dir='ltr'><strong>iam</strong></span> 
     </span>
    </p>
   </div>
   <div class='ocr_carea' id='block_1_10' title="bbox 132 972 1269 1042">
    <p class='ocr_par' dir='ltr' id='par_1_10' title="bbox 132 972 1269 1042">
     <span class='ocr_line' id='line_1_10' title="bbox 132 972 1269 1042; baseline 0.005 -20"><span class='ocrx_word' id='word_1_99' title='bbox 132 972 248 1028; x_wconf 83' lang='lat' dir='ltr'><strong>est,</strong></span> <span class='ocrx_word' id='word_1_100' title='bbox 282 973 344 1019; x_wconf 87' lang='lat' dir='ltr'><strong>ut</strong></span> <span class='ocrx_word' id='word_1_101' title='bbox 372 980 707 1037; x_wconf 79' lang='lat' dir='ltr'><strong>exponamus</strong></span> <span class='ocrx_word' id='word_1_102' title='bbox 734 980 788 1026; x_wconf 87' lang='lat' dir='ltr'><strong>et</strong></span> <span class='ocrx_word' id='word_1_103' title='bbox 816 972 1269 1042; x_wconf 88' lang='lat' dir='ltr'><strong>contemplemur.</strong></span> 
     </span>
    </p>
   </div>
   <div class='ocr_carea' id='block_1_11' title="bbox 1821 1159 3405 1228">
    <p class='ocr_par' dir='ltr' id='par_1_11' title="bbox 1821 1159 3405 1228">
     <span class='ocr_line' id='line_1_11' title="bbox 1821 1159 3405 1228; baseline -0.004 -7"><span class='ocrx_word' id='word_1_104' title='bbox 1821 1167 1900 1221; x_wconf 83' lang='lat' dir='ltr'><strong>Ab</strong></span> <span class='ocrx_word' id='word_1_105' title='bbox 1929 1162 2275 1221; x_wconf 69' lang='lat' dir='ltr'><strong>eodem—In</strong></span> <span class='ocrx_word' id='word_1_106' title='bbox 2302 1179 2431 1215; x_wconf 88' lang='lat' dir='ltr'><strong>nova</strong></span> <span class='ocrx_word' id='word_1_107' title='bbox 2466 1159 2761 1228; x_wconf 76' lang='lat' dir='ltr'><strong>Scriptura,</strong></span> <span class='ocrx_word' id='word_1_108' title='bbox 2804 1159 2953 1215; x_wconf 83' lang='lat' dir='ltr'><strong>Novo</strong></span> <span class='ocrx_word' id='word_1_109' title='bbox 2983 1162 3184 1215; x_wconf 79' lang='lat' dir='ltr'><strong>scilicet</strong></span> <span class='ocrx_word' id='word_1_110' title='bbox 3222 1161 3405 1215; x_wconf 82' lang='lat' dir='ltr'><strong>Testa-</strong></span> 
     </span>
    </p>
   </div>
   <div class='ocr_carea' id='block_1_12' title="bbox 1892 1232 3403 1304">
    <p class='ocr_par' dir='ltr' id='par_1_12' title="bbox 1892 1232 3403 1304">
     <span class='ocr_line' id='line_1_12' title="bbox 1892 1232 3403 1304; baseline -0.002 -14"><span class='ocrx_word' id='word_1_111' title='bbox 1892 1247 2084 1296; x_wconf 87' lang='lat' dir='ltr'><strong>mento,</strong></span> <span class='ocrx_word' id='word_1_112' title='bbox 2126 1233 2452 1304; x_wconf 65' lang='lat' dir='ltr'><strong>prophetissa</strong></span> <span class='ocrx_word' id='word_1_113' title='bbox 2512 1248 2600 1304; x_wconf 0' lang='lat' dir='ltr'><strong>ex,</strong></span> <span class='ocrx_word' id='word_1_114' title='bbox 2626 1232 3043 1304; x_wconf 77' lang='lat' dir='ltr'><strong>Spiritusancto</strong></span> <span class='ocrx_word' id='word_1_115' title='bbox 3069 1243 3403 1304; x_wconf 75' lang='lat' dir='ltr'><strong>conceptum</strong></span> 
     </span>
    </p>
   </div>
   <div class='ocr_carea' id='block_1_13' title="bbox 1888 1301 3395 1375">
    <p class='ocr_par' dir='ltr' id='par_1_13' title="bbox 1888 1301 3395 1375">
     <span class='ocr_line' id='line_1_13' title="bbox 1888 1301 3395 1375; baseline -0.003 -14"><span class='ocrx_word' id='word_1_116' title='bbox 1888 1319 1937 1361; x_wconf 88' lang='lat' dir='ltr'><strong>cl</strong></span> <span class='ocrx_word' id='word_1_117' title='bbox 1966 1301 2207 1375; x_wconf 76' lang='lat' dir='ltr'><strong>paritura</strong></span> <span class='ocrx_word' id='word_1_118' title='bbox 2248 1301 2473 1375; x_wconf 10' lang='lat' dir='ltr'><strong>rFilium</strong></span> <span class='ocrx_word' id='word_1_119' title='bbox 2497 1301 2714 1375; x_wconf 81' lang='lat' dir='ltr'><strong>dicitur,</strong></span> <span class='ocrx_word' id='word_1_120' title='bbox 2766 1302 2855 1375; x_wconf 70' lang='lat' dir='ltr'><strong>qui</strong></span> <span class='ocrx_word' id='word_1_121' title='bbox 2908 1302 3299 1375; x_wconf 81' lang='lat' dir='ltr'><strong>cum_in_im_icos</strong></span> <span class='ocrx_word' id='word_1_122' title='bbox 3344 1313 3395 1356; x_wconf 86' lang='lat' dir='ltr'><strong>et</strong></span> 
     </span>
    </p>
   </div>
   <div class='ocr_carea' id='block_1_14' title="bbox 1893 1370 3397 1441">
    <p class='ocr_par' dir='ltr' id='par_1_14' title="bbox 1893 1370 3397 1441">
     <span class='ocr_line' id='line_1_14' title="bbox 1893 1370 3397 1441; baseline -0.003 -11"><span class='ocrx_word' id='word_1_123' title='bbox 1893 1370 2065 1431; x_wconf 73' lang='lat' dir='ltr'><strong>hostes</strong></span> <span class='ocrx_word' id='word_1_124' title='bbox 2100 1374 2297 1434; x_wconf 83' lang='lat' dir='ltr'><strong>vicerit,</strong></span> <span class='ocrx_word' id='word_1_125' title='bbox 2332 1390 2435 1426; x_wconf 84' lang='lat' dir='ltr'><strong>non</strong></span> <span class='ocrx_word' id='word_1_126' title='bbox 2458 1373 2697 1424; x_wconf 75' lang='lat' dir='ltr'><strong>credetur</strong></span> <span class='ocrx_word' id='word_1_127' title='bbox 2721 1372 2927 1441; x_wconf 83' lang='lat' dir='ltr'><strong>quidem</strong></span> <span class='ocrx_word' id='word_1_128' title='bbox 2959 1390 2989 1424; x_wconf 79' lang='grc' dir='ltr'><strong>α</strong></span> <span class='ocrx_word' id='word_1_129' title='bbox 3019 1370 3245 1433; x_wconf 77' lang='lat' dir='ltr'><strong>Judwis,</strong></span> <span class='ocrx_word' id='word_1_130' title='bbox 3272 1390 3397 1441; x_wconf 84' lang='lat' dir='ltr'><strong>gen-</strong></span> 
     </span>
    </p>
   </div>
   <div class='ocr_carea' id='block_1_15' title="bbox 1894 1441 3397 1511">
    <p class='ocr_par' dir='ltr' id='par_1_15' title="bbox 1894 1441 3397 1511">
     <span class='ocr_line' id='line_1_15' title="bbox 1894 1441 3397 1511; baseline -0.004 -11"><span class='ocrx_word' id='word_1_131' title='bbox 1894 1448 2031 1500; x_wconf 84' lang='lat' dir='ltr'><strong>tibus</strong></span> <span class='ocrx_word' id='word_1_132' title='bbox 2067 1455 2240 1499; x_wconf 82' lang='lat' dir='ltr'><strong>autem</strong></span> <span class='ocrx_word' id='word_1_133' title='bbox 2288 1446 2385 1496; x_wconf 83' lang='lat' dir='ltr'><strong>erit</strong></span> <span class='ocrx_word' id='word_1_134' title='bbox 2437 1442 2713 1496; x_wconf 79' lang='lat' dir='ltr'><strong>salutaris.</strong></span> <span class='ocrx_word' id='word_1_135' title='bbox 2753 1441 2949 1506; x_wconf 80' lang='lat' dir='ltr'><strong>Qualia</strong></span> <span class='ocrx_word' id='word_1_136' title='bbox 2980 1443 3139 1495; x_wconf 82' lang='lat' dir='ltr'><strong>etiam</strong></span> <span class='ocrx_word' id='word_1_137' title='bbox 3167 1443 3397 1511; x_wconf 76' lang='lat' dir='ltr'><strong>patietur</strong></span> 
     </span>
    </p>
   </div>
   <div class='ocr_carea' id='block_1_16' title="bbox 1888 1511 3396 1582">
    <p class='ocr_par' dir='ltr' id='par_1_16' title="bbox 1888 1511 3396 1582">
     <span class='ocr_line' id='line_1_16' title="bbox 1888 1511 3396 1582; baseline -0.003 -13"><span class='ocrx_word' id='word_1_138' title='bbox 1888 1516 2119 1570; x_wconf 83' lang='lat' dir='ltr'><strong>Judaica</strong></span> <span class='ocrx_word' id='word_1_139' title='bbox 2146 1515 2291 1568; x_wconf 85' lang='lat' dir='ltr'><strong>natio</strong></span> <span class='ocrx_word' id='word_1_140' title='bbox 2308 1522 2425 1582; x_wconf 78' lang='lat' dir='ltr'><strong>post</strong></span> <span class='ocrx_word' id='word_1_141' title='bbox 2449 1511 2873 1565; x_wconf 77' lang='lat' dir='ltr'><strong>incredulitatem</strong></span> <span class='ocrx_word' id='word_1_142' title='bbox 2898 1512 2952 1565; x_wconf 86' lang='lat' dir='ltr'><strong>in</strong></span> <span class='ocrx_word' id='word_1_143' title='bbox 2968 1529 3109 1577; x_wconf 82' lang='lat' dir='ltr'><strong>eum,</strong></span> <span class='ocrx_word' id='word_1_144' title='bbox 3142 1528 3234 1581; x_wconf 84' lang='lat' dir='ltr'><strong>per</strong></span> <span class='ocrx_word' id='word_1_145' title='bbox 3259 1512 3396 1567; x_wconf 84' lang='lat' dir='ltr'><strong>idem</strong></span> 
     </span>
    </p>
   </div>
   <div class='ocr_carea' id='block_1_17' title="bbox 1889 1587 2212 1641">
    <p class='ocr_par' dir='ltr' id='par_1_17' title="bbox 1889 1587 2212 1641">
     <span class='ocr_line' id='line_1_17' title="bbox 1889 1587 2212 1641; baseline -0.012 0"><span class='ocrx_word' id='word_1_146' title='bbox 1889 1587 2212 1641; x_wconf 85' lang='lat' dir='ltr'><strong>declaratur.</strong></span> 
     </span>
    </p>
   </div>
   <div class='ocr_carea' id='block_1_18' title="bbox 147 1143 1715 1224">
    <p class='ocr_par' dir='ltr' id='par_1_18' title="bbox 147 1143 1715 1224">
     <span class='ocr_line' id='line_1_18' title="bbox 147 1143 1715 1224; baseline 0.007 -26"><span class='ocrx_word' id='word_1_147' title='bbox 147 1143 296 1224; x_wconf 67' lang='grc' dir='ltr'><strong>’Δπρ</strong></span> <span class='ocrx_word' id='word_1_148' title='bbox 324 1145 883 1224; x_wconf 30' lang='grc' dir='ltr'>τρῦΑαίέζοῦμ-ββπί</span> <span class='ocrx_word' id='word_1_149' title='bbox 917 1148 1134 1224; x_wconf 70' lang='grc' dir='ltr'>καινῆς</span> <span class='ocrx_word' id='word_1_150' title='bbox 1153 1152 1419 1224; x_wconf 54' lang='grc' dir='ltr'>Γραφῆς,</span> <span class='ocrx_word' id='word_1_151' title='bbox 1438 1153 1548 1223; x_wconf 79' lang='grc' dir='ltr'><strong>τῆς</strong></span> <span class='ocrx_word' id='word_1_152' title='bbox 1576 1160 1679 1212; x_wconf 75' lang='lat' dir='ltr'><strong>Kac</strong></span> <span class='ocrx_word' id='word_1_153' title='bbox 1701 1187 1715 1197; x_wconf 93' lang='lat'><strong>-</strong></span> 
     </span>
    </p>
   </div>
   <div class='ocr_carea' id='block_1_19' title="bbox 204 1216 1716 1301">
    <p class='ocr_par' dir='ltr' id='par_1_19' title="bbox 204 1216 1716 1301">
     <span class='ocr_line' id='line_1_19' title="bbox 204 1216 1716 1301; baseline 0.009 -33"><span class='ocrx_word' id='word_1_154' title='bbox 204 1216 322 1283; x_wconf 71' lang='grc' dir='ltr'><strong>γῆς</strong></span> <span class='ocrx_word' id='word_1_155' title='bbox 343 1216 581 1301; x_wconf 50' lang='grc' dir='ltr'>δηλαδὴ</span> <span class='ocrx_word' id='word_1_156' title='bbox 608 1218 922 1301; x_wconf 56' lang='grc' dir='ltr'>Διαθτξκης,</span> <span class='ocrx_word' id='word_1_157' title='bbox 936 1216 1231 1301; x_wconf 44' lang='grc' dir='ltr'>προφῆτις</span> <span class='ocrx_word' id='word_1_158' title='bbox 1246 1216 1716 1301; x_wconf 30' lang='grc' dir='ltr'><strong>’Πνεῦ-</strong></span> 
     </span>
    </p>
   </div>
   <div class='ocr_carea' id='block_1_20' title="bbox 206 1290 1712 1366">
    <p class='ocr_par' dir='ltr' id='par_1_20' title="bbox 206 1290 1712 1366">
     <span class='ocr_line' id='line_1_20' title="bbox 206 1290 1712 1366; baseline 0.006 -28"><span class='ocrx_word' id='word_1_159' title='bbox 206 1304 401 1366; x_wconf 62' lang='grc' dir='ltr'>ματος</span> <span class='ocrx_word' id='word_1_160' title='bbox 420 1290 847 1366; x_wconf 42' lang='grc' dir='ltr'>συτλλ-ήιριεσθαι</span> <span class='ocrx_word' id='word_1_161' title='bbox 869 1291 965 1342; x_wconf 78' lang='grc' dir='ltr'>καὶ</span> <span class='ocrx_word' id='word_1_162' title='bbox 986 1290 1261 1366; x_wconf 65' lang='grc' dir='ltr'>τέξεσθαι</span> <span class='ocrx_word' id='word_1_163' title='bbox 1290 1290 1426 1366; x_wconf 48' lang='lat' dir='ltr'><strong>rid?</strong></span> <span class='ocrx_word' id='word_1_164' title='bbox 1455 1295 1712 1363; x_wconf 76' lang='grc' dir='ltr'>λέγεται,</span> 
     </span>
    </p>
   </div>
   <div class='ocr_carea' id='block_1_21' title="bbox 203 1355 1717 1430">
    <p class='ocr_par' dir='ltr' id='par_1_21' title="bbox 203 1355 1717 1430">
     <span class='ocr_line' id='line_1_21' title="bbox 203 1355 1717 1430; baseline 0.009 -23"><span class='ocrx_word' id='word_1_165' title='bbox 203 1355 297 1422; x_wconf 76' lang='grc' dir='ltr'>ὃς,</span> <span class='ocrx_word' id='word_1_166' title='bbox 328 1356 448 1430; x_wconf 75' lang='grc' dir='ltr'><strong>τῷν</strong></span> <span class='ocrx_word' id='word_1_167' title='bbox 491 1356 718 1430; x_wconf 73' lang='grc' dir='ltr'>ἐχθρῷν</span> <span class='ocrx_word' id='word_1_168' title='bbox 749 1360 846 1430; x_wconf 69' lang='grc' dir='ltr'>καὶ</span> <span class='ocrx_word' id='word_1_169' title='bbox 887 1363 1188 1429; x_wconf 79' lang='grc' dir='ltr'>πολεμίων</span> <span class='ocrx_word' id='word_1_170' title='bbox 1229 1355 1553 1430; x_wconf 69' lang='grc' dir='ltr'>κρατήσας,</span> <span class='ocrx_word' id='word_1_171' title='bbox 1585 1355 1717 1420; x_wconf 55' lang='lat' dir='ltr'><strong>dm;</strong></span> 
     </span>
    </p>
   </div>
   <div class='ocr_carea' id='block_1_22' title="bbox 203 1425 1720 1499">
    <p class='ocr_par' dir='ltr' id='par_1_22' title="bbox 203 1425 1720 1499">
     <span class='ocr_line' id='line_1_22' title="bbox 203 1425 1720 1499; baseline 0.007 -21"><span class='ocrx_word' id='word_1_172' title='bbox 203 1425 575 1499; x_wconf 77' lang='grc' dir='ltr'>στηθήσεται</span> <span class='ocrx_word' id='word_1_173' title='bbox 600 1427 716 1496; x_wconf 80' lang='grc' dir='ltr'><strong>μὲν</strong></span> <span class='ocrx_word' id='word_1_174' title='bbox 744 1429 858 1499; x_wconf 53' lang='grc' dir='ltr'><strong>ὑπὸ</strong></span> <span class='ocrx_word' id='word_1_175' title='bbox 897 1425 1220 1494; x_wconf 74' lang='grc' dir='ltr'><strong>Ἰουδαίων,</strong></span> <span class='ocrx_word' id='word_1_176' title='bbox 1247 1425 1370 1499; x_wconf 68' lang='grc' dir='ltr'>τοῖς</span> <span class='ocrx_word' id='word_1_177' title='bbox 1391 1425 1459 1485; x_wconf 83' lang='grc' dir='ltr'>δὲ</span> <span class='ocrx_word' id='word_1_178' title='bbox 1480 1425 1720 1490; x_wconf 51' lang='lat' dir='ltr'><strong>Musam</strong></span> 
     </span>
    </p>
   </div>
   <div class='ocr_carea' id='block_1_23' title="bbox 201 1494 1720 1563">
    <p class='ocr_par' dir='ltr' id='par_1_23' title="bbox 201 1494 1720 1563">
     <span class='ocr_line' id='line_1_23' title="bbox 201 1494 1720 1563; baseline 0.006 -13"><span class='ocrx_word' id='word_1_179' title='bbox 201 1498 377 1550; x_wconf 81' lang='grc' dir='ltr'>ἔσται</span> <span class='ocrx_word' id='word_1_180' title='bbox 409 1494 726 1563; x_wconf 68' lang='grc' dir='ltr'>σωτήριος·</span> <span class='ocrx_word' id='word_1_181' title='bbox 759 1494 855 1551; x_wconf 80' lang='grc' dir='ltr'>οἶά</span> <span class='ocrx_word' id='word_1_182' title='bbox 891 1517 952 1553; x_wconf 82' lang='grc' dir='ltr'><strong>τε</strong></span> <span class='ocrx_word' id='word_1_183' title='bbox 1000 1501 1269 1555; x_wconf 83' lang='grc' dir='ltr'>πείσεται</span> <span class='ocrx_word' id='word_1_184' title='bbox 1314 1494 1381 1555; x_wconf 66' lang='grc' dir='ltr'><strong>τό</strong></span> <span class='ocrx_word' id='word_1_185' title='bbox 1417 1504 1720 1559; x_wconf 83' lang='grc' dir='ltr'><strong>Ἰουδαίων</strong></span> 
     </span>
    </p>
   </div>
   <div class='ocr_carea' id='block_1_24' title="bbox 200 1567 1718 1635">
    <p class='ocr_par' dir='ltr' id='par_1_24' title="bbox 200 1567 1718 1635">
     <span class='ocr_line' id='line_1_24' title="bbox 200 1567 1718 1635; baseline 0.005 -14"><span class='ocrx_word' id='word_1_186' title='bbox 200 1570 381 1632; x_wconf 77' lang='grc' dir='ltr'>ἔθνος</span> <span class='ocrx_word' id='word_1_187' title='bbox 416 1567 569 1635; x_wconf 80' lang='grc' dir='ltr'>μετὰ</span> <span class='ocrx_word' id='word_1_188' title='bbox 614 1567 729 1634; x_wconf 80' lang='grc' dir='ltr'><strong>τὴν</strong></span> <span class='ocrx_word' id='word_1_189' title='bbox 765 1571 853 1634; x_wconf 83' lang='grc' dir='ltr'>εις</span> <span class='ocrx_word' id='word_1_190' title='bbox 897 1571 1083 1624; x_wconf 75' lang='grc' dir='ltr'>αὑτὸν</span> <span class='ocrx_word' id='word_1_191' title='bbox 1127 1570 1416 1627; x_wconf 82' lang='grc' dir='ltr'><strong>ἀπιστίαν</strong></span> <span class='ocrx_word' id='word_1_192' title='bbox 1466 1578 1616 1630; x_wconf 83' lang='grc' dir='ltr'>κατὰ</span> <span class='ocrx_word' id='word_1_193' title='bbox 1651 1576 1718 1629; x_wconf 83' lang='grc' dir='ltr'>τὸ</span> 
     </span>
    </p>
   </div>
   <div class='ocr_carea' id='block_1_25' title="bbox 200 1636 691 1702">
    <p class='ocr_par' dir='ltr' id='par_1_25' title="bbox 200 1636 691 1702">
     <span class='ocr_line' id='line_1_25' title="bbox 200 1636 691 1702; baseline 0 -11"><span class='ocrx_word' id='word_1_194' title='bbox 200 1637 353 1691; x_wconf 82' lang='grc' dir='ltr'>αὐτὸ</span> <span class='ocrx_word' id='word_1_195' title='bbox 382 1636 691 1702; x_wconf 76' lang='grc' dir='ltr'>δηλοῦται.</span> 
     </span>
    </p>
   </div>
   <div class='ocr_carea' id='block_1_26' title="bbox 206 1741 1693 1825">
    <p class='ocr_par' dir='ltr' id='par_1_26' title="bbox 206 1741 1693 1825">
     <span class='ocr_line' id='line_1_26' title="bbox 206 1741 1693 1825; baseline 0.007 -28"><span class='ocrx_word' id='word_1_196' title='bbox 206 1765 226 1797; x_wconf 81' lang='grc' dir='ltr'><strong>ι</strong></span> <span class='ocrx_word' id='word_1_197' title='bbox 265 1748 380 1801; x_wconf 83' lang='lat' dir='ltr'><strong>Kal</strong></span> <span class='ocrx_word' id='word_1_198' title='bbox 403 1741 525 1802; x_wconf 79' lang='grc' dir='ltr'>εἷπε</span> <span class='ocrx_word' id='word_1_199' title='bbox 562 1747 766 1819; x_wconf 85' lang='grc' dir='ltr'>Κύριος</span> <span class='ocrx_word' id='word_1_200' title='bbox 809 1749 945 1821; x_wconf 84' lang='grc' dir='ltr'>πρὸς</span> <span class='ocrx_word' id='word_1_201' title='bbox 986 1751 1075 1821; x_wconf 86' lang='grc' dir='ltr'>μέ·</span> <span class='ocrx_word' id='word_1_202' title='bbox 1103 1753 1250 1807; x_wconf 77' lang='grc' dir='ltr'>Λάϐε</span> <span class='ocrx_word' id='word_1_203' title='bbox 1285 1753 1498 1825; x_wconf 82' lang='grc' dir='ltr'>σεαυτῷ</span> <span class='ocrx_word' id='word_1_204' title='bbox 1545 1756 1693 1825; x_wconf 63' lang='grc' dir='ltr'>τόμοπ</span> 
     </span>
    </p>
   </div>
   <div class='ocr_carea' id='block_1_27' title="bbox 1806 1741 3391 1825">
    <p class='ocr_par' dir='ltr' id='par_1_27' title="bbox 1891 1747 3391 1820">
     <span class='ocr_line' id='line_1_27' title="bbox 1891 1747 3391 1820; baseline 0.001 -13"><span class='ocrx_word' id='word_1_205' title='bbox 1891 1774 1909 1807; x_wconf 85' lang='grc' dir='ltr'><strong>ι</strong></span> <span class='ocrx_word' id='word_1_206' title='bbox 1938 1753 2005 1807; x_wconf 82' lang='lat' dir='ltr'><strong>Et</strong></span> <span class='ocrx_word' id='word_1_207' title='bbox 2025 1754 2159 1808; x_wconf 80' lang='lat' dir='ltr'><strong>dixit</strong></span> <span class='ocrx_word' id='word_1_208' title='bbox 2182 1751 2443 1806; x_wconf 88' lang='lat' dir='ltr'><strong>Dominus</strong></span> <span class='ocrx_word' id='word_1_209' title='bbox 2466 1747 2531 1802; x_wconf 91' lang='lat' dir='ltr'><strong>ad</strong></span> <span class='ocrx_word' id='word_1_210' title='bbox 2560 1764 2645 1803; x_wconf 92' lang='lat' dir='ltr'><strong>me</strong></span> <span class='ocrx_word' id='word_1_211' title='bbox 2672 1767 2684 1803; x_wconf 90' lang='lat'>:</span> <span class='ocrx_word' id='word_1_212' title='bbox 2711 1748 2910 1818; x_wconf 84' lang='lat' dir='ltr'><strong>Accipe</strong></span> <span class='ocrx_word' id='word_1_213' title='bbox 2940 1750 3037 1802; x_wconf 86' lang='lat' dir='ltr'><strong>tibi</strong></span> <span class='ocrx_word' id='word_1_214' title='bbox 3063 1751 3163 1820; x_wconf 90' lang='lat' dir='ltr'><strong>ipsi</strong></span> <span class='ocrx_word' id='word_1_215' title='bbox 3190 1752 3391 1807; x_wconf 89' lang='lat' dir='ltr'><strong>librum</strong></span> 
     </span>
    </p>
   </div>
   <div class='ocr_carea' id='block_1_28' title="bbox 124 1837 1693 1918">
    <p class='ocr_par' dir='ltr' id='par_1_28' title="bbox 124 1837 1693 1918">
     <span class='ocr_line' id='line_1_28' title="bbox 124 1837 1693 1918; baseline 0.005 -28"><span class='ocrx_word' id='word_1_216' title='bbox 124 1837 340 1901; x_wconf 81' lang='grc' dir='ltr'>καινὸν,</span> <span class='ocrx_word' id='word_1_217' title='bbox 379 1838 571 1908; x_wconf 88' lang='grc' dir='ltr'>μέγαν,</span> <span class='ocrx_word' id='word_1_218' title='bbox 598 1838 694 1892; x_wconf 71' lang='grc' dir='ltr'>καὶ</span> <span class='ocrx_word' id='word_1_219' title='bbox 716 1839 925 1910; x_wconf 72' lang='grc' dir='ltr'>γράψον</span> <span class='ocrx_word' id='word_1_220' title='bbox 964 1842 1044 1906; x_wconf 79' lang='grc' dir='ltr'>εἰς</span> <span class='ocrx_word' id='word_1_221' title='bbox 1073 1843 1233 1898; x_wconf 81' lang='grc' dir='ltr'>αὐτὸν</span> <span class='ocrx_word' id='word_1_222' title='bbox 1259 1846 1481 1916; x_wconf 84' lang='grc' dir='ltr'>γραφίδι</span> <span class='ocrx_word' id='word_1_223' title='bbox 1509 1845 1693 1918; x_wconf 78' lang='grc' dir='ltr'>ἀνθρώ</span> 
     </span>
    </p>
   </div>
   <div class='ocr_carea' id='block_1_29' title="bbox 1806 1837 3392 1918">
    <p class='ocr_par' dir='ltr' id='par_1_29' title="bbox 1822 1837 3392 1913">
     <span class='ocr_line' id='line_1_29' title="bbox 1822 1837 3392 1913; baseline -0.003 -14"><span class='ocrx_word' id='word_1_224' title='bbox 1822 1859 2022 1899; x_wconf 86' lang='lat' dir='ltr'><strong>novum</strong></span> <span class='ocrx_word' id='word_1_225' title='bbox 2048 1841 2333 1913; x_wconf 81' lang='lat' dir='ltr'><strong>grandem,</strong></span> <span class='ocrx_word' id='word_1_226' title='bbox 2377 1848 2431 1894; x_wconf 90' lang='lat' dir='ltr'><strong>et</strong></span> <span class='ocrx_word' id='word_1_227' title='bbox 2468 1838 2647 1892; x_wconf 85' lang='lat' dir='ltr'><strong>scribe</strong></span> <span class='ocrx_word' id='word_1_228' title='bbox 2696 1837 2751 1890; x_wconf 91' lang='lat' dir='ltr'><strong>in</strong></span> <span class='ocrx_word' id='word_1_229' title='bbox 2783 1853 2849 1891; x_wconf 89' lang='lat' dir='ltr'><strong>eo</strong></span> <span class='ocrx_word' id='word_1_230' title='bbox 2881 1840 3007 1892; x_wconf 80' lang='lat' dir='ltr'><strong>stilo</strong></span> <span class='ocrx_word' id='word_1_231' title='bbox 3038 1840 3294 1903; x_wconf 73' lang='lat' dir='ltr'><strong>heminis,</strong></span> <span class='ocrx_word' id='word_1_232' title='bbox 3333 1851 3392 1896; x_wconf 93' lang='lat' dir='ltr'><strong>ut</strong></span> 
     </span>
    </p>
   </div>
   <div class='ocr_carea' id='block_1_30' title="bbox 124 1927 1693 2007">
    <p class='ocr_par' dir='ltr' id='par_1_30' title="bbox 124 1927 1693 2007">
     <span class='ocr_line' id='line_1_30' title="bbox 124 1927 1693 2007; baseline 0.005 -27"><span class='ocrx_word' id='word_1_233' title='bbox 124 1945 254 1990; x_wconf 84' lang='grc' dir='ltr'>που,</span> <span class='ocrx_word' id='word_1_234' title='bbox 292 1928 387 1980; x_wconf 88' lang='grc' dir='ltr'><strong>τοῦ</strong></span> <span class='ocrx_word' id='word_1_235' title='bbox 421 1927 593 1994; x_wconf 71' lang='grc' dir='ltr'>ὀξέως</span> <span class='ocrx_word' id='word_1_236' title='bbox 636 1928 914 1999; x_wconf 84' lang='grc' dir='ltr'>προνομὴν</span> <span class='ocrx_word' id='word_1_237' title='bbox 952 1931 1173 2001; x_wconf 87' lang='grc' dir='ltr'>ποιῆσαι</span> <span class='ocrx_word' id='word_1_238' title='bbox 1216 1933 1448 1997; x_wconf 81' lang='grc' dir='ltr'><strong>σκύλων,</strong></span> <span class='ocrx_word' id='word_1_239' title='bbox 1487 1937 1693 2007; x_wconf 87' lang='grc' dir='ltr'>πάρεστ</span> 
     </span>
    </p>
   </div>
   <div class='ocr_carea' id='block_1_31' title="bbox 1806 1927 3388 2007">
    <p class='ocr_par' dir='ltr' id='par_1_31' title="bbox 1818 1927 3388 2001">
     <span class='ocr_line' id='line_1_31' title="bbox 1818 1927 3388 2001; baseline -0.001 -13"><span class='ocrx_word' id='word_1_240' title='bbox 1818 1935 2068 1989; x_wconf 79' lang='lat' dir='ltr'><strong>celeriter</strong></span> <span class='ocrx_word' id='word_1_241' title='bbox 2107 1932 2466 2001; x_wconf 87' lang='lat' dir='ltr'><strong>direptionem</strong></span> <span class='ocrx_word' id='word_1_242' title='bbox 2491 1927 2663 1982; x_wconf 84' lang='lat' dir='ltr'><strong>facias</strong></span> <span class='ocrx_word' id='word_1_243' title='bbox 2694 1929 3015 1997; x_wconf 86' lang='lat' dir='ltr'><strong>spoliorum,</strong></span> <span class='ocrx_word' id='word_1_244' title='bbox 3049 1930 3388 1996; x_wconf 86' lang='lat' dir='ltr'><strong>adestenim,</strong></span> 
     </span>
    </p>
   </div>
   <div class='ocr_carea' id='block_1_32' title="bbox 122 2018 1693 2096">
    <p class='ocr_par' dir='ltr' id='par_1_32' title="bbox 122 2019 1693 2096">
     <span class='ocr_line' id='line_1_32' title="bbox 122 2019 1693 2096; baseline 0.006 -26"><span class='ocrx_word' id='word_1_245' title='bbox 122 2019 257 2095; x_wconf 72' lang='grc' dir='ltr'>γάρ,</span> <span class='ocrx_word' id='word_1_246' title='bbox 294 2019 391 2072; x_wconf 71' lang='grc' dir='ltr'>καὶ</span> <span class='ocrx_word' id='word_1_247' title='bbox 418 2019 700 2091; x_wconf 81' lang='grc' dir='ltr'>μάρτυράς</span> <span class='ocrx_word' id='word_1_248' title='bbox 739 2038 828 2091; x_wconf 90' lang='grc' dir='ltr'><strong>μοι</strong></span> <span class='ocrx_word' id='word_1_249' title='bbox 861 2023 1085 2094; x_wconf 82' lang='grc' dir='ltr'>ποίησον</span> <span class='ocrx_word' id='word_1_250' title='bbox 1116 2025 1343 2089; x_wconf 83' lang='grc' dir='ltr'>πιστοὺς</span> <span class='ocrx_word' id='word_1_251' title='bbox 1377 2026 1693 2096; x_wconf 76' lang='grc' dir='ltr'><strong>ἀνθρώπους</strong></span> 
     </span>
    </p>
   </div>
   <div class='ocr_carea' id='block_1_33' title="bbox 1806 2018 3392 2096">
    <p class='ocr_par' dir='ltr' id='par_1_33' title="bbox 1816 2018 3392 2081">
     <span class='ocr_line' id='line_1_33' title="bbox 1816 2018 3392 2081; baseline -0.003 0"><span class='ocrx_word' id='word_1_252' title='bbox 1816 2034 1869 2081; x_wconf 88' lang='lat' dir='ltr'><strong>et</strong></span> <span class='ocrx_word' id='word_1_253' title='bbox 1897 2032 2067 2080; x_wconf 87' lang='lat' dir='ltr'><strong>testes</strong></span> <span class='ocrx_word' id='word_1_254' title='bbox 2096 2023 2231 2078; x_wconf 89' lang='lat' dir='ltr'><strong>mihi</strong></span> <span class='ocrx_word' id='word_1_255' title='bbox 2258 2021 2420 2076; x_wconf 82' lang='lat' dir='ltr'><strong>facito</strong></span> <span class='ocrx_word' id='word_1_256' title='bbox 2462 2020 2647 2075; x_wconf 84' lang='lat' dir='ltr'><strong>ﬁdeles</strong></span> <span class='ocrx_word' id='word_1_257' title='bbox 2683 2019 2950 2081; x_wconf 88' lang='lat' dir='ltr'><strong>homines,</strong></span> <span class='ocrx_word' id='word_1_258' title='bbox 2990 2018 3172 2074; x_wconf 90' lang='lat' dir='ltr'><strong>Uriam</strong></span> <span class='ocrx_word' id='word_1_259' title='bbox 3207 2038 3392 2077; x_wconf 83' lang='lat' dir='ltr'><strong>sacer-</strong></span> 
     </span>
    </p>
   </div>
   <div class='ocr_carea' id='block_1_34' title="bbox 118 2110 1693 2190">
    <p class='ocr_par' dir='ltr' id='par_1_34' title="bbox 118 2110 1687 2190">
     <span class='ocr_line' id='line_1_34' title="bbox 118 2110 1687 2190; baseline 0.006 -27"><span class='ocrx_word' id='word_1_260' title='bbox 118 2110 216 2163; x_wconf 84' lang='grc' dir='ltr'><strong>τὺν</strong></span> <span class='ocrx_word' id='word_1_261' title='bbox 237 2110 443 2181; x_wconf 77' lang='grc' dir='ltr'>Οὐρίαν</span> <span class='ocrx_word' id='word_1_262' title='bbox 466 2111 556 2163; x_wconf 87' lang='grc' dir='ltr'>τὸν</span> <span class='ocrx_word' id='word_1_263' title='bbox 590 2110 760 2183; x_wconf 78' lang='grc' dir='ltr'>ἱερέα,</span> <span class='ocrx_word' id='word_1_264' title='bbox 791 2113 884 2165; x_wconf 77' lang='grc' dir='ltr'>καὶ</span> <span class='ocrx_word' id='word_1_265' title='bbox 914 2116 1190 2186; x_wconf 83' lang='grc' dir='ltr'><strong>Ζαχαρίαν</strong></span> <span class='ocrx_word' id='word_1_266' title='bbox 1246 2117 1363 2170; x_wconf 82' lang='grc' dir='ltr'>υἱὸν</span> <span class='ocrx_word' id='word_1_267' title='bbox 1414 2119 1687 2190; x_wconf 83' lang='grc' dir='ltr'>Βαραχίου</span> 
     </span>
    </p>
   </div>
   <div class='ocr_carea' id='block_1_35' title="bbox 1806 2110 3389 2190">
    <p class='ocr_par' dir='ltr' id='par_1_35' title="bbox 1815 2110 3389 2177">
     <span class='ocr_line' id='line_1_35' title="bbox 1815 2110 3389 2177; baseline -0.002 -10"><span class='ocrx_word' id='word_1_268' title='bbox 1815 2115 2017 2177; x_wconf 90' lang='lat' dir='ltr'><strong>dotem,</strong></span> <span class='ocrx_word' id='word_1_269' title='bbox 2071 2122 2125 2167; x_wconf 91' lang='lat' dir='ltr'><strong>et</strong></span> <span class='ocrx_word' id='word_1_270' title='bbox 2154 2111 2475 2165; x_wconf 83' lang='lat' dir='ltr'><strong>Zachariam</strong></span> <span class='ocrx_word' id='word_1_271' title='bbox 2523 2111 2692 2165; x_wconf 85' lang='lat' dir='ltr'><strong>lilium</strong></span> <span class='ocrx_word' id='word_1_272' title='bbox 2742 2110 3019 2165; x_wconf 65' lang='lat' dir='ltr'><strong>Baracbia:</strong></span> <span class='ocrx_word' id='word_1_273' title='bbox 3045 2151 3060 2173; x_wconf 95' lang='lat'><strong>,</strong></span> <span class='ocrx_word' id='word_1_274' title='bbox 3095 2119 3149 2165; x_wconf 91' lang='lat' dir='ltr'><strong>et</strong></span> <span class='ocrx_word' id='word_1_275' title='bbox 3182 2114 3389 2166; x_wconf 82' lang='lat' dir='ltr'><strong>accessi</strong></span> 
     </span>
    </p>
   </div>
   <div class='ocr_carea' id='block_1_36' title="bbox 120 2200 1693 2283">
    <p class='ocr_par' dir='ltr' id='par_1_36' title="bbox 120 2204 1693 2283">
     <span class='ocr_line' id='line_1_36' title="bbox 120 2204 1693 2283; baseline 0.006 -28"><span class='ocrx_word' id='word_1_276' title='bbox 120 2205 235 2257; x_wconf 87' lang='lat' dir='ltr'><strong>Kal</strong></span> <span class='ocrx_word' id='word_1_277' title='bbox 285 2204 591 2275; x_wconf 85' lang='grc' dir='ltr'>προσῆλθον</span> <span class='ocrx_word' id='word_1_278' title='bbox 645 2205 783 2273; x_wconf 85' lang='grc' dir='ltr'>πρὸς</span> <span class='ocrx_word' id='word_1_279' title='bbox 814 2205 914 2277; x_wconf 86' lang='grc' dir='ltr'><strong>τὴν</strong></span> <span class='ocrx_word' id='word_1_280' title='bbox 960 2210 1249 2280; x_wconf 72' lang='grc' dir='ltr'>προφῆτιν,</span> <span class='ocrx_word' id='word_1_281' title='bbox 1284 2210 1377 2263; x_wconf 77' lang='grc' dir='ltr'>καὶ</span> <span class='ocrx_word' id='word_1_282' title='bbox 1415 2213 1473 2264; x_wconf 84' lang='grc' dir='ltr'>ὲν</span> <span class='ocrx_word' id='word_1_283' title='bbox 1517 2216 1693 2283; x_wconf 88' lang='grc' dir='ltr'>γαστρ</span> 
     </span>
    </p>
   </div>
   <div class='ocr_carea' id='block_1_37' title="bbox 1806 2200 3388 2283">
    <p class='ocr_par' dir='ltr' id='par_1_37' title="bbox 1813 2200 3388 2275">
     <span class='ocr_line' id='line_1_37' title="bbox 1813 2200 3388 2275; baseline -0.003 -18"><span class='ocrx_word' id='word_1_284' title='bbox 1813 2203 1977 2275; x_wconf 69' lang='lat'><strong>329</strong></span> <span class='ocrx_word' id='word_1_285' title='bbox 2009 2203 2077 2257; x_wconf 91' lang='lat' dir='ltr'><strong>ad</strong></span> <span class='ocrx_word' id='word_1_286' title='bbox 2123 2203 2548 2273; x_wconf 83' lang='lat' dir='ltr'><strong>prophetissam,</strong></span> <span class='ocrx_word' id='word_1_287' title='bbox 2581 2209 2635 2255; x_wconf 89' lang='lat' dir='ltr'><strong>et</strong></span> <span class='ocrx_word' id='word_1_288' title='bbox 2668 2200 2721 2254; x_wconf 85' lang='lat' dir='ltr'><strong>in</strong></span> <span class='ocrx_word' id='word_1_289' title='bbox 2756 2208 2912 2254; x_wconf 81' lang='lat' dir='ltr'><strong>utero</strong></span> <span class='ocrx_word' id='word_1_290' title='bbox 2936 2200 3162 2269; x_wconf 89' lang='lat' dir='ltr'><strong>accepit,</strong></span> <span class='ocrx_word' id='word_1_291' title='bbox 3198 2211 3252 2255; x_wconf 92' lang='lat' dir='ltr'><strong>et</strong></span> <span class='ocrx_word' id='word_1_292' title='bbox 3290 2216 3388 2270; x_wconf 90' lang='lat' dir='ltr'><strong>pc-</strong></span> 
     </span>
    </p>
   </div>
   <div class='ocr_carea' id='block_1_38' title="bbox 117 2293 1693 2374">
    <p class='ocr_par' dir='ltr' id='par_1_38' title="bbox 117 2294 1693 2374">
     <span class='ocr_line' id='line_1_38' title="bbox 117 2294 1693 2374; baseline 0.006 -26"><span class='ocrx_word' id='word_1_293' title='bbox 117 2294 310 2357; x_wconf 74' lang='grc' dir='ltr'>ἕλαῦε,</span> <span class='ocrx_word' id='word_1_294' title='bbox 345 2299 437 2350; x_wconf 79' lang='grc' dir='ltr'>καὶ</span> <span class='ocrx_word' id='word_1_295' title='bbox 461 2296 645 2351; x_wconf 73' lang='grc' dir='ltr'>ἔτεκεν</span> <span class='ocrx_word' id='word_1_296' title='bbox 677 2300 811 2355; x_wconf 80' lang='grc' dir='ltr'>υἱόν.</span> <span class='ocrx_word' id='word_1_297' title='bbox 849 2301 960 2354; x_wconf 81' lang='grc' dir='ltr'><strong>Καὶ</strong></span> <span class='ocrx_word' id='word_1_298' title='bbox 1010 2298 1127 2354; x_wconf 79' lang='grc' dir='ltr'>εἶπε</span> <span class='ocrx_word' id='word_1_299' title='bbox 1161 2301 1365 2373; x_wconf 84' lang='grc' dir='ltr'>Κύριός</span> <span class='ocrx_word' id='word_1_300' title='bbox 1411 2320 1537 2374; x_wconf 81' lang='grc' dir='ltr'>μοι·</span> <span class='ocrx_word' id='word_1_301' title='bbox 1588 2305 1693 2358; x_wconf 64' lang='lat' dir='ltr'><strong>Ka-</strong></span> 
     </span>
    </p>
   </div>
   <div class='ocr_carea' id='block_1_39' title="bbox 1806 2293 3384 2374">
    <p class='ocr_par' dir='ltr' id='par_1_39' title="bbox 1811 2293 3384 2368">
     <span class='ocr_line' id='line_1_39' title="bbox 1811 2293 3384 2368; baseline -0.003 -18"><span class='ocrx_word' id='word_1_302' title='bbox 1811 2298 1952 2368; x_wconf 87' lang='lat' dir='ltr'><strong>perit</strong></span> <span class='ocrx_word' id='word_1_303' title='bbox 1989 2296 2178 2358; x_wconf 86' lang='lat' dir='ltr'><strong>lilium,</strong></span> <span class='ocrx_word' id='word_1_304' title='bbox 2213 2305 2266 2348; x_wconf 90' lang='lat' dir='ltr'><strong>et</strong></span> <span class='ocrx_word' id='word_1_305' title='bbox 2299 2293 2437 2347; x_wconf 82' lang='lat' dir='ltr'><strong>dixit</strong></span> <span class='ocrx_word' id='word_1_306' title='bbox 2470 2293 2734 2347; x_wconf 89' lang='lat' dir='ltr'><strong>Dominus</strong></span> <span class='ocrx_word' id='word_1_307' title='bbox 2766 2293 2830 2346; x_wconf 92' lang='lat' dir='ltr'><strong>ad</strong></span> <span class='ocrx_word' id='word_1_308' title='bbox 2884 2308 2990 2354; x_wconf 91' lang='lat' dir='ltr'><strong>me,</strong></span> <span class='ocrx_word' id='word_1_309' title='bbox 3027 2307 3159 2345; x_wconf 78' lang='lat' dir='ltr'><strong>voca</strong></span> <span class='ocrx_word' id='word_1_310' title='bbox 3187 2308 3384 2346; x_wconf 89' lang='lat' dir='ltr'><strong>nomen</strong></span> 
     </span>
    </p>
   </div>
   <div class='ocr_carea' id='block_1_40' title="bbox 116 2380 1693 2467">
    <p class='ocr_par' dir='ltr' id='par_1_40' title="bbox 116 2388 1693 2467">
     <span class='ocr_line' id='line_1_40' title="bbox 116 2388 1693 2467; baseline 0.004 -27"><span class='ocrx_word' id='word_1_311' title='bbox 116 2389 283 2441; x_wconf 87' lang='grc' dir='ltr'>λεσον</span> <span class='ocrx_word' id='word_1_312' title='bbox 309 2388 370 2441; x_wconf 87' lang='grc' dir='ltr'>τὸ</span> <span class='ocrx_word' id='word_1_313' title='bbox 398 2388 568 2459; x_wconf 76' lang='grc' dir='ltr'>ὄνομα</span> <span class='ocrx_word' id='word_1_314' title='bbox 597 2390 782 2455; x_wconf 83' lang='grc' dir='ltr'>αὑτοῦ,</span> <span class='ocrx_word' id='word_1_315' title='bbox 808 2391 1017 2462; x_wconf 85' lang='grc' dir='ltr'>ταχέως</span> <span class='ocrx_word' id='word_1_316' title='bbox 1041 2391 1351 2455; x_wconf 81' lang='grc' dir='ltr'>σκύλευσον,</span> <span class='ocrx_word' id='word_1_317' title='bbox 1380 2393 1546 2459; x_wconf 80' lang='grc' dir='ltr'><strong>ὀξέως</strong></span> <span class='ocrx_word' id='word_1_318' title='bbox 1579 2410 1693 2467; x_wconf 82' lang='grc' dir='ltr'><strong>προ</strong></span> 
     </span>
    </p>
   </div>
   <div class='ocr_carea' id='block_1_41' title="bbox 1806 2380 3385 2467">
    <p class='ocr_par' dir='ltr' id='par_1_41' title="bbox 1811 2380 3385 2452">
     <span class='ocr_line' id='line_1_41' title="bbox 1811 2380 3385 2452; baseline -0.003 -14"><span class='ocrx_word' id='word_1_319' title='bbox 1811 2384 1932 2452; x_wconf 85' lang='lat' dir='ltr'><strong>ejus</strong></span> <span class='ocrx_word' id='word_1_320' title='bbox 1985 2382 2242 2436; x_wconf 89' lang='lat' dir='ltr'><strong>A&#39;ccelera</strong></span> <span class='ocrx_word' id='word_1_321' title='bbox 2274 2382 2446 2451; x_wconf 91' lang='lat' dir='ltr'><strong>spolia</strong></span> <span class='ocrx_word' id='word_1_322' title='bbox 2474 2382 2781 2445; x_wconf 83' lang='lat' dir='ltr'><strong>detrahere,</strong></span> <span class='ocrx_word' id='word_1_323' title='bbox 2817 2380 2939 2434; x_wconf 87' lang='lat' dir='ltr'><strong>Cito</strong></span> <span class='ocrx_word' id='word_1_324' title='bbox 2960 2381 3221 2450; x_wconf 73' lang='lat' dir='ltr'><strong>praedare,</strong></span> <span class='ocrx_word' id='word_1_325' title='bbox 3256 2385 3385 2451; x_wconf 90' lang='lat' dir='ltr'><strong>quia</strong></span> 
     </span>
    </p>
   </div>
   <div class='ocr_carea' id='block_1_42' title="bbox 115 2473 1693 2554">
    <p class='ocr_par' dir='ltr' id='par_1_42' title="bbox 115 2480 1693 2554">
     <span class='ocr_line' id='line_1_42' title="bbox 115 2480 1693 2554; baseline 0.005 -22"><span class='ocrx_word' id='word_1_326' title='bbox 115 2480 420 2549; x_wconf 86' lang='grc' dir='ltr'>νόμευσον·</span> <span class='ocrx_word' id='word_1_327' title='bbox 456 2481 589 2535; x_wconf 82' lang='grc' dir='ltr'><strong>διότι</strong></span> <span class='ocrx_word' id='word_1_328' title='bbox 620 2483 749 2553; x_wconf 69' lang='grc' dir='ltr'>πρὶν</span> <span class='ocrx_word' id='word_1_329' title='bbox 777 2482 809 2554; x_wconf 80' lang='grc' dir='ltr'><strong>ἢ</strong></span> <span class='ocrx_word' id='word_1_330' title='bbox 841 2482 1040 2551; x_wconf 82' lang='grc' dir='ltr'>γνῶναι</span> <span class='ocrx_word' id='word_1_331' title='bbox 1066 2484 1128 2538; x_wconf 83' lang='grc' dir='ltr'>τὸ</span> <span class='ocrx_word' id='word_1_332' title='bbox 1161 2485 1369 2539; x_wconf 82' lang='grc' dir='ltr'>παιδίον</span> <span class='ocrx_word' id='word_1_333' title='bbox 1394 2486 1578 2540; x_wconf 80' lang='grc' dir='ltr'>καλεῖν</span> <span class='ocrx_word' id='word_1_334' title='bbox 1606 2504 1693 2540; x_wconf 87' lang='grc' dir='ltr'>πα-</span> 
     </span>
    </p>
   </div>
   <div class='ocr_carea' id='block_1_43' title="bbox 1806 2473 3382 2554">
    <p class='ocr_par' dir='ltr' id='par_1_43' title="bbox 1811 2473 3382 2545">
     <span class='ocr_line' id='line_1_43' title="bbox 1811 2473 3382 2545; baseline -0.001 -17"><span class='ocrx_word' id='word_1_335' title='bbox 1811 2485 2102 2545; x_wconf 78' lang='lat' dir='ltr'><strong>antequam</strong></span> <span class='ocrx_word' id='word_1_336' title='bbox 2151 2473 2285 2530; x_wconf 86' lang='lat' dir='ltr'><strong>sciat</strong></span> <span class='ocrx_word' id='word_1_337' title='bbox 2333 2489 2469 2542; x_wconf 91' lang='lat' dir='ltr'><strong>puer</strong></span> <span class='ocrx_word' id='word_1_338' title='bbox 2531 2489 2729 2528; x_wconf 80' lang='lat' dir='ltr'><strong>vocare</strong></span> <span class='ocrx_word' id='word_1_339' title='bbox 2759 2482 2967 2544; x_wconf 85' lang='lat' dir='ltr'><strong>patrem</strong></span> <span class='ocrx_word' id='word_1_340' title='bbox 3000 2486 3093 2527; x_wconf 91' lang='lat' dir='ltr'><strong>aut</strong></span> <span class='ocrx_word' id='word_1_341' title='bbox 3131 2488 3382 2537; x_wconf 87' lang='lat' dir='ltr'><strong>matrem,</strong></span> 
     </span>
    </p>
   </div>
   <div class='ocr_carea' id='block_1_44' title="bbox 111 2564 1693 2647">
    <p class='ocr_par' dir='ltr' id='par_1_44' title="bbox 111 2572 1693 2647">
     <span class='ocr_line' id='line_1_44' title="bbox 111 2572 1693 2647; baseline 0.004 -22"><span class='ocrx_word' id='word_1_342' title='bbox 111 2572 258 2643; x_wconf 80' lang='grc' dir='ltr'>τέρα</span> <span class='ocrx_word' id='word_1_343' title='bbox 297 2572 331 2643; x_wconf 77' lang='grc' dir='ltr'><strong>ἢ</strong></span> <span class='ocrx_word' id='word_1_344' title='bbox 379 2574 611 2645; x_wconf 74' lang='grc' dir='ltr'>μητέρα,</span> <span class='ocrx_word' id='word_1_345' title='bbox 641 2574 868 2646; x_wconf 83' lang='grc' dir='ltr'>λήψεται</span> <span class='ocrx_word' id='word_1_346' title='bbox 901 2575 1126 2646; x_wconf 80' lang='grc' dir='ltr'>δύναμιν</span> <span class='ocrx_word' id='word_1_347' title='bbox 1168 2577 1482 2647; x_wconf 83' lang='grc' dir='ltr'><strong>Δαμασκοῦ,</strong></span> <span class='ocrx_word' id='word_1_348' title='bbox 1514 2579 1608 2631; x_wconf 75' lang='grc' dir='ltr'>καὶ</span> <span class='ocrx_word' id='word_1_349' title='bbox 1638 2577 1693 2631; x_wconf 70' lang='grc' dir='ltr'>τὲ</span> 
     </span>
    </p>
   </div>
   <div class='ocr_carea' id='block_1_45' title="bbox 1806 2564 3384 2647">
    <p class='ocr_par' dir='ltr' id='par_1_45' title="bbox 1810 2564 3384 2637">
     <span class='ocr_line' id='line_1_45' title="bbox 1810 2564 3384 2637; baseline -0.003 -15"><span class='ocrx_word' id='word_1_350' title='bbox 1810 2568 2038 2637; x_wconf 85' lang='lat' dir='ltr'><strong>accipiet</strong></span> <span class='ocrx_word' id='word_1_351' title='bbox 2088 2574 2415 2637; x_wconf 87' lang='lat' dir='ltr'><strong>potestatem</strong></span> <span class='ocrx_word' id='word_1_352' title='bbox 2483 2564 2755 2628; x_wconf 87' lang='lat' dir='ltr'><strong>Damasci,</strong></span> <span class='ocrx_word' id='word_1_353' title='bbox 2801 2573 2854 2620; x_wconf 91' lang='lat' dir='ltr'><strong>et</strong></span> <span class='ocrx_word' id='word_1_354' title='bbox 2895 2565 3065 2634; x_wconf 88' lang='lat' dir='ltr'><strong>spolia</strong></span> <span class='ocrx_word' id='word_1_355' title='bbox 3122 2564 3384 2619; x_wconf 71' lang='lat' dir='ltr'><strong>Samaria:</strong></span> 
     </span>
    </p>
   </div>
   <div class='ocr_carea' id='block_1_46' title="bbox 115 2658 1693 2738">
    <p class='ocr_par' dir='ltr' id='par_1_46' title="bbox 115 2658 1693 2738">
     <span class='ocr_line' id='line_1_46' title="bbox 115 2658 1693 2738; baseline 0.004 -25"><span class='ocrx_word' id='word_1_356' title='bbox 115 2658 302 2713; x_wconf 84' lang='grc' dir='ltr'>σκῦλα</span> <span class='ocrx_word' id='word_1_357' title='bbox 324 2661 636 2731; x_wconf 79' lang='grc' dir='ltr'>Σαμαρείας</span> <span class='ocrx_word' id='word_1_358' title='bbox 656 2662 836 2717; x_wconf 77' lang='grc' dir='ltr'>ἔναντι</span> <span class='ocrx_word' id='word_1_359' title='bbox 857 2664 1122 2735; x_wconf 83' lang='grc' dir='ltr'>βασιλέως</span> <span class='ocrx_word' id='word_1_360' title='bbox 1154 2667 1471 2738; x_wconf 86' lang='grc' dir='ltr'>Ἀσσυρίων.</span> <span class='ocrx_word' id='word_1_361' title='bbox 1504 2687 1523 2719; x_wconf 81' lang='grc' dir='ltr'><strong>ι</strong></span> <span class='ocrx_word' id='word_1_362' title='bbox 1556 2669 1693 2738; x_wconf 85' lang='grc' dir='ltr'>Ἐχε-</span> 
     </span>
    </p>
   </div>
   <div class='ocr_carea' id='block_1_47' title="bbox 1806 2658 3382 2738">
    <p class='ocr_par' dir='ltr' id='par_1_47' title="bbox 1808 2658 3382 2730">
     <span class='ocr_line' id='line_1_47' title="bbox 1808 2658 3382 2730; baseline -0.004 -14"><span class='ocrx_word' id='word_1_363' title='bbox 1808 2676 1993 2716; x_wconf 77' lang='lat' dir='ltr'><strong>coram</strong></span> <span class='ocrx_word' id='word_1_364' title='bbox 2019 2675 2145 2730; x_wconf 86' lang='lat' dir='ltr'><strong>rege</strong></span> <span class='ocrx_word' id='word_1_365' title='bbox 2178 2658 2529 2730; x_wconf 83' lang='lat' dir='ltr'><strong>Assyriorum</strong></span> <span class='ocrx_word' id='word_1_366' title='bbox 2560 2659 2628 2712; x_wconf 83' lang='grc'><strong>⁸³.</strong></span> <span class='ocrx_word' id='word_1_367' title='bbox 2664 2676 2682 2710; x_wconf 70' lang='grc' dir='ltr'><strong>ι</strong></span> <span class='ocrx_word' id='word_1_368' title='bbox 2710 2658 3076 2713; x_wconf 86' lang='lat' dir='ltr'><strong>Continuatur</strong></span> <span class='ocrx_word' id='word_1_369' title='bbox 3122 2672 3245 2712; x_wconf 90' lang='lat' dir='ltr'><strong>cum</strong></span> <span class='ocrx_word' id='word_1_370' title='bbox 3290 2673 3382 2712; x_wconf 93' lang='lat' dir='ltr'><strong>su-</strong></span> 
     </span>
    </p>
   </div>
   <div class='ocr_carea' id='block_1_48' title="bbox 108 2746 1693 2827">
    <p class='ocr_par' dir='ltr' id='par_1_48' title="bbox 108 2750 1693 2827">
     <span class='ocr_line' id='line_1_48' title="bbox 108 2750 1693 2827; baseline 0.006 -25"><span class='ocrx_word' id='word_1_371' title='bbox 108 2766 207 2804; x_wconf 87' lang='grc' dir='ltr'><strong>ται</strong></span> <span class='ocrx_word' id='word_1_372' title='bbox 235 2750 339 2821; x_wconf 84' lang='grc' dir='ltr'><strong>τῆς</strong></span> <span class='ocrx_word' id='word_1_373' title='bbox 378 2753 824 2824; x_wconf 78' lang='grc' dir='ltr'>προτεταγμένης</span> <span class='ocrx_word' id='word_1_374' title='bbox 870 2755 965 2809; x_wconf 74' lang='grc' dir='ltr'>καὶ</span> <span class='ocrx_word' id='word_1_375' title='bbox 1005 2757 1038 2826; x_wconf 87' lang='grc' dir='ltr'>ή</span> <span class='ocrx_word' id='word_1_376' title='bbox 1086 2753 1336 2826; x_wconf 87' lang='grc' dir='ltr'>παροῦσα</span> <span class='ocrx_word' id='word_1_377' title='bbox 1377 2759 1693 2827; x_wconf 81' lang='grc' dir='ltr'>προφητεία.</span> 
     </span>
    </p>
   </div>
   <div class='ocr_carea' id='block_1_49' title="bbox 1806 2746 3383 2827">
    <p class='ocr_par' dir='ltr' id='par_1_49' title="bbox 1808 2746 3383 2821">
     <span class='ocr_line' id='line_1_49' title="bbox 1808 2746 3383 2821; baseline -0.003 -16"><span class='ocrx_word' id='word_1_378' title='bbox 1808 2751 2021 2821; x_wconf 88' lang='lat' dir='ltr'><strong>periore</strong></span> <span class='ocrx_word' id='word_1_379' title='bbox 2070 2750 2357 2821; x_wconf 89' lang='lat' dir='ltr'><strong>prophetia</strong></span> <span class='ocrx_word' id='word_1_380' title='bbox 2395 2749 2510 2803; x_wconf 65' lang='lat' dir='ltr'><strong>haec</strong></span> <span class='ocrx_word' id='word_1_381' title='bbox 2545 2768 2558 2803; x_wconf 90' lang='lat'><strong>:</strong></span> <span class='ocrx_word' id='word_1_382' title='bbox 2593 2747 2724 2815; x_wconf 58' lang='lat' dir='ltr'><strong>Quae</strong></span> <span class='ocrx_word' id='word_1_383' title='bbox 2750 2749 2891 2803; x_wconf 88' lang='lat' dir='ltr'><strong>enim</strong></span> <span class='ocrx_word' id='word_1_384' title='bbox 2918 2750 3029 2803; x_wconf 93' lang='lat' dir='ltr'><strong>illic</strong></span> <span class='ocrx_word' id='word_1_385' title='bbox 3061 2746 3247 2815; x_wconf 78' lang='lat' dir='ltr'><strong>Virgo,</strong></span> <span class='ocrx_word' id='word_1_386' title='bbox 3290 2764 3383 2800; x_wconf 90' lang='lat' dir='ltr'><strong>no-</strong></span> 
     </span>
    </p>
   </div>
   <div class='ocr_carea' id='block_1_50' title="bbox 121 2840 1705 2918">
    <p class='ocr_par' dir='ltr' id='par_1_50' title="bbox 121 2840 1705 2918">
     <span class='ocr_line' id='line_1_50' title="bbox 121 2840 1705 2918; baseline 0.006 -26"><span class='ocrx_word' id='word_1_387' title='bbox 121 2841 191 2892; x_wconf 85' lang='grc' dir='ltr'><em>Ἦ</em></span> <span class='ocrx_word' id='word_1_388' title='bbox 225 2840 340 2911; x_wconf 82' lang='grc' dir='ltr'><strong>γὰρ</strong></span> <span class='ocrx_word' id='word_1_389' title='bbox 372 2844 492 2896; x_wconf 76' lang='grc' dir='ltr'>ἐκεῖ</span> <span class='ocrx_word' id='word_1_390' title='bbox 516 2844 790 2916; x_wconf 89' lang='grc' dir='ltr'>Παρθένος</span> <span class='ocrx_word' id='word_1_391' title='bbox 823 2846 856 2916; x_wconf 86' lang='grc' dir='ltr'><strong>ή</strong></span> <span class='ocrx_word' id='word_1_392' title='bbox 885 2845 975 2899; x_wconf 81' lang='grc' dir='ltr'>τὸν</span> <span class='ocrx_word' id='word_1_393' title='bbox 1007 2847 1124 2917; x_wconf 87' lang='grc' dir='ltr'>μεθ’</span> <span class='ocrx_word' id='word_1_394' title='bbox 1155 2847 1311 2918; x_wconf 84' lang='grc' dir='ltr'>ήμῶν</span> <span class='ocrx_word' id='word_1_395' title='bbox 1338 2848 1471 2902; x_wconf 81' lang='grc' dir='ltr'>Θεὸν</span> <span class='ocrx_word' id='word_1_396' title='bbox 1498 2849 1705 2904; x_wconf 85' lang='grc' dir='ltr'>τίκτειν</span> 
     </span>
    </p>
   </div>
   <div class='ocr_carea' id='block_1_51' title="bbox 106 2924 1708 3015">
    <p class='ocr_par' dir='ltr' id='par_1_51' title="bbox 106 2924 1708 3015">
     <span class='ocr_line' id='line_1_51' title="bbox 106 2924 1708 3015; baseline 0.006 -27"><span class='ocrx_word' id='word_1_397' title='bbox 106 2935 410 3008; x_wconf 78' lang='grc' dir='ltr'>λεγομένη,</span> <span class='ocrx_word' id='word_1_398' title='bbox 432 2938 698 3010; x_wconf 78' lang='grc' dir='ltr'>προφῆτις</span> <span class='ocrx_word' id='word_1_399' title='bbox 713 2940 806 2993; x_wconf 78' lang='grc' dir='ltr'><strong>ἐπὶ</strong></span> <span class='ocrx_word' id='word_1_400' title='bbox 828 2938 922 2992; x_wconf 88' lang='grc' dir='ltr'><strong>τοῦ</strong></span> <span class='ocrx_word' id='word_1_401' title='bbox 950 2924 1213 3012; x_wconf 74' lang='grc' dir='ltr'>παρόντος</span> <span class='ocrx_word' id='word_1_402' title='bbox 1239 2941 1570 3013; x_wconf 86' lang='grc' dir='ltr'>ὠνόμασται.</span> <span class='ocrx_word' id='word_1_403' title='bbox 1601 2945 1708 3015; x_wconf 86' lang='grc' dir='ltr'><strong>Ζη-</strong></span> 
     </span>
    </p>
   </div>
   <div class='ocr_carea' id='block_1_52' title="bbox 1806 2836 3381 2909">
    <p class='ocr_par' dir='ltr' id='par_1_52' title="bbox 1806 2836 3381 2909">
     <span class='ocr_line' id='line_1_52' title="bbox 1806 2836 3381 2909; baseline -0.007 -12"><span class='ocrx_word' id='word_1_404' title='bbox 1806 2841 2016 2899; x_wconf 83' lang='lat' dir='ltr'><strong>hiscum</strong></span> <span class='ocrx_word' id='word_1_405' title='bbox 2046 2839 2214 2895; x_wconf 87' lang='lat' dir='ltr'><strong>Deum</strong></span> <span class='ocrx_word' id='word_1_406' title='bbox 2238 2880 2253 2904; x_wconf 94' lang='lat'><strong>,</strong></span> <span class='ocrx_word' id='word_1_407' title='bbox 2287 2854 2478 2909; x_wconf 87' lang='lat' dir='ltr'><strong>parere</strong></span> <span class='ocrx_word' id='word_1_408' title='bbox 2502 2838 2723 2901; x_wconf 91' lang='lat' dir='ltr'><strong>dicitur,</strong></span> <span class='ocrx_word' id='word_1_409' title='bbox 2778 2837 3120 2907; x_wconf 85' lang='lat' dir='ltr'><strong>prOpbetissa</strong></span> <span class='ocrx_word' id='word_1_410' title='bbox 3157 2836 3208 2889; x_wconf 91' lang='lat' dir='ltr'><strong>in</strong></span> <span class='ocrx_word' id='word_1_411' title='bbox 3244 2851 3381 2904; x_wconf 66' lang='lat' dir='ltr'><strong>pra:-</strong></span> 
     </span>
    </p>
   </div>
   <div class='ocr_carea' id='block_1_53' title="bbox 1806 2925 3381 2996">
    <p class='ocr_par' dir='ltr' id='par_1_53' title="bbox 1806 2925 3381 2996">
     <span class='ocr_line' id='line_1_53' title="bbox 1806 2925 3381 2996; baseline -0.006 -9"><span class='ocrx_word' id='word_1_412' title='bbox 1806 2932 1947 2987; x_wconf 75' lang='lat' dir='ltr'><strong>Ienti</strong></span> <span class='ocrx_word' id='word_1_413' title='bbox 1979 2929 2258 2984; x_wconf 89' lang='lat' dir='ltr'><strong>nominata</strong></span> <span class='ocrx_word' id='word_1_414' title='bbox 2285 2937 2389 2983; x_wconf 90' lang='lat' dir='ltr'><strong>est.</strong></span> <span class='ocrx_word' id='word_1_415' title='bbox 2425 2926 2531 2981; x_wconf 90' lang='lat' dir='ltr'><strong>Sed</strong></span> <span class='ocrx_word' id='word_1_416' title='bbox 2561 2942 2683 2981; x_wconf 89' lang='lat' dir='ltr'><strong>cum</strong></span> <span class='ocrx_word' id='word_1_417' title='bbox 2705 2927 2932 2996; x_wconf 68' lang='lat' dir='ltr'><strong>quazstio</strong></span> <span class='ocrx_word' id='word_1_418' title='bbox 2947 2927 3187 2979; x_wconf 87' lang='lat' dir='ltr'><strong>oriretur</strong></span> <span class='ocrx_word' id='word_1_419' title='bbox 3210 2925 3381 2977; x_wconf 80' lang='lat' dir='ltr'><strong>unde—</strong></span> 
     </span>
    </p>
   </div>
   <div class='ocr_carea' id='block_1_54' title="bbox 104 3028 1699 3107">
    <p class='ocr_par' dir='ltr' id='par_1_54' title="bbox 104 3028 1699 3107">
     <span class='ocr_line' id='line_1_54' title="bbox 104 3028 1699 3107; baseline 0.004 -24"><span class='ocrx_word' id='word_1_420' title='bbox 104 3047 206 3083; x_wconf 85' lang='grc' dir='ltr'><strong>του</strong></span> <span class='ocrx_word' id='word_1_421' title='bbox 214 3028 380 3098; x_wconf 75' lang='grc' dir='ltr'>μένου</span> <span class='ocrx_word' id='word_1_422' title='bbox 403 3029 460 3083; x_wconf 86' lang='grc' dir='ltr'>δὲ</span> <span class='ocrx_word' id='word_1_423' title='bbox 481 3030 772 3103; x_wconf 78' lang='grc' dir='ltr'>πόθενοάρα</span> <span class='ocrx_word' id='word_1_424' title='bbox 798 3031 1121 3105; x_wconf 80' lang='grc' dir='ltr'>συλλήψεται</span> <span class='ocrx_word' id='word_1_425' title='bbox 1142 3034 1515 3107; x_wconf 83' lang='grc' dir='ltr'>ἀπειρόγαμος</span> <span class='ocrx_word' id='word_1_426' title='bbox 1544 3033 1699 3102; x_wconf 86' lang='grc' dir='ltr'>οῦσα,</span> 
     </span>
    </p>
   </div>
   <div class='ocr_carea' id='block_1_55' title="bbox 1806 3022 3381 3088">
    <p class='ocr_par' dir='ltr' id='par_1_55' title="bbox 1806 3022 3381 3088">
     <span class='ocr_line' id='line_1_55' title="bbox 1806 3022 3381 3088; baseline -0.005 -11"><span class='ocrx_word' id='word_1_427' title='bbox 1806 3037 1931 3077; x_wconf 84' lang='lat' dir='ltr'><strong>nam</strong></span> <span class='ocrx_word' id='word_1_428' title='bbox 1963 3028 2109 3076; x_wconf 89' lang='lat' dir='ltr'><strong>esset</strong></span> <span class='ocrx_word' id='word_1_429' title='bbox 2146 3026 2498 3088; x_wconf 87' lang='lat' dir='ltr'><strong>conceptura,</strong></span> <span class='ocrx_word' id='word_1_430' title='bbox 2533 3033 2654 3087; x_wconf 66' lang='lat' dir='ltr'><strong>quae</strong></span> <span class='ocrx_word' id='word_1_431' title='bbox 2683 3022 2857 3070; x_wconf 89' lang='lat' dir='ltr'><strong>virum</strong></span> <span class='ocrx_word' id='word_1_432' title='bbox 2879 3025 3101 3085; x_wconf 80' lang='lat' dir='ltr'><strong>experta</strong></span> <span class='ocrx_word' id='word_1_433' title='bbox 3156 3032 3261 3069; x_wconf 91' lang='lat' dir='ltr'><strong>non</strong></span> <span class='ocrx_word' id='word_1_434' title='bbox 3294 3031 3381 3069; x_wconf 82' lang='lat' dir='ltr'><strong>es-</strong></span> 
     </span>
    </p>
   </div>
   <div class='ocr_carea' id='block_1_56' title="bbox 103 3107 1693 3194">
    <p class='ocr_par' dir='ltr' id='par_1_56' title="bbox 103 3117 1693 3194">
     <span class='ocr_line' id='line_1_56' title="bbox 103 3117 1693 3194; baseline 0.006 -25"><span class='ocrx_word' id='word_1_435' title='bbox 103 3117 277 3171; x_wconf 86' lang='grc' dir='ltr'>τοῦτο</span> <span class='ocrx_word' id='word_1_436' title='bbox 308 3117 406 3170; x_wconf 82' lang='grc' dir='ltr'><strong>νῦν</strong></span> <span class='ocrx_word' id='word_1_437' title='bbox 447 3120 476 3171; x_wconf 83' lang='grc' dir='ltr'><strong>ὁ</strong></span> <span class='ocrx_word' id='word_1_438' title='bbox 506 3118 662 3187; x_wconf 82' lang='grc' dir='ltr'>λόγος</span> <span class='ocrx_word' id='word_1_439' title='bbox 699 3121 956 3186; x_wconf 77' lang='grc' dir='ltr'>διδάσκει,</span> <span class='ocrx_word' id='word_1_440' title='bbox 996 3140 1014 3172; x_wconf 84' lang='grc' dir='ltr'><strong>ι</strong></span> <span class='ocrx_word' id='word_1_441' title='bbox 1054 3122 1165 3175; x_wconf 82' lang='lat' dir='ltr'><strong>Kal</strong></span> <span class='ocrx_word' id='word_1_442' title='bbox 1215 3123 1537 3194; x_wconf 85' lang='grc' dir='ltr'>προσῆλθον,</span> <span class='ocrx_word' id='word_1_443' title='bbox 1572 3144 1590 3176; x_wconf 73' lang='grc' dir='ltr'><strong>ι</strong></span> <span class='ocrx_word' id='word_1_444' title='bbox 1618 3124 1693 3179; x_wconf 84' lang='grc' dir='ltr'>λέ-</span> 
     </span>
    </p>
   </div>
   <div class='ocr_carea' id='block_1_57' title="bbox 1806 3107 3373 3194">
    <p class='ocr_par' dir='ltr' id='par_1_57' title="bbox 1806 3107 3373 3182">
     <span class='ocr_line' id='line_1_57' title="bbox 1806 3107 3373 3182; baseline -0.005 -15"><span class='ocrx_word' id='word_1_445' title='bbox 1806 3122 1907 3177; x_wconf 89' lang='lat' dir='ltr'><strong>set,</strong></span> <span class='ocrx_word' id='word_1_446' title='bbox 1941 3112 2119 3182; x_wconf 87' lang='lat' dir='ltr'><strong>ipsum</strong></span> <span class='ocrx_word' id='word_1_447' title='bbox 2150 3110 2255 3166; x_wconf 88' lang='lat' dir='ltr'><strong>hoc</strong></span> <span class='ocrx_word' id='word_1_448' title='bbox 2305 3110 2372 3164; x_wconf 90' lang='lat' dir='ltr'><strong>de</strong></span> <span class='ocrx_word' id='word_1_449' title='bbox 2416 3125 2523 3179; x_wconf 90' lang='lat' dir='ltr'><strong>quo</strong></span> <span class='ocrx_word' id='word_1_450' title='bbox 2570 3110 2849 3179; x_wconf 70' lang='lat' dir='ltr'><strong>quaeritur,</strong></span> <span class='ocrx_word' id='word_1_451' title='bbox 2902 3123 3047 3161; x_wconf 89' lang='lat' dir='ltr'><strong>ntme</strong></span> <span class='ocrx_word' id='word_1_452' title='bbox 3093 3107 3373 3162; x_wconf 75' lang='lat' dir='ltr'><strong>oraculum</strong></span> 
     </span>
    </p>
   </div>
   <div class='ocr_carea' id='block_1_58' title="bbox 102 3199 1693 3285">
    <p class='ocr_par' dir='ltr' id='par_1_58' title="bbox 102 3209 1693 3285">
     <span class='ocr_line' id='line_1_58' title="bbox 102 3209 1693 3285; baseline 0.004 -24"><span class='ocrx_word' id='word_1_453' title='bbox 102 3226 248 3276; x_wconf 88' lang='grc' dir='ltr'>γων,</span> <span class='ocrx_word' id='word_1_454' title='bbox 287 3227 307 3261; x_wconf 84' lang='grc' dir='ltr'><strong>ι</strong></span> <span class='ocrx_word' id='word_1_455' title='bbox 343 3209 481 3281; x_wconf 82' lang='grc' dir='ltr'>πρὸς</span> <span class='ocrx_word' id='word_1_456' title='bbox 509 3210 606 3281; x_wconf 83' lang='grc' dir='ltr'>τὴν</span> <span class='ocrx_word' id='word_1_457' title='bbox 636 3212 928 3283; x_wconf 79' lang='grc' dir='ltr'>προφῆτιν,</span> <span class='ocrx_word' id='word_1_458' title='bbox 960 3213 1053 3266; x_wconf 74' lang='grc' dir='ltr'>καὶ</span> <span class='ocrx_word' id='word_1_459' title='bbox 1080 3214 1136 3265; x_wconf 85' lang='grc' dir='ltr'>ὲν</span> <span class='ocrx_word' id='word_1_460' title='bbox 1165 3214 1362 3285; x_wconf 77' lang='grc' dir='ltr'>γαστρὶ</span> <span class='ocrx_word' id='word_1_461' title='bbox 1392 3213 1571 3278; x_wconf 79' lang='grc' dir='ltr'>ἔλασε,</span> <span class='ocrx_word' id='word_1_462' title='bbox 1608 3217 1693 3269; x_wconf 73' lang='grc' dir='ltr'>καὶ</span> 
     </span>
    </p>
   </div>
   <div class='ocr_carea' id='block_1_59' title="bbox 1806 3199 3370 3285">
    <p class='ocr_par' dir='ltr' id='par_1_59' title="bbox 1806 3199 3370 3271">
     <span class='ocr_line' id='line_1_59' title="bbox 1806 3199 3370 3271; baseline -0.006 -10"><span class='ocrx_word' id='word_1_463' title='bbox 1806 3207 1998 3261; x_wconf 88' lang='lat' dir='ltr'><strong>docet:</strong></span> <span class='ocrx_word' id='word_1_464' title='bbox 2035 3223 2053 3256; x_wconf 84' lang='grc' dir='ltr'><strong>ι</strong></span> <span class='ocrx_word' id='word_1_465' title='bbox 2090 3204 2157 3259; x_wconf 84' lang='grc' dir='ltr'>Ει</span> <span class='ocrx_word' id='word_1_466' title='bbox 2181 3203 2409 3269; x_wconf 85' lang='lat' dir='ltr'><strong>accessi,</strong></span> <span class='ocrx_word' id='word_1_467' title='bbox 2447 3201 2642 3271; x_wconf 90' lang='lat' dir='ltr'><strong>inquit,</strong></span> <span class='ocrx_word' id='word_1_468' title='bbox 2680 3200 2744 3253; x_wconf 88' lang='lat' dir='ltr'><strong>ad</strong></span> <span class='ocrx_word' id='word_1_469' title='bbox 2774 3199 3193 3269; x_wconf 82' lang='lat' dir='ltr'><strong>prephetissam,</strong></span> <span class='ocrx_word' id='word_1_470' title='bbox 3226 3206 3280 3253; x_wconf 88' lang='lat' dir='ltr'><strong>et</strong></span> <span class='ocrx_word' id='word_1_471' title='bbox 3314 3199 3370 3251; x_wconf 92' lang='lat' dir='ltr'><strong>in</strong></span> 
     </span>
    </p>
   </div>
   <div class='ocr_carea' id='block_1_60' title="bbox 103 3286 1701 3375">
    <p class='ocr_par' dir='ltr' id='par_1_60' title="bbox 103 3286 1701 3375">
     <span class='ocr_line' id='line_1_60' title="bbox 103 3286 1701 3375; baseline 0.004 -23"><span class='ocrx_word' id='word_1_472' title='bbox 103 3300 303 3354; x_wconf 76' lang='grc' dir='ltr'>ἔτεκεν</span> <span class='ocrx_word' id='word_1_473' title='bbox 328 3286 462 3354; x_wconf 71' lang='grc' dir='ltr'>υἱόν.</span> <span class='ocrx_word' id='word_1_474' title='bbox 499 3322 517 3352; x_wconf 74' lang='grc' dir='ltr'><strong>ι</strong></span> <span class='ocrx_word' id='word_1_475' title='bbox 559 3303 870 3357; x_wconf 85' lang='grc' dir='ltr'>Ἀκουστέον</span> <span class='ocrx_word' id='word_1_476' title='bbox 888 3303 944 3357; x_wconf 83' lang='grc' dir='ltr'>δὲ</span> <span class='ocrx_word' id='word_1_477' title='bbox 972 3302 1143 3357; x_wconf 84' lang='grc' dir='ltr'>ταῦτα</span> <span class='ocrx_word' id='word_1_478' title='bbox 1161 3303 1233 3369; x_wconf 85' lang='grc' dir='ltr'><strong>ὡς</strong></span> <span class='ocrx_word' id='word_1_479' title='bbox 1259 3304 1318 3370; x_wconf 79' lang='grc' dir='ltr'>ἐξ</span> <span class='ocrx_word' id='word_1_480' title='bbox 1347 3305 1502 3375; x_wconf 83' lang='grc' dir='ltr'>ἁγίου</span> <span class='ocrx_word' id='word_1_481' title='bbox 1532 3307 1701 3360; x_wconf 86' lang='grc' dir='ltr'>Πνεύ-</span> 
     </span>
    </p>
   </div>
   <div class='ocr_carea' id='block_1_61' title="bbox 109 3387 1696 3466">
    <p class='ocr_par' dir='ltr' id='par_1_61' title="bbox 109 3387 1696 3466">
     <span class='ocr_line' id='line_1_61' title="bbox 109 3387 1696 3466; baseline 0.004 -23"><span class='ocrx_word' id='word_1_482' title='bbox 109 3408 309 3461; x_wconf 82' lang='grc' dir='ltr'>ματος,</span> <span class='ocrx_word' id='word_1_483' title='bbox 334 3392 426 3460; x_wconf 82' lang='grc' dir='ltr'><strong>ὑφ’</strong></span> <span class='ocrx_word' id='word_1_484' title='bbox 455 3387 518 3447; x_wconf 72' lang='grc' dir='ltr'><strong>οὗ</strong></span> <span class='ocrx_word' id='word_1_485' title='bbox 560 3391 984 3464; x_wconf 84' lang='grc' dir='ltr'>θεοφορούμενος</span> <span class='ocrx_word' id='word_1_486' title='bbox 1022 3394 1050 3446; x_wconf 86' lang='grc' dir='ltr'>ὁ</span> <span class='ocrx_word' id='word_1_487' title='bbox 1076 3395 1357 3466; x_wconf 79' lang='grc' dir='ltr'>προφήτης</span> <span class='ocrx_word' id='word_1_488' title='bbox 1395 3394 1696 3460; x_wconf 80' lang='grc' dir='ltr'>ἐθέσπιζεν.</span> 
     </span>
    </p>
   </div>
   <div class='ocr_carea' id='block_1_62' title="bbox 102 3478 1700 3559">
    <p class='ocr_par' dir='ltr' id='par_1_62' title="bbox 102 3478 1700 3559">
     <span class='ocr_line' id='line_1_62' title="bbox 102 3478 1700 3559; baseline 0.006 -27"><span class='ocrx_word' id='word_1_489' title='bbox 102 3480 252 3534; x_wconf 57' lang='lat' dir='ltr'><strong>Ait-rb</strong></span> <span class='ocrx_word' id='word_1_490' title='bbox 276 3481 345 3552; x_wconf 83' lang='grc' dir='ltr'>δὴ</span> <span class='ocrx_word' id='word_1_491' title='bbox 371 3478 463 3535; x_wconf 78' lang='grc' dir='ltr'>οὖν</span> <span class='ocrx_word' id='word_1_492' title='bbox 494 3482 555 3536; x_wconf 79' lang='grc' dir='ltr'>τὸ</span> <span class='ocrx_word' id='word_1_493' title='bbox 584 3484 805 3554; x_wconf 88' lang='grc' dir='ltr'>Πνεῦμα</span> <span class='ocrx_word' id='word_1_494' title='bbox 829 3483 889 3536; x_wconf 81' lang='grc' dir='ltr'>τὸ</span> <span class='ocrx_word' id='word_1_495' title='bbox 914 3484 1068 3553; x_wconf 83' lang='grc' dir='ltr'>διγιον</span> <span class='ocrx_word' id='word_1_496' title='bbox 1106 3484 1525 3557; x_wconf 84' lang='grc' dir='ltr'>προεληλυθέναι</span> <span class='ocrx_word' id='word_1_497' title='bbox 1568 3490 1700 3559; x_wconf 83' lang='grc' dir='ltr'>ὁμο-</span> 
     </span>
    </p>
   </div>
   <div class='ocr_carea' id='block_1_63' title="bbox 102 3574 1696 3649">
    <p class='ocr_par' dir='ltr' id='par_1_63' title="bbox 102 3574 1696 3649">
     <span class='ocr_line' id='line_1_63' title="bbox 102 3574 1696 3649; baseline 0.003 -22"><span class='ocrx_word' id='word_1_498' title='bbox 102 3574 260 3642; x_wconf 82' lang='grc' dir='ltr'>λογεῖ</span> <span class='ocrx_word' id='word_1_499' title='bbox 284 3577 353 3645; x_wconf 82' lang='grc' dir='ltr'><strong>τῇ</strong></span> <span class='ocrx_word' id='word_1_500' title='bbox 404 3575 694 3646; x_wconf 88' lang='grc' dir='ltr'>προφήτιδι</span> <span class='ocrx_word' id='word_1_501' title='bbox 716 3592 731 3606; x_wconf 76' lang='grc' dir='ltr'><strong>ο</strong></span> <span class='ocrx_word' id='word_1_502' title='bbox 782 3576 811 3629; x_wconf 84' lang='grc' dir='ltr'><strong>ὃ</strong></span> <span class='ocrx_word' id='word_1_503' title='bbox 847 3576 941 3629; x_wconf 75' lang='grc' dir='ltr'>καὶ</span> <span class='ocrx_word' id='word_1_504' title='bbox 992 3576 1179 3645; x_wconf 82' lang='grc' dir='ltr'>σαφῶς</span> <span class='ocrx_word' id='word_1_505' title='bbox 1214 3577 1570 3649; x_wconf 86' lang='grc' dir='ltr'>πεπλήρωται</span> <span class='ocrx_word' id='word_1_506' title='bbox 1602 3580 1696 3632; x_wconf 76' lang='grc' dir='ltr'><strong>ἐπὶ</strong></span> 
     </span>
    </p>
   </div>
   <div class='ocr_carea' id='block_1_64' title="bbox 99 3663 1694 3737">
    <p class='ocr_par' dir='ltr' id='par_1_64' title="bbox 99 3663 1694 3737">
     <span class='ocr_line' id='line_1_64' title="bbox 99 3663 1694 3737; baseline 0.004 -22"><span class='ocrx_word' id='word_1_507' title='bbox 99 3663 205 3733; x_wconf 74' lang='grc' dir='ltr'><strong>τῆς</strong></span> <span class='ocrx_word' id='word_1_508' title='bbox 231 3663 332 3716; x_wconf 84' lang='grc' dir='ltr'><strong>τοῦ</strong></span> <span class='ocrx_word' id='word_1_509' title='bbox 355 3664 607 3735; x_wconf 81' lang='grc' dir='ltr'>Σωτῆρος</span> <span class='ocrx_word' id='word_1_510' title='bbox 629 3663 785 3734; x_wconf 82' lang='grc' dir='ltr'>ἡμῶν</span> <span class='ocrx_word' id='word_1_511' title='bbox 829 3665 1003 3736; x_wconf 78' lang='grc' dir='ltr'>Ἰησοῦ</span> <span class='ocrx_word' id='word_1_512' title='bbox 1037 3666 1270 3737; x_wconf 80' lang='grc' dir='ltr'>Χριστοῦ</span> <span class='ocrx_word' id='word_1_513' title='bbox 1298 3668 1580 3735; x_wconf 85' lang='grc' dir='ltr'>γενέσεως,</span> <span class='ocrx_word' id='word_1_514' title='bbox 1605 3670 1694 3722; x_wconf 82' lang='grc' dir='ltr'>ὅτε</span> 
     </span>
    </p>
   </div>
   <div class='ocr_carea' id='block_1_65' title="bbox 106 3754 1693 3828">
    <p class='ocr_par' dir='ltr' id='par_1_65' title="bbox 106 3754 1693 3828">
     <span class='ocr_line' id='line_1_65' title="bbox 106 3754 1693 3828; baseline 0.004 -21"><span class='ocrx_word' id='word_1_515' title='bbox 106 3774 127 3807; x_wconf 77' lang='grc' dir='ltr'><strong>ι</strong></span> <span class='ocrx_word' id='word_1_516' title='bbox 163 3754 453 3825; x_wconf 81' lang='grc' dir='ltr'>ἀπεστάλη</span> <span class='ocrx_word' id='word_1_517' title='bbox 479 3756 706 3825; x_wconf 78' lang='grc' dir='ltr'>ἄγγελος</span> <span class='ocrx_word' id='word_1_518' title='bbox 742 3756 981 3828; x_wconf 70' lang='grc' dir='ltr'>Γαϐριὴλ</span> <span class='ocrx_word' id='word_1_519' title='bbox 1011 3758 1115 3811; x_wconf 80' lang='grc' dir='ltr'><strong>ὑπὸ</strong></span> <span class='ocrx_word' id='word_1_520' title='bbox 1151 3758 1244 3811; x_wconf 88' lang='grc' dir='ltr'><strong>τοῦ</strong></span> <span class='ocrx_word' id='word_1_521' title='bbox 1272 3758 1404 3812; x_wconf 87' lang='grc' dir='ltr'>Θεοῦ</span> <span class='ocrx_word' id='word_1_522' title='bbox 1430 3761 1507 3824; x_wconf 85' lang='grc' dir='ltr'><strong>είς</strong></span> <span class='ocrx_word' id='word_1_523' title='bbox 1540 3761 1693 3814; x_wconf 83' lang='grc' dir='ltr'>πόλιν</span> 
     </span>
    </p>
   </div>
   <div class='ocr_carea' id='block_1_66' title="bbox 97 3840 1692 3920">
    <p class='ocr_par' dir='ltr' id='par_1_66' title="bbox 97 3840 1692 3920">
     <span class='ocr_line' id='line_1_66' title="bbox 97 3840 1692 3920; baseline 0.003 -21"><span class='ocrx_word' id='word_1_524' title='bbox 97 3847 204 3918; x_wconf 85' lang='grc' dir='ltr'><strong>τῆς</strong></span> <span class='ocrx_word' id='word_1_525' title='bbox 258 3845 554 3908; x_wconf 84' lang='grc' dir='ltr'>Γαλιλαίας</span> <span class='ocrx_word' id='word_1_526' title='bbox 679 3847 850 3916; x_wconf 79' lang='grc' dir='ltr'>ὄνομα</span> <span class='ocrx_word' id='word_1_527' title='bbox 908 3846 1181 3919; x_wconf 78' lang='grc' dir='ltr'>Ναζαρὲθ,</span> <span class='ocrx_word' id='word_1_528' title='bbox 1239 3848 1376 3919; x_wconf 81' lang='grc' dir='ltr'>πρὸς</span> <span class='ocrx_word' id='word_1_529' title='bbox 1427 3849 1692 3920; x_wconf 85' lang='grc' dir='ltr'>παρθένον</span> 
     </span>
    </p>
   </div>
   <div class='ocr_carea' id='block_1_67' title="bbox 101 3933 1691 4011">
    <p class='ocr_par' dir='ltr' id='par_1_67' title="bbox 101 3933 1691 4011">
     <span class='ocr_line' id='line_1_67' title="bbox 101 3933 1691 4011; baseline 0.003 -22"><span class='ocrx_word' id='word_1_530' title='bbox 101 3937 598 4009; x_wconf 74' lang='grc' dir='ltr'>μεμνηστευμένην</span> <span class='ocrx_word' id='word_1_531' title='bbox 621 3938 775 4009; x_wconf 77' lang='grc' dir='ltr'>ἀνδρὶ</span> <span class='ocrx_word' id='word_1_532' title='bbox 803 3933 846 4006; x_wconf 80' lang='grc' dir='ltr'>ᾧ</span> <span class='ocrx_word' id='word_1_533' title='bbox 870 3939 1040 4011; x_wconf 75' lang='grc' dir='ltr'>ὄνομα</span> <span class='ocrx_word' id='word_1_534' title='bbox 1074 3939 1291 4009; x_wconf 83' lang='grc' dir='ltr'>Ἰωσὴφ,</span> <span class='ocrx_word' id='word_1_535' title='bbox 1322 3938 1383 4002; x_wconf 79' lang='grc' dir='ltr'><strong>ἐξ</strong></span> <span class='ocrx_word' id='word_1_536' title='bbox 1422 3938 1571 3992; x_wconf 78' lang='grc' dir='ltr'>οἴκου</span> <span class='ocrx_word' id='word_1_537' title='bbox 1597 3941 1691 3995; x_wconf 72' lang='grc' dir='ltr'>καὶ</span> 
     </span>
    </p>
   </div>
   <div class='ocr_carea' id='block_1_68' title="bbox 98 4023 1685 4103">
    <p class='ocr_par' dir='ltr' id='par_1_68' title="bbox 98 4023 1685 4103">
     <span class='ocr_line' id='line_1_68' title="bbox 98 4023 1685 4103; baseline 0.004 -25"><span class='ocrx_word' id='word_1_538' title='bbox 98 4028 349 4097; x_wconf 75' lang='grc' dir='ltr'>πατριᾶς</span> <span class='ocrx_word' id='word_1_539' title='bbox 376 4027 571 4080; x_wconf 83' lang='grc' dir='ltr'>Δαυΐδ”</span> <span class='ocrx_word' id='word_1_540' title='bbox 671 4030 765 4083; x_wconf 75' lang='lat' dir='ltr'><strong>xal</strong></span> <span class='ocrx_word' id='word_1_541' title='bbox 796 4024 917 4083; x_wconf 77' lang='grc' dir='ltr'>εἷπε</span> <span class='ocrx_word' id='word_1_542' title='bbox 940 4047 954 4061; x_wconf 79' lang='grc'><em>’</em></span> <span class='ocrx_word' id='word_1_543' title='bbox 1001 4033 1193 4100; x_wconf 86' lang='grc' dir='ltr'>Χαῖρε,</span> <span class='ocrx_word' id='word_1_544' title='bbox 1246 4033 1685 4103; x_wconf 79' lang='grc' dir='ltr'>κεχαριτωμένη,</span> 
     </span>
    </p>
   </div>
   <div class='ocr_carea' id='block_1_69' title="bbox 94 4115 1687 4192">
    <p class='ocr_par' dir='ltr' id='par_1_69' title="bbox 94 4115 1687 4192">
     <span class='ocr_line' id='line_1_69' title="bbox 94 4115 1687 4192; baseline 0.004 -25"><span class='ocrx_word' id='word_1_545' title='bbox 94 4116 126 4167; x_wconf 82' lang='grc' dir='ltr'><strong>ὁ</strong></span> <span class='ocrx_word' id='word_1_546' title='bbox 148 4115 363 4187; x_wconf 77' lang='grc' dir='ltr'>Κύριος</span> <span class='ocrx_word' id='word_1_547' title='bbox 393 4117 530 4188; x_wconf 83' lang='grc' dir='ltr'>μετὰ</span> <span class='ocrx_word' id='word_1_548' title='bbox 552 4118 669 4183; x_wconf 88' lang='grc' dir='ltr'>σοῦ,</span> <span class='ocrx_word' id='word_1_549' title='bbox 701 4120 1033 4192; x_wconf 84' lang='grc' dir='ltr'>εὐλογημένη</span> <span class='ocrx_word' id='word_1_550' title='bbox 1070 4121 1133 4173; x_wconf 84' lang='grc' dir='ltr'>σὺ</span> <span class='ocrx_word' id='word_1_551' title='bbox 1161 4122 1217 4173; x_wconf 86' lang='grc' dir='ltr'>ὲν</span> <span class='ocrx_word' id='word_1_552' title='bbox 1249 4121 1477 4190; x_wconf 81' lang='grc' dir='ltr'>γυναιξί.</span> <span class='ocrx_word' id='word_1_553' title='bbox 1530 4140 1547 4171; x_wconf 76' lang='grc' dir='ltr'><strong>ι</strong></span> <span class='ocrx_word' id='word_1_554' title='bbox 1579 4121 1687 4173; x_wconf 87' lang='lat' dir='ltr'><strong>Kal</strong></span> 
     </span>
    </p>
   </div>
   <div class='ocr_carea' id='block_1_70' title="bbox 95 4207 1679 4284">
    <p class='ocr_par' dir='ltr' id='par_1_70' title="bbox 95 4207 1679 4284">
     <span class='ocr_line' id='line_1_70' title="bbox 95 4207 1679 4284; baseline 0.003 -24"><span class='ocrx_word' id='word_1_555' title='bbox 95 4209 298 4263; x_wconf 80' lang='grc' dir='ltr'>πάλιν·</span> <span class='ocrx_word' id='word_1_556' title='bbox 343 4226 363 4260; x_wconf 83' lang='grc' dir='ltr'><strong>ι</strong></span> <span class='ocrx_word' id='word_1_557' title='bbox 393 4209 486 4280; x_wconf 82' lang='grc' dir='ltr'><strong>Μὴ</strong></span> <span class='ocrx_word' id='word_1_558' title='bbox 518 4210 683 4279; x_wconf 76' lang='grc' dir='ltr'>φοϐοῦ</span> <span class='ocrx_word' id='word_1_559' title='bbox 703 4229 715 4241; x_wconf 90' lang='grc'><strong>·</strong></span> <span class='ocrx_word' id='word_1_560' title='bbox 742 4207 900 4284; x_wconf 74' lang='grc' dir='ltr'>εὗρες</span> <span class='ocrx_word' id='word_1_561' title='bbox 927 4213 1035 4283; x_wconf 79' lang='grc' dir='ltr'>γὰρ</span> <span class='ocrx_word' id='word_1_562' title='bbox 1067 4212 1226 4283; x_wconf 81' lang='grc' dir='ltr'>χάριν</span> <span class='ocrx_word' id='word_1_563' title='bbox 1258 4212 1409 4284; x_wconf 81' lang='grc' dir='ltr'>παρὰ</span> <span class='ocrx_word' id='word_1_564' title='bbox 1432 4211 1510 4283; x_wconf 82' lang='grc' dir='ltr'><strong>τῷ</strong></span> <span class='ocrx_word' id='word_1_565' title='bbox 1541 4211 1679 4283; x_wconf 83' lang='grc' dir='ltr'>Θεῷ·</span> 
     </span>
    </p>
   </div>
   <div class='ocr_carea' id='block_1_71' title="bbox 91 4302 1682 4378">
    <p class='ocr_par' dir='ltr' id='par_1_71' title="bbox 91 4302 1682 4378">
     <span class='ocr_line' id='line_1_71' title="bbox 91 4302 1682 4378; baseline 0.002 -23"><span class='ocrx_word' id='word_1_566' title='bbox 91 4304 194 4355; x_wconf 72' lang='grc' dir='ltr'>καὶ</span> <span class='ocrx_word' id='word_1_567' title='bbox 219 4302 357 4366; x_wconf 79' lang='grc' dir='ltr'>ἰδοὺ,</span> <span class='ocrx_word' id='word_1_568' title='bbox 376 4303 620 4378; x_wconf 75' lang='grc' dir='ltr'>συλλήψῃ</span> <span class='ocrx_word' id='word_1_569' title='bbox 650 4306 710 4358; x_wconf 79' lang='grc' dir='ltr'>ἐν</span> <span class='ocrx_word' id='word_1_570' title='bbox 727 4307 925 4377; x_wconf 74' lang='grc' dir='ltr'>γαστρὶ</span> <span class='ocrx_word' id='word_1_571' title='bbox 953 4306 1046 4359; x_wconf 75' lang='grc' dir='ltr'><strong>καὶ</strong></span> <span class='ocrx_word' id='word_1_572' title='bbox 1077 4303 1206 4378; x_wconf 85' lang='grc' dir='ltr'><strong>τέξῃ</strong></span> <span class='ocrx_word' id='word_1_573' title='bbox 1226 4305 1361 4369; x_wconf 77' lang='grc' dir='ltr'>υἱὸν,</span> <span class='ocrx_word' id='word_1_574' title='bbox 1400 4305 1491 4359; x_wconf 81' lang='grc' dir='ltr'>καὶ</span> <span class='ocrx_word' id='word_1_575' title='bbox 1518 4305 1682 4358; x_wconf 87' lang='grc' dir='ltr'>καλέ-</span> 
     </span>
    </p>
   </div>
   <div class='ocr_carea' id='block_1_72' title="bbox 91 4394 1682 4467">
    <p class='ocr_par' dir='ltr' id='par_1_72' title="bbox 91 4394 1682 4467">
     <span class='ocr_line' id='line_1_72' title="bbox 91 4394 1682 4467; baseline 0.003 -21"><span class='ocrx_word' id='word_1_576' title='bbox 91 4410 216 4457; x_wconf 87' lang='grc' dir='ltr'>σεις</span> <span class='ocrx_word' id='word_1_577' title='bbox 248 4394 310 4447; x_wconf 82' lang='grc' dir='ltr'>τὸ</span> <span class='ocrx_word' id='word_1_578' title='bbox 350 4394 523 4466; x_wconf 73' lang='grc' dir='ltr'>ὄνομα</span> <span class='ocrx_word' id='word_1_579' title='bbox 543 4396 707 4449; x_wconf 82' lang='grc' dir='ltr'>αὑτοῦ</span> <span class='ocrx_word' id='word_1_580' title='bbox 754 4396 978 4467; x_wconf 84' lang='grc' dir='ltr'>Ἰησοῦν.</span> <span class='ocrx_word' id='word_1_581' title='bbox 1014 4416 1033 4448; x_wconf 82' lang='grc'>›</span> <span class='ocrx_word' id='word_1_582' title='bbox 1060 4396 1331 4465; x_wconf 85' lang='grc' dir='ltr'>Εἰπούσης</span> <span class='ocrx_word' id='word_1_583' title='bbox 1356 4413 1414 4449; x_wconf 88' lang='grc' dir='ltr'><strong>τε</strong></span> <span class='ocrx_word' id='word_1_584' title='bbox 1443 4396 1541 4467; x_wconf 87' lang='grc' dir='ltr'><strong>τῆς</strong></span> <span class='ocrx_word' id='word_1_585' title='bbox 1562 4398 1682 4450; x_wconf 90' lang='grc' dir='ltr'><strong>Μα-</strong></span> 
     </span>
    </p>
   </div>
   <div class='ocr_carea' id='block_1_73' title="bbox 1802 3290 3373 3364">
    <p class='ocr_par' dir='ltr' id='par_1_73' title="bbox 1802 3290 3373 3364">
     <span class='ocr_line' id='line_1_73' title="bbox 1802 3290 3373 3364; baseline -0.006 -12"><span class='ocrx_word' id='word_1_586' title='bbox 1802 3303 1959 3352; x_wconf 86' lang='lat' dir='ltr'><strong>utero</strong></span> <span class='ocrx_word' id='word_1_587' title='bbox 1987 3295 2216 3364; x_wconf 88' lang='lat' dir='ltr'><strong>accepit,</strong></span> <span class='ocrx_word' id='word_1_588' title='bbox 2246 3300 2300 3348; x_wconf 89' lang='lat' dir='ltr'><strong>et</strong></span> <span class='ocrx_word' id='word_1_589' title='bbox 2318 3293 2527 3363; x_wconf 90' lang='lat' dir='ltr'><strong>peperit</strong></span> <span class='ocrx_word' id='word_1_590' title='bbox 2570 3292 2763 3346; x_wconf 84' lang='lat' dir='ltr'><strong>lilium.</strong></span> <span class='ocrx_word' id='word_1_591' title='bbox 2791 3311 2808 3343; x_wconf 74' lang='grc' dir='ltr'><strong>ι</strong></span> <span class='ocrx_word' id='word_1_592' title='bbox 2840 3290 2935 3345; x_wconf 88' lang='lat' dir='ltr'><strong>Est</strong></span> <span class='ocrx_word' id='word_1_593' title='bbox 2963 3298 3143 3344; x_wconf 89' lang='lat' dir='ltr'><strong>autem</strong></span> <span class='ocrx_word' id='word_1_594' title='bbox 3171 3290 3373 3344; x_wconf 87' lang='lat' dir='ltr'><strong>intelli-</strong></span> 
     </span>
    </p>
   </div>
   <div class='ocr_carea' id='block_1_74' title="bbox 1801 3381 3372 3459">
    <p class='ocr_par' dir='ltr' id='par_1_74' title="bbox 1801 3381 3372 3459">
     <span class='ocr_line' id='line_1_74' title="bbox 1801 3381 3372 3459; baseline -0.006 -16"><span class='ocrx_word' id='word_1_595' title='bbox 1801 3389 2032 3459; x_wconf 84' lang='lat' dir='ltr'><strong>gendum</strong></span> <span class='ocrx_word' id='word_1_596' title='bbox 2087 3388 2154 3442; x_wconf 91' lang='lat' dir='ltr'><strong>de</strong></span> <span class='ocrx_word' id='word_1_597' title='bbox 2194 3385 2400 3456; x_wconf 90' lang='lat' dir='ltr'><strong>Spiritu</strong></span> <span class='ocrx_word' id='word_1_598' title='bbox 2441 3390 2653 3447; x_wconf 82' lang='lat' dir='ltr'><strong>sancto,</strong></span> <span class='ocrx_word' id='word_1_599' title='bbox 2682 3398 2711 3436; x_wconf 88' lang='lat' dir='ltr'><strong>a</strong></span> <span class='ocrx_word' id='word_1_600' title='bbox 2735 3399 2843 3453; x_wconf 91' lang='lat' dir='ltr'><strong>quo</strong></span> <span class='ocrx_word' id='word_1_601' title='bbox 2874 3381 3085 3436; x_wconf 74' lang='lat' dir='ltr'><strong>amatus</strong></span> <span class='ocrx_word' id='word_1_602' title='bbox 3108 3381 3372 3451; x_wconf 88' lang='lat' dir='ltr'><strong>propheta</strong></span> 
     </span>
    </p>
   </div>
   <div class='ocr_carea' id='block_1_75' title="bbox 1800 3474 3371 3546">
    <p class='ocr_par' dir='ltr' id='par_1_75' title="bbox 1800 3474 3371 3546">
     <span class='ocr_line' id='line_1_75' title="bbox 1800 3474 3371 3546; baseline -0.004 -13"><span class='ocrx_word' id='word_1_603' title='bbox 1800 3479 2097 3533; x_wconf 87' lang='lat' dir='ltr'><strong>divinabat.</strong></span> <span class='ocrx_word' id='word_1_604' title='bbox 2136 3478 2257 3546; x_wconf 90' lang='lat' dir='ltr'><strong>Ipse</strong></span> <span class='ocrx_word' id='word_1_605' title='bbox 2286 3476 2429 3530; x_wconf 85' lang='lat' dir='ltr'><strong>enim</strong></span> <span class='ocrx_word' id='word_1_606' title='bbox 2462 3481 2684 3530; x_wconf 88' lang='lat' dir='ltr'><strong>sanctus</strong></span> <span class='ocrx_word' id='word_1_607' title='bbox 2720 3474 2956 3544; x_wconf 87' lang='lat' dir='ltr'><strong>Spiritus</strong></span> <span class='ocrx_word' id='word_1_608' title='bbox 2982 3488 3040 3528; x_wconf 92' lang='lat' dir='ltr'><strong>se</strong></span> <span class='ocrx_word' id='word_1_609' title='bbox 3069 3474 3371 3527; x_wconf 83' lang='lat' dir='ltr'><strong>accessisse</strong></span> 
     </span>
    </p>
   </div>
   <div class='ocr_carea' id='block_1_76' title="bbox 1800 3564 3371 3638">
    <p class='ocr_par' dir='ltr' id='par_1_76' title="bbox 1800 3564 3371 3638">
     <span class='ocr_line' id='line_1_76' title="bbox 1800 3564 3371 3638; baseline -0.004 -15"><span class='ocrx_word' id='word_1_610' title='bbox 1800 3569 1868 3623; x_wconf 92' lang='lat' dir='ltr'><strong>ad</strong></span> <span class='ocrx_word' id='word_1_611' title='bbox 1909 3568 2305 3638; x_wconf 86' lang='lat' dir='ltr'><strong>prophetissam</strong></span> <span class='ocrx_word' id='word_1_612' title='bbox 2329 3564 2546 3628; x_wconf 79' lang='lat' dir='ltr'><strong>fatetur,</strong></span> <span class='ocrx_word' id='word_1_613' title='bbox 2584 3566 2729 3634; x_wconf 84' lang='lat' dir='ltr'><strong>quod</strong></span> <span class='ocrx_word' id='word_1_614' title='bbox 2765 3564 2982 3634; x_wconf 84' lang='lat' dir='ltr'><strong>quidem</strong></span> <span class='ocrx_word' id='word_1_615' title='bbox 3010 3564 3185 3633; x_wconf 90' lang='lat' dir='ltr'><strong>ipsum</strong></span> <span class='ocrx_word' id='word_1_616' title='bbox 3212 3564 3371 3633; x_wconf 88' lang='lat' dir='ltr'><strong>plane</strong></span> 
     </span>
    </p>
   </div>
   <div class='ocr_carea' id='block_1_77' title="bbox 1797 3651 3368 3729">
    <p class='ocr_par' dir='ltr' id='par_1_77' title="bbox 1797 3651 3368 3729">
     <span class='ocr_line' id='line_1_77' title="bbox 1797 3651 3368 3729; baseline -0.007 -14"><span class='ocrx_word' id='word_1_617' title='bbox 1797 3659 2124 3729; x_wconf 84' lang='lat' dir='ltr'><strong>completum</strong></span> <span class='ocrx_word' id='word_1_618' title='bbox 2181 3664 2267 3712; x_wconf 89' lang='lat' dir='ltr'><strong>est</strong></span> <span class='ocrx_word' id='word_1_619' title='bbox 2316 3656 2372 3709; x_wconf 90' lang='lat' dir='ltr'><strong>in</strong></span> <span class='ocrx_word' id='word_1_620' title='bbox 2404 3654 2703 3710; x_wconf 90' lang='lat' dir='ltr'><strong>Salvatoris</strong></span> <span class='ocrx_word' id='word_1_621' title='bbox 2758 3654 2929 3710; x_wconf 85' lang='lat' dir='ltr'><strong>nostri</strong></span> <span class='ocrx_word' id='word_1_622' title='bbox 2979 3652 3107 3706; x_wconf 85' lang='lat' dir='ltr'><strong>Jesu</strong></span> <span class='ocrx_word' id='word_1_623' title='bbox 3159 3651 3368 3706; x_wconf 86' lang='lat' dir='ltr'><strong>Christi</strong></span> 
     </span>
    </p>
   </div>
   <div class='ocr_carea' id='block_1_78' title="bbox 1794 3741 3362 3821">
    <p class='ocr_par' dir='ltr' id='par_1_78' title="bbox 1794 3741 3362 3821">
     <span class='ocr_line' id='line_1_78' title="bbox 1794 3741 3362 3821; baseline -0.006 -15"><span class='ocrx_word' id='word_1_624' title='bbox 1794 3760 1939 3818; x_wconf 89' lang='lat' dir='ltr'><strong>ortu,</strong></span> <span class='ocrx_word' id='word_1_625' title='bbox 1962 3764 2071 3821; x_wconf 90' lang='lat' dir='ltr'><strong>quo</strong></span> <span class='ocrx_word' id='word_1_626' title='bbox 2118 3757 2363 3818; x_wconf 91' lang='lat' dir='ltr'><strong>tempore</strong></span> <span class='ocrx_word' id='word_1_627' title='bbox 2398 3766 2416 3799; x_wconf 80' lang='grc' dir='ltr'><strong>ι</strong></span> <span class='ocrx_word' id='word_1_628' title='bbox 2447 3748 2650 3803; x_wconf 89' lang='lat' dir='ltr'><strong>missus</strong></span> <span class='ocrx_word' id='word_1_629' title='bbox 2697 3753 2782 3802; x_wconf 86' lang='lat' dir='ltr'><strong>est</strong></span> <span class='ocrx_word' id='word_1_630' title='bbox 2831 3744 3053 3814; x_wconf 84' lang='lat' dir='ltr'><strong>angelus</strong></span> <span class='ocrx_word' id='word_1_631' title='bbox 3076 3741 3301 3798; x_wconf 70' lang='lat' dir='ltr'><strong>Gabriel</strong></span> <span class='ocrx_word' id='word_1_632' title='bbox 3332 3755 3362 3798; x_wconf 87' lang='lat' dir='ltr'><strong>a</strong></span> 
     </span>
    </p>
   </div>
   <div class='ocr_carea' id='block_1_79' title="bbox 1794 3835 3361 3903">
    <p class='ocr_par' dir='ltr' id='par_1_79' title="bbox 1794 3835 3361 3903">
     <span class='ocr_line' id='line_1_79' title="bbox 1794 3835 3361 3903; baseline -0.004 -8"><span class='ocrx_word' id='word_1_633' title='bbox 1794 3843 1904 3898; x_wconf 87' lang='lat' dir='ltr'><strong>Deo</strong></span> <span class='ocrx_word' id='word_1_634' title='bbox 1937 3842 1992 3895; x_wconf 90' lang='lat' dir='ltr'><strong>in</strong></span> <span class='ocrx_word' id='word_1_635' title='bbox 2016 3841 2291 3895; x_wconf 89' lang='lat' dir='ltr'><strong>civitatem</strong></span> <span class='ocrx_word' id='word_1_636' title='bbox 2322 3838 2576 3903; x_wconf 69' lang='lat' dir='ltr'><strong>Galilaaae,</strong></span> <span class='ocrx_word' id='word_1_637' title='bbox 2615 3838 2705 3893; x_wconf 87' lang='lat' dir='ltr'><strong>cui</strong></span> <span class='ocrx_word' id='word_1_638' title='bbox 2740 3852 2936 3892; x_wconf 88' lang='lat' dir='ltr'><strong>nomen</strong></span> <span class='ocrx_word' id='word_1_639' title='bbox 2976 3836 3264 3900; x_wconf 84' lang='lat' dir='ltr'><strong>Nazareth,</strong></span> <span class='ocrx_word' id='word_1_640' title='bbox 3292 3835 3361 3889; x_wconf 90' lang='lat' dir='ltr'><strong>ad</strong></span> 
     </span>
    </p>
   </div>
   <div class='ocr_carea' id='block_1_80' title="bbox 1791 3927 3361 4003">
    <p class='ocr_par' dir='ltr' id='par_1_80' title="bbox 1791 3927 3361 4003">
     <span class='ocr_line' id='line_1_80' title="bbox 1791 3927 3361 4003; baseline -0.003 -16"><span class='ocrx_word' id='word_1_641' title='bbox 1791 3933 2056 4003; x_wconf 80' lang='lat' dir='ltr'><strong>virginem</strong></span> <span class='ocrx_word' id='word_1_642' title='bbox 2079 3930 2464 4001; x_wconf 86' lang='lat' dir='ltr'><strong>desponsatam</strong></span> <span class='ocrx_word' id='word_1_643' title='bbox 2523 3930 2664 3994; x_wconf 89' lang='lat' dir='ltr'><strong>viro,</strong></span> <span class='ocrx_word' id='word_1_644' title='bbox 2699 3928 2787 3983; x_wconf 91' lang='lat' dir='ltr'><strong>cui</strong></span> <span class='ocrx_word' id='word_1_645' title='bbox 2813 3943 3008 3983; x_wconf 89' lang='lat' dir='ltr'><strong>nomen</strong></span> <span class='ocrx_word' id='word_1_646' title='bbox 3038 3927 3262 3999; x_wconf 70' lang='lat' dir='ltr'><strong>Joseph,</strong></span> <span class='ocrx_word' id='word_1_647' title='bbox 3292 3928 3361 3982; x_wconf 85' lang='lat' dir='ltr'><strong>de</strong></span> 
     </span>
    </p>
   </div>
   <div class='ocr_carea' id='block_1_81' title="bbox 1791 4018 3360 4089">
    <p class='ocr_par' dir='ltr' id='par_1_81' title="bbox 1791 4018 3360 4089">
     <span class='ocr_line' id='line_1_81' title="bbox 1791 4018 3360 4089; baseline -0.006 -10"><span class='ocrx_word' id='word_1_648' title='bbox 1791 4025 1953 4079; x_wconf 90' lang='lat' dir='ltr'><strong>domo</strong></span> <span class='ocrx_word' id='word_1_649' title='bbox 1975 4029 2029 4078; x_wconf 93' lang='lat' dir='ltr'><strong>et</strong></span> <span class='ocrx_word' id='word_1_650' title='bbox 2057 4022 2261 4077; x_wconf 77' lang='lat' dir='ltr'><strong>familia</strong></span> <span class='ocrx_word' id='word_1_651' title='bbox 2293 4020 2481 4083; x_wconf 87' lang='lat' dir='ltr'><strong>David,</strong></span> <span class='ocrx_word' id='word_1_652' title='bbox 2509 4020 2574 4074; x_wconf 88' lang='lat' dir='ltr'><strong>ad</strong></span> <span class='ocrx_word' id='word_1_653' title='bbox 2600 4033 2763 4089; x_wconf 87' lang='lat' dir='ltr'><strong>quam</strong></span> <span class='ocrx_word' id='word_1_654' title='bbox 2806 4019 2940 4072; x_wconf 79' lang='lat' dir='ltr'><strong>dixit</strong></span> <span class='ocrx_word' id='word_1_655' title='bbox 2972 4037 2986 4073; x_wconf 90' lang='lat'><strong>:</strong></span> <span class='ocrx_word' id='word_1_656' title='bbox 3019 4018 3150 4082; x_wconf 82' lang='lat' dir='ltr'><strong>Ave,</strong></span> <span class='ocrx_word' id='word_1_657' title='bbox 3186 4018 3360 4087; x_wconf 87' lang='lat' dir='ltr'><strong>gratia</strong></span> 
     </span>
    </p>
   </div>
   <div class='ocr_carea' id='block_1_82' title="bbox 1790 4108 3360 4187">
    <p class='ocr_par' dir='ltr' id='par_1_82' title="bbox 1790 4108 3360 4187">
     <span class='ocr_line' id='line_1_82' title="bbox 1790 4108 3360 4187; baseline -0.004 -17"><span class='ocrx_word' id='word_1_658' title='bbox 1790 4119 1971 4187; x_wconf 87' lang='lat' dir='ltr'><strong>plena,</strong></span> <span class='ocrx_word' id='word_1_659' title='bbox 2029 4114 2293 4169; x_wconf 91' lang='lat' dir='ltr'><strong>Dominus</strong></span> <span class='ocrx_word' id='word_1_660' title='bbox 2341 4120 2543 4176; x_wconf 87' lang='lat' dir='ltr'><strong>tecum,</strong></span> <span class='ocrx_word' id='word_1_661' title='bbox 2591 4110 2874 4165; x_wconf 85' lang='lat' dir='ltr'><strong>benedicta</strong></span> <span class='ocrx_word' id='word_1_662' title='bbox 2917 4119 2973 4162; x_wconf 90' lang='lat' dir='ltr'><strong>tu</strong></span> <span class='ocrx_word' id='word_1_663' title='bbox 3024 4108 3078 4161; x_wconf 95' lang='lat' dir='ltr'><strong>in</strong></span> <span class='ocrx_word' id='word_1_664' title='bbox 3118 4110 3360 4163; x_wconf 91' lang='lat' dir='ltr'><strong>mulieri-</strong></span> 
     </span>
    </p>
   </div>
   <div class='ocr_carea' id='block_1_83' title="bbox 1790 4200 3357 4263">
    <p class='ocr_par' dir='ltr' id='par_1_83' title="bbox 1790 4200 3357 4263">
     <span class='ocr_line' id='line_1_83' title="bbox 1790 4200 3357 4263; baseline -0.005 -1"><span class='ocrx_word' id='word_1_665' title='bbox 1790 4208 1893 4262; x_wconf 91' lang='lat' dir='ltr'><strong>bus</strong></span> <span class='ocrx_word' id='word_1_666' title='bbox 1920 4206 1986 4258; x_wconf 72' lang='lat'><strong>“.</strong></span> <span class='ocrx_word' id='word_1_667' title='bbox 2015 4224 2034 4257; x_wconf 76' lang='grc' dir='ltr'><strong>ι</strong></span> <span class='ocrx_word' id='word_1_668' title='bbox 2089 4204 2156 4258; x_wconf 84' lang='grc' dir='ltr'>Ει</span> <span class='ocrx_word' id='word_1_669' title='bbox 2184 4219 2410 4259; x_wconf 84' lang='lat' dir='ltr'><strong>rursus:</strong></span> <span class='ocrx_word' id='word_1_670' title='bbox 2442 4222 2460 4253; x_wconf 87' lang='grc' dir='ltr'><strong>ι</strong></span> <span class='ocrx_word' id='word_1_671' title='bbox 2489 4202 2566 4256; x_wconf 86' lang='lat' dir='ltr'><strong>Ne</strong></span> <span class='ocrx_word' id='word_1_672' title='bbox 2636 4203 2852 4263; x_wconf 84' lang='lat' dir='ltr'><strong>timeas,</strong></span> <span class='ocrx_word' id='word_1_673' title='bbox 2901 4200 3156 4255; x_wconf 90' lang='lat' dir='ltr'><strong>invenisti</strong></span> <span class='ocrx_word' id='word_1_674' title='bbox 3211 4201 3357 4255; x_wconf 89' lang='lat' dir='ltr'><strong>enim</strong></span> 
     </span>
    </p>
   </div>
   <div class='ocr_carea' id='block_1_84' title="bbox 1793 4289 3358 4368">
    <p class='ocr_par' dir='ltr' id='par_1_84' title="bbox 1793 4289 3358 4368">
     <span class='ocr_line' id='line_1_84' title="bbox 1793 4289 3358 4368; baseline -0.007 -17"><span class='ocrx_word' id='word_1_675' title='bbox 1793 4298 2018 4368; x_wconf 84' lang='lat' dir='ltr'><strong>gratiam</strong></span> <span class='ocrx_word' id='word_1_676' title='bbox 2059 4294 2203 4365; x_wconf 89' lang='lat' dir='ltr'><strong>apud</strong></span> <span class='ocrx_word' id='word_1_677' title='bbox 2238 4292 2427 4357; x_wconf 86' lang='lat' dir='ltr'><strong>Deum,</strong></span> <span class='ocrx_word' id='word_1_678' title='bbox 2460 4299 2514 4346; x_wconf 89' lang='lat' dir='ltr'><strong>et</strong></span> <span class='ocrx_word' id='word_1_679' title='bbox 2545 4306 2673 4346; x_wconf 81' lang='lat' dir='ltr'><strong>ecce</strong></span> <span class='ocrx_word' id='word_1_680' title='bbox 2724 4289 3001 4357; x_wconf 85' lang='lat' dir='ltr'><strong>concipies</strong></span> <span class='ocrx_word' id='word_1_681' title='bbox 3039 4289 3092 4342; x_wconf 90' lang='lat' dir='ltr'><strong>in</strong></span> <span class='ocrx_word' id='word_1_682' title='bbox 3123 4295 3358 4357; x_wconf 86' lang='lat' dir='ltr'><strong>utero,et</strong></span> 
     </span>
    </p>
   </div>
   <div class='ocr_carea' id='block_1_85' title="bbox 1793 4377 3356 4461">
    <p class='ocr_par' dir='ltr' id='par_1_85' title="bbox 1793 4377 3356 4461">
     <span class='ocr_line' id='line_1_85' title="bbox 1793 4377 3356 4461; baseline -0.008 -18"><span class='ocrx_word' id='word_1_683' title='bbox 1793 4390 1974 4461; x_wconf 90' lang='lat' dir='ltr'><strong>paries</strong></span> <span class='ocrx_word' id='word_1_684' title='bbox 2007 4387 2199 4449; x_wconf 84' lang='lat' dir='ltr'><strong>lilium,</strong></span> <span class='ocrx_word' id='word_1_685' title='bbox 2223 4394 2278 4440; x_wconf 91' lang='lat' dir='ltr'><strong>et</strong></span> <span class='ocrx_word' id='word_1_686' title='bbox 2303 4382 2527 4438; x_wconf 89' lang='lat' dir='ltr'><strong>vocabis</strong></span> <span class='ocrx_word' id='word_1_687' title='bbox 2558 4396 2754 4435; x_wconf 91' lang='lat' dir='ltr'><strong>nomen</strong></span> <span class='ocrx_word' id='word_1_688' title='bbox 2771 4381 2892 4450; x_wconf 88' lang='lat' dir='ltr'><strong>ejus</strong></span> <span class='ocrx_word' id='word_1_689' title='bbox 2912 4377 3098 4435; x_wconf 81' lang='lat' dir='ltr'><strong>Jesum</strong></span> <span class='ocrx_word' id='word_1_690' title='bbox 3117 4379 3165 4412; x_wconf 82' lang='lat'><em>“</em></span> <span class='ocrx_word' id='word_1_691' title='bbox 3190 4398 3203 4447; x_wconf 86' lang='lat'><strong>;</strong></span> <span class='ocrx_word' id='word_1_692' title='bbox 3249 4399 3267 4431; x_wconf 82' lang='grc'><strong><em>›</em></strong></span> <span class='ocrx_word' id='word_1_693' title='bbox 3302 4388 3356 4434; x_wconf 83' lang='lat' dir='ltr'><strong>et</strong></span> 
     </span>
    </p>
   </div>
   <div class='ocr_carea' id='block_1_86' title="bbox 92 4469 1693 4558">
    <p class='ocr_par' dir='ltr' id='par_1_86' title="bbox 92 4485 1677 4558">
     <span class='ocr_line' id='line_1_86' title="bbox 92 4485 1677 4558; baseline 0.001 -21"><span class='ocrx_word' id='word_1_694' title='bbox 92 4486 225 4553; x_wconf 82' lang='grc' dir='ltr'>ρίας</span> <span class='ocrx_word' id='word_1_695' title='bbox 245 4502 261 4516; x_wconf 70' lang='grc' dir='ltr'>σ</span> <span class='ocrx_word' id='word_1_696' title='bbox 304 4504 325 4535; x_wconf 82' lang='grc' dir='ltr'><strong>ι</strong></span> <span class='ocrx_word' id='word_1_697' title='bbox 362 4485 486 4549; x_wconf 84' lang='grc' dir='ltr'>Πῶς</span> <span class='ocrx_word' id='word_1_698' title='bbox 511 4486 661 4540; x_wconf 79' lang='grc' dir='ltr'>ἐσται</span> <span class='ocrx_word' id='word_1_699' title='bbox 684 4487 860 4551; x_wconf 88' lang='grc' dir='ltr'>τοῦτο,</span> <span class='ocrx_word' id='word_1_700' title='bbox 890 4488 1011 4540; x_wconf 75' lang='grc' dir='ltr'>ἐπεὶ</span> <span class='ocrx_word' id='word_1_701' title='bbox 1039 4486 1206 4558; x_wconf 78' lang='grc' dir='ltr'>ἄνδρα</span> <span class='ocrx_word' id='word_1_702' title='bbox 1238 4487 1299 4539; x_wconf 82' lang='grc' dir='ltr'>οὐ</span> <span class='ocrx_word' id='word_1_703' title='bbox 1339 4486 1621 4554; x_wconf 75' lang='grc' dir='ltr'>γινώσκως</span> <span class='ocrx_word' id='word_1_704' title='bbox 1658 4505 1677 4538; x_wconf 77' lang='grc' dir='ltr'><strong>ι</strong></span> 
     </span>
    </p>
   </div>
   <div class='ocr_carea' id='block_1_87' title="bbox 1806 4469 3352 4558">
    <p class='ocr_par' dir='ltr' id='par_1_87' title="bbox 1806 4469 3352 4538">
     <span class='ocr_line' id='line_1_87' title="bbox 1806 4469 3352 4538; baseline -0.008 -5"><span class='ocrx_word' id='word_1_705' title='bbox 1806 4495 1909 4534; x_wconf 89' lang='lat' dir='ltr'><strong>:um</strong></span> <span class='ocrx_word' id='word_1_706' title='bbox 1954 4477 2183 4532; x_wconf 79' lang='lat' dir='ltr'><strong>dixisset</strong></span> <span class='ocrx_word' id='word_1_707' title='bbox 2230 4473 2400 4528; x_wconf 83' lang='lat' dir='ltr'><strong>Maria</strong></span> <span class='ocrx_word' id='word_1_708' title='bbox 2433 4487 2447 4523; x_wconf 88' lang='lat'><strong>:</strong></span> <span class='ocrx_word' id='word_1_709' title='bbox 2492 4490 2510 4521; x_wconf 85' lang='grc' dir='ltr'><strong>ι</strong></span> <span class='ocrx_word' id='word_1_710' title='bbox 2536 4470 2817 4536; x_wconf 88' lang='lat' dir='ltr'><strong>Quomodo</strong></span> <span class='ocrx_word' id='word_1_711' title='bbox 2848 4470 2953 4524; x_wconf 87' lang='lat' dir='ltr'><strong>erit</strong></span> <span class='ocrx_word' id='word_1_712' title='bbox 2983 4469 3174 4523; x_wconf 87' lang='lat' dir='ltr'><strong>istud?</strong></span> <span class='ocrx_word' id='word_1_713' title='bbox 3215 4483 3352 4538; x_wconf 85' lang='lat' dir='ltr'><strong>quo-</strong></span> 
     </span>
    </p>
   </div>
   <div class='ocr_carea' id='block_1_88' title="bbox 86 4576 1683 4650">
    <p class='ocr_par' dir='ltr' id='par_1_88' title="bbox 86 4576 1683 4650">
     <span class='ocr_line' id='line_1_88' title="bbox 86 4576 1683 4650; baseline 0.001 -22"><span class='ocrx_word' id='word_1_714' title='bbox 86 4576 471 4647; x_wconf 86' lang='grc' dir='ltr'>ὰπεκρίνατο·</span> <span class='ocrx_word' id='word_1_715' title='bbox 498 4597 516 4628; x_wconf 82' lang='grc' dir='ltr'><strong>ι</strong></span> <span class='ocrx_word' id='word_1_716' title='bbox 549 4578 771 4650; x_wconf 77' lang='grc' dir='ltr'>Πνεῦμα</span> <span class='ocrx_word' id='word_1_717' title='bbox 793 4579 945 4647; x_wconf 81' lang='grc' dir='ltr'>ἆγιον</span> <span class='ocrx_word' id='word_1_718' title='bbox 990 4578 1340 4631; x_wconf 78' lang='grc' dir='ltr'>ἐπελεύσεται</span> <span class='ocrx_word' id='word_1_719' title='bbox 1361 4578 1453 4630; x_wconf 79' lang='grc' dir='ltr'><strong>ἐπὶ</strong></span> <span class='ocrx_word' id='word_1_720' title='bbox 1477 4577 1555 4645; x_wconf 84' lang='grc' dir='ltr'>σὲ,</span> <span class='ocrx_word' id='word_1_721' title='bbox 1592 4579 1683 4631; x_wconf 72' lang='grc' dir='ltr'><strong>καὶ</strong></span> 
     </span>
    </p>
   </div>
   <div class='ocr_carea' id='block_1_89' title="bbox 84 4666 1681 4738">
    <p class='ocr_par' dir='ltr' id='par_1_89' title="bbox 84 4666 1681 4738">
     <span class='ocr_line' id='line_1_89' title="bbox 84 4666 1681 4738; baseline 0.001 -19"><span class='ocrx_word' id='word_1_722' title='bbox 84 4666 329 4738; x_wconf 75' lang='grc' dir='ltr'>δύναμις</span> <span class='ocrx_word' id='word_1_723' title='bbox 364 4666 616 4737; x_wconf 78' lang='grc' dir='ltr'>Ὑψίστου</span> <span class='ocrx_word' id='word_1_724' title='bbox 647 4670 957 4723; x_wconf 81' lang='grc' dir='ltr'>ἐπισκιάσει</span> <span class='ocrx_word' id='word_1_725' title='bbox 995 4669 1096 4723; x_wconf 91' lang='grc' dir='ltr'>σοί.</span> <span class='ocrx_word' id='word_1_726' title='bbox 1126 4669 1216 4721; x_wconf 87' lang='grc' dir='ltr'>Διὸ</span> <span class='ocrx_word' id='word_1_727' title='bbox 1262 4669 1355 4722; x_wconf 76' lang='grc' dir='ltr'>καὶ</span> <span class='ocrx_word' id='word_1_728' title='bbox 1386 4668 1445 4721; x_wconf 86' lang='grc' dir='ltr'>τὸ</span> <span class='ocrx_word' id='word_1_729' title='bbox 1482 4667 1681 4736; x_wconf 85' lang='grc' dir='ltr'>γεννώ-</span> 
     </span>
    </p>
   </div>
   <div class='ocr_carea' id='block_1_90' title="bbox 87 4754 1674 4828">
    <p class='ocr_par' dir='ltr' id='par_1_90' title="bbox 87 4754 1674 4828">
     <span class='ocr_line' id='line_1_90' title="bbox 87 4754 1674 4828; baseline 0.001 -20"><span class='ocrx_word' id='word_1_730' title='bbox 87 4772 265 4825; x_wconf 81' lang='grc' dir='ltr'>μενον</span> <span class='ocrx_word' id='word_1_731' title='bbox 294 4754 450 4824; x_wconf 77' lang='grc' dir='ltr'>ἆγιον</span> <span class='ocrx_word' id='word_1_732' title='bbox 481 4756 808 4828; x_wconf 85' lang='grc' dir='ltr'>κληθήσεται</span> <span class='ocrx_word' id='word_1_733' title='bbox 838 4758 966 4822; x_wconf 84' lang='grc' dir='ltr'>Υἱὸς</span> <span class='ocrx_word' id='word_1_734' title='bbox 998 4757 1151 4810; x_wconf 85' lang='grc' dir='ltr'>Θεοῦ.</span> <span class='ocrx_word' id='word_1_735' title='bbox 1193 4776 1210 4807; x_wconf 78' lang='grc' dir='ltr'><strong>ι</strong></span> <span class='ocrx_word' id='word_1_736' title='bbox 1244 4758 1356 4811; x_wconf 88' lang='lat' dir='ltr'><strong>Kal</strong></span> <span class='ocrx_word' id='word_1_737' title='bbox 1382 4759 1439 4809; x_wconf 82' lang='grc' dir='ltr'>ὲν</span> <span class='ocrx_word' id='word_1_738' title='bbox 1480 4758 1578 4827; x_wconf 83' lang='grc' dir='ltr'>μὲν</span> <span class='ocrx_word' id='word_1_739' title='bbox 1608 4760 1674 4828; x_wconf 80' lang='grc' dir='ltr'><strong>τῇ</strong></span> 
     </span>
    </p>
   </div>
   <div class='ocr_carea' id='block_1_91' title="bbox 84 4844 1671 4919">
    <p class='ocr_par' dir='ltr' id='par_1_91' title="bbox 84 4844 1671 4919">
     <span class='ocr_line' id='line_1_91' title="bbox 84 4844 1671 4919; baseline 0 -20"><span class='ocrx_word' id='word_1_740' title='bbox 84 4847 201 4919; x_wconf 83' lang='grc' dir='ltr'>πρὸ</span> <span class='ocrx_word' id='word_1_741' title='bbox 236 4846 445 4915; x_wconf 79' lang='grc' dir='ltr'>ταύτης</span> <span class='ocrx_word' id='word_1_742' title='bbox 473 4847 776 4918; x_wconf 73' lang='grc' dir='ltr'>προφητείᾳ.</span> <span class='ocrx_word' id='word_1_743' title='bbox 820 4847 937 4918; x_wconf 79' lang='grc' dir='ltr'><strong>ἃμα</strong></span> <span class='ocrx_word' id='word_1_744' title='bbox 974 4850 1040 4919; x_wconf 79' lang='grc' dir='ltr'><strong>τῇ</strong></span> <span class='ocrx_word' id='word_1_745' title='bbox 1083 4846 1295 4915; x_wconf 81' lang='grc' dir='ltr'>γενέσει</span> <span class='ocrx_word' id='word_1_746' title='bbox 1332 4844 1426 4899; x_wconf 85' lang='grc' dir='ltr'><strong>τοῦ</strong></span> <span class='ocrx_word' id='word_1_747' title='bbox 1464 4847 1671 4917; x_wconf 77' lang='grc' dir='ltr'><strong>Ἐμμα.⁹</strong></span> 
     </span>
    </p>
   </div>
   <div class='ocr_carea' id='block_1_92' title="bbox 82 4936 1675 5010">
    <p class='ocr_par' dir='ltr' id='par_1_92' title="bbox 82 4936 1675 5010">
     <span class='ocr_line' id='line_1_92' title="bbox 82 4936 1675 5010; baseline 0 -20"><span class='ocrx_word' id='word_1_748' title='bbox 82 4939 282 5010; x_wconf 83' lang='grc' dir='ltr'>νουὴλ,</span> <span class='ocrx_word' id='word_1_749' title='bbox 313 4939 442 5008; x_wconf 73' lang='grc' dir='ltr'>πρὶν</span> <span class='ocrx_word' id='word_1_750' title='bbox 468 4938 501 5009; x_wconf 80' lang='grc' dir='ltr'><strong>ἢ</strong></span> <span class='ocrx_word' id='word_1_751' title='bbox 527 4939 727 5007; x_wconf 80' lang='grc' dir='ltr'>γνῶναι</span> <span class='ocrx_word' id='word_1_752' title='bbox 753 4939 814 4992; x_wconf 84' lang='grc' dir='ltr'>τὸ</span> <span class='ocrx_word' id='word_1_753' title='bbox 840 4939 1047 4993; x_wconf 87' lang='grc' dir='ltr'>παιδίον</span> <span class='ocrx_word' id='word_1_754' title='bbox 1071 4936 1271 5007; x_wconf 83' lang='grc' dir='ltr'>ἀγαθὸν</span> <span class='ocrx_word' id='word_1_755' title='bbox 1292 4936 1324 5009; x_wconf 82' lang='grc' dir='ltr'>ἢ</span> <span class='ocrx_word' id='word_1_756' title='bbox 1352 4936 1540 5001; x_wconf 80' lang='grc' dir='ltr'>κακὸν,</span> <span class='ocrx_word' id='word_1_757' title='bbox 1570 4938 1675 4990; x_wconf 78' lang='grc' dir='ltr'>ἐλέ-</span> 
     </span>
    </p>
   </div>
   <div class='ocr_carea' id='block_1_93' title="bbox 82 5026 1672 5100">
    <p class='ocr_par' dir='ltr' id='par_1_93' title="bbox 82 5026 1672 5100">
     <span class='ocr_line' id='line_1_93' title="bbox 82 5026 1672 5100; baseline -0.001 -19"><span class='ocrx_word' id='word_1_758' title='bbox 82 5045 222 5098; x_wconf 86' lang='grc' dir='ltr'>γετο</span> <span class='ocrx_word' id='word_1_759' title='bbox 258 5027 848 5100; x_wconf 80' lang='grc' dir='ltr'>ὲγκαταλειφθήσεσθαι</span> <span class='ocrx_word' id='word_1_760' title='bbox 887 5030 986 5100; x_wconf 84' lang='grc' dir='ltr'>τὴν</span> <span class='ocrx_word' id='word_1_761' title='bbox 1016 5029 1119 5099; x_wconf 85' lang='grc' dir='ltr'><strong>γῆν</strong></span> <span class='ocrx_word' id='word_1_762' title='bbox 1162 5027 1270 5080; x_wconf 86' lang='grc' dir='ltr'><strong>ἀπὸ</strong></span> <span class='ocrx_word' id='word_1_763' title='bbox 1306 5026 1412 5080; x_wconf 87' lang='grc' dir='ltr'>τῶν</span> <span class='ocrx_word' id='word_1_764' title='bbox 1456 5027 1672 5098; x_wconf 85' lang='grc' dir='ltr'>πολιορ-</span> 
     </span>
    </p>
   </div>
   <div class='ocr_carea' id='block_1_94' title="bbox 82 5118 1670 5192">
    <p class='ocr_par' dir='ltr' id='par_1_94' title="bbox 82 5118 1670 5192">
     <span class='ocr_line' id='line_1_94' title="bbox 82 5118 1670 5192; baseline -0.001 -20"><span class='ocrx_word' id='word_1_765' title='bbox 82 5120 340 5173; x_wconf 77' lang='grc' dir='ltr'>κούντων</span> <span class='ocrx_word' id='word_1_766' title='bbox 377 5119 547 5192; x_wconf 75' lang='grc' dir='ltr'>αὐτὴν</span> <span class='ocrx_word' id='word_1_767' title='bbox 573 5120 715 5175; x_wconf 87' lang='grc' dir='ltr'>δυεῖν</span> <span class='ocrx_word' id='word_1_768' title='bbox 745 5119 1025 5190; x_wconf 87' lang='grc' dir='ltr'>βασιλέων,</span> <span class='ocrx_word' id='word_1_769' title='bbox 1054 5120 1173 5182; x_wconf 78' lang='grc' dir='ltr'>ἐνὸς</span> <span class='ocrx_word' id='word_1_770' title='bbox 1202 5120 1298 5190; x_wconf 85' lang='grc' dir='ltr'>μὲν</span> <span class='ocrx_word' id='word_1_771' title='bbox 1324 5118 1418 5171; x_wconf 89' lang='grc' dir='ltr'><strong>τοῦ</strong></span> <span class='ocrx_word' id='word_1_772' title='bbox 1447 5119 1543 5189; x_wconf 87' lang='grc' dir='ltr'><strong>τῆς</strong></span> <span class='ocrx_word' id='word_1_773' title='bbox 1564 5120 1670 5171; x_wconf 91' lang='grc' dir='ltr'><strong>Σα-</strong></span> 
     </span>
    </p>
   </div>
   <div class='ocr_carea' id='block_1_95' title="bbox 84 5208 1671 5281">
    <p class='ocr_par' dir='ltr' id='par_1_95' title="bbox 84 5208 1671 5281">
     <span class='ocr_line' id='line_1_95' title="bbox 84 5208 1671 5281; baseline -0.001 -19"><span class='ocrx_word' id='word_1_774' title='bbox 84 5208 353 5280; x_wconf 84' lang='grc' dir='ltr'>μαρείας,</span> <span class='ocrx_word' id='word_1_775' title='bbox 384 5208 611 5281; x_wconf 87' lang='grc' dir='ltr'>θατέρου</span> <span class='ocrx_word' id='word_1_776' title='bbox 642 5210 701 5263; x_wconf 82' lang='grc' dir='ltr'>δὲ</span> <span class='ocrx_word' id='word_1_777' title='bbox 743 5210 836 5263; x_wconf 84' lang='grc' dir='ltr'><strong>τοῦ</strong></span> <span class='ocrx_word' id='word_1_778' title='bbox 857 5210 956 5281; x_wconf 85' lang='grc' dir='ltr'><strong>τῆς</strong></span> <span class='ocrx_word' id='word_1_779' title='bbox 990 5208 1306 5281; x_wconf 83' lang='grc' dir='ltr'>Δαμασκοῦ·</span> <span class='ocrx_word' id='word_1_780' title='bbox 1348 5209 1440 5262; x_wconf 74' lang='grc' dir='ltr'><strong>ἐπὶ</strong></span> <span class='ocrx_word' id='word_1_781' title='bbox 1488 5208 1545 5260; x_wconf 83' lang='grc' dir='ltr'>δὲ</span> <span class='ocrx_word' id='word_1_782' title='bbox 1574 5209 1671 5280; x_wconf 89' lang='grc' dir='ltr'><strong>τῆς</strong></span> 
     </span>
    </p>
   </div>
   <div class='ocr_carea' id='block_1_96' title="bbox 81 5298 1664 5373">
    <p class='ocr_par' dir='ltr' id='par_1_96' title="bbox 81 5298 1664 5373">
     <span class='ocr_line' id='line_1_96' title="bbox 81 5298 1664 5373; baseline -0.001 -20"><span class='ocrx_word' id='word_1_783' title='bbox 81 5300 399 5373; x_wconf 79' lang='grc' dir='ltr'>παρούσης,</span> <span class='ocrx_word' id='word_1_784' title='bbox 429 5302 611 5373; x_wconf 76' lang='grc' dir='ltr'>πρὶνῆ</span> <span class='ocrx_word' id='word_1_785' title='bbox 644 5300 844 5370; x_wconf 82' lang='grc' dir='ltr'>γνῶναι</span> <span class='ocrx_word' id='word_1_786' title='bbox 866 5302 927 5355; x_wconf 81' lang='grc' dir='ltr'>τὸ</span> <span class='ocrx_word' id='word_1_787' title='bbox 956 5301 1163 5355; x_wconf 87' lang='grc' dir='ltr'>παιδίον</span> <span class='ocrx_word' id='word_1_788' title='bbox 1187 5300 1369 5353; x_wconf 83' lang='grc' dir='ltr'>καλεῖν</span> <span class='ocrx_word' id='word_1_789' title='bbox 1398 5298 1664 5371; x_wconf 80' lang='grc' dir='ltr'>πατέραῆ</span> 
     </span>
    </p>
   </div>
   <div class='ocr_carea' id='block_1_97' title="bbox 1786 4559 3352 4634">
    <p class='ocr_par' dir='ltr' id='par_1_97' title="bbox 1786 4559 3352 4634">
     <span class='ocr_line' id='line_1_97' title="bbox 1786 4559 3352 4634; baseline -0.008 -9"><span class='ocrx_word' id='word_1_790' title='bbox 1786 4571 1932 4625; x_wconf 91' lang='lat' dir='ltr'><strong>niam</strong></span> <span class='ocrx_word' id='word_1_791' title='bbox 1964 4569 2140 4622; x_wconf 89' lang='lat' dir='ltr'><strong>virum</strong></span> <span class='ocrx_word' id='word_1_792' title='bbox 2162 4582 2272 4622; x_wconf 89' lang='lat' dir='ltr'><strong>non</strong></span> <span class='ocrx_word' id='word_1_793' title='bbox 2333 4578 2604 4634; x_wconf 86' lang='lat' dir='ltr'><strong>cognosco</strong></span> <span class='ocrx_word' id='word_1_794' title='bbox 2633 4562 2716 4615; x_wconf 81' lang='lat'><strong>“?</strong></span> <span class='ocrx_word' id='word_1_795' title='bbox 2749 4583 2767 4613; x_wconf 76' lang='grc' dir='ltr'><strong>ι</strong></span> <span class='ocrx_word' id='word_1_796' title='bbox 2814 4560 3097 4629; x_wconf 87' lang='lat' dir='ltr'><strong>respondit</strong></span> <span class='ocrx_word' id='word_1_797' title='bbox 3129 4580 3142 4614; x_wconf 89' lang='lat'>:</span> <span class='ocrx_word' id='word_1_798' title='bbox 3172 4579 3190 4609; x_wconf 83' lang='grc' dir='ltr'><strong>ι</strong></span> <span class='ocrx_word' id='word_1_799' title='bbox 3227 4559 3352 4629; x_wconf 84' lang='lat' dir='ltr'><strong>Spi-</strong></span> 
     </span>
    </p>
   </div>
   <div class='ocr_carea' id='block_1_98' title="bbox 1785 4652 3349 4729">
    <p class='ocr_par' dir='ltr' id='par_1_98' title="bbox 1785 4652 3349 4729">
     <span class='ocr_line' id='line_1_98' title="bbox 1785 4652 3349 4729; baseline -0.009 -11"><span class='ocrx_word' id='word_1_800' title='bbox 1785 4666 1923 4719; x_wconf 91' lang='lat' dir='ltr'><strong>ritus</strong></span> <span class='ocrx_word' id='word_1_801' title='bbox 1947 4670 2171 4717; x_wconf 85' lang='lat' dir='ltr'><strong>sanctus</strong></span> <span class='ocrx_word' id='word_1_802' title='bbox 2210 4656 2556 4729; x_wconf 86' lang='lat' dir='ltr'><strong>superveniet</strong></span> <span class='ocrx_word' id='word_1_803' title='bbox 2583 4658 2638 4709; x_wconf 91' lang='lat' dir='ltr'><strong>in</strong></span> <span class='ocrx_word' id='word_1_804' title='bbox 2688 4663 2762 4719; x_wconf 91' lang='lat' dir='ltr'><strong>te,</strong></span> <span class='ocrx_word' id='word_1_805' title='bbox 2797 4665 2851 4709; x_wconf 91' lang='lat' dir='ltr'><strong>et</strong></span> <span class='ocrx_word' id='word_1_806' title='bbox 2874 4654 3047 4709; x_wconf 86' lang='lat' dir='ltr'><strong>virtus</strong></span> <span class='ocrx_word' id='word_1_807' title='bbox 3082 4652 3349 4706; x_wconf 82' lang='lat' dir='ltr'><strong>Altissimi</strong></span> 
     </span>
    </p>
   </div>
   <div class='ocr_carea' id='block_1_99' title="bbox 1781 4746 3344 4816">
    <p class='ocr_par' dir='ltr' id='par_1_99' title="bbox 1781 4746 3344 4816">
     <span class='ocr_line' id='line_1_99' title="bbox 1781 4746 3344 4816; baseline -0.01 -5"><span class='ocrx_word' id='word_1_808' title='bbox 1781 4753 2130 4811; x_wconf 85' lang='lat' dir='ltr'><strong>obumbrabit</strong></span> <span class='ocrx_word' id='word_1_809' title='bbox 2188 4750 2305 4805; x_wconf 88' lang='lat' dir='ltr'><strong>tibi.</strong></span> <span class='ocrx_word' id='word_1_810' title='bbox 2347 4748 2582 4816; x_wconf 84' lang='lat' dir='ltr'><strong>Ideoque</strong></span> <span class='ocrx_word' id='word_1_811' title='bbox 2614 4747 2756 4815; x_wconf 91' lang='lat' dir='ltr'><strong>quod</strong></span> <span class='ocrx_word' id='word_1_812' title='bbox 2805 4746 3064 4816; x_wconf 80' lang='lat' dir='ltr'><strong>gignitur,</strong></span> <span class='ocrx_word' id='word_1_813' title='bbox 3096 4750 3344 4798; x_wconf 85' lang='lat' dir='ltr'><strong>sanctum</strong></span> 
     </span>
    </p>
   </div>
   <div class='ocr_carea' id='block_1_100' title="bbox 1783 4834 3344 4907">
    <p class='ocr_par' dir='ltr' id='par_1_100' title="bbox 1783 4834 3344 4907">
     <span class='ocr_line' id='line_1_100' title="bbox 1783 4834 3344 4907; baseline -0.008 -9"><span class='ocrx_word' id='word_1_814' title='bbox 1783 4843 2086 4907; x_wconf 86' lang='lat' dir='ltr'><strong>vocabitur,</strong></span> <span class='ocrx_word' id='word_1_815' title='bbox 2111 4840 2282 4893; x_wconf 88' lang='lat' dir='ltr'><strong>Filius</strong></span> <span class='ocrx_word' id='word_1_816' title='bbox 2312 4839 2406 4892; x_wconf 88' lang='lat' dir='ltr'><strong>Dei</strong></span> <span class='ocrx_word' id='word_1_817' title='bbox 2434 4839 2479 4870; x_wconf 80' lang='grc'><strong>⁸⁷</strong></span> <span class='ocrx_word' id='word_1_818' title='bbox 2506 4857 2519 4892; x_wconf 89' lang='lat'><strong>:</strong></span> <span class='ocrx_word' id='word_1_819' title='bbox 2562 4858 2582 4890; x_wconf 78' lang='grc' dir='ltr'><strong>ι</strong></span> <span class='ocrx_word' id='word_1_820' title='bbox 2614 4846 2667 4893; x_wconf 87' lang='lat' dir='ltr'><strong>et</strong></span> <span class='ocrx_word' id='word_1_821' title='bbox 2718 4837 2771 4890; x_wconf 92' lang='lat' dir='ltr'><strong>in</strong></span> <span class='ocrx_word' id='word_1_822' title='bbox 2803 4836 3085 4906; x_wconf 89' lang='lat' dir='ltr'><strong>superiore</strong></span> <span class='ocrx_word' id='word_1_823' title='bbox 3125 4834 3344 4904; x_wconf 89' lang='lat' dir='ltr'><strong>quidem</strong></span> 
     </span>
    </p>
   </div>
   <div class='ocr_carea' id='block_1_101' title="bbox 1781 4922 3346 5005">
    <p class='ocr_par' dir='ltr' id='par_1_101' title="bbox 1781 4922 3346 5005">
     <span class='ocr_line' id='line_1_101' title="bbox 1781 4922 3346 5005; baseline -0.008 -17"><span class='ocrx_word' id='word_1_824' title='bbox 1781 4933 2062 5005; x_wconf 84' lang='lat' dir='ltr'><strong>prophetia</strong></span> <span class='ocrx_word' id='word_1_825' title='bbox 2090 4931 2143 4984; x_wconf 92' lang='lat' dir='ltr'><strong>in</strong></span> <span class='ocrx_word' id='word_1_826' title='bbox 2174 4939 2299 4985; x_wconf 91' lang='lat' dir='ltr'><strong>ortu</strong></span> <span class='ocrx_word' id='word_1_827' title='bbox 2320 4929 2493 4998; x_wconf 86' lang='lat' dir='ltr'><strong>ipsius</strong></span> <span class='ocrx_word' id='word_1_828' title='bbox 2517 4926 2858 4990; x_wconf 89' lang='lat' dir='ltr'><strong>Emmanuel,</strong></span> <span class='ocrx_word' id='word_1_829' title='bbox 2888 4926 3203 4995; x_wconf 89' lang='lat' dir='ltr'><strong>priusquam</strong></span> <span class='ocrx_word' id='word_1_830' title='bbox 3238 4922 3346 4979; x_wconf 87' lang='lat' dir='ltr'><strong>sci-</strong></span> 
     </span>
    </p>
   </div>
   <div class='ocr_carea' id='block_1_102' title="bbox 1779 5015 3343 5094">
    <p class='ocr_par' dir='ltr' id='par_1_102' title="bbox 1779 5015 3343 5094">
     <span class='ocr_line' id='line_1_102' title="bbox 1779 5015 3343 5094; baseline -0.008 -15"><span class='ocrx_word' id='word_1_831' title='bbox 1779 5035 1861 5079; x_wconf 90' lang='lat' dir='ltr'><strong>ret</strong></span> <span class='ocrx_word' id='word_1_832' title='bbox 1891 5038 2024 5094; x_wconf 85' lang='lat' dir='ltr'><strong>puer</strong></span> <span class='ocrx_word' id='word_1_833' title='bbox 2051 5023 2257 5077; x_wconf 90' lang='lat' dir='ltr'><strong>bonum</strong></span> <span class='ocrx_word' id='word_1_834' title='bbox 2309 5026 2403 5072; x_wconf 91' lang='lat' dir='ltr'><strong>aut</strong></span> <span class='ocrx_word' id='word_1_835' title='bbox 2436 5018 2662 5080; x_wconf 89' lang='lat' dir='ltr'><strong>malum,</strong></span> <span class='ocrx_word' id='word_1_836' title='bbox 2696 5016 2996 5078; x_wconf 88' lang='lat' dir='ltr'><strong>dicebatur,</strong></span> <span class='ocrx_word' id='word_1_837' title='bbox 3030 5015 3343 5083; x_wconf 84' lang='lat' dir='ltr'><strong>relinquen-</strong></span> 
     </span>
    </p>
   </div>
   <div class='ocr_carea' id='block_1_103' title="bbox 1777 5105 3347 5169">
    <p class='ocr_par' dir='ltr' id='par_1_103' title="bbox 1777 5105 3347 5169">
     <span class='ocr_line' id='line_1_103' title="bbox 1777 5105 3347 5169; baseline -0.008 1"><span class='ocrx_word' id='word_1_838' title='bbox 1777 5115 1900 5169; x_wconf 92' lang='lat' dir='ltr'><strong>dam</strong></span> <span class='ocrx_word' id='word_1_839' title='bbox 1916 5129 2038 5169; x_wconf 89' lang='lat' dir='ltr'><strong>esse</strong></span> <span class='ocrx_word' id='word_1_840' title='bbox 2074 5123 2273 5167; x_wconf 89' lang='lat' dir='ltr'><strong>terram</strong></span> <span class='ocrx_word' id='word_1_841' title='bbox 2321 5110 2388 5163; x_wconf 91' lang='lat' dir='ltr'><strong>ab</strong></span> <span class='ocrx_word' id='word_1_842' title='bbox 2420 5108 2793 5163; x_wconf 90' lang='lat' dir='ltr'><strong>obsidentibus</strong></span> <span class='ocrx_word' id='word_1_843' title='bbox 2828 5121 2948 5161; x_wconf 84' lang='lat' dir='ltr'><strong>eam</strong></span> <span class='ocrx_word' id='word_1_844' title='bbox 2987 5105 3200 5159; x_wconf 86' lang='lat' dir='ltr'><strong>duobus</strong></span> <span class='ocrx_word' id='word_1_845' title='bbox 3256 5120 3347 5159; x_wconf 87' lang='lat' dir='ltr'><strong>re-</strong></span> 
     </span>
    </p>
   </div>
   <div class='ocr_carea' id='block_1_104' title="bbox 1775 5194 3339 5277">
    <p class='ocr_par' dir='ltr' id='par_1_104' title="bbox 1775 5194 3339 5277">
     <span class='ocr_line' id='line_1_104' title="bbox 1775 5194 3339 5277; baseline -0.008 -19"><span class='ocrx_word' id='word_1_846' title='bbox 1775 5204 1955 5277; x_wconf 87' lang='lat' dir='ltr'><strong>gibus,</strong></span> <span class='ocrx_word' id='word_1_847' title='bbox 2023 5217 2133 5256; x_wconf 92' lang='lat' dir='ltr'><strong>uno</strong></span> <span class='ocrx_word' id='word_1_848' title='bbox 2182 5200 2397 5269; x_wconf 90' lang='lat' dir='ltr'><strong>quidem</strong></span> <span class='ocrx_word' id='word_1_849' title='bbox 2463 5196 2758 5259; x_wconf 70' lang='lat' dir='ltr'><strong>Samarize,</strong></span> <span class='ocrx_word' id='word_1_850' title='bbox 2808 5197 2978 5251; x_wconf 90' lang='lat' dir='ltr'><strong>altero</strong></span> <span class='ocrx_word' id='word_1_851' title='bbox 3010 5209 3186 5251; x_wconf 86' lang='lat' dir='ltr'><strong>autem</strong></span> <span class='ocrx_word' id='word_1_852' title='bbox 3234 5194 3339 5247; x_wconf 82' lang='lat' dir='ltr'><strong>Ua-</strong></span> 
     </span>
    </p>
   </div>
   <div class='ocr_carea' id='block_1_105' title="bbox 1773 5290 3337 5363">
    <p class='ocr_par' dir='ltr' id='par_1_105' title="bbox 1773 5290 3337 5363">
     <span class='ocr_line' id='line_1_105' title="bbox 1773 5290 3337 5363; baseline -0.005 -13"><span class='ocrx_word' id='word_1_853' title='bbox 1773 5295 1987 5360; x_wconf 88' lang='lat' dir='ltr'><strong>masci;</strong></span> <span class='ocrx_word' id='word_1_854' title='bbox 2027 5295 2079 5348; x_wconf 92' lang='lat' dir='ltr'><strong>in</strong></span> <span class='ocrx_word' id='word_1_855' title='bbox 2121 5294 2372 5363; x_wconf 70' lang='lat' dir='ltr'><strong>praesenti</strong></span> <span class='ocrx_word' id='word_1_856' title='bbox 2404 5307 2554 5356; x_wconf 85' lang='lat' dir='ltr'><strong>vero,</strong></span> <span class='ocrx_word' id='word_1_857' title='bbox 2610 5292 2930 5362; x_wconf 88' lang='lat' dir='ltr'><strong>priusquam</strong></span> <span class='ocrx_word' id='word_1_858' title='bbox 2984 5290 3119 5343; x_wconf 82' lang='lat' dir='ltr'><strong>sciat</strong></span> <span class='ocrx_word' id='word_1_859' title='bbox 3141 5303 3337 5342; x_wconf 84' lang='lat' dir='ltr'><strong>vocare</strong></span> 
     </span>
    </p>
   </div>
   <div class='ocr_carea' id='block_1_106' title="bbox 83 5384 1693 5463">
    <p class='ocr_par' dir='ltr' id='par_1_106' title="bbox 83 5389 1665 5463">
     <span class='ocr_line' id='line_1_106' title="bbox 83 5389 1665 5463; baseline -0.002 -18"><span class='ocrx_word' id='word_1_860' title='bbox 83 5394 328 5463; x_wconf 82' lang='grc' dir='ltr'>μητέρα,</span> <span class='ocrx_word' id='word_1_861' title='bbox 356 5392 587 5463; x_wconf 77' lang='grc' dir='ltr'>λήψεται</span> <span class='ocrx_word' id='word_1_862' title='bbox 624 5392 848 5463; x_wconf 77' lang='grc' dir='ltr'>δύναμιν</span> <span class='ocrx_word' id='word_1_863' title='bbox 885 5390 1199 5463; x_wconf 84' lang='grc' dir='ltr'>Δαμασκοῦ,</span> <span class='ocrx_word' id='word_1_864' title='bbox 1247 5391 1342 5444; x_wconf 72' lang='grc' dir='ltr'>καὶ</span> <span class='ocrx_word' id='word_1_865' title='bbox 1384 5390 1451 5443; x_wconf 82' lang='grc' dir='ltr'>τὰ</span> <span class='ocrx_word' id='word_1_866' title='bbox 1496 5389 1665 5443; x_wconf 88' lang='grc' dir='ltr'>σκῦλα</span> 
     </span>
    </p>
   </div>
   <div class='ocr_carea' id='block_1_107' title="bbox 1806 5384 3334 5463">
    <p class='ocr_par' dir='ltr' id='par_1_107' title="bbox 1809 5384 3334 5453">
     <span class='ocr_line' id='line_1_107' title="bbox 1809 5384 3334 5453; baseline -0.005 -14"><span class='ocrx_word' id='word_1_867' title='bbox 1809 5395 1978 5440; x_wconf 91' lang='lat' dir='ltr'><strong>atrem</strong></span> <span class='ocrx_word' id='word_1_868' title='bbox 2006 5392 2098 5439; x_wconf 89' lang='lat' dir='ltr'><strong>aut</strong></span> <span class='ocrx_word' id='word_1_869' title='bbox 2128 5391 2374 5448; x_wconf 88' lang='lat' dir='ltr'><strong>matrem,</strong></span> <span class='ocrx_word' id='word_1_870' title='bbox 2399 5398 2626 5453; x_wconf 78' lang='lat' dir='ltr'><strong>puerum</strong></span> <span class='ocrx_word' id='word_1_871' title='bbox 2649 5389 2996 5451; x_wconf 87' lang='lat' dir='ltr'><strong>accepturum</strong></span> <span class='ocrx_word' id='word_1_872' title='bbox 3014 5384 3334 5450; x_wconf 87' lang='lat' dir='ltr'><strong>potestatem</strong></span> 
     </span>
    </p>
   </div>
   <div class='ocr_carea' id='block_1_108' title="bbox 80 5471 1693 5556">
    <p class='ocr_par' dir='ltr' id='par_1_108' title="bbox 80 5479 1665 5556">
     <span class='ocr_line' id='line_1_108' title="bbox 80 5479 1665 5556; baseline -0.001 -20"><span class='ocrx_word' id='word_1_873' title='bbox 80 5485 437 5554; x_wconf 64' lang='grc' dir='ltr'>Σαμαρείαςι</span> <span class='ocrx_word' id='word_1_874' title='bbox 485 5479 560 5538; x_wconf 81' lang='grc' dir='ltr'>ὧν</span> <span class='ocrx_word' id='word_1_875' title='bbox 611 5488 705 5539; x_wconf 77' lang='grc' dir='ltr'>καὶ</span> <span class='ocrx_word' id='word_1_876' title='bbox 753 5485 985 5556; x_wconf 75' lang='grc' dir='ltr'>πρόσθεν</span> <span class='ocrx_word' id='word_1_877' title='bbox 1031 5483 1496 5554; x_wconf 83' lang='grc' dir='ltr'>καταλυθήσεσθαι</span> <span class='ocrx_word' id='word_1_878' title='bbox 1539 5484 1665 5545; x_wconf 66' lang='grc' dir='ltr'>τοὺς</span> 
     </span>
    </p>
   </div>
   <div class='ocr_carea' id='block_1_109' title="bbox 1806 5471 3334 5556">
    <p class='ocr_par' dir='ltr' id='par_1_109' title="bbox 1806 5471 3334 5548">
     <span class='ocr_line' id='line_1_109' title="bbox 1806 5471 3334 5548; baseline -0.006 -16"><span class='ocrx_word' id='word_1_879' title='bbox 1806 5478 2042 5540; x_wconf 62' lang='lat' dir='ltr'><strong>Damasci,</strong></span> <span class='ocrx_word' id='word_1_880' title='bbox 2074 5485 2127 5531; x_wconf 86' lang='lat' dir='ltr'><strong>et</strong></span> <span class='ocrx_word' id='word_1_881' title='bbox 2184 5476 2357 5548; x_wconf 91' lang='lat' dir='ltr'><strong>spolia</strong></span> <span class='ocrx_word' id='word_1_882' title='bbox 2405 5474 2663 5529; x_wconf 73' lang='lat' dir='ltr'><strong>Samariae</strong></span> <span class='ocrx_word' id='word_1_883' title='bbox 2698 5489 2712 5525; x_wconf 92' lang='lat'>:</span> <span class='ocrx_word' id='word_1_884' title='bbox 2745 5487 2976 5542; x_wconf 82' lang='lat' dir='ltr'><strong>quarum</strong></span> <span class='ocrx_word' id='word_1_885' title='bbox 3014 5473 3166 5541; x_wconf 89' lang='lat' dir='ltr'><strong>prius</strong></span> <span class='ocrx_word' id='word_1_886' title='bbox 3197 5471 3334 5524; x_wconf 81' lang='lat' dir='ltr'><strong>abo-</strong></span> 
     </span>
    </p>
   </div>
   <div class='ocr_carea' id='block_1_110' title="bbox 81 5572 1661 5647">
    <p class='ocr_par' dir='ltr' id='par_1_110' title="bbox 81 5572 1661 5647">
     <span class='ocr_line' id='line_1_110' title="bbox 81 5572 1661 5647; baseline -0.001 -20"><span class='ocrx_word' id='word_1_887' title='bbox 81 5574 346 5641; x_wconf 66' lang='grc' dir='ltr'>βασιλέας</span> <span class='ocrx_word' id='word_1_888' title='bbox 371 5575 465 5627; x_wconf 81' lang='grc' dir='ltr'>ἐπὶ</span> <span class='ocrx_word' id='word_1_889' title='bbox 501 5577 567 5647; x_wconf 76' lang='grc' dir='ltr'><strong>τῇ</strong></span> <span class='ocrx_word' id='word_1_890' title='bbox 606 5575 817 5643; x_wconf 80' lang='grc' dir='ltr'>γενέσει</span> <span class='ocrx_word' id='word_1_891' title='bbox 855 5575 949 5628; x_wconf 91' lang='grc' dir='ltr'><strong>τοῦ</strong></span> <span class='ocrx_word' id='word_1_892' title='bbox 985 5573 1329 5647; x_wconf 78' lang='grc' dir='ltr'>Ἐμμανουὴλ</span> <span class='ocrx_word' id='word_1_893' title='bbox 1356 5572 1661 5637; x_wconf 81' lang='grc' dir='ltr'>ὲθέσπιζεν.</span> 
     </span>
    </p>
   </div>
   <div class='ocr_carea' id='block_1_111' title="bbox 1771 5563 3328 5638">
    <p class='ocr_par' dir='ltr' id='par_1_111' title="bbox 1771 5563 3328 5638">
     <span class='ocr_line' id='line_1_111' title="bbox 1771 5563 3328 5638; baseline -0.004 -16"><span class='ocrx_word' id='word_1_894' title='bbox 1771 5569 1961 5625; x_wconf 91' lang='lat' dir='ltr'><strong>lendos</strong></span> <span class='ocrx_word' id='word_1_895' title='bbox 1985 5584 2109 5624; x_wconf 85' lang='lat' dir='ltr'><strong>esse</strong></span> <span class='ocrx_word' id='word_1_896' title='bbox 2141 5568 2372 5638; x_wconf 84' lang='lat' dir='ltr'><strong>regesin</strong></span> <span class='ocrx_word' id='word_1_897' title='bbox 2394 5576 2515 5621; x_wconf 89' lang='lat' dir='ltr'><strong>ortu</strong></span> <span class='ocrx_word' id='word_1_898' title='bbox 2551 5566 2724 5635; x_wconf 87' lang='lat' dir='ltr'><strong>ipsius</strong></span> <span class='ocrx_word' id='word_1_899' title='bbox 2746 5563 3066 5618; x_wconf 89' lang='lat' dir='ltr'><strong>Emmanuel</strong></span> <span class='ocrx_word' id='word_1_900' title='bbox 3106 5563 3328 5618; x_wconf 77' lang='lat' dir='ltr'><strong>cecinit.</strong></span> 
     </span>
    </p>
   </div>
   <div class='ocr_carea' id='block_1_112' title="bbox 154 5738 1693 5817">
    <p class='ocr_par' dir='ltr' id='par_1_112' title="bbox 154 5746 1693 5817">
     <span class='ocr_line' id='line_1_112' title="bbox 154 5746 1693 5817; baseline -0.005 -10"><span class='ocrx_word' id='word_1_901' title='bbox 154 5752 200 5785; x_wconf 79' lang='grc'><strong>³³</strong></span> <span class='ocrx_word' id='word_1_902' title='bbox 239 5752 346 5809; x_wconf 81' lang='lat' dir='ltr'><strong>lsa.</strong></span> <span class='ocrx_word' id='word_1_903' title='bbox 376 5767 475 5817; x_wconf 82' lang='lat' dir='ltr'><strong>vu,</strong></span> <span class='ocrx_word' id='word_1_904' title='bbox 498 5749 589 5805; x_wconf 74' lang='grc'><strong>25.</strong></span> <span class='ocrx_word' id='word_1_905' title='bbox 639 5750 685 5782; x_wconf 77' lang='grc'>⁸⁸</span> <span class='ocrx_word' id='word_1_906' title='bbox 716 5750 819 5805; x_wconf 86' lang='lat' dir='ltr'><strong>lsa.</strong></span> <span class='ocrx_word' id='word_1_907' title='bbox 846 5765 965 5817; x_wconf 78' lang='lat' dir='ltr'><strong>vin,</strong></span> <span class='ocrx_word' id='word_1_908' title='bbox 991 5750 1041 5805; x_wconf 84' lang='grc'><strong>1.</strong></span> <span class='ocrx_word' id='word_1_909' title='bbox 1098 5750 1144 5784; x_wconf 84' lang='grc'><strong><em>⁸³</em></strong></span> <span class='ocrx_word' id='word_1_910' title='bbox 1180 5748 1313 5806; x_wconf 87' lang='lat' dir='ltr'><strong>ibid.</strong></span> <span class='ocrx_word' id='word_1_911' title='bbox 1343 5749 1457 5806; x_wconf 64' lang='lat' dir='ltr'><strong>l-L.</strong></span> <span class='ocrx_word' id='word_1_912' title='bbox 1533 5749 1581 5782; x_wconf 77' lang='lat'><strong>”</strong></span> <span class='ocrx_word' id='word_1_913' title='bbox 1602 5746 1693 5802; x_wconf 73' lang='grc' dir='ltr'>ιω</span> 
     </span>
    </p>
   </div>
   <div class='ocr_carea' id='block_1_113' title="bbox 1806 5738 3327 5817">
    <p class='ocr_par' dir='ltr' id='par_1_113' title="bbox 1806 5738 3327 5805">
     <span class='ocr_line' id='line_1_113' title="bbox 1806 5738 3327 5805; baseline -0.009 0"><span class='ocrx_word' id='word_1_914' title='bbox 1806 5744 2024 5805; x_wconf 51' lang='grc' dir='ltr'><strong>η26-28.</strong></span> <span class='ocrx_word' id='word_1_915' title='bbox 2099 5745 2144 5778; x_wconf 83' lang='grc'><strong><em>⁵⁸</em></strong></span> <span class='ocrx_word' id='word_1_916' title='bbox 2171 5743 2304 5801; x_wconf 83' lang='lat' dir='ltr'><strong>ibid.</strong></span> <span class='ocrx_word' id='word_1_917' title='bbox 2336 5744 2531 5804; x_wconf 79' lang='lat' dir='ltr'><strong>50,3l.</strong></span> <span class='ocrx_word' id='word_1_918' title='bbox 2607 5745 2655 5777; x_wconf 82' lang='lat'><strong>“</strong></span> <span class='ocrx_word' id='word_1_919' title='bbox 2680 5743 2811 5799; x_wconf 83' lang='lat' dir='ltr'><strong>ibid.</strong></span> <span class='ocrx_word' id='word_1_920' title='bbox 2837 5743 2925 5800; x_wconf 75' lang='grc'><strong>54.</strong></span> <span class='ocrx_word' id='word_1_921' title='bbox 3000 5740 3202 5797; x_wconf 81' lang='lat' dir='ltr'><strong>&quot;ibid.</strong></span> <span class='ocrx_word' id='word_1_922' title='bbox 3239 5738 3327 5794; x_wconf 71' lang='lat'><strong>35.</strong></span> 
     </span>
    </p>
   </div>
  </div>
