3828 6220
196 294 281 350 521
1098 278 1754 341 DEMONSTRATIONIS
1791 272 2258 337 EVANGELICJE
2292 270 2426 335 LIB.
2466 271 2589 336 νη.

3318 274 3426 335 523

185 419 234 475 δὲ
259 415 341 471 καὶ
366 414 433 469 τὰ
466 411 637 466 σκῦλα
666 407 979 482 Σαμαρείας
1011 406 1227 480 νοήσεις
1249 447 1265 471 ,
1323 406 1449 469 τοὺς
1495 404 1605 459 ἀπὺ
1649 403 1742 457 τοῦ

1848 403 2076 457 deorum
2106 402 2380 458 addictam
2414 399 2832 457 simulacrorum
2862 399 3133 455 culturam
3159 405 3437 472 aspernati

197 503 440 561 Ἰουδαίων
498 501 691 569 ἔθνους
742 500 834 555 τοῦ
870 500 1119 571 Σωτῆρος
1168 496 1326 570 ήμῶν
1376 496 1625 568 μαθητὰς
1651 498 1747 550 καὶ

186 600 489 663 ἀποστόλους
511 638 525 662 ,
572 597 669 662 οὓς
714 596 905 667 ὥσπερ
932 597 997 649 ὲκ
1030 593 1303 664 πολεμίων
1344 592 1453 645 τῶν
1484 593 1548 645 ἐκ
1592 607 1749 664 περι-

186 695 334 766 τομῆς
380 692 504 746 κατ’
546 689 713 744 αὑτοῦ
765 686 1253 760 στρατευσαμένων
1301 684 1474 738 σκῦλα
1520 686 1611 753 ὑφ’
1645 685 1746 737 αὑ-

185 787 262 841 τὸν
310 783 486 840 λαϐὼν
535 784 594 851 ἐξ
653 782 903 846 ἐναντίας
956 778 1269 835 καθώπλισε
1323 778 1419 833 τοῦ
1477 780 1585 833 τῶν
1631 780 1750 832 Ἀσο

186 878 360 953 συρίων
424 876 723 949 βασιλέως,
780 873 925 928 οὕτω
986 873 1151 928 πάλιν
1204 859 1492 945 ’τροπικῶς
1552 872 1746 942 δηλον-

189 972 327 1043 μένου
374 968 471 1023 τοῦ
517 969 777 1039 ἄρχοντος
823 965 919 1020 τοῦ
964 964 1162 1029 αἰῶνος
1209 969 1420 1021 τούτου.
1507 965 1661 1019 Ἐπεὶ
1689 965 1747 1020 δὲ

181 1063 235 1118 τὸ
277 1082 292 1113 ι
325 1056 565 1117 ἐναντίον
621 1060 886 1134 βασιλέως
923 1060 1243 1134 Ἀσσυρίων,
1284 1080 1304 1113 ι
1334 1060 1666 1132 σαφέστερον
1718 1061 1748 1113 ό

194 1155 400 1221 Ἀκύλας
453 1154 715 1220 ἐξέδωκεν
739 1195 754 1220 ,
787 1150 982 1217 εἰπὼν,
1023 1170 1043 1204 ι
1099 1154 1178 1216 είς
1228 1148 1521 1223 πρόσωπον
1584 1150 1743 1221 βασι-

181 1249 299 1313 λέως
356 1248 679 1320 Ἀσσυρίων,
718 1268 736 1301 ι
770 1245 1065 1318 ἐπίστησον
1110 1248 1320 1317 μήποτε
1370 1245 1481 1317 ἄρα
1538 1243 1633 1297 καὶ
1686 1243 1745 1296 ἐν

180 1339 361 1404 τούτοις
399 1340 501 1412 τὴν
534 1336 822 1409 Ῥωμαίων
868 1337 1044 1409 ἀρχὴν
1088 1336 1239 1407 δηλοῖ
1262 1375 1276 1400 ,
1335 1334 1392 1390 εί
1432 1351 1497 1404 γε
1548 1350 1746 1388 κατευ-

178 1427 434 1493 θύνοντες,
489 1429 522 1502 ἢ
582 1430 1042 1500 κατευθυνόμενοι
1116 1427 1392 1499 Ἀσσύριοι
1462 1424 1744 1497 μεθερμη-

178 1522 437 1587 νεύονται,
513 1522 658 1578 κατὰ
703 1522 772 1576 τὰ
827 1520 1013 1594 μικρῷ
1071 1520 1306 1595 πρόσθεν
1349 1515 1741 1589 ἀποδεδομένα.

112 1600 121 1609 ’
186 1615 320 1670 Ἐπεὶ
372 1615 557 1671 τοίνυν
606 1619 672 1688 τῇ
724 1616 856 1689 περὶ
908 1615 1002 1669 τοῦ
1058 1615 1309 1685 Σωτῆρος
1363 1612 1520 1683 ἡμῶν
1569 1612 1745 1685 προρ-

177 1707 315 1779 ρήσει
377 1707 476 1762 καὶ
546 1704 642 1762 νῦν
696 1708 726 1760 ό
782 1709 892 1761 τῶν
964 1705 1263 1777 Ἀσσυρίων
1326 1701 1744 1775 συμπέπλεκται

1853 505 2002 560 sunt,
2028 506 2082 552 et
2112 496 2320 553 Christi
2364 494 2534 551 verbo
2564 496 2778 564 seipsos
2818 493 3161 563 addixerunt,
3200 513 3436 568 praeser-

1851 588 1948 642 tim
1973 588 2019 645 si
2044 587 2099 642 in
2133 587 2304 643 verbo
2350 596 2406 642 et
2441 588 2708 658 sapientia
2743 589 2930 644 saeculi
2980 587 3144 657 hujus
3182 596 3434 659 potentes

1850 681 2003 744 sint,
2068 695 2166 736 eos
2218 681 2368 751 ipsos
2414 694 2540 736 esse
2584 680 2678 750 qui
2734 679 2984 736 Damasci
3038 681 3282 751 potentia
3331 696 3434 736 no-

1851 773 2145 827 minentur.
2176 772 2380 828 Eodem
2417 788 2583 829 sensu
2633 772 2801 827 etiam
2834 773 3007 842 spolia
3046 771 3310 827 Samariae
3334 787 3433 828 ιτα

1848 864 2044 934 cipies,
2078 865 2146 920 de
2182 863 2411 920 Iudaica
2462 873 2622 936 gente
2656 874 2969 935 assumptus
3004 863 3306 922 Salvatoris
3326 881 3431 922 no-

1848 957 1950 1012 stri
1982 956 2285 1028 discipulos
2317 965 2372 1012 et
2406 958 2704 1028 apostolos,
2733 973 2873 1028 quos
2900 958 3059 1028 quasi
3083 959 3151 1014 de
3180 959 3432 1016 hostibus

1848 1048 1916 1102 ad
1937 1049 2415 1105 circumcisionem
2450 1050 2848 1119 spectantibus,
2895 1051 2991 1121 qui
3030 1051 3321 1107 adversum
3370 1066 3431 1111 se

1847 1141 2226 1203 militaverint,
2289 1141 2485 1212 praedas
2549 1143 2727 1198 instar
2776 1144 2881 1198 sibi
2941 1144 3046 1215 ipsi
3105 1144 3428 1213 subjicieus,

1847 1241 2042 1289 contra
2065 1234 2418 1304 Assyriorum
2460 1249 2644 1305 regem
2696 1235 2951 1300 armavit,
2987 1236 3429 1306 quandoquidem

1847 1327 1930 1382 sic
1963 1341 2156 1382 rursus
2210 1342 2309 1396 per
2339 1325 2569 1397 ﬁguram
2620 1328 2804 1383 surculi
2840 1328 3006 1397 hujus
3045 1328 3299 1398 princeps
3354 1327 3431 1382 si-

1844 1417 2155 1489 gniﬁcatur.
2225 1420 2295 1471 At
2348 1432 2482 1472 vero
2531 1419 2788 1488 quoniam
2853 1420 2987 1473 illud
3024 1428 3191 1474 «ante
3243 1433 3427 1490 regem

1843 1509 2216 1581 Assyriorum,
2242 1529 2262 1562 ι
2300 1510 2646 1567 manifestius
2677 1511 2875 1582 Aquila
2907 1512 3166 1576 reddidit,
3221 1512 3313 1566 ubi
3343 1511 3427 1565 sic

1846 1604 1943 1667 ait,
1980 1622 1999 1655 ι
2030 1604 2085 1659 in
2117 1604 2309 1660 faciem
2339 1606 2486 1677 regis
2516 1606 2888 1677 Assyriorum,
2914 1624 2932 1657 ι
2966 1606 3089 1661 vide
3112 1622 3180 1662 ne
3201 1606 3342 1663 forte
3370 1605 3429 1661 in

1846 1694 1932 1750 bis
1967 1696 2149 1751 verbis
2173 1694 2547 1752 Romanorum
2581 1697 2871 1767 imperium
2926 1697 3219 1768 signiﬁcet,
3253 1698 3428 1768 siquis

176 1794 403 1865 βασιλεὺς
429 1837 445 1862 ,
521 1797 746 1861 είκότως
800 1799 932 1869 ἡμῖν
988 1794 1268 1851 κάνταῦθα
1334 1797 1368 1867 ἡ
1448 1793 1739 1864 Ῥωμαίων

1844 1783 1964 1839 dem
1995 1801 2063 1839 ex
2100 1785 2169 1840 iis
2216 1802 2338 1857 quae
2369 1787 2533 1857 paulo
2562 1795 2688 1843 ante
2714 1802 2745 1841 a
2778 1788 2935 1841 nobis
2974 1788 3222 1857 exposita
3271 1796 3424 1849 sunt,

175 1891 299 1962 ἀρχὴ
358 1890 770 1962 παρείληπται,
853 1889 941 1943 διὰ
1004 1886 1065 1942 τὸ
1128 1887 1267 1961 πρὸς
1320 1885 1413 1941 τοῦ
1469 1884 1604 1940 Θεοῦ
1663 1886 1743 1948 είς

173 1983 261 2053 τήν
329 1983 440 2037 τῶν
506 1981 675 2037 ἐθνῶν
760 1981 1038 2054 ὑποταγὴν
1094 1978 1542 2036 κατευθύνεσθαι.
1634 1978 1744 2048 Afr

171 2069 345 2138 ψεσθαι
438 2072 730 2145 τοιγαροῦν
802 2071 863 2126 τὸ
936 2072 1254 2144 τικτόμενον
1343 2069 1555 2124 παιδίον
1641 2068 1743 2139 τὴν

171 2158 373 2231 δύναμιν
436 2161 734 2232 Δαμασκοῦ
759 2203 777 2228 ,
856 2162 952 2231 καὶ
1011 2160 1081 2214 τὰ
1163 2159 1336 2215 σκῦλα
1401 2159 1739 2233 Σαμαρείας,

169 2253 251 2305 καὶ
299 2252 641 2323 παραδώσειν
680 2255 758 2317 είς
793 2253 1085 2325 πρόσωπον
1131 2252 1430 2324 Ἀσσυρίων
1456 2288 1471 2315 ,
1530 2252 1625 2305 καὶ
1684 2252 1743 2304 ἐν

169 2341 444 2414 ὀφθαλμοῖς
522 2343 630 2397 τῶν
704 2344 809 2398 ὑπὸ
886 2343 980 2397 τοῦ
1060 2340 1195 2396 Θεοῦ
1262 2341 1742 2413 κατευθυνομένων

168 2432 485 2503 θεσπίζεται·
519 2436 614 2489 καὶ
659 2436 832 2490 ταῦτα
885 2435 1135 2508 ποιήσειν
1165 2434 1285 2506 ἅμα
1331 2437 1397 2506 τῇ
1443 2435 1611 2489 αὐτοῦ
1652 2451 1743 2504 γε-

168 2526 336 2594 νέσει,
396 2529 626 2601 ἀρρήτῳ
684 2529 780 2583 καὶ⁵
840 2528 1009 2600 ἐνθέῳ
1062 2528 1337 2598 δυνάμει,
1401 2526 1482 2580 ἔτι
1546 2528 1744 2599 νηπιά-

166 2615 295 2682 ζοντι
352 2617 571 2689 σώματι
635 2618 877 2673 τοσαῦτα
945 2620 1003 2673 ἐν
1058 2617 1366 2690 ἀνθρώποις
1427 2618 1744 2689 οἰκονομού-

165 2725 328 2780 μενος.
398 2711 588 2765 Πάντα
614 2710 670 2764 δὲ
714 2711 887 2765 ταῦτα
920 2714 949 2767 ό
981 2713 1270 2785 προφήτης
1305 2713 1362 2764 ἐν
1387 2711 1539 2783 τόμῳ
1570 2711 1743 2783 καινῷ

161 2800 248 2855 καὶ
294 2803 517 2875 μεγάλῳ
588 2806 776 2875 γραφῇ
836 2803 1174 2876 παραδοῦναι
1233 2801 1522 2876 ἀνθρώπου
1582 2821 1744 2875 προσο

163 2889 423 2959 τάσσεται,
481 2894 670 2947 τοῦτον
708 2895 804 2947 καὶ⁵
850 2893 950 2965 τῆς
997 2895 1188 2965 καινῆς
1243 2895 1518 2965 Διαθήκης
1558 2894 1745 2966 δηλου-

165 2982 317 3056 μὲνης
387 2987 486 3040 τὸν
560 2988 783 3059 τρόπον.
886 2985 1457 3058 Προσπαραλαμθάνει
1518 2988 1575 3041 δὲ
1633 2987 1741 3040 τῶν

161 3076 455 3148 εἰρημένων
529 3078 815 3151 μάρτυρας
890 3079 1039 3150 ἱερέα
1094 3079 1192 3133 καὶ
1259 3080 1584 3153 προφήτην,
1643 3078 1739 3133 τοῦ
1767 3124 1810 3181 c

159 3164 304 3238 λόγου
345 3171 721 3239 παιδεύοντος,
780 3170 856 3235 ὡς
893 3173 975 3226 δτι
1023 3171 1207 3244 δεήσει
1236 3170 1302 3226 ’ἐν
1362 3175 1484 3236 ταῖς
1526 3173 1742 3227 ἀποδεί-

164 3260 269 3325 ξεσι
317 3267 439 3330 ταῖς
487 3265 614 3337 περὶ
665 3262 758 3318 τοῦ
820 3263 1059 3337 Χριστοῦ
1092 3264 1194 3327 τὰς
1244 3264 1354 3318 ἀπὸ
1394 3265 1497 3336 τῆς
1557 3266 1616 3319 ἐν
1649 3263 1739 3319 νό-

164 3369 242 3425 μῳ
311 3354 629 3429 ἱερουργίας
704 3355 801 3410 καὶ
867 3355 975 3410 τῶν
1036 3355 1177 3426 μετὰ
1224 3356 1396 3411 ταῦτα
1444 3357 1740 3430 προφητῶν

163 3447 460 3521 μαρτυρίας
520 3447 988 3522 παραλαμϐάνειν.
1086 3448 1319 3512 mmo;
1379 3449 1434 3503 δὲ
1492 3449 1740 3520 βούλεται

159 3538 244 3591 καὶ
284 3540 462 3605 ἄλλως
521 3541 805 3614 μάρτυρας
848 3536 987 3596 εἶναι
1041 3543 1166 3607 τοὺς
1219 3543 1319 3614 τὴν
1372 3540 1586 3611 γένεσιν
1644 3543 1739 3596 τοῦ

157 3626 474 3703 δηλουμένου
520 3632 733 3687 παιδίου
782 3630 1071 3703 μέλλοντας
1129 3633 1449 3687 ἐποπτεύειν
1472 3674 1487 3698 ,
1541 3635 1621 3698 είς
1679 3635 1742 3687 τὸ

161 3722 386 3778 συνιέναι
467 3722 731 3778 δύνασθαι
806 3723 876 3778 τὰ
958 3724 1435 3796 προφητευόμενα.
1502 3744 1521 3774 ι
1614 3723 1740 3778 Ἐὰν

159 3811 261 3885 γὰρ
324 3804 401 3888 μῆ
470 3815 803 3885 πιστεύσητε
826 3855 840 3879 ,
911 3813 1031 3869 οὐδὲ
1084 3816 1159 3887 μὴ
1218 3816 1433 3887 συνῆτε,
1477 3835 1496 3868 ι
1526 3813 1743 3886 ἐλέγετο

160 3905 409 3977 ἀνωτέρω
432 3923 447 3939 ·
513 3907 608 3960 καὶ
656 3905 747 3960 τὸν
810 3907 909 3976 μὲν
984 3906 1128 3978 ἔχειν
1163 3907 1279 3975 φῶς
1329 3906 1465 3961 Θεοῦ
1491 3924 1504 3937 ·
1543 3906 1737 3979 (τοῦτο

164 3994 264 4067 γὰρ
320 3998 349 4050 ὁ
422 3995 632 4069 Οὐρίας
691 3997 1075 4069 ἑρμηνεύεται)
1103 4038 1118 4063 ,
1172 3993 1265 4051 τὸν
1321 3998 1378 4051 δὲ
1437 3997 1551 4051 υἱὸν
1611 3995 1742 4052 ὄντα

158 4086 399 4156 εὐλογίας
430 4129 446 4153 ,
534 4088 632 4162 τὴν
711 4090 935 4161 μνήμην
984 4089 1107 4143 ’τοῦ
1190 4088 1326 4144 Θεοῦ
1421 4092 1481 4143 ὲν
1564 4088 1741 4160 ἐαυτῷ

158 4178 372 4248 φέρειν·
458 4180 622 4235 τοῦτο
680 4180 791 4253 γὰρ
852 4181 949 4235 καὶ
1001 4180 1031 4233 ό
1083 4179 1177 4235 τοῦ
1233 4180 1507 4254 Βαραχίου
1565 4183 1743 4251 Ζαχα-

160 4271 273 4342 ρίας
318 4273 494 4344 δηλοῖ.
576 4272 763 4328 Ταῦτα
820 4275 922 4347 μὲν
956 4270 1049 4329 οῦν
1078 4277 1159 4339 είς
1199 4276 1325 4339 τοὺς
1352 4275 1548 4339 τόπους
1582 4277 1740 4346 ἡμεῖς

158 4358 614 4436 ὲπιϐεόλήκαμεν.
721 4365 785 4419 ΕΞ
861 4366 919 4419 δέ
993 4381 1080 4430 τις
1133 4366 1244 4420 τῶν
1315 4368 1380 4419 ἐκ
1441 4367 1741 4438 περιτομῆς

1844 1876 2054 1948 Assyrii
2086 1892 2340 1935 sermone
2367 1887 2580 1943 nostro,
2628 1889 2683 1936 et
2722 1880 2816 1950 qui
2842 1881 3106 1950 dirigunt,
3142 1888 3197 1935 et
3219 1881 3314 1950 qui
3345 1877 3430 1934 die

1845 1968 2099 2039 riguntur
2150 1969 2382 2042 intelligi
2419 1973 2618 2027 solent.
2646 1964 2918 2037 Quoniam
2975 1973 3144 2042 igitur
3202 1973 3427 2026 oraculo

1843 2059 1990 2128 quod
2020 2075 2168 2115 nunc
2202 2061 2270 2116 de
2296 2061 2581 2117 Salvatore
2612 2074 2803 2119 nostro
2832 2063 3102 2127 redditur,
3136 2064 3299 2119 etiam
3330 2079 3426 2118 rex

1843 2152 2195 2223 Assyriorum
2244 2153 2545 2223 implicitus
2583 2163 2713 2220 est,
2772 2157 2970 2211 merito
3005 2157 3093 2211 hic
3149 2170 3369 2226 quoque
3395 2169 3427 2208 a

1844 2242 2006 2298 nobis
2038 2240 2412 2298 Romanorum
2445 2245 2733 2313 imperium
2765 2252 3049 2315 acceptum
3081 2254 3188 2308 est,
3223 2244 3429 2316 quippe

1844 2331 1992 2403 quod
2023 2333 2089 2387 ad
2120 2333 2493 2403 subjiciendus
2521 2343 2709 2406 gentes
2726 2336 2794 2389 ab
2819 2335 2938 2405 ipso
2987 2334 3098 2390 Deo
3133 2336 3425 2407 dirigatur.

1845 2423 1990 2496 Ergo
2026 2426 2120 2496 qui
2146 2427 2393 2481 nascitur
2418 2443 2571 2498 puer,
2607 2435 2936 2499 accepturus
2991 2430 3290 2499 potentiam
3324 2429 3429 2482 Da-

1844 2520 2039 2583 masci,
2073 2526 2128 2574 et
2160 2520 2335 2590 spolia
2372 2517 2653 2585 Samariae,
2687 2531 2740 2576 et
2766 2523 3070 2578 traditurus
3118 2524 3172 2578 in
3230 2523 3427 2578 faciem

1844 2612 2196 2683 Assyriorum
2220 2620 2276 2667 et
2304 2613 2359 2666 in
2394 2614 2569 2669 oculis
2601 2628 2792 2668 eorum
2836 2617 2929 2686 qui
2964 2631 2995 2670 a
3036 2617 3145 2672 Deo
3176 2617 3426 2688 dirigun:

1843 2711 1957 2768 tur,
1989 2705 2247 2759 canitur:
2276 2713 2440 2775 atque
2480 2706 2594 2761 hac
2644 2708 2762 2777 ipsa
2797 2708 2851 2762 in
2886 2716 3008 2763 ortu
3046 2725 3146 2764 suo
3179 2709 3429 2767 facturus

1846 2796 1897 2849 vi
1929 2797 2166 2866 quadam
2189 2796 2375 2851 divina
2404 2804 2568 2868 atque
2597 2797 2878 2865 ineffabili,
2929 2800 3022 2870 qui
3074 2802 3294 2871 quidem
3329 2803 3430 2857 ade

1846 2888 1953 2943 huc
1986 2890 2041 2943 in
2070 2890 2266 2959 puerili
2297 2904 2533 2959 corpore
2581 2893 2916 2947 constitutus
2948 2900 3098 2947 tanta
3156 2894 3302 2950 inter
3326 2895 3427 2949 ho-

1844 2980 2023 3033 mines
2084 2978 2495 3049 dispensatione
2544 2980 2821 3051 fungctur.
2874 2982 3068 3038 Omnia
3117 3000 3250 3039 vero
3309 2986 3425 3042 haec

1846 3072 2111 3143 propheta
2143 3074 2196 3126 in
2233 3087 2376 3129 navo
2403 3082 2457 3129 et
2486 3076 2675 3143 grandi
2719 3076 2860 3130 libro
2893 3078 3036 3149 stylo
3061 3088 3114 3133 et
3139 3080 3428 3149 scriptum

1845 3165 2082 3219 hominis
2110 3165 2329 3220 tradere
2372 3164 2600 3235 jubetur
2632 3185 2646 3220 :
2677 3168 2782 3221 hoc
2830 3168 2976 3223 enim
3033 3184 3288 3225 sermone
3317 3169 3429 3226 Νο-

1843 3271 1971 3310 vum
2033 3255 2374 3327 significatur
2430 3257 2862 3315 Testamentum.
2924 3260 3174 3317 Asscmit
3242 3271 3424 3318 autem

1841 3363 2033 3405 eorum
2063 3364 2188 3420 qua
2219 3350 2365 3406 dicta
2405 3360 2534 3407 sunt
2574 3360 2744 3408 testes
2801 3354 3144 3410 sacerdotem
3202 3362 3257 3410 et
3298 3369 3426 3427 pro-

1845 3442 2084 3512 phetam,
2109 3444 2333 3499 oraculo
2375 3445 2604 3500 docente
2625 3486 2640 3509 ,
2669 3444 2784 3501 fore
2808 3461 2948 3517 opus
2980 3449 3031 3502 in
3075 3450 3424 3505 demonstrsd

1843 3534 2083 3590 tionibus
2115 3535 2183 3590 de
2211 3535 2433 3592 Christo
2464 3544 2577 3591 tum
2614 3552 2644 3592 a
2667 3539 2976 3593 sacerdotio
3006 3540 3153 3610 quod
3208 3541 3263 3595 in
3309 3542 3427 3613 lege

1843 3627 2175 3691 continetur,
2231 3635 2344 3681 tum
2383 3643 2413 3681 a
2456 3629 2739 3699 prophetis
2795 3630 2889 3700 qui
2937 3642 3126 3700 postea
3178 3632 3421 3700 fuerunt,

1843 3720 2094 3788 accipere
2132 3719 2482 3787 testimonia;
2535 3730 2590 3775 et
2640 3722 2844 3793 alioqui
2894 3721 3082 3779 ﬁdeles
3134 3725 3250 3779 vult
3298 3741 3423 3782 esse

1844 3819 2032 3878 testes,
2066 3826 2162 3867 eos
2183 3813 2274 3882 qui
2307 3814 2461 3882 pueri
2487 3812 2556 3868 de
2580 3828 2691 3882 quo
2739 3815 2942 3885 agitur,
2974 3815 3275 3885 inspecturi
3310 3819 3422 3873 sint

1841 3912 2043 3967 ortum,
2075 3892 2145 3958 ut
2177 3918 2240 3959 ea
2299 3919 2423 3974 qua:
2461 3905 2516 3959 in
2568 3906 2683 3976 ipsa
2717 3906 3002 3976 prophetia
3049 3909 3421 3976 continentur,

1844 3994 2142 4065 intelligere
2166 3997 2399 4066 possint.
2428 3996 2604 4068 Supra
2632 3999 2779 4053 enim
2817 3999 3126 4067 dicebatur,
3187 4020 3206 4053 ε
3231 3999 3287 4056 Si
3310 4018 3424 4059 non

1842 4086 2206 4150 credideritis,
2263 4104 2373 4144 non
2395 4089 2740 4159 intelligetis,
2773 4108 2793 4142 ι
2828 4099 2883 4145 et
2910 4091 3145 4146 alterum
3201 4092 3422 4162 quidem

1843 4179 2024 4233 lumen
2059 4176 2150 4233 Dei
2173 4177 2376 4234 habere
2408 4195 2422 4231 :
2457 4178 2618 4250 332
2651 4179 2706 4234 id
2741 4180 2885 4235 enim
2921 4178 3081 4239 Urias
3130 4197 3196 4238 ex
3253 4185 3427 4239 inter-

1844 4272 2149 4340 pretatione
2180 4271 2452 4343 signiﬁcat
2483 4289 2499 4325 :
2530 4274 2763 4328 alterum
2796 4290 2950 4341 vero,
2972 4276 3067 4347 qui
3086 4277 3423 4333 benedictio-

1843 4363 1931 4419 nis
1958 4365 2030 4420 sit
2062 4364 2227 4431 ﬁlius,
2253 4365 2346 4421 Dei
2371 4367 2424 4421 iu
2459 4367 2643 4437 seipso
2672 4370 2987 4425 memoriam
3012 4369 3176 4428 ferre.
3201 4370 3261 4426 ld
3276 4373 3423 4428 enim

154 4452 212 4505 ού
254 4455 428 4509 ταῦτα
478 4456 656 4521 οὕτως
705 4456 851 4528 ἔχειν
901 4455 1186 4529 βούλεται,
1245 4454 1364 4529 ὥρα
1407 4458 1538 4528 ἡμῖν
1578 4457 1741 4511 αὑτὸν

1846 4457 1950 4511 sibi
1979 4458 2092 4511 vult
2122 4456 2399 4513 Barachiaa
2447 4457 2794 4515 Zacharias:
2855 4460 2971 4516 haec
3013 4462 3180 4533 igitur
3237 4478 3339 4519 nos
3365 4464 3423 4519 in

155 4541 575 4612 ἀποδεικνύναι,
662 4546 750 4611 τίς
825 4545 1045 4601 πώποτε
1120 4550 1252 4619 παρ’
1333 4546 1514 4612 αὐτοῖς
1613 4549 1743 4619 Ἐμ-

157 4638 392 4710 μανουὴλ
475 4639 667 4708 γέγονε
691 4680 706 4705 ,
790 4639 887 4693 καὶ
947 4638 1065 4703 πῶς
1119 4643 1149 4695 ὁ
1210 4643 1493 4715 προφήτης
1573 4658 1744 4714 προσ-

153 4723 281 4797 ῆλθε
360 4729 507 4800 πρὸς
576 4727 677 4799 τὴν
748 4730 1019 4802 προφῆτιν
1044 4770 1058 4795 ,
1137 4731 1235 4785 καὶ
1311 4731 1436 4785 τίνα
1513 4731 1740 4803 ταύτην,

153 4820 245 4873 καὶ
305 4822 429 4886 πῶς
512 4825 852 4897 παραχρῆμα
912 4825 1171 4880 συνέλαϐε
1197 4864 1212 4890 ,
1292 4826 1388 4879 καὶ
1444 4826 1528 4890 τίς
1591 4828 1619 4880 ό
1678 4827 1743 4879 ἐκ

153 4913 249 4986 τῆς
306 4915 641 4988 προφήτιδος
695 4916 1017 4988 ἀποτεχθεὶς
1070 4918 1219 4983 υίὸς,
1375 4919 1539 4982 αὐτὸς
1566 4920 1595 4971 ό
1628 4916 1743 4971 Κύ-

157 5020 267 5076 ριος
300 5007 637 5062 ἐπιτέθειται
670 5008 863 5079 ὄνομα,
910 5028 929 5060 ι
962 5008 1193 5081 Ταχέως
1229 5008 1546 5075 σκύλευσον,
1587 5029 1605 5062 ι
1646 5009 1742 5064 καὶ

152 5096 235 5163 τίς
306 5101 340 5171 ή
404 5099 560 5154 αίτία
629 5101 728 5171 τῆς
790 5101 1005 5155 τοιᾶσδε
1065 5101 1158 5154 τοῦ
1227 5100 1509 5172 τεχθέντος
1572 5116 1742 5174 προσ-

152 5189 401 5264 ηγορίας.
478 5188 853 5248 Δεικνύτωσαν
898 5193 953 5247 δὲ
985 5194 1079 5246 καὶ
1135 5193 1232 5257 τὸ,
1269 5212 1287 5244 ι
1326 5195 1462 5266 Πρὶν
1515 5194 1548 5265 ἢ
1597 5194 1740 5264 γνῶα

151 5300 238 5339 ναι
289 5284 353 5338 τδ
392 5284 610 5340 παιδίον
663 5285 846 5339 καλεῖν
898 5287 1111 5358 πατέρα
1139 5286 1234 5340 καὶ
1283 5286 1531 5359 μητέρα,
1569 5307 1588 5339 ›
1642 5289 1742 5358 τὴν

153 5373 383 5446 δύναμιν
441 5376 702 5447 εἰληφότα
752 5377 1044 5449 Δαμασκοῦ
1068 5417 1084 5442 ,
1144 5379 1240 5431 καὶ
1297 5377 1364 5431 τὰ
1416 5377 1589 5432 σκῦλα
1640 5379 1742 5431 Σα-

159 5466 390 5539 μαρείας
416 5509 433 5533 ,
476 5468 653 5521 ἔναντι
689 5468 951 5540 βασιλέως
996 5469 1315 5542 Ἀσσυρίων.
1409 5470 1600 5541 Ἡμεῖς
1631 5469 1741 5541 γὰρ

153 5556 324 5612 ταῦτα
348 5599 364 5622 ,
430 5557 538 5611 παὶ
594 5562 727 5631 πρὸς
783 5558 927 5626 λέξιν
950 5600 965 5625 ,

155 5650 351 5717 φότες,
415 5649 812 5724 πεπληρῶσθαι
861 5653 1003 5709 αὐτὰ
1032 5652 1318 5726 δείκνυμεν
1370 5654 1464 5709 ἐπὶ
1512 5655 1613 5725 τῆς
1629 5654 1739 5709 ποῦ

158 5736 408 5813 Σωτῆρος
461 5740 621 5811 ἡμῶν
672 5745 936 5812 γενέσεως
957 5787 972 5811 ,
1046 5746 1421 5818 παριστῶντες
1469 5747 1588 5802 τοτὲ
1640 5748 1739 5818 μὲν

490 5832 756 5896 Pas-not.
803 5838 919 5900 Gn.
957 5838 1161 5902 XXII.

1054 5561 1150 5616 καὶ
1208 5561 1484 5633 τροπικῶς
1535 5561 1743 5634 ἐξειληο

1848 4547 2049 4618 ﬁguras
2073 4548 2432 4618 conjecimus.
2500 4548 2559 4604 Si
2602 4551 2726 4620 quis
2764 4559 2944 4607 autem
2974 4566 3041 4607 ex
3089 4550 3292 4608 Iudaeis
3320 4554 3426 4610 hoc

1849 4640 1983 4693 nolit
2016 4642 2096 4695 sic
2123 4656 2183 4696 se
2218 4641 2438 4707 habere,
2468 4641 2535 4705 is,
2565 4656 2768 4713 quaeso,
2794 4643 2956 4699 nobis
2988 4644 3261 4711 ostendat,
3300 4648 3427 4717 quis

1846 4746 2088 4801 unquam
2120 4732 2264 4804 apud
2291 4733 2441 4803 ipsos
2473 4732 2794 4791 Emmanuel
2825 4734 3011 4802 fuerit,
3047 4743 3101 4792 et
3149 4741 3425 4808 quomodo

1846 4823 2110 4893 propheta
2140 4822 2205 4877 ad
2241 4826 2644 4895 prophetissam
2701 4829 3021 4894 accesserit,
3058 4837 3249 4900 etquae
3300 4837 3426 4887 tan-

1844 4917 1968 4970 dem
1996 4932 2059 4971 ea
2096 4917 2188 4979 sit,
2228 4928 2283 4971 et
2321 4918 2598 4988 quomodo
2648 4931 2680 4971 ε
2731 4922 2961 4992 vestigio
3008 4923 3343 4994 conceperit,
3368 4934 3424 4979 et

1843 5009 2098 5079 quisnam
2129 5010 2233 5065 iste
2255 5025 2318 5065 ex
2348 5012 2693 5082 prophetissa
2714 5022 2877 5069 natus
2905 5014 3070 5082 ﬁlius,
3105 5016 3193 5070 cui
3223 5031 3425 5071 nomen

1844 5103 1962 5173 ipse
1983 5102 2246 5159 Dominus
2270 5104 2614 5174 imposuerit,
2643 5123 2661 5156 ι
2680 5103 2944 5161 Celeriter
2971 5105 3196 5162 detrahe
3227 5108 3422 5176 spolia,

1843 5191 1966 5246 Cito
1996 5193 2260 5261 praedare,
2297 5212 2316 5245 ι
2350 5204 2405 5249 et
2438 5209 2685 5265 quaenam
2722 5196 2794 5250 sit
2820 5209 2987 5251 causa
3008 5197 3259 5267 hujusce,
3299 5197 3422 5267 ejus

1810 5283 1936 5354 'qui
1970 5292 2133 5341 natus
2195 5287 2290 5354 sit,
2344 5288 2747 5357 appellationis.
2801 5287 3105 5344 Ostendaut
3162 5298 3423 5359 praeterea

1844 5377 1977 5432 illud
2006 5378 2138 5449 quid
2166 5380 2261 5443 sit,
2305 5397 2325 5430 ι
2350 5381 2501 5449 prius
2549 5395 2713 5451 quam
2747 5382 2885 5436 sciat
2913 5396 3045 5452 puer
3074 5395 3273 5436 vocare
3322 5396 3420 5451 pa-s

1844 5479 1978 5525 trem
2010 5474 2071 5525 et’
2118 5479 2367 5535 matrem,
2399 5490 2418 5522 ι
2453 5479 2776 5541 potestatem
2831 5472 3111 5542 accepisse
3139 5469 3413 5537 Damasci,

1842 5572 1897 5618 et
1947 5563 2120 5634 spolia
2169 5561 2428 5637 Samaria:
2482 5576 2668 5617 coram
2716 5576 2844 5633 rege
2878 5562 3252 5636 Assyriorum.
3300 5559 3417 5617 Nos

1840 5654 1987 5708 enim
2013 5653 2141 5718 ista,
2191 5661 2246 5711 et
2265 5652 2333 5707 ad
2365 5653 2616 5716 verbum,
2672 5660 2728 5708 et
2778 5657 3007 5726 ﬁgurate
3057 5655 3412 5726 accipientes,

1839 5749 1952 5819 jam
1984 5762 2131 5804 nunc
2179 5748 2451 5818 completa
2506 5763 2631 5809 esse
2683 5749 3128 5809 demonstremus
3177 5749 3234 5807 in
3293 5755 3420 5802 ortu

3033 5846 3108 5905 17
