3828 6220
394 238 518 297 ἲ)Ὡῦ

1089 239 1355 297 EUSEBH
1395 243 1874 300 CESARlENSlS
1913 245 2063 303 OPP.
2101 247 2278 302 PARS
2315 251 2380 304 ll.
2423 249 2922 306 APOLOGETICA.

3564 253 3659 309 5!;

413 356 715 413 Salvatoris
764 357 960 421 nostri,
1016 359 1214 427 quippe
1255 358 1348 427 qui
1395 359 1530 413 illud
1569 360 1694 414 item
1729 361 1973 416 ostende-

2090 363 2266 433 ῥητῶς
2337 363 2478 417 κατὰ
2531 364 2629 434 τὴν
2707 364 2997 436 πρόχειρον
3059 363 3297 416 διάνοιαν
3324 405 3339 427 ,
3423 367 3541 420 τοτὲ
3608 369 3660 422 δὲ

411 453 588 507 rimus
637 451 771 506 alias
803 449 1019 520 quidem
1068 448 1136 503 ad
1160 450 1408 515 verbum,
1437 458 1492 505 et
1521 452 1821 506 secundum
1867 467 1986 508 eam

411 541 740 600 sententiam
765 559 887 614 qua:
914 544 969 597 in
1019 550 1271 612 promptu
1300 543 1392 608 sit,
1426 543 1562 600 alias
1592 558 1723 599 vero
1764 544 1989 615 ﬁgurate

409 644 666 706 oportere
695 635 751 688 in
779 635 927 704 ipsas
971 634 1288 704 prophetias
1340 635 1685 702 incumbere;
1729 639 1988 692 continuo

408 741 651 798 namque
691 733 814 795 post
857 739 952 780 eas
999 741 1118 795 qua:
1149 733 1306 780 antea
1338 725 1499 780 dicta:
1523 735 1651 782 sunt
1675 743 1857 794 voces,
1892 744 1988 797 per

413 818 759 872 obscuriores
803 820 1068 887 quasdam
1119 816 1320 888 ﬁguras
1353 817 1706 889 adjungitur:
1744 838 1761 870 ‹
1799 818 1865 872 Et
1893 820 1987 874 ad-

406 909 542 979 jecit
568 907 831 962 Dominus
887 909 1036 978 loqui
1076 909 1145 962 ad
1188 924 1275 963 me
1304 908 1482 964 adhuc
1513 953 1528 978 ,
1568 927 1632 967 eo
1674 913 1818 981 quod
1853 914 1987 968 nolit

409 1001 647 1071 populus
705 1001 809 1056 iste
865 1015 1061 1071 aquam
1115 999 1341 1069 Siloam,
1389 1019 1510 1073 quae
1549 1005 1696 1059 vadit
1751 1021 1875 1060 cum
1911 1007 1988 1063 siv-

408 1091 596 1156 lentio,
627 1091 722 1146 sed
737 1093 866 1148 velit
898 1092 1101 1147 habere
1130 1090 1410 1161 Rhaasim,
1452 1106 1506 1150 et
1541 1097 1712 1151 ﬁlium
1782 1098 1984 1153 Rome-

400 1183 512 1239 ~lia~.
547 1183 756 1239 Idcirco
778 1199 906 1240 ecce
927 1183 1189 1240 Dominus
1221 1184 1453 1242 adducet
1479 1205 1642 1260 super
1655 1203 1750 1246 vos
1789 1205 1983 1261 aquam

406 1276 650 1334 ﬂuminis
688 1277 884 1333 fortem
923 1287 977 1334 et
1003 1282 1235 1336 multam
1262 1323 1276 1347 ,
1310 1297 1492 1353 regem
1524 1283 1900 1352 Assyriorum,
1931 1292 1986 1339 et

392 1370 637 1438 gloriam
693 1370 814 1441 ejus
853 1389 865 1424 :
905 1379 958 1426 et
991 1374 1248 1429 ascendet
1303 1389 1469 1445 super
1509 1389 1725 1430 omnem
1759 1375 1984 1430 conval-

408 1461 512 1514 lem
536 1468 796 1528 vestram,
853 1470 908 1518 et
947 1465 1246 1520 ambulabit
1300 1481 1466 1536 super
1493 1481 1709 1522 onmem
1764 1482 1983 1521 murum

407 1561 672 1618 vestrum,
695 1561 749 1609 et
776 1554 986 1610 auferet
1018 1556 1085 1611 de
1115 1556 1300 1612 Judaea
1343 1559 1642 1621 hominem,
1692 1558 1785 1628 qui
1810 1559 1984 1628 possit

392 1653 570 1716 caput
601 1646 795 1700 tollere
831 1662 843 1697 :
878 1655 970 1701 aut
999 1648 1090 1717 qui
1123 1648 1354 1704 idoneus
1380 1650 1450 1704 sit
1475 1665 1859 1704 consummare
1879 1650 1980 1703 ali-

405 1737 555 1806 quid,
601 1744 654 1792 et
710 1745 870 1792 erunt
904 1746 1087 1793 castra
1116 1740 1260 1810 ejus,
1297 1741 1373 1794 ita
1406 1748 1464 1795 ut
1498 1741 1760 1810 impleant
1798 1741 1984 1796 latitu-

404 1828 585 1882 dinem
630 1829 870 1899 regionis
920 1839 1045 1896 tuae,
1094 1831 1381 1886 nobiscum
1441 1832 1604 1888 Deus.
1659 1832 1983 1904 Cogn'oscitc

403 1929 593 1988 gentes
627 1928 680 1974 et
707 1920 1019 1986 vincimini,
1075 1923 1331 1978 exaudite
1366 1939 1540 1994 usque
1582 1925 1647 1980 ad
1678 1933 1982 1981 extremum

404 2019 566 2065 terra:
595 2009 660 2064 ⁵⁸.
691 2029 710 2062 ι
747 2009 1074 2068 Planissime
1103 2015 1249 2068 enim
1278 2014 1394 2068 haec
1425 2016 1578 2070 nulla
1605 2017 1712 2071 alia
1744 2017 1977 2082 ratione,

403 2117 568 2171 (luam
607 2118 673 2158 ex
709 2103 900 2173 ﬁgura,
956 2113 1011 2159 et
1046 2105 1448 2174 immutatione,
1512 2109 1981 2180 conversioneque

403 2195 693 2259 sermonis,
713 2196 1036 2250 sententiam
1052 2208 1271 2254 servant
1291 2222 1302 2254 :
1319 2199 1624 2270 signiﬁcant
1643 2217 1873 2273 namque
1885 2217 1981 2271 per

403 2300 601 2356 aquam
631 2285 832 2342 Siloam
855 2304 976 2358 qua:
1013 2291 1159 2345 vadit
1185 2306 1308 2345 cum
1339 2294 1577 2356 silentio,
1609 2294 1975 2364 evangelicam

403 2377 664 2432 salutaris
693 2378 844 2450 verbi
891 2379 1197 2434 doctrinam
1226 2399 1238 2435 :
1269 2397 1394 2436 nam
1419 2398 1484 2437 ex
1506 2383 1974 2452 interpretatione,

383 2467 610 2525 Siloam
636 2470 837 2525 dicitur
863 2473 1076 2527 missus.
1113 2473 1284 2529 Porro
1316 2475 1408 2528 hic
1436 2477 1688 2545 quisnam
1719 2477 1858 2532 alius
1882 2479 1976 2543 sit,

403 2561 512 2618 nisi
557 2561 651 2630 qui
683 2575 714 2614 a
751 2559 913 2616 Patre
947 2562 1013 2615 ad
1047 2577 1148 2617 nos
1183 2563 1388 2620 missus
1430 2564 1574 2620 Deus
1602 2563 1841 2620 Verbum
1864 2566 1886 2618 ?
1909 2566 1977 2620 de

377 2666 514 2722 -quo
553 2653 717 2707 etiam
767 2651 947 2707 Moses
973 2653 1049 2706 ait
1083 2673 1094 2706 :
1145 2672 1163 2705 ι
1194 2653 1312 2710 Νοη
1345 2655 1559 2711 deﬁciet
1606 2657 1862 2726 princeps
1908 2658 1976 2713 de

373 2742 559 2808 .Juda,
591 2759 765 2814 neque
797 2743 908 2798 dux
959 2744 1027 2799 de
1077 2746 1379 2803 femoribus
1411 2748 1555 2817 ejus,
1589 2750 1763 2805 donec
1794 2751 1975 2805 veniat

377 2837 488 2891 .cui
516 2837 815 2909 repositum
828 2844 932 2906 est,
946 2847 999 2893 et
1018 2837 1136 2910 ipse
1149 2840 1253 2894 erit
1267 2841 1600 2912 exspectatio
1613 2843 1853 2913 gentium
1870 2844 1935 2900 ⁸⁸.
1949 2862 1968 2896 ›

377 2917 558 3000 333
593 2930 700 2985 Pro
723 2931 826 2986 illo
857 2932 1002 2986 enim
1025 2972 1039 2996 ,
1072 2950 1090 2983 ι
1121 2933 1208 2986 cui
1244 2933 1546 3003 repositum
1577 2943 1692 2999 est,
1731 2954 1750 2986 ι
1780 2935 1836 2989 in
1865 2933 1973 2990 He-

2089 453 2366 525 τροπικῶς
2419 455 2528 509 δεῖν
2583 454 2892 508 ὲπιϐάλλειν
2943 457 3062 518 ταῖς
3115 455 3494 526 προφητείαις.
3559 459 3663 512 Ati-

2088 557 2217 610 τίκα
2273 556 2400 629 ἑξῆς
2452 559 2574 622 ταῖς
2631 557 3056 630 προειρημέναις
3127 559 3332 627 φωναῖς
3401 558 3470 611 δι’
3525 540 3694 612 alvis"

2087 634 2313 720 γμάτων
2367 645 2523 713 αὖθις
2566 650 2874 718 ὲπιλέγεται
2901 667 2915 680 ·
2955 669 2973 701 ι
3001 650 3111 703 Καὶ
3143 651 3437 722 προσέθετο
3465 653 3662 724 Κύριος

2087 742 2317 813 λαλῆσαί
2370 761 2458 814 μοι
2510 743 2588 796 ἔτι
2613 784 2628 808 ,
2690 743 2779 797 διὰ
2811 743 2871 796 τὸ
2933 744 3006 814 μὴ
3063 741 3346 812 βούλεσθαι
3395 744 3488 798 τὸν
3545 744 3663 799 λαὸν

2085 833 2272 887 τοῦτον
2314 834 2375 887 τὸ
2408 834 2551 905 ὕδωρ
2583 832 2678 886 τοῦ
2711 832 2932 904 Σιλωὰμ
2956 833 3017 885 τὸ
3057 835 3419 905 πορευόμενον
3465 835 3662 905 ἡσυχῆ,

2087 926 2222 980 ἀλλὰ
2280 927 2562 998 βούλεσθαι
2621 927 2764 998 ἔχειν
2815 927 2904 979 τὸν
2948 927 3183 997 Ῥαασὶμ
3208 967 3223 992 ,
3282 928 3374 980 καὶ
3419 927 3513 981 τὸν
3555 927 3665 980 υἱὸν

2097 1019 2395 1090 Ῥομελίου.
2448 1020 2548 1073 Διὰ
2606 1019 2761 1072 τοῦτο
2795 1019 2901 1073 ἰδοὺ
2929 1019 3132 1092 Κύριος
3162 1019 3353 1095 ἀνάγει
3382 1021 3466 1090 ἐφ’
3523 1020 3665 1091 ὑμᾶς

2084 1111 2146 1164 τὸ
2176 1111 2320 1183 ὕδωρ
2348 1110 2444 1164 τοῦ
2479 1111 2724 1182 ποταμοῦ
2756 1111 2816 1165 τὸ
2847 1111 3066 1184 ἰσχυρὸν
3093 1113 3186 1164 καὶ
3229 1112 3290 1164 τὸ
3339 1112 3476 1165 πολὺ
3502 1150 3517 1174 ,
3575 1111 3665 1164 τὸν

2087 1210 2310 1280 βασιλέα
2351 1209 2460 1264 τῶν
2508 1211 2806 1281 Ἀσσυρίων
2832 1250 2846 1273 ,
2881 1211 2977 1264 καὶ
3011 1210 3109 1282 τὴν
3136 1209 3290 1275 δόξαν
3322 1211 3485 1264 αὐτοῦ
3510 1228 3525 1243 ·
3573 1213 3665 1265 καὶ

2084 1303 2416 1374 ἀναϐήσεται
2468 1302 2562 1354 ἐπὶ
2614 1304 2794 1356 πᾶσαν
2846 1303 3106 1374 φάραγγα
3139 1303 3329 1373 ὑμῶν,
3365 1305 3461 1358 καὶ
3504 1321 3663 1376 περι-

3203 1405 3298 1457 καὶ
3335 1405 3522 1474 ἀφελεῖ
3554 1407 3664 1459 ἀπὸ

2081 1508 2180 1578 τῆς
2245 1508 2503 1570 Ἰουδαίας
2566 1506 2849 1578 ἄνθρωπον
2875 1545 2890 1569 ,
2967 1506 3026 1570 ὃς
3088 1507 3373 1578 δυνήσεται
3422 1508 3664 1579 κεφαλὴν

2084 1598 2252 1674 ἆραι,
2306 1602 2338 1674 ἢ
2392 1602 2612 1655 δυνατὸν
2667 1601 3085 1655 συντελέσασθαι
3142 1614 3227 1655 τιο
3278 1605 3373 1657 καὶ
3417 1604 3571 1660 ἔσται
3627 1610 3660 1675 ἡ

2085 1405 2319 1473 πατήσει
2379 1403 2472 1456 ἐπὶ
2526 1405 2634 1457 πᾶν
2689 1406 2866 1474 τεῖχος
2917 1403 2946 1455 ὑ
2955 1403 3070 1474 μῶν
3095 1443 3110 1468 ,

2012 1713 2055 1768 Β
2085 1696 2404 1769 παρεμϐολὴ
2469 1695 2632 1750 αὐτοῦ
2662 1736 2677 1762 ,
2762 1697 2903 1750 ὥστε
2981 1695 3264 1768 πληρῶσαι
3326 1697 3386 1751 τὸ
3457 1699 3662 1764 πλάτος

2084 1799 2186 1868 τῆς
2237 1797 2418 1868 χώρας
2479 1814 2574 1849 σου
2603 1814 2616 1826 ’
2663 1796 2782 1867 μεθ’
2818 1795 2974 1868 ἡμῶν
3011 1797 3039 1848 ό
3076 1798 3226 1861 Θεός.
3275 1799 3450 1853 Γνῶτε
3476 1841 3491 1865 ,
3528 1801 3660 1872 ἔθνη

2063 1889 2178 1940 ’καὶ
2231 1886 2464 1958 ἡττᾶσθε
2492 1925 2507 1950 ,
2563 1885 2901 1938 ἐπακούσατε
2949 1885 3054 1949 ἕως
3102 1887 3330 1958 ἐσχάτου
3359 1889 3457 1958 τῆς
3490 1893 3653 1962 γῆς.»

2082 1978 2278 2048 Σαφῶς
2323 1978 2432 2049 γὰρ
2482 1976 2655 2031 ταῦτα
2687 1977 2807 2030 οὐδὲ
2858 1977 3032 2041 ἄλλως
3063 1978 3096 2049 ἦ
3135 1979 3270 2049 μετὰ
3299 1979 3525 2052 Θεωρίας
3557 1984 3662 2053 τῆς

2082 2071 2223 2124 κατὰ
2275 2071 2448 2141 μόνην
2483 2069 2838 2140 τροπολογίαν
2871 2069 2967 2140 τὴν
3019 2070 3257 2124 διάνοιαν
3307 2072 3502 2138 σώζει·
3564 2077 3656 2146 δη-

2079 2159 2162 2213 λοῖ
2213 2159 2343 2228 γοῦν
2401 2160 2495 2212 κα)⁵
2543 2159 2682 2213 αὐτὰ
2721 2159 2810 2212 διὰ
2851 2160 2947 2230 μὲν
3002 2159 3096 2212 τοῦ
3146 2160 3336 2225 ὓδατος
3403 2163 3495 2215 τοῦ
3571 2166 3660 2217 Σι-

2079 2258 2236 2330 λωὰμ
2289 2257 2383 2310 τοῦ
2433 2258 2608 2328 ἡσυχῆ
2654 2257 3018 2329 πορευομένου
3044 2256 3142 2328 τὴν
3175 2259 3532 2330 εὐαγγελικὴν
3561 2261 3660 2312 τοῦ

2081 2349 2350 2422 σωτηρίου
2425 2349 2583 2418 λόγου
2660 2349 3039 2402 διδασκαλίαν’
3127 2350 3484 2420 ἑρμηνεύεται
3545 2352 3660 2423 γὰρ

2078 2447 2300 2519 Σιλωὰμ
2329 2448 2805 2519 ἀπεσταλμένος.
2904 2442 3071 2513 Οῦτος
3103 2450 3146 2502 δ’
3176 2449 3241 2503 ἂν
3281 2449 3367 2522 εἴη
3400 2453 3428 2503 ὁ
3465 2452 3528 2504 ὲκ
3561 2452 3658 2505 τοῦ

2077 2544 2290 2615 Πατρδς
2339 2546 2469 2615 ἡμῖν
2521 2544 2929 2616 ἀπεσταλμένος
2979 2545 3112 2608 Θεὸς
3155 2544 3361 2613 Λόγος·
3413 2545 3543 2616 περὶ
3597 2543 3658 2599 οὗ

2076 2647 2170 2700 καὶ
2209 2647 2414 2716 Μωσῆς
2447 2664 2608 2716 φησιν
2632 2664 2645 2676 ·
2687 2665 2704 2698 ι
2734 2647 2846 2699 Οὐκ
2896 2645 3133 2714 ἐκλείψει
3161 2646 3342 2716 ἄρχων
3366 2643 3427 2709 ἐξ
3463 2646 3656 2710 Ἰούδα,

2074 2739 2195 2792 οὐδὲ
2223 2738 2521 2810 ἡγούμενος
2550 2741 2616 2792 ἐκ
2645 2738 2753 2792 τῶν
2799 2738 2989 2810 μηρῶν
3033 2738 3195 2792 αὑτοῦ
3216 2779 3231 2803 ,
3281 2739 3386 2802 ἕως
3427 2739 3493 2793 ἂν
3523 2740 3659 2814 ἔλθῃ

2073 2827 2117 2899 ᾧ
2167 2833 2489 2896 ἀπόκειται,
2551 2832 2644 2885 καὶ
2693 2831 2852 2896 αὐτὸς
2900 2831 3048 2884 ἔσται
3097 2831 3389 2903 προσδοκία
3425 2832 3654 2884 ἐθνῶν.»

2087 2923 2230 2976 Ἀντὶ
2251 2922 2344 2976 τοῦ
2372 2924 2479 2995 γὰρ
2517 2918 2590 2992 «ᾧ
2607 2925 2909 2989 ἀπόκειται,
2925 2943 2942 2976 ι
2964 2925 3023 2977 τὸ
3049 2923 3332 2992 Ἑϐραϊκὸν
3355 2943 3374 2974 (
3396 2924 3651 2994 Σιλωὰμν

397 3021 589 3074 braico
613 3020 846 3077 habetur
869 3042 886 3073 ‹
911 3020 1116 3078 Siloam
1133 3063 1148 3088 ,
1167 3043 1184 3074 ι
1207 3040 1330 3078 eum
1363 3025 1616 3080 videlicet
1641 3027 1734 3096 qui
1757 3027 1847 3083 hic
1876 3029 1969 3082 ha-

2080 3015 2337 3088 περιέχει,
2370 3017 2459 3069 τὸν
2513 3016 2746 3070 ἐνταῦθα
2788 3017 3026 3086 Σιλωὰμ,
3058 3017 3202 3070 τοῦτ’
3249 3017 3386 3080 ἔστι,
3419 3016 3509 3068 τὸν
3549 3017 3659 3068 ἁπ-

396 3113 560 3170 betur
588 3111 792 3169 Siloam
813 3154 826 3178 ,
863 3115 966 3168 hoc
999 3120 1115 3180 est,
1150 3117 1380 3172 missum
1405 3158 1421 3184 ,
1453 3119 1618 3174 etiam
1651 3121 1763 3175 illic
1801 3122 1973 3192 signi-

398 3206 888 3261 ﬁcantcvoraculo.
939 3205 1112 3262 Porro
1165 3207 1427 3264 Rbaasim
1480 3227 1578 3268 rex
1633 3211 1738 3266 fuit
1783 3229 1972 3268 earum

399 3295 646 3364 gentium
689 3311 812 3365 quae
855 3296 1149 3354 simulacra
1191 3299 1447 3356 Damasci
1485 3302 1776 3368 colebant,
1829 3305 1974 3359 sicut

400 3386 660 3442 liomclia:
694 3387 838 3443 ﬁlius
869 3389 988 3456 ejus
1015 3389 1256 3445 Judaicae
1282 3392 1489 3461 gentis,
1527 3409 1648 3462 quae
1679 3394 1733 3448 in
1779 3394 1972 3450 Sama-

384 3478 482 3533 vria
525 3479 757 3548 patriam
808 3481 1126 3550 religionem
1170 3483 1506 3539 deseruerat.
1553 3484 1792 3540 Minatur
1840 3501 1970 3556 ergo

398 3569 544 3625 Deus
574 3570 643 3626 iis
669 3572 767 3642 qui
801 3569 1004 3626 Siloam
1027 3612 1042 3637 ,
1073 3574 1177 3628 hoc
1207 3583 1290 3631 est
1309 3615 1326 3643 ,
1362 3576 1591 3630 missum
1624 3577 1967 3642 Emmanuel,

398 3669 453 3714 et
478 3676 605 3717 eum
633 3663 727 3732 qui
751 3678 818 3717 ex
844 3663 1071 3720 muliere
1095 3666 1414 3734 prophetica
1441 3673 1606 3722 natus
1635 3669 1740 3734 sit,
1773 3670 1965 3735 ﬁlium,

391 3752 744 3826 potabileque
776 3771 843 3810 ac
873 3757 1165 3812 fecundum
1197 3758 1317 3826 ejus
1352 3757 1591 3814 Verbum
1626 3777 1737 3816 non
1779 3779 1968 3818 susce-

394 3848 616 3914 perint,
651 3849 747 3903 sed
783 3849 915 3904 illud
949 3851 1201 3919 quamvis
1235 3860 1519 3906 mansuete
1551 3860 1605 3906 et
1638 3868 1762 3908 cum
1797 3856 1966 3910 silen-

396 3939 474 3991 tio
527 3938 758 4007 feratur,
815 3943 1222 4006 recusaverint,
1276 3951 1330 3997 et
1378 3951 1571 3997 contra
1615 3947 1827 4017 seipsos
1875 3958 1968 4002 aut

395 4031 643 4098 gentium
674 4032 972 4088 simulacra
1001 4034 1332 4098 colentium,
1374 4041 1468 4089 aut
1513 4037 1696 4106 populi
1737 4037 1829 4092 Dei
1874 4039 1968 4094 de-

397 4123 652 4180 fectionis
701 4125 1014 4195 principem
1079 4124 1434 4194 optaverint,
1496 4141 1557 4181 se
1610 4127 1964 4183 inducturum

393 4229 590 4284 aquam
648 4220 892 4278 ﬂuminis
965 4218 1161 4296 fortem
1235 4225 1288 4272 et
1327 4217 1588 4281 multam,
1621 4234 1783 4287 quam
1833 4234 1965 4274 sane

315 4331 320 4336 ·
393 4321 590 4378 aquam
621 4346 638 4374 ,
693 4309 872 4378 ipsum
912 4308 1208 4378 prophetia:
1245 4309 1527 4363 oraculum
1576 4309 1966 4379 interpretatur

2075 3107 2399 3178 εσταλμένον
2423 3107 2582 3159 κάκεῖ
2614 3105 2898 3177 δηλοῦντος
2919 3106 3013 3158 τοῦ
3046 3104 3224 3174 λόγου.
3243 3106 3300 3158 '0
3320 3105 3378 3157 δὲ
3415 3106 3658 3176 Ῥαασὶμ

2075 3194 2325 3266 βασιλεὺς
2362 3191 2429 3266 ἦν
2460 3195 2624 3248 πάλιν
2683 3196 2791 3250 τῶν
2833 3197 2890 3248 ὲν
2937 3195 3214 3267 Δαμασκῷ
3253 3195 3658 3267 εἱδωλολατρῶν

2073 3295 2260 3360 ἐθνῶν,
2309 3297 2385 3361 ὡς
2433 3298 2527 3350 καὶ
2571 3299 2598 3350 ό
2645 3298 2760 3360 υἱὸς
2796 3295 3074 3368 Ῥομελίου
3128 3297 3238 3348 τῶν
3267 3298 3326 3349 ἐν
3371 3295 3659 3366 Σαμαρείᾳ⁵

2070 3387 2164 3439 τοῦ
2204 3388 2470 3440 Ἰουδαίων
2513 3388 2698 3454 ἔθνους
2731 3389 3081 3442 ἀποστάντων
3102 3389 3200 3458 τῆς
3244 3388 3478 3458 πατρίου
3515 3387 3658 3457 θρη-

2074 3477 2279 3542 σκείας.
2348 3478 2583 3531 Ἀπειλεῖ
2611 3479 2945 3552 τοιγαροῦνό
2987 3479 3118 3543 Θεὸς
3158 3481 3274 3542 τοῖς
3321 3479 3395 3549 μὴ
3429 3479 3523 3530 τὸν
3567 3479 3661 3529 Σι-

2070 3567 2249 3638 λωὰμ,
2275 3568 2415 3621 τοῦτ’
2448 3568 2561 3622 ἔστι
2592 3569 2681 3622 τὸν
2707 3569 3110 3639 ἀπεσταλμένον
3156 3567 3529 3639 Ἐμμανουὴλ,
3562 3567 3660 3620 καὶ

2067 3666 2158 3718 τὸν
2192 3667 2256 3717 ἐκ
2281 3665 2379 3735 τῆς
2412 3665 2737 3736 προφήτιδος
2771 3665 3134 3736 γεγενημένον
3170 3664 3304 3727 υἱὸν,
3336 3663 3428 3715 τόν
3456 3680 3516 3715 τε
3554 3663 3660 3715 πό-

2067 3773 2224 3827 τιμον
2253 3759 2346 3810 καὶ
2367 3758 2587 3828 γόνιμον
2612 3757 2776 3811 αὑτοῦ
2807 3757 2976 3826 Λόγον
2994 3756 3489 3828 παραδεξαμένοις,
3514 3756 3658 3836 ἄλλα

2067 3849 2252 3902 τοῦτον
2311 3850 2427 3920 μὲν,
2485 3849 2662 3903 καίτοι
2718 3851 2907 3921 πράως
2965 3850 3056 3902 καὶ
3107 3849 3286 3920 ἡσυχῆ
3318 3848 3652 3920 φερόμενον,

2068 3941 2583 4012 παραιτησαμένοις,
2625 3941 2745 3994 καθ’
2771 3942 2974 3995 ἑαυτῶν
3018 3941 3073 3994 δὲ
3099 3942 3215 4010 ἢτοι
3242 3942 3334 3994 τὸν
3359 3941 3468 3994 τῶν
3495 3940 3660 3993 εἰδω-

2067 4031 2342 4101 λολατρῶν
2370 4030 2541 4084 ἐθνῶν
2583 4033 2841 4102 ἄρχοντα,
2874 4033 2907 4103 ἢ
2941 4033 3029 4085 τὸν
3061 4033 3160 4103 τῆς
3183 4033 3525 4096 ἀποστασίας
3554 4034 3657 4085 τοῦ

2068 4121 2194 4174 λαοῦ
2217 4121 2310 4174 τοῦ
2342 4118 2476 4175 Θεοῦ
2525 4122 2801 4193 ἑλομένοις
2835 4122 3056 4187 ἐπάξειν
3090 4123 3150 4175 τὸ
3173 4122 3316 4194 ὕδωρ
3346 4123 3441 4174 τοῦ
3475 4140 3658 4177 ποτα-

2071 4214 2173 4285 μοῦ
2195 4214 2255 4267 τὸ
2284 4214 2501 4285 ἰσχυρὸν
2544 4215 2638 4267 καὶ
2673 4215 2734 4267 τὸ
2772 4214 2927 4277 πολὺ,
2961 4215 3098 4286 ὅπερ
3131 4213 3276 4286 ὕδωρ
3300 4216 3468 4280 αὐτὸς
3501 4220 3528 4269 ό
3555 4220 3661 4288 τῆς

2069 4307 2403 4378 προφητείας
2428 4307 2582 4374 λόγος
2633 4306 2941 4378 ἑρμηνεύει,
2972 4307 3144 4373 λέγων
3190 4307 3354 4359 αὑτὺν
3387 4304 3530 4362 εἶναι
3563 4312 3664 4363 τὸν

393 4399 622 4462 dicens,
659 4399 840 4468 ipsum
877 4415 1000 4454 esse
1043 4415 1224 4469 regem
1259 4401 1632 4470 Assyriorum.
1686 4400 1775 4456 Sic
1818 4403 1962 4457 enim

2080 4398 2294 4452 Βασιλέα
2328 4397 2439 4451 τῶν
2485 4399 2783 4471 ’Δσσυρίων
2806 4416 2818 4427 ⁸
2855 4398 2996 4451 οὕτω
3019 4397 3181 4452 πάλιν
3214 4399 3334 4470 ἦτοι
3360 4401 3508 4452 κατὰ
3536 4402 3665 4454 διὰ·

391 4504 589 4546 rursus
623 4490 924 4546 secundum
959 4492 1281 4545 sententiam
1307 4533 1321 4555 ,
1359 4503 1452 4546 aut
1496 4493 1767 4562 significat
1808 4495 1962 4564 prin-

389 4581 567 4651 cipem
598 4583 784 4638 saeculi
811 4583 994 4651 hujus,
1025 4593 1152 4648 aut,
1178 4585 1322 4654 quod
1353 4602 1500 4639 nunc
1529 4603 1708 4640 rerum
1735 4589 1960 4655 potitur,

389 4674 764 4728 Romanorum
794 4674 1119 4745 imperium,
1158 4677 1246 4730 cui
1295 4678 1526 4747 imperio
1569 4679 1756 4732 traditi
1802 4690 1959 4746 sunt,

391 4764 488 4833 qui
521 4779 640 4818 eam
664 4803 680 4829 ,
719 4764 787 4820 de
815 4781 923 4833 qua
953 4766 1158 4821 dictum
1189 4776 1308 4833 est,
1341 4784 1536 4838 aquam
1567 4767 1807 4836 Siloam,
1843 4787 1964 4840 qua:

394 4871 524 4910 cum
559 4855 778 4911 silentio
821 4857 1003 4923 vadit,
1031 4870 1463 4927 recusaverunt,
1495 4861 1824 4919 adversariis
1865 4879 1963 4919 au-

387 4962 499 5010 tem
535 4961 699 5025 atque
733 4956 980 5010 hostibus
1014 4965 1176 5011 rectae
1203 4957 1434 5013 rationis
1465 4959 1754 5014 sententiis
1795 4967 1961 5030 atque

387 5045 770 5113 Opinionibus.
797 5047 1008 5116 seipsos
1037 5048 1390 5116 subjecerunt
1417 5069 1429 5104 :
1464 5066 1494 5106 e
1521 5054 1749 5123 vestigio
1775 5052 1922 5108 enim
1941 5091 1956 5117 ,

388 5152 571 5207 neque
603 5137 680 5192 ita
713 5145 840 5208 post
869 5140 1104 5194 multum
1143 5147 1358 5211 tempus
1378 5183 1393 5208 ,
1425 5144 1483 5197 in
1515 5159 1610 5198 eos
1642 5145 1736 5214 qui
1767 5143 1960 5200 Salva-

387 5228 528 5283 tnris
555 5230 732 5284 nostri
767 5229 1120 5302 Evangelium
1154 5247 1266 5287 non
1304 5242 1695 5304 susceperant,
1731 5235 1828 5291 sed
1861 5252 1958 5306 po-
2030 5281 2032 5284 μ

387 5327 505 5373 tum
538 5318 742 5375 Siloam
765 5360 780 5386 ,
815 5323 909 5392 qui
930 5384 932 5386 ν
955 5324 1160 5378 labitur
1191 5338 1324 5378 cum
1360 5324 1605 5390 silentio,
1655 5341 1955 5383 recusave-
2028 5378 2032 5382 .

385 5417 546 5475 rant,
582 5411 953 5470 Romanorum
985 5417 1054 5471 ab
1083 5417 1204 5487 ipso
1239 5415 1349 5472 Deo
1381 5418 1624 5476 directus
1654 5422 1953 5485 exercitus,

387 5499 537 5555 facto
572 5503 774 5573 impetu
796 5544 811 5568 ,
849 5509 1157 5574 penetravit
1190 5507 1248 5562 in
1281 5523 1500 5564 omnem
1534 5512 1839 5566 convallem
1873 5512 1956 5581 ip-

387 5606 612 5657 sorum,
659 5603 714 5650 et
759 5597 1060 5654 ambulavit
1103 5615 1268 5670 super
1311 5615 1528 5656 omnem
1558 5618 1775 5660 murum
1806 5603 1954 5676 ipso-

347 5743 352 5750 .
453 5709 498 5744 ⁵⁸
531 5706 638 5768 lsa.
668 5724 790 5780 vni,
829 5713 945 5770 5-8.
993 5714 1071 5808 ,ξ’
1102 5713 1236 5774 Gen.
1269 5731 1416 5787 nu,
1451 5715 1537 5775 l0.

2067 4508 2213 4542 νοιαν
2266 4490 2544 4560 σημαίνων
2588 4490 2679 4543 τὸν
2729 4491 2962 4562 ἄρχοντα
2997 4488 3090 4542 τοῦ
3140 4489 3336 4552 αἰῶνος
3360 4490 3592 4554 τούτου,
3623 4492 3661 4563 ἦ

2065 4582 2160 4651 τὴν
2193 4582 2285 4635 νῦν
2307 4582 2706 4654 ἐπικρατοῦσαν
2733 4582 3016 4650 Ῥωμαίων
3047 4580 3221 4653 ἀρχὴν
3247 4622 3262 4646 ,
3370 4585 3474 4636 καὶ
3515 4602 3663 4656 παρ-

2066 4676 2324 4746 εδόθησαν
2381 4678 2429 4728 οἱ
2475 4675 2536 4728 τὸ
2593 4676 2696 4747 μὲν
2748 4675 2985 4746 δηλωθὲν
3019 4673 3112 4726 τοῦ
3148 4673 3371 4745 Σιλωὰμ
3409 4675 3564 4750 ὕδωρ
3597 4680 3664 4732 τὸ

2065 4768 2426 4839 πορευόμενον
2449 4769 2622 4840 ἡσυχῆ
2653 4769 3144 4840 παραιτησάμενοι,
3171 4770 3282 4830 τοῖς
3296 4767 3356 4820 δὲ
3381 4770 3662 4833 ἐναντίοις

2062 4865 2154 4914 καὶ
2189 4860 2466 4932 πολεμίοις
2483 4860 2576 4912 τοῦ
2597 4861 2756 4932 ὀρθοῦ
2781 4860 2937 4929 λόγου
2958 4859 3222 4932 δόγμασιν
3241 4862 3443 4915 ἑαυτοῦ
3459 4879 3488 4924 ς
3514 4863 3658 4914 ὐπο-

2061 4953 2406 5024 6ε6ληκότες.
2425 4953 2629 5006 Αὐτίκα
2641 4952 2768 5021 γοῦν
2793 4953 2888 5005 καὶ
2903 4953 3002 5005 οὐκ
3021 4954 3100 5014 εἰς
3131 4951 3351 5023 μακρὰν
3371 4952 3448 5023 μὴ
3469 4971 3659 5025 παρα-

2060 5044 2371 5116 δεξαμένοις
2387 5046 2568 5106 αὐτοῖς
2598 5045 2658 5097 τὸ
2692 5043 2784 5098 τοῦ
2811 5045 3062 5116 Σωτῆρος
3092 5043 3252 5115 ἡμῶν
3282 5044 3652 5114 Εὑαγγέλιον,

2062 5137 2560 5207 παραιτησαμένοις
2589 5136 2646 5189 δὲ
2675 5135 2738 5188 τὸ
2761 5135 2855 5188 τοῦ
2881 5137 3100 5208 Σιλωὰμ
3129 5135 3293 5190 ποτὸν
3322 5138 3386 5190 τὸ
3411 5141 3656 5207 πορευό-

2063 5240 2220 5292 μενον
2245 5223 2443 5294 ἡσυχῆ,
2475 5222 2714 5276 ἐπελθὼν
2747 5224 2852 5276 ὑπὸ
2887 5222 2980 5276 τοῦ
3009 5223 3142 5277 Θεοῦ
3169 5227 3652 5297 κατευθυνόμενος

2070 5315 2353 5387 Ῥωμαίων
2387 5317 2636 5388 στρατὸς,
2668 5317 2988 5388 ἀνελήλυθεν
3029 5318 3122 5371 ἐπὶ
3167 5319 3350 5371 πᾶσαν
3375 5319 3653 5392 φάραγγα

2057 5409 2256 5474 αὐτῶν,
2283 5410 2378 5462 καὶ
2404 5409 2804 5482 περιεπάτησεν
2833 5412 2924 5464 ἐπὶ
2955 5411 3063 5463 πᾶν
3097 5413 3279 5480 τεῖχος
3301 5412 3507 5476 αὐτῶν,
3545 5417 3651 5470 καὶ

2055 5513 2272 5582 ἀφεῖλεν
2315 5511 2422 5565 ἀπὸ
2469 5511 2569 5582 τῆς
2606 5512 2865 5577 Ἰουδαίας
2898 5512 3217 5584 ἄνθρωπον,
3252 5513 3313 5576 ὃς
3346 5515 3646 5586 δυνήσεται

2056 5605 2293 5677 κεφαλὴν
2334 5601 2486 5679 ἆραι,
2521 5605 2614 5662 καὶ
2667 5605 2887 5661 δυνατὸν
2939 5605 3365 5661 συντελέσασθαί
3403 5625 3486 5661 τι·
3541 5610 3646 5662 καὶ
