3828 6220
180 271 289 333 528

1107 269 1765 327 ΒΕΜΟΝΒἸἪΑΤᾸΟΝΙΞ
1792 263 2257 323 EVANGELIGAE
2278 264 2407 323 LIB.
2441 263 2556 322 VII.

3349 269 3460 328 526

172 390 401 462 γέγονεν
430 389 465 462 ἡ
491 387 814 460 παρεμϐολὴ
846 386 942 442 τοῦ
967 388 1300 461 δηλωθέντος
1322 390 1584 461 τοσαύτη,
1626 387 1769 443 ὥστε
1796 395 1846 452 Α
1873 403 1875 439 1

1873 400 2028 451 rum,
2056 393 2112 441 et
2141 383 2370 440 abstulit
2407 382 2477 439 de
2522 382 2713 439 Iudaea
2759 382 3081 450 hominem,
3129 384 3227 455 qui
3271 396 3462 457 posset

173 482 469 556 πληρῶσαι
522 483 584 536 τὸ
626 482 831 545 πλάτος
886 481 989 552 τῆς
1052 481 1312 546 Ἰουδαίας
1362 482 1602 553 ἁπάσης.
1655 481 1766 535 Καὶ

172 576 335 631 τοῦτό
358 592 424 645 γε
456 575 595 647 πρὸς
623 572 769 640 λέξιν
796 573 970 638 οὕτως
1008 575 1088 638 είς
1129 573 1374 638 ἐκείνους
1405 574 1772 647 ἐκπεπλήρωέ

172 686 284 723 ται.
337 667 440 721 Διὰ
491 667 654 722 ποίαν
702 666 904 730 αἰτίαν,
930 667 978 719 εί
1003 665 1066 719 δὴ
1095 665 1287 736 μαθεῖν
1321 665 1548 729 ἐθέλεις,
1575 664 1763 721 ἄκουε.

175 760 299 814 Ὀτι
334 759 455 832 μεθ’
481 759 680 831 ἡμῶνό
701 758 834 822 Θεὸς
872 758 1242 829 Ἐμμανουὴλ,
1276 760 1305 811 ὁ
1329 760 1393 810 ἐκ
1422 757 1524 827 τῆς
1555 757 1768 830 Παρθέ-

174 868 268 906 νου
294 850 711 922 γεγεννημένος,
731 849 849 904 ὰλλ’
891 849 951 903 οὐ
1002 849 1094 903 κα)⁹
1129 851 1245 919 μετ’
1273 848 1452 903 αὐτῶν
1477 845 1547 920 ἦν
1565 866 1578 878 ·
1609 849 1686 912 ὡς
1717 849 1771 902 εῐ

176 958 244 1010 γε
273 936 419 1013 εἶχον
450 940 632 1006 αὑτὸν,
670 942 769 994 οὐκ
819 939 886 994 ἂν
912 939 1085 1011 ταῦτα
1138 939 1520 995 πεπόνθεισαν.
1565 941 1656 995 Διὸ
1699 940 1764 1012 δὴ

177 1034 308 1106 ἑξῆς
331 1037 361 1088 ὁ
386 1034 543 1103 λόγος
572 1036 683 1098 τοῖς
709 1032 919 1086 ἔθνεσιν
948 1031 1235 1087 ἐπιϐοᾶται
1266 1034 1358 1087 τὸν
1394 1032 1763 1104 Ἐμμανουήλ,

175 1123 380 1193 λέγων·
418 1144 438 1176 ι
476 1122 612 1178 Μεθ’
652 1123 809 1195 ήμῶν
851 1135 881 1174 ο
923 1122 1056 1185 Θεός
1080 1139 1095 1153 ο
1127 1121 1326 1192 γνῶτε,
1363 1121 1513 1193 ἔθνη,
1537 1123 1634 1176 καὶ
1668 1123 1764 1192 ἡτ-

175 1216 369 1269 τᾶσθε.
396 1239 414 1266 ι
442 1215 552 1269 Καὶ
574 1214 747 1268 ταῦτα
778 1214 824 1267 δ’
853 1216 985 1285 ἡμῖν
1010 1213 1410 1285 ἑρμηνεύεται,
1440 1215 1521 1277 είς
1562 1213 1626 1267 τὸ
1653 1231 1762 1277 πατ

180 1303 473 1374 ραστῆσαι,
507 1303 584 1365 ὡς
611 1302 743 1356 ποτὲ
772 1303 871 1372 μὲν
904 1301 1047 1357 κατὰ
1075 1301 1240 1369 λέξιν,
1267 1304 1399 1357 ποτε
1443 1303 1501 1357 δὲ
1527 1303 1594 1357 δι’
1621 1306 1762 1357 αἰνι-

174 1393 337 1464 γμιῖιν
358 1395 427 1448 τὰ
462 1394 689 1448 πλεῖστα
724 1393 834 1447 τῶν
881 1393 1233 1466 προφητειῶν
1266 1394 1626 1465 ἐκλαμϐάνειν
1651 1396 1760 1449 δεῖ⁸

172 1485 331 1540 ἔνθεν
376 1486 434 1539 δὲ
483 1486 839 1557 ὁρμωμένους
866 1488 1136 1560 προσήκει
1170 1486 1263 1540 καὶ
1288 1486 1358 1540 τὰ
1377 1486 1541 1541 λοιπὰ
1572 1488 1669 1559 τῆς
1707 1489 1765 1540 ἐν

174 1580 337 1651 χερσὶ
369 1582 706 1653 προφητείας
730 1580 934 1651 ὁμοίως
967 1581 1311 1654 ὲπιθεωρεῖν.

1875 482 2042 547 caput
2087 475 2319 540 tollere,
2356 482 2451 529 aut
2480 473 2577 546 qui
2609 473 2842 532 idoneus
2875 484 3024 531 esset
3070 490 3460 533 consummare

1874 564 2087 638 aliquid
2113 583 2128 620 :
2164 572 2218 620 et
2250 564 2399 620 facta
2431 572 2561 622 sunt
2590 566 2713 636 ejus
2745 572 2930 622 castra
2963 566 3102 622 adeo
3134 581 3366 639 magna,
3398 576 3461 624 ut

1872 659 2147 715 universas
2194 657 2398 714 Judaere
2441 658 2789 714 latitudinem
2837 648 3215 730 impleverint.‘
3252 658 3321 713 Et
3354 660 3462 716 hoc

1873 752 2093 824 quidem
2114 766 2214 806 cur
2230 751 2303 805 ita
2323 750 2392 805 ad
2411 750 2636 808 verbum
2667 758 2862 807 contra
2880 751 3003 807 illos
3016 752 3345 822 completum
3364 753 3461 819 sit,

1871 846 1920 901 si
1952 845 2034 900 vis
2064 843 2312 908 discere,
2344 843 2474 899 audi
2502 842 2638 914 jam.
2670 842 2879 915 Nempe
2902 844 3163 914 quoniam
3191 844 3285 900 ille
3318 846 3462 900 Deus

1874 934 2238 1001 Emmanuel,
2285 936 2383 1007 qui
2428 935 2498 992 de
2528 934 2754 1007 Virgine
2796 944 2960 993 natus
3002 945 3120 1002 est,
3167 937 3462 993 nobiscum

1874 1024 2010 1094 fuit,
2036 1042 2148 1081 non
2176 1041 2302 1082 cum
2333 1027 2444 1083 illis
2469 1044 2485 1094 ;
2510 1042 2637 1082 nam
2669 1028 2717 1083 si
2747 1027 2900 1082 illum
2927 1027 3251 1084 habuissent
3275 1068 3293 1095 ,
3321 1044 3463 1085 nun-

1869 1136 2033 1193 quam
2068 1121 2200 1176 talia
2235 1123 2383 1192 passi
2418 1130 2623 1177 essent.
2660 1120 3011 1192 Quapropter
3037 1121 3152 1192 jam
3187 1122 3453 1194 deinceps

1869 1214 2154 1270 oraculum
2202 1213 2272 1268 ad
2315 1223 2509 1285 gentes
2561 1214 2823 1269 inclamat
2873 1215 3055 1284 ipsum
3100 1212 3456 1282 Emmanuel,

1872 1306 2064 1361 dicens
2099 1326 2113 1361 :
2146 1325 2164 1358 ι
2201 1304 2505 1369 Nobiscum
2554 1304 2737 1373 Deus,
2792 1305 3129 1377 cognoscite,
3156 1316 3367 1377 gentes,
3401 1315 3461 1363 et

1828 1430 1831 1435 ν
1869 1400 2180 1455 vincimini.
2214 1419 2233 1450 ι
2268 1399 2332 1453 Ει
2378 1399 2496 1455 haec
2536 1399 2761 1469 quidem
2802 1414 2905 1455 nos
2940 1399 3045 1454 hoc
3086 1399 3252 1454 modo
3283 1399 3461 1456 inter-

1872 1494 2068 1563 pretati
2119 1507 2312 1548 sumus
2335 1535 2350 1559 ,
2383 1502 2443 1548 ut
2482 1493 2939 1556 ostenderemus,
2987 1492 3456 1563 quemadmodum

1873 1601 2025 1641 nunc
2071 1585 2292 1663 quidem
2328 1584 2395 1640 ad
2429 1585 2692 1651 verbum,
2729 1598 2879 1639 nunc
2911 1594 3093 1640 autem
3125 1600 3224 1656 per
3255 1585 3459 1642 obscu-

176 1676 358 1731 riores
392 1675 596 1747 ﬁguras
626 1677 923 1730 maximam
971 1676 1387 1747 prophetiarum
1422 1684 1638 1747 partem
1684 1676 1989 1749 intelligere
2013 1687 2265 1750 oportet;
2312 1687 2569 1735 caeterum
2627 1679 2741 1749 jam
2800 1679 2928 1736 inde
2974 1680 3262 1748 abeuntes,
3326 1697 3460 1739 con-

174 1769 329 1824 venit
360 1769 525 1824 etiam
554 1770 610 1824 id
638 1770 784 1840 quod
817 1770 886 1825 de
918 1771 1110 1826 eadem
1145 1771 1437 1841 prophetia
1471 1781 1763 1843 superest,
1804 1775 1973 1830 simili
2026 1775 2241 1830 ratione
2296 1775 2676 1845 contemplari.

245 1865 314 1917 Εἰ
329 1864 387 1917 δὲ
399 1864 479 1918 ἔτι
500 1866 595 1919 καὶ⁸
612 1865 708 1920 νῦν
728 1868 808 1929 εἰς
825 1862 1087 1937 μέλλοντά
1097 1883 1226 1919 ποτε
1243 1866 1434 1937 χρόνον
1448 1867 1771 1939 γενήσεσθαι
1801 1877 1846 1932 Β

1946 1869 2111 1942 334
2140 1870 2296 1937 Quod
2330 1871 2376 1926 si
2411 1870 2574 1925 etiam
2613 1886 2762 1925 nunc
2790 1869 2964 1927 Judaei
2983 1914 2999 1941 ,
3039 1873 3157 1929 haec
3184 1875 3294 1930 alio
3321 1890 3463 1946 quo.

169 1955 352 2011 ταῦτα
377 1959 424 2009 οἱ
458 1958 523 2011 ὲκ
545 1959 848 2029 περιτομῆς
875 1958 1059 2027 φασιν,
1076 1958 1169 2010 ἐπὶ
1194 1958 1288 2011 τοῦ
1313 1958 1761 2031 προσδοκωμένου

170 2050 364 2114 αὐτοῖς
392 2050 652 2122 Χριστοῦ,
691 2051 872 2122 ῥητῶς
904 2051 1062 2123 μόνον
1090 2052 1185 2106 καὶ
1214 2052 1353 2123 πρὸς
1378 2053 1523 2120 λέξιν
1542 2054 1761 2109 ἔσεσθαι

172 2141 321 2197 αὐτὰ
374 2142 814 2214 προσδεχόμενοι,
840 2144 1144 2214 ὲρωτητέον
1177 2145 1397 2209 αὐτοὺς,
1426 2144 1542 2209 πῶς
1580 2148 1609 2199 ό
1638 2146 1764 2217 μέλ-

169 2233 287 2287 λων
314 2233 468 2303 ἥξειν
502 2234 619 2289 κατ’
652 2234 849 2298 αὐτοὺς
882 2235 1111 2306 λήψεται
1157 2235 1387 2307 δύναμιν
1445 2237 1760 2308 Δαμασκοῦ,

173 2329 274 2382 καὶ
298 2329 369 2382 τα
401 2329 571 2382 σκῦλα
595 2329 910 2401 Σαμαρείας
928 2330 1107 2383 ἔναντι
1139 2330 1400 2400 βασιλέως
1441 2331 1761 2402 Ἀσσυρίων,

172 2421 573 2495 καθῃρημένης
609 2421 709 2493 μὲν
741 2422 842 2493 ἤδη
889 2424 988 2494 τῆς
1022 2423 1335 2495 Σαμαρείας
1359 2422 1503 2481 κατὰ
1534 2423 1629 2477 τὸν
1655 2441 1762 2476 πα-

174 2514 346 2586 ρόντα
388 2514 601 2586 καιρὸν,
655 2516 751 2569 καὶ
791 2514 987 2587 μηκέτι
1015 2514 1203 2588 οὔσης,
1240 2515 1377 2569 ἀλλὰ
1414 2517 1627 2587 καὶτῆς
1650 2516 1764 2569 όνο-

174 2609 499 2682 μαζομένης
546 2609 828 2680 δυνάμεως
871 2609 1166 2681 Δαμασκοῦ
1202 2611 1466 2682 μηδαμῶς
1488 2611 1766 2683 ὑπαρχού-

171 2720 307 2773 σης,
338 2702 473 2772 μηδὲ
501 2702 599 2773 τῆς
632 2701 740 2755 τῶν
781 2702 1082 2774 Ἀσσυρίων
1103 2702 1443 2767 δυναστείας,
1484 2705 1551 2775 ἣν
1589 2704 1763 2775 Μῆδοι

170 2796 275 2849 καὶ
327 2794 537 2866 Πέρσαι
595 2795 917 2860 καθελόντες
952 2795 1120 2850 πάλαι
1154 2796 1284 2849 ποτὲ
1317 2794 1619 2861 διεδέξαντο
1644 2813 1658 2861 ;
1687 2789 1763 2848 ὧν

167 2884 318 2959 ὁμοῦ
366 2887 585 2941 πάντων
636 2886 778 2941 κατὰ
808 2888 901 2941 τὸν
948 2886 1224 2941 ἐνεστῶτα
1272 2886 1462 2958 καιρὸν
1487 2886 1623 2957 μηδὲ
1665 2887 1764 2957 τὴν

168 2978 356 3050 ἀρχὴν
388 2978 734 3047 ὑφεστώτων,
760 2979 878 3042 πῶς
904 2979 1128 3032 δυνατὸν
1170 2980 1251 3041 εἰς
1282 2977 1544 3049 μέλλοντα
1574 2978 1765 3047 χρόνον

166 3072 282 3141 τὴν
317 3069 637 3142 καθαίρεσιν
660 3071 839 3125 αὐτῶν
876 3070 1215 3142 προσδοκᾷν;
1257 3070 1395 3123 Ἀλλ’
1423 3069 1546 3123 οὔτε
1575 3069 1765 3125 ἄλλοτε

171 3159 404 3217 ταίιποτε
442 3162 610 3215 πάλαι
664 3163 927 3233 πρότερον
973 3162 1296 3233 γεγενῆσθαι
1331 3163 1399 3216 τὰ
1428 3163 1766 3233 προφητευό-

1870 1962 1994 2019 dam
2041 1971 2287 2032 tempore
2327 1961 2512 2017 futura
2554 1978 2677 2019 esse
2716 1964 2931 2029 dicant,
2987 1971 3176 2035 utpote
3224 1981 3350 2021 cum
3392 1983 3459 2023 ea

1871 2071 1938 2112 ex
1985 2054 2192 2125 scripto
2236 2053 2536 2118 duntaxat,
2592 2064 2756 2127 atque
2804 2057 2871 2111 ad
2922 2057 3188 2122 verbum,
3235 2058 3304 2114 de
3352 2075 3455 2126 eo,

1871 2147 1964 2217 qui
2008 2146 2078 2202 ab
2122 2146 2259 2216 ipsis
2300 2145 2479 2201 adhuc
2523 2155 2892 2219 exspectatur,
2949 2148 3168 2205 Christo
3210 2150 3463 2220 accipere

1873 2240 2118 2305 soleant,
2165 2239 2542 2311 interrogandi
2565 2251 2693 2296 sunt
2716 2242 3005 2312 protinus,
3039 2242 3315 2312 quomodo
3362 2244 3458 2314 qui

1872 2342 2138 2389 venturus
2183 2342 2301 2397 est,
2334 2340 2394 2387 ut
2424 2332 2528 2402 ipsi
2563 2333 2747 2396 aiunt,
2793 2342 3117 2404 potestatem
3164 2335 3458 2403 Damasci,

1871 2431 1925 2479 et
1974 2423 2149 2494 spolia
2200 2421 2463 2477 Samaria:
2511 2423 2743 2494 accipiet
2786 2439 2974 2479 coram
3025 2441 3153 2496 rege
3204 2427 3460 2498 Assyrio-

1872 2532 2014 2583 rum,
2044 2531 2169 2571 cum
2210 2515 2265 2570 in
2289 2517 2543 2586 praesenti
2567 2515 3090 2587 temporeSamaria
3113 2518 3327 2576 sublata
3353 2519 3454 2583 sit,

1870 2620 2049 2677 neque
2093 2605 2329 2676 amplius
2373 2604 2633 2667 exsistat,
2677 2614 2733 2660 et
2789 2621 2851 2661 ea
2903 2621 3026 2676 quae
3082 2615 3325 2677 potestas
3350 2607 3459 2662 Da-

1872 2697 2043 2753 masci
2083 2697 2421 2762 nominatur,
2472 2714 2742 2768 nusquam
2782 2706 3074 2769 appareat,
3119 2714 3299 2770 neque
3326 2701 3457 2756 item

1871 2790 2112 2860 potentia
2160 2790 2540 2861 Assyriorum,
2575 2807 2738 2860 quam
2784 2792 3004 2861 quidem
3051 2806 3175 2846 cum
3213 2790 3350 2847 Medi
3393 2807 3458 2847 ac

1871 2881 2053 2937 Persa:
2097 2881 2456 2946 evertissent,
2505 2882 2559 2936 in
2592 2882 2712 2949 ejus
2747 2882 2929 2938 locum
2960 2883 3289 2953 jampridem
3327 2897 3456 2939 suc-

1872 2975 2204 3031 cesserunt?
2237 2988 2360 3044 quae
2410 2973 2573 3030 simul
2627 2974 2810 3028 omnia
2859 2989 2984 3028 cum
3038 2974 3124 3028 sui
3171 2974 3455 3044 ipsorum,

1872 3068 1977 3122 hoc
2025 3067 2145 3137 ipso
2202 3074 2445 3137 tempore
2499 3068 2589 3120 vix
2642 3068 2903 3137 exiguum
2959 3067 3231 3137 quoddam
3284 3069 3455 3124 vesti-

1872 3161 2019 3232 gium
2072 3159 2479 3222 demonstrent,
2530 3173 2641 3228 quo
2690 3158 2968 3228 possimus
3017 3175 3082 3215 ea
3133 3159 3303 3217 fuisse
3353 3164 3456 3216 ali-

174 3258 326 3331 μενά
361 3261 510 3311 ἐστιν
544 3258 740 3310 εἰπεῖν.
789 3256 977 3319 Οὐδεὶς
1021 3255 1150 3323 γοῦν
1174 3256 1302 3326 παρ’
1350 3254 1620 3325 Ἑϐραίοις
1658 3254 1773 3308 πώ·
1803 3269 1844 3324 C

1877 3252 2096 3323 quando
2140 3252 2451 3329 conjicere,
2499 3250 2594 3320 qui
2637 3254 2855 3309 tandem
2909 3251 3024 3307 ﬁeri
3078 3260 3258 3322 potest
3307 3261 3368 3308 ut
3400 3254 3457 3309 in

171 3367 320 3404 ποτε
362 3352 428 3403 ἐκ
456 3350 787 3422 προφήτιδος
835 3348 1060 3419 μητρὸς,
1089 3348 1183 3401 καὶ
1230 3348 1452 3400 Ἡσαΐου
1485 3346 1580 3399 τοῦ
1630 3363 1765 3417 προ-

172 3444 359 3514 φήτου
396 3441 699 3511 γεννηθεὶς,
746 3440 918 3495 σκῦλα
952 3440 1387 3512 Σαμαρείας-καὶ
1407 3438 1634 3511 δύναμιν
1661 3440 1766 3494 Δα-

173 3533 400 3605 μασκοῦ
420 3533 563 3586 κατὰ
612 3532 706 3587 τοῦ
743 3532 1005 3604 βασιλέως
1048 3531 1346 3603 Ἀσσυρίων
1397 3532 1765 3603 στρατεύσας,

170 3627 258 3688 ὡς
290 3624 430 3696 πρὸς
464 3623 633 3696 ῥητὴν
684 3623 923 3697 διάνοιαν
971 3621 1151 3675 λαϐὼν
1187 3621 1466 3694 ἱστόρηται
1490 3639 1503 3652 ·
1540 3621 1680 3674 ὥστε
1708 3621 1768 3688 ἐξ

172 3718 429 3778 ἅπαντος
478 3714 778 3787 ὁμολογεῖν,
812 3713 956 3768 αὐτὰ
978 3712 1120 3767 κατὰ
1145 3712 1242 3784 τὴν
1275 3713 1629 3767 ἀποδοθεῖσαν
1654 3713 1770 3767 διά-

172 3828 331 3865 νοιαν
364 3809 542 3880 μόνως
574 3806 987 3880 πεπληρῶσθαι,
1023 3807 1124 3861 οὐκ
1144 3805 1331 3860 ἄλλοτε
1358 3802 1606 3877 δηλαδὴῆ
1629 3804 1770 3858 κατὰ

172 3903 280 3974 τὴν
302 3900 607 3971 γενομένην
629 3898 930 3971 παρουσίαν
976 3897 1152 3970 Ἰησοῦ
1168 3896 1266 3951 τοῦ
1307 3898 1559 3970 Σωτῆρος
1589 3896 1765 3968 ἡμῶν,

173 3992 306 4048 καθ’
337 3992 398 4045 ὃν
434 3991 793 4062 ἀπεδείξαμεν
831 3990 986 4053 τέλος
1018 3990 1297 4061 εἰληφέναι
1329 3989 1397 4043 τὰ
1430 4005 1770 4060 προηγορευο

179 4085 350 4157 μένα.
411 4085 656 4156 Ἐγράφη
682 4083 725 4135 δ’
757 4079 850 4136 οὖν
901 4082 1042 4136 κατὰ
1088 4082 1186 4151 τὴν
1238 4081 1575 4153 προφητείαν
1618 4082 1710 4134 καὶ
1741 4082 1770 4133 ό

176 4175 374 4238 καινὸς
409 4174 575 4246 τόμος
606 4174 697 4225 ἐπὶ
722 4174 822 4243 τῆς
856 4172 1020 4246 αὑτοῦ
1052 4171 1373 4244 παρουσίας,
1396 4173 1425 4223 ό
1448 4171 1548 4242 τῆς
1573 4171 1771 4241 καινῆς

175 4266 463 4338 Διαθήκης
503 4265 659 4334 λόγος
706 4265 805 4336 τὴν
832 4265 1045 4333 γένεσιν
1080 4262 1348 4335 περιέχων
1378 4261 1472 4316 τοῦ
1501 4262 1600 4332 τῆς
1636 4278 1772 4333 προ-

176 4354 411 4427 φήτιδος
452 4352 593 4417 υἱοῦ,
623 4353 682 4416 ὃς
735 4354 828 4408 καὶ
865 4353 1008 4425 πρὸς
1028 4351 1172 4420 λέξιν
1206 4354 1301 4406 καὶ
1328 4352 1643 4423 Δαμασκοῦ,
1675 4352 1772 4404 καὶ

174 4443 391 4515 Συρίας
422 4443 641 4514 ἁπάσης
675 4442 775 4513 τὴν
803 4442 1088 4514 βασιλικὴν
1131 4442 1384 4515 δύναμιν,
1417 4444 1489 4497 τά
1509 4460 1569 4497 τε
1599 4445 1772 4516 ἑρμη-

174 4531 446 4585 νευθέντα
498 4532 631 4600 ἡμῖν
659 4530 832 4584 σκῦλα
874 4531 1186 4603 Σαμαρείας
1215 4534 1439 4606 ἀρρήτῳ
1466 4534 1561 4588 καὶ
1601 4533 1771 4604 ὲνθέῳ

1874 3346 2121 3400 futurum
2154 3355 2375 3415 tempus
2405 3359 2598 3399 eorum
2632 3352 2986 3414 exspectetur
3018 3345 3275 3401 eversio?
3302 3349 3453 3417 atqui

1871 3453 1941 3492 ne
1980 3445 2141 3492 antea
2186 3435 2409 3507 quidem
2454 3438 2568 3492 ullo
2605 3452 2845 3507 unquam
2878 3445 3124 3507 tempore
3154 3437 3299 3493 facta
3332 3454 3457 3496 esse

1872 3546 1935 3587 ea
1964 3546 2086 3601 quae
2109 3531 2163 3584 in
2196 3529 2517 3601 huiusmodi
2544 3530 2833 3600 prophetia
2859 3530 3237 3596 continentur,
3265 3529 3454 3587 dicere

1872 3625 1986 3679 ullo
2011 3624 2177 3683 modo
2202 3632 2458 3692 possunt.
2485 3623 2681 3679 Nullus
2716 3629 2868 3680 certe
2900 3638 3141 3693 unquam
3174 3624 3319 3693 apud
3346 3622 3454 3678 lle-

1872 3718 2049 3772 braaos
2075 3733 2140 3772 ex
2171 3715 2491 3787 prophetica
2525 3722 2701 3771 matre
2727 3723 2782 3770 et
2807 3713 2946 3770 Isaia
2970 3714 3238 3785 propheta
3265 3722 3450 3779 natus,

1871 3809 2048 3879 spolia
2097 3806 2364 3862 Samaria:
2403 3813 2457 3861 et
2498 3814 2824 3876 potestatem
2872 3806 3159 3869 Damasci,
3201 3805 3452 3861 exercitu

1870 3909 2061 3955 contra
2098 3914 2281 3970 regem
2306 3899 2664 3970 Assyriorum
2694 3904 3014 3968 comparato
3042 3898 3138 3967 (ut
3167 3912 3287 3953 eam
3320 3913 3452 3954 sen-

1871 3994 2098 4048 tentiam
2134 4006 2432 4062 sequamur
2461 4006 2584 4062 qua:
2613 4006 2644 4044 a
2677 3990 2862 4045 verbis
2895 4004 3005 4044 non
3038 3988 3323 4059 recedit),
3358 4006 3456 4047 ac-

1870 4086 2083 4156 cepisse
2118 4093 2474 4140 memoratur.
2511 4083 2669 4138 Omni
2703 4083 2888 4152 itaque
2921 4083 3137 4138 ratione
3166 4081 3325 4139 fateri
3357 4099 3454 4141 co—

1870 4178 2051 4249 gimur
2070 4193 2132 4231 ea
2158 4176 2537 4232 tantummodo
2562 4176 2868 4232 secundum
2896 4175 3152 4246 superius
3179 4176 3452 4233 redditam

1873 4283 1902 4322 a
1934 4268 2095 4324 nobis
2128 4269 2459 4323 sententiam
2496 4268 2771 4338 completa
2804 4282 2931 4323 esse
2954 4307 2969 4333 ,
3016 4266 3122 4323 hoc
3151 4274 3275 4335 est,
3312 4284 3451 4325 nus-

1871 4377 2035 4433 quam
2078 4362 2214 4416 alias
2258 4376 2425 4431 quam
2468 4371 2592 4432 post
2634 4361 2926 4416 adventum
2970 4358 3102 4416 Jesu
3149 4359 3454 4417 Salvatoris

1871 4454 2085 4522 nostri,
2116 4468 2226 4526 quo
2261 4461 2506 4523 tempore
2533 4452 3065 4519 demonstravimus,
3097 4466 3163 4508 ea
3191 4467 3317 4523 quae
3346 4453 3455 4510 hoc

1871 4543 2038 4600 modo
2065 4544 2327 4615 praedicta
2359 4550 2526 4610 sunt,
2559 4543 2720 4599 ﬁnem
2753 4543 3058 4610 accepisse.
3086 4542 3230 4616 Ergo
3261 4545 3318 4600 in
3350 4545 3456 4600 hu-

174 4623 417 4694 δυνάμει
439 4623 521 4686 είς
548 4624 732 4695 χεῖρας
765 4623 864 4694 τῆς
901 4623 1187 4694 Ῥωμαίων
1221 4624 1496 4695 βασιλείας
1520 4624 1767 4697 παρέδω-
1800 4613 1875 4706 ί)⁴

1872 4635 1964 4707 jus
2008 4613 2284 4702 adventu,
2330 4636 2475 4692 sicut
2524 4635 2580 4692 in
2629 4635 2748 4707 ipsa
2790 4634 3074 4705 prophetia
3114 4613 3453 4704 continetur,

178 4734 315 4771 κεν-
373 4716 438 4771 οὐ
475 4717 581 4787 μὴν
631 4715 768 4769 ἀλλὰ
807 4716 1073 4770 καὶκατὰ
1108 4716 1345 4771 διάνοιαν
1375 4718 1502 4781 τοὺς
1541 4717 1599 4784 ἐξ
1638 4719 1769 4771 Ἰου-
1822 4718 1825 4721 ’

175 4811 351 4863 δαίων
374 4808 538 4862 αὑτοῦ
569 4809 836 4881 μαθητὰς,
860 4810 1049 4883 ὥσπερ
1069 4812 1190 4865 τινὰ
1210 4810 1382 4866 σκῦλα
1410 4829 1773 4883 περιπεποιη-

181 4902 374 4973 μένος,
426 4904 636 4972 νοητοῖς
662 4903 756 4956 καὶ¹
792 4902 1028 4971 λογικοῖς
1071 4903 1256 4968 ὅπλοις
1303 4903 1668 4976 περιφράξας,
1690 4907 1772 4969 είς

181 4993 485 5066 πρόσωπον
513 4994 605 5047 τοῦ
646 4993 977 5065 δηλωθέντος
1010 4994 1270 5065 βασιλέως
1314 4995 1614 5067 Ἀσσυρίων
1639 5013 1772 5050 κατ-

178 5088 482 5156 εστήσατο,
528 5088 623 5140 καὶ
651 5087 874 5150 τούτους
909 5088 1006 5159 μὲν
1044 5088 1121 5151 ὠς
1151 5088 1384 5151 οἰκείους
1433 5089 1772 5161 στρατιώτας

178 5179 417 5243 ὁπλίτας
446 5181 853 5252 παρεσκεύασεν
873 5199 885 5211 ·
911 5180 1037 5245 τούς
1048 5198 1110 5250 γε
1132 5182 1237 5254 μὴν
1261 5181 1773 5254 παραιτησαμένους

180 5272 249 5324 τὸ
284 5271 509 5341 γόνιμον
539 5272 634 5325 καὶ
662 5271 891 5337 ζωτικὸν
929 5272 1074 5345 ὕδωρ
1112 5275 1211 5346 τῆς
1233 5275 1397 5329 αὑτοῦ
1427 5274 1776 5338 διδασκαλίας

181 5362 250 5415 τὸ
271 5361 640 5433 ⁸ιιιορευόμενον
665 5365 863 5435 ἡσυχῆ,
899 5364 1182 5436 ἑλομένους
1209 5365 1265 5420 δὲ
1280 5365 1351 5420 τὰ
1379 5365 1655 5438 πολεμικὰ
1684 5367 1777 5420 καὶ

179 5452 365 5525 ἐχθρὰ
389 5451 469 5523 τῷ
494 5452 634 5525 Θεῷ,
672 5454 753 5527 τῷ
780 5456 886 5509 τῶν
936 5456 1234 5528 Ἀσσυρίων
1263 5456 1496 5524 ἐξέδωκε
1544 5455 1771 5526 βασιλεῖ,

176 5541 229 5616 ᾧ
257 5546 358 5600 και
391 5544 559 5600 εἰσέτι
611 5546 708 5601 νῦν
746 5550 1072 5620 τυγχάνουσι
1123 5549 1526 5621 δεδουλωμένοι.
1578 5548 1772 5621 Ἀνέϐη

178 5639 321 5709 γοῦν
353 5632 510 5703 οὗτος
544 5639 639 5693 ἐπὶ
671 5642 849 5694 πᾶσαν
905 5641 1166 5715 φάραγγα
1200 5641 1401 5705 αὐτῶν,
1434 5647 1525 5696 καὶ
1555 5641 1645 5695 ἐπὶ
1667 5642 1775 5695 πᾶν

180 5734 370 5805 τεῖχος
397 5731 599 5799 αὐτῶν,
623 5733 732 5806 ,καὶ
779 5734 997 5805 ἀφεῖλεν
1036 5735 1143 5791 ὰπὸ
1163 5736 1263 5809 τῆς
1303 5736 1562 5801 Ἰουδαίας
1592 5734 1770 5791 πάντα

1876 4726 2117 4797 scriptus
2159 4733 2243 4782 est
2292 4742 2468 4783 novus
2515 4726 2675 4789 liber,
2708 4722 2845 4781 Novi
2886 4725 3079 4797 utique
3109 4725 3454 4784 Testamenti
3539 4783 3543 4797 ξ

1873 4818 2042 4873 verba
2071 4818 2442 4889 complectens
2461 4859 2476 4884 ,
2507 4825 2563 4874 et
2590 4818 2644 4874 in
2677 4818 2763 4875 his
2790 4825 2946 4874 ortus
2974 4820 3310 4891 prophetica:
3337 4836 3454 4876 mu-

1874 4910 2029 4966 lieris
2062 4909 2195 4973 ﬁlii,
2230 4910 2323 4979 qui
2359 4910 2663 4966 secundum
2696 4911 2863 4965 verba
2896 4895 3225 4981 prephetiaa,
3262 4919 3317 4968 et
3349 4912 3454 4966 Da-

1874 5001 2049 5056 masci
2091 5006 2146 5055 et
2199 4999 2372 5071 Syriae
2419 5001 2688 5056 universae
2733 4999 2971 5069 regalem
3022 5000 3359 5069 potentiam,
3398 5011 3456 5058 et

1873 5107 1995 5163 quae
2022 5108 2125 5148 nos
2148 5093 2493 5162 interpretati
2524 5107 2747 5154 sumus,
2779 5092 2955 5161 spolia
2989 5090 3250 5149 Samaria:
3272 5135 3289 5161 ,
3320 5092 3458 5150 inef-

1872 5185 2027 5241 fabili
2060 5185 2295 5257 quadam
2338 5183 2633 5253 divinaque
2678 5183 2882 5239 virtute
2922 5183 2981 5237 in
3024 5198 3222 5241 manus
3259 5199 3451 5256 regum

1873 5276 2245 5332 Romanorum
2274 5275 2534 5341 tradidit;
2566 5281 2943 5330 verumtamen
2968 5276 3296 5332 sententiam
3320 5293 3455 5348 quo-

1874 5385 1982 5439 que
2014 5369 2368 5440 sequentibus
2388 5407 2404 5431 ,
2439 5383 2571 5424 suos
2602 5366 2745 5422 idem
2779 5364 2847 5422 de
2871 5364 3078 5425 Iudaeis
3104 5368 3412 5438 discipulos
3435 5410 3451 5437 δ

1877 5438 2036 5530 quasi
2089 5438 2261 5529 spolia
2299 5457 2548 5528 quaedam
2584 5456 2846 5528 adeptus,
2879 5455 3325 5527 intelligibilibus
3355 5438 3465 5533 νει-ξ

1877 5550 2284 5620 tionalibusque
2331 5548 2501 5604 armis
2548 5550 2823 5615 munitos,
2867 5549 2924 5604 in
2968 5549 3163 5606 faciem
3216 5549 3339 5620 ejus
3384 5552 3455 5608 de

1876 5658 1988 5714 quo
2031 5642 2237 5697 dictum
2282 5649 2366 5697 est
2409 5641 2552 5713 regis
2580 5641 2934 5714 Assyriorum
2960 5651 2985 5709 ,'
3012 5642 3334 5709 constituit,
3367 5650 3455 5698 at-

1877 5746 1984 5804 que
2030 5732 2131 5790 hos
2175 5739 2438 5804 tanquam
2484 5747 2616 5791 suos
2651 5734 3202 5812 propriosscutatos
3244 5735 3453 5793 milites
