3828 6220
381 242 491 334 321

1016 277 1286 335 EUSEBII
1324 277 1805 336 CESARIENSIS
1843 281 1995 337 OPP.
2042 280 2220 337 PARS
2260 281 2322 336 ll.
2357 310 2426 324 --
2459 278 2951 337 APOLOGETICA.

3538 276 3636 333 528

378 382 737 460 eoiiiparavit.
765 388 1016 445 Attamen
1043 405 1139 446 eos
1169 392 1261 461 qui
1296 389 1584 446 fecundam
1625 392 1946 462 vitalemque

2059 393 2291 467 ἄρχοντα
2338 395 2431 446 καὶ
2484 392 2725 463 βασιλέα,
2783 392 3025 466 κεφαλὴν
3076 391 3503 462 ὀνομαζόμενον,
3550 394 3638 444 καὶ

382 478 648 539 doctrinm
677 497 791 537 sua:
820 496 1017 552 aquam
1039 524 1052 547 ,
1084 498 1207 553 quae
1235 500 1360 538 cum
1392 472 1611 540 silentio
1643 485 1848 540 labitur
1876 500 1963 540 re-

382 578 699 635 ‘cusaverint
719 616 733 638 .
764 582 817 629 et
843 574 1074 630 hostiles
1107 575 1326 645 Dcoque
1355 577 1609 632 inimicas
1638 590 1823 648 partes
1852 579 1962 634 ele-

381 656 592 739 gerint,
619 668 731 738 regi
759 666 1109 737 Assyriorum
1140 666 1399 731 tradidit,
1428 668 1516 722 cui
1543 669 1762 738 quidem
1795 669 1959 724 etiam

381 774 529 815 nunc
558 758 760 815 addicti
786 759 1051 815 serviunt.
1075 759 1235 831 335
1262 760 1523 816 Ascendit
1554 760 1721 831 igitur
1748 761 1838 815 hic
1868 777 1962 817 su-

384 867 481 923 per
510 868 726 907 omnem
770 853 1075 907 convallem
1116 854 1360 923 ipsorum
1392 893 1407 917 ,
1438 861 1495 908 et
1539 870 1708 925 super
1737 869 1956 911 omnem

381 959 599 999 murum
629 944 874 1014 ipsorum
897 984 912 1009 ,
938 952 993 999 et
1020 945 1244 1000 abstulit
1267 945 1335 1000 de
1358 943 1544 1000 Judzea
1572 961 1786 1001 omnem
1816 947 1962 1015 priu-

380 1034 557 1108 eipem
586 1051 650 1091 ac
676 1052 857 1107 regem
882 1081 896 1103 ,
925 1038 1018 1108 qui
1049 1037 1154 1092 hoc
1186 1037 1243 1092 in
1279 1037 1399 1093 loco
1425 1045 1591 1108 caput
1617 1039 1956 1104 nominatur,

380 1136 437 1185 et
464 1144 680 1185 omnem
712 1138 1019 1201 potentem,
1051 1130 1143 1200 qui
1176 1131 1381 1202 aliquid
1411 1130 1704 1187 conﬁceret
1730 1146 1744 1196 ;
1777 1131 1959 1202 itaque

380 1236 446 1277 ex
479 1221 572 1276 illo
600 1221 654 1275 in
687 1221 833 1276 hunc
862 1237 1039 1289 usque
1065 1222 1209 1277 diem
1244 1223 1321 1277 illi
1389 1238 1566 1293 neque
1595 1223 1766 1278 ullum
1793 1226 1959 1293 caput

380 1312 613 1377 habent,
645 1329 822 1384 neque
852 1314 1089 1384 aliquem
1121 1314 1173 1367 in
1206 1313 1407 1369 divinis
1437 1321 1710 1385 potentem
1730 1353 1747 1379 ,
1779 1314 1958 1384 qualis

378 1404 654 1475 quondam
683 1413 836 1470 erat,
870 1408 961 1477 qui
992 1406 1099 1461 illis
1132 1415 1516 1460 ornamentum
1551 1405 1830 1477 decusque
1861 1405 1959 1459 ad-

377 1497 573 1564 debat,
610 1499 726 1554 sive
770 1503 1073 1570 propheta,
1119 1500 1235 1555 sive
1277 1499 1481 1569 alioqui
1517 1499 1699 1569 justus
1739 1498 1957 1570 Deoque

379 1589 590 1645 amicus
617 1590 722 1644 vir.
756 1589 988 1644 Constat
1019 1597 1200 1644 autem
1237 1589 1369 1644 illud
1404 1604 1652 1659 quoque,
1691 1589 1956 1660 quemad-

2066 487 2242 540 πάντα
2297 485 2522 538 δυνατὸν
2553 484 2972 538 συντελέσασθαι
3004 501 3090 536 τι·
3141 483 3282 538 ὥστε
3335 481 3395 549 ἐξ
3434 484 3637 537 ἐκείνου

2063 577 2158 631 καὶ
2177 579 2257 640 είς
2279 576 2438 649 δεῦρο
2474 578 2611 649 μήτε
2659 575 2900 646 κεφαλὴν
2923 575 3122 638 αὐτοὺς
3157 574 3480 645 κεκτῆσθαι,
3510 576 3639 645 μήτε

2061 669 2183 723 τινὰ
2214 669 2443 723 δυνατὸν
2475 671 2531 722 ὲν
2558 672 2672 732 τοῖς
2715 668 2897 731 θείοις,
2927 662 3039 731 οἷος
3067 664 3137 739 ἦν
3167 670 3196 721 ὀ
3223 668 3390 721 πάλαι
3415 667 3639 738 διαπρέ-

2062 776 2180 813 πων
2209 762 2267 813 ὲν
2315 759 2519 823 αὐτοῖς,
2570 759 2679 812 εῐτε
2732 762 3037 830 προφήτης,
3080 757 3189 811 εἴτε
3221 757 3397 819 ἄλλως
3437 756 3639 819 δίκαιος

2060 848 2153 900 καὶ
2205 846 2459 920 θεοφιλὴς
2517 849 2678 919 ἀνήρ.
2717 846 2990 918 Πρόδηλον
3040 847 3097 899 δὲ
3162 848 3311 910 ὅπως
3343 847 3440 900 καὶ
3497 848 3642 900 πᾶσα

2059 938 2239 992 αὐτῶν
2262 941 2295 1011 ἡ
2324 938 2477 1010 χώρα
2508 939 2821 1011 ὑποχείριος
2847 943 2962 1003 τοῖς
2975 938 3154 993 αὐτῶν
3190 939 3402 1010 ἐχθροῖς
3434 941 3533 993 καὶ
3554 955 3641 992 πο-

2057 1030 2265 1102 λεμίοις
2290 1032 2458 1084 είσέτι
2507 1031 2603 1085 νῦν
2648 1032 2974 1103 καθέστηκε,
3015 1031 3112 1085 καὶ
3153 1032 3227 1095 ὡς
3255 1031 3428 1085 ταῦτα
3463 1033 3643 1085 πάντα

2057 1122 2151 1175 ἐπὶ
2181 1125 2245 1194 τῇ
2270 1123 2541 1195 παρουσίᾳ
2593 1123 2688 1177 τοῦ
2735 1124 3080 1196 Ἐμμανουήλ
3115 1122 3447 1178 τετέλεσται.
3483 1122 3645 1177 Οῦτω

2057 1214 2188 1283 γοῦν
2233 1217 2267 1285 ή
2314 1215 2577 1287 Ἐὀραεων
2610 1216 2795 1287 γραφὴ
2834 1217 3095 1288 περιέχει,
3126 1217 3404 1288 μονονουχὶ
3440 1215 3644 1288 σημαί-

2056 1322 2242 1370 νουσα,
2300 1306 2392 1359 τὸν
2459 1307 2808 1380 Ἐμμανουήλ
2865 1307 2958 1361 τὸν
2987 1307 3358 1375 ἀπιπηθέντα
3402 1309 3505 1378 μὲν
3535 1308 3644 1363 ὑπὸ

2070 1397 2359 1459 Ἰουδαίων,
2396 1400 2490 1453 καὶ
2519 1400 2692 1452 αἴτιον
2720 1400 2904 1463 αὐτοῖς
2935 1399 3045 1453 τῶν
3061 1399 3329 1453 τοσούτων
3349 1400 3644 1471 γενόμενον

2057 1490 2373 1562 συμφορῶν,
2403 1494 2535 1562 ἡμῖν
2557 1491 2613 1544 δὲ
2633 1494 2744 1553 τοϊς
2765 1490 2941 1544 ἔθνεσι
2964 1490 3338 1555 πιστευθέντα,
3364 1491 3644 1562 σωτηρίας

2054 1596 2113 1632 τε
2148 1582 2243 1634 καὶ
2300 1580 2556 1650 γνώσεως
2595 1581 2730 1636 Θεοῦ
2772 1582 3059 1655 παραίτιον
3109 1581 3515 1652 ἀποδειχθέντα.
3551 1584 3644 1637 Διὸ

374 1681 598 1736 modum
633 1683 814 1738 omnis
847 1683 1093 1752 ipsorum
1129 1682 1280 1751 regio
1311 1681 1551 1736 inimicis
1591 1681 1946 1751 hostibusque

2059 1672 2186 1742 ἑξῆς
2237 1672 2546 1742 ὲπιλέγεται
2570 1691 2585 1705 ·
2623 1693 2642 1725 ι
2665 1675 2801 1728 Μεθ’
2833 1675 2989 1746 ἡμῶν
3011 1676 3040 1728 ὁ
3061 1674 3194 1738 Θεός
3215 1692 3226 1704 ·
3252 1675 3451 1744 γνῶτε,
3486 1674 3639 1746 ἔθνη,

377 1774 620 1843 ipsorum
652 1774 897 1844 subjecta
918 1814 931 1838 ,
966 1774 1020 1827 in
1058 1773 1203 1827 hunc
1238 1789 1413 1845 usque
1442 1773 1587 1828 diem
1619 1782 1865 1838 vexetur,
1899 1780 1946 1828 el

2059 1766 2149 1817 καὶ
2179 1766 2436 1836 ἡττᾶσθε.
2477 1786 2496 1820 ι
2533 1766 2844 1838 Ἠττήμεθα
2876 1767 3010 1836 γοῦν
3041 1767 3114 1830 ὡς
3143 1766 3354 1838 ἀληθῶς
3387 1768 3549 1837 ἡμεῖς
3588 1767 3643 1820 οἱ

375 1865 491 1921 haec
531 1865 787 1921 universa
830 1865 883 1919 in
931 1865 1106 1936 ipsius
1150 1865 1469 1921 Emmanuel
1510 1866 1748 1920 adventu
1790 1881 1946 1921 suum

2059 1856 2116 1921 ἐξ
2173 1857 2342 1910 ἐθνῶν
2369 1860 2451 1922 εἰς
2499 1859 2660 1912 αὐτὸν
2708 1859 3154 1923 πεπιστευκότες,
3194 1858 3510 1929 νικηθέντες
3531 1857 3641 1912 ὑπὸ

376 1959 537 2012 tinem
585 1957 781 2013 sortita
823 1957 955 2013 sint.
1003 1956 1119 2011 Hoc
1171 1957 1353 2029 ipsum
1409 1973 1545 2013 sane
1594 1956 1949 2012 Hebraeorum

375 2050 580 2118 scripta
624 2048 939 2115 continent,
997 2064 1118 2120 quae
1164 2048 1558 2120 propemodum
1608 2049 1951 2120 signiﬁcant,

374 2140 557 2210 ipsum
608 2137 962 2204 Emmanuel,
1015 2139 1102 2194 cui
1147 2141 1373 2196 credere
1409 2141 1704 2196 noluerunt
1745 2139 1949 2207 Judaei,

375 2231 654 2287 nuc’t-owm
679 2232 787 2288 illis
818 2240 1092 2288 tantarum
1117 2234 1492 2288 calamitatum
1516 2233 1796 2289 exstitisse
1823 2251 1837 2300 ;
1864 2250 1956 2288 no-

373 2323 459 2378 bis
486 2329 667 2377 autem
692 2324 944 2393 gentibus
965 2364 981 2388 ,
1014 2340 1135 2395 quae
1157 2325 1232 2378 illi
1259 2323 1617 2390 credidimus,
1641 2331 1696 2379 et
1723 2324 1950 2379 salutem

373 2423 428 2469 et
460 2412 554 2468 Dei
583 2414 854 2480 notitiam,
894 2415 1082 2484 utjam
1105 2415 1537 2471 demonstratum
1578 2424 1693 2478 est,
1734 2416 1951 2470 attulis-

374 2521 453 2562 se.
488 2504 668 2572 Quare
699 2505 954 2577 deinceps
1004 2507 1351 2578 adjungitur:
1394 2526 1415 2559 ι
1449 2506 1745 2562 Nobiscum
1776 2505 1946 2562 Deus:

371 2598 708 2667 cognoscite,
743 2608 951 2668 gentes,
984 2606 1039 2652 et
1072 2598 1375 2653 vincimini.
1406 2617 1424 2649 ι
1454 2597 1734 2668 Siquidem
1759 2613 1860 2653 nos
1882 2614 1949 2653 ex

372 2687 625 2754 gentibus
655 2687 784 2741 victi
814 2701 1007 2742 sumus
1043 2703 1100 2742 re
1134 2702 1263 2743 vera
1288 2727 1303 2753 ,
1340 2688 1434 2759 qui
1467 2688 1571 2758 ipsi
1608 2689 1863 2751 veritati,
1893 2698 1950 2743 et

371 2778 570 2833 stantis
617 2779 909 2834 nobiscum
957 2778 1054 2835 Dei
1110 2779 1298 2834 virtuti
1346 2778 1635 2844 cedentes,
1683 2780 1738 2834 in
1796 2780 1948 2833 illum

369 2869 737 2933 credidimus,
789 2870 1155 2941 cedentesque
1203 2871 1380 2927 eidem
1429 2873 1715 2942 paruimus
1756 2887 1948 2928 omnes

368 2963 594 3032 pariter,
626 2965 940 3034 quicunque
984 2979 1159 3034 usque
1200 2964 1268 3018 ad
1308 2974 1553 3020 extrema
1586 2971 1746 3020 teme
1785 2964 1944 3019 habi-

2054 1949 2155 2019 τῆς
2187 1949 2443 2023 ἀληθείας
2467 1952 2561 2005 καὶ
2591 1952 2690 2023 τῆς
2715 1950 2810 2004 τοῦ
2838 1952 3130 2022 γενομένου
3168 1951 3287 2020 μεθ’
3318 1950 3475 2022 ἡμῶν
3500 1949 3640 2004 Θεοῦ

2052 2039 2335 2111 δυνάμεως
2354 2057 2368 2070 ·
2406 2041 2730 2112 ἡττηθέντες
2757 2058 2817 2094 τε
2839 2042 3229 2113 ὑπηκούσαμεν
3257 2041 3407 2112 αύτῷ
3439 2041 3641 2107 πάντες

2052 2131 2187 2202 ὁμοῦ
2220 2134 2268 2185 οἱ
2305 2133 2468 2205 μέχρι
2506 2133 2614 2187 τῶν
2643 2134 2907 2204 ὲσχατιῶν
2951 2134 3332 2199 κατοικοῦντες
3377 2136 3480 2207 τῆς
3512 2136 3637 2209 γῆς,

2054 2223 2193 2276 κατά
2224 2225 2322 2295 τὴν
2361 2227 2611 2296 φήσασαν
2651 2226 3024 2298 προφητείαν*
3064 2246 3084 2278 ι
3132 2226 3506 2284 Ἐπακούσατε
3531 2230 3642 2293 ἕως

2053 2316 2282 2386 ἐσχάτου
2326 2318 2426 2389 τῆς
2469 2319 2590 2389 γῆς.
2623 2338 2641 2369 ι
2684 2318 2821 2372 Ἀλλ’
2855 2322 3013 2390 ἡμεῖς
3058 2319 3156 2390 μὲν
3191 2321 3287 2372 καὶ
3328 2321 3636 2392 ἡττήμεθα,

2052 2409 2146 2461 καὶ
2200 2409 2450 2463 καλοῦντι
2505 2411 2894 2483 ὑπηκούσαμεν
2916 2428 2930 2441 ·
2969 2413 3083 2474 τοῖς
3119 2412 3175 2465 δὲ
3216 2412 3297 2466 ἔτι
3327 2412 3442 2466 τῶν
3469 2414 3640 2467 ὲθνῶν

2051 2501 2338 2556 ἀπειθοῦσι
2371 2502 2440 2556 τὰ
2479 2503 2605 2575 ἑξῆς
2644 2504 2988 2559 ἀποτείνεται
3021 2504 3230 2574 λέγων·
3270 2524 3292 2555 ι
3332 2505 3640 2577 Ίσχυκότες

2053 2593 2309 2662 ἡττᾶσθε.
2378 2597 2475 2648 Ἂν
2507 2596 2617 2667 γὰρ
2646 2597 2810 2650 πάλιν
2877 2597 3153 2669 ἰσχύσητε,
3202 2598 3367 2654 πάλιν
3396 2600 3637 2672 ἡττηθή-

2052 2686 2212 2740 σεσθε
2231 2704 2243 2717 ·
2274 2688 2367 2741 καὶ
2398 2686 2554 2757 λόγον
2576 2689 2636 2742 ὃν
2669 2690 2735 2743 ἂν
2774 2689 3156 2761 βουλεύσησθε,
3190 2692 3253 2745 οὐ
3301 2692 3377 2762 μὴ
3401 2694 3636 2767 ὲμμείνῃ

2055 2779 2113 2829 ὲν
2150 2779 2299 2849 ύμῖν,
2333 2780 2415 2832 ὅτι
2450 2780 2568 2851 μεθ’
2592 2780 2750 2853 ἡμῶν
2773 2784 2801 2835 ό
2833 2782 2983 2846 Θεός.
3027 2803 3047 2834 ι
3079 2783 3236 2836 Οὕτω
3254 2782 3407 2852 λέγει
3433 2784 3638 2857 Κύριος

2047 2872 2113 2941 τῇ
2158 2872 2355 2944 ἰσχυρᾷ
2404 2876 2546 2945 χειρὶ
2603 2873 2952 2928 ἀπειθοῦσιν·
2995 2875 3061 2929 δι’
3093 2869 3169 2931 ὧν
3203 2876 3445 2946 σαφῶςό
3478 2878 3638 2948 λόγος

2047 2963 2316 3033 ἀφηνιῶσι
2362 2966 2458 3019 καὶ
2492 2968 2966 3038 ἀντιταττομένοις
2996 2972 3061 3040 τῇ
3087 2968 3179 3022 τοῦ
3213 2968 3454 3041 Χριστοῦ
3489 2971 3638 3025 διδα-

369 3065 579 3119 tamus,
635 3063 696 3109 ut
742 3057 798 3109 in
848 3055 1134 3125 prophetia
1183 3057 1449 3127 scriptum
1492 3065 1612 3122 est,
1661 3072 1783 3127 qua:
1828 3058 1939 3111 ait:

2059 3055 2265 3126 σκαλία,
2299 3056 2396 3109 καὶ
2422 3060 2534 3121 τοῖς
2576 3058 2860 3113 ἀπειθοῦσι
2899 3062 2966 3131 τῇ
2998 3061 3238 3130 κραταιᾷ
3285 3060 3459 3113 αὐτοῦ
3489 3063 3637 3133 χειρὶ

374 3164 393 3197 ι
433 3145 699 3200 Exaudite
729 3163 900 3217 usque
932 3147 1001 3201 ad
1030 3155 1333 3203 extremum
1361 3157 1542 3213 terrae,
1574 3167 1592 3201 ι
1629 3156 1682 3204 et
1698 3163 1798 3205 nos
1827 3150 1946 3220 qui-

2059 3147 2319 3212 θεσπίζει,
2371 3149 2454 3202 ὅτι
2490 3150 2624 3221 μηδὲ
2667 3149 2913 3220 ἰσχύουσι
2950 3150 3355 3223 προσπολεμεῖν
3385 3154 3479 3206 τὸν
3515 3153 3636 3224 μεθ’

366 3236 491 3293 dem
513 3275 528 3300 ,
564 3244 618 3291 et
654 3238 780 3292 victi
813 3253 1040 3303 sumus,
1071 3247 1127 3294 et
1168 3240 1386 3294 vocanti
1421 3240 1939 3311 obtemperavimus.

365 3328 452 3384 Ad
480 3343 577 3383 eos
604 3343 732 3383 vero
759 3329 853 3399 qui
883 3329 952 3385 de
983 3330 1119 3400 ipsis
1143 3331 1399 3400 gentibus
1426 3347 1535 3386 non
1566 3333 1937 3400 crediderint,

364 3436 430 3478 ea
484 3420 675 3492 dirigit
725 3436 847 3491 quae
899 3429 1229 3491 sequuntur,
1286 3422 1481 3480 dicens
1516 3443 1577 3477 ιι
1617 3424 1722 3492 Qui
1772 3425 1944 3483 fortes

363 3514 582 3581 fuistis,
628 3513 929 3568 vincimini.
977 3512 1036 3567 Si
1067 3514 1213 3568 enim
1250 3531 1444 3571 rursus
1479 3514 1650 3572 fortes
1697 3516 1942 3585 fueritis,

363 3621 561 3679 rursus
600 3605 901 3661 vincemini
928 3646 942 3669 ,
976 3612 1030 3660 et
1058 3618 1444 3678 quamcunque
1498 3609 1764 3662 rationem
1802 3610 1940 3664 inie-

365 3695 520 3758 ritis,
570 3710 685 3751 non
736 3694 987 3751 manebit
1035 3694 1090 3748 in
1133 3695 1327 3760 vobis,
1366 3682 1623 3764 quoniam
1656 3699 1941 3755 nobiscum

363 3785 509 3844 Deus
536 3788 603 3845 ‘°.
637 3807 655 3840 ι
685 3786 778 3843 Sic
806 3788 942 3842 dicit
978 3785 1255 3843 Dominus
1287 3786 1414 3843 forti
1444 3790 1628 3844 manui
1658 3804 1768 3845 non
1813 3806 1933 3846 cre-

361 3879 659 3937 dentibus:
716 3881 920 3951 quibus
964 3879 1150 3936 verbis
1201 3880 1486 3935 oraculum
1541 3881 1606 3935 ad
1656 3896 1791 3946 eos,
1841 3884 1936 3953 qui

2050 3238 2205 3312 ήμῶν
2233 3239 2371 3293 Θεὸν
2389 3239 2737 3311 πειρώμενοι,
2775 3243 2868 3295 κα)⁸
2898 3242 2980 3295 ὃτι
3004 3245 3113 3296 πᾶν
3144 3243 3173 3297 ὃ
3196 3244 3263 3297 ἂν
3297 3243 3636 3314 βουλεύσων-

2046 3348 2136 3383 ται
2155 3331 2277 3384 καθ’
2300 3331 2479 3403 ήμῶν,
2530 3332 2591 3385 οὐ
2631 3332 2705 3404 μή
2758 3335 2992 3408 ὲμμείνῃ
3041 3335 3246 3400 αὐτοῖς,
3283 3335 3375 3390 διὰ
3403 3336 3469 3389 τὺ
3513 3337 3635 3407 μεθ’

2047 3422 2202 3496 ήμῶν
2229 3419 2367 3479 εἶναι
2409 3426 2501 3478 τὸν
2551 3426 2914 3497 Ἐμμανουήλ.
2951 3427 3061 3479 Καὶ
3085 3426 3259 3497 τούτῳ
3295 3427 3353 3480 δὲ
3382 3427 3466 3497 τῷ
3498 3443 3639 3497 συμ-

2045 3517 2361 3588 περάσματι
2388 3517 2569 3589 ῥᾴδιον
2600 3519 2891 3590 ἐπιστῆσαι
2940 3519 3040 3582 τὰς
3064 3518 3187 3591 καθ’
3245 3517 3407 3590 ἡμῶν
3469 3520 3638 3572 ἀπει-

2044 3607 2161 3671 λάς,
2184 3609 2279 3663 καὶ
2305 3608 2405 3672 τὰς
2451 3610 2593 3663 κατά
2619 3610 2845 3682 χρόνους
2875 3610 2984 3663 τῶν
3009 3611 3288 3682 ἀρχόντων
3316 3611 3640 3664 ἐπαναστάς

2046 3716 2159 3763 σεις
2194 3699 2526 3772 συνορῶντα,
2574 3702 2669 3756 καὶ
2716 3702 2793 3765 ὡς
2834 3701 3117 3774 ἄπρακτον
3163 3704 3348 3765 αὐτοῖς
3402 3702 3497 3756 διὰ
3539 3701 3639 3757 τὸν

2048 3792 2166 3865 μεθ’
2211 3793 2367 3865 ἡμῶν
2419 3793 2554 3848 Θεὸν
2586 3794 2673 3848 ἀεὶ
2731 3794 3055 3851 καθίσταται
3094 3794 3205 3848 τῶν
3264 3794 3512 3849 ἀπειλῶν
3573 3794 3639 3847 τὸ

2041 3884 2212 3949 τέλος.

354 3973 549 4045 iugum
599 3973 941 4037 detrectant,
997 3980 1050 4028 et
1101 3973 1367 4029 doctrinae
1413 3973 1619 4028 Christi
1668 3975 1967 4041 resistunt,
2018 3989 2071 4032 et
2118 3977 2322 4047 potenti
2373 3978 2548 4047 ipsius
2598 3980 2784 4034 manui
2831 3993 2943 4034 non
2992 3978 3257 4043 credunt,
3311 3978 3641 4049 planissime

360 4067 715 4131 vaticinatur,
763 4067 912 4138 quod
966 4065 1210 4124 futurum
1259 4068 1366 4135 sit,
1419 4074 1480 4122 ut
1529 4083 1600 4123 ne
1655 4070 1872 4124 valeant
1909 4071 2130 4141 quidem
2178 4087 2495 4143 oppugnare
2551 4072 2838 4128 nobiscum
2867 4072 3094 4137 Deum,
3149 4072 3405 4143 quamvis
3457 4086 3637 4142 expe-

358 4162 596 4226 riantur,
649 4169 705 4216 et
751 4160 898 4231 quod
950 4175 1113 4216 omne
1162 4161 1528 4231 quodcunque
1580 4160 1869 4217 adversum
1922 4180 2023 4219 nos
2062 4165 2572 4229 comminiscentur,
2612 4166 2747 4236 ipsis
2786 4181 2894 4234 non
2933 4160 3314 4221 coristaturum
3355 4164 3463 4229 sit,
3502 4180 3639 4233 pro—

358 4262 542 4326 pterea
577 4253 724 4323 quod
762 4254 1050 4309 nobiscum
1100 4252 1172 4309 sit
1210 4251 1565 4318 Emmanuel,
1611 4259 1666 4308 et
1715 4253 1856 4309 hanc
1898 4256 2118 4326 quidem
2165 4257 2491 4312 sententiam
2534 4257 2694 4313 facile
2728 4267 2851 4322 est,
2897 4267 2962 4311 ut
3011 4258 3049 4312 ii
3091 4255 3412 4322 attendant,
3465 4256 3640 4326 eique

356 4347 754 4413 assentiamur,
797 4348 891 4418 qui
937 4347 1120 4404 minas
1164 4346 1455 4402 adversum
1506 4362 1646 4417 nos,
1687 4356 1743 4405 et
1787 4350 2094 4421 principum
2147 4367 2245 4423 per
2295 4354 2509 4423 singula
2560 4362 2809 4425 tempora
2863 4352 3188 4408 insolentias
3239 4361 3408 4421 atque
3454 4351 3640 4420 impe-

355 4450 449 4496 tus
501 4440 1023 4505 animadverterint,
1076 4450 1241 4514 atque
1295 4449 1356 4496 ut
1406 4442 1686 4500 incassum
1740 4449 1821 4502 eis
1879 4450 2126 4503 omnium
2178 4449 2454 4504 minarum
2511 4456 2740 4513 eventa,
2796 4459 3021 4520 propter
3070 4448 3364 4503 nobiscum
3416 4445 3638 4513 Deum,

354 4532 651 4593 evaserint.

353 4648 518 4724 336
553 4650 634 4705 Ab
661 4648 868 4724 codem.
901 4682 970 4724 έ-
1001 4650 1456 4718 Quemadmodum
1501 4662 1658 4710 natus
1691 4670 1756 4710 ea:
1788 4671 1930 4724 pm-

2059 4655 2181 4712 Ἀπὸ
2203 4653 2311 4709 τοῦ
2339 4652 2547 4707 αὐτοῦ.
2586 4684 2657 4724 -έ
2693 4652 2786 4719 Ὦς
2817 4657 2850 4708 ό
2893 4652 3341 4724 τεχθησόμενος
3384 4652 3520 4718 υἱὸς
3557 4652 3637 4708 ἐκ

423 4722 592 4808 dicta.
624 4723 731 4776 sive
780 4722 1009 4803 virgine,
1050 4724 1156 4808 sine
1204 4722 1929 4808 proplietissahﬁlius,_Deus

2110 4724 2223 4808 τῆς
2248 4723 2797 4808 προφητευομένῃς,
2829 4724 2957 4808 ,εἴτε
2986 4722 3329 4808 σςίξρθέζουζ
3338 4724 3463 4802 εἴτε
3472 4739 3635 4808 ..τρο-

425 4792 592 4866 simul
634 4803 684 4847 et
726 4793 906 4866 magni
947 4793 1155 4866 consilii
1194 4794 1446 4864 angelus,
1491 4792 1714 4866 aliisque
1756 4797 1931 4866 inopi-

2106 4794 2376 4866 φήτιδος,
2398 4794 2542 4861 Θεὸς
2569 4792 2720 4864 ὁμοῦ
2747 4795 2853 4866 καὶ
2870 4793 3145 4866 ,μεγάλης
3166 4792 3433 4866 ,ϐουλῆς
3457 4793 3636 4863 ἀγγεκ

425 4864 567 4945 natis
594 4862 892 4945 nominibus
923 4862 1228 4945 appellatus
1256 4862 1373 4929 est;
1404 4874 1455 4919 et
1486 4862 1927 4945 quemadmodum

2102 4862 2233 4932 loc,
2266 4865 2495 4945 ἑτέραις
2524 4882 2588 4945 τε
2605 4862 2984 4945 ’παραᾷόξοιζ
3008 4864 3387 4945 ἑσζωνςμίαις·
3405 4862 3633 4945 cit-11115-

423 4944 573 5009 ortus
601 4933 729 5009 ejus_
747 4932 960 4987 luminis
988 4934 1197 5000 pietatis
1230 4950 1396 4989 causa
1443 4932 1701 5005 adjuvans
1755 4939 1926 5009 genti-

2094 4952 2303 5009 ρευται
2333 4932 2476 4989 (καὶ
2527 4936 2614 5009 -ὡς
2735 4935 2972 5009 πένεσις
3013 4932 3430 5009 αὐτοῦίξρωτὸς
3454 4936 3632 4991 εὐσε-

427 5002 524 5057 bus
559 5003 928 5057 constituetur.
1506 5002 1522 5005 ’
1755 5002 1777 5009 ⁷

2100 5002 2265 5071 ϐείας
2296 5006 2575 5074 παραιτία
2598 5004 2723 5071 τοῖς
2742 5002 2945 5061 ἔθνεσι
2977 5003 3446 5071 καταστήσεται.

2108 5137 2128 5170 ι
2169 5118 2340 5172 Τοῦτο
2389 5117 2626 5189 πρῶτον,
2675 5116 2786 5183 πίε,
2836 5118 2974 5190 ταχὺ
3018 5116 3195 5181 ποίει,
3233 5117 3392 5190 χώρα
3416 5120 3627 5175 Ζαϐου-

2033 5210 2162 5276 λὼν,
2189 5210 2283 5265 καὶ
2326 5211 2397 5282 γῆ
2430 5209 2766 5282 Νεφθαλεὶμ,
2810 5211 2905 5264 καὶ
2932 5211 2984 5264 οἱ
3023 5211 3203 5264 λοιποὶ
3237 5212 3291 5264 οἱ
3316 5212 3417 5283 τὴν
3446 5231 3626 5287 παρα-

2033 5302 2150 5357 λίαν
2178 5302 2555 5366 κατοικοῦντες
2576 5302 2749 5376 πέραν
2767 5303 2862 5356 τοῦ
2894 5301 3156 5373 Ἰορδάνου
3177 5319 3191 5331 ·
3224 5302 3495 5358 Γαλιλαία
3515 5304 3628 5359 τῶν

2033 5393 2203 5448 ἐθνῶν
2222 5412 2234 5423 ·
2254 5397 2283 5450 ὁ
2298 5393 2425 5459 λαὸς
2446 5396 2474 5447 ὁ
2500 5393 2806 5465 καθήμενος
2826 5394 2884 5447 ἐν
2906 5394 3106 5462 σκότει,
3132 5392 3273 5447 ἴδετε
3298 5394 3419 5465 φῶς
3447 5395 3591 5467 μέγα
3605 5412 3623 5427 ·

2031 5486 2125 5540 καὶ
2152 5488 2264 5551 τοῖς
2297 5485 2629 5558 καθημένοις
2661 5489 2720 5541 ὲν
2748 5485 2930 5540 σκότει
2952 5487 3046 5540 καὶ
3068 5487 3196 5558 σκιᾷ
3230 5486 3470 5542 θανάτου
3507 5487 3623 5557 φῶς

2028 5577 2298 5635 ἀνέτειλεν
2330 5578 2532 5647 αὐτοῖς,
2566 5599 2585 5633 ι
2624 5579 2719 5633 καὶ
2776 5578 2845 5633 τὰ
2876 5578 3022 5651 ἑξῆς·
3059 5576 3141 5644 of;
3170 5579 3442 5650 ἐπιλέγει,
3486 5603 3504 5633 ι
3542 5580 3621 5633 ὅτι

428 5136 447 5170 ι
478 5115 595 5172 Ηοο
623 5117 895 5187 primum,
934 5115 1094 5181 bibe,
1128 5115 1239 5171 cito
1283 5115 1370 5172 fac
1397 5159 1412 5184 ,
1451 5119 1599 5190 regio
1641 5116 1925 5184 Zabulon,

347 5217 406 5267 et
437 5216 585 5265 terra
613 5205 959 5278 Nephtbaliin
979 5248 995 5269 ,
1029 5218 1083 5263 et
1110 5207 1307 5279 reliqui
1335 5207 1429 5278 qui
1462 5209 1795 5265 maritimam
1823 5210 1928 5264 ha-

349 5300 528 5358 bitant
558 5311 710 5356 trans
738 5296 1030 5355 Iordanem
1054 5338 1070 5365 ,
1101 5296 1323 5354 Galilzea
1373 5301 1616 5372 gentium
1644 5342 1660 5369 ,
1689 5302 1923 5372 populus

347 5391 547 5467 sedens
575 5394 631 5449 in
656 5392 930 5458 tenebris,
955 5392 1133 5448 videte
1164 5394 1338 5449 lucem
1370 5409 1654 5466 magnam,
1684 5395 1927 5451 sedenti-

348 5485 453 5541 bus
499 5485 556 5541 in
602 5486 826 5557 regione
876 5493 931 5541 et
961 5486 1172 5541 .umbra
1219 5490 1449 5551 mortis,
1488 5486 1582 5542 lux
1611 5495 1804 5543 exorta
1835 5493 1923 5543 est

345 5579 427 5633 eis
456 5576 521 5642 ",
552 5595 570 5630 ι
597 5583 651 5634 et
682 5592 803 5649 qua:
829 5570 1163 5649 sequuntur;
1192 5578 1394 5649 quibus
1427 5577 1708 5652 adjungit,
1742 5598 1760 5631 ι
1782 5594 1921 5650 quo-

414 5731 463 5766 "
496 5731 742 5801 lsa.'vu,
773 5731 926 5790 9ου.
1002 5734 1396 5801 “lsa.1x,l,
1426 5733 1517 5791 ἓν
