3828 6220
219 387 327 456 ω)

1105 388 1762 452 DEMONSTRATIONIS
1801 381 2260 443 EVANGELICAE
2298 380 2431 437 LIB.
2470 378 2584 435 νη.

3372 374 3474 465 .539

222 520 406 571 πᾶσαν
442 506 633 587 στολὴν
669 512 1110 586 ὶπισυνηγμὲνην
1134 514 1292 585 δόλῳ,
1313 512 1408 567 καὶ
1428 510 1643 583 ἱμάτιον
1665 505 1801 579 μετὰ

1906 503 2055 559 niam
2088 515 2306 557 omnem
2345 506 2550 555 vestem
2580 499 2966 568 congregatam
3012 490 3171 573 dolo,
3217 498 3271 548 et
3316 492 3475 546 indu;

223 606 570 677 καταλλαγῆς
592 606 964 669 ἀποτίσουσιν,
991 604 1087 659 καὶ
1118 605 1433 677 θελήσουσιν
1468 604 1518 656 εἰ
1546 599 1803 672 ἐγενήθη-

224 716 326 754 σαν
389 697 788 771 πυρίκαυστοι·
824 698 907 752 ὅτι
963 696 1172 752 παιδίον
1214 691 1474 767 ἐγεννήθη
1505 694 1658 764 ἡμῖν,
1710 690 1804 744 καὶ

223 790 342 854 υίὸς
360 788 520 860 ἐδόθη
548 788 701 860 ήμῖν,
725 782 788 841 οὗ
817 790 850 859 ὴ
888 788 1032 859 ἁρχὴ
1064 788 1156 841 ἐπὶ
1185 785 1279 839 τοῦ
1308 783 1460 856 ὤμου
1484 782 1647 838 αὑτοῦ
1671 800 1683 812 ·
1710 781 1805 836 καὶ

223 885 470 938 καλεῖται
520 883 582 936 τὸ
628 882 800 954 ὄνομα
847 880 1016 936 αὐτοῦ
1048 878 1291 951 μεγάλης
1328 877 1523 949 βουλῆς
1554 874 1801 944 ἄγγελος,

222 973 537 1047 θαυμαστὸς
586 973 910 1045 σύμϐουλος,
958 972 1091 1036 Θεὸς
1138 970 1387 1041 ἰσχυρὸς,
1431 966 1801 1037 ὲξουσιαστὴςν

222 1066 407 1137 ἄρχων
436 1065 682 1137 εἰρήνης,
724 1061 909 1133 πατὴρ
938 1066 1033 1115 τοῦ
1085 1060 1370 1133 μέλλοντος
1401 1058 1612 1121 αἰῶνος.
1657 1056 1804 1121 Ἀξω

220 1157 331 1229 γάρ
371 1158 593 1228 εἰρήνην
653 1155 747 1208 ἐπὶ
781 1154 910 1216 τοὺς
965 1152 1252 1223 ἄρχοντας,
1284 1150 1375 1203 καὶ
1412 1148 1597 1218 ὑγείαν
1630 1146 1799 1218 αὐτῷ.

221 1247 453 1317 Μεγάλη
496 1248 530 1317 ή
563 1244 707 1317 ἁρχὴ
731 1242 921 1308 αὐτοῦ,
957 1245 1052 1297 καὶ
1100 1243 1202 1313 τῆς
1245 1243 1466 1314 εἰρήνης
1495 1238 1660 1294 αὐτοῦ
1702 1240 1803 1291 οὐκ

218 1340 369 1394 ῑστιν
394 1340 563 1410 ὃριον,
597 1338 691 1390 ἐπὶ
722 1335 811 1390 τὸν
842 1334 1030 1407 θρόνον
1060 1333 1245 1397 Δαϐἰδ,
1276 1333 1371 1387 καὶ
1401 1333 1500 1403 τὴν
1527 1330 1800 1403 βασιλείαν

217 1432 406 1497 αὑτοῦ,
463 1428 810 1501 κατορθῶσαι
841 1427 1033 1498 αὐτὴν,
1062 1426 1155 1479 καὶ
1194 1424 1577 1479 ἀντιλαϐέσθαι
1605 1424 1664 1475 ὲν
1682 1422 1800 1495 κρί-

220 1541 352 1595 ματι
378 1525 473 1577 καὶ
519 1520 831 1593 δικαιοσύνῃ
862 1520 970 1574 ἀπὸ
993 1518 1085 1573 τοῦ
1110 1517 1206 1573 νῦν
1249 1517 1345 1571 καὶ
1371 1519 1449 1581 εἰς
1482 1517 1572 1570 τὸν
1604 1516 1795 1569 αἰῶνα.

227 1617 290 1669 '0
320 1615 484 1685 ζῆλος
541 1614 747 1684 Κυρίου
792 1609 1020 1666 Σαϐαὼθ
1064 1610 1278 1680 ποιήσει
1337 1607 1529 1663 ταῦτα.
1568 1627 1586 1660 ι
1631 1606 1800 1661 Τοῦτο

215 1708 401 1777 τρίτον
427 1705 529 1777 ήδη
562 1706 625 1759 τὸ
649 1703 862 1757 παιδίον
888 1700 1310 1771 προφητεύεται,
1348 1699 1443 1753 τοῦ
1489 1697 1653 1752 αὑτοῦ
1682 1714 1801 1750 ποι-

1904 602 2180 656 mentum,
2227 606 2352 646 cum
2397 586 2777 645 consiliatione
2820 583 3053 641 solutnri
3094 570 3257 646 sunt,
3287 591 3343 638 et
3375 599 3470 639 ro-

1902 686 2014 742 lent
2059 685 2107 740 si
2150 682 2351 736 fuerint
2390 680 2512 751 igne
2555 676 2869 733 combusti:
2913 674 3173 746 quoniam
3214 675 3473 744 puerulus

1904 784 2066 832 natus
2090 781 2174 830 est
2200 772 2388 838 nobis,
2416 778 2471 826 et
2499 768 2642 823 ﬁlius
2671 767 2833 823 datus
2859 773 2943 822 est
2972 763 3129 820 nobis
3148 805 3163 832 ,
3195 763 3354 834 cujus
3379 765 3473 817 im-

1903 867 2114 940 perium
2153 879 2317 934 super
2353 861 2642 916 humerum
2684 858 2860 928 ipsius
2882 898 2896 922 ,
2931 864 2986 911 et
3015 862 3244 910 vocatur
3270 864 3473 907 nomen

1902 958 2022 1029 ejus
2053 957 2237 1028 magni
2273 953 2486 1009 consilii
2531 952 2794 1022 angelus,
2830 947 3170 1003 admirabilis
3214 945 3473 1000 consilia:-

1901 1050 2054 1115 rius,
2088 1046 2229 1103 Deus
2262 1046 2448 1113 fortis,
2482 1042 2785 1116 potentiam
2817 1038 3027 1095 habens
3048 1078 3063 1103 ,
3092 1038 3348 1109 princeps
3377 1049 3473 1105 pa-

1900 1142 2011 1208 cis,
2044 1148 2200 1212 pater
2228 1138 2398 1194 futuri
2429 1137 2634 1194 saeculi.
2671 1134 2953 1190 Adducam
2982 1130 3126 1187 enim
3159 1143 3344 1201 pacem
3374 1141 3472 1182 su-

1901 1249 1999 1305 per
2028 1231 2307 1305 principes
2328 1270 2343 1295 ,
2376 1240 2429 1284 et
2463 1227 2752 1285 sanitatem
2782 1226 2862 1292 ei,
2893 1234 3148 1294 magnum
3184 1221 3469 1290 imperium

1899 1325 2023 1394 ejus
2043 1366 2058 1389 ,
2086 1331 2140 1379 et
2173 1322 2324 1393 pacis
2350 1320 2471 1390 ejus
2501 1333 2612 1373 non
2644 1325 2729 1372 est
2758 1315 2882 1370 ﬁnis
2901 1354 2915 1379 ,
2948 1328 3113 1384 super
3140 1312 3334 1367 solium
3364 1310 3472 1364 Da-

1898 1414 1987 1471 vid
2019 1421 2073 1469 et
2104 1426 2331 1482 regnum
2363 1410 2484 1480 ejus
2512 1416 2573 1464 ut
2603 1408 2803 1478 dirigat
2831 1405 2966 1459 illud
2986 1445 3001 1471 ,
3034 1413 3089 1460 et
3117 1403 3382 1473 suscipiat
3414 1404 3469 1458 in

1893 1505 2100 1576 judicio
2131 1511 2185 1559 et
2221 1502 2434 1574 justitia
2475 1517 2544 1557 ex
2589 1501 2692 1554 hoc
2721 1507 2966 1568 tempore
2993 1505 3046 1552 et
3074 1511 3248 1565 usque
3278 1497 3333 1549 in
3365 1511 3469 1550 sae-

1899 1597 2082 1653 culum
2109 1615 2123 1652 :
2159 1595 2311 1651 zelus
2345 1593 2562 1648 Domini
2595 1589 2835 1646 Sabaoth
2868 1587 3030 1644 faciet
3059 1588 3173 1643 haec
3204 1588 3269 1642 “.
3305 1607 3323 1639 ι
3348 1584 3468 1641 Jam

1899 1704 2044 1743 nunc
2076 1688 2239 1743 tertio
2269 1699 2497 1756 puerum
2540 1682 2689 1737 hunc
2732 1680 3016 1752 prophetia
3046 1684 3465 1741 commemorat,

216 1770 388 1863 κίλως
427 1770 847 1870 σημαινομένου.
896 1794 1116 1864 Ἐπειδὴ
1142 1794 1321 1847 τοίνυν
1362 1792 1646 1864 πρόκειται
1700 1790 1795 1844 νῦν

1899 1795 2019 1850 quae
2049 1779 2292 1835 eamdem
2323 1791 2436 1832 rem
2468 1774 2639 1831 variis
2664 1775 2841 1829 modis
2875 1770 3166 1844 signiﬁcat.
3199 1770 3468 1837 Quoniam

215 1853 351 1964 ήμῖν
367 1853 703 1961 iacvit,»de
732 1889 834 1959 τῆς
852 1889 933 1950 εἰς
956 1853 1277 1958 άνθρίῦπους
1299 1883 1392 1938 τοῦ
1409 1853 1553 1937 ¹Θεοῦ
1590 1900 1794 1954 παρου-

1901 1872 2067 1944 igitur
2116 1885 2263 1925 nunc
2315 1869 2656 1939 propositum
2706 1866 2868 1921 nobis
2915 1874 3028 1930 est,
3067 1864 3334 1920 adventus
3371 1860 3469 1918 Dei

216 1984 340 2047 σίας
365 1981 648 2047 ἐπιδεῖξαι,
684 1979 782 2034 θέα
800 1980 866 2033 δι’
900 1979 1041 2032 ὅσων
1073 1972 1225 2040 οὗτος
1246 1976 1340 2029 καὶ
1360 1976 1507 2038 ὅπως
1535 1974 1801 2045 παρίστα-

212 2092 325 2129 ται.
383 2073 713 2128 Ἐδεικνύετο
745 2071 962 2143 πρῶτον
999 2072 1027 2123 ὁ
1062 2069 1377 2140 ἐπικληθεὶς
1432 2065 1795 2138 Ἐμμανουήλ,

214 2165 351 2229 Θεὸς
399 2167 465 2219 ἐκ
516 2164 788 2237 παρθένου
809 2160 1177 2233 γεννώμενος·
1227 2160 1479 2231 δεύτερον
1516 2158 1575 2210 τὸ
1609 2159 1674 2212 ὲκ
1697 2156 1798 2226 τῆς

214 2256 547 2328 προφήτιδος
593 2255 688 2308 καὶ
726 2253 822 2307 τοῦ
877 2252 1033 2321 ἁγίου
1081 2246 1397 2320 Πνεύματος
1427 2246 1658 2310 παιδίον,
1699 2248 1798 2300 οὐκ

214 2346 346 2402 ἄλλο
400 2345 668 2415 τυγχάνον
697 2343 791 2397 τοῦ
823 2340 1302 2415 προηγορευμένου
1322 2356 1335 2369 ·
1381 2338 1562 2410 τρίτον
1603 2338 1633 2391 ὁ
1660 2335 1798 2408 μετὰ

214 2444 426 2512 χεῖρας,
484 2434 566 2502 εἷς
605 2438 682 2492 ὣν
728 2438 821 2492 καὶ
851 2440 880 2492 ὁ
913 2436 1076 2498 αὐτὸς
1128 2437 1242 2497 τοῖς
1286 2432 1590 2505 προτέροις.
1631 2451 1648 2482 ι
1688 2430 1797 2483 Kal.

212 2532 390 2603 τούτῳ
449 2530 581 2598 γοῦν
633 2529 804 2598 ὄνομα
850 2524 991 2582 εἶναι
1033 2527 1272 2595 λέγεται.
1328 2524 1469 2577 κατὰ
1517 2522 1617 2592 μὲν
1669 2522 1796 2584 τοὺς

224 2624 628 2694 Ἐϐδομήκοντα
649 2640 667 2674 ι
700 2621 944 2693 μεγάλης
967 2619 1158 2692 βουλῆς
1174 2617 1425 2687 ἄγγελος,
1450 2637 1466 2667 ο
1486 2616 1579 2670 καὶ
1589 2615 1664 2678 ὥς
1674 2631 1795 2669 τινα

210 2716 323 2771 τῶν
378 2715 728 2787 ἀντιγράφων
778 2714 924 2785 ἔχει,
1011 2732 1031 2764 ι
1095 2710 1407 2782 θαυμαστὸς
1459 2705 1791 2778 σύμϐουλος,

210 2808 346 2871 Θεὸς
392 2807 634 2879 ἰσχυρὸς,
668 2804 1042 2876 ὲξουσιαστὴς,
1088 2802 1271 2874 ἄρχων
1315 2793 1561 2872 εἰρήνης,
1614 2798 1794 2869 πατὴρ

208 2900 307 2953 τοῦ
340 2899 623 2970 μέλλοντος
654 2898 848 2961 αἰῶνος
867 2914 880 2927 ο
916 2916 936 2948 ι
968 2894 1111 2950 κατὰ
1143 2895 1201 2948 δὲ
1227 2894 1289 2947 τὸ
1320 2892 1631 2965 Ἐϐραῖκὸν,
1662 2891 1738 2955 ὼς
1763 2891 1795 2943 ό

215 2993 317 3063 μὲν
362 2990 593 3055 ’Δκύλας
637 2991 834 3061 φησίνο
876 2990 1029 3044 (Ὅτι
1076 2987 1286 3044 παιδίον
1334 2984 1594 3057 ἐγεννήθη
1636 2987 1791 3055 ήμίν,

209 3084 332 3147 υἱὸς
362 3084 518 3157 ἐδόθη
546 3087 695 3155 ἡμῖν,
723 3083 816 3138 καὶ
838 3082 1054 3150 ἐγένετο
1089 3081 1287 3152 μέτρον
1314 3080 1400 3132 ἐπ’
1422 3077 1573 3149 ὤμου
1604 3076 1791 3131 αὐτοῦ.

209 3175 327 3228 Καὶ
350 3175 553 3247 ἐκλήθη
598 3173 661 3226 τὸ
706 3173 877 3245 ὄνομα
906 3172 1072 3227 αὑτοῦ
1105 3170 1426 3243 Θαυμαστὸς
1466 3168 1789 3239 σύμϐουλος,
1821 3195 1864 3257 C

211 3266 459 3338 ἰσχυρὸς,
505 3266 751 3329 δυνατὸς,
803 3264 1005 3336 πατὴρ,
1060 3263 1141 3318 ἔτι
1178 3264 1358 3334 ἄρχων
1400 3263 1642 3334 εἰρήνης,
1698 3260 1793 3314 καὶ

205 3360 313 3431 τῆς
344 3360 569 3430 εἰρήνης
595 3356 761 3411 αὐτοῦ
789 3359 889 3410 οὐκ
920 3356 1035 3410 ἔστι
1070 3356 1241 3427 πέρας
1261 3372 1274 3385 ο
1315 3374 1333 3406 ι
1366 3355 1441 3418 ὡς
1471 3353 1528 3406 δὲ
1576 3355 1605 3405 ὁ
1647 3352 1794 3423 Σύμ.

212 3468 390 3523 μαχος
409 3468 424 3481 ·
465 3469 484 3501 ι
513 3451 747 3514 Νεανίας
772 3448 883 3520 γὰρ
923 3448 1076 3519 ὲδόθη
1122 3449 1271 3518 ἡμῖν,
1311 3447 1425 3511 υἰὸς
1450 3446 1603 3518 ἐδόθη
1635 3448 1789 3517 ἡμῖν.

206 3544 325 3597 Καὶ
363 3542 518 3595 ἔσται
561 3543 593 3613 ή
637 3539 851 3595 παιδεία
877 3538 1042 3594 αὐτοῦ
1071 3540 1161 3593 ἐπὶ
1192 3538 1286 3591 τοῦ
1311 3537 1460 3608 ὤμου
1487 3536 1674 3599 αὑτοῦ,
1699 3536 1794 3589 καὶ

204 3632 544 3705 κληθήσεται
566 3633 629 3686 τὸ
659 3632 830 3704 ὄνομα
858 3630 1023 3685 αὐ.τοῦ
1049 3629 1492 3702 Παραδοξασμὸς,
1523 3626 1793 3697 βουλευτι-

202 3727 330 3791 κὸς,
373 3726 612 3799 ἰσχυρὸς,
656 3724 901 3788 δυνατὸς,
944 3722 1125 3794 πατὴρ
1164 3721 1379 3786 αἰῶνος,
1416 3721 1598 3792 ἄρχων
1642 3719 1792 3791 εἰρή-

205 3836 332 3891 νης,
362 3819 459 3871 καὶ
480 3819 579 3882 τῆς
600 3818 824 3889 εἰρήνης
852 3814 1019 3870 αὐτοῦ
1045 3817 1145 3868 οὐκ
1169 3813 1282 3867 ἐστι
1306 3814 1499 3885 πέρας.
1531 3832 1550 3863 ι
1583 3809 1792 3864 Οὐκοῦν

202 3912 310 3982 οὐχ
339 3909 526 3973 ἁπλῶς
573 3909 802 3978 ἄγγελος
835 3908 978 3963 κατὰ
1018 3910 1144 3971 τοὺς
1183 3906 1603 3976 Ἐϐδομήκοντα,
1650 3902 1788 3957 ἀλλά

210 4023 233 4055 ι
256 4004 363 4075 τῆς
392 4002 632 4073 μεγάλης
653 4001 848 4072 βουλῆς
866 4000 1114 4071 ἄγγελος,
1131 4001 1225 4054 καὶ⁹
1237 3997 1549 4069 θαυμαστὸς
1566 3996 1793 4068 σύμϐου-

201 4096 322 4159 λος,
352 4096 448 4148 καὶ
489 4094 621 4158 Θεὸς
665 4094 906 4164 ίσχυρὸς,
935 4093 1028 4147 καὶ
1072 4091 1440 4161 ὲξουσιαστὴς,
1469 4090 1563 4143 καὶ
1609 4088 1792 4160 ἄρχων

201 4190 457 4259 εἰρήνης,
494 4187 586 4240 καὶ
626 4186 809 4258 πατὴρ
831 4187 928 4240 τοῦ
954 4185 1236 4257 μέλλοντος
1261 4182 1453 4246 αἰῶνος
1481 4200 1499 4230 ι
1529 4178 1791 4250 γεννηθή-

204 4276 428 4342 σεσθαι,
465 4278 561 4331 καὶ
606 4277 814 4333 παιδίον
843 4275 1061 4330 ἔσεσθαι
1103 4274 1190 4329 διὰ
1226 4271 1432 4325 τούτων
1456 4269 1787 4334 ἐθεσπίζετο.

206 4370 404 4441 Ἔχεις
426 4369 483 4422 δὲ
521 4371 579 4421 ἐν
617 4372 729 4433 τοῖς
764 4368 1052 4440 προτέροις
1076 4366 1171 4427 τὸν,
1191 4364 1284 4417 τοῦ
1311 4362 1445 4417 Θεοῦ
1474 4363 1663 4432 Λόγον,
1698 4362 1793 4415 καὶ

199 4459 369 4520 θεὸν,
397 4458 490 4511 καὶ
514 4456 714 4528 Κύριον
749 4457 1019 4527 διαφόρως
1062 4452 1512 4526 ἀνηγορευμένον,
1557 4449 1691 4522 ὁμοῦ
1734 4449 1790 4502 δὲ

197 4550 303 4604 τὸν
329 4550 492 4603 αὑτὸν
517 4549 745 4618 ἄγγελον
770 4546 1157 4619 ὠνομασμένον
1182 4563 1213 4597 τ

201 4640 577 4713 χιστράτηγον
608 4640 888 4711 δυνάμεως
914 4639 1139 4710 Κυρίου.

1899 1963 1965 2018 ad
2008 1963 2258 2016 homines
2301 1961 2522 2014 modum
2568 1957 2889 2021 ostendere,
2934 1956 3092 2021 vide,
3133 1956 3345 2024 quaeso,
3376 1954 3468 2008 hic

1897 2068 2057 2125 quam
2076 2052 2264 2106 multis
2292 2050 2469 2105 modis
2494 2049 2916 2105 demonstretur.
2947 2044 3130 2102 Primo
3147 2045 3363 2116 quidem
3391 2045 3471 2100 di-

1896 2153 2018 2198 ctus
2047 2149 2133 2199 est
2175 2141 2538 2203 Emmanuel,
2571 2138 2716 2193 Deus
2762 2139 2855 2208 qui
2906 2137 2975 2193 de
3013 2137 3236 2207 Virgine
3274 2149 3468 2190 nasce-

1898 2241 2066 2291 retur.
2125 2232 2417 2297 Secundo,
2479 2245 2544 2285 ex
2598 2228 2917 2300 prOphetica
2964 2229 3194 2284 muliere
3242 2237 3298 2283 et
3341 2224 3470 2297 Spi-

1894 2324 2003 2379 ritu
2039 2331 2233 2379 sancto
2272 2321 2566 2393 puerulus,
2612 2321 2705 2390 qui
2749 2336 2858 2375 non
2902 2320 3044 2376 alius
3087 2326 3172 2375 est
3214 2334 3377 2390 quam
3417 2318 3468 2375 is

1895 2416 1963 2471 de
2002 2430 2113 2485 quo
2152 2415 2267 2484 jam
2300 2413 2563 2468 diximus.
2599 2411 2786 2467 Tertio
2816 2412 2865 2468 is
2889 2452 2904 2477 ,
2937 2412 3005 2468 de
3034 2427 3144 2484 quo
3174 2428 3321 2468 nunc
3354 2412 3470 2484 agi-

1894 2521 2051 2570 mus,
2108 2504 2200 2574 qui
2253 2518 2377 2558 cum
2429 2502 2703 2573 prioribus
2754 2518 2897 2559 unus
2949 2510 3032 2558 est
3083 2510 3246 2573 atque
3298 2503 3463 2557 idem.

1896 2596 2033 2651 Huic
2080 2596 2247 2666 igitur
2292 2610 2417 2650 esse
2459 2608 2655 2649 nomen
2714 2594 2934 2658 dicitur,
2985 2602 3045 2648 ut
3085 2595 3282 2666 legitur
3322 2594 3464 2664 apud

1897 2686 2282 2758 Septuaginta,
2307 2705 2326 2738 ι
2350 2685 2535 2755 magni
2561 2686 2778 2740 consilii
2814 2686 3040 2756 angelus
3069 2705 3082 2740 :
3106 2695 3196 2741 »ει
3215 2725 3229 2750 ,
3265 2694 3323 2739 ιιι
3351 2685 3468 2754 qui-

1894 2779 2018 2835 dam
2040 2779 2257 2835 codices
2283 2777 2506 2842 habent,
2531 2796 2551 2829 ι
2575 2777 2910 2832 admirabilis
2932 2777 3301 2841 consiliarius,
3323 2776 3467 2833 Deu's
3567 2772 3571 2775 ’

1895 2871 2087 2939 fortis,
2141 2869 2441 2945 potentiam
2492 2869 2733 2935 habens,
2776 2867 3034 2939 princeps
3079 2867 3268 2938 pacis,
3313 2877 3459 2936 pom

1893 2964 2050 3037 337
2078 2963 2245 3019 futuri
2274 2962 2481 3020 saeculi.
2523 2981 2542 3015 ι
2578 2961 2648 3016 Ut
2677 2977 2805 3017 vero
2822 2970 2900 3017 est
2928 2962 2982 3015 in
3011 2959 3299 3022 llebraico,
3325 2958 3466 3015 sicut

1893 3057 2090 3128 Aquila
2139 3055 2469 3113 testiﬁcatur
2500 3072 2512 3108 :
2552 3072 2571 3106 ‹
2603 3053 2870 3120 Quoniam
2907 3052 3169 3123 puerulus
3192 3058 3352 3105 natus
3382 3056 3467 3105 est

1896 3150 2076 3215 nobis,
2112 3148 2256 3203 ﬁlius
2285 3147 2448 3202 datus
2481 3153 2564 3200 est
2592 3145 2772 3209 nobis,
2804 3151 2858 3200 et
2890 3144 3031 3199 facta
3082 3149 3167 3199 est
3210 3155 3463 3197 mensura

1896 3258 2061 3314 super
2084 3242 2369 3297 humerum
2405 3240 2546 3310 ejus,
2582 3246 2635 3293 et
2662 3247 2914 3292 vocatum
2958 3244 3043 3292 est
3081 3251 3276 3291 nomen
3320 3236 3462 3305 ejus,

1892 3338 2244 3394 Admirabilis
2270 3334 2639 3397 consiliarius,
2668 3331 2846 3395 fortis,
2869 3339 3083 3401 potens,
3106 3339 3280 3400 pater,
3300 3330 3463 3384 etiam

1895 3431 2151 3501 princeps
2178 3429 2348 3500 pacis,
2374 3435 2427 3483 et
2457 3426 2609 3497 pacis
2636 3425 2756 3494 ejus
2797 3438 2905 3479 non
2941 3430 3026 3478 est
3066 3422 3205 3477 linis.
3250 3441 3269 3475 ι
3305 3420 3464 3476 Sicut

1894 3528 2075 3576 autem
2109 3517 2470 3591 Symmachus
2508 3537 2522 3572 :
2556 3535 2576 3568 ι
2613 3514 3072 3570 Adolescentulus
3123 3514 3268 3568 enim
3303 3515 3465 3569 datus

1891 3624 1980 3673 est
2021 3615 2201 3675 nobis.
2240 3615 2383 3670 ﬁlius
2425 3613 2587 3668 datus
2627 3620 2711 3667 est
2739 3609 2919 3674 nobis,
2957 3617 3010 3664 et
3039 3609 3145 3664 erit
3175 3609 3463 3679 disciplina

1893 3709 2012 3780 ejus
2052 3707 2529 3780 super‘humerum
2560 3703 2699 3774 ejus,
2735 3709 2789 3758 et
2808 3701 3094 3755 vocabitur
3114 3716 3310 3757 nomen
3343 3700 3466 3772 ejus

1893 3797 2321 3861 Admirabilitas,
2364 3793 2735 3858 consiliarius,
2795 3791 2976 3857 fortis,
3029 3799 3248 3860 potens,
3308 3799 3464 3861 pater

1894 3889 2099 3954 saeculi,
2135 3887 2390 3958 princeps
2425 3886 2596 3956 pacis,
2626 3891 2678 3939 et
2703 3882 2853 3953 pacis
2871 3881 2991 3953 ejus
3019 3897 3128 3936 non
3149 3888 3232 3936 est
3253 3880 3394 3936 ﬁnis.
3436 3899 3456 3933 ι

1895 3981 2035 4052 Ergo
2098 3996 2207 4034 non
2276 3978 2597 4049 simpliciter
2649 3976 2874 4048 angelus
2955 3973 3253 4029 secundum
3311 3973 3463 4042 ipsos

1894 4069 2056 4134 LXX,
2091 4069 2185 4124 sed
2218 4086 2236 4120 ι
2278 4067 2457 4138 magni
2505 4066 2722 4121 consilii
2761 4064 3007 4134 angelus,
3040 4070 3095 4117 et
3123 4062 3462 4117 admirabilis

1893 4160 2265 4222 consiliarius,
2297 4166 2351 4213 et
2375 4157 2518 4213 Deus
2545 4156 2730 4221 fortis,
2758 4162 2813 4209 et
2837 4154 3135 4225 potentiam
3170 4153 3464 4217 habens,et

1894 4253 2151 4324 princeps
2176 4248 2349 4320 pacis,
2368 4256 2422 4303 et
2450 4254 2605 4318 pater
2628 4246 2798 4301 futuri
2831 4246 3015 4300 saeculi
3044 4263 3062 4295 ι
3098 4244 3344 4300 oriturus
3368 4244 3464 4298 ali-

1892 4331 2134 4414 quando,
2170 4352 2225 4397 et
2275 4340 2537 4411 puerulus
2594 4338 2834 4401 futurus,
2879 4336 2948 4392 iis
2994 4336 3174 4393 verbis
3224 4335 3462 4390 caneba-

1897 4443 2005 4487 tur.
2076 4432 2255 4488 [labes
2292 4431 2454 4485 etiam
2490 4429 2546 4483 in
2581 4431 2649 4485 iis
2679 4444 2799 4499 quae
2831 4428 2984 4498 prius
3017 4428 3161 4482 dicta
3192 4434 3341 4491 sunt,
3365 4425 3461 4483 Dei

1215 4518 1276 4598 οὗ
1306 4518 1538 4615 Ιίατρὸς,
1566 4518 1658 4596 καὶ
1694 4542 1793 4612 ἁρ-

1896 4525 2157 4589 Verbum,
2180 4532 2234 4579 et
2261 4522 2453 4585 Deum,
2478 4528 2534 4577 et
2564 4520 2854 4575 Dominum
2889 4520 3122 4575 diversis
3153 4518 3332 4575 modis
3365 4533 3462 4590 ap-

1178 4638 1274 4700 Τίς
1298 4637 1342 4690 δ’
1368 4609 1438 4689 ἂν
1470 4630 1561 4688 οὖν
1587 4609 1796 4701 γένοιτο

1896 4617 2172 4688 pellatum,
2205 4621 2260 4670 et
2292 4614 2495 4684 pariter
2522 4613 2773 4669 eumdem
2809 4611 3058 4683 angelum
3091 4610 3262 4682 patris
3283 4609 3462 4666 nomi-

382 4705 593 4802 pév‘sbv
630 4705 857 4785 Ἀκύλαν
891 4732 985 4785 καὶ
1006 4705 1116 4795 -τάς
1139 4730 1307 4784 εἰσέτι
1352 4726 1446 4781 νῦν
1492 4725 1795 4797 φερομένας

1896 4721 2104 4776 natum,
2129 4718 2184 4767 et
2213 4712 2449 4782 primum
2494 4710 2880 4779 imperatorem
2905 4707 3186 4777 copiarum
3219 4705 3457 4761 Domini.

200 4826 345 4897 παρ’
375 4798 641 4897 ’.Εϐραίοις
670 4824 994 4897 μαρτυρίας,
1023 4825 1080 4876 ὲν
1106 4821 1410 4894 ἀνθρώποις
1434 4817 1792 4888 γεννώμενος,

1896 4802 1999 4858 Sed
2028 4802 2153 4874 quis
2185 4802 2403 4857 tandem
2434 4801 2526 4856 hic
2566 4801 2684 4857 sit?
2718 4798 3027 4856 Secundum
3059 4799 3311 4869 Aquilam
3337 4798 3458 4869 qui-

340 4936 361 4968 ι
385 4891 592 4970 παιδίον
617 4936 637 4968 ι
662 4891 962 4988 γινόμενος,
987 4934 1005 4965 ι
1036 4891 1347 4985 θαυμαστὸς
1364 4909 1683 4982 σύμϐουλος,
1699 4909 1793 4981 καὶ

1896 4895 2013 4951 dem
2035 4893 2414 4950 et'secundum
2436 4908 2499 4949 ea
2523 4909 2644 4963 quae
2663 4894 2826 4948 etiam
2859 4907 3005 4946 nunc
3029 4892 3173 4962 apud
3203 4891 3460 4947 Hebraeos

203 5004 456 5075 ἰσχυρὸς,
482 4980 726 5069 δυνατὸς,
745 4980 839 5058 καὶ
864 5003 1064 5075 πατὴρ,
1085 4980 1164 5056 ἔτι
1181 5003 1275 5055 καὶ
1298 4980 1478 5072 ἄρχων
1507 5000 1746 5071 εἰρήνης,
1763 5016 1780 5048 ι

1896 4982 2147 5040 feruntur
2179 4983 2513 5046 testimonia,
2535 4982 2632 5053 qui
2669 4981 2812 5037 inter
2838 4980 3088 5035 homines
3108 4987 3386 5044 nascetur,
3407 4986 3463 5033 et

198 5070 280 5150 οὖ⁷
291 5070 436 5147 *ποτε
453 5096 528 5163 (1)
550 5112 713 5165 φησιν
729 5093 946 5147 ἔσεσθαι
966 5070 1136 5156 τέλοςο
1156 5091 1299 5144 κατὰ
1312 5070 1368 5143 δὲ
1383 5091 1474 5144 τὸν
1492 5088 1785 5159 Σύμμαχον

1899 5092 1920 5127 ι
1960 5073 2222 5144 puerulus
2258 5093 2279 5126 ι
2318 5072 2586 5139 exsistet,
2642 5090 2661 5124 ι
2706 5071 3148 5140 admirabilisque
3201 5070 3461 5126 consilia-

206 5204 231 5237 σ
266 5162 714 5256 Παράδοξασμὸς,
744 5183 1105 5255 βουλευτικὸς,
1139 5182 1375 5252 ἰσχυρὸς,
1400 5180 1645 5243 δυνατὸς,
1676 5196 1784 5231 πα-

1896 5167 2029 5231 rius,
2061 5175 2117 5222 et
2146 5165 2324 5230 fortis,
2348 5172 2403 5219 et
2431 5176 2645 5235 potens,
2673 5170 2728 5219 et
2757 5174 2908 5233 pater
2936 5162 3096 5217 etiam
3124 5169 3178 5216 et
3206 5163 3461 5231 princeps

195 5278 316 5351 τὴρ
347 5250 560 5343 αἰῶνος,
590 5250 774 5350 άρχων
800 5278 1044 5348 εἰρήνης,
1072 5275 1165 5327 καὶ
1194 5250 1402 5342 ταύτης
1433 5271 1666 5344 Δἀπείρου
1693 5272 1786 5323 καὶ

1896 5259 2069 5330 pacis,
2111 5278 2133 5311 ι
2175 5257 2336 5328 cujus
2381 5257 2533 5326 pacis
2575 5268 2852 5324 nunquam
2900 5253 2978 5306 ait
3001 5250 3243 5306 futurum
3276 5250 3457 5307 ﬁnem.

195 5341 572 5441 ἀτελευτήτου
591 5386 605 5399 ⁸
630 5341 786 5423 Im
828 5341 989 5422 κατὰ-
1010 5341 1366 5427 Θεοδοτίωνα,
1411 5341 1436 5414 ι’
1461 5341 1789 5434 θαυμαστῶς

1899 5349 2213 5407 Secundum
2267 5345 2653 5419 Symmachum
2711 5351 2894 5400 autem
2959 5361 2981 5395 ι
3026 5341 3457 5408 Admirabilitas,

200 5433 503 5533 βουλεύων,
535 5460 771 5533 ἰσχυρὸς,
797 5459 1081 5530 δυνάστης,
1111 5457 1325 5533 πατὴρ,
1345 5456 1526 5526 ἄρχων
1546 5433 1785 5526 εἰρήνης,

1896 5441 2265 5503 consiliarius,
2298 5437 2479 5505 fortis,
2526 5443 2738 5507 potens,
2768 5444 2920 5506 pater
2965 5433 3173 5498 seculi,
3204 5434 3460 5505 princeps

194 5552 287 5623 τῷ
322 5551 618 5623 πληθύνειν
660 5551 759 5621 τὴν
803 5549 1067 5613 παιδείαν,
1093 5542 1154 5602 οὗ
1181 5549 1279 5619 τῆς
1304 5530 1523 5618 εἰρήνης
1545 5546 1645 5598 οὐκ
1673 5544 1786 5599 ἐστι

1896 5533 2070 5605 pacis,
2100 5540 2156 5587 et
2212 5530 2362 5602 pacis
2404 5529 2628 5584 inﬁnitae
2677 5538 2838 5596 atque
2884 5525 3263 5581 interminata.
3304 5544 3323 5578 ι
3367 5526 3458 5590 Αι,

198 5618 460 5711 τέρας.)
496 5640 607 5695 Καὶ
630 5618 777 5709 αὐτῷ
815 5656 895 5693 σοι
925 5639 994 5692 τὰ
1020 5637 1146 5708 ἑξῆς
1187 5618 1498 5691 καταλείπω
1542 5636 1785 5695 σκοπεῖν,

1897 5628 2041 5683 sicut
2079 5623 2418 5679 Theodotion
2445 5623 2637 5686 voluit,
2670 5638 2689 5672 ι
2724 5618 3113 5677 admirabiliter
3142 5618 3455 5684 consulens,

281 5729 328 5760 ⁶’
361 5728 475 5783 lsa.
516 5727 732 5783 ωλι-7.

361 5764 475 5783 η...
516 5764 594 5789 ..,
616 5764 651 5783 υ
690 5764 732 5782 ..

286 5819 365 5888 (l)
390 5817 474 5871 ac
496 5832 662 5870 ποτε.
685 5817 820 5887 Lege
848 5810 908 5871 οὗ
924 5833 1019 5886 pro
1040 5816 1122 5882 οὐ,
1148 5822 1201 5871 ει
1227 5814 1415 5886 accipe
1439 5811 1567 5867 ποτέ
1598 5826 1764 5869 sensu
1781 5812 1819 5865 oi

1896 5826 1995 5877 πε,
2014 5808 2095 5863 vel
2110 5812 2237 5879 puta
2257 5804 2525 5863 excidisse
2552 5802 2800 5861 voculam
2820 5794 2887 5876 ἧς
2911 5806 3034 5857 ante
3057 5799 3272 5857 οὔποτε.
3295 5797 3455 5856 Emr.
