3828 6220
1034 331 1308 390 EUSEBII
1347 331 1829 391 CESABIENSIS
1869 332 2018 390 OPP.
2060 333 2261 390 PARS.
2302 335 2444 392 11-
2470 337 2967 396 APOLOGETICA.

3553 331 3648 390 53‘!

389 449 574 514 tortis,
610 454 829 521 potens,
861 453 1050 519 pater,
1092 449 1350 520 princeps
1399 451 1570 520 pacis,
1599 450 1668 504 ad
1714 448 1924 518 multipl

2073 448 2328 505 τοσοῦτον
2372 452 2872 526 ἐπισημηνάμενος,
2893 452 2971 516 ὡς
2995 452 3102 524 ἄρα
3126 449 3288 516 αὐτὸς
3311 441 3467 514 οὗτος
3503 452 3532 506 ὁ
3561 453 3646 507 λι-

387 542 623 597 candam
669 540 1039 611 disciplinam,
1073 544 1234 610 cujus
1277 541 1432 613 pacis
1479 557 1589 598 non
1637 549 1722 598 est
1767 541 1912 598 ﬁnis.
1946 561 1965 595 ι

385 634 683 698 Caeterum,
715 649 837 704 qua:
892 641 1201 705 sequuntur
1241 635 1342 690 tibi
1390 635 1495 705 ipsi
1549 635 1970 706 contemplanda

385 726 666 797 relinquo,
699 727 805 781 hoc
834 741 1003 781 unum
1023 726 1291 782 duntaxat
1322 726 1616 783 adnotasse
1649 735 1964 793 contentus,

385 818 536 890 quod
565 820 681 890 ipse
703 817 814 885 hic,
845 821 939 890 qui
971 819 1172 874 dicitur
1196 838 1216 872 ι
1246 829 1402 889 pater
1431 821 1712 885 saeculi,et
1742 821 1970 878 inﬁnitae

374 911 538 982 pacis
570 912 826 982 princeps
851 952 865 976 ,
898 914 1189 983 magnique
1222 913 1438 968 consilii
1473 916 1720 985 angelus,
1745 935 1764 966 ι
1785 915 1964 970 oritu-

378 1015 479 1056 ηις
513 1001 807 1072 aliquando
833 1013 889 1059 et
917 1005 1182 1074 puerulus
1217 1005 1435 1060 futurus
1465 1007 1752 1076 prophetia
1780 1008 1965 1063 decla-

382 1098 559 1155 ratur,
589 1099 644 1147 et
674 1091 729 1146 in
769 1101 892 1147 ortu
916 1108 1018 1148 suo
1045 1094 1188 1148 inter
1220 1093 1473 1150 homines
1507 1097 1648 1151 volet
1675 1098 1805 1152 olim
1839 1113 1962 1154 esse

380 1181 506 1253 igne
539 1183 858 1240 combustos
889 1199 986 1241 eos
1019 1187 1113 1255 qui
1140 1186 1194 1240 in
1215 1202 1277 1241 ea
1304 1188 1479 1242 salute
1502 1190 1765 1258 gentium,
1802 1191 1960 1261 cujus

379 1274 500 1343 ipse
547 1286 738 1330 auctor
770 1277 897 1342 erit,
932 1277 1108 1333 odiosi
1163 1277 1334 1333 futuri
1392 1287 1541 1347 sunt,
1571 1281 1686 1336 sive
1735 1282 1773 1335 ii
1831 1284 1958 1337 mali

374 1364 600 1434 quidam
631 1367 931 1430 daemones,
968 1369 1083 1424 sive
1115 1369 1278 1424 etiam
1333 1372 1486 1442 impii
1516 1373 1768 1429 homines
1798 1375 1959 1430 intel-

373 1456 636 1526 ligantur,
672 1460 741 1514 de
790 1461 992 1531 quibus
1038 1462 1164 1517 ait:
1220 1481 1240 1514 ι
1285 1463 1441 1530 Quod
1495 1481 1710 1521 omnem
1753 1475 1955 1522 vestem

372 1552 666 1607 collectam
699 1553 848 1618 dolo,
881 1563 935 1609 et
959 1557 1371 1621 vestimentum,
1405 1573 1531 1612 cum
1573 1559 1956 1616 conciliatione

370 1643 606 1700 solvent.
641 1664 660 1697 ι
692 1644 799 1702 Sed
821 1648 914 1717 qui
940 1648 1157 1703 tandem
1193 1648 1248 1704 hi
1273 1649 1498 1719 fuerint,
1526 1653 1631 1708 nisi
1655 1654 1722 1709 de
1753 1655 1952 1724 quibus

370 1737 498 1793 alibi
538 1754 606 1794 ex
651 1740 824 1810 ipsius
873 1739 1176 1796 Salvatoris
1227 1743 1403 1799 nostri
1453 1761 1689 1816 persona
1742 1748 1948 1802 dictum

367 1835 454 1883 est
487 1848 499 1883 :
542 1847 560 1880 ι
598 1829 791 1885 Partiti
838 1839 967 1886 sunt
997 1832 1324 1888 vestimenta
1375 1851 1491 1891 mea
1542 1837 1670 1900 sibi,
1703 1846 1756 1891 et
1785 1853 1950 1907 super

368 1925 576 1974 vestem
605 1934 783 1974 meam
814 1923 1084 1976 miserunt
1133 1932 1336 1979 sortem
1370 1924 1437 1989 “,
1488 1944 1507 1976 ι
1550 1937 1604 1980 et
1634 1927 1948 1996 quicunque

366 2011 614 2078 ejusdem
645 2013 942 2083 impietatis
991 2031 1054 2068 ac
1093 2017 1320 2072 sceleris
1348 2019 1642 2088 participes
1690 2019 1948 2074 fuerunt?

362 2102 531 2174 338
568 2103 673 2170 Qui
707 2106 928 2175 quidem
958 2108 1086 2162 dum
1115 2109 1328 2178 seipsos
1375 2110 1443 2164 ad
1474 2120 1778 2166 extremum
1820 2129 1945 2167 con-

363 2192 654 2250 demnatos
683 2195 964 2260 videbunt,
1005 2199 1276 2268 Optabunt
1312 2215 1371 2255 se
1403 2212 1530 2256 ante
1565 2203 1726 2257 talem
1760 2204 1947 2273 impie-

361 2290 531 2338 tatem
587 2285 714 2358 igne
767 2287 938 2345 fuisse
977 2292 1314 2358 combustos,
1349 2294 1532 2362 potius
1554 2310 1715 2364 quam
1761 2297 1943 2366 magni

359 2378 580 2434 consilii
612 2383 864 2452 angelum
897 2399 926 2436 a
963 2385 1160 2456 seipsis
1192 2388 1455 2440 violatum
1483 2387 1673 2442 fuisse.
1696 2387 1776 2442 Tu
1809 2405 1938 2444 vero

358 2476 540 2524 tecum
574 2471 692 2541 ipse
723 2476 1012 2530 considera
1041 2493 1170 2532 num
1203 2494 1421 2534 omnem
1454 2480 1745 2534 humanam
1774 2489 1938 2536 natu-

356 2575 474 2614 ram
505 2566 798 2628 transiliat,
835 2568 977 2637 quod
1010 2570 1156 2626 illius
1200 2587 1304 2642 pax
1351 2573 1563 2628 nullum
1595 2573 1752 2630 linem
1785 2576 1940 2631 habi-

353 2659 480 2708 tura
511 2670 634 2712 esse
663 2659 899 2724 dicatur,
927 2671 982 2717 et
1003 2663 1146 2732 quod
1177 2676 1330 2734 pater
1361 2668 1549 2722 saeculi
1588 2668 1933 2735 nominetur;

349 2755 614 2819 praeterea
645 2754 790 2821 quod
822 2771 933 2809 non
966 2756 1288 2826 simpliciter
1320 2761 1547 2831 angelus
1573 2769 1820 2829 vocetur,
1839 2765 1934 2818 sed

356 2858 375 2890 ι
419 2843 604 2912 magni
636 2847 849 2900 consilii
884 2849 1132 2918 angelus,
1159 2859 1213 2904 et
1237 2850 1383 2906 Deus
1421 2851 1603 2919 fortis,
1647 2874 1665 2905 ι
1701 2863 1756 2909 et
1787 2871 1935 2924 qua:-

347 2946 568 3003 cunque
594 2950 703 2990 una
736 2953 860 2990 cum
887 2938 972 2994 his
1006 2939 1366 2996 adnumerata
1399 2951 1546 2998 sunt.
1575 2942 1707 2998 Item
1731 2946 1806 2999 ait
1835 2963 1932 3017 per

346 3022 501 3078 illum
547 3041 772 3094 regnum
815 3028 981 3084 David
1010 3046 1133 3086 esse
1181 3032 1713 3106 dirigendum,quod
1747 3039 1926 3108 ipsum

347 3127 481 3167 sane
513 3114 614 3168 hoc
644 3115 913 3187 intelliges
952 3121 1135 3175 modo.
1176 3122 1414 3178 Plurima
1448 3127 1667 3194 quidem
1692 3144 1754 3183 ea
1799 3138 1927 3184 sunt

344 3219 468 3271 quae
498 3203 603 3274 ipsi
629 3205 794 3261 David
825 3212 1073 3278 promisit
1093 3211 1255 3279 Deus,
1277 3216 1333 3270 in
1362 3220 1561 3286 quibus
1589 3222 1751 3275 etiam
1790 3223 1880 3276 illa
1906 3241 1918 3277 :
1943 3289 1948 3294 δ

347 3312 369 3347 ι
405 3293 471 3349 Ει
502 3311 702 3365 ponam
737 3298 792 3352 in
842 3303 982 3356 mari
1029 3319 1248 3359 manum
1275 3308 1415 3377 ejus,
1439 3317 1494 3364 et
1523 3311 1578 3365 in
1602 3310 1920 3368 ﬂuminibus

340 3387 626 3443 dexteram
669 3390 808 3461 ejus,
841 3391 959 3462 ipse
1007 3394 1287 3453 invocabit
1336 3417 1444 3465 me,
1479 3412 1635 3472 pater
1669 3421 1825 3463 meus
1857 3423 1918 3464 es

340 3488 424 3548 tu,
455 3480 601 3538 Deus
637 3499 812 3550 meus,
850 3495 905 3541 et
952 3498 1239 3560 susceptor
1286 3495 1483 3550 salutis
1532 3512 1686 3562 meae,
1732 3508 1786 3554 et
1819 3517 1918 3572 ego

339 3574 764 3646 primogenitum
795 3593 992 3649 ponam
1025 3581 1199 3646 illum,
1229 3587 1505 3640 excelsum
1556 3604 1666 3658 prae
1695 3592 1916 3660 regibus

335 3679 534 3740 terrae,
585 3676 643 3730 in
722 3684 986 3733 aeternum
1034 3681 1268 3737 servabo
1350 3682 1431 3736 illi
1481 3686 1912 3743 misericordiam

336 3777 538 3828 meam,
575 3773 628 3820 et
659 3775 1045 3823 testamentum
1072 3785 1250 3826 meum
1282 3771 1438 3827 ﬁdele
1468 3774 1594 3844 ipsi,
1627 3783 1680 3830 et
1714 3793 1912 3846 ponam

332 3860 391 3913 in
447 3861 707 3917 saeculum
761 3866 944 3919 saeculi
999 3882 1186 3922 semen
1235 3869 1467 3945 ejus,.et
1504 3872 1760 3928 thronum
1792 3876 1912 3945 ejus

333 3950 478 4006 sicut
510 3952 628 4008 dies
659 3954 783 4008 caeli
813 3955 874 4008 “.
917 3975 934 4008 ι
975 3955 1039 4010 Et
1081 3974 1274 4016 rursus
1306 3979 1318 4015 :
1355 3979 1374 4012 ι
1419 3959 1597 4018 Semel
1628 3965 1806 4033 juravi
1853 3967 1910 4022 in

332 4051 528 4098 sancto
561 4061 703 4112 meo,
731 4047 779 4102 si
814 4046 985 4104 David
1017 4051 1272 4114 mentiar,
1299 4067 1486 4108 semen
1512 4053 1635 4125 ejus
1666 4057 1723 4110 in
1749 4065 1909 4113 aeter-

328 4149 463 4189 num
498 4138 761 4200 manebit,
795 4147 850 4194 et
897 4140 1131 4197 thronus
1179 4142 1300 4212 ejus
1349 4144 1490 4199 sicut
1549 4147 1632 4201 sol
1684 4148 1742 4202 in
1774 4163 1908 4204 con-

327 4238 519 4296 spectu
550 4243 692 4294 meo,
725 4238 780 4286 et
814 4231 955 4286 sicut
980 4234 1108 4288 luna
1153 4233 1394 4304 perfecta
1425 4237 1482 4291 in
1516 4245 1777 4294 aeternum
1801 4243 1898 4300 ⁸⁵.»

327 4320 464 4375 Cum
492 4322 546 4376 in
583 4321 817 4381 Psalmis
853 4325 994 4381 Deus
1025 4327 1128 4398 ipsi
1156 4328 1324 4385 David
1347 4340 1456 4385 tam
1492 4333 1664 4385 multa
1693 4336 1902 4404 promi-

327 4412 482 4477 serit,
508 4417 785 4470 contraria
809 4425 991 4474 tamen
1017 4420 1086 4475 iis
1117 4436 1239 4490 quae
1271 4424 1543 4491 promissa
1582 4435 1732 4492 sunt,
1756 4429 1902 4485 illius

326 4508 748 4563 successoribus
803 4511 1053 4567 evenisse
1110 4521 1326 4568 constat
1375 4525 1599 4587 propter
1656 4519 1899 4590 ipsorum
1935 4529 1979 4584 D

326 4596 656 4668 impietates.
703 4600 918 4657 Etenim
969 4619 1095 4658 cum
1139 4621 1206 4660 ex
1255 4610 1464 4665 semine
1514 4609 1683 4667 David
1748 4631 1902 4686 reges

323 4706 499 4762 usque
546 4694 613 4749 ad
670 4694 986 4751 Jechoniam
1044 4704 1097 4752 et
1151 4714 1325 4770 usque
1386 4703 1454 4758 ad
1515 4703 1900 4777 Babylonicam

318 4784 506 4852 templi
532 4786 874 4842 obsidionem
903 4793 1325 4858 permanserint,
1352 4795 1441 4850 ubi
1463 4797 1565 4852 hoc
1594 4799 1772 4868 ipsum
1806 4817 1899 4856 ac-

317 4875 471 4940 cidit,
499 4883 614 4930 tum
639 4894 767 4934 vero
807 4880 1138 4937 dissolutum
1188 4893 1274 4941 est
1325 4902 1573 4958 regnum,
1601 4891 1738 4946 adeo
1769 4895 1895 4964 qui-

315 4964 460 5031 dem,
496 4976 555 5021 ut
583 4984 649 5022 ex
679 4970 773 5024 illo
806 4979 1049 5044 tempore
1078 4991 1188 5030 non
1219 4979 1452 5048 amplius
1496 4980 1653 5037 sedes
1699 4983 1888 5051 David,

313 5073 492 5128 neque
538 5061 606 5116 de
652 5064 859 5120 semine
899 5067 1019 5137 ejus
1064 5070 1352 5141 quisquam
1411 5074 1553 5144 apud
1605 5075 1888 5134 Judaicam

313 5157 529 5217 gentem
575 5157 904 5223 regnaverit,
935 5165 991 5212 et
1023 5158 1163 5215 hanc
1192 5162 1410 5231 quidem
1446 5180 1634 5220 earum
1679 5184 1884 5235 rerum,

309 5255 451 5308 quae,
489 5249 550 5296 ut
593 5245 840 5313 proxime
878 5249 1054 5318 posita
1097 5251 1295 5319 psalmi
1342 5255 1610 5322 particula
1663 5257 1888 5315 demon-

307 5349 469 5410 strat,
503 5345 608 5417 ipsi
641 5347 810 5405 David
833 5354 1119 5423 promissae
1149 5365 1297 5423 sunt,
1320 5358 1617 5429 jacturam,
1647 5359 1883 5433 Spiritus

305 5447 526 5508 divinus
559 5453 616 5509 in
649 5455 794 5511 hunc
818 5459 1043 5515 modum
1076 5463 1223 5518 canit
1260 5483 1275 5520 :
1317 5485 1336 5517 ι
1370 5465 1451 5520 Tu
1478 5484 1608 5524 vero
1632 5471 1878 5540 repulisti

305 5559 362 5607 et
400 5552 723 5628 despexisti,
773 5562 1040 5622 distulisti
1091 5568 1371 5626 Christum
1423 5581 1601 5639 tuum,
1635 5579 1879 5634 evertisti

301 5667 690 5735 testamentum
721 5671 865 5726 servi
897 5673 994 5738 tui,
1023 5675 1326 5744 profanasti
1355 5680 1412 5734 in
1439 5687 1583 5738 terra
1618 5692 1875 5739 sanctua-

2073 541 2303 612 γόμενος
2334 562 2352 595 ι
2383 545 2565 618 πατήρ
2594 545 2808 609 αἰῶνος,
2833 545 2928 599 καὶ
2949 544 3176 616 ἀπείρου
3200 544 3424 614 εἰρήνης
3447 544 3644 614 ἄρχων,

2075 635 2317 708 μεγάλης
2340 654 2399 690 τε
2435 637 2628 709 βουλῆς
2645 638 2874 708 ἄγγελος
2891 659 2909 691 ι
2931 635 3380 707 γεννηθήσεσθαι,
3408 636 3505 688 καὶ
3529 653 3647 689 παι-

2069 726 2180 780 δίον
2205 727 2422 784 ἔσεσθαι
2457 731 2881 802 προφητεύεται,
2917 727 3010 782 ἐπί
3034 746 3093 782 τε
3118 732 3185 800 τῇ
3221 729 3302 791 είς
3332 725 3646 798 ἀνθρώπους

2068 818 2232 872 αὐτοῦ
2258 821 2470 889 γενέσει
2505 823 2908 894 πυρικαύστους
2949 821 3222 892 ἐθελήσειν
3262 818 3483 871 ἔσεσθαι
3528 819 3646 880 τοὺς

2067 909 2159 963 ἐπὶ
2202 914 2269 982 τῇ
2306 912 2372 964 δι’
2395 913 2560 965 αὑτοῦ
2583 915 2851 985 γενομένῃ
2895 912 3141 985 σωτηρίᾳ
3178 912 3288 964 τῶν
3325 911 3497 965 ἐθνῶν
3539 911 3644 965 δια-

2065 1002 2480 1074 φθονουμένους,
2517 1005 2627 1058 εἴτε
2650 1005 2909 1077 δαίμονας
2936 1007 3224 1077 πονηροὺς,
3259 1006 3370 1058 εἴτε
3403 1006 3499 1058 καὶ
3521 1007 3646 1059 ἀσε-

2065 1091 2179 1156 ϐεῖς
2207 1094 2421 1165 ἄνδρας,
2450 1096 2577 1167 περὶ
2607 1090 2682 1149 ὧν
2717 1112 2898 1166 φησιν’
2932 1096 3087 1148 «Ὅτι
3114 1096 3296 1148 πᾶσαν
3326 1094 3519 1165 στολὴν
3534 1097 3650 1148 ἐπι-

2068 1188 2413 1258 συνηγμένην
2436 1188 2592 1258 δόλῳ,
2623 1190 2716 1240 καὶ
2737 1190 2950 1259 ἱμάτιον
2985 1187 3122 1259 μετὰ
3143 1187 3493 1258 καταλλαγῆς
3515 1189 3648 1240 ἀπο-

2060 1280 2287 1333 τίσουσι.
2324 1299 2342 1331 ι
2385 1281 2539 1344 Τίνες
2565 1281 2621 1333 δὲ
2650 1282 2757 1352 ἄρα
2782 1276 2922 1352 ἦσαν
2963 1273 3128 1344 οὗτοι,
3157 1280 3190 1351 ἢ
3226 1282 3354 1351 περὶ
3380 1275 3456 1334 ὧν
3483 1281 3644 1334 ἀλλα-

2060 1370 2153 1442 χοῦ
2195 1369 2252 1436 ἐξ
2281 1370 2444 1423 αὑτοῦ
2482 1371 2777 1442 προσώπου
2804 1371 2898 1424 τοῦ
2927 1373 3179 1443 Σωτῆρος
3207 1372 3364 1443 ήμῶν
3395 1372 3645 1443 εἴρηταις

2065 1480 2083 1512 ι
2111 1462 2497 1532 Διεμερίσαντο
2541 1462 2610 1515 τὰ
2657 1465 2850 1534 ἱμάτιά
2880 1482 2981 1534 μου
3025 1466 3259 1528 ἑαυτοῖς,
3287 1467 3382 1518 καὶ
3421 1467 3516 1518 ἐπὶ
3555 1467 3648 1520 τὸν

2060 1556 2354 1627 ἱματισμόν
2382 1573 2482 1626 μου
2510 1555 2698 1609 ἔϐαλον
2732 1558 2951 1629 κλῆρον,
2984 1577 3001 1609 ι
3034 1559 3164 1611 οἵτε
3189 1559 3290 1628 τῆς
3309 1559 3516 1612 τούτων
3549 1560 3647 1630 μὲ-

2053 1665 2200 1718 τοχοι
2227 1647 2564 1712 δυσσεϐείας,
2593 1649 2641 1700 οἳ
2689 1651 2782 1702 καὶ
2827 1649 3132 1722 θελήσουσι,
3161 1650 3259 1722 τὴν
3287 1651 3438 1719 σφῶν
3464 1652 3647 1705 αὐτῶν

2054 1737 2234 1809 κρίσιν
2261 1736 2488 1807 ὕστερόν
2516 1755 2646 1791 ποτε
2689 1739 2966 1810 ὀψόμενοι,
3002 1743 3050 1794 εί
3096 1741 3203 1813 πρὸ
3243 1742 3343 1811 τῆς
3387 1742 3647 1806 ἀσεϐείας

1983 1809 2024 1862 Β
2053 1829 2233 1882 αὐτῶν
2259 1828 2601 1897 ἐγεγόνεισαν
2626 1832 3004 1901 πυρίκαυστοι,
3030 1833 3156 1904 πρὶν
3181 1833 3212 1903 ἢ
3240 1833 3331 1886 τὸν
3351 1835 3452 1904 τῆς
3482 1835 3649 1904 μεγά-

2051 1920 2149 1992 λης
2179 1921 2373 1991 βουλῆς
2399 1921 2628 1990 ἄγγελον
2666 1922 2802 1994 πρὸς
2828 1924 3010 1976 αὐτῶν
3041 1924 3394 1995 ἀσεϐηθῆναι.
3437 1928 3552 1980 Καὶ
3579 1932 3643 1981 σὺ

2047 2013 2104 2065 δὲ
2134 2011 2284 2083 παρὰ
2308 2013 2489 2083 σαυτῷ
2519 2015 2713 2083 σκέψαι
2743 2017 2791 2068 εἰ
2821 2014 2894 2085 μὴ
2927 2015 3247 2085 ὑπερϐαίνει
3267 2019 3450 2069 πᾶσαν
3479 2018 3645 2087 φύσιν

2047 2101 2351 2174 ἀνθρώπων
2377 2104 2439 2156 τὸ
2467 2105 2540 2175 μὴ
2568 2105 2720 2168 τέλος
2746 2104 2889 2174 ἔχειν
2913 2105 3011 2176 τὴν
3038 2109 3262 2178 εἰρήνην
3287 2108 3454 2161 αὑτοῦ
3480 2109 3642 2178 λέγε-

2047 2193 2192 2257 σθαι,
2221 2195 2312 2248 καὶ
2337 2195 2398 2248 τὺ
2423 2197 2634 2267 πατέρα
2657 2197 3018 2268 ὀνομάζεσθαι
3046 2198 3268 2262 αἰῶνος·
3298 2201 3393 2252 καὶ
3426 2200 3562 2254 αὐτὸ
3585 2203 3642 2255 δὲ

2042 2285 2102 2337 τὸ
2138 2287 2422 2340 καλεῖσθαι
2475 2289 2637 2341 αὐτὸν
2685 2289 2785 2359 οὐχ
2833 2289 3018 2352 ἁπλῶς
3043 2291 3293 2358 ἄγγελον,
3323 2291 3462 2344 ἀλλὰ
3491 2313 3508 2343 ι
3539 2295 3643 2364 τῆς

2047 2379 2289 2450 μεγάλης
2319 2379 2515 2450 βουλῆς
2535 2381 2787 2450 ἄγγελον,
2812 2383 2904 2434 καὶ
2930 2382 3066 2435 Θεὸν
3095 2385 3331 2455 ἰσχυρὸν,
3362 2404 3380 2436 ι
3413 2385 3506 2436 καὶ
3539 2387 3642 2438 ὅσα

2039 2466 2251 2531 τούτοις
2283 2470 2929 2538 συγκαταλέλεκται.Ἔτι
2955 2473 3011 2527 δέ
3050 2492 3181 2545 φησι
3213 2475 3279 2527 δι’
3305 2475 3471 2528 αὐτοῦ
3499 2494 3638 2530 κατ-

2039 2557 2448 2630 ορθωθήσεσθαι
2485 2562 2584 2633 τὴν
2621 2562 2715 2615 τοῦ
2767 2565 2930 2617 Δαϐὶδ
2978 2564 3275 2633 βασιλείαν,
3309 2567 3339 2618 ὃ
3371 2569 3466 2620 καὶ
3502 2569 3638 2622 αὐτὸ

2036 2648 2224 2701 τοῦτον
2272 2651 2486 2720 νοήσεις
2524 2650 2617 2704 τὸν
2658 2652 2880 2721 τρόπον.
2923 2653 3175 2706 Πλεῖσται
3215 2655 3335 2706 ὅσαι
3365 2655 3444 2724 τῷ
3469 2655 3637 2707 Δαϐὶδ

2035 2739 2324 2806 γεγόνασιν
2351 2742 2694 2810 ἐπαγγελίαι,
2723 2745 2783 2796 ἐν
2815 2738 2903 2806 αἷς
2923 2744 3169 2815 εἴρηται·
3201 2765 3219 2796 ι
3253 2747 3364 2797 Καὶ
3393 2745 3634 2816 θήσομαι

2033 2832 2092 2882 ἐν
2119 2831 2362 2906 θαλάσσῃ
2407 2837 2565 2905 χεῖρα
2604 2836 2788 2900 αὐτοῦ,
2819 2837 2910 2890 καὶ
2938 2839 2994 2889 ἐν
3024 2841 3288 2908 ποταμοῖς
3318 2839 3499 2904 δεξιὰν
3533 2843 3633 2894 αῦ-

2030 2923 2146 2976 τοῦ.
2184 2924 2356 2988 Αὐτὸς
2385 2927 2767 2982 ὲπικαλέσεταί
2798 2947 2864 3000 με
2884 2947 2896 2959 ·
2930 2931 3123 3002 Πατήρ
3159 2949 3259 3002 μου
3293 2927 3346 2984 εἴ
3379 2934 3466 2994 σὺ,
3490 2933 3633 2998 Θεὸς

2037 3033 2139 3086 μου
2186 3017 2279 3070 καὶ
2309 3018 2656 3091 ἀντιλήπτωρ
2681 3021 2782 3091 τῆς
2817 3023 3091 3094 σωτηρίας
3117 3041 3239 3094 μου.
3273 3024 3446 3092 Κάγὼ
3475 3044 3628 3097 πρω-

2032 3110 2252 3163 τότοκον
2299 3109 2536 3182 θήσομαι
2579 3115 2762 3179 αὑτὸν,
2795 3115 2996 3186 ὑψηλὸν
3025 3116 3175 3188 παρὰ
3203 3120 3316 3180 τοῖς
3341 3117 3626 3187 βασιλεῦσι

2030 3199 2130 3269 τῆς
2169 3200 2292 3270 γῆς.
2323 3203 2416 3265 Είς
2462 3202 2554 3256 τὸν
2597 3204 2768 3257 αἰῶνα
2797 3205 3017 3274 φυλάξω
3042 3206 3191 3277 αὐτῷ
3220 3209 3280 3260 τὸ
3307 3208 3458 3272 ἔλεός
3494 3227 3624 3280 μου,

2030 3293 2123 3344 καὶ
2150 3294 2182 3363 ἠ
2208 3293 2438 3366 διαθήκη
2483 3313 2582 3366 μου
2616 3297 2780 3368 πιστὴ
2821 3299 2988 3370 αὐτῷ.
3027 3301 3138 3354 Καὶ
3161 3301 3397 3374 θήσομαι
3423 3307 3505 3368 είς
3531 3306 3628 3359 τὸν

2028 3382 2200 3436 αἰῶνα
2245 3384 2339 3437 τοῦ
2375 3386 2568 3451 αἰῶνος
2596 3387 2657 3440 τὸ
2692 3390 2911 3460 σπέρμα
2939 3392 3125 3458 αὑτοῦ,
3155 3395 3248 3446 καὶ
3287 3396 3379 3448 τὸν
3429 3396 3628 3468 θρόνον

2026 3475 2211 3539 αὐτοῦ,
2239 3475 2313 3540 ὡς
2356 3476 2454 3542 τὰς
2495 3479 2708 3550 ἡμέρας
2763 3480 2858 3534 τοῦ
2909 3484 3160 3548 οὐρανοῦ.
3192 3505 3211 3535 ι
3268 3487 3380 3540 Καὶ
3425 3485 3622 3553 αὖθις·

2030 3584 2048 3617 ι
2065 3567 2246 3632 ’Ἀπαξ
2270 3567 2459 3639 ὤμοσα
2476 3573 2533 3624 ἐν
2545 3570 2623 3640 τῷ
2651 3573 2792 3643 ἁγίῳ
2823 3591 2944 3644 μου,
2963 3577 3010 3627 εί
3026 3575 3104 3646 τῷ
3129 3577 3291 3629 Δαϐὶδ
3316 3580 3625 3651 ψεύσομαι,

2022 3657 2082 3710 τὸ
2110 3660 2332 3730 σπέρμα
2354 3662 2517 3715 αὑτοῦ
2549 3665 2629 3726 εἰς
2669 3664 2760 3717 τὸν
2811 3667 2981 3720 αίῶνα
3033 3672 3200 3738 μενεῖ,
3236 3672 3331 3722 καί
3363 3674 3392 3724 ὁ
3427 3673 3630 3745 θρόνος

2021 3751 2186 3804 αὐτοῦ
2218 3752 2497 3825 ὼςὸἥλιος
2529 3757 2771 3810 ἐναντίον
2800 3776 2924 3829 μου,
2957 3761 3052 3814 καὶ
3079 3762 3154 3826 ὡς
3185 3766 3219 3834 ἡ
3248 3763 3448 3835 σελήνη
3480 3783 3624 3820 κατ-

2020 3844 2318 3916 ηρτισμένη
2344 3847 2424 3910 είς
2445 3847 2536 3900 τὸν
2561 3849 2752 3903 αἰῶνα.
2793 3871 2810 3902 ι
2852 3852 3101 3906 Τοσαῦτα
3132 3855 3190 3906 ὲν
3222 3858 3335 3919 τοῖς
3360 3857 3622 3928 Ψαλμοῖς

2017 3934 2112 3988 τοῦ
2157 3935 2290 3990 Θεοῦ
2333 3939 2411 4010 τῷ
2443 3941 2606 3995 Δαϐὶδ
2641 3945 3069 4015 ἐπηγγελμένου,
3107 3947 3367 4002 τάναντία
3410 3952 3621 4022 συνέϐη

2015 4031 2136 4092 ταῖς
2167 4031 2518 4100 ἐπαγγελίαις
2552 4036 2798 4090 ἐπελθεῖν
2844 4039 2930 4092 διὰ
2964 4039 3062 4104 τὰς
3085 4041 3193 4093 τῶν
3219 4042 3481 4114 διαδόχων
3515 4046 3622 4099 αὖ·

2013 4121 2109 4174 τοῦ
2156 4122 2494 4190 δυσσεϐείας.
2514 4128 2579 4180 Ἡ
2620 4128 2750 4197 γοῦν
2785 4131 2849 4183 ἐκ
2891 4126 3204 4202 σπέρματος
3250 4136 3420 4188 Δαϐὶδ
3455 4136 3623 4206 βασι-

2013 4213 2152 4279 λεία,
2184 4215 2515 4288 διαρκέσασα
2554 4219 2745 4291 μέχρις
2775 4223 3021 4292 Ἰεχονίου
3051 4225 3267 4294 καὶτῆς
3289 4227 3397 4280 ὑπὸ
3425 4229 3620 4283 Βαϐυ-

2012 4305 2221 4371 λωνίοις
2266 4309 2358 4362 τοῦ
2406 4310 2553 4382 ἱεροῦ
2593 4312 2926 4385 πολιορκίας,
2959 4315 3160 4380 λέλυτο,
3193 4319 3270 4381 ὡς
3302 4319 3362 4385 ἐξ
3390 4321 3620 4376 ἐκείνου

2015 4399 2210 4470 μηκέτι
2237 4401 2326 4454 τὸν
2352 4402 2538 4474 θρόνον
2565 4404 2746 4468 Δαϐὶδ,
2771 4407 2905 4477 μηδὲ
2928 4409 3055 4470 τοὺς
3080 4410 3144 4460 ἐκ
3171 4410 3489 4482 σπέρματος
3505 4415 3622 4466 αὖ-

2009 4489 2102 4543 τοῦ
2133 4492 2444 4562 βασιλεῦσαι
2490 4494 2583 4548 τοῦ
2625 4496 2890 4550 Ἰουδαίων
2927 4497 3132 4562 ἔθνους.
3161 4501 3272 4554 Καὶ
3303 4503 3512 4576 ταύτην
3545 4523 3619 4574 γε

2009 4585 2111 4656 τὴν
2157 4587 2454 4659 γενομένην
2487 4588 2783 4642 διάπτωσιν
2815 4591 2912 4662 τῆς
2939 4593 3077 4662 πρὸς
3108 4595 3200 4647 τὸν
3230 4596 3399 4649 Δαϐὶδ
3425 4601 3617 4669 ἐπαγ-

2009 4678 2194 4746 γελίας
2222 4679 2364 4733 κατὰ
2385 4681 2483 4752 τὴν
2505 4683 2904 4756 προειρημένην
2929 4685 3024 4740 τοῦ
3047 4687 3264 4759 ψαλμοῦ
3296 4693 3617 4763 παράθεσιν

2005 4771 2067 4822 τὸ
2101 4770 2240 4824 θεῖον
2270 4765 2372 4824 ὧδέ
2421 4792 2538 4838 πως
2570 4775 2795 4848 Πνεῦμα
2824 4777 3102 4844 θεσπίζει·
3145 4801 3164 4833 ι
3195 4784 3268 4837 Σὺ
3297 4785 3356 4838 δέ
3389 4787 3614 4844 ἀπώσω

2004 4863 2098 4915 καὶ
2131 4862 2511 4930 ἐξουδένωσας,
2554 4867 2814 4922 άνεϐάλου
2866 4872 2956 4924 τὸν
2998 4874 3232 4944 Χριστόν
3280 4895 3415 4933 σου·
3463 4900 3609 4936 κατ-

2003 4954 2272 5026 έστρεψας
2303 4957 2403 5028 τὴν
2441 4958 2708 5032 διαθήκην
2740 4963 2834 5016 τοῦ
2863 4963 3048 5018 δούλου
3094 4983 3211 5030 σου,
3240 4969 3608 5042 ἐϐεϐήλωσας

2000 5047 2078 5109 είς
2109 5045 2207 5116 τήν
2233 5047 2334 5118 γῆν
2361 5047 2422 5100 τὸ
2459 5049 2703 5122 άγίασμα
2723 5053 2888 5106 αὐτοῦ
2912 5071 2924 5084 ο
2957 5055 3207 5122 καθεῖλες
3233 5061 3449 5126 πάντας
3467 5068 3605 5130 τοὺς

1998 5141 2288 5208 φραγμοὺς
2319 5141 2484 5195 αὐτοῦ
2503 5160 2517 5172 ο
2563 5162 2581 5193 ι
2613 5145 2706 5197 καὶ
2741 5148 2858 5216 μετ’
2889 5147 3042 5218 ὀλίγα
3062 5167 3074 5179 ·
3111 5167 3130 5199 ι
3158 5152 3263 5205 Τὸν
3286 5154 3477 5224 θρόνον
3503 5161 3606 5211 αῦ-

1972 5229 2088 5304 ητοῦ
2124 5232 2202 5293 εἰς
2231 5231 2329 5303 τὴν
2370 5234 2474 5304 γῆν
2509 5235 2869 5308 κατέῤῥαξας,
2906 5241 3240 5313 ἐσμίκρυνας
3303 5247 3404 5310 τὰς
3448 5251 3601 5321 ήμὲ-

1997 5337 2095 5390 ρας
2151 5321 2245 5374 τοῦ
2307 5325 2500 5396 χρόνου
2566 5327 2760 5392 αὐτοῦ,
2795 5348 2797 5352 ·
2833 5331 3098 5402 κατέχεας
3159 5335 3329 5391 αὐτοῦ
3394 5342 3600 5412 αἰσχύ-

1991 5430 2108 5482 νην.
2141 5417 2241 5468 »Ἃ
2286 5417 2379 5470 καὶ
2424 5419 2670 5492 ἐναργῶς
2718 5421 3001 5494 ἀρξάμενα
3045 5427 3420 5486 συντελεῖσθαι
3473 5436 3596 5488 ἀπὸ

1985 5504 2086 5576 τῆς
2137 5509 2217 5571 εἰς
2261 5508 2555 5565 Βαϐυλῶνα
2592 5515 2967 5585 αἰχμαλωσίας
2991 5519 3082 5572 τοῦ
3113 5519 3246 5575 λαοῦ
3278 5525 3445 5597 μέχρι
3477 5527 3596 5598 τῆς

1999 5599 2285 5670 Ῥωμαίων
2321 5603 2416 5657 καὶ
2451 5604 2703 5677 Τιϐερίου
2741 5609 3084 5684 παρεξετάθη
3135 5615 3437 5685 βασιλείας.
3466 5621 3590 5675 0:3-

1985 5687 2095 5752 δεὶς
2120 5688 2250 5758 γοῦν
2283 5694 2348 5746 ἐκ
2390 5695 2490 5764 τῆς
2529 5694 2622 5749 τοῦ
2664 5700 2830 5753 Δαϐὶδ
2869 5703 3120 5777 διαδοχῆς
3141 5707 3201 5762 ἐν
3223 5713 3338 5775 τοῖς
3367 5713 3592 5782 μεταξῦ

347 5752 586 5846 _“Psal.
618 5775 734 5832 XII,
765 5763 872 5837 is;
915 5766 1104 5831 Matth,
1143 5787 1312 5843 xxvii,
1351 5773 1442 5831 55.
1521 5775 1741 5868 fp’Psal.
1774 5752 2264 5884 mxvux,26-50.
2319 5752 2564 5877 enim.
2599 5791 2782 5854 56-58.
