3828 6220
230 348 342 406 533

1148 339 1802 403 DEMONSTRATIONIS
1838 341 2311 401 EVANGELICJE‘
2338 340 2466 401 LIB.
2509 340 2625 400 Vll;

3388 343 3509 400 επ.

229 464 447 539 χρόνοις
512 461 759 534 φαίνεται
805 463 899 517 ἐπὶ
951 462 1041 517 τὸν
1096 462 1375 534 βασιλικὸν
1423 463 1517 518 τοῦ
1554 463 1817 536 Ἐϐραίων
1845 481 1893 536 Α

1921 463 2065 517 rium
2104 461 2245 532 ejus,
2281 460 2601 518 destruxisti
2655 474 2848 517 omnes
2906 474 3064 534 sepes
3108 458 3231 532 ejus
3267 461 3336 517 “.
3375 480 3396 515 ι
3428 459 3495 517 Et

229 558 417 622 ἔθνους
480 557 767 623 καθεσθεὶς
821 556 1011 629 θρόνον
1064 557 1225 632 μέχρι
1283 559 1384 631 τῆς
1431 558 1528 613 τοῦ
1576 558 1813 632 Χριστοῦ

228 649 549 723 παρουσίας.
582 650 691 703 Τοῦ
741 650 799 704 δὲ
844 651 910 703 ὲκ
954 638 1267 723 σπέρματος
1312 649 1477 705 Δαϐὶδ
1521 652 1812 724 γενομένου

228 743 438 814 Κυρίου
469 745 564 797 καὶ
605 742 861 816 Σωτῆρος
883 742 1040 815 ἡμῶν
1082 743 1258 815 Ἰησοῦ
1284 744 1524 818 Χριστοῦ
1552 744 1815 817 βασιλέως

228 837 323 890 ἐπὶ
368 838 550 892 πᾶσαν
587 834 696 905 τὴν
725 837 1050 909 οἰκουμένην
1102 838 1594 911 ἀνακηρυχθέντος,
1626 837 1814 909 ὥσπερ

226 929 337 982 ἀπὸ
378 928 488 999 γῆς
529 930 622 984 καὶ
655 927 946 1001 πτώματος
986 929 1310 996 ἀνανεωθεὶς
1349 929 1511 996 αὐτὸς
1556 932 1763 993 ἐκεῖνος
1786 932 1814 983 6

226 1022 417 1093 θρόνος
446 1022 612 1076 Δαϐὶδ
641 1021 728 1076 διὰ
763 1022 865 1094 τῆς
897 1021 992 1076 τοῦ
1023 1024 1275 1096 Σωτῆρος
1316 1022 1472 1096 ήμῶν
1499 1023 1681 1078 ἐνθέου
1717 1020 1815 1093 βα-

226 1112 436 1178 σιλείας
477 1113 817 1185 ἀνώρθωται,
851 1116 946 1169 καὶ
987 1115 1230 1187 διαμενεῖ
1258 1118 1338 1181 εἰς
1377 1115 1469 1170 τὸν
1501 1114 1693 1180 αἰῶνα,
1721 1114 1814 1168 καὶ

225 1206 394 1261 εἰσέτι
428 1224 515 1277 γε,
556 1208 632 1272 ὼς
661 1209 690 1262 6
722 1208 873 1279 ἣλιος
911 1208 1153 1264 ἐναντίον
1184 1207 1277 1262 τοῦ
1306 1207 1463 1274 Θεοῦ,
1494 1209 1595 1279 τὴν
1632 1198 1812 1262 πᾶσαν

222 1300 602 1371 καταλάμπων
632 1301 955 1373 οἰκουμένην
978 1304 1097 1366 ταῖς
1129 1302 1310 1355 ἀκτῖσι
1356 1299 1450 1355 τοῦ
1495 1301 1670 1371 φωτὸς
1711 1300 1812 1372 τῆς

220 1390 572 1456 διδασκαλίας
602 1392 791 1458 αὐτοῦ,
824 1392 1132 1457 ἀκολούθως
1165 1396 1232 1466 τῇ
1258 1410 1319 1447 τε
1352 1393 1460 1447 ἀπὸ
1478 1392 1571 1447 τοῦ
1592 1392 1810 1466 ψαλμοῦ

224 1485 524 1558 μαρτυρίᾳ,
560 1487 655 1540 καὶ
690 1485 785 1540 τοῦ
818 1486 957 1559 μετά
1001 1490 1191 1560 χεῖρας
1218 1489 1521 1559 προφήτου,
1556 1488 1685 1559 περὶ
1715 1486 1809 1541 τοῦ

219 1577 691 1649 γεννηθησομένου
718 1579 934 1633 παιδίου
960 1579 1226 1650 λέγοντος,
1254 1581 1347 1633 ἐπὶ
1372 1579 1465 1633 τὸν
1496 1579 1683 1653 θρόνον
1704 1582 1810 1635 Δα-

218 1666 329 1732 σὶδ,
365 1668 564 1740 δηλαδὴ
585 1670 678 1723 τὸν
711 1669 927 1725 αἰώνιον
953 1673 1049 1725 καὶ
1074 1673 1291 1744 διαρκῆ,
1315 1673 1405 1726 τὸν
1431 1673 1495 1744 δὴ
1520 1673 1614 1727 καὶ
1639 1675 1811 1743 ἐπηγ-

217 1759 484 1832 γελμένον
512 1760 594 1832 τῷ
622 1762 788 1815 Δαϐὶδ
811 1762 1244 1834 καθεσθήσεσθαι
1279 1762 1440 1817 αὐτὸν
1470 1763 1563 1817 ὲπὶ
1595 1762 1692 1834 τὴν
1717 1761 1811 1833 βα-

1915 562 2041 627 post
2067 568 2243 625 pauca
2276 572 2289 609 :
2328 572 2348 605 ‹
2392 551 2589 609 Sedem
2617 551 2739 622 ejus
2764 553 2823 607 in
2854 552 3057 609 terram
3085 552 3361 619 collisisti,
3388 553 3493 608 mi.

1917 646 2086 703 nuisti
2110 646 2227 702 dies
2249 644 2512 717 temporis
2537 644 2679 716 ejus,
2723 643 3015 716 perfudisti
3056 658 3181 699 eum
3210 640 3493 701 confusio.

1915 753 1985 793 ne
2010 739 2080 791 ⁸⁷.
2122 756 2141 791 ι
2170 737 2303 805 Quae
2334 739 2518 793 omnia
2577 751 2704 792 cum
2749 736 2865 807 jam
2916 734 3104 807 perﬁci
3164 734 3493 807 inceperint,

1916 830 2069 886 abeo
2099 838 2346 901 tempore
2374 844 2484 901 quo
2516 829 2751 901 populus
2784 830 2841 883 in
2884 827 3216 901 Babylonem
3243 828 3496 900 captivus

1914 923 2114 980 ductus
2144 932 2247 989 est,
2277 938 2451 994 usque
2484 922 2552 977 ad
2596 922 2967 978 Romanorum
2988 927 3044 977 et
3074 919 3280 978 Tiberii
3323 921 3498 989 impe-

1913 1014 2056 1069 rium
2082 1015 2297 1086 prolata
2343 1025 2707 1085 provectaque
2756 1020 2900 1070 sunt.
2933 1012 3098 1084 339
3122 1011 3316 1069 Nullus
3345 1012 3522 1068 enim-

1912 1119 1980 1160 ex
2022 1120 2222 1176 genere
2272 1103 2443 1160 David
2497 1104 2602 1160 hoc
2628 1111 2745 1161 toto
2781 1104 3111 1159 intermedio
3155 1109 3402 1174 tempore
3435 1101 3493 1156 in

1912 1195 2195 1253 Hebraicae
2225 1198 2403 1269 gentis
2444 1199 2595 1270 regia
2650 1198 2780 1254 sede
2806 1196 3026 1253 videtur
3060 1195 3290 1259 sedisse,
3316 1211 3494 1266 usque

1914 1288 1983 1344 ad
2004 1289 2210 1346 Christi
2232 1290 2546 1347 adventum.
2570 1288 2677 1345 Ubi
2706 1305 2838 1345 vero
2869 1289 3131 1345 Dominus
3158 1297 3213 1345 et
3246 1286 3492 1343 Salvator

1912 1388 2101 1439 noster
2131 1380 2292 1439 Jesus
2339 1381 2615 1447 Christus,
2649 1381 2743 1452 qui
2769 1381 2840 1436 de
2894 1380 3102 1437 semine
3135 1377 3305 1434 David
3336 1386 3492 1435 ortus

1911 1479 2018 1539 est,
2060 1472 2119 1528 in
2155 1479 2333 1528 totum
2358 1474 2546 1528 orbem
2577 1487 2677 1527 rex
2710 1472 3068 1528 denuntiatus
3096 1478 3203 1537 est,
3228 1477 3494 1541 tanquam

1910 1580 1976 1621 ea
2004 1581 2127 1637 quae
2170 1564 2239 1621 de
2269 1574 2417 1621 terra
2447 1574 2502 1621 et
2534 1564 2696 1619 ruina
2746 1564 3052 1621 instaurata
3109 1565 3202 1629 sit,
3230 1565 3349 1635 ipsa
3399 1562 3495 1621 illa

1912 1661 2071 1718 sedes
2097 1659 2270 1715 David
2303 1674 2401 1731 per
2428 1660 2675 1716 divinum
2708 1658 3011 1718 Salvatoris
3057 1657 3234 1713 nostri
3261 1671 3494 1728 regnum

1911 1759 2095 1809 erecta
2116 1761 2221 1819 est,
2249 1759 2306 1807 et
2328 1752 2673 1823 permanebit
2698 1753 2753 1807 iu
2795 1759 3086 1817 aeternum,
3121 1750 3291 1806 veluti
3324 1748 3408 1805 sol
3433 1749 3493 1804 in

220 1852 431 1907 σιλειαν
471 1853 660 1917 αὐτοῦ,
688 1853 1035 1927 κατορθῶσαι
1081 1854 1249 1927 αὐτὴν
1300 1855 1395 1908 καὶ
1427 1853 1807 1910 ἀντιλαϐέσθαι
1838 1858 1881 1914 Β

1910 1851 2211 1915 conspectu
2247 1842 2363 1908 Dei,
2413 1843 2562 1899 illius
2594 1844 2758 1903 .lucis
2806 1843 2998 1907 radiis,
3026 1856 3189 1913 quam
3240 1840 3491 1898 doctrina

215 1944 279 1998 ὲν
311 1944 542 2016 κρίματι
588 1943 684 1998 καὶ
730 1943 1044 2017 δικαιοσύνῃ
1085 1945 1194 1998 ἀπὸ
1225 1944 1321 1999 τοῦ
1355 1944 1450 1999 νῦν
1481 1946 1575 1999 καὶ
1604 1946 1684 2008 είς
1715 1945 1807 1999 τὸν

214 2034 613 2099 αίῶνα.”οπως
640 2035 699 2089 δὲ
721 2035 895 2090 ταῦτα
927 2035 1252 2107 ἐπληροῦτο,
1275 2036 1592 2102 διδάσκαλος
1613 2037 1807 2106 γένοιτ’

214 2129 288 2185 ἂν
337 2129 635 2202 ἀξιόχρεως
687 2129 927 2202 Γαϐριὴλ
973 2132 1002 2183 6
1049 2129 1281 2199 ἄγγελος
1323 2131 1382 2186 ὲν
1429 2129 1508 2202 τῷ
1540 2132 1676 2203 πρὸς
1709 2131 1808 2204 τὴν

214 2223 497 2296 Παρθένον
547 2223 915 2296 χρηματισμῷ
965 2224 1219 2296 φάσκων·
1281 2243 1300 2275 ι
1329 2223 1422 2295 Μὴ
1467 2223 1654 2293 φοϐοῦ,
1689 2226 1808 2278 Μα-

220 2316 392 2387 ριάμ’
420 2309 581 2387 εὗρες
614 2315 723 2388 γάρ
755 2317 913 2389 χάριν
946 2304 1099 2388 παρά
1129 2316 1209 2387 τῷ
1241 2315 1387 2388 Θεῷο
1418 2317 1511 2370 καὶ
1540 2316 1647 2369 ίδοὺ
1684 2315 1808 2369 συλ-

214 2406 366 2481 λήψῃ
386 2411 454 2471 γὲν
479 2409 697 2480 γαστρὶ,
718 2409 811 2463 καὶ⁵
833 2409 964 2483 τέξῃ
990 2411 1123 2474 υἱὸν,
1156 2411 1252 2464 καὶ
1275 2408 1524 2473 καλέσεις
1554 2409 1614 2462 τὸ
1638 2409 1807 2479 ὄνομα

211 2499 385 2554 αὐτοῦ
418 2502 649 2574 Ἰησοῦν.
682 2499 849 2567 Οὗτος
883 2502 1034 2555 ἔσται
1065 2502 1259 2573 μέγας,
1281 2502 1375 2556 καὶ
1405 2503 1521 2565 υἱὸς
1551 2502 1804 2571 Ὑψίστου

209 2591 572 2665 κληθήσεται,
613 2596 708 2649 καὶ
739 2593 901 2649 δώσει
932 2594 1081 2665 αὐτῷ
1109 2594 1314 2667 Κύριος
1341 2597 1370 2648 6
1401 2595 1535 2659 Θεὸς
1558 2596 1650 2649 τὸν
1679 2595 1805 2667 θρό-

208 2701 310 2739 νον
339 2685 508 2739 Δαϐὶδ
542 2686 636 2739 τοῦ
666 2688 875 2759 πατρὸς
907 2688 1095 2753 αὑτοῦ,
1121 2689 1216 2743 καὶ
1251 2687 1559 2759 βασιλεύσει
1590 2688 1682 2741 ἐπὶ
1714 2688 1805 2741 τὸν

206 2772 367 2831 οἷκον
408 2776 604 2831 Ἰακὼϐ
637 2780 718 2842 εἰς
742 2780 834 2833 τὸν
867 2780 1061 2845 αἰῶνα,
1085 2782 1180 2835 καὶ
1204 2780 1307 2851 τῆς
1335 2778 1610 2851 βασιλείας
1640 2778 1804 2832 αὑτοῦ

206 2872 319 2924 οὐκ
347 2870 499 2925 ἔσται
524 2872 696 2936 τέλος.
732 2893 749 2923 ι
787 2873 1003 2944 Ταύτην
1041 2876 1098 2927 ὲν
1129 2872 1209 2944 τῷ
1252 2872 1637 2945 προειρημένῳ
1667 2871 1804 2943 ψαλ-

211 2962 307 3035 μῷ
334 2965 430 3017 καὶ
459 2965 488 3017 6
524 2965 807 3037 προφήτης
841 2963 1153 3035 προσδοκῶν
1188 2966 1288 3037 τὴν
1318 2963 1412 3017 τοῦ
1440 2963 1674 3037 Χριστοῦ
1708 2963 1803 3033 γέ-

206 3072 383 3120 νεσιν,
414 3057 513 3127 τήν
549 3073 607 3109 τε
644 3057 937 3128 ὑπέρθεσιν
964 3057 1154 3128 αὐτῆς,
1191 3057 1283 3110 καὶ
1323 3055 1587 3127 ἀναϐολὴν
1616 3055 1805 3128 ῶσπερ

206 3146 398 3201 αἰτίαν
446 3147 687 3219 συνορῶν
730 3149 828 3219 τῆς
870 3148 964 3202 τοῦ
991 3149 1182 3221 θρόνου
1217 3147 1380 3200 Δαϐὶό
1411 3146 1799 3212 ἀποπτῶσεως,

205 3239 587 3293 ἀποδυσπετεῖ
610 3240 784 3309 λέγων
804 3258 816 3270 ·
848 3261 866 3292 ι
895 3241 966 3293 Σὺ
986 3241 1044 3294 δὲ
1067 3240 1272 3294 ἀπώσω
1297 3240 1391 3294 καὶ
1420 3239 1799 3305 ὲξουδένωσας,

205 3331 480 3386 ἀνεϐάλου
509 3333 602 3385 τὸν
630 3334 864 3404 Χριστόν
900 3350 1015 3386 σου.
1050 3352 1069 3385 ›
1109 3332 1343 3404 Εὕχεται
1375 3333 1431 3386 δὲ
1462 3332 1649 3404 ὥσπερ
1682 3331 1807 3384 δυσ-

204 3421 385 3479 ωπῶν
429 3422 491 3474 τὸ
533 3421 707 3486 Θεῖον,
808 3422 972 3492 τάχος
1006 3422 1361 3493 πληρωθῆναι
1400 3422 1469 3476 τά
1504 3422 1605 3492 τῆς
1634 3424 1806 3490 ἐπαγ-

204 3513 427 3584 γελίας,
455 3513 682 3582 φάσκων
708 3531 721 3544 ·
758 3533 775 3565 ι
805 3513 916 3566 Ποῦ
959 3516 1075 3567 ἐστι
1106 3515 1173 3569 τά
1203 3514 1325 3586 έλέη
1359 3532 1452 3568 σου
1482 3513 1549 3567 τά
1583 3516 1802 3586 ἀρχαῖα,

203 3604 417 3677 Κύριε,
451 3604 487 3658 ἃ
518 3604 739 3676 ὤμοσας
771 3604 850 3676 τῷ
876 3604 1040 3658 Δαϐὶδ
1084 3606 1142 3659 ὲν
1189 3609 1256 3676 τῇ
1288 3605 1518 3676 ἀληθείᾳ
1547 3620 1675 3669 σου;
1710 3625 1729 3656 ι
1768 3604 1804 3659 ἀ

202 3696 276 3771 δὴ
336 3696 649 3764 σαφέστατα
702 3696 797 3749 καὶ
846 3695 987 3749 αὐτὰ
1035 3696 1100 3767 δὴ
1151 3696 1323 3750 ταῦτα
1348 3696 1803 3768 πληρωθήσεσθαι

203 3787 309 3842 ἐπὶ
336 3791 404 3859 τῇ
434 3788 644 3856 γενέσει
671 3787 765 3841 τοῦ
800 3789 900 3859 τῆς
937 3787 1178 3859 μεγάλης
1210 3788 1406 3859 βουλῆς
1440 3789 1670 3857 ἀγγέλου
1716 3788 1805 3842 θε-

205 3880 404 3945 σπίζει
422 3897 437 3911 ο
480 3882 596 3950 Ἐφ’
620 3874 666 3949 ᾧ
708 3880 1020 3951 θελήσουσι,
1049 3881 1234 3952 φησὶν,
1263 3882 1313 3934 οἱ
1341 3881 1804 3953 προαποδοθέντες

204 3979 259 4031 εί
301 3975 643 4047 ἐγενήθησαν
709 3975 1091 4047 πυρίκαυστον
1126 3993 1146 4026 ι
1193 3974 1325 4029 διότι
1385 3974 1595 4029 παιδίον
1647 3978 1801 4044 ἐγεν-

203 4069 354 4140 νήθη
388 4070 542 4140 ἡμῖν,
578 4068 672 4121 καὶ
708 4068 822 4131 υίὸς
849 4067 1003 4137 ἐδόθη
1037 4070 1167 4140 ἡμῖν
1196 4070 1226 4120 6
1252 4067 1350 4139 τῆς
1394 4067 1639 4140 μεγάλης
1678 4079 1801 4138 ρου-

204 4160 312 4231 λῆς
346 4159 595 4227 ἄγγελος.
639 4179 658 4212 ι
696 4160 817 4216 Τίσι
842 4160 897 4213 δὲ
929 4162 1061 4231 ἡμῖν
1104 4160 1139 4232 ἢ
1190 4162 1305 4224 τοῖς
1338 4161 1418 4223 είς
1442 4160 1602 4213 αὐτὸν
1637 4177 1801 4213 πεπι-

206 4252 473 4305 στευκόσι
499 4254 614 4315 τοῖς
645 4254 703 4305 ὲν
745 4254 812 4323 τῇ
861 4251 1121 4323 Γαλιλαίᾳ
1148 4251 1256 4305 τῶν
1283 4251 1482 4317 ἐθνῶν,
1516 4246 1598 4315 οἷς
1631 4250 1803 4315 αἴτιος

202 4343 508 4415 γεγένηται
539 4343 717 4413 φωτὸς
749 4346 843 4397 καὶ
869 4343 1224 4415 εὐφροσύνης,
1258 4343 1443 4398 καινοῦ
1478 4361 1535 4397 τε
1562 4345 1655 4397 καὶ
1679 4343 1799 4396 νέου

202 4436 405 4502 τωτοῦ,
438 4438 540 4506 τῆς
584 4437 776 4507 καινῆς
820 4435 1095 4508 Διαθήκης
1145 4438 1463 4508 μυστηρίου,
1514 4436 1653 4489 κατά
1702 4437 1798 4508 τὴν

204 4537 468 4606 φήσασαν
519 4530 884 4603 προφητείαν,
943 4547 962 4581 ‹
988 4528 1159 4582 Τοῦτο
1208 4529 1444 4601 πρῶτον,
1494 4528 1605 4591 πίε,
1658 4528 1794 4597 ταχὺ
1830 4561 1872 4615 D

205 4624 384 4689 ποίει,
415 4621 569 4694 χώρα
617 4619 922 4684 Ζαϐουλὼν,
959 4621 1053 4672 καὶ
1101 4618 1174 4689 γῆ
1227 4618 1567 4690 Νεφθαλεὶμ,
1607 4619 1701 4673 καὶ
1748 4620 1797 4672 οἱ

202 4715 394 4772 homo!
431 4716 479 4767 οἱ
522 4712 620 4785 τὴν
660 4711 932 4784 παραλίαν
964 4711 1237 4776 οἰκοῦντες
1262 4711 1434 4783 πέραν
1462 4710 1557 4764 τοῦ
1598 4710 1797 4782 Ἰορδά-

202 4824 343 4871 νου,
370 4802 626 4859 Γαλιλαία
650 4801 759 4855 τῶν
786 4801 971 4855 ὲθνῶν·
1001 4803 1029 4856 6
1047 4802 1174 4866 λαὸς
1193 4804 1221 4855 6
1248 4802 1556 4873 καθήμενος
1587 4803 1644 4854 ὲν
1675 4802 1799 4854 σκόο

201 4915 319 4962 τει,
344 4894 460 4964 φῶς
504 4895 641 4948 ἴδετε
679 4893 850 4964 μέγα·
886 4896 1119 4957 καὶτοῖς
1158 4893 1484 4965 καθημένοις
1518 4895 1576 4947 ἐν
1621 4894 1800 4946 σκότει
1839 4952 1848 4965 ,

203 4991 311 5047 καὶ
338 4990 466 5060 σκιᾷ
492 4989 744 5053 θανάτου,
778 4987 894 5059 φῶς
916 4987 1185 5042 ἀνέτειλεν
1208 4988 1424 5054 αύτοῖς;
1461 5006 1479 5038 ι
1512 4981 1634 5040 Εἶεν
1660 4985 1702 5038 δ’
1734 4984 1799 5039 ἂν

197 5083 268 5136 ἐν
304 5077 518 5143 τούτοις
544 5078 862 5149 δηλούμενοι
893 5079 1023 5131 οἵτε
1055 5077 1114 5142 ἐξ
1144 5078 1312 5132 ἐθνῶν
1342 5080 1421 5143 είς
1445 5079 1535 5132 τὸν
1564 5081 1799 5153 Χριστὸν

195 5169 305 5226 τοῦ
344 5168 479 5224 Θεοῦ
505 5168 951 5238 πεπιστευκότες,
980 5167 1076 5221 καὶ
1123 5169 1173 5221 οἱ
1216 5167 1309 5220 τοῦ
1357 5167 1609 5240 Σωτῆρος
1637 5168 1797 5241 ἡμῶν

201 5262 459 5337 μαθηταὶ
509 5263 602 5315 καὶ
646 5261 952 5327 ἀπόστολοι,
983 5259 1075 5326 οὓς
1104 5260 1210 5313 ἀπὸ
1242 5261 1345 5331 γῆς
1386 5259 1670 5313 Ζαϐουλὼν
1703 5260 1799 5313 καὶ

196 5354 534 5425 Νεφθαλεὶμ
574 5355 1069 5425 ἀνακαλεσάμενος,
1104 5350 1384 5417 ἐξελέξατο
1416 5353 1666 5423 κήρυκας
1699 5350 1794 5405 τοῦ

197 5445 567 5515 Εὐαγγελίου.
605 5445 826 5510 Τούτοις
854 5445 951 5513 μὲν
1000 5439 1092 5498 οὖν
1132 5446 1161 5498 6
1198 5443 1299 5514 τῆς
1329 5444 1569 5518 μεγάλης
1596 5443 1802 5515 βουλῆς·

197 5540 444 5612 ἄγγελος
478 5540 591 5605 υιδς
625 5538 801 5611 ἐδόθη,
838 5539 1111 5611 σωτηρίας
1142 5540 1331 5603 αῐτιοςο
1351 5541 1463 5603 τοῖς
1491 5540 1548 5593 δὲ
1580 5542 1660 5603 εἰς
1692 5540 1792 5593 αὐ-

197 5632 301 5692 τὸν
333 5632 691 5703 ήπιστηκόσι,
710 5631 877 5702 πυρὸς
914 5629 1115 5701 δηλαδὴ
1147 5630 1242 5685 καὶ
1268 5629 1710 5702 καύσεως.”ολης
1736 5629 1794 5683 δὲ

1913 1935 2061 1990 illius
2086 1949 2198 2006 prae
2218 1949 2279 1990 se
2300 1932 2427 2000 fert,
2467 1940 2643 1992 totum
2667 1935 2857 1990 orbem
2884 1939 3159 1989 terrarum
3181 1932 3488 1997 illustrans;

1910 2026 2057 2097 quod
2083 2024 2303 2098 quidem
2333 2033 2388 2082 et
2416 2027 2613 2097 psalmi
2640 2026 2891 2098 proximo
2919 2024 3237 2082 testimonio
3257 2038 3493 2078 consen-

1909 2127 2130 2176 taneum
2158 2127 2260 2185 est,
2286 2127 2340 2175 et
2368 2119 2497 2175 huic
2513 2121 2815 2191 prophetae,
2852 2117 2921 2173 de
2943 2132 3053 2189 quo
3073 2132 3222 2173 nunc
3252 2116 3488 2187 agimus,

1908 2212 2003 2284 qui
2065 2211 2136 2268 de
2178 2226 2355 2283 puero
2387 2212 2601 2267 orituro
2642 2211 2739 2276 ait,
2773 2212 2954 2281 ipsum
3010 2209 3068 2264 in
3113 2206 3244 2265 sede
3294 2206 3487 2271 David,

1907 2311 2114 2360 aeterna
2133 2302 2388 2359 videlicet
2410 2317 2476 2358 ac
2506 2309 2881 2375 permanente,
2911 2315 3034 2372 qua
3056 2300 3220 2357 etiam
3250 2299 3357 2371 ipsi
3384 2298 3491 2355 Da-

1907 2397 1998 2454 vid
2023 2397 2294 2468 promissa
2328 2405 2433 2461 est,
2453 2412 2735 2453 sessurum
2764 2398 2820 2451 in
2850 2411 3018 2466 regno
3046 2395 3243 2466 ipsius,
3272 2403 3332 2450 ut
3361 2394 3491 2449 diri-

1908 2497 1999 2560 gat
2026 2487 2162 2544 illud
2195 2494 2251 2544 et
2283 2487 2555 2559 suscipiat
2608 2488 2665 2543 in
2701 2486 2913 2557 judicio
2936 2495 2991 2540 et
3029 2484 3249 2554 justitia
3289 2483 3359 2539 ab
3382 2484 3489 2539 hoc

1907 2581 2029 2651 ipso
2060 2591 2303 2651 tempore
2341 2595 2518 2650 usque
2540 2579 2596 2633 in
2629 2578 2912 2635 saeculum.
2935 2576 3108 2633 Porro
3140 2584 3321 2632 autem
3351 2590 3488 2646 quo-

1906 2674 2070 2729 modo
2103 2673 2219 2727 haec
2247 2672 2366 2743 ipsa
2392 2671 2662 2741 completa
2692 2671 2825 2734 sint,
2878 2669 3013 2726 satis
3073 2666 3291 2724 abunde
3322 2667 3489 2723 doce-

1907 2782 1967 2822 re
1989 2780 2089 2820 nos
2110 2771 2292 2835 potest
2314 2764 2540 2836 angelus
2567 2761 2810 2826 Gabriel,
2836 2762 2895 2817 in
2919 2776 2986 2817 ea
3020 2761 3348 2816 allocutione
3377 2776 3487 2832 qua

1906 2859 1973 2914 ad
2002 2857 2281 2929 Virginem
2320 2871 2454 2911 usus
2502 2862 2588 2910 est
2640 2854 2721 2909 sic
2771 2854 2961 2909 dicens
3007 2867 3022 2904 :
3064 2870 3082 2903 c
3137 2850 3215 2907 Ne
3264 2850 3484 2916 timeas,

1907 2949 2098 3013 Maria,
2140 2947 2398 3003 invenisti
2452 2947 2598 3001 enim
2650 2944 2882 3016 gratiam
2935 2942 3077 3013 apud
3109 2939 3321 3009 Deum;
3354 2955 3501 2997 ecco-

1906 3040 2184 3111 concipies
2219 3039 2276 3094 in
2318 3045 2475 3093 utero
2508 3043 2564 3093 et
2611 3037 2792 3108 paries
2830 3034 3022 3099 ﬁlium,
3048 3043 3104 3090 et
3129 3033 3356 3091 vocabis
3382 3048 3487 3089 no-

1906 3151 2031 3191 men
2055 3134 2175 3204 ejus
2203 3132 2415 3197 Jesum,
2445 3133 2534 3187 hic
2559 3131 2664 3186 erit
2706 3144 2958 3201 magnus,
2990 3137 3044 3185 et
3090 3128 3235 3185 ﬁlius
3264 3127 3486 3184 Altissi-

1906 3227 1979 3281 mi
2010 3227 2318 3289 vocabitur,
2350 3232 2405 3281 et
2432 3224 2585 3280 dabit
2611 3225 2662 3279 ei
2697 3223 2961 3279 Dominus
2980 3220 3125 3278 Deus
3163 3220 3348 3277 sedem
3379 3220 3487 3275 Da-

1906 3317 1997 3371 vid
2025 3316 2195 3386 patris
2230 3315 2371 3384 ejus,
2400 3322 2453 3369 et
2487 3312 2735 3385 regnabit
2769 3314 2823 3367 in
2851 3312 3015 3366 domo
3038 3309 3210 3365 Jacob
3241 3310 3296 3365 in
3320 3319 3483 3365 cter-

1904 3425 2057 3469 num,
2094 3416 2148 3462 et
2170 3409 2323 3479 regni
2360 3406 2483 3477 ejus
2528 3422 2637 3461 non
2670 3405 2777 3461 erit
2823 3405 2948 3460 ﬁnis
2971 3405 3042 3468 ⁸⁸,
3086 3424 3105 3457 ›
3131 3403 3310 3474 ipsum
3336 3402 3487 3458 hunc

1905 3503 1961 3557 in
2020 3504 2231 3575 psalmo
2283 3500 2568 3572 superiore
2616 3500 2780 3553 etiam
2838 3499 3105 3570 propheta
3156 3503 3484 3568 exspectans

1904 3596 2107 3652 Christi
2143 3604 2345 3659 ortum,
2372 3603 2424 3650 et
2455 3608 2664 3647 moram
2689 3592 2831 3660 ejus,
2862 3592 3295 3661 dilationemque
3326 3592 3485 3661 quasi

1904 3689 2078 3742 ruina:
2103 3687 2251 3743 sedis
2283 3685 2451 3740 David
2481 3701 2704 3740 causam
2741 3684 3060 3754 inspiciens,
3091 3683 3253 3740 taadio
3274 3683 3485 3755 ingenti

1904 3780 2158 3846 aﬁicitur,
2183 3789 2236 3834 et
2280 3778 2358 3833 ait
2395 3797 2409 3835 :
2453 3796 2471 3828 ι
2509 3776 2591 3831 Tu
2621 3791 2753 3832 vero
2784 3775 3034 3846 repulisti
3065 3783 3119 3831 et
3160 3775 3481 3846 despexisti,

1904 3871 2166 3928 distulisti
2226 3869 2509 3927 Christum
2568 3876 2742 3923 tuum.
2781 3889 2801 3922 ι
2842 3868 3048 3925 Deinde
3094 3868 3254 3940 quasi
3282 3869 3483 3925 timens

1904 3978 1967 4018 ac
1992 3963 2302 4035 suSpicans,
2333 3961 2506 4017 Deum
2528 3962 2709 4033 ipsum
2736 3970 2877 4026 orat,
2910 3969 2972 4016 ut
3000 3976 3166 4032 quam
3197 3961 3505 4018 celerrime-

1902 4075 1964 4114 ea
1997 4074 2117 4129 quae
2140 4058 2412 4128 promissa
2456 4066 2586 4111 sunt
2620 4054 3005 4121 exhibeantur,
3038 4052 3231 4111 dicens
3269 4073 3282 4108 :
3316 4038 3341 4106 ἰ
3375 4051 3495 4108 Uhi‘

1904 4160 2033 4207 sunt
2063 4148 2457 4207 misericordia!
2490 4157 2596 4205 tuae
2632 4148 2903 4218 antiquae,
2937 4144 3188 4210 Domine,
3219 4161 3359 4218 quas
3385 4146 3479 4216 jn-

1902 4246 2038 4298 rasti
2073 4243 2239 4299 David
2268 4244 2322 4298 in
2354 4242 2586 4298 veritate
2627 4248 2723 4296 tua
2752 4240 2838 4294 “?
2875 4260 2894 4293 ι
2934 4255 3056 4312 quae
3082 4238 3307 4311 quidem
3336 4239 3478 4310 ipsa,

1902 4338 2043 4407 ipsa,
2074 4336 2319 4407 inquam,
2358 4335 2474 4390 lucc
2502 4332 2825 4406 planissime
2883 4332 3209 4403 complenda
3257 4346 3382 4388 esse
3422 4331 3483 4388 in

1902 4437 2027 4484 ortu
2059 4428 2239 4499 magni
2273 4426 2493 4482 consilii
2534 4425 2713 4496 angeli
2745 4424 3081 4480 vaticinatur
3111 4442 3125 4479 :
3158 4422 3222 4480 in
3250 4438 3361 4495 quo
3383 4441 3489 4480 vo-

1904 4528 2037 4590 lent,
2062 4525 2260 4596 inquit,
2287 4523 2324 4578 ii
2359 4522 2427 4579 de
2457 4522 2657 4593 quibus
2683 4529 2845 4578 antea
2875 4521 3086 4577 dictum
3114 4527 3223 4587 est,
3258 4522 3305 4577 si
3344 4520 3483 4579 fuiso

1902 4625 2023 4673 sent
2070 4617 2195 4688 igne
2224 4614 2521 4671 combusti.
2559 4613 2834 4681 Quoniam
2872 4613 3139 4684 puerulus
3184 4621 3351 4671 natus
3397 4623 3483 4671 est

1899 4710 2079 4774 nobis,
2104 4717 2158 4765 et
2198 4708 2342 4765 ﬁlius
2372 4707 2535 4763 datus
2565 4714 2650 4764 est
2694 4706 2877 4773 nobis,
2915 4708 3099 4779 magni
3138 4707 3356 4763 consilii
3391 4722 3483 4761 an-

1899 4804 2072 4875 gelus.
2105 4802 2316 4869 Quibus
2369 4806 2549 4856 autem
2582 4800 2764 4867 nobis,
2789 4798 2895 4855 nisi
2954 4798 3146 4871 iisqui
3191 4800 3248 4855 in
3298 4800 3480 4879 ipsum

1900 4891 2255 4958 credidimus,
2282 4891 2375 4962 qui
2405 4891 2461 4944 in
2493 4887 2715 4945 Galilaea
2748 4890 2993 4963 gentium
3032 4906 3248 4957 sumus,
3281 4891 3481 4961 quibus

1900 4994 2093 5041 auctor
2115 4984 2294 5041 factus
2327 4990 2412 5040 est
2440 4983 2665 5039 luminis
2694 4991 2749 5039 et
2787 4985 3012 5051 laetitiae,
3044 4992 3099 5041 et
3120 4986 3359 5041 recentis
3380 5000 3482 5039 uo-

1899 5076 2066 5148 vique
2125 5084 2310 5148 potus,
2345 5075 2482 5132 Novi
2539 5075 2878 5133 Testamenti
2933 5076 3206 5147 mysterii,
3242 5084 3302 5130 ut
3358 5078 3501 5147 ipsa.

1900 5183 2119 5240 quoque
2157 5167 2443 5240 prophetia
2500 5169 2619 5237 ait,
2655 5169 2820 5246 340
2854 5189 2872 5222 ι
2916 5168 3160 5224 Primum
3188 5169 3334 5233 bibe,
3367 5168 3487 5223 cito

1898 5261 2006 5331 fac,
2031 5260 2181 5333 regio
2219 5259 2487 5327 Zabulon,
2522 5268 2575 5317 et
2605 5271 2747 5318 terra
2778 5260 3150 5331 Nephthalim,
3201 5270 3257 5318 et
3278 5258 3483 5331 reliqui

1899 5353 2232 5410 maritimam
2296 5352 2599 5410 incolentes
2657 5354 2801 5408 ultra
2860 5351 3192 5419 Iordanem,
3253 5351 3487 5411 Galilaea

1898 5446 2142 5519 gentium
2168 5464 2183 5501 :
2218 5446 2453 5518 populus
2477 5445 2676 5502 sedens
2700 5447 2757 5501 in
2789 5444 3055 5512 tenebris,
3081 5445 3264 5503 videte
3294 5446 3475 5503 lucem

1901 5553 2175 5610 magnam,
2199 5545 2254 5595 et
2276 5538 2592 5595 sedentibus
2613 5540 2667 5594 in
2693 5538 2937 5595 tenebris
2962 5544 3017 5595 et
3032 5539 3226 5594 umbra
3256 5540 3472 5605 mortis;

1901 5631 1993 5685 lux
2027 5639 2145 5685 orta
2174 5640 2258 5687 est
2280 5631 2362 5688 eis
2387 5631 2435 5664 '°
2478 5651 2497 5684 ι
2523 5631 2548 5685 ?
2578 5630 2718 5687 Sunt
2745 5648 2874 5690 vero
2895 5632 2933 5688 ii
2954 5631 3048 5705 qui
3087 5632 3140 5686 in
3169 5632 3256 5688 his
3282 5631 3470 5691 verbis

313 5792 528 5850 “Psal.
562 5808 825 5860 Lxxxvm,
861 5790 1046 5849 59-41.
1125 5791 1165 5825 ⁸⁷
1217 5791 1348 5848 ibid.
1381 5792 1472 5863 65,
1504 5792 1590 5847 46.
1669 5792 1713 5826 ⁸⁸
1739 5790 1876 5849 Luc.

1918 5809 1956 5861 ι,
1997 5791 2179 5851 50-55.
2257 5791 2466 5850 "Psal.
2494 5809 2759 5864 Lxxxvm,
2801 5794 2889 5881 ὅθ,
2967 5790 3146 5850 "lsa.
3180 5808 3256 5859 ιι,
3290 5793 3342 5859 1,
3374 5790 3433 5847 3:
