3828 6220
362 297 469 357 55':

1037 299 1312 371 EUSEBII
1347 301 1828 360 CESARIENSIS
1864 301 2012 361 OPP.
2044 304 2225 362 PARS
2266 309 2326 363 ﬂ.
2369 336 2439 349 --
2475 307 2959 368 APOLOGETICA‘

3497 315 3600 372 εδδ

361 411 741 482 signiﬁcantur
769 418 825 469 et
851 413 1164 485 quicunque
1185 431 1249 470 ex
1272 416 1524 486 gentibus
1562 417 1615 470 in
1647 417 1898 474 Christun

2030 420 2228 490 ταύτης
2270 422 2369 492 τῆς
2420 424 2730 494 οἰκονομίας
2767 425 3021 479 ὑπόθεσιν
3043 425 3323 495 γεγονέναι
3353 429 3490 500 φησὶ
3509 428 3598 484 τὸν

365 503 457 560 Dei
481 504 859 569 crediderunt,
894 512 949 561 et
994 502 1293 563 Salvatoris
1337 508 1510 565 nostri
1560 507 1818 579 discipuli
1848 518 1930 565 at-

359 613 467 667 que
493 599 750 669 apostoli,
782 614 921 669 quos
943 599 1010 654 de
1038 605 1182 665 terra
1229 599 1471 655 Zabulon
1500 612 1556 656 et
1584 601 1929 671 Nephtbalim

357 696 633 751 evocatos,
662 703 939 758 praecones
966 687 1245 760 Evangelii
1267 690 1350 744 sui
1381 690 1562 761 elegit.
1595 689 1753 745 IIiscc
1783 692 1928 746 enim

356 777 539 845 magni
557 777 769 833 consilii
793 778 1016 848 angelus
1046 778 1190 834 ﬁlius
1205 780 1364 835 datus
1384 788 1467 837 est
1496 790 1687 835 auctor
1712 783 1925 837 salutis.

354 865 427 921 lis
459 882 587 923 vero
618 868 711 938 qui
745 869 801 923 in
828 870 1004 935 ipsum
1033 886 1143 925 non
1176 871 1530 933 crediderint.
1566 873 1709 944 ignis
1730 873 1927 929 videli-

353 963 441 1010 cet
474 965 637 1026 atque
667 958 926 1014 incendii.
979 957 1260 1016 Universae
1310 968 1490 1016 autem
1548 961 1779 1029 hujusce
1808 962 1925 1018 dis-

351 1049 689 1117 pensationis
720 1064 941 1105 causam
984 1050 1154 1108 fuisse
1214 1052 1290 1107 ait
1346 1052 1519 1106 zelum
1575 1048 1808 1117 Domini,
1843 1051 1925 1107 sic

349 1139 582 1196 dicens:
617 1158 637 1191 ι
669 1139 832 1198 Zelus
873 1142 1086 1197 Domini
1140 1142 1377 1198 Sabaoth
1427 1140 1587 1198 faciet
1630 1140 1746 1198 haec
1788 1144 1853 1197 ⁷¹.
1894 1163 1917 1196 ι

355 1230 460 1287 Sed
496 1232 622 1302 quis
655 1233 876 1290 tandem
911 1235 1000 1289 hic
1033 1234 1105 1289 sit
1148 1235 1297 1290 zelus
1328 1234 1436 1290 nisi
1466 1234 1512 1289 is
1546 1234 1706 1303 cujus
1729 1233 1921 1292 memi-

348 1323 429 1379 nit
460 1322 659 1390 Moses,
696 1326 790 1381 ubi
843 1328 918 1381 ait
951 1344 964 1384 :
1003 1345 1022 1379 ‹
1061 1326 1167 1397 1ρεί
1209 1326 1341 1380 mihi
1389 1324 1563 1380 zelum
1615 1325 1920 1393 injecerunt

346 1415 400 1471 in
436 1430 501 1471 eo
533 1416 625 1487 qui
653 1433 763 1473 non
790 1427 909 1473 erat
944 1417 1111 1483 Deus,
1146 1425 1201 1474 et
1238 1419 1591 1473 irritaverunt
1635 1433 1721 1471 me
1748 1416 1801 1470 in
1842 1416 1919 1475 si-

342 1508 609 1565 mulacris
641 1511 791 1577 suis;
815 1520 868 1566 et
895 1527 994 1580 ego
1029 1512 1203 1567 zelum
1235 1510 1479 1580 iujiciam
1503 1510 1584 1565 cis
1618 1510 1671 1562 in
1703 1524 1765 1564 ea
1796 1524 1916 1579 qua:

2029 511 2188 582 ζῆλον
2232 514 2456 585 Κυρίου,
2510 514 2715 582 λέγων·
2768 534 2787 568 ι
2821 517 2878 570 '0
2917 515 3076 588 ζῆλος
3122 519 3327 591 Κυρίου
3372 517 3596 577 Σαϐαὼθ

2028 605 2241 675 ποιήσει
2294 604 2485 660 ταῦτα.
2519 626 2537 658 ι
2586 606 2744 668 Ποῖος
2787 606 2844 660 δὲ
2891 607 3085 679 ζῆλος;
3132 611 3166 683 ἦ
3213 603 3275 665 οὗ
3328 611 3597 684 μέμνηται

2026 693 2263 765 Μωσῆς,
2313 693 2518 762 λέγων’
2572 715 2591 747 ι
2643 697 2805 751 Αὐτοὶ
2856 699 3249 770 παρεζήλωσάν
3304 720 3371 773 με
3425 706 3595 760 ἐπὀὖ

2025 785 2160 857 Θεῷ,
2191 786 2547 860 παρώργισάν
2580 807 2648 861 με
2688 792 2747 845 ἐν
2776 794 2888 855 τοῖς
2923 791 3158 857 εἰδώλοις
3195 795 3407 850 αὐτῶν
3443 794 3600 865 κάγὼ

2024 876 2402 951 παραζηλώσω
2439 881 2633 945 αὐτοὺς
2662 884 2746 935 ἐπ’
2779 884 2877 936 οὐκ
2905 884 3047 939 ἔθνει
3067 902 3081 919 ο
3115 885 3202 938 ἐπ’
3229 885 3369 940 ἔθνει
3398 887 3597 941 ἀσυνέ-

2020 987 2096 1040 τῳ
2137 972 2422 1044 παροργιῶ
2449 974 2663 1039 αὐτούς.
2695 995 2714 1027 ι
2736 975 2873 1029 Ἀλλ’
2904 979 3027 1032 ἐπεὶ
3063 980 3158 1032 σὺν
3192 980 3310 1051 Θεῷ
3352 979 3425 1035 τὰ
3466 982 3596 1053 περὶ

2017 1060 2118 1131 τῆς
2153 1062 2246 1115 τοῦ
2284 1066 2755 1136 προφητευομένου
2803 1070 2883 1131 είς
2920 1068 3237 1140 ἀνθρώπους
3277 1071 3595 1144 ἐπιδημίας,

2017 1146 2076 1207 οὗ
2107 1153 2212 1226 μὴν
2240 1155 2374 1210 ἀλλὰ
2402 1159 2495 1212 καὶ
2538 1160 2567 1211 ὁ
2606 1160 2806 1231 τρόπος
2835 1162 2933 1232 τῆς
2961 1164 3277 1232 ἐπιφανείας
3304 1165 3473 1219 αὑτοῦ
3504 1166 3595 1220 διὰ

2014 1239 2122 1293 τῶν
2166 1243 2519 1315 προφητικῶν
2546 1247 2912 1303 ἀποδέδεικται
2942 1253 3275 1325 μαρτυριῶν,
3311 1255 3505 1327 καιρὸς
3526 1256 3595 1311 ἂν

2012 1333 2096 1403 εἴη
2130 1335 2381 1399 συνιδεῖν,
2410 1336 2511 1390 ποῦ
2538 1338 2641 1408 γῆς
2668 1340 3111 1415 γεννηθήσεσθαι,
3135 1345 3229 1397 καὶ
3253 1344 3375 1399 ὅθεν
3400 1347 3596 1416 γένους

2011 1420 2180 1512 ἦξεινη
2217 1425 2278 1493 ἐξ
2320 1427 2511 1493 ὁποίας
2554 1446 2614 1482 τε
2653 1431 2914 1503 Ἑϐραίων
2961 1435 3383 1507 προελεύσεσθαι
3418 1439 3595 1512 φυλῆς

2013 1511 2370 1580 ἐκηρύττετο’
2402 1515 2437 1571 ἃ
2469 1518 2562 1570 καὶ⁵
2587 1520 2746 1581 αὐτὰ,
2777 1522 2930 1593 φέρε,
2957 1524 3353 1597 ἐρευνήσωμεν.

340 1618 450 1656 non
502 1610 587 1659 est
636 1618 807 1675 gens,
842 1605 899 1659 in
941 1615 1100 1675 gente
1151 1605 1318 1659 stulta
1369 1602 1598 1658 irritabo
1638 1602 1762 1656 illos
1790 1602 1857 1656 τ’.
1887 1621 1905 1652 ι
1953 1597 2058 1654 Sed
2084 1604 2339 1671 quoniam
2379 1606 2591 1665 favente
2618 1608 2727 1665 Deo
2752 1612 2863 1681 jam
2896 1630 3044 1669 nunc
3088 1632 3150 1671 ea
3184 1634 3305 1687 quae
3363 1620 3435 1676 ad
3465 1636 3590 1689 ejus

340 1695 631 1750 adventum
667 1697 733 1751 ad
764 1697 1012 1753 homines
1055 1696 1348 1767 pertinent.
1378 1694 1445 1751 de
1476 1710 1585 1766 quo
1613 1694 1754 1765 apud
1782 1692 2069 1764 prophetas
2134 1698 2332 1765 agitur,
2402 1714 2615 1754 necnon
2664 1703 2907 1772 ejusdem
2962 1707 3225 1763 adventus
3258 1708 3477 1776 modus,
3518 1728 3589 1767 ex

339 1788 676 1859 propheticis
719 1791 1047 1844 testimoniis
1094 1788 1468 1844 demonstrata
1502 1796 1651 1852 sunt,
1694 1798 1906 1856 tempus
1938 1784 2051 1854 jam
2087 1802 2210 1842 esse
2240 1789 2453 1844 videtur
2484 1799 2542 1846 ut
2574 1794 2954 1864 inspiciamus,
3005 1797 3097 1853 ubi
3150 1809 3419 1856 terrarum
3477 1804 3588 1858 ori-

335 1892 515 1946 turus,
549 1891 603 1937 et
660 1900 727 1937 ex
780 1899 889 1953 quo
926 1899 1123 1956 genere
1179 1893 1463 1947 venturus,
1514 1885 1643 1939 item
1684 1898 1750 1939 ex
1796 1898 1903 1949 qua
1950 1879 2298 1940 Hebraeorum
2366 1885 2513 1942 tribu
2593 1889 2939 1960 profecturus
3003 1896 3379 1967 nuntiaretur;
3457 1914 3587 1970 qua

338 1975 557 2047 quidem
595 1976 711 2047 ipsa
747 1977 793 2031 si
823 1978 1023 2048 placet,
1056 1980 1305 2044 obsecro,
1333 1987 1662 2035 scrutemur.

951 2096 1175 2152 CAPUT
1210 2098 1272 2154 Il.

2532 2108 2829 2165 ΚΕΦΑΛΑΙ
2835 2114 2926 2167 ΟΝ
2976 2115 3051 2168 B'.

333 2210 378 2267 Α
412 2209 655 2264 Michwa.
702 2239 772 2254 -η-
805 2207 878 2263 De
912 2210 1024 2264 loco
1065 2210 1155 2265 ubi
1202 2222 1336 2266 esset
1385 2215 1617 2267 oriturus
1660 2216 1706 2269 is
1743 2215 1903 2281 Deus,

400 2296 558 2353 quem,
602 2281 868 2353 prophetae
907 2283 1219 2353 nuntiarunt
1249 2299 1268 2336 :
1305 2294 1355 2338 et
1374 2285 1811 2353 quemadmodum
1840 2287 1907 2342 do

403 2352 704 2404 Betldelwm
749 2352 958 2420 regione
1003 2350 1309 2406 Palwstime
1340 2350 1582 2422 procedet
1628 2372 1660 2408 α
1709 2358 1901 2412 san:qu

402 2422 764 2492 prwexsistens
790 2422 992 2488 piorum
1025 2423 1189 2492 gentis
1208 2425 1467 2492 princeps,
1495 2435 1545 2478 et
1567 2426 1899 2488 quemadmo-

400 2490 526 2565 ἄρηι
569 2491 665 2565 ille
699 2490 953 2543 Dominus
1003 2490 1258 2565 ducturus
1300 2490 1567 2565 divinatur
1594 2513 1681 2548 eos
1716 2500 1806 2565 qui
1836 2501 1899 2551 ab

400 2562 609 2614 ultimis
638 2576 798 2632 usque
824 2571 979 2615 teme
999 2561 1195 2630 ﬁnibus
1214 2563 1267 2616 in
1294 2579 1411 2617 eum
1434 2561 1772 2621 crediderint.

406 2715 523 2771 «Et
591 2725 692 2784 tu,
750 2717 1108 2787 Bethlehem,
1165 2719 1362 2776 domus
1412 2720 1673 2792 prrata.
1733 2725 1899 2780 mini-

326 2824 413 2863 ma
485 2825 545 2865 es
613 2818 672 2863 ut
753 2810 831 2866 sis
891 2812 946 2865 in
1006 2811 1249 2867 millibus
1305 2812 1480 2879 Juda;
1529 2830 1595 2869 ex
1651 2825 1704 2869 te
1762 2817 1894 2871 mihi

323 2902 636 2971 egredietur
694 2902 787 2972 qui
842 2902 1065 2973 praesit,
1128 2913 1190 2959 ut
1270 2903 1342 2959 sit
1408 2906 1664 2976 princeps
1731 2906 1889 2979 341,

322 2995 379 3049 in
424 2992 609 3057 Israel,
653 3004 706 3049 et
746 2995 927 3050 exitus
957 2994 1079 3065 ejus
1111 2995 1183 3051 ab
1226 2997 1379 3052 initio
1410 3014 1478 3053 ex
1535 2999 1729 3054 diebus
1790 3015 1895 3054 sa:-

321 3083 449 3137 culi.
501 3083 709 3138 Idcirco
747 3084 899 3138 dabit
939 3100 1035 3142 eos
1082 3101 1258 3157 usque
1298 3087 1365 3141 ad
1415 3095 1628 3159 tempus
1675 3091 1893 3159 parien-

320 3175 427 3239 tis;
465 3174 658 3242 pariet,
700 3181 754 3229 et
794 3174 989 3244 reliqui
1017 3174 1251 3229 fratrum
1293 3177 1535 3247 ipsorum
1566 3188 1893 3235 converten-

321 3273 411 3320 tur
435 3264 503 3320 ad
536 3265 678 3320 ﬁlios
706 3267 963 3330 lsrael,ct
988 3269 1272 3333 consistet,
1303 3277 1357 3324 et
1385 3269 1609 3334 videbit,
1633 3280 1686 3326 et
1704 3280 1890 3341 pascet

320 3369 536 3425 gregem
569 3370 729 3409 suum
763 3356 816 3408 in
849 3358 1045 3412 robore
1077 3358 1360 3422 Dominus,
1392 3369 1448 3414 et
1477 3361 1535 3415 in
1580 3363 1753 3431 gloria
1784 3379 1888 3418 no-

2020 2217 2290 2299 'A:rd~toi5
2322 2221 2917 2302 Mtxala.—.Hsplzoq
2940 2230 3125 2302 τόπου
3154 2229 3267 2297 τῆς
3286 2232 3587 2302 γενέσεως

2073 2288 2179 2342 τοῦ
2200 2288 2759 2369 προκηρυτξομένοὺ
2774 2296 2923 2369 Θεοῦ
2944 2299 3071 2369 {and
3096 2300 3175 2364 ὡς
3197 2288 3263 2353 ἐπὶ
3284 2288 3576 2369 known:

2073 2361 2288 2443 zwelov
2333 2359 2441 2443 τῆς
2486 2359 2912 2443 eamme.
2938 2367 3014 2443 ξε
3056 2359 3388 2443 amere
3426 2359 3581 2443 πρὸξ

2071 2428 2372 2512 ὑπάρχων,
2394 2428 3008 2512 ἢγούμενςος-τοῦίτῶνῖ
3034 2428 3330 2493 θεοσεϐῶν
3362 2428 3579 2512 γένους

2075 2502 2519 2582 agonisticam,
2559 2504 2684 2582 xai_
2711 2507 2791 2571 ὠς
2821 2508 3003 2582 αὐτὸς
3034 2512 3072 2582 _d
3116 2512 3327 2582 Κύριος
3360 2502 3578 2582 atoma;

2067 2569 2196 2647 reb-
2225 2572 2555 2653 θεσπίζεται
2594 2575 2735 2640 τοὺς
2767 2569 2951 2653 μέχρι
2981 2569 3104 2631 τῶν
3127 2569 3426 2650 cuius;th
3460 2569 3576 2653 τῆς

2068 2637 2177 2707 γῆς
2211 2643 2297 2706 εἰς
2322 2641 2509 2694 αὑτὸν
2540 2637 3033 2714 πεπιοῖτὲυῑὶῖίτας.

2073 2750 2091 2782 ι
2121 2734 2230 2787 Καὶ
2273 2734 2357 2798 σὺ,
2387 2735 2631 2807 Βηθλεὲμ
2664 2733 2811 2801 οἶκος
2848 2739 2943 2792 τοῦ
2992 2742 3254 2812 Ἐφραθὰ,
3293 2745 3576 2813 ὀλιγοστὸς

1995 2818 2044 2876 εἷ
2077 2824 2170 2877 τοῦ
2201 2822 2337 2880 εἶναι
2384 2828 2442 2880 ὲν
2476 2828 2708 2898 χιλιάσιν
2742 2832 2911 2886 ’ἰούδα
2970 2835 3063 2888 Ἐκ
3106 2836 3199 2889 σοῦ
3239 2856 3328 2908 μοι
3358 2840 3573 2906 ἐξελεῦε-

1996 2933 2145 2969 σεται
2179 2917 2504 2989 ἡγούμενος,
2543 2919 2637 2973 τοῦ
2680 2916 2817 2975 εἶναι
2850 2924 3084 2996 ἄρχοντα
3115 2928 3173 2980 ἐν
3209 2928 3288 2998 τῷ
3327 2930 3569 3002 Ἰσραὴλ,

1994 3009 2087 3063 καὶ
2136 3012 2190 3062 αἰ
2220 3010 2385 3075 ἔξοδοι
2419 3012 2582 3066 αὐτοῦ
2641 3015 2736 3067 ἀπ’
2781 3016 2957 3086 ἀρχῆς
2994 3016 3051 3083 ἐξ
3097 3021 3315 3092 ἡμερῶν
3348 3022 3567 3088 αἰῶνος.

1992 3102 2091 3154 Διὰ
2127 3101 2284 3156 τοῦτο
2327 3103 2486 3161 δώσει
2516 3106 2711 3170 αὐτοὺς
2750 3108 2853 3170 ἕως
2886 3109 3077 3182 καιροῦ
3114 3114 3424 3184 τικτούσης.
3461 3115 3570 3170 Τέ-

1992 3189 2160 3255 ξεται,
2185 3194 2278 3247 καὶ
2308 3196 2357 3247 οἱ
2391 3195 2658 3250 ἐπίλοιποι
2681 3198 2789 3250 τῶν
2819 3199 3061 3270 ἀδελφῶν
3093 3203 3270 3256 αὐτῶν
3307 3206 3569 3279 ἐπιστρέ-

1988 3283 2178 3352 ψουσιν
2219 3285 2311 3338 ἐπὶ
2355 3289 2482 3350 τοὺς
2532 3290 2681 3352 υἱοὺς
2723 3291 2969 3363 Ἰσραήλ·
3019 3296 3113 3349 καὶ
3154 3296 3429 3366 στήσεται,
3469 3299 3571 3353 καὶ

1988 3374 2197 3444 ὄψεται,
2236 3377 2329 3431 καὶ
2377 3383 2634 3450 ποιμανεῖ
2678 3382 2739 3435 τὸ
2777 3383 3023 3454 ποίμνιον
3091 3386 3255 3440 αὑτοῦ
3323 3390 3383 3442 ἐν
3418 3391 3567 3462 ἰσχύϊ

319 3447 484 3505 minis
516 3445 730 3501 Domini
752 3445 843 3501 Dei
875 3449 1114 3516 ipsorum
1143 3452 1430 3516 exsistent,
1456 3455 1712 3523 quoniam
1740 3471 1886 3511 nunc

2009 3468 2208 3539 (ύριος,
2266 3474 2359 3525 καὶ
2411 3445 2486 3526 ἐν-
2519 3478 2585 3547 τῇ
2618 3476 2743 3550 δόξῃ
2782 3445 2885 3532 τοῦ.
2905 3480 3162 3551 ὀνόματος
3202 3483 3407 3556 Κυρίου
3422 3445 3564 3541 Θέοῖι

319 3538 814 3608 magniﬁcabuntur
863 3556 1036 3611 usque
1077 3542 1142 3596 ad
1194 3550 1436 3597 extrema
1477 3552 1656 3610 terrae,
1697 3554 1751 3600 et
1782 3547 1887 3601 erit

316 3630 431 3686 haec
462 3646 567 3700 pax
591 3631 655 3684 ⁷³.
695 3650 714 3683 ι
746 3630 898 3698 Quod
933 3633 1153 3704 quidem
1191 3634 1304 3704 ipse
1332 3634 1674 3698 Emmanuel,
1703 3638 1796 3707 qui
1818 3655 1886 3695 ex

314 3723 762 3793 interpretatione
806 3734 889 3782 est
919 3727 1189 3780 nobiscum
1239 3726 1398 3787 Deus,
1428 3728 1496 3783 de
1528 3727 1750 3800 Virgine
1785 3744 1885 3784 na-

313 3822 518 3880 scatur,
551 3827 604 3872 et
638 3817 783 3889 quod
840 3834 970 3887 puer
1019 3819 1111 3873 liat
1156 3819 1336 3890 magni
1385 3822 1599 3875 consilii
1632 3822 1879 3892 angelus,

314 3906 633 3981 planissime
661 3923 728 3965 ex
759 3909 825 3964 iis
859 3925 981 3978 qua:
1005 3917 1131 3963 ante
1169 3909 1451 3979 proposita
1480 3921 1628 3975 sunt,
1655 3912 1882 3966 demon-

310 4006 545 4054 stratum
576 4009 680 4056 est.
716 3999 1006 4065 Ca’terum,
1046 4002 1332 4071 oportebat
1374 4003 1536 4056 etiam
1584 4003 1789 4068 locum,
1823 4005 1880 4060 in

1989 3560 2164 3613 αὐτῶν
2246 3562 2542 3633 ὑπάρξουσι
2578 3584 2591 3597 ο
2674 3567 2805 3622 διότι
2893 3570 2986 3623 νῦν
3066 3575 3564 3648 μεγαλυνθήσονττιι

1985 3649 2087 3714 ἕως
2118 3651 2300 3724 ἄκρων
2332 3653 2432 3724 τῆς
2463 3656 2566 3727 γῆς
2587 3695 2601 3719 ,
2649 3659 2744 3711 καὶ
2778 3658 2930 3714 ἔσται
2969 3661 3109 3733 αὕτη
3139 3666 3350 3736 εἰρήνη.
3378 3686 3397 3717 ›
3433 3669 3567 3739 1-3;).-

1989 3741 2227 3812 μανουὴλ
2257 3743 2793 3818 μεθερμηνευόμενος
2826 3753 2956 3819 μεθ’
2985 3751 3154 3820 ήμῶν
3182 3753 3344 3820 Θεὸς,
3374 3757 3438 3808 ἐκ
3461 3757 3564 3827 τῆς

1984 3831 2258 3903 Παρθένου
2294 3835 2663 3906 γεννώμενος,
2695 3840 2787 3892 καὶ
2838 3840 3047 3895 παιδίον
3084 3844 3368 3914 γινόμενος
3393 3849 3421 3899 ὁ
3460 3846 3564 3917 τῆς

1985 3922 2226 3993 μεγάλης
2257 3923 2454 3997 βουλῆς
2508 3926 2772 3996 ἄγγελος,
2828 3932 3014 4001 σαφῶς
3054 3933 3266 4006 ἐδείχθη
3310 3936 3402 3990 διὰ
3446 3938 3562 3991 τῶν

1982 4015 2499 4086 προεκτεθειμὲνων.
2541 4019 2677 4072 Ἀλλ’
2706 4022 2875 4094 ἐχρῆν
2921 4023 3012 4077 καὶ
3046 4025 3135 4078 τὸν
3164 4027 3264 4096 τῆς
3289 4029 3559 4095 γενέσεως

306 4104 416 4159 quo
453 4092 543 4147 ille
588 4093 831 4148 oriturus
862 4100 1028 4156 esset,
1065 4093 1383 4163 signiﬁcari.
1429 4093 1698 4150 Divinitus
1749 4112 1880 4167 ergo

2009 4106 2142 4159 ,Otoii
2197 4109 2537 4180 σημανθῆναι
2593 4092 2784 4169 τόπον.
2840 4092 3244 4187 Προφητεύεται
3301 4092 3443 4190 δῆτα
3489 4092 3559 4177 ei:

307 4181 624 4253 praedicitur
658 4184 727 4240 de
761 4184 1068 4239 Bethlehem
1108 4185 1330 4254 quidam
1360 4200 1688 4253 egressurus
1722 4191 1876 4258 prin-

2009 4197 2224 4269 ιηθλεέμ
2249 4217 2333 4262 τις
2355 4201 2727 4265 ἐξελεύσεσθαι
2768 4181 2951 4277 ἄρχῶν
2970 4181 3037 4260 *ἐν
3059 4207 3136 4279 τῷ
3179 4181 3416 4282 Ἰσραὴλ,
3453 4211 3559 4275 τὰς

296 4288 433 4345 ἐερε
458 4275 511 4328 in
541 4274 727 4341 Israel,
755 4277 935 4331 exitus
961 4276 1028 4331 ab
1055 4276 1212 4330 initio
1245 4292 1310 4331 ex
1341 4276 1534 4333 diebus
1565 4280 1750 4334 saeculi
1777 4281 1876 4335 ba-

2009 4289 2185 4354 ξόδους
2216 4291 2310 4344 ἀπ’
2334 4292 2508 4365 ἀρχῆς
2530 4294 2589 4361 εξ
2616 4274 3061 4372 ἡμερῶναίῶνος
3102 4274 3270 4372 ἐχωνξ
3299 4274 3472 4358 Τοῦτο
3494 4274 3556 4361 at

303 4365 461 4421 bens.
500 4365 616 4421 Hoc
645 4376 825 4422 autem
859 4369 1036 4438 ipsum
1067 4384 1347 4438 nunquam
1385 4370 1635 4429 humanae
1665 4382 1876 4430 natura:

2009 4383 2072 4436 ὐκ
2099 4382 2164 4436 ἂν
2196 4385 2554 4457 ἐφαρμόσειεν
2587 4365 2871 4460 ἀνθριῦπου
2901 4393 3079 4463 φύσει,
3109 4365 3163 4448 εί
3189 4394 3264 4465 μὴ
3301 4397 3453 4467 μόνῳ
3473 4396 3557 4468 τῷ

304 4458 709 4513 accommodari
738 4460 957 4529 poterit,
989 4460 1079 4514 sed
1118 4460 1220 4514 soli
1254 4458 1570 4519 Emmanuel
1602 4474 1656 4521 et
1689 4471 1870 4538 magni

2009 4475 2350 4549 Εμμανουὴλ,
2383 4480 2476 4533 καὶ
2502 4480 2581 4551 τῷ
2607 4458 2713 4553 τῆς
2727 4458 2971 4555 μεγάλης
2993 4458 3201 4556 βουλῆς,
3218 4458 3455 4557 ἀγγελῶ.

301 4550 517 4604 consilii
551 4551 764 4622 angelo.
803 4551 956 4619 Quod
986 4552 1128 4607 enim
1167 4552 1234 4608 ab
1268 4562 1472 4612 aeterno
1500 4560 1750 4628 exsistat,
1782 4563 1871 4617 cui

2009 4566 2078 4637 ὰρ
2088 4566 2147 4631 ἐξ
2158 4568 2351 4633 αἰῶνος
2364 4550 2679 4641 ὑφεστάναι.
2696 4550 2800 4628 τίνι
2810 4550 3385 4650 *ἄρα-ἐφαρμόττοιτᾶνῆ

302 4641 521 4697 tandem
572 4643 644 4698 sit
680 4646 1204 4703 accommodandum
1240 4648 1345 4703 nisi
1379 4649 1479 4704 soli
1512 4649 1661 4706 Deo?
1700 4651 1871 4724 Igitur

2009 4656 2124 4727 lup;
2172 4659 2264 4712 Ἐκ
2291 4662 2467 4714 τοίνυν
2507 4663 2605 4734 τῆς
2658 4641 2905 4736 Βηθλεέμ
2949 4641 3166 4738 (χωρίον
3191 4667 3249 4720 δέ

299 4733 366 4787 de
397 4732 712 4789 Bethlchem
760 4736 866 4803 (est
908 4744 1088 4791 autem
1148 4737 1236 4792 hic
1291 4735 1490 4794 Iudaeae
1547 4742 1720 4809 locus,
1754 4760 1898 4803 non,

2009 4749 2255 4814 [ουδαίαςν
2285 4753 2346 4806 οὐ
2369 4732 2680 4827 πόρρω-τῆς
2713 4732 3065 4829 Ἰερουσαλὴμ
3108 4756 3362 4827 διεστὼς)
3388 4732 3551 4828 λέγε-

297 4824 490 4893 procul
523 4825 592 4879 ab
614 4824 731 4896 ipsa
761 4824 1062 4882 Jerusalem
1092 4827 1252 4896 situs)
1311 4829 1515 4886 dicitur
1543 4835 1765 4903 quidam
1794 4835 1864 4892 ab
1896 4841 1898 4847 '

2009 4841 2056 4894 εί
2085 4859 2167 4906 τις
2208 4844 2267 4911 ἐξ
2297 4824 2490 4910 αἰῶνος
2516 4824 3248 4919 ὑπάρχων-προελεόσεσθαι.
3293 4824 3419 4904 Οιόδ*
3464 4824 3548 4923 il)

295 4923 502 4970 aeterno
544 4917 818 4973 exsistens
865 4933 1275 4990 progressurus.
1326 4921 1543 4978 Nullum
1584 4941 1715 4982 vero
1759 4928 1865 4984 nisi

2009 4951 2150 5004 τερον
2172 4936 2229 4989 δὲ
2262 4936 2471 4991 ἐνθένδε
2506 4938 2539 5009 ἦ
2574 4917 2731 5010 μόνον
2750 4941 2840 4993 τὸν
2857 4917 3021 4995 Δαϐὶδ
3039 4942 3272 5013 εὕρομεν
3297 4917 3546 5010 ἐπίδοξον

297 5022 465 5061 υηυω
507 5005 674 5062 David
707 5008 1016 5067 invenimus
1062 5012 1240 5082 gloria
1281 5014 1565 5085 praeditum
1613 5033 1678 5072 ac
1712 5020 1859 5075 cele-

2009 5024 2349 5095 εγενημένον,
2383 5026 2478 5079 καὶ
2530 5027 2718 5081 ἔπειτα
2746 5028 2861 5099 μετ’
2889 5030 3094 5082 ἐκεῖνον
3134 5027 3226 5082 τὸν
3272 5030 3544 5102 ἡμέτερον

295 5094 470 5159 brem,
517 5097 609 5166 qui
653 5096 780 5151 inde
813 5099 885 5153 sit
925 5110 1167 5164 exortus,
1204 5108 1257 5155 et
1301 5111 1427 5172 post
1459 5104 1636 5174 ipsum
1672 5105 1861 5176 David,

296 5187 526 5241 alterum
566 5187 852 5252 duntaxat,
879 5200 1127 5247 nostrum
1159 5193 1345 5263 utique
1390 5192 1727 5253 Salvatorem
1770 5195 1861 5255 Je-

293 5291 438 5341 sum,
470 5277 564 5347 qui
593 5277 848 5334 Christus
885 5287 970 5337 est
998 5280 1091 5339 Dei
1117 5304 1129 5338 :
1160 5293 1354 5355 praeter
1389 5286 1489 5343 bos
1521 5298 1701 5345 autem
1735 5292 1863 5346 nul-

294 5368 407 5421 lum
440 5369 604 5423 alium
628 5386 876 5439 prorsus.
902 5373 971 5428 At
994 5390 1124 5432 vero
1162 5378 1278 5448 ipse
1303 5380 1519 5450 quidem
1549 5381 1719 5438 David
1753 5384 1856 5441 hu-

292 5458 445 5533 jusce
495 5463 793 5533 pr0phetiaa
834 5471 1077 5538 tempora
1127 5474 1440 5539 antecessit,
1500 5483 1556 5528 et
1605 5478 1858 5547 plurimis

361 5575 406 5609 ⁷¹
441 5574 545 5631 lsa.
574 5593 780 5644 xxxv",
812 5581 901 5636 52.

389 5666 439 5744 ξ)
456 5666 612 5744 ῥόδ’.
639 5668 787 5744 _I_eg_e
822 5673 939 5744 οὐχ.
977 5675 1134 5732 Enrr.

1964 5116 2192 5188 Σωτῆρα
2246 5117 2449 5187 Ἰησοῦν
2494 5120 2583 5172 τὸν
2616 5120 2848 5191 Χριστὸν
2903 5120 2999 5174 τοῦ
3040 5119 3210 5174 Θεοῦ·
3245 5122 3436 5189 ἕτερον
3482 5120 3544 5180 δδ

1965 5205 2115 5278 παρὰ
2141 5206 2361 5271 τούτους
2389 5208 2596 5263 οὐδένα.
2632 5210 2769 5264 Ἀλλ’
2791 5215 2820 5265 ό
2843 5212 2939 5283 μὲν
2955 5211 3133 5278 Δαϐὶδ,
3161 5212 3291 5277 τοὺς
3312 5213 3541 5286 χρόνους

1962 5296 2061 5368 τῆς
2088 5299 2421 5370 προφητείας
2451 5301 2813 5373 προειληφὼς,
2853 5304 3227 5375 τετελευτήκει
3257 5304 3540 5369 πλείστοις

1962 5390 2224 5461 πρότερον
2258 5391 2402 5445 ἔτεσι
2456 5394 2556 5464 τῆς
2600 5397 2954 5467 προρρήσεως
2977 5413 2990 5425 ⁸
3022 5395 3135 5449 ἀλλ’
3184 5396 3308 5450 οὐδὲ
3344 5397 3407 5451 δὲ
3458 5398 3536 5472 (ἱ)

1959 5481 2053 5548 ἀφ’
2108 5482 2326 5553 ἡμερῶν
2375 5484 2567 5550 αἰῶνος
2627 5481 2778 5551 οὗτος
2826 5488 2924 5551 τὰς
2987 5487 3197 5554 ἐξόδους
3240 5490 3533 5564 πεποίητο.

995 5586 1041 5616 τ’
1064 5585 1220 5643 Deut.
1247 5606 1417 5657 xxxn,
1444 5591 1537 5648 21.
1614 5595 1659 5625 ⁷³
1682 5594 1847 5652 Mich.
1883 5614 1936 5658 ν.
1970 5599 2088 5654 2-5.

384 5735 440 5807 2)
461 5737 614 5795 Οὐδὲ
629 5735 986 5814 “(Legerat
1019 5762 1186 5818 sape,
1231 5767 1328 5822 pro
1352 5753 1493 5821 οὐδὲ,
1518 5756 1608 5822 οὐν,
1646 5765 1700 5811 ει
1733 5757 1861 5814 huic
1891 5776 1898 5805 4

2009 5756 2161 5820 iunge
2190 5757 2246 5813 δέ
2293 5774 2550 5825 sequens,
2582 5768 2641 5818 ut
2670 5766 2741 5821 sit
2772 5766 2891 5822 οὐδέ
2917 5768 3117 5824 stilum.
3150 5765 3310 5824 Ευιτ.
