3828 6220
106 335 206 391 537

1027 340 1687 399 DEMONSTBATIONIS
1723 340 2184 401 EVANGELICE
2222 344 2355 400 LIB.
2395 343 2510 403 ΥΠ.

3267 345 3372 401 558

106 449 317 508 οὐκοῦν
359 448 606 509 λείπεται
641 454 733 509 ἐπὶ
783 454 875 510 τὸν
924 456 1063 527 μετὰ
1107 454 1280 511 ταῦτα
1321 460 1387 513 ὲκ
1442 455 1692 529 Βηθλεὲμ
1724 464 1763 517 Α
1796 470 1857 512 an

1796 464 1925 513 ante
1954 458 2061 514 hoc
2085 459 2372 514 oraculum
2407 457 2571 513 annis
2598 461 2851 511 mortuus
2878 459 2996 522 est;
3026 462 3284 525 premi-ea
3304 471 3374 512 ne

104 544 398 617 γενόμενον
427 546 517 601 τὸν
557 546 773 618 ἀληθῶς
822 547 1205 620 Ἐμμανουήλ,
1232 548 1325 602 τὸν
1356 546 1465 620 πρὸ
1511 546 1692 618 πάσης

104 635 339 700 κτίσεως
364 637 602 709 προόντα
628 637 760 693 Θεὸν
789 640 961 709 Λόγον
990 640 1085 694 καὶ
1113 639 1232 712 μεθ’
1257 639 1414 711 ἡμῶν
1442 638 1576 693 Θεὸν
1603 638 1693 692 λε-

103 727 358 798 γόμενον,
396 729 848 802 συμπληροῦσθαι
903 731 971 785 τά
1002 731 1397 805 γεγραμμέναο
1425 732 1549 786 ἐπεὶ
1600 731 1694 785 καὶ

106 821 135 888 ἡ
160 820 219 871 ἐν
240 819 493 891 Βηθλεὲμ
517 821 730 890 γένεσις
752 823 917 878 αὐτοῦ
944 823 1203 896 ἄντικρυς
1228 824 1364 878 Θεοῦ
1389 824 1694 896 παρουσίαν

104 911 294 981 ἐδήλου
327 913 418 967 διὰ
444 913 551 966 τῶν
573 915 694 969 κατ’
732 917 905 988 αὐτὴν
955 915 1296 990 παραδόξων.
1327 916 1532 989 Γράφει
1563 915 1695 986 γοῦν

104 1005 132 1058 6
158 1007 376 1069 Λουκᾶς
414 1005 602 1059 τοῦτον
647 1007 875 1080 ἱστορῶν
911 1008 1003 1062 τὸν
1040 1009 1238 1080 τρόπον
1259 1027 1272 1039 ·
1302 1028 1321 1061 ι
1357 1010 1605 1078 Ἐγένετο
1635 1010 1693 1063 δὲ

104 1096 161 1151 ὲν
194 1101 317 1162 ταῖς
351 1099 585 1171 ἡμέραις
627 1099 897 1165 ἐκείναις,
942 1100 1135 1172 ἐξῆλθε
1162 1101 1337 1173 δόγμα
1376 1102 1530 1174 παρὰ
1559 1101 1696 1155 Καί-

104 1206 273 1260 σαρος
336 1191 649 1260 Αὐγούστου
713 1192 809 1246 τοῦ
874 1193 1299 1266 ἀπογράψασθαι
1357 1195 1539 1248 πᾶσαν
1594 1193 1695 1264 τὴν

103 1283 464 1355 οἰκουμένην·
502 1284 643 1356 αὕτη
681 1287 978 1359 ἀπογραφὴ
1010 1286 1202 1359 πρώτη
1231 1287 1449 1357 ἐγένετο
1487 1290 1695 1359 ήγεμο-

104 1375 352 1440 νεύοντος
376 1376 478 1447 τῆς
501 1376 705 1449 Συρίας
729 1378 1025 1450 Κυρηνίου.
1055 1380 1166 1435 Kal
1198 1380 1524 1453 ἐπορεύοντο
1555 1381 1694 1435 πάν-

102 1485 190 1532 τες
221 1469 659 1540 ἀπογράφεσθαι,
697 1469 926 1535 ἕκαστος
986 1472 1068 1535 είς
1117 1472 1221 1545 τὴν
1270 1470 1467 1527 ἑαυτοῦ
1518 1472 1691 1526 πόλιν.

116 1558 307 1631 ’Λνέὸη
334 1560 392 1613 δὲ
423 1560 520 1614 καὶ
561 1561 760 1632 Ἰωσὴφ
784 1561 893 1615 ἀπὸ
918 1564 1020 1635 τῆς
1049 1563 1366 1631 Γαλιλαίας,
1388 1566 1454 1618 ὲκ
1489 1563 1698 1629 πόλεως

104 1651 360 1724 Ναζαρὲθ
392 1655 473 1717 είς
515 1654 615 1726 τὴν
667 1655 964 1720 Ἰουδαίαν,
992 1658 1074 1720 είς
1129 1656 1284 1710 πόλιν
1333 1657 1526 1721 Δαὸὶδ,
1572 1657 1696 1727 ἥτις

1796 564 1829 605 a
1859 550 2054 606 diebus
2101 551 2325 621 quidem
2376 549 2562 607 saeculi
2610 548 2796 604 exitus
2847 562 2980 603 suos
3021 545 3150 602 fecit
3180 545 3371 604 David.

1798 638 2063 711 Superest
2088 642 2256 712 igitur
2286 648 2347 696 ut
2374 641 2431 695 in
2460 655 2549 704 eo,
2580 639 2674 711 qui
2705 636 2936 710 posthac
2967 635 3037 693 de
3058 636 3372 694 Bethlebem

1793 730 2184 800 proﬁciscitur,
2237 745 2297 785 re
2337 745 2467 786 vera
2517 728 2878 792 Emmanuel,
2935 728 3139 798 quippe
3188 728 3401 781 omnia,

1796 837 1918 892 qua:
1943 834 2128 878 creata
2158 831 2289 878 sunt
2314 821 2609 886 antecedit,
2638 830 2693 878 et
2719 820 2861 877 Deus
2887 819 3153 883 Verbum.
3183 829 3239 875 et
3269 834 3374 874 no-

1796 915 2008 971 hiscum
2037 914 2181 970 Deus
2206 915 2536 985 appellatur,
2571 929 2692 984 quae
2721 914 2811 969 bic
2842 914 3049 984 scripta
3072 921 3200 968 sunt
3222 926 3367 966 com-

1795 1008 2047 1080 pleantur
2081 1027 2096 1062 :
2126 1010 2385 1078 quoniam
2411 1009 2528 1078 ipse
2556 1023 2773 1079 quoque
2804 1007 2952 1062 illius
2976 1006 3029 1061 in
3059 1005 3371 1060 Bethlebem

1794 1110 1970 1160 ortus,
1996 1100 2319 1171 planissime
2353 1100 2450 1156 Dei
2486 1100 2781 1156 adventum
2817 1099 3169 1170 signiﬁcavit,
3205 1115 3271 1154 ex
3303 1098 3375 1154 iis

1795 1191 2211 1248 admirabilibus
2252 1192 2437 1253 rebus.
2462 1207 2585 1262 quae
2623 1190 2769 1261 apud
2823 1190 2995 1261 ipsam
3032 1191 3180 1245 illam
3210 1190 3375 1246 Beth-

1794 1285 1970 1341 lehem
2002 1296 2324 1343 evenerunt.
2361 1286 2642 1358 Siquidem
2678 1286 2857 1343 Lucas
2890 1287 2945 1341 in
2967 1288 3114 1342 hunc
3145 1288 3374 1342 modum

1794 1394 2062 1435 enarrans
2084 1378 2352 1435 describit
2383 1399 2397 1435 :
2444 1398 2464 1431 ι
2502 1378 2733 1435 Factum
2775 1389 2862 1435 est
2890 1390 3069 1435 autem
3100 1380 3155 1434 in
3179 1379 3372 1435 diebus

1795 1469 1925 1524 illis.
1953 1467 2101 1524 Exiit
2124 1470 2364 1525 edictum
2390 1485 2421 1524 a
2455 1469 2672 1526 Caesare
2699 1469 2970 1542 Augusto,
3007 1479 3067 1524 ut
3095 1469 3375 1525 describe-

1795 1567 1950 1615 retur
1976 1560 2270 1617 universus
2300 1561 2453 1617 orbis
2493 1581 2508 1617 :
2546 1562 2660 1617 haec
2699 1561 2997 1631 descriptio
3022 1561 3197 1631 prima
3232 1559 3375 1615 facta

1796 1657 1881 1704 est
1910 1649 2142 1719 praeside
2176 1648 2348 1720 Syriae
2375 1648 2632 1721 Cyrenio.
2653 1649 2718 1705 Et
2760 1650 2917 1705 ibant
2955 1666 3147 1704 omnes
3173 1656 3233 1704 ut
3254 1664 3377 1720 pro-

104 1743 352 1798 καλεῖται
390 1743 639 1816 Βηθλεὲμ
661 1786 677 1810 ,
723 1744 812 1800 διὰ
843 1745 904 1799 τὸ
935 1743 1075 1800 εἶναι
1104 1747 1269 1801 αὑτὸν
1313 1747 1374 1812 ἐξ
1415 1747 1567 1801 οἴκου
1601 1747 1696 1800 καὶ
1730 1812 1763 1816 _
1798 1742 1857 1796 ιιι

1798 1742 2084 1797 tlterentur
2111 1742 2313 1812 singuli
2345 1742 2400 1796 in
2431 1757 2587 1796 suam
2619 1742 2921 1797 civitatem.
2974 1741 3241 1797 Ascendit
3273 1756 3374 1795 au-

103 1837 344 1907 πατριᾶς
373 1812 566 1901 Δαδὶδ,
602 1812 1040 1911 ᾐάπογράψασθαι
1076 1839 1172 1893 σὺν
1216 1839 1452 1912 Μαριὰμ
1491 1842 1558 1911 τῇ
1599 1857 1696 1910 με-
1729 1812 1769 1869 B
1799 1841 1857 1889 le‘

1799 1841 1907 1889 tem
1939 1841 1993 1889 et
2023 1831 2225 1903 Joseph
2257 1848 2289 1888 a
2320 1833 2542 1888 Galilaea
2593 1834 2661 1887 de
2712 1834 2933 1888 civitate
2974 1832 3266 1895 Nazarcth,
3318 1832 3377 1888 iu

101 1929 490 2000 μνηστευμένῃ
522 1929 669 2001 αὑτῷ
694 1929 916 1999 γυναικὶ
946 1929 1085 2006 οὔσῃ
1106 1932 1306 2003 ὲγκύῳ.
1353 1932 1601 2002 Ἐγένετο
1637 1934 1696 1987 δὲ

99 2021 157 2073 ἐν
194 2020 276 2092 τῷ
302 2022 505 2086 αὐτοὺς
538 2016 676 2076 εἶναι
717 2024 866 2089 εκεῖ,
894 2022 1243 2096 ἐπλήσθησαν
1278 2027 1332 2079 αἱ
1368 2025 1570 2097 ἡμέραι
1600 2023 1694 2079 τοῦ

98 2117 281 2166 τεκεῖν
322 2115 515 2187 αὑτήν.
549 2116 658 2170 Kal
694 2117 852 2171 ἔτεκε
896 2117 990 2171 τὸν
1036 2118 1151 2172 υἱὸν
1193 2118 1363 2190 αὐτῆς
1398 2118 1500 2172 ιτὸν
1538 2136 1694 2191 πρω-

95 2208 321 2262 τότοκον
351 2250 366 2272 ,
422 2211 518 2263 καὶ
569 2211 994 2282 ἐσπαργάνωσεν
1035 2212 1199 2266 αὑτὸν
1218 2252 1234 2279 ,
1282 2214 1374 2267 κα)⁵
1416 2213 1695 2267 ἀνέκλινεν

95 2300 266 2353 αὑτὸν
293 2302 352 2354 ἐν
383 2306 450 2374 τῇ
482 2302 681 2374 φάτνῃ,
721 2303 854 2357 διότι
884 2304 986 2357 οὐκ
1011 2300 1079 2376 ἦν
1112 2304 1298 2368 αὐτοῖς
1322 2304 1486 2368 τόπος
1519 2307 1577 2357 ὲν
1614 2302 1697 2375 τῷ

94 2390 466 2461 καταλύματι.
497 2393 606 2446 Kal
637 2395 894 2464 ποιμένες
922 2390 1062 2466 ἦσαν
1089 2396 1148 2447 ὲν
1171 2398 1238 2466 τῇ
1269 2393 1422 2467 χώρᾳ
1452 2398 1518 2466 τῇ
1554 2396 1692 2467 αὐτῇ

94 2482 532 2554 ἀγραυλοῦντες,
560 2486 654 2539 καὶ
683 2485 1051 2556 φυλάσσοντες
1083 2486 1331 2557 φυλακὰς
1371 2487 1471 2558 τῆς
1500 2486 1695 2550 νυκτὸς

93 2575 193 2626 ἐπὶ
212 2575 314 2646 τὴν
350 2575 588 2647 ποίμνην
624 2577 803 2633 αὐτῶν
824 2595 837 2608 ⁸
865 2579 961 2633 καὶ
988 2578 1218 2648 ἄγγελος
1244 2580 1450 2649 Κυρίου
1487 2580 1694 2652 ἐπέστη

94 2665 307 2728 αὐτοῖς.
343 2667 438 2719 καὶ
467 2667 593 2733 δόξα
616 2667 753 2722 Θεοῦ
786 2669 1160 2740 περιέλαμψεν
1195 2670 1414 2734 αὐτοὺς,
1436 2671 1531 2724 καὶ
1570 2672 1696 2739 ἐφο-

93 2756 355 2830 ϐήθησαν
394 2759 557 2829 φόϐον
586 2762 780 2833 μέγαν.
819 2764 930 2816 Kal
960 2761 1114 2817 εἶπεν
1158 2763 1340 2827 αὐτοῖς
1362 2764 1391 2816 6
1423 2763 1653 2833 ἄγγελος
1675 2780 1691 2795 ο

106 2847 205 2916 Μὴ
241 2846 530 2917 φοϐεῖσθε·
582 2851 692 2905 ίδοὺ
734 2851 845 2924 γὰρ
874 2851 1299 2924 εὐαγγελίζομαι
1345 2854 1474 2924 ὑμῖν
1518 2853 1694 2926 χαρὰν

94 2940 373 3013 μεγάλην,
404 2942 526 3012 ἥτις
555 2942 707 2997 ἔσται
741 2945 907 2998 ’παντῖ⁹
929 2945 1010 3016 τῷ
1038 2944 1149 3016 λαῷ
1167 2963 1181 2975 ο
1222 2947 1305 2999 ὅτι
1345 2946 1539 3017 ἐτέχθη
1567 2948 1694 3018 ὑμῖν

96 3037 348 3104 σήμερον
391 3036 618 3107 Σωτὴρ,
648 3038 708 3101 ὃς
752 3040 866 3092 ἐστι
914 3040 1152 3111 Χριστὸς
1191 3039 1417 3110 Κύριος,
1456 3041 1512 3092 ἐν
1545 3040 1694 3094 πόλει

1794 1923 2058 1990 Iudaeam,
2108 1924 2165 1978 in
2208 1923 2490 1979 civitatem
2521 1922 2716 1988 David,
2748 1938 2870 1993 quae
2902 1930 3130 1979 vocatur
3158 1923 3376 1979 Βειιιιο·

1797 2015 1942 2080 hem,
1977 2030 2045 2070 eo
2071 2013 2219 2084 quod
2245 2020 2392 2070 esset
2434 2015 2503 2069 de
2541 2013 2706 2068 domo
2749 2021 2806 2068 et
2848 2013 3056 2067 familia
3098 2013 3289 2075 David,
3316 2020 3378 2067 ut

1797 2106 2143 2177 profiteretur
2162 2120 2288 2159 cum
2322 2103 2491 2158 Maria
2518 2103 2854 2175 desponsata
2883 2105 2985 2159 sibi
3017 2102 3180 2176 342
3204 2119 3376 2160 uxore

1796 2204 2131 2269 prmgnaute.
2165 2194 2394 2251 Factum
2416 2203 2502 2252 est
2536 2204 2741 2261 autem,
2766 2210 2893 2251 cum
2929 2205 3117 2252 essent
3143 2196 3238 2259 ibi,
3272 2196 3377 2250 im-

1797 2289 1926 2361 pleti
1973 2297 2103 2344 sunt
2141 2286 2261 2343 dies
2290 2296 2350 2342 ut
2401 2296 2642 2357 pareret,
2674 2295 2729 2343 et
2766 2287 2974 2358 peperit
3009 2287 3182 2341 lilium
3214 2303 3376 2343 suum

1795 2381 2242 2452 primogenitum,
2264 2386 2320 2435 et
2345 2380 2547 2451 pannis
2573 2394 2701 2435 eum
2726 2379 2980 2443 involvit,
3000 2387 3058 2435 et
3087 2379 3379 2435 reclinavit

1794 2487 1918 2528 eum
1950 2472 2006 2526 in
2046 2471 2334 2542 praesepio,
2367 2471 2498 2542 quia
2518 2486 2628 2526 non
2652 2479 2773 2526 erat
2804 2471 2886 2526 eis
2924 2470 3084 2526 locus
3116 2469 3173 2525 in
3196 2469 3379 2524 diver-

1794 2566 1963 2622 sorio.
2005 2565 2071 2619 Et
2102 2574 2353 2636 pastores
2380 2572 2538 2620 erant
2570 2564 2628 2619 in
2658 2564 2883 2633 regione
2921 2563 3110 2619 eadem
3142 2563 3378 2634 vigilan-

1794 2667 1900 2724 tes,
1928 2667 1982 2714 ct
2016 2659 2397 2714 custodientes
2446 2657 2663 2727 vigilias
2710 2657 2889 2713 noctis
2939 2671 3107 2727 super
3155 2672 3375 2727 gregem

1795 2768 1955 2811 suum
1982 2770 1996 2807 :
2028 2759 2081 2808 et
2106 2752 2334 2822 angelus
2363 2748 2582 2806 Domini
2613 2750 2765 2805 stetit
2790 2764 2957 2819 super
2976 2762 3095 2813 eos,
3119 2759 3173 2804 et
3202 2748 3378 2818 gloria

1795 2844 1890 2900 Dei
1921 2843 2290 2900 circumfulsit
2320 2844 2464 2907 illos,
2489 2850 2546 2899 et
2587 2843 2891 2897 timuerunt
2928 2841 3125 2896 timore
3155 2855 3374 2911 magno.

1795 2936 1863 2992 Et
1893 2937 2034 2992 dixit
2079 2936 2192 2993 illis
2243 2934 2474 3006 angelus
2526 2931 2754 2989 :Nolite
2800 2933 3014 2994 timere,
3051 2945 3180 2985 ecce
3228 2929 3376 2985 enim

1794 3027 2110 3097 cvangelizo
2140 3026 2298 3081 vobis
2320 3023 2580 3095 gaudium
2611 3036 2894 3092 magnum,
2916 3020 3062 3091 quod
3092 3020 3199 3073 erit
3225 3019 3377 3072 omni

89 3124 286 3181 Δαϐίδ.
323 3127 435 3181 Καὶ
469 3128 629 3183 τοῦτο
656 3131 786 3201 ὑμῖν
814 3131 876 3185 τὸ
904 3109 1162 3202 ση-μεῖονο
1194 3109 1456 3203 εὑρήσετε
1495 3132 1694 3205 βρέφος
1721 3154 1764 3212 ο
1798 3135 1857 3190 p0

1798 3120 2019 3190 populo,
2071 3118 2333 3189 quoniam
2380 3124 2545 3171 natus
2594 3122 2681 3169 est
2710 3115 2866 3169 vobis
2910 3112 3071 3167 hodie
3104 3109 3376 3173 Salvator,

89 3220 599 3290 ἐσπαργανωμένον
623 3223 680 3276 ὲν
706 3223 901 3295 φάτνῃ.
930 3224 1041 3279 Kal
1066 3222 1327 3294 ἐξαίφνης
1349 3223 1566 3293 ἐγένετο
1593 3224 1690 3278 σὺν

87 3309 171 3377 τῷ
201 3309 427 3381 ἀγγέλῳ
466 3311 670 3383 πλῆθος
695 3317 956 3385 στρατιᾶς
994 3315 1250 3387 οὐρανίου
1282 3315 1574 3369 αἰνούντων
1599 3317 1692 3370 τὸν

89 3397 253 3464 Θεὸν,
287 3400 382 3454 καὶ
415 3400 708 3470 λεγόντων·
742 3402 881 3472 Δόξα
910 3406 969 3458 ὲν
1000 3406 1248 3474 ὑψίστοις
1291 3404 1433 3473 Θεῷ,
1466 3405 1564 3459 καὶ
1596 3405 1691 3459 ἐπὶ

88 3491 199 3562 γῆς
233 3493 452 3563 εἰρήνη,
486 3495 544 3546 ὲν
573 3494 882 3566 ἀνθρώποις
919 3497 1155 3551 εὐδοκία.
1198 3497 1310 3551 Kal
1349 3498 1587 3565 ἐγένετο,
1615 3497 1693 3560 ὼς

89 3583 346 3655 ἀπῆλθον
389 3586 485 3640 ἀπ’
525 3588 707 3641 αὐτῶν
747 3591 828 3653 εἰς
867 3590 958 3644 τὸν
997 3590 1226 3663 οὐρανὸν
1267 3592 1316 3645 οἱ
1353 3590 1572 3661 ἄγγελοι
1592 3630 1608 3654 ,
1641 3590 1692 3642 οἱ

90 3678 364 3747 ποιμένες
412 3675 565 3734 εἷπον
610 3681 748 3753 πρὸς
801 3682 1067 3754 ἀλλήλους
1087 3701 1101 3714 ο
1131 3683 1435 3754 Διέλθωμεν
1490 3682 1555 3755 δὴ
1587 3683 1692 3745 ἕως

93 3770 372 3841 Βηθλεὲμ,
414 3772 509 3825 καὶ
545 3772 743 3844 ἴδωμεν
771 3773 834 3827 τὸ
861 3774 1015 3846 ῥῆμα
1045 3772 1206 3827 τοῦτο
1231 3775 1294 3827 τὺ
1322 3774 1635 3845 γενόμενον,
1662 3772 1692 3825 ὃ

90 3860 121 3911 6
152 3860 367 3932 Κύριος
390 3862 687 3935 ἐγνώρισεν
714 3866 865 3936 ἡμῖν.
894 3866 1003 3920 Kal
1024 3862 1187 3938 ἦλθον
1217 3866 1572 3931 σπεύσαντες,
1597 3867 1692 3920 καὶ

90 3947 260 4025 εὗρον
294 3955 395 4027 τὴν
449 3956 685 4028 Μαριὰμ
727 3958 820 4012 καὶ
857 3958 950 4011 τὸν
999 3958 1232 4029 Ἰωσὴφ,
1266 3959 1443 4012 καὶτὸ
1482 3957 1693 4030 βρέφος

92 4045 360 4113 κείμενον
399 4046 460 4098 έν
495 4048 561 4116 τῇ
604 4047 800 4118 φάτνῃ.
848 4046 1070 4109 Ἰδόντες
1114 4047 1172 4101 δὲ
1222 4046 1523 4119 ἐγνώρισαν
1563 4048 1693 4117 περὶ

90 4135 193 4188 τοῦ
232 4138 482 4207 ῥήματος
504 4136 601 4189 τοῦ
628 4137 952 4210 λαληθέντος
977 4139 1162 4202 αὐτοῖς
1191 4140 1321 4210 περὶ
1351 4138 1446 4191 τοῦ
1480 4137 1691 4191 παιδίου

90 4224 295 4279 τούτου
316 4242 330 4256 ο
387 4227 482 4280 καὶ
530 4228 731 4291 πάντες
752 4229 801 4281 οἱ
848 4227 1181 4292 ἀκούσαντες
1214 4227 1531 4299 ἐθαύμασαν
1565 4228 1694 4299 περὶ

89 4319 209 4371 τῶν
238 4317 584 4391 λαληθέντων
621 4320 726 4374 ὑπὸ
767 4320 876 4374 τῶν
909 4321 1181 4392 ποιμένων
1224 4320 1362 4394 πρὸς
1413 4318 1630 4383 αὐτούς.
1671 4339 1688 4371 ι

92 4410 295 4466 Ταῦτα
340 4413 436 4479 μὲν
486 4414 516 4466 ό
558 4414 794 4477 Λουκᾶς.
846 4413 959 4467 Kal
988 4415 1018 4466 6
1054 4412 1335 4478 Ματθαῖος
1367 4413 1425 4467 δὲ
1465 4411 1536 4467 τὰ
1564 4413 1695 4484 περὶ

1792 3212 1890 3283 qui
1920 3220 2008 3267 est
2036 3212 2293 3267 Christus
2316 3209 2580 3266 Dominus
2602 3212 2656 3264 in
2687 3210 2909 3264 civitate
2937 3206 3108 3262 David
3143 3224 3157 3261 :
3190 3216 3245 3261 et
3276 3205 3380 3260 hoc

1796 3305 1954 3361 vobis
1986 3305 2225 3374 signum.
2259 3303 2553 3358 Invenietis
2600 3301 2865 3356 infantem
2922 3298 3122 3370 pannis
3164 3296 3379 3351 involu-

1798 3404 1934 3457 tum,
1975 3402 2029 3450 et
2062 3394 2299 3465 positum
2351 3393 2406 3448 in
2450 3392 2737 3463 prmsepio.
2786 3389 2855 3443 Et
2893 3389 3075 3444 subito
3118 3386 3260 3441 facta
3293 3394 3381 3440 est

1797 3502 1922 3542 cum
1951 3489 2147 3557 angelo
2176 3484 2473 3539 multitudo
2508 3484 2717 3537 militiae
2762 3483 3004 3538 caelestis
3035 3479 3379 3535 laudantium

1802 3578 1969 3633 Deum
2019 3585 2076 3633 et
2118 3577 2418 3633 dicentium
2473 3595 2486 3631 :
2520 3574 2707 3630 Gloria
2750 3575 2806 3629 in
2840 3573 3128 3630 altissimis
3160 3572 3291 3635 Deo,
3324 3578 3381 3626 et

1799 3670 1853 3725 in
1878 3680 2020 3726 terra
2050 3685 2177 3739 pax,
2199 3669 2255 3723 in
2275 3668 2587 3723 hominibus
2608 3668 2748 3721 bona
2776 3666 3052 3721 voluntas.
3078 3663 3148 3718 Et
3175 3662 3379 3717 factum

1796 3770 1903 3825 est,
1939 3768 2000 3817 ut
2031 3762 2409 3817 discesserunt
2438 3761 2509 3814 ab
2548 3761 2617 3815 iis
2641 3761 2694 3813 in
2722 3758 2923 3813 coelum
2950 3756 3154 3827 angeli,
3184 3763 3381 3824 pasto-

1798 3869 1887 3909 res
1907 3852 2164 3907 dixerunt
2185 3852 2253 3906 ad
2275 3868 2336 3907 se
2362 3852 2616 3915 invicem,
2646 3860 2992 3907 transeamus
3024 3863 3198 3918 usque
3219 3847 3383 3902 Beth-

1798 3944 1999 4009 lehem,
2043 3950 2098 3997 et
2127 3942 2414 3998 videamus
2442 3942 2549 3997 hoc
2574 3941 2800 3997 verbum
2832 3940 2978 4009 quod
3036 3936 3240 3994 factum
3269 3945 3377 4001 est,

1796 4034 1945 4105 quod
1980 4034 2246 4091 Dominus
2282 4035 2529 4091 ostendit
2581 4034 2742 4089 nobis
2777 4052 2791 4089 :
2827 4041 2881 4088 et
2922 4038 3190 4087 venerunt
3235 4030 3384 4085 festi-

1798 4136 2014 4193 nantes,
2044 4135 2099 4183 et
2133 4128 2464 4182 invenerunt
2493 4127 2717 4181 Mariam
2747 4134 2801 4181 et
2833 4124 3058 4195 Joscph,
3104 4134 3158 4180 et
3201 4122 3381 4177 infan-

1799 4229 1907 4276 tem
1940 4221 2175 4291 positum
2213 4221 2267 4277 in
2298 4221 2586 4291 praesepio.
2635 4218 2895 4274 Videntes
2938 4225 3119 4271 autem
3176 4230 3383 4287 cogno-

1799 4320 1997 4368 verunt
2031 4312 2100 4367 de
2135 4313 2320 4375 verbo,
2366 4311 2515 4381 quod
2569 4311 2777 4365 dictum
2810 4317 2929 4366 erat
2969 4310 3077 4363 illis
3110 4307 3180 4363 de
3210 4321 3382 4378 puero

1801 4407 1905 4461 hoc
1939 4425 1956 4462 :
1989 4414 2045 4461 et
2070 4420 2262 4461 omnes
2283 4406 2375 4476 qui
2395 4405 2688 4460 audierunt
2711 4404 2889 4457 mirati
2913 4411 3043 4458 sunt
3072 4401 3139 4457 de
3169 4401 3237 4457 iis
3259 4416 3381 4471 quae

87 4507 198 4578 τὴν
230 4504 449 4573 γένεσιν
475 4504 566 4559 τοῦ
591 4506 845 4577 Σωτῆρος
875 4504 1030 4576 ήμῶν
1072 4506 1320 4578 ἱστορῶν,
1346 4504 1534 4559 τοῦτον
1559 4505 1695 4575 γρά-
1732 4518 1772 4571 D
1800 4498 1853 4553 di

1800 4498 1948 4553 dicta
1977 4505 2137 4552 erant
2166 4512 2197 4551 a
2225 4496 2540 4567 pastoribus
2578 4495 2645 4550 ad
2680 4495 2831 4566 ipsos
2852 4495 2921 4549 ".
2951 4516 2972 4548 ι
3006 4493 3131 4549 Haec
3156 4491 3379 4564 quidem

91 4616 190 4669 φει
224 4597 324 4651 τὸν
345 4598 565 4669 τρόπον’
605 4618 622 4648 ι
659 4597 765 4651 Τοῦ
795 4597 852 4650 δὲ
896 4596 1070 4668 Ἰησοῦ
1096 4596 1446 4668 γεννηθέντος
1476 4597 1535 4649 ὲν
1556 4595 1698 4667 Βηθ-

89 4693 239 4763 λεὲμ
261 4691 367 4760 τῆς
403 4690 658 4755 Ἰουδαίας
683 4693 739 4743 ὲν
757 4690 993 4762 ήμέραις
1022 4689 1264 4759 Ἡρώδου
1286 4688 1380 4744 τοῦ
1408 4689 1693 4759 βασιλέως,

93 4787 213 4841 ἰδοὺ
242 4784 430 4852 Μάγοι
458 4783 822 4856 παρεγένοντο
848 4783 955 4837 amt
999 4781 1276 4837 ἀνατολῶν
1306 4783 1387 4846 είς
1424 4782 1691 4854 Ἰερουσα-

87 4878 251 4948 λὴμ,
287 4875 569 4941 λέγοντες·
601 4874 714 4929 Ποῦ
758 4877 906 4927 ἐστιν
949 4875 980 4928 ό
1023 4874 1236 4946 τεχθεὶς
1283 4873 1538 4944 βασιλεὺς
1587 4873 1697 4928 τῶν

100 4969 411 5024 Ἰουδαίων
451 4968 663 5039 εἴδομεν
684 4968 794 5040 γὰρ
821 4966 987 5022 αὑτοῦ
1020 4967 1112 5021 τὸν
1163 4966 1369 5038 ἀστέρα
1398 4967 1458 5018 ὲν
1475 4969 1542 5038 τῇ
1570 4968 1700 5021 ἀνα-

86 5063 255 5134 τολῇ,
303 5062 401 5115 καὶ
429 5061 664 5132 ἤλθομεν
692 5062 1069 5132 προσκυνῆσαι
1102 5058 1272 5129 αὐτῷ.
1323 5059 1588 5124 Ἀκούσας
1641 5061 1698 5114 δὲ

88 5153 120 5206 6
150 5150 422 5222 βασιλεὺς
461 5148 706 5222 Ἡρώδης
742 5149 1042 5222 ἐταράχθη,
1079 5150 1175 5203 καὶ
1213 5149 1365 5203 πᾶσα
1394 5150 1429 5220 ὴ
1469 5149 1700 5221 Ἰεροσό-

88 5246 250 5315 λυμα
278 5244 399 5313 μετ’
422 5241 610 5296 αὐτοῦ.
631 5243 742 5296 Kal
772 5239 1092 5312 συναγαγὼν
1119 5242 1332 5306 πάντας
1357 5244 1485 5307 τοὺς
1514 5243 1702 5314 ἀρχιε-

92 5342 215 5411 ρεῖς
252 5336 357 5390 καὶ
385 5339 734 5407 γραμματεῖς
759 5334 855 5389 τοῦ
879 5333 1034 5399 λαοῦ,
1065 5333 1401 5388 ἐπυνθάνετο
1437 5336 1568 5407 παρ’
1603 5335 1702 5389 αὐ·-

86 5432 231 5495 τῶν,
271 5429 381 5480 mi}
405 5430 435 5481 6
466 5429 697 5498 Χριστὸς
725 5429 1006 5496 γεννᾶται.
1032 5427 1096 5481 Οί
1121 5426 1180 5480 δὲ
1208 5422 1365 5480 εἷπον
1390 5426 1573 5497 αὐτῷ·
1612 5428 1700 5481 Ἐν

90 5521 363 5595 Πηθὶεὲμ
383 5521 486 5587 τῆς
516 5520 794 5584 Ἰουδαίας.
818 5519 976 5574 υῦτω
1010 5520 1121 5591 γὰρ
1148 5520 1461 5592 γέγραπται
1485 5520 1573 5573 διὰ
1605 5519 1699 5574 τοῦ

89 5612 417 5683 προφήτοψ
452 5610 564 5661 Kal
585 5610 671 5672 σὺ,
705 5609 973 5680 Βηθλεὲμ,
1003 5604 1154 5673 οἶκος
1182 5609 1278 5664 τοῦ
1313 5610 1580 5682 Ἐφραθὰ,
1611 5611 1702 5664 οὐ-

87 5702 297 5775 δαμῶς
333 5701 594 5771 ἐλαχίστη
623 5695 672 5753 εἴ
704 5702 761 5754 ὲν
784 5703 899 5766 τοῖς
934 5700 1199 5774 ⁴ήγεμόσιν
1240 5702 1426 5758 Ἰούδα.
1466 5703 1560 5758 Ἐκ
1605 5702 1697 5756 σοῦ

167 5793 220 5826 ’⁸
265 5790 407 5846 Luc.
435 5806 497 5854 ιι,
533 5790 675 5846 HS.

1801 4587 1999 4644 Lucas.
2027 4589 2314 4646 Matthaeus
2343 4597 2524 4644 autem
2549 4589 2644 4643 ubi
2678 4604 2743 4644 ea
2770 4605 2893 4659 qua:
2922 4589 2988 4643 ad
3018 4594 3198 4642 ortum
3253 4584 3379 4641 Sai-

1797 4681 2004 4736 vatoris
2046 4682 2221 4736 nostri
2265 4681 2511 4750 exponit,
2551 4680 2747 4735 scribit
2794 4681 2850 4733 in
2898 4678 3045 4732 hunc
3084 4676 3308 4731 modum
3360 4694 3377 4731 :

1803 4791 1821 4825 ι
1857 4771 1994 4828 Cum
2014 4781 2197 4828 autem
2222 4782 2382 4828 natus
2403 4783 2548 4828 esset
2567 4772 2729 4827 Jesus
2754 4773 2808 4825 in
2840 4771 3152 4827 Bethleliem
3179 4768 3380 4823 Iudam

1798 4867 1852 4921 in
1883 4864 2079 4920 diebus
2111 4863 2343 4919 Herodis
2383 4865 2550 4934 regis,
2585 4878 2716 4919 ecce
2757 4862 2895 4933 Magi
2929 4863 2998 4917 ab
3034 4863 3247 4916 oriente
3278 4872 3373 4913 ve-

1798 4963 1998 5012 nerunt
2031 4956 2085 5010 in
2115 4953 2447 5020 Jerusalem,
2482 4953 2730 5010 dicentes
2771 4971 2785 5008 :
2838 4952 2940 5007 Ubi
2974 4960 3058 5007 est
3087 4951 3179 5022 qui
3215 4958 3379 5006 natus

1796 5062 1881 5111 est
1904 5070 1997 5109 rex
2026 5052 2381 5108 Iudaeorum?
2432 5051 2671 5107 vidimus
2702 5051 2846 5106 enim
2901 5049 3114 5104 stellam
3150 5047 3272 5115 ejus
3319 5046 3377 5102 in

1799 5148 2032 5210 oriente,
2063 5153 2118 5199 et
2149 5147 2401 5201 venimus
2435 5151 2494 5198 ut
2528 5144 2818 5199 adoremus
2840 5157 2985 5197 eum.
3005 5141 3247 5197 Audiens
3280 5154 3377 5194 au-

1802 5247 1909 5295 tem
1927 5236 2170 5293 Herodes
2198 5253 2295 5292 rex
2312 5238 2568 5293 turbatus
2590 5244 2695 5304 est,
2728 5243 2783 5291 et
2803 5237 2983 5290 omnis
3003 5232 3378 5301 Hierosolyma

1799 5344 1927 5384 cum
1954 5329 2049 5383 illo
2082 5347 2096 5383 :
2130 5337 2185 5383 et
2218 5342 2558 5399 congregans
2595 5341 2789 5381 omnes
2815 5325 3092 5396 principes
3121 5323 3378 5379 sacerdo-

1800 5429 1915 5474 tum
1963 5426 2018 5475 et
2070 5419 2285 5474 scribas
2340 5419 2550 5489 p0puli,
2593 5416 2986 5473 sciscitabatur
3039 5416 3109 5471 ab
3154 5416 3236 5470 eis
3287 5413 3379 5468 ubi

1799 5514 2051 5570 Christus
2078 5525 2419 5568 nasceretur.
2462 5513 2532 5566 At
2575 5512 2654 5567 illi
2686 5512 2945 5567 dixerunt
2970 5510 3041 5573 ei,
3072 5508 3129 5563 in
3162 5504 3381 5563 Bethle-

1799 5606 1924 5661 hem
1977 5603 2196 5660 Judaeaa.
2236 5601 2329 5659 Sic
2375 5604 2520 5659 enim
2574 5604 2840 5674 scriptum
2876 5609 3096 5672 est_per
3141 5603 3381 5671 prophec

1800 5710 1908 5757 tam
1941 5700 2043 5757 :Et
2061 5708 2140 5767 tu,
2172 5698 2487 5757 Bcthlchem
2511 5696 2707 5754 domus
2730 5694 3378 5766 Ephratha,ncquaquam
