3828 6220
453 312 560 373 5'53

1140 301 1408 363 EUSEBII
1445 296 1925 358 CAESARIENSIS
1960 293 2112 351 OPP.
2156 293 2337 351 PARS
2372 294 2438 350 Π.
2465 327 2536 341 -
2572 290 3073 352 APOLOGETICA.

3604 300 3713 356 540
3794 294 3795 349 Ϊ

456 425 687 482 minima
719 437 780 480 es
808 420 867 475 in
913 417 1255 491 principibus
1282 416 1445 471 Juda.
1482 414 1562 469 Ex
1591 422 1645 471 te
1680 415 1826 471 enim
1857 410 2029 468 exibit

2154 407 2241 482 rap
2268 409 2610 475 ἐξελεύσεται
2654 408 2976 481 ἡγούμενος,
3008 410 3155 473 ὅστις
3187 411 3447 481 ποιμανεῖ
3470 410 3562 465 τὸν
3583 413 3712 466 λαόν

408 568 413 571 .
459 519 591 581 dux,
627 515 722 587 qui
752 521 941 580 pascet
969 511 1230 583 populum
1267 524 1448 564 meum
1490 508 1679 564 Israel.
1730 506 1887 561 Tunc
1916 503 2024 558 He-

462 608 626 664 rodes
653 607 795 661 clam
828 602 1040 660 vocatis
1073 600 1264 671 Magis,
1294 601 1584 672 diligenter
1610 599 1803 655 didicit
1840 597 1910 653 ab
1948 597 2030 651 eis

462 711 679 770 tempus
720 697 891 754 stellae
917 709 1037 765 qua!
1066 693 1319 764 apparuit
1357 692 1459 758 eis,
1490 699 1546 746 et
1588 692 1811 745 mittens
1847 704 1942 743 eos
1973 688 2032 742 in

466 791 798 853 Betblehem,
832 784 992 857 353
1028 784 1164 839 dixit
1193 801 1208 838 :
1236 783 1313 838 lte
1341 794 1396 837 et
1423 783 1755 850 interrogate
1801 779 2033 861 diligen—

464 898 548 945 ter
582 886 650 941 de
697 896 891 954 puero,
936 889 1138 934 etcum
1172 875 1511 941 inveneritis,
1543 875 1851 928 renuntiate
1874 873 2032 938 mihi,

461 987 526 1035 ut
555 984 610 1033 et
634 990 736 1047 ego
758 972 986 1028 veniens
1016 969 1236 1024 adorem
1264 982 1410 1022 eum.
1435 964 1540 1032 Qui
1570 980 1694 1018 cum
1732 965 2037 1019 audiissent

467 1085 669 1142 regem,
718 1069 990 1127 abierunt,
1039 1071 1093 1119 et
1123 1076 1253 1117 ecce
1296 1060 1473 1124 stella,
1506 1072 1670 1129 quam
1701 1058 1951 1112 viderant
1980 1058 2038 1111 in

467 1163 701 1226 oriente,
725 1157 1082 1214 antecedebat
1113 1169 1230 1218 eos,
1262 1154 1438 1208 donec
1471 1152 1696 1206 veniens
1731 1159 1902 1206 staret
1945 1165 2040 1205 su-

470 1267 567 1324 pra
597 1251 688 1306 ubi
716 1257 834 1305 erat
880 1263 1034 1319 puer.
1076 1246 1336 1300 Videntes
1384 1250 1563 1298 autem
1612 1242 1824 1298 stellam
1866 1240 2040 1311 gavisi

469 1354 602 1401 sunt
627 1343 825 1415 gaudio
854 1355 1054 1411 magno
1083 1339 1263 1401 valde,
1297 1344 1352 1392 et
1400 1337 1671 1391 intrantes
1702 1335 1923 1389 domum
1958 1333 2043 1388 vi-

444 1436 668 1491 derunt
694 1448 922 1505 puerum
955 1446 1081 1485 cum
1110 1428 1279 1483 Maria
1304 1435 1478 1482 matre
1497 1427 1639 1496 ejus,
1673 1433 1729 1481 et
1758 1423 2043 1496 prociden-

424 1564 427 1569 .
472 1534 554 1579 tes
582 1523 950 1577 adoraverunt
975 1534 1123 1584 eum,
1150 1525 1204 1574 et
1234 1520 1440 1588 apertis
1475 1517 1750 1572 thesauris
1781 1516 1919 1580 suis,
1944 1515 2044 1570 ob-

470 1617 715 1672 tulerunt
749 1615 802 1670 ei
824 1627 1074 1676 munera,
1109 1626 1303 1665 aurum
1333 1618 1389 1666 et
1411 1611 1537 1667 thus
1567 1620 1619 1665 et
1650 1609 1964 1680 myrrham;
1989 1614 2045 1663 ct

472 1723 742 1779 responso
780 1712 1009 1775 accepto
1038 1704 1094 1757 in
1126 1705 1335 1759 somnis
1368 1718 1436 1757 ne
1478 1703 1722 1757 redirent
1772 1701 1839 1756 ad
1875 1699 2045 1755 Hero-

470 1801 620 1864 dem,
691 1814 790 1869 per
836 1798 999 1852 aliam
1045 1798 1187 1851 viam
1239 1795 1443 1850 reversi
1479 1801 1608 1850 sunt
1661 1795 1718 1849 in
1765 1795 2045 1865 regionem

474 1907 632 1950 suam
657 1893 726 1945 ⁷⁸.
770 1911 789 1943 ι
825 1889 951 1945 Ηωο
976 1896 1157 1945 autem
1184 1890 1438 1943 universa
1462 1889 1714 1957 exposui,
1742 1894 1802 1941 ut
1823 1888 2049 1941 demon-

471 1995 705 2040 strarem
743 1996 808 2037 ea
835 1995 956 2051 quae
981 1980 1038 2033 in
1066 1986 1190 2033 ortu
1220 1976 1522 2033 Salvatoris
1554 1978 1725 2032 nostri
1756 1977 1810 2030 in
1834 1975 2050 2030 Bethle-

476 2076 600 2130 bem
634 2084 785 2146 gesta
818 2081 966 2136 sunt,
997 2070 1307 2126 certissima
1338 2068 1581 2139 praebere
1609 2076 1953 2139 argumenta,
1979 2066 2049 2119 il-

477 2169 592 2222 lum
620 2181 741 2222 esse
772 2165 840 2221 de
869 2179 980 2235 quo
1032 2164 1275 2233 loquitur
1323 2162 1627 2232 prophetia.
1680 2162 1857 2231 Atque
1891 2160 2051 2215 hodie

477 2273 718 2330 quoque,
753 2257 848 2327 qui
881 2258 1060 2311 locum
1091 2256 1243 2311 illum
1277 2255 1546 2317 incolunt,
1588 2263 1845 2323 tanquam
1895 2269 1926 2306 a
1960 2268 2052 2322 pa.

477 2350 656 2404 tribus
701 2349 947 2419 ipsorum
985 2355 1207 2416 accepta
1241 2347 1526 2408 memoria,
1577 2346 1667 2407 iis,
1702 2345 1795 2414 qui
1840 2345 2048 2399 visendi

480 2444 587 2498 loci
632 2442 806 2512 gratia
855 2439 1171 2495 Betblehem
1205 2447 1387 2509 petere
1436 2446 1862 2501 consueverunt,
1894 2438 2050 2493 testi-

479 2534 724 2589 monium
774 2547 935 2587 suum
983 2530 1238 2595 aﬂ'erunt,
1289 2532 1504 2585 veritati
1554 2530 1711 2584 ﬁdem
1766 2530 2048 2593 facientes,

479 2640 782 2697 agrumque
828 2623 1288 2685 demonstrantes.
1326 2624 1419 2678 ubi
1465 2622 1632 2692 Virgo
1675 2625 1834 2678 enixa
1866 2623 2050 2677 infan-

480 2725 591 2772 tem
627 2717 881 2787 deposuit
916 2735 929 2771 :
962 2730 1068 2787 qua
1119 2714 1186 2771 de
1232 2730 1294 2772 re
1329 2716 1447 2787 ipsa
1476 2714 1759 2787 prophetia
1816 2715 1894 2769 sic
1927 2716 2003 2768 ait
2034 2737 2048 2769 ;

486 2829 506 2862 ι
545 2806 756 2864 Idcirco
800 2808 958 2863 dabis
1015 2823 1111 2863 eos
1163 2824 1339 2879 usque
1373 2809 1439 2862 ad
1472 2815 1688 2878 tempus
1724 2809 1987 2877 parientis
2036 2827 2049 2863 :

481 2900 679 2971 pariet,
721 2909 776 2955 et
809 2899 1003 2969 reliqui
1043 2897 1273 2954 fratrum
1308 2899 1553 2968 ipsorum
1581 2904 1985 2952 convertentur.
2029 2917 2048 2950 ι

454 2992 863 3048 ~Consentanee
893 3000 1073 3047 autem
1126 2992 1218 3046 hic
1272 3007 1489 3062 quoque
1522 2991 1824 3061 parientem
1854 2990 2055 3044 intelli-

2135 520 2237 574 μου
2263 504 2354 557 τὸν
2391 500 2627 573 Ἰσραήλ.
2652 501 2787 555 Τότε
2821 500 3084 574 Ἡρώδης,
3117 500 3290 575 λάθρα
3323 503 3563 568 καλέσας
3586 507 3714 569 τοὺς

2139 597 2367 667 μάγους,
2389 593 2672 666 ἠκρίϐωσε
2709 594 2840 665 παρ’
2869 593 3048 648 αὐτῶν
3074 593 3164 648 τὸν
3188 594 3378 665 χρόνον
3406 595 3502 648 τοῦ
3534 613 3715 665 φαινο-

2139 689 2298 759 μένου
2321 688 2550 760 ἀστέρος
2567 704 2582 717 ·
2609 687 2704 740 καὶ
2723 685 2945 758 πέμψας
2963 686 3160 750 αὐτοὺς
3183 689 3262 750 εἰς
3277 684 3549 758 Βηθλεέμ,
3573 684 3712 741 εἶπε·

2134 781 2500 854 Πορευθέντες
2535 778 2828 847 ἐξετάσατε
2865 778 3108 851 ἀκριϐῶς
3168 779 3294 851 περὶ
3328 779 3424 833 τοῦ
3479 779 3717 838 παιδίου.

2149 874 2318 928 Ἐπάν
2340 875 2399 928 δὲ
2432 873 2653 945 εὕρητε,
2678 872 3035 942 ἀναγγείλατέ
3065 888 3173 943 μοι,
3198 872 3343 936 ὅπως
3369 872 3532 941 κάγὼ
3550 872 3719 925 ἐλθὼν

2139 968 2502 1041 προσκυνήσω
2544 966 2712 1037 αὐτῷ.
2760 967 2823 1020 Ol
2853 966 2910 1020 δὲ
2952 965 3280 1029 ἀκούσαντες
3320 964 3417 1018 τοῦ
3459 964 3723 1036 βασιλέως

2139 1058 2537 1133 ἐπορεύθησαν.
2565 1058 2677 1112 Καὶ
2706 1058 2813 1112 ἰδοὺ
2848 1060 2877 1110 ὁ
2928 1059 3124 1130 ἀστὴρ,
3150 1057 3208 1110 δν
3236 1053 3371 1110 εἶδον
3399 1058 3459 1110 ἐν
3488 1060 3559 1128 τῇ
3596 1060 3727 1110 ἁνα-

2139 1152 2289 1224 τολῇ,
2314 1151 2553 1224 προῆγεν
2579 1150 2793 1215 αὐτοὺς,
2827 1149 2934 1213 ἕως
2971 1148 3139 1203 ἐλθὼν
3174 1148 3305 1219 ἐστη
3337 1148 3530 1202 ἐπάνω
3572 1141 3636 1200 οἶδ
3662 1144 3725 1219 ἦν

2139 1246 2201 1299 τὸ
2241 1245 2471 1299 παιδίον.
2517 1243 2816 1305 Ἰδόντεςδὲ
2854 1243 2946 1297 τὸν
2994 1241 3197 1314 ἀστέρα
3225 1242 3503 1314 ἐχάρησαν
3554 1242 3729 1312 χαρὰν

2094 1361 2103 1367 ο
2146 1339 2389 1411 μεγάλην
2417 1337 2619 1409 σφόδρα
2642 1354 2656 1367 ·
2686 1336 2781 1389 καὶ
2817 1334 3059 1398 ἐλθόντες
3097 1336 3178 1399 είς
3211 1334 3311 1406 τὴν
3354 1334 3541 1388 οἰκίαν
3592 1332 3730 1386 εἶδον

2141 1428 2204 1483 τὸ
2264 1427 2475 1481 παιδίον
2523 1425 2663 1498 μετά
2701 1426 2921 1498 Μαρίας
2961 1428 3062 1495 τῆς
3121 1426 3326 1498 μητρὸς
3381 1424 3594 1489 αὑτοῦ,
3642 1425 3733 1475 καὶ

2144 1521 2402 1585 πεσόντες
2442 1520 2855 1592 προσεκύνησαν
2889 1519 3070 1591 αὐτῷ’
3117 1519 3214 1573 καὶ
3253 1516 3572 1583 ἀνοίξαντες
3611 1517 3733 1579 τοὺς
3794 1554 3795 1567 ξ

2146 1613 2453 1683 θησαυροὺς
2484 1609 2684 1676 αὐτῶν,
2726 1610 3104 1681 προσήνεγκαν
3131 1607 3278 1679 αὐτῷ
3302 1607 3470 1679 δῶρα,
3504 1607 3732 1678 χρυσὸν,

2147 1708 2242 1760 καὶ
2279 1706 2515 1770 λίϐανον,
2540 1705 2637 1759 καὶ
2663 1704 2931 1777 σμύρναν.
2961 1705 3071 1758 Καὶ
3114 1704 3587 1776 χρηματισθέντες
3618 1706 3733 1756 κατ’

2076 1757 2119 1812 Β
2148 1757 2758 1870 siuissent;
2778 1757 2923 1870 ’τέρδς
2977 1757 3580 1869 3955;133:an
3614 1795 3734 1848 ὀδοῦ

2150 1866 2506 1961 ἀνεχώρησαν
2535 1866 2745 1962 είςήτὴν
2790 1866 2973 1961 χῶραν
3002 1866 3202 1943 αύτῶν.
3232 1907 3252 1941 ι
3282 1888 3418 1942 Ὀλα
3459 1866 3528 1941 δε
3564 1888 3737 1942 ταῦτα

2150 1960 2415 2051 έξεθέμην
2465 1984 2545 2045 είς
2587 1960 2928 2053 παράστασιν
2957 1981 3066 2036 τῶν
3105 1981 3510 2053 πεπραγμένων
3547 1980 3648 2035 ἐπὶ
3673 1982 3735 2049 τῇ
3794 1960 3795 2053 ξ

2150 2073 2208 2126 ἐν
2260 2072 2508 2145 Βηθλεὲμ
2564 2073 2775 2142 γενέσει
2828 2073 2918 2127 τοῦ
2978 2075 3229 2147 Σωτῆρος
3275 2073 3466 2146 ἡμῶν,
3529 2073 3736 2145 ἐναργῆ

2149 2166 2425 2236 τεκμήρια
2459 2164 2766 2236 παρέχοντα
2809 2167 2971 2220 αὑτὸν
3009 2161 3148 2220 εἶναι
3173 2165 3265 2220 τὸν
3312 2164 3416 2218 ὑπὸ
3446 2165 3558 2236 τῆς
3610 2182 3738 2237 προ-

2152 2258 2381 2328 φητείας
2404 2258 2751 2330 δηλούμενον.
2795 2260 2905 2313 Καὶ
2946 2260 3028 2322 εἰς
3051 2257 3212 2330 δεῦρο
3253 2258 3311 2312 δὲ
3357 2259 3408 2311 οἱ
3449 2258 3551 2311 τὸν
3576 2258 3737 2311 τόπον

2151 2348 2444 2412 οἰκοῦντες,
2482 2349 2558 2412 ὡς
2600 2351 2664 2402 ἐκ
2708 2349 2958 2422 πατέρων
3000 2351 3081 2413 είς
3130 2350 3327 2412 αὐτοὺς
3363 2349 3735 2418 κατελθούσης

2157 2439 2527 2509 παραδόσεως,
2552 2442 2665 2503 τοῖς
2706 2440 2818 2494 τῶν
2848 2441 3030 2495 τόπων
3064 2442 3307 2514 ἱστορίας
3337 2441 3500 2513 χάριν
3531 2443 3617 2506 εἰς
3640 2442 3733 2511 τὴν

2153 2529 2399 2601 Βηθλεὲμ
2431 2531 2848 2601 ἀφικνουμένοις
2884 2532 3244 2605 μαρτυροῦσι,
3278 2531 3386 2587 τῶν
3428 2532 3611 2601 λόγων
3650 2549 3732 2583 πι-

2155 2620 2439 2690 στούμενοι
2471 2621 2570 2692 τὴν
2599 2621 2854 2693 ἀλήθειαν
2895 2623 2983 2677 διά
3020 2624 3119 2693 τῆς
3146 2622 3240 2676 τοῦ
3277 2621 3450 2694 ἀγροῦ
3490 2623 3732 2690 δείξεως,

2154 2713 2211 2765 ὲν
2239 2706 2282 2781 ᾧ
2311 2711 2545 2765 τεκοῦσα
2592 2714 2625 2784 ἡ
2673 2712 2950 2785 Παρθένος
2993 2712 3370 2768 κατατέθειται
3399 2713 3464 2766 τὸ
3501 2712 3729 2784 βρέφος·

2156 2805 2238 2873 ἐφ’
2267 2799 2403 2876 οἷςή
2436 2804 2741 2876 προφητεία
2763 2805 2897 2875 φησί
2917 2821 2931 2835 ο
2969 2822 2989 2855 ι
3021 2803 3124 2857 Διά
3147 2804 3305 2857 τοῦτο
3336 2801 3499 2856 δώσει
3545 2805 3732 2863 αὐτοὺς

2114 2920 2119 2928 ·
2156 2895 2260 2958 ἕως
2294 2896 2487 2967 καιροῦ
2516 2896 2823 2966 τικτούσης.
2850 2894 3095 2962 Τέξεται,
3120 2898 3216 2951 καὶ
3251 2897 3301 2949 οἱ
3330 2896 3613 2949 ἐπίλοιποι
3634 2895 3730 2946 τῶν

2157 2980 2399 3050 ἀδελφῶν
2423 2983 2604 3037 αὐτῶν
2636 2983 3073 3056 ἐπιστρέφουσιν.
3095 3004 3115 3036 ›
3156 2985 3492 3048 Ἀκολούθως
3520 2985 3586 3038 δὲ
3612 2986 3730 3037 κάν-

440 3124 445 3127 .
484 3083 564 3154 git
589 3098 729 3143 eam,
759 3097 881 3152 quae
909 3082 964 3134 in
997 3082 1374 3152 superioribus
1401 3080 1638 3135 oraculis
1683 3079 1849 3150 Virgo
1878 3080 2052 3134 nomi-

2159 3074 2331 3128 ταῦθα
2362 3075 2649 3129 τίκτουσαν
2672 3076 2823 3147 δηλοῖ
2843 3076 2942 3148 τὴν
2979 3077 3037 3130 ἐν
3080 3079 3200 3140 ταῖς
3245 3076 3483 3147 πρόσθεν
3531 3094 3733 3149 προφη-

484 3185 613 3230 nata
649 3181 754 3237 est,
786 3181 841 3228 et
868 3174 1187 3244 prophetica
1221 3174 1440 3237 mulier,
1473 3188 1594 3242 qua:
1627 3173 1805 3242 ipsum
1837 3171 2056 3224 Emma-

486 3265 618 3319 nuel
641 3273 696 3319 et
725 3265 907 3335 magni
941 3264 1160 3318 consilii
1193 3263 1446 3332 angelum
1479 3263 1584 3317 erit
1614 3262 1884 3332 paritura.
1919 3259 2055 3314 Nam

488 3370 664 3424 usque
691 3355 760 3409 ad
789 3355 1016 3423 hujusce
1048 3362 1314 3421 tempora,
1342 3353 1572 3422 ejusque
1589 3354 1681 3422 qui
1703 3353 1770 3407 de
1797 3353 1917 3421 ipsa
1939 3357 2057 3405 erat

486 3444 753 3505 oriturus,
786 3459 907 3512 quae
935 3441 1002 3495 ad
1036 3443 1270 3511 priorem
1307 3443 1565 3511 populum
1615 3443 1911 3511 pertinent,
1941 3449 2055 3497 ste-

490 3543 694 3599 terunt,
725 3536 924 3605 quippe
955 3549 1080 3588 cum
1121 3533 1202 3588 eis
1236 3534 1577 3603 praescriptio
1620 3536 1880 3605 temporis
1933 3534 2058 3589 data

488 3636 637 3684 esset
668 3642 843 3698 usque
874 3625 945 3681 ad
991 3636 1202 3695 tempus
1255 3626 1542 3695 parientis,
1594 3627 1699 3681 hoc
1743 3634 1848 3692 est,
1884 3643 2058 3698 usque

491 3721 558 3776 ad
590 3720 896 3774 mirabilem
927 3727 1107 3773 ortum
1142 3717 1284 3786 ejus,
1317 3719 1412 3788 qui
1440 3718 1509 3775 de
1550 3717 1776 3790 Virgine
1804 3735 2059 3776 nascere-

490 3825 581 3867 tur
607 3830 620 3866 :
655 3818 779 3881 post
809 3825 991 3882 quem,
1022 3810 1298 3865 sublatum
1338 3809 1559 3879 quidem
1589 3818 1673 3865 est
1701 3811 1944 3880 ipsorum
1971 3826 2059 3866 re-

489 3919 682 3974 gnum;
711 3903 803 3974 qui
831 3918 959 3957 vero
993 3900 1187 3972 reliqui
1220 3900 1450 3956 fratrum
1493 3902 1736 3972 ipsorum
1779 3900 2057 3968 dicuntur,

492 3994 531 4049 ii
557 4009 685 4049 sunt
710 3993 1035 4064 accipiendi,
1060 3996 1154 4063 qui
1181 3993 1237 4047 in
1263 3991 1541 4049 Christum
1559 3992 1656 4047 Dei
1686 3992 2058 4060 crediderunt,

490 4087 723 4158 apostoli
758 4094 811 4142 et
835 4087 1091 4155 discipuli
1131 4092 1187 4142 et
1233 4086 1584 4156 evangelistae
1631 4083 1931 4142 Salvatoris
1959 4102 2061 4142 no-

489 4180 591 4236 stri
634 4198 647 4234 :
686 4195 824 4249 quos
854 4193 1155 4234 conversos
1203 4181 1321 4250 ipse
1366 4177 1632 4236 DominL:
1672 4193 1898 4248 pascere
1926 4180 2063 4235 dioi-

491 4277 600 4335 tur,
635 4285 745 4324 non
779 4271 922 4325 sicut
969 4271 1121 4339 prius
1148 4285 1245 4339 per
1288 4269 1533 4339 angelos,
1567 4276 1661 4323 aut
1701 4284 1799 4340 per
1829 4271 2063 4325 admini-

490 4370 635 4416 stros
673 4362 942 4425 homines,
976 4361 1070 4416 sed
1109 4362 1223 4430 ipse
1253 4376 1348 4431 per
1377 4360 1642 4431 seipsum,
1702 4378 1879 4432 usque
1926 4363 2063 4419 adeo

2158 3167 2330 3230 τείαις
2363 3167 2638 3240 Παρθένον
2682 3168 3075 3239 ὠνομασμένην
3118 3168 3214 3222 καὶ
3259 3168 3603 3239 προφήτιδα,
3648 3170 3731 3235 τὴν
3794 3194 3795 3233 ς

2157 3259 2249 3313 τὸν
2281 3260 2627 3331 Ἐμμανουὴλ
2685 3260 2779 3313 καὶ
2818 3258 2911 3313 τὸν
2943 3260 3043 3330 τῆς
3077 3260 3319 3331 μεγάλης
3347 3260 3550 3330 βουλῆς
3588 3262 3733 3329 ἂγγε-
3794 3296 3795 3305 η

2158 3352 2247 3405 λον
2275 3351 2699 3424 ἀποτεξομένην.
2729 3355 2873 3418 Ἕως
2901 3353 3010 3424 γὰρ
3031 3352 3141 3407 τῶν
3173 3352 3378 3424 ταύτης
3399 3354 3625 3425 καιρῶν
3654 3354 3733 3405 καὶ

2159 3445 2251 3498 τοῦ
2285 3444 2346 3509 ἐξ
2393 3446 2567 3515 αὐτῆς
2607 3445 3000 3517 ἀποτεχθέντος
3054 3445 3150 3500 καὶ
3199 3445 3269 3498 τὰ
3316 3445 3415 3499 τοῦ
3472 3446 3732 3516 προτέρου

2160 3537 2288 3591 λαοῦ
2328 3540 2670 3611 συνειστήκει
2691 3579 2705 3603 ,
2733 3539 2982 3611 δοθείσης
3030 3540 3214 3602 αὐτοῖς
3260 3537 3613 3610 προθεσμίας
3645 3539 3735 3599 ἓως

2160 3628 2354 3701 καιροῦ
2387 3630 2708 3702 τικτούσης,
2755 3630 2901 3684 τοῦτ’
2939 3631 3084 3685 ἔστιν
3135 3631 3242 3696 ἕως
3287 3632 3387 3703 τῆς
3434 3632 3734 3702 παραδόξου

2159 3722 2427 3789 γενέσεως
2466 3720 2560 3774 τοῦ
2605 3723 2667 3774 ἐκ
2717 3720 2820 3792 τῆς
2851 3722 3131 3794 Παρθένου
3170 3722 3479 3792 τεχθέντος,
3525 3723 3653 3793 μεθ’
3684 3720 3733 3774 δν

2160 3814 2303 3887 ἤρθη
2348 3815 2444 3886 μὲν
2489 3815 2669 3869 αὐτῶν
2722 3816 2756 3886 ἡ
2799 3815 3064 3885 βασιλεία.
3095 3815 3159 3868 Ol
3210 3814 3269 3868 δὲ
3314 3813 3599 3868 ἐπίλοιποι
3643 3814 3739 3867 τῶν

2130 3930 2133 3933 ν
2160 3905 2406 3976 ἀδελφῶν
2435 3905 2632 3972 αὐτῶν,
2666 3900 2812 3964 οὗτοι
2839 3905 2907 3960 ἂν
2930 3901 3040 3959 εἷεν
3063 3905 3115 3958 οἱ
3146 3905 3228 3968 είς
3260 3904 3355 3960 τὸν
3380 3906 3629 3977 Χριστὸν
3654 3903 3738 3957 τοῦ

2161 3998 2297 4052 Θεοῦ
2344 3999 2769 4062 πεπιστευκότες
2804 3998 3092 4053 ἀπόστολοι
3117 4039 3132 4064 ,
3174 3998 3271 4052 καὶ
3318 3998 3570 4069 μαθηταὶ
3591 4040 3610 4063 ,
3659 3996 3741 4050 καὶ

2160 4092 2546 4160 εὐαγγελισταὶ
2575 4090 2670 4146 τοῦ
2691 4092 2945 4164 Σωτῆρος
2971 4091 3152 4163 ἡμῶν,
3181 4089 3277 4154 οὓς
3306 4089 3740 4161 ἐπιστρέψαντας
3794 4154 3795 4157 η

2162 4184 2324 4248 αὐτὸς
2350 4187 2378 4238 ό
2400 4185 2604 4258 Κύριος
2630 4187 2912 4256 ποιμανεῖν
2935 4184 3173 4253 λέγεται,
3196 4184 3256 4236 ού
3297 4181 3487 4246 καθὼς
3516 4183 3591 4235 τὸ
3628 4182 3739 4253 πρὶν

2161 4276 2227 4328 δι’
2256 4277 2501 4344 ἀγγέλων
2532 4276 2674 4346 ἣδιά
2706 4276 3048 4347 θεραπόντων
3075 4272 3399 4345 ἀνθρώπιον,
3431 4272 3552 4326 ἀλλ’
3598 4272 3739 4334 αὐτὸς

2162 4367 2228 4420 δι’
2255 4368 2472 4433 ἑαυτοῦ,
2492 4368 2631 4421 ὥστε
2657 4367 2747 4421 διὰ
2783 4367 2942 4421 τοῦτο
2972 4365 3376 4438 μεγαλυνθῆναι
3410 4365 3624 4430 αὐτοὺς
3652 4366 3740 4426 Em;
3794 4416 3795 4427 η

493 4462 552 4508 ιιι
578 4465 799 4525 propter
830 4456 931 4509 hoc
960 4454 1298 4525 magniﬁcari
1329 4471 1425 4511 eos
1465 4456 1756 4526 contigerit
1785 4472 1960 4529 usque
1990 4458 2052 4513 ad

2164 4455 2334 4529 ἄκρου
2361 4458 2462 4529 τῆς
2491 4459 2612 4529 γῆς.
2661 4457 3135 4529 Ἐμεγαλύνθησαν
3169 4455 3279 4528 γάρ
3321 4458 3413 4510 ὅτε
3460 4459 3546 4521 είς
3574 4459 3738 4511 πᾶσαν
3794 4448 3795 4515 ξ

489 4558 793 4600 extremum
829 4553 1006 4601 terra).
1043 4544 1369 4616 Magniﬁcati
1399 4547 1545 4600 enim
1585 4555 1735 4612 sunt,
1784 4563 1894 4619 quo
1933 4555 2063 4603 tem-

491 4652 623 4707 pore
650 4637 706 4690 in
744 4651 960 4692 omnem
1009 4642 1212 4689 terram
1245 4637 1413 4691 exivit
1458 4652 1628 4693 sonus
1672 4654 1884 4705 eorum,
1920 4646 1975 4695 et
2004 4641 2061 4694 in

491 4730 628 4784 lines
654 4728 804 4784 orbis
830 4735 989 4782 terras
1025 4727 1188 4781 verba
1229 4743 1441 4784 eorum.
1482 4728 1711 4785 Constat
1738 4747 1868 4786 vero
1893 4732 2060 4801 etiam

492 4819 649 4883 illud,
675 4834 836 4889 quam
861 4834 1089 4888 magnus
1120 4833 1252 4889 grex
1293 4834 1388 4888 per
1427 4820 1736 4877 universam
1768 4829 1969 4877 terram
2000 4832 2063 4877 ut

492 4912 850 4967 rationalibus
883 4911 1245 4979 humanisque
1277 4912 1471 4969 ovibus
1505 4914 1608 4983 ipsi
1637 4914 1802 4987 344
1832 4915 2060 4971 Domino

494 5021 589 5076 per
617 5005 895 5074 apostolos
917 5019 1046 5060 suos
1072 5004 1337 5058 collectus
1356 5005 1445 5059 sit.
1470 5004 1641 5071 Quem
1678 5024 1810 5063 sane
1842 5023 2059 5080 gregem

492 5097 609 5165 ipse
642 5095 902 5151 Dominus
933 5112 1026 5166 per
1058 5096 1323 5165 seipsum,
1368 5098 1463 5166 qui
1498 5098 1620 5166 ejus
1669 5106 1854 5168 pastor
1895 5100 2060 5154 simul

492 5197 547 5244 et
572 5188 826 5242 Dominus
851 5195 954 5251 est,
973 5189 1193 5244 visurus
1215 5198 1582 5260 pasturusque
1611 5193 1666 5246 in
1699 5193 1895 5248 robore
1923 5194 2061 5248 dici-

492 5289 603 5343 tur,
627 5279 760 5334 adeo
780 5279 1018 5350 quidem,
1045 5282 1175 5335 utin
1200 5297 1359 5337 manu
1382 5282 1508 5337 forti
1528 5292 1582 5339 et
1602 5285 1827 5340 brachio
1842 5286 2060 5341 excelso

494 5386 524 5424 a
554 5371 783 5426 Domino
812 5378 866 5426 et
909 5380 1127 5441 pastore
1177 5384 1515 5430 conservata:
1561 5392 1692 5433 oves
1741 5379 1878 5432 nihil
1931 5380 2059 5433 mali

493 5461 771 5530 patiantur
803 5462 871 5515 ah
907 5462 1296 5522 insidiantibus
1326 5468 1536 5538 asperis
1565 5477 1620 5523 et
1644 5470 1949 5538 immitibus
1981 5469 2061 5525 fe-

492 5551 592 5607 ris.
619 5550 686 5605 Et
707 5566 771 5607 ea
798 5553 1013 5622 quidem
1037 5569 1158 5624 quae
1184 5557 1249 5612 ad
1275 5536 1453 5613 ortum
1476 5559 1531 5613 in
1552 5536 2059 5632 Belhlehem,.quae-

565 5735 613 5767 "
652 5734 839 5791 Matth.
876 5753 934 5804 η,
972 5738 1109 5793 ΗΞ.

2163 4546 2262 4618 τὴν
2290 4545 2395 4616 γῆν
2419 4546 2639 4617 ἐξῆλθεν
2662 4549 2690 4601 ό
2713 4546 2947 4617 φθόγγος
2973 4546 3171 4610 αὐτῶν,
3206 4546 3302 4600 καὶ
3324 4547 3408 4609 είς
3429 4545 3504 4599 ea:
3540 4547 3738 4618 πέρατα

2162 4638 2262 4708 τῆς
2287 4637 2612 4709 οἰκουμένης
2637 4636 2707 4691 τά
2756 4639 2957 4709 ῥήματ’
2997 4636 3197 4693 αὐτῶν.
3237 4636 3522 4708 Πρόδηλον
3554 4639 3617 4692 δὲ
3660 4638 3737 4690 καὶ
3794 4620 3795 4641 ¹

2163 4729 2344 4781 ὁποῖον
2363 4728 2505 4799 μέγα
2520 4729 2769 4799 ποίμνιον
2789 4727 2911 4782 καθ’
2925 4726 3056 4798 ὅλης
3069 4727 3171 4798 τῆς
3189 4727 3296 4798 γῆς
3310 4730 3379 4781 ἐκ
3402 4727 3646 4796 λογικῶν
3660 4729 3735 4781 καὶ

2163 4818 2516 4890 ἀνθρωπείων
2538 4819 2822 4890 προϐάτων
2841 4818 2920 4890 τῷ
2948 4819 3140 4891 Κυρίῳ
3165 4819 3254 4872 διὰ
3292 4819 3404 4872 τῶν
3432 4821 3735 4875 ἀποστόλων

2165 4912 2328 4965 αὐτοῦ
2349 4913 2593 4983 συνέστη*
2610 4914 2638 4966 ὃ
2653 4913 2748 4967 καὶ
2762 4913 2926 4976 αὐτὸς
2943 4914 2972 4966 ό
2987 4912 3192 4985 Κύριος
3205 4912 3271 4965 δι’
3296 4900 3525 4977 ἑαυτοῦ,
3552 4912 3731 4982 ποιμὴν

2161 5003 2297 5075 ὁμοῦ
2321 5006 2413 5058 καὶ
2429 5005 2631 5076 Κύριος
2644 5004 2719 5058 ὢν
2729 5005 2828 5076 τῆς
2843 5005 3095 5075 ποίμνης,
3111 5004 3414 5073 ἐπόψεσθαι
3430 5005 3530 5058 καὶ
3562 5017 3733 5071 ποιμα·

2162 5100 2272 5152 νεῖν
2285 5100 2340 5152 ἐν
2364 5098 2505 5169 ίσχύῖ
2520 5099 2754 5167 λέγεται,
2772 5097 2911 5151 ὥστε
2929 5099 2986 5149 ὲν
3001 5098 3143 5167 χειρὶ
3158 5098 3402 5167 κραταιᾷ
3423 5097 3523 5150 καὶ
3543 5099 3601 5149 ἐν
3623 5095 3734 5164 βρα-

2161 5195 2297 5266 χίονι
2309 5192 2498 5265 ὑψηλῷ
2511 5193 2647 5266 πρὸς
2658 5191 2751 5244 τοῦ
2765 5190 3023 5244 δεσπότου
3038 5189 3133 5241 καὶ
3149 5189 3411 5258 ποιμένος
3423 5188 3728 5260 φυλαττόμε-

2160 5303 2227 5338 να
2269 5285 2342 5338 τὰ
2365 5283 2609 5354 πρόϐατα
2635 5281 2797 5353 μηδέν
2818 5298 2872 5333 τι
2902 5280 3093 5333 παθεῖν
3117 5280 3289 5334 δεινὸν
3318 5281 3462 5352 πρὸς
3487 5280 3595 5335 diu»
3622 5281 3728 5347 ἐφε·

2161 5376 2458 5447 δρευόντων
2486 5374 2667 5437 αὐτοῖς
2681 5373 2886 5445 ἀγρίων
2913 5372 3007 5425 καὶ
3032 5371 3259 5443 ἀπηνῶν
3291 5372 3525 5444 θηρίων.
3554 5368 3725 5426 Καὶτά

2166 5468 2263 5537 μὲν
2295 5469 2423 5537 περὶ
2448 5467 2547 5537 τῆς
2566 5468 2623 5520 ἐν
2660 5465 2925 5538 Βηθλεέμ,
2946 5466 3041 5520 καὶ⁸
3055 5467 3152 5538 τῆς
3163 5466 3273 5519 ἀπὸ
3296 5466 3508 5537 ταύτης
3523 5463 3721 5537 προόόαθ

2161 5559 2254 5612 τοῦ
2281 5558 2787 5632 προκηρυττομένου
2803 5559 2958 5623 Θεοῦ,
2976 5558 3161 5613 τοῦτον
3177 5560 3291 5629 ἔχει
3307 5560 3400 5613 τὸν
3416 5561 3632 5630 τρόπον·
3644 5555 3722 5627 τὴν
