3828 6220
155 347 271 405 541

1102 343 1758 401 DEMONSTRATIONIS
1781 343 2238 400 EV'ANGELICIE
2268 343 2402 399 LIB.
2437 343 2547 401 VII.

3324 346 3428 401 542

145 464 221 518 δὲ
254 463 321 528 ἐξ
352 461 600 535 οὐρανῶν
628 464 707 527 εἰς
754 461 1075 535 ἀνθρώπους
1122 461 1417 534 ἐπιδημίαν
1450 460 1613 514 αὐτοῦ
1661 460 1755 513 τοῦ

1861 474 1967 529 que
2000 459 2067 513 ad
2095 474 2449 529 progressum
2473 474 2539 513 ex
2561 474 2628 514 eo
2659 456 2953 527 pertinent,
2985 456 3109 526 ejus
3141 442 3237 512 Dei
3266 473 3426 526 quem

146 556 375 628 Κυρίου
412 556 505 608 καὶ
544 554 799 625 ποιμένος
827 555 929 626 ήδη
954 554 1048 608 καὶ
1081 554 1345 626 πρότερον
1376 553 1435 618 ἐξ
1463 553 1626 606 αὐτοῦ
1651 550 1746 605 τοῦ

149 648 309 717 μετὰ
336 652 521 719 χεῖρας
548 650 828 719 προφήτου
855 646 1260 718 παρατέθειμαι
1288 687 1303 709 ,
1333 645 1399 698 δι’
1427 639 1503 697 ὧν
1527 644 1710 712 ἔλεγεν
1729 660 1743 674 ο

152 761 175 790 ι
223 740 546 805 Ἀκούσατε,
584 740 701 793 λαοὶ
738 740 959 803 πάντες,
985 740 1079 793 καὶ
1114 737 1429 810 προσεχέτω
1465 738 1617 809 ήγῆ,
1654 739 1747 791 καὶ

143 832 366 895 πάντες
398 832 449 884 οἰ
476 833 532 884 ἐν
564 833 723 902 αὐτῇ,
762 832 854 885 καὶ
889 831 1042 884 ἔσται
1084 831 1285 901 Κύριος
1318 830 1446 900 ὑμῖν
1488 832 1568 893 είς
1607 847 1749 901 μαρ-

136 924 381 996 τύριον,
431 924 637 994 Κύριος
682 923 740 989 ἐξ
784 921 933 975 οἴκου
988 922 1143 990 ἁγίου
1199 922 1395 975 αὑτοῦ·
1451 922 1584 975 διότι
1636 922 1744 975 ἰδοὺ

140 1015 369 1086 Κύριος
423 1015 626 1086 Κύριος
673 1014 1029 1086 ἐκπορεύεται
1075 1016 1139 1067 ἐκ
1191 1013 1282 1067 τοῦ
1338 1014 1505 1067 τόπου
1552 1015 1743 1078 αὐτοῦ,

139 1107 247 1159 καὶ
275 1106 667 1177 καταϐήσεται,
696 1126 714 1158 ›
738 1107 833 1159 καὶ
852 1105 921 1158 τὰ
950 1104 1095 1175 ἐξῆς·
1116 1099 1484 1173 οἷς-ἐπιλέγων
1508 1105 1741 1176 ἔφασκε·

141 1214 163 1244 ι
204 1197 287 1249 Δι’
308 1196 566 1249 ἀσέϐειαν
599 1193 794 1249 Ἰακὼὸ
826 1194 1003 1247 πάντα
1036 1193 1227 1255 ταῦτα,
1262 1196 1357 1246 καὶ
1382 1194 1449 1246 δι’
1472 1196 1745 1268 ἁμαρτίαν

145 1291 310 1343 οἰκου
355 1290 594 1360 ’1σραήλ’
637 1309 656 1340 ι
708 1288 888 1357 Σαφὲς
934 1287 991 1340 δὲ
1038 1287 1138 1340 καὶ
1178 1287 1285 1339 ἀπὸ
1317 1288 1424 1341 τῶν
1478 1288 1605 1360 ἑξῆς
1647 1288 1743 1343 τοῦ

148 1381 324 1436 αὐτοῦ
352 1382 657 1452 προφήτου,
699 1382 781 1433 ὅτι
805 1381 878 1451 μὴ
914 1380 1071 1451 μόνον
1113 1380 1201 1434 διὰ
1233 1380 1331 1443 τὰς
1365 1363 1619 1445 ἀσεϐείας
1650 1384 1743 1437 τοῦ

161 1471 440 1524 Ἰουδαίων
464 1470 649 1533 ἔθνους
672 1470 771 1540 τὴν
810 1468 869 1535 ἐξ
902 1468 1145 1540 οὐρανῶν
1187 1470 1216 1521 ὁ
1249 1468 1451 1540 Κύριος
1480 1469 1744 1540 πεποίητο

149 1562 406 1626 κάθοδον,
435 1560 571 1615 ἀλλά
592 1563 686 1614 καὶ
709 1560 797 1613 διά
830 1561 930 1633 τὴν
966 1559 1238 1630 σωτηρίαν
1277 1562 1370 1613 καὶ
1408 1560 1604 1629 κλῆσιν
1633 1561 1743 1614 τῶν

148 1655 330 1709 ἐθνῶν
376 1655 649 1708 ἁπάντων.
686 1652 955 1721 Ἐπιλέγει
985 1650 1028 1703 δ’
1058 1647 1150 1704 οῦν
1199 1650 1359 1721 ἐξῆςο
1408 1670 1427 1701 ‹
1454 1652 1564 1705 Καὶ
1591 1652 1742 1705 ἔσται

148 1748 243 1799 ἐπ’
279 1746 525 1816 ἐσχάτων
556 1745 663 1797 τιὶν
698 1743 920 1815 ἡμερῶν
954 1743 1197 1812 ἐμφανὲς
1235 1743 1299 1795 τὸ
1338 1742 1462 1813 ὅρος
1512 1743 1740 1816 Κυρίου,

147 1840 253 1893 καὶ
277 1836 602 1891 σπεύσουσιν
624 1834 709 1888 ἐπ’
738 1834 868 1888 αὐτὸ
899 1834 1018 1888 λαοὶ
1044 1834 1247 1897 πολλοὶ,
1270 1835 1365 1887 καὶ
1389 1833 1745 1904 πορεύσονται

148 1931 284 2001 ἔθνη
320 1927 529 1991 πολλὰ,
565 1929 659 1982 καὶ
710 1927 930 1999 ἐροῦσι·
989 1926 1171 1989 Δεῦτε,
1221 1925 1507 1995 ἀναδῶμεν
1558 1927 1638 1989 εἰς
1684 1926 1745 1979 τὸ

146 2023 281 2093 ὅρος
308 2020 537 2093 Κυρίου.
575 2039 593 2071 ι
628 2020 719 2072 Διὸ
752 2021 846 2073 καὶ
877 2018 1013 2090 μετά
1053 2018 1227 2071 ταῦτα
1258 2018 1350 2071 τὸν
1398 2017 1504 2087 πρὸ
1536 2016 1744 2069 αἰώνων

148 2113 264 2167 ἀπὸ
298 2114 400 2184 τῆς
435 2112 683 2182 Βηθλεὲμ
713 2110 1089 2177 ἐξελεύσεσθαι
1122 2109 1473 2181 ἀνακηρύξας
1497 2150 1509 2171 ,
1560 2110 1743 2162 οὐκέτι

144 2201 247 2254 τοῦ
286 2200 504 2272 Ἰσραὴλ
540 2201 720 2271 μόνου,
758 2200 892 2253 ἀλλά
929 2200 1143 2271 ἀθρόως
1190 2199 1407 2252 πάντων
1441 2197 1742 2269 ἀνθρώπων

144 2288 259 2351 ἕως
283 2288 381 2342 καὶ
400 2287 508 2340 τῶν
538 2288 722 2361 ἄκρων
747 2290 846 2360 τῆς
873 2289 979 2358 γῆς
1006 2288 1191 2359 ἄρξειν
1212 2289 1373 2342 αὐτόν
1400 2304 1530 2359 φησι
1553 2305 1566 2318 ·
1594 2288 1741 2356 λέγει

143 2376 194 2429 δ’
226 2373 324 2431 οὖν
346 2395 361 2408 ο
397 2397 417 2428 ι
450 2380 558 2432 Καὶ
586 2382 864 2449 στήσεται,
896 2381 990 2433 καὶ
1022 2379 1232 2449 όψεται,
1260 2382 1353 2433 καὶ
1390 2382 1645 2450 ποιμανεῖ
1681 2379 1744 2432 τὸ

145 2469 407 2540 ποίμνιον
431 2470 599 2522 αὑτοῦ
626 2472 684 2521 ὲν
727 2470 871 2540 ἰσχύϊ
912 2470 1137 2542 Κύριος,
1174 2471 1266 2523 καὶ
1295 2473 1352 2523 ἐν
1377 2474 1443 2541 τῇ
1488 2470 1616 2543 δόξῃ
1646 2470 1740 2524 τοῦ

141 2561 417 2632 ὀνόματος
464 2562 670 2633 Κυρίου
723 2560 858 2615 Θεοῦ
909 2562 1089 2615 αὐτῶν
1118 2562 1450 2634 ὑπάρξουσι·
1482 2563 1615 2616 διότι
1646 2563 1742 2616 νῦν

147 2649 654 2720 μεγαλυνθήσονται
709 2650 814 2712 ἕως
862 2650 1048 2722 ἄκρων
1099 2653 1199 2723 τῆς
1242 2654 1348 2723 γῆς
1376 2694 1389 2717 ,
1453 2655 1547 2707 καὶ
1590 2654 1741 2709 ἔσται

141 2741 291 2813 αῦτη
316 2744 531 2813 εἰρήνη.
568 2760 587 2793 ι
619 2742 735 2796 Τίνι
760 2741 817 2795 δὲ
849 2742 1002 2796 ἔσται
1048 2744 1187 2817 αῦτη
1225 2746 1416 2816 εἰρήνη
1457 2745 1571 2799 ἀλλ’
1607 2747 1639 2817 ἢ
1671 2749 1737 2818 τῇ

140 2837 240 2903 τῇ,
268 2827 377 2905 ἐνῇ
400 2833 897 2903 μεγαλυνθήσονται
920 2834 991 2889 τά
1012 2837 1237 2907 ποίμνια
1252 2835 1347 2889 τοῦ
1369 2838 1572 2908 Κυρίου
1592 2854 1607 2902 ;
1631 2839 1740 2892 Καὶ

138 2923 309 2977 τοῦτο
337 2925 415 2988 δὲ,
450 2924 634 2977 ὁποίου
661 2925 848 2989 τέλους
875 2925 1032 2998 ἔτυχε
1063 2931 1207 2996 μετὰ
1243 2927 1320 2999 (1)
1360 2927 1455 2981 τοῦ
1489 2929 1741 3000 Σωτῆρος

140 3016 309 3088 ἡμῶν
336 3016 513 3087 Ἰησοῦ
540 3017 779 3092 Χριστοῦ
805 3021 1132 3090 παρουσίαν,
1165 3020 1327 3073 παντί
1350 3038 1428 3091 τῳ
1450 3021 1734 3093 πρόδηλονο

139 3108 356 3180 πολλῆς
388 3108 498 3181 γὰρ
526 3109 692 3181 ούσης
736 3111 844 3182 πρὸ
869 3111 1061 3164 τούτου
1110 3113 1460 3184 πολυαρχίας,
1503 3114 1598 3167 καὶ
1629 3112 1735 3166 τῶν

140 3201 322 3256 ἐθνῶν
358 3203 613 3256 ἁπάντων
634 3204 1081 3276 τυραννουμένων
1105 3206 1138 3276 ἢ
1167 3206 1691 3278 δημοκρατουμένων
1714 3246 1730 3271 ,

135 3293 219 3357 ὡς
305 3293 577 3364 μηδεμίαν
652 3296 794 3366 πρὸς
876 3296 1138 3366 ἀλλήλους
1220 3298 1507 3369 ἐπιμιξίαν
1603 3302 1732 3364 τοὺς

139 3382 475 3454 ἀνθρώπους
531 3383 674 3455 ἔχειν
698 3425 713 3447 ,
771 3384 917 3449 ἰδίως
962 3386 1053 3450 δέ,
1117 3387 1250 3458 φέρε
1290 3389 1501 3451 εἰπεῖν,
1566 3389 1732 3456 Αἰγυ-

141 3476 324 3530 πτίων
390 3476 498 3530 ὑπὸ
568 3478 754 3549 οἰκείῳ
818 3477 1040 3548 ἄρχοντι
1100 3462 1527 3550 βασιλευομένων
1551 3519 1565 3543 ,
1636 3480 1731 3533 κα)⁸

156 3565 408 3636 ’Δράὁων
463 3565 743 3631 ὡσαύτως,
808 3569 903 3622 καὶ
966 3569 1301 3639 Ἰδουμαίων,
1359 3570 1619 3623 Φοινίκων
1670 3589 1728 3624 τε

141 3656 243 3709 καὶ
274 3657 483 3727 Σύρων,
519 3658 614 3710 καὶ
643 3656 751 3711 τῶν
780 3658 955 3712 ἄλλων
989 3659 1178 3724 ἐθνῶν,
1203 3661 1645 3732 ἐπανισταμένων
1668 3679 1727 3714 τε

141 3748 320 3803 ἐθνῶν
352 3748 553 3811 ἔθνεσι,
575 3751 670 3802 καὶ
703 3749 910 3803 πόλεων
941 3750 1146 3813 πόλεσι,
1181 3751 1505 3823 πολιορκιῶν
1534 3770 1593 3805 τε
1629 3771 1728 3823 μυ-

145 3842 281 3911 ρίων
313 3841 409 3894 καὶ
440 3842 828 3911 αἰχμαλωσιῶν
860 3842 1001 3895 κατά
1029 3843 1206 3896 πάντα
1238 3844 1402 3897 τόπον
1422 3862 1482 3897 τε
1508 3846 1601 3898 καὶ
1621 3844 1727 3915 χώ-

143 3949 249 4004 ραν
282 3933 735 4003 ἐπιτελουμένων,
770 3934 957 4007 ἐπειδὴ
995 3937 1177 4008 παρῆν
1209 3937 1237 3988 ὁ
1272 3936 1460 4010 Σωτὴρ
1489 3938 1583 3991 καὶ
1610 3938 1724 3991 Κύ-

143 4040 283 4096 ριος,
318 4024 456 4095 ὁμοῦ
485 4027 550 4095 τῇ
588 4027 666 4088 είς
699 4024 1016 4097 ἀνθρώπους
1043 4027 1208 4080 αὐτοῦ
1240 4028 1475 4099 παρόδῳ,
1507 4028 1722 4101 πρώτου

137 4131 202 4167 τε
247 4115 531 4185 Ῥωμαίων
560 4116 872 4184 Αὐγούστου
901 4118 1011 4171 τῶν
1036 4117 1206 4171 ἐθνῶν
1235 4120 1720 4190 ἐπικρατήσαντος,

137 4206 333 4259 λέλυτο
366 4208 463 4278 μὲν
493 4210 527 4279 ὴ
561 4208 787 4279 πλείστη
819 4209 1144 4281 πολυαρχία,
1180 4212 1370 4282 εἰρήνη
1409 4210 1467 4264 δὲ
1500 4211 1722 4281 διελάμ-

137 4296 272 4350 ϐανε
315 4297 414 4369 τὴν
446 4299 736 4369 σύμπασαν
767 4301 890 4371 γῆν,
925 4304 990 4372 τῇ
1030 4302 1164 4372 μετά
1197 4305 1385 4374 χεῖρας
1416 4302 1722 4367 ἀκολούθως

136 4390 469 4460 προρρήσει,
492 4389 787 4462 διαρρήδην
812 4393 1032 4464 φησάσῃ
1060 4393 1188 4464 περὶ
1215 4393 1324 4446 τῶν
1355 4393 1449 4447 τοῦ
1482 4394 1719 4466 Χριστοῦ

140 4479 423 4550 μαθητῶν·
460 4501 479 4531 ι
507 4481 649 4535 Διότι
671 4482 766 4535 νῦν
790 4482 1284 4555 μεγαλυνθήσονται
1308 4484 1411 4548 ἕως
1431 4485 1599 4556 ἄκρου
1621 4486 1719 4556 τῆς
1753 4522 1798 4576 D

135 4571 267 4640 γῆς·
306 4572 402 4624 καὶ
429 4572 581 4625 ἔσται
604 4573 745 4644 αὕτη
769 4576 979 4645 εἰρήνη’
1011 4594 1030 4626 ι
1150 4576 1361 4646 συνᾴδει
1388 4577 1450 4629 τὸ
1480 4579 1538 4630 ἐν
1567 4577 1721 4631 Ψαλ-

139 4666 266 4734 μοῖς
288 4663 495 4730 φάσκον
530 4668 658 4737 περὶ
687 4667 781 4720 τοῦ
814 4667 1050 4739 Χριστοῦ
1072 4668 1269 4736 λόγιον⁸
1302 4687 1321 4719 ι
1368 4669 1633 4723 Ἀνατελεί
1662 4674 1720 4725 ἐν

131 4758 262 4819 ταῖς
288 4757 524 4828 ἡμέραις
543 4758 708 4813 αὐτοῦ
727 4758 1062 4830 δικαιοσύνη,
1086 4760 1180 4813 καὶ
1199 4758 1401 4831 πλῆθος
1422 4763 1659 4834 εἰρήνης.
1695 4782 1714 4814 ι

135 4847 232 4900 Διό
268 4864 357 4917 μοι
392 4848 535 4903 δοκεί
564 4850 748 4922 ἄρχων
779 4852 1001 4923 εἰρήνης
1040 4852 1097 4911 ἐν
1136 4853 1204 4920 τῇ
1251 4850 1361 4923 πρὸ
1388 4851 1588 4925 ταύτης
1615 4870 1721 4906 πα-

135 4940 429 5013 ρατεθείσῃ
458 4943 763 5014 προφητείᾳ
782 4941 1115 5013 ὠνομάσθαι.
1170 4944 1493 5014 Ἐπίστησόν
1523 4961 1587 5013 γε
1612 4945 1717 5016 μὴν

131 5030 262 5084 τίνα
280 5031 480 5103 τρόπον
502 5034 531 5085 ὁ
560 5032 694 5103 μετά
715 5036 901 5105 χεῖρας
922 5036 1208 5106 προφήτης
1229 5035 1323 5088 καὶ
1343 5033 1715 5099 ἐξελεύσεσθαι

135 5120 242 5190 μὲν
280 5119 343 5183 ἐξ
378 5121 621 5192 οὐρανῶν
652 5122 744 5175 τὸν
784 5122 986 5194 Κύριον
1031 5124 1333 5195 ἀρχόμενος
1379 5123 1600 5195 ἔφησεν,
1652 5127 1713 5178 ού

132 5212 405 5283 πρότερον
436 5213 493 5266 δὲ
528 5217 811 5285 ποιμανεῖν
842 5216 970 5279 τοὺς
1002 5215 1342 5288 ἀνθρώπους,
1379 5217 1412 5288 ἢ
1449 5215 1714 5289 γεννηθῆ-

131 5322 227 5359 ναι
252 5305 344 5358 τὸν
373 5304 759 5377 θεσπιςόμενον
789 5308 850 5360 ἐν
880 5309 947 5379 τῇ
977 5307 1241 5379 Βηθλεέμ·
1276 5309 1425 5373 ὅπως
1457 5308 1514 5362 δέ
1541 5308 1716 5363 ταῦτα

132 5398 232 5451 ἐπὶ
254 5398 348 5451 τὸν
378 5398 606 5470 Σωτῆρα
638 5400 732 5452 καὶ
755 5399 957 5472 Κύριον
993 5400 1151 5471 ήμῶν
1178 5400 1519 5473 ἐπεραιοῦτο,
1546 5402 1718 5472 ἐμαρ-

131 5486 373 5559 τύρησεν
400 5490 430 5542 ὁ
461 5489 885 5561 Εὐαγγελιστὴς,
930 5492 996 5545 δι’
1024 5485 1100 5546 ὧν
1137 5492 1506 5566 προεξεθέμην
1549 5492 1714 5569 αύτοῦ

135 5576 362 5645 φωνῶν.
390 5578 601 5650 Ποιμὴν
636 5578 695 5632 δὲ
729 5582 822 5635 καὶ
854 5580 1154 5652 ἡγούμενος
1184 5584 1213 5636 ὁ
1242 5584 1477 5654 Χριστὸς
1502 5583 1713 5636 ἀναδει-

1853 551 2129 622 propheta.-
2161 551 2510 615 nuntiabant,
2547 552 2603 604 in
2634 550 2780 604 hunc
2820 549 3040 604 modum
3095 566 3154 605 se
3201 550 3426 605 habent.

1852 644 2160 713 Adventum
2192 651 2372 698 autem
2405 644 2579 714 ipsius
2607 641 2820 697 Domini
2852 651 2906 695 et
2933 641 3171 710 pastoris
3194 639 3261 696 de
3285 641 3426 696 coelo

1853 739 1921 793 ad
1969 738 2222 793 homines
2271 736 2596 807 jampridem
2644 750 2710 790 ex
2765 731 2955 789 eodem
3006 732 3288 803 propheta,
3332 732 3425 802 qui

1849 844 2001 893 nunc
2035 831 2090 883 in
2146 829 2400 884 manibus
2449 834 2555 889 est,
2610 825 2894 896 proposui,
2939 824 3030 879 ubi
3064 825 3159 899 sic
3196 824 3422 880 aiebat:

1857 940 1876 971 c
1918 921 2133 984 Audite,
2161 921 2348 991 populi
2378 935 2589 979 omnes.
2615 926 2668 974 et
2690 916 2931 972 attendat
2957 924 3125 980 terra,
3159 925 3213 970 et
3234 930 3424 973 omnes

1853 1013 1946 1083 qui
1987 1018 2115 1067 sunt
2160 1013 2214 1064 in
2241 1025 2325 1074 ea,
2359 1017 2413 1065 et
2451 1010 2555 1063 erit
2590 1008 2855 1063 Dominus
2887 1007 3045 1061 vobis
3091 1005 3145 1058 in
3172 1006 3423 1060 testimo-

1850 1105 2002 1159 nium
2033 1121 2046 1157 :
2074 1101 2337 1157 Dominus
2365 1118 2429 1157 ex
2459 1102 2625 1156 domo
2648 1106 2840 1155 sancta
2871 1112 2993 1160 sua,
3022 1098 3151 1167 quia
3178 1111 3305 1151 ecce
3327 1094 3443 1152 Do-

1851 1197 2035 1250 minus
2066 1194 2330 1249 Dominus
2377 1191 2687 1263 egredietur
2709 1190 2777 1245 de
2807 1190 2927 1243 loco
2953 1203 3075 1253 suo,
3105 1195 3159 1242 et
3188 1186 3424 1241 descen-

1848 1286 1941 1341 det
1971 1288 2040 1351 ",
2085 1305 2104 1337 ι
2138 1293 2193 1341 et
2240 1292 2478 1349 cartera;
2532 1282 2735 1352 quibus
2773 1280 3024 1351 adjungit
3068 1299 3082 1334 :
3138 1297 3156 1329 ι
3194 1279 3424 1347 Propter

1849 1377 2184 1445 impietatem
2213 1374 2384 1429 Jacob
2411 1372 2597 1429 omnia
2627 1373 2764 1436 haec,
2801 1380 2858 1426 et
2884 1378 3108 1442 propter
3136 1378 3422 1440 peccatum

1848 1468 2046 1522 domus
2074 1468 2242 1522 Israel
2271 1468 2338 1520 ⁷⁷.
2397 1486 2416 1518 ι
2462 1465 2546 1519 Ab
2597 1466 2667 1520 iis
2719 1474 2901 1520 autem
2951 1479 3072 1534 quae
3115 1452 3422 1533 sequuntur

1850 1558 1992 1629 apud
2026 1558 2275 1613 eumdem
2324 1559 2644 1628 prophetam
2674 1559 2838 1613 etiam
2888 1557 3020 1611 illud
3052 1556 3272 1626 planum
3312 1562 3419 1621 est,

1848 1651 1994 1719 quod
2027 1660 2135 1705 non
2166 1653 2342 1705 solum
2379 1659 2598 1721 propter
2626 1652 2935 1730 impietates
2972 1648 3212 1704 Iudaicae
3240 1648 3420 1717 gentis

1852 1739 2114 1795 Dominus
2141 1741 2209 1795 de
2234 1742 2377 1795 caelo
2411 1741 2717 1802 descendit,
2755 1740 2850 1796 sed
2877 1742 3041 1795 etiam
3072 1746 3294 1810 propter
3330 1753 3421 1793 sa-

1781 1826 1818 1879 B
1848 1831 2013 1884 intem
2045 1840 2097 1885 et
2120 1833 2464 1887 vocationem
2494 1832 2737 1903 gentium
2767 1841 3114 1886 cunctarum.
3158 1830 3420 1902 Adjungit

1848 1921 2015 1991 igitur
2040 1921 2301 1992 deinceps
2336 1941 2349 1976 :
2388 1942 2406 1973 ‹
2440 1922 2506 1976 Et
2526 1923 2632 1978 erit
2658 1924 2714 1977 in
2741 1922 3059 1978 novissimis
3094 1920 3289 1977 diebus
3308 1935 3419 1975 ma-

1848 2013 2083 2068 nifestus
2113 2028 2270 2068 mons
2298 2013 2533 2078 Domini,
2559 2022 2615 2068 et
2645 2014 2981 2069 festinahunt
3011 2013 3078 2068 ad
3102 2013 3280 2083 ipsum
3316 2028 3416 2082 ρο*

1845 2103 1958 2173 puli
1990 2104 2169 2164 multi.
2199 2112 2253 2160 et
2300 2104 2456 2159 ibunt
2497 2112 2685 2175 gentes
2728 2106 2933 2168 multae,
2965 2115 3019 2160 et
3049 2106 3231 2161 dicent
3269 2124 3282 2159 :
3315 2104 3419 2161 Vc-

1845 2197 1977 2259 nite,
2030 2198 2395 2252 ascendamus
2454 2198 2510 2251 in
2556 2207 2799 2251 montem
2831 2197 3048 2252 Domini
3076 2199 3144 2253 τθ.
3185 2217 3203 2249 ι
3238 2198 3419 2264 Quare

1844 2289 2072 2361 posthac
2104 2289 2196 2343 ubi
2220 2305 2344 2344 eum
2374 2290 2470 2360 qui
2511 2296 2596 2344 est
2620 2298 2744 2344 ante
2774 2290 2975 2344 saecula
3007 2290 3074 2345 de
3103 2290 3417 2344 Bethlehem

1842 2394 2192 2451 egressurum
2221 2378 2515 2442 nuntiavit,
2559 2394 2668 2433 non
2701 2378 2802 2434 soli
2834 2377 3000 2434 Israel
3032 2379 3290 2448 amplius,
3320 2377 3416 2432 sed

1843 2472 2130 2526 confertim
2162 2470 2416 2525 omnibus
2460 2470 2715 2540 gentibus
2746 2485 2917 2537 usque
2939 2469 3004 2523 ad
3031 2478 3273 2524 extrema
3307 2476 3416 2523 tera

1843 2576 1919 2615 rm
1969 2561 2120 2615 illum
2152 2562 2546 2630 imperaturum
2579 2559 2829 2613 aiiirntat.
2867 2560 3005 2614 Dicit
3035 2560 3200 2629 igitur
3239 2578 3250 2612 :
3292 2576 3311 2608 ι
3350 2558 3416 2610 Et

1843 2656 2030 2711 stabit.
2065 2662 2120 2709 et
2148 2653 2373 2716 videbit,
2397 2660 2451 2708 et
2474 2660 2663 2723 pascet
2692 2668 2909 2723 gregem
2932 2668 3092 2707 suum
3116 2652 3169 2706 in
3199 2651 3417 2706 lortitu-

1842 2748 1971 2803 dine
2007 2746 2292 2813 Dominus,
2319 2754 2373 2801 et
2395 2746 2451 2799 in
2485 2745 2658 2815 gloria
2682 2744 2921 2800 nominis
2952 2743 3166 2798 Domini
3204 2743 3299 2798 Dei
3332 2745 3414 2814 ip-

1842 2854 2029 2896 sorum
2072 2839 2359 2894 exsistent.
2409 2836 2680 2903 Quoniam
2728 2850 2875 2890 nunc
2921 2834 3413 2905 magniﬁcabuntur

1843 2947 2017 3002 usque
2050 2931 2118 2986 ad
2141 2941 2383 2985 extrema
2412 2939 2571 2984 terra:
2606 2947 2620 2983 :
2652 2936 2707 2984 et
2736 2930 2840 2984 erit
2866 2928 2982 2983 hrec
3011 2944 3116 2999 pax
3141 2928 3208 2982 ⁷⁸.
3255 2947 3275 2980 ι
3311 2927 3412 2983 Cui

1840 3037 2006 3093 porro
2038 3023 2145 3077 erit
2172 3022 2285 3075 haec
2318 3036 2446 3090 pax,
2477 3020 2586 3075 nisi
2615 3028 2774 3075 terra:
2828 3021 2884 3074 in
2942 3035 3049 3090 qua
3095 3018 3413 3091 magniﬁca--

1839 3116 2046 3170 buntur
2078 3129 2270 3185 greges
2304 3112 2557 3166 Domini?
2610 3112 2669 3166 Id
2718 3112 2897 3182 ipsum
2929 3118 3131 3174 autem,
3161 3127 3322 3182 quem
3349 3111 3408 3166 ῆς

1840 3224 1963 3264 nem
1995 3209 2247 3265 sortitum
2279 3208 2350 3262 sit
2379 3215 2504 3277 post
2540 3204 2842 3261 Salvatoris
2870 3206 3043 3260 nostri
3073 3204 3202 3261 Jcsu
3252 3205 3413 3259 Chri-
3466 3229 3473 3237 ε

1839 3301 1909 3356 sti
1936 3301 2253 3363 adventum,
2292 3299 2495 3353 nemini
2545 3299 2842 3354 obscurum
2870 3314 2992 3354 esse
3024 3305 3203 3369 potest
3234 3316 3246 3351 :
3282 3313 3412 3351 nam

1837 3409 1961 3448 cum
1991 3404 2116 3447 ante
2144 3393 2291 3447 hunc
2320 3392 2635 3454 adventum,
2671 3391 2977 3461 principum
3023 3400 3169 3446 esset
3221 3392 3406 3445 multi-

1834 3485 1990 3547 tudo,
2026 3493 2080 3539 et
2102 3485 2368 3538 universae
2394 3491 2581 3552 gentes
2656 3491 2751 3536 aut
2778 3483 2881 3537 sub
2922 3483 3192 3554 tyrannis,
3226 3494 3323 3536 aut
3354 3482 3409 3536 in

1835 3585 1977 3630 statu
2010 3574 2256 3646 populari
2289 3580 2472 3627 essent
2501 3572 2830 3635 constituta},
2861 3579 2921 3625 ut
2951 3572 3158 3626 nullum
3188 3571 3331 3627 inter
3351 3586 3412 3627 so

1834 3667 2217 3722 commercium
2244 3664 2492 3717 homines
2514 3664 2798 3728 haberent,
2815 3664 2907 3718 sed
2928 3664 3180 3733 privatim
3198 3680 3214 3718 :
3230 3679 3394 3718 exem

1834 3754 1906 3825 pli
1935 3754 2131 3824 gratia,
2158 3752 2299 3822 apud
2328 3750 2620 3822 Egyptios
2659 3768 2793 3807 suus
2834 3753 3088 3822 princeps
3132 3761 3405 3822 regnaret,

1833 3846 1974 3916 apud
2004 3847 2212 3900 Arabas
2242 3847 2370 3902 item
2401 3864 2559 3912 suus,
2588 3847 2731 3916 apud
2761 3845 3049 3909 ldumaaos,
3092 3843 3405 3908 Phcenicas,

1830 3936 1991 4009 345
2027 3935 2207 4007 Syros
2253 3938 2498 4007 aliasque
2531 3939 2658 3992 item
2712 3945 2930 4007 gentes;
2955 3952 3189 4005 cumque
3216 3946 3407 4006 gentes

1830 4031 2088 4085 adversus
2104 4038 2368 4100 gentes,et
2380 4030 2629 4085 civitates
2643 4030 2904 4084 adversus
2921 4029 3167 4083 civitates
3179 4043 3405 4083 consur—

1826 4122 2456 4190 gerent,obsidiouesque
2472 4121 2890 4176 innumerabiles
2902 4128 2956 4175 et
2971 4119 3403 4188 captivitatesper

1827 4226 2040 4266 onmem
2061 4213 2236 4267 locum
2256 4227 2319 4266 ac
2336 4212 2606 4282 regionem
2628 4211 2956 4271 ﬁerent.tum
2972 4210 3208 4266 veroubi
3226 4208 3407 4266 Salva-

1825 4308 1913 4357 tor
1940 4312 2125 4358 noster
2145 4319 2209 4358 ac
2234 4302 2492 4359 Dominus
2523 4303 2718 4367 adfuit,
2751 4318 2857 4356 una
2880 4319 3002 4357 cum
3028 4304 3174 4359 illius
3202 4303 3270 4357 ad
3303 4302 3404 4357 hoe-

1825 4394 2004 4449 mines
2036 4394 2297 4459 adventu,
2328 4394 2443 4464 jam
2498 4402 2613 4447 tum
2663 4395 2840 4464 primo
2879 4393 3249 4449 Romanorum
3291 4392 3404 4449 Au-

1826 4494 1985 4555 gusto
2018 4486 2299 4555 imperium
2346 4486 2402 4539 in
2434 4486 2586 4540 orbis
2630 4487 2883 4541 nationes
2921 4486 3222 4550 obtinente,
3253 4486 3404 4542 solu-

1824 4582 1915 4628 tus
1943 4574 2092 4628 illico
2122 4582 2205 4630 est
2236 4575 2325 4629 ille
2372 4575 2650 4644 multiplex
2678 4575 3034 4645 principatus.
3066 4586 3119 4630 et
3146 4592 3249 4646 pax
3279 4574 3405 4630 uni-

1824 4681 2037 4722 versam
2090 4674 2290 4721 terram
2348 4667 2578 4737 accepit,
2631 4667 2681 4722 ei
2740 4669 3041 4739 praphetia‘
3094 4684 3215 4738 quae
3254 4684 3403 4724 nunc

1824 4762 2093 4813 tractatur
2114 4755 2477 4820 concordans,
2512 4758 2854 4827 apertissime
2893 4758 2960 4813 de
2996 4758 3201 4812 Christi
3231 4758 3401 4813 disci-

1822 4847 1966 4918 pulis
1998 4847 2235 4901 dicenti:
2274 4865 2293 4897 ι
2318 4847 2585 4912 Quoniam
2609 4864 2755 4903 nunc
2782 4850 3272 4919 magniﬁcabuntur
3311 4865 3401 4905 us-

1821 4954 1930 5009 que
1968 4938 2037 4992 ad
2066 4945 2370 4993 extremum
2416 4947 2606 4995 terrae:
2653 4952 2706 4995 et
2750 4942 2854 4996 erit
2909 4943 3021 4995 haec
3090 4956 3216 5010 pax.
3261 4940 3398 4995 tCui

1822 5036 2250 5084 consentaneum
2273 5035 2359 5084 est
2374 5031 2517 5099 quod
2548 5030 2602 5084 in
2624 5030 2855 5087 Psalmis
2879 5032 3075 5101 legitur
3089 5032 3155 5084 de
3178 5030 3399 5086 Christo

1821 5121 2126 5185 oraculum,
2156 5121 2374 5193 dicens:
2414 5140 2432 5173 ι
2464 5120 2682 5177 Orietur
2708 5124 2763 5177 in
2799 5122 2991 5178 diebus
3034 5123 3150 5186 eius
3182 5122 3396 5192 justitia

1820 5222 1875 5271 et
1905 5215 2236 5271 abundantia
2267 5216 2417 5287 pacis
2434 5216 2503 5270 ⁸⁸.
2531 5235 2549 5266 ι
2593 5216 2671 5271 Ex
2708 5232 2816 5287 quo
2843 5216 2974 5271 mihi
3009 5216 3222 5270 videtur
3246 5218 3397 5285 prin-

1819 5320 1948 5376 ceps
1997 5306 2149 5377 pacis
2179 5306 2232 5359 in
2261 5321 2345 5369 ea,
2397 5321 2518 5376 qua:
2563 5307 2810 5375 proxime
2841 5307 3085 5375 exposita
3119 5313 3224 5367 est,
3264 5320 3395 5375 pro-

1823 5399 2005 5469 phetia
2036 5398 2330 5453 nominari.
2364 5399 2749 5454 Animadverte
2781 5407 2986 5463 tamen,
3013 5414 3222 5470 quaso,
3254 5411 3395 5468 quo-

1821 5504 1947 5543 nam
1988 5498 2149 5557 pacto
2184 5488 2231 5544 is
2269 5488 2337 5545 de
2374 5506 2484 5560 quo
2516 5506 2661 5545 nunc
2700 5492 2913 5561 agimus
2957 5490 3240 5562 propheta,
3284 5487 3393 5541 Do-

1820 5566 2028 5636 min'um
2058 5581 2124 5636 de
2145 5583 2284 5637 coelo
2309 5597 2655 5652 egressurum
2687 5583 2845 5639 initio
2868 5584 2965 5651 ait,
3003 5598 3067 5638 ac
3096 5596 3206 5637 non
3236 5582 3392 5656 prius

211 5670 261 5701 "
287 5668 431 5724 Mich
476 5687 519 5734 ι,
551 5669 607 5735 2,
649 5671 703 5727 5.
778 5673 822 5704 ⁷⁷
863 5672 996 5727 ibid.
1031 5673 1084 5728 5.
1159 5674 1206 5706 ⁷⁸
1236 5673 1402 5729 Mich.
1431 5690 1506 5740 tv,
1545 5676 1598 5740 1,
1630 5676 1685 5730 2.
1746 5675 1755 5705 ⁸

1837 5673 1979 5731 liich.
2015 5692 2069 5743 ν,
2103 5675 2157 5739 4,
2190 5674 2243 5729 5.
2318 5676 2363 5707 ⁸⁸
2397 5674 2541 5731 Psal.
2571 5692 2719 5742 Lxxt,
2754 5677 2803 5730 7.

214 5763 292 5836 (1,
313 5760 803 5833 'fypographorum
836 5765 1049 5823 incuria
1079 5764 1427 5826 intercidisse
1456 5767 1674 5827 videtur
1697 5768 1818 5839 τήν,
1844 5766 1989 5838 quod
2022 5766 2293 5824 referatur
2324 5767 2393 5823 ad
2418 5768 2740 5841 παρουσίαν.
2771 5767 2934 5825 Enn.
