3828 6220
437 340 544 398 545

1148 335 1424 391 EUSEBII
1463 335 1944 393 CAESARIENSIS
1982 336 2131 393 OPP.
2170 335 2351 391 PARS
2385 335 2448 391 ll.
2484 366 2555 376 —-—
2592 335 3093 394 APOLOGETICA.

3605 342 3705 400 ειι

435 469 565 525 erga
617 453 869 508 homines
922 450 1161 523 pastoris
1212 448 1390 504 olﬂcio
1456 449 1796 516 functurum,
1861 464 1988 520 qua:

2131 447 2427 519 χθήσεσθαι
2456 447 2550 501 τοῦ
2606 449 2826 520 Ἰσραὴλ
2868 450 3104 521 εἴρηται,
3149 451 3394 524 συνήθως
3426 454 3526 522 τῆς
3564 457 3704 529 ἱερᾶς

436 544 697 603 nascetur
727 546 774 600 is
804 544 951 614 quia
984 542 1270 613 prophetis
1304 542 1544 607 canitur,
1578 542 1632 596 in
1665 541 2020 598 Bethlehem:

433 639 712 711 quomodo
748 652 879 693 vero
911 636 1025 692 haec
1061 635 1115 689 in
1160 633 1449 691 Salvatore
1481 649 1546 690 ac
1575 634 1808 689 Domino
1837 638 2025 691 termi-

435 740 560 786 nata
596 731 729 787 sint.
761 728 1078 785 testimonio
1119 744 1221 782 suo
1264 728 1489 798 planum
1535 728 1664 782 fecit
1687 728 2022 797 evangelista

434 824 490 878 in
524 823 591 878 iis
623 822 821 888 verbis,
855 837 976 891 qua:
997 823 1068 876 ab
1099 821 1191 875 illo
1214 834 1391 889 nuper
1429 819 1706 889 accipiens
1736 820 2027 890 proposui._

431 911 629 969 Pastor
671 921 851 967 autem
895 923 947 967 et
972 913 1082 967 dux
1114 902 1287 981 ipsius
1341 910 1907 967 lsraeldeclarandus
1933 912 2020 966 di-

430 1007 576 1062 citur
622 1005 897 1067 Christus,
957 1020 1081 1060 cum
1128 1006 1245 1061 haec
1290 1018 1574 1059 sacrarum
1607 1004 1912 1059 litterarum
1945 1004 2018 1060 sit

425 1095 792 1156 consuetudo,
825 1103 887 1148 ut
927 1097 1255 1149 sententiam
1298 1093 1686 1164 sequentibus,
1718 1106 1909 1147 verum
1934 1091 2016 1147 ls-

430 1189 543 1243 rael
579 1188 861 1242 nominent
895 1200 1113 1241 omnem
1162 1202 1287 1241 eum
1332 1186 1425 1255 qui
1462 1183 1821 1253 contemplari
1856 1183 2015 1239 facile

428 1283 625 1353 possit,
658 1289 711 1336 et
742 1289 953 1351 gratam
986 1279 1096 1334 Deo
1124 1281 1292 1332 vitam
1327 1284 1619 1348 sequatur:
1656 1276 1801 1331 sicut
1827 1289 2015 1330 econ-

424 1379 597 1429 trario
619 1373 837 1429 Judaeos
855 1380 976 1444 post
1000 1380 1310 1443 peccatum,
1335 1371 1699 1434 Chanameos,
1721 1378 1775 1424 et
1795 1383 2005 1432 semen,

422 1480 533 1521 non
579 1464 738 1529 Juda,
773 1465 867 1521 sed
895 1466 1180 1531 Chanaan,
1213 1473 1268 1520 et
1310 1464 1588 1535 principes
1642 1461 2009 1517 Sodomorum

421 1566 478 1614 et
503 1559 762 1629 populum
808 1557 1129 1613 Gomorrhae
1175 1556 1244 1612 ad
1289 1570 1472 1612 mores
1509 1557 1728 1610 illorum
1758 1553 2009 1608 alluden-

422 1661 507 1706 tes
539 1665 738 1705 vocare
768 1650 943 1704 solita:
975 1657 1099 1702 sunt
1128 1668 1138 1702 :
1176 1648 1380 1718 alioqui
1422 1662 1554 1702 vero
1584 1648 1751 1701 etiam
1786 1645 1853 1699 ad
1879 1660 2007 1699 ver-

2138 539 2361 610 Γραφῆς
2388 538 2479 592 τὸν
2513 537 2688 609 ἀληθῆ
2735 538 2951 611 Ἰσραὴλ
2984 539 3127 593 κατὰ
3154 540 3392 594 διάνοιαν
3421 543 3597 598 πάντα
3618 546 3703 603 τὸν

2123 630 2451 703 διορατικδν,
2484 630 2580 684 καὶ
2610 629 2820 702 ὰρετῶς
2852 629 2972 700 Θεῷ
3004 629 3223 700 βιοῦντα
3245 633 3697 708 ὲπονομαζούσης·

2122 723 2199 786 ὡς
2236 721 2470 794 ἔμπαλιν
2508 722 2636 784 τοὺς
2667 721 2732 774 ὲκ
2773 721 3099 793 περιτομῆς,
3132 723 3286 776 ὁπόθ’
3326 725 3696 796 ἁμαρτάνοιεν,

2120 814 2458 877 Χαναναίους
2487 816 2583 869 καὶ
2612 814 2837 886 σπέρμα
2865 813 3123 885 Χαναὰμ,
3146 816 3239 868 καὶ
3263 817 3364 869 οὐκ
3402 816 3591 880 Ἰούδα,
3619 820 3704 890 ἄρ·

2119 910 2316 978 χοντάς
2342 924 2403 961 τε
2428 906 2699 977 Σοδόμων,
2722 905 2819 960 καὶ
2847 904 2975 958 λαὸν
3005 900 3310 977 Γομόρραξ,
3339 908 3594 979 ἐμφερῶς
3612 911 3702 963 αὖα

2117 999 2230 1052 τῶν
2262 1001 2375 1062 τοῖς
2396 999 2622 1071 τρόποις
2645 997 3046 1067 ἀποκαλούσης.
3075 997 3282 1069 Ἄλλως
3300 997 3356 1050 δὲ
3379 999 3519 1070 πρὸς
3541 998 3700 1066 λέξιν,

2117 1093 2150 1163 ἡ
2186 1093 2336 1145 πᾶσα
2366 1090 2461 1145 τοῦ
2494 1090 2749 1162 Σωτῆρος
2779 1089 2935 1161 ἡμῶν
2976 1087 3229 1161 διατριϐὴ
3268 1090 3419 1162 παρὰ
3457 1089 3538 1163 τῷ
3576 1091 3703 1145 ’ῐουο

2113 1182 2277 1236 δαίων
2311 1182 2456 1235 ἔθνει
2487 1182 2700 1251 γέγονε,
2725 1181 2819 1234 καὶ
2854 1179 3063 1234 πολλῶν
3088 1197 3151 1249 γε
3178 1179 3273 1233 τοῦ
3323 1181 3539 1254 Ἰσραὴλ
3569 1184 3707 1254 ἡγή-

2116 1291 2268 1336 σατο,
2313 1274 2427 1326 ὅσοι
2472 1272 2536 1344 δὴ
2580 1271 2824 1342 ἔγνωσαν
2869 1272 3053 1336 αὐτὸν,
3101 1272 3196 1326 καὶ
3230 1274 3313 1337 είς
3344 1273 3508 1327 αὑτὸν
3543 1291 3705 1326 πεπι-

2114 1367 2377 1421 στεύκασι
2416 1365 2525 1419 τῶν
2555 1367 2620 1419 ὲκ
2652 1365 2981 1438 περιτομῆς.
3028 1366 3139 1418 Καὶ⁵
3168 1364 3229 1418 τὸ
3267 1366 3364 1436 μὲν
3405 1365 3506 1436 τῆς
3553 1367 3708 1419 ἐκτεο

2111 1459 2298 1531 θείσης
2327 1459 2688 1530 προρρήσεως
2718 1455 2975 1527 τοιαύτην
3014 1455 3204 1528 εἴληφε
3229 1457 3330 1528 τὴν
3359 1455 3606 1511 ἔκϐασιν·
3638 1458 3707 1512 τὰ

2108 1552 2164 1606 δὲ
2198 1552 2324 1623 ἑξῆς
2346 1553 2440 1620 ἀφ’
2462 1552 2549 1604 ὲτέ
2559 1568 2656 1622 ρας
2676 1549 3050 1618 ἀναγνωστέον
3070 1548 3266 1621 ἀρχῆς,
3289 1548 3464 1613 οὕτως
3486 1548 3701 1620 ἔχοντα·

2112 1659 2132 1691 ι
2181 1639 2465 1711 Ἀσσύριος
2484 1639 2613 1692 ὅταν
2635 1637 2838 1710 ἐπέλθῃ
2869 1638 2961 1691 ἐπὶ
2985 1638 3085 1710 τὴν
3114 1639 3217 1710 γῆν
3248 1637 3425 1710 ὑμῶν,
3456 1641 3552 1692 καί
3575 1640 3705 1692 ὅταν

421 1743 548 1799 bum
580 1743 1088 1812 interpretantibus,
1121 1743 1302 1796 omnis
1331 1740 1637 1796 Salvatoris
1666 1739 1843 1794 nostri
1877 1739 1988 1793 vita

2131 1732 2272 1804 ,mGﬁ
2306 1733 2399 1785 ἐπὶ
2437 1731 2535 1804 τὴν
2567 1731 2753 1804 χώραν
2786 1731 2963 1803 ὑμῶν,
2995 1732 3091 1785 καὶ
3116 1731 3583 1804 ὲπεγερθήσονται
3613 1734 3705 1785 ἐπ’

419 1810 765 1891 consuetudo
797 1835 944 1906 apud
972 1833 1257 1890 Judaicam
1303 1841 1518 1905 gentem
1563 1834 1685 1897 fuit,
1717 1840 1772 1888 et
1800 1833 1988 1886 multo-

2131 1823 2264 1877 ιὺτὸν
2289 1823 2430 1877 ἑπτὰ
2456 1823 2733 1895 ποιμένες,
2759 1824 2852 1877 καὶ
2874 1821 3018 1877 ὀκτὼ
3038 1823 3290 1894 δήγματα
3311 1823 3643 1896 ἀνθρώπων,
3681 1844 3700 1876 ι

419 1944 538 1980 rum
598 1944 665 1983 ex
699 1926 1006 1982 lsraeldux
1063 1926 1295 1988 exstitit,
1355 1941 1545 1980 eorum
1606 1923 1861 1979 videlicet
1906 1924 2002 1994 qui

418 2019 595 2088 ipsum
621 2028 979 2088 agnoverunt,
1001 2027 1165 2087 atque
1187 2032 1251 2071 ex
1282 2014 1706 2070 circumcisione
1735 2014 1790 2067 in
1821 2013 2002 2084 ipsum

416 2110 790 2172 crediderunt,
816 2117 869 2163 et
901 2109 953 2164 id
986 2108 1208 2180 quidem
1250 2107 1398 2178 quod
1432 2106 1500 2160 ad
1528 2105 1840 2175 expositum
1873 2120 2001 2159 ora-

414 2201 597 2255 culum
628 2203 884 2271 pertinet,
922 2201 1082 2255 talem
1135 2200 1342 2255 exitum
1392 2199 1621 2267 invenit;
1657 2212 1778 2268 quae
1816 2205 1997 2252 autem

414 2302 721 2364 sequuntur
746 2294 918 2348 altero
942 2300 1227 2364 assumpto
1249 2291 1407 2346 initio
1436 2291 1664 2362 legenda
1691 2298 1843 2354 sunt,
1875 2304 1999 2360 qua:

411 2386 492 2441 sic
521 2387 739 2455 quidem
777 2400 836 2440 se
884 2385 1117 2439 habent:
1162 2403 1180 2435 ι
1206 2384 1466 2455 Assyrius
1514 2397 1640 2437 cum
1686 2381 1899 2437 venerit
1938 2381 1993 2435 in

409 2484 612 2533 terram
649 2468 906 2543 vestram,
957 2486 1012 2533 et
1065 2493 1191 2531 cum
1243 2474 1553 2533 ascenderit
1604 2475 1660 2528 in
1712 2475 1992 2543 regionem

408 2580 668 2633 vestram,
702 2571 1093 2625 excitabuntur
1122 2569 1176 2622 in
1209 2567 1361 2621 illum
1400 2573 1607 2635 septem
1640 2574 1912 2633 pastores,
1936 2569 1992 2617 et

405 2669 530 2717 Octo
581 2677 798 2718 morsus
848 2662 1132 2716 hominum
1159 2662 1230 2724 ⁸⁸,
1263 2680 1282 2712 ι
1340 2667 1395 2714 et
1442 2659 1688 2728 reliqua;
1732 2670 1855 2725 quae
1882 2669 1993 2724 quo

404 2768 575 2809 sensu
624 2753 738 2807 sint
791 2752 1132 2823 accipienda,
1195 2766 1304 2805 non
1357 2757 1442 2805 est
1489 2762 1636 2803 nunc
1692 2745 1991 2801 enarrandi

405 2842 582 2898 locus.
650 2843 859 2898 Dixerit
909 2853 1090 2897 autem
1140 2842 1415 2912 quispiam
1472 2847 1595 2910 post
1637 2838 1987 2909 Assyriorum

406 2936 460 2990 in
494 2933 739 2991 Iudaeam
775 2935 1090 3000 adventum,
1129 2932 1294 3006 346
1328 2950 1437 3004 quo
1481 2931 1706 2986 Judaica
1741 2946 1876 3001 gens
1919 2930 1990 2985 ab

403 3027 513 3083 illis
546 3037 705 3099 capta
747 3038 854 3091 est,
886 3036 999 3081 tam
1045 3029 1246 3081 multas
1301 3026 1649 3080 incursiones
1695 3032 1859 3093 atque
1902 3024 1988 3077 in-

2105 1919 2200 1972 καὶ
2230 1916 2300 1970 τὰ
2335 1916 2545 1980 τούτοις
2580 1915 2867 1969 ἀκόλουθα·
2918 1914 2954 1969 ἃ
2994 1916 3089 1969 καὶ
3133 1916 3321 1979 ὁποίας
3367 1913 3558 1988 ἔχεται
3590 1916 3709 1970 δια⁴

2102 2010 2274 2072 νοίας,
2296 2010 2357 2062 οὐ
2388 2008 2482 2061 τοῦ
2513 2007 2778 2080 παρόντος
2799 2007 3060 2079 τυγχάνει
3083 2008 3447 2078 διηγήσασθαι
3478 2009 3703 2077 καιροῦ.

2103 2102 2263 2156 Εἴποι
2294 2101 2339 2154 δ’
2369 2102 2433 2156 ἄν
2468 2118 2556 2164 τις
2581 2099 2720 2171 μετὰ
2744 2099 2841 2173 τὴν
2877 2099 3177 2172 Ἀσσυρίων
3202 2103 3282 2164 εἰς
3301 2098 3399 2171 τὴν
3434 2099 3705 2153 Ἰουδαίαν

2101 2192 2415 2264 ἐπιδημίαν,
2449 2191 2571 2245 καθ’
2604 2192 2672 2263 ἧν
2706 2185 2848 2244 εἷλον
2881 2191 2942 2244 τὸ
2984 2190 3256 2244 Ἰουδαίων
3290 2190 3461 2256 ἔθνος,
3500 2191 3706 2245 τοσαύο

2097 2302 2197 2348 τας
2242 2284 2644 2347 ἐπαναστάσεις
2696 2284 2817 2336 κατ’
2867 2283 3048 2336 αὐτῶν
3094 2283 3398 2352 γεγονέναι,
3436 2283 3563 2336 ὅσαι
3603 2282 3706 2354 δη-

2097 2373 2316 2428 λοῦνται
2347 2373 2436 2427 διὰ
2477 2373 2586 2427 τῶν
2631 2372 2772 2426 ἑπτὰ
2822 2373 3095 2444 ποιμένων
3133 2374 3228 2427 καὶ
3267 2372 3355 2425 διὰ
3393 2372 3504 2426 τῶν
3549 2374 3704 2428 ὀκτὼ

2096 2467 2411 2538 δηγμάτων·
2436 2465 2614 2520 ταῦτα
2637 2465 2694 2518 δὲ
2720 2463 2981 2519 δύνασθαι
3001 2464 3201 2519 εἰδέναι
3225 2464 3353 2529 τοὺς
3381 2464 3453 2518 τὰ
3497 2464 3702 2518 Ἀσσυο

2097 2559 2227 2632 ρίων
2266 2558 2642 2631 ἱστορηκότας,
2677 2553 2752 2611 ὧν
2783 2558 2876 2610 ἐπὶ
2916 2557 3060 2610 τέλει
3093 2558 3186 2611 τὸν
3222 2559 3287 2610 ὲκ
3312 2557 3413 2627 τῆς
3441 2556 3702 2628 Βηθλεὲμ

2094 2652 2569 2723 προφητευόμενον
2604 2650 2905 2719 γεγονέναι,
2957 2649 3100 2703 κατὰ
3140 2649 3269 2713 τοὺς
3304 2648 3447 2702 ἑπτὰ
3487 2649 3699 2721 δηλαδὴ

2096 2743 2360 2814 ποιμένας
2396 2743 2492 2795 καὶ
2518 2742 2587 2795 τὰ
2615 2741 2758 2795 ὀκτὼ
2783 2741 3037 2813 δήγματα
3058 2744 3170 2804 τοῖς
3212 2740 3521 2812 Ἀσσυρίοις
3549 2757 3697 2812 συμ-

2097 2835 2270 2890 ϐάντα
2299 2838 2356 2889 ὲν
2386 2836 2633 2906 ὑστέροις
2654 2833 2867 2906 χρόνοις
2887 2834 2985 2904 τῆς
3003 2835 3084 2897 είς
3101 2834 3200 2904 τὴν
3232 2831 3491 2885 Ἰουδαίαν
3508 2832 3696 2885 αὐτῶν

2096 2928 2308 2997 ἐφόδου.
2346 2927 2534 2981 Ταῦτα
2570 2928 2627 2981 δὲ
2670 2927 2928 2998 πλείστης
2952 2926 3183 2999 ἐρεύνης
3215 2925 3469 2997 δεόμενα,
3497 2927 3562 2979 οῦ
3593 2924 3695 2979 νῦν

2096 3018 2571 3092 πολυπραγμονεῖν
2600 3018 2811 3091 καιρός.

402 3123 661 3179 solentias
695 3132 887 3178 contra
938 3123 1059 3178 illos
1093 3123 1394 3186 exstitisse,
1424 3138 1586 3191 quam
1635 3122 1819 3175 multae
1897 3127 2104 3190 septem
2147 3118 2464 3188 pastoribus
2513 3124 2568 3173 et
2614 3126 2742 3173 octo
2804 3116 3087 3172 morsibus
3139 3115 3476 3173 indicantur.
3554 3115 3689 3170 [lare

401 3222 585 3271 autem
647 3215 777 3269 sciri
818 3230 979 3285 posse
1048 3215 1117 3269 ab
1166 3215 1235 3269 iis
1268 3216 1361 3274 qui
1406 3230 1496 3270 res
1536 3214 1888 3286 Assyriorum
1948 3212 2226 3266 memoria:
2276 3210 2617 3281 prodiderint
2661 3228 2675 3265 :
2746 3225 2981 3280 quorum
3034 3220 3158 3281 post
3208 3210 3396 3276 ﬁnem,
3445 3227 3574 3268 eum
3618 3214 3693 3268 de

399 3328 509 3383 quo
542 3311 824 3383 propheta:
866 3312 1169 3379 loquuntur
1209 3311 1277 3366 de
1315 3309 1629 3366 Bcthlehem
1680 3310 1977 3372 exstitisse,
2024 3315 2147 3378 post
2182 3318 2391 3377 septem
2416 3305 2672 3361 videlicet
2701 3316 2952 3376 pastores
2984 3316 3039 3360 et
3068 3314 3194 3376 post
3260 3314 3389 3360 octo
3451 3321 3685 3363 morsus

399 3403 492 3474 qui
558 3403 816 3474 Assyrios
864 3405 1185 3469 invaserint,
1232 3405 1570 3475 temporibus
1622 3418 1744 3474 quae
1808 3403 2022 3456 illorqu
2091 3403 2147 3456 in
2192 3399 2437 3455 Judaeum
2490 3415 2776 3455 accessum
2833 3401 3129 3456 subsecuta
3187 3408 3335 3456 sunt.
3377 3397 3688 3464 Caeterum,

400 3500 516 3554 hac
563 3499 854 3570 plurimam
888 3500 1223 3570 postulantia
1250 3500 1679 3575 indagationem,
1710 3514 1821 3554 non
1866 3506 1951 3553 est
1992 3513 2143 3551 nunc
2173 3498 2452 3552 curiosius
2476 3495 2800 3566 explorandi
2826 3502 3065 3566 tempus.

395 3638 442 3693 Α
467 3636 675 3707 psalmo
711 3652 897 3715 exstat.
932 3668 1002 3677 —
1031 3638 1301 3715 anrenti
1326 3637 1537 3715 __David
1593 3639 1838 3715 quisnam
1894 3639 1974 3692 ιο-

2131 3637 2242 3715 urd
2273 3635 2525 3715 ψςαλμοιξ
2555 3635 2781 3715 ρλαξ-
2806 3632 3129 3703 Πυθομένῳ
3162 3630 3242 3715 τῷ
3273 3630 3474 3715 Δαὶεὶδ,
3506 3639 3690 3715 ποῖος

467 3726 560 3764 cus
605 3718 740 3763 esset
783 3708 1045 3777 Epicrate,
1080 3712 1137 3761 iu
1177 3725 1281 3778 qua
1318 3708 1456 3763 Deus
1503 3714 1898 3776 prwnuntiams
1943 3727 1976 3762 a

465 3779 734 3849 prophetis
785 3790 1113 3842 nasceretur,
1150 3780 1268 3846 ipsa
1312 3790 1486 3832 autem
1522 3789 1602 3833 est
1650 3780 1973 3844 Belulehem,

465 3848 559 3920 per
590 3848 847 3918 Spiritum
874 3864 1118 3903 sanctum
1151 3851 1548 3918 manifestatur.

471 3982 490 4015 ι
511 3961 804 4026 Memento,
844 3961 1092 4025 Domine,
1138 3960 1330 4025 David,
1361 3972 1416 4017 et
1444 3962 1623 4018 omnis
1652 3970 1977 4018 mansuetu-

394 4053 541 4111 dinis
564 4055 720 4124 ejus:
756 4054 1132 4125 sicutjuravit
1163 4052 1417 4116 Domino,
1455 4063 1644 4108 votum
1681 4056 1829 4110 vovit
1868 4055 1976 4109 Deo

391 4145 592 4202 Jacob:
643 4146 690 4201 si
744 4145 1010 4200 introiero
1044 4147 1099 4201 in
1131 4146 1547 4200 tabernaculum
1577 4144 1772 4201 domus
1819 4160 1972 4207 meae,

393 4239 443 4294 si
473 4237 775 4294 ascendero
803 4237 857 4290 in
894 4236 1096 4291 lectum
1142 4237 1302 4291 strati
1335 4235 1477 4291 mei:
1523 4237 1570 4290 si
1601 4234 1801 4290 dedero
1827 4251 1976 4290 som-

393 4346 524 4387 num
551 4332 728 4386 oculis
756 4330 915 4393 meis,
945 4341 998 4385 et
1027 4329 1302 4400 palpebris
1321 4330 1457 4384 meis
1496 4328 1967 4393 dormitationem,

394 4422 475 4497 [et
513 4423 760 4494 requiem
791 4423 1132 4493 temporibus
1162 4421 1347 4494 meis,]
1381 4421 1558 4477 donec
1591 4423 1862 4477 inveniam
1894 4424 1976 4477 lo-

391 4533 519 4573 cum
582 4516 839 4582 Domino,
908 4516 1326 4570 tabernaculum
1388 4513 1498 4570 Deo
1561 4513 1752 4571 Jacob.
1832 4514 1974 4570 Ecce

391 4611 707 4666 audivimus
789 4624 908 4664 eam
992 4611 1050 4664 in
1132 4608 1392 4678 Ephrata,
1464 4608 1775 4663 invenimus
1851 4623 1971 4663 eam

391 4702 449 4759 in
515 4701 724 4773 campis
792 4701 994 4771 sylva):
1085 4699 1435 4754 introibimus
1500 4699 1556 4752 in
1619 4698 1974 4753 tabernacula

390 4795 535 4863 ejus,
577 4794 932 4849 adorabimus
993 4793 1048 4846 in
1117 4792 1238 4846 loco
1307 4790 1399 4845 ubi
1460 4797 1732 4846 steterunt
1809 4791 1974 4860 pedes

388 4885 595 4956 ejus".
650 4905 669 4938 ι
709 4884 849 4940 Tum
934 4883 1192 4954 deinceps
1292 4883 1601 4954 adjungit:
1680 4882 1975 4953 r'Propter

2151 3708 2242 3776 ἄρ’
2271 3703 2363 3774 εἴη
2391 3703 2423 3760 ὁ
2452 3703 2696 3776 τῆξ-τοῦ
2731 3703 3296 3776 προκηρυττομένοςυ
3328 3703 3477 3756 Θεοῦ
3506 3708 3685 3772 τειοὲ-

2149 3773 2304 3843 σὲως
2325 3779 2525 3843 τόπος,
2557 3774 2595 3845 ἦ
2639 3774 2912 3845 Ἐφραθὰ,
2948 3774 3100 3841 αῦτη
3134 3773 3203 3827 δέ
3243 3774 3485 3845 ἐστινᾲὴ
3516 3778 3684 3841 8110-

2146 3849 2314 3918 λεέμ,
2346 3847 2444 3901 διὰ
2474 3843 2592 3900 τοῦ
2611 3843 2773 3901 θείου
2801 3847 3151 3915 Πνεὺματος
3188 3843 3570 3914 φανεροῦται.

2154 3980 2176 4011 ‹
2209 3958 2519 4031 Μνήσθητι,
2573 3956 2769 4029 Κύριε,
2817 3954 2914 4009 τοῦ
2974 3954 3159 4021 Δαϐὶδ,
3206 3955 3302 4009 καὶ
3345 3955 3529 4026 πάσης
3577 3956 3685 4026 τῆς

2078 4053 2386 4126 πραότητος
2425 4049 2612 4105 αὐτοῦ·
2655 4051 2732 4114 ὡς
2763 4048 2946 4120 ὤμοσε
2979 4047 3059 4120 τῷ
3096 4049 3311 4120 Κυρίῳ,
3358 4046 3566 4119 ηὔξατο
3596 4048 3685 4119 τῷ

2078 4145 2199 4217 Θεῷ
2235 4144 2448 4199 Ἰακώϐ·
2479 4144 2543 4196 Ei
2570 4142 2947 4212 εἰσελεύσομαι
2967 4142 3049 4204 είς
3074 4143 3338 4211 σκήνωμα
3360 4140 3514 4193 οἴκου
3545 4156 3683 4210 μου,

2077 4241 2127 4292 εἰ
2161 4238 2505 4310 ἁναὸήσομαι
2552 4237 2646 4290 ἐπὶ
2685 4234 2873 4306 κλίνης
2921 4235 3215 4306 στρωμνῆς
3250 4250 3372 4304 μου·
3422 4235 3471 4286 εἰ
3514 4231 3684 4287 δώσω

2082 4331 2249 4385 ῦπνον
2294 4334 2408 4395 τοῖς
2453 4329 2749 4401 ὀφθαλμοῖς
2800 4345 2923 4399 μου,
2962 4328 3053 4380 καὶ
3085 4329 3202 4390 τοῖς
3236 4325 3535 4397 βλεφάροις
3569 4342 3681 4395 μου

2078 4423 2413 4495 νυσταγμὺν,
2442 4423 2549 4485 ἓως
2581 4415 2642 4474 οὗ
2671 4420 2819 4492 εὕρω
2852 4420 3016 4473 τόπον
3047 4417 3128 4491 τῷ
3160 4420 3373 4491 Κυρίῳ,
3404 4420 3683 4490 σκήνωμα

2076 4515 2156 4587 τῷ
2184 4516 2303 4587 Θεῷ
2344 4512 2557 4568 Ἰακώϐ.
2597 4513 2727 4568 Ἰδοὺ
2752 4512 3067 4584 ἠκούσαμεν
3097 4511 3266 4583 αὐτὴν
3298 4513 3356 4563 ὲν
3402 4511 3677 4582 Ἐφραθὰ,

2079 4607 2312 4680 εὕρομεν
2341 4605 2511 4678 αὐτὴν
2539 4607 2597 4658 ἐν
2619 4608 2732 4669 τοῖς
2754 4604 2955 4667 πεδίοις
2977 4603 3071 4657 τοῦ
3100 4602 3330 4675 δρυμοῦ·
3366 4603 3682 4657 είσελευσὸο

2081 4697 2224 4770 μεθα.
2266 4700 2348 4761 εἰς
2385 4696 2455 4750 τὰ
2505 4695 2839 4767 σκηνώματα
2878 4694 3069 4760 αὐτοῦ,
3102 4696 3562 4767 προσκυνήσομεν
3595 4701 3679 4762 εἰς

2074 4790 2168 4843 τὸν
2215 4789 2399 4855 τόπον,
2440 4782 2502 4843 οὗ
2547 4789 2779 4859 ἔστησαν
2822 4790 2873 4841 οἱ
2918 4788 3078 4852 πόδες
3120 4786 3310 4841 αὐτοῦ.
3345 4807 3366 4839 ›
3399 4785 3675 4860 mssa;

2077 4881 2338 4951 ἐπιλέγει·
2354 4898 2374 4933 ι
2388 4880 2614 4935 Ἕνεκεν
2631 4880 2795 4935 Δασὶδ
2814 4880 2908 4934 τοῦ
2929 4880 3117 4934 δούλου
3145 4897 3261 4944 σου,
3292 4879 3368 4951 μὴ
3396 4883 3673 4954 ἀποστρέ-

390 4976 564 5034 David
612 4993 833 5033 servum
877 4984 1054 5045 tuum,
1116 4992 1186 5031 ne
1233 4983 1452 5031 avertas
1505 4976 1697 5031 faciem
1767 4973 1970 5031 Christi

2131 4989 2185 5048 ῃς
2223 4973 2287 5028 τὸ
2326 4974 2617 5049 πρόσωπον
2646 4972 2743 5026 τοῦ
2777 4972 3015 5045 Χριστοῦ
3059 4989 3174 5025 σου.
3222 4974 3433 5042 ’Ὧμοσε
3464 4973 3672 5044 Κύριος

390 5072 494 5127 tui.
537 5070 750 5126 Juravit
811 5069 1073 5124 Dominus
1146 5067 1317 5122 David
1371 5067 1680 5132 veritatem,
1749 5076 1805 5124 et
1864 5084 1975 5123 non

389 5163 749 5219 frustrabitur
797 5177 943 5227 eum,
1008 5163 1073 5216 dc
1127 5160 1309 5216 fructu
1356 5161 1566 5216 ventris
1622 5159 1705 5214 tui
1771 5176 1973 5232 ponam

392 5270 560 5326 super
589 5253 774 5310 sedem
806 5261 954 5309 tuam
976 5254 1043 5308 ³³.
1071 5274 1091 5306 ι
1121 5253 1189 5307 Ει
1211 5252 1459 5325 adjungit
1483 5253 1570 5308 his
1594 5253 1722 5307 item
1749 5253 1970 5308 dicens:

394 5365 416 5401 ι
446 5347 579 5403 Illuc
629 5346 927 5417 producam
976 5362 1147 5400 cornu
1198 5344 1391 5411 David,
1449 5346 1638 5416 paravi
1686 5346 1968 5401 lucernam

390 5436 614 5493 Christo
664 5453 816 5492 meo:
872 5436 1127 5492 inimicos
1173 5436 1293 5506 ejus
1338 5435 1561 5490 induam
1617 5435 1964 5499 confusione,

391 5544 559 5600 super
588 5529 767 5599 ipsum
806 5538 985 5584 autem
1017 5528 1282 5585 eillorehit
1314 5529 1679 5584 sanctiﬁcatio
1710 5526 1914 5587 metu“.
1943 5545 1961 5578 ι

390 5620 567 5676 Etiam
591 5621 721 5675 hate
740 5623 1023 5692 prophetia
1045 5637 1170 5676 cum
1202 5622 1485 5692 superiore
1509 5620 1828 5685 concordat,
1848 5633 1969 5690 quae

460 5776 502 5809 ⁸¹
545 5777 707 5836 Mich.
733 5794 787 5845 γ,
822 5777 874 5834 5.
951 5779 995 5811 "
1027 5778 1172 5836 Psal.
1214 5779 1335 5846 151,
1373 5779 1479 5834 1-7.
1556 5776 1602 5809 ⁸⁸³
1639 5777 1771 5833 ibid.
1808 5778 1893 5842 10,
1941 5778 2029 5834 11.

2076 5064 2242 5120 Δαδὶδ
2283 5065 2564 5138 ἀλήθειαν,
2612 5067 2706 5120 καὶ
2754 5067 2817 5119 οὐ
2866 5066 2940 5138 μὴ
2971 5066 3254 5139 ιάθετήσει
3307 5066 3506 5120 αὐτόν·
3573 5068 3671 5122 Ἐκ

2074 5155 2289 5229 καρποῦ
2316 5157 2419 5228 τῆς
2442 5158 2652 5221 κοιλίας
2678 5175 2772 5210 σου
2803 5158 3041 5230 θήσομαι
3070 5160 3163 5213 ἐπὶ
3183 5158 3277 5211 τὸν
3299 5158 3488 5231 θρόνον
3512 5175 3663 5212 σου.»

2072 5251 2181 5304 Καὶ
2205 5251 2678 5324 ὲπιφέρειτούτοις
2698 5252 2889 5320 λέγων·
2930 5270 2948 5303 ι
2974 5254 3120 5306 Ἐκεῖ
3155 5252 3465 5318 ἐξανατελῶ
3497 5254 3669 5323 κέρας

2070 5342 2148 5413 τῷ
2189 5342 2376 5408 Δαϐὶδ,
2422 5343 2697 5414 ἡτοίμασα
2733 5343 2925 5412 λύχνον
2972 5343 3053 5414 τῷ
3087 5342 3311 5414 Χριστῷ
3356 5359 3497 5414 μου·
3538 5346 3669 5407 τοὺς

2070 5435 2299 5509 ἐχθροὺς
2335 5436 2502 5491 αὐτοῦ
2546 5438 2749 5491 ἐνδύσω
2788 5437 3072 5508 αἰσχύνην,
3105 5440 3199 5492 ἐπὶ
3228 5438 3288 5493 δὲ
3314 5438 3481 5492 αὐτὸν
3510 5438 3668 5504 ἐξαν-

2070 5527 2227 5599 θήσει
2260 5527 2321 5581 τὸ
2355 5528 2603 5600 ἁγίασμά
2633 5546 2753 5600 μου.
2787 5549 2805 5581 ι
2841 5529 3064 5600 Συνᾲδει
3093 5532 3161 5600 τῇ
3191 5530 3300 5599 πρὸ
3326 5530 3535 5600 ταύτης
3566 5531 3661 5583 καὶ

2070 5623 2105 5692 ἡ
2142 5621 2391 5692 παροῦσα
2427 5621 2749 5692 προφητεία,
2786 5622 2849 5675 ὲκ
2880 5619 3129 5693 Βηθλεὲμ
3155 5620 3247 5675 τὸν
3277 5622 3660 5693 προκηρυττό-

2107 5778 2150 5811 ⁸⁸
2187 5777 2317 5833 ibid.
2360 5776 2449 5845 17,
2494 5775 2580 5833 18.
