3828 6220
126 236 245 293 545

1025 234 1690 292 DEMONSTRATIONIS
1732 232 2197 291 EVANGELlC/E
2238 233 2367 290 LIB.
2412 233 2526 291 VH.

3306 245 3418 303 διε

133 373 302 429 μενον
326 354 464 408 Θεδν
492 352 916 425 προελεύσεσθαι
951 354 1310 425 σημαίνουσα.
1349 353 1520 406 Τοῦτο
1552 353 1609 407 δὲ
1634 348 1727 407 οὖν

1830 350 1985 405 illum
2018 350 2215 415 Deum,
2245 352 2340 422 qui
2371 351 2663 406 nuntiatur
2690 360 2983 420 venturus,
3010 354 3078 412 de
3098 355 3416 418 Bethlebem

125 448 268 504 αὐτὸ
320 447 417 501 καὶ
460 448 489 501 ὁ
538 446 726 511 Δαὸὶδ,
773 445 1038 517 πρότερον
1081 445 1179 516 μὲν
1219 444 1454 513 ἀγνοῶν,
1507 443 1725 515 εὔχεται

128 542 290 614 παρὰ
329 540 427 595 τοῦ
470 539 606 594 Θεοῦ
655 538 869 611 μαθεῖν,
907 536 1005 594 εἶτ’
1048 538 1348 611 εὐξάμενος
1388 538 1722 592 παιδεύεται.

145 633 366 704 Ἐπειδὴ
388 632 499 704 γὰρ
518 632 785 704 τετύχηκε
811 631 1061 703 χρησμοῦ
1094 631 1185 685 τοῦ
1212 632 1350 703 πρὸς
1376 631 1537 685 αὐτὸν
1566 632 1624 684 ὲν
1647 630 1726 703 τῷ

126 726 334 798 ψαλμῷ
372 728 665 797 φήσαντος,
707 744 725 776 ι
771 726 866 778 Ἐκ
896 723 1112 793 καρποῦ
1142 724 1242 795 τῆς
1270 723 1479 787 κοιλίας
1513 740 1606 777 σου
1632 723 1727 797 θή-

135 838 301 891 σομαι
336 822 432 874 ἐπὶ
465 820 556 872 τὸν
584 819 773 891 θρόνον
802 836 918 882 σου,
958 838 977 870 ι
1016 819 1113 872 καὶ
1143 815 1322 881 αὖθις,
1376 837 1393 870 ι
1445 820 1593 873 Ἐκεῖ
1637 818 1725 887 ὲξ-

127 912 378 967 ανατελῶ
403 913 573 983 κέρας
596 910 674 982 τῷ
688 910 867 974 Δαόὶδ,
890 912 1164 982 ήτοίμασα
1189 911 1382 982 λύχνον
1403 911 1482 983 τῷ
1504 911 1723 984 Χριστῷ

134 1023 261 1078 μου,
294 1026 313 1058 ι
347 1004 578 1067 εἰκότως
610 1003 943 1074 προσπίπτει
973 1002 1053 1073 τῷ
1085 1002 1223 1073 Θεῷ,
1261 1004 1355 1056 καὶ
1394 1004 1722 1076 προσπεσὼν

128 1096 217 1150 ἐπ’
249 1096 489 1163 ἐδάφους
526 1093 835 1146 ππνιᾶται·
890 1092 986 1144 ἐπὶ
1037 1090 1198 1144 πλέον
1242 1091 1299 1144 δὲ
1329 1093 1395 1162 τῇ
1442 1094 1719 1163 προσευχῇ

128 1184 562 1262 προσκαρτερῶν
587 1185 781 1255 δμνυσι
811 1183 891 1253 τῷ
918 1181 1058 1253 Θεῷ,
1098 1181 1171 1253 μὴ
1200 1182 1462 1255 πρότερον
1492 1182 1724 1236 είσελεύ-

130 1279 323 1334 σεσθαι
364 1280 445 1341 είς
489 1279 753 1347 σκήνωμα
785 1275 937 1328 οἴκου
977 1274 1166 1336 αὐτοῦ,
1209 1274 1347 1345 μηδὲ
1387 1273 1577 1327 δώσειν
1607 1277 1721 1338 τοῖς

126 1370 431 1442 ὀφθαλμοῖς
481 1369 644 1424 αὐτοῦ
693 1368 880 1431 ὕπνον,
932 1368 1029 1420 καί⁹
1072 1368 1184 1431 τοῖς
1224 1366 1513 1438 βλεφάροις
1552 1365 1719 1419 αὐτοῦ

127 1463 462 1534 νυσταγμὸν,
505 1463 638 1533 μηδὲ
679 1459 1047 1531 ἀναϐήσεσθαι
1080 1460 1173 1512 ἐπὶ
1206 1458 1394 1530 κλίνης
1430 1459 1721 1530 στρωμνῆς

130 1556 325 1619 αὑτοῦ,
360 1554 573 1609 κεῖσθαι
597 1554 654 1607 δὲ
687 1555 863 1624 χαμαὶ.
897 1551 1332 1623 προσκυνοῦντα,
1369 1552 1464 1605 καὶ
1491 1548 1720 1604 ποτνιώ-

132 1662 327 1716 μενον,
364 1645 473 1698 εστ⁹
505 1643 570 1697 ἂν
601 1643 734 1715 εὕρῃ
766 1644 930 1696 τόπον
963 1641 1042 1713 τῷ
1074 1643 1284 1713 Κυρίῳ,
1320 1642 1416 1696 καὶ
1451 1642 1718 1711 σκήνωμα

128 1738 206 1809 τῷ
238 1737 363 1807 Θεῷ
398 1734 615 1798 Ἰακὼϐ,
650 1734 796 1788 τοῦτ’
821 1734 964 1788 ἐστιν
986 1735 1092 1800 ἕως
1116 1734 1181 1788 ἂν
1204 1732 1373 1806 μάθῃ,
1397 1732 1489 1786 τοῦ
1512 1734 1718 1805 Κυρίου
1752 1754 1791 1809 Β

127 1828 546 1902 φανερώσαντος
579 1827 749 1898 αὐτῷ,
775 1826 874 1897 τὴν
896 1825 1109 1895 γένεσιν
1134 1826 1228 1881 τοῦ
1252 1825 1511 1900 Χριστοῦ
1548 1823 1714 1889 εὐξά-

128 1937 296 1991 μενος
326 1919 404 1983 δὲ,
441 1921 535 1972 καὶ
573 1916 797 1971 τοιαῦτα
818 1916 1022 1986 γνῶναι
1056 1917 1323 1988 ποθήσας,
1359 1916 1461 1968 οὐκ
1491 1917 1571 1979 είς
1608 1933 1716 1986 μαι

124 2012 271 2083 κρὰν
295 2010 376 2082 τῷ
407 2010 537 2083 θείῳ
571 2008 852 2079 Πνεύματι
873 2008 943 2062 τὰ
971 2007 1232 2080 μέλλοντα
1255 2006 1476 2061 ἔσεσθαι
1498 2006 1713 2080 θεωρεῖ,

124 2101 222 2156 τοῦ
242 2101 381 2155 Θεοῦ
414 2104 525 2164 τοῖς
557 2099 777 2163 οἰκείοις
802 2097 1270 2169 ἐπαγγειλαμένου
1296 2097 1377 2152 ἔτι
1405 2115 1469 2167 γε
1495 2097 1718 2152 λαλούν-

121 2208 235 2245 των
270 2189 689 2245 ὲπακούσεσθαι.
750 2188 1141 2253 Ἐπακουσθεὶς
1185 2189 1320 2261 δῆτα
1367 2187 1716 2254 καταξιοῦται

122 2282 377 2357 χρησμοῦ
411 2282 507 2353 τὴν
542 2281 786 2353 Βηθλεὲμ
808 2280 1203 2350 ὲπιφωνοῦντος
1227 2281 1394 2353 αὐτῷ,
1421 2281 1497 2346 ὡς
1527 2282 1594 2335 ἂν
1627 2283 1714 2334 ὲν-

123 2376 258 2430 esse
288 2376 448 2429 τοῦτό
480 2391 583 2429 που
611 2373 707 2427 τοῦ
744 2373 972 2446 Κυρίου,
1001 2373 1210 2428 καὶτοῦ
1236 2373 1593 2445 σκηνώματος
1621 2373 1713 2427 τοῦ

121 2467 265 2523 Θεοῦ
327 2467 523 2522 Ἰακὼὸ
570 2465 994 2537 συστησομένου.
1051 2465 1237 2520 Ταῦτα
1280 2466 1572 2537 τοιγαροῦν
1617 2464 1714 2519 τοῦ

120 2561 275 2616 θείου
314 2561 632 2632 Πνεύματος
665 2563 723 2616 ὲν
762 2559 910 2631 αὐτῷ
944 2558 1322 2622 θεσπίσαντος,
1351 2558 1515 2622 αὐτὸς
1547 2557 1714 2611 αὑτοῦ

117 2653 438 2716 ἐπακούσας
486 2652 748 2720 ἐπιλέγει⁸
811 2670 830 2703 ι
884 2651 1013 2705 Ἰδοὺ
1061 2650 1376 2720 ἠκούσαμεν
1430 2649 1599 2720 αὐτὴν
1656 2651 1714 2702 ἐν

131 2745 401 2818 Ἐφραθά.
434 2763 453 2796 ι
491 2743 737 2815 Ἔφραθὰ
768 2744 826 2797 δὲ
857 2746 890 2815 ή
925 2744 1061 2815 αὐτή
1098 2745 1214 2795 ἐστι
1246 2745 1311 2813 τῇ
1346 2741 1612 2813 Βηθλεὲμ,
1638 2742 1710 2808 ώς

117 2836 285 2907 δῆλόν
318 2837 432 2888 ἐστι
465 2834 573 2887 ἀπὸ
606 2835 703 2904 τῆς
737 2832 1029 2897 Γενὲσεως,
1066 2833 1193 2886 ἔνθα
1221 2833 1470 2905 περὶτῆς
1513 2834 1715 2905 Ῥαχὴλ

119 2931 376 2999 εἴρηται,
435 2928 518 2980 ὄτι
568 2945 587 2978 ι
622 2924 869 2995 Ἐθαψαν
921 2925 1089 2997 αὐτὴν
1149 2927 1207 2978 ἐν
1257 2924 1335 2996 τῷ
1391 2925 1713 2997 ἱπποδρόμῳ

133 3017 404 3089 Ἐερραθὰ,
441 3016 581 3089 αῦτη
616 3017 735 3069 ἐστὶ
768 3017 1041 3089 Βηθλεέμ.
1082 3036 1102 3070 ι
1140 3018 1254 3070 Καὶ
1287 3018 1321 3089 ή
1365 3016 1471 3088 πρὸ
1507 3017 1711 3090 ταύτης

1829 459 2256 516 progressurum
2291 443 2588 516 signiﬁcat.
2643 447 2827 516 Ipsum
2885 448 2992 503 hoc
3041 450 3209 521 igitur
3245 450 3416 509 David

1828 553 2069 608 quoque,
2102 536 2259 608 prius
2309 537 2532 608 quidem
2564 539 2853 608 ignorans,
2883 550 3038 612 optat
3079 544 3298 602 discere
3347 546 3415 603 ab

1830 626 1950 696 ipso
1982 626 2110 691 Deo,
2145 636 2259 681 tum
2296 642 2428 682 vero
2467 628 2558 682 ubi
2602 630 2810 699 Optavit
2852 643 3090 704 votoque
3138 636 3411 706 poposcit,

1832 719 1885 774 id
1923 719 2102 789 ipsum
2130 719 2395 784 docetur,
2427 719 2588 792 347
2622 719 2917 792 Postquam
2948 726 3095 781 enim
3128 727 3413 781 oraculum

1834 813 2071 881 accepit,
2099 810 2245 880 quod
2278 811 2347 865 ad
2378 812 2556 882 ipsum
2595 812 2649 866 in
2682 816 2894 883 psalmo
2925 819 3038 881 ait,
3079 836 3098 868 ι
3132 817 3204 873 De
3229 818 3415 872 fructu

1826 905 2033 960 ventris
2065 904 2144 958 tui
2178 920 2375 974 ponam
2407 920 2573 974 super
2599 907 2780 960 sedem
2828 915 3014 974 tuam;
3042 927 3063 961 ι
3101 918 3155 965 et
3192 925 3410 974 rursus,

1832 1013 1851 1046 ι
1882 994 2015 1051 llluc
2058 997 2359 1066 producam
2402 1012 2575 1051 cornu
2633 995 2831 1062 David,
2887 1000 3077 1070 paravi
3124 1002 3412 1057 lucernam

1826 1090 2050 1144 Christo
2082 1104 2227 1153 meo,
2260 1108 2279 1141 ι
2333 1089 2534 1143 mcrito
2582 1092 2896 1160 procumbit
2935 1093 3041 1163 ipsi
3075 1091 3206 1157 Deo,
3246 1102 3413 1164 atque

1828 1182 1900 1235 ita
1936 1180 2150 1235 haerens
2175 1182 2314 1244 solo,
2343 1181 2619 1251 supplicat
2643 1189 2697 1235 ct
2728 1191 3024 1252 precatur:
3058 1185 3275 1255 longius
3307 1200 3408 1240 au-

1827 1264 1935 1324 trin
1967 1272 2427 1342 constantiusque
2468 1271 2525 1325 in
2564 1271 2814 1327 oratione
2850 1289 3232 1343 perseverans,
3260 1276 3412 1345 jurat

1825 1361 1959 1425 Deo,
2013 1379 2123 1417 non
2167 1364 2321 1433 prius
2375 1380 2435 1420 se
2485 1366 2863 1437 ingressurum
2909 1367 2964 1420 in
2997 1368 3411 1423 tabernaculum

1824 1453 2022 1508 domus
2053 1468 2188 1517 suae,
2218 1468 2397 1523 neque
2442 1453 2700 1509 daturum
2740 1456 2918 1511 oculis
2961 1456 3079 1511 suis
3128 1472 3406 1521 somnum,

1823 1551 1877 1597 et
1902 1543 2179 1612 palpebris
2203 1544 2320 1599 suis
2343 1545 2811 1610 dormitationem,
2843 1562 3021 1618 neque
3044 1564 3404 1604 ascensurum

1824 1636 1878 1689 in
1927 1635 2127 1689 lectum
2160 1636 2316 1689 strati
2364 1638 2473 1702 sui,
2512 1638 2662 1692 humi
2688 1647 2921 1694 stratum
2957 1642 3186 1711 soloque
3216 1643 3405 1697 adita:-

1824 1733 2055 1791 rentem,
2085 1741 2262 1798 eoque
2312 1728 2475 1783 modo
2530 1730 2852 1785 adorantem
2901 1749 2965 1787 ac
3006 1735 3408 1804 supplicantem

1822 1832 2172 1883 mansurum,
2203 1818 2378 1875 donec
2411 1821 2656 1876 inveniat
2709 1822 2890 1876 locum
2936 1823 3191 1891 Domino,
3221 1834 3275 1881 et
3318 1837 3406 1881 ta-

1822 1909 2181 1966 bernaculum
2242 1912 2352 1967 Deo
2414 1912 2606 1979 Jacob,
2653 1916 2757 1971 hoc
2832 1924 2938 1981 est,
2980 1917 3158 1972 donec
3206 1918 3406 1983 discat,

1823 1999 2059 2056 Domino
2089 2004 2199 2058 sibi
2231 2004 2535 2074 indicante,
2566 2006 2744 2077 ipsius
2778 2007 2982 2065 Christi
3015 2018 3233 2067 ortum:
3279 2028 3408 2068 cum

1820 2101 2001 2145 autem
2035 2102 2165 2147 voto
2195 2094 2248 2148 id
2279 2096 2637 2166 postulasset,
2675 2105 2730 2152 et
2760 2099 2888 2153 talia
2927 2115 3263 2171 cognoscere
3306 2118 3406 2159 ex-

1821 2183 2128 2252 petivisset,
2164 2185 2307 2239 haud
2342 2187 2416 2241 ita
2450 2189 2624 2243 multo
2657 2198 2804 2259 post,
2861 2208 2985 2262 quae
3017 2192 3200 2248 futura
3246 2204 3406 2250 erant

1818 2274 2006 2328 divino
2035 2275 2316 2332 indicante
2349 2276 2555 2349 Spiritu
2589 2283 3016 2351 contemplatur,
3049 2286 3251 2356 quippe
3276 2303 3404 2343 cum

1819 2367 1939 2422 suis
1960 2366 2104 2423 Deus
2134 2370 2416 2439 pollicitus
2446 2373 2539 2438 sit,
2570 2389 2632 2429 se
2660 2377 2898 2445 amplius
2922 2377 3213 2448 loquentes
3233 2395 3404 2435 exau-

1817 2460 2084 2516 diturum.
2121 2462 2312 2533 Itaque
2346 2464 2425 2518 illi
2460 2464 2515 2519 in
2538 2466 2686 2520 hunc
2713 2470 2936 2524 modum
2970 2472 3253 2538 exaudito,
3285 2486 3410 2526 ora-

1816 2555 2003 2608 culum
2033 2553 2303 2619 redditur,
2357 2571 2469 2625 quo
2521 2558 2639 2627 ipsa
2687 2557 3003 2615 Bethlehem
3051 2561 3402 2631 in'clamatur,

1817 2651 2078 2715 tanquam
2113 2645 2227 2701 illic
2258 2647 2417 2701 locus
2449 2647 2703 2710 Domino,
2739 2659 2794 2704 et
2835 2651 3254 2706 tabernaculum
3287 2652 3398 2707 Deo

1816 2734 1987 2791 Jacob
2007 2738 2397 2794 constituenda
2450 2740 2580 2795 sint.
2650 2739 2777 2797 Haec
2822 2742 2990 2813 igitur
3035 2745 3129 2799 ubi
3177 2746 3402 2801 divinus

1819 2832 2060 2901 Spiritus
2086 2833 2231 2904 apud
2261 2848 2320 2888 se
2354 2834 2532 2903 ipsum
2561 2834 2785 2901 cecinit,
2817 2836 2931 2905 ipse
2955 2837 3199 2907 seipsum
3232 2852 3406 2892 exau-

1816 2920 1975 2976 diens
2025 2922 2298 2994 adjungit,
2330 2942 2349 2975 ι
2386 2922 2525 2979 Ecce
2552 2925 2866 2981 audivimus
2891 2942 3009 2981 eam
3043 2928 3097 2982 in
3128 2927 3398 3000 Ephrasa:

1822 3027 1841 3060 ι
1874 3011 2111 3082 prrata
2143 3029 2276 3069 vero
2326 3014 2517 3069 eadem
2569 3023 2653 3070 est
2691 3023 2744 3071 et
2779 3016 3094 3072 Bethlehem
3122 3035 3137 3085 ;
3171 3021 3314 3075 sicut
3344 3020 3400 3073 in

117 3109 176 3160 δὲ
211 3112 457 3180 περιεῖχε
490 3109 816 3180 προφητείαν
852 3126 870 3158 ι
904 3109 1017 3161 Καὶ
1050 3108 1138 3170 σὺ,
1174 3107 1422 3179 Βηθλεὲμ
1447 3104 1594 3173 οἶκος
1617 3110 1710 3163 τοῦ
1740 3114 1753 3166 l

1818 3107 2019 3163 Genesi
2071 3114 2310 3172 constat,
2350 3107 2444 3163 ubi
2498 3108 2567 3163 de
2596 3107 2801 3165 Rachel
2845 3109 3055 3165 dictum
3107 3119 3234 3167 est:
3271 3131 3291 3164 ι
3334 3112 3402 3169 Ει

130 3199 398 3269 Ἐφραθά.
436 3220 558 3251 ι--ι
584 3202 736 3264 Ἰδοὺ,
764 3200 950 3272 φησιν,
980 3219 999 3251 ι
1031 3198 1344 3270 ἠκούσαμεν
1359 3201 1545 3272 αύτήψ
1575 3222 1592 3253 ι
1618 3202 1712 3272 δῆ-

116 3292 213 3345 λον
247 3293 293 3345 δ’
325 3293 406 3345 ὅτι
440 3292 538 3363 τὴν
565 3291 660 3345 τοῦ
688 3290 926 3363 Χριστοῦ
957 3290 1193 3359 γένεσιν,
1219 3292 1314 3344 καὶ
1342 3289 1439 3361 τὴν
1459 3290 1554 3344 τοῦ
1576 3291 1710 3346 Θεοῦ

131 3382 333 3438 Ἰακὼϐ
365 3386 799 3455 κατασκήνωσιν.
847 3384 1006 3437 Ποῖον
1036 3382 1080 3436 δ’
1132 3383 1198 3437 ἂν
1234 3381 1320 3454 είη
1354 3382 1415 3436 τὸ
1448 3385 1715 3455 σκήνωμα

116 3476 218 3530 τοῦ
264 3476 400 3530 Θεοῦ
454 3475 651 3530 Ἰακὼό
688 3475 723 3548 ἦ
752 3476 812 3529 τὸ
846 3474 1005 3547 σῶμα
1034 3474 1129 3529 τοῦ
1164 3475 1401 3548 Χριστοῦ
1439 3474 1501 3529 τὺ
1544 3478 1601 3529 ὲν
1634 3474 1714 3546 τῷ

117 3572 276 3640 τόπῳ
304 3571 403 3641 τῆς
432 3568 681 3640 Βηθλεὲμ
704 3568 1132 3640 γεγεννημένον;
1157 3569 1214 3621 ὲν
1239 3561 1283 3637 ᾧ
1309 3567 1384 3633 ὡς
1406 3571 1464 3622 ὲν
1498 3567 1711 3640 σκηνώ-

121 3681 280 3735 ματι,
328 3664 362 3735 ἡ
406 3661 597 3733 θεότης
627 3661 722 3715 τοῦ
766 3659 1102 3730 Μονογενοῦς
1142 3662 1548 3732 κατεσκήνωσε.
1600 3661 1711 3731 Οὐχ

120 3753 317 3819 ἁπλῶς
352 3754 412 3807 δὲ
466 3751 625 3819 Θεοῦ,
675 3752 811 3807 ἀλλὰ
865 3751 1004 3823 μετὰ
1049 3751 1367 3824 προσθήκης
1419 3752 1516 3822 τῆς
1561 3770 1578 3799 ι
1617 3750 1711 3804 τοῦ

119 3846 260 3900 Θεοῦ
309 3844 524 3911 ’Ῑακὼ6,
565 3865 583 3896 ι
619 3846 838 3915 λέγεται
868 3846 929 3899 τὸ
956 3847 1221 3917 σκήνωμα
1254 3841 1413 3910 εἶναι,
1438 3844 1526 3898 διὰ
1550 3845 1611 3899 τὸ
1635 3845 1709 3917 μὴ

119 3939 252 3993 ὁ).λο
272 3934 486 3992 εἶναιτὸ
508 3937 796 4010 σκηνῶσαν
831 3941 889 3992 ὲν
926 3937 1076 4008 αὐτῷ
1106 3938 1139 4009 ἢ
1173 3938 1263 3991 τὸν
1294 3936 1375 4008 τῷ
1420 3936 1614 3990 Ἰακὼὸ
1650 3940 1709 3991 ὲν

121 4027 417 4100 ἀνθρώπου
446 4029 577 4082 εῖδει
613 4029 707 4082 καὶ
741 4029 981 4100 σχήματι
994 4027 1227 4098 ὀφθέντα
1257 4028 1410 4093 Θεὸν,
1437 4028 1503 4081 δι’
1534 4028 1592 4081 ὃν
1614 4029 1709 4082 καὶ

118 4117 224 4187 τῆς
256 4118 352 4171 ἐπὶ
370 4117 449 4188 τῷ
465 4119 682 4191 Ἰσραὴλ
700 4119 1086 4191 προσωνυμίαις
1109 4118 1339 4193 ἠξιώθη,
1362 4121 1517 4188 ὀρῶν
1538 4122 1706 4174 Θεόν·

115 4208 283 4263 τοῦτο
311 4210 421 4282 γὰρ
444 4210 807 4283 ἑρμηνεύεται
825 4210 888 4263 τὸ
908 4210 1079 4281 ὄνομα
1108 4209 1587 4283 προσαγορευθείς·
1610 4211 1709 4264 οὐκ

117 4302 281 4356 ἄλλον
301 4302 359 4356 δὲ
382 4303 514 4357 ὄντα
543 4303 637 4356 τοῦ
660 4302 795 4357 Θεοῦ
818 4304 995 4373 Λόγου
1024 4302 1115 4356 τὸν
1148 4302 1225 4375 τῷ
1260 4302 1452 4358 Ἰακὼὸ
1475 4302 1710 4373 ὀφθέντα

117 4400 177 4449 ὲν
210 4399 325 4460 τοῖς
371 4395 609 4468 πρώτοις
650 4395 750 4466 τῆς
796 4396 934 4468 μετὰ
977 4400 1169 4468 χεῖρας
1213 4396 1520 4459 ὑποθέσεως
1568 4414 1708 4468 παρ-

1815 3201 2154 3271 sepelierunt
2208 3215 2328 3256 eam
2359 3200 2415 3255 in
2458 3201 2823 3273 hippodromo
2880 3202 3141 3274 Ephrata,
3175 3205 3290 3261 haec
3317 3216 3403 3263 est

1812 3292 2131 3349 Bethlehem
2155 3292 2223 3346 ⁸³.
2317 3291 2429 3346 »Ει
2480 3294 2734 3364 superior
2800 3296 3088 3365 prophetia
3160 3295 3402 3353 habebat

1817 3383 1989 3439 illud:
2020 3402 2040 3435 ι
2062 3382 2131 3437 Et
2160 3392 2218 3438 tu
2245 3382 2558 3440 Bethlehem
2587 3386 2785 3442 domus
2809 3386 3068 3457 Ephrata.
3085 3407 3103 3441 ι
3125 3407 3225 3440 -ι
3240 3388 3399 3455 Ecce,

1821 3472 2024 3545 inquit,
2066 3475 2390 3531 audivimus
2422 3490 2543 3531 eam
2592 3476 2675 3530 "z
2716 3496 2736 3529 ι
2766 3485 2983 3532 constat
3037 3488 3217 3534 autem
3253 3481 3401 3551 quod

1813 3582 1911 3635 per
1938 3566 2073 3621 illud
2115 3581 2239 3621 eam
2270 3565 2480 3622 Christi
2510 3568 2782 3638 originem
2813 3569 3090 3640 intelligit,
3122 3579 3176 3626 et
3221 3573 3398 3643 ipsius

1812 3658 1907 3715 Dei
1930 3658 2122 3722 Jacob,
2158 3658 2577 3714 habitationem.
2618 3659 2722 3714 Sed
2739 3675 2863 3730 qua
2889 3663 3108 3715 tandem
3135 3663 3250 3718 haec
3278 3662 3397 3719 {ue

1810 3754 1882 3807 rit
1912 3752 2183 3807 habitatio
2226 3752 2317 3808 Dei
2346 3750 2539 3821 Iacob,
2573 3754 2680 3809 nisi
2710 3754 2885 3824 ipsius
2921 3755 3129 3811 Christi
3160 3772 3388 3828 corpus,

1809 3845 1958 3915 quod
2019 3844 2078 3898 in
2131 3842 2447 3898 Bethlehem
2498 3851 2686 3897 natum
2732 3851 2838 3910 est,
2870 3844 2926 3898 in
2975 3861 3087 3916 quo
3129 3854 3392 3918 tanquam

1810 3934 1866 3988 in
1896 3933 2275 3996 tabernaculo,
2310 3932 2459 3987 unici
2493 3932 2587 3987 ﬁlii
2616 3932 2886 3988 divinitas
2918 3936 3225 3991 habitavit?
3276 3936 3392 3993 Ca.-

1819 4036 2000 4080 ternim
2050 4040 2162 4079 non
2222 4023 2550 4094 simpliciter
2591 4022 2709 4085 Dei,
2762 4026 2858 4081 sed
2914 4041 3040 4080 cum
3091 4028 3392 4092 additione.

1816 4136 1836 4170 ι
1860 4116 1955 4172 Dei
1979 4115 2153 4172 Jacob
2167 4116 2211 4149 ⁸⁷
2249 4134 2267 4167 ι
2299 4115 2717 4171 tabernaculum
2745 4131 2868 4172 esse
2882 4117 3107 4181 dicitur,
3142 4125 3395 4189 propter-

1810 4225 1875 4265 ea
1927 4208 2072 4279 quod
2103 4223 2215 4263 non
2259 4206 2411 4262 aliud
2454 4207 2526 4263 sit
2555 4208 2855 4279 quidquam
2889 4209 3037 4280 quod
3070 4212 3125 4265 in
3166 4211 3260 4264 illo
3289 4211 3392 4267 ba-

1809 4302 1968 4365 bitet,
2007 4315 2169 4371 quam
2203 4300 2251 4355 is
2278 4298 2424 4355 Deus
2452 4301 2548 4370 qui
2584 4300 2692 4371 ipsi
2718 4299 2890 4358 Jacob
2915 4303 2971 4357 in
3001 4302 3242 4359 hominis
3267 4318 3392 4375 spe-

1811 4396 1896 4450 cic
1926 4409 1991 4450 ac
2026 4393 2197 4465 ﬁgura
2227 4394 2301 4449 sit
2326 4394 2500 4450 visus.
2534 4394 2709 4464 Cujus
2738 4396 3072 4471 sanqgratia
3100 4397 3195 4452 illo
3225 4398 3388 4452 etiam

117 4489 455 4560 εστήσαμεν.
503 4487 743 4560 Ἐδείχθη
776 4488 1063 4561 τοιγαροῦν
1097 4488 1176 4560 τῷ
1207 4490 1373 4543 Δαϐὶδ
1402 4488 1705 4561 εὐξαμένῳ,
1739 4499 1753 4554 ]

1818 4485 2141 4556 cognomine
2199 4485 2363 4541 Israel
2392 4486 2592 4556 dignus
2640 4494 2725 4543 est
2776 4488 3018 4555 habitus,
3054 4497 3312 4559 tanquam
3344 4490 3392 4543 is

117 4580 220 4635 καὶ
253 4579 552 4651 ποθήσαντι
575 4578 668 4633 τοῦ
693 4579 898 4651 Κυρίου
923 4583 1018 4634 καὶ
1039 4580 1173 4634 Θεοῦ
1210 4579 1404 4634 Ἰακὼὸ
1424 4580 1517 4635 τὸν
1541 4581 1706 4650 τόπον

117 4671 220 4725 καὶ
256 4671 320 4726 τὸ
360 4672 625 4744 σκήνωμα
658 4670 860 4744 εὑρεῖν,
903 4673 932 4724 ὁ
961 4673 1055 4725 ἐπὶ
1098 4671 1199 4742 τῆς
1231 4671 1478 4742 Βηθλεὲμ
1521 4672 1705 4737 τόποςο

118 4763 313 4834 διόπερ
341 4762 531 4827 εἰπὼν,
561 4783 579 4814 ι
617 4763 747 4818 Ἰδοὺ
770 4762 1083 4834 ἠκούσαμεν
1103 4763 1272 4835 αὐτὴν
1300 4765 1360 4817 ὲν
1392 4762 1653 4835 Ἐφραθὰ,
1681 4784 1699 4817 ι

120 4857 376 4930 impiger.
407 4855 601 4926 λέγων·
643 4876 660 4906 ι
685 4856 1158 4927 Προσκυνήσωμεν
1191 4859 1270 4920 είς
1303 4856 1394 4910 τὸν
1427 4856 1591 4910 τόπον
1642 4848 1704 4911 οῦ

116 4949 358 5017 ἔστησαν
397 4948 447 4999 οἱ
488 4946 647 5009 πόδες
676 4945 911 5000 αὐτοῦ.)
942 4945 1137 5017 Σαφῶς
1175 4946 1465 5019 τοιγαροῦν
1512 4949 1607 5002 καὶ
1647 4950 1707 5003 ἐν

116 5036 334 5099 τούτοις
359 5039 418 5090 ὲν
448 5039 512 5107 τῇ
555 5036 820 5110 Ἐφραθὰ,
852 5037 973 5107 ἥτις
1006 5036 1155 5090 ἐστὶν
1191 5040 1224 5109 ή
1252 5036 1517 5110 Βηθλεὲμ,
1543 5039 1706 5105 αὐτὸς

116 5129 149 5182 ὁ
179 5127 389 5199 Κύριος
412 5128 505 5180 καὶ
534 5126 665 5191 Θεὸς
701 5127 896 5180 Ἰακὼὸ
927 5126 1089 5180 τόπον
1119 5126 1294 5197 ἑαυτῷ
1319 5129 1413 5182 καὶ
1441 5130 1707 5201 σκήνωμα

120 5218 487 5291 συστήσεσθαι
508 5219 931 5291 προεφήτεύετο,
954 5218 1251 5291 ὁμοφώνως
1270 5221 1335 5291 τῇ
1360 5220 1451 5273 τοῦ
1470 5221 1703 5292 Μιχαίου

120 5312 430 5387 προφητείᾳ
474 5313 726 5383 φησάσῃ·
786 5331 804 5363 ι
833 5311 945 5366 Καὶ
989 5312 1078 5376 σὺ,
1139 5311 1385 5383 Βηθλεὲμ
1420 5308 1565 5377 οἶκος
1608 5313 1704 5368 τοῦ

132 5405 401 5476 Ἐφραθὰ,
435 5408 501 5460 ὲκ
531 5405 625 5460 σοῦ
663 5423 750 5478 μοι
784 5404 1123 5472 ἐξελεύσεται
1165 5406 1485 5479 ἡγούμενος,
1525 5409 1618 5462 καὶ
1645 5408 1704 5462 αἱ

120 5498 293 5564 ῐξώοι
339 5497 503 5552 αὐτοῦ
536 5498 631 5554 ἀπ’
669 5499 845 5572 ἀρχῆς
875 5498 936 5565 ἐξ
972 5498 1197 5572 ἡμερῶν
1234 5499 1447 5564 αἰῶνοςο
1506 5519 1527 5553 ι
1560 5500 1704 5573 ἆπερ

1810 4580 1905 4649 qui
1940 4578 2109 4634 Deum
2146 4578 2376 4645 viderit;
2410 4594 2538 4632 nam
2585 4578 2639 4632 id
2670 4594 2869 4635 nomen
2898 4580 2945 4635 si
2988 4579 3386 4650 interpreteris,

1809 4688 1958 4735 cum,
1995 4672 2083 4743 qui
2119 4670 2283 4725 Deum
2333 4670 2530 4733 videat,
2585 4671 2847 4727 habebis:
2899 4670 3049 4741 quod
3105 4686 3239 4726 vero
3278 4686 3389 4725 non

1812 4765 1956 4819 alius
1984 4764 2057 4819 sit
2085 4778 2250 4834 quam
2290 4761 2437 4819 Deus
2471 4762 2733 4831 Verbum,
2765 4764 2860 4834 qui
2899 4762 3003 4835 ipsi
3041 4762 3214 4819 Iacob
3238 4764 3390 4819 visus

1812 4856 1902 4920 sit,
1943 4856 1998 4910 in
2033 4855 2264 4925 hujusce
2306 4855 2490 4925 operis
2513 4856 2831 4927 primordiis
2861 4857 3382 4912 demonstravimus.

1811 4947 2068 5002 Precanti
2115 4961 2245 5016 ergo
2276 4943 2470 5013 David,
2504 4955 2558 5002 et
2604 4947 2785 5003 videre
2835 4949 3074 5017 cupienti
3109 4948 3289 5002 locum
3321 4963 3388 5006 ac

1810 5039 2230 5093 tabernaculum
2262 5038 2474 5094 Domini
2520 5038 2727 5111 Deique
2772 5037 2966 5105 Jacob,
3006 5042 3121 5111 ipse
3167 5040 3388 5098 Bethle-

1810 5131 1935 5187 hem
1998 5133 2152 5188 locus
2196 5140 2454 5191 ostensus
2506 5140 2623 5189 est;
2677 5131 2843 5204 368
2885 5146 3220 5205 quapmpter
3259 5148 3384 5189 cum

1810 5222 2063 5288 dixisset,
2098 5243 2117 5275 ι
2145 5222 2283 5279 Ecce
2313 5224 2623 5281 audivimus
2660 5240 2778 5280 eam
2811 5241 2866 5279 in
2884 5225 3386 5297 Ephrata,»adjun-

1810 5315 1888 5386 git
1929 5315 2162 5370 dicens:
2202 5333 2220 5366 ι
2260 5314 2566 5372 Adoremus
2604 5317 2811 5373 inloco
2860 5318 2953 5373 ubi
2990 5327 3259 5375 steterunt
3292 5334 3390 5389 pe-

1809 5408 1907 5464 des
1934 5408 2054 5477 ejus
2072 5408 2140 5462 ”.
2166 5426 2184 5459 ι
2227 5406 2555 5479 Planissime
2581 5411 2745 5481 igitur
2777 5412 2833 5466 in
2883 5412 2971 5469 his
2996 5429 3216 5483 quoque
3258 5429 3388 5471 ver—

1810 5499 1897 5557 bis
1920 5500 1986 5591 in
2009 5499 2270 5573 Ephrata,
2297 5517 2419 5575 qua:
2467 5510 2553 5561 est
2596 5502 2933 5574 Bethlehem,
2962 5506 3081 5578 ipse
3121 5505 3390 5566 Dominus

192 5703 241 5737 ⁸⁸
268 5700 409 5761 Gen.
441 5719 610 5770 xxxv,
644 5701 731 5758 i9.
806 5702 852 5736 "
887 5702 1033 5762 Psal.
1061 5716 1247 5770 cam,
1282 5702 1337 5759 6.
1413 5704 1456 5741 ³⁷
1483 5701 1618 5758 ibid.
1649 5701 1702 5758 5.
1778 5702 1801 5735 ⁸
1848 5702 1981 5761 ibid.
2024 5703 2076 5760 7.
