3828 6220
89 274 199 331 κιο

1019 269 1679 327 DEMONSTRATIONIS
1718 272 2183 328 EVANGELICA‘I
2229 273 2358 330 LIB.
2403 274 2516 331 VH.

3265 281 3372 338 550

85 398 323 461 όρισμα,
347 387 522 444 ἔλαιον
543 388 878 460 ἀλείμματος
904 386 1040 441 Θεοῦ
1064 385 1231 441 αὐτοῦ
1261 388 1348 441 ἐπ’
1381 386 1531 442 αὐτῶ
1553 402 1566 414 ·
1608 406 1627 439 ι
1665 387 1693 439 6
1721 389 1765 447 Α

1795 388 2026 457 patriam
2050 389 2387 459 ascripserit.
2421 389 2690 446 Caeterum
2711 392 2874 448 etiam
2902 395 2958 449 in
2986 394 3212 454 Nazaris
3235 400 3374 455 edu-

88 482 150 537 δὲ
180 483 486 554 Σύμμαχος
508 498 522 511 ο
566 500 585 532 ι
626 481 748 534 ’Ὀτι
780 480 1004 535 ἄθικτον
1047 480 1227 534 ἔλαιον
1271 480 1365 535 τοῦ
1392 481 1691 553 χρίσματος

88 577 190 629 τοῦ
223 573 364 630 Θεοῦ
390 571 555 627 αὐτοῦ
587 574 677 625 ἐπ’
710 571 860 642 αὐτῷ
880 589 892 602 ·
939 591 958 624 ι
996 575 1025 626 6
1066 572 1124 626 δὲ
1154 572 1478 626 Θεοδοτίων·
1518 591 1537 622 ι
1571 573 1692 625 ’Ὁτι

88 666 154 720 τὸ
185 664 379 736 Ναζὲρ
403 664 580 718 ἔλαιον
605 664 666 716 τὸ
689 663 908 735 χριστὸν
942 663 1095 737 παρὰ
1123 662 1257 717 Θεοῦ
1283 663 1449 718 αὑτοῦ
1479 666 1565 717 ἐπ’
1596 664 1694 717 αὺ-

89 758 192 827 τῷ’
258 776 277 809 ι
310 755 451 810 ὥστε
484 752 706 811 εἶναιτὸ
737 754 942 826 Ναζὲρ,
978 755 1119 808 κατὰ
1154 757 1253 828 μὲν
1276 757 1401 819 τοὺς
1435 752 1694 827 Ἐ’ϐδομή-

92 865 288 911 κοντα,
314 848 508 918 ἅγιον,
542 847 685 902 κατὰ
714 847 773 901 δὲ
794 848 885 900 τὸν
901 847 1155 911 Ἀκύλαν,
1191 848 1515 917 ἀφόρισμα,
1550 847 1692 902 κατὰ

90 940 148 993 δὲ
172 939 272 994 τὸν
306 940 623 1011 Σύμμαχον,
658 939 934 994 ἄθικτον·
962 939 1102 992 ὥστε
1132 940 1196 993 ὲκ
1227 939 1416 993 τούτου
1438 939 1500 992 τὸ
1525 939 1694 1003 Ναζιο

96 1034 251 1101 ραῖον
300 1031 475 1102 ὄνομα
523 1031 812 1103 σημαίνειν
858 1031 977 1102 ἦτοι
1010 1030 1101 1083 τὸν
1148 1031 1388 1103 ἂγιον,ἢ
1430 1030 1523 1085 τὸν
1586 1032 1691 1101 ἀερ-

94 1124 481 1196 ωρισμένον,ἧ
510 1124 604 1178 τὸν
632 1123 869 1178 ἄθικτον.
915 1124 1052 1177 Ἀλλ’
1083 1126 1133 1181 οἱ
1174 1125 1271 1195 μὲν
1304 1124 1470 1178 πάλαι
1504 1128 1688 1196 ἱερεῖς,

94 1215 160 1269 δι’
184 1216 371 1269 ἐλαίου
397 1214 719 1280 σκευαστοῦ,
748 1214 841 1267 τοῦ
864 1215 1015 1287 παρὰ
1059 1218 1249 1269 Μωσεῖ
1288 1216 1472 1288 Ναζέρ
1499 1216 1692 1270 καλου-

100 1304 285 1377 μένου,
321 1305 621 1377 χριόμενοι,
670 1303 1020 1376 παραγώγως
1060 1304 1170 1358 ἀπὸ
1213 1304 1307 1357 τοῦ
1343 1304 1525 1378 Ναζέρ
1558 1306 1690 1359 ἐκα-

95 1396 288 1451 λοῦντο
337 1398 669 1468 Ναξιραῖοι’
724 1398 754 1450 6
790 1396 847 1448 δὲ
896 1397 1087 1468 Σωτὴρ
1133 1397 1226 1449 καὶ
1278 1397 1482 1469 Κύριος
1533 1397 1690 1467 ἡμῶν

99 1488 243 1542 κατὰ
276 1487 442 1558 φύσιν
476 1487 615 1557 ἔχων
660 1487 722 1540 τὸ
756 1487 930 1554 ἅγιον,
975 1487 1070 1539 καὶ
1103 1486 1165 1539 τὸ
1208 1485 1449 1549 ἄθικτον,
1492 1486 1586 1539 καὶ
1629 1486 1691 1539 τὸ

101 1578 502 1652 ἀφωρισμένον,
532 1579 595 1632 οὐ
623 1578 876 1648 δεόμενός
907 1594 971 1647 γε
998 1578 1298 1651 χρίσματος
1323 1578 1687 1650 ἀνθρωπίνου,

100 1674 249 1744 ὅμως
277 1672 379 1742 τῆς
421 1669 514 1723 τοῦ
554 1667 859 1741 Ναζιραίου
907 1668 1279 1742 προσηγορίας
1326 1671 1456 1740 παρ’
1482 1656 1709 1741 ἀνθρώς

1791 490 1948 535 catus
1980 496 2103 535 esse
2124 481 2350 549 dicitur,
2377 491 2431 537 et
2456 483 2538 538 sic
2566 482 2863 540 Nazaraeus
2889 487 3190 545 vocandus.
3216 488 3375 550 Scire

1793 568 1962 639 igitur
2005 576 2221 640 Oportet
2261 571 2408 641 quod
2458 588 2657 629 nomen
2690 583 2774 630 est
2826 574 3157 633 Hebraicum
3200 579 3369 636 Nazi-

1790 673 1959 712 raaum
2004 659 2059 713 in
2109 658 2376 727 Levitico,
2423 662 2477 717 in
2515 664 2637 734 ejus
2664 664 2871 723 Christi
2908 671 3171 726 unctione
3207 688 3371 742 quem

1791 747 1894 818 ipsi
1925 749 2216 804 habt-bant.
2249 750 2423 806 Porro
2443 753 2530 807 hic
2562 762 2681 809 erat
2714 758 3084 828 principatum
3116 762 3374 819 obtinens

1793 841 2093 894 secundum
2131 841 2421 912 imaginem
2451 848 2631 916 magni
2664 855 2719 903 et
2742 850 2857 903 veri
2893 848 3177 908 Pontiﬁcis
3207 853 3372 910 Chri—

1793 930 1862 985 sti
1894 930 2016 995 Dei,
2056 932 2439 989 adumhratum
2467 937 2722 993 videlicet
2751 942 3040 1009 quemdam
3087 951 3142 998 et
3176 944 3375 1012 [igura-

1792 1030 1906 1076 tum
1933 1023 2212 1080 Christum
2238 1037 2658 1097 repraesentans.
2693 1030 2938 1087 Ubivero
2964 1032 3107 1087 LXX
3124 1035 3191 1089 de
3222 1035 3369 1090 Pon-

1795 1113 1940 1169 tiﬁce
1975 1115 2049 1168 ita
2094 1117 2439 1187 interpretati
2494 1130 2642 1187 sunt,
2696 1142 2713 1172 ι
2746 1133 2799 1178 et
2845 1140 2956 1178 non
2994 1127 3197 1196 polluet
3225 1130 3373 1198 quod

1792 1205 2190 1261 sanctiﬁcatum
2222 1217 2305 1264 cst
2338 1209 2430 1265 Dei
2460 1215 2565 1276 sui,
2600 1217 2858 1284 quoniam
2892 1226 3142 1272 sanctum
3186 1221 3371 1275 oleum

1792 1298 2068 1353 unctionis
2091 1298 2183 1355 Dei
2210 1302 2295 1356 sui
2318 1302 2385 1367 ”,
2412 1323 2431 1355 ι
2462 1303 2517 1356 in
2543 1302 2810 1361 Hebraico
2831 1309 3047 1377 legitur,
3075 1312 3372 1380 «quoniam

1791 1387 1968 1443 Nazcr
1998 1391 2176 1446 oleum
2211 1411 2226 1447 :
2261 1412 2279 1445 ι
2314 1394 2509 1463 Aquila
2544 1406 2722 1451 autem
2761 1398 2841 1454 sic
2867 1404 3156 1468 convertit,
3193 1421 3213 1454 ι
3245 1418 3377 1473 quo-

1792 1482 1937 1535 niam
1980 1486 2550 1558 segregatio,boleum
2601 1489 2881 1545 unctionis
2916 1490 3009 1547 Dei
3069 1496 3154 1549 sui
3210 1510 3377 1565 super

1793 1575 1990 1645 ipsum.
2026 1597 2045 1629 ι
2088 1577 2451 1650 Symmachus
2498 1589 2702 1646 autem,
2745 1602 2763 1634 ι
2794 1587 3051 1654 quoniam
3106 1590 3373 1643 intactum

1791 1666 1972 1720 oleum
2001 1669 2277 1724 unetionis
2312 1669 2406 1725 Dei
2437 1671 2521 1725 sui
2547 1688 2712 1742 super
2741 1673 2941 1743 ipsum.
2980 1695 2998 1727 ι
3029 1674 3373 1733 Theodotiou

101 1780 222 1826 ποις
250 1762 461 1833 ἔτυχεν,
490 1762 591 1815 οὐκ
635 1761 744 1815 ἀπὸ
786 1760 878 1814 τοῦ
914 1760 1248 1831 καλουμένου
1284 1761 1469 1833 Ναζέρ
1512 1760 1691 1814 ἐλαίου
1782 1775 1784 1780 ‘

1794 1774 1935 1823 vero,
1974 1779 1992 1810 ι
2017 1763 2275 1829 quoniam
2316 1760 2495 1816 Nazer
2532 1764 2711 1818 oleum
2745 1765 3021 1821 unctionis
3064 1783 3095 1821 a
3130 1768 3239 1823 Deo
3274 1784 3375 1824 suo

100 1854 396 1926 Ναξιραῖος
439 1851 697 1922 γεγονὼς,
729 1852 842 1905 ἀλλ’
883 1851 957 1906 ὢν
1005 1853 1105 1923 μὲν
1136 1856 1203 1924 τῇ
1238 1852 1399 1921 φύσει
1424 1852 1685 1917 τοιοῦτος,
1721 1839 1765 1893 Β

1795 1864 1961 1919 super
1989 1849 2189 1921 ipsum.
2227 1871 2244 1903 ι
2279 1852 2459 1918 Quare
2490 1852 2664 1909 Nazer
2697 1856 2845 1925 ipsos
2870 1858 3090 1926 quidem
3116 1858 3258 1913 LXX
3287 1876 3376 1916 se~

101 1945 322 2017 κληθεὶς
360 1946 418 1999 δὲ
466 1945 561 1999 καὶ
591 1946 720 2016 παρ’
758 1943 1065 2015 ἀνθρώποις
1105 1944 1401 2015 Ναζιραῖος
1446 1944 1554 1999 ἀπὸ
1591 1945 1689 2016 τῆς

102 2037 375 2111 Ναζαρὲθ,
410 2036 540 2090 ἔνθα
564 2037 715 2106 παρὰ
743 2038 856 2099 τοῖς
881 2036 1022 2089 κατὰ
1054 2037 1232 2105 σάρκα
1264 2033 1480 2103 γονεῦσι
1501 2034 1601 2106 τὴν
1633 2036 1691 2087 ἐν

103 2131 292 2183 παισὶν
350 2127 661 2200 ἀνατροφὴν
708 2126 931 2198 ἔσχηκε.
988 2124 1080 2179 Διὸ
1124 2125 1371 2179 λέλεκται
1411 2124 1565 2196 παρὰ
1612 2123 1691 2195 τῷ

102 2221 370 2291 Ματθαίῳ
395 2237 409 2250 ·
466 2239 485 2271 ι
518 2218 929 2292 Χρηματισθεὶς
966 2218 1023 2271 δὲ
1066 2218 1186 2271 κατ’
1216 2219 1349 2290 ὄναρ
1401 2218 1578 2289 (δῆλον
1609 2217 1689 2281 δὲ,

103 2314 184 2367 ὅτι
218 2313 249 2365 6
288 2311 531 2382 Ἰωσὴφ),
583 2309 931 2382 ἀνεχώρησεν
977 2311 1057 2372 είς
1087 2309 1156 2364 τὰ
1200 2308 1340 2381 μέρη
1388 2308 1488 2379 τῆς
1535 2305 1694 2361 Γαλι-

101 2404 262 2461 λαίας
279 2421 294 2435 ·
323 2405 417 2458 καὶ
434 2402 612 2457 ἐλθὼν
637 2403 957 2474 κατῴκησεν
987 2405 1066 2467 εἰς
1089 2403 1243 2456 πόλιν
1258 2402 1557 2473 λεγομένην
1574 2402 1691 2454 Να-

103 2494 268 2567 ζαρὰ,
299 2495 450 2558 ὅπως
494 2494 758 2567 πληρωθῇ
809 2494 871 2547 τὸ
904 2494 1064 2565 ῥηθὲν
1092 2494 1181 2548 διὰ
1222 2493 1331 2547 τῶν
1377 2493 1689 2566 προφητῶν,

102 2585 184 2639 ὅτι
215 2583 533 2657 Ναζαραῖος
578 2585 931 2657 κληθήσεται.
986 2605 1005 2636 ι
1047 2584 1196 2639 Ἔδει
1243 2586 1343 2657 μὲν
1376 2584 1483 2659 γὰρ
1531 2585 1692 2640 αὑτὸν

102 2677 164 2742 ἐξ
188 2677 430 2741 ἅπαντος
463 2678 625 2747 φύσει
656 2679 750 2731 καὶ
786 2676 1014 2749 ἀληθεία
1044 2676 1343 2751 Ναζιραίον
1371 2678 1522 2741 ὄντα,
1545 2676 1691 2731 τοῦτ’

101 2769 251 2823 ἔστιν
280 2770 437 2838 ἅγιον
462 2770 555 2822 καὶ
587 2768 808 2824 ἄθικτον
840 2770 936 2823 καὶ
961 2769 1360 2841 ἀφωρισμένον,
1394 2766 1455 2833 ἐξ
1485 2767 1695 2840 ἀνθρώ-

103 2879 224 2916 πων
243 2861 510 2932 κληθῆναι
537 2860 710 2933 ταύτῃ
742 2863 807 2932 τῇ
825 2861 1169 2933 προσηγορίᾳ
1193 2876 1207 2889 ·
1238 2860 1350 2914 ἀλλ’
1384 2862 1507 2915 ἐπεὶ
1531 2861 1606 2933 μὴ
1629 2864 1693 2916 ἐκ

102 2953 199 3007 τοῦ
232 2952 419 3025 Ναζέρ
448 2952 628 3006 ἐλαίου
657 2952 863 3025 ταύτης
888 2952 1046 3023 ἔτυχε
1067 2952 1165 3023 τῆς
1194 2953 1583 3026 προσηγορίας,
1619 2954 1693 3025 μὴ

101 3044 319 3117 δεηθεὶς
345 3044 686 3116 ἀνθρωπίνου
719 3044 1040 3116 χρίσματος,
1063 3044 1127 3098 ἐκ
1156 3043 1248 3097 τοῦ
1278 3044 1440 3099 τόπου
1466 3046 1564 3116 τῆς
1584 3046 1695 3099 Να-

103 3136 275 3209 ζαρὲθ
304 3135 405 3208 τὴν
434 3137 750 3208 ἐπωνυμίαν
780 3137 1068 3208 ἐκτήσατο.
1097 3136 1313 3191 Τούτων
1355 3136 1527 3201 οὕτως
1561 3138 1696 3191 ἀπο-

1790 1941 2087 2010 quentibus
2113 1953 2354 1997 sanctum
2386 1945 2510 2007 erit,
2544 1946 2723 2015 ipsum
2750 1962 2878 2001 vero
2905 1949 3182 2019 Aquilam,
3216 1967 3373 2019 sepao

1791 2033 1954 2095 ratio,
1988 2032 2377 2104 Symmachum
2406 2046 2611 2102 autem,
2643 2039 2939 2105 intactum;
2974 2042 3161 2111 itaque
3189 2060 3256 2097 ex
3290 2044 3377 2099 his

1790 2122 2094 2179 Naziraeum
2144 2141 2345 2182 nomen
2396 2128 2756 2199 significabit,
2808 2139 2902 2185 aut
2948 2142 3231 2200 sanctum,
3282 2147 3378 2191 aut

1793 2226 2159 2289 segregatum,
2204 2226 2299 2273 aut
2346 2221 2635 2276 intactum.
2675 2224 2746 2277 At
2781 2240 2912 2280 vero
2957 2226 3126 2295 prisci
3156 2228 3376 2296 quidem

1794 2307 2146 2373 sacerdotes,
2220 2324 2346 2364 cum
2404 2312 2525 2366 oleo
2585 2322 2943 2384 comparato,
3020 2318 3166 2386 quod
3233 2318 3377 2388 apud

1794 2398 1981 2454 Mosen
2032 2399 2207 2455 Nazer
2262 2402 2584 2471 appellatur,
2639 2416 3005 2476 ungerenlur,
3055 2424 3122 2463 ex
3162 2409 3377 2464 deriva-

1792 2492 1943 2546 tione
1987 2506 2018 2545 a
2046 2491 2222 2546 Nazer
2283 2493 2627 2550 vocabantur
2667 2495 2917 2553 Naziraei.
2971 2496 3078 2554 Sed
3131 2498 3377 2555 Salvator

1794 2589 1849 2636 et
1875 2579 2140 2637 Dominus
2169 2591 2379 2647 noster,
2410 2595 2600 2654 suapte
2636 2595 2834 2642 natura
2866 2590 2921 2643 in
2955 2604 3013 2645 se
3055 2589 3287 2658 habens,
3323 2600 3375 2646 et

1795 2680 2069 2739 sanctum,
2104 2684 2153 2729 et
2179 2675 2469 2743 intactum,
2496 2683 2549 2731 et
2568 2688 2902 2746 separatum,
2940 2697 3119 2751 neque
3142 2683 3376 2752 alicujus

1794 2765 2045 2837 indigens
2072 2766 2328 2823 humanm
2372 2770 2670 2835 unctionis,
2701 2781 2885 2826 tamen
2926 2771 3154 2827 Naziraai
3186 2774 3374 2843 appel-

1795 2856 2056 2911 lationem
2092 2857 2236 2927 apud
2261 2859 2511 2915 homines
2538 2862 2795 2927 obtinuit,
2821 2878 2931 2918 non
2971 2864 3118 2935 quod
3148 2865 3216 2920 ab
3251 2866 3375 2921 oleo

1796 2945 1941 3014 quod
1974 2944 2147 3000 Nazer
2160 2959 2452 3002 vocaretur
2474 2948 2753 3006 Naziraaus
2787 2951 3082 3018 exstiterit,
3107 2953 3202 3009 sed
3229 2957 3374 3025 quod

1764 3040 2047 3117 quamvis
2083 3046 2280 3094 natura
2308 3041 2526 3111 quidem
2572 3042 2697 3098 talis
2743 3051 2911 3108 esset,
2946 3053 3127 3100 tamen
3171 3059 3203 3099 a
3245 3046 3373 3101 civi-

1796 3139 1909 3187 tate
1941 3132 2211 3188 Nazareth
2256 3134 2399 3203 apud
2425 3134 2677 3193 homines
2705 3135 2988 3193 Naziraeus
3026 3148 3254 3196 vocatus
3282 3140 3375 3205 sit,

100 3231 485 3302 δεδειγμένων,
518 3231 710 3302 καιρὸς
744 3219 1143 3300 ἐπισκέψασθαι
1168 3230 1261 3283 καὶ
1289 3229 1349 3295 ἐξ
1382 3230 1567 3284 ὁποίου
1595 3231 1692 3301 γέ-
1719 3211 1763 3269 C

1796 3226 1890 3280 ubi
1921 3225 2064 3296 apud
2092 3241 2243 3293 suos,
2276 3242 2386 3297 qua
2417 3226 2583 3282 homo
2621 3237 2760 3294 erat,
2797 3236 3074 3300 parentes,
3109 3231 3374 3300 puerilem

102 3339 251 3386 νους,
280 3320 340 3387 ἐξ
370 3320 560 3385 ὁποίας
580 3338 640 3374 τε
677 3319 941 3391 Ἐὅραίων
969 3319 1141 3390 φυλῆς
1168 3322 1197 3373 6
1219 3319 1410 3393 Σωτὴρ
1442 3320 1553 3374 τῶν
1585 3321 1688 3391 ψυ-
1714 3394 1717 3397 Α

1794 3314 2174 3370 educationem
2207 3316 2464 3373 obtinuit.
2506 3316 2586 3373 Ex
2617 3335 2727 3390 quo
2770 3319 2913 3390 apud
2943 3320 3254 3376 Matthacum
3294 3321 3372 3376 di-

104 3413 220 3484 χῶν
249 3412 428 3484 ἡμῶν,
461 3413 489 3464 6
535 3411 769 3483 Χριστὸς
800 3410 895 3464 τοῦ
937 3408 1072 3465 Θεοῦ
1118 3410 1541 3482 προελεύσεσθαι
1566 3414 1715 3482 ἐκη-’

108 3506 355 3577 ρύττετο.
389 3502 622 3574 Πρώτας
655 3502 712 3556 δὲ
742 3502 841 3567 τὰς
890 3501 1252 3572 εὐαγγελικὰς
1289 3504 1384 3556 καὶ
1414 3502 1543 3575 περί
1572 3500 1697 3555 τού-

104 3612 201 3648 του
231 3592 621 3665 παραθήσομαι
640 3592 816 3658 λέξεις
840 3610 853 3622 ·
881 3588 981 3645 εἷθ’
1002 3591 1192 3664 ὥσπερ
1211 3593 1503 3665 ἁρμονίους
1525 3610 1698 3664 σφρα-

105 3682 267 3750 γῖδας
295 3682 396 3746 τὰς
417 3680 760 3753 προφητικὰς
787 3681 979 3746 αὐταῖς
1005 3683 1248 3754 ἐπιθήσω
1276 3684 1598 3755 μαρτυρίας.
1637 3685 1697 3737 '0

113 3774 213 3843 μὲν
253 3768 348 3827 οὖν
380 3772 660 3838 Ματθαῖος
692 3766 796 3827 ὧδε
832 3773 925 3829 τὸν
954 3775 1188 3847 Χριστὸν
1216 3775 1359 3829 κατὰ
1392 3776 1571 3847 σάρκα
1606 3793 1699 3845 γε·-

107 3865 392 3934 νεαλογεῖ·
435 3884 453 3915 ι
494 3864 684 3930 Βίϐλος
732 3865 1001 3934 γενέσεως
1046 3867 1221 3939 Ἰησοῦ
1278 3868 1539 3940 Χριστοῦ,
1578 3868 1723 3948 υἱοῦ,

110 3958 296 4023 Δαόὶδ,
340 3957 456 4011 υἱοῦ
490 3958 761 4030 Ἀϐραάμ.
808 3957 1056 4030 Ἀϐραὰμ
1075 3960 1331 4031 ἐγέννησε
1358 3961 1449 4014 τὸν
1490 3962 1697 4025 Ἰσαὰκ,

124 4048 316 4103 Ἰσαὰκ
357 4048 414 4101 δὲ
445 4047 702 4119 ἐγέννησε
733 4047 824 4101 τὸν
862 4046 1077 4111 Ἰακὼϐ,
1117 4047 1310 4101 Ἰακὼὸ
1351 4049 1408 4102 δέ
1442 4050 1699 4121 ἐγέννησε

113 4139 206 4193 τὸν
247 4137 470 4203 Ἰούδαν,
542 4139 635 4191 καὶ
698 4136 767 4190 τὰ
808 4135 952 4207 ἑξῆς.
988 4137 1209 4207 Συνᾴδει
1257 4138 1312 4192 δὲ
1357 4139 1505 4210 αὐτῷ
1539 4142 1631 4194 καὶ
1672 4142 1702 4193 6

126 4230 471 4296 Ἀπόστολος,
492 4229 666 4298 λέγων
699 4229 1005 4301 ἀφωρίσθαι
1041 4247 1059 4281 ι
1080 4231 1159 4293 εἰς
1193 4230 1520 4299 Εὑαγγέλιον
1543 4231 1723 4295 Θεοῦ,

110 4321 141 4373 ὃ
179 4321 655 4392 προεπηγγείλατο
682 4319 769 4373 διὰ
799 4319 908 4373 τῶν
945 4319 1239 4391 προφητῶν
1281 4322 1446 4373 αὑτοῦ
1476 4322 1532 4373 ἐν
1560 4321 1704 4392 Γρα-
1726 4385 1745 4409 ⁸

113 4415 247 4480 φαϊς
277 4410 459 4480 ἁγίαις
504 4410 633 4481 περὶ
663 4407 758 4462 τοῦ
802 4408 934 4462 Υίοῦ
969 4408 1135 4462 αὐτοῦ
1166 4408 1262 4462 τοῦ
1301 4408 1593 4479 γενομένου
1637 4411 1702 4462 ὲκ

114 4502 434 4573 σπέρματος
465 4501 628 4554 Δαϐὶδ
675 4499 816 4554 κατὰ
850 4500 1049 4573 σάρκα.
1087 4519 1106 4551 ι
1134 4500 1351 4553 Γένοιτο
1381 4499 1425 4553 δ’
1466 4499 1532 4554 ἂν
1568 4498 1705 4572 σύμ-

1795 3413 1945 3459 ctum
1996 3413 2119 3461 est:
2152 3405 2315 3478 350
2341 3426 2359 3459 ‹
2389 3407 2677 3479 Responso
2708 3419 2892 3466 autem
2933 3411 2989 3465 in
3037 3415 3248 3468 somnis
3280 3428 3375 3468 ac-

1795 3505 1954 3564 cepto
1984 3496 2124 3567 (ipse
2149 3498 2406 3555 videlicet
2433 3498 2658 3572 Ioseph)
2693 3501 2923 3557 secessit
2953 3502 3010 3556 in
3044 3511 3244 3574 partes
3273 3501 3382 3558 Ga-

1797 3584 1983 3652 lilaeze;
2029 3594 2084 3641 et
2110 3590 2335 3645 veniens
2371 3589 2641 3647 habitavit
2671 3593 2728 3647 in
2768 3592 2989 3647 civitate
3020 3608 3142 3663 quae
3172 3593 3381 3649 dicitur

1797 3675 2032 3745 Nagara,
2066 3687 2127 3733 ut
2162 3680 2484 3751 impleretur
2505 3685 2650 3753 quod
2674 3683 2883 3739 dictum
2910 3691 2994 3739 est
3022 3699 3119 3754 per
3141 3685 3380 3755 prophe-

1797 3777 1929 3832 tam,
1948 3769 2095 3837 quod
2124 3769 2415 3829 Nazaratus
2439 3774 2724 3829 vocabitur
2740 3775 2810 3829 ".
2833 3794 2859 3828 ο
2903 3773 3203 3845 Oportebat
3226 3778 3376 3831 enim

1797 3871 2195 3928 usquequaque
2220 3872 2344 3914 cum
2375 3862 2492 3932 ipse
2518 3868 2711 3931 suapte
2738 3870 2937 3918 natura
2965 3870 3021 3919 et
3050 3878 3240 3919 revera
3269 3862 3381 3918 Na-

1799 3949 1994 4004 ziraeus
2018 3959 2186 4015 esset,
2213 3951 2315 4006 hoc
2344 3960 2430 4007 est
2456 3959 2702 4021 sanctus,
2727 3953 2988 4020 intactus,
3032 3963 3372 4026 segregatus,

1798 4040 1953 4094 illum
2006 4041 2075 4096 ab
2105 4041 2421 4099 hominibus
2465 4044 2567 4100 hac
2612 4045 3232 4115 appellatione'vocari;
3283 4046 3379 4102 sed

1801 4131 2062 4201 quoniam
2105 4148 2218 4188 non
2266 4149 2296 4187 a
2328 4133 2502 4191 Nazer
2531 4135 2654 4191 oleo
2686 4136 2830 4190 hanc
2871 4137 3110 4192 obtinuit
3142 4136 3368 4207 appella-

1800 4225 2026 4289 tionem,
2056 4226 2257 4296 quippe
2287 4228 2380 4297 qui
2409 4227 2663 4283 humanzc
2693 4228 2899 4284 nullius
2932 4229 3210 4284 unctionis
3235 4218 3381 4282 indi'

1804 4324 1974 4386 geret,
2033 4332 2063 4371 a
2109 4319 2230 4373 loco
2275 4318 2545 4375 Nazareth
2595 4319 3093 4376 denominationem
3141 4321 3357 4392 accepit

1802 4408 1939 4463 Cum
1965 4407 2132 4479 igitur
2164 4410 2278 4465 haec
2304 4409 2358 4464 in
2389 4411 2538 4466 hunc
2567 4412 2789 4468 modum
2823 4421 3042 4469 ostensa
3073 4413 3204 4480 sint,
3236 4422 3382 4469 tem-

1804 4520 1911 4574 pus
1937 4506 2050 4575 jam
2082 4520 2205 4561 esse
2241 4505 2457 4560 videtur
2488 4505 2778 4575 inspicere,
2826 4513 2879 4562 et
2911 4523 2975 4562 ex
3008 4522 3116 4579 quo
3150 4522 3374 4578 genere,

114 4613 272 4665 φωνα
295 4595 470 4649 ταῦτα
500 4597 621 4658 ταῖς
646 4593 818 4658 οὕτως
856 4594 1107 4664 ἐχούσαις
1135 4594 1524 4665 προρρήσεσιν.
1736 4588 1781 4643 ι)

1804 4605 1860 4650 et
1881 4610 1947 4651 ex
1982 4610 2089 4666 qua
2129 4594 2478 4651 Hebraeorum
2520 4597 2692 4661 tribu,
2729 4598 3035 4653 animarum
3066 4606 3380 4654 nostrarum

113 4690 374 4746 Salvator
399 4690 657 4745 Christus
715 4688 809 4744 Dei
848 4688 1166 4760 proditurus
1236 4687 1604 4743 nuntiaretur.
1642 4686 1910 4744 Caaterum
1954 4689 2059 4743 bac
2088 4690 2156 4745 de
2202 4705 2262 4745 re
2286 4690 2523 4760 primum
2558 4691 2726 4745 verba
2794 4691 2980 4747 citabo
3034 4692 3379 4762 evangelica,

109 4784 317 4841 deinde
345 4791 604 4854 tanquam
644 4790 803 4838 notas
823 4790 988 4852 atque
1015 4780 1410 4852 impressiones
1451 4781 1689 4837 maxime
1725 4783 2190 4849 accommodatas,
2252 4783 2572 4854 prophetica
2613 4784 2723 4840 illis
2790 4784 3083 4856 adjungam
3143 4785 3383 4840 testimo-

112 4877 233 4932 nia.
270 4875 557 4931 Mattheus
581 4889 713 4946 ergo
768 4874 976 4931 Christi
1038 4889 1233 4945 genus,
1308 4883 1578 4945 quatenus
1620 4875 1688 4929 ad
1738 4875 2032 4929 humanam
2088 4877 2208 4946 ejus
2249 4885 2504 4933 naturam
2548 4879 2808 4949 pertinet,
2855 4879 2913 4933 in
2960 4878 3108 4933 hunc
3158 4876 3381 4932 modum

113 4969 383 5026 describit
414 4986 428 5021 :
465 4987 483 5020 ι
514 4966 676 5023 Liber
709 4966 1082 5038 generationis
1126 4965 1255 5023 Jesu
1299 4966 1542 5032 Christi,
1597 4966 1694 5022 ﬁlii
1734 4966 1925 5031 David,
1964 4968 2060 5022 lilii
2094 4969 2393 5025 Abraham.
2429 4970 2704 5025 Abraham
2768 4972 2956 5042 genuit
3012 4972 3187 5027 Isaac.
3232 4968 3387 5026 Isaac

113 5068 303 5114 autem
365 5058 555 5129 genuit
613 5054 803 5111 Iacob.
860 5054 1033 5112 Jacob
1095 5064 1277 5112 autem
1354 5058 1542 5127 genuit
1598 5055 1797 5113 ludam
1849 5058 1917 5125 ³⁸,
1950 5075 1968 5109 ι
2022 5064 2109 5113 et‘
2142 5074 2266 5130 qua!
2333 5068 2660 5130 sequuntur.
2705 5059 2845 5116 Huic
2901 5075 3035 5116 vero
3087 5059 3386 5132 Apostolus

111 5166 341 5224 quoque
363 5148 683 5213 concordat,
720 5147 814 5218 qui
843 5147 997 5210 dicit,
1042 5165 1062 5198 ι
1094 5153 1439 5218 segregatum
1477 5162 1537 5203 se
1566 5162 1688 5204 esse
1727 5148 1783 5203 in
1818 5146 2171 5219 Evangelium
2210 5149 2328 5216 Dei,
2376 5150 2524 5223 quod
2563 5160 2690 5207 ante
2753 5146 3078 5223 promiserat
3106 5167 3205 5223 per
3258 5165 3383 5223 pro-

112 5245 317 5317 phetas
346 5256 477 5297 suos
507 5240 564 5295 in
594 5238 895 5311 Scripturis
934 5240 1140 5296 sanctis
1169 5240 1237 5295 de
1264 5237 1401 5295 Filio
1430 5254 1554 5305 suo,
1593 5240 1688 5310 qui
1730 5245 1908 5296 factus
1961 5250 2046 5297 est
2072 5264 2085 5281 κ
2108 5259 2176 5298 ex
2233 5243 2442 5300 semine
2472 5243 2642 5300 David
2679 5248 2978 5303 secundum
3012 5258 3233 5302 carnem
3255 5243 3327 5304 ".
3356 5258 3383 5298 ι

111 5334 348 5393 Fuerint
368 5348 502 5390 vero
540 5334 658 5389 haec
679 5339 1047 5391 consentanea
1088 5333 1180 5399 iis,
1224 5348 1348 5405 quae
1379 5334 1455 5389 ita
1496 5350 1556 5391 se
1599 5334 1826 5401 habent,
1861 5337 2122 5393 oraculis.

194 5529 247 5571 ν
280 5528 457 5589 Levit.
489 5547 604 5599 XXI,
638 5530 723 5586 12.
799 5529 845 5564 ⁸³
879 5527 1149 5598 Mattb.u,
1173 5527 1375 5600 22,25.
1452 5526 1716 5588 “Matth.
1739 5545 1779 5599 ι,

1807 5530 1959 5599 l,2._
2008 5533 2054 5567 9‘
2083 5529 2243 5588 Rom.
2277 5546 2317 5599 ι,
2354 5532 2460 5587 1-5.

1714 5765 1795 5796 qq
