3828 6220
421 240 518 298 881

1033 343 1264 400 CAPUT
1304 342 1394 400 lll.

423 466 464 519 Δ
517 460 749 516 secundo
800 456 1269 526 Paralipomenon.
1308 486 1378 497 -
1409 454 1494 510 Ex
1517 473 1622 527 qua
1662 467 1813 527 gente
1852 465 1901 512 et
1943 471 2009 511 ea:

492 549 598 661 qua
613 529 940 654 {admorunt
978 528 1120 583 tribu
1161 526 1544 601 progressurus
1582 526 1829 584 Christus
1868 543 2009 597 pra:-

531 619 609 658 tce
647 611 789 656 atur.

494 782 758 840 Dominus
787 797 885 854 per
916 780 1134 837 Nathan
1164 776 1486 849 prophetam
1516 775 1633 831 haec
1666 774 1835 831 David
1868 791 2011 846 pra:-

422 875 581 939 dicit,
608 875 662 929 in
694 872 941 929 secundo
964 869 1189 945 [primo]
1217 862 1714 938 Paralipomenon:
1740 885 1759 917 ι
1795 866 1860 921 Et
1880 868 2005 933 erit,

428 984 554 1022 cum
601 968 856 1037 completi
906 958 1109 1021 fuerint
1139 964 1258 1018 dies
1285 962 1385 1025 tui,
1443 971 1499 1016 et
1539 960 1834 1016 dormieris
1879 975 2006 1015 cum

421 1061 665 1131 patribus
694 1061 823 1125 tuis,
861 1059 1141 1114 suscitabo
1186 1071 1374 1111 semen
1408 1063 1561 1109 tuum
1596 1061 1720 1126 post
1752 1063 1826 1122 te,
1858 1054 2006 1126 quod

416 1154 522 1209 erit
551 1169 613 1208 ex
638 1162 827 1206 ventre
856 1160 971 1213 luo,
1005 1163 1059 1205 et
1080 1149 1286 1220 parabo
1308 1163 1538 1217 regnum
1565 1146 1707 1217 ejus.
1734 1144 1856 1218 Ipse
1878 1147 2010 1202 aedi-

418 1247 605 1302 tlcabit
633 1246 765 1299 mihi
799 1246 1021 1301 domum
1053 1244 1108 1298 in
1140 1242 1366 1297 nomine
1395 1256 1539 1304 meo,
1589 1248 1645 1295 et
1677 1240 1882 1310 erigam
1923 1255 2009 1294 se-

415 1336 540 1393 dem
570 1337 691 1408 ejus
724 1353 899 1406 usque
927 1337 982 1390 in
1015 1335 1432 1404 sempiternum.
1464 1332 1577 1403 Ego
1599 1348 1694 1387 ero
1717 1333 1791 1386 illi
1823 1333 1877 1387 in
1907 1348 2008 1404 pa-

415 1439 589 1493 trem,
639 1427 797 1499 351
828 1435 882 1481 et
938 1426 1056 1496 ipse
1109 1425 1215 1478 crit
1275 1422 1410 1476 mihi
1456 1420 1513 1475 in
1559 1420 1824 1477 lilium".
1871 1440 1890 1472 ι
1947 1419 2007 1474 In

415 1530 613 1577 octavo
643 1529 824 1573 autem
864 1524 921 1572 et
952 1515 1293 1585 octogesimo
1318 1512 1532 1583 psalmo
1562 1510 1631 1566 de
1661 1510 1852 1567 eodem
1889 1520 2008 1565 tan.

414 1628 580 1684 quam
625 1611 694 1665 de
733 1608 901 1663 David
962 1607 1110 1662 dicta
1151 1608 1266 1661 haec
1303 1612 1473 1660 sunt:
1506 1624 1526 1657 ι
1564 1602 1684 1675 Ipse
1731 1603 2007 1658 invocabit

415 1719 523 1772 me,
550 1710 705 1768 pater
740 1716 896 1755 meus
923 1715 984 1755 es
1025 1709 1105 1762 ιιι,
1131 1697 1277 1753 Deus
1313 1714 1470 1753 meus
1496 1705 1552 1752 ει
1591 1706 1878 1767 ευδοεριοι·
1916 1711 2005 1751 58-
2039 1725 2078 1782 Β

418 1794 549 1851 Iutis
579 1808 732 1849 meae.
759 1792 825 1845 Et
858 1806 960 1862 ego
994 1791 1418 1861 primogenitum
1454 1804 1655 1860 ponam
1700 1788 1875 1854 illum,
1907 1803 2003 1842 ex-

413 1889 625 1944 celsum
656 1900 767 1956 prae
810 1884 1032 1956 regibus
1059 1892 1253 1949 terrae;
1284 1882 1340 1936 in
1371 1889 1634 1937 aeternum
1668 1880 1899 1935 servabo
1926 1880 2003 1933 illi

418 1979 858 2035 misericordiam
888 1992 1088 2041 meam,
1120 1984 1174 2032 et
1209 1983 1599 2031 testamentum
1635 1990 1816 2029 meum
1846 1974 2005 2031 ﬁdele

418 2072 524 2142 ipsi
553 2072 620 2125 ’⁷.
657 2090 674 2122 ι
715 2069 780 2123 Ει
811 2085 1009 2124 rursus
1038 2087 1052 2124 :
1087 2086 1106 2120 ι
1133 2066 1324 2123 Juravi
1360 2066 1531 2122 David
1578 2082 1739 2123 servo
1765 2081 1911 2132 meo,
1946 2067 2003 2121 in

419 2162 679 2217 saeculum
702 2161 908 2231 parabo
935 2175 1124 2215 semen
1151 2166 1330 2226 tuum,
1353 2166 1409 2213 et
1431 2157 1718 2213 aediﬁcabo
1750 2157 1809 2213 in
1839 2174 2004 2229 gene-

418 2250 688 2303 rationem
739 2256 794 2303 et
847 2249 1256 2319 generationem
1322 2247 1509 2304 sedem
1572 2254 1721 2302 tuam
1752 2248 1819 2302 ’⁸.
1854 2266 1875 2301 ι
1940 2247 2006 2302 Ει

419 2354 657 2395 rursus:
696 2356 714 2389 ι
749 2336 927 2393 Semel
973 2337 1156 2408 juravi
1199 2338 1256 2391 in
1291 2348 1487 2393 sancto
1542 2353 1687 2402 meo,
1743 2338 1790 2393 si
1834 2336 2000 2392 David

418 2432 675 2497 mentiar,
707 2445 895 2486 semen
921 2431 1043 2500 ejus
1077 2432 1136 2485 in
1167 2438 1435 2486 aeternum
1468 2430 1734 2495 manebit,
1763 2438 1818 2484 et
1850 2429 2005 2484 thro--

417 2540 524 2579 nus
549 2524 669 2592 ejus
693 2523 837 2578 sicut
868 2523 951 2579 sol
982 2523 1036 2577 in
1081 2533 1381 2593 conspectu
1431 2539 1574 2586 meo,
1607 2532 1663 2578 et
1701 2524 1846 2577 sicut
1874 2524 2003 2577 luna

417 2615 661 2687 perfecta
689 2616 744 2670 in
778 2623 1042 2670 aeternum
1060 2615 1127 2669 ’⁸.
1158 2634 1177 2667 ι
1209 2613 1275 2667 Ει
1298 2630 1494 2671 rursus
1522 2634 1539 2670 :
1575 2635 1593 2666 ι
1625 2614 1690 2670 Εῑ
1706 2630 1915 2687 ponam
1945 2613 2002 2668 in

417 2709 680 2764 saeculum
726 2707 917 2762 saculi
964 2722 1152 2762 semen
1199 2705 1322 2775 ejus
1350 2707 1389 2760 ί.
1428 2726 1446 2760 ι
1490 2705 1717 2762 Fuerint
1746 2720 1877 2761 vero
1918 2705 2002 2759 his

416 2800 620 2858 similia
651 2801 815 2854 etiam
863 2800 954 2854 illa
995 2800 1050 2852 in
1083 2798 1287 2869 quibus
1333 2798 1543 2853 dictum
1576 2807 1661 2854 est
1690 2818 1702 2853 :
1742 2818 1760 2849 ι
1791 2796 2004 2853 Juravit

419 2893 685 2947 Dominus
716 2890 885 2945 David
912 2891 1220 2957 veritatem,
1244 2902 1298 2947 et
1320 2906 1428 2945 non
1459 2888 1818 2945 frustrabitur
1837 2904 1997 2944 eum:

416 2985 484 3040 de
516 2986 698 3039 l‘ructu
732 2984 941 3040 ventris
976 2985 1057 3039 tui
1087 2999 1284 3054 ponam
1317 2998 1484 3053 super
1507 2983 1690 3037 sedem
1724 2991 1874 3036 tuam
1899 2980 1941 3037 '.
1976 2998 1996 3033 ι

1109 229 1380 287 EUSEBII
1415 229 1898 286 CAESABIE‘NSIS
1933 229 2087 287 OPP.
2126 228 2306 286 PARS
2336 228 2401 287 ll.
2442 260 2511 269 -—-
2550 227 3059 287 ΑροιοϐΕΤιοΑ.

3598 239 3719 291 5ςῖ

2647 345 3048 399 ΚΕΦΔΔΔΙΟΝ
3094 345 3167 400 1".

2128 451 2261 529 Ἀπὸ
2313 450 2434 529 ’τῆς
2475 452 2773 529 ’δευτέρας
2832 453 2962 529 τῶν*⁸
3009 459 3573 529 Παραλειπομένων.
3639 491 3704 504 --

2199 522 2349 597 Ἀπὸῌ
2382 523 2559 577 ποίου
2606 522 2824 597 γένους
2867 525 2969 579 καὶ
3016 522 3135 580 ἀπὸ
3191 522 3372 595 natur}
3426 530 3711 597 Ἐϐραίων

2182 591 2388 679 φυῖιῆς
2457 591 2937 663 προελεύσεσθαι
3000 600 3034 651 ὁ
3105 591 3364 666 Χριστὸς
3436 591 3710 671 asparagu-

2182 680 2407 717 τευετο.

2197 771 2255 825 Ὀ
2278 771 2482 844 Κύριος
2510 772 2600 828 διά
2628 773 2815 831 Νάθαν
2845 774 2941 829 τοῦ
2966 777 3246 849 προφήτου
3278 779 3453 835 ταῦτα
3481 783 3563 855 τῷ
3594 790 3709 835 Δα-

2113 862 2200 918 δὶδ
2255 865 2500 930 θεσπίζει
2551 869 2610 921 ὲν
2655 867 2884 941 δευτέρᾳ
2942 869 3482 944 Παραλειπομένων-
3528 895 3548 926 ι
3592 876 3712 928 Καὶ

2111 957 2285 1023 ἔσται,
2314 959 2410 1013 ὲάν
2444 960 2806 1032 πληρωθῶσιν
2853 965 2909 1018 αἰ
2952 964 3161 1038 ἡμέραι
3212 983 3328 1031 σου,
3375 968 3471 1021 καὶ
3503 986 3711 1040 κοιμη-

2113 1049 2253 1123 θήσῃ
2310 1051 2448 1122 μετά
2481 1052 2592 1106 τῶν
2648 1055 2899 1127 πατέρων
2956 1073 3074 1121 σου,
3136 1060 3230 1114 καὶ
3287 1060 3582 1130 ἀναστήσω
3646 1062 3711 1115 τὸ

2113 1140 2335 1212 σπέρμα
2386 1159 2480 1196 σου
2517 1143 2656 1214 μετά
2694 1143 2775 1209 σὲ,
2809 1145 2868 1209 ὃς
2908 1146 3061 1202 ἔσται
3106 1149 3172 1203 ὲκ
3199 1150 3298 1221 τῆς
3342 1151 3551 1216 κοιλίας
3582 1171 3710 1215 σου,

2111 1233 2206 1285 καὶ
2247 1233 2524 1304 ἑτοιμάσω
2552 1237 2650 1307 τὴν
2689 1235 2964 1305 βασιλείαν
2995 1239 3180 1294 αὑτοῦ.
3209 1242 3380 1308 Αὐτὸς
3414 1246 3715 1317 οἰκοδομή-

2113 1338 2196 1374 σει
2226 1319 2373 1376 οἷκον
2399 1323 2477 1394 τῷ
2501 1325 2726 1395 ὀνόματί
2755 1343 2881 1397 μου,
2911 1329 3007 1382 καὶ
3049 1330 3345 1403 ἀνορθώσω
3378 1332 3568 1405 θρόνον
3602 1338 3714 1390 αὺ-

2109 1412 2203 1467 τοῦ
2237 1415 2317 1478 εἰς
2360 1415 2453 1468 τὸν
2494 1417 2681 1470 αἰῶνα.
2726 1418 2866 1488 Ἐγὼ
2905 1420 3100 1493 ἔσομαι
3145 1423 3296 1495 αὐτῷ
3338 1427 3418 1489 εἰς
3462 1430 3713 1501 πατέρα,

2110 1509 2204 1561 καὶ
2233 1509 2395 1573 αὐτὸς
2419 1508 2572 1564 ἔσται
2616 1529 2706 1583 μοι
2749 1514 2828 1574 εἰς
2856 1514 2991 1568 υἱόν.
3024 1535 3043 1568 ι
3080 1517 3192 1570 Καὶ
3221 1519 3281 1570 ὲν
3314 1519 3483 1591 ὀγδόῳ
3517 1520 3571 1574 δὲ
3608 1522 3718 1577 καὶ

2109 1604 2453 1676 ὀγδοηκοστῷ
2478 1604 2679 1677 ψαλμῷ
2703 1605 2831 1679 περὶ
2877 1607 2971 1661 τοῦ
3003 1610 3191 1674 αὐτοῦ,
3225 1610 3302 1675 ὡς
3347 1614 3474 1684 περί
3506 1615 3709 1677 Δαόὶδ.

2107 1696 2233 1750 τάδε
2261 1695 2479 1769 εἴρηται
2502 1714 2516 1728 ⁸
2552 1717 2570 1748 ι
2610 1697 2783 1763 Αὐτὸς
2817 1700 3202 1756 ὲπικαλέσεταί
3233 1721 3302 1774 με
3321 1721 3334 1734 '
3366 1705 3561 1779 Πατήρ
3594 1725 3711 1778 μου

2111 1783 2162 1842 εἴ
2186 1787 2273 1852 σὺ,
2304 1788 2438 1853 Θεός
2465 1807 2587 1861 μου,
2623 1792 2719 1844 καὶ
2745 1791 3092 1864 ἀντιλήπτωρ
3113 1795 3212 1865 τῆς
3249 1800 3521 1868 σωτηρίας
3552 1817 3666 1867 μου
3692 1816 3709 1830 ο

2110 1878 2266 1948 κάγὼ
2304 1881 2646 1950 πρωτότοκον
2668 1881 2905 1954 θήσομαι
2936 1883 3119 1950 αὑτὸν,
3155 1886 3357 1957 ὑψηλὸν
3391 1890 3547 1960 παρά
3587 1892 3710 1953 τοῖς

2110 1972 2389 2042 βασιλεῦσι
2416 1975 2515 2046 τῆς
2553 1976 2687 2046 γῆς·
2725 1977 2806 2038 εἰς
2836 1976 2927 2030 τὸν
2971 1976 3143 2032 αίῶνα
3181 1979 3402 2048 φυλάξω
3445 1981 3599 2052 αὐτῷ
3645 1983 3711 2035 τὸ

2108 2066 2256 2131 ἔλεός
2298 2084 2423 2138 μου,
2474 2067 2570 2121 καὶ
2613 2069 2646 2137 ή
2690 2067 2924 2138 διαθήκη
2973 2086 3072 2139 μου
3107 2070 3272 2142 πιστὴ
3305 2070 3495 2143 αὐτῷ’
3546 2093 3565 2124 ι
3607 2075 3709 2128 καὶ

2106 2156 2263 2224 αὖθις
2286 2176 2299 2189 ·
2337 2179 2355 2211 ι
2393 2160 2605 2229 Ὤμοσα
2637 2158 2802 2213 Δαόὶδ
2827 2159 2906 2231 τῷ
2943 2161 3113 2233 δούλῳ
3149 2179 3251 2233 μου
3274 2181 3287 2194 ⁸
3328 2164 3474 2229 Ἕως
3500 2166 3706 2230 αἰῶνος

2106 2249 2381 2320 ἑτοιμάσω
2404 2248 2466 2302 τὸ
2493 2250 2713 2322 σπέρμα
2748 2268 2864 2313 σου,
2892 2252 2985 2305 καὶ
3015 2252 3356 2324 οἰκοδομήσω
3386 2257 3466 2320 εἰς
3500 2257 3705 2326 γενεὰν

2106 2341 2199 2394 καὶ
2238 2341 2433 2409 γενεὰν
2459 2339 2552 2394 τὸν
2598 2341 2788 2413 θρόνον
2835 2358 2929 2396 σου
2952 2360 2965 2374 ⁸
2999 2364 3018 2396 ι
3063 2345 3157 2398 καὶ
3203 2345 3365 2399 πάλιν
3388 2362 3404 2376 ·
3457 2365 3476 2398 ι
3513 2349 3704 2415 "Am:

2105 2428 2296 2502 ὤμοσα
2337 2433 2395 2484 ὲν
2435 2431 2514 2503 τῷ
2545 2431 2684 2504 ἁγίῳ
2732 2449 2864 2503 μου·
2899 2435 2962 2487 Εἰ
2987 2435 3065 2506 τῷ
3102 2435 3267 2489 Δαόὶδ
3306 2437 3608 2510 ψεύσομαι,
3642 2441 3706 2492 τὸ

2107 2523 2327 2595 σπέρμα
2355 2524 2519 2577 αὑτοῦ
2549 2526 2629 2589 εἰς
2659 2526 2750 2578 τὸν
2784 2524 2956 2580 αἰῶνα
2989 2531 3160 2597 μενεῖ,
3186 2531 3280 2583 καὶ
3307 2532 3337 2582 ό
3383 2529 3578 2601 θρόνος
3600 2532 3703 2586 αὖ·

2104 2614 2218 2679 τοῦ,
2245 2615 2320 2679 ὡς
2346 2616 2496 2687 ἣλιος
2527 2618 2768 2672 ἐναντίον
2804 2635 2927 2690 μου,
2959 2621 3053 2673 καὶ
3081 2621 3157 2681 ὡς
3188 2623 3222 2693 ή
3265 2623 3461 2695 σελήνη
3491 2642 3704 2696 κατηρ-

2103 2705 2333 2779 τισμὲνη
2366 2709 2445 2771 εἰς
2472 2707 2563 2761 τὸν
2599 2709 2773 2763 αἰῶνα
2796 2727 2809 2739 ·
2855 2729 2875 2763 ι
2908 2710 3001 2763 καὶ
3031 2708 3223 2775 αὖθις⁶
3263 2732 3281 2764 ι
3311 2715 3422 2768 Καὶ
3457 2715 3699 2789 θήσομαι

2105 2799 2184 2861 εἰς
2208 2797 2299 2850 τὸν
2326 2798 2498 2853 αἰῶνα
2526 2800 2622 2853 τοῦ
2653 2801 2847 2866 αἰῶνος
2875 2802 2936 2855 τὸ
2968 2805 3190 2874 σπέρμα
3217 2805 3402 2861 αὑτοῦ.
3438 2826 3459 2859 ι
3494 2809 3702 2879 Ὅμοια

2102 2892 2148 2945 δ’
2182 2892 2248 2947 ἂν
2285 2893 2372 2965 εἴη
2414 2894 2626 2958 τούτοις
2673 2896 2767 2949 καὶ
2803 2895 2873 2949 τὰ
2918 2897 2985 2949 δι’
3012 2890 3086 2950 ὧν
3128 2899 3375 2971 εἴρηται·
3431 2921 3451 2952 ι
3490 2904 3699 2975 Ὠμοσι

2106 2981 2312 3056 Κύριος
2335 2984 2415 3057 τῷ
2453 2984 2616 3038 Δα6⁴ιδ
2655 2985 2933 3057 ἀλήθειαν,
2965 2988 3060 3042 καὶ
3091 2989 3153 3042 οὐ
3200 2989 3274 3062 μὴ
3322 2991 3565 3066 ἀθετήσῃ
3598 2995 3701 3049 αὖ·

418 3076 678 3132 Salomon
726 3076 974 3148 quidem,
1019 3092 1145 3132 cum
1194 3085 1341 3133 esset
1386 3075 1535 3131 [ilius
1586 3073 1778 3138 David,
1823 3072 1999 3128 eidem

2123 3074 2194 3128 :6v
2217 3091 2232 3105 °
2267 3076 2331 3128 ὲκ
2365 3075 2580 3148 καρποῦ
2608 3077 2705 3147 τῆς
2726 3076 2932 3141 κοιλίας
2958 3095 3051 3132 σου
3074 3078 3305 3151 θήσομαι
3333 3083 3426 3135 ἐπὶ
3453 3084 3548 3137 τὸν
3573 3086 3704 3157 096-

416 3170 595 3240 palam
639 3171 695 3224 in
727 3185 895 3241 regno
930 3169 1202 3227 successit
1233 3187 1247 3222 :
1274 3169 1366 3224 hic
1406 3169 1569 3224 etiam
1602 3166 1999 3238 Hierosolymis

416 3260 628 3331 primus
669 3261 779 3315 Deo
826 3262 1091 3332 templum
1135 3258 1448 3319 mdiiicavit.
1487 3258 1646 3315 Hunc
1679 3260 1868 3330 itaque
1906 3274 2001 3314 su-

416 3353 617 3423 spicari
661 3351 882 3411 Judaeos
913 3355 1066 3409 illum
1111 3369 1257 3418 esse,
1305 3354 1374 3409 de
1417 3370 1529 3424 quo
1576 3353 1877 3426 prophetiae
1918 3352 2001 3407 lo-

414 3451 682 3514 quuntur,
707 3444 1004 3501 verisimile
1022 3450 1128 3501 est.
1155 3441 1262 3501 Sed
1295 3443 1537 3510 videant,
1560 3459 1769 3515 quaeso,
1800 3442 1996 3507 Judaai,

416 3544 550 3589 num
618 3537 688 3591 ad
749 3533 1098 3593 Salomonem
1169 3535 1377 3592 referre
1443 3538 1725 3592 oraculum
1784 3537 1999 3608 possint

415 3629 566 3701 quod
612 3631 689 3686 ita
731 3631 808 3684 ait
841 3649 855 3686 :
895 3650 913 3683 ι
946 3628 1014 3685 Ει
1066 3630 1274 3701 erigam
1333 3629 1518 3687 sedem
1559 3629 1681 3700 ejus
1722 3644 1898 3699 usque
1943 3630 1999 3684 in

416 3723 814 3793 sempiternum
841 3740 855 3785 ;
886 3742 907 3777 ι
955 3731 1011 3778 et
1060 3737 1257 3778 rursus
1306 3720 1455 3793 quod
1479 3736 1602 3777 cum
1630 3720 1998 3792 jurisjurandi

416 3814 780 3870 acirmatioue
818 3813 1126 3884 pollicitum
1176 3828 1301 3871 esse
1352 3812 1524 3869 Deum
1558 3813 1615 3869 in
1659 3820 1854 3870 sancto
1896 3828 1999 3868 suo

415 3905 651 3969 inducit,
684 3904 925 3959 futuram
961 3904 1146 3960 sedem
1179 3903 1323 3974 ejus,
1360 3919 1521 3975 quem
1549 3911 1841 3959 venturum
1871 3918 2000 3973 pro-

414 3997 593 4068 lbetae
617 4004 846 4063 canunt,
878 3996 1022 4050 sicut
1047 3995 1243 4060 solem,
1280 4004 1336 4051 et
1358 3998 1501 4050 sicut
1536 3994 1656 4051 dies
1684 3995 1829 4050 coeli.
1862 3994 1998 4049 Nam

416 4089 464 4147 si
493 4090 619 4161 quis
654 4089 812 4160 regni
853 4087 1167 4143 Salomonis
1208 4094 1427 4157 tempus
1468 4086 1735 4158 inquirat,
1766 4086 1999 4158 quadra-

415 4183 565 4253 ginta
586 4197 696 4237 non
727 4182 964 4253 amplius
1000 4195 1177 4236 annos
1220 4180 1497 4246 inveniet;
1530 4178 1675 4248 quod
1711 4179 1759 4234 si
1799 4193 1991 4233 eorum

414 4275 511 4346 qui
543 4274 622 4329 illi
661 4273 1035 4330 successerint
1068 4272 1125 4328 in
1171 4285 1442 4326 summam
1485 4270 1715 4340 redigat,
1754 4284 1825 4324 ne
1854 4276 1997 4324 totos

2106 3184 2196 3220 νον
2226 3183 2341 3221 σου.
2376 3187 2395 3219 ι
2427 3167 2702 3239 Σολομὼν,
2728 3172 2857 3233 παῖς
2882 3170 2980 3240 μὲν
3018 3168 3094 3224 ῶν
3121 3171 3215 3225 τοῦ
3244 3173 3428 3237 Δαϐὶδ,
3466 3177 3565 3230 καὶ
3594 3178 3699 3248 τῆς

2107 3258 2382 3329 βασιλείας
2410 3259 2654 3331 διάδοχος
2683 3261 2920 3332 πέφηνεν
2951 3261 3395 3336 ὁμολογουμένως
3414 3283 3427 3296 ·
3460 3263 3620 3333 οὗτος
3641 3271 3699 3323 δὶ

2106 3351 2202 3405 καὶ
2230 3353 2321 3405 τὸν
2362 3354 2421 3406 ὲν
2460 3353 2851 3427 Ἱεροσολύμοις
2878 3353 3013 3409 νεὼν
3040 3355 3119 3427 τῷ
3150 3356 3269 3429 Θεῷ
3310 3359 3527 3431 πρῶτος
3560 3362 3697 3416 ἐδεί-

2109 3456 2268 3511 ματο.
2305 3441 2417 3495 Καὶ
2439 3440 2629 3494 τοῦτον
2654 3443 2801 3507 εἰκὸς
2835 3444 3206 3517 ὑπολήψεσθαι
3230 3448 3358 3511 τοὺς
3383 3450 3450 3501 ὲκ
3482 3466 3698 3521 περιτο-

2109 3531 2216 3602 μῆς
2244 3530 2336 3584 τὸν
2369 3532 2843 3603 προφητευόμενον
2870 3531 3042 3587 εἶναι’
3071 3534 3165 3598 οὒς
3202 3536 3498 3605 ἐπιστῆσαι
3529 3538 3696 3595 καλὸν

2106 3627 2154 3679 εἰ
2176 3622 2286 3678 οἷόν
2317 3642 2376 3678 τε
2400 3621 2509 3678 εἷεν
2545 3626 2622 3697 (1)
2653 3625 2748 3678 ἐπὶ
2776 3626 3065 3698 Σολομῶνα
3083 3627 3306 3697 ἀνάγειν
3327 3629 3418 3683 τὸν
3442 3633 3696 3703 χρησμὸν

2106 3716 2385 3786 φάσκοντα
2403 3735 2415 3748 ’
2447 3737 2466 3769 ι
2500 3718 2609 3772 Καὶ
2641 3717 2937 3791 ἀνορθώσω
2966 3719 3057 3774 τὸν
3083 3719 3271 3792 θρόνον
3302 3720 3467 3775 αὑτοῦ
3494 3724 3580 3787 εἰς
3606 3724 3697 3777 τὸν

2105 3808 2308 3863 αἰῶναο
2345 3830 2363 3862 ι
2402 3809 2495 3862 καὶ
2522 3804 2678 3872 αὖθις
2714 3809 2832 3881 μεθ’
2859 3810 3023 3882 ὅρκου
3066 3810 3366 3876 διατάσεως
3395 3812 3696 3883 ὀμωμοκέ-

2105 3916 2195 3952 ναι
2239 3898 2329 3954 τδν
2371 3899 2505 3954 Θεὸν
2551 3901 2609 3953 ὲν
2639 3900 2716 3972 τῷ
2745 3899 2886 3973 ἁγίῳ
2930 3900 3119 3965 αὐτοῦ,
3182 3902 3259 3966 ὡς
3297 3904 3409 3975 ἄρα
3462 3904 3622 3970 ξσται
3664 3906 3697 3957 ό

2106 3988 2293 4060 θρόνος
2324 3990 2417 4043 τοῦ
2452 3992 2955 4063 προφητευομένου,
2988 3992 3064 4057 ὡς
3103 3995 3132 4046 ὁ
3158 3993 3308 4064 ἥλιος
3338 3996 3435 4049 καὶ
3466 3998 3522 4049 αἱ
3552 3996 3696 4067 ήμέ·

2106 4097 2197 4152 ραι
2229 4080 2325 4133 τοῦ
2390 4081 2655 4153 ούρανοῦο
2718 4085 2767 4136 εἰ
2812 4083 2923 4155 γὰρ
2955 4083 3018 4156 δή
3050 4102 3135 4148 τις
3164 4086 3291 4150 τοὺς
3336 4087 3564 4159 χρόνους
3608 4088 3697 4154 ἔξ⁸

2104 4172 2316 4226 ετάσειε
2344 4173 2443 4244 τῆς
2488 4172 2583 4226 τοῦ
2613 4172 2924 4245 Σολομῶνος
2956 4175 3251 4246 βασιλείας,
3279 4178 3695 4249 τεσσαράκοντα

2104 4265 2222 4336 ἐτη,
2253 4267 2314 4319 οὐ
2343 4265 2564 4320 πλείονα
2595 4266 2836 4339 εὑρήσει.
2868 4267 2933 4322 Εἰ
2956 4267 3015 4321 δὲ
3044 4270 3140 4323 καὶ
3166 4268 3277 4322 τῶν
3298 4268 3560 4341 διαδόχων
3591 4273 3692 4324 αὺ-

413 4366 635 4441 quidem
690 4366 1023 4436 quingentos
1086 4379 1263 4420 annos
1308 4362 1433 4417 illos
1491 4377 1684 4417 omnes
1739 4376 1997 4430 regnasse

2123 4357 2197 4411 τοῦ
2226 4356 2462 4422 συνάξοι,
2501 4357 2609 4411 οὐδ’
2636 4360 2723 4429 ἐφ’
2756 4359 2898 4423 ὅλοις
2926 4361 3303 4423 πεντακοσίοις
3329 4360 3506 4415 ἔτεσιν
3533 4361 3693 4434 εὕροι

414 4457 730 4528 comperiet.
785 4455 893 4511 Sed
938 4453 1308 4510 concedamus
1357 4467 1455 4508 eos
1485 4466 1663 4523 usque
1705 4451 1773 4505 ad
1822 4460 2000 4505 extre-

2123 4449 2173 4502 ὶν
2203 4449 2327 4513 τοὺς
2352 4448 2562 4513 πάντας
2600 4451 3033 4523 διαγενομένους.
3084 4452 3244 4506 Ἀλλά
3275 4452 3417 4506 ἔστω
3446 4454 3580 4517 τοὺς
3604 4455 3693 4508 αὖ·

415 4566 560 4606 mam
593 4549 837 4605 Judaicze
872 4548 1050 4620 gentis
1086 4545 1453 4608 obsidionem,
1478 4559 1586 4614 qua
1608 4541 1842 4599 Romani
1876 4528 2000 4597 illos

413 4649 908 4715 expugnaverunt,
952 4653 1181 4710 regnum
1232 4650 1614 4700 conservasse,
1667 4634 1799 4704 quid
1849 4634 1997 4689 istud

2100 4545 2228 4606 τοὺς
2254 4543 2349 4596 καὶ
2394 4542 2555 4614 μέχρι
2597 4544 2697 4616 τῆς
2727 4546 2966 4617 ὑστάτης
3002 4546 3108 4600 ὑπὸ
3150 4547 3434 4617 Ῥωμαίων
3466 4546 3692 4619 πολιορ-

2101 4638 2222 4701 κίας
2254 4638 2347 4691 τοῦ
2385 4638 2651 4692 Ἰουδαίων
2696 4639 2882 4702 ἔθνους
2919 4638 3201 4710 διαρκέσαι
3235 4638 3556 4709 νομίζεσθαι
3586 4656 3602 4669 ·
3637 4638 3690 4691 τί

416 4739 633 4792 tandem
674 4736 742 4790 ad
783 4733 1124 4805 prophetiam
1157 4744 1281 4801 quae
1328 4730 1426 4793 ait,
1481 4748 1500 4780 ι
1530 4729 1583 4783 in
1631 4724 1941 4782 aeternum?
1969 4745 1989 4777 ›

2123 4730 2192 4789 ιῦν
2220 4734 2378 4788 τοῦτο
2408 4734 2545 4805 πρὸς
2574 4733 2673 4805 τὴν
2717 4730 3076 4806 προφητείαν,
3121 4751 3141 4784 ι
3189 4734 3269 4797 εἰς
3302 4732 3393 4786 τὸν
3425 4733 3628 4797 αἰῶνα,
3664 4753 3682 4785 ι

425 4840 480 4887 et
509 4846 630 4902 quae
661 4838 719 4884 ut
748 4827 918 4882 solem
959 4832 1124 4894 atque
1167 4831 1228 4878 ut
1260 4822 1378 4877 dies
1423 4821 1546 4875 coeli
1579 4831 1993 4890 permansuram

418 4924 566 4978 illam
602 4919 787 4976 sedem
831 4916 1018 4972 canit?
1045 4913 1179 4969 Illud
1219 4927 1369 4977 vero,
1413 4930 1431 4962 ι
1472 4909 1537 4964 Et
1573 4924 1674 4981 ego
1706 4923 1802 4965 ero
1831 4907 1907 4961 illi
1940 4907 1996 4961 in

415 5027 648 5091 patrem,
698 5023 753 5070 et
800 5015 915 5083 ipse
963 5011 1070 5066 erit
1129 5008 1262 5065 mihi
1311 5008 1369 5062 in
1420 5006 1611 5072 lilium,
1648 5023 1667 5056 ι
1720 5005 1813 5073 qui
1872 5000 1993 5057 ﬁeri

413 5119 592 5181 petest
640 5115 701 5162 ut
742 5103 1024 5160 Salomoni
1069 5100 1381 5163 conveniat,
1436 5098 1657 5168 quando
1704 5095 1886 5167 palam
1934 5094 1991 5149 in

412 5201 640 5260 historia
683 5214 806 5271 qua:
853 5203 922 5253 de
960 5199 1055 5252 illo
1106 5201 1309 5256 exstat.
1347 5189 1701 5275 abhorrentia
1743 5187 1995 5258 longissi-

413 5311 606 5367 meque
629 5300 836 5348 remota
861 5291 931 5344 ah
950 5287 1243 5358 adeptione
1266 5284 1360 5339 Dei
1395 5284 1462 5339 de
1490 5284 1588 5338 illo
1610 5282 1815 5353 prodit.
1848 5281 1991 5336 Audi

413 5390 585 5460 igitur
614 5401 780 5456 quam
814 5384 964 5438 illius
995 5382 1404 5438 accusationem
1437 5379 1724 5447 complexa
1756 5375 1857 5431 sit:
1884 5394 1902 5425 ι
1927 5374 1994 5428 Ει

2097 4828 2194 4882 καὶ
2219 4827 2294 4890 ὡς
2341 4826 2432 4881 τὸν
2463 4826 2635 4896 ἥλιον,
2664 4827 2758 4880 καὶ
2797 4826 2873 4889 ὡς
2903 4825 3003 4889 τὰς
3054 4824 3268 4897 ἡμέρας
3311 4824 3406 4878 τοῦ
3450 4826 3685 4898 οὐρανοῦ

2096 4918 2370 4989 διαμενεῖν
2431 4918 2523 4970 τὸν
2569 4916 2757 4989 θρόνον
2807 4915 2972 4971 αὐτοῦ
3027 4916 3426 4983 θεσπίζουσανς
3479 4918 3553 4971 Τὸ
3604 4918 3681 4982 δὲ,

2103 5031 2122 5064 ι
2149 5012 2261 5067 Καὶ
2288 5010 2398 5080 ἐγὼ
2434 5010 2629 5081 ἔσομαι
2661 5009 2811 5081 αὐτῷ
2838 5012 2919 5073 εἰς
2948 5009 3179 5081 πατέρα,
3212 5010 3307 5063 καὶ
3331 5010 3492 5074 αὐτὸς
3522 5013 3683 5065 ἔσται

2100 5119 2191 5174 μοι
2220 5103 2300 5164 εἰς
2326 5100 2462 5169 υἰὸν,
2492 5118 2510 5150 ι
2542 5099 2658 5163 πῶς
2690 5099 2755 5152 ἂν
2780 5097 2857 5170 τῷ
2884 5098 3158 5171 Σολομῶνι
3193 5097 3486 5171 άρμόζοιεν
3510 5116 3526 5166 ;
3555 5101 3680 5155 Ὅτε

2094 5191 2390 5264 διαρρήδην
2424 5192 2457 5262 ή
2489 5188 2632 5243 κατὰ
2666 5190 2827 5244 αὐτὸν
2859 5190 3090 5262 ἱστορία,
3121 5189 3376 5262 ἀλλότρια
3403 5192 3501 5245 καὶ
3531 5194 3679 5263 ἀταρ-

2097 5284 2333 5356 κισμένα
2364 5284 2462 5354 τῆς
2490 5281 2585 5336 τοῦ
2615 5281 2750 5336 Θεοῦ
2778 5283 3135 5354 εἰσποιήσεως
3176 5283 3307 5355 περὶ
3339 5283 3508 5336 αὐτοῦ
3536 5285 3677 5339 διδά-

2099 5393 2240 5431 σκει.
2271 5375 2473 5427 ’Ἄκουε
2511 5373 2557 5427 δ’
2587 5368 2679 5426 οὖν
2722 5373 2839 5425 οἵαν
2880 5356 3216 5446 κατηγορίαν
3242 5372 3410 5426 αὐτοῦ
3443 5373 3674 5428 καταλέ-

483 5500 530 5534 ⁹⁶
568 5498 589 5553 l
636 5497 747 5552 Par
771 5540 785 5554 .
826 5497 1163 5563 “mli-l4.
1258 5495 1304 5527 "’
1333 5493 1479 5551 Psal.
1522 5509 1789 5549 Lxxxvm.
1817 5490 2002 5547 27-29.
2078 5491 2125 5523 θ’
2155 5490 2290 5548 ibid.
2313 5491 2370 5553 4,
2394 5489 2450 5546 5.
2527 5488 2572 5521 "
2612 5486 2746 5546 ibid.
2777 5486 2959 5545 36-38.
3039 5486 3056 5519 ‘
3087 5486 3225 5544 ibid.
3280 5488 3372 5547 50.
3456 5491 3478 5522 ’
3504 5488 3631 5546 Psal

409 5587 596 5634 cxxxr,
630 5571 716 5623 ll.

483 5663 561 5736 (ι)
599 5656 738 5716 οἶόν
765 5677 832 5716 τε
856 5656 997 5718 εἷεν.
1030 5657 1190 5716 Forte
1224 5656 1513 5730 legendum
1546 5656 1633 5713 vel
1671 5647 1773 5707 οἷοί
1799 5670 1854 5707 τε
1882 5647 2000 5717 εἴη

2123 5700 2124 5703 η
2158 5648 2269 5706 οἷόν
2298 5667 2356 5704 τι
2386 5650 2492 5721 εἴη.
2537 5649 2690 5704 Enn.
