3828 6220
359 266 462 323 535

1068 260 1335 317 EUSEBII
1373 260 1853 343 CAESARIENSIS
1891 260 2042 318 OPP.
2069 259 2252 317 PARS
2291 260 2330 318 ι.
2373 293 2445 302 -
2483 261 2988 319 APOLOGETICA.

3530 256 3630 313 556

361 390 520 459 quasi
559 387 715 458 signo
756 386 1027 455 impresso
1063 383 1374 456 conﬁrmat,
1425 384 1517 438 ubi
1557 384 1653 448 ait,
1698 382 1926 439 Gabriel.

2042 382 2192 454 αὐτῴ
2241 383 2557 455 Εὑαγγελίῳ
2603 383 2881 455 Ζαχαρίας
2926 384 2955 435 6
3006 379 3099 434 τοῦ
3154 380 3400 434 Ἰωάννου
3451 379 3633 450 πατὴρ

361 498 485 536 cum
523 480 790 536 astitisset
816 477 1051 549 Virgini,
1088 478 1294 533 dixisse
1319 477 1387 532 de
1418 475 1700 531 Salvatore
1729 487 1941 542 nostro,

365 595 383 626 ι
413 574 514 629 Hic
547 573 653 629 erit
682 588 933 644 magnus,
966 580 1021 627 et
1050 569 1222 625 Filius
1245 569 1516 624 Altissimi
1552 570 1860 636 vocabitur,
1889 578 1944 624 et

359 665 511 721 dabit
544 664 591 719 ei
622 663 886 718 Dominus
922 661 1065 718 Deus
1097 662 1278 717 sedem
1313 660 1481 715 David
1520 661 1693 732 patris
1717 660 1859 731 ejus,
1890 669 1943 716 et

363 757 617 828 regnabit
648 756 705 811 in
734 757 898 812 domo
939 755 1109 811 Jacob
1143 756 1198 809 in
1225 762 1512 819 mternum,
1543 764 1599 810 et
1641 757 1793 825 regni
1822 755 1942 824 ejus

366 862 477 901 non
500 847 605 902 erit
648 845 772 902 ﬁnis
796 847 835 899 ⁸.
877 864 895 897 ι
929 844 992 901 Et
1018 853 1143 916 post
1183 859 1355 915 pauca
1382 844 1435 897 in
1465 843 1655 898 eodem
1698 842 1943 912 Evange-

365 937 461 1000 lio,
510 936 807 990 Zacharias
838 933 1069 989 Joannis
1102 943 1257 1004 pater
1286 933 1403 987 hanc
1446 932 1513 987 de
1543 931 1765 988 Christo
1803 931 1945 985 divi-

360 1038 456 1085 nat
484 1045 496 1080 :
529 1047 549 1081 ι
586 1028 917 1084 Benedictus
948 1026 1214 1080 Dominus
1236 1024 1384 1081 Deus
1406 1024 1599 1090 Israel,
1631 1026 1760 1095 quia
1808 1024 1942 1079 visi.

361 1121 497 1177 tavit
525 1129 578 1177 et
614 1120 744 1177 fecit
786 1119 1218 1188 redemptionem
1260 1118 1464 1189 populo
1513 1132 1635 1182 suo,
1674 1125 1728 1172 et
1769 1117 1942 1172 erexit

356 1230 528 1269 cornu
572 1212 768 1269 salutis
799 1212 851 1266 in
894 1210 1056 1266 nobis
1086 1210 1143 1264 in
1182 1209 1353 1265 domo
1403 1208 1576 1264 David
1629 1209 1784 1279 pueri
1829 1209 1937 1273 sui,

355 1305 498 1361 sicut
526 1305 744 1360 locutus
792 1311 878 1358 est
926 1318 1022 1374 per
1054 1317 1118 1357 os
1164 1309 1503 1366 sanctorum,
1536 1302 1631 1372 qui
1668 1317 1699 1355 a
1738 1303 1939 1357 saeculo

357 1404 486 1454 sunt
522 1397 914 1468 prophetarum
953 1395 1137 1464 ejus".
1179 1414 1198 1448 ι
1236 1393 1391 1461 Quod
1434 1409 1565 1449 vero
1609 1395 1936 1465 promissam

356 1489 463 1560 ipsi
518 1487 688 1543 David
734 1496 997 1543 aeternam
1050 1487 1233 1542 sedem
1290 1484 1544 1540 Salvator
1586 1494 1640 1541 et
1674 1484 1938 1540 Dominus

354 1589 542 1638 noster
570 1579 754 1647 Jesus,
795 1581 888 1650 qui
926 1579 1182 1635 Christus
1216 1588 1300 1635 est
1336 1577 1453 1644 Dei,
1490 1594 1667 1648 neque
1699 1579 1839 1633 alius
1871 1594 1937 1631 ex

347 1674 631 1728 hominum
663 1688 861 1743 genere
895 1672 1168 1742 quispiam
1213 1671 1507 1741 acceperit,
1550 1670 1685 1726 satis
1724 1686 1787 1726 ea
1818 1686 1939 1741 quae

348 1765 608 1836 superius
650 1765 831 1835 posita
878 1770 1008 1817 sunt
1054 1762 1374 1817 testimonia
1421 1763 1932 1833 comprobaverint,
1968 1794 2009 1849 Β

350 1873 565 1913 necnon
591 1856 762 1927 ipsius
797 1854 1017 1911 Gabriel
1049 1862 1103 1909 et
1132 1852 1430 1918 Zachariae,
1457 1854 1514 1907 in
1547 1854 1747 1923 quibus
1767 1856 1929 1907 etiam

348 1950 483 2005 illud
512 1948 1072 2018 conﬁrmatur,quod,
1092 1955 1365 2018 quatenus
1392 1947 1461 2001 ad
1483 1948 1779 2000 humanam
1810 1947 1933 2016 ejus

349 2049 603 2098 naturam
634 2043 891 2112 pertinet.
925 2042 993 2097 de
1027 2042 1234 2097 semine
1270 2040 1440 2096 David
1471 2048 1639 2096 natus
1675 2047 1780 2095 est.
1812 2038 1930 2094 Ca:—

347 2141 549 2197 terum,
585 2147 691 2202 qua
713 2132 924 2186 ratione
951 2134 1126 2203 ipsius
1152 2132 1353 2203 Joseph
1377 2149 1549 2203 genus
1572 2134 1745 2189 sancti
1773 2147 1934 2187 evan-

347 2222 560 2294 gelista:
586 2221 925 2287 describant,
961 2223 1219 2293 quamvis
1263 2223 1515 2278 Salvator
1548 2230 1737 2279 noster
1764 2238 1830 2277 ex
1865 2238 1930 2277 eo

344 2325 509 2369 natus
528 2329 637 2368 non
669 2314 761 2380 sit,
796 2314 894 2371 sed
925 2315 993 2371 de
1023 2315 1232 2386 Spiritu
1276 2325 1471 2371 sancto
1505 2324 1560 2370 et
1584 2323 1774 2372 sancta
1801 2314 1929 2369 Vir-

2047 475 2172 529 τάδε
2204 477 2332 547 περὶ
2378 476 2470 529 τοῦ
2517 474 2755 546 Χριστοῦ
2806 470 3070 537 θεσπίζει·
3111 490 3130 523 ι
3170 469 3475 541 Εὐλογητὸς
3518 469 3629 522 Κύ-

2047 586 2163 641 ριος
2188 569 2217 621 6
2244 567 2375 632 Θεὸς
2401 566 2495 620 τοῦ
2524 566 2757 639 Ἰσραὴλ,
2777 567 2858 619 ὃτι
2890 562 3251 632 ἐπεσκέψατο,
3278 563 3373 616 καὶ
3408 561 3631 633 εποίησε

2044 661 2313 733 λύτρωσιν
2345 659 2422 731 τῷ
2451 659 2566 730 λαῷ
2598 657 2786 721 αὑτοῦ,
2811 656 2906 710 καλ⁵
2932 657 3119 727 ήγειρε
3153 656 3321 726 κέρας
3356 651 3632 723 σωτηρίας

2045 757 2176 827 ἡμῖν
2208 758 2267 809 ὲν
2299 753 2433 825 οἴκῳ
2477 751 2643 806 Δαϐὶδ
2687 749 2778 803 τοῦ
2815 748 3003 812 παιδὸς
3037 746 3225 811 αὑτοῦ,
3278 745 3462 809 καθὼς
3511 744 3631 798 ὲλά-

2043 846 2174 917 λησε
2212 846 2301 899 διὰ
2350 844 2620 917 στόματος
2672 843 2780 897 τῶν
2840 843 3013 913 ἁγίων
3072 842 3167 895 ἀπ’
3219 838 3415 902 αἰῶνος
3465 836 3630 891 αὑτοῦ

2045 935 2361 1008 προφητῶν.
2406 954 2425 987 ι
2484 933 2625 986 Ἀλλ’
2662 933 2745 987 ὅτι
2799 932 2898 1004 μὲν
2942 932 3036 985 τὸν
3091 929 3506 1001 ἐπηγγελμένον
3552 928 3631 999 τῷ

2043 1026 2207 1080 Δαϐὶδ
2257 1026 2471 1080 αἰώνιον
2525 1024 2713 1097 θρόνον
2756 1026 2785 1077 6
2832 1022 3022 1094 Σωτὴρ
3075 1021 3171 1075 καὶ
3228 1021 3432 1092 Κύριος
3471 1019 3630 1091 ἡμῶν

2056 1116 2262 1189 Ἰησοῦς
2293 1118 2322 1169 6
2356 1116 2592 1189 Χριστὸς
2626 1117 2718 1170 τοῦ
2752 1114 2888 1169 Θεοῦ
2907 1154 2921 1179 ,
2950 1113 3048 1168 καὶ
3078 1113 3199 1167 οὐδὲ
3231 1112 3387 1176 ἄλλος
3415 1110 3631 1183 ἀνθρὼ-

2044 1225 2162 1263 πων
2204 1208 2537 1279 ἀπείληφεν,
2584 1208 2766 1262 ίκαναὶ
2818 1206 3195 1262 πιστώσασθαι
3240 1209 3295 1261 αἱ
3337 1224 3629 1279 προπαρα-

2040 1303 2278 1356 τεθεῖσαι
2334 1302 2663 1375 μαρτυρίαι,
2705 1302 2739 1373 ἥ
2790 1319 2849 1355 τε
2893 1302 2988 1356 τοῦ
3035 1302 3276 1375 Γαϐριὴλ
3324 1301 3417 1356 καὶ
3461 1304 3495 1373 ή
3534 1300 3631 1356 τοῦ

2041 1396 2335 1467 Ζαχαρίου,
2370 1395 2438 1448 δι’
2471 1389 2545 1449 ὧν
2583 1395 2676 1449 καὶ
2722 1394 3035 1449 συνίσταται
3071 1396 3134 1449 ἐκ
3179 1396 3493 1467 σπέρματος
3540 1413 3632 1464 γε-

2040 1486 2213 1557 γονὼς
2246 1487 2412 1541 Δαὸὶδ
2448 1488 2588 1543 κατά
2622 1490 2824 1560 σάρκα.
2874 1488 2990 1541 Τίνι
3028 1488 3085 1541 δὲ
3125 1488 3268 1559 λόγῳ
3299 1488 3391 1540 τὸν
3427 1488 3629 1559 Ἰωσὴφ

2040 1579 2458 1649 γενεαλογοῦσιν
2516 1583 2565 1635 οἱ
2626 1582 2762 1654 ἱεροὶ
2815 1580 3233 1649 εὑαγγελισταὶ,
3294 1580 3500 1652 καίπερ
3552 1578 3630 1653 μὴ

2039 1672 2193 1735 ὄντος
2236 1671 2330 1726 τοῦ
2364 1672 2618 1744 Σωτῆρος
2660 1671 2819 1743 ἡμῶν
2871 1672 2929 1736 ὲξ
2977 1671 3177 1737 αὑτοῦ,
3229 1671 3344 1725 ἀλλ’
3375 1671 3435 1737 ἐξ
3468 1671 3627 1740 ἁγίου

2038 1763 2353 1835 Πνεύματος
2401 1764 2494 1817 καὶ
2541 1764 2643 1836 τῆς
2678 1762 2835 1831 ἁγίας
2875 1763 3175 1833 Παρθένου,
3226 1765 3375 1829 ὅπως
3422 1781 3485 1818 τε
3532 1766 3629 1818 καὶ

2039 1855 2177 1928 αῦτη
2212 1858 2245 1927 ή
2278 1854 2373 1909 τοῦ
2407 1856 2613 1927 Κυρίου
2652 1857 2833 1928 μήτηρ
2881 1855 2990 1911 ἀπὸ
3020 1855 3212 1924 γένους
3244 1857 3336 1911 καὶ
3370 1856 3627 1928 stippa-

2038 1965 2128 2009 τος
2162 1948 2545 2001 ἀποδείκνυται
2582 1943 2722 2002 εἶναι
2752 1947 2934 2011 Δαϐὶδ,
2971 1949 3030 2001 ὲν
3069 1948 3145 2019 τῷ
3176 1947 3379 2020 πρώτῳ
3408 1949 3517 2003 τῶν
3547 1951 3629 2012 είς

2039 2036 2136 2108 τὴν
2163 2036 2513 2105 γενεαλογίαν
2540 2035 2634 2089 τοῦ
2668 2037 2921 2108 Σωτῆρος
2961 2037 3121 2108 ήμῶν
3156 2036 3488 2109 ζητημάτων
3529 2037 3628 2091 καὶ

2038 2126 2241 2180 λύσεων
2273 2126 2626 2199 διειληφότες,
2656 2126 2742 2180 ἐπ’
2775 2130 2957 2181 ἐκεῖνα
2986 2129 3112 2192 τοὺς
3141 2128 3459 2201 φιλομαθεῖς
3488 2131 3629 2183 ἀνα-

2037 2218 2351 2291 πέμπομεν,
2401 2219 2486 2289 ἐφ’
2514 2219 2706 2292 ἑτέραν
2739 2220 2886 2291 ἡμᾶς
2918 2220 3174 2275 ὑπόθεσιν
3205 2221 3628 2290 κατεπείγοντος

2035 2311 2130 2366 τοῦ
2160 2311 2426 2383 παρόντος
2459 2311 2676 2384 καιροῦ.

345 2413 492 2484 εἰπε,
540 2427 758 2483 quoque
803 2412 967 2469 modo
1004 2413 1120 2468 haac
1170 2413 1345 2485 ipsius
1389 2412 1606 2468 Domini
1642 2421 1817 2468 mater
1863 2412 1930 2466 de
1960 2425 2160 2482 genere
2188 2425 2254 2465 ex
2281 2410 2492 2464 semine
2512 2407 2682 2463 David
2714 2407 2886 2465 fuisse
2950 2409 3297 2476 ostendatur,
3356 2410 3413 2464 in
3443 2410 3628 2480 primo

343 2513 397 2563 et
426 2507 788 2577 quaestionum
816 2514 872 2564 et
911 2508 1246 2564 solutionum
1287 2524 1408 2579 quae
1445 2509 1512 2563 ad
1558 2508 1776 2580 generis
1828 2505 2129 2561 Salvator-is
2150 2504 2328 2559 nostri
2377 2505 2575 2560 seriem
2637 2514 2802 2576 atque
2863 2506 3268 2561 enarrationem
3322 2507 3624 2577 pertinent,

344 2604 864 2673 explicavimust
893 2606 984 2660 illa
1009 2605 1176 2677 igitur
1226 2621 1323 2661 eos
1352 2606 1444 2676 qui
1477 2605 1694 2661 discere
1736 2605 1966 2676 cupiunt
2003 2603 2358 2667 remittimus,
2412 2602 2634 2674 quando
2693 2603 2763 2658 ad
2816 2604 2961 2658 aliud
2999 2603 3277 2660 scribendi
3329 2618 3627 2677 argumen-

340 2704 459 2751 tum
488 2713 730 2768 praesens
760 2715 861 2757 nos
889 2708 1102 2771 tempus
1131 2708 1353 2755 revocat
1379 2708 1544 2771 atque
1574 2701 1829 2770 impellit.

342 2812 384 2864 Α
412 2814 618 2886 psalmo
642 2832 788 2872 Lm.
818 2846 890 2858 —
914 2815 988 2888 De
1029 2813 1316 2888 Salomone
1337 2826 1465 2872 eteo
1509 2818 1597 2888 qui
1623 2832 1689 2871 ea:
1734 2818 1929 2872 semine

926 2886 1041 2957 ejus
1068 2886 1330 2956 procedet.

421 3014 439 3047 ‹
479 2995 645 3059 Deus,
667 2996 935 3067 judicium
962 3003 1115 3051 tuum
1140 2997 1253 3067 regi
1283 2996 1373 3065 da,
1400 3004 1454 3052 et
1477 2996 1750 3066 justitiam
1776 3005 1925 3052 tuam
1957 3024 1998 3080 ο

346 3089 455 3144 lilio
481 3090 680 3159 regis“,
716 3109 735 3141 ι
765 3105 830 3144 ac
846 3088 1106 3160 deinceps
1135 3088 1300 3163 354
1326 3090 1575 3161 adjungit
1607 3108 1620 3143 :
1661 3109 1679 3142 ‹
1707 3090 1774 3144 Et
1801 3107 1928 3161 per-

343 3179 586 3233 manebit
621 3191 746 3231 cum
796 3177 913 3234 sole
956 3187 1011 3232 et
1040 3186 1167 3233 ante
1195 3179 1403 3255 lunam,
1437 3178 1816 3247 generationes
1844 3193 1930 3250 ge-

344 3268 718 3331 nerationum,
771 3265 1068 3323 descendet
1114 3267 1259 3323 sicut
1312 3268 1498 3339 pluvia
1550 3269 1608 3323 in
1642 3269 1840 3333 vellus,
1875 3276 1929 3324 et

344 3359 488 3413 sicut
516 3356 793 3413 stillicidia
830 3358 1092 3413 stillantia
1132 3374 1298 3429 super
1360 3370 1583 3424 terram,
1616 3360 1827 3417 orietur
1869 3362 1928 3417 in

344 3452 537 3506 diebus
559 3450 680 3520 ejus
704 3450 941 3520 justitia,
974 3460 1026 3505 et
1059 3452 1394 3507 abundantia
1426 3455 1601 3524 pacis,
1628 3454 1802 3511 donec
1829 3470 1928 3509 au-

342 3542 552 3597 feratur
584 3543 735 3608 luna,
766 3550 821 3597 et
846 3540 1216 3598 dominabitur
1238 3559 1270 3598 a
1298 3546 1435 3599 mari
1468 3562 1643 3617 usque
1665 3546 1733 3600 ad
1752 3562 1923 3611 mare,

343 3644 397 3688 et
426 3648 458 3688 a
494 3633 720 3690 ﬂumine
760 3650 935 3705 usque
972 3634 1042 3689 ad
1085 3636 1354 3692 terminos
1389 3638 1541 3693 orbis
1591 3636 1795 3694 terraa'.
1829 3639 1925 3694 :Et

344 3733 467 3796 post
487 3742 681 3797 pauca,
701 3727 782 3783 sic
807 3728 915 3782 ait:
936 3746 955 3779 ι
982 3726 1450 3798 Superextolletur
1466 3746 1632 3800 super
1657 3731 1923 3786 Libanum

343 3820 554 3875 fructus
582 3820 725 3890 ejus,
744 3821 851 3875 erit
868 3836 1068 3876 nomen
1093 3821 1212 3890 ejus
1242 3822 1588 3878 benedictum
1620 3824 1675 3878 in
1699 3825 1920 3891 saecula,

342 3919 471 3967 ante
501 3913 669 3968 solem
707 3912 1050 3983 permanebit
1094 3928 1295 3969 nomen
1323 3914 1466 3984 ejus,
1513 3921 1568 3970 et
1593 3916 1924 3971 benedicen-

345 4009 433 4055 tur
466 4001 521 4055 in
545 4001 664 4071 ipso
694 4016 885 4055 omnes
914 4000 1096 4055 tribus
1128 4008 1310 4065 terrae,
1352 4016 1545 4056 omnes
1572 4011 1763 4071 gentes
1795 4002 1924 4057 bea-

341 4090 763 4146 tiﬁcabunteum
784 4091 849 4144 ¹⁰.
884 4110 903 4143 ι
931 4090 1162 4157 Quando
1177 4106 1307 4162 ergo
1325 4092 1378 4145 in
1411 4090 1759 4146 Salomonem
1788 4092 1922 4146 scri-

340 4192 465 4253 ptus
517 4197 604 4238 est
653 4183 923 4253 psalmus,
971 4182 1183 4253 primus
1243 4183 1439 4253 psalmi
1492 4184 1801 4239 versiculus
1853 4182 1922 4237 ad

338 4276 491 4331 illum
507 4274 800 4341 referatur;
819 4290 940 4346 quae
967 4290 1098 4330 vero
1126 4284 1432 4346 sequuntur
1448 4277 1630 4331 omnia
1654 4276 1722 4331 ad
1749 4276 1918 4332 ﬁlium

2049 2791 2190 2845 Ἀπὸ
2233 2791 2480 2860 ψαλμοῦ
2510 2797 2616 2846 oa'.
2648 2823 2717 2832 —-
2756 2791 2897 2858 Περὶ
2942 2790 3329 2859 Σολομῶντος
3371 2791 3471 2846 καὶ
3512 2792 3627 2846 τοῦ

2212 2861 2282 2915 ἐκ
2307 2861 2651 2931 σπέρματος
2681 2862 2869 2915 αὐτοῦ
2895 2862 3444 2931 προελευσομένου.

2113 2994 2132 3027 ¢
2179 2975 2238 3029 '0
2270 2975 2423 3040 Θεὸς,
2461 2975 2521 3029 τὸ
2554 2975 2731 3050 κρῖμά
2764 2993 2858 3032 σου
2890 2975 2967 3047 τῷ
3000 2976 3210 3047 βασιλεί
3237 2977 3347 3043 δὸς,
3393 2979 3490 3031 καὶ
3520 2978 3627 3049 τὴν

2030 3067 2375 3139 δικαιοσύνην
2427 3084 2521 3121 σου
2572 3067 2652 3137 τῷ
2703 3066 2804 3138 υἱῷ
2836 3066 2930 3120 τοῦ
2980 3066 3272 3138 βασιλέωςο
3316 3087 3335 3119 ι
3368 3070 3465 3122 καὶ
3493 3068 3628 3140 ἑξῆς

2030 3159 2289 3227 ὲπιλέγει’
2331 3178 2349 3209 ι
2395 3158 2505 3212 Καὶ
2557 3161 2980 3231 συμπαραμενεῖ
3027 3159 3105 3230 τῷ
3142 3160 3318 3232 ἡλίῳ,
3367 3163 3464 3214 καὶ
3514 3160 3630 3233 πρὸ

2029 3252 2128 3323 τῆς
2161 3251 2389 3323 σελήνης
2437 3251 2630 3320 γενεάς
2673 3253 2908 3321 γενεῶν,
2944 3252 3316 3324 καταϐήσεται
3357 3253 3434 3316 ὡς
3467 3253 3628 3317 ὑετὸς

2029 3344 2122 3397 ἐπὶ
2171 3344 2358 3411 πόκον,
2412 3345 2505 3399 καὶ¹
2561 3345 2694 3397 ὡσεὶ
2744 3346 3003 3414 σταγόνες
3052 3345 3346 3410 στάζουσαι
3397 3347 3492 3400 ἐπὶ
3520 3346 3626 3419 τὴν

2025 3438 2162 3508 γῆν·
2212 3436 2463 3491 ἀνατελεί
2503 3439 2562 3491 ἐν
2613 3441 2734 3502 ταῖς
2779 3438 3014 3510 ἡμέραις
3069 3439 3233 3492 αὑτοῦ
3278 3438 3621 3509 δικαιοσύνη,

2029 3531 2123 3582 καὶ
2165 3528 2367 3601 πλῆθος
2400 3530 2656 3602 εἰρήνης,
2693 3530 2799 3594 ἕως
2831 3522 2893 3582 οὗ
2927 3531 3288 3604 ἀνταναιρεθῇ
3324 3534 3357 3602 ἠ
3395 3531 3619 3604 σελήνη,

2028 3621 2122 3674 καὶ
2148 3622 2568 3693 κατακυριεύσει
2602 3624 2710 3676 ἀπὸ
2746 3622 3022 3694 θαλάσσης
3051 3625 3158 3688 ἕως
3187 3623 3485 3694 θαλάσσης,
3521 3624 3625 3679 καὶ

2028 3712 2137 3766 ἀπὸ
2176 3712 2421 3784 ποταμοῦ
2464 3714 2569 3778 ἕως
2610 3715 2864 3786 περάτων
2908 3716 3008 3787 τῆς
3053 3715 3402 3786 οίκουμένης.
3450 3735 3469 3766 ι
3505 3715 3623 3768 Καὶ

2029 3804 2169 3876 μετὰ
2222 3805 2428 3876 βραχέα
2481 3807 2680 3877 φησίν·
2731 3825 2750 3857 ι
2798 3806 3273 3880 ’Υπεραρθήσεται
3323 3807 3466 3877 ὑπὲρ
3524 3806 3622 3860 τὸν

2024 3896 2254 3950 Λίϐανον
2282 3899 2310 3950 6
2342 3896 2553 3969 καρπὸς
2585 3898 2770 3950 αὐτοῦ·
2800 3898 2952 3951 ἔσται
2977 3898 3036 3952 τὸ
3068 3898 3239 3968 ὄνομα
3270 3896 3434 3952 αὑτοῦ
3464 3895 3624 3949 εὐλο-

2025 3990 2264 4061 γημένον
2297 3993 2376 4054 εἰς
2426 3990 2517 4045 τὸν
2561 3991 2754 4057 αέὦνα,
2789 3990 2892 4065 πρὸ
2940 3992 3034 4045 τοῦ
3082 3992 3236 4062 ἡλίου
3280 3990 3528 4060 διαμενεῖ
3551 3990 3620 4042 τὸ

2024 4066 2194 4153 ὄνομα
2225 4082 2411 4147 αὐτοῦ,
2452 4084 2549 4137 κα)⁸
2598 4083 3114 4155 ὲνευλογηθήσονται
3156 4084 3215 4137 ἐν
3259 4083 3407 4155 αὐτῷ
3440 4084 3616 4136 πᾶσαι

2024 4174 2080 4226 αἱ
2126 4173 2293 4244 φυλαὶ
2330 4175 2429 4246 τῆς
2459 4176 2583 4246 γῆς,
2618 4176 2796 4230 πάντα
2826 4176 2897 4230 τά
2940 4176 3067 4248 ἔθνη
3111 4174 3471 4248 μακαριοῦσιν
3515 4175 3619 4229 αὐ-

2023 4266 2133 4320 τόν.
2172 4286 2189 4317 ι
2231 4266 2448 4339 Ἐπειδὴ
2480 4269 2787 4339 γέγραπται
2821 4271 2900 4333 είς
2939 4268 3228 4340 Σολομῶνα
3256 4269 3284 4320 6
3314 4266 3548 4337 ψαλμὸς,
3582 4267 3619 4320 ὁ

342 4362 676 4428 Salomonis,
727 4380 838 4418 non
872 4363 1143 4430 Roboam,
1179 4364 1272 4435 qui
1308 4372 1433 4434 post
1486 4365 1636 4418 illum
1672 4366 1919 4435 regnavit

2042 4356 2240 4428 πρῶτος
2271 4358 2363 4412 τοῦ
2393 4358 2609 4430 ψαλμοῦ
2637 4360 2818 4431 στίχος
2848 4362 2928 4425 είς
2961 4360 3124 4414 αὑτὸν
3156 4361 3510 4431 ἀναφέροιτο,
3543 4358 3618 4412 τὰ

340 4458 396 4512 in
442 4456 806 4524 Hierusalem,
839 4457 935 4513 sed
978 4455 1046 4511 ad
1092 4472 1218 4511 eum
1264 4458 1357 4526 qui
1408 4456 1477 4511 de
1513 4458 1634 4526 ejus
1689 4458 1917 4523 semine,

338 4551 554 4604 ratione
601 4549 855 4604 humanae
902 4557 1113 4603 naturae
1159 4549 1439 4620 profectus
1483 4558 1589 4612 est,
1639 4548 1919 4606 Christum

339 4640 455 4697 Dei.
486 4639 643 4707 Quod
690 4642 834 4695 enim
879 4656 1058 4710 neque
1100 4640 1170 4695 ad
1219 4639 1585 4702 Salomonem,
1620 4657 1797 4712 neque
1847 4644 1918 4696 ad

338 4733 461 4801 ejus
494 4748 874 4790 successorem
916 4732 1111 4787 referri
1137 4732 1354 4803 possint
1380 4748 1444 4787 ea
1468 4748 1589 4802 quae
1620 4735 1673 4788 in
1706 4735 1918 4804 psalmo

339 4826 716 4893 continentur,
750 4833 973 4896 propter
1006 4840 1103 4891 ea,
1153 4842 1274 4895 qua:
1312 4826 1381 4881 de
1423 4826 1516 4880 illo
1550 4829 1769 4897 cognita
1823 4828 1920 4882 ha-

337 4921 557 4985 bentur,
584 4918 900 4989 quicunque
949 4914 1256 4971 divmarum
1306 4914 1715 4986 Scripturarum
1747 4917 1919 4987 impe-

339 5012 482 5066 ritus
520 5026 630 5066 non
657 5020 761 5074 est,
800 5008 958 5065 facile
1000 5008 1369 5065 confitebitur.
1425 5008 1639 5063 Etenim
1673 5010 1766 5079 qui
1801 5009 1919 5064 ﬁeri

339 5109 522 5174 potest
568 5110 627 5156 ut
669 5105 737 5157 de
773 5099 1085 5166 Salomone,
1120 5107 1215 5154 aut
1246 5100 1312 5155 de
1358 5099 1481 5169 ejus
1523 5098 1635 5154 ﬁlio
1667 5098 1914 5155 Roboam

339 5195 700 5265 accipiantur,
751 5209 873 5264 quae
925 5208 1020 5263 per
1068 5198 1261 5247 totum'
1305 5192 1577 5270 psalmum
1639 5190 1911 5259 feruntur,

339 5286 501 5356 quale
538 5291 623 5340 est
653 5280 789 5338 illud
830 5302 843 5338 :
882 5301 901 5334 ι
946 5281 1326 5337 Dominabitur
1370 5296 1401 5334 a
1443 5280 1583 5334 mari
1638 5297 1811 5352 usque
1846 5283 1914 5337 ad

340 5392 510 5441 mare,
545 5384 599 5430 et
627 5391 658 5430 a
682 5374 901 5429 ﬂumine
931 5390 1103 5445 usque
1131 5373 1199 5428 ad
1234 5372 1495 5429 terminos
1523 5373 1673 5427 orbis
1699 5384 1909 5440 terrae»

338 5480 395 5528 et
425 5469 558 5525 illud
589 5486 602 5521 :
635 5487 655 5521 ι
685 5467 1034 5524 Permanebit
1066 5483 1191 5523 cum
1222 5467 1337 5524 sole
1364 5473 1419 5522 et
1443 5473 1571 5520 ante
1602 5467 1786 5520 lunam
1817 5482 1914 5536 ge-

338 5562 652 5621 nerationes
697 5557 1131 5632 generationum,
1166 5576 1186 5610 ι
1221 5563 1275 5613 et
1324 5570 1664 5628 quaecunque
1697 5557 1802 5610 alia
1826 5555 1913 5611 his

2021 4448 2077 4501 δὲ
2126 4450 2367 4521 ἑπόμενα
2413 4451 2594 4506 πάντα
2641 4454 2721 4516 εἰς
2771 4452 2862 4505 τὸν
2907 4452 3021 4505 υἱὸν
3054 4451 3401 4523 Σολομῶνος,
3431 4450 3493 4504 οὐ
3521 4450 3618 4505 τὸν

2036 4539 2292 4611 Ῥοϐοάμ,
2345 4540 2404 4604 ὃς
2448 4544 2566 4613 μετ’
2613 4543 2777 4596 αὐτὸν
2826 4542 3143 4597 ἐϐασίλευσε
3200 4542 3293 4595 τοῦ
3355 4541 3614 4614 Ἰσραὴλ,

2022 4630 2160 4685 ἀλλὰ
2201 4632 2293 4686 τὸν
2338 4634 2402 4686 ἐκ
2438 4634 2754 4706 σπέρματος
2782 4636 2948 4689 αὐτοῦ
2990 4635 3131 4690 κατά
3178 4636 3357 4707 σάρκα
3383 4636 3624 4705 γενόμε-

1990 4739 2133 4787 ηνον,
2182 4722 2273 4776 τὸν
2319 4723 2554 4796 Χριστὸν
2585 4726 2678 4778 τοῦ
2718 4726 2875 4783 Θεοῦ.
2908 4727 3029 4781 Ὅτι
3068 4726 3179 4798 γὰρ
3225 4727 3326 4779 οὐκ
3371 4726 3468 4779 ὲπὶ
3521 4725 3616 4779 τὸν

2022 4815 2328 4887 Σολομῶνα,
2377 4817 2499 4872 οὐδὲ
2542 4820 2633 4872 ἐπὶ
2662 4818 2753 4872 τὸν
2795 4822 2985 4875 τούτου
3031 4819 3272 4890 διάδοχον
3314 4819 3617 4889 ἀναφέρειν

2021 4909 2244 4965 δυνατὸν
2274 4911 2344 4964 τὰ
2377 4914 2432 4965 ὲν
2460 4911 2538 4982 τῷ
2574 4911 2775 4984 ψαλμῷ
2802 4912 2892 4967 διὰ
2922 4912 2993 4966 τὰ
3021 4914 3151 4985 περὶ
3183 4911 3348 4966 αὐτοῦ
3378 4912 3616 4983 δεδηλω-

2025 5001 2182 5071 μένα.
2210 5003 2316 5065 πᾶς
2356 5004 2385 5055 6
2420 5001 2495 5074 μὴ
2523 5004 2910 5075 ἀνεπιστήμων
2946 5004 3054 5057 τῶν
3088 5003 3248 5057 θείων
3279 5003 3613 5075 ὁμολογήσει

2023 5092 2277 5164 Γραφῶν.
2318 5093 2478 5148 Ἀλλὰ
2527 5096 2619 5148 καὶ
2670 5094 2786 5159 πῶς
2835 5090 2948 5149 οἷόν
2978 5113 3038 5149 τε
3080 5096 3173 5149 ἐπὶ
3216 5095 3531 5165 Σολομῶνα,
3574 5094 3610 5166 ἦ

2022 5186 2117 5237 ἐπὶ
2142 5186 2232 5238 τὸν
2261 5185 2448 5239 τούτου
2484 5188 2597 5241 υἱὸν
2639 5185 2873 5258 Ῥοϐοάμ
2918 5187 3281 5259 ἐκλαμϐάνειν
3323 5187 3393 5241 τά
3440 5188 3611 5258 ἐμφε-

2027 5279 2228 5349 ρόμενα
2263 5277 2329 5331 δι’
2362 5278 2483 5333 ὅλου
2510 5278 2604 5333 τοῦ
2632 5277 2880 5351 ψαλμοῦ;
2910 5275 3020 5333 οἷον
3049 5281 3131 5346 τὸ,
3166 5300 3184 5332 ι
3228 5279 3614 5352 Κατακυριεύ-

2025 5388 2108 5423 σει
2146 5369 2253 5424 ἀπὸ
2282 5370 2555 5443 θαλάσσης
2586 5372 2689 5436 ἕως
2718 5371 3013 5443 θαλάσσης,
3062 5374 3155 5426 καὶ
3200 5373 3309 5425 ἀπὸ
3361 5370 3608 5442 ποταμοῦ

2021 5461 2126 5526 ἓως
2159 5463 2411 5535 περάτων
2453 5464 2553 5534 τῆς
2594 5465 2942 5535 οἰκουμένηςο
2978 5484 2996 5516 ι
3024 5467 3116 5518 καὶ
3144 5465 3206 5518 τὸ
3236 5485 3256 5516 ι
3309 5465 3613 5536 Συμπαρα-

2024 5551 2175 5627 μενεί
2205 5554 2284 5627 τῷ
2305 5556 2462 5627 ἡλίῳ,
2487 5557 2582 5610 καὶ
2612 5557 2719 5628 πρὸ
2745 5556 2844 5628 τῆς
2869 5556 3098 5629 σελήνης
3123 5556 3317 5627 γενεὰς
3345 5556 3603 5626 γενεῶν-ι

411 5715 595 5772 'Luc.
632 5732 670 5786 ι,
693 5716 785 5787 52,
820 5718 907 5775 ss.
945 5720 964 5753 τ
1002 5718 1135 5787 ibid,
1171 5717 1351 5776 68-70.
1382 5716 1578 5775 “Psal.
1611 5734 1761 5786 un,
1786 5720 1840 5777 ε.
1904 5720 1924 5753 ο
1956 5718 2087 5777 ibid.
2118 5719 2227 5776 5s.
2286 5719 2329 5752 ιο
2359 5717 2490 5775 ibid.
2530 5720 2615 5777 ιδ.
2658 5714 2744 5776 l7.
