3828 6220
263 296 371 351 557

1157 291 1820 351 DEMONSTRATIONIS
1858 288 2322 346 EVANGELICJE
2362 288 2490 344 LIB.
2534 288 2646 343 V‘ll.

3424 283 3530 338 558

264 411 364 465 καὶ
388 410 489 464 ὅσα
518 410 656 465 ἄλλα
684 411 894 476 τούτοις
925 414 1093 484 ὃμοια
1115 413 1448 482 ἐπιλέγεται.
1485 414 1683 484 Διόπερ
1720 412 1856 465 ἀϐα-

1962 410 2098 480 ipsis
2135 394 2336 466 similia
2375 408 2768 478 adjunguntur.
2811 404 3154 475 Quapropter
3188 402 3307 458 sine
3353 402 3525 456 multa

267 503 538 566 σανίστως
587 503 873 576 ἀποδοθείη
905 503 970 558 ἂν
1010 506 1038 559 6
1087 506 1184 575 μὲν
1220 506 1444 574 φάσκων
1477 507 1534 558 ἐν
1573 505 1714 575 ἀρχῇ
1758 503 1852 557 τοῦ

1960 503 2250 557 admodum
2289 503 2686 572 exploratione,
2728 515 2848 570 qua.
2895 498 3116 569 quidem
3161 496 3325 549 verba
3369 495 3527 550 initio

262 592 485 665 ψαλμοῦ
537 595 712 663 λόγος·
749 614 769 646 ‹
813 596 872 648 '0
900 595 1052 661 Θεὸς,
1080 596 1143 649 τὸ
1191 598 1367 668 κρίμά
1406 614 1499 649 σου
1536 596 1615 667 τῷ
1647 596 1856 667 βασιλεί

1957 592 2153 663 psalmi
2184 590 2454 646 habentur
2481 610 2494 644 :
2528 609 2546 641 ι
2583 590 2746 653 Deus,
2772 587 3037 659 judicium
3063 595 3216 639 tuum
3245 584 3355 655 regi
3382 583 3450 638 da
3470 604 3520 650 ,ο

263 684 394 751 δὸς,
435 705 454 736 ι
491 686 577 739 ἐπ’
620 686 783 741 αὐτὸν
832 689 1037 742 ἐκεῖνον
1073 688 1379 759 Σολομῶνα·
1406 689 1436 740 6
1472 689 1736 757 ἐπιλέγων
1772 689 1850 756 δὲ,

270 798 295 833 ι
333 780 442 834 Καὶ
470 779 571 850 τὴν
608 779 952 851 δικαιοσύνην
1002 798 1095 834 σου
1125 780 1202 852 τῷ
1242 781 1342 852 υἱῷ
1372 781 1465 834 τοῦ
1501 782 1784 852 βασιλέως.
1826 803 1845 835 ι

263 869 364 924 ἐπὶ
394 869 486 923 τὸν
517 870 828 941 Σολομῶνος
860 872 994 937 υἱὸν,
1038 872 1099 925 οὐ
1144 873 1237 926 τὸν
1270 874 1613 945 πρωτότοκον
1645 876 1851 928 ἐκεῖνον

263 960 360 1015 τὸν
408 960 649 1032 διάδοχον
700 962 868 1016 αὐτοῦ
918 964 1019 1034 τῆς
1050 964 1325 1035 βασιλείας
1373 967 1683 1038 γενόμενον,
1718 967 1849 1038 (οὐδ’

264 1052 412 1117 ὅλοις
445 1053 554 1125 γὰρ
584 1055 791 1119 ἐκεῖνος
826 1056 1195 1110 ἑπτακαίδεκα
1226 1056 1369 1111 ἔτεσι
1397 1058 1556 1128 μόνου
1584 1058 1679 1112 τοῦ
1722 1059 1851 1112 Ἰου-

265 1145 436 1199 δαίων
481 1146 667 1210 ἔθνους
714 1147 974 1219 προστάς,
1009 1148 1242 1202 κάκιστα
1288 1150 1524 1222 κέχρητο
1559 1154 1624 1223 τῇ
1659 1152 1847 1223 ἀρχῇ·)

266 1236 388 1289 ἀλλ’
419 1237 529 1290 οὐδ’
556 1239 641 1307 ἐφ’
670 1237 854 1309 ἕτερον
882 1239 991 1291 τῶν
1031 1238 1270 1310 Ῥοϐοάμ
1295 1240 1386 1293 τὸν
1412 1240 1601 1313 θρόνον
1628 1242 1729 1312 τῆς
1752 1241 1847 1295 τοῦ

261 1322 581 1393 Σολομῶνος
608 1324 882 1393 βασιλείας
914 1324 1328 1397 διαδεξαμένων,
1363 1331 1455 1382 ἐπὶ
1484 1333 1640 1400 μόνον
1671 1331 1727 1384 δὲ
1757 1332 1849 1386 τὸν

264 1415 334 1468 ἐκ
370 1414 688 1487 σπέρματος
720 1416 904 1480 Δαϐὶδ,
931 1417 1073 1471 οὕτω
1106 1419 1199 1472 καὶ
1230 1420 1322 1473 τοῦ
1368 1421 1678 1492 Σολομῶνος
1710 1424 1845 1488 υἱὸν,

260 1503 342 1566 ὡς
376 1504 471 1556 καὶ
504 1503 596 1557 τοῦ
626 1504 791 1558 Δαϐὶδ
821 1507 1255 1578 χρηματίσαντα.
1289 1502 1456 1575 Οὗτος
1489 1513 1533 1565 δ’
1579 1509 1647 1585 ἦν
1680 1516 1709 1567 ό
1737 1515 1849 1568 Σω-

260 1594 371 1667 τὴρ
420 1598 515 1649 καὶ
557 1595 761 1669 Κύριος
810 1598 966 1669 ἡμῶν
1008 1599 1215 1670 Ἰησοῦς
1260 1604 1289 1654 6
1337 1604 1590 1675 Χριστός.
1644 1606 1845 1659 Τούτου

262 1687 376 1760 γὰρ
432 1688 613 1759 μόνου,
673 1690 764 1743 καὶ
813 1691 923 1744 οὐδ’
966 1692 1155 1765 ἑτέρου
1206 1693 1315 1748 τῶν
1360 1694 1614 1762 πώποτε,
1668 1701 1697 1753 6
1745 1699 1845 1770 τῆς

260 1779 449 1832 ἐνθέου
491 1780 764 1850 βασιλείας
790 1782 978 1854 θρόνος
1003 1794 1424 1860 συμπαραμενεῑ
1454 1789 1531 1860 τῷ
1562 1790 1716 1862 ἡλίῳ·
1753 1768 1846 1846 καὶ
1877 1768 1918 1822 Β

261 1861 422 1933 οὕτω
472 1888 571 1939 γε,
601 1872 715 1925 ἀλλ’
767 1874 940 1938 οὐδεὶς
983 1874 1169 1948 ἔτερος
1209 1878 1544 1951 ἀνθρώπων,
1587 1861 1698 1954 πρὸ
1746 1883 1845 1953 τῆς

262 1961 497 2034 σελήνης
542 1964 635 2017 καὶ
680 1964 788 2036 πρὸ
834 1966 934 2036 τῆς
981 1969 1073 2022 τοῦ
1118 1969 1321 2041 κόσμου
1375 1972 1715 2037 συστάσεως,
1749 1974 1845 2028 ἆτε

259 2054 435 2122 Λόγος
464 2055 540 2108 ὢν
570 2055 727 2121 Θεοῦ,
757 2060 1131 2131 προϋπῆρχεν,
1167 2061 1358 2130 ἔσταξέ
1397 2081 1457 2117 τε
1493 2065 1652 2135 μόνος
1691 2057 1846 2129 οὗτος

258 2145 555 2216 οὐρανόθεν
581 2146 774 2218 δρόσου
801 2149 958 2221 δίκην
984 2152 1076 2205 ἐπὶ
1100 2155 1281 2208 πᾶσαν
1319 2154 1416 2226 τὴν
1458 2156 1583 2226 γῆν.
1615 2156 1843 2229 Εἴρηται

259 2236 319 2289 δὲ
365 2240 460 2291 καὶ
507 2242 588 2303 είς
631 2241 838 2306 πάντας
870 2244 1190 2317 ἀνθρώπους
1227 2247 1671 2315 ἀνατεταλκέναι,
1705 2250 1844 2304 κατὰ

260 2327 330 2380 τά
361 2328 543 2400 μικρῷ
576 2330 812 2401 πρόσθεν
841 2335 971 2405 ἡμῖν
992 2336 1382 2408 ἀποδεδομένα,
1411 2339 1507 2393 καὶ
1531 2340 1842 2413 δικαιοσύνη

264 2420 657 2490 παραμένουσα
690 2423 851 2495 μέχρι
896 2425 995 2496 τῆς
1046 2425 1140 2479 τοῦ
1190 2427 1305 2497 βίου
1361 2428 1690 2494 συντελείας,
1720 2431 1843 2502 ἥτις

259 2512 642 2582 ἁνταναίρεσις
663 2514 973 2585 ὠνόμασται
998 2517 1099 2588 τῆς
1130 2518 1377 2591 σελήνης.
1413 2521 1684 2593 Ἐναργῶς
1712 2541 1769 2576 τε
1808 2526 1840 2595 ἡ

257 2602 354 2657 τοῦ
388 2605 640 2677 Σωτῆρος
665 2606 822 2678 ἡμῶν
853 2608 1078 2680 δύναμις
1106 2616 1294 2683 κρατεῖ
1329 2613 1422 2667 καὶ
1450 2614 1691 2687 κυριεύει
1733 2615 1841 2670 τῶν

262 2695 323 2762 ἐξ
388 2695 531 2767 ἑῴας
576 2698 853 2772 θαλάσσης
889 2703 981 2755 καὶ
1027 2704 1120 2756 ἐπὶ
1165 2704 1356 2758 δύοντα
1387 2706 1557 2777 ἣλιον,
1599 2708 1841 2780 ἐνεργεῖν

264 2786 366 2857 μὲν
393 2787 675 2862 ἀρξαμένη
718 2791 825 2845 ἀπὸ
864 2794 1130 2865 ποταμοῦ,
1163 2796 1281 2866 ἦτοι
1311 2796 1404 2850 τοῦ
1439 2798 1579 2852 κατὰ
1617 2799 1841 2872 λουτρὸν

266 2881 599 2953 μυστηρίου,
651 2883 685 2954 ἢ
736 2886 831 2937 καὶ
877 2886 969 2955 ἀφ’
1014 2880 1187 2960 οὗπερ
1238 2889 1380 2943 κατά
1424 2891 1516 2944 τὸν
1569 2892 1839 2964 Ἰορδάνην

262 2970 479 3041 πρῶτον
511 2975 700 3041 φανεὶς
743 2976 944 3048 ἤρξατο
986 2979 1087 3049 τῆς
1134 2981 1215 3043 εἰς
1262 2982 1580 3054 ἀνθρώπους
1617 2985 1839 3056 εὐεργε-

1955 700 2088 740 sane
2133 683 2200 737 ad
2236 683 2386 737 illum
2421 683 2599 752 ipsum
2643 680 2987 735 Salomonem
3035 677 3371 741 referantur;
3402 691 3524 744 quae

1953 792 2084 832 vero
2117 784 2423 847 sequuntur
2456 791 2468 826 :
2514 793 2533 826 ι
2574 773 2640 827 Ει
2674 773 2941 844 justitiam
2973 779 3120 825 tuam
3157 771 3267 825 lilio
3306 771 3470 839 regis,
3500 788 3519 819 ι

1954 871 2022 926 ad
2054 868 2364 925 Salomonis
2396 865 2589 932 lilium,
2616 881 2726 920 non
2765 866 2915 918 illum
2948 863 3392 934 primogenitum,
3429 862 3525 932 qui

1952 962 2032 1017 illi
2058 962 2116 1016 in
2154 976 2323 1031 regno
2359 958 2627 1013 successit
2660 954 2805 1027 (nam
2853 956 2942 1009 ille
2983 970 3107 1010 cum
3152 953 3252 1008 soli
3284 950 3526 1007 Iudaicae

1950 1055 2098 1125 genti
2131 1069 2200 1108 ne
2228 1061 2371 1107 totos
2400 1049 2619 1121 quidem
2656 1049 2842 1103 decem
2876 1055 2929 1103 et
2955 1055 3162 1118 septem
3194 1061 3367 1102 annos
3388 1061 3525 1117 prae-

1950 1146 2163 1210 fuisset,
2194 1144 2431 1215 pessime
2453 1158 2588 1197 usus
2616 1151 2700 1197 est
2720 1141 2993 1211 imperio),
3022 1139 3118 1196 sed
3143 1154 3245 1195 nec
3266 1138 3333 1193 ad
3355 1140 3522 1194 alium

1949 1248 2211 1311 praeterea
2242 1239 2549 1310 quempiam
2580 1252 2769 1293 eorum
2798 1236 2891 1306 qui
2929 1242 3051 1306 post
3080 1232 3321 1288 Roboam
3347 1232 3403 1286 in
3433 1246 3525 1286 re-

1950 1348 2058 1401 gno
2090 1329 2399 1386 Salomonis
2433 1331 2823 1394 successerint,
2858 1329 2949 1384 sed
2987 1327 3053 1381 ad
3086 1326 3262 1380 solum
3294 1340 3323 1379 a
3351 1323 3520 1378 David

1950 1420 2264 1485 oriundum,
2294 1421 2388 1491 qui
2418 1422 2493 1473 ita
2527 1417 2835 1475 Salomonis
2879 1417 3024 1472 ﬁlius
3063 1424 3122 1470 ut
3154 1415 3326 1485 ipsius
3349 1412 3521 1468 David

1948 1513 2129 1568 dictus
2178 1520 2284 1569 est.
2335 1512 2436 1567 Hic
2474 1524 2655 1568 autem
2701 1509 2807 1564 fuit
2849 1509 3100 1565 Salvator
3153 1517 3206 1563 et
3253 1506 3518 1562 Dominus

1948 1614 2135 1660 noster
2160 1602 2321 1660 Jesus
2349 1604 2620 1659 Christus.
2653 1602 2826 1673 Hujus
2862 1602 3008 1656 enim
3040 1599 3226 1664 unius,
3256 1613 3358 1653 nec
3384 1598 3521 1659 alte-

1948 1700 2065 1753 rius
2092 1697 2398 1767 eujuspiam
2447 1710 2659 1759 eorum,
2690 1696 2782 1766 qui
2816 1708 3054 1764 unquam
3092 1691 3316 1756 fuerint,
3346 1689 3518 1747 divini

1947 1789 2101 1858 regni
2127 1796 2291 1858 atque
2320 1786 2535 1856 imperii
2560 1785 2720 1842 sedes
2738 1796 3098 1855 permansura
3131 1788 3215 1835 est
3237 1795 3361 1835 cum
3376 1779 3516 1846 sole,

1946 1888 2000 1938 et
2027 1881 2118 1936 hic
2140 1881 2284 1936 idem
2313 1895 2413 1934 nec
2439 1879 2579 1934 alius
2597 1877 2866 1948 quiSpiam
2895 1891 2961 1929 ex
2981 1873 3260 1929 hominum
3295 1887 3515 1943 genere,

1947 1984 2071 2029 ante
2116 1975 2300 2028 lunam
2345 1978 2399 2028 et
2439 1979 2565 2026 ante
2605 1968 2766 2040 355
2814 1966 3003 2021 mundi
3047 1965 3515 2028 constitutionem,

1944 2074 2204 2136 tanquam
2235 2066 2282 2121 is
2306 2065 2398 2134 qui
2429 2063 2521 2118 Dei
2552 2062 2623 2118 sit
2644 2060 2905 2124 Verbum,
2931 2059 2997 2114 ab
3024 2058 3181 2113 initio
3209 2057 3330 2121 fuit,
3353 2063 3518 2128 atque

1945 2157 2035 2214 hic
2066 2159 2217 2213 solus
2245 2157 2461 2212 coalitus
2484 2156 2539 2209 in
2557 2169 2772 2209 omnem
2804 2162 3006 2207 terram
3037 2151 3181 2206 roris
3204 2151 3377 2205 instar
3406 2150 3518 2205 stil-

1944 2251 2094 2304 lavit.
2124 2250 2337 2304 Dictum
2373 2263 2590 2319 quoque
2614 2254 2718 2311 est,
2751 2246 2903 2300 illum
2936 2245 2999 2299 ad
3040 2259 3230 2299 omnes
3263 2242 3518 2297 homines

1943 2352 2193 2397 exortum
2234 2357 2378 2406 esse,
2406 2343 2461 2394 in
2494 2340 2561 2394 iis
2591 2355 2710 2410 qua:
2736 2338 2898 2408 paulo
2939 2345 3066 2392 ante
3099 2351 3128 2390 a
3161 2336 3320 2390 nobis
3347 2351 3519 2405 expo-

1944 2437 2047 2491 sita
2076 2444 2222 2498 sunt,
2258 2441 2313 2488 et
2336 2431 2606 2501 justitiam
2638 2433 3043 2500 permanentem
3087 2441 3264 2496 usque
3294 2426 3362 2481 ad
3395 2427 3517 2480 vita:

1943 2525 2488 2588 consummationem,
2520 2538 2643 2593 quae
2676 2520 2817 2574 luna;
2835 2519 3071 2575 sublatio
3103 2520 3384 2574 nominata
3406 2527 3511 2574 est.

1942 2616 2236 2673 Evidenter
2260 2630 2389 2669 vero
2435 2614 2738 2669 Salvatoris
2770 2612 2948 2668 nostri
2976 2614 3154 2668 virtus
3198 2611 3515 2666 dominatur

1943 2717 2107 2780 atque
2148 2709 2379 2779 imperat
2415 2709 2484 2762 ab
2514 2706 2627 2761 Eoo
2675 2705 2811 2760 mari
2853 2720 3027 2775 usque
3060 2704 3128 2758 ad
3167 2704 3335 2759 solem
3367 2704 3515 2758 occi-

1942 2802 2187 2865 dentem;
2222 2817 2343 2872 qua;
2380 2801 2601 2873 quidem
2643 2800 2818 2855 virtus
2842 2799 3121 2853 actionum
3150 2810 3373 2853 suarum
3401 2796 3514 2850 ini-

1940 2895 2078 2950 tium
2123 2894 2252 2949 feeit
2286 2910 2318 2948 a
2358 2894 2602 2957 ﬂumine,
2648 2891 2794 2965 quod
2824 2899 2929 2959 est,
2976 2898 3071 2945 aut
3094 2887 3295 2944 lavacri
3320 2899 3516 2959 myste-

1940 2986 2046 3054 rio,
2078 2995 2171 3039 aut
2206 3000 2236 3039 a
2260 2983 2518 3049 Jordane,
2561 2984 2653 3039 ubi
2699 2998 2821 3038 cum
2850 2983 3083 3053 primum
3126 2997 3187 3037 se
3217 2980 3513 3036 videntium

266 3062 408 3163 σίας.
440 3065 854 3138 Παρεκταθείσα
886 3070 1017 3138 γοῦν
1052 3071 1109 3138 ἐξ
1140 3074 1348 3126 ἐκείνου
1379 3077 1411 3146 ἡ
1442 3077 1498 3129 ἐν
1531 3076 1837 3150 ἀνθρώποις

1943 3078 2250 3147 praebuerit,
2276 3078 2591 3132 hominibus
2628 3076 2796 3147 coepit
2832 3090 2956 3131 esse
2986 3073 3281 3129 beneficus.
3314 3072 3391 3128 Ex
3420 3073 3513 3163 illo

264 3152 514 3221 βασιλεία
564 3157 750 3224 αὐτοῦ,
790 3160 972 3232 διῆλθε
1023 3163 1141 3216 καθ’
1192 3164 1319 3238 ὅλης
1344 3168 1443 3238 τῆς
1494 3168 1836 3241 οἰκουμένης⁹

259 3243 498 3299 Λιϐάνου
529 3246 587 3301 δέ
632 3248 1023 3324 ἐπινοουμένης
1067 3255 1166 3326 τῆς
1208 3256 1579 3331 Ἰερουσαλὴμ,
1613 3262 1689 3324 ὡς
1732 3262 1840 3315 ἀπὸ

262 3334 530 3391 πλείστων
582 3339 722 3393 ὅσων
781 3346 1126 3415 προφητειῶν
1181 3348 1594 3417 ἀποδείκνυται,
1645 3352 1733 3406 διὰ
1779 3352 1840 3406 τὺ

262 3424 433 3478 πάλαι
466 3428 526 3480 ὲν
559 3430 695 3501 αὐτῇ
726 3432 995 3504 ἁγίασμα,
1028 3437 1122 3490 καὶ
1147 3438 1207 3492 τὸ
1239 3438 1644 3516 θυσιαστήριον,
1682 3446 1752 3500 τά
1778 3463 1839 3499 τε

261 3520 356 3572 ἐπὶ
380 3520 556 3592 τούτῳ
602 3524 683 3587 είς
723 3525 886 3596 τιμὴν
922 3527 1301 3601 ἀναφερόμενα
1341 3532 1555 3587 λιϐάνου
1583 3536 1737 3606 δίκην
1762 3536 1840 3608 τῷ

261 3608 403 3681 Θεῷ,
432 3611 460 3663 6
497 3612 589 3666 τοῦ
635 3612 871 3687 Χριστοῦ
910 3619 1115 3689 καρπὸς
1156 3623 1188 3692 ή
1234 3621 1292 3688 ἐξ
1341 3622 1507 3677 ἐθνῶν
1548 3625 1841 3697 Ἐκκλησία

262 3700 405 3772 ὑπὲρ
432 3702 524 3756 τὸν
555 3704 784 3760 Λίϐανον
821 3707 1152 3781 ἀρθήσεσθαι
1188 3712 1520 3778 θεσπίζεται.
1561 3717 1682 3771 Ἐπὶ
1714 3735 1839 3788 σχο-

263 3792 365 3863 λῆς
392 3794 437 3847 δ’
472 3794 538 3848 ἂν
563 3798 591 3849 6
617 3797 924 3871 φιλομαθὴς
960 3801 1138 3872 ἐαυτῷ
1171 3804 1262 3857 τὸν
1292 3804 1504 3877 ψαλμὸν
1531 3808 1667 3879 πρὸς
1696 3808 1838 3874 λέξιν

266 3883 583 3954 βασανίσας,
633 3889 778 3961 μόνῳ
826 3890 904 3962 τῷ
950 3893 1204 3966 ἡμετέρῳ
1258 3896 1449 3969 Κυρίῳ
1488 3897 1557 3950 τὰ
1589 3900 1646 3952 ἐν
1691 3899 1839 3970 αὐτῷ

264 3982 561 4052 προσήκειν
606 3983 985 4056 ὁμολογήσειεν
1029 3987 1113 4042 ἄν’
1165 3988 1301 4043 ἀλλά
1339 3988 1463 4043 οὔτε
1507 3991 1586 4064 τῷ
1628 3992 1840 4064 παλαιῷ

260 4072 557 4142 Σολομῶνι,
609 4074 731 4129 οὔτε
783 4077 953 4149 ἐτέρῳ
1000 4077 1108 4132 τῶν
1191 4081 1308 4150 μετ’
1367 4083 1529 4136 αὐτὸν
1578 4083 1838 4154 βασιλέων

262 4163 385 4227 ἐνὸς
430 4164 619 4230 ἔθνους
653 4166 761 4220 τῶν
802 4169 1070 4225 Ἰουδαίων
1096 4170 1395 4243 ἀρξάντων,
1431 4176 1521 4228 καὶ
1554 4178 1615 4229 οὐ
1654 4177 1838 4232 πλεῖον

260 4253 560 4323 όλιγοστῶν
607 4257 811 4326 ἐθνῶν,
859 4262 954 4314 καὶ
1004 4263 1112 4316 οὐδ’
1142 4265 1226 4333 ἐφ’
1256 4266 1448 4338 ἐτέρας
1484 4267 1517 4338 ἢ
1547 4269 1712 4341 μόνης
1738 4271 1837 4342 τῆς

276 4346 535 4411 Ἰουδαίας
560 4349 683 4420 γῆς.

270 4550 419 4609 Ἀπὸ
461 4556 569 4611 τοῦ
606 4558 846 4642 ᾙσαΐου
891 4564 1125 4642 -ιηερί
1176 4563 1426 4642 Ἰεσσαὶ3
1469 4568 1566 4621 καὶ
1608 4569 1714 4623 τοῦ
1764 4571 1834 4624 ἐκ

542 4628 880 4697 σπέρματος
909 4628 1095 4686 αὐτοῦ
1128 4636 1554 4706 γενησομένου.

334 4756 358 4791 c
391 4740 506 4793 Καὶ
535 4740 875 4805 ἐξελεύσεται
922 4745 1116 4817 ῥάϐδος
1162 4750 1227 4802 ἐκ
1270 4749 1368 4819 τῆς
1414 4750 1569 4822 ῥίζης
1606 4752 1833 4816 Ἰεσσαὶ,

258 4828 356 4881 καὶ
382 4829 543 4895 ἄνθος
571 4834 636 4886 ἐκ
670 4834 772 4903 τῆς
817 4834 972 4905 ῥίζης
1014 4838 1362 4910 ἀναϐήσεται,
1400 4842 1492 4895 καὶ
1515 4844 1834 4897 ἐπαναπαύ-

260 4937 415 4975 σεται
464 4924 558 4976 ἐπὶ
603 4924 766 4978 αὐτὸν
810 4925 1029 4998 πνεῦμα
1059 4927 1213 4993 Θεοῦ,
1260 4931 1477 5002 πνεῦμα
1518 4934 1709 5002 σοφίας
1740 4936 1835 4989 καὶ

257 5015 552 5081 συνέσεως,
590 5018 821 5088 πνεῦμα.
846 5019 1041 5091 βουλῆς
1076 5021 1170 5076 καὶ
1206 5023 1384 5094 ἰσχύος
1405 5064 1420 5088 ,
1453 5024 1672 5096 πνεῦμα
1697 5025 1836 5094 γνώ-

258 5124 399 5172 σεως
447 5110 541 5164 καὶ
582 5110 883 5176 εὐσεϐείας·
925 5113 1196 5185 ἐμπλήσει
1227 5114 1388 5169 αὐτὸν
1425 5116 1643 5188 πνεῦμα
1670 5117 1834 5187 φόϐου

254 5197 411 5252 Θεοῦ.
445 5201 520 5254 Οὐ
570 5202 710 5281 κατά
751 5203 850 5273 τὴν
890 5202 1049 5267 δόξαν
1073 5209 1269 5276 κρινεῖ,
1297 5207 1418 5260 οὐδὲ
1449 5208 1591 5262 κατὰ
1616 5208 1714 5279 τὴν
1740 5208 1835 5263 λα-

252 5289 377 5343 λιὰν
407 5289 634 5358 ἐλέγξει,
662 5292 798 5347 ἀλλὰ
827 5296 1004 5365 κρινεῖ
1020 5295 1259 5367 ταπεινῷ
1279 5298 1479 5368 κρίσιν,
1507 5300 1602 5353 καὶ
1625 5300 1835 5370 ἐλέγξει

249 5384 382 5446 τοὺς
423 5385 711 5448 ταπεινοὺς
744 5385 841 5456 τῆς
875 5386 998 5456 γῆς.
1033 5389 1143 5441 Καὶ
1184 5387 1338 5443 ἔσται
1364 5391 1677 5465 δικαιοσύνῃ
1702 5392 1836 5458 ἐζω-

254 5474 452 5545 σμένος
477 5475 574 5546 τὴν
613 5475 784 5544 ὀσφὺν
826 5477 1015 5543 αὑτοῦ,
1049 5478 1146 5532 καὶ
1173 5479 1399 5552 ἀληθείᾳ
1427 5483 1541 5553 είλη
1550 5483 1709 5554 μένος
1736 5484 1834 5548 τὰς

251 5562 495 5635 πλευρὰς
544 5564 708 5618 αὐτοῦ
729 5605 744 5629 ,
788 5567 883 5620 καὶ
937 5567 1447 5641 συμϐοσκηθήσεται
1498 5570 1659 5636 λύκος
1700 5575 1835 5644 μετά

252 5656 452 5729 ἀρνὸς,
497 5659 592 5710 καί
637 5658 903 5730 πάρδαλις
949 5648 1423 5719 συναναπαύσεται
1478 5664 1650 5736 ἐρίφῳ
1677 5704 1690 5729 ,
1741 5669 1835 5720 καὶ

255 5750 552 5823 μοσχάριον
581 5752 675 5807 καὶ
716 5751 851 5807 λέων
895 5752 1011 5825 ἅμα
1048 5755 1492 5829 βοσκηθήσονται.
1534 5758 1645 5812 Καὶ
1681 5757 1833 5812 ἔσται

1938 3183 2069 3239 ergo
2098 3167 2401 3238 profectum
2429 3166 2575 3221 illius
2618 3167 2760 3220 inter
2805 3165 3056 3219 homines
3103 3178 3331 3235 regnum
3387 3162 3514 3216 uni-

1938 3275 2152 3316 versam
2186 3268 2387 3315 terram
2426 3260 2755 3330 peragravit.
2795 3257 2931 3313 Cum
2960 3271 3091 3312 vero
3119 3271 3216 3327 per
3244 3255 3512 3311 Libanum

1939 3352 2278 3409 Hierusalem
2324 3352 2678 3423 intelligatur,
2725 3357 2784 3404 ut
2820 3365 2884 3404 ex
2923 3347 3345 3420 quamplurimis
3384 3363 3513 3419 pro-

1941 3446 2137 3516 phetiis
2172 3451 2416 3517 apparet,
2460 3452 2684 3514 propter
2733 3442 3017 3512 antiquum
3049 3441 3104 3495 in
3131 3442 3223 3496 illa
3255 3448 3512 3495 sanctua-

1941 3540 2103 3603 rium,
2140 3547 2194 3592 et
2230 3538 2420 3601 altare,
2448 3545 2502 3592 et
2528 3551 2648 3605 quae
2678 3535 2731 3590 in
2761 3550 2827 3589 eo
2860 3534 2927 3589 ad
2953 3533 3216 3588 honorem
3246 3532 3356 3588 Deo
3381 3533 3512 3587 thu-

1938 3631 2016 3683 ris
2047 3630 2217 3684 instar
2248 3628 2636 3691 offerebantur,
2669 3626 2873 3682 Christi
2920 3625 3154 3688 fructus,
3188 3641 3310 3695 quae
3332 3633 3510 3681 estex

1938 3721 2188 3790 gentibus
2232 3719 2498 3785 Ecclesia,
2536 3736 2703 3790 super
2744 3719 3015 3773 Libanum
3040 3717 3384 3773 extollendus
3413 3733 3508 3771 ea-

1940 3814 2106 3868 nitur.
2141 3812 2431 3880 Caeterum,
2469 3812 2766 3867 studiosior
2801 3809 3076 3880 quispiam
3123 3806 3370 3863 discendi
3413 3809 3508 3864 ubi

1939 3920 2036 3976 per
2060 3904 2233 3960 otium
2265 3905 2408 3976 apud
2431 3905 2670 3974 seipsum
2695 3917 2793 3973 per
2823 3902 3037 3973 singula
3067 3902 3232 3958 verba
3256 3902 3508 3957 eumdem

1939 3999 2205 4069 psalmum
2224 3997 2608 4068 exploraverit,
2629 3996 2721 4050 uni
2749 3994 2974 4049 Domino
3001 4003 3191 4049 nostro
3219 3994 3511 4048 convenire

1939 4107 2060 4162 quae
2087 4093 2142 4145 in
2176 4106 2240 4146 eo
2262 4091 2631 4154 continentur,
2656 4087 2815 4143 facile
2835 4087 3203 4147 conﬁtebitur.
3230 4085 3508 4142 Salomoni

1940 4192 2144 4248 autem,
2179 4192 2271 4237 aut
2295 4183 2388 4237 alii
2415 4183 2654 4252 cuipiam
2691 4197 2882 4237 eorum
2914 4196 3102 4253 regum
3130 4182 3221 4251 qui
3255 4188 3376 4251 post
3417 4178 3512 4234 Sa-

1938 4275 2208 4330 iomonem
2251 4274 2440 4344 paucis
2497 4275 2657 4330 annis
2699 4290 2809 4328 non
2854 4275 3087 4343 amplius
3131 4275 3225 4328 uni
3270 4272 3512 4330 Iudaica:

1939 4370 2085 4437 genti
2115 4384 2224 4423 non
2260 4368 2387 4422 alibi
2433 4382 2597 4438 quam
2640 4368 2695 4422 in
2731 4382 2839 4421 una
2876 4367 3058 4423 Judzea
3096 4375 3242 4423 terra
3274 4369 3511 4441 impera-

1863 4447 1908 4500 D
1935 4461 2131 4527 verint,
2155 4474 2521 4530 nequaquam.

1936 4570 2015 4623 Ab
2059 4570 2228 4625 Isaia.
2266 4600 2331 4612 —-—
2376 4571 2452 4624 De
2489 4568 2661 4629 Iesse,
2703 4579 2752 4622 et
2802 4586 2861 4623 eo
2912 4572 3002 4640 qui
3038 4587 3103 4624 ea;
3149 4577 3344 4625 semine
3393 4571 3506 4640 ejus

2589 4650 2853 4694 ιιαδεειιιν.

2015 4767 2033 4799 ι
2065 4747 2130 4803 Ει
2155 4749 2462 4819 egredietur
2499 4747 2653 4819 virga
2699 4748 2767 4802 de
2808 4748 2990 4804 radice
3018 4748 3192 4817 Jesse,
3227 4758 3281 4805 et
3310 4749 3412 4806 ﬂos
3440 4750 3509 4807 de

1935 4841 2122 4896 radice
2157 4842 2277 4911 ejus
2321 4842 2600 4905 ascendet,
2634 4849 2687 4896 et
2717 4844 3020 4913 requiescet
3039 4858 3203 4913 super
3231 4857 3356 4898 eum
3384 4843 3507 4915 Spi-

1936 4931 2078 4986 ritus
2100 4930 2216 4998 Dei,
2246 4932 2471 5002 spiritus
2502 4932 2782 5002 sapientiae
2813 4941 2867 4988 et
2909 4933 3238 4997 intellectus,
3278 4935 3509 5006 spiritus

1937 5020 2156 5074 consilii
2178 5029 2233 5075 et
2263 5021 2623 5087 fortitudinis,
2648 5023 2875 5092 spiritus
2904 5026 3147 5080 scientia:
3177 5035 3231 5081 et
3264 5025 3503 5096 pietatis;

1935 5114 2166 5182 replebit
2196 5130 2320 5169 eum
2373 5116 2598 5184 spiritus
2649 5117 2860 5172 timoris
2898 5116 3015 5183 Dei,
3060 5133 3172 5172 nun
3203 5121 3506 5174 secundum

1934 5205 2244 5275 opinionem
2287 5207 2594 5277 judicabit,
2642 5223 2818 5278 neque
2875 5209 3175 5265 secundum
3229 5212 3504 5281 loquelam

1934 5295 2253 5366 redarguet,
2284 5298 2378 5353 sed
2408 5297 2673 5366 judicabit
2695 5298 2886 5353 humili
2907 5299 3196 5367 judicium,
3234 5306 3288 5354 et
3318 5299 3505 5354 redar-

1933 5395 2062 5458 guet
2090 5388 2324 5445 humiles
2349 5396 2529 5453 terrae,
2569 5399 2622 5444 et
2653 5390 2757 5444 erit
2791 5390 3006 5463 justitia
3034 5391 3315 5467 cingulum
3363 5393 3506 5447 lum-

1936 5481 2130 5535 borum
2160 5481 2301 5550 ejus,
2332 5491 2386 5536 et
2423 5483 2625 5538 veritas
2658 5484 3035 5539 indumentum
3064 5483 3308 5547 ,laterum
3360 5486 3503 5553 ejus,

1936 5581 1989 5630 et
2017 5580 2273 5643 pascatur
2308 5564 2471 5629 simul
2502 5573 2664 5645 lupus
2691 5590 2814 5629 cum
2843 5590 3003 5645 agno,
3032 5585 3087 5631 et
3108 5576 3313 5647 pardus
3341 5578 3505 5633 smul

1936 5667 2186 5736 quiescet
2214 5681 2339 5720 cum
2374 5666 2559 5731 haedo,
2592 5674 2646 5722 et
2674 5667 2880 5722 vitulus
2899 5678 2952 5722 et
2982 5668 3066 5724 leo
3086 5668 3249 5723 simul
3278 5685 3505 5738 pascen-

1934 5766 2044 5828 tur,
2078 5757 2244 5829 356
2277 5771 2329 5816 et
2362 5760 2466 5816 erit
2492 5759 2645 5816 radix
2686 5758 2859 5825 Jesse,
2888 5767 2943 5816 et
2986 5761 3076 5831 qui
3120 5763 3293 5831 surgit
3335 5761 3507 5829 impos
