3838 6218
340 306 445 365 559

1016 302 1285 360 EUSEDll
1321 294 1804 355 CIESARlENSIS
1840 292 1990 350 ΟΡΡ.
2037 292 2218 351 PARS
2257 296 2321 351 ll.
2348 296 2929 355 —APOLOGETICA.

3498 298 3605 355 £60

342 445 468 486 rare
501 428 787 501 gentibus,
831 428 885 482 in
930 443 992 482 eo
1030 435 1217 497 gentes
1260 424 1580 495 sperabunt,
1617 429 1670 476 et
1692 420 1798 475 erit
1833 431 1919 471 re-

2029 417 2062 486 ἡ
2091 418 2215 488 ῥίζα
2238 418 2333 472 τοῦ
2371 419 2587 485 Ἰεσσαὶ,
2621 421 2714 474 καὶ
2744 422 2772 474 ὁ
2800 420 3158 490 ἀνιστάμενος
3188 418 3376 491 ἄρχειν
3409 417 3603 482 ἐθνῶν,

342 525 499 595 quies
549 522 670 592 ejus
707 521 965 576 honor“.
1007 539 1025 572 ι
1061 518 1160 573 Hic
1192 518 1376 584 Jesse,
1414 519 1506 589 qui
1555 518 1657 572 hoc
1698 516 1754 571 in
1800 516 1920 572 loco

341 614 638 680 indicatur,
685 620 839 683 pater
884 612 983 667 fuit
1026 611 1216 666 David.
1258 610 1730 678 Quemadmodum
1772 609 1919 665 enim

343 709 401 763 in
421 708 490 763 iis
520 706 823 778 prophetiis
853 720 973 775 qua:
1009 705 1181 775 ipsam
1208 703 1351 759 hanc
1383 709 1819 767 antecesserunt,
1853 702 1921 756 de

346 800 526 856 fructu
551 814 605 856 et
637 800 845 855 semine
870 797 1040 853 David
1074 798 1392 868 proditurus
1422 796 1725 861 dicebatur,
1758 804 1921 867 atque

345 895 474 951 item
516 895 583 950 de
619 895 828 949 semine
859 891 1191 957 Salomonis,
1216 893 1406 948 eodem
1441 892 1605 947 modo
1634 894 1798 947 etiam
1833 892 1921 946 hic

344 986 597 1059 plurimis
626 985 786 1043 annis
826 994 949 1055 post
983 994 1211 1041 mortem
1239 1002 1348 1040 non
1392 986 1567 1041 solum
1602 984 1791 1051 David,
1824 987 1919 1041 sed

345 1079 506 1134 etiam
539 1074 870 1140 Salomonis,
889 1077 956 1133 de
986 1077 1172 1132 radice
1197 1075 1373 1138 Jesse,
1403 1076 1507 1130 hoc
1534 1084 1618 1131 est
1644 1075 1712 1130 de
1735 1075 1919 1132 radice

347 1170 512 1227 David
535 1170 852 1242 proditurus
883 1169 1106 1240 quidam
1138 1169 1474 1240 prazdicitur.
1511 1170 1762 1225 Przesens
1820 1184 1920 1223 au-

344 1274 451 1320 tem
494 1264 633 1319 ratio
668 1280 731 1319 ea
770 1264 1053 1326 dissolvet,
1096 1278 1218 1333 qua:
1254 1264 1308 1317 in
1352 1263 1731 1333 superioribus
1774 1262 1915 1333 apud

342 1356 560 1412 Judaeos
597 1355 665 1411 de
700 1353 993 1410 Salomone
1023 1353 1409 1417 credebantur,
1445 1368 1569 1407 cum
1595 1353 1744 1408 illius
1771 1368 1919 1407 mor-

341 1450 412 1506 tis
444 1458 657 1519 tempus
689 1453 923 1512 constet,
957 1455 1011 1502 et
1039 1446 1153 1501 haac
1181 1445 1370 1501 eadem
1401 1444 1569 1501 Isaias
1591 1445 1658 1500 de
1681 1445 1916 1515 quodam

340 1541 450 1597 alio
474 1540 819 1604 vaticinetur,
849 1539 939 1610 qui
966 1538 1037 1592 sit
1052 1538 1120 1593 de
1148 1536 1332 1593 radice
1358 1536 1514 1594 Jesse
1535 1546 1588 1592 et
1616 1537 1684 1593 de
1709 1539 1919 1594 semine

340 1631 512 1688 David
552 1632 890 1701 proditurus.
921 1628 1079 1696 Quod
1114 1645 1246 1686 vero
1284 1645 1395 1684 non
1435 1629 1503 1684 ad
1545 1631 1712 1684 alium
1751 1646 1917 1701 quam

340 1725 409 1782 ad
453 1733 701 1782 nostrum
744 1722 1082 1778 Salvatorem
1122 1722 1401 1777 Christum
1454 1721 1568 1787 Dei,
1605 1722 1700 1793 qui
1732 1722 1800 1777 de
1828 1739 1919 1777 ra-

2028 512 2113 563 ἐπ’
2139 511 2286 582 αύτῷ
2310 511 2436 583 ἔθνη
2468 512 2732 577 ἑλπιοῦσι,
2758 512 2848 565 καὶ
2868 511 3019 564 ἔσται
3050 511 3083 580 ἡ
3109 510 3413 574 ἀνάπαυσις
3438 508 3606 563 αὐτοῦ

2026 603 2183 675 τιμή.
2238 623 2257 655 ι
2313 604 2369 657 '0
2417 603 2740 674 δηλούμενος
2790 601 3022 657 ἐνταῦθα
3064 603 3260 655 Ἰεσσαὶ¹
3304 604 3491 676 πατὴρ
3536 598 3608 674 ἦν

2025 694 2121 749 τοῦ
2150 695 2333 750 Δαϐίδ,
2364 696 2573 768 τΩσπερ
2619 691 2710 750 οὖν
2756 697 2814 749 ἐν
2859 699 2977 760 ταῖς
3007 695 3113 768 πρὸ
3152 696 3356 767 ταύτης
3392 712 3608 769 προφη-

2026 788 2195 851 τείαις
2217 790 2280 841 ἐκ
2304 788 2516 860 καρποῦ
2539 788 2632 841 καὶ
2657 788 2967 859 σπέρματος
2993 788 3154 841 Δαϐὶδ
3179 787 3607 859 προελεύσεσθαι

2026 880 2264 949 ἐλέγετο,
2311 884 2406 936 καὶ
2452 882 2612 936 πάλιν
2656 884 2720 935 ἐκ
2768 883 3082 953 σπέρματος
3121 881 3468 952 Σολομῶνος,
3512 883 3607 935 τὸν

2026 974 2189 1026 αὐτὸν
2234 976 2434 1047 τρόπον
2478 974 2756 1029 κάνταῦθα
2802 974 3074 1039 πλείστοις
3116 975 3340 1046 ὕστερον
3383 976 3482 1046 τῆς
3510 972 3607 1027 τοῦ

2026 1066 2191 1120 Δαϐὶδ
2218 1068 2277 1120 οὐ
2323 1068 2512 1138 μόνον,
2538 1067 2673 1122 ἀλλά
2705 1068 2799 1121 καὶ
2829 1067 2927 1139 τῆς
2963 1066 3056 1120 τοῦ
3088 1066 3396 1137 Σολομῶνος
3422 1067 3610 1119 τελευ-

2023 1158 2126 1228 τῆς
2156 1160 2351 1223 ἐτεσιν,
2384 1162 2448 1213 ἐκ
2482 1159 2637 1230 ῥίζης
2680 1159 2905 1224 Ἰεσσαὶ,
2933 1159 3088 1230 δῆλον
3111 1159 3155 1213 δ’
3183 1161 3265 1213 ὅτι
3291 1161 3385 1214 καὶ
3414 1161 3480 1212 ἐκ
3507 1159 3609 1229 τῆς

2026 1250 2119 1304 τοῦ
2155 1252 2320 1305 Δαδὶδ
2350 1252 2771 1324 προελεύσεσθαί
2792 1270 2876 1316 τις
2910 1251 3245 1317 θεσπίζεται.
3280 1252 3447 1307 Λύσει
3480 1252 3538 1305 δὲ
3578 1255 3609 1307 ὁ

2026 1343 2218 1415 παρὼν
2244 1344 2400 1413 λόγος
2427 1346 2524 1417 τὴν
2555 1347 2611 1398 ἑν
2641 1347 2752 1409 τοῖς
2793 1344 3027 1418 πρόσθεν
3058 1344 3422 1417 νομιζομένην
3452 1344 3610 1415 παρά

2039 1435 2313 1500 Ἰουδαίοις
2372 1438 2499 1511 περὶ
2551 1436 2646 1491 τοῦ
2699 1438 3010 1510 Σολομῶνος
3070 1436 3329 1507 τελευτῆς
3384 1439 3606 1509 χρόνου.

2026 1531 2213 1584 Ταῦτα
2255 1530 2482 1596 Ἡσαΐας
2517 1532 2644 1603 περί
2686 1547 2827 1595 τινος
2860 1533 3045 1604 ἑτέρου
3076 1530 3432 1601 προφητεύει,
3479 1531 3611 1601 μέλ-

2025 1625 2207 1689 λοντος
2253 1627 2318 1679 ἐκ
2363 1624 2520 1697 ῥίζης
2574 1625 2770 1678 Ἰεσσαὶ
2819 1626 2912 1679 καὶ
2961 1628 3027 1679 ἐκ
3075 1626 3387 1696 σπέρματος
3437 1625 3612 1679 Δαϐὶδ

2026 1719 2491 1791 ἀναφανήσεσθαι.
2528 1720 2648 1772 Ὀτι
2688 1719 2745 1772 δέ
2791 1718 2899 1772 οὐδ’
2945 1719 3031 1787 ἐφ’
3074 1718 3259 1790 ἕτερον
3305 1719 3337 1790 ἦ
3375 1718 3469 1771 ἐπὶ
3514 1718 3612 1773 τὸν

338 1815 462 1872 dire
507 1813 677 1870 David
706 1819 762 1870 et
793 1810 948 1869 Iesse
985 1820 1141 1866 ortus
1185 1818 1291 1874 est,
1324 1785 1765 1867 referenda-sint
1795 1827 1919 1882 quae

2029 1785 2287 1881 ἡμέτερον
2314 1813 2541 1883 Σωτῆρα
2563 1811 2655 1865 τὸν
2684 1810 2916 1884 Χριστὸν
2951 1785 3044 1863 τοῦ
3080 1785 3214 1864 Θεοῦ
3243 1785 3506 1881 ἀνάγεται
3537 1812 3612 1867 τὰ

339 1907 585 1978 proxime
608 1905 921 1967 citavimus,
945 1901 1321 1957 dubitaturum
1353 1903 1591 1957 arbitror
1622 1904 1915 1967 neminem,

339 1999 435 2070 qui
460 2007 515 2056 et
543 1999 873 2069 promissum
899 1997 1106 2053 oraculi
1134 1996 1446 2058 attenderit,
1481 1995 1627 2067 quod
1658 1996 1734 2050 ait
1760 2012 1773 2048 :
1805 2014 1821 2045 ι
1852 1994 1919 2049 Et

339 2093 446 2149 erit
481 2091 633 2148 radix
663 2089 837 2156 Jesse,
866 2098 920 2145 et
947 2090 1041 2161 qui
1077 2090 1251 2161 surgit
1282 2098 1341 2144 ut
1380 2090 1608 2160 imperet
1640 2090 1915 2160 gentibus,

341 2187 399 2243 in
425 2199 492 2242 eo
529 2193 719 2256 gentes
754 2184 1073 2256 sperabunt,
1105 2203 1124 2236 ι
1161 2192 1216 2239 et
1260 2198 1441 2238 rerum
1474 2193 1667 2239 eventa
1697 2200 1818 2255 quae
1849 2185 1919 2240 de

341 2280 625 2336 Salvatore
678 2286 871 2335 nostro
920 2276 1389 2333 demonstrantur.
1424 2275 1588 2335 Solus
1632 2280 1778 2333 enim
1831 2278 1919 2333 hic

340 2374 433 2431 ubi
463 2388 495 2428 a
528 2379 703 2428 morte
733 2372 995 2437 surrexit,
1028 2381 1249 2442 propter
1270 2371 1413 2442 quod
1430 2371 1593 2426 etiam
1617 2372 1767 2425 illum
1800 2387 1922 2428 sur-

340 2476 557 2538 gentem
575 2473 830 2522 vocatum
858 2480 980 2521 esse
1010 2464 1268 2527 arbitror,
1293 2479 1405 2517 non
1433 2460 1665 2517 Judaico
1696 2464 1919 2533 populo,

341 2556 435 2613 sed
470 2555 743 2612 universis
778 2556 1032 2626 gentibus
1062 2556 1371 2628 imperavit,
1406 2555 1543 2612 adeo
1586 2557 1830 2627 quidem,
1861 2567 1921 2612 ut

340 2663 412 2703 ne
458 2649 568 2703 ulla
610 2646 835 2720 quidem
887 2648 1339 2719 interpretatione
1383 2648 1628 2719 indigere
1672 2649 1923 2705 videatur

340 2740 648 2805 oraculum,
689 2754 814 2795 eum
865 2739 1187 2810 planissime
1236 2747 1452 2795 constet
1506 2741 1560 2794 in
1611 2740 1705 2795 illo
1760 2741 1920 2796 ﬁnem

341 2832 622 2904 accepisse
645 2847 755 2888 una
780 2848 903 2888 cum
928 2831 1053 2887 aliis
1077 2831 1210 2885 illud
1231 2847 1450 2903 quoque
1480 2847 1525 2885 ε(
1556 2834 1615 2888 1η
1643 2848 1710 2888 eo
1733 2841 1922 2904 gentes

341 2924 659 2995 sperabunt.
698 2942 718 2976 ι
759 2922 891 2990 Quae
924 2938 1054 2980 vero
1096 2933 1358 2994 tanquam
1396 2924 1464 2978 de
1504 2924 1832 2980 animalibus
1866 2931 1923 2980 et

342 3014 473 3072 feris
499 3017 1016 3081 mansuefaciendis,
1052 3025 1106 3072 et
1145 3027 1390 3088 agrestes
1420 3032 1601 3071 mores
1636 3025 1798 3088 atque
1831 3017 1922 3071 in-

340 3108 577 3165 domitos
607 3109 962 3179 deposituris,
994 3110 1049 3165 in
1076 3110 1198 3179 ejus
1231 3110 1467 3165 adventu
1499 3110 1567 3165 de
1601 3124 1710 3180 quo
1745 3109 1925 3180 loqui-
1950 3136 1993 3195 ο

341 3208 434 3254 tur
462 3201 767 3271 prophetia,
791 3199 1068 3265 dicuntur,
1090 3216 1184 3270 per
1204 3201 1427 3271 ﬁguram
1451 3201 1641 3257 referri
1667 3209 1923 3273 poterunt

344 3291 412 3347 ad
443 3307 624 3348 mores
650 3292 889 3348 immites
933 3300 1097 3364 atque
1126 3304 1392 3364 agrestes,
1428 3304 1482 3351 et
1515 3295 1584 3350 ad
1616 3298 1796 3352 victus
1824 3296 1924 3351 ho-

344 3385 552 3440 minum
586 3384 752 3449 feros,
786 3386 879 3455 qui
924 3400 1020 3455 per
1051 3386 1255 3442 Christi
1289 3386 1620 3451 doctrinam,
1668 3387 1925 3441 immani-

341 3484 512 3541 tatem
565 3475 801 3547 priorem
849 3490 913 3530 ac
952 3473 1223 3532 feritatem
1249 3478 1567 3547 abjecerint.
1596 3477 1923 3535 Planissime

342 3576 524 3625 autem
570 3570 764 3625 horum
810 3570 1074 3643 ﬁguratus
1124 3586 1320 3628 sensus
1368 3572 1665 3641 aperietur,
1718 3572 1765 3628 si
1795 3572 1921 3644 quis

340 3662 580 3717 radicem
607 3661 781 3729 Iesse,
817 3680 938 3735 qua:
968 3664 1025 3719 in
1054 3664 1336 3735 prophetia
1368 3665 1700 3729 continetur,
1731 3673 1786 3720 et
1811 3665 1924 3720 vir-

340 3770 485 3825 gam,
510 3764 564 3810 et
589 3754 774 3811 ﬂorem
809 3757 876 3812 ad
907 3772 1128 3813 sensum
1159 3767 1485 3813 convertens
1510 3760 1918 3829 interpretetur,

339 3857 687 3918 exponatque
731 3865 839 3919 qua
877 3851 1091 3905 ratione
1134 3850 1470 3921 intelligatur
1502 3851 1716 3921 justitia
1748 3853 1921 3906 latera

339 3940 603 4003 cinxisse,
649 3947 704 3995 et
736 3941 966 3996 veritate
1013 3941 1228 3996 lumbos
1264 3941 1528 3997 induisse.
1583 3939 1738 3996 Sicut
1773 3940 1920 3996 enim

342 4033 458 4086 haec
483 4049 591 4088 non
622 4033 778 4087 aliter
809 4048 1102 4103 possumus
1129 4048 1291 4103 quam
1318 4049 1413 4103 per
1436 4035 1721 4105 ﬁguratam
1752 4048 1920 4104 expo-

341 4124 598 4179 sitionem
642 4124 1015 4194 interpretari,
1048 4125 1122 4179 ita
1172 4128 1442 4198 sequitur,
1486 4136 1546 4180 ut
1591 4140 1654 4179 ea
1699 4140 1917 4195 quoque

342 4217 591 4287 accipere
611 4225 881 4288 Oporteat,
912 4233 1034 4288 quae
1057 4219 1227 4274 variis
1243 4221 1297 4272 in
1327 4219 1462 4275 locis
1478 4218 1582 4275 sub
1598 4217 1915 4272 animalium

342 4309 656 4365 nominibus
688 4309 1060 4380 proferuntur.

342 4442 504 4514 357
539 4442 616 4496 Ab
638 4443 894 4514 Ieremia.
922 4471 991 4484 -ν-
1031 4445 1194 4500 Ortus
1222 4444 1403 4514 justus
1425 4460 1489 4499 ex
1510 4447 1706 4500 semine
1745 4444 1916 4501 David

2022 1903 2346 1974 δηλούμενα,
2376 1906 2441 1957 ἐκ
2473 1904 2626 1975 ῥίζης
2657 1904 2944 1974 γενόμενον
2968 1903 3132 1957 Δαϐίδ
3158 1920 3217 1956 τε
3248 1905 3341 1957 καὶ
3379 1905 3609 1969 Ἰεσσαὶ,

2023 1998 2121 2051 οὐκ
2154 1997 2305 2068 οἶμαί
2330 2015 2450 2052 τινα
2476 1996 2856 2069 ἀμφιϐάλλειν,
2877 1998 3244 2067 ἐπιστήσαντα
3259 1999 3323 2068 τῇ
3352 2014 3411 2052 τε
3432 1999 3612 2067 ἐπαγ-

2022 2090 2178 2162 γελίᾳ
2223 2091 2322 2160 τῆς
2373 2092 2729 2164 προρρήσεως
2781 2089 3099 2163 φασκούσῃο
3145 2108 3164 2142 ι
3210 2091 3320 2145 Καὶ
3364 2091 3522 2145 ἔσται
3577 2093 3611 2163 ἡ

2024 2182 2149 2255 ῥίζα
2195 2184 2288 2237 τοῦ
2330 2184 2544 2248 Ἰεσσαὶ,
2589 2184 2684 2238 καὶ
2715 2185 2744 2238 ό
2785 2182 3140 2253 ἀνιστάμενος
3184 2183 3374 2254 ἄρχειν
3408 2183 3609 2248 ἐθνῶν,

2022 2276 2108 2328 ἐπ’
2142 2264 2290 2347 αὗτῷ
2319 2275 2445 2348 ἔθνη
2481 2276 2758 2341 ἐλπιοῦσι,
2794 2296 2813 2330 ι
2845 2279 3075 2341 καὶτοῖς
3108 2276 3201 2330 ἐπὶ
3223 2275 3317 2329 τοῦ
3352 2276 3613 2346 Σωτῆρος

2021 2366 2178 2436 ἡμῶν
2217 2365 2584 2437 δεικνυμένοις
2622 2366 3042 2439 ἀποτελέσμασι.
3087 2366 3261 2430 Μόνος
3289 2364 3420 2435 γοῦν
3446 2359 3613 2431 οὗτος

2024 2457 2163 2528 μετά
2211 2458 2310 2530 τὴν
2343 2461 2407 2512 ἐκ
2456 2459 2665 2531 νεκρῶν
2700 2460 3026 2526 ἀνάστασιν,
3075 2460 3141 2513 δι’
3189 2459 3255 2531 ἢν
3306 2460 3403 2513 καὶ
3448 2456 3612 2531 οἶμαι

2022 2550 2183 2603 αὑτὸν
2231 2552 2583 2622 ἀνιστάμενον
2633 2551 3054 2623 ἐπικεκλῆσθαι,
3092 2554 3152 2607 οὐ
3203 2552 3296 2606 τοῦ
3334 2553 3614 2607 Ἰουδαίων

2022 2641 2172 2709 λαοῦ,
2198 2644 2334 2699 ἀλλά
2369 2645 2478 2699 τῶν
2511 2644 2679 2699 ἐθνῶν
2709 2646 2964 2700 ἁπάντων
3004 2642 3190 2717 ἦρξεν,
3216 2648 3291 2711 ὡς
3316 2646 3391 2717 μὴ
3421 2646 3612 2716 δεδεῆ-

2026 2737 2147 2791 σθαι
2178 2737 2240 2791 τδ
2286 2738 2463 2807 λόγιον
2508 2739 2841 2810 ἑρμηνείας,
2894 2738 3081 2808 σαφῶς
3131 2739 3396 2810 προδήλου
3442 2739 3614 2792 καθε-

2026 2830 2256 2894 στῶτος,
2311 2832 2459 2896 ὅπως
2508 2834 2589 2896 είς
2645 2832 2805 2886 αὐτὸν
2859 2831 3008 2895 τέλος
3060 2831 3250 2904 εἴληφε
3301 2834 3439 2904 μετά
3494 2833 3611 2888 τῶν

2023 2921 2197 2977 ἀλλων
2218 2924 2312 2979 καὶ
2333 2924 2412 2990 τὸ,
2443 2943 2462 2977 ‹
2504 2925 2619 2978 Ἐπ’
2643 2925 2790 2996 αὐτῷ
2817 2925 2944 2997 ἑθνη
2968 2926 3265 2981 ἐλπιοῦσιν.
3298 2945 3318 2978 ι
3348 2927 3429 2980 Τά
3454 2926 3502 2978 δ’
3529 2928 3613 2992 ὡς

2026 3016 2154 3087 περὶ
2202 3014 2356 3081 ζώων
2403 3017 2498 3070 καὶ
2544 3017 2747 3088 θηρίων
2793 3018 3184 3090 ήμερουμένων
3229 3019 3291 3073 ἐν
3336 3017 3615 3091 ἐπιδημίᾳ.

2023 3106 2292 3179 λεγόμενα
2335 3108 2670 3183 ἀλληγοροῖτ’
2703 3111 2768 3165 ἂν
2816 3112 2908 3164 ἐπὶ
2952 3112 3187 3183 τρόπους
3228 3111 3459 3182 ἀπηνεῖς
3511 3112 3615 3166 καὶ

2025 3199 2266 3271 ἀγρίους,
2299 3203 2393 3254 καὶ
2425 3201 2528 3273 ἢθη
2574 3201 2785 3276 ἀνδρῶν
2815 3201 3076 3275 θηριώδη,
3104 3201 3193 3256 διὰ
3218 3202 3317 3272 τῆς
3335 3200 3431 3257 τοῦ
3465 3203 3613 3274 Χρι-

2024 3290 2151 3344 στοῦ
2183 3291 2532 3357 διδασκαλίας
2564 3294 2662 3366 τῆς
2694 3293 2918 3362 ἀλογίας
2960 3295 3052 3348 καὶ
3099 3293 3388 3365 θηριωδίας
3436 3311 3613 3364 μεταο

2023 3385 2318 3457 θησόμενα.
2363 3387 2737 3458 Ἀλληγοροῖτο
2782 3387 2826 3439 δ’
2865 3387 2933 3441 ἂν
2970 3385 3144 3440 ταῦτα
3195 3386 3378 3456 σαφῶς
3406 3386 3610 3452 οὕτως,

2020 3475 2086 3530 ἂν
2139 3477 2231 3529 καὶ
2274 3477 2373 3549 τὴν
2416 3476 2751 3548 δηλουμένην
2792 3476 2880 3531 διά
2925 3477 3023 3547 τῆς
3073 3478 3406 3549 προφητείας
3444 3477 3619 3547 ῥίζαν

2033 3567 2251 3629 Ἰεσσαὶ,
2305 3568 2397 3621 καὶ
2443 3569 2541 3639 τὴν
2585 3567 2800 3640 ράὀδον,
2838 3568 2933 3622 καὶ
2968 3568 3026 3622 τὸ
3058 3568 3218 3633 ἄνθος
3255 3568 3613 3640 τροπολογῶν

2018 3673 2102 3721 τις
2133 3656 2210 3711 ἔτι
2256 3659 2610 3730 ἑρμηνεύσειε
2640 3660 2734 3713 καὶ
2760 3659 2834 3724 ὡς
2866 3660 2930 3714 ἂν
2957 3660 3263 3731 ἐπινοηθείη
3289 3659 3614 3734 δικαιοσύνῃ

2024 3749 2122 3819 μὲν
2151 3749 2249 3813 τὰς
2280 3749 2517 3821 πλευρὰς
2550 3747 2908 3820 ζωννύμενος,
2944 3749 3172 3821 ἀληθείᾳ.
3210 3749 3267 3802 δὲ
3296 3749 3397 3819 τὴν
3427 3748 3612 3817 ὀσφὺν

2020 3837 2323 3911 εἱλημένος.
2360 3839 2447 3903 Ὠς
2492 3839 2601 3912 γὰρ
2649 3840 2708 3892 οὐ
2748 3840 2970 3894 δυνατὸν
3011 3840 3212 3911 ἑτέρως
3238 3838 3416 3894 ταῦτα
3448 3839 3487 3911 ἦ
3518 3839 3613 3893 διὰ

2024 3931 2191 4002 μόνης
2213 3931 2576 4004 ἀλληγορικῆς
2614 3932 2921 3995 ἀποδόσεως
2946 3931 3290 4004 ἑρμηνεύειν,
3320 3931 3413 3985 τὸν
3437 3930 3611 3985 αὑτὸν

2004 4014 2219 4094 ’τρόπον
2263 4023 2454 4077 ἕπεται
2483 4025 2575 4077 καὶ
2617 4023 2686 4077 τά
2734 4024 2862 4096 περὶ
2906 4024 3014 4077 τῶν
3044 4023 3185 4078 κατά
3231 4026 3356 4087 τοὺς
3401 4023 3614 4087 τόπους

2020 4114 2434 4188 ὀνομαζομένων
2462 4115 2614 4181 ζώων
2642 4115 2838 4187 χρῆναι
2861 4115 2971 4170 δεῖν
3002 4113 3385 4187 ἐκλαμϐάνειν.

2036 4443 2168 4498 Ἀπὸ
2199 4442 2305 4497 τοῦ
2349 4443 2639 4511 Ἱερεμίου.
2675 4472 2747 4483 --
2783 4442 3063 4508 Ἀνατολὴ
3086 4441 3284 4511 δικαία
3314 4442 3384 4494 ἐκ
3413 4441 3617 4507 σπέρ-

413 4490 717 4584 :i'surgens,
746 4523 794 4568 et
817 4513 1083 4568 hominum
1115 4490 1253 4568 idern
1291 4530 1405 4577 rex,
1447 4533 1680 4584 novaque
1719 4518 1917 4570 consti-

2041 4490 3059 4583 ’ᾮὶᾶτὶξ-’Δᾶὲῖἑᾝοὶἁταμέὶἱὴῖζῶ
3082 4490 3407 4579 Meam
3419 4490 3471 4566 ’δ
3485 4490 3618 4584 ὦ.

413 4584 606 4639 tuenda
629 4584 914 4658 appeltatio
932 4586 1018 4648 iis,
1036 4586 1125 4655 qui
1154 4584 1249 4638 sub
1275 4602 1333 4639 eo
1358 4586 1668 4653 regnabant,
1691 4589 1918 4658 itemun

715 4656 950 4724 priorum
978 4666 1307 4723 peccatorum
1330 4658 1545 4711 solutio.

416 4853 437 4885 ι
468 4833 609 4903 Ecce
635 4833 755 4889 dies
797 4835 1042 4897 veniunt,
1067 4834 1202 4890 dicit
1224 4834 1512 4899 Dominus,
1547 4842 1601 4891 et
1636 4836 1917 4891 suscitabo

340 4927 445 4997 ipsi
485 4925 655 4982 David
679 4934 859 4981 ortum
885 4927 1119 4998 justum,
1148 4934 1202 4981 et
1240 4928 1491 4999 regnabit
1533 4943 1651 4993 rex,
1675 4936 1728 4983 et
1758 4928 1919 4983 intel-

339 5022 492 5091 liget,
543 5030 597 5078 et
642 5021 805 5076 faciet
830 5021 1118 5092 judicium,
1167 5029 1221 5077 et
1253 5022 1528 5092 justitiam
1568 5022 1623 5076 in
1655 5031 1823 5085 terra,
1862 5023 1920 5077 in

342 5113 537 5169 diebus
581 5116 702 5184 ejus
757 5114 1063 5170 servabitur
1104 5113 1296 5179 Judas,
1326 5121 1380 5170 et
1429 5114 1599 5170 Israel
1654 5115 1919 5170 habitabit

346 5203 646 5268 conﬁdens,
679 5212 735 5261 et
771 5205 875 5260 hoc
899 5218 1097 5261 nomen
1127 5220 1237 5275 quo
1268 5204 1486 5258 vocabit
1509 5205 1711 5275 ipsum,
1743 5206 1921 5260 Domi-

340 5312 470 5362 πω,
533 5294 841 5353 Josedccim
884 5298 1027 5352 inter
1076 5297 1374 5368 prophetas
1402 5297 1468 5353 ".
1534 5294 1592 5351 In
1648 5296 1740 5352 die
1802 5298 1916 5363 illa,

342 5389 481 5444 dixit
510 5387 794 5456 Dominus,
819 5400 1099 5447 conteram
1123 5389 1317 5460 iugum
1351 5389 1419 5445 de
1450 5389 1594 5444 collo
1620 5404 1832 5455 eorum,
1867 5398 1922 5447 et

344 5483 561 5539 vincula
584 5498 774 5539 eorum
795 5481 1061 5554 frangam,
1082 5488 1138 5536 et
1157 5497 1268 5536 non
1293 5481 1664 5552 operabuntur
1687 5483 1923 5553 amplius

345 5573 454 5631 diis
481 5575 693 5645 alienis,
723 5575 819 5633 sed
847 5575 1220 5647 operabuntur
1248 5573 1481 5631 Domino
1512 5573 1621 5632 Deo
1653 5574 1921 5649 ipsorum,

420 5756 463 5790 “
489 5755 592 5812 ιω.
628 5772 703 5827 ιι,
735 5756 821 5813 10.
901 5759 943 5792 ¹²
973 5754 1064 5814 Jcr
1118 5773 1289 5828 nm,
1328 5759 1457 5827 5,6.

2093 4582 2197 4651 τὸς
2213 4585 2531 4649 βασιλεὺς,
2554 4584 2729 4648 καινή
2752 4600 2815 4637 τε
2836 4583 3201 4652 προσηγορία
3226 4582 3617 4652 τεθησομένη

2093 4655 2217 4721 τοῖς
2261 4655 2363 4709 ὑπ’
2415 4652 2575 4718 αὐτῷ
2616 4653 3281 4722 βασιλευθτισοιιένοις,
3329 4652 3428 4705 καὶ
3484 4652 3616 4707 τῶν

2096 4725 2397 4795 προτέρων
2428 4724 2859 4794 ἁμαρτημάτων
2892 4727 3099 4790 λύσις.

2099 4861 2117 4893 ι
2157 4840 2289 4895 Ἰδοὺ
2324 4842 2529 4912 ἡμέραι
2573 4839 2844 4911 ἔρχονται,
2886 4838 3034 4907 λέγει
3067 4837 3291 4907 Κύριος,
3328 4837 3423 4889 καὶ
3470 4838 3615 4891 ἀνα-

2027 4935 2208 5004 στήσω
2246 4932 2326 5004 τῷ
2365 4932 2529 4985 Δαϐὶδ
2572 4930 2835 5001 ἀνατολὴν
2876 4928 3112 4996 δικαίαν,
3154 4928 3248 4982 καὶ
3295 4927 3616 4999 βασιλεύσει

2027 5023 2300 5096 βασιλεὺς,
2328 5026 2423 5079 καὶ
2447 5028 2684 5097 συνήσει,
2710 5025 2807 5078 καὶ
2837 5025 3051 5093 ποιήσει
3075 5023 3249 5094 κρῖμα
3278 5021 3374 5074 καὶ
3399 5018 3616 5075 δικαιο-

2027 5118 2193 5190 σύνην
2225 5118 2318 5171 ἐπὶ
2341 5117 2439 5188 τῆς
2467 5116 2589 5187 γῆς.
2629 5116 2717 5169 Ἐν
2747 5116 2868 5178 ταῖς
2899 5114 3135 5185 ἡμέραις
3167 5110 3334 5166 αὑτοῦ
3363 5109 3615 5183 σωθήσε-

2023 5228 2111 5266 ται
2161 5212 2391 5276 Ἰούδας,
2435 5210 2529 5264 καὶ
2582 5208 2797 5281 Ἰσραὴλ
2837 5203 3252 5278 κατασκηνώσει
3284 5201 3570 5267 πεποιθὼς
3591 5242 3615 5273 ,

2026 5306 2120 5359 καὶ
2146 5304 2302 5360 τοῦτο
2338 5304 2400 5357 τὸ
2441 5303 2612 5371 ὄνομα
2635 5294 2681 5370 ᾧ
2710 5299 2928 5354 καλέσει
2961 5298 3124 5352 αὑτὸν
3151 5296 3391 5367 Κύριος,
3429 5296 3616 5350 Ἰωσε-

2023 5396 2217 5466 δεκεὶμ
2247 5397 2307 5448 ἑν
2335 5396 2446 5458 τοῖς
2471 5392 2797 5464 προφήταις.
2836 5391 2924 5443 Ἐν
2944 5391 3010 5460 τῇ
3046 5388 3228 5460 ἡμέρᾳ
3252 5387 3461 5460 ἐκείνῃ,
3483 5382 3610 5439 εἶπε

2026 5490 2229 5561 Κύριος
2252 5529 2268 5553 ,
2301 5484 2573 5557 συντρίψω
2614 5483 2706 5537 τὸν
2739 5481 2900 5551 ζυγὸν
2945 5481 3055 5536 ἀπὸ
3082 5479 3354 5551 τραχήσλου
3389 5476 3611 5540 αὐτῶν,

2026 5584 2121 5638 καὶ
2150 5583 2275 5647 τοὺς
2300 5580 2531 5651 δεσμοὺς
2557 5575 2736 5632 αὐτῶν
2765 5575 3058 5647 διαρρήξω,
3082 5574 3175 5627 καὶ⁵
3200 5572 3301 5626 οὐκ
3331 5572 3611 5644 ἐργῶνται
