3828 6220
254 328 359 396 δώ

1109 334 1765 393 DEMONSTRATIONIS
1798 334 2253 391 EVANGELICIE
2284 332 2414 391 LIB.
2459 332 2568 388 VII.

3416 329 3522 386 ωε

258 460 344 515 ἔτι
372 458 515 523 θεοτς
542 458 784 531 ἑτέροις,
811 458 947 512 ἀλλά
974 457 1245 528 ὲργῶνται
1274 459 1468 532 Κυρίῳ
1499 458 1579 532 τῷ
1600 459 1721 530 Θεῷ
1747 459 1845 512 αὑ-

1944 465 1998 512 et
2028 473 2210 529 regem
2235 456 2405 511 David
2439 453 2722 510 suscitabo
2752 450 2835 508 eis
2860 452 2925 507 ”.
2967 471 2986 505 ι
3013 451 3199 522 Longo
3228 449 3521 506 admodum

256 551 406 614 τῶν,
456 550 552 606 καὶ
599 549 696 603 τὸν
721 550 887 604 Δαϐὶδ
933 549 1160 621 βασιλέα
1194 550 1372 604 αὐτῶν
1408 552 1698 622 ἀναστήσω
1741 550 1843 603 αὑ-

255 643 392 706 τοῖς.
422 660 443 693 ι
474 641 631 696 Μετὰ
663 641 915 695 πλεῖστον
942 642 1042 713 τῆς
1065 642 1322 714 τελευτῆς
1355 642 1451 696 τοῦ
1481 642 1647 697 Δαϐὶδ
1667 682 1681 705 ,
1710 641 1846 696 ἀλλά

256 734 356 787 καὶ
381 732 476 788 τοῦ
502 733 816 803 Σολομῶνος
841 733 1053 805 χρόνον,
1078 734 1253 788 ταῦτα
1282 735 1377 788 καὶ
1416 734 1683 807 Ἱερεμίας
1716 734 1845 805 περὶ

254 824 354 878 τοῦ
383 824 671 896 μέλλοντος
699 827 763 878 ὲκ
796 827 1112 899 σπέρματος
1137 827 1539 898 ἀναστήσεσθαι
1564 826 1730 882 Δαϐὶδ
1750 827 1846 898 βα-

256 918 454 984 σιλέως
484 918 731 982 θεσπίζει
755 937 770 952 ο
793 919 853 972 ὃν
889 919 1105 992 πρῶτον
1134 921 1232 991 μὲν
1259 920 1521 993 ἀνατολὴν
1543 921 1715 985 καλεῖ,
1752 921 1844 975 καὶ

254 1012 358 1082 οὐχ
385 1010 596 1075 ἁπλῶς,
619 1010 756 1065 ἀλλά
782 1011 1020 1075 δικαίαν,
1044 1011 1121 1075 ὡς
1145 1010 1211 1065 ἂν
1234 1009 1294 1076 ἐξ
1320 1011 1472 1083 ἡλίου
1496 1011 1845 1083 δικαιοσύνης

256 1104 681 1176 συστησάμενον,
724 1105 853 1177 περὶ
885 1096 946 1157 οὗ
975 1103 1326 1176 διειλήφαμεν
1349 1108 1407 1158 ὲν
1434 1107 1556 1170 ταῖς
1589 1105 1718 1178 περὶ
1747 1104 1843 1159 τοῦ

251 1194 510 1265 δευτέρου
531 1196 705 1249 αἰτίου
734 1195 1095 1263 ἀποδείξεσιν,
1144 1198 1202 1250 ὲν
1233 1193 1321 1261 αἷς
1347 1197 1439 1251 τὸν
1470 1198 1706 1269 προόντα
1748 1197 1841 1251 τοῦ

254 1286 394 1340 Θεοῦ
427 1287 633 1357 Λόγον,
686 1288 909 1360 μυρίαις
953 1289 1294 1360 κεχρημένον
1342 1290 1712 1359 ἐπωνυμίαις,
1748 1290 1843 1344 καὶ

250 1376 409 1447 ἥλιον
454 1376 803 1448 δικαιοσύνης
845 1378 1210 1451 ὀνομάζεσθαι
1266 1380 1697 1451 ἀπεδείκνυμεν,
1744 1380 1843 1453 τὴν

252 1468 576 1536 φάσκουσαν
616 1470 990 1541 προφητείαν,
1044 1488 1063 1521 ι
1094 1470 1220 1534 Τοῖς
1263 1471 1320 1525 δὲ
1370 1472 1725 1542 φοϐουμένοις
1774 1489 1841 1543 με

251 1558 510 1613 ἀνατελεῖ
535 1560 684 1630 ἥλιος
719 1560 1095 1634 δικαιοσύνης,
1140 1586 1160 1616 ι
1208 1563 1598 1635 παραθέμενοι.
1632 1566 1841 1639 ’Ὠσπερ

248 1644 349 1703 οὖν
380 1649 533 1719 ἣλιον
567 1650 948 1723 δικαιοσύνης,
984 1653 1127 1707 οὕτω
1160 1655 1254 1708 καὶ
1286 1655 1551 1727 ἀνατολὴν
1573 1657 1787 1711 δικαίαν
1813 1661 1842 1711 ὁ

250 1741 415 1809 λόγος
441 1743 536 1796 ἐπὶ
562 1742 656 1797 τοῦ
689 1744 957 1815 παρόντος
984 1747 1315 1816 ἀναστήσειν
1340 1747 1417 1818 τῷ
1442 1748 1606 1801 Δαϐὶδ
1630 1766 1842 1821 προφη-

1951 559 2194 621 tempore
2237 556 2361 621 post
2395 556 2625 603 mortem
2656 562 2765 603 non
2802 546 2979 602 solum
3009 543 3199 612 David,
3231 542 3326 601 sed
3356 545 3521 600 etiam

1946 640 2275 703 Salomonis,
2301 639 2416 693 haec
2441 637 2706 693 Jeremias
2736 635 2803 692 de
2831 651 2897 691 eo
2925 650 3071 707 rege,
3100 634 3193 705 qui
3216 633 3284 689 de
3315 632 3523 689 semine

1945 734 2114 789 David
2145 739 2292 789 esset
2318 732 2581 794 oriturus,
2613 728 2821 787 divinat
2852 746 2866 783 :
2896 742 3058 798 quem
3092 727 3268 796 primo
3300 724 3522 796 quidem

1944 833 2126 881 ortum
2157 831 2338 888 vocat,
2384 838 2562 894 neque
2609 820 2936 891 simpliciter
2975 827 3179 882 ortum,
3210 818 3306 873 sed
3337 824 3516 871 ortum

1940 920 2177 990 justum,
2208 926 2467 988 tanquam
2498 930 2622 971 eum
2659 915 2752 985 qui
2778 930 2844 969 ex
2882 913 2996 969 sole
3019 911 3249 983 justitiae
3285 911 3357 967 sit
3388 924 3519 965 con-

1945 1011 2288 1074 stituendus,
2322 1009 2390 1064 de
2419 1022 2528 1078 quo
2568 1021 2701 1062 sane
2743 1004 3105 1061 disseruimus
3147 1004 3207 1076 in
3234 1002 3302 1059 iis
3334 1042 3349 1067 ,
3399 1015 3523 1073 qua:

1945 1111 2105 1159 antea
2142 1102 2211 1158 de
2241 1101 2352 1156 Deo
2391 1099 2574 1155 Verbo
2620 1096 3157 1161 demonstravimus,
3210 1095 3266 1149 in
3318 1094 3520 1164 quibus

1944 1197 2040 1252 Dei
2073 1195 2331 1260 Verbum,
2363 1196 2509 1265 quod
2540 1203 2699 1250 antea
2741 1198 2858 1248 erat
2897 1187 3390 1245 innumerabilibus
3419 1201 3519 1257 ap-

1945 1290 2202 1360 pellatum
2231 1288 2566 1352 nominibus,
2598 1287 2761 1341 etiam
2786 1283 3013 1355 justitite
3046 1282 3217 1337 solem
3248 1278 3519 1335 nominari

1944 1382 2166 1452 planum
2197 1379 2448 1445 fecimus,
2481 1380 2569 1435 ubi
2601 1377 2939 1450 prophetiam
2987 1390 3108 1446 quae
3137 1374 3209 1429 ita
3243 1374 3317 1427 ait
3345 1392 3358 1427 :
3392 1390 3412 1424 ι
3446 1370 3521 1429 lis

1944 1481 2124 1527 autem
2146 1473 2241 1544 qui
2263 1488 2350 1528 me
2380 1473 2597 1539 timent,
2627 1472 2834 1527 orietur
2862 1469 2944 1525 sol
2976 1467 3206 1539 justitiaa
3235 1464 3302 1532 ιδ,
3337 1484 3357 1519 ι
3390 1464 3524 1520 cita-

1942 1566 2142 1620 vimus.
2182 1564 2336 1619 Sicut
2375 1579 2504 1634 ergo
2537 1564 2706 1620 solem
2751 1562 2999 1633 justitize,
3037 1560 3109 1614 ita
3146 1559 3308 1614 etiam
3338 1564 3520 1613 ortum

1938 1656 2149 1727 justum
2180 1671 2423 1727 praesens
2467 1656 2752 1711 oraculum
2797 1666 3174 1711 surrecturum
3218 1654 3321 1723 ipsi
3351 1652 3521 1709 David

1944 1751 2292 1806 vaticinatur.
2333 1748 2506 1804 Porro
2539 1748 2791 1805 eumdem
2824 1763 3004 1819 regem
3048 1747 3432 1818 intelligentem
3466 1754 3521 1801 et

247 1832 428 1887 τεύει.
467 1832 572 1887 Τὸν
611 1834 775 1889 αὑτὸν
812 1834 869 1888 δὲ
910 1835 1097 1890 τοῦτον
1140 1815 1366 1908 βασιλέα
1390 1815 1696 1905 συνιέντα,
1746 1815 1840 1893 καὶ

1944 1843 2233 1898 facientem
2275 1841 2546 1913 judicium
2580 1850 2636 1896 et
2663 1815 2936 1911 justitiam
2980 1840 3035 1894 in
3066 1815 3526 1908 terra'appcllat.

251 1927 517 1986 ποιοῦντα
548 1929 722 1998 κρῖμα
768 1928 862 1981 καὶ
898 1928 1247 2001 δικαιοσύνην
1293 1930 1386 1984 ἐπὶ
1433 1930 1536 2001 τῆς
1572 1933 1677 2003 γῆς
1709 1952 1843 2007 προ-

252 2019 534 2090 αγορεύει.
566 2015 700 2073 Εἶτα
746 2021 841 2074 καὶ
878 2021 1185 2093 ὁμωνύμως
1226 2022 1319 2076 τὸν
1369 2023 1532 2078 αὐτὸν
1573 2026 1731 2080 καλεῖ
1763 2027 1842 2099 τῷ

253 2112 428 2166 πάλαι
473 2112 741 2185 πρότερον
786 2114 1199 2186 τετελευτηκότι
1228 2116 1410 2170 Δαϐίδ.
1458 2118 1703 2190 Πρόσχες
1731 2120 1842 2193 γὰρ

251 2203 536 2274 ἐπιμελῶς
559 2204 637 2276 τῷ
670 2205 929 2278 ἀνωτέρω
964 2207 1092 2278 μὲν,
1130 2226 1149 2258 ι
1181 2208 1291 2262 Καὶ
1323 2209 1611 2281 ἀναστήσω
1629 2211 1707 2282 τῷ
1733 2213 1841 2267 Δα-

251 2295 345 2348 ϐὶδ
363 2294 627 2367 ἀνατολὴν
648 2294 885 2359 δικαίαν,
912 2314 932 2347 ι
958 2296 1053 2349 ἐπὶ
1074 2295 1217 2350 τέλει
1248 2296 1306 2350 δὲ
1336 2297 1717 2371 ἐπιφερομένῳ
1740 2299 1838 2371 τῷ,

258 2406 279 2437 ι
328 2387 440 2441 Καὶ
481 2386 573 2440 τὸν
605 2386 770 2440 Δαϐὶδ
817 2385 1042 2456 βασιλέα
1082 2386 1250 2441 αὐτοῦ
1292 2389 1582 2459 ἀναστήσω
1613 2389 1779 2462 αὐτῷ.
1816 2410 1834 2443 ι

253 2479 377 2533 Τίνι
405 2477 463 2531 δὲ
490 2476 640 2549 αὐτῷ
662 2476 696 2548 ἢ
717 2476 797 2548 τῷ
824 2476 1018 2542 Δαϐίδ;
1039 2478 1216 2550 τούτῳ
1242 2479 1352 2551 γὰρ
1374 2480 1574 2551 ἔφησεν
1602 2482 1841 2553 ἀναστή-

254 2585 373 2623 σειν
411 2569 511 2640 τὴν
541 2567 807 2639 ἀνατολὴν
851 2567 952 2639 τήν
984 2567 1220 2621 δικαίαν.
1257 2569 1369 2623 Kal.
1412 2570 1441 2621 ὁ
1484 2571 1756 2642 Ζαχαρίας
1782 2572 1841 2626 δὲ

252 2663 386 2736 περὶ
412 2662 510 2717 τοῦ
542 2662 709 2717 αὑτοῦ
741 2662 1101 2734 προφητεύων
1138 2661 1341 2733 ὁμοίως
1386 2664 1652 2735 ἀνατολὴν
1679 2665 1840 2720 αὑτὸν

249 2757 428 2819 καλεῖ,
453 2755 628 2825 λέγων
647 2772 661 2785 ο
691 2773 710 2807 ι
751 2754 884 2808 Ἰδοὺ
913 2754 1073 2825 ἀνὴρ,
1103 2754 1338 2827 ἀνατολὴ
1363 2755 1533 2827 ὄνομα
1555 2757 1728 2827 αὐτῷ,
1745 2758 1840 2811 καὶ

250 2846 607 2902 ὑποκάτωθεν
652 2845 818 2901 αὑτοῦ
860 2847 1109 2900 ἀνατελεί
1151 2847 1466 2919 δικαιοσύνη
1490 2867 1502 2878 ·
1545 2868 1565 2902 ι
1600 2850 1696 2903 καὶ
1734 2851 1841 2903 πάρ

247 2945 337 2997 λιν
356 2960 372 2973 ·
426 2962 445 2994 ι
471 2942 703 2997 Καλέσω
733 2940 826 2994 τὺν
852 2941 1039 2995 δοῦλόν
1069 2958 1171 3012 μου
1198 2943 1482 3015 ἀνατολήν.
1516 2964 1533 2995 ι
1581 2944 1719 2997 Ἀλλ’
1749 2946 1841 2999 ού-

249 3034 364 3098 δείς
391 3050 454 3103 γε
486 3033 624 3104 μετά
649 3033 776 3097 τοὺς
816 3031 1079 3102 Ἱερεμίου
1109 3032 1337 3104 χρόνους
1359 3075 1374 3100 ,
1407 3034 1523 3088 ἀλλ’
1552 3034 1673 3089 οὐδὲ
1703 3037 1841 3107 μετά

1943 1935 2149 1992 Deinde
2194 1935 2445 1992 eumdem
2488 1944 2647 1990 vocat
2686 1949 2795 1990 uno
2834 1939 2889 1989 et
2920 1933 3111 1988 eodem
3143 1933 3365 1987 nomine
3393 1945 3518 1985 cum

1940 2044 2026 2093 eo,
2058 2028 2153 2099 qui
2200 2028 2374 2084 multo
2415 2034 2542 2083 ante
2570 2027 2828 2090 decessit,
2870 2025 3059 2080 David.
3095 2024 3329 2080 Attende
3370 2023 3516 2079 enim

1940 2123 2232 2195 diligenter
2279 2137 2404 2176 cum
2448 2121 2584 2175 illud
2613 2122 2868 2193 superius
2901 2141 2914 2176 :
2948 2138 2968 2173 ι
3008 2119 3075 2173 Et
3103 2118 3381 2176 suscitabo
3414 2118 3520 2187 ipsi

1941 2217 2113 2272 David
2147 2225 2328 2271 ortum
2376 2215 2608 2287 justum,
2659 2234 2678 2267 ι
2716 2223 2829 2270 tum
2872 2213 3006 2268 illud
3039 2212 3185 2284 quod
3236 2210 3302 2267 ad
3334 2220 3518 2267 extre-

1941 2327 2088 2364 mum
2120 2309 2366 2365 additum
2388 2317 2474 2365 est
2505 2328 2518 2365 :
2553 2328 2574 2361 ‹
2604 2308 2670 2363 Et
2699 2307 2871 2363 David
2906 2321 3086 2378 regem
3132 2320 3291 2361 suum
3342 2306 3522 2360 susci-

1942 2404 2068 2459 tabo
2090 2402 2163 2459 ei.
2212 2421 2232 2456 ι
2280 2403 2381 2459 Cui
2419 2418 2551 2459 vero
2579 2403 2655 2468 ei,
2691 2402 2797 2457 nisi
2833 2401 2938 2472 ipsi
2976 2398 3188 2455 David?
3214 2398 3343 2453 huic
3371 2396 3519 2453 enim

1939 2497 2077 2551 dixit
2110 2511 2171 2552 se
2218 2496 2610 2553 suscitaturum
2640 2507 2818 2551 ortum
2859 2494 3093 2564 justum.
3120 2490 3287 2562 358
3309 2487 3519 2544 Zacha-

1940 2587 2052 2642 rias
2079 2587 2209 2641 item
2238 2585 2305 2641 de
2343 2586 2533 2641 eodem
2562 2586 2903 2650 vaticinans,
2947 2590 3133 2639 ortum
3161 2581 3296 2637 illud
3326 2580 3519 2636 simili-

1939 2689 2022 2734 ter
2047 2685 2209 2733 vocat
2245 2696 2259 2734 :
2317 2696 2336 2730 ι
2376 2677 2518 2733 Ecce
2543 2678 2647 2745 vir,
2688 2686 2843 2733 ortus
2873 2691 3074 2732 nomen
3118 2676 3190 2738 ei,
3240 2681 3295 2730 et
3327 2674 3521 2730 subter

1938 2789 2062 2828 eum
2093 2773 2301 2827 orietur
2328 2772 2542 2843 justilia
2578 2771 2640 2825 ’⁸.
2676 2789 2695 2822 ι
2720 2768 2785 2825 Et
2816 2784 3052 2825 rursus:
3087 2786 3107 2819 ι
3144 2765 3364 2822 Vocaho
3392 2781 3514 2821 ser-

1940 2881 2066 2919 vum
2111 2880 2315 2929 meum,
2369 2871 2550 2919 ortum
2591 2863 2638 2896 ¹⁶
2676 2882 2690 2917 :
2732 2881 2752 2913 ι
2808 2859 2915 2916 Sed
2968 2861 3115 2915 enim
3164 2859 3349 2913 nullus
3396 2868 3520 2927 post

1937 2957 2184 3015 Jeremiae
2224 2966 2490 3028 tempora,
2546 2970 2613 3010 ac
2657 2970 2727 3010 ne
2779 2961 2905 3025 post
2960 2952 3240 3008 Zachariae
3290 2949 3515 3021 quidem

1939 3051 2083 3121 apud
2110 3050 2326 3105 Judaaos
2350 3049 2474 3103 talis
2501 3047 2731 3112 exstitit,
2761 3055 2820 3101 ut
2838 3066 2856 3099 ι
2898 3046 3082 3102 oriens
3110 3045 3291 3115 justus
3316 3063 3335 3096 ι
3359 3056 3520 3098 voca-

248 3126 379 3189 τοὺς
419 3123 516 3177 τοῦ
544 3124 816 3195 Ζαχαρίου
843 3122 1084 3186 τοιοῦτος
1112 3124 1311 3196 ἀνέστη
1348 3128 1463 3189 τοῖς
1504 3128 1569 3180 ὲκ
1617 3144 1836 3199 περιτο-
1863 3176 1870 3215 γ

1942 3151 2092 3199 retur
2116 3150 2171 3198 et
2205 3162 2223 3194 ι
2261 3141 2569 3211 intelligens
2594 3154 2711 3202 rex,
2740 3145 2795 3194 et
2818 3137 3023 3193 faciens
3051 3135 3317 3207 judicium
3347 3143 3401 3189 et
3422 3134 3518 3204 ju-

253 3216 367 3288 μῆς
385 3256 401 3281 ,
429 3216 507 3280 ὼς
536 3235 556 3268 ι
588 3216 824 3288 ἀνατολὴ
848 3215 1034 3270 δικαία
1061 3236 1081 3269 ι
1118 3217 1414 3290 κληθῆναι,
1460 3219 1557 3274 καὶ
1590 3240 1609 3272 ι
1635 3222 1838 3285 συνιεὶς

250 3307 510 3377 βασιλεὺς
532 3348 548 3374 ,
579 3309 675 3361 καὶ
704 3306 875 3362 ποιῶν
908 3311 1082 3380 κρῖμα
1114 3311 1210 3364 καὶ
1241 3309 1589 3381 δικαιοσύνην
1618 3313 1710 3366 ἐπὶ
1742 3313 1839 3384 τῆς

247 3402 375 3472 γῆς.
409 3420 430 3454 ι
475 3403 541 3456 Ei
586 3401 645 3456 δὲ
688 3401 835 3472 λέγοι
878 3420 964 3466 τις
1005 3402 1094 3457 διὰ
1141 3403 1350 3457 τούτων
1392 3404 1599 3477 Ἰησοῦν
1624 3405 1717 3460 τὸν
1743 3406 1838 3459 τοῦ

262 3494 511 3549 Ἰωσεδὲκ
540 3494 853 3567 δηλοῦσθαι,
877 3495 1120 3562 λεκτέον,
1138 3496 1220 3550 ὅτι
1252 3497 1314 3550 ού
1347 3498 1678 3570 συνέστηκεν
1707 3501 1736 3552 ὁ
1754 3498 1841 3552 λό-

248 3604 347 3657 γος
376 3586 547 3659 αὐτῷ.
574 3586 715 3642 Οὔτε
736 3590 843 3661 γάρ
869 3589 976 3642 ἀπὸ
1007 3588 1198 3658 γένους
1225 3588 1393 3643 Δαϐὶδ
1420 3582 1575 3654 οὗτος
1598 3586 1687 3662 ἦν,
1715 3590 1838 3645 οὔτε

246 3680 326 3744 ὥς
352 3679 607 3751 βασιλεὺς
624 3681 999 3737 ἐϐασίλευσεν.
1028 3681 1154 3745 Πῶς
1181 3680 1239 3735 δὲ
1271 3682 1359 3734 ἐπ’
1390 3685 1593 3736 ἐκεῖνον
1617 3683 1840 3738 δύναται

249 3773 544 3845 ἁρμόττειν
567 3773 657 3839 τὸ,
690 3792 711 3825 ι
737 3774 849 3827 Καὶ
876 3774 967 3828 τὸν
992 3773 1159 3828 Δαϐὶδ
1186 3774 1409 3845 βασιλέα
1429 3776 1718 3848 ἀναστήσω
1743 3778 1841 3831 αύ-

247 3864 363 3936 τῷ;
395 3884 416 3917 ι
448 3864 613 3917 ὁπότε
644 3863 817 3936 φυλῆς
848 3865 951 3937 μὲν
979 3861 1048 3936 ἦν
1070 3866 1234 3929 Λευὶ,
1264 3866 1472 3933 τάξεως
1502 3866 1548 3919 δ’
1578 3868 1840 3939 ἀρχιερα-

249 3961 445 4033 τικῆς,
483 3961 579 4014 καὶ
617 3961 809 4029 γένους
852 3960 1040 4033 ἑτέρου
1070 3961 1222 4033 παρά
1249 3961 1338 4014 τὸν
1370 3960 1552 4027 Δαϐὶδ,
1587 3962 1841 4033 βασιλεὺς

245 4055 294 4110 δ’
324 4030 577 4126 ούδαμῶς
610 4052 850 4123 γεγονὼς
877 4030 1176 4126 ἱστορῆταιν.
1208 4055 1392 4119 Ὥστε,
1430 4055 1478 4107 εί
1515 4030 1703 4126 μηδεὶς
1732 4030 1846 4109 ἓτεί

254 4166 343 4220 ρος
388 4147 700 4218 εὑρίσκοιτο
747 4145 989 4210 τοιοῦτος
1013 4188 1027 4212 ,
1075 4147 1194 4218 ὥρα
1226 4147 1317 4201 τὸν
1363 4147 1839 4220 προφητευόμενον

250 4243 348 4295 καὶ
382 4239 474 4295 διὰ
521 4238 730 4293 τούτων
768 4239 1050 4311 ὁμολογεῖν
1088 4239 1248 4310 μόνον
1288 4235 1424 4294 εἶναι
1474 4241 1565 4293 τὸν
1611 4240 1840 4312 Σωτῆρα

250 4334 346 4386 καὶ
397 4331 605 4402 Κύριον
652 4332 844 4403 ήμῶν,
887 4330 979 4384 τὸν
1026 4332 1120 4385 καὶ
1174 4333 1231 4386 ὲν
1281 4333 1489 4404 ἑτέροις
1536 4350 1555 4383 ι
1587 4332 1702 4403 φῶς
1742 4334 1835 4386 τοῦ

251 4425 459 4495 κόσμου
489 4425 584 4477 καὶ
615 4423 731 4493 φῶς
758 4424 866 4478 τῶν
902 4423 1073 4477 ἐθνῶν
1107 4444 1126 4477 ι
1167 4425 1626 4497 ἀνηγορευμένον.
1666 4425 1840 4489 Αὐτὸς

1943 3235 2150 3290 stitiam
2174 3235 2229 3289 in
2268 3242 2468 3289 terra.»
2506 3231 2664 3298 Quod
2695 3232 2738 3287 si
2770 3232 2899 3301 quis
2930 3229 3084 3284 dicat
3115 3230 3169 3283 in
3202 3228 3288 3283 his
3322 3224 3513 3283 Jesum

1942 3329 2109 3383 tilium
2144 3327 2374 3384 Josedec
2401 3325 2719 3396 signiﬁcari,
2750 3324 3041 3379 dicendum
3067 3323 3172 3377 erit
3198 3320 3344 3392 quod
3377 3319 3518 3374 ratio

1942 3420 2057 3475 haec
2111 3420 2189 3474 illi
2247 3428 2501 3475 constare
2551 3432 2660 3473 non
2695 3423 2893 3487 potest.
2945 3414 3081 3469 Nam
3124 3415 3212 3470 hic
3246 3428 3424 3484 neque
3449 3412 3518 3468 de

1942 3527 2137 3584 genere
2183 3511 2356 3567 David
2385 3510 2510 3574 l‘uit,
2555 3525 2733 3580 neque
2788 3516 3045 3577 tanquam
3099 3523 3193 3562 rex
3252 3504 3516 3576 regnavit.

1940 3605 2226 3671 Quomodo
2259 3612 2439 3659 autem
2469 3603 2545 3658 illi
2572 3610 2751 3674 potest
2784 3598 3188 3656 accommodari
3211 3597 3376 3657 illud,
3415 3613 3436 3647 ι
3465 3605 3520 3651 et

1942 3696 2113 3751 David
2138 3711 2320 3766 regem
2362 3696 2644 3751 suscitabo
2675 3694 2769 3750 ei?
2808 3714 2827 3746 ι
2866 3707 2990 3747 cum
3025 3700 3079 3747 et
3109 3706 3177 3747 ex
3208 3688 3355 3744 tribu
3387 3686 3518 3743 Levi

1940 3797 1995 3843 et
2042 3803 2110 3842 ex
2142 3787 2336 3842 ordine
2390 3785 2672 3856 pontiﬁcio
2715 3783 2898 3847 fuerit,
2929 3790 2983 3837 et
3036 3795 3232 3852 genere
3263 3793 3292 3833 a
3345 3776 3515 3833 David

1942 3879 2176 3941 alienus,
2229 3893 2407 3948 neque
2445 3892 2540 3932 rex
2594 3877 2707 3930 ullo
2746 3876 2907 3930 modo
2948 3873 3226 3929 exstitisse
3249 3886 3516 3926 memon-

1941 3971 2065 4026 tur?
2095 3985 2265 4041 quare
2297 3969 2344 4027 si
2380 3971 2563 4026 nullus
2594 3970 2736 4025 alius
2786 3968 3061 4024 invenitur
3101 3966 3228 4020 talis
3251 4005 3267 4026 .
3300 3971 3515 4034 tempus

1936 4063 2048 4133 jam
2083 4061 2246 4117 fuerit
2271 4076 2394 4117 eum
2427 4061 2497 4117 de
2519 4077 2629 4132 quo
2667 4062 2719 4114 in
2758 4060 2844 4116 his
2873 4059 3113 4115 oraculis
3142 4055 3345 4112 mentio
3376 4054 3516 4109 facta

1939 4159 2043 4218 est,
2075 4159 2128 4207 et
2155 4151 2222 4207 de
2248 4168 2358 4222 quo
2387 4152 2476 4205 illa
2512 4153 2781 4222 praecipue
2839 4148 3320 4221 loquuntur,fateri
3346 4162 3513 4202 unum

1938 4259 2064 4300 esse
2099 4242 2437 4299 Salvatorem
2468 4260 2531 4298 ac
2557 4243 2843 4299 Dominum
2874 4252 3147 4306 nostrum,
3181 4241 3274 4312 qui
3307 4240 3436 4294 alibi
3465 4246 3520 4293 ct

1946 4355 1964 4386 ι
1996 4335 2085 4389 lux
2103 4335 2289 4390 mundi
2311 4341 2365 4391 et
2384 4335 2569 4389 lumen
2597 4336 2836 4406 gentium
2869 4353 2888 4385 ι
2929 4341 3175 4388 vocatur.
3212 4333 3332 4401 Ipse
3352 4330 3520 4400 igitur

1940 4427 2103 4482 etiam
2140 4427 2245 4483 hoc
2277 4428 2401 4482 loco
2438 4426 2601 4482 fuerit
2630 4428 2698 4481 de
2727 4442 2837 4497 quo
2864 4425 3125 4497 propheta
3173 4424 3434 4494 loquitur,
3465 4430 3521 4476 et

249 4515 543 4586 τοιγαροῦν
583 4516 668 4587 εἴη
714 4514 782 4569 ἂν
822 4514 1103 4569 κάνταῦθα
1128 4517 1157 4570 ὁ
1193 4517 1703 4588 προφητευόμενος,
1743 4517 1835 4571 καὶ
1869 4560 1870 4565 η

1943 4534 2074 4574 sane
2108 4519 2313 4591 absque
2351 4519 2634 4575 mendacio
2677 4519 2927 4575 constitit
2978 4517 3319 4572 vaticinium.
3355 4514 3518 4569 Solus

252 4608 584 4678 συνέστηκεν
633 4606 871 4678 ἀψευδὴς
917 4610 950 4679 ή
998 4608 1325 4680 πρόρρησις.
1387 4609 1562 4672 Μόνος
1617 4608 1724 4680 γὰρ
1772 4611 1836 4661 ὲκ

252 4702 570 4775 σπέρματος
621 4699 785 4754 Δαϐὶδ
848 4699 1153 4771 ὁμωνύμως
1207 4700 1287 4771 τῷ
1344 4702 1648 4774 προπάτορι
1694 4701 1838 4756 κατά

248 4793 521 4858 διάνοιαν,
564 4793 685 4847 ἐπεὶ
721 4794 1084 4864 ἑρμηνεύεται
1130 4811 1149 4844 ι
1179 4793 1400 4858 δυνατὸς
1434 4795 1610 4865 χειρὶ,
1647 4814 1664 4846 ι
1702 4813 1838 4867 χρη-

238 4885 531 4958 ματίσας,
570 4905 588 4937 ι
619 4889 794 4958 κρῖμα
841 4885 932 4939 καὶ
975 4884 1321 4958 δικαιοσύνην
1352 4906 1369 4938 ι
1409 4886 1499 4940 διὰ
1537 4888 1636 4959 τῆς
1668 4885 1833 4940 αὑτοῦ

246 4976 600 5039 διδασκαλίας
628 4980 743 5040 τοῖς
775 4978 867 5031 ἐπὶ
886 4978 989 5048 γῆς
1018 4977 1221 5031 ἅπασιν
1252 4978 1484 5050 ἐκήρυξε
1503 5019 1517 5043 ,
1552 4980 1645 5033 καὶ
1676 4979 1834 5049 μόνος

248 5067 360 5124 τῶν
388 5067 607 5122 πώποτε
638 5069 739 5123 οὐκ
770 5071 862 5123 ἐπὶ
889 5070 1087 5143 μέρους
1116 5070 1429 5125 ἐϐασίλευσε
1459 5072 1558 5142 τῆς
1584 5070 1835 5142 οίκουμέ-

249 5179 350 5233 νης
370 5202 387 5226 ,
415 5159 551 5221 ἀλλά
578 5161 671 5214 ἐπὶ
693 5162 875 5214 πᾶσαν
904 5161 1002 5233 τὴν
1033 5160 1156 5234 γῆν,
1181 5163 1275 5216 καὶ
1308 5163 1468 5233 μόνος
1495 5161 1732 5215 ἀνέτειλε
1755 5161 1836 5215 δι-

247 5253 581 5325 καιοσύνην,
615 5241 924 5317 ἀκολούθως
964 5255 1058 5309 καὶ
1082 5253 1161 5326 τῷ
1188 5256 1246 5308 ὲν
1272 5253 1473 5325 ψαλμῷ
1508 5254 1637 5322 napi.
1669 5252 1832 5308 αὐτοῦ

244 5344 567 5422 λεγομένῳλ
620 5364 638 5397 ι
679 5345 955 5400 Ἀνατελεῖ
988 5349 1047 5400 ἐν
1096 5348 1218 5410 ταῖς
1266 5346 1503 5418 ήμέραις
1545 5345 1711 5400 αὑτοῦ
1752 5346 1832 5401 δι-

245 5438 535 5509 καιοσύνη,
574 5438 670 5493 καὶ⁵
716 5438 918 5510 πλῆθος
955 5441 1197 5510 εἰρήνης.
1249 5458 1267 5491 ι
1318 5438 1518 5503 Ἰούδας
1563 5439 1621 5509 δὲ
1665 5440 1834 5512 σωθη-

247 5532 478 5603 σόμενος
509 5533 604 5586 καὶ
656 5530 873 5604 Ἰσραὴλ
904 5533 962 5585 ἑν
992 5535 1111 5597 ταῖς
1139 5533 1375 5604 ἡμέραις
1422 5529 1585 5586 αὑτοῦ
1630 5531 1833 5596 πάντες

246 5624 385 5678 εἰσὶν
415 5624 466 5679 oi
504 5624 573 5695 τῇ
604 5622 671 5676 δι’
706 5621 874 5679 αὐτοῦ
917 5622 1197 5696 θεοσεϐείᾳ
1235 5622 1699 5696 προσεληλυθότες
1735 5624 1830 5678 τοῦ

325 5800 368 5832 ⁸⁸
408 5797 520 5856 Jer.
557 5815 699 5866 xxx,
734 5799 788 5865 8,
815 5801 848 5856 9
922 5801 966 5839 "
1004 5798 1234 5857 Malach.
1268 5815 1357 5866 tv,
1393 5799 1447 5855 9..

1943 4612 2086 4667 enim
2144 4612 2212 4667 de
2267 4613 2473 4668 semine
2518 4610 2686 4666 David
2740 4611 2836 4682 qui
2895 4612 3085 4667 eodem
3140 4610 3360 4664 nomine
3388 4620 3516 4662 cum

1942 4704 2128 4774 prisco
2165 4718 2267 4759 suo
2308 4713 2533 4775 parente
2564 4704 2631 4759 ad
2683 4718 2906 4760 sensum
2953 4702 3025 4758 sit
3052 4700 3259 4763 dictus,
3298 4698 3520 4770 quando

1944 4812 2011 4853 ex
2051 4797 2497 4866 interpretatione
2540 4797 2630 4852 ille
2658 4803 2743 4852 est
2787 4810 2951 4850 manu
2990 4801 3206 4865 potens,
3245 4790 3515 4863 judicium

1942 4897 1998 4945 et
2025 4888 2293 4959 justitiam
2346 4904 2444 4959 per
2487 4903 2642 4944 suam
2687 4888 2860 4959 ipsius
2906 4886 3212 4941 doctrinam
3262 4880 3522 4939 omnibus

1942 4981 2034 5052 qui
2082 4988 2267 5036 essent
2294 4982 2349 5035 in
2386 4988 2530 5037 terra
2561 4980 2864 5043 nuntiavit,
2896 4986 2950 5034 et
2975 4978 3126 5035 solus
3157 4974 3402 5030 omnium
3427 4987 3524 5028 eo-

1941 5090 2065 5131 rum
2112 5076 2203 5145 qui
2240 5091 2480 5146 unquam
2514 5074 2717 5129 fuerint
2743 5088 2854 5127 non
2892 5071 2947 5125 in
2970 5078 3126 5141 parte
3153 5068 3335 5138 aliqua
3367 5063 3522 5121 orbis

1941 5172 2212 5242 regnavit,
2244 5170 2337 5224 sed
2379 5170 2433 5224 in
2479 5170 2627 5223 omni
2683 5181 2912 5239 prorsus
2950 5174 3120 5228 terra,
3172 5169 3228 5218 et
3274 5160 3427 5217 solus
3460 5169 3521 5213 ut

1941 5261 2247 5341 exoriretur
2282 5260 2497 5330 juSIitia
2530 5268 2724 5313 auctor
2768 5255 2872 5311 fuit
2904 5298 2920 5321 ,
2956 5251 3416 5325 quemadmodum
3450 5248 3521 5303 de

1940 5349 2062 5419 ipso
2092 5336 2147 5401 in
2173 5348 2386 5418 psalmo
2416 5346 2624 5401 dictum
2652 5351 2758 5407 est,
2789 5361 2808 5394 ι
2840 5342 3049 5397 orietur
3076 5341 3134 5396 in
3166 5337 3363 5395 diebus
3394 5336 3519 5404 ejus

1934 5439 2149 5511 justitia
2170 5446 2225 5495 et
2247 5438 2580 5494 abundantia
2604 5439 2758 5508 pacis
2783 5438 2849 5492 ".
2890 5456 2908 5487 ι
2943 5433 3114 5490 Judas
3139 5441 3323 5488 autem
3352 5442 3518 5500 atque

1938 5534 2131 5596 Israel,
2164 5532 2257 5602 qui
2300 5531 2357 5585 in
2382 5531 2576 5586 diebus
2606 5529 2755 5585 illius
2811 5527 3064 5583 servandi
3121 5532 3272 5587 sunt,
3323 5537 3516 5579 omnes

1939 5630 2069 5680 sunt
2100 5622 2192 5695 qui
2229 5622 2376 5678 illius
2409 5622 2666 5694 pietatem
2703 5635 2768 5677 ac
2806 5620 3016 5675 cultum
3062 5634 3131 5679 αι
3155 5615 3387 5674 Iudaico
3418 5628 3515 5685 por

1530 5800 1572 5832 "
1611 5797 1839 5855 Zachar.
1875 5815 1964 5865 vi,
1999 5797 2085 5855 ιε.
2166 5799 2208 5831 ³⁸
2235 5795 2466 5855 Zachar.
2501 5812 2597 5863 III,
2631 5795 2686 5853 8.
2764 5796 2804 5829 "
2845 5791 2990 5851 Psal.
3024 5809 3191 5859 uxr,
3229 5793 3280 5850 7.
