3828 6220
307 344 413 402 563

981 338 1251 395 EUSEBII
1291 336 1768 394 CzESARIENSlS
1808 336 1958 394 OPP.
2001 335 2182 392 PARS
2221 330 2881 393 IL—APOLOCETICA.

3454 341 3562 397 561»

307 467 439 538 pulo
492 466 822 536 acceperint,
876 446 1114 536 apostoli
1161 463 1406 534 ejusdem
1442 473 1494 519 et
1537 464 1788 534 discipuli
1827 470 1869 518 el

1984 465 2047 517 ὲκ
2078 463 2378 535 περιτομῆς
2403 460 2556 525 λαοῦ,
2581 459 2868 514 ἀπόστολοί
2891 477 2952 513 τε
2977 458 3143 513 αὐτοῦ
3171 460 3263 514 καὶ
3297 459 3561 531 μαθηταὶ,

305 559 675 629 evangelista,
725 564 819 611 aut
852 557 1013 610 etiam
1068 571 1258 611 omnes
1284 556 1376 626 qui
1450 557 1505 611 in
1539 559 1758 611 occulto
1783 555 1881 611 Ju-

305 649 505 711 daeum,
529 661 831 717 verumque
854 645 1024 701 lsrael
1052 656 1397 711 conservent,
1424 662 1547 701 eum
1574 649 1760 718 utique
1788 649 1911 717 qui_

305 740 609 797 secundum
664 739 985 794 sententiam
1045 738 1212 792 Deum
1263 736 1467 793 videat.
1506 757 1525 790 ι
1570 738 1689 794 Νοη
1736 740 1880 793 enim

303 832 398 904 qui
432 832 487 886 in
520 842 708 902 aperto
741 829 963 886 Iudaeus
1000 840 1104 894 est,
1146 831 1323 901 inquit
1361 830 1677 901 Apostolus,
1704 848 1881 901 neque

307 937 427 994 quae
459 922 512 976 in
546 929 736 984 aperto
771 923 824 975 in
858 936 1024 975 carne
1053 928 1138 975 est
1169 921 1538 987 circumcisio,
1579 922 1672 978 sed
1703 924 1793 992 qui
1825 923 1879 976 in

303 1015 521 1070 occulto
541 1013 780 1073 Judzeus.
810 1022 865 1068 et
895 1013 1243 1068 circumcisio
1269 1013 1450 1068 cordis
1472 1013 1527 1068 in
1547 1015 1878 1084 spiritu,non

303 1107 357 1161 in
384 1107 583 1171 littera,
617 1107 774 1176 cujus
800 1106 921 1161 laus
949 1121 1057 1159 non
1075 1121 1140 1160 ex
1173 1105 1511 1169 hominibus,
1549 1107 1643 1161 sed
1671 1122 1735 1161 ex
1772 1107 1879 1159 Deo

300 1206 385 1256 est
408 1199 472 1261 “',
517 1218 537 1250 ι
569 1197 679 1253 llos
708 1198 879 1269 igitur
905 1214 971 1253 ex
992 1196 1196 1251 Christi
1241 1198 1526 1252 vocatione
1554 1196 1801 1252 Judaeum
1821 1199 1875 1251 in

300 1289 516 1343 occulto
547 1298 597 1344 et
629 1303 816 1343 verum
837 1288 1003 1342 lsrael
1034 1289 1333 1344 referentes
1363 1289 1472 1342 alio
1505 1289 1727 1344 nomine
1755 1305 1878 1345 esse

300 1380 578 1436 vocandas
601 1380 757 1443 dicit,
788 1395 899 1434 non
942 1379 1130 1450 utique
1172 1379 1390 1436 Iudaeos
1420 1388 1513 1434 aut
1557 1380 1745 1445 Israel,
1781 1381 1877 1436 sed

300 1487 443 1526 novo
489 1472 723 1543 quodam
767 1483 964 1542 praeter
1023 1472 1156 1526 haec.
1198 1470 1363 1543 359
1400 1469 1513 1525 Hoc
1558 1471 1738 1536 enim,
1794 1472 1878 1527 in-

297 1564 438 1633 quit.
470 1579 689 1627 nomen,
733 1578 844 1634 quo
872 1563 1088 1618 vocabit
1117 1578 1213 1617 eos
1252 1561 1517 1618 Dominus
1546 1562 1874 1627 Josedecim,

298 1654 442 1724 quod
496 1671 561 1709 ex
600 1655 1048 1724 interpretatione
1100 1661 1185 1708 est
1217 1693 1231 1716 ,
1281 1654 1371 1722 qui
1409 1653 1546 1721 justi
1587 1665 1709 1706 sunt
1756 1652 1872 1710 Dei.

294 1746 596 1803 Considera
644 1755 831 1802 autem
890 1763 1022 1801 num
1081 1746 1311 1801 forsitan
1360 1760 1391 1799 a
1444 1745 1612 1802 Josue
1672 1747 1873 1802 factum

1985 556 2078 609 καὶ
2113 554 2515 623 εὐαγγελισταὶ,
2549 552 2581 624 ἢ
2613 553 2707 606 καὶ
2748 551 2948 616 πάντες
2993 554 3043 605 οἱ
3092 552 3185 605 τὸν
3237 553 3294 605 ὲν
3334 550 3566 625 κρυπτῷ

1997 646 2245 700 Ἰουδαῖον
2272 646 2367 699 καὶ
2398 645 2491 698 τὸν
2511 643 2764 713 ἀληθινὸν
2793 643 3011 716 Ἰσραήλ
3041 643 3130 696 τὸν
3155 644 3296 698 κατά
3322 644 3566 700 διάνοιαν

1982 741 2191 813 ὁρῶντα
2237 740 2370 792 Θεὸν
2412 736 2806 800 ἀποσώζοντες.
2847 757 2867 788 ι
2896 738 2970 790 Οὐ
3009 736 3117 807 γὰρ
3159 740 3187 790 6
3233 739 3291 790 ὲν
3343 733 3561 806 φανερῷ

1994 832 2242 894 Ἰουδαῖός
2273 833 2388 884 ἐστι
2407 871 2422 895 ,
2455 848 2473 880 ›
2506 830 2668 898 φησὶν
2692 831 2721 882 6
2757 828 3106 890 Ἀπόστολος,
3140 847 3159 880 ι
3187 829 3305 882 οὐδὲ
3331 827 3363 893 ἡ
3393 830 3451 881 ὲν
3484 831 3564 899 τῷ

1983 923 2199 995 φανερῷ
2230 926 2286 976 ἐν
2322 921 2486 993 σαρκὶ
2534 920 2805 992 περιτομὴ
2828 962 2844 986 ,
2891 920 3006 973 ἀλλ’
3039 923 3067 974 6
3116 922 3174 975 ὲν
3209 920 3289 989 τῷ
3332 918 3563 992 κρυπτῷ

1993 1016 2279 1080 Ἰουδαῖος,
2320 1014 2416 1067 καὶ
2464 1013 2735 1085 περιτομὴ
2769 1011 2994 1083 καρδίας
3037 1013 3096 1065 ἐν
3144 1011 3442 1083 πνεύματι,
3497 1013 3562 1066 οὐ

1980 1109 2306 1181 γράμματι,
2344 1101 2405 1160 οὗ
2437 1106 2466 1158 6
2490 1106 2711 1168 ἔπαινος
2748 1105 2849 1157 οὐκ
2876 1102 2936 1168 ἐξ
2961 1103 3293 1175 ἀνθρώπων,
3326 1104 3463 1158 ἀλλά
3496 1108 3564 1160 ἐκ

1980 1199 2073 1253 τοῦ
2109 1198 2264 1251 Θεοῦ.
2302 1216 2321 1249 ι
2362 1196 2598 1260 Τούτους
2631 1193 2722 1250 οὖν
2749 1196 2836 1250 διά
2864 1196 2964 1266 τῆς
3006 1196 3097 1249 τοῦ
3139 1197 3374 1269 Χριστοῦ
3427 1196 3562 1267 κλή-

1982 1306 2117 1351 σεως
2144 1287 2234 1340 τὸν
2256 1290 2313 1340 ἐν
2336 1286 2563 1359 κρυπτῷ
2596 1287 2847 1340 Ἰουδαῖον
2875 1285 3081 1340 καὶτὸν
3103 1286 3316 1356 ἀληθῶς
3341 1286 3559 1357 Ἰσραὴλ

1980 1383 2241 1453 φέροντας
2283 1381 2454 1453 ἑτέρῳ
2484 1381 2616 1452 φησὶ
2659 1380 3025 1453 κληθήσεσθαι
3055 1381 3319 1450 ὀνόματι,
3351 1382 3471 1452 οὐχὶ
3501 1380 3560 1432 δὲ

1978 1472 2056 1543 τῷ
2086 1470 2181 1524 τοῦ
2212 1471 2495 1536 Ἰουδαίου,
2538 1471 2657 1524 οὐδὲ
2690 1470 2772 1542 τῷ
2801 1470 2895 1524 τοῦ
2948 1470 3198 1544 Ἰσραὴλ,
3242 1470 3379 1525 ἀλλά
3423 1470 3561 1544 ξένῳ

1976 1562 2086 1616 τινὶ
2114 1561 2267 1635 παρά
2307 1562 2499 1616 ταῦτα.
2529 1562 2701 1616 Τοῦτο
2734 1563 2841 1635 γάρ
2867 1579 3000 1633 φησι
3027 1561 3090 1614 τὸ
3119 1561 3308 1632 ὄνομα,
3341 1561 3370 1614 ὃ
3394 1561 3560 1615 καλέ-

1980 1673 2062 1708 σει
2096 1655 2294 1718 αὐτοὺς
2330 1653 2537 1725 Κύριος
2574 1655 2915 1725 Ἰωσεδεκεὶμ
2937 1694 2953 1721 ,
2990 1654 3128 1725 ὅπερ
3158 1653 3516 1724 ἑρμηνεύεται
3541 1696 3561 1720 ,

1978 1751 2031 1801 οὶ
2058 1747 2163 1801 τοῦ
2186 1747 2334 1801 Θεοῦ
2360 1747 2575 1802 δίκαοι.
2633 1748 2924 1819 Ἐφίστημι
2956 1746 3014 1799 δὲ
3048 1747 3121 1817 μή
3159 1763 3288 1799 ποτε
3322 1763 3560 1816 πεποιη-

297 1838 369 1892 sit
416 1851 638 1901 nomen,
676 1845 730 1891 et
751 1835 1057 1891 Josedecim
1103 1837 1355 1906 discipuli
1376 1834 1506 1892 Jesu
1535 1838 1869 1909 appellentur

1979 1837 2140 1909 μένον
2180 1838 2300 1890 ἐστὶ
2335 1837 2573 1909 τοῦνομα
2601 1837 2707 1890 ἀπὸ
2733 1836 2827 1889 τοῦ
2862 1836 3059 1890 Ἰοσουὲ
3109 1834 3449 1906 Ἰωσεδεκεὶμ
3470 1874 3484 1900 ,
3528 1835 3558 1887 ὃ

294 1927 438 1998 apud
461 1927 652 1992 Deum,
666 1927 760 1998 qui
777 1928 920 1996 apud
937 1927 1185 1984 homines
1201 1928 1418 1998 quidem
1433 1929 1621 1985 Graeco
1637 1930 1873 2001 quodam

294 2035 447 2074 more
478 2035 509 2072 a
534 2017 754 2074 Christo
783 2017 1225 2083 deuominentur,
1251 2019 1520 2077 Hebraica
1555 2031 1733 2077 autem
1772 2023 1875 2076 lin-

296 2127 402 2181 gua
429 2118 539 2165 tam
571 2110 714 2180 apud
746 2111 894 2180 ipsos
921 2126 1084 2181 quam
1123 2113 1268 2182 apud
1306 2114 1623 2183 prophetas,
1658 2115 1728 2170 ab
1756 2115 1874 2185 ipso

294 2200 424 2257 Jesu
457 2209 715 2271 tauquam
753 2217 848 2271 per
896 2202 1047 2255 illum
1080 2205 1276 2258 servati
1301 2203 1622 2260 Josedecim.
1659 2205 1737 2260 Ex
1764 2222 1874 2276 quo

294 2293 429 2348 illud
456 2292 662 2347 dictum
691 2302 795 2360 est,
836 2311 855 2345 ι
896 2303 951 2350 et
982 2295 1086 2349 hoc
1118 2311 1315 2351 nomen
1347 2312 1455 2366 quo
1513 2298 1732 2353 vocabit
1775 2313 1872 2353 eos

294 2384 558 2439 Dominus
605 2382 908 2441 Josedecim
961 2387 1107 2442 inter
1155 2389 1468 2460 prophetas.
1509 2408 1528 2442 ι
1591 2387 1728 2443 Nam
1778 2393 1868 2460 qui

294 2477 417 2545 ejus
446 2476 516 2531 de
544 2492 653 2547 quo
684 2477 967 2548 prophetia
1002 2479 1265 2549 loquitur,
1294 2480 1490 2551 inquit,
1522 2481 1756 2551 populus
1787 2481 1874 2536 fu-

294 2577 458 2623 turus
479 2575 583 2636 est,
615 2583 739 2622 cum
771 2569 838 2623 ad
872 2585 1095 2625 sensum
1119 2580 1375 2641 acceptus
1400 2570 1568 2627 Judas
1603 2574 1675 2628 sit
1704 2579 1869 2643 atque

291 2658 481 2724 Israel,
511 2660 580 2715 ab
601 2658 769 2716 Josue
792 2662 1167 2717 nominabitur
1186 2660 1514 2727 Josedecim,
1547 2674 1711 2735 atque
1743 2665 1866 2728 hac,

290 2754 492 2822 inquit,
527 2753 891 2824 appellatione
916 2754 1261 2809 vocabuntur
1289 2771 1397 2809 non
1423 2756 1567 2825 apud
1593 2757 1865 2819 homines,

292 2845 389 2901 sed
432 2846 576 2917 apud
608 2843 776 2901 Deum
801 2885 814 2908 ,
847 2852 902 2900 et
944 2845 1087 2915 apud
1129 2845 1419 2915 prophetas
1464 2846 1603 2915 ejus.
1637 2845 1871 2902 Attende

289 2938 437 2991 enim
489 2937 779 3008 diligenter
808 2936 987 3007 ipsum
1035 2938 1343 3001 oraculum,
1399 2937 1528 2992 dum
1572 2937 1649 2991 ait
1685 2956 1698 2991 :
1740 2955 1760 2987 ι
1814 2945 1868 2992 et

290 3027 397 3082 hoc
438 3042 661 3091 nomen,
698 3041 807 3098 quo
848 3028 1070 3082 vocabit
1113 3042 1208 3082 eos
1245 3025 1528 3093 Dominus,
1560 3026 1865 3083 Josedecim

204 3142 207 3143 ν
291 3119 436 3174 inter
458 3119 775 3190 prophetas,
818 3138 837 3172 ι
873 3121 1018 3190 quod
1041 3134 1261 3181 nomen,
1288 3127 1346 3174 ut
1374 3120 1506 3179 dixi.
1536 3121 1591 3175 in
1618 3127 1863 3175 nostrain

290 3210 531 3280 linguam
562 3224 885 3265 conversum
928 3212 1110 3280 justos
1143 3210 1236 3265 Dei
1269 3211 1558 3281 signiﬁcat.
1591 3211 1726 3265 Cum
1768 3226 1865 3263 au-
1893 3191 1937 3251 (ἶ

293 3308 402 3355 tem
437 3300 490 3354 hi
523 3300 605 3357 sic
635 3301 885 3357 servandi
917 3303 1048 3368 sint,
1091 3304 1372 3373 antiquum
1419 3311 1472 3358 et
1516 3320 1679 3375 grave
1723 3319 1868 3359 acer-

288 3390 646 3448 bissimorum
690 3392 997 3448 daemonum
1043 3410 1101 3450 se
1149 3396 1510 3450 eontriturum
1555 3397 1780 3467 jugum,
1813 3406 1868 3452 et

292 3485 496 3554 quibus
526 3492 687 3540 antea
732 3485 1058 3541 tenebantur
1090 3486 1380 3556 impietatis
1418 3488 1676 3551 vinculis,
1704 3505 1768 3545 ea
1806 3506 1866 3545 se

295 3576 697 3648 perfracturum
756 3578 1046 3647 pollicetur
1090 3578 1251 3635 Deus.
1282 3579 1550 3646 Quocirca
1600 3598 1709 3637 non
1752 3599 1866 3637 am-

295 3671 438 3741 plius
468 3670 661 3728 alienis
710 3671 1031 3734 inservient,
1071 3673 1167 3728 sed
1200 3674 1291 3727 uni
1327 3674 1430 3744 ipsi
1473 3673 1710 3730 fructum
1741 3691 1868 3745 gra-

294 3763 566 3820 tissimum
601 3762 849 3819 afferent.
881 3762 1000 3819 Huc
1033 3767 1169 3822 adde
1206 3770 1337 3824 illud
1369 3772 1513 3841 quod
1537 3773 1592 3825 in
1627 3769 1868 3823 secundo

290 3855 503 3924 psalmo
522 3853 592 3910 de
611 3854 847 3910 adventu
867 3855 1493 3931 Christi,vocationeque
1514 3863 1753 3932 gentium
1783 3860 1867 3916 di~

292 3947 368 4002 cit
394 3945 680 4002 oraculum
718 3965 732 4001 :
781 3965 801 3999 ι
856 3946 1242 4017 Dirumpamus
1286 3950 1507 4006 vincula
1555 3967 1766 4015 eorum,
1812 3958 1867 4005 et

289 4038 647 4109 projiciamus
697 4052 728 4093 a
763 4039 922 4095 nobis
950 4038 1143 4109 jugum
1186 4039 1428 4111 ipsorum
1472 4042 1544 4099 ‘9;
1590 4052 1611 4086 ι
1641 4040 1729 4097 cui
1780 4055 1868 4096 co-

288 4139 517 4202 gnatum
541 4138 597 4186 et
628 4131 808 4187 simile
832 4146 956 4186 esse
990 4131 1229 4186 arbitror
1255 4136 1399 4201 quod
1429 4146 1575 4187 nunc
1603 4134 1657 4186 in
1689 4134 1866 4187 mani-

287 4222 394 4278 bus
435 4230 541 4286 est,
564 4223 800 4278 dicens:
844 4240 862 4274 ι
898 4223 958 4277 In
991 4223 1079 4278 die
1107 4223 1220 4286 illa,
1256 4223 1391 4277 dixit
1416 4221 1701 4290 Dominus,
1733 4239 1866 4278 con-

287 4321 461 4369 teram
472 4312 663 4383 jugum
684 4313 751 4369 de
766 4314 908 4368 collo
938 4328 1149 4376 eorum,
1178 4322 1232 4368 et
1259 4313 1473 4367 vincula
1513 4328 1702 4368 eorum
1732 4329 1864 4369 con-

287 4405 546 4476 fringam,
568 4421 746 4477 neque
765 4406 1134 4475 operabuntur
1151 4406 1382 4474 amplius
1404 4405 1511 4460 diis
1529 4406 1743 4470 alienis,
1769 4407 1864 4462 sed

1978 1930 2128 2000 ποιρά
2151 1929 2228 2001 τῷ
2253 1929 2371 2001 Θεῷ
2397 1931 2447 1983 οἱ
2475 1929 2568 1983 τοῦ
2604 1927 2781 1999 Ἰησοῦ
2814 1927 3054 2000 μαθηταὶ
3081 1928 3395 1999 κέκληνται,
3422 1927 3555 1996 παρ’

1974 2021 2283 2093 ἀνθρώποις
2307 2024 2412 2093 μὴν
2440 2021 2863 2093 ἑλληνικώτερον
2891 2018 3421 2092 προσαγορευόμενοι
3447 2018 3557 2070 ἀπὸ

1972 2111 2073 2182 τῆς
2101 2111 2194 2164 τοῦ
2217 2111 2455 2183 Χριστοῦ
2481 2110 2861 2184 παρωνυμίας,
2893 2110 3035 2164 κατά
3066 2110 3123 2162 δὲ
3153 2110 3252 2180 τὴν
3286 2108 3560 2180 Ἐϐραίων

1975 2203 2157 2275 φωνὴν
2183 2204 2274 2257 καὶ
2294 2202 2445 2276 παρά
2475 2204 2657 2266 αὐτοῖς
2682 2206 2793 2265 τοῖς
2819 2202 3154 2273 προφήταις,
3180 2201 3287 2254 ἀπὸ
3316 2200 3408 2254 τοῦ
3447 2201 3559 2269 Ἰη-

1975 2295 2089 2359 σοῦ,
2123 2295 2198 2359 ὼς
2228 2295 2294 2349 ἂν
2336 2295 2403 2349 δι’
2445 2294 2611 2349 αὐτοῦ
2652 2294 3005 2365 σεσωσμένοι,
3070 2293 3429 2363 Ἰωσεδεκείμ.
3461 2292 3555 2344 Διὸ

1973 2385 2248 2451 λέλεκται,
2286 2388 2408 2440 «καὶ
2435 2386 2599 2440 τοῦτο
2623 2388 2683 2441 τὸ
2715 2387 2885 2458 ὄνομα
2918 2387 2946 2440 ὃ
2972 2386 3190 2440 καλέσει
3216 2386 3411 2447 αὐτοὺς
3442 2383 3556 2437 K6-

1973 2497 2107 2551 ριος,
2144 2479 2484 2551 Ἰωσεδεκεὶμ
2516 2482 2574 2534 ὲν
2598 2483 2711 2544 τοῖς
2742 2480 3180 2552 προφήταις.›’0
3212 2479 3275 2549 δὴ
3307 2474 3400 2532 οὖν
3428 2478 3559 2548 μέλε

1971 2572 2098 2637 λων,
2138 2574 2291 2644 φησὶ,
2325 2573 2413 2627 διὰ
2430 2572 2525 2626 τοῦ
2558 2574 3038 2645 προφητεύομένου
3075 2573 3226 2637 λαὸς,
3258 2572 3399 2626 κατά
3437 2572 3558 2625 διά-

1971 2682 2119 2720 νοιαν
2154 2666 2352 2730 Ἰούδας
2386 2667 2537 2730 ὄντες
2566 2668 2658 2721 καὶ
2690 2667 2904 2740 Ἰσραὴλ
2926 2708 2940 2731 ,
2963 2667 3420 2738 ὀνομασθήσονται
3445 2664 3558 2718 ἀπὸ

1968 2757 2063 2811 τοῦ
2102 2756 2299 2810 Ἰοσουὲ
2341 2755 2701 2826 Ἱωσεδεκεὶμ,
2728 2759 2823 2811 καὶ
2846 2756 3021 2827 τούτῳ
3049 2756 3114 2825 γε
3144 2772 3308 2826 φησι,
3341 2753 3555 2824 κληθή-

1972 2864 2153 2901 σονται
2177 2845 2255 2916 τῷ
2279 2846 2629 2917 προσρήματι
2655 2847 2715 2898 ού
2747 2847 2877 2918 παρ’
2900 2844 3225 2917 ἀνθρώποις,
3250 2843 3385 2897 ἀλλὰ
3418 2844 3551 2914 παρ’

1970 2938 2118 3010 αὐτῷ
2150 2938 2227 3010 τῷ
2248 2938 2387 3009 Θεῷ,
2411 2940 2506 2993 καὶ
2532 2937 2684 3009 παρὰ
2715 2940 2826 3000 τοῖς
2860 2938 3166 3009 προφήταις
3193 2933 3379 2987 αὑτοῦ.
3396 2935 3554 2985 Ἐπι-

1974 3032 2151 3103 μελῶς
2183 3032 2292 3105 γὰρ
2325 3032 2563 3103 πρόσχες
2601 3029 2680 3100 τῷ
2710 3029 2853 3099 λόγῳ
2888 3030 3154 3100 φήσαντι,
3207 3046 3226 3078 ι
3256 3027 3349 3080 καὶ
3391 3027 3553 3078 τοῦτο

1967 3126 2028 3178 τὸ
2053 3126 2250 3196 ὄνομα,
2285 3125 2314 3177 ὃ
2346 3124 2562 3179 καλεσει
2592 3123 2787 3186 αὐτοὺς
2824 3122 3055 3193 Κύριος,
3109 3119 3447 3188 Ἰωσεδεκεὶμ
3492 3120 3557 3171 ὲν

1967 3221 2082 3282 τοῖς
2138 3219 2461 3289 προφήταις.
2496 3235 2514 3268 ι
2564 3215 3051 3287 Μεταλαμϐάνεται
3105 3213 3189 3277 δὲ,
3251 3213 3327 3274 ὡς
3380 3210 3549 3280 ἔφην,

1968 3307 2202 3377 τοῦνομα
2226 3309 2305 3371 εἰς
2331 3309 2429 3378 τὴν
2447 3308 2709 3377 Ἐλλήνων
2730 3305 2933 3376 φωνὴν,
2956 3305 3006 3356 οί
3035 3301 3129 3356 τοῦ
3162 3300 3297 3355 Θεοῦ
3326 3300 3551 3353 δίκαιον

1968 3400 2171 3453 τούτων
2195 3400 2252 3453 δὲ
2280 3399 2451 3463 οὕτως
2484 3398 2878 3472 σωθησομένων
2900 3438 2914 3463 ,
2942 3397 3032 3450 τὸν
3063 3396 3291 3449 παλαιὸν
3324 3395 3416 3447 καὶ
3452 3391 3553 3462 βαρ

1973 3495 2067 3563 ρὺν
2095 3492 2204 3545 τῶν
2240 3491 2454 3564 πικρῶν
2481 3491 2755 3562 δαιμόνων
2776 3488 2939 3558 ζυγὸν
2967 3487 3277 3558 συντρίψειν
3299 3485 3395 3539 καὶ
3422 3485 3551 3547 τοὺς

1967 3579 2048 3647 οἷς
2098 3584 2160 3637 τὸ
2202 3585 2330 3656 πρὶν
2378 3583 2715 3655 συνείχοντο,
2761 3582 2994 3653 δεσμοὺς
3024 3581 3133 3634 τῶν
3185 3577 3552 3649 ἀσεϐημάτων

1966 3674 2277 3746 διαρῤήξειν
2327 3675 2355 3727 6
2394 3673 2526 3736 Θεὸς
2571 3671 2997 3741 ἐπαγγέλλεται,
3043 3670 3120 3732 ὡς
3161 3668 3358 3739 μηκέτι
3405 3667 3553 3729 θεοῖς

1968 3767 2268 3838 ἀλλοτρίοις
2297 3765 2567 3820 δουλεύειν
2611 3766 2807 3829 αὐτοὺς
2826 3805 2840 3829 ,
2888 3763 3033 3835 μόνῳ
3070 3761 3126 3815 δὲ
3157 3759 3306 3830 αὐτῷ
3337 3775 3552 3829 καρπο-

1970 3862 2156 3931 φορεῖν
2187 3858 2550 3930 ἀρεσκόντως.
2592 3856 2845 3928 Παράθες
2890 3854 2947 3907 δὲ
2978 3853 3188 3917 τούτοις
3230 3851 3288 3905 τὸ
3325 3854 3384 3903 ὲν
3425 3852 3553 3904 δευ-

1966 3950 2111 4021 τέρῳ
2148 3947 2347 4019 ψαλμῷ
2382 3948 2476 4000 ἐπὶ
2501 3949 2567 4018 τῇ
2598 3945 2693 3998 τοῦ
2722 3943 2960 4017 Χριστοῦ
3001 3942 3307 4015 παρουσίᾳ,
3350 3941 3446 3994 καὶ
3478 3942 3546 4011 τῇ

1966 4040 2073 4095 τῶν
2129 4041 2296 4095 ἐθνῶν
2343 4041 2534 4111 κλήσει
2579 4037 2786 4107 φάσκον
2844 4037 3057 4105 λόγιον,
3107 4054 3125 4087 ι
3152 4031 3547 4106 Διαρῤήξωμεν

1964 4134 2092 4197 τοὺς
2115 4132 2346 4204 δεσμοὺς
2377 4131 2578 4197 αὐτῶν,
2607 4131 2701 4185 καὶ
2727 4128 3121 4201 ἀποῤῥίψωμεν
3150 4127 3241 4195 ἀφ’
3272 4125 3429 4196 ἡμῶν
3452 4125 3546 4177 τὸν

1966 4223 2129 4295 ζυγὸν
2167 4224 2374 4290 αὐτῶν,
2409 4243 2427 4274 ι
2471 4216 2517 4291 ᾧ
2549 4222 2832 4292 συγγενὲς,
2879 4219 3141 4291 ἠγοῦμαι,
3191 4217 3448 4286 τυγχάνει
3486 4216 3549 4268 τὸ

1970 4317 2108 4388 μετὰ
2149 4320 2337 4389 χεῖρας
2379 4315 2576 4383 λέγον·
2632 4334 2650 4365 ι
2694 4315 2785 4367 Ἐν
2807 4315 2873 4384 τῇ
2919 4311 3105 4382 ἡμέρᾳ
3152 4309 3359 4382 ἐκείνῃ,
3422 4305 3546 4361 εἷπε

1965 4410 2168 4482 Κύριος
2188 4449 2201 4472 ,
2235 4407 2507 4479 συντρίψω
2552 4405 2719 4474 ζυγὸν
2759 4404 2867 4457 ἀπὸ
2894 4403 3166 4475 τραχήλου
3198 4402 3377 4455 αὐτῶν
3403 4443 3417 4468 ,
3451 4402 3548 4454 καὶ

287 4498 667 4568 operabuntur
691 4498 920 4554 Domino
950 4498 1061 4554 Deo
1088 4513 1211 4553 suo.
1252 4518 1270 4551 ι
1309 4498 1599 4566 Caeterum,
1625 4498 1771 4568 quod
1795 4498 1862 4553 de

1973 4502 2090 4564 τοὺς
2119 4501 2350 4571 δεσμοὺς
2376 4498 2553 4552 αὐτῶν
2580 4496 2887 4571 διαρῤήξω,
2917 4498 3011 4549 καὶ
3044 4497 3143 4551 οὐκ
3166 4495 3434 4566 ἐργῶνται
3465 4495 3549 4548 ἔτι

287 4591 471 4647 fructu
493 4591 713 4662 quidem
738 4592 949 4647 ventris
980 4590 1169 4654 David,
1201 4598 1254 4645 et
1273 4589 1341 4645 de
1375 4590 1584 4645 semine
1612 4588 1864 4645 Salomoo

286 4685 398 4748 nis,
437 4684 616 4755 deque
660 4684 847 4739 radice
882 4682 1038 4738 Jesse
1076 4681 1331 4738 Christus
1368 4681 1461 4737 Dei
1505 4683 1750 4738 oriturus
1792 4684 1865 4738 sit

287 4782 493 4846 dictus,
515 4781 666 4852 quod
685 4780 850 4836 etiam
881 4779 1062 4850 ipsum
1098 4777 1299 4833 factum
1342 4787 1446 4841 est,
1490 4777 1710 4848 quando
1737 4793 1862 4831 cum

288 4873 789 4929 innumerabilibus
821 4872 943 4927 aliis
981 4870 1460 4942 appellationibus,
1493 4871 1659 4924 etiam
1697 4869 1864 4924 David

283 4965 467 5036 ipsum
502 4964 691 5019 divina
723 4972 923 5018 vocant
952 4964 1195 5028 oracula,
1228 4963 1363 5019 satis
1398 4962 1612 5017 abunde
1659 4963 1864 5033 proba-

284 5057 463 5113 verint
493 5071 578 5120 ea,
611 5071 734 5126 quae
755 5056 868 5125 jam
901 5054 1046 5109 dicta
1078 5061 1225 5111 sunt.
1257 5053 1413 5120 Quod
1443 5068 1574 5108 vero
1600 5055 1764 5108 etiam
1796 5054 1871 5109 de

282 5149 433 5203 tribu
456 5146 594 5203 Iuda
630 5148 849 5202 dicatur
882 5148 1224 5218 proditurus,
1261 5162 1332 5201 ne
1350 5145 1702 5216 quaerendum
1732 5145 1861 5215 qui-

285 5242 409 5295 dem
461 5240 647 5305 fuerit,
683 5255 807 5296 cum
836 5256 902 5294 ex
933 5241 1037 5294 alia
1070 5239 1221 5294 nulla
1266 5238 1433 5302 tribu,
1468 5252 1632 5307 quam
1660 5252 1726 5291 ex
1757 5236 1861 5291 hac

287 5333 403 5400 ipsa
442 5343 595 5387 ortus
626 5333 699 5386 sit
727 5332 843 5401 ipse
876 5331 1064 5387 David.
1090 5330 1261 5385 Porro
1290 5330 1434 5384 idem
1463 5328 1569 5383 hoc
1598 5328 1860 5399 plenioris

283 5424 572 5491 cujusdam
608 5422 728 5478 ﬁdei
758 5424 929 5493 gratia
949 5423 1232 5479 oraculum
1259 5435 1475 5492 quoque
1512 5420 1642 5473 illud
1673 5425 1860 5474 osten~

282 5515 424 5572 derit
457 5514 602 5586 quod
646 5516 786 5587 apud
821 5514 1023 5571 Mosem
1054 5516 1112 5570 in
1152 5515 1300 5569 hunc
1330 5512 1551 5568 modum
1588 5527 1645 5568 se
1675 5511 1854 5567 habet.

356 5782 399 5814 "
441 5780 572 5837 [tom
630 5799 705 5854 ιι,
741 5784 909 5841 28-29
1013 5787 1057 5819 ¹⁹
1096 5782 1245 5843 Psal.
1280 5799 1352 5852 ιιι
1393 5784 1447 5839 3-

1967 4592 2107 4655 θεοῖς
2142 4590 2472 4661 ἀλλοτρίοις,
2504 4590 2620 4644 ἀλλ’
2662 4588 2930 4659 ὲργῶνται
2962 4587 3152 4661 Κυρίῳ
3191 4587 3269 4657 τῷ
3296 4586 3417 4657 Θεῷ
3452 4589 3551 4641 αύ-

1966 4685 2093 4739 τῶν.
2127 4705 2144 4737 ι
2202 4684 2341 4737 Ἀλλ’
2369 4684 2466 4736 ’ὄτι
2503 4684 2609 4754 μὲν
2634 4685 2699 4736 ὲκ
2748 4681 2960 4753 καρποῦ
2994 4681 3092 4750 τῆς
3132 4681 3338 4744 κοιλίας
3378 4680 3550 4734 Δαόὶδ

1967 4777 2061 4830 καὶ
2090 4778 2153 4830 ὲκ
2182 4776 2495 4846 σπέρματος
2521 4772 2853 4845 Σολομῶνος,
2886 4774 2980 4827 καὶ
3012 4774 3079 4827 ὲκ
3104 4772 3260 4844 ῥίζης
3291 4773 3492 4829 Ἰεσσαὶ
3517 4774 3548 4824 6

1967 4866 2200 4937 Χριστὸς
2231 4866 2324 4919 τοῦ
2360 4864 2514 4918 Θεοῦ·
2543 4860 2974 4934 γεννηθήσεσθαι
3011 4861 3366 4934 προείρηται,
3408 4861 3548 4932 ὅπερ

1966 4961 2060 5013 καὶ
2091 4958 2347 5026 γέγονεν,
2392 4958 2474 5010 ὅτι
2519 4955 2657 5027 μετὰ
2693 4955 2902 5026 μυρίων
2951 4954 3125 5009 ἄλλων
3161 4954 3547 5026 προσηγοριῶν

1970 5048 2064 5102 καὶ
2095 5048 2257 5102 Δαὸὶδ
2287 5046 2448 5101 αὐτὸν
2480 5045 2833 5117 ὀνομάζουσιν
2864 5047 2913 5098 oi
2947 5045 3080 5097 θεῖοι
3102 5043 3269 5111 λόγοι,
3292 5044 3550 5115 αὐτάρκη

1969 5140 2343 5195 πιστώσασθαι
2388 5139 2456 5192 τὰ
2506 5139 2792 5211 εἰρημένα.
2844 5138 2966 5191 Ὅτι
3010 5136 3067 5189 δὲ
3113 5136 3208 5189 καὶ
3251 5138 3318 5188 ἐκ
3370 5135 3544 5205 φυλῆς

1980 5231 2149 5286 Ἰούδα
2171 5231 2386 5300 λέγεται
2419 5229 2837 5303 προελεύσεσθαι
2857 5270 2873 5294 ,
2900 5229 3010 5282 οὐδ’
3040 5228 3107 5282 ἂν
3140 5226 3399 5300 ζητηθείη
3422 5266 3437 5289 ,
3466 5230 3552 5299 τῷ

1969 5324 2093 5396 μηδ’
2123 5323 2314 5395 ἐτέρας
2344 5323 2376 5396 ἢ
2404 5322 2506 5394 τῆς
2529 5321 2860 5394 δηλωθείσης
2904 5318 3077 5390 φυλῆς
3101 5318 3197 5372 καλ⁵
3219 5316 3384 5372 αὑτὸν
3409 5312 3558 5372 εἶναι

1965 5414 2056 5468 τὸν
2084 5415 2267 5469 Δαϐίδ.
2313 5415 2526 5469 Γένοιτο
2570 5414 2613 5467 δ’
2648 5413 2714 5467 ἂν
2761 5414 2825 5465 ὲκ
2867 5410 3184 5483 περιουσίας
3229 5408 3323 5463 καὶ
3354 5408 3549 5463 τούτου

1966 5509 2375 5581 παραστατικὸν
2409 5508 2470 5561 τὸ
2502 5506 2654 5579 παρὰ
2679 5508 2902 5561 Μωῡσεῖ
2931 5504 3143 5574 λόγιον,
3190 5500 3380 5555 τοῦτον
3422 5500 3549 5572 ἕχον
3594 5512 3601 5518 ‘

1964 5599 2055 5653 τὸν
2087 5601 2307 5654 τρόπον.
