3828 6220
182 327 297 382 565

259 514 509 595 θήσει-αι
529 558 554 594 1
575 518 671 569 καὶ
703 516 822 569 τῶν
850 517 1040 595 έᾷενῶν
1065 514 1399 588 προσδοκία
1441 526 1471 576 ό
1514 514 1770 590 Χριστὸς

262 587 372 639 τοῦ
410 587 557 638 Θεοῦ
578 587 1113 654 κατασταθήσεταιέ

266 735 286 767 α
329 717 531 782 Ἰούδα,
569 719 628 771 σέ
662 720 965 774 αἰνὲσουσιν
997 724 1046 776 οξ
1081 723 1298 792 ἀδελφοί
1341 743 1431 778 σου
1452 767 1467 791 ,
1502 728 1556 779 αἱ
1593 728 1771 800 χεῖρές

185 825 286 860 σου
317 810 410 862 ἐπὶ
434 809 603 863 νώτου
627 812 735 865 τῶν
765 813 974 884 ἐχθρῶν
1001 833 1114 880 σου,
1155 820 1588 890 προσκυνήσουσί
1619 838 1698 873 σοι
1722 823 1769 872 οί

135 917 138 920 ’
183 901 296 953 υἱοὶ
325 899 417 954 τοῦ
471 903 678 974 πατρός
727 922 839 958 σου.
884 907 1129 978 Σκύμνος
1169 908 1418 973 λέοντος,
1459 911 1658 976 Ἰούδα,
1708 913 1772 964 ἐκ

185 991 423 1060 βλαστοῦ
455 1010 554 1061 μου
575 1033 589 1056 ,
616 995 697 1047 υἱὲ
721 1037 735 1060 ,
768 996 989 1069 ἀνέϐης.
1032 998 1341 1053 Ἀναπεσὼν
1375 1002 1670 1072 ἐκοιμήθης
1697 1002 1771 1066 ὡς

183 1076 360 1140 λέων,
391 1078 486 1130 καὶ
507 1078 582 1142 ὡς
599 1080 856 1151 σκύμνος.
896 1085 992 1147 Τίς
1031 1087 1212 1157 ἐγερεῖ
1243 1088 1433 1154 αὐτόν;
1462 1091 1576 1143 Οὐκ
1601 1090 1772 1142 ἐκλεί-

183 1169 278 1237 ψει
309 1170 493 1240 ἄρχων
521 1171 579 1236 ἐξ
609 1172 812 1239 Ἰούδα,
845 1176 963 1228 οὐδὲ
1003 1177 1302 1249 ἡγούμενος
1341 1181 1404 1232 ἐκ
1443 1180 1550 1234 τῶν
1584 1182 1770 1253 μηρῶν

182 1263 388 1326 αὐτοῦ,
436 1263 542 1326 Et»;
583 1263 648 1318 ἂν
683 1265 810 1338 ἔλθῃ
861 1260 906 1334 ᾧ
938 1269 1257 1336 ἀπόκειται,
1299 1273 1392 1324 καὶ
1423 1273 1585 1336 αὐτὸς
1619 1273 1768 1326 ἔσται

187 1354 488 1424 προσδοκία
546 1356 736 1411 ἐθνῶν.
774 1377 791 1409 ι
841 1357 1059 1414 Δώδεκα
1106 1361 1285 1430 φυλῶν
1331 1364 1460 1435 παρ’
1503 1365 1774 1436 Ἑϐραίοις

182 1443 387 1508 οὐσῶν,
417 1445 484 1498 δι’
510 1439 584 1498 ὧν
612 1447 670 1499 τὸ
703 1449 810 1500 πᾶν
841 1448 992 1513 ἔθνος
1027 1454 1384 1524 συνεστήκει,
1416 1457 1544 1525 μιᾶς
1567 1455 1774 1509 τούτων

184 1535 494 1607 προπάτωρ
541 1538 733 1606 γέγονε
761 1541 855 1592 καὶ
887 1541 1184 1612 ἀρχίφυλος
1209 1547 1238 1597 6
1277 1545 1510 1610 Ἰούδας,
1545 1547 1682 1616 πρὸς
1713 1547 1772 1601 ὃν

182 1625 540 1681 τεθέσπισται
582 1628 650 1682 τὰ
690 1633 1027 1702 προκείμενα
1051 1673 1065 1697 ,
1105 1632 1163 1699 ἐξ
1211 1636 1374 1689 αὐτοῦ
1406 1637 1498 1690 τὸν
1538 1639 1774 1708 Χριστὸν

187 1718 614 1789 προελεύσεσθαι
647 1723 1001 1794 σημαίνοντα.
1048 1727 1113 1778 Εἰ
1149 1727 1281 1795 γοῦν
1319 1730 1647 1799 συναγάγοις
1679 1732 1772 1783 ἐπὶ

183 1809 388 1873 ταύτὸ,
429 1811 520 1864 καὶ
550 1792 855 1885 παραθείης
891 1819 956 1886 τῇ
993 1817 1131 1887 μετὰ
1163 1792 1368 1890 ’χεῖρας
1408 1792 1506 1884 τας
1542 1792 1771 1884 ’ἐντοῖς
1803 1792 1846 1850 ῃ

186 1899 425 1969 πρόσθεν
454 1901 702 1966 τεθείσας
729 1906 1082 1975 προφητείας,
1106 1906 1286 1977 εῦροις
1310 1907 1374 1960 ἂν
1402 1909 1600 1980 ὁμοίως
1629 1911 1772 1964 κατὰ

185 2005 239 2039 τι
275 1989 452 2042 κοινὸν
498 1995 721 2062 σημεῖον
763 1994 852 2047 τὸν
902 1996 1066 2049 αὐτὸν
1110 2000 1534 2070 κηρυττόμενον.
1573 2001 1637 2054 Ἡ
1673 2002 1770 2071 μὲν

183 2080 298 2150 γὰρ
327 2081 478 2150 ἔλεγε
508 2087 638 2154 περ).
667 2087 762 2138 τοῦ
797 2089 860 2139 ἐκ
901 2089 1056 2159 ῥίζης
1096 2090 1292 2143 Ἰεσσαὶ
1329 2093 1768 2164 ἀναστησομένω

185 2173 270 2238 τὸ,
313 2193 331 2224 ι
363 2176 474 2228 Καὶ
505 2175 656 2230 ἔσται
680 2181 1038 2250 ἀνιστάμενος
1061 2181 1252 2253 ἄρχειν
1278 2184 1468 2251 ἐθνῶν,
1499 2186 1586 2238 ἐπ’
1623 2185 1770 2257 αύτῷ

187 2264 318 2336 ἔθνη
347 2265 621 2322 ἐλπιοῦσιν
642 2286 654 2299 ·
694 2290 710 2320 ι
751 2273 784 2342 ἡ
816 2270 871 2323 δὲ
900 2273 1028 2343 περὶ
1058 2274 1152 2326 τοῦ
1185 2274 1300 2328 υἱοῦ
1336 2275 1647 2346 Σολομῶνος
1674 2278 1735 2330 τὸ
1753 2317 1768 2340 ,

193 2375 214 2406 ε
248 2359 670 2429 κατακυριεύσει
720 2363 828 2415 ἀπὸ
868 2363 1141 2437 θαλάσσης
1180 2367 1285 2431 ἕως
1333 2367 1640 2439 θαλάσσης,
1677 2370 1772 2423 καὶ

187 2449 300 2500 ἀπὸ
349 2451 596 2521 ποταμοῦ
653 2453 755 2518 ἕως
801 2457 1054 2527 περάτων
1108 2459 1208 2529 τῆς
1265 2460 1625 2531 οἰκουμένης,
1677 2464 1773 2515 καὶ

189 2539 708 2613 ὲνευλογηθήσονται
753 2547 817 2598 ἐν
846 2547 992 2618 αὐτῷ
1043 2549 1221 2602 πάντα
1267 2550 1336 2603 τὰ
1374 2551 1534 2623 ῐὲθνη⁸
1570 2570 1590 2604 ι
1638 2554 1671 2624 ή
1716 2553 1772 2606 δὲ

191 2633 334 2701 μετὰ
357 2637 546 2704 χεῖρας
572 2638 989 2709 παραπλησίως,
1027 2659 1046 2692 ι
1075 2639 1179 2706 ἕως
1206 2642 1272 2696 ἂν
1316 2641 1443 2714 ἔλθῃ
1465 2683 1478 2707 ,
1519 2662 1538 2695 ι
1567 2645 1730 2714 φησιν
1753 2685 1768 2711 ,

193 2741 212 2770 ‹
249 2713 294 2788 ᾧ
317 2722 644 2789 ἀπόκειται,
690 2727 784 2779 καὶ
812 2728 974 2792 αὐτὸς
1015 2728 1166 2782 ἔσται
1197 2731 1491 2800 προσδοκία
1517 2713 1705 2786 ἐθνῶν.
1747 2752 1765 2784 ι

187 2811 255 2862 Ei
277 2809 344 2880 δὴ
368 2807 461 2864 οὖν
495 2814 806 2884 συνᾴδουσιν
832 2818 888 2869 αἱ
919 2817 1045 2889 περὶ
1073 2818 1183 2872 τῶν
1215 2818 1384 2872 ἐθνῶν
1416 2823 1768 2892 προρρήσεις,

189 2902 592 2976 ἀπεδείχθησαν
616 2905 673 2958 δὲ
701 2909 756 2960 αἱ
783 2907 888 2978 πρὸ
913 2908 1118 2964 τούτων
1149 2910 1354 2981 ὁρῶσαι
1385 2913 1475 2965 τὸν
1505 2914 1770 2985 ἡμέτερον

189 2995 460 3065 Σωτῆρα,
504 2998 656 3051 οὐδὲν
683 2998 748 3053 ἃν
779 3000 866 3071 εἴη
898 3001 1144 3072 ἐμποδὼν
1180 3003 1254 3074 μὴ
1297 3005 1418 3075 οὐχὶ
1471 3005 1564 3058 τὸν
1610 3006 1771 3058 αὐτὸν

189 3087 415 3186 βλέττειν
430 3091 537 3186 *καὶ
568 3091 665 3163 τὴν
698 3093 996 3165 παροῦσαν,
1021 3098 1177 3169 εῖπερ
1216 3098 1481 3169 σύμφωνα
1513 3101 1772 3173 ἀλλήλαις
1799 3130 1841 3186 C

187 3183 581 3253 ὁμολογοῦνται
607 3187 914 3252 θεσπίζεινο
945 3191 1180 3261 μάλιστα
1207 3193 1294 3245 ὅτε
1326 3193 1485 3264 μέχρι
1523 3194 1622 3264 μὲν
1660 3195 1768 3249 τῶν

187 3274 401 3343 χρόνων
447 3276 547 3347 τῆς
587 3278 680 3330 τοῦ
719 3280 972 3351 Σωτῆρος
1007 3281 1167 3353 ἡμῶν
1214 3285 1538 3353 ἐπιφανείας
1575 3287 1624 3339 οἱ
1672 3284 1768 3339 τοῦ

203 3365 474 3419 Ἰουδαίων
516 3366 701 3432 ἔθνους
738 3371 995 3442 ἄρχοντες
1035 3375 1129 3426 καὶ
1168 3375 1458 3446 ἡγούμενοι
1497 3377 1676 3430 αὐτῶν
1706 3379 1772 3431 ἐκ

190 3461 478 3530 προγόνων
524 3462 770 3533 διαδοχῆς
804 3468 1203 3538 συνεστήκεσαν
1227 3508 1241 3531 ,
1275 3469 1390 3539 ἅμα
1419 3469 1477 3522 δὲ
1506 3473 1571 3540 τῇ
1603 3469 1768 3523 αὑτοῦ

189 3553 470 3625 παρουσίᾳ
495 3554 921 3621 διελελοίπεσαν,
948 3559 1084 3630 ὁμοῦ
1115 3578 1176 3614 τε
1209 3563 1241 3632 ἡ
1272 3560 1379 3614 τῶν
1410 3561 1580 3616 ἐθνῶν
1611 3580 1774 3634 προσ-

187 3642 345 3694 δοκία
369 3644 520 3708 τέλος
549 3647 724 3717 ἐπῆγε
757 3651 820 3720 τῇ
848 3649 938 3702 τοῦ
982 3650 1174 3704 Ἰακὼϐ
1213 3653 1533 3724 προρρήσει.
1563 3653 1771 3707 Οὐκοῦν

189 3735 472 3788 κάνταῦθα
506 3739 533 3790 6
570 3739 807 3810 Χριστὸς
834 3741 1178 3813 δηλούμενος,
1224 3743 1318 3797 καὶ
1340 3744 1461 3797 οὐδὲ
1486 3744 1642 3808 ἄλλος
1665 3786 1680 3809 ,
1707 3747 1772 3799 ἐκ

189 3826 365 3896 φυλῆς
405 3827 575 3882 Ἰούδα
615 3831 1060 3902 προελεύσεσθαι.
1103 3836 1213 3887 Καὶ
1258 3837 1347 3888 ὅτε
1393 3835 1450 3888 δέ
1501 3836 1565 3888 ἐκ
1607 3837 1771 3890 Δαϐὶδ

187 3917 284 3970 καί
329 3919 674 3991 Σολομῶνος,
726 3922 790 3976 ἐκ
830 3941 889 3976 τε
926 3926 1024 3996 τῆς
1074 3925 1229 3997 ῥίζης
1290 3927 1488 3981 Ἰεσσαὶ
1530 3927 1770 3997 γεγονὼς

189 4011 478 4082 ἐδηλοῦτο,
517 4016 581 4068 ἐκ
618 4011 720 4086 τῆς
760 4018 930 4088 αὐτῆς
976 4017 1148 4088 φυλῆς
1191 4019 1266 4072 ὢν
1295 4018 1587 4076 ἐδείκνυτο.
1632 4021 1772 4085 Παῖς

192 4105 295 4174 μὲν
324 4105 433 4178 γὰρ
461 4103 529 4178 ῆν
548 4108 642 4160 τοῦ
678 4109 876 4163 Ἰεσσαὶ
901 4111 1084 4176 Δαϐὶδ,
1103 4112 1196 4164 τοῦ
1223 4112 1281 4165 δὲ
1301 4112 1465 4166 Δαϐὶδ
1496 4111 1766 4183 Σολομὼν,

193 4199 490 4263 συστάντες
520 4203 583 4253 ἐκ
618 4200 790 4272 φυλῆς
822 4202 1009 4258 Ἰούδα.
1033 4203 1132 4274 Εῖη
1169 4203 1234 4257 ἂν
1267 4204 1553 4275 τοιγαροῦν
1582 4203 1642 4269 ἐξ
1671 4205 1770 4257 αὐ-

190 4291 293 4361 τῆς
327 4295 355 4345 6
385 4293 577 4366 Σωτὴρ
612 4298 707 4351 καὶ
757 4297 962 4369 Κύριος
1009 4296 1200 4367 ἡμῶν,
1242 4297 1526 4369 ὠσπεροῦν
1578 4300 1606 4351 6
1649 4297 1772 4350 θαυ-

193 4382 390 4450 μάσιος
437 4385 826 4458 εὐαγγελιστὴς
873 4387 1182 4457 γενεαλογεῖ
1238 4389 1514 4452 Ματθαῖος
1561 4389 1765 4458 λέγων·

1043 331 1699 389 ΒΕΜΟΝΒΤΒΑἸἸΟΝῘΞ
1736 333 2193 389 ΕνΑΝϐΕΙΛΟίΕ
2228 333 2356 387 LIB.
2396 331 2500 385 V'II.

197 444 346 525 Ἀίτῤ
373 443 483 512 τῆς
509 446 1023 525 Γενέισεωςς-ςτρς
1044 451 1112 503 ἐκ
1133 451 1332 525 φυνζῆς
1353 453 1554 525 ,Ἰούδα
1578 469 1779 525 γεννη-

1880 452 2042 524 360
2070 451 2109 504 A
2143 451 2367 525 (ἰεηενεὶ.Δ
2380 479 2448 525 ῖέ

3342 331 3464 389 566-

2492 446 2945 519 Quemadmodum
2993 462 3057 500 ea:
3108 447 3249 502 tribu
3298 445 3445 502 Iuda

1950 517 2195 597 magna
2219 522 2306 584 qui
2329 517 2572 597 Christus
2599 528 2675 573 est
2701 517 2818 586 Dei,
2841 517 3078 588 idemque
3103 519 3333 587 gentium
3353 534 3448 572 ex-

1937 591 2190 654 spectatio
2216 591 2580 642 constituetur.

1949 743 1967 775 ι
2020 722 2178 786 Juda,
2207 733 2260 778 te
2296 722 2596 776 laudabunt
2650 720 2850 775 fratres
2896 719 2995 785 tui,
3026 734 3221 774 manus
3249 727 3358 774 tua:
3389 721 3444 774 in

1871 824 2023 888 tergo
2050 818 2394 872 inimicorum
2428 823 2670 879 tuorum,
2710 813 3016 868 adorabunt
3045 821 3099 867 te
3146 812 3242 866 ﬁlii
3276 816 3461 881 patris

1874 911 1970 964 tui.
2011 909 2241 962 Catulus
2297 907 2470 961 leonis
2497 905 2667 969 Juda,
2708 903 2775 958 de
2816 903 3082 973 germine,
3124 901 3196 955 mi
3225 901 3322 967 ﬁli,
3359 916 3447 955 as-

1873 1001 2127 1064 cendisti,
2169 1000 2496 1054 recumbens
2535 996 2843 1051 dormivisti
2879 1003 2938 1049 ut
2975 996 3080 1058 leo,
3114 1003 3168 1049 et
3200 1001 3262 1048 ut
3291 1001 3450 1047 catu-

1873 1093 1978 1156 lus,
2011 1092 2136 1162 quis
2186 1089 2444 1145 excitabit
2495 1088 2654 1143 eum?
2681 1102 2788 1140 non
2831 1085 3048 1141 deﬁciet
3088 1086 3342 1156 princeps
3379 1085 3448 1140 de

1873 1183 2033 1248 Juda,
2073 1196 2246 1252 neque
2283 1181 2388 1235 dux
2432 1179 2499 1233 de
2552 1178 2851 1233 femoribus
2896 1177 3037 1244 ejus,
3065 1175 3238 1230 donec
3266 1175 3448 1230 veniat

1873 1279 1964 1330 cui
2016 1277 2316 1346 repositum
2367 1281 2472 1336 est,
2523 1280 2576 1326 et
2612 1271 2730 1342 ipse
2787 1269 2889 1324 erit
2936 1268 3269 1339 exspectatio
3316 1283 3448 1338 gen—

1872 1369 2009 1422 tium
2039 1368 2106 1422 ²⁰.
2148 1387 2169 1420 ›
2196 1365 2332 1420 Cum
2363 1364 2647 1419 duodecim
2703 1363 2844 1432 apud
2866 1361 3120 1415 IIebrzeos
3153 1361 3328 1414 tribus
3360 1375 3448 1415 es-

1875 1467 2018 1519 sent,
2049 1473 2115 1511 ex
2143 1457 2341 1526 quibus
2375 1469 2506 1524 gens
2536 1455 2790 1507 universa
2817 1451 3126 1514 constabat,
3156 1451 3321 1505 unius
3349 1449 3448 1503 ha-

1874 1563 1994 1602 rum
2041 1547 2249 1618 primus
2279 1559 2477 1615 parens
2517 1559 2580 1596 ac
2626 1543 2878 1613 princeps
2906 1542 3115 1596 exstitit
3155 1540 3346 1605 Judas,
3379 1540 3448 1594 ad

1874 1654 2034 1709 quem
2064 1652 2149 1702 ea,
2201 1653 2322 1707 quae
2354 1633 2515 1689 modo
2548 1633 2836 1688 citavimus
2878 1632 2945 1686 ab
2990 1631 3212 1686 oraequ
3241 1631 3446 1685 directa

1875 1738 2022 1794 sunt,
2055 1745 2174 1801 quae
2204 1729 2271 1783 de
2318 1729 2410 1782 illo
2441 1727 2559 1797 ipso
2589 1723 2865 1779 Christum
2900 1722 3240 1792 proditurum
3275 1723 3444 1792 signi-

1874 1824 2058 1879 ﬁcent.
2096 1821 2250 1888 Quod
2305 1820 2352 1874 si
2395 1819 2584 1874 eodem
2631 1815 2997 1885 congesseris,
3031 1822 3084 1870 et
3128 1814 3256 1868 huic
3281 1828 3444 1884 quam

1872 1929 2020 1969 nunc
2059 1919 2385 1974 tractamus,
2419 1926 2513 1966 eas
2544 1911 2670 1965 item
2701 1923 2822 1978 quas
2861 1906 2918 1960 in
2958 1906 3330 1976 superioribus
3351 1920 3448 1974 po-

1873 2007 1991 2061 sita:
2039 2013 2185 2070 sunt,
2237 2001 2550 2074 prophetias
2601 1999 2954 2070 apposueris,
2986 1998 3229 2052 invenies
3285 1996 3446 2052 simili

1872 2099 2084 2152 ratione
2113 2095 2182 2150 ad
2217 2095 2489 2164 quoddam
2538 2093 2754 2162 signum
2794 2105 3111 2155 commune,
3156 2103 3325 2143 unum
3363 2097 3447 2140 at-

1872 2205 1979 2260 que
2018 2187 2267 2244 eumdem
2314 2184 2574 2240 nuntiari.
2609 2183 2703 2237 Illa
2733 2183 2951 2253 quidem
2984 2181 3052 2237 de
3100 2195 3164 2236 eo
3210 2180 3444 2246 dicebat,

1872 2282 1966 2352 qui
1998 2281 2065 2335 de
2093 2279 2276 2334 radice
2307 2277 2462 2333 Jesse
2492 2284 2637 2331 esset
2665 2281 3037 2337 surrecturus,
3079 2291 3098 2324 ι
3130 2279 3184 2327 et
3208 2271 3314 2326 erit
3352 2270 3446 2339 qui

1874 2374 2049 2444 surgit
2097 2373 2367 2443 imperare
2410 2370 2702 2440 gentibus,
2749 2369 2806 2422 in
2860 2368 2979 2438 ipso
3012 2372 3201 2437 gentes
3255 2378 3445 2434 spera-

1873 2468 2009 2522 bunt
2043 2467 2108 2521 ²¹.
2143 2484 2161 2518 ›
2195 2465 2313 2518 Alia
2345 2477 2476 2518 vero
2507 2462 2574 2516 de
2608 2461 2719 2515 ﬁlio
2749 2458 3079 2523 Salomonis,
3117 2476 3136 2508 ι
3176 2463 3230 2511 et
3268 2457 3446 2510 domi-

1871 2557 2094 2612 nabitur
2123 2570 2155 2610 a
2184 2556 2321 2609 mari
2351 2569 2525 2624 usque
2548 2555 2613 2608 ad
2654 2569 2824 2616 mare,
2868 2561 2921 2606 et
2948 2566 2978 2604 a
3021 2549 3241 2604 ﬂumine
3269 2563 3446 2617 usque

1875 2648 1943 2702 ad
1977 2647 2115 2703 ﬁnes
2137 2647 2289 2702 orbis
2327 2653 2507 2711 terrae,
2543 2651 2598 2699 et
2639 2643 3031 2698 benedicentur
3063 2640 3119 2694 in
3145 2654 3210 2694 eo
3255 2653 3451 2693 omnes

1873 2747 2060 2808 gentes
2077 2737 2144 2792 ”.
2180 2755 2198 2788 ι
2225 2734 2302 2788 Ea
2323 2750 2454 2790 vero
2476 2748 2636 2804 quam
2667 2747 2812 2786 nunc
2859 2729 3200 2784 tractandam
3225 2741 3446 2781 assum-

1874 2827 2105 2898 psimus,
2128 2825 2314 2880 itidem
2347 2843 2360 2879 :
2399 2843 2418 2876 ι
2449 2823 2628 2879 Donec
2671 2823 2868 2886 veniat,
2899 2820 3096 2891 inquit,
3125 2818 3212 2872 cui
3237 2816 3450 2886 reposi-

1875 2928 1991 2974 tum
2026 2925 2128 2982 est,
2160 2927 2215 2974 et
2245 2918 2359 2986 ipse
2391 2917 2494 2970 erit
2543 2912 2878 2984 exspectatio
2920 2910 3181 2981 gentium.
3233 2927 3252 2960 ›
3289 2905 3444 2972 Quod

1877 3012 1922 3068 si
1949 3012 2065 3066 haec
2091 3011 2158 3066 de
2184 3009 2439 3081 gentibus
2464 3007 2683 3063 oracula
2711 3003 3066 3065 concordant,
3089 3010 3142 3055 et
3162 3007 3445 3054 ostensum

1873 3112 1957 3158 est
1996 3101 2454 3173 quemadmodum
2499 3113 2561 3153 ea
2591 3110 2808 3166 quoque
2837 3108 2957 3164 qua:
2984 3092 3100 3146 haec
3134 3091 3251 3160 ipsa
3291 3095 3447 3142 ante-

1874 3201 2181 3259 cesserunt,
2213 3192 2282 3246 ad
2330 3190 2667 3246 Salvatorem
2701 3194 2950 3243 nostrum
2997 3192 3264 3254 spectant,
3308 3180 3445 3234 nihil

1881 3287 2113 3357 amplius
2143 3284 2307 3340 fuerit
2335 3282 2745 3352 impedimento,
2776 3280 2909 3350 quin
2967 3277 3073 3332 hoc
3103 3277 3280 3346 ipsum
3309 3289 3446 3344 quo-

1871 3395 1978 3450 que
2007 3377 2150 3448 quod
2179 3391 2325 3431 nunc
2348 3384 2667 3439 tractamus,
2694 3371 2943 3428 eumdem
2971 3370 3124 3426 illum
3146 3367 3401 3438 respiciat
3428 3385 3440 3418 :

1872 3468 2314 3540 quandoquidem
2361 3466 2473 3535 jam
2518 3478 2844 3520 concessum
2886 3469 2971 3517 est
3003 3501 3017 3526 ,
3080 3465 3446 3513 consentanea

1873 3564 2014 3616 inter
2050 3575 2110 3614 se
2141 3560 2208 3614 ab
2234 3557 2490 3612 omnibus
2536 3556 2645 3612 illis
2675 3555 2909 3610 divinari
2943 3571 2956 3607 :
2990 3551 3289 3622 praesertim
3318 3564 3446 3602 cum

1875 3668 2048 3722 usque
2093 3651 2160 3705 ad
2193 3659 2436 3720 tempora
2485 3647 2750 3702 adventus
2796 3643 3094 3698 Salvatoris
3124 3641 3320 3705 nostri,
3349 3639 3447 3693 Ju-

1872 3747 2041 3801 daicae
2091 3745 2268 3816 gentis
2312 3742 2587 3813 principes
2634 3738 2985 3809 ejusdemque
3011 3735 3177 3789 duces
3222 3749 3289 3788 ex
3329 3747 3449 3786 ma-

1870 3840 2052 3910 jorum
2086 3850 2311 3892 suorum
2345 3832 2693 3888 successione
2721 3827 3140 3901 permanserint,
3175 3838 3282 3878 una
3315 3839 3446 3877 vero

1873 3944 1998 3984 cum
2029 3928 2149 3997 ejus
2195 3927 2432 3980 adventu
2478 3921 2811 3984 defecerint,
2865 3918 3214 3989 gentiumque
3242 3915 3448 3983 pariter

1873 4018 2202 4091 exspectatio
2217 4018 2375 4072 ﬁnem
2402 4017 2576 4086 ipsius
2604 4011 2773 4068 Jacob
2810 4011 3072 4067 vaticinio
3103 4007 3442 4078 imposuerit.

1871 4109 2040 4182 Igitur
2068 4110 2172 4164 hoc
2193 4108 2354 4163 etiam
2379 4107 2434 4160 in
2461 4107 2579 4160 loco
2603 4105 2876 4166 Christus,
2903 4102 2996 4171 qui
3027 4100 3143 4170 ipse
3168 4113 3278 4153 non
3306 4099 3446 4152 alius

1843 4203 1938 4258 -de
1968 4203 2114 4258 tribu
2140 4200 2278 4255 Juda
2301 4199 2613 4271 proditurus
2642 4197 2999 4268 signiﬁcatur,
3025 4194 3225 4262 quique
3246 4207 3314 4246 ex
3343 4190 3448 4243 Da-

1871 4295 1962 4351 vid
1993 4302 2047 4348 et
2080 4293 2391 4357 Salomone,
2432 4290 2590 4362 361
2627 4297 2788 4360 atque
2816 4303 2883 4342 ex
2926 4285 3110 4340 radice
3148 4283 3304 4339 Jesse
3331 4282 3447 4337 exi-

1872 4395 2031 4442 turus
2060 4385 2357 4449 ferebatur,
2387 4398 2454 4438 ex
2499 4383 2687 4438 eadem
2720 4381 2863 4434 tribu
2895 4377 3174 4449 profectus
3203 4375 3447 4432 ostendi-

196 4493 215 4524 ι
246 4475 442 4539 Βίϐλος
467 4478 734 4546 γενέσεως
768 4481 938 4553 Ἰησοῦ
963 4481 1228 4552 Χριστοῦ,
1275 4481 1393 4535 υἱοῦ
1423 4481 1618 4545 Δαϐὶδ,
1650 4481 1768 4535 υἱοῦ

1877 4486 1984 4533 tur.
2013 4477 2144 4531 Nam
2172 4475 2326 4532 Jesse
2354 4475 2572 4545 quidem
2598 4473 2742 4529 ﬁlius
2769 4472 2868 4526 fuit
2901 4469 3068 4524 David
3107 4491 3118 4526 :
3150 4469 3325 4537 ipsius
3357 4482 3450 4521 au-

203 4567 474 4639 ’Δϐραὰμ.
521 4570 772 4642 Ἀϐραὰμ
806 4573 1064 4642 ἐγέννησε
1093 4573 1184 4626 τὸν
1233 4573 1447 4626 Ἰσαάκ·
1491 4573 1674 4626 Ἰσαὰκ
1710 4574 1768 4627 δὲ

191 4659 451 4730 ἐγέννησε
482 4661 572 4714 τὸν
609 4662 832 4716 Ἰακώϐ·
879 4664 1072 4718 Ἰακὼϐ
1113 4666 1169 4718 δέ
1209 4665 1466 4736 ἐγέννησε
1497 4664 1591 4718 τὸν
1639 4665 1768 4717 Ἰού-

189 4750 316 4802 δαν·
353 4770 373 4802 ι
412 4752 506 4804 καὶ
537 4752 606 4806 τὰ
644 4751 788 4824 ἑξῆς.
837 4757 995 4810 Ἀλλὰ
1039 4757 1148 4829 γὰρ
1181 4757 1274 4810 καὶ
1318 4757 1522 4809 τούτων
1557 4757 1656 4828 τὴν
1693 4759 1769 4810 ot-

192 4841 347 4894 κείαν
379 4843 650 4911 ἀπόδειξιν
677 4846 1088 4919 ἀπειληφότων,
1125 4848 1312 4918 καιρὸς
1347 4848 1438 4900 καὶ
1477 4848 1602 4910 τοὺς
1638 4847 1766 4917 χρό-

189 4950 317 4997 νους
380 4935 610 4987 συνιδεῖν
668 4934 766 5006 τῆς
824 4938 934 4991 τῶν
983 4937 1472 5011 προηγορευμὲνων
1516 4936 1765 5007 ἀποπλη-

191 5021 436 5094 ρὼσεως.

187 5116 366 5173 Jaeob
414 5126 593 5175 autem
683 5123 869 5193 genuit
926 5121 1118 5177 Iudam
1150 5123 1216 5189 ’³,

1875 4578 1981 4624 tem
2003 4567 2172 4622 David
2203 4567 2479 4633 Salomon,
2504 4567 2596 4638 qui
2619 4566 2686 4621 de
2712 4567 2854 4620 tribu
2883 4562 3021 4618 Juda
3051 4560 3268 4616 oriundi
3297 4567 3445 4615 sunt.

1874 4663 1988 4718 Erit
2015 4677 2144 4734 ergo
2176 4679 2244 4718 ex
2291 4662 2478 4718 eadem
2525 4659 2775 4715 Salvator
2802 4673 2865 4712 ac
2912 4656 3174 4711 Dominus
3206 4661 3394 4708 noster
3431 4669 3444 4705 :

1877 4755 2016 4809 sicut
2058 4757 2224 4809 etiam
2265 4755 2482 4810 divinus
2513 4753 2847 4823 evangelista
2899 4749 3185 4804 Matthaeus
3223 4747 3280 4800 in
3327 4745 3449 4814 ejus

1873 4860 2070 4916 genere
2099 4846 2372 4899 narrando
2402 4845 2725 4900 testiﬁcatur
2751 4843 2940 4897 dicens
2979 4860 2991 4894 :
3034 4858 3051 4890 ι
3090 4837 3255 4892 Liber
3285 4851 3450 4906 genev

1880 4937 2110 4991 rationis
2155 4935 2286 4991 Jesu
2335 4935 2541 4990 Christi
2599 4935 2696 4988 ﬁlii
2748 4931 2954 4997 David,
3002 4931 3100 4985 ﬁlii
3146 4929 3444 4984 Abraham.

1879 5027 2151 5082 Abraham
2180 5027 2364 5097 genuit
2390 5025 2541 5082 Isaac
2576 5045 2588 5080 :
2618 5027 2766 5080 Isaac
2789 5033 2967 5080 autem
3020 5021 3205 5093 genuit
3231 5018 3444 5074 Jacob:

1294 5145 1312 5177 ι
1354 5132 1409 5179 et
1458 5133 1676 5182 caetera.
1733 5123 1841 5181 Sed
1879 5124 2097 5195 quando
2133 5124 2325 5178 harum
2374 5139 2555 5178 rerum
2600 5125 2876 5194 propriam
2928 5119 3446 5176 demonstrationem

188 5215 625 5284 explicavimus,
694 5227 908 5290 tempus
957 5220 1072 5290 jam
1126 5219 1290 5278 fuerit
1346 5224 1540 5279 intueri
1599 5223 1800 5293 quibus
1874 5221 2209 5291 temporibus
2246 5237 2309 5276 ea
2363 5236 2482 5291 quae
2527 5220 2801 5290 prophetae
2859 5218 3238 5290 praedixerant,
3299 5228 3449 5267 com-

190 5309 337 5376 pleta
372 5308 503 5363 sint.

266 5487 315 5519 "
353 5485 490 5545 Gen.
524 5506 685 5557 xm,
718 5493 868 5548 8-I0.
949 5499 987 5527 "
1033 5495 1139 5551 Isa.
1176 5513 1262 5560 λι,
1302 5497 1386 5552 IO.
1428 5501 1470 5530 ²²
1501 5497 1643 5552 Psal.
1683 5511 1807 5550 Lm
1836 5535 1848 5561 ,
1882 5496 1946 5562 8,
1989 5495 2072 5548 l7.
2149 5495 2192 5525 ’³
2232 5493 2417 5546 Matth.
2457 5506 2503 5556 ι,
2541 5495 2590 5563 1,
2622 5497 2671 5549 :7...

1806 5726 1872 5741 ’-
