1914 3110
86 136 152 163 569

538 136 865 165 DEMONSTRATXONIS
883 135 926 163 εν

930 135 1112 164 ANGELleE
1132 136 1195 164 LIB.
1217 136 1284 164 Vill.

1692 138 1745 165 570

87 194 271 230 πολιαρχίας
299 196 448 232 ἀναίρεσιν,
464 196 513 231 τῆς
532 196 661 223 πολυθέου
679 197 726 223 καὶ
741 196 882 231 δαιμονικῆ

955 193 1008 222 Sed
1023 195 1076 221 alia
1089 199 1218 230 praeterea
1234 195 1394 222 eorutndem
1412 195 1561 229 subjiciunt
1580 196 1657 231 signa
1674 199 1744 223 tem—

87 240 332 277 εἰδωλολατρείας
361 243 553 278 ἀποστροφὴν,
583 243 730 277 ἐπίγνωσιν
762 243 901 274 εὐσεϐείας

88 286 160 317 ἑνὸς
187 287 239 313 τοῦ
257 288 303 314 ἐπὶ
325 289 434 315 πάντων
457 289 626 325 δημιουργοῦ
649 289 726 315 Θεοῦ.
742 289 834 316 Ταῦτα
855 287 901 316 οὖν

91 332 233 365 ἅπαντα,
253 334 290 369 μὴ
317 331 387 360 ὅντα
403 335 487 361 πάλαι
509 335 581 362 κατὰ
602 336 665 366 τοὺς
680 335 733 361 τῶν
754 335 902 371 προφητῶν

91 379 233 412 χρόνους,
257 380 304 406 ἐπὶ
325 380 375 415 τῆς
391 382 509 416 Χριστοῦ
532 382 682 418 παρουσίας
696 381 857 416 γενήσεσθαι
876 381 900 407 οἱ

93 425 167 451 Θεῖοι
194 426 318 461 χρησμοὶ
338 427 532 463 προηγόρευον,
550 428 567 455 ἆ
585 428 631 454 καὶ
646 429 705 459 ταῖς
718 428 901 463 προρρήσεσιν

91 468 263 501 ἀκολούθως
278 471 318 503 είς
335 472 420 507 πέρας
433 473 542 499 ἐλθόντα
557 474 618 499 ὅσον
636 472 711 499 οὔπω
728 473 901 509 παραστήσε-

93 523 153 541 ται.
187 516 232 543 Τά
258 525 289 551 γε
309 518 360 553 μὴν
372 519 446 545 αἴτια
469 519 516 546 τοῦ
540 519 576 555 μὴ
601 520 745 555 πρότερον,
764 519 832 546 ἀλλὰ
853 519 900 546 νῦν

92 560 140 585 ἐπ’
168 560 301 596 ἐσχάτων
327 564 430 599 καιρῶν
455 565 524 600 μετὰ
545 566 590 591 τὸν
618 567 722 601 μακρὸν
747 568 793 593 καὶ
817 567 900 594 πολὺν

94 605 188 632 αίῶνα
200 607 251 634 τὸν
268 609 384 644 Χριστὸν
399 611 506 646 ἐμφανῆ
518 612 642 645 γενέσθαι
656 612 694 648 τῷ
707 613 765 648 βίῳ,
777 613 900 640 λέλεκται

95 653 147 688 μὲν
164 653 222 688 ἤδη
238 655 286 681 καὶ
302 655 428 691 πρόσθεν,
446 657 475 682 οὐ
492 657 544 692 μὴν
562 657 629 684 ἀλλὰ
650 659 697 685 καὶ
722 659 768 685 νῦν
786 662 814 686 ὲν
835 660 900 695 βρα-

94 698 173 733 χέσιν
192 700 348 735 εἰρήσεται.
364 701 451 732 Πολὺς
467 699 501 736 ἦν
516 702 600 728 παλαι
628 703 760 738 πρότερον
781 703 829 735 τὰς
845 704 899 730 τῶν

95 743 259 779 ἀνθρώπων
280 745 369 780 ψυχὰς
396 747 548 773 ἐπισκοτῶν
578 748 733 783 ἀφροσύνης
760 749 807 775 καὶ
837 750 900 776 ἀσε-

95 789 175 820 ϐείας
193 790 316 825 αὐχμὸς,
330 792 401 827 δεινή
425 801 454 818 τε
475 793 591 829 ἀθεότης
615 795 824 830 κατακρατοῦσα
851 796 898 822 τοῦ

95 834 202 865 παν-τος
222 835 377 871 ἀνθρώπων
399 836 468 871 βίου,
483 838 521 869 ὡς
546 839 629 873 μηδὲν
654 839 708 865 τῶν
730 840 834 875 ἀγρίων
852 842 899 868 καὶ

953 249 1060 276 porum.
1090 242 1286 268 abundantiam
1313 242 1400 276 pacis,
1419 242 1620 276 principatuum
1638 249 1744 268 rerum-

953 294 1006 321 que
1022 287 1204 321 publicarum,
1222 294 1283 321 quae
1301 294 1315 312 a
1337 286 1449 313 condito
1464 293 1521 313 mro
1544 285 1678 317 fuissent,
1694 293 1743 320 per

954 333 1076 366 singulas
1091 336 1186 367 gentes
1196 337 1277 366 atque
1288 332 1370 359 urbes
1384 331 1537 363 interitum,
1552 339 1567 358 a
1580 331 1743 359 simulacro-

953 386 1013 405 rum
1030 379 1116 409 cultu,
1132 386 1187 413 quo
1199 378 1290 413 plures
1309 378 1366 406 sive
1387 378 1425 405 dii
1451 379 1508 406 sive
1525 377 1662 405 daemones
1673 378 1744 405 cole-

952 422 1061 454 bantur,
1083 423 1265 455 aversionem,
1278 424 1360 451 unius
1378 425 1499 458 supremi
1516 425 1623 459 opiﬁcis
1637 424 1684 452 Dei
1699 433 1744 452 co-

952 468 1099 502 gnitionem
1123 475 1154 495 ac
1178 468 1393 495 venerationem.
1417 468 1479 495 [hee
1505 469 1587 503 igitur
1611 469 1742 497 universa

952 521 1067 548 quorum
1092 514 1159 541 nihil
1186 514 1323 549 quondant
1346 515 1515 549 temporibus
1546 516 1740 549 prophetarum

950 564 1027 591 erat,
1046 560 1098 587 sub
1122 560 1209 594 ipsius
1226 559 1329 587 Christi
1358 560 1505 587 adventum
1535 562 1626 587 lutura
1649 561 1740 588 divina

951 607 1060 633 oracula
1078 606 1274 640 pra-dicabant,
1294 614 1355 640 quae
1371 606 1452 633 etiam
1468 614 1529 633 cum
1544 607 1610 641 ipsis
1620 607 1740 634 maculis

950 651 1147 678 concordantia
1162 660 1242 679 suum
1257 653 1336 679 ﬁnem
1352 652 1486 686 attigisse,
1504 652 1575 678 baml
1600 652 1636 679 ita
1653 653 1740 679 multo

950 700 1011 731 post
1027 697 1298 724 demonstrabuntur.
1312 697 1446 724 Caeterum
1458 705 1507 723 cur
1523 706 1577 724 non
1591 698 1676 732 prius,
1691 697 1738 725 sed

950 750 1024 769 nunc
1039 743 1172 770 duntaxat
1188 743 1264 770 hisce
1275 743 1406 771 extremis
1423 744 1591 778 temporibus
1606 747 1667 778 post
1684 744 1740 770 lon-

950 796 1012 823 gum
1026 789 1195 824 multumque
1211 797 1297 816 tevum
1313 789 1441 816 Christus
1452 789 1598 816 videndum
1616 791 1737 825 seipsum

950 835 1047 862 invita
1073 836 1235 869 prwbuerit,
1267 843 1357 863 causm
1382 835 1492 871 qttidem
1520 840 1599 863 antea
1628 845 1739 871 quoque

94 880 259 907 ἁτιθὰσσων
281 881 382 917 θηρίων
399 883 537 919 διαχεέρειν
551 884 639 911 δοκεῖν
650 893 658 901 ’
680 887 748 920 μήτε
769 886 834 921 γοῦν
849 887 882 913 πό

948 880 1027 906 dicta:
1046 883 1120 912 sunt,
1133 885 1324 910 verumtamen
1346 881 1427 908 etiam
1444 889 1517 908 nunc
1536 882 1632 916 paucis
1656 886 1738 916 atque

94 925 161 957 λεις,
170 927 248 961 μήτε
260 927 406 960 πολιτείας,
418 929 485 964 μήτε
496 929 605 964 νόμους,
619 931 688 966 μήτε
700 939 726 957 τι
741 932 839 967 σεμνὸν
850 933 896 959 καὶ

95 971 233 1006 βιωφελὲς
249 973 361 1006 εἰδότες,
376 975 444 1009 μηδὲ
457 975 509 1011 μὴν
524 977 678 1013 ἐπιστήμας
696 979 741 1005 καὶ
756 979 852 1015 τέχνας
867 982 896 1008 ἐν

96 1017 132 1052 νῷ
150 1018 306 1053 τιθέμενοι,
321 1020 423 1055 ἀρετῆς
439 1030 468 1048 τε
489 1023 537 1049 καὶ
554 1023 713 1058 φιλοσοφίας
730 1026 785 1052 οὐδ’
799 1028 839 1058 είς
854 1027 893 1054 ἔνι

95 1072 169 1089 νοιαν
193 1064 295 1096 ἰόντες,
316 1065 411 1100 μόναις
433 1068 477 1093 ἐπ’
497 1068 636 1103 ἐρημίαις,
654 1069 682 1096 ἓν
706 1079 735 1096 τε
758 1071 831 1106 δρεσι
848 1073 894 1099 καὶ

97 1109 242 1144 σπηλαίοις
270 1111 319 1137 καὶ
338 1111 445 1147 κώμαις
463 1112 512 1145 τὰς
535 1114 673 1149 διατριϐὰς
687 1117 833 1150 ἐποιοῦντο,
847 1118 893 1154 λῃ-

97 1154 284 1191 στρικώτερον
302 1157 483 1192 ἐπιτιθέμενοι
498 1160 554 1190 τοῖς
567 1159 755 1194 πλησιάζουσι,
771 1162 894 1197 πορίζον-

97 1208 140 1231 τες
161 1200 196 1226 τὰ
217 1201 292 1235 πρὸς
311 1202 341 1227 τὸ
365 1201 414 1238 ζῇν
436 1204 484 1230 οὐκ
504 1204 616 1231 ἄλλοθεν
629 1205 685 1232 ἀλλ’
698 1206 714 1241 ἢ
729 1207 761 1233 ἐκ
775 1207 825 1242 τῆς
838 1207 893 1234 τῶν

98 1245 325 1282 καταδεεστέρων
344 1249 583 1283 καταδυναστείας.
602 1252 682 1278 Ἀλλὰ
701 1253 753 1288 μὴν
762 1253 892 1281 οὐδὲθεὸν

98 1290 141 1316 τὸν
164 1291 212 1317 ἐπὶ
237 1292 349 1319 πάντων
368 1294 476 1329 ᾔδεσαν,
491 1296 553 1322 οὺδέ
571 1305 603 1331 γε
623 1297 763 1329 εὐσεϐείας
778 1298 893 1334 ἀληθοῦς

98 1336 205 1371 τρόπον,
231 1341 364 1372 φυσικαῖς
379 1340 407 1366 δὲ
426 1342 541 1373 ἐννοίαις
565 1343 780 1379 ἁνακινούμενοι,
797 1344 826 1370 τὸ
842 1345 892 1379 μὲν

99 1383 230 1418 ὑπάρχειν
253 1386 285 1411 ἐν
305 1387 362 1417 τοῖς
377 1385 435 1413 οὖσι
460 1387 534 1414 θείαν
548 1388 608 1415 τινὰ
629 1389 742 1424 δύναμιν
764 1391 810 1416 καὶ
826 1390 892 1417 Θεὸν

100 1426 175 1461 εἶναι,
191 1432 238 1457 καὶ
252 1431 444 1467 ὀνομάζεσθαι,
461 1434 594 1469 σωτήριόν
608 1443 637 1461 τε
654 1436 700 1462 καὶ
715 1436 892 1472 εὐεργετικὴν

98 1477 239 1511 τυγχάνειν
269 1477 321 1513 τὴν
356 1480 542 1515 προσηγορίαν
572 1481 701 1515 αὖτοφυεῖ
733 1482 891 1519 διδασκαλίᾳ

101 1523 320 1558 συνωμολόγουν·
335 1524 366 1550 τὸ
384 1525 412 1551 δὲ
431 1525 467 1561 μὴ
484 1525 548 1552 ἄλλο
566 1535 592 1552 τι
604 1527 724 1562 νομίζειν
738 1529 753 1563 ἢ
766 1529 811 1554 τὸν
825 1529 888 1555 ἐπέ-

99 1577 171 1594 κεινα
187 1569 300 1605 ἁπάσης
317 1570 366 1605 τῆς
381 1571 522 1606 ὁρωμένης
538 1572 642 1605 οὐσίας,
663 1574 712 1599 οὑκ
731 1573 769 1600 ἔθ’
786 1571 836 1600 οἷοί
858 1583 887 1601 τε

100 1612 165 1648 ἦσαν
181 1615 372 1650 ἀποδέχεσθαι.
385 1617 484 1653 Διόπερ
502 1627 511 1643 ι
526 1619 550 1644 οὶ
569 1619 618 1654 μὲν
633 1619 724 1646 αὐτῶν
735 1620 886 1656 ἐσεϐάσθη-

102 1667 156 1687 σαν.
172 1661 218 1687 καὶ
241 1661 410 1696 ἐλάτρευσαν
430 1664 463 1698 τῇ
480 1665 567 1689 κτίσει
588 1664 664 1699 παρὰ
679 1664 724 1690 τὸν
739 1665 885 1692 κτίσαντα·

102 1706 123 1731 οἱ
138 1706 164 1732 δὲ
182 1706 396 1742 ἐματαιώθησαν
411 1709 440 1734 ἐν
456 1710 513 1740 τοῖς
528 1709 712 1745 διαλογισμοῖς
725 1711 824 1743 αὐτῶν,
840 1712 887 1738 καὶ

102 1752 237 1788 ἐσκοτίσθη
254 1756 271 1789 ἠ
296 1753 424 1785 ἀσύνετος
446 1755 535 1781 αὐτῶν
552 1756 661 1791 καρδία,
686 1757 724 1788 ὡς
744 1757 886 1790 ἐναλλάξαι

101 1799 146 1834 τὴν
158 1799 236 1832 δόξαν
250 1800 299 1827 τοῦ
317 1801 455 1836 ἀφθάρτου
478 1801 545 1828 Θεοῦ
562 1803 590 1828 ὲν
606 1801 758 1837 ὁμοιώματι
783 1804 886 1836 εἰκόνος

104 1844 215 1880 φθαρτοῦ
242 1845 398 1880 ἀνθρώπου,
418 1847 465 1873 καὶ
487 1847 618 1874 πετεινῶν
638 1848 683 1874 καὶ
699 1849 882 1884 τετραπόδων,

104 1890 145 1915 καὶ
159 1891 290 1926 ἑρπετῶν.
307 1901 316 1916 ι
334 1892 447 1928 Νεκρῶν
458 1893 485 1919 δὲ
500 1891 546 1919 οὖν
559 1893 613 1920 οἵδε
633 1893 735 1930 ἀνδρῶν
748 1894 885 1921 δυναστῶν

104 1942 186 1967 τινων,
209 1936 225 1970 ἦ
255 1937 301 1963 καὶ
327 1938 466 1973 τυράννων
488 1938 573 1964 πάλαι
598 1939 752 1973 γενομένων
777 1940 884 1971 εἰκόνας

104 1979 394 2016 ὰνειδωλοποιήσαντες,
415 1983 461 2009 καὶ
478 1983 591 2015 ταύταις
603 1983 633 2010 τὸ
648 1983 719 2010 θεῖον
734 1984 885 2019 περιάψαν-

105 2032 145 2056 τες
158 2026 247 2058 σέϐας,
264 2028 313 2059 τάς
328 2037 358 2054 τε
378 2029 509 2060 ἐκτύπους
524 2029 570 2055 καὶ
587 2029 752 2061 ἀκολάστους
766 2029 819 2055 τῶν
837 2030 885 2055 αὺ-

104 2070 151 2097 τῶν
167 2072 289 2108 πράξεις,
303 2074 340 2105 ὡς
353 2074 421 2101 θεῶν
435 2075 634 2111 κατορθώματα
654 2075 796 2110 σεμνύνειν
811 2075 884 2102 ὲθεο-

106 2116 223 2152 λόγησαν.
242 2120 304 2151 Πῶς
318 2119 362 2146 οὖν
381 2123 436 2152 τοῖς
455 2122 631 2156 τυγχάνουσιν
650 2123 677 2147 ἓν
695 2122 806 2158 τοιαύτῃ
825 2122 882 2157 βίου

901 1548 921 1574 C

105 2165 259 2191 καταστάσει
278 2167 292 2192 ὁ
309 2168 442 2201 niveo-.30;
459 2176 504 2193 και
521 2167 669 2202 παι-λάρκος
693 2168 737 2193 cui
764 2167 880 2203 Χριστοῦ

106 2207 174 2241 λόγος
193 2210 240 2246 τὴν
263 2213 303 2243 είς
323 2213 405 2247 ἄκρον
427 2213 620 2246 καταγγέλλι-λν
640 2213 698 2246 σιλο
706 2214 807 2246 ῖοξίαν,
826 2215 881 2244 τοῖς
895 2220 919 2249 υ

105 2260 131 2278 τε
144 2254 169 2279 ὲν
182 2256 298 2291 τοσούτῳ
315 2257 389 2291 βάθει
408 2258 507 2289 κακίας
531 2258 748 2293 καλινῖουμένοίς
770 2258 879 2286 δύναται

106 2298 254 2334 ἁρμόττεινς
270 2303 308 2329 διὸ
320 2304 350 2339 δὴ
365 2304 482 2335 ἐκείνους
496 2306 511 2339 ἡ
525 2304 582 2330 θεία
600 2305 646 2330 καὶ
661 2306 765 2331 πάντων
784 2305 879 2341 ἔφορος

106 2342 211 2379 δεκη.ὼς
227 2347 324 2383 ἀγρίαν
339 2350 384 2374 καὶ
399 2349 607 2384 βλαϐεροπατην
621 2350 686 2384 ὕλην
701 2350 880 2384 περικόπτου-

106 2397 147 2419 σα,
168 2392 225 2418 τοτὲ
250 2393 299 2428 μὲν
324 2395 534 2429 κατακλυσμοῖς,
559 2396 617 2421 τοτὲ
640 2396 667 2421 δὲ
693 2396 878 2432 πυρπολήσεσι

109 2434 207 2471 μετῄιν
221 2438 280 2465 τοτὲ
298 2438 326 2465 δὲ
344 2439 441 2471 αὐτοὺς
457 2442 511 2471 τοῖς
525 2442 584 2466 κατ’
600 2441 721 2475 ἀλλήλων
740 2441 877 2476 πολέμοις,

105 2477 296 2516 “Madet;
306 2493 335 2512 τε
349 2486 396 2512 καὶ
412 2486 577 2521 πολιορκίαις
595 2487 635 2512 ἐπ’
650 2486 779 2520 ἀλλήλους
791 2495 877 2522 παρε-

107 2522 180 2559 δίδου,
191 2527 256 2564 πρὸς
272 2530 424 2558 αὐτῶντῶν
440 2531 583 2566 δαιμόνων,
597 2532 649 2557 τῶν
660 2532 690 2566 δὴ
706 2532 773 2558 θεῶν
788 2532 877 2563 αὐτοῖς

105 2571 301 2610 διωρισμένων.
319 2575 365 2603 ἐπὶ
385 2577 431 2603 τὸν
456 2578 515 2603 κατ’
528 2577 649 2611 ἀλλήλων
666 2578 783 2612 πόλεμον
805 2578 876 2609 ἐξοι-

303 2619 372 2648 lima
382 2622 480 2649 ἄϐατον
497 2621 564 2649 εἶναι
587 2626 642 2655 τοῖς
666 2623 874 2659 πλησιοχώροις,

279 2673 309 2692 τι
321 2667 366 2694 καὶ
378 2667 557 2703 ἀκοινώνητον
571 2669 617 2695 τὸν
631 2670 690 2695 τότε
706 2670 759 2695 τῶν
772 2669 875 2705 ἀνθρώ-

120 2700 131 2705 Ἰ
204 2707 209 2709 Α
249 2706 269 2717 ιε
506 2700 511 2703 ⁷
686 2714 690 2720 .
823 2700 828 2705 ’
855 2714 860 2721 ι

376 2711 403 2739 δέ
419 2721 504 2744 τινας,
515 2713 552 2745 ὡς
570 2715 598 2740 ἐν
616 2722 727 2750 τοιαυτῃ
744 2723 875 2740 καταστα-

151 2749 183 2766 μ
439 2759 503 2791 Ὅίδς,
521 2756 559 2786 ὧν
586 2761 620 2787 τὰ
643 2761 708 2794 παρ’
740 2760 873 2795 Ἑϐραίοις

947 927 973 953 in
998 934 1103 953 summa
1125 930 1292 961 repetentur.
1311 927 1379 953 Cum
1396 927 1497 954 inultus
1511 930 1583 954 esset
1599 928 1737 962 quondam

946 971 992 1007 qui
1018 972 1153 999 humanas
1179 973 1285 1000 animas
1315 973 1508 1000 obtenebraret
1539 974 1687 1009 impietatis
1709 978 1736 1002 et

946 1019 1071 1045 amentia:
1081 1019 1193 1053 squalor
1206 1038 1213 1049 ,
1229 1023 1256 1046 et
1269 1019 1360 1053 gravis
1369 1019 1491 1053 quaedam
1509 1027 1522 1045 a
1537 1019 1590 1046 Deo
1607 1020 1736 1047 alienatio

945 1069 1053 1090 onmem
1066 1063 1149 1089 vitam
1164 1063 1306 1090 hominum
1330 1056 1484 1098 sul-egisset
1500 1070 1582 1098 atque
1602 1072 1737 1099 occupas-

947 1113 997 1138 set,
1015 1108 1082 1135 adeo
1100 1114 1128 1135 ut
1143 1109 1177 1136 ab
1195 1109 1349 1144 agrestibus
1367 1114 1394 1136 ct
1416 1110 1566 1137 immitibus
1582 1111 1646 1137 feris
1667 1111 1735 1138 nihil

946 1154 1054 1181 diﬁerre
1070 1154 1194 1181 homines
1221 1155 1393 1186 viderentur,
1409 1159 1465 1182 ttun
1483 1155 1521 1182 illi
1536 1164 1624 1191 neque
1641 1157 1736 1183 civita-

945 1205 994 1231 tcs,
1004 1208 1091 1234 neque
1103 1200 1282 1234 respublicas,
1293 1209 1381 1235 neque
1394 1202 1475 1235 leges,
1488 1210 1576 1236 neque
1589 1202 1734 1231 honestum

944 1246 1090 1280 quidquam
1109 1250 1155 1272 aut
1178 1246 1239 1273 vitae
1265 1247 1439 1273 conducibile
1467 1250 1616 1279 noverant,
1647 1256 1736 1283 neque

943 1299 1007 1318 vero
1023 1291 1153 1319 scientias
1172 1292 1240 1319 ullas
1254 1297 1300 1318 aut
1311 1298 1383 1319 artes
1401 1292 1492 1319 animo
1507 1294 1736 1328 complecteban—

943 1341 997 1370 tur,
1014 1337 1122 1364 virtutis
1132 1341 1222 1363 autem
1233 1344 1264 1363 ac
1281 1337 1463 1371 philosophia:
1476 1344 1510 1363 ne
1525 1338 1734 1373 minimamqui-

943 1382 1003 1409 dem
1019 1383 1157 1410 notionem
1174 1383 1314 1413 tenebant,
1327 1382 1375 1410 sed
1393 1383 1419 1409 in
1439 1382 1505 1410 solis
1522 1382 1639 1411 desertis
1652 1384 1731 1416 locis,

942 1428 970 1454 in
989 1428 1128 1455 montibus
1144 1436 1174 1455 ac
1189 1428 1329 1462 speluncis
1351 1434 1378 1455 et
1399 1429 1468 1455 vicis
1496 1428 1626 1463 degentes
1639 1437 1732 1457 versa-

943 1472 1052 1505 bantur,
1062 1474 1233 1499 etlatrouum
1251 1474 1338 1500 instar
1352 1481 1399 1500 eos
1412 1474 1457 1508 qui
1475 1474 1588 1508 propius
1601 1482 1733 1502 accesms-

942 1523 1002 1545 sent
1019 1518 1185 1546 invadebant
1204 1539 1211 1551 ,
1230 1527 1279 1546 nec
1303 1520 1412 1547 aliunde
1439 1520 1490 1547 sibi
1510 1521 1609 1548 victum
1624 1530 1730 1556 quaere-

939 1565 1014 1596 bant,
1033 1572 1115 1599 quam
1136 1572 1168 1592 ex
1184 1572 1279 1591 eorutn
1307 1565 1485 1600 oppressione
1509 1573 1579 1600 quos
1604 1566 1728 1593 imbecil-

937 1611 1020 1638 liores
1035 1612 1105 1638 nacti
1124 1615 1216 1638 essent
1231 1621 1236 1638 ε
1265 1611 1346 1638 iidem
1367 1619 1450 1647 porro
1466 1620 1555 1647 neque
1570 1621 1728 1648 supremutn

937 1657 1032 1690 Deum,
1050 1665 1138 1692 neque
1153 1658 1238 1685 ullum
1272 1659 1414 1694 religionis
1432 1667 1505 1686 vera:
1520 1660 1632 1687 modum
1644 1669 1729 1689 novc-

937 1708 1007 1734 rant,
1023 1703 1071 1730 sed
1087 1704 1153 1730 solis
1174 1704 1340 1738 quibusdam
1367 1705 1540 1732 naturalibus
1566 1706 1727 1734 notionibus

935 1749 1070 1781 instincti,
1088 1749 1221 1776 exsistere
1238 1749 1348 1784 quidem
1365 1749 1447 1785 364.
1464 1750 1490 1776 in
1510 1751 1591 1778 rebus
1609 1751 1728 1777 divinam

935 1794 1070 1829 quandatn
1087 1796 1150 1827 vim,
1169 1794 1309 1829 Deumque
1331 1803 1392 1822 esse
1416 1803 1447 1821 ac
1463 1796 1610 1827 nominari,
1627 1800 1653 1823 et
1668 1805 1728 1823 cam

935 1841 1082 1867 salutarem
1098 1848 1130 1867 ac
1141 1840 1290 1867 beneﬁcam
1314 1841 1417 1868 sentire
1441 1841 1661 1875 appellationem,
1678 1850 1728 1868 na-

935 1887 1016 1913 turali
1043 1887 1161 1921 quadam
1194 1887 1320 1913 doctrina
1341 1887 1517 1919 fatebantur;
1546 1892 1575 1913 ut
1591 1895 1656 1914 vero
1672 1897 1726 1915 nun

934 1932 1008 1959 aliud
1023 1932 1172 1967 quidquam
1188 1937 1324 1966 putarent,
1342 1940 1423 1967 quam
1436 1941 1497 1960 eum
1514 1933 1561 1967 qui
1575 1937 1616 1960 est
1643 1942 1726 1968 supra

933 1984 1041 2004 omnem
1057 1986 1117 2012 qua:
1129 1978 1251 2004 cernitur
1267 1983 1404 2009 naturam.
1426 1986 1598 2013 nequaquam
1625 1979 1724 2007 adduci

933 2027 1068 2059 poterant.
1085 2023 1223 2052 Proinde't
1245 2025 1367 2051 nonnulli
1382 2025 1490 2060 quidem
1507 2033 1603 2052 eorum
1617 2027 1723 2053 cultqu

934 2078 1012 2097 suum
1024 2071 1186 2101 tribuerunt,
1197 2078 1228 2097 ac
1238 2071 1391 2098 servierunt
1399 2075 1530 2097 creaturae
1540 2072 1631 2106 politis
1640 2080 1722 2107 quam

932 2115 1055 2143 Creatori
1071 2125 1077 2142 :
1096 2116 1142 2142 alii
1172 2123 1235 2142 vero
1257 2119 1429 2142 evanuerunt
1454 2116 1481 2142 in
1507 2115 1723 2150 cogitationibus

934 2162 1001 2192 suis,
1022 2166 1049 2189 et
1060 2162 1236 2188 obscuratum
1253 2167 1295 2188 est
1312 2161 1446 2195 insipiens
1459 2168 1508 2187 cor
1534 2169 1640 2194 eorum,
1655 2161 1724 2189 adeo

933 2207 1041 2242 quidem
1058 2211 1086 2234 ut
1104 2208 1270 2234 mutaverint
1290 2207 1405 2242 gloriam
1420 2207 1638 2242 incorruptibilis
1663 2207 1721 2240 Dei,

933 2253 960 2280 in
973 2253 1182 2280 similitudinem
1200 2253 1327 2287 imaginis
1342 2253 1532 2288 corruptibilis
1550 2253 1680 2285 hominis,
1694 2257 1722 2281 et

931 2299 1084 2330 volucrum,
1095 2302 1121 2325 et
1131 2298 1349 2332 quadrupedum,
1362 2302 1388 2325 et
1398 2299 1577 2333 serpentium’
1594 2319 1601 2325 .
1610 2309 1618 2324 ι
1629 2299 1722 2334 Itaque

932 2349 1103 2371 mortuorum
1127 2346 1250 2371 virorum
1277 2346 1457 2379 quorumdam
1480 2347 1631 2380 potenlitttn
1645 2366 1652 2377 ,
1674 2352 1722 2374 aut

931 2392 1012 2417 etiam
1022 2395 1199 2426 tyrannorum
1214 2392 1259 2425 qui
1273 2392 1425 2426 antiquitus
1439 2392 1565 2423 fuissent,
1576 2400 1638 2419 cum
1652 2392 1720 2419 ima-

931 2437 1008 2471 gines
1025 2444 1073 2471 pro
1089 2437 1246 2463 simulacris
1276 2438 1430 2464 erexisseut
1445 2457 1452 2468 ,
1473 2437 1570 2472 hisque
1596 2437 1719 2464 diviumn

931 2483 1091 2510 tribuissent
1105 2483 1219 2514 cultum,
1237 2487 1294 2509 tum
1312 2483 1445 2510 deformia
1475 2487 1557 2517 atque
1581 2483 1718 2520 impudica

931 2529 1088 2557 eurumdcm
1117 2529 1188 2556 facta
1212 2529 1290 2563 quasi
1317 2529 1429 2555 deorum
1447 2533 1522 2562 gesta
1536 2529 1717 2563 pulcherrima

930 2576 1064 2606 venerari,
1074 2576 1234 2610 theologicis
1243 2575 1406 2610 quibusdatn
1417 2575 1514 2602 ritibus
1527 2575 1715 2602 instituerunt.

929 2621 980 2654 Qui
1000 2621 1082 2656 igitur
1099 2621 1156 2648 ﬁeri
1183 2622 1318 2656 potuisset
1335 2625 1364 2648 ut
1390 2622 1416 2648 in
1435 2622 1481 2648 tali
1498 2626 1571 2648 statu
1590 2622 1652 2649 vitae
1669 2622 1717 2649 de-

927 2667 1064 2702 gentibus,
1083 2672 1164 2702 atque
1178 2668 1203 2694 in
1219 2672 1292 2694 tanta
1319 2668 1506 2702 profunditate
1526 2669 1638 2695 malitia:
1654 2676 1716 2695 ver-

927 2714 1063 2745 santibus,
1080 2715 1311 2748 sapientissimum
1326 2718 1408 2749 atque
1426 2722 1534 2741 omnem
1547 2715 1673 2741 virtutetn
1687 2715 1714 2741 in

927 2767 957 2787 se
968 2760 1110 2787 continens
1125 2760 1227 2787 Christi
1244 2759 1373 2792 Verbum,
1385 2760 1449 2788 dum
1467 2768 1602 2789 summam
1619 2761 1709 2797 perle-
