3828 6220
349 342 454 400 567

1021 331 1292 390 EUSEBII
1331 326 1814 387 CLESARIENSIS
1847 326 2001 383 OPP.
2036 318 2225 380 'P'ARS
2263 322 2327 378 ιι.
2352 353 2422 363 -—
2444 315 2950 379 Αροιοοετισιι.

3514 315 3614 370 5'33

1216 636 1376 709 ³⁸³
1420 580 2523 820 ΕΥΣΕΒΙΟΥ

1544 930 1773 1017 ΤΟΥ
1834 923 2437 1015 ΠΑΜΦΙΛΟΥ

798 1123 1980 1262 ΕΥΑΓΓΕΛΙΚΗΣ
2052 1109 3154 1250 ΑΠΟΔΕΙΞΕΩΣ

1474 1365 1914 1453 ΒΙΒΛΙΟΝ
1979 1360 2466 1449 ΟΓΔΟΟΝ.

1012 1634 1841 1857 EUSEBII
1924 1684 2846 1845 PAMPHILI

650 1982 2157 2124 DEMONSTBATIONIS
2232 1977 3297 2114 EVANGELICKE

1462 2242 1820 2330 LIBER
1873 2235 2459 2331 OCTAVUS.

323 2568 498 2629 H/EC
532 2563 824 2623 INSUNT
852 2563 936 2618 ΙΝ
970 2561 1153 2621 OCTA
1173 2561 1265 2619 VO
1299 2559 1524 2617 LIBRO
1558 2559 1894 2616 EVANGE-
1928 2566 1971 2627 Α

393 2637 590 2696 ιιϐΑῐ
648 2636 743 2694 DE
789 2633 1229 2692 SALVATORE
1260 2632 1556 2690 NOSTRO
1605 2632 1900 2686 DEMON-

392 2706 872 2768 STRATIONIS.

315 2822 400 2882 De
425 2820 743 2893 temporibus
774 2819 895 2893 ejus
923 2818 993 2893 ad
1016 2820 1251 2893 homines
1301 2817 1559 2893 adventus
1604 2832 1667 2871 ea:
1703 2817 1898 2871 subno-

669 2888 806 2947 tatis‘
841 2890 1031 2947 divina
1055 2888 1347 2956 Scriptum
1391 2889 1541 2942 locis.

392 3011 443 3065 Ι.
473 3008 518 3063 Α
552 3006 758 3063 Genesi.

387 3079 443 3135 2.
478 3079 524 3131 Α
561 3078 801 3133 Daniele.

390 3149 444 3204 3.
476 3149 520 3202 A
550 3146 800 3202 licium.

387 3220 444 3275 4.
480 3219 520 3271 Α
555 3216 842 3272 Zacharia.

388 3290 442 3345 5.
476 3289 557 3343 Ab
576 3287 765 3353 ,Isaia.

895 3395 1325 3455 ΡΒΟΟΕΜιυΜ.

386 3512 526 3569 Cum
571 3521 731 3571 antea
789 3512 1349 3570 demonstraverimus
1394 3513 1450 3568 in
1491 3527 1654 3585 quam
1707 3513 1896 3570 multis

319 3603 618 3676 Scriptura:
671 3604 870 3661 divina;
924 3605 1062 3662 locis
1099 3603 1197 3661 Dei
1232 3603 1469 3662 Verbum
1521 3605 1589 3661 ad
1642 3605 1895 3662 homines

315 3705 607 3751 venturum
643 3703 953 3760 caneretur,
1010 3697 1263 3768 undeque
1295 3704 1351 3751 et
1379 3697 1495 3761 ubi,
1527 3703 1580 3753 et
1619 3694 1895 3767 quomodo

316 3789 386 3844 iis
408 3789 503 3859 qui
553 3788 608 3843 in
641 3798 789 3844 terra
826 3799 1179 3846 versarentur
1208 3789 1504 3846 videndum
1557 3788 1894 3861 propheticis

2005 2559 2188 2612 TAAE
2249 2557 2449 2630 unus
2459 2557 2612 2630 πινᾷ
2636 2557 2737 2630 etv
2782 2555 2872 2630 re
2926 2561 3163 2630 omen
3214 2563 3601 2619 ΣΥΓΓΡΑΜ.

2068 2629 2256 2681 ΜΑΤΙ
2294 2625 2437 2680 ΤΗΣ
2479 2627 2653 2680 ΠΕΡΙ
2696 2625 3186 2684 ἸὈΥΣΩΤΙΠδσΣ
3213 2633 3431 2687 ΗΜΩΝ
3469 2637 3602 2689 ΕΥ-

2072 2699 2506 2752 ΑΓΓΕΛΙΚΗΣ
2539 2695 3021 2754 ΑΠΟΔΕΙΞΕΩΣ.

1999 2813 2138 2881 Περὶ
2177 2810 2298 2894 τῶν
2323 2814 2575 2936 ἐρύξων
2596 2809 2706 2879 τῆς
2731 2814 2820 2879 εἰς
2853 2812 3208 2883 ἀνθρώπους
3240 2814 3597 2896 ἐπιφαγειας

2079 2886 2288 2936 αὐτου.
2356 2900 2393 2936 κ
2423 2898 2544 2935 των
2570 2884 3195 2936 ὺποσεσηιιειωιιένων
3223 2888 3507 2936 Γοαωων-

2079 2886 2288 2948 αὐτοῦ,
2323 2886 2393 2936 ἐκ
2423 2886 2544 2935 τῶν
2570 2886 3195 2956 ὺποσεσημειωμένων
3222 2886 3507 2956 Γραφῶν.

2068 2994 2136 3048 α’.
2185 2994 2328 3049 Ἀπὸ
2361 2994 2473 3063 τῆς
2493 2994 2826 3063 Γενέσεως.

2072 3065 2138 3135 β’.
2186 3066 2328 3120 Ἀπὸ
2358 3066 2464 3119 τοῦ
2500 3066 2750 3129 Δανιήλ.

2070 3136 2140 3203 γ’.
2191 3136 2334 3190 Ἀπὸ
2369 3135 2477 3189 τοῦ
2510 3138 2755 3205 Μιχαία.

2068 3205 2130 3260 δ’.
2180 3207 2323 3261 Ἀπὸ
2350 3207 2458 3261 τοῦ
2494 3208 2812 3277 Ζαχαρίου.

2071 3284 2130 3329 ε’.
2174 3278 2318 3331 Ἀπὸ
2347 3278 2453 3331 τοῦ
2494 3278 2757 3333 Ἡσαΐου.

2594 3393 3002 3448 ΠΡΟΟΙΜῐυΝ.

2075 3504 2479 3570 Ἀποδείξαντες
2512 3504 2579 3558 δι’
2612 3505 2752 3559 ὅσων
2782 3509 2812 3561 ὁ
2841 3507 2935 3561 τοῦ
2984 3507 3120 3563 Θεοῦ
3165 3512 3340 3581 Λόγος
3376 3517 3459 3578 εἰς
3494 3517 3567 3571 ἀν

1997 3599 2248 3674 θρώπους
2301 3597 2450 3670 ἥξειν
2499 3597 2837 3664 ὲθεσπίζετο,
2865 3600 2992 3656 ὅθεν
3029 3604 3124 3656 καὶ
3170 3606 3277 3676 ὅπη
3308 3607 3405 3660 καὶ
3436 3609 3596 3673 ὅπως

1994 3690 2323 3764 ὀφθήσεσθαι
2355 3693 2470 3754 τοῖς
2492 3689 2586 3743 ἐπὶ
2613 3691 2717 3761 γῆς
2744 3692 2802 3745 ὲν
2835 3696 2957 3757 ταῖς
2985 3698 3115 3767 παρ’
3152 3697 3427 3769 Ἑϐραίοις
3454 3717 3571 3770 προ

1995 3785 2249 3856 φητικαῖς
2282 3786 2484 3852 φωναῖς
2514 3785 2612 3853 ὲκη
2624 3783 2862 3854 ρύττετο,
2897 3785 3051 3839 ὅτιτε
3078 3788 3238 3852 αὐτὸς
3262 3792 3472 3856 ἐκεῖνος
3494 3788 3589 3865 ἦν,

315 3880 460 3950 apud
491 3879 749 3937 Hebraeos
773 3882 998 3938 vocibus
1057 3882 1425 3946 nuntiaretur,
1483 3890 1538 3937 et
1568 3881 1714 3952 quod
1747 3881 1888 3936 idem

2020 3869 2089 3922 ιαὶ
2119 3869 2228 3923 οὐδ’
2259 3869 2436 3933 ἄλλος,
2466 3873 2496 3923 ὁ
2533 3869 2643 3924 τῶν
2675 3869 2888 3926 αἰώνων
2924 3877 3282 3945 προῦφεστὼς
3315 3880 3445 3945 Υἱὸς
3488 3884 3593 3937 τοῦ

314 3984 426 4024 non
458 3971 622 4036 alius,
654 3971 750 4027 sed
780 3972 898 4041 ipse
943 3971 1034 4027 ille
1060 3979 1208 4028 esset
1239 3970 1334 4026 Dei
1362 3970 1554 4036 Filius,
1580 3971 1675 4042 qui
1708 3971 1888 4025 omnia

2020 3961 2152 4028 9505,
2184 3963 2241 4017 ὃν
2277 3963 2365 4017 διὰ
2401 3962 2510 4017 τῶν
2550 3964 2752 4035 ἐτέρων
2779 3965 2912 4019 Θεόν
2943 3985 3003 4020 τε
3038 3971 3133 4022 καὶ
3170 3970 3395 4045 Κύριον,
3424 3976 3591 4049 ἀρχι-

314 4064 519 4119 sacoma
570 4063 866 4132 antecedit,
921 4079 1194 4136 quemque
1224 4063 1281 4118 in
1316 4064 1473 4135 aliis,
1510 4070 1564 4120 et
1616 4064 1807 4131 Deum,
1838 4070 1893 4119 et

312 4154 629 4221 Dominum,
655 4165 708 4213 et
736 4157 974 4228 primum
1005 4157 1409 4228 imperatorem,
1451 4163 1505 4213 et
1546 4157 1728 4228 magni
1761 4171 1894 4212 con-

312 4250 425 4307 δίιὶί
458 4250 732 4321 angelum,
762 4259 817 4305 et
848 4248 943 4306 Dei
973 4250 1286 4320 pontiﬁcem
1320 4265 1447 4305 esse
1496 4256 1658 4305 antea
1699 4248 1893 4305 didici-

311 4356 473 4397 mus:
507 4341 759 4411 seqnitur
790 4348 851 4394 ut
891 4346 1015 4410 post
1035 4339 1127 4393 illa
1154 4339 1338 4395 omnia
1355 4355 1477 4410 quas
1508 4340 1764 4411 superius
1790 4356 1890 4396 ex-

309 4436 515 4506 plicata
565 4441 733 4497 sunt,
766 4431 1013 4502 ejusdem
1058 4433 1325 4488 adventus
1377 4440 1627 4504 tempora
1658 4449 1724 4488 ex
1756 4433 1890 4503 ipsis

308 4542 507 4583 rursus
562 4523 898 4597 propheticis
946 4524 1396 4594 praedictionibus
1453 4540 1518 4581 ac
1559 4527 1891 4582 testimoniis

308 4618 771 4684 demonstremus,
804 4621 1041 4692 indeque
1095 4620 1314 4674 initium
1345 4619 1507 4691 363
1537 4619 1770 4689 hujusce
1808 4620 1889 4675 rei

307 4711 612 4779 capiamus.
649 4709 980 4781 Temporum
1030 4713 1178 4766 enim
1217 4711 1419 4782 quibus
1446 4711 1651 4767 Christi
1683 4711 1887 4766 adven-

304 4806 399 4857 tus
425 4800 646 4859 futurus
677 4810 844 4868 esset,
877 4803 1035 4873 signa
1064 4802 1340 4859 evidentia
1384 4803 1501 4859 haec
1529 4801 1681 4869 fore,
1716 4817 1889 4860 sacrae

306 4892 503 4947 litterae
532 4892 810 4947 nuntiant.
837 4891 973 4946 Cum
1012 4892 1116 4946 tria
1142 4893 1443 4963 insigniora
1472 4892 1717 4963 vigerent
1742 4893 1887 4962 apud

306 4983 566 5041 Hebraeos
602 4984 1023 5055 magistratuum
1061 5000 1285 5056 genera.
1318 5002 1349 5041 a
1372 4985 1573 5056 quibus
1603 5001 1737 5057 gens
1767 4985 1885 5055 ipsa

304 5090 506 5132 nomen
535 5084 590 5132 et
621 5077 792 5132 decus
820 5077 1124 5143 obtinebat,
1153 5094 1324 5133 unum
1376 5079 1610 5150 regium,
1651 5079 1884 5135 alterum

304 5167 704 5238 propheticum,
726 5169 948 5224 tertium
976 5169 1339 5241 pontiﬁcium,
1364 5171 1560 5226 borum
1589 5171 1882 5238 simulem-

1996 4055 2300 4126 στράτηγον
2353 4055 2447 4108 καὶ
2497 4055 2741 4126 μεγάλης
2794 4055 2991 4129 βουλῆς
3042 4061 3292 4130 ἄγγελον,
3339 4065 3477 4120 Θεοῦ
3522 4084 3589 4120 τε

1993 4146 2256 4220 ἀρχιερέα
2317 4147 2606 4217 τυγχάνειν
2665 4152 3204 4224 προμεμαθήκαμεν,
3266 4155 3589 4223 ἀκολούθως

1997 4238 2135 4309 μετὰ
2166 4238 2237 4293 τὰ
2269 4241 2792 4315 προδιεξωδευμένα,
2832 4246 2958 4309 τοὺς
2988 4247 3214 4319 χρόνους
3240 4248 3343 4319 τῆς
3383 4250 3591 4320 ἐπιφα-

1991 4330 2140 4397 νείας
2169 4333 2333 4387 αὑτοῦ
2366 4333 2527 4387 πάλιν
2562 4334 2623 4401 ἐξ
2662 4333 2840 4390 αὐτῶν
2877 4335 2985 4390 τῶν
3009 4341 3369 4412 προφητικῶν
3404 4346 3585 4416 προρ-

1992 4424 2201 4496 ῥήσεων
2233 4426 2756 4499 ὲπιμαρτυρώμεθα,
2809 4427 3021 4482 ἐνθένδε
3077 4431 3399 4502 ἀρξάμενοι.
3455 4436 3587 4490 Τῶν

1990 4516 2198 4588 χρόνων
2226 4516 2323 4587 τῆς
2355 4515 2449 4570 τοῦ
2480 4518 2720 4590 Χριστοῦ
2770 4521 3072 4591 παρουσίας
3104 4522 3314 4593 ἐκφανῆ
3378 4529 3588 4596 σημεῖα

1990 4609 2117 4663 τάδε
2150 4609 2370 4663 ἔσεσθαι
2404 4609 2878 4683 προκηρύττουσιν
2912 4616 2970 4667 αἱ
3004 4615 3149 4687 ἱεραὶ
3185 4615 3423 4686 Γραφαί.
3450 4620 3587 4672 Ὄν-

1988 4718 2097 4755 των
2160 4701 2326 4775 τριῶν
2380 4702 2443 4756 τὸ
2500 4705 2629 4775 πρὶν
2689 4705 2969 4776 ἐπιφανῶν
3042 4705 3367 4778 ἀξιωμάτων
3430 4710 3587 4782 παρὰ

2002 4792 2273 4866 Ἑϐραίοις
2291 4794 2719 4866 διαπρεπόντων,
2736 4795 2803 4851 δι’
2821 4790 2897 4851 ὧν
2920 4798 2981 4852 τὸ
3000 4797 3152 4862 ἔθνος
3174 4804 3579 4873 συνεκροτεῖτο,

1989 4885 2108 4949 ἑνὸς
2143 4886 2239 4957 μὲν
2275 4885 2369 4940 τοῦ
2410 4886 2712 4958 βασιλικοῦ,
2744 4889 2932 4961 ἑτέρου
2973 4890 3033 4944 δὲ
3080 4889 3174 4944 τοῦ
3208 4894 3579 4965 προφητικοῦ,

1989 4980 2082 5033 καὶ
2120 4980 2213 5034 ἐπὶ
2247 4980 2457 5045 τούτοις
2485 4981 2579 5036 τοῦ
2616 4983 3027 5056 ἀρχιερατικοῦ,
3064 4984 3270 5040 τούτων
3307 4988 3448 5057 ὁμοῦ
3482 4990 3582 5061 τὴν

1988 5070 2285 5127 κατάλυσιν
2313 5073 2408 5126 καὶ⁵
2445 5072 2544 5145 τὴν
2592 5075 2833 5147 παντελῆ
2880 5076 3200 5149 καθαίρεσιν
3241 5082 3447 5152 σημεῖα
3480 5081 3582 5153 τῆς

1986 5162 2081 5216 τοῦ
2113 5163 2347 5237 Χριστοῦ
2369 5166 2671 5238 παρουσίας
2695 5167 2915 5221 ἔσεσθαι
2941 5168 3279 5234 θεσπίζουσι.
3297 5172 3580 5243 Δείγματα

303 5258 457 5314 nium
488 5260 905 5330 dissipationem
958 5272 1124 5333 atque
1175 5271 1473 5319 extremam
1516 5263 1877 5328 eversionem,

2020 5255 2165 5310 ὲτῶν
2193 5257 2372 5313 αὐτῶν
2391 5254 2530 5313 εἶναι
2548 5260 2756 5331 χρόνων
2772 5263 2864 5315 καὶ
2890 5263 2989 5333 τῆς
3012 5262 3154 5317 κατὰ
3181 5265 3422 5319 Μωῦσέα
3449 5265 3582 5338 θρη-

305 5348 617 5418 signiﬁcare
663 5349 955 5406 adventum
984 5352 1189 5409 Christi
1214 5353 1408 5408 adesse
1467 5353 1837 5408 vaticinantur
1868 5373 1881 5408 :

304 5448 625 5509 argumenta
656 5456 786 5496 vero
819 5450 982 5513 atque
1004 5443 1206 5498 indicia
1232 5443 1548 5499 earumdem
1577 5459 1702 5500 esse
1744 5451 1884 5499 tem-

303 5544 522 5599 porum,
552 5544 676 5584 cum
699 5529 939 5589 Mosaico
976 5534 1102 5589 ritui
1132 5534 1297 5590 ﬁnem
1330 5534 1614 5604 injectum,
1646 5542 1762 5588 tum
1793 5533 1879 5604 ip-

304 5620 424 5678 sins
451 5617 753 5678 Jerusalem
795 5625 1114 5695 templique,
1138 5626 1285 5697 quod
1329 5627 1383 5680 in
1415 5640 1574 5680 sacra
1602 5634 1721 5680 erat
1749 5624 1883 5680 soli-

302 5709 518 5775 tudine,
542 5717 659 5765 tum
703 5712 869 5769 etiam
916 5716 1189 5771 universa:
1217 5714 1461 5771 Judaicaa
1489 5716 1639 5788 genti
1673 5716 1742 5771 ab
1769 5715 1881 5770 ini-

304 5802 463 5861 micis
498 5810 661 5877 atque
690 5805 944 5866 hostibus
968 5807 1159 5881 jugum
1213 5808 1497 5866 servitutis
1540 5808 1877 5882 impositum.

1994 5348 2180 5413 σκείας
2212 5350 2311 5421 τὴν
2338 5352 2707 5424 περιγραφὴν,
2740 5353 2840 5424 τῆς
2864 5371 2925 5406 τε
2968 5355 3324 5427 Ἰερουσαλὴμ
3354 5360 3449 5411 καὶ
3481 5358 3577 5412 τοῦ

1991 5439 2129 5513 πρὸς
2179 5441 2316 5513 αὐτῇ
2380 5443 2525 5514 ἱεροῦ
2571 5444 2670 5515 τὴν
2717 5445 3019 5516 ἐρήμωσιν,
3052 5447 3113 5499 οὐ
3158 5448 3265 5518 μὴν
3307 5446 3446 5502 ἀλλὰ
3484 5450 3579 5503 καὶ

1988 5530 2083 5584 τοῦ
2105 5533 2304 5597 παντὸς
2336 5534 2602 5588 Ἰουδαίων
2630 5535 2815 5600 ἔθνους
2834 5536 2935 5607 τὴν
2959 5537 3064 5590 ὑπὸ
3095 5541 3209 5603 τοῖς
3234 5539 3457 5611 ἐχθροῖς
3483 5543 3577 5595 καὶ

1982 5622 2263 5695 πολεμίοις
2293 5624 2558 5691 δουλείαν,
2596 5629 2689 5681 καὶ
2723 5627 2857 5683 ἄλλα
2892 5630 2950 5684 δὲ
2978 5629 3090 5684 τῶν
3122 5630 3302 5684 αὐτῶν
3337 5632 3578 5686 ὑποϐάλ-

1980 5713 2132 5769 λουσι
2169 5719 2370 5789 σημεῖα
2405 5718 2636 5789 χρόνων,
2670 5720 2875 5791 πλῆθος
2907 5723 3150 5796 εἰρήνης,
3177 5722 3349 5776 ἐθνῶν
3382 5724 3486 5792 τῆς
3513 5722 3576 5783 ἐξ

1984 5808 2177 5875 αἰῶνος
2215 5810 2335 5863 κατ’
2386 5809 2537 5877 ἔθνος
2579 5814 2673 5869 καὶ
2730 5813 2870 5868 κατὰ
2925 5814 3078 5869 πόλιν
3121 5816 3429 5886 τοπαρχέας
3478 5818 3575 5871 καὶ
