3828 6220
248 255 371 309 569

1119 253 1775 313 DEMONSTRATIONIS
1808 252 2268 311 EV’ANGELICE
2307 253 2434 310 LIB.
2478 254 2613 310 Vill.
3428 258 3497 312 57

245 371 587 442 πολιαρχίας
640 374 939 446 ἀναίρεσιν,
970 374 1069 446 τῆς
1106 374 1366 429 πολυθέου
1402 375 1495 429 καὶ
1526 373 1812 444 δαιμονικῆ

1954 369 2059 426 Sed
2090 372 2196 426 alia
2221 379 2480 443 praeterea
2512 371 2832 427 eorumdem
2866 372 3166 441 subjiciunt
3204 373 3360 445 signa
3391 380 3533 428 tem-

243 462 709 536 εἰδωλολατρείας
766 467 1149 539 ἀποστροφὴν,
1209 468 1504 537 ἐπίγνωσιν
1567 467 1847 532 εὐσεϐείας

246 555 385 619 ὲνδς
427 556 521 609 τοῦ
556 558 650 610 ἐπὶ
693 559 912 612 πάντων
957 560 1295 632 δημιουργοῦ
1340 560 1497 613 Θεοῦ.
1526 560 1712 614 Ταῦτα
1754 556 1848 615 οῦν

248 646 510 713 ἅπαντα,
548 649 623 721 μὴ
677 642 819 703 ὅντα
849 651 1019 705 πάλαι
1061 652 1205 706 κατά
1247 654 1375 715 τοὺς
1402 652 1510 705 τῶν
1550 651 1848 724 προφητῶν

252 740 511 809 χρόνους,
558 742 652 795 ἐπὶ
693 743 793 812 τῆς
824 745 1061 814 Χριστοῦ
1107 745 1409 818 παρουσίας
1434 743 1758 814 γενήσεσθαι
1795 745 1845 797 οἰ

251 831 397 885 θεῖοι
440 834 679 904 χρησμοὶ
718 837 1107 908 προηγόρευον,
1142 837 1178 892 ἃ
1212 838 1305 892 καὶ
1334 840 1454 901 ταῖς
1479 838 1846 909 προρρήσεσιν

248 919 571 985 ἀκολούθως
599 925 680 988 εἰς
712 925 883 998 πέρας
909 927 1129 981 ἐλθόντα
1157 929 1280 982 ὅσον
1314 927 1467 981 οὔπω
1500 929 1846 999 παραστήσε-

249 1027 373 1065 ται.
429 1014 509 1069 Τά
558 1032 623 1084 γε
660 1017 765 1089 μὴν
787 1019 935 1073 αἴτια
981 1020 1076 1075 τοῦ
1122 1021 1196 1093 μὴ
1246 1022 1533 1093 πρότερον,
1571 1021 1709 1075 ἀλλά
1749 1020 1845 1074 νῦν

251 1102 348 1154 ἐπ’
400 1103 644 1174 ἐσχάτων
696 1110 904 1181 καιρῶν
954 1112 1091 1182 μετὰ
1133 1113 1224 1166 τὸν
1278 1116 1488 1185 μακρὸν
1536 1117 1630 1170 καὶ
1677 1116 1845 1171 πολὺν

250 1192 435 1247 αἰῶνα
455 1196 546 1250 τὸν
578 1200 811 1271 Χριστὸν
841 1204 1057 1275 ἐμφανῆ
1079 1204 1329 1273 γενέσθαι
1354 1207 1433 1279 τῷ
1456 1207 1573 1279 βίῳ,
1597 1210 1843 1271 λέλεκται

252 1288 363 1358 μὲν
392 1288 494 1359 ἤδη
521 1292 616 1344 καὶ
646 1292 899 1364 πρόσθεν,
934 1295 995 1348 οὐ
1026 1295 1132 1367 μὴν
1168 1296 1302 1351 ἀλλὰ
1344 1300 1438 1353 καί⁵
1486 1300 1580 1353 νῦν
1615 1305 1673 1355 ἐν
1712 1301 1844 1373 βρα-

247 1378 410 1448 χέσιν
443 1382 739 1452 εἰρήσεται.
771 1383 947 1448 Πολὺς
976 1380 1045 1455 ἦν
1075 1386 1243 1440 πάλαι
1298 1387 1564 1459 πρότερον
1605 1389 1702 1454 τὰς
1733 1390 1843 1444 τῶν

248 1467 562 1540 ἀνθρώπιον
604 1471 782 1542 ψυχὰς
836 1476 1141 1530 ἐπισκοτῶν
1198 1477 1510 1549 ἀφροσύνης
1563 1479 1658 1532 καὶ
1717 1481 1843 1534 ἀσε-

248 1559 413 1623 ϐείας
445 1562 676 1632 αὐχμὸς,
702 1565 847 1637 δεινή
894 1583 953 1619 τε
994 1567 1226 1641 ἀθεότης
1272 1572 1693 1643 κατακρατοῦσα
1745 1574 1839 1627 τοῦ

247 1650 462 1713 παντὸς
496 1651 798 1724 ἀνθρώπων
842 1655 979 1725 βίου,
1010 1657 1087 1721 ὡς
1135 1659 1303 1729 μηδὲν
1350 1660 1459 1713 τῶν
1504 1662 1712 1734 ἀγρίων
1747 1665 1841 1718 καὶ

1949 479 2164 534 porum,
2223 465 2616 519 abundantiam
2670 465 2844 535 pacis,
2880 466 3283 535 principatuum
3318 480 3533 520 rerum-

1949 570 2056 625 que
2088 555 2451 625 publicarum,
2487 570 2609 624 quae
2646 570 2675 608 a
2718 554 2941 609 condito
2971 568 3087 609 aevo
3131 554 3400 617 fuissent,
3432 568 3530 623 per

1951 647 2196 715 singulas
2226 655 2416 717 gentes
2434 655 2598 716 atque
2619 646 2785 701 urbes
2811 645 3117 709 interitum,
3148 659 3178 698 a
3203 644 3531 700 simulacro-

1949 753 2069 793 rum
2103 739 2277 802 cultu,
2307 753 2417 808 quo
2440 738 2623 808 plures
2661 739 2777 794 sive
2818 738 2895 792 dii
2945 739 3061 795 sive
3092 737 3368 793 daemones
3390 738 3532 793 cole-

1948 827 2167 892 bantur,
2209 829 2573 893 aversionem,
2599 830 2764 885 unius
2799 832 3043 899 supremi
3074 831 3290 901 Opiﬁcis
3318 830 3412 886 Dei
3440 847 3532 887 co-

1946 917 2243 987 gnitionem
2289 933 2353 973 ac
2400 917 2829 974 venerationem.
2876 918 3002 973 llaec
3055 920 3219 989 igitur
3266 920 3527 977 universa

1946 1024 2179 1079 quorum
2226 1010 2363 1064 nihil
2416 1010 2690 1081 quondam
2736 1012 3075 1081 temporibus
3136 1014 3524 1082 prophetarum

1944 1109 2098 1165 erat,
2136 1102 2241 1157 sub
2287 1101 2464 1171 ipsius
2496 1100 2702 1157 Christi
2759 1103 3055 1157 adventu‘m
3114 1106 3296 1158 futura
3341 1104 3524 1159 divina

1946 1196 2165 1248 oracula
2200 1193 2593 1263 pradicabant,
2631 1209 2754 1264 qua:
2786 1194 2948 1249 etiam
2978 1210 3102 1248 cum
3130 1195 3265 1265 ipsis
3284 1196 3524 1249 oraculis

1944 1284 2339 1340 concordantia
2368 1302 2527 1342 suum
2557 1287 2716 1341 ﬁnem
2746 1287 3015 1355 attigisse,
3052 1286 3195 1339 haud
3243 1286 3317 1341 ita
3349 1287 3524 1342 multo

1942 1382 2066 1444 post
2097 1376 2640 1432 demonstrabuntur.
2668 1375 2936 1432 Caeterum
2959 1392 3058 1428 cur
3089 1392 3198 1430 non
3224 1377 3396 1447 prius,
3425 1377 3519 1431 sed

1942 1482 2091 1521 nunc
2121 1468 2388 1522 duntaxat
2418 1468 2571 1525 hisce
2594 1469 2857 1524 extremis
2889 1470 3225 1538 temporibus
3255 1476 3379 1539 post
3410 1470 3524 1523 lon-

1942 1574 2067 1628 gum
2095 1560 2433 1630 multumque
2465 1576 2639 1615 aevum
2669 1560 2925 1615 Christus
2947 1561 3239 1614 videndmn
3275 1564 3518 1631 seipsum

1943 1651 2000 1704 in
2029 1652 2137 1706 vita
2188 1653 2514 1721 praebuerit,
2576 1668 2758 1708 causa:
2806 1652 3027 1724 quidem
3083 1661 3242 1708 antea
3299 1671 3521 1725 quoque

245 1740 561 1797 ἀτιθάσσων
605 1743 808 1817 θηρίων
841 1748 1119 1821 διαφέρειν
1147 1750 1323 1804 δοκεῖν
1343 1768 1359 1785 ο
1402 1754 1540 1823 μήτε
1580 1733 1711 1824 γοῦν
1741 1756 1811 1808 πό

1939 1741 2098 1796 dicta:
2134 1749 2284 1805 sunt,
2308 1751 2692 1804 verumtamen
2735 1744 2898 1798 etiam
2932 1759 3079 1798 nunc
3116 1746 3309 1815 paucis
3355 1752 3520 1815 atque

244 1831 386 1897 λεις,
403 1835 542 1904 μήτε
563 1835 857 1902 πολιτείας,
879 1840 1014 1911 μήτε
1036 1840 1255 1911 νόμους,
1280 1844 1420 1915 μήτε
1444 1861 1497 1897 τι
1525 1845 1721 1916 σεμνὸν
1743 1849 1837 1901 καὶ

246 1924 519 1994 βιωφελές
548 1928 767 1993 εἰδότες,
795 1930 931 2002 μηδὲ
957 1932 1062 2004 μὴν
1092 1936 1399 2008 ἐπιστήμας
1434 1940 1527 1993 καὶ
1555 1940 1749 2012 τέχνας
1777 1944 1835 1998 ἐν

242 2015 325 2086 νῷ
362 2016 656 2088 τιθέμενοι,
685 2021 889 2092 ἀρετῆς
920 2042 980 2078 τε
1022 2027 1119 2080 καὶ
1150 2028 1469 2100 φιλοσοφίας
1502 2033 1613 2087 οὐδ’
1642 2037 1721 2098 εἰς
1751 2037 1830 2091 ἕν-

242 2124 400 2161 νοιαν
447 2110 635 2174 ἰόντες,
676 2112 866 2182 μόναις
908 2116 998 2168 ἐπ’
1037 2117 1318 2189 ἐρημίαις,
1351 2121 1408 2174 ἐν
1455 2139 1513 2175 τε
1558 2124 1707 2195 ὄρεσι
1738 2128 1833 2180 καὶ

245 2199 537 2270 σπηλαίοις
586 2204 682 2256 καὶ
720 2203 934 2275 κώμαις
970 2206 1069 2272 τὰς
1113 2209 1391 2281 διατριϐὰς
1416 2215 1709 2283 ἐποιοῦντο,
1736 2218 1830 2290 λῃ-

244 2290 614 2363 στρικώτερον
646 2296 1011 2367 ἐπιτιθέμενοι
1041 2302 1152 2363 τοῖς
1178 2300 1554 2371 πλησιάζουσι,
1585 2305 1831 2377 πορίζον-

242 2397 339 2443 τες
381 2380 451 2434 τά
489 2384 627 2453 πρὸς
664 2385 727 2437 τὸ
773 2384 872 2458 ζῇν
915 2389 1013 2442 οὐκ
1052 2390 1276 2446 ἄλλοθεν
1301 2392 1471 2465 ἀλλ’ἢ
1502 2396 1566 2449 ἐκ
1593 2396 1693 2466 τῆς
1720 2396 1830 2450 τῶν

246 2472 694 2546 καταδεεστέρων
732 2479 1210 2548 καταδυναστείας.
1248 2485 1406 2539 Ἀλλά
1444 2486 1550 2558 μὴν
1566 2489 1830 2544 obsessa»

243 2560 339 2614 τὸν
387 2564 480 2617 ἐπὶ
525 2566 743 2621 πάντων
779 2570 996 2640 ᾔδεσαν,
1026 2573 1149 2627 οὐδέ
1186 2591 1250 2643 γε
1289 2576 1570 2641 εὐσεϐείας
1598 2577 1830 2650 ἀληθοῦς

240 2654 466 2725 τρόπον,
515 2664 773 2727 φυσικαῖς
802 2662 859 2715 δὲ
896 2665 1126 2729 ἐννοίαις
1171 2667 1603 2740 ἀνακινούμενοι,
1637 2670 1696 2723 τὺ
1728 2672 1828 2741 μὲν

244 2747 515 2818 ὑπάρχειν
556 2754 614 2805 ἐν
654 2756 769 2816 τοῖς
797 2752 915 2808 οὖσι
963 2756 1112 2810 θείαν
1139 2758 1261 2812 τινὰ
1301 2760 1528 2831 δύναμιν
1571 2763 1664 2815 καὶ
1696 2763 1827 2817 Θεὸν

241 2835 407 2906 εἶναι,
438 2844 531 2897 καὶ
554 2844 933 2916 ὀνομάζεσθαι,
967 2850 1232 2921 σωτήριόν
1258 2868 1317 2905 τε
1352 2853 1445 2906 καὶ
1473 2854 1827 2927 εὐεργετικὴν

239 2935 531 3003 τυγχάνειν
586 2936 687 3008 τὴν
755 2941 1127 3012 προσηγορίαν
1188 2944 1446 3013 αὐτοφυεῖ
1510 2946 1826 3020 διδασκαλίᾳ

242 3027 684 3098 συνωμολόγουν·
714 3030 777 3083 τὸ
812 3032 869 3085 δὲ
905 3032 978 3104 μὴ
1013 3033 1140 3086 ἄλλο
1176 3051 1228 3087 τι
1251 3036 1492 3107 νομίζειν
1518 3038 1550 3109 ἢ
1576 3040 1666 3091 τὸν
1694 3039 1820 3092 ἐπέ-

238 3135 397 3171 κεινα
427 3119 645 3193 ἀπάσης
678 3121 777 3191 τῆς
806 3123 1088 3194 ὁρωμένης
1119 3126 1327 3191 οὐσίας,
1369 3129 1469 3181 οὐκ
1506 3128 1582 3182 ἔθ’
1615 3124 1716 3183 οἷοί
1759 3148 1819 3184 τε

236 3206 380 3280 ἦσαν
414 3212 790 3282 ἀποδέχεσθαι.
813 3216 1012 3288 Διόπερ
1048 3236 1067 3269 ι
1095 3220 1145 3271 oi
1182 3218 1279 3289 μὲν
1310 3219 1491 3274 αὐτῶν
1514 3220 1816 3295 ἐσεϐάσθη-

241 3317 360 3359 σαν.
394 3303 488 3355 καὶ
532 3303 864 3375 ἐλάτρευσαν
904 3309 970 3377 τῇ
1004 3311 1178 3361 κτίσει
1220 3310 1372 3381 παρά
1401 3311 1492 3363 τὸν
1520 3312 1815 3366 κτίσαντα*

236 3396 285 3447 οἰ
319 3394 376 3446 δὲ
415 3394 838 3467 ἐματαιώθησαν
866 3399 925 3450 ἐν
956 3401 1070 3463 τοῖς
1099 3399 1467 3473 διαλογισμοῖς
1494 3404 1693 3469 αὐτῶν,
1724 3406 1819 3458 καὶ

235 3488 524 3558 ἐσκοτίσθη
556 3492 590 3560 ή
638 3488 893 3553 ἀσύνετος
935 3491 1115 3545 αὐτῶν
1147 3493 1365 3565 καρδία,
1415 3495 1491 3558 ὡς
1531 3495 1816 3562 ἐναλλάξαι

233 3582 336 3653 τὴν
360 3580 521 3646 δόξαν
548 3581 644 3635 τοῦ
678 3582 954 3655 ἀφθάρτου
999 3584 1135 3638 Θεοῦ
1166 3587 1224 3638 ἐν
1255 3585 1559 3657 ὁμοιώματι
1609 3589 1817 3654 εἰκόνος

235 3671 479 3743 φθαρτοῦ
531 3672 841 3743 ἀνθρώπου,
880 3676 975 3729 καὶ
1017 3676 1279 3730 πετεινῶν
1318 3678 1411 3730 καὶ
1442 3680 1808 3751 τετραπόδων,

234 3763 331 3816 καὶ⁵
361 3764 626 3835 ἑρπετῶν.
659 3784 678 3816 ι
712 3766 939 3838 Νεκρῶν
958 3768 1015 3821 δὲ
1043 3763 1136 3822 οῦν
1162 3768 1270 3823 οἵδε
1309 3768 1514 3842 ἀνδρῶν
1538 3770 1813 3824 δυναστῶν

232 3869 417 3917 τινων,
463 3854 498 3923 ἢ
555 3855 646 3909 καὶ
698 3857 977 3927 τυράννων
1020 3858 1190 3911 πάλαι
1239 3858 1549 3928 γενομένων
1599 3860 1812 3924 εἰκόνας

233 3943 834 4015 ἀνειδωλοποιήσαντες,
873 3948 967 4000 καὶ
999 3946 1225 4012 ταύταις
1248 3948 1309 4002 τὸ
1339 3948 1482 4001 θεῖον
1511 3949 1813 4021 περιάψαν-

231 4051 324 4098 τες
354 4035 540 4099 σέϐας,
574 4037 671 4101 τάς
700 4055 761 4091 τε
801 4039 1062 4103 ἐκτόπους
1090 4040 1184 4093 καί⁵
1217 4039 1548 4103 ἀκολάστους
1575 4040 1683 4094 τῶν
1717 4041 1813 4093 αὐ-

229 4126 340 4181 τῶν
374 4127 621 4199 πράξεις,
650 4129 725 4193 ὡς
750 4129 887 4184 θεῶν
914 4132 1312 4204 κατορθώματα
1352 4132 1637 4203 σεμνύνειν
1665 4133 1811 4186 ἐθεο-

230 4221 490 4291 λόγησαν.
526 4221 652 4286 Πῶς
678 4219 770 4277 οὖν
805 4225 917 4287 τοῖς
952 4224 1308 4295 τυγχάνουσιν
1342 4226 1400 4278 ἐν
1431 4225 1657 4300 τοιαύτῃ
1694 4226 1807 4297 βίου

228 4314 563 4367 καταστάσει
598 4316 628 4367 ό
660 4316 931 4384 πάνσοφος
960 4317 1054 4369 καὶ
1083 4315 1383 4388 πανάρετος
1427 4316 1520 4369 τοῦ
1568 4316 1804 4388 Χριστοῦ

1938 1836 1991 1889 in
2039 1849 2250 1889 summa
2294 1842 2628 1905 repetentur.
2665 1835 2802 1889 Cum
2834 1835 3038 1890 multus
3066 1842 3211 1891 esset
3241 1838 3517 1907 quondam

1935 1924 2029 1996 qui
2079 1926 2350 1981 humanas
2402 1928 2614 1983 animas
2673 1926 3061 1982 obtenebraret
3120 1929 3419 2000 impietatis
3462 1938 3516 1986 et

1935 2019 2185 2073 amentiae
2206 2019 2430 2088 squalor
2455 2058 2470 2081 ,
2501 2027 2556 2074 et
2582 2018 2764 2088 gravis
2780 2020 3027 2089 quaedam
3060 2035 3089 2073 a
3118 2019 3225 2075 Deo
3257 2022 3517 2076 alienatio

1933 2120 2149 2162 omnem
2176 2109 2341 2160 vitam
2372 2108 2656 2162 hominum
2703 2092 3012 2179 sul-egisset
3043 2122 3207 2179 atque
3248 2126 3518 2180 occupas-

1937 2207 2038 2259 set,
2073 2198 2209 2253 adeo
2242 2208 2299 2252 ut
2329 2199 2398 2255 ab
2432 2200 2742 2270 agrestibus
2778 2209 2831 2255 et
2875 2202 3177 2256 immitibus
3207 2202 3337 2257 feris
3377 2204 3514 2258 nihil

1936 2289 2153 2344 dilierre
2182 2290 2431 2345 homines
2485 2291 2830 2355 viderentur,
2861 2300 2974 2346 tum
3010 2293 3085 2346 illi
3115 2310 3293 2364 neque
3324 2296 3517 2349 civita-

1932 2392 2033 2444 tes,
2052 2397 2225 2451 neque
2248 2382 2608 2451 respublicas,
2629 2399 2806 2453 neque
2830 2385 2993 2453 leges,
3021 2401 3196 2455 neque
3221 2386 3513 2444 honestum

1930 2472 2225 2543 quidquam
2260 2482 2355 2525 aut
2398 2475 2522 2528 vitae
2574 2475 2922 2529 conducibile
2976 2483 3276 2541 noverant,
3337 2494 3515 2550 neque

1928 2579 2058 2618 vero
2088 2564 2350 2620 scientias
2386 2565 2524 2620 ullas
2550 2575 2643 2618 aut
2664 2577 2811 2620 artes
2845 2565 3027 2620 animo
3056 2569 3516 2639 complecteban—

1929 2662 2039 2722 tur,
2070 2655 2288 2711 virtutis
2306 2663 2487 2709 autem
2508 2670 2572 2707 ac
2605 2655 2970 2724 philosophia:
2994 2670 3063 2709 ne
3092 2658 3371 2711 minimam
3386 2659 3513 2728 qui-

1928 2745 2049 2801 dem
2080 2747 2358 2801 notionem
2391 2747 2672 2809 tenebant,
2697 2746 2793 2802 scd
2828 2747 2882 2800 in
2922 2746 3055 2802 solis
3086 2746 3322 2805 desertis
3347 2749 3507 2814 locis,

1929 2837 1984 2891 in
2021 2838 2299 2893 montibus
2330 2853 2393 2892 ac
2422 2838 2701 2907 speluncis
2745 2849 2800 2893 et
2841 2839 2980 2893 vicis
3036 2837 3296 2908 degentes
3321 2856 3508 2896 versa-

1927 2926 2148 2992 bantur,
2166 2930 2510 2981 etlatronum
2544 2929 2720 2982 instar
2746 2943 2843 2983 eos
2867 2929 2957 2998 qui
2993 2930 3220 2998 propius
3247 2936 3509 2986 accessis-

1927 3027 2047 3073 sent
2081 3018 2413 3075 invadebant
2450 3059 2466 3085 ,
2502 3036 2601 3076 nec
2648 3021 2868 3076 aliunde
2922 3022 3023 3075 sibi
3063 3023 3262 3077 victum
3292 3040 3503 3094 quaere-

1846 3076 1887 3130 ϐ
1921 3110 2073 3175 bant,
2108 3126 2273 3181 quam
2314 3126 2380 3166 ex
2411 3125 2602 3165 eorum
2657 3112 3013 3181 oppressione
3062 3128 3201 3183 quos
3251 3113 3500 3169 imbecil-

1918 3202 2083 3258 liores
2113 3205 2254 3258 nacti
2290 3210 2477 3259 essent
2505 3224 2516 3258 :
2571 3204 2736 3259 iidem
2777 3220 2943 3275 porro
2976 3221 3153 3277 neque
3184 3223 3500 3278 supremum

1917 3295 2109 3362 Deum,
2143 3312 2320 3367 neque
2349 3297 2520 3352 ullum
2587 3299 2871 3369 religionis
2907 3317 3053 3354 vera:
3084 3301 3308 3356 modum
3332 3320 3503 3360 nove-

1917 3398 2059 3449 rant,
2090 3387 2186 3443 sed
2216 3389 2349 3443 solis
2392 3389 2723 3465 quibusdam
2776 3391 3122 3447 naturalibus
3176 3393 3499 3450 notionibus

1912 3479 2183 3544 instincti,
2218 3479 2485 3535 exsistere
2518 3480 2739 3550 quidem
2772 3479 2938 3552 364
2972 3481 3024 3534 in
3063 3483 3227 3537 rebus
3262 3483 3500 3537 divinam

1914 3570 2184 3641 quandam
2216 3572 2344 3636 vim,
2381 3570 2661 3641 Deumque
2705 3587 2828 3626 esse
2875 3588 2938 3625 ac
2969 3574 3263 3636 nominari,
3296 3582 3351 3629 et
3380 3590 3499 3629 eam

1914 3664 2207 3718 salutarem
2239 3678 2302 3716 ac
2324 3663 2624 3716 beneﬁcam
2670 3663 2877 3717 sentire
2925 3665 3366 3733 appellationem,
3399 3681 3499 3719 na-

1912 3755 2077 3808 turali
2129 3755 2366 3823 quadam
2430 3755 2684 3808 doctrina
2724 3756 3078 3821 fatebantur;
3135 3765 3194 3809 ut
3224 3772 3355 3811 vero
3387 3775 3496 3813 nun

1912 3846 2060 3900 aliud
2089 3845 2388 3916 quidquam
2418 3857 2691 3915 putarent,
2727 3862 2889 3917 quam
2916 3863 3039 3901 eum
3072 3848 3165 3916 qui
3193 3856 3277 3903 est
3329 3866 3495 3919 supra

1910 3950 2125 3990 omnem
2157 3953 2279 4006 qua:
2301 3938 2545 3991 cernitur
2576 3947 2852 4001 naturam,
2896 3953 3241 4009 nequaquam
3295 3940 3493 3997 adduci

1909 4036 2181 4100 poterant.
2212 4026 2490 4085 Proinde'r
2533 4032 2777 4085 nonnulli
2806 4032 3024 4101 quidem
3058 4047 3250 4087 eorum
3278 4035 3490 4089 cultum

1909 4138 2069 4177 suum
2091 4123 2414 4184 tribuerunt,
2437 4137 2500 4176 ac
2518 4124 2826 4178 servierunt
2840 4132 3105 4179 creaturae
3123 4127 3305 4194 potius
3323 4142 3489 4197 quam

1907 4212 2197 4268 Creatori:
2234 4212 2327 4266 alii
2385 4228 2514 4266 vero
2557 4220 2903 4266 evanuerunt
2950 4213 3006 4266 in
3057 4213 3491 4283 cogitationibus

1910 4305 2046 4368 suis,
2086 4313 2141 4360 et
2163 4305 2517 4358 obscuratum
2549 4314 2635 4358 est
2667 4303 2936 4373 insipiens
2962 4319 3060 4358 cor
3111 4321 3323 4370 eorum,
3352 4305 3493 4361 adeo

227 4403 384 4472 λόγος
424 4404 523 4476 τὴν
569 4407 650 4469 εἰς
688 4407 856 4477 ἄκρον
896 4406 1286 4475 καταγγέλλων
1321 4406 1659 4476 φιλοσοφίαν,
1694 4411 1806 4471 τοῖς

1924 4396 2127 4465 ιιιίιιειῐι
2158 4405 2216 4451 ut
2251 4397 2583 4451 mutaverint
2622 4396 2854 4466 gloriam
2883 4397 3321 4467 incorruptibilis
3368 4396 3485 4462 Dei,

225 4511 286 4547 τε
315 4497 372 4547 ἐν
398 4495 639 4567 τοσούτῳ
672 4496 824 4566 βάθει
859 4497 1059 4561 κακίας
1105 4497 1542 4569 καλινδουμένοις
1582 4498 1803 4553 δύναται

226 4587 550 4658 ἀρμόττεινς
580 4588 658 4642 διὸ
681 4589 743 4661 δὴ
773 4589 1010 4653 ἐκείνους
1035 4592 1068 4662 η
1093 4589 1210 4643 θεία
1241 4590 1337 4643 καὶ
1363 4591 1576 4646 πάντων
1608 4591 1802 4664 ἔφορος

222 4677 458 4747 δίκη,ὼς
493 4678 691 4749 ἀγρίαν
719 4682 811 4732 καὶ
841 4679 1258 4750 βλαϐερωτάτην
1284 4680 1416 4751 ὓλην
1443 4699 1507 4734 πε
1517 4681 1803 4753 ρικόπτου-

199 4768 316 4829 ’σατ
365 4770 488 4822 τοτὲ
539 4770 637 4839 μὲν
690 4771 1113 4841 κατακλυσμοῖς,
1160 4773 1281 4825 τοτὲ
1323 4772 1379 4825 δὲ
1426 4772 1800 4845 πυρπολήσεσι

227 4859 447 4930 μετῄειο
479 4862 598 4913 τοτὲ
636 4860 693 4913 δὲ
732 4861 927 4925 αὐτοὺς
958 4864 1068 4924 τοῖς
1093 4864 1213 4915 κατ’
1241 4862 1486 4933 ἀλλήλων
1521 4862 1799 4934 πολέμοις,

220 4952 631 5022 ἀνδροκτασίαις
653 4969 712 5005 τε
742 4954 836 5006 καὶ
867 4953 1199 5024 πολιορκίαις
1231 4954 1316 5006 ἐπ’
1341 4954 1604 5024 ἀλλήλους
1625 4971 1798 5025 παρε-

220 5043 384 5107 δίδου,
414 5042 549 5114 πρὸς
585 5042 765 5096 αὐτῶν
782 5043 891 5096 τῶν
923 5044 1211 5115 δαιμόνων,
1236 5043 1343 5097 τῶν
1362 5044 1426 5116 δὴ
1454 5045 1591 5099 θεῶν
1619 5046 1799 5109 αὐτοῖς

218 5132 643 5203 νενομισμένων,
680 5134 773 5187 ἐπὶ
813 5135 907 5187 τὸν
955 5137 1074 5188 κατ’
1098 5136 1342 5204 ἀλλήλων
1375 5135 1610 5207 πόλεμον
1654 5137 1795 5202 ἐξοι-

220 5223 579 5295 στρουμένους
602 5240 616 5254 ·
646 5224 786 5278 ῶστε
808 5225 1004 5279 ἄϐατον
1038 5222 1173 5281 εἶναι
1218 5232 1329 5293 τοῖς
1375 5228 1792 5301 πλησιοχώροις,

217 5312 571 5383 ἀνεπίμικτόν
594 5332 653 5368 τε
680 5316 774 5370 καὶ
799 5318 1159 5389 ἀκοινώνητον
1186 5319 1278 5373 τὸν
1306 5320 1425 5373 τότε
1453 5320 1563 5373 τῶν
1585 5319 1795 5392 ἀνθρώ-

218 5418 334 5455 πων
367 5401 503 5474 βίον.
530 5404 761 5476 Βραχεῖς
793 5406 848 5459 δέ
881 5424 1051 5471 τινας,
1073 5408 1148 5473 ὡς
1182 5412 1241 5463 ἐν
1276 5409 1499 5483 τοιαύτῃ
1530 5410 1793 5463 καταστά-

220 5509 323 5560 σει,
377 5495 472 5549 mi.
522 5497 740 5568 ἀριθμῷ
792 5498 1049 5569 ληπτοὺς,
1086 5494 1162 5555 ὧν
1216 5502 1285 5557 τὰ
1329 5503 1460 5572 παρ’
1522 5500 1791 5572 Ἑϐραίοις

288 5669 336 5702 ιι
373 5667 535 5728 nom.
571 5688 626 5740 ι,
663 5673 769 5743 23,
804 5674 865 5731 ει
902 5675 994 5732 23.

1908 4488 1963 4542 in
1989 4487 2407 4543 similitudinem
2443 4488 2698 4557 imaginis
2727 4489 3107 4559 corruptibilis
3143 4490 3404 4553 hominis,
3432 4497 3488 4546 et

1906 4579 2211 4643 volucrum,
2233 4586 2287 4631 et
2305 4577 2742 4647 quadrupedum,
2768 4586 2820 4632 et
2840 4581 3199 4648 serpentium’
3232 4619 3245 4633 .
3262 4601 3279 4632 ι
3301 4579 3488 4651 Itaque

1907 4680 2251 4726 mortuorum
2296 4674 2544 4725 virorum
2596 4674 2959 4741 quorumdam
3003 4677 3305 4743 potentimn
3332 4714 3348 4737 ,
3391 4686 3487 4730 aut

1906 4765 2067 4817 etiam
2087 4772 2442 4835 tyrannorum
2471 4766 2563 4834 qui
2590 4766 2894 4835 antiquitus
2921 4766 3173 4830 fuissent,
3196 4783 3320 4821 cum
3347 4767 3485 4820 ima-

1906 4855 2059 4924 gines
2093 4870 2191 4924 pro
2222 4856 2536 4910 simulacris
2595 4857 2905 4911 ercxissent
2934 4896 2949 4919 ,
2989 4856 3184 4926 hisque
3236 4857 3483 4910 divimuu

1903 4947 2226 5002 tribuissent
2252 4948 2482 5011 cultum,
2518 4956 2631 5001 tum
2667 4948 2933 5002 deformia
2995 4956 3158 5017 atque
3207 4947 3481 5023 impudica

1904 5040 2220 5095 eorumdcm
2277 5039 2420 5094 facta
2467 5040 2625 5110 quasi
2678 5039 2902 5094 deorum
2937 5048 3088 5107 gesta
3114 5039 3479 5108 pulcherrima

1903 5135 2173 5197 venerari,
2191 5134 2512 5203 theologicis
2528 5132 2855 5203 quibusdam
2877 5132 3073 5186 ritibus
3098 5132 3476 5186 instituerunt.

1902 5223 2005 5290 Qui
2042 5224 2207 5294 igitur
2241 5225 2357 5279 ﬁeri
2409 5226 2679 5295 potuisset
2714 5233 2771 5279 ut
2823 5226 2877 5279 in
2913 5226 3006 5279 tali
3040 5234 3186 5280 statu
3222 5226 3347 5279 vitae
3382 5225 3479 5280 de-

1898 5316 2172 5387 gentibus.
2209 5317 2451 5387 atquein
2480 5326 2627 5371 tanta
2681 5318 3056 5387 profunditatc
3097 5319 3319 5373 malitia:
3351 5334 3476 5373 ver-

1898 5410 2170 5473 santibus,
2204 5411 2667 5479 sapientissimum
2696 5419 2860 5482 atque
2894 5427 3112 5465 omnem
3137 5411 3391 5466 virtutem
3417 5411 3473 5466 in

1899 5516 1958 5557 se
1980 5503 2264 5557 continens
2293 5502 2499 5558 Christi
2531 5500 2789 5567 Verbum,
2813 5502 2942 5558 dum
2976 5518 3247 5560 summam
3281 5502 3463 5577 perte-
