3828 6220
314 324 413 383 571

1000 318 1273 372 ιιιδωιι
1307 315 1784 372 ΟᾹΞδΛῐίΙΕΝδΙΞ
1823 316 1907 372 0P

2017 313 2199 370 PARS
2234 312 2297 368 ΙΙ.
2316 341 2391 355 -
2426 310 2928 369 APOLOGETICA.

3500 313 3606 369 διε

313 446 573 509 etamque
602 440 822 493 nuntiat
873 438 1301 509 philosOpbiam,
1341 437 1855 492 accommodaretur
1887 438 1907 493 ‘.’

2016 435 2345 507 μνημονεύει
2395 434 2573 503 λόγια,
2631 434 2898 505 Θεοφιλεῖς
2947 432 3206 505 εὑροῦσα,
3256 432 3468 499 τούτοις
3514 436 3604 491 διὰ

316 528 664 601 Quapropter
691 531 814 585 illos
848 530 1038 585 divina
1092 530 1384 599 omniaque
1437 544 1639 585 curans
1663 529 1901 598 justitia,

316 622 478 693 quasi
511 630 784 692 agrestem
816 628 870 676 et
897 623 1346 677 nocentissimam
1386 620 1581 676 silvam
1614 620 1906 677 attondens

317 722 482 783 atque
512 722 829 784 amputans,
850 727 999 767 nunc
1029 714 1250 783 quidem
1271 712 1518 775 diluviis,
1555 727 1704 766 nunc
1722 720 1903 767 autem

317 804 586 861 incendiis
610 806 911 874 castigabat
937 823 951 859 :
987 803 1261 859 interdum
1293 820 1423 860 vero
1441 793 1665 860 eosdem
1697 804 1906 859 mutuis

318 898 480 954 bellis
522 904 579 952 et
629 898 874 954 caedibus
904 907 958 953 et
993 897 1379 954 obsidionibus
1427 897 1671 953 assiduis
1720 896 1909 952 trade-

319 990 432 1055 bat,
478 992 681 1062 quippe
723 1007 863 1061 quos
894 991 997 1060 ipsi
1032 992 1329 1055 dazmones,
1369 992 1512 1060 ipsi,
1544 991 1791 1061 inquam,
1827 991 1907 1045 illi

318 1100 457 1154 quos
482 1083 615 1138 deos
645 1098 778 1139 suos
806 1085 1128 1147 censebant,
1156 1084 1209 1137 iu
1231 1083 1447 1139 furores
1474 1084 1765 1147 bellorum,
1783 1082 1910 1153 qui-

321 1178 424 1231 bus
454 1182 648 1231 contra
686 1191 746 1231 se
780 1165 1015 1229 invicem
1049 1181 1454 1244 grassarentur,
1481 1173 1905 1231 inﬂammarent.

320 1265 402 1322 Ex
447 1280 559 1336 quo
606 1264 770 1321 fiehat
822 1272 881 1319 ut
914 1266 1096 1321 nullos
1128 1266 1269 1320 inter
1312 1280 1371 1321 se
1425 1265 1607 1321 aditus
1643 1265 1909 1321 haberent

321 1358 563 1423 finitimi,
615 1358 711 1413 sed
742 1358 1085 1429 impermista
1120 1358 1772 1428 incommunicabilisque
1805 1358 1910 1412 ho-

322 1459 530 1513 minum
564 1465 718 1515 esset
753 1459 866 1514 illis
904 1459 1247 1529 temporibus
1289 1460 1422 1515 vita.
1456 1458 1670 1515 Paucos
1724 1468 1908 1517 autem

321 1548 611 1617 quosdam,
647 1556 709 1602 ut
745 1550 802 1602 in
831 1549 1103 1619 ejusmodi
1140 1557 1308 1613 statu,
1362 1556 1417 1604 et
1461 1549 1619 1604 facile
1650 1562 1900 1603 numera-

322 1640 735 1709 biles,quorum
786 1654 945 1695 sacra
977 1639 1122 1710 apud
1149 1639 1407 1696 Hebraeos
1453 1642 1678 1695 oracula
1711 1640 1908 1695 memi-

318 1727 655 1797 nerunt,Dei
674 1730 955 1785 studiosos
990 1731 1308 1801 amicosque
1340 1739 1524 1799 nacta,
1553 1732 1656 1787 hos
1687 1732 1837 1802 ipsos
1854 1736 1908 1784 et

2007 526 2272 599 χρησμῶν
2320 527 2415 580 καὶ
2460 525 2743 598 θειοτέρας
2774 525 3097 593 ἐπιφανείας
3142 524 3360 595 ὡμίλει,
3401 524 3606 591 δεξιου-

2012 620 2150 690 μένη
2184 620 2309 685 τοὺς
2349 619 2547 691 ἄνδρας
2569 620 2664 672 κα)⁸
2688 617 3065 690 θεραπεύουσα
3090 617 3274 689 νόμοις
3305 622 3418 683 τοῖς
3452 621 3606 691 παρὰ.

2008 711 2290 775 Μωῦσέως
2322 713 2706 780 είσαγωγικοῑς
2737 710 2833 764 καὶ
2864 709 3202 780 βιωφελέσιν.
3237 709 3378 763 Ἀλλ’
3404 711 3496 764 ὅτε
3535 711 3602 782 δὴ

2009 804 2075 855 ἐκ
2128 803 2227 874 τῆς
2284 803 2496 867 τούτοις
2543 802 2897 873 διαταγείσης
2946 801 3265 873 νομοθεσίας
3296 802 3361 856 ἐκ
3400 820 3462 856 τε
3494 804 3605 856 τῶν

2012 894 2149 966 μετὰ
2181 894 2355 949 ταῦτα
2388 894 2744 967 προφητικῶν
2781 893 3123 964 μαθημάτων
3155 896 3235 958 είς
3265 895 3478 957 πάντας
3509 894 3604 947 ἀν-

2009 985 2259 1058 θρώπους
2308 987 2537 1050 εὐωδίας
2585 986 2744 1057 δίκην
2805 985 3210 1056 προχεομένων,
3246 984 3348 1057 ἤδη
3409 983 3604 1037 λοιπὸν

2009 1077 2264 1148 ἡμέρωτο
2292 1077 2397 1129 τῶν
2421 1075 2633 1130 πολλῶν
2663 1076 2733 1129 τὰ
2766 1076 3113 1146 φρονήματα,
3143 1078 3255 1138 τοῖς
3289 1092 3345 1127 τε
3382 1074 3605 1139 πολλοῖς

2008 1169 2186 1223 ἔθνεσι
2228 1170 2496 1224 πολιτεῖαι
2537 1170 2631 1222 καὶ
2664 1168 2981 1240 νομοθεσίαι
3028 1169 3366 1235 συνίσταντο,
3395 1168 3604 1239 ἀρετῆς

2008 1278 2067 1314 τε
2115 1262 2209 1314 καί
2242 1262 2557 1331 φιλοσοφίας
2601 1261 2774 1332 ὄνομα
2822 1259 2973 1331 παρά
3002 1264 3115 1325 τοῖς
3139 1261 3354 1324 πολλοῖς
3381 1262 3600 1327 ἐϐοᾶτο,

2007 1353 2082 1416 ώς
2107 1353 2172 1406 ἂν
2210 1354 2568 1424 πεπαυμένης
2608 1354 2707 1424 τῆς
2744 1353 2979 1417 παλαιᾶς
3027 1353 3338 1426 θηριώδεας,
3379 1371 3592 1425 μετατι-

2010 1446 2245 1518 θεμένης
2289 1446 2347 1500 δὲ
2384 1447 2485 1517 τῆς
2521 1446 2720 1517 ἀγρίας
2759 1446 2852 1499 καὶ
2886 1430 3128 1517 ἀπηνοῦς
3158 1446 3370 1516 διαίτης
3396 1446 3493 1499 ἐπὶ
3536 1446 3603 1500 τὸ

2010 1539 2333 1608 πραότερον,
2359 1536 2522 1601 αὐτὸς
2555 1538 2653 1609 ἤδη
2694 1538 2878 1591 λοιπὸν
2911 1537 3053 1592 κατά
3098 1537 3287 1611 καιρὸν
3316 1538 3409 1591 τὸν
3428 1556 3589 1610 προσ-

2008 1633 2210 1703 ήκοντα
2250 1632 2279 1684 ὁ
2320 1630 2428 1684 τῶν
2459 1630 2681 1685 τελείων
2708 1648 2769 1683 τε
2791 1632 2883 1684 καὶ
2908 1632 3175 1703 οὐρανίων
3206 1632 3498 1701 δογμάτων
3536 1648 3604 1684 τε

2009 1724 2104 1779 καὶ
2136 1722 2473 1794 μαθημάτων
2506 1724 2712 1787 τέλειος
2759 1724 2855 1778 καὶ
2902 1724 3152 1794 οὐράνιος
3189 1723 3535 1785 διδάσκαλος,
3568 1724 3604 1775 ὁ

320 1821 607 1890 responsis
636 1821 1044 1892 alloquebatur,
1074 1829 1130 1877 et
1159 1822 1225 1876 ad
1261 1822 1481 1879 divinas
1512 1824 1756 1878 visiones
1804 1822 1902 1875 ad-

2010 1816 2105 1886 τῆς
2136 1814 2371 1885 ἀληθοῦς
2414 1815 2746 1884 θεογνωσίας
2793 1817 3152 1885 εἰσαγωγεὺς,
3187 1818 3215 1869 ό
3250 1815 3385 1879 Θεὸς
3423 1815 3604 1883 Λόγος

320 1919 594 1984 mittebat,
627 1920 962 1991 eosdemque
1012 1920 1230 1975 interim
1262 1923 1422 1992 quasi
1455 1937 1623 1976 manu
1678 1930 1907 1991 captans

320 2013 573 2076 curabat,
604 2022 659 2068 et
692 2013 926 2083 legibus,
970 2029 1111 2084 quas
1152 2013 1333 2069 Moses
1385 2015 1603 2077 fixerat,
1647 2014 1910 2068 cultiores

320 2103 603 2160 reddebat.
631 2103 735 2161 Sed
762 2106 852 2159 ubi
873 2105 989 2175 jam
1014 2121 1081 2161 ex
1113 2106 1326 2176 legibus
1341 2122 1464 2176 quae
1484 2106 1568 2161 his
1598 2106 1732 2175 ipsis
1769 2104 1909 2159 datae

320 2195 562 2262 fuerant,
608 2203 774 2267 atque
805 2212 872 2251 ex
903 2198 1244 2268 propheticis
1297 2198 1529 2268 posthac
1574 2197 1906 2267 disciplinis,

320 2291 378 2345 in
402 2304 593 2345 omnes
622 2290 876 2345 homines
908 2290 1223 2361 fragrantia:
1255 2291 1545 2360 cujusdam
1579 2291 1755 2345 instar
1776 2304 1907 2359 pro-

321 2382 482 2445 fusis,
503 2384 647 2455 quod
673 2391 981 2454 supererat,
1005 2385 1298 2439 multorum
1315 2384 1485 2438 animi
1510 2384 1908 2439 mansuetiores

321 2497 631 2553 evaserant,
650 2489 812 2561 365
829 2491 1126 2561 multisque
1147 2490 1400 2560 gentibus
1420 2496 1473 2545 et
1490 2490 1680 2544 civiles
1701 2503 1906 2554 mores,

322 2591 375 2634 et
419 2580 597 2650 legum
644 2581 1023 2638 institutiones
1079 2583 1452 2645 constabant,
1485 2583 1815 2652 virtutisque
1844 2595 1911 2638 ac

322 2672 683 2743 philosophia:
710 2688 913 2728 nomen
942 2673 1089 2747 apud
1124 2675 1327 2729 multos
1355 2674 1703 2741 audiebatur,
1739 2673 1906 2743 quasi

319 2764 502 2834 prisca
535 2766 624 2819 illa
680 2764 896 2821 feritate
917 2765 1225 2830 desinente,
1256 2774 1310 2820 et
1341 2764 1544 2835 agresti
1573 2765 1911 2835 immanique

321 2857 471 2911 victu
533 2857 591 2912 in
641 2858 913 2912 mitiorem
940 2857 1054 2927 jam
1100 2864 1458 2921 commutato,
1492 2858 1612 2927 ipse
1638 2858 1751 2927 jam
1794 2867 1908 2912 tuin

322 2950 589 3019 temporis
619 2951 1084 3020 opportunitatem
1118 2930 1332 3015 nactus,
1368 2951 1485 3021 ipse
1519 2951 1744 3020 inquam
1792 2967 1913 3022 per—

322 3039 591 3097 fectorum
618 3044 1035 3113 caelestiumque
1064 3043 1442 3099 institutorum
1466 3044 1911 3114 disciplinarum-

321 3150 429 3203 que
458 3132 732 3204 perfectus
749 3135 1098 3206 cmlestisque
1115 3136 1392 3206 magister,
1420 3152 1662 3205 veraeque
1684 3135 1776 3191 Dei
1798 3152 1910 3191 ηο-
1937 3151 1978 3207 C

324 3226 458 3280 tilia:
513 3225 857 3281 introductor
891 3226 1036 3283 Deus
1069 3226 1312 3282 Verbum
1346 3227 1587 3298 seipsum
1631 3228 1904 3291 exhibuit,

323 3317 392 3371 ad
440 3318 821 3387 praescriptum
873 3319 1126 3374 humanae
1157 3336 1189 3374 a
1223 3336 1282 3375 se
1307 3321 1653 3377 assumendae
1700 3329 1910 3376 natura:

322 3427 561 3489 tempus,
591 3433 866 3489 unamque
920 3420 1175 3490 gentibus
1232 3420 1507 3476 universis
1542 3431 1652 3475 tam
1706 3420 1910 3477 Grmcis

324 3502 790 3581 quam'barbaris,
825 3512 976 3567 omni
1007 3513 1198 3584 utique
1228 3514 1473 3569 humano
1501 3515 1710 3584 generi,
1730 3514 1910 3569 Patris

325 3601 413 3657 sui
442 3602 786 3669 clementiam
814 3603 1180 3674 pietatemque
1212 3604 1473 3659 nuntiare
1497 3612 1611 3658 tum
1642 3605 1831 3674 coepit,
1856 3612 1911 3659 et

324 3697 394 3751 ad
424 3710 588 3751 unam
616 3705 847 3752 cunctos
882 3696 1133 3752 homines
1184 3696 1240 3751 in
1274 3695 1385 3752 Deo
1414 3696 1695 3750 adhortari
1747 3696 1912 3751 salu—

325 3796 458 3852 tem,
490 3788 775 3859 ipsamque
805 3788 1090 3843 veritatem
1122 3802 1374 3857 veraaque
1405 3786 1908 3858 religionislumen,

324 3898 429 3937 nec
457 3894 569 3937 nou
600 3882 825 3938 caeleste
887 3896 1117 3951 regnum
1147 3894 1212 3933 ac
1244 3878 1593 3948 sempiternae
1625 3878 1751 3932 vita:
1784 3893 1910 3947 pro-

328 3971 670 4035 missionem,
692 3969 950 4027 omnibus
974 3971 1089 4041 ipse
1116 3969 1268 4040 prior
1298 3967 1571 4039 spondere
1600 3981 1665 4022 ac
1694 3982 1908 4037 parare.

330 4060 607 4118 Hactenus
662 4063 830 4134 igitur
885 4062 1001 4117 haec
1057 4062 1205 4117 dicta
1264 4060 1376 4116 sint
1427 4060 1496 4116 de
1554 4058 1909 4128 temporibus,

329 4179 492 4234 quam
551 4164 741 4235 utique
769 4165 840 4220 ob
868 4179 1092 4220 causam
1135 4180 1250 4219 non
1290 4165 1405 4236 jam
1454 4164 1548 4218 diu
1573 4204 1590 4229 ,
1634 4163 1730 4219 sed
1765 4179 1913 4219 nunc

329 4263 570 4329 demum,
606 4265 864 4321 Christus
901 4264 994 4319 Dei
1023 4265 1079 4319 in
1109 4280 1302 4320 omnes
1351 4263 1603 4319 homines
1635 4279 1797 4318 suum
1824 4265 1914 4319 lu-

331 4379 457 4419 men
516 4363 779 4419 emiserit.
835 4361 1104 4417 Caeterum
1152 4361 1220 4416 ad
1260 4360 1547 4431 superiora
1594 4361 1910 4423 redeuntes,

2011 1907 2276 1977 ἐπέφανεν
2320 1908 2530 1969 ἑαυτὸν,
2568 1908 2711 1961 κατά
2740 1908 2834 1961 τὸν
2867 1908 3256 1980 ύπογραφέντα
3307 1908 3410 1978 τῆς
3439 1909 3603 1962 ἐναν-

2010 1997 2344 2071 θρωπήσεως
2376 1999 2541 2052 αὐτοῦ
2575 1998 2788 2071 χρόνον,
2840 1998 2967 2070 μίαν
3011 2002 3123 2063 τοῖς
3166 2000 3331 2053 πᾶσιν
3361 1998 3604 2062 ἔθνεσιν,

2013 2088 2235 2159 Ἕλλησί
2283 2106 2343 2142 τε
2397 2089 2491 2143 καὶ¹
2549 2089 2863 2161 βαρϐάροις,
2890 2089 2968 2162 τῷ
3000 2107 3062 2143 τε
3107 2090 3273 2144 παντὶ
3308 2089 3454 2145 ἔθνει
3488 2088 3604 2144 τῶν

2010 2181 2311 2253 ἀνθρώπων
2358 2181 2458 2253 τὴν
2495 2182 2592 2235 τοῦ
2633 2182 2848 2255 Πατρὸς
2881 2183 3288 2255 φιλανθρωπίαν
3320 2182 3603 2251 εὐαγγελιο

2011 2272 2256 2343 ζόμενος,
2288 2273 2382 2326 ἐπὶ
2415 2274 2545 2344 μίαν
2574 2292 2632 2327 τε
2666 2276 2793 2338 τοὺς
2836 2274 3043 2340 πάντας
3065 2274 3365 2347 παρορμῶν
3393 2277 3452 2329 ἐν
3477 2274 3605 2347 Θεῷ

2013 2363 2305 2435 σωτηρίαν,
2341 2363 2598 2435 ἀλήθειάν
2625 2381 2684 2417 τε
2717 2365 2886 2437 αὐτὴν
2913 2366 3009 2419 καὶ
3036 2366 3153 2435 φῶς
3178 2364 3413 2436 ἀληθοῦς
3444 2364 3603 2417 εὐσε-

2012 2454 2183 2519 ϐείας,
2206 2454 2479 2525 βασιλείαν
2509 2472 2567 2508 τε
2600 2455 2867 2527 οὐρανῶν,
2893 2457 2985 2509 καὶ
3009 2456 3226 2509 αἰωνίου
3254 2455 3401 2527 ζωῆς
3423 2456 3603 2524 ἐπαγ-

2010 2544 2197 2614 γελίαν
2228 2549 2340 2609 τοῖς
2372 2547 2509 2599 πᾶσι
2549 2546 2962 2618 προμνώμενος.
2996 2546 3180 2601 Ταῦτα
3215 2548 3313 2619 μὲν
3340 2545 3434 2602 οὖν
3470 2548 3602 2619 περὶ

2010 2635 2118 2689 τῶν
2145 2636 2351 2707 χρόνων
2379 2635 2637 2707 εἰρήσθω,
2672 2636 2740 2689 δι’
2766 2638 2832 2707 ἣν
2856 2637 3036 2690 αἰτίαν
3066 2636 3181 2702 νῦν,
3201 2636 3315 2690 ἀλλ’
3336 2638 3397 2689 ού
3429 2637 3603 2691 πάλαι

2012 2727 2276 2801 πρότερον
2323 2729 2352 2780 ὁ
2384 2727 2615 2799 Χριστὸς
2646 2727 2738 2780 τοῦ
2768 2728 2902 2781 Θεοῦ
2933 2730 3013 2792 εἰς
3038 2728 3246 2793 πάντας
3292 2728 3604 2799 ἐξέλαμψεν

2013 2817 2356 2890 ἀνθρώπους.
2388 2818 2526 2891 Φέρε
2571 2817 2630 2871 δέ
2675 2818 3061 2883 ἐπανελθόντες
3098 2819 3206 2872 τῶν
3250 2820 3462 2890 χρόνων
3501 2821 3603 2889 τῆς

2011 2909 2247 2978 ἀφίξεως
2276 2909 2441 2963 αὐτοῦ
2469 2909 2538 2963 τά
2568 2913 2770 2981 σημεῖα
2792 2910 2935 2964 κατά
2958 2911 3120 2983 μέρος
3147 2910 3603 2981 ἐπισκεψώμεθα,

2010 3001 2110 3065 τὰς
2154 3000 2516 3070 εύαγγελικὰς
2553 3003 2680 3074 περὶ
2708 3003 2810 3074 τῆς
2838 3004 3103 3071 γενέσεως
3135 3002 3296 3056 αὐτοῦ
3332 3002 3520 3072 φωνὰς
3544 3006 3605 3056 ἐν

2013 3092 2249 3165 πρώτοις
2273 3094 2835 3165 ἐπισημιωσάμενοι.
2883 3097 2941 3149 '0
2972 3096 3070 3166 μὲν
3097 3091 3190 3149 οὖν
3210 3094 3492 3159 Ματθαῖος
3509 3095 3605 3149 rb:

2013 3186 2200 3257 χρόνον
2218 3184 2319 3255 τῆς
2347 3185 2615 3257 ἐνσάρκου
2648 3185 2815 3239 αὐτοῦ
2846 3185 3164 3256 ἐπιφανείας
3183 3179 3286 3238 ὧδέ
3314 3202 3431 3248 πως
3460 3188 3605 3238 ἱστο-

2014 3281 2099 3349 ρεῖ
2127 3277 2329 3346 λέγων’
2370 3297 2390 3329 ι
2433 3278 2540 3333 Τοῦ
2573 3278 2631 3333 δὲ
2673 3279 2846 3350 Ἰησοῦ
2878 3278 3228 3350 γεννηθέντος
3257 3280 3316 3331 ἐν
3348 3278 3605 3351 Βηθλεέμ

2012 3370 2113 3439 τῆς
2158 3371 2439 3435 Ἰουδαίας,
2473 3374 2533 3426 ἐν
2578 3373 2815 3444 ἡμέραις
2854 3370 3090 3443 Ἡρώδου
3123 3371 3217 3425 τοῦ
3252 3370 3603 3440 βασιλέως-ι

2013 3464 2107 3515 καὶ
2139 3466 2255 3534 μετ’
2287 3463 2444 3533 ὀλίγα
2472 3465 2637 3537 φησίν
2657 3482 2671 3495 ο
2697 3483 2716 3516 ι
2760 3467 3026 3529 Ἀκούσας
3054 3466 3133 3529 δὲ,
3163 3465 3245 3518 ὅτι
3309 3464 3606 3535 Ἀρχέλαος

2014 3553 2287 3623 βασιλεύει
2329 3555 2431 3626 τῆς
2476 3556 2734 3620 Ἰουδαίας
2781 3557 2901 3610 ἀντὶ
2945 3555 3185 3628 Ἡρώδου
3239 3555 3334 3608 τοῦ
3392 3555 3607 3625 πατρὸς

2013 3645 2202 3700 αὐτοῦ.
2248 3666 2266 3697 ι
2313 3647 2373 3700 ὐ
2413 3647 2470 3700 δὲ
2524 3648 2741 3711 Λουκᾶς
2770 3647 2865 3700 τὸν
2895 3648 2995 3718 τῆς
3042 3646 3394 3710 διδασκαλίας
3433 3644 3608 3700 αὐτοῦ

2013 3738 2108 3790 καὶ
2135 3737 2452 3803 ἀναδείξεως
2483 3737 2674 3810 χρόνον
2709 3738 3023 3811 παρέστησε
3050 3738 3226 3808 λέγων
3248 3756 3262 3769 ·
3304 3758 3323 3790 ι
3366 3739 3455 3791 Ἐν
3491 3740 3607 3792 ἔτει

2013 3830 2484 3901 πεντεκαιδεκάτῳ
2527 3830 2627 3902 τῆς
2668 3830 2966 3902 ἡγεμονίας
3007 3831 3259 3902 Τιϐερίου
3298 3830 3605 3904 Καίσαρος,

2012 3922 2460 3995 ἐπιτροπεύοντος
2504 3923 2728 3976 Ποντίου
2762 3923 2997 3977 Πιλάτου
3038 3924 3138 3994 τῆς
3192 3922 3474 3986 Ἰουδαίας,
3509 3939 3605 3974 τε-

2012 4016 2376 4087 τραρχοῦντος
2401 4017 2458 4071 δὲ
2480 4019 2580 4088 τῆς
2613 4017 2901 4082 Γαλιλαίας
2946 4016 3207 4090 Ἡρώδου,
3241 4016 3511 4070 Φιλίππου
3544 4015 3607 4069 δὲ

2012 4108 2104 4162 τοῦ
2129 4110 2355 4179 ἀδελφοῦ
2391 4110 2556 4164 αὐτοῦ
2594 4111 3019 4182 τετραρχοῦντος
3044 4111 3147 4182 τῆς
3182 4110 3481 4183 Ἰτουραίας
3509 4110 3607 4164 καὶ

2014 4202 2410 4273 Τραχωνίτιδος
2454 4199 2657 4274 χώρας,
2709 4202 2805 4256 καὶ
2853 4202 3122 4255 Λυσανίου
3167 4202 3270 4273 τῆς
3311 4200 3606 4272 Ἀϐιληνῆς

2014 4292 2459 4365 τετραρχοῦντος,
2502 4293 2595 4347 ἐπὶ
2634 4293 2938 4366 ἀρχιερέως
2970 4294 3139 4348 Ἀννα
3178 4295 3273 4347 καὶ
3303 4293 3553 4361 Καῖάφα.
3577 4311 3600 4344 ι

2015 4383 2238 4448 Τούτοις
2280 4384 2344 4457 δὴ
2388 4380 2480 4439 οὖν
2525 4385 2710 4449 καλῶς
2766 4387 2878 4457 ἔχει
2931 4386 3275 4459 παραθέσθαι
3319 4386 3420 4457 τὴν
3449 4382 3605 4456 παρὰ

330 4470 638 4534 temporum
665 4463 936 4518 adventus
981 4462 1129 4517 illius
1158 4461 1527 4532 particulatim
1582 4476 1705 4530 qua;
1753 4463 1907 4534 signa

2014 4476 2205 4530 Μωσεῖ
2234 4476 2328 4530 τοῦ
2378 4475 2572 4530 Ἰακὼϐ
2605 4477 2962 4550 προφητείαν,
2997 4478 3185 4532 τοῦτον
3229 4478 3461 4549 ἔχουσαν
3510 4477 3608 4530 τὸν

330 4564 662 4629 exstiterint,
691 4563 1126 4627 consideremus,
1152 4562 1604 4633 evangelicasque
1632 4562 1687 4616 in
1712 4563 1907 4632 primis

2013 4566 2234 4638 τρόπον.

329 4656 398 4713 de
444 4664 570 4712 ortu
607 4657 728 4727 ejus
761 4674 926 4713 vores
981 4657 1328 4713 adnotemus.
1388 4654 1674 4712 Matthzeus
1734 4657 1901 4727 igitur
1937 4667 2157 4730 tempus
2183 4676 2294 4729 quo
2326 4661 2418 4717 ille
2440 4661 2496 4716 in
2552 4677 2783 4732 corpore
2815 4661 3057 4717 humano
3084 4661 3261 4717 videri
3300 4658 3492 4730 coepit,
3548 4661 3605 4714 in

333 4751 480 4805 hunc
511 4751 732 4806 modum
752 4762 940 4806 narrat
966 4769 1013 4805 ιι
1042 4749 1181 4806 Cum
1212 4756 1377 4816 esset,
1398 4749 1594 4819 inquit,
1615 4759 1777 4807 natus
1813 4749 1975 4808 Jesus
2005 4754 2059 4807 in
2078 4752 2391 4810 Bethlehem
2420 4753 2621 4810 Judaea:
2655 4755 2710 4808 in
2731 4756 2924 4811 diebus
2956 4752 3187 4811 Herodis
3204 4753 3349 4823 regis
3377 4751 3448 4804 ³⁸.
3487 4772 3505 4804 ι
3540 4749 3606 4803 Ει

331 4845 494 4914 paulo
527 4853 690 4915 post:
727 4865 745 4897 ι
773 4845 1036 4908 Audiens,
1066 4845 1265 4914 inquit,
1299 4844 1446 4915 quod
1468 4844 1771 4899 Archelaus
1801 4855 2063 4916 regnaret
2097 4847 2153 4901 iu
2190 4845 2378 4902 Iudaea
2437 4864 2534 4919 pro
2589 4847 2806 4904 Herode
2860 4856 3015 4919 patre
3078 4862 3181 4903 suo
3218 4846 3285 4901 “.
3344 4864 3364 4897 ι
3422 4842 3605 4897 Lucas

333 4945 515 4993 autem
535 4955 643 5007 quo
672 4944 918 5009 tempore
942 4939 1032 4994 ille
1059 4944 1113 4995 et
1159 4937 1359 4993 docere
1409 4945 1465 4993 et
1536 4938 1781 5008 seipsum
1819 4940 2111 4994 ostendere
2160 4940 2411 5010 cmperit,
2442 4939 2804 5004 demonstrat,
2863 4940 2955 4994 ubi
2978 4939 3098 4993 ait:
3134 4956 3152 4988 ι
3194 4936 3352 4990 Anno
3394 4951 3467 4989 xv
3502 4936 3604 4987 imo

334 5030 471 5099 perii
524 5029 731 5085 Tiberii
782 5030 1037 5092 Ca‘esaris,
1088 5040 1418 5101 procurante
1459 5030 1655 5086 Pontio
1693 5028 1867 5085 Pilato
1915 5029 2182 5097 Judaeum,
2230 5033 2510 5088 tetrarcha
2539 5041 2719 5087 autem
2764 5032 2999 5088 Galilaeam:
3058 5030 3292 5095 Herode,
3350 5028 3605 5099 Philippo

334 5135 511 5181 autem
553 5123 719 5181 fratre
742 5128 861 5196 ejus
910 5128 1184 5182 tetrarcha
1214 5127 1394 5181 lturiaa
1412 5134 1467 5181 et
1485 5124 1891 5182 Trachonitidis
1931 5129 2192 5197 regionis,
2254 5138 2308 5185 et
2333 5129 2570 5201 Lysania
2600 5131 2843 5187 Abilenze
2884 5131 3182 5199 tetrarcha,
3214 5130 3319 5186 sub
3348 5129 3586 5200 principi

331 5220 436 5275 bus
464 5219 811 5275 sacerdotum
846 5220 1003 5275 Anna
1043 5229 1097 5276 et
1127 5220 1336 5291 Caipha
1369 5222 1434 5277 ⁸⁷.
1481 5241 1501 5274 ι
1544 5220 1641 5277 His
1671 5222 1838 5291 igitur
1863 5222 1910 5276 si
1947 5220 2120 5278 Jacob
2147 5226 2489 5295 prophetiam
2518 5241 2640 5297 qua:
2665 5234 2750 5282 est
2803 5227 2947 5299 apud
3007 5225 3211 5283 Mosem
3237 5238 3604 5297 apponamus,

329 5324 512 5382 Operm
542 5310 777 5381 pretium
804 5310 1121 5376 fecerimus,
1177 5326 1299 5381 qua:
1332 5310 1385 5366 in
1419 5310 1565 5365 hunc
1596 5310 1818 5365 modum
1852 5326 1910 5365 se
1943 5310 2127 5367 habet.
3360 5324 3365 5329 '

402 5517 450 5552 “
494 5513 682 5574 Matth.
725 5530 799 5582 ιι,
836 5516 885 5572 1.
964 5517 1009 5548 ⁸⁵
1051 5514 1184 5571 ibid.
1223 5513 1313 5569 26.
1393 5514 1437 5546 "’
1478 5527 1611 5568 Luc.
1644 5527 1740 5579 ιιι,
1777 5512 1827 5567 l.
