3828 6220
148 276 268 333 επ

1020 275 1681 339 ΒΕΜΟΝΞΤΒΑΤΙΟΝΙΞ
1720 276 2178 333 ΕγΑΝςΕιιρᾸὲ
2220 275 2358 331 LIB.
2399 273 2534 330 Vlll.

3327 273 3431 328 574

152 389 450 469 Ἇςτὸ-τῆς
491 390 819 469 Γενέςνεως.
838 424 921 469 —_
936 392 1075 460 Περὶ
1096 392 1228 469 τῶν·
1255 396 1490 469 Lode
1532 386 1641 469 τῆς
1668 398 1757 469 εις
1786 402 1809 458 Α

1859 395 2024 469 366
2053 398 2094 451 Α
2135 396 2341 452 Genesi.
2369 392 2672 469 —_Qujbus
2715 389 3031 469 temporibus
3073 390 3315 469 C__hristus
3361 394 3435 446 ad

218 464 580 533 ἀνθρώπους
643 463 996 530 ἐπιφανείας
1042 463 1248 517 αὐτοῦ.
1310 465 1406 530 Ὡς
1465 467 1592 519 καθ’
1643 466 1752 533 οὓς

222 535 491 601 χρόνους
508 532 576 584 τὸ
600 534 735 599 παρ’
770 533 1063 600 Ἑϐραίοις
1086 533 1386 600 ἐπιλείψει
1403 532 1748 599 βασίλειον,

219 602 289 655 τὸ
322 601 652 670 τηνικαῦτα
674 604 712 669 -ή
736 603 854 655 τῶν
870 603 1062 656 ἐθνῶν
1082 602 1472 668 ἐπιστήσεται
1494 605 1752 671 προσδο-

220 672 363 745 πία·
396 671 429 724 ὃ
456 671 555 745 καὶ
587 672 837 742 γέγονεν
868 673 967 726 ἐπὶ
1000 671 1108 742 τῆς
1141 673 1247 727 τοῦ
1279 673 1554 742 Σωτῆρος
1582 675 1752 745 ἡμῶν

217 742 605 811 ἐπιφανείας.

222 893 246 926 ι
299 874 559 928 Ἐκὰλεσε
608 874 665 926 δὲ
707 872 902 927 Ἰακὼϐ
934 875 1062 938 τοὺς
1091 875 1244 938 υἱοὺς
1265 875 1430 928 αὐτοῦ
1465 876 1560 929 καὶ
1592 872 1743 928 εἷπε·

140 966 462 1038 Συνάχθητε
496 967 584 1019 ἵνα
617 967 928 1036 ἐπαγγείλω
962 969 1091 1039 ὑμῖν
1133 967 1187 1021 τί
1222 969 1595 1040 ἀπαντήσεται
1619 970 1747 1040 ὑμῖν

142 1055 239 1109 ἐπ’
271 1056 506 1127 ὲσχάτου
536 1056 645 1109 τῶν
678 1058 708 1127 ή
719 1055 900 1128 μερῶν
921 1074 934 1087 -
969 1056 1315 1128 ἁθροίσθητε,
1335 1058 1430 1111 καὶ
1452 1058 1745 1124 ἀκούσατε,

148 1149 266 1200 υἱοὶ
314 1147 533 1211 Ἰακὼϐ,
565 1147 855 1214 ἀκούσατε,
886 1148 1123 1220 Ἰσραὴλ,
1146 1148 1240 1202 τοῦ
1276 1149 1482 1221 πατρὸς
1514 1149 1688 1221 ὑμῶν.
1720 1169 1740 1202 ι

140 1235 287 1293 Εἶτα
346 1239 555 1302 τούτοις
606 1238 733 1309 ὲξῆς
789 1239 1241 1311 ἐπιμεμψάμενος
1297 1242 1419 1295 τινά
1465 1258 1576 1294 τισι
1633 1244 1746 1305 τοῖς

143 1330 444 1401 προτέροις
493 1332 648 1394 υἱοῖς,
682 1330 759 1394 ὡς
791 1330 880 1386 διά
920 1348 1043 1385 τινα
1080 1330 1260 1385 αὐτῶν
1295 1332 1744 1404 πλημμελήματα

140 1422 464 1491 γενομένοις
486 1421 723 1486 ἀναξίοις
743 1423 842 1493 τῆς
869 1421 1168 1494 μελλούσης
1196 1423 1546 1492 ἐπιλέγεσθαι
1574 1426 1744 1496 προρ-

143 1514 386 1584 ρήσεως,
426 1513 504 1584 τῷ
536 1513 782 1585 τετάρτῳ
810 1513 885 1577 ὡς
918 1513 1009 1566 τὸν
1037 1513 1149 1583 βίον
1182 1514 1469 1585 κρείττονα
1500 1514 1609 1568 τῶν
1634 1514 1743 1567 λοι-

142 1605 267 1659 πῶν
308 1604 554 1673 ἀδελφῶν
602 1605 1027 1677 ὲπιδεδειγμένῳ
1061 1607 1187 1660 τάδε
1221 1606 1469 1671 θεσπίζει
1494 1624 1508 1639 ’
1547 1626 1565 1660 ι
1606 1606 1742 1661 Ἰού-

138 1697 232 1760 δα,
270 1698 335 1751 σὲ
371 1699 677 1752 αἰνέσουσιν
703 1702 752 1752 οἱ
788 1699 1002 1768 ἀδελφοί
1037 1716 1160 1753 σου⁸
1197 1701 1254 1753 αἱ
1283 1700 1463 1771 χεῖρές
1510 1716 1603 1753 σου
1647 1700 1741 1753 ἐπὶ

139 1785 321 1840 νώτου
347 1787 453 1840 τῶν
489 1787 700 1859 ἐχθρῶν
734 1806 826 1842 σου
846 1807 861 1820 ο
888 1789 1326 1862 προσκυνήσουσί
1343 1806 1403 1842 σε
1430 1791 1480 1842 οἱ
1512 1790 1619 1843 υἱοὶ
1643 1789 1737 1843 τοῦ

141 1879 361 1952 πατρός
395 1896 510 1932 σου.
541 1878 787 1950 Σκύμνος
819 1880 1053 1945 λέοντος,
1082 1881 1271 1944 Ἰούδα,
1287 1883 1351 1935 ὲκ
1382 1880 1633 1952 βλαστοῦ,
1653 1883 1737 1936 υἱέ

144 1986 277 2039 μορ,
311 1970 546 2041 ἀνέϐης’
583 1971 870 2026 ἀναπσὼν
904 1973 1205 2045 ἐκοιμήθης
1233 1975 1308 2038 ὡς
1352 1975 1488 2030 λέων
1537 1977 1631 2030 καὶ
1663 1976 1740 2040 ὡς

142 2058 410 2130 σκύμνος.
442 2058 539 2124 Τίς
590 2062 771 2133 ἐγερεῖ
813 2062 1009 2129 αὑτὸν;
1040 2064 1140 2116 ούκ
1189 2063 1426 2133 ἐκλείψει
1464 2065 1648 2137 ἅρχων
1680 2067 1739 2133 ἐξ

151 2148 357 2214 Ἴοιζδα,
387 2149 507 2204 cibi-.-
545 2150 847 2221 ἡγούμενος
867 2152 931 2204 ὲκ
964 2150 1071 2204 τῶν
1100 2152 1288 2224 μηρῶν
1314 2154 1502 2217 αὐτοῦ,
1532 2154 1636 2218 ἕως
1673 2154 1740 2207 ἂν

139 2241 275 2312 ἔλθῃ
326 2240 397 2294 τὰ
446 2242 785 2312 ἀποκείμενα
850 2242 1031 2313 αὐτῷ·
1076 2243 1171 2296 καὶ
1229 2243 1392 2307 αὐτὸς
1442 2244 1739 2316 προσδοκία

137 2333 339 2388 ἐθνῶν.
381 2352 399 2384 ι
438 2334 638 2386 Σκόπει
672 2333 735 2405 δὴ
767 2333 983 2406 πρῶτον
1011 2334 1134 2387 τίνα
1164 2333 1272 2406 ἄρα
1299 2337 1463 2404 φησὶν
1495 2331 1635 2390 εἶναι
1672 2337 1740 2392 τά

138 2426 488 2497 ἀποκείμενα
536 2426 718 2497 αὐτῷ·
754 2429 851 2480 καὶ
890 2428 994 2498 δρα
1024 2429 1074 2481 εί
1111 2426 1186 2499 μὴ
1219 2428 1359 2481 αὐτὰ
1403 2424 1496 2498 ἦν,
1546 2427 1583 2481 ἃ
1626 2431 1739 2492 τοῖς

136 2518 292 2588 αμφὶ
344 2517 435 2570 τόν
470 2517 725 2590 Ἀϐραὰμ
768 2518 1109 2590 προπάτορσι
1135 2520 1264 2590 περὶ
1294 2520 1393 2590 τῆς
1422 2520 1534 2572 τῶν
1569 2520 1739 2575 ἐθνῶν

133 2610 394 2681 κλήσεως
419 2613 448 2663 6
473 2610 608 2674 Θεὸς
633 2611 911 2683 ἀνείρηκε,
941 2610 1229 2676 θεσπίσας.
1253 2613 1569 2684 Γέγραπται
1586 2616 1734 2686 γοῦν,

134 2701 219 2764 ὠς
246 2702 359 2773 ἄρα
391 2702 548 2755 εἶπεν
577 2704 605 2755 6
630 2702 762 2767 Θεὸς
786 2701 864 2774 τῷ
894 2702 1145 2775 Ἀϐραάμ
1165 2721 1177 2735 σ
1221 2723 1239 2756 ι
1286 2706 1398 2759 Καὶ
1432 2704 1533 2778 ἔσῃ
1589 2706 1736 2758 εὐλο-

134 2793 336 2865 γητὸς,
371 2795 465 2847 καὶ
490 2793 769 2865 εὐλογήσω
797 2795 922 2857 τοὺς
971 2794 1327 2863 εύλογοῦντάς
1359 2811 1441 2859 σε,
1493 2791 1737 2857 καὶτοὺς

140 2886 577 2957 καταρωμένους
625 2902 685 2938 σε
717 2886 1099 2957 καταράσομαι
1119 2904 1133 2917 ο
1170 2888 1264 2941 καὶ
1297 2886 1739 2957 ὲνευλογήσονται

134 2981 197 3033 ὲν
276 2980 363 3032 σοὶ
436 2980 608 3032 πᾶσαι
661 2980 717 3031 αἱ
776 2979 941 3048 φυλαὶ
984 2980 1085 3049 τῆς
1162 2978 1287 3049 γῆς.
1343 2998 1362 3030 ι
1403 2979 1512 3031 Καὶ
1582 2973 1738 3040 αὖθις

139 3089 160 3121 ι
221 3071 475 3143 Ἀϐραὰμ
524 3071 604 3136 δὲ,
654 3090 674 3123 ι
729 3073 883 3141 φησὶ,
918 3090 937 3122 ι
975 3072 1258 3143 γινόμενος
1285 3071 1438 3126 ἔσται
1473 3072 1552 3133 είς
1586 3069 1737 3132 ἔθνος

138 3164 291 3234 μέγα
339 3163 434 3217 καὶ
474 3163 630 3230 πολὺ,
666 3165 761 3217 καὶ
800 3162 1244 3234 ὲνευλογήσονται
1276 3165 1334 3216 ὲν
1369 3161 1517 3232 αὐτῷ
1557 3162 1736 3215 πάντα

131 3258 207 3310 τὰ
242 3256 371 3328 έθνη
400 3257 500 3329 τῆς
528 3257 650 3326 γῆς.
679 3276 697 3309 ι
725 3255 806 3308 Τὰ
835 3256 999 3326 ὃμοια
1025 3254 1083 3307 δὲ
1109 3255 1203 3308 καὶ
1231 3254 1310 3326 τῷ
1343 3254 1528 3307 Ἰσαὰκ
1552 3255 1580 3306 6
1601 3269 1737 3324 χρη-

133 3350 282 3420 σμὸς
331 3348 516 3402 τοῦτον
570 3350 809 3418 ὲκφωνεῖ
850 3349 943 3401 τὸν
993 3348 1222 3419 τρόπον·
1268 3366 1287 3400 ι
1329 3347 1440 3400 Καὶ
1482 3344 1737 3416 πληθυνῶ

132 3441 201 3493 τὸ
264 3441 490 3511 σπέρμα
551 3459 643 3494 σου
696 3441 774 3504 ὡς
825 3442 952 3506 τοὺς
1022 3441 1263 3512 ἀστέρας
1314 3437 1410 3491 τοῦ
1481 3435 1732 3508 ούρανοῦ,

133 3533 235 3586 καὶ
285 3531 725 3603 ὲνευλογήσονται
772 3534 829 3586 ὲν
871 3532 949 3604 τῷ
994 3530 1269 3603 σπέρματί
1320 3547 1414 3583 σου
1448 3530 1624 3583 πάντα
1666 3532 1737 3585 τὰ

134 3622 268 3694 ἔθνη
293 3623 395 3694 τῆς
429 3623 553 3694 γῆς.
598 3642 617 3675 ι
666 3625 787 3677 Ἔτι
830 3623 887 3677 δὲ
910 3624 1004 3677 καὶ
1034 3623 1124 3694 ’τῷ
1165 3621 1358 3676 Ἰακὼϐ
1405 3620 1633 3675 τοιαῦτα
1668 3622 1733 3695 δὴ

137 3713 388 3785 εἴρηται·
424 3732 443 3765 ι
487 3713 629 3783 Ἐγὼ
657 3714 858 3786 Κύριος
882 3719 911 3769 6
952 3715 1085 3778 Θεὸς
1119 3713 1369 3786 Ἀϐραὰμ
1406 3712 1499 3766 τοῦ
1530 3714 1736 3785 πατρός

141 3820 262 3867 σου,
288 3804 386 3856 καὶ
414 3803 596 3868 ὁΘεὸς
636 3805 840 3858 Ἰσαάκο
881 3804 954 3877 μὴ
991 3803 1180 3873 φοϐοῦ,
1221 3822 1239 3855 ι
1269 3804 1365 3857 καὶ
1405 3803 1551 3874 ἑξῆς
1580 3820 1599 3854 ι
1640 3805 1735 3856 καὶ

140 3896 662 3969 ἑνευλογηθήσονται
701 3900 758 3951 ὲν
799 3899 884 3952 σοὶ
925 3899 1095 3951 πᾶσαι
1120 3898 1176 3950 αἱ
1216 3895 1383 3965 φυλαὶ
1409 3895 1511 3966 τῆς
1541 3897 1664 3967 γῆς.
1708 3915 1727 3947 ›

138 3989 253 4041 Καὶ
294 3987 484 4042 ἄλλοτε
524 3983 676 4042 εἶπεν
702 3987 850 4059 αὐτῷ
885 3991 914 4042 6
952 3988 1114 4052 Θεός·
1154 4008 1175 4040 ι
1221 3984 1362 4055 Ἐγὼ
1400 3988 1429 4040 6
1453 3986 1585 4049 Θεὸς
1614 4003 1730 4050 σου,

138 4079 375 4146 αὐξάνοι)
422 4079 518 4134 καὶ
550 4078 841 4150 πληθύνου·
890 4079 1015 4151 ἔθνη
1063 4080 1159 4133 καὶ
1205 4078 1517 4147 συναγωγαὶ
1563 4076 1732 4130 ἐθνῶν

136 4172 514 4237 ὶξελεύσονται
549 4173 614 4225 ἐκ
642 4171 757 4236 σοῦ,
796 4172 889 4225 καὶ
929 4171 1166 4243 βασιλεῖς
1201 4171 1265 4225 ὲκ
1288 4170 1389 4240 τῆς
1413 4169 1611 4240 ὀσφύος
1637 4186 1729 4223 σου

138 4264 534 4329 ἐξελεύσονται.
573 4285 593 4318 ι
619 4265 897 4329 Τοσαύτας
946 4265 1074 4336 περὶ
1114 4265 1212 4336 τῆς
1241 4263 1350 4318 τῶν
1389 4263 1556 4317 ἐθνῶν
1602 4263 1732 4335 κλή-

140 4372 284 4420 σεως
314 4359 647 4430 προρρήσεις
674 4357 766 4411 τοῦ
793 4357 927 4410 Θεοῦ
958 4355 1404 4429 προμεμαθηκὼς
1432 4358 1460 4409 ὁ
1504 4354 1724 4418 Ἰακὼϐ,

137 4448 352 4503 παίδων
390 4449 539 4520 αὐτῷ
590 4449 682 4501 τὸν
732 4448 964 4521 ἀριθμὸν
1011 4450 1422 4519 γεγεννημένων
1468 4448 1726 4512 δεκαδύο,

139 4538 282 4609 πρὸς
306 4541 372 4610 τῇ
395 4539 619 4611 τελευτῇ
651 4538 990 4608 συγκαλέσας
1012 4540 1138 4602 τοὺς
1169 4538 1400 4603 πάντας,
1441 4557 1508 4593 πε
1519 4539 1731 4610 ριεσκό-

138 4647 258 4694 πει,
284 4629 345 4696 ἐξ
386 4631 572 4685 ὁποίου
600 4631 709 4703 ἄρα
754 4632 931 4685 αὐτῶν
969 4633 1069 4703 τῆς
1106 4631 1353 4703 διαδοχῆς
1389 4632 1458 4685 τὰ
1504 4631 1613 4686 τῶν
1636 4633 1729 4685 τοῦ

139 4722 279 4776 Θεοῦ
317 4724 674 4796 προρρήσεων
703 4723 795 4777 ἐπὶ
824 4724 978 4788 τέλος
1017 4723 1155 4795 ἥξει.
1187 4720 1303 4776 Εἶτ’
1341 4723 1548 4788 ἐπιθεὶς
1587 4726 1734 4796 τρισὶ

143 4816 245 4885 μὲν
275 4818 388 4878 τοῖς
425 4815 660 4887 πρώτοις
706 4814 855 4886 αὐτῷ
901 4816 1217 4885 γενομένοις
1262 4815 1448 4870 παισὶν
1481 4815 1734 4886 ἐλέγχους

138 4902 220 4962 ὧν
242 4908 692 4980 ἐπλημμέλησαν,
715 4909 964 4981 ἐπιφέρει
987 4909 1273 4972 διδάσκων,
1307 4910 1389 4963 ὃτι
1420 4908 1528 4962 τῶν
1550 4908 1732 4963 τετολ-

144 5000 408 5071 μημένων
434 5001 618 5064 αὐτοῖς
657 5001 820 5054 ἕνεκα
848 5002 908 5054 οὐ
951 5001 1017 5054 δι’
1042 5002 1220 5055 αὐτῶν
1245 5002 1730 5075 ἐκπληρωθήσεται

136 5092 208 5145 τὰ
229 5090 341 5144 τῶν
362 5094 714 5165 προρρήσεων
735 5093 1149 5165 ἀποτελέσματα
1170 5112 1185 5126 ·
1217 5094 1311 5147 ἐπὶ
1337 5094 1393 5147 δὲ
1412 5095 1505 5148 τὸν
1543 5095 1732 5168 τέταρ-

136 5200 230 5236 τον
256 5182 428 5236 ἐλθὼν
452 5184 543 5237 τὸν
573 5185 791 5249 Ἰούδαν,
820 5185 956 5257 ὁμοῦ
997 5187 1087 5249 τὸν
1118 5188 1368 5259 φήσαντα
1406 5186 1555 5258 αὑτῷ
1596 5206 1732 5260 χρη-

140 5276 306 5347 σμὸν,
331 5294 350 5327 ι
393 5277 638 5342 Βασιλεῖς
672 5279 737 5330 ὲκ
754 5278 1064 5350 τῆςόσφύος
1081 5280 1243 5333 αὐτοῦ
1276 5280 1665 5344 ἐξελεύσονται,
1702 5301 1722 5333 ι

138 5369 227 5422 διὰ
268 5368 370 5439 τῆς
410 5369 600 5424 τούτου
648 5372 898 5443 διαδοχῆς
931 5367 1083 5437 τέλος
1130 5372 1392 5443 λήψεσθαι
1443 5373 1722 5438 θεσπίζειο

137 5461 409 5536 πρόδηλον
434 5464 544 5537 γάρ
589 5465 665 5529 ὡς
710 5467 773 5519 ὲκ
800 5466 900 5537 τῆς
934 5466 1101 5519 Ἰούδα
1138 5466 1309 5537 φυλῆς
1344 5467 1405 5520 τὸ
1449 5465 1726 5537 βασιλικὸν

210 5660 259 5692 ³⁸
296 5659 434 5718 Gen.
468 5678 635 5722 mx.
675 5663 726 5716 i.
835 5664 877 5695 ”
919 5665 1050 5720 ihid.
1088 5665 1238 5719 8-10.

142 5746 339 5797 xxvm,
369 5733 456 5787 l3.
502 5733 577 5806 ξι
616 5733 747 5789 ibid.
789 5734 871 5789 li.
950 5737 992 5767 ³³
1036 5737 1171 5792 Gen.
1210 5753 1389 5793 xxxv.
1424 5737 1510 5792 ll.

1348 5666 1393 5697 ³ο
1436 5665 1570 5723 Gen.
1611 5683 1720 5734 xu,
1756 5669 1789 5723 5

1931 461 2166 521 ἦῶηἰηεε
2213 467 2497 520 advenerit.
2532 462 2985 527 Quemadmodum
3015 461 3200 530 quibus
3236 471 3423 530 tempo-

1926 538 2072 591 ribus
2104 555 2321 606 regnum
2350 535 2489 603 apud
2526 533 2776 587 Hebraeos
2793 531 3057 606 defecerit,
3088 530 3274 606 iisdem
3309 548 3426 601 gen-

1928 610 2061 661 tium
2086 603 2306 662 instabit
2337 606 2656 674 exspectatio
2686 619 2702 656 :
2730 604 2868 671 quod
2890 619 3017 655 sane
3035 603 3195 655 etiam
3230 603 3429 671 factum

1923 688 2003 731 est
2040 682 2136 732 sub
2163 679 2335 746 ipsum
2362 674 2659 731 Saluatoris
2690 674 2860 727 nostri
2897 675 3196 727 adventum.

1926 897 1946 930 ι
1977 877 2207 934 Vocavit
2239 884 2420 932 autem
2450 875 2622 932 Iacob
2652 875 2792 931 ﬁlios
2822 891 2956 931 suos
2984 883 3038 930 et
3066 874 3203 929 dixit
3234 892 3249 928 :
3282 873 3427 929 Con.

1849 968 2148 1039 gregamini
2187 976 2247 1021 ut
2273 968 2592 1022 annuntiem
2642 967 2798 1022 vobis
2834 966 2966 1036 quid
3002 973 3324 1021 eventurum
3355 965 3431 1019 sit

1847 1060 2005 1117 vobis
2040 1060 2096 1113 in
2125 1059 2319 1115 diebus
2365 1059 2686 1114 novissimis
2713 1078 2726 1112 :
2760 1058 3167 1129 congregamini
3200 1064 3255 1111 et
3277 1055 3433 1110 audi-

1847 1160 1920 1216 te,
1952 1150 2047 1205 ﬁlii
2080 1149 2270 1212 Jacob,
2301 1151 2507 1216 audite,
2543 1149 2729 1218 Israel,
2763 1159 2975 1221 patrem
3005 1160 3248 1207 vestrum
3301 1150 3365 1205 ³⁸.
3400 1167 3422 1202 ο

1847 1242 2052 1298 Deinde
2101 1243 2192 1297 ubi
2224 1244 2499 1313 prioribus
2532 1242 2657 1299 filiis
2707 1243 2812 1296 alia
2841 1242 2965 1297 aliis
2997 1242 3230 1297 crimina
3272 1242 3429 1311 obje-

1845 1332 1951 1396 cit,
2007 1338 2269 1402 tanquam
2299 1333 2367 1388 iis
2391 1333 2485 1403 qui
2512 1334 2583 1387 ob
2615 1348 2772 1389 suam
2803 1334 3049 1402 ipsorum
3090 1333 3326 1402 culpam,
3361 1346 3429 1387 eo

1845 1423 1992 1494 quod
2020 1439 2170 1478 nunc
2225 1425 2517 1479 dicendum
2552 1432 2672 1489 est,
2709 1426 2934 1479 oraculo
2977 1424 3188 1495 indigni
3217 1425 3431 1479 evasis-

1845 1527 1986 1580 sent,
2023 1523 2223 1586 quarto
2249 1532 2438 1572 eorum
2473 1527 2732 1587 tanquam
2764 1517 2813 1571 ei
2842 1516 2935 1587 qui
2964 1516 3206 1586 reliquos
3230 1515 3428 1571 fratres

1842 1609 2115 1680 probitate
2131 1610 2255 1663 vita:
2279 1607 2533 1671 anteiret,
2559 1608 2676 1662 haec
2709 1607 2892 1661 futura
2939 1606 3186 1675 praedicit
3219 1625 3232 1659 :
3280 1625 3298 1657 ι
3334 1604 3431 1660 Ju-

1842 1701 1933 1764 da,
1961 1708 2015 1755 te
2039 1700 2338 1755 laudabunt
2358 1699 2549 1754 fratres
2571 1699 2649 1753 tui
2684 1713 2916 1753 :manus
2937 1705 3044 1752 tuas
3075 1697 3131 1751 in
3159 1706 3312 1768 tergo
3342 1698 3430 1751 in-

1843 1792 2131 1847 imicorum
2180 1799 2447 1845 tuorum:
2517 1789 2826 1844 adorabunt
2860 1798 2916 1844 te
2964 1789 3058 1842 ﬁlii
3115 1790 3288 1859 patris
3322 1790 3423 1845 tui.

1839 1886 2067 1942 Catulus
2088 1885 2263 1939 leonis
2286 1882 2447 1944 Juda.
2473 1883 2542 1939 de
2573 1882 2840 1953 germine,
2870 1880 2944 1934 ﬁli
2969 1881 3066 1943 mi,
3088 1881 3422 1948 ascendisti;

1840 1981 2166 2035 recumbens
2214 1975 2520 2033 dormivisti
2574 1982 2633 2030 ut
2685 1975 2769 2028 leo
2809 1981 2863 2027 et
2907 1982 2967 2027 ut
2998 1975 3233 2029 catulus.
3288 1973 3425 2040 Quis

1839 2071 2098 2126 excitabit
2132 2072 2314 2141 ipsum
2341 2068 2364 2120 ?
2395 2067 2510 2120 Non
2534 2066 2752 2121 deﬁciet
2775 2065 3032 2136 princeps
3053 2065 3120 2121 de
3135 2064 3297 2131 Juda,
3322 2080 3423 2121 ne-

1838 2177 1944 2233 que
1959 2164 2069 2217 dux
2100 2162 2169 2217 de
2196 2160 2495 2216 femoribus
2540 2161 2682 2229 ejus,
2714 2159 2887 2214 donec
2915 2156 3137 2211 veniant
3164 2172 3285 2227 quae
3316 2158 3424 2226 ipsi

1839 2254 2079 2324 reposita
2133 2259 2309 2307 sunt:
2362 2259 2416 2307 et
2466 2253 2584 2322 ipse
2631 2250 2969 2322 exspectatio
3017 2250 3259 2318 gentium
3288 2249 3358 2302 ²⁹.
3397 2267 3421 2303 ι

1838 2345 2140 2400 Considera
2162 2384 2177 2408 ,
2213 2358 2421 2412 quaeso,
2455 2344 2692 2412 primum
2723 2357 2973 2412 quaenam
3010 2355 3074 2394 ea
3107 2354 3229 2394 esse
3278 2338 3424 2393 dicat

1838 2432 2079 2502 quzeipsi
2104 2433 2341 2502 reposita
2366 2440 2531 2498 sunt;
2565 2439 2621 2486 et
2638 2432 2759 2486 vide
2775 2446 2907 2485 num
2950 2444 3015 2484 ea
3047 2430 3157 2485 sint
3206 2442 3328 2499 quae
3354 2428 3425 2482 ad

1837 2524 2113 2579 Abraham
2138 2530 2193 2577 et
2220 2522 2287 2577 ad
2316 2531 2528 2578 veteres
2590 2522 2767 2577 eidem
2825 2521 3034 2577 similes
3096 2527 3303 2590 patres.
3356 2518 3426 2574 de

1837 2616 2124 2672 vocatione
2165 2616 2407 2685 gentium
2458 2613 2603 2670 Deus
2634 2614 2761 2669 olim
2794 2628 3002 2668 canens
3055 2611 3422 2682 responderit.

1841 2707 2117 2777 Scriptum
2159 2707 2328 2777 igitur
2361 2714 2466 2772 est,
2521 2704 2983 2777 quemadmodum
3037 2702 3105 2757 ad
3147 2701 3424 2755 Abraham

1841 2798 1981 2852 Deus
2007 2798 2246 2853 dixerit:
2298 2817 2314 2848 ι
2355 2797 2420 2850 Ει
2461 2797 2573 2851 eris
2607 2796 2952 2859 benedictus,
2993 2803 3049 2850 et
3101 2793 3423 2848 benedicam

1836 2890 2289 2946 benedicentibus
2321 2889 2501 2948 tibi,et
2539 2888 2995 2943 maledicentibus
3044 2886 3142 2939 tibi
3187 2885 3423 2938 maledi-

1838 2995 1979 3044 cam,
2007 2988 2061 3034 et
2083 2979 2476 3034 benedicentur
2516 2978 2571 3030 iu
2616 2983 2669 3033 te
2696 2990 2888 3030 omnes
2918 2974 3095 3027 tribus
3118 2981 3276 3027 terra:
3307 2971 3418 3040 ³⁰.;»

1839 3069 1904 3123 Et
1931 3086 2169 3125 rursus:
2220 3087 2238 3119 ι
2295 3066 2572 3121 Abraham
2628 3078 2785 3127 vero,
2838 3063 3036 3133 inquit,
3089 3059 3309 3113 futurus
3338 3066 3425 3114 est

1840 3163 1893 3215 in
1927 3170 2140 3231 gentem
2174 3174 2425 3229 magnam
2483 3165 2537 3211 et
2579 3157 2888 3215 multam,et
2922 3152 3321 3209 benedicentur
3365 3152 3424 3207 in

1837 3253 1957 3322 ipso
1999 3266 2191 3305 omnes
2226 3259 2415 3319 gentes
2449 3255 2608 3302 terrae
2630 3245 2695 3299 δι.
2729 3265 2749 3297 ι
2792 3241 2899 3297 Sed
2932 3243 3098 3298 etiam
3133 3242 3235 3311 ipsi
3270 3240 3425 3295 Isaac

1837 3338 2036 3393 similia
2091 3337 2147 3390 in
2204 3336 2350 3389 hunc
2422 3333 2643 3389 modum
2702 3331 3003 3403 respondet
3069 3330 3355 3384 oraculum
3402 3348 3419 3385 :

1842 3448 1861 3481 ι
1908 3429 1973 3481 Et
2016 3428 2392 3497 multiplicabo
2445 3442 2633 3481 semen
2664 3434 2820 3480 tuum
2855 3426 2998 3481 sicut
3047 3426 3234 3481 stellas
3268 3424 3420 3488 caeli,

1834 3522 1995 3593 367
2021 3530 2075 3575 et
2105 3521 2497 3575 benedicentur
2528 3518 2584 3571 in
2614 3518 2823 3572 semine
2856 3523 2951 3570 tuo
2986 3531 3180 3571 omnes
3226 3523 3427 3586 gentes

1837 3617 2074 3672 terrae".
2117 3635 2135 3667 ι
2166 3615 2272 3685 Ipsi
2323 3614 2450 3670 item
2493 3610 2663 3666 Jacob
2695 3611 2823 3664 olim
2872 3610 3001 3664 talia
3043 3608 3189 3662 dicta
3235 3615 3363 3662 sunt
3402 3627 3418 3662 :

1842 3729 1860 3761 ι
1892 3709 2003 3781 Ego
2029 3707 2291 3763 Dominus
2325 3705 2464 3762 Deus
2511 3704 2790 3759 Abraham
2833 3702 3008 3773 patris
3058 3700 3162 3763 tui,
3194 3710 3246 3755 et
3278 3698 3421 3754 Deus

1834 3800 2030 3858 Isaac:
2059 3816 2128 3854 ne
2162 3800 2353 3854 timeas
2372 3798 2437 3862 ³³,
2479 3817 2496 3848 ι
2535 3804 2587 3851 et
2614 3802 2831 3859 caetera,
2883 3813 2902 3844 ι
2944 3801 2999 3848 et
3027 3792 3421 3847 benedicentur

1835 3894 1891 3948 in
1942 3902 1996 3948 te
2040 3908 2230 3948 omnes
2283 3891 2461 3945 tribus
2513 3897 2674 3943 terrae
2693 3886 2759 3941 ³⁸⁵.
2801 3904 2819 3937 ι
2871 3883 2937 3938 Ει
2977 3884 3113 3939 alias
3158 3881 3298 3936 dixit
3349 3880 3417 3935 ad

1833 3986 2015 4058 ipsum
2053 3984 2197 4041 Deus
2231 4000 2244 4036 :
2282 4003 2301 4035 ι
2332 3981 2446 4053 Ego
2477 3979 2621 4056 Deus
2657 3989 2806 4044 tuus,
2846 3991 3033 4032 cresce
3066 3985 3122 4031 et
3151 3972 3423 4043 multipli-

1834 4092 1982 4143 care,
2015 4084 2204 4147 gentes
2223 4081 2277 4130 et
2307 4071 2760 4143 congregationes
2794 4067 3037 4139 gentium
3068 4065 3418 4136 egredientur

1833 4171 1901 4226 de
1931 4179 2002 4235 te,
2026 4178 2082 4224 et
2114 4184 2271 4239 reges
2302 4167 2369 4222 de
2400 4165 2602 4219 lumbis
2624 4163 2736 4218 tuis
2752 4160 3099 4232 egredientur
3123 4158 3189 4214 ”.
3228 4176 3248 4210 ι
3278 4156 3417 4209 Cum

1835 4270 1944 4317 tam
2003 4262 2175 4316 multa
2221 4259 2290 4314 de
2340 4257 2629 4312 vocatione
2678 4254 2921 4325 gentium
2977 4249 3199 4305 oracula
3245 4245 3420 4301 Jacob

1837 4363 1999 4410 antea
2031 4355 2387 4423 percepisset,
2423 4357 2479 4405 et
2510 4351 2709 4405 liberos
2755 4360 2938 4399 mares
2979 4340 3269 4397 duodecim
3313 4354 3417 4392 nu-

1761 4452 1991 4518 ;Tmero
2028 4450 2331 4518 genuisset,
2386 4443 2646 4496 omnibus
2687 4438 2798 4493 illis
2850 4442 3105 4491 extremo
3138 4447 3238 4486 suo
3287 4437 3419 4484 tem-

1833 4560 1967 4615 pore
1992 4540 2332 4603 convocatis,
2366 4532 2869 4604 circumspiciebat,
2899 4531 2967 4583 de
2996 4527 3156 4596 cujus
3194 4524 3416 4578 illorum

1832 4635 2225 4706 propagatione
2240 4631 2425 4685 divina
2464 4625 2690 4681 oracula
2720 4622 2881 4676 ﬁnem
2915 4634 3075 4676 suum
3105 4625 3288 4672 essent
3325 4628 3418 4667 ac-

1838 4740 2094 4798 ceptura;
2126 4724 2322 4781 deinde
2353 4736 2477 4777 cum
2511 4719 2690 4774 tribus
2722 4714 2914 4787 primis
2940 4712 3171 4767 crimina
3195 4709 3415 4780 propria

1836 4820 2152 4890 objecisset,
2189 4817 2377 4872 docuit
2407 4816 2667 4883 deinceps
2700 4804 3162 4881 quemadmodum
3193 4807 3414 4872 propter

1840 4912 2067 4975 scelera,
2104 4925 2225 4980 qua;
2262 4909 2368 4980 ipsi
2415 4907 2536 4962 ausi
2572 4905 2811 4966 fuerant,
2855 4914 2966 4953 non
3000 4899 3053 4952 in
3097 4896 3233 4966 ipsis
3262 4908 3414 4947 com-

1836 5005 2032 5075 plenda
2085 5010 2290 5067 essent,
2330 5017 2452 5071 quae
2504 5017 2560 5054 In
2606 4997 2879 5068 prioribus
2933 4992 3173 5047 oraculis
3219 4992 3413 5042 eventa

1836 5095 2274 5150 continebantur.
2319 5094 2455 5147 Cum
2505 5101 2685 5145 autem
2737 5088 2975 5141 venisset
3025 5082 3092 5136 ad
3130 5076 3413 5149 quartum;

1834 5187 1927 5256 qui
1953 5183 2123 5240 Judas
2152 5184 2278 5251 fuit,
2306 5192 2418 5237 tum
2453 5197 2585 5236 vero
2614 5178 2900 5234 oraculum
2947 5172 3091 5243 quod
3130 5169 3235 5241 ipsi
3278 5168 3409 5222 olim

1832 5294 2157 5349 responsum
2184 5276 2412 5341 fueram
2447 5274 2621 5344 Reges
2636 5272 2703 5327 de
2734 5269 2934 5325 lumbis
2965 5265 3088 5336 ejus
3112 5260 3403 5333 egredien-

1832 5379 1943 5435 tur,
1976 5390 1995 5422 ›
2028 5386 2094 5426 ex
2124 5369 2289 5440 hujus
2311 5367 2635 5437 posteritate
2668 5378 2827 5419 suum
2856 5360 3018 5414 ﬁnem
3050 5361 3408 5424 accepturum

1833 5464 2150 5535 planissime
2199 5462 2436 5518 cecinit:
2484 5466 2704 5514 constat
2751 5454 2900 5510 enim
2946 5444 3407 5522 quemadmodum

1917 5670 1955 5701 ³²
2001 5666 2134 5722 Gen.
2171 5682 2339 5731 xvm,
2394 5663 2481 5719 18.
2590 5663 2632 5695 ³²
2674 5661 2809 5717 Gen.
2851 5673 3012 5724 xxvi,
3049 5655 3101 5712 ι.
3179 5652 3225 5686 ³³
3261 5648 3403 5707 Gen.
