3828 6220
414 283 520 341 575

1085 283 1357 340 EUSEBII
1396 282 1877 340 C/ESARIENSIS
1905 284 2057 340 OPP.
2101 284 2283 340 PARS
2322 281 3000 343 II.—-APOLOGETICA.

3586 282 3704 339 576

411 399 482 455 de
512 400 658 454 tribu
688 396 829 453 Juda
858 398 1071 469 regium
1099 414 1272 470 genus
1302 401 1597 463 exstiterit,
1626 410 1682 455 et
1706 399 1870 455 simul
1903 398 1990 453 Dei

2102 398 2331 468 συνέστη
2369 399 2558 467 γένος·
2600 398 2737 471 ὁμοῦ
2784 397 3010 462 καὶτὰς
3036 397 3129 451 τοῦ
3174 396 3309 450 Θεοῦ
3354 396 3704 468 προρρήσεις

415 504 677 560 responsa
731 491 1087 561 gentiumque
1135 491 1408 560 promissa
1468 493 1670 562 quibus
1726 492 1999 546 instarent

413 582 774 651 temporibus,
799 584 1056 637 ostendit.
1093 582 1272 653 Atque
1298 600 1366 638 ex
1398 599 1463 639 eo
1500 585 1844 654 proditurum
1875 600 1998 639 esse

412 673 601 728 docuit
625 690 771 741 eum,
807 676 902 745 qui
935 684 1081 730 esset
1114 676 1647 745 omnibusgentibus
1674 677 1998 746 cunctisque

414 767 667 821 tribubus
695 777 855 821 terrae
884 767 1080 822 similis
1127 768 1232 836 ipsi
1278 768 1555 821 Abraham
1597 770 1997 823 benedictionis

415 868 608 911 auctor
652 858 896 915 futurus.
930 858 1055 914 Haec
1098 859 1267 928 igitur
1311 860 1568 916 universa
1609 860 1831 915 fuerunt
1878 876 1998 931 quae

412 949 515 1019 ipsi
553 948 693 1004 Juda
736 952 976 1018 reposita
1007 958 1184 1015 erant,
1219 965 1283 1005 ea
1329 950 1581 1005 videlicet
1603 967 1725 1023 quae
1772 953 1838 1007 de
1863 954 1997 1023 ipsis

410 1042 666 1111 gentibus
696 1043 826 1096 olim
872 1056 1137 1112 responsa
1181 1040 1401 1096 fuerant
1430 1061 1442 1097 :
1470 1050 1525 1098 et
1567 1044 1727 1106 illud,
1766 1064 1785 1096 ι
1821 1045 1996 1115 Reges

411 1132 712 1189 delumbis
758 1133 868 1188 tuis
916 1133 1285 1203 egrediantur,
1327 1152 1346 1185 ι
1387 1151 1559 1205 quare
1580 1138 1743 1191 etiam
1772 1137 1997 1206 reliquis

413 1222 676 1280 fratribus
733 1226 1080 1294 antepositus
1136 1227 1343 1296 regiam
1409 1227 1620 1298 ipsam,
1675 1230 1997 1299 cmterisquc

410 1317 763 1372 illustriorem
802 1320 1004 1373 tribum
1036 1320 1266 1374 sortitus
1313 1327 1420 1375 est.
1464 1320 1742 1375 Continuo
1765 1322 1909 1377 enim
1942 1326 1995 1377 in

411 1410 584 1465 totius
614 1411 801 1480 populi
845 1411 1196 1466 ordinatione
1231 1412 1406 1479 ipsius
1445 1410 1612 1468 Musis
1654 1414 1997 1484 temporibus

410 1499 639 1569 reliquis
672 1501 928 1556 tribubus
963 1500 1105 1555 lianc
1137 1516 1369 1570 praeesse
1393 1502 1625 1571 imperat
1649 1502 1811 1558 Deus.
1850 1503 1997 1557 Scri-

409 1596 560 1659 ptum
587 1600 671 1644 est
706 1590 875 1656 enim,
910 1608 929 1641 ι
964 1590 1027 1644 Ει
1053 1592 1269 1647 locutus
1295 1600 1380 1646 est
1405 1590 1669 1647 Dominus
1699 1593 1767 1646 ad
1791 1592 1995 1650 Mosem

409 1688 463 1733 et
488 1681 672 1735 Aaron
704 1683 898 1737 dicens
927 1700 939 1735 :
975 1683 1185 1752 Singuli
1215 1699 1310 1752 per
1343 1692 1574 1750 turmas,
1610 1686 1789 1756 signa,
1830 1696 1995 1757 atque

411 1773 607 1827 vexilla
644 1782 697 1827 et
736 1773 934 1828 domus
972 1776 1358 1845 cognationum
1406 1793 1653 1842 suarum,
1700 1788 1999 1835 castrame-

409 1873 595 1920 tentur
625 1866 715 1919 lilii
763 1864 929 1921 Israel
964 1868 1015 1920 in
1065 1877 1361 1937 conspectu
1417 1872 1629 1925 Domini
1672 1888 1769 1941 per
1805 1890 1998 1945 gyrum

409 1958 750 2013 tabernaculi
789 1960 1115 2025 testimonii,
1148 1971 1203 2016 et
1252 1972 1704 2020 castrametantes
1738 1966 1901 2035 primi
1931 1966 2000 2020 ad

410 2053 706 2114 orientem,
740 2051 888 2105 acies
935 2059 1242 2107 castrorum
1277 2054 1507 2109 liliorum
1552 2054 1714 2119 Juda,
1748 2073 1872 2111 cum
1900 2073 1998 2113 co-

408 2141 515 2210 piis
550 2142 755 2195 suis“.
793 2161 813 2194 ›
847 2144 924 2196 Ac
959 2143 1218 2213 deinceps
1256 2145 1309 2198 in
1341 2145 1408 2199 iis
1442 2161 1563 2215 quae
1594 2147 1662 2200 ad
1690 2147 1998 2203 innovatio-

406 2247 533 2286 nem
585 2234 924 2288 tabernaculi
980 2234 1334 2291 referuntur:
1366 2256 1385 2288 ι
1422 2237 1568 2292 Dixit
1617 2237 1881 2295 Dominus
1929 2242 1997 2296 ad

406 2321 611 2377 Mosem
641 2343 653 2378 :
678 2322 942 2395 Princeps
969 2342 1109 2381 unus
1126 2342 1222 2397 per
1246 2327 1492 2397 singulos
1520 2329 1638 2384 dies
1668 2330 1855 2386 olieret
1877 2348 1999 2386 mu-

405 2430 537 2470 nera
560 2431 659 2469 sua
690 2432 705 2483 ;
735 2422 790 2471 et
823 2415 927 2470 fuit
959 2417 1196 2473 oll'ercns
1233 2420 1410 2489 primo
1441 2421 1529 2476 die
1576 2438 1778 2477 munus
1809 2439 1991 2489 suum,

403 2507 649 2564 Naasson
688 2508 828 2566 ﬁlius
868 2509 1194 2577 Aminadab,
1237 2512 1683 2585 princepstribus
1699 2512 1839 2570 Juda
1862 2517 1928 2572 ³⁷.
1971 2535 1991 2569 ι

402 2599 571 2671 368
608 2599 674 2654 Et
708 2601 763 2654 in
798 2601 940 2656 libro
968 2600 1098 2656 Jesu
1138 2603 1283 2658 Nave
1331 2620 1457 2658 cum
1496 2612 1643 2659 terra
1675 2606 1997 2676 promissio-

402 2690 492 2745 nis
537 2697 684 2745 sorte
738 2691 952 2745 caeteris
1002 2676 1258 2746 tribubus
1313 2693 1605 2748 distributa
1663 2704 1829 2758 esset,
1877 2698 1997 2752 sine

404 2789 552 2836 sorte
568 2782 925 2853 omniumque
953 2785 1127 2854 prima
1154 2785 1332 2841 tribus
1357 2783 1498 2841 Juda
1530 2790 1807 2858 propriam
1836 2798 1997 2845 terra:

401 2883 612 2944 partem
650 2876 882 2944 accepit.
918 2873 1024 2930 Sed
1055 2878 1219 2930 etiam
1252 2884 1377 2946 post
1407 2887 1639 2933 mortem
1669 2878 1798 2936 Jesu
1834 2860 1997 2951 roga-

399 2970 598 3017 verunt
631 2962 726 3017 lilii
758 2963 922 3019 Israel
948 2965 1001 3018 in
1025 2964 1253 3020 Domino
1276 2966 1523 3022 dicentes
1554 2987 1610 3022 :c
1644 2969 1778 3036 Quis
1802 2986 1997 3027 ascen-

2101 490 2192 542 κα)⁸
2218 488 2315 552 τὰς
2342 489 2452 542 τῶν
2478 489 2648 543 ἐθνῶν
2665 490 3007 561 ὑποσχέσεις,
3032 489 3153 543 καθ’
3170 489 3387 552 ὁποίους
3410 489 3704 559 ἐνστήσον-

2097 596 2187 631 ται
2218 580 2443 651 χρόνους
2478 580 2826 652 παρίστησιν,
2872 578 2932 644 ἐξ
2957 579 3123 633 αὐτοῦ
3162 595 3222 632 τε
3262 577 3702 650 προελεύσεσθαι

2098 672 2335 726 διδάσκει
2358 671 2449 725 τὸν
2481 672 2742 744 μέλλοντα
2764 672 2933 726 αἴτιον
2957 671 3392 742 καταστήσεσθαι
3417 673 3554 724 πᾶσι
3578 672 3701 733 τοῖς

2100 763 2297 828 ἔθνεσι,
2327 766 2421 819 καὶ
2470 765 2672 829 πάσαις
2709 769 2828 830 ταῖς
2858 765 3049 834 φυλαῖς
3086 765 3185 835 τῆς
3228 765 3334 835 γῆς
3369 764 3470 834 τῆς
3507 780 3702 835 παρα-

2100 857 2334 926 πλησίας
2379 857 2457 928 τῷ
2503 857 2754 929 ’Λϐραὰμ
2802 858 3071 927 εὐλογίας.
3110 858 3295 911 Ταῦτα
3335 854 3427 911 οὖν
3475 860 3704 912 ἅπαντα

2096 944 2165 1020 ἦν
2194 948 2260 1001 τὰ
2287 949 2624 1020 ἀποκείμενα
2661 948 2739 1019 τῷ
2772 949 2963 1021 Ἰούδᾳ,
2991 950 3190 1020 δηλαδὴ
3234 950 3304 1003 τά
3336 950 3509 1003 πάλαι
3556 966 3703 1021 προ-

2099 1038 2458 1091 θεσπισθέντα
2489 1039 2618 1110 περὶ
2660 1040 2763 1092 τῶν
2796 1038 2986 1102 ἐθνῶν,
3015 1040 3110 1093 καὶ
3155 1040 3235 1104 τὸ,
3267 1059 3284 1090 ι
3332 1039 3588 1103 Βασιλεῖς
3631 1041 3700 1092 ἐκ

2097 1129 2197 1199 τῆς
2223 1130 2422 1197 ὀσφύος
2461 1147 2554 1183 σου
2583 1130 3027 1194 ἐξελεύσονται·,›
3059 1132 3139 1184 διδ
3184 1133 3278 1185 καὶ⁸
3325 1133 3433 1187 τῶν
3478 1131 3697 1184 λοιπῶν

2098 1220 2340 1289 ἀδελφῶν
2386 1221 2699 1293 προκριθεὶς
2728 1222 3011 1294 βασιλικῆς
3056 1223 3229 1293 φυλῆς
3258 1226 3352 1276 καὶ
3382 1224 3697 1296 διαπρεπε-

2100 1312 2299 1381 στέρας
2349 1313 2499 1381 παρὰ
2546 1313 2645 1377 τὰς
2676 1313 2867 1378 λοιπὰς
2911 1313 3137 1384 ἠξιώθη.
3189 1315 3399 1367 Αὐτίκα
3438 1314 3535 1366 ἐπὶ
3584 1315 3697 1384 τῆς

2097 1400 2388 1467 διατάξεως
2417 1403 2509 1456 τοῦ
2534 1405 2733 1468 παντὸς
2771 1404 2900 1458 λαοῦ
2936 1405 3077 1458 κατὰ
3099 1407 3224 1468 τοὺς
3246 1406 3529 1469 Ἀίιυῦσέως
3557 1406 3696 1476 χρό-

2098 1510 2220 1557 νους
2242 1495 2489 1565 ἡγεῖσθαι
2515 1496 2718 1566 ταύτην
2739 1500 2767 1550 ὀ
2790 1496 2923 1561 Θεὸς
2950 1497 3057 1550 τῶν
3078 1496 3281 1550 λοιπῶν
3312 1497 3496 1567 φυλῶν
3520 1515 3698 1570 πρησ-

2098 1588 2301 1641 τάττει.
2339 1587 2656 1660 Γέγραπται
2687 1588 2815 1660 γάρ’
2859 1608 2878 1640 ι
2915 1591 3026 1643 Kal
3046 1590 3274 1661 ἐλάλησε
3308 1591 3518 1663 Κύριος
3558 1592 3703 1662 πρὸς

2101 1681 2340 1752 Μωῢσῆν
2391 1682 2485 1734 xal
2550 1682 2782 1753 Ἀαρὼν,
2836 1683 3039 1752 λέγων·
3093 1683 3377 1754 ἅνθρωπος
3428 1684 3702 1754 ἐχόμενος

2102 1772 2244 1826 κατὰ
2273 1774 2530 1843 τάγματα
2554 1774 2743 1837 αὑτοῦ,
2773 1774 2915 1828 κατὰ
2943 1776 3203 1846 σημαίας,
3235 1775 3355 1829 κατ’
3375 1776 3568 1838 οῐκους
3590 1791 3710 1828 παρ

2100 1863 2267 1935 τριῶν
2288 1864 2469 1917 αὐτῶν
2498 1865 2999 1936 παρεμϐαλέτωσαν
3029 1868 3077 1919 οἱ
3113 1868 3219 1920 υἱοὶ
3262 1867 3483 1938 Ἰσραὴλ
3512 1866 3702 1919 ἔναντι

2101 1954 2331 2026 Κυρίου,
2363 1954 2549 2025 κύκλῳ
2595 1955 2693 2025 τῆς
2741 1955 2947 2026 σκηνῆς
2976 1954 3071 2008 τοῦ
3123 1956 3445 2027 μαρτυρίου,
3502 1956 3603 2009 καὶ
3649 1958 3701 2009 οἱ

2102 2045 2575 2117 παρεμϐάλλοντες
2608 2047 2815 2118 πρῶτοι
2847 2048 2989 2102 κατὰ
3018 2047 3301 2111 ἀνατολὰς,
3331 2047 3524 2118 τάγμα
3555 2066 3702 2119 παρ-

2099 2136 2336 2208 εμϐολῆς
2382 2137 2516 2192 υἱῶν
2566 2138 2770 2201 Ἰούδα,
2828 2141 2925 2192 σὺν
2978 2139 3203 2210 δυνάμει
3252 2140 3453 2193 αὐτῶν.
3512 2159 3535 2192 ι
3582 2141 3698 2193 Kal

2099 2228 2227 2299 ἑξῆς
2256 2228 2476 2282 ἐπὶτῶν
2496 2230 2574 2293 εἰς
2603 2230 2693 2282 τὸν
2720 2231 3074 2302 ἐγκαινισμδν
3106 2232 3205 2302 τῆς
3251 2232 3454 2302 σκηνῆς
3488 2233 3701 2300 ἀναφε-

2103 2320 2344 2392 ρομένων
2371 2339 2384 2351 ·
2421 2340 2440 2371 ί
2482 2317 2617 2375 Είπε
2647 2321 2851 2393 Κύριος
2898 2323 3034 2395 πρὸς
3076 2324 3348 2392 Μωῡσῆνο
3389 2324 3581 2395 ἄρχων
3616 2320 3698 2389 εἷς

2097 2414 2219 2468 καθ’
2264 2416 2477 2487 ἡμέραν
2532 2417 2884 2486 προσοίσουσι
2940 2416 3009 2469 τὰ
3058 2415 3207 2489 δῶρα
3250 2416 3451 2471 αὐτῶν.
3487 2419 3605 2470 Καὶ
3628 2414 3695 2487 ἦν

2096 2507 2471 2579 ὁπροσφέρων
2517 2511 2582 2578 τῇ
2630 2507 2813 2580 ἡμέρᾳ
2840 2511 2905 2581 τῇ
2954 2507 3146 2582 πρώτῃ
3193 2510 3255 2563 τὸ
3279 2509 3455 2581 δῶρον
3500 2510 3690 2575 αὐτοῦ,

2096 2596 2366 2651 Ναασσὼν
2397 2598 2513 2662 υἱὸς
2548 2598 2865 2670 Ἀμιναδάϐ,
2897 2599 3080 2673 ἄρχων
3102 2600 3201 2670 τῆς
3232 2600 3408 2670 φυλῆς
3441 2601 3636 2657 Ἰούδα.
3668 2623 3687 2654 ι

2096 2686 2204 2739 Kal
2232 2689 2288 2739 ἐν
2320 2689 2384 2758 τῇ
2440 2686 2606 2758 βίϐλῳ
2642 2687 2699 2740 δὲ
2741 2688 2839 2749 τοῦ,
2883 2688 3057 2760 Ἰησοῦ
3109 2688 3202 2741 τοῦ
3237 2689 3393 2760 Ναυῆ
3444 2690 3548 2761 τῆς
3589 2691 3693 2763 γῆς

2094 2777 2192 2847 τῆς
2219 2777 2555 2846 ἐπαγγελίας
2581 2779 2770 2851 κλήρῳ
2808 2782 2950 2834 κατὰ
2983 2781 3090 2834 τῶν
3125 2781 3324 2836 λοιπῶν
3357 2784 3545 2853 φυλῶν
3571 2784 3689 2840 δια-

2095 2871 2460 2942 νεμηθείσης,
2516 2871 2797 2943 ἀκληρωτὶ
2856 2873 2951 2926 καὶ
3011 2872 3200 2926 πασῶν
3252 2874 3442 2946 πρώτη
3503 2879 3541 2947 ἡ
3596 2874 3687 2931 τοῦ

2108 2963 2275 3017 ’ἰούδα
2326 2963 2465 3036 φυλὴ
2503 2964 2563 3016 τὸ
2590 2966 2790 3017 οἰκεῖον
2820 2964 2986 3036 μέρος
3016 2965 3117 3035 τῆς
3142 2965 3249 3034 γῆς
3286 2966 3683 3038 ἀπολαμϐάνει.

402 3057 494 3109 det
527 3062 655 3110 ante
699 3071 803 3110 nos
836 3066 1031 3111 contra
1071 3056 1466 3123 Cliananaeum,
1498 3070 1551 3116 et
1591 3062 1696 3116 erit
1723 3062 1835 3118 dux
1865 3064 1990 3119 belli

2110 3054 2267 3108 Ἀλλὰ
2309 3058 2402 3109 καὶ
2438 3055 2576 3127 μετὰ
2620 3055 2721 3127 τὴν
2771 3053 3027 3128 τελευτὴν
3070 3057 3245 3128 Ἰησοῦ
3288 3058 3595 3129 ἐπηρώτων
3639 3063 3686 3113 οι

403 3146 459 3199 in
488 3146 651 3200 eum?
684 3145 751 3199 Et
784 3147 926 3202 dixit
969 3147 1257 3213 Dominus,
1305 3148 1476 3206 Judas
1524 3154 1821 3209 ascendet:
1864 3170 1990 3210 ecce

2096 3148 2201 3201 uiol
2246 3147 2460 3219 Ἰσραὴλ
2501 3149 2557 3200 ἐν
2588 3149 2801 3220 Κυρίῳ,
2842 3147 3093 3216 λέγοντες
3115 3166 3128 3178 ·
3171 3168 3191 3200 ι
3224 3150 3320 3214 Τίς
3355 3151 3689 3223 ἀναϐήσεται

402 3238 528 3292 dedi
576 3247 780 3292 terram
832 3239 888 3293 in
921 3256 1115 3296 manus
1142 3242 1263 3311 ejus
1287 3243 1351 3299 ³⁸.
1388 3263 1407 3295 ι
1446 3242 1612 3299 Plane
1644 3245 1810 3315 igitur
1844 3250 1990 3302 omni

402 3329 571 3382 Israel
607 3344 843 3399 praeesse
878 3331 1082 3385 tribum
1132 3331 1272 3387 Juda
1304 3332 1447 3389 Deus
1488 3335 1543 3387 in
1575 3335 1662 3390 his
1694 3336 1878 3391 verbis
1902 3336 1994 3407 ju-

403 3421 514 3477 bet.
544 3423 817 3487 Quocirca
846 3422 1107 3494 deinceps
1137 3425 1403 3493 scriptum
1431 3433 1516 3480 est
1551 3442 1562 3477 :
1598 3446 1618 3478 ι
1650 3427 1714 3481 Et
1746 3431 1992 3484 ascendit

402 3511 597 3578 Iudas,
629 3520 682 3567 et
713 3513 940 3568 tradidit
993 3513 1255 3568 Dominus
1287 3515 1656 3571 Chananaeum
1699 3528 1752 3573 et
1790 3518 1993 3577 Phere-

406 3620 579 3659 zaeum
611 3605 665 3658 in
693 3620 918 3660 manum
947 3606 1146 3675 ejus”.
1179 3626 1198 3659 ›
1238 3606 1303 3661 Et
1325 3624 1519 3663 rursus
1547 3626 1558 3660 :
1596 3628 1616 3661 ‹
1654 3609 1720 3663 ΕΙ.
1754 3612 1988 3673 bellave-

404 3704 534 3751 runt
570 3697 665 3752 lilii
710 3697 850 3753 Juda
881 3699 933 3754 in
973 3699 1314 3764 Jerusalem,
1364 3709 1419 3755 et
1458 3704 1991 3772 comprehenderunt

401 3805 545 3854 eam,
575 3797 629 3844 et
662 3791 1065 3846 descenderunt
1097 3792 1189 3847 lilii
1213 3792 1353 3848 Juda
1381 3794 1438 3848 in
1468 3794 1840 3851 Chananzeum
1864 3798 1929 3853 ⁸ο.
1964 3818 1984 3850 ι

403 3879 472 3936 Et
521 3897 757 3939 rursus:
808 3904 827 3936 ι
875 3884 938 3938 Et
973 3887 1106 3940 abiit
1149 3886 1322 3942 Judas
1372 3903 1496 3942 cum
1537 3886 1776 3961 Symeon
1821 3890 1991 3947 fratre

404 3991 506 4030 suo
529 3974 596 4030 “.
632 3995 649 4029 ι
681 3976 747 4030 Et
775 3977 1036 4049 deinceps
1064 3997 1077 4033 :
1107 4003 1126 4030 ι
1164 3978 1227 4033 Ει
1258 3979 1361 4033 fuit
1386 3979 1650 4038 Dominus
1673 3998 1795 4037 cum
1823 3983 1984 4048 Juda,

401 4075 456 4121 et
487 4067 734 4137 possedit
754 4068 1074 4123 montem".
1097 4088 1116 4122 ι
1136 4070 1201 4124 Ει
1225 4074 1486 4141 posthaec
1522 4089 1535 4126 :
1568 4092 1587 4124 ι
1618 4073 1684 4128 Ει
1722 4078 1987 4132 ascende-

403 4164 531 4210 runt
568 4156 660 4211 lilii
699 4156 902 4231 Ioseph
947 4162 1052 4231 ipsi
1100 4179 1319 4233 quoque
1367 4165 1420 4218 in
1468 4163 1670 4221 Btetliel
1718 4176 1771 4223 et
1817 4167 1988 4227 Judas

400 4263 523 4301 cum
553 4249 689 4319 ipsis
711 4249 776 4305 ⁸³.
817 4271 836 4302 ι
866 4252 1051 4322 Itaque
1083 4269 1208 4309 cum
1235 4256 1290 4309 in
1321 4256 1462 4311 libro
1490 4255 1767 4322 Judicum,
1800 4261 1985 4317 diver-

401 4342 480 4394 sis
523 4343 865 4411 temporibus
917 4344 1160 4416 (tametsi
1190 4347 1536 4403 diversarum
1586 4350 1831 4413 tribuum
1862 4368 1986 4409 esse

2095 3242 2225 3311 ἡμῖν
2254 3241 2392 3313 πρὸς
2415 3240 2506 3294 τὸν
2541 3240 2867 3308 Χαναναῖον,
2907 3241 3285 3313 ἀφηγούμενος
3322 3244 3417 3297 τοῦ
3448 3245 3689 3316 πολεμῆ-

2096 3348 2183 3384 σαι
2235 3332 2293 3383 ἐν
2358 3331 2548 3403 αὐτῷ;
2598 3333 2711 3385 Kal
2759 3328 2879 3385 εἷπε
2921 3332 3124 3405 Κύριος
3154 3351 3168 3362 ·
3238 3335 3438 3400 Ἰούδας
3487 3336 3688 3407 ἀναϐη-

2096 3440 2262 3476 σεται.
2312 3423 2442 3476 Ἰδοὺ
2491 3423 2699 3477 δέδωκα
2741 3424 2839 3496 τὴν
2894 3426 2996 3495 γῆν
3052 3426 3133 3489 είς
3188 3429 3379 3498 χεῖρας
3428 3426 3624 3480 αὑτοῦ.
3664 3445 3682 3477 ι

2093 3514 2290 3583 Σαφῶς
2349 3509 2444 3568 οὖν
2493 3513 2585 3567 τοῦ
2631 3516 2833 3580 παντὸς
2881 3515 3097 3589 Ἰσραὴλ
3134 3517 3388 3588 ἡγεῖσθαι
3438 3519 3541 3590 τὴν
3598 3515 3685 3572 τοῦ

2108 3607 2273 3661 Ἰούδα
2302 3607 2471 3679 φυλὴν
2498 3610 2527 3662 ὁ
2569 3607 2700 3672 Θεὸς
2737 3608 2825 3661 διὰ
2870 3608 3071 3663 τούτων
3123 3611 3449 3682 προστάττει
3474 3628 3488 3641 ·
3560 3612 3680 3664 ὅθεν

2093 3702 2221 3771 ἑξῆς
2254 3702 2562 3773 γέγραπται
2590 3717 2603 3730 ’
2641 3720 2659 3752 ι
2687 3700 2797 3754 Kal
2823 3700 2991 3770 ἀνέϐη
3034 3701 3256 3765 Ἰούδας,
3282 3702 3377 3755 καὶ
3401 3703 3686 3775 παρέδωκε

2091 3793 2295 3865 Κύριος
2315 3794 2405 3845 τὸν
2433 3793 2735 3846 Χαναναῖον
2762 3792 2855 3845 καὶ
2881 3792 2973 3847 τὸν
2997 3792 3288 3864 Φερεζαῐον
3324 3795 3383 3847 ἐν
3410 3797 3559 3866 χειρὶ
3596 3797 3690 3849 αύ-

2090 3884 2203 3938 τοῦ’
2242 3904 2261 3935 ι
2310 3885 2405 3938 καὶ
2449 3884 2630 3938 πάλιν
2672 3902 2692 3935 ι
2741 3885 2851 3938 Kal
2890 3884 3237 3958 ἐπολέμησαν
3275 3888 3324 3940 οί
3368 3888 3474 3940 υἱοὶ
3509 3888 3686 3943 Ἰούδα

2090 3977 2147 4030 ἐν
2194 3975 2569 4046 Ἰερουσαλὴμ,
2619 3976 2714 4029 καὶ
2757 3976 3122 4030 κατελάϐοντο
3164 3978 3355 4049 αὐτὴν.
3390 3981 3485 4033 καὶ
3552 3997 3686 4037 κατα

2089 4069 2293 4140 έϐησαν
2343 4069 2451 4121 υἱοὶ¹
2496 4068 2688 4133 Ἰούδα,
2732 4067 3039 4139 πολεμῆσαι
3091 4071 3148 4123 ἐν
3193 4069 3272 4140 τῷ
3294 4071 3611 4141 Χαναναίῳ.
3661 4091 3679 4124 ι

2089 4160 2199 4212 Kal
2255 4155 2436 4223 αὖθις·
2476 4177 2495 4209 ι
2531 4160 2640 4213 Kal
2690 4159 2962 4231 ἐπορεύθη
3008 4159 3209 4224 Ἰούδας
3272 4160 3414 4231 μετὰ
3457 4162 3684 4232 Συμεὼν

2087 4256 2180 4308 τοῦ
2228 4253 2456 4324 ἀδελφοῦ
2506 4253 2691 4309 αὑτοῦ.
2755 4274 2773 4306 3
2825 4255 2935 4309 Kal
2984 4254 3140 4326 ἑξῆς·
3188 4255 3299 4307 Kal
3352 4251 3423 4327 ἦν
3479 4257 3684 4328 Κύριος

2091 4347 2230 4418 μετὰ
2260 4348 2447 4411 Ἰούδα,
2483 4350 2578 4401 καὶ
2622 4347 3029 4420 ἐκληρονόμησε
3063 4349 3123 4401 τὸ
3171 4349 3296 4419 ὅρος
3320 4365 3335 4380 ·
3379 4369 3399 4401 ι
3457 4352 3555 4405 καὶ
3594 4369 3685 4423 με·

397 4429 764 4502 τίἀθὺιιιιιυιι),
786 4433 1000 4501 judices
1031 4437 1231 4504 populo
1256 4445 1576 4506 prmessent,
1604 4439 1780 4496 tribus
1799 4450 1984 4499 tamen

2093 4441 2154 4493 τὰ
2182 4441 2386 4494 ταῦτα’
2428 4460 2446 4492 ι
2476 4442 2585 4494 Kal
2616 4441 2885 4513 ἀνέϐησαν
2953 4442 3002 4494 οἱ
3048 4443 3154 4495 υἰοι
3198 4443 3432 4512 Ἰωσὴφ,
3482 4444 3579 4497 καί
3624 4462 3681 4512 γε

397 4518 537 4575 .‘uda
575 4523 628 4576 in
661 4526 977 4581 universum
1019 4528 1187 4582 totius
1218 4530 1395 4599 gentis
1424 4530 1533 4584 dux
1562 4538 1681 4586 erat
1706 4548 1720 4584 :
1750 4534 1987 4605 idipsum

399 4628 530 4668 vero
560 4617 903 4685 temporibus
942 4618 1110 4673 David
1138 4636 1637 4693 successurumque
1666 4626 1787 4693 ejus
1817 4629 1988 4683 multo

400 4705 595 4773 magis,
622 4708 822 4777 quippe
855 4724 981 4762 cum
1016 4711 1276 4778 plane~de
1301 4713 1446 4766 tribu
1482 4713 1623 4768 Juda
1661 4716 1736 4769 illi
1762 4718 1992 4773 exsiste-

401 4804 545 4871 rent,
591 4805 646 4852 et
691 4813 919 4868 regnum
966 4817 1141 4871 usque
1197 4803 1264 4857 ad
1317 4803 1706 4877 Babylonicam
1743 4808 1987 4878 ipsorum

401 4886 614 4941 cladem
657 4889 1037 4959 produxerint,
1074 4901 1198 4963 post
1232 4910 1397 4964 quam
1438 4895 1648 4951 cladem
1682 4898 1751 4953 iis
1790 4899 1882 4969 qui
1917 4899 1984 4955 de

400 4977 492 5030 illa
523 4981 786 5034 servitute
809 4981 863 5035 in
896 4983 1127 5052 patriam
1159 4993 1359 5040 terram
1379 4988 1586 5043 reversi
1614 4999 1762 5054 sunt,
1789 5006 1983 5047 rursus

399 5069 621 5134 praefuit
651 5069 975 5139 Zoroliabel,
1027 5072 1289 5129 Salatliiel
1338 5075 1480 5132 lilius
1520 5077 1588 5134 de
1632 5079 1777 5134 tribu
1816 5078 1978 5136 Juda.

398 5157 530 5212 Inde
576 5161 739 5215 etiam
786 5160 1071 5234 Scriptura
1103 5182 1225 5236 quze
1270 5165 1727 5239 Paralipomenon
1756 5171 1979 5237 dicitur,

398 5250 685 5307 duodecim
722 5256 960 5309 tribuum
1003 5256 1168 5312 Israel
1197 5260 1395 5314 seriem
1430 5263 1646 5331 generis
1690 5279 1979 5331 enarrans,

400 5345 470 5397 ab
494 5360 556 5398 ea
589 5362 711 5417 quae
736 5356 819 5403 est
851 5348 1024 5419 ipsius
1051 5349 1191 5405 Juda
1225 5351 1355 5407 fecit
1407 5354 1626 5409 initium
1658 5373 1671 5409 :
1707 5372 1836 5428 ergo
1862 5359 1981 5428 ipso

398 5434 592 5492 ordine
623 5440 875 5511 sequitur
899 5448 957 5497 ut
995 5444 1157 5498 etiam
1211 5447 1607 5515 posterioribus
1641 5452 1983 5521 temporibus

367 5528 667 5617 .fateamur
694 5535 939 5592 eamdem
973 5538 1175 5594 tribum
1200 5541 1427 5612 reliquis
1449 5543 1752 5615 praefuisse,
1786 5562 1984 5618 quam-

2092 4535 2246 4587 αὐτοὶ
2292 4536 2350 4587 ἐν
2391 4533 2614 4604 Βαιθὴλ,
2662 4535 2756 4587 καὶ
2806 4533 3006 4596 Ἰούδας
3036 4534 3150 4601 μετ²
3195 4534 3394 4588 αὐτῶν.
3434 4554 3451 4586 ι
3494 4538 3608 4591 Καὶ
3628 4539 3680 4589 ἐν

2090 4628 2156 4697 τῇ
2217 4625 2383 4697 βίϐλῳ
2421 4625 2478 4678 δὲ
2538 4624 2645 4679 τῶν
2692 4625 2908 4697 Κριτῶν
2955 4625 3225 4698 διαφόρων
3271 4627 3415 4681 κατὰ
3459 4629 3678 4701 χρόνους

2092 4717 2502 4789 προϊσταμένων
2533 4716 2628 4770 τοῦ
2669 4716 2819 4781 λαοῦ,
2856 4719 2905 4770 εἰ
2938 4718 3031 4771 καὶ
3060 4719 3124 4771 ἐκ
3161 4719 3434 4791 διαψόρων
3462 4722 3676 4776 ἐδόκουν

2091 4804 2231 4861 εἷναι
2263 4807 2445 4877 φυλῶν
2477 4811 2525 4861 οἱ
2555 4809 2760 4881 κριταὶ,
2783 4808 2931 4879 ὅμως
2959 4809 3018 4862 δὲ
3050 4810 3276 4863 καθόλου
3311 4813 3345 4882 ἡ
3372 4812 3471 4865 τοῦ
3514 4814 3672 4867 Ἰούδα

2093 4900 2233 4972 φυλὴ
2266 4899 2360 4953 τοῦ
2392 4901 2592 4965 παντὸς
2624 4901 2810 4964 ἔθνους
2841 4904 3026 4970 ἡγεῖτο
3047 4919 3062 4932 ·
3095 4902 3271 4973 πολλῷ
3302 4902 3361 4956 δὲ
3398 4904 3562 4959 πλέον
3589 4905 3670 4959 ἐπὶ

2090 4993 2199 5048 τῶν
2230 4993 2438 5066 χρόνων
2470 4993 2564 5046 τοῦ
2598 4993 2783 5058 Δαϐὶδ,
2818 4993 2912 5046 καὶ
2945 4991 3054 5047 τῶν
3084 4994 3273 5048 τούτου
3305 4995 3591 5067 διαδόχων,
3612 4998 3671 5050 ἐκ

2091 5086 2263 5157 φυλῆς
2305 5086 2402 5158 μὲν
2432 5086 2528 5140 τοῦ
2569 5086 2740 5139 Ἰούδα
2789 5087 3109 5156 γεγονότων,
3147 5087 3311 5159 μέχρι
3359 5089 3421 5141 δὲ
3452 5091 3557 5160 τῆς
3598 5090 3669 5153 εἰς

2090 5179 2385 5233 Βαϐυλῶνα
2414 5179 2789 5249 αἰχμαλωσίας
2815 5179 2914 5250 τὴν
2951 5178 3224 5249 βασιλείαν
3256 5180 3665 5249 διενεγκάντων,

2092 5271 2209 5342 μεθ’
2242 5272 2307 5342 ἣν
2333 5271 2442 5324 τῶν
2474 5272 2540 5324 ἐκ
2570 5271 2668 5341 τῆς
2689 5270 3066 5342 αἰχμαλωσίας
3098 5273 3189 5325 ἐπὶ
3218 5272 3319 5343 τὴν
3344 5274 3555 5329 οἰκείαν
3575 5274 3667 5345 γῆν

2088 5362 2417 5416 ἐπανιόντων
2444 5358 2599 5426 αὖθις
2622 5365 2837 5433 ἡγεῖται
2863 5361 3189 5434 Ζοροϐάϐελ,
3219 5366 3249 5417 ὀ
3277 5363 3374 5418 τοῦ
3404 5365 3665 5438 Σαλαθιὴλ

2090 5456 2153 5507 ἐκ
2186 5454 2358 5523 φυλῆς
2404 5453 2591 5511 Ἰούδα,
2631 5457 2659 5508 ὁ
2691 5453 2900 5509 καὶτὸν
2921 5452 3058 5508 νεὼν
3092 5456 3332 5528 ἐγείρας.
3364 5458 3559 5512 Ἔνθεν
3578 5457 3664 5512 καὶ

2092 5549 2126 5619 ἡ
2158 5548 2267 5602 τῶν
2303 5548 2795 5621 Παραλειπομένων
2842 5549 3052 5621 γραφὴ,
3101 5548 3202 5613 τὰς
3244 5549 3456 5605 δώδεκα
3503 5553 3662 5623 φυλὰς

469 5646 724 5735 Ity-un);
752 5653 1022 5735 1.,_?___5_._
1083 5656 1146 5735 :7“
1171 5653 1333 5713 Num.
1375 5675 1472 5726 v.1,
1516 5662 1597 5728 II,
1643 5663 1720 5719 I2.
1801 5665 1844 5698 ³³
1881 5664 1984 5721 Jud

2116 5682 2165 5731 I,
2202 5670 2252 5733 I,
2292 5668 2345 5723 2,
2423 5669 2463 5702 ³⁸
2502 5667 2632 5724 ibid.
2665 5668 2720 5726 ι.
2795 5670 2841 5701 ⁸⁸
2880 5669 3012 5726 ibitl'.
3073 5667 3127 5735 8,
3159 5667 3209 5723 9.
3294 5668 3334 5701 “
3378 5669 3511 5725 ibid.
3580 5670 3659 5724 Π.

399 5719 446 5751 δ’
487 5718 621 5776 ibid.
660 5721 746 5777 19.
837 5728 881 5766 ⁸³
909 5726 1045 5782 Ibid.
1081 5726 1168 5785 22.
