3828 6220
138 180 270 236 577
1033 171 1690 235 DEMONSTRATIONIS
1710 169 2172 229 EVANGELICIE
2210 173 2338 228 LIB.
2375 174 2515 231 Vill.
3338 187 3447 244 578

137 302 257 358 τοῦ
307 301 533 374 Ἰσραὴλ
578 298 996 369 γενεαλογοῦσα,
1031 299 1140 352 ἀπὸ
1184 298 1282 369 τῆς
1320 295 1415 350 τοῦ
1457 295 1627 349 Ἰούδα
1666 288 1721 345 τ’)

1834 330 1839 347 ,
1869 289 1955 342 vis
2008 288 2064 344 in
2118 302 2272 361 parte
2305 294 2487 362 aliqua
2516 293 2650 346 varii
2683 292 2996 365 diversique
3032 301 3234 370 populo
3268 306 3445 372 ιπερίί-

137 397 458 469 καταρχὴν
507 395 818 464 ἐποιήσατο.
859 394 1091 446 Ἕπεται
1135 391 1200 462 δὴ
1243 386 1336 445 οὖν
1387 389 1595 452 τούτοις
1633 388 1721 442 ὰκι

1863 389 2140 447 ccrentur,
2164 399 2397 454 quorum
2430 386 2747 455 singillatim
2781 403 2954 456 genus
2983 391 3142 444 solita
3162 393 3445 464 diligentia

136 489 380 551 λούθως
430 486 523 541 καὶ
554 488 611 540 ἐν
640 487 753 548 τοῖς
787 484 925 556 μετὰ
966 484 1139 538 ταῦτα
1185 482 1398 554 χρόνοις
1444 479 1543 550 τὴν
1594 479 1760 550 αὐτὴν

141 579 344 650 φυλὴν
404 578 512 633 τῶν
572 576 775 631 λοιπῶν
822 576 1100 647 ὁμολογεῖν
1152 574 1423 646 ἡγεῖσθαι,
1457 575 1507 626 εἰ
1550 573 1645 625 καὶ
1701 573 1759 624 ἐν

145 670 328 742 μέρει
364 669 612 741 διάφοροι
646 668 1097 740 προειστήκεισαν
1126 666 1221 719 τοῦ
1249 665 1378 720 λαοῦ
1399 682 1412 695 ·
1448 658 1523 718 ὧν
1551 664 1612 717 οὐ
1638 662 1758 717 καθ’

138 760 298 829 ἡμῖν
333 756 559 812 δυνατὸν
591 756 1041 829 ἐξακριϐάζεσθαι
1076 756 1144 811 τὰ
1185 757 1338 827 γένη,
1381 755 1460 827 τῷ
1492 755 1625 827 μηδέ
1659 755 1757 825 φέ-

144 849 366 920 ρεσθαι
410 849 562 904 Θείαν
598 848 778 921 βίϐλον
815 848 875 913 ἐξ
923 850 1132 903 ἐκείνου
1166 850 1261 903 καὶ
1310 848 1470 920 μέχρι
1502 847 1611 900 τῶν
1659 846 1754 901 τοῦ

1861 489 2117 531 enarrare
2138 493 2482 548 nequaquam
2508 494 2611 534 nos
2638 496 2955 549 possumus,
2977 494 3264 557 propterea
3294 492 3443 559 quod

1861 567 2043 624 nullus
2096 570 2330 639 amplius
2392 569 2567 624 fertur
2613 570 2835 627 divinus
2883 574 3041 642 liber,
3091 577 3185 647 qui
3233 595 3297 634 ex
3348 582 3443 639 illo

1861 675 2035 730 usque
2077 656 2145 715 ad
2193 670 2440 732 tempora
2493 662 2797 719 Salvatoris
2843 668 3020 721 nostri
3063 672 3441 727 narrationem

1859 750 2283 809 continuaverit.
2327 754 2717 812 Verumtamen
2749 765 2803 812 et
2832 758 2973 813 fama
3008 767 3061 814 et
3091 764 3232 817 ratio
3264 764 3443 819 dicta-

1855 842 2405 899 bitdurassetandiu
2432 847 2630 900 tribum
2661 845 2822 907 Juda.
2875 851 3120 919 quandiu
3148 861 3261 907 tota
3305 870 3440 925 gens

141 942 422 1014 Σωτῆρος
453 942 682 1016 χρόνων.
726 941 872 1014 Πλὴν
906 943 987 1006 είς
1013 943 1264 996 τοσοῦτον
1294 941 1579 1014 διαρκέσαι
1599 941 1755 1010 λόγος

143 1035 403 1107 φανερὸς
429 1037 577 1107 αἱρεῖ
599 1036 698 1107 τὴν
728 1035 825 1089 τοῦ
862 1035 1030 1089 Ἰούδα
1063 1035 1255 1106 φυλὴν,
1287 1037 1369 1099 είς
1399 1036 1521 1089 ὅσον
1552 1033 1613 1088 τὸ
1647 1036 1754 1088 πᾶν

144 1129 317 1192 ἔθνος
347 1127 630 1200 ἐλευθερίᾳ
658 1129 752 1182 καὶ
775 1127 1069 1198 αὐτονομίᾳ
1098 1126 1374 1199 χρώμενον
1402 1125 1509 1181 ὑπὸ
1533 1126 1754 1189 οἰκείοις

144 1221 425 1290 ἄρχουσιν
451 1220 546 1273 καὶ
578 1219 898 1290 ἡγουμένοις
922 1218 1282 1272 ἐπολιτεύετο.
1310 1216 1480 1271 Τοῦτο
1495 1217 1553 1271 δὲ
1572 1218 1752 1283 αὐτοῖς

142 1311 209 1378 ἐξ
232 1311 421 1382 ἀρχῆς
463 1309 695 1381 ύήρξε,
731 1309 831 1363 καῖ
863 1309 1024 1380 μέχρι
1046 1307 1153 1361 τῶν
1181 1308 1491 1377 Αὐγούστου
1521 1307 1748 1379 χρόνων,

143 1403 281 1456 καθ’
317 1401 435 1465 οὒς,
482 1401 656 1473 Ἰησοῦ
686 1401 781 1455 τοῦ
822 1401 1074 1471 Σωτῆρος
1101 1398 1257 1470 ἡμῶν
1283 1399 1541 1468 φανέντος
1572 1400 1630 1453 ἐν
1655 1400 1750 1453 ὰν-

144 1490 425 1564 θρώποις,
458 1492 520 1545 τὸ
550 1494 662 1546 πᾶν
693 1492 845 1556 ἔθνος
882 1491 1067 1545 δοῦλον
1114 1492 1401 1562 Ῥωμαίοις
1431 1491 1748 1545 καθίσταται

144 1586 252 1639 καὶ
278 1587 406 1641 ἀντὶ
433 1585 547 1640 τῶν
574 1586 840 1658 πατρόθεν
872 1586 1054 1649 αὐτοῖς
1073 1586 1168 1639 καὶ
1196 1586 1335 1640 κατὰ
1354 1587 1552 1658 νόμους
1578 1589 1745 1658 ἡγου-

1856 933 2108 990 libertate
2136 942 2190 989 et
2219 937 2335 990 suis
2367 937 2577 1008 legibus
2604 947 2784 1002 utens,
2812 941 2916 995 sub
2947 940 3267 1000 domesticis
3294 947 3443 1017 prin-

1856 1025 2072 1094 cipibus
2113 1027 2457 1098 ducibusque
2510 1029 2677 1083 vitam
2724 1032 2916 1100 egerit.
2968 1030 3141 1087 Porro
3180 1034 3284 1088 hoc
3326 1037 3439 1092 illis

1855 1118 2085 1189 contigit
2133 1119 2201 1173 ab
2253 1119 2411 1173 initio
2452 1136 2627 1190 usque
2668 1121 2736 1175 ad
2784 1132 3028 1192 tempora
3075 1124 3327 1196 Augusti,
3380 1129 3438 1184 in

1853 1212 2054 1282 quibus
2089 1228 2213 1266 cum
2245 1210 2497 1267 Salvator
2525 1223 2712 1269 noster
2740 1213 2901 1271 Jesus
2926 1217 3239 1275 hominibus
3272 1236 3330 1276 se
3352 1224 3438 1276 vi-

1852 1304 2089 1360 dendum
2117 1306 2429 1375 praebuerit,
2448 1315 2562 1361 tum
2588 1324 2717 1363 vero
2742 1309 2795 1362 in
2825 1311 3141 1365 servitutem
3173 1310 3437 1369 Romanis

1854 1398 2108 1453 universa
2135 1414 2267 1466 gens
2295 1401 2462 1455 cessit
2490 1416 2502 1451 :
2530 1400 2697 1472 3‘69
2726 1410 2780 1455 et
2808 1418 2907 1472 pro
2933 1405 3127 1472 patriis
3162 1421 3225 1460 ac
3259 1408 3438 1478 legiti-

1852 1488 1958 1544 mis
1983 1489 2217 1544 ducibus
2253 1492 2464 1561 primus
2494 1491 2735 1547 Herodes
2759 1506 3019 1550 externus
3052 1497 3161 1552 illis
3194 1500 3432 1568 praefuit,

1852 1586 1907 1634 et
1947 1596 2042 1636 rex
2070 1582 2367 1652 Augustus.
2397 1583 2652 1650 Quandiu
2697 1585 2864 1655 igitur
2899 1602 3006 1641 non
3049 1589 3248 1645 defecit
3276 1591 3433 1661 prin-

147 1677 342 1748 μένων
370 1678 583 1750 πρῶτος
614 1650 859 1750 Ἡρώδης
886 1676 1181 1746 ἀλλόφυλος
1204 1676 1382 1730 αὐτῶν
1415 1650 1639 1749 ἦγεῖται
1650 1696 1720 1731 κα

1846 1688 1975 1742 ceps
2004 1674 2072 1728 de
2101 1650 2262 1741 Juda,
2282 1691 2462 1745 neque
2486 1676 2595 1730 dux
2622 1676 2689 1733 de
2713 1650 3017 1737 femoribus
3038 1682 3182 1750 ejus,
3209 1650 3436 1754 prophe-

144 1768 419 1838 βασιλεὺς
454 1768 781 1838 Αὔγουστος.
808 1770 955 1832 Ἕως
999 1768 1097 1838 μὲν
1144 1764 1237 1822 οὖν
1281 1769 1402 1827 οὐδέ
1453 1787 1541 1822 πω
1574 1769 1744 1823 διελε-

142 1858 337 1913 itaista:
368 1859 551 1931 ἄρχων
584 1860 644 1927 ἐξ
684 1859 874 1927 Ἰούδαν
907 1859 1029 1912 οὐδὲ
1060 1858 1363 1931 ἡγούμενος
1393 1861 1457 1913 ἐκ
1490 1860 1598 1913 τῶν
1635 1879 1741 1933 μη·

145 1949 266 2021 ρῶν
301 1950 492 2015 αὑτοῦ,
534 1950 643 2004 τῶν
690 1951 1040 2023 προφητειῶν
1082 1953 1133 2004 oi
1182 1951 1361 2022 χρόνοι
1408 1951 1472 2004 ἐκ
1502 1954 1602 2024 τῆς
1632 1953 1741 2005 τῶν

143 2042 437 2114 ἀρχόντων
456 2042 550 2097 τοῦ
572 2042 759 2107 ἔθνους
783 2043 1135 2116 παραθέσεως
1153 2043 1540 2114 ἀνεγράφοντο.
1556 2043 1743 2108 Οὕτως

142 2130 247 2188 οὖν
301 2134 532 2198 Ἡσαΐας
574 2136 632 2187 ἐν
683 2133 932 2205 βασιλείᾳ
992 2133 1168 2198 Ὀζίου
1224 2136 1317 2189 καὶ
1349 2135 1572 2190 Ἰωάθαν
1597 2179 1610 2202 ,
1646 2139 1741 2190 καὶ

148 2224 361 2296 ’Δχαξ,
395 2227 488 2280 καὶ
538 2225 811 2291 Ἐζεκίου,
839 2226 889 2280 οἳ
936 2225 1288 2280 ἐϐασίλευσαν
1325 2228 1427 2299 τῆς
1464 2229 1735 2293 Ἰουδαίας,

144 2318 522 2389 προφητεύει·
558 2318 761 2389 ὁμοίως
810 2318 867 2372 δέ
917 2321 1012 2373 καὶ
1043 2319 1225 2391 Ὠσηέ.
1267 2320 1324 2373 '0
1364 2320 1420 2374 δὲ
1474 2320 1653 2392 Ἀμὼς
1681 2324 1738 2374 ἐν

145 2410 397 2482 ἡμέραις
435 2410 610 2474 Ὀξίου
667 2410 933 2481 βασιλέως
972 2412 1176 2477 Ἰούδα,
1245 2415 1339 2467 καὶ
1395 2414 1453 2466 ἐν
1504 2414 1739 2485 ἡμέραις

157 2502 450 2574 Ἰεροϐοάμ
486 2502 606 2557 υἱοῦ
647 2503 818 2568 Ἰωὰς,
858 2503 1122 2575 βασιλέως
1165 2505 1402 2577 Ἰσραὴλ,
1446 2506 1540 2559 καὶ
1572 2506 1738 2575 Σοφο-

141 2595 272 2657 νίας
333 2596 391 2648 ἐν
442 2595 679 2666 ἡμέραις
726 2595 971 2660 Ἰωσίου,
1019 2595 1137 2650 υίοῦ
1196 2597 1413 2669 Ἀμὼς,
1474 2596 1738 2667 βασιλέως

159 2685 357 2739 Ἰούδα.
407 2686 636 2758 Ὁμοίως
683 2685 740 2739 δὲ
786 2687 881 2739 καὶ
933 2687 1220 2759 Ἱερεμίας.
1274 2687 1412 2741 Ἀλλ’
1459 2688 1548 2742 ὅτε
1585 2686 1738 2740 ἐκλέ-

143 2775 339 2828 λοιπεν
376 2775 558 2846 ἄρχων
597 2774 658 2841 ἐξ
702 2777 890 2841 Ἰούδα,
920 2778 1016 2830 καὶ
1053 2777 1353 2849 ἡγούμενος
1386 2780 1451 2831 ἐκ
1490 2777 1597 2831 τῶν
1633 2793 1737 2848 μη-

148 2867 265 2938 ρῶν
300 2867 502 2932 αύτοῦ,
552 2868 651 2940 τῆς
679 2868 767 2923 διὰ
819 2869 913 2922 τοῦ
965 2868 1201 2941 Χριστοῦ
1251 2868 1735 2941 προφητευομένης

1847 1766 2044 1820 tiarum
2083 1773 2328 1837 tempora
2368 1769 2636 1839 appositis
2683 1770 2995 1842 principum
3031 1775 3212 1843 gentis
3257 1777 3429 1832 nomi-

1844 1857 2007 1913 nibus
2035 1859 2370 1913 notabantur
2396 1879 2409 1914 :
2441 1860 2522 1915 sic
2548 1862 2694 1915 enim
2724 1862 2891 1919 Isaias
2916 1865 3020 1919 sub
3040 1867 3260 1937 regibus
3278 1867 3431 1936 Ozia,

1840 1942 2097 2011 Joatban,
2141 1947 2346 2013 Achaz,
2382 1957 2437 2004 et
2479 1948 2733 2015 Ezechia,
2780 1954 2874 2022 qui
2923 1954 2977 2008 in
3004 1953 3189 2012 Judaaa
3235 1974 3432 2029 regna-

1843 2036 1992 2101 runt,
2032 2041 2376 2111 prophetiam
2420 2059 2577 2098 suam
2638 2047 2880 2100 contexit
2917 2065 2929 2101 :
2975 2049 3233 2104 similiter
3269 2050 3427 2108 Osee.

1842 2131 2010 2187 Amos
2038 2149 2168 2187 vero
2201 2134 2253 2187 in
2290 2133 2482 2190 diebus
2514 2134 2661 2191 Ozia:
2693 2138 2837 2207 regis
2868 2138 3029 2208 Juda,
3068 2152 3121 2196 et
3154 2144 3208 2197 in
3235 2143 3431 2201 diebus

1839 2222 1968 2277 Jesu
2003 2224 2095 2278 lilii
2120 2222 2253 2281 Joas
2311 2227 2455 2296 regis
2484 2230 2656 2284 Israel
2685 2248 2699 2285 :
2725 2240 2778 2285 et
2810 2228 3119 2301 Sophonias
3141 2234 3201 2288 in
3234 2235 3432 2294 diebus

1837 2314 2002 2371 Josize
2052 2317 2147 2370 lilii
2197 2318 2366 2373 Amos
2411 2320 2555 2390 regis
2605 2318 2748 2376 Juda
2794 2324 3097 2379 :similiter
3138 2324 3428 2384 Jeremias.

1842 2407 1947 2464 Sed
1976 2409 2068 2463 ubi
2096 2408 2295 2464 defecit
2329 2412 2583 2482 princeps
2613 2414 2680 2468 de
2707 2413 2846 2470 Juda
2876 2424 2929 2471 et
2961 2417 3072 2472 dux
3106 2421 3174 2474 de
3217 2419 3431 2476 femori-

1838 2498 1940 2554 bus
1966 2498 2109 2567 ejus.
2132 2515 2256 2555 cum
2281 2504 2618 2571 exspectatio
2642 2504 2906 2574 gentium,
2929 2507 2995 2561 de
3017 2522 3123 2577 qua
3150 2510 3429 2578 propheta:

1836 2581 2005 2644 locuti
2062 2590 2302 2656 fuerant,
2349 2591 2576 2661 jaznjam
2609 2609 2705 2663 per
2744 2594 3030 2650 Christum
3086 2599 3251 2652 vitam
3280 2608 3427 2655 esset

1837 2679 2203 2744 illustratura,
2224 2697 2334 2736 non
2365 2684 2601 2754 amplius
2632 2701 2789 2756 reges
2804 2685 2944 2742 Juda
2979 2693 3220 2752 censeri,
3246 2707 3426 2761 neque

1836 2771 2003 2829 duces
2028 2773 2193 2829 Israel
2225 2789 2460 2845 cceperc,
2505 2776 2601 2831 sed
2647 2777 2732 2832 bis
2762 2778 2918 2847 ipsis,
2963 2780 3423 2849 quemadmodum

1837 2867 2138 2938 prophetiae
2187 2868 2658 2938 signiﬁcaverant,
2697 2887 2799 2927 suo
2833 2880 2987 2928 certo
3016 2884 3069 2929 et
3103 2874 3254 2930 linito
3285 2882 3427 2931 temo

144 2960 482 3032 προσδοκίας
530 2960 639 3014 τῶν
686 2960 856 3016 ἐθνῶν
896 2962 1019 3016 ὅσον
1067 2961 1221 3016 οὔπω
1268 2963 1567 3034 μελλούσης
1615 2964 1721 3015 ἐπι-

1839 2973 1970 3027 pore
2014 2960 2413 3025 deficientibus,
2448 2964 2660 3032 primus
2709 2965 2932 3033 quidem
2983 2965 3289 3035 Augustus,
3344 2982 3425 3023 se-

143 3051 392 3123 λάμπειν
424 3052 501 3123 τῷ
536 3052 665 3124 βίῳ,
700 3053 883 3107 οὐκέτι
931 3059 1029 3126 μὲν
1078 3054 1314 3125 βασιλεῖς
1358 3056 1732 3127 ἐχρημάτισαν

158 3147 369 3212 Ἰούδα,
422 3146 544 3200 οὐδὲ
592 3146 882 3218 ἡγούμενοι
937 3148 1176 3221 Ἰσραήλ.
1232 3150 1449 3203 Τούτων
1507 3149 1563 3203 δὲ
1612 3153 1734 3214 ταῖς

141 3239 507 3311 προφητείαις
550 3240 859 3303 ἀκολούθως
903 3240 1046 3294 κατὰ
1077 3241 1203 3304 τοὺς
1236 3241 1576 3313 ὡρισμένους
1607 3243 1733 3314 χρό-

142 3352 271 3399 νους
291 3333 722 3398 διαλελοιπότων,
747 3334 963 3406 πρῶτος
996 3335 1092 3406 μὲν
1123 3333 1450 3404 Αὔγουστος,
1480 3335 1732 3408 δεύτερος

140 3428 205 3481 δὲ
248 3425 522 3497 Τιϐέριος,
581 3424 718 3497 μετὰ
761 3425 868 3481 τῶν
913 3426 1087 3481 ἄλλων
1139 3429 1233 3481 καὶ
1297 3426 1391 3482 τοῦ
1461 3428 1729 3483 Ἰουδαίων

142 3517 333 3580 ἔθνους
368 3516 817 3589 ἀνηγορεύθησαν
852 3516 1108 3588 βασιλεῖς,
1141 3519 1195 3570 οἵ
1234 3535 1296 3571 τε
1329 3518 1472 3573 κατὰ
1507 3520 1729 3585 τούτους

144 3611 247 3680 τῆς
283 3610 546 3673 Ἰουδαίας
578 3609 862 3682 ἐπίτροποι
898 3612 992 3666 καὶ
1021 3611 1339 3684 τετράρχαι,
1375 3613 1435 3666 ού
1462 3612 1567 3685 μὴν
1591 3614 1728 3667 ἀλλὰ

142 3703 241 3757 ναὶ
281 3701 547 3774 Ἡρώδης,
579 3703 654 3768 ὡς
690 3703 828 3775 ἔφην
862 3704 960 3776 ήδη
1004 3705 1098 3758 καὶ
1133 3705 1414 3776 πρότερον,
1458 3706 1519 3758 οὐ
1560 3722 1727 3777 προσ-

142 3797 296 3869 ήκων
344 3794 615 3859 Ἰουδαίοις
645 3795 706 3849 τὸ
747 3796 922 3865 γένος,
950 3795 1010 3859 ὃς
1056 3795 1151 3849 καὶ
1193 3796 1355 3859 αὐτὸς
1387 3797 1538 3868 παρά
1594 3797 1727 3850 Ῥω-

152 3885 327 3957 μαίων
377 3887 477 3959 τὴν
503 3886 678 3959 ἀρχὴν
721 3886 820 3959 τὴν
853 3886 993 3940 κατά
1040 3886 1308 3941 Ἰουδαίων
1338 3888 1719 3959 ἐγχειρίζεται.

144 3978 360 4033 Τούτων
394 3980 524 4050 ἡμῖν
554 3979 1064 4051 προτετηρημένων,
1094 3980 1287 4052 καιρὸς
1316 3980 1416 4053 ἤδη
1444 3980 1600 4034 καλεῖ
1622 3982 1724 4052 τῆς

140 4072 223 4134 είς
242 4070 341 4142 τὴν
370 4071 708 4143 προφητείαν
742 4069 973 4142 θεωρίας
1012 4069 1343 4140 ἐφάψασθαι,
1376 4091 1395 4122 ι
1431 4072 1621 4137 Ἰούδα,
1663 4073 1722 4126 σέ

141 4165 447 4217 αίνέσουσιν
476 4165 524 4217 οἱ
547 4162 764 4233 ἀδελφοί
788 4180 884 4216 σου
902 4179 915 4192 ο
953 4183 970 4214 ι
1004 4161 1212 4216 δώδεκα
1239 4162 1347 4216 τῶν
1371 4163 1509 4216 ὅλων
1544 4164 1721 4237 ὑπάρ-

139 4256 343 4327 χόντων
369 4255 573 4310 παίδων
604 4254 683 4326 τῷ
727 4255 940 4321 Ἰακὼϐ,
981 4255 1240 4328 τέταρτος
1292 4255 1490 4319 Ἰούδας
1520 4252 1608 4327 ἦν,
1642 4257 1717 4320 ὼς

1838 3053 2052 3107 cundus
2072 3067 2252 3111 autem
2282 3054 2537 3111 Tiberius
2580 3063 2635 3110 et
2654 3056 2884 3112 aliarum
2910 3065 2963 3113 et
2984 3057 3222 3113 Iudaicae
3244 3061 3423 3130 gentis

1834 3145 2134 3214 nuncupati
2190 3153 2321 3201 sunt
2362 3160 2538 3215 reges,
2573 3161 2677 3202 nec
2710 3163 2820 3202 non
2862 3149 2952 3202 alii
2986 3149 3288 3205 secundum
3323 3151 3423 3205 bos

1831 3235 1982 3306 ipsos
2011 3235 2213 3321 Iudaeae
2244 3246 2634 3307 procuratores
2672 3247 2837 3305 atque
2866 3243 3179 3304 tetrarchae,
3217 3243 3422 3312 quibus

1831 3327 2222 3384 adnumeretur
2246 3328 2512 3392 Herodes,
2539 3345 2569 3384 a
2605 3329 2919 3385 Judaaorum
2961 3347 3183 3402 genere,
3214 3340 3274 3387 ut
3302 3333 3418 3403 jam

1830 3428 1991 3475 antea
2022 3420 2158 3486 dixi,
2189 3421 2424 3485 alienus,
2456 3423 2548 3491 qui
2592 3422 2758 3477 etiam
2811 3423 2927 3492 ipse
2969 3438 2998 3477 a
3029 3422 3290 3479 Romanis
3321 3424 3421 3479 Ju-

1828 3512 2070 3568 daeorum
2111 3515 2481 3585 principatum
2533 3516 2766 3585 accepit.
2814 3516 2950 3571 Cum
3000 3516 3270 3573 hactenus
3300 3518 3417 3575 hare

1826 3605 2322 3672 observaverimus,
2358 3617 2573 3678 tempus
2621 3609 2733 3678 jam
2764 3608 2931 3664 fuerit
2976 3611 3150 3680 ipsius
3180 3614 3419 3683 prophe-

1826 3699 1917 3754 tiae
1959 3700 2481 3770 contemplationem
2518 3702 2809 3770 attingere,
2846 3721 2865 3753 ι
2896 3701 3068 3767 Juda,
3128 3713 3180 3760 lc
3233 3706 3418 3760 lauda-

1826 3790 1963 3845 bunt
2014 3793 2210 3848 fratres
2255 3794 2371 3848 tui:
2411 3812 2432 3847 ι
2465 3809 2589 3848 cum
2631 3794 2920 3851 duodecim
2961 3797 3186 3853 omnino
3224 3808 3415 3855 essent

1826 3885 1920 3939 lilii
1950 3884 2144 3950 Jacob,
2186 3901 2376 3940 eorum
2419 3894 2651 3956 quartus
2704 3887 2805 3942 fuit
2848 3887 3011 3953 Juda,
3049 3890 3412 3959 quemadmo-

1823 3977 1952 4032 dum
1989 3986 2151 4032 antea
2195 3978 2457 4040 diximus,
2487 3995 2631 4035 unus
2658 3980 2822 4035 etiam
2873 3981 2991 4052 ipse
3044 3982 3112 4038 de
3147 3983 3412 4055 principi-

1820 4068 1924 4125 bus
1958 4071 2198 4123 tribuum
2222 4071 2399 4140 gentis
2426 4069 2704 4129 Hebr-alca:
2734 4073 2879 4129 :.sed
2911 4073 3055 4145 quod
3089 4090 3199 4130 non
3227 4078 3409 4147 ipsum

1822 4161 1977 4216 illum
2010 4163 2351 4231 respicerent
2377 4178 2464 4225 ea,
2490 4180 2611 4234 qua:
2640 4166 2800 4236 quasi
2851 4167 2919 4222 ad
2971 4167 3148 4237 ipsum
3181 4184 3211 4222 a
3252 4180 3407 4239 patre

1821 4251 1966 4306 dicta
2001 4262 2150 4314 sunt,
2200 4252 2234 4305 ii
2275 4254 2594 4322 planissime
2654 4255 3045 4321 intellexerint,
3094 4258 3189 4328 qui
3242 4261 3407 4316 verba

141 4348 235 4402 καὶ
269 4347 575 4415 φθάσαντες
614 4348 936 4420 εἰρήκαμεν,
987 4345 1067 4411 εἷς
1101 4349 1194 4401 καὶ
1225 4348 1387 4411 αὐτὸς
1422 4347 1720 4419 ἀρχίφυλος

1834 4344 2021 4398 iivinaa
2053 4343 2351 4413 Scripturte
2396 4344 2687 4415 diligenter
2736 4348 3090 4412 attenderint,
3121 4360 3176 4404 et
3202 4350 3255 4404 in
3290 4352 3406 4421 pri-

138 4439 233 4493 τοῦ
272 4438 539 4509 Ἐϐραίων
572 4438 778 4502 ἔθνους.
820 4438 959 4492 Ἀλλ’
988 4439 1067 4492 ὅτι
1095 4456 1158 4508 γε
1191 4440 1292 4492 οὐκ
1320 4439 1480 4492 αὐτὸν
1514 4440 1719 4491 ἐκεῖνον

139 4532 286 4605 ἐώρα
310 4532 402 4585 τὸν
439 4531 612 4603 ἄνδρα
643 4530 712 4585 τὰ
752 4531 828 4595 ὡς
860 4531 998 4602 πρὸς
1038 4530 1199 4584 αὑτὸν
1231 4531 1337 4584 ὑπὸ
1373 4529 1465 4584 τοῦ
1514 4529 1721 4602 πατρὸς

139 4623 435 4695 εἰρημένα,
473 4623 643 4690 σαφὲς
687 4620 752 4674 ἂν
799 4619 1007 4690 γένοιτο
1059 4622 1174 4685 τοῖς
1219 4620 1546 4692 ἐπιστήσασι
1599 4623 1719 4683 ταῖς

139 4717 313 4784 λέξεσι
337 4715 437 4785 τῆς
470 4713 621 4778 θείας
662 4713 905 4786 Γραφῆς,
950 4712 1165 4785 πρῶτον
1205 4712 1300 4767 τοῦ
1355 4711 1548 4767 Ἰακὼϐ
1582 4713 1718 4785 πρὸς

136 4814 261 4874 τοὺς
312 4810 463 4873 υἱοὺς
514 4808 697 4880 φωνῆς
739 4808 1037 4880 λεγούσης·
1069 4828 1087 4860 ι
1124 4808 1380 4862 Ἑκάλεσε
1425 4808 1481 4861 δὲ
1522 4805 1716 4862 Ἰακὼϐ

135 4904 260 4967 τοὺς
279 4901 430 4966 υἱοὺς
449 4900 636 4963 αὑτοῦ,
654 4903 750 4955 καὶ
773 4897 895 4954 εἷπε
915 4919 927 4931 ·
951 4901 1282 4973 Συνάχθητε,
1306 4901 1400 4955 καὶ
1430 4898 1716 4969 ἀναγγελῶ

137 4993 283 5064 ὐμῢν,
308 4993 363 5046 τί
393 4995 521 5065 ὑμῖν
547 4994 918 5066 ἀπαντήσεται
943 4995 1028 5048 ἐπ’
1062 4995 1308 5065 ἐσχάτων
1331 4993 1443 5048 τῶν
1462 4993 1711 5067 ήμερῶν”ο

137 5084 489 5158 ἀθροίσθητε,
532 5087 627 5139 καὶ
668 5085 959 5151 ἀκούσατε,
1017 5087 1123 5140 υἱοὶ
1186 5085 1400 5152 Ἰακὼϐ,
1444 5086 1712 5140 ἀκούσατε

147 5168 382 5248 Ἰσραὴλ,
415 5173 513 5228 τοῦ
539 5176 746 5247 πατρδς
777 5175 952 5247 ὑμῶν.
979 5196 997 5227 ι
1017 5175 1213 5245 Σαφῶς
1240 5175 1352 5245 γὰρ
1384 5173 1715 5242 ἐπαγγέλλε-

135 5283 222 5320 ται
245 5265 609 5339 προφητεύειν
641 5267 823 5331 αὐτοῖς
854 5266 922 5320 τὰ
957 5266 1220 5339 μέλλοντα
1254 5268 1437 5330 αὐτοῖς
1472 5267 1715 5339 ἀπαντή-

139 5358 323 5413 σεσθαι
350 5360 582 5430 μακροῖς
608 5357 836 5430 ὕστερον
863 5358 1095 5429 χρόνοις,
1118 5361 1212 5412 καὶ
1236 5360 1312 5422 ὡς
1333 5357 1494 5422 αὐτός
1522 5376 1708 5430 φησιν,

138 5450 220 5504 ἐπ’
251 5449 480 5520 ἐσχάτου
516 5449 628 5503 τῶν
654 5449 899 5523 ἡμερῶν.
935 5452 1046 5505 Καὶ
1076 5450 1251 5515 ἄλλως
1274 5450 1332 5504 δὲ
1365 5449 1434 5504 τὰ
1462 5451 1538 5515 ὠς
1573 5451 1712 5523 πρὸς

139 5541 228 5596 τὸν
268 5540 467 5596 Ἰούδαν
514 5542 781 5615 εἰρημένα
811 5543 911 5597 οὐκ
952 5543 1018 5598 ἂν
1062 5543 1299 5613 εὐλόγως
1338 5543 1712 5617 ἐφαρμόσαιεν

143 5633 216 5705 τῷ
245 5634 441 5707 πρώτῳ
472 5635 664 5707 ἐκείνῳ
694 5634 882 5706 ἀνδρί·
919 5637 980 5689 οὐ
1006 5636 1115 5705 γὰρ
1139 5637 1344 5689 ἐκεῖνον
1377 5634 1466 5691 τὸν
1509 5634 1708 5690 Ἰούδαν

1819 4434 1926 4490 mis
1955 4448 2018 4488 ea
2051 4444 2172 4504 quae
2201 4436 2255 4488 in
2290 4450 2542 4491 sermone
2563 4435 2733 4491 ,Ιοοοῦ
2766 4440 3140 4503 continentur,
3164 4440 3230 4495 ad
3264 4440 3407 4498 ﬁlios

1817 4525 2053 4581 dicentis
2082 4543 2095 4579 :
2137 4544 2155 4576 ι
2197 4524 2425 4580 Vocavit
2457 4533 2638 4580 autem
2677 4525 2847 4581 Jacob
2894 4526 3036 4582 filios
3065 4542 3198 4582 suos
3233 4539 3287 4582 et
3315 4529 3403 4582 di-

1819 4621 1917 4683 xit,
1946 4618 2391 4690 Congregamini,
2428 4632 2481 4675 et
2513 4621 2851 4675 annuntiabo
2888 4620 3046 4675 vobis
3074 4621 3205 4691 quid
3233 4637 3403 4676 even-

1817 4720 2001 4767 turum
2051 4713 2124 4768 sit
2150 4712 2309 4768 vobis
2351 4712 2407 4766 in
2455 4711 2650 4767 diebus
2701 4713 3052 4779 novissimis;
3102 4728 3404 4784 congrega-

1819 4806 1950 4860 mini
1985 4812 2041 4860 et
2086 4805 2292 4868 audite,
2341 4805 2434 4860 ﬁlii
2486 4804 2678 4869 Jacob,
2736 4806 2920 4860 audite
2972 4805 3136 4860 Israel
3186 4814 3398 4876 patrem

1814 4908 2077 4953 vestrum.
2117 4916 2136 4950 ι
2170 4895 2339 4952 Plane
2374 4896 2519 4951 enim
2553 4897 2610 4951 in
2657 4896 2745 4951 bis
2785 4897 3071 4967 pollicetur
3110 4912 3170 4952 se
3198 4885 3423 4967 praedi?

1814 5000 2032 5047 cturum
2067 4987 2149 5045 eis
2182 4989 2464 5060 quaeipsis
2491 4998 2753 5045 eventura
2793 4988 2906 5043 sint
2926 4989 3088 5058 longo
3118 4999 3239 5059 post
3265 4997 3399 5044 tem-

1812 5097 1946 5154 pore
1972 5088 2047 5145 et,
2073 5088 2131 5134 ut
2165 5081 2283 5151 ipse
2311 5081 2408 5146 ait,
2431 5081 2486 5135 in
2518 5081 2835 5137 novissimis
2863 5080 3057 5137 diebus
3082 5098 3096 5135 :
3132 5092 3395 5150 praeterea

1813 5176 1907 5229 illa
1956 5175 2074 5244 ipsa
2123 5187 2246 5244 qua;
2283 5174 2443 5243 quasi
2493 5173 2558 5228 ad
2597 5171 2795 5228 Judam
2850 5172 2997 5227 dicta
3050 5181 3203 5237 sunt,
3240 5173 3397 5228 nullo

1811 5264 1976 5320 modo
2030 5264 2086 5319 in
2128 5264 2307 5334 primo
2356 5264 2477 5317 viro
2522 5264 2928 5319 accommodari
2967 5272 3224 5335 possunt.
3270 5262 3392 5318 Non

1810 5358 1957 5414 enim
1988 5355 2183 5412 fratres
2211 5358 2298 5411 sui
2340 5354 2541 5411 ludam
2569 5356 2722 5411 illum
2756 5355 3153 5413 laudaverant:
3187 5363 3391 5412 etemm

1811 5462 1912 5518 pro
1939 5447 2139 5517 quibus
2186 5444 2406 5501 tandem
2444 5446 2708 5515 praeclare
2741 5447 2910 5515 gestis
2940 5446 3250 5502 debuerunt
3285 5447 3391 5501 hoc

1813 5539 2029 5596 facere?
2062 5537 2168 5594 Sed
2210 5553 2281 5593 ne
2313 5537 2618 5593 adorarunt
2659 5539 2880 5607 culidem
2915 5539 3068 5593 illum
3098 5537 3192 5592 filii
3217 5538 3391 5608 patris

1812 5632 1919 5689 sui.
1949 5630 2114 5703 37o
2143 5628 2327 5702 Longe
2357 5637 2538 5686 autem
2571 5632 2746 5703 magis
2789 5632 3075 5687 oraculum
3131 5629 3391 5687 conveni-
