3828 6220
452 250 557 303 διν
1125 242 1394 299 EUSEBII
1424 241 1903 298 CAESARIEN'SIS
1941 239 2093 297 OPP.
2145 238 2325 294 PARS
2365 239 2430 295 ll.
2456 271 2526 281 ——
2566 239 3069 298 APOLOGETICA.
3641 249 3737 302 580
3800 206 3801 273 ἶ

452 372 556 425 ret,
600 360 645 416 si
685 360 789 432 ipsi
842 360 1036 430 Ioseph
1088 360 1297 415 dictum
1348 371 1527 424 esset,
1575 356 1964 429 quandoquide

2227 372 2322 409 σαν
2360 356 2410 408 οἱ
2464 355 2697 424 ἀδελφοί.
2733 357 2854 409 Ἐπὶ
2899 356 3035 426 ποίῳ
3085 356 3194 428 γὰρ
3227 358 3393 412 αὑτοῦ
3444 363 3732 431 κατορῶ

451 456 598 510 hunc
627 455 743 525 ipse
768 452 938 509 Judas
980 468 1087 508 una
1133 469 1257 508 cum
1306 454 1534 524 reliquis
1580 452 1845 507 fratribus
1901 449 1963 503 ad

2223 464 2274 501 τι
2303 446 2459 500 τοῦτο
2486 447 2748 517 ἐποίησαν
2780 448 2880 513 av;
2922 449 3040 502 οὐδὲ
3083 449 3187 520 μὴν
3224 451 3419 523 ἐκείνῳ
3454 454 3732 522 προσεκύ-

451 559 609 601 rasse
637 545 976 613 perhibetur,
1021 547 1238 600 tametsi
1272 545 1325 599 id
1357 546 1532 614 ipsum
1560 553 1684 598 ante
1718 543 1880 613 hujus
1904 558 1963 612 pr

2219 553 2309 589 σαν
2345 538 2394 589 οἱ
2428 536 2532 588 υίοὶ
2582 537 2676 590 τοῦ
2727 538 2951 610 πατρός.
3010 538 3229 593 Μᾶλλον
3261 540 3307 592 δ’
3360 540 3428 594 ἂν
3477 543 3515 595 ὁ
3582 542 3731 608 λόγος

450 635 835 705 phetiaeyerba
861 655 874 689 :
901 635 1131 705 posthac
1171 636 1315 689 enim
1349 650 1417 688 ne
1446 635 1550 704 ipsi
1579 632 1802 703 quidem
1828 630 1962 700 Josej

2218 644 2411 696 μοσεν,
2449 630 2496 681 εἰ
2541 628 2619 699 τῷ
2661 630 2857 701 Ἰωσὴφ
2891 630 3114 702 εἴρητον
3164 631 3350 704 ἐπειδὴ
3390 632 3598 687 τοῦτον
3626 636 3730 707 ἅμα

450 727 561 779 tale
604 726 903 794 quidquam
949 725 1272 796 contigisse,
1319 739 1383 778 ac
1421 724 1592 777 multo
1638 723 1803 777 etiam
1845 722 1958 797 miri

2222 736 2248 783 ς
2280 718 2486 783 λοιποῖς
2514 721 2761 791 ἀδελφοῖς
2789 722 2883 775 καὶ
2911 722 3073 785 αὐτὸς
3112 723 3312 788 Ἰούδας
3340 728 3732 796 προσκυνήσας

452 813 553 882 ipsi
581 811 738 876 Juda,
765 814 993 869 historia
1015 813 1306 884 significat.
1332 812 1395 867 Et
1423 813 1553 867 illud
1583 828 1596 863 :
1630 830 1649 864 ι
1684 811 1961 867 Recumbe

2221 813 2388 865 ίνεται
2409 830 2422 843 ⁸
2453 812 2593 883 πλὴν
2616 813 2752 867 ἀλλὰ
2775 814 2881 886 πρὸ
2906 814 3015 867 τῶν
3037 815 3209 883 λόγων
3239 816 3338 888 τῆς
3364 819 3730 888 προφητείας.

452 912 633 959 autem
661 903 967 960 dormivisti
1006 913 1064 958 ut
1095 906 1200 967 leo,
1230 912 1285 959 et
1325 911 1385 957 ut
1426 905 1663 967 catulus,
1710 923 1727 955 ι
1767 903 1964 971 majore

2222 904 2289 957 τὰ
2322 904 2430 975 γὰρ
2454 904 2678 967 τούτους
2710 906 2863 959 οὐδέν
2900 924 2954 960 τι
3001 906 3273 972 τοιοῦτον,
3306 907 3430 961 οὐδὲ
3466 910 3613 980 περὶ
3651 911 3733 961 τὴν

451 1011 585 1050 sane
635 996 997 1065 postulaverit
1043 996 1590 1068 contemplationem,
1633 1010 1796 1066 quam
1849 1009 1913 1048 ea
1957 1011 1963 1046 ε

2219 995 2367 1067 ›σῆφ,
2391 997 2531 1066 ﬁmo
2571 1012 2634 1064 γε
2663 999 2792 1069 περὶ
2823 997 2913 1051 τὸν
2945 997 3144 1052 Ἰούδαν
3172 1001 3392 1069 γεγονὸς
3432 1003 3467 1072 ἠ
3520 1002 3731 1073 ἱστορία

449 1102 572 1157 ηοω
592 1085 786 1141 ludam
818 1088 1095 1157 respiciat.
1117 1086 1259 1153 Quin
1284 1088 1447 1141 etiam
1479 1086 1612 1141 illud
1630 1085 1775 1156 quod
1810 1092 1934 1155 post

2221 1087 2450 1158 ρίστησι.
2466 1088 2576 1140 Καὶ
2604 1088 2685 1152 τὸ,
2706 1109 2724 1139 ι
2747 1088 3062 1143 Ἀναπεσὼν
3087 1090 3142 1144 δὲ
3163 1092 3467 1163 ἐκοιμήθης
3485 1093 3577 1155 ὡς
3601 1093 3733 1145 λέων

449 1179 657 1233 dictum
686 1186 770 1234 est
805 1195 818 1230 :
848 1197 866 1230 ι
904 1178 1019 1232 Non
1046 1178 1261 1233 deficiet
1291 1179 1545 1246 princeps
1570 1177 1636 1229 de
1661 1174 1822 1238 Juda,
1850 1190 1957 1245 neq

2219 1193 2228 1228 ι
2248 1177 2324 1241 ὡς
2343 1177 2603 1248 σκύμνος,
2633 1197 2651 1228 ι
2664 1179 2906 1248 μείζονος
2925 1178 2990 1233 ἂν
3004 1180 3221 1253 δέοιτοῆ
3243 1183 3383 1237 κατὰ
3402 1190 3498 1237 τὸν
3530 1183 3731 1237 Ἰούδαν

448 1273 559 1327 dux
590 1271 657 1325 de
690 1269 989 1325 femoribus
1023 1271 1164 1338 ejus,
1204 1270 1378 1323 donec
1409 1268 1631 1323 veniant
1658 1283 1779 1339 quae
1807 1267 1910 1336 ipsi
1941 1283 1960 1319 r

2222 1270 2390 1341 ορίας.
2427 1269 2589 1322 Ἀλλὰ
2621 1271 2715 1323 καὶ
2745 1271 2807 1323 τὸ
2850 1271 2985 1341 μετὰ
3018 1271 3190 1326 ταῦτα
3217 1274 3553 1345 εἰρημένονο
3581 1293 3602 1326 ι
3628 1274 3734 1327 Ούκ

448 1363 628 1435 posita
658 1371 807 1427 sunt,
836 1372 889 1417 et
918 1363 1036 1432 ipse
1065 1361 1401 1431 exspectatio
1428 1361 1694 1431 gentium,
1729 1379 1746 1410 ι
1780 1367 1960 1428 tempo

2217 1360 2373 1429 ιεξψει
2423 1361 2606 1432 ἄρχων
2642 1362 2701 1428 ἐξ
2753 1362 2955 1428 Ἰούδα,
3002 1363 3124 1417 οὐδὲ
3167 1365 3475 1435 ἡγούμενος
3522 1366 3597 1417 ἐκ
3626 1364 3729 1416 τῶν

448 1453 584 1507 mihi
628 1452 938 1523 significare
969 1453 1182 1508 videtur
1210 1453 1351 1520 ejus,
1384 1452 1450 1505 de
1489 1466 1596 1521 quo
1630 1450 1956 1520 proplietial

2220 1453 2326 1523 ρῶν
2356 1453 2540 1516 αὐτοῦ,
2575 1454 2679 1517 ἕως
2704 1453 2768 1507 ἂν
2793 1454 2922 1530 ἔλθῃ
2953 1455 3021 1509 τὰ
3052 1457 3389 1527 ἀποκείμενα
3428 1457 3616 1527 αὐτῷ,
3644 1458 3729 1509 καὶ

447 1544 656 1615 quitur,
689 1542 975 1597 adventus.
1011 1541 1124 1596 Hoc
1148 1543 1317 1605 enim,
1337 1542 1535 1611 inquit,
1558 1557 1668 1594 non
1697 1540 1819 1602 erit,
1852 1541 1957 1595 don

2216 1543 2295 1605 τὸς
2341 1543 2636 1614 προσδοκία
2670 1543 2867 1610 ἐθνῶν,
2900 1566 2919 1598 t
2964 1548 3091 1611 τοὺς
3123 1547 3350 1618 χρόνους
3383 1547 3728 1601 αἰνίττεσθαέ

447 1635 583 1689 illud
607 1634 855 1700 eveniat;
887 1648 1061 1703 neque
1088 1634 1233 1688 enim
1267 1634 1421 1703 prius
1439 1632 1689 1687 desinent
1721 1631 1774 1685 in
1797 1630 1953 1686 Judai

2215 1633 2394 1687 ιδοκεῖ
2414 1634 2513 1705 τῆς
2544 1634 2640 1688 τοῦ
2690 1638 3165 1709 προφητευομένου
3216 1640 3550 1710 παρουσίας.
3600 1640 3727 1692 Τόδε

448 1741 607 1797 gente
657 1727 934 1796 principes
985 1741 1050 1780 ac
1105 1727 1297 1790 duces,
1340 1741 1503 1796 quam
1559 1726 1800 1795 gentium
1845 1727 1960 1781 veni

2213 1744 2255 1798 ρ,
2304 1730 2487 1797 φησὶν,
2527 1730 2629 1781 οὐκ
2678 1729 2854 1794 ἔσται,
2892 1730 3000 1784 ἔστ’
3043 1732 3108 1785 ἂν
3151 1732 3360 1800 γένοιτο
3391 1732 3556 1785 τόδε·
3611 1732 3725 1784 σίρνὲ

447 1819 805 1888 exspectatio,
835 1827 890 1872 et
917 1834 1038 1888 qua:
1053 1818 1292 1887 reposita
1316 1823 1444 1873 sunt
1465 1816 1512 1871 ei
1539 1817 1606 1871 de
1632 1833 1742 1887 quo
1765 1818 1959 1887 proplu'

2216 1836 2237 1891 ρ
2267 1820 2529 1891 πρότερον
2563 1821 2861 1876 παύσονται
2893 1823 2988 1877 τοῦ
3026 1824 3292 1877 Ἰουδαίων
3317 1823 3508 1887 ἐθνους
3532 1823 3728 1894 ἄρχον-

448 1915 710 1983 loquitur.
743 1912 870 1967 Haec
919 1922 1103 1966 autem
1154 1911 1523 1981 interpretans
1556 1910 1917 1976 Theodotion,

2213 1928 2219 1968 :
2265 1912 2359 1964 καὶ
2415 1912 2796 1985 ὴγούμενοι,ἦ
2846 1915 2945 1986 τὴν
2986 1915 3092 1968 τῶν
3156 1915 3326 1969 ἐθνῶν
3385 1916 3725 1988 προσδοκίαν

448 2009 584 2077 ipsis
610 2006 749 2059 LXX
784 2021 891 2059 non
914 2004 1114 2058 differt.
1151 2001 1347 2072 Aquila
1376 2018 1505 2057 vero
1537 2003 1591 2056 in
1623 2003 1769 2057 hunc
1806 2003 1960 2057 modu

2207 2003 2335 2067 δεῖν,
2403 2005 2498 2057 καὶ
2567 2004 2636 2059 τὰ
2704 2007 3040 2077 ἀποκείμενα
3099 2007 3179 2078 τῷ
3230 2007 3719 2080 προφητευσμένῳ.

448 2099 722 2168 exposuit,
754 2117 772 2148 ι
806 2113 915 2152 ηοη
960 2095 1320 2150 suscitabitur
1367 2104 1641 2163 sceptrum
1679 2095 1746 2150 de
1789 2093 1948 2160 Juda,

2291 2112 2316 2148 ιι
2342 2094 2397 2148 δὲ
2424 2097 2626 2167 ὁμοίως
2657 2100 2767 2161 τοῖς
2811 2098 3209 2170 Ἑϐδομήκοντα
3239 2101 3332 2152 καὶ
3359 2102 3389 2153 ὁ
3419 2098 3723 2153 Θεοδοτίων
3799 2100 3803 2177 ξ

449 2187 543 2256 qui
570 2187 843 2257 exquisite
883 2194 1181 2256 cognoscat
1213 2185 1280 2239 de
1312 2186 1494 2239 medio
1530 2186 1728 2255 pedum
1760 2188 1902 2256 ejus,
1930 2187 1961 2240 d

2208 2186 2492 2255 μήνευσεν.
2531 2188 2587 2237 '0
2637 2187 2694 2240 δὲ
2736 2187 2968 2252 Ἀκύλας
3007 2189 3194 2242 τοῦτον
3239 2188 3469 2257 ἐξέδωκε
3503 2192 3605 2245 καὶ
3636 2190 3720 2243 τὸν

449 2295 550 2335 nec
600 2280 785 2334 veniat
833 2290 889 2335 et
924 2280 1041 2349 ipsi
1089 2279 1439 2349 congregatio
1482 2280 1828 2348 populorum.
1868 2300 1888 2333 ›
1926 2278 1961 2333 L‘

2202 2276 2356 2329 ύπον·
2402 2296 2422 2329 ι
2459 2278 2573 2332 Οὐκ
2612 2280 2974 2350 ἀναστήσεται
3015 2281 3293 2353 σκῆπτρον
3345 2281 3455 2334 ἀπὸ
3522 2283 3714 2347 Ἰούδα,

448 2387 573 2426 cum
595 2370 828 2432 dicatur,
870 2390 886 2421 ι
919 2386 1028 2423 non
1059 2369 1269 2424 deficiet
1297 2370 1551 2441 princeps
1578 2370 1645 2426 de
1673 2370 1832 2434 Juda,
1868 2391 1885 2422 ι
1926 2370 1958 2424 li

2202 2368 2223 2419 l.
2249 2366 2680 2440 ὰκριόαζόμενος
2711 2370 2818 2423 ἀπὸ
2852 2370 3053 2441 μεταξὺ
3087 2371 3263 2424 ποδῶν
3289 2371 3479 2435 αὐτοῦ,
3510 2373 3625 2436 ἕως
3654 2373 3714 2426 ἂν

449 2463 578 2517 item
612 2461 681 2516 de
711 2462 833 2530 ipso
869 2460 962 2512 illo
1000 2460 1173 2528 primo
1199 2458 1339 2513 Juda
1368 2475 1476 2513 non
1511 2467 1724 2530 oportet
1754 2459 1961 2529 acciper

2200 2458 2259 2531 θῃ
2285 2460 2377 2511 καὶ
2401 2459 2548 2531 αὐτῷ
2576 2460 2828 2531 σύστημα
2854 2462 3016 2515 λαῶν.
3039 2482 3056 2511 ι
3082 2463 3252 2516 Ἔνθα
3271 2463 3576 2534 λεγομένου
3600 2464 3712 2523 τοῦ,

448 2557 591 2611 sicut
623 2568 726 2607 nec
754 2551 908 2614 illud,
935 2569 953 2601 ι
980 2549 1140 2614 Juda,
1171 2561 1222 2604 te
1248 2550 1548 2604 laudabunt
1579 2550 1773 2606 fratres
1802 2551 1902 2608 tui.
1938 2570 1955 2603 ι

2197 2549 2292 2602 )ύκ
2325 2549 2563 2619 ἐκλείψει
2595 2550 2777 2622 ἄρχων
2800 2551 2862 2616 ἐξ
2895 2549 3086 2616 Ἰούδα,
3117 2572 3134 2604 ι
3171 2553 3334 2606 πάλιν
3362 2555 3425 2606 οὐ
3457 2553 3596 2625 περὶ
3622 2552 3709 2605 τοῦ

448 2660 570 2716 quae
602 2651 929 2714 sequuntur,
972 2642 1039 2695 ad
1072 2641 1325 2696 eumdem
1359 2641 1511 2695 illum
1542 2642 1734 2696 referri
1762 2658 1960 2712 possun

2199 2642 2331 2706 δύδα,
2360 2644 2522 2697 αὐτοῦ
2557 2644 2619 2715 δὴ
2652 2646 2861 2699 ἐκείνου
2886 2646 2980 2698 τοῦ
3011 2644 3231 2718 πρώτου
3256 2646 3448 2718 ἀνδρὸς
3496 2646 3711 2699 ἀκούειν

448 2737 639 2793 multis
665 2736 811 2791 enim
852 2734 1069 2789 sarculis
1099 2734 1375 2803 principes
1402 2748 1466 2787 ac
1501 2732 1671 2789 duces
1703 2735 1757 2787 in
1801 2732 1958 2788 Judai

2194 2736 2309 2805 ήσει
2333 2775 2347 2799 ,
2382 2735 2570 2807 ὥσπερ
2603 2737 2848 2802 οὐδὲτὸ,
2892 2756 2912 2788 ι
2963 2736 3152 2801 Ἰούδα,
3191 2738 3251 2790 σέ
3300 2738 3613 2792 αἱνέσουσιν
3663 2739 3706 2789 οξ

445 2838 603 2901 gente
636 2828 988 2890 exstiterunt,
1022 2827 1115 2896 qui
1148 2827 1216 2880 de
1244 2827 1390 2882 illius
1419 2828 1519 2882 viri
1554 2842 1752 2897 genere
1800 2827 1957 2896 profel

2192 2825 2480 2895 ἰελφοίσου,
2515 2846 2532 2878 ι
2568 2829 2662 2882 καὶ
2702 2829 2771 2882 τὰ
2803 2827 2953 2899 ἑξῆς,
2979 2829 3063 2881 ἐπ’
3113 2830 3325 2883 ἐκεῖνον
3363 2831 3704 2901 ἀναφέροιτο.

449 2941 562 2979 non
592 2932 741 2979 sunt.
777 2921 996 2977 Primus
1045 2937 1284 2991 namque
1332 2922 1450 2991 ipse
1483 2920 1662 2976 Moses
1695 2921 1802 2975 dux
1844 2935 1961 2990 popl

2192 2918 2410 2982 ιείστοις
2445 2918 2488 2971 δ’
2516 2915 2608 2972 οὖν
2650 2920 2862 2991 χρόνοις
2888 2921 3150 2993 ἄρχοντες
3170 2922 3264 2974 καὶ
3296 2922 3430 2992 ἡγού
3439 2938 3598 2992 μενοι
3620 2919 3704 2972 τοῦ

449 3014 572 3081 fuit,
605 3019 696 3086 qui
721 3032 829 3070 non
851 3015 919 3070 de
945 3014 1106 3079 Juda,
1141 3016 1237 3070 sed
1262 3014 1329 3069 de
1352 3012 1480 3069 Levi
1503 3021 1666 3068 natus
1694 3020 1806 3080 est;
1831 3012 1955 3068 dein

2192 3009 2414 3062 ou6a£wv
2446 3008 2632 3073 ἔθνους
2687 3010 3061 3082 κατέστησαν,
3112 3012 3213 3065 οὐκ
3258 3013 3323 3065 ἐκ
3359 3012 3460 3083 τῆς
3504 3013 3704 3066 ἐκείνου

448 3069 579 3162 Iesu
613 3069 681 3161 de
724 3069 871 3161 tribu
908 3069 1163 3177 Ephrem,
1198 3113 1321 3177 post
1343 3122 1504 3176 quem
1536 3104 1747 3177 praefuit
1781 3069 1960 3159 bebbo

2192 3101 2221 3154 ὖ
2252 3101 2443 3172 ἀνδρὸς
2467 3069 2737 3172 διαδοχῆς.
2765 3069 2988 3173 Πρῶτος
3015 3069 3112 3173 μὲν
3145 3101 3254 3173 γὰρ
3281 3069 3528 3173 Μωῦισῆς
3556 3103 3704 3165 αὐτὸς

448 3198 519 3252 dc
557 3198 703 3251 tribu
730 3197 860 3251 item
890 3196 1151 3266 Ephrem,
1196 3205 1251 3252 et
1276 3196 1448 3251 Barac
1481 3196 1549 3252 de
1575 3197 1721 3251 tribu
1749 3194 1960 3265 Nephth

2187 3194 2369 3263 νήσατο
2405 3191 2497 3245 τοῦ
2549 3192 2702 3257 λαοῦ,
2740 3193 2814 3264 μὴ
2855 3195 2920 3246 ἐκ
2964 3192 3058 3247 τοῦ
3112 3194 3318 3258 Ἰούδα,
3368 3195 3483 3247 ἀλλ’
3516 3197 3583 3248 ἐκ
3618 3192 3699 3248 τοῦ

449 3292 567 3356 lim,
613 3299 738 3361 post
787 3306 925 3359 quos
966 3290 1186 3346 Gedeon
1218 3291 1286 3346 de
1314 3292 1459 3347 tribu
1510 3290 1781 3359 Manasse,
1828 3290 1961 3345 deini

2187 3282 2257 3338 ευτ
2290 3283 2548 3354 γεγονώς.
2583 3281 2717 3339 Εἶτα
2752 3284 2959 3357 Ἰησοῦς
2993 3286 3057 3339 ἐκ
3090 3285 3263 3356 φυλῆς
3300 3286 3567 3357 Ἐφραὶμ,
3596 3286 3699 3357 μεθ’

452 3382 595 3438 filius
634 3381 877 3448 Gedeon,
917 3393 973 3438 et
1006 3394 1128 3454 post
1158 3385 1306 3439 hunc
1334 3383 1508 3438 Thola
1544 3383 1612 3439 de
1635 3384 1822 3439 eadem
1856 3383 1961 3437 trib

2231 3372 2398 3448 ἦρξεν
2438 3378 2616 3432 αὐτῶν
2654 3376 2914 3450 Δεΰΰὼρα
2967 3381 3031 3432 ἐκ
3065 3378 3237 3450 φυλῆς
3303 3380 3586 3451 Ἐφραὶμ,
3619 3381 3699 3433 καὶ

449 3485 638 3545 postea
663 3474 877 3531 Esebon
902 3491 968 3530 ex
991 3476 1329 3549 Bcthlehem,
1361 3483 1415 3531 et
1446 3482 1569 3546 post
1598 3476 1744 3529 hunc
1772 3476 1931 3530 Ailon
1958 3501 1961 3522 ‹

2187 3468 2314 3542 ιρὰκ
2351 3471 2415 3522 ἐκ
2458 3470 2632 3540 φυλῆς
2676 3470 3023 3542 Νεφθαλείμο
3075 3470 3191 3541 μεθ’
3249 3469 3344 3534 οὓς
3391 3471 3603 3524 Γεδεὼν
3644 3474 3699 3525 ἐκ

448 3570 593 3624 tribu
627 3568 911 3637 Zabulon;
946 3569 1092 3624 hunc
1131 3577 1353 3625 secutus
1401 3579 1484 3623 cst
1517 3567 1744 3622 Labdon
1775 3567 1843 3623 de
1872 3568 1960 3621 tril

2186 3560 2297 3630 ›λῆς
2354 3560 2655 3632 Μανασσῆ·
2712 3561 2900 3615 ἔπειτα
2944 3564 2973 3615 ὁ
3016 3562 3107 3616 τοῦ
3164 3562 3370 3615 Γεδεὼν
3415 3568 3571 3630 παῖς,
3617 3564 3698 3618 καὶ

448 3660 702 3730 Ephrem,
757 3662 953 3718 deinde
1009 3661 1279 3733 Sampson
1324 3661 1391 3718 de
1432 3663 1581 3717 tribu
1619 3661 1785 3729 Dan;
1832 3670 1960 3731 post

2187 3653 2245 3704 ;τ’
2279 3653 2441 3705 αὐτὸν
2467 3651 2623 3706 Θωλὰ
2647 3655 2712 3707 ἐκ
2752 3653 2922 3723 φυλῆς
2950 3654 3050 3724 τῆς
3089 3654 3286 3725 αὐτῆς·
3315 3654 3513 3708 ἔπειτα
3560 3658 3699 3709 Ἐσε-

445 3765 571 3803 cum
607 3751 726 3807 sine
752 3752 996 3823 principe
1024 3760 1231 3815 essent,
1273 3751 1485 3823 praefuit
1515 3754 1648 3824 ipsis
1691 3753 1808 3807 Ileli
1841 3769 1957 3808 sace

2186 3762 2232 3797 ›ν
2266 3746 2331 3798 ἐκ
2362 3744 2609 3816 Βηθλεέμ
2629 3763 2641 3776 ·
2683 3747 2777 3800 καὶ
2823 3745 2961 3817 μετὰ
2993 3745 3183 3799 τοῦτον
3211 3746 3386 3800 Αἰλὼν
3421 3749 3487 3802 ἐκ
3538 3749 3698 3818 φυλῆς

447 3841 549 3896 dos
578 3842 647 3898 de
676 3842 824 3897 tribu
854 3842 983 3898 Levi
1009 3861 1023 3897 :
1050 3844 1106 3897 hi
1136 3846 1319 3898 cuncti
1343 3844 1557 3914 judices
1587 3845 1681 3914 qui
1702 3844 1958 3913 judicaba

2185 3835 2432 3889 ιὸουλών·
2473 3836 2660 3890 ἔπειτα
2692 3836 2915 3892 Λαὸδὼν
2972 3840 3037 3890 ὲκ
3067 3838 3242 3908 φυλῆς
3283 3839 3526 3911 Ἐφραίμ
3550 3859 3567 3873 ·
3613 3841 3697 3893 καὶ

448 3935 619 3991 lsraei
639 3951 748 3990 non
773 3936 839 3990 de
865 3951 1062 4006 genere
1091 3937 1263 4007 ipsius
1285 3936 1444 4001 Juda,
1471 3937 1565 3992 sed
1596 3952 1660 3991 ex
1679 3937 1910 3991 diversis
1932 3944 1960 3989 t:

2183 3926 2277 3992 ἱθις
2294 3926 2532 3999 Σαμψὼν
2560 3930 2624 3982 ἐκ
2655 3929 2827 3999 φυλῆς
2848 3929 2985 3982 Δάν·
3013 3929 3202 3984 ἔπειτα
3230 3932 3497 4002 ἀναρχίας
3526 3931 3695 3987 αὐτῶν

448 4028 628 4083 bubus
652 4043 719 4083 ex
744 4029 850 4082 alia
881 4030 1024 4084 alius
1052 4030 1295 4094 oriundi,
1328 4038 1382 4083 ct
1406 4031 1498 4098 qui
1528 4035 1652 4099 post
1683 4028 1782 4083 hos
1810 4029 1960 4097 primi

2188 4021 2435 4092 νομένης,
2487 4022 2673 4091 ἠγεῖτο
2722 4020 2902 4073 αὐτῶν
2940 4020 3090 4074 Ἢλεῖ
3126 4025 3155 4075 ὁ
3206 4024 3384 4094 ἱερεὺς
3430 4026 3497 4079 ἐκ
3532 4026 3697 4096 φυλῆς

448 4119 593 4188 apud
618 4134 715 4175 eos
748 4121 953 4190 regiam
983 4121 1303 4190 dignitatem
1349 4121 1560 4189 accepit
1594 4118 1747 4186 Saul,
1780 4119 1847 4175 de
1876 4119 1960 4172 tri]

2183 4115 2283 4167 ευῒ·
2318 4109 2463 4166 οὗτοι
2496 4113 2698 4176 πάντες
2721 4115 2903 4186 κριταὶ
2930 4115 3212 4186 κρίναντες
3235 4116 3327 4169 τὸν
3359 4118 3580 4187 Ἰσραὴλ
3605 4120 3695 4172 οὐκ

448 4211 553 4265 fuit
601 4211 907 4282 Benjamin.
949 4212 1234 4280 Quomodo
1288 4212 1452 4284 igitur
1494 4212 1671 4268 illud:
1708 4230 1727 4263 ι
1767 4211 1887 4266 Non
1920 4212 1960 4267 dt

2182 4248 2184 4255 ,
2224 4206 2468 4275 διαδοχῆς
2503 4205 2689 4271 Ἰούδα,
2732 4206 2798 4259 ὲκ
2841 4206 3111 4279 διαφόρων
3134 4208 3190 4260 δὲ
3230 4208 3436 4277 φυλῶν,
3482 4212 3694 4266 ἄλλοθεν

450 4299 594 4354 fit-iet
647 4300 901 4370 princeps
966 4303 1034 4358 de
1099 4300 1275 4367 Juda,
1324 4317 1502 4370 neque
1555 4302 1666 4355 dux
1716 4300 1785 4357 de
1850 4301 1962 4356 femi

2181 4298 2275 4361 ,λος
2319 4297 2643 4367 γενόμενος·
2685 4299 2778 4350 καὶ
2824 4299 2853 4351 ὅ
2894 4316 2957 4367 γε
3024 4300 3162 4369 μετά
3210 4300 3438 4367 τούτους
3487 4304 3693 4376 πρῶτος

453 4391 607 4446 ribus
661 4391 805 4461 ejus,
859 4413 878 4446 ι
915 4402 974 4447 ut
1046 4395 1317 4464 quispiam
1384 4394 1615 4449 fortasse
1685 4395 1954 4464 putaverit

2175 4390 2300 4444 ϋτῶν
2355 4389 2676 4460 βασιλεύσας
2736 4392 2909 4446 Σαοὺλ
2963 4394 3029 4446 ἐκ
3088 4392 3258 4465 φυλῆς
3300 4391 3368 4465 ῆν
3423 4396 3687 4468 Βενιαμίν.

446 4480 605 4550 371
637 4482 703 4536 ad
732 4485 1006 4553 principes
1033 4489 1101 4540 de
1132 4487 1279 4541 tribu
1331 4485 1472 4541 Juda
1510 4502 1574 4541 ac
1613 4487 1781 4541 duces
1814 4487 1958 4543 refer

2177 4483 2239 4547 ὗς
2268 4478 2359 4536 οὖν
2401 4483 2483 4545 τὸ,
2518 4502 2538 4534 ι
2572 4485 2686 4536 Οὐκ
2729 4483 2970 4553 ἐκλείψει
3011 4484 3195 4556 ἄρχων
3236 4485 3297 4552 ἐξ
3346 4487 3540 4551 Ἰούδα,
3580 4488 3689 4542 οὐδὲ

447 4576 556 4635 tur,
582 4572 801 4640 quando
829 4573 1080 4627 videntur
1101 4590 1165 4628 ex
1217 4592 1326 4646 quo
1359 4584 1603 4646 tempore
1633 4585 1883 4633 mortuus
1932 4593 1959 4633 e

2172 4574 2413 4645 τούμενος
2436 4575 2501 4627 ἐκ
2526 4574 2633 4628 τῶν
2666 4574 2856 4646 μηρῶν
2880 4575 3045 4628 αὑτοῦ
3076 4576 3171 4647 (ὡς
3200 4577 3264 4631 ἄν
3293 4580 3684 4651 τιςῖοίηθείη),ι

445 4659 615 4717 Jacob
656 4663 785 4718 totis
814 4666 1205 4734 propemodum
1262 4669 1410 4722 mille
1437 4669 1617 4733 annis,
1667 4685 1777 4724 non
1816 4686 1882 4724 ex
1908 4688 1957 4724 υι

2170 4668 2206 4719 εὶ
2236 4668 2362 4731 τοὺς
2402 4667 2466 4720 ἐκ
2496 4666 2667 4736 φυλῆς
2712 4666 2880 4724 Ἰούδα
2916 4668 3183 4739 ἄρχοντας
3213 4669 3308 4722 καὶ
3352 4672 3682 4742 ἡγουμένους

446 4752 592 4807 tribu
635 4753 808 4823 ipsius
846 4754 986 4809 Juda
1019 4756 1244 4826 profecti
1272 4798 1287 4824 ,
1314 4759 1409 4814 sed
1435 4776 1502 4814 ex
1534 4754 1638 4815 alia
1675 4761 1815 4816 alius
1846 4777 1958 4830 usq!

2173 4757 2552 4828 »ενεχθήσεταμ
2591 4758 2680 4810 ὅτε
2715 4757 2995 4827 φαίνονται
3040 4758 3149 4812 ἀπὸ
3198 4759 3311 4812 τῶν
3342 4762 3553 4832 χρόνων
3598 4762 3685 4830 τῆς

448 4841 517 4896 ad
539 4849 783 4912 tempora
817 4844 1030 4900 David?
1053 4849 1197 4917 quod
1229 4850 1274 4903 si
1316 4860 1436 4920 post
1459 4859 1571 4905 tam
1605 4852 1806 4907 multos
1830 4861 1883 4907 et
1911 4851 1960 4905 D:

2175 4849 2205 4903 ὖ
2250 4849 2445 4903 Ἰακὼϐ
2478 4850 2735 4921 τελευτῆς
2760 4850 2903 4917 ὅλοις
2933 4850 3109 4904 ἔτεσιν
3146 4852 3316 4921 ἐγγύς
3356 4871 3463 4907 που
3509 4853 3686 4925 χιλίοις

445 4931 561 4994 vid,
593 4940 648 4987 et
680 4933 773 5002 qui
808 4935 909 5004 ipsi
936 4935 1102 4991 David
1130 4939 1183 4992 in
1207 4955 1376 5010 regno
1406 4941 1548 5011 apud
1579 4940 1861 4996 Judaicam
1885 4959 1957 5013 ge]

2170 4960 2214 4995 ικ
2260 4944 2322 4995 ἐκ
2368 4942 2533 5013 μόνης
2579 4942 2678 5013 τῆς
2722 4942 2895 4996 Ἰούδα
2936 4942 3110 5013 φυλῆς
3162 4944 3550 5016 προαχθέντες,
3582 4944 3682 4998 ἀλλ’

446 5031 554 5076 tem
579 5036 984 5093 successerunt,
999 5027 1065 5083 de
1083 5032 1225 5084 tribu
1252 5029 1389 5085 Juda
1414 5032 1528 5086 nati
1556 5042 1703 5098 sunt,
1734 5034 1956 5089 sciendu

2171 5033 2301 5085 »λοτε
2335 5033 2393 5097 ἐξ
2426 5034 2613 5105 ἄλλης,
2662 5033 2823 5105 μέχρι
2869 5033 2976 5087 τῶν
3023 5034 3189 5088 Δαδὶδ
3245 5036 3487 5105 χρόνων;
3535 5038 3595 5091 Εἰ
3633 5035 3683 5088 δέ

447 5120 629 5168 tamen
657 5115 756 5169 tibi
777 5124 881 5181 est,
917 5120 1063 5189 quod
1100 5121 1156 5174 hi
1198 5122 1396 5194 ipsine
1424 5131 1568 5180 totos
1598 5126 1818 5195 quidem
1851 5128 1959 5196 qui:

2169 5124 2256 5177 ετὰ
2276 5125 2396 5188 τοὺς
2427 5124 2712 5188 τοσούτους
2739 5127 2768 5177 ὁ
2793 5125 2955 5178 Δασιδ
2977 5127 3028 5179 οἵ
3050 5143 3111 5180 τε
3140 5128 3204 5182 ἐκ
3231 5127 3334 5196 τῆς
3370 5130 3561 5181 τούτου
3587 5128 3681 5181 δια-

444 5213 637 5274 gentos
668 5221 841 5263 annos
872 5210 1039 5265 totius
1069 5215 1245 5282 gentis
1277 5230 1504 5285 regnum
1558 5216 1804 5270 obtinere
1828 5224 1953 5286 potu

2168 5216 2270 5287 ιχῆς
2303 5215 2717 5285 βασιλεύσαντες
2746 5216 2841 5269 τοῦ
2883 5217 3150 5271 Ἰουδαίων
3190 5216 3379 5281 ἔθνους
3416 5220 3481 5271 ἐκ
3524 5216 3680 5287 φυλῆς

447 5306 596 5361 runt,
627 5299 722 5353 sed
753 5300 919 5354 trium
994 5300 1259 5359 duntaxat
1309 5307 1582 5374 tribuum,
1613 5322 1678 5360 ac
1726 5323 1794 5362 ne
1824 5307 1955 5360 haru

2165 5309 2399 5373 εγόνασιν
2440 5307 2629 5371 Ἰούδα,
2658 5307 2794 5361 ἀλλὰ
2831 5311 2933 5380 χρή
2969 5325 3029 5361 σε
3060 5308 3258 5367 εἰδέναι
3281 5309 3364 5362 ὅτι
3396 5309 3521 5363 οὐδὲ
3555 5308 3677 5367 ὅλοις

446 5390 666 5459 quidem
698 5393 994 5447 solidarum
1016 5434 1032 5459 ,
1061 5397 1262 5466 quippe
1290 5413 1415 5452 cum
1447 5399 1640 5454 iisdem
1676 5399 1958 5470 temporibl

2164 5398 2492 5462 πεντακοσίοις
2514 5398 2658 5452 ἔτεσι
2681 5400 2973 5470 διήρκεσαν
3001 5391 3168 5465 οὗτοι,
3190 5400 3252 5452 οὐ
3283 5399 3485 5462 παντὸς
3510 5398 3676 5456 ἔθνους

447 5480 539 5533 alii
580 5482 799 5550 quidam
832 5484 886 5537 in
919 5498 1068 5554 parte
1122 5489 1326 5560 gentis;
1356 5491 1641 5560 ampliore,
1681 5500 1736 5546 et
1778 5491 1834 5545 in
1884 5498 1959 5544 tot

2162 5488 2550 5553 ισιλεύσαντες,
2590 5488 2728 5542 ἀλλὰ
2774 5488 2948 5558 μόνων
2982 5488 3164 5557 φυλῶν
3202 5489 3394 5558 τριῶν,
3441 5488 3536 5541 καὶ
3572 5484 3674 5539 οὐδὲ

446 5586 638 5627 novem
699 5574 949 5630 tribubus
1000 5581 1384 5647 regnaverint:
1432 5598 1555 5637 nam
1602 5592 1725 5653 post
1784 5590 1956 5636 morte

2160 5590 2248 5632 [ων
2273 5579 2504 5633 τούτων·
2548 5578 2670 5633 καθ’
2715 5579 2809 5643 οὓς
2853 5579 3030 5653 ἕτεροί
3081 5596 3222 5642 τινες
3264 5579 3565 5649 ἐτύγχανον
3596 5574 3672 5631 τοῦ

450 5660 777 5732 Salomonis,
803 5681 923 5722 cum
958 5678 1067 5723 tota
1100 5686 1232 5740 gens
1257 5671 1321 5725 ab
1350 5670 1487 5727 Juda
1521 5674 1695 5730 divisa
1729 5674 1910 5741 fuerit,
1933 5673 1962 5740 il

2160 5672 2358 5735 λείονος
2387 5671 2591 5738 ἔθνους,
2623 5674 2714 5726 καὶ
2740 5673 2873 5727 ὅλων
2902 5689 2963 5741 γε
2998 5674 3156 5728 ἐννέα
3184 5672 3365 5743 φυλῶν
3406 5674 3506 5743 τὴν
3539 5671 3672 5742 βασι·
