3828 6220
176 265 288 321 581

1045 263 1701 321 ΒΕΜΟΝΞΤΒΑΤῙΟΝΙΞ
1740 261 2198 323 ΕΥΛΝΕΕΕΙΟᾸΞ
2233 267 2365 326 LIB.
2404 267 2537 325 Vill.

3350 281 3457 336 582

175 381 340 437 λείαν
366 382 641 446 διέποντες
660 399 673 412 '
707 381 847 454 μετὰ
872 382 980 453 γὰρ
1000 382 1097 454 τὴν
1125 382 1218 436 τοῦ
1251 382 1562 453 Σολομῶνος
1584 383 1769 436 τελευ-

1840 431 1847 441 ,
1875 383 1991 438 sius
2015 383 2181 439 David
2214 401 2564 442 successores
2583 387 2771 453 trium,
2809 399 2868 443 ut
2894 390 3483 462 dicebam,trihuuni,'

172 477 287 546 τὴν
335 474 698 543 διαιρεθέντος
744 474 839 527 τοῦ
889 475 1091 538 παντὸς
1132 474 1317 540 ἔθνους
1340 476 1399 543 ἐξ
1440 477 1628 541 Ἰούδα,
1676 476 1772 530 τοῦ

1877 492 1940 529 ac
1970 492 2037 531 ne
2066 478 2257 531 harum
2291 479 2512 548 quidem
2561 481 2857 536 solidarum
2889 484 2941 536 in
2964 484 3266 541 Jerusalem
3296 503 3454 559 reges

173 567 355 623 Δαϐὶῗ
386 568 616 638 διάδοχοι
655 568 843 638 τριῶν,
880 569 957 632 ὡς
988 568 1144 640 ἔφην,
1179 570 1286 623 οὐδ’
1309 571 1444 624 ὅλων
1475 570 1652 639 φυλῶν
1682 572 1774 626 ἐπὶ

1875 565 2094 619 fuerunt
2123 583 2297 635 usque
2326 567 2391 621 ad
2413 567 2797 639 Babylonicam
2822 573 3056 629 cladem.
3092 573 3293 632 Iisdem
3320 593 3453 635 vero

175 658 290 729 τῆς
330 658 686 731 Ἰερουσαλὴμ
708 658 1019 712 ἐϐασίλευον
1052 660 1211 731 μέχρι
1236 660 1335 730 τῆς
1366 664 1446 725 εἰς
1478 661 1771 716 Βαϐυλῶνα

1874 657 2211 727 temporibus
2258 658 2312 711 in
2347 658 2566 713 civitate
2613 674 2733 729 qua:
2789 671 3018 717 vocatur
3044 663 3316 733 Samaria,
3348 687 3452 725 no-

175 752 586 822 αίχμαλωσίας.
618 752 752 804 Κατ’
776 753 973 817 αὐτοὺς
999 752 1056 805 δὲ
1082 753 1172 805 ἐπὶ
1193 753 1401 816 τούτοις
1427 755 1519 807 ἐπὶ
1543 754 1643 825 τῆς
1664 756 1770 807 Σα-

178 841 424 912 μαρείας
454 838 600 894 οὕτω
626 841 965 912 καλουμένης
994 842 1221 907 πόλεως,
1250 843 1359 895 τῶν
1396 844 1552 898 ἐννέα
1590 844 1769 913 φυλῶν

175 932 480 1004 ἡγούμενοι
510 934 612 987 οὐκ
639 934 698 1000 ἐξ
739 934 930 997 Ἰούδα,
960 934 1074 988 ἁλλ’
1109 935 1169 1000 ἐξ
1209 935 1409 1008 ἐτέρων
1436 936 1616 1005 φυλῶν
1653 937 1769 990 ἐτε-

178 1039 269 1091 ροι
310 1023 637 1088 διετέλεσαν,
681 1017 757 1077 ὧν
799 1023 1017 1096 πρῶτος
1060 1020 1128 1097 ἦν
1162 1026 1443 1097 Ἱεροϐοάμ
1480 1028 1545 1080 ἐκ
1593 1029 1766 1098 φυλῆς

186 1112 455 1185 Ἐφραὶμ,
502 1115 595 1168 καὶ¹
627 1115 677 1169 οἱ
716 1115 952 1186 καθεξῆς
995 1118 1132 1186 μετὰ
1168 1117 1389 1171 τούτονο
1440 1118 1516 1182 ὡς
1548 1119 1667 1191 μηδ’
1707 1122 1765 1173 ἐν

168 1208 294 1266 τοῖς
326 1206 528 1277 μεταξὺ
563 1208 773 1278 χρόνοις
814 1212 926 1272 τοῖς
955 1208 1063 1263 ἀπὸ
1101 1209 1265 1263 Δαϐιδ
1290 1211 1384 1263 ἐπὶ
1420 1210 1516 1282 τὴν
1546 1213 1627 1276 είς
1660 1212 1765 1266 Βα-

170 1294 395 1352 ϐυλῶνα
423 1301 801 1370 αἰχμαλωσίαν
837 1302 965 1364 τοὺς
991 1303 1053 1354 ἐκ
1081 1301 1252 1373 φυλῆς
1290 1302 1462 1358 Ἰούδα
1489 1303 1582 1357 τοῦ
1629 1323 1762 1360 παν-

165 1392 268 1456 τὸς
300 1392 486 1456 ἔθνους
523 1392 854 1463 ἡγήσασθαι.
902 1393 966 1446 Τί
1000 1393 1081 1447 δεῖ
1120 1393 1318 1463 λέγειν,
1359 1396 1436 1456 ὼς
1483 1397 1619 1467 μετά
1662 1397 1760 1470 τὴν

168 1484 290 1537 ἀπὸ
324 1483 641 1547 Βαϐυλῶνος
676 1484 932 1537 ἐπάνοδον
964 1481 1120 1549 αὖθις
1151 1487 1291 1559 ὑπὲρ
1328 1487 1395 1540 τὰ
1432 1490 1758 1546 πεντακόσια

166 1575 269 1645 ἔτη
313 1574 474 1647 μέχρι
503 1576 600 1647 τῆς
638 1574 735 1628 τοῦ
768 1575 1005 1647 Χριστοῦ
1036 1577 1299 1646 γενέσεως
1330 1578 1633 1635 διετέλεσαν
1662 1599 1758 1635 πο-

169 1667 358 1740 λιτεία
388 1667 658 1739 χρώμενοι
685 1669 1133 1741 ἀριστοκρατικῇ,
1166 1670 1277 1724 τῶν
1322 1672 1419 1742 μὲν
1452 1674 1590 1728 κατά
1623 1676 1753 1747 χρό-

162 1774 302 1821 νους
331 1759 631 1829 ἀρχιερέων
670 1760 989 1831 ἡγουμένων
1013 1761 1107 1814 τοῦ
1136 1759 1340 1827 ἔθνους,
1374 1762 1586 1829 οὐδενὸς
1611 1766 1668 1819 δὲ
1691 1768 1755 1820 ὲκ

161 1850 270 1920 τῆς
322 1848 413 1903 τοῦ
466 1849 638 1905 Ἰούδα
687 1851 900 1923 φυλῆς;
942 1852 1083 1907 ὥστε
1134 1854 1192 1922 ἐξ
1238 1856 1493 1912 ἁπάντων
1551 1859 1754 1915 τούτων

163 1942 558 2012 παρίστασθαι,
611 1945 685 2015 μὴ
719 1946 812 1999 ἐπὶ
844 1946 934 1999 τὸν
964 1947 1181 2018 πρῶτον
1220 1950 1425 2003 ἐκεῖνον
1462 1951 1630 2026 ἄνδρα
1662 1954 1753 2008 τὸν

175 2034 405 2098 Ἰούδαν,
434 2036 567 2106 μηδὲ
601 2037 693 2090 ἐπὶ
721 2038 849 2102 τοὺς
893 2039 1165 2111 διαδόχους
1198 2042 1359 2096 αὐτοῦ
1387 2044 1752 2117 ἀναφέρεσθαι

158 2123 229 2177 τὸ
262 2125 471 2195 φάσκον
501 2127 711 2196 λόγιον·
754 2147 772 2180 ι
818 2130 932 2184 Ούκ
964 2132 1202 2201 ἐκλείψει
1230 2134 1413 2205 ἄρχων
1458 2134 1518 2200 ἐξ
1562 2137 1748 2201 Ἰούδα,

158 2217 291 2269 οὐδὲ
316 2217 617 2289 ἡγούμενος
644 2221 709 2273 ἐκ
737 2221 843 2275 τῶν
875 2223 1063 2294 μηρῶν
1104 2225 1301 2279 αὐτοῦ·
1334 2247 1353 2277 ι
1405 2228 1581 2297 μόνως
1610 2229 1655 2283 δ’
1685 2230 1751 2283 ἂν

161 2312 402 2383 συσταίη
431 2312 499 2365 τὰ
530 2315 671 2368 κατὰ
701 2315 793 2368 τὸν
821 2316 1003 2378 τόπον,
1034 2317 1082 2369 εί
1108 2317 1248 2371 κατὰ
1273 2320 1339 2373 τὰ
1362 2320 1595 2392 πρόσθεν
1617 2324 1749 2393 ἡμῖν

157 2403 558 2474 ἀποδεδομένα,
586 2407 713 2477 περὶ
739 2407 837 2478 τῆς
862 2406 1034 2477 φυλῆς
1061 2409 1277 2480 ἁπάσης
1299 2410 1549 2480 λέγεσθαι
1577 2413 1748 2467 ταῦτα

154 2495 480 2565 νοήσαιμεν.
513 2494 663 2567 Αὕτη
692 2497 821 2566 γοῦν
854 2499 1115 2570 ἀρχῆθεν,
1159 2499 1218 2566 ἐξ
1250 2503 1428 2556 αὐτῶν
1459 2504 1569 2558 τῶν
1608 2506 1749 2560 κατὰ

155 2587 407 2640 Μωῦσέα
433 2588 662 2658 χρόνων,
686 2589 781 2642 τοῦ
811 2592 1012 2655 παντὸς
1053 2592 1240 2657 ἔθνους
1278 2595 1522 2665 ἡγήσατο
1544 2612 1559 2629 ⁸
1607 2598 1747 2653 κατὰ

152 2679 298 2748 γοῦν
324 2680 425 2752 τὴν
447 2680 651 2751 ταύτης
686 2683 1060 2754 ἐπικράτειαν,
1094 2684 1169 2748 ὡς
1209 2684 1275 2739 ἂν
1317 2686 1556 2757 ἀρχῆθεν
1593 2688 1745 2758 ἡγεῖ-

155 2770 291 2826 σθαι
309 2773 829 2845 προκεχειρισμένης
858 2774 961 2827 ὑπὸ
983 2774 1077 2828 τοῦ
1101 2776 1256 2841 Θεοῦ,
1294 2778 1521 2832 Ἰουδαία
1548 2796 1607 2832 τε
1636 2782 1747 2833 είσ-

154 2866 244 2917 έτι
310 2864 407 2918 νῦν
435 2865 544 2918 ἀπὸ
574 2866 673 2937 τῆς
700 2866 872 2938 φυλῆς
893 2867 928 2937 ἤ
959 2883 1022 2935 γε
1062 2866 1213 2940 χώρα
1254 2869 1626 2941 ἐπικέκληται,
1650 2873 1745 2925 καὶ

152 2954 222 3007 τὸ
257 2955 370 3007 πᾶν
413 2953 588 3008 αὐτῶν
638 2954 893 3025 σύστημα
944 2955 1211 3010 Ἰουδαίων
1255 2957 1741 3028 προσαγορεύεται.

153 3044 323 3099 Οὕτω
349 3045 526 3099 τοίνυν
558 3047 852 3117 νοήσαιμεν
880 3046 941 3100 τὺ
964 3046 1275 3117 λεγόμενον,
1309 3048 1383 3112 ὡς
1407 3051 1455 3102 εἰ
1484 3050 1743 3118 σαφέστε-

154 3156 255 3210 ρον
300 3138 514 3207 ἔλεγεν
552 3139 666 3192 Ούκ
697 3139 936 3208 ἐκλείψει
977 3140 1072 3194 τοῦ
1107 3141 1305 3204 παντὸς
1349 3141 1534 3205 ἔθνους
1574 3145 1741 3214 ἡγουο

153 3230 301 3300 μένη
327 3232 360 3299 ἡ
381 3229 476 3283 τοῦ
493 3231 660 3284 ’ἰούδα
684 3231 845 3303 φυλή.
865 3234 923 3286 '0
941 3231 1072 3301 γοῦν
1094 3232 1410 3304 Σύμμαχος,
1436 3253 1455 3284 ι
1493 3235 1553 3288 ού
1585 3253 1740 3307 περι..

148 3321 526 3395 αιρεθήσεται,
578 3324 764 3395 φησὶν,
796 3323 1009 3389 ἐξουσία
1040 3324 1147 3379 ἀπὸ
1203 3324 1390 3389 Ἰούδα,
1420 3345 1439 3378 ι
1489 3325 1551 3380 τὸ
1586 3326 1739 3394 ἐξου-

150 3414 439 3468 σιαστικὺν
461 3415 633 3486 δήπου
668 3416 761 3469 καὶ
786 3415 1011 3489 ἀρχικὸν
1038 3416 1255 3487 ἀξίωμα
1280 3418 1380 3488 τῆς
1408 3417 1544 3488 μετά
1566 3418 1737 3473 ταῦτα

146 3508 471 3579 ὑποστάσης
496 3507 590 3561 τοῦ
631 3508 796 3562 Ἰούδα
837 3508 1009 3580 φυλῆς
1038 3510 1329 3582 παριστάς.
1361 3510 1576 3583 Ταύτης
1606 3512 1737 3581 γοῦν

144 3597 275 3651 οὔτε
317 3598 378 3651 τὸ
405 3599 702 3670 σκῆπτρον,
733 3598 809 3663 ὡς
835 3601 865 3652 ὁ
903 3599 1133 3665 Ἀκύλας
1158 3602 1290 3671 φησὶ
1338 3600 1357 3672 (
1376 3600 1657 3674 βασιλικῆς
1681 3603 1736 3657 δὲ

146 3691 317 3744 τοῦτο
352 3689 619 3762 σύμϐολον
660 3686 727 3762 ἦν
752 3690 969 3763 ἀρχῆς),
1000 3692 1123 3746 οὕτε
1161 3693 1259 3764 τὴν
1293 3693 1559 3760 ἐξουσίαν,
1595 3696 1736 3749 κατὰ

142 3783 241 3838 τὸν
283 3782 599 3853 Σύμμαχον,
635 3783 1146 3855 περιαιρεθήσεσθαι
1172 3784 1435 3850 θεσπίζει,
1473 3807 1492 3839 ‹
1535 3786 1637 3850 ἕως
1668 3787 1732 3841 ἂν

144 3872 302 3944 ἔλθῃ,
343 3874 531 3944 φησὶν,
571 3867 616 3941 ᾧ
647 3873 954 3940 ἀπόκειται,
988 3894 1007 3926 ι
1044 3876 1139 3929 καί⁵
1183 3876 1346 3929 αὐτὸν
1376 3876 1593 3932 ἔσεσθαι
1624 3878 1731 3933 τῶν

142 3964 320 4018 ἐθνῶν
354 3966 701 4036 προσδοκίαν.
749 3965 916 4020 Ποίαν
949 3966 1152 4037 ταύτην
1199 3968 1524 4039 προσδοκίαν
1559 3969 1592 4040 ἤ
1632 3968 1731 4040 τὴν

142 4057 318 4110 πάλαι
365 4056 446 4126 τῷ
482 4056 733 4129 Ἀϐραὰμ
766 4060 860 4112 καὶ
903 4062 1015 4122 τοῖς
1049 4060 1167 4129 μετ’
1203 4059 1364 4114 αὐτὸν
1394 4062 1730 4135 προπάτορσι

142 4146 694 4219 κεχρηματισμένην;
720 4147 942 4219 Πρῶτον
974 4149 1073 4220 μὲν
1101 4144 1193 4203 οὖν
1226 4149 1526 4221 θαυμάζειν
1557 4152 1725 4219 ἄξιον,

138 4240 317 4303 ὅπως,
348 4238 555 4293 δώδεκα
581 4241 758 4294 οὐσῶν
791 4239 898 4294 τῶν
939 4244 1069 4313 παρ’
1111 4242 1380 4314 Ἑϐραίοις
1425 4244 1628 4314 φυλῶν,
1667 4246 1727 4313 ἐξ

136 4330 403 4401 οὐδεμιᾶς
431 4329 596 4399 ἄλλης
624 4330 657 4402 ἢ
687 4331 794 4384 ἀπὸ
826 4331 992 4402 μόνης
1021 4331 1118 4402 τῆς
1152 4332 1322 4387 Ἰούδα
1352 4337 1385 4406 ἡ
1415 4333 1509 4387 τοῦ
1542 4335 1726 4399 ἔθνους

1870 761 1989 799 veru
2015 747 2255 801 tribuum
2291 748 2460 804 duces
2484 764 2592 803 non
2633 750 2701 805 de
2724 753 2869 807 tribu
2902 753 3063 820 Juda,
3099 758 3194 812 sed
3224 773 3290 814 ex
3324 760 3450 815 aliis

1870 837 1962 891 alii
1993 838 2326 894 exstiterunt
2362 859 2376 894 :
2410 856 2641 911 quorum
2667 843 2875 913 primus
2921 845 3207 903 Jeroboam
3233 850 3354 914 fuit,
3381 851 3450 907 de

1868 930 2015 984 tribu
2049 930 2308 1002 Ephrem,
2341 948 2405 987 ac
2435 934 2693 1004 deinceps
2719 936 2812 1003 qui
2850 937 2995 992 hunc
3059 942 3234 996 secuti
3291 953 3443 1007 sunt,

1867 1028 1928 1073 ut
1954 1036 2024 1076 ne
2043 1023 2239 1104 mediis
2286 1022 2508 1093 quidem
2544 1027 2882 1095 temporibus
2904 1043 2934 1081 a
2968 1028 3137 1085 David
3173 1049 3345 1104 usque
3373 1036 3444 1090 ad

1866 1102 2082 1183 tempth
2115 1129 2223 1184 quo
2255 1114 2309 1168 in
2350 1113 2680 1185 Babylonem
2710 1119 2913 1186 captivi
2966 1119 3115 1175 ducti
3160 1102 3312 1187 sunt,
3346 1125 3442 1179 ulli

1863 1204 1933 1259 de
1962 1205 2105 1259 tribu
2132 1205 2273 1261 Juda
2294 1208 2569 1261 universae
2589 1208 2734 1277 genti
2769 1208 3105 1277 prmfucriut.
3143 1213 3315 1269 Porro
3335 1229 3440 1270 au-

1862 1302 1972 1350 tem
1997 1298 2126 1367 quid
2159 1300 2451 1357 dicendum
2490 1310 2596 1369 est,
2634 1306 3090 1376 quemadmodum
3144 1313 3268 1377 post
3298 1307 3442 1364 redi-

1861 1394 1978 1442 tum
2005 1388 2073 1444 de
2119 1388 2392 1461 Babylone
2435 1408 2629 1450 rursus
2665 1397 2979 1467 quingentis
3011 1398 3171 1454 annis
3201 1397 3440 1468 amplius

1860 1494 2034 1549 usque
2063 1481 2129 1535 ad
2153 1481 2360 1540 Christi
2409 1492 2587 1540 ortum
2623 1488 2857 1542 vixerint
2895 1504 2962 1544 eo
2998 1496 3145 1545 statu
3195 1489 3434 1544 civitatis

1859 1578 2095 1637 utentes,
2128 1573 2182 1627 iu
2212 1589 2322 1643 quo
2367 1577 2470 1630 soli
2520 1579 2813 1647 optimates
2861 1595 2975 1634 rem
3015 1580 3437 1636 administrave-

1858 1663 1995 1727 rint,
2053 1666 2401 1733 pontiﬁcibus
2431 1670 2618 1739 utique
2667 1672 2766 1725 toti
2813 1674 2961 1742 genti
3011 1674 3429 1742 imperantibus,

1786 1748 1827 1803 Β
1856 1770 2088 1825 quorum
2116 1758 2300 1814 nullus
2331 1759 2491 1829 plane
2527 1762 2596 1818 de
2638 1764 2784 1818 tribu
2846 1763 2987 1819 Juda
3012 1766 3340 1820 oriebatur?
3371 1773 3433 1819 ut

1767 3094 1809 3152 C

1850 1846 1962 1915 jam
1995 1863 2060 1902 ex
2086 1847 2173 1903 his
2194 1851 2451 1907 omnibus
2479 1854 2717 1924 perspici
2746 1856 2940 1925 possit,
2968 1871 3076 1909 non
3103 1856 3168 1909 ad
3193 1858 3430 1926 primum

1854 1937 2006 1991 illum
2037 1935 2259 2003 Judaiu,
2313 1957 2491 2012 neque
2524 1943 2591 1997 ad
2619 1943 2767 2002 illius
2807 1961 3156 2003 successores
3187 1946 3431 2002 referen—

1852 2030 1980 2085 dum
2000 2048 2122 2087 esse
2141 2035 2422 2089 oraculum
2449 2035 2603 2103 illud,
2621 2036 2842 2094 dicens:
2867 2056 2885 2089 ‹
2910 2053 3019 2092 non
3045 2038 3256 2094 deficiet
3275 2040 3429 2110 prin-

1851 2139 1980 2194 ceps
2007 2125 2074 2179 de
2096 2123 2256 2190 Juda,
2288 2143 2465 2199 neque
2499 2128 2609 2183 dux
2639 2129 2707 2185 de
2754 2129 3053 2186 feruoribus
3086 2135 3205 2201 ejus
3226 2171 3241 2194 ,
3273 2149 3294 2184 ι
3333 2132 3429 2187 sed

1850 2230 1913 2269 ea
1941 2230 2064 2285 qua:
2084 2215 2149 2268 ad
2173 2217 2508 2271 hunclocum
2533 2220 2956 2288 pertinent,uuo
2982 2220 3427 2277 duntaxatmodo

1850 2316 2105 2363 constare
2130 2325 2311 2379 posse,
2354 2310 2399 2365 si
2432 2311 2733 2367 secundum
2774 2328 2838 2367 ea
2871 2329 2993 2383 quae
3020 2315 3173 2384 prius
3207 2329 3236 2367 a
3265 2316 3426 2370 nobis

1849 2400 1917 2455 de
1946 2408 2059 2455 tota
2098 2403 2242 2457 tri-bu
2275 2405 2520 2473 exposita
2554 2413 2684 2461 sunt
2709 2445 2724 2471 ,
2783 2405 2899 2460 haec
2929 2407 3045 2476 ipsa
3079 2406 3426 2478 intelligenda

1847 2507 1971 2548 esse
1999 2493 2317 2550 dixerimus.
2368 2494 2495 2551 Haec
2544 2497 2690 2552 enim
2746 2497 2925 2553 tribus
2974 2498 3043 2553 ab
3088 2498 3246 2552 initio
3272 2499 3426 2554 etab

1846 2584 2021 2654 ipsius
2048 2600 2222 2655 usque
2252 2585 2418 2641 Mosis
2445 2587 2785 2659 temporibus
2821 2590 3091 2644 universae
3112 2593 3289 2660 gentis
3312 2590 3426 2645 dux

1846 2674 1951 2729 fuit
1984 2695 1997 2730 :
2032 2677 2555 2746 itaquesccundum
2594 2679 2757 2747 hujus
2798 2679 3188 2749 principatum,
3238 2690 3425 2753 utpote

1845 2783 2010 2839 quam
2044 2767 2185 2825 Deus
2215 2769 2429 2825 caeteris
2455 2770 2523 2823 ab
2550 2769 2705 2824 initio
2729 2770 3053 2841 praalecerit,
3087 2778 3141 2826 et
3169 2773 3289 2840 ipsa
3333 2787 3422 2826 re-

1843 2861 1934 2931 gio
1955 2860 2279 2916 etiamnunc
2310 2861 2380 2916 ab
2405 2877 2471 2916 ea
2505 2861 2624 2932 ipsa
2656 2862 2827 2925 tribu,
2859 2860 3059 2916 ludam
3082 2862 3419 2917 vocabulum

1844 2950 2076 3016 obtinet,
2104 2959 2159 3005 et
2187 2951 2366 3006 omnis
2395 2951 2611 3005 illorum
2649 2960 2951 3007 conventus
2979 2950 3292 3007 Iudaeorum
3321 2967 3420 3023 ap-

1843 3043 2095 3112 pellatur.
2126 3041 2217 3097 Sic
2248 3042 2411 3112 igitur
2463 3043 2830 3115 intelligamus
2868 3043 3013 3114 quod
3057 3044 3263 3099 dictum
3309 3054 3414 3109 est,

1844 3139 2104 3202 tanquam
2159 3133 2205 3188 si
2257 3133 2605 3191 manifestius
2641 3135 2886 3198 dixisset.
2921 3152 3031 3191 non
3070 3136 3283 3190 desinet
3315 3138 3418 3191 toti

1840 3224 1986 3294 genti
2007 3238 2240 3293 praeesse
2256 3223 2436 3279 tribus
2450 3222 2478 3278 J
2486 3224 2613 3289 uda,
2634 3225 2797 3296 372
2812 3242 2878 3281 ex
2900 3241 3009 3297 quo
3030 3224 3414 3297 Symmachus,

1845 3332 1864 3365 ι
1900 3313 2020 3368 Non
2073 3313 2371 3379 auferetur,
2419 3315 2617 3385 inquit,
2673 3325 2918 3386 poteStas
2961 3316 3029 3372 de
3060 3315 3221 3381 Juda,
3255 3336 3279 3370 ι
3331 3317 3416 3371 sic

1838 3406 2029 3477 utique
2049 3406 2194 3476 juris
2219 3406 2502 3475 cujusdam
2526 3408 2827 3478 amplioris,
2856 3418 2909 3464 et
2944 3409 3284 3479 principatus
3312 3425 3414 3463 at;-

1837 3498 2145 3554 ctoritatem
2187 3500 2307 3570 ejus
2349 3515 2469 3570 quae
2500 3507 2690 3571 postea
2721 3503 2905 3557 futura
2932 3510 3077 3556 esset
3109 3503 3286 3558 tribus
3312 3500 3412 3556 Ju-

1836 3590 1926 3653 da,
1967 3591 2126 3646 nobis
2178 3591 2583 3662 intelligendam
2640 3607 2971 3664 proponens.
3032 3592 3207 3661 llujus
3263 3594 3410 3648 enim

1834 3699 2011 3754 neque
2034 3693 2329 3754 sceptrum,
2365 3692 2426 3738 ut
2443 3684 2636 3754 Aquila
2668 3683 2844 3755 inquit
2871 3686 3024 3758 (regii
3054 3700 3217 3755 porro
3256 3686 3412 3755 prino

1833 3778 2048 3847 cipatus
2080 3779 2294 3849 signum
2328 3778 2431 3834 hoc
2464 3779 2621 3850 erat)
2647 3820 2663 3845 ,
2720 3793 2897 3848 neque
2946 3785 3268 3847 potestatem
3299 3817 3312 3840 ,
3350 3785 3410 3831 ut

1836 3869 2217 3942 Symmachus,
2259 3872 2531 3927 sublatum
2567 3873 2634 3928 iri
2664 3872 3015 3936 vaticinatur,
3057 3889 3075 3921 ι
3110 3870 3285 3925 donec
3314 3884 3411 3923 ve-

1832 3965 1970 4027 niat,
2000 3965 2198 4034 inquit,
2223 3967 2311 4019 cui
2341 3965 2640 4035 repositum
2671 3970 2780 4025 est,
2812 3981 2831 4013 ι
2883 3971 3045 4031 atque
3078 3960 3255 4030 ipsum
3292 3958 3409 4014 fore

1831 4057 2290 4126 exspectationem
2315 4056 2575 4125 gentium.
2609 4054 2713 4110 Sed
2743 4068 2907 4125 quam
2938 4053 3158 4107 tandem
3181 4066 3410 4121 exspec-

1832 4146 2116 4211 tationem,
2144 4146 2251 4200 nisi
2297 4145 2366 4200 de
2396 4160 2505 4215 qua
2532 4146 2662 4199 olim
2704 4154 2759 4199 et
2798 4142 2901 4213 ipsi
2934 4142 3232 4206 Abraham,
3256 4152 3308 4196 et
3335 4141 3407 4195 iis

1828 4235 1925 4306 qui
1955 4236 2227 4290 Abraham
2261 4236 2433 4291 secuti
2468 4243 2596 4291 sunt
2640 4234 2909 4305 patrihus,
2942 4234 3160 4287 oracula
3192 4233 3404 4287 reddita

1829 4327 1984 4382 sunt?
2007 4325 2249 4381 Primum
2279 4328 2443 4398 igitur
2469 4327 2727 4382 admirari
2742 4341 2921 4398 operae
2943 4326 3178 4396 pretium
3214 4325 3402 4389 fuerit,

135 4419 311 4473 εἰσέτι
337 4419 433 4472 νῦν
458 4419 848 4490 ἀναγορεύεται
879 4422 1247 4493 προσηγορία·
1280 4424 1341 4476 οὺ
1375 4425 1442 4476 δι’
1474 4424 1658 4495 ἕτερον
1687 4426 1720 4497 ἢ
1756 4447 1782 4503 ε

1840 4418 1958 4489 ιιιῙά
1991 4419 2084 4483 ita,
2114 4434 2237 4473 cum
2267 4418 2552 4474 duodecim
2579 4419 2927 4474 Hebraeorum
2948 4418 3125 4472 tribus
3148 4427 3401 4481 essent,a

133 4511 227 4565 διὰ
259 4511 322 4563 τὸ
352 4510 455 4580 τῆς
487 4511 818 4581 προφητείας
849 4511 1048 4580 λόγιον,
1077 4514 1143 4583 τῇ
1173 4511 1268 4565 τοῦ
1307 4512 1475 4567 Ἰούδα
1497 4513 1636 4585 φυλῇ
1666 4515 1725 4567 τὸ

132 4603 369 4675 ἀρχικὸν
424 4602 696 4673 περιάψαν
740 4602 976 4674 ἀξίωμα.
1024 4602 1183 4656 Ἀλλὰ
1230 4603 1324 4657 καὶ
1367 4604 1468 4677 τὴν
1498 4606 1723 4677 πάτριον

133 4694 322 4748 αὐτῶν
355 4692 539 4765 χώραν
582 4693 841 4748 Ἰουδαίαν
885 4693 973 4747 διὰ
1004 4694 1101 4765 τὴν
1127 4694 1295 4765 αὐτὴν
1333 4695 1724 4752 ἀποκαλεῖσθαι

135 4785 430 4857 συμϐαίνει
460 4787 659 4841 αἰτίαν.
713 4787 866 4840 Ἐπεὶ
900 4786 990 4841 διὰ
1037 4786 1089 4839 τί
1124 4786 1198 4859 μὴ
1232 4786 1340 4840 ἀπὸ
1377 4787 1471 4841 τοῦ
1505 4787 1721 4861 πρώτου

129 4878 245 4933 τῶν
269 4877 501 4941 δώδεκα,
535 4877 678 4946 λέγω
712 4879 770 4932 δέ
802 4878 911 4932 ἀπὸ
948 4877 1041 4932 τοῦ
1075 4878 1320 4951 Ῥουϐὶμ,
1349 4879 1410 4932 τὸ
1445 4880 1593 4943 ἔθνος
1622 4882 1722 4934 αύ-

129 4970 244 5025 τῶν
292 4971 663 5042 ἐχρημάτισε;
698 4972 892 5024 Καίτοι
932 4971 1085 5043 παρά
1132 4972 1210 5043 τῷ
1257 4972 1387 5044 θείῳ
1430 4973 1580 5045 νόμῳ
1611 4973 1720 5028 τῶν

132 5062 499 5135 πρωτοτόκων
523 5062 935 5133 τετιμημένων;
962 5062 1064 5116 Διά
1093 5062 1145 5116 τί
1172 5063 1228 5116 δὲ
1262 5065 1335 5136 μὴ
1366 5065 1474 5118 ἀπὸ
1498 5066 1597 5135 τῆς
1623 5066 1718 5119 τοῦ

129 5151 290 5219 Δευῖ,
324 5152 461 5224 ὁμοῦ
489 5156 584 5208 καὶ
611 5154 688 5225 τῷ
715 5154 891 5226 χρόνῳ
922 5155 1017 5210 καὶ
1042 5154 1122 5225 τῷ
1162 5156 1260 5226 τῆς
1306 5152 1602 5228 ἱερωσύνης
1639 5175 1720 5211 τι-

134 5244 353 5315 μήματι
381 5244 472 5297 τὸν
500 5244 698 5299 Ἰούδαν
730 5245 1169 5316 παρεξάγοντος;
1197 5247 1262 5300 Τί
1285 5247 1341 5301 δὲ
1365 5248 1485 5319 οὐχὶ
1518 5248 1716 5319 μᾶλλον

128 5334 242 5388 ἀπὸ
271 5334 369 5387 τοῦ
404 5335 598 5407 Ἰωσὴφ
623 5337 960 5408 χρηματίσαι
996 5337 1194 5408 συνέϐη
1223 5338 1284 5391 τὸ
1311 5340 1417 5393 πᾶν
1446 5339 1597 5405 ἔθνος
1622 5341 1717 5394 καὶ

127 5428 231 5495 τὴν
262 5425 472 5498 χώραν,
502 5427 591 5481 διὰ
622 5429 683 5481 τὸ
713 5429 810 5481 καὶ
856 5429 1024 5485 πάλαι
1056 5430 1236 5501 πάσης
1273 5431 1334 5483 οὐ
1364 5432 1523 5502 μόνον
1548 5432 1717 5501 Αίγύ-

128 5532 293 5582 meo,
338 5517 475 5572 ἀλλά
518 5519 611 5572 καὶ
648 5517 758 5573 τῶν
806 5521 1021 5576 οίκείων
1060 5520 1121 5575 τὸ
1152 5521 1353 5591 κράτος
1404 5522 1715 5593 ἀνάψασθαι

124 5607 340 5674 τοῦτον,
371 5609 499 5675 τούς
524 5629 582 5665 τε
616 5612 676 5678 ἐξ
706 5612 884 5668 αὐτῶν
916 5614 1240 5686 γενομένους
1288 5617 1520 5685 μακροῖς
1567 5614 1716 5669 ὓστε-

129 5717 226 5773 ρον
257 5701 475 5772 χρόνοις
501 5704 596 5758 ἐπὶ
624 5704 872 5761 πλεῖστον
900 5707 1022 5761 ὅσον
1048 5706 1184 5763 ὅλων
1214 5706 1367 5761 ἐννέα
1409 5705 1589 5779 φυλῶν
1617 5708 1709 5763 τοῦ

1826 4512 1974 4566 nulla
1996 4512 2100 4565 alia
2119 4512 2226 4566 nisi
2251 4512 2318 4566 ab
2348 4526 2457 4566 una
2487 4514 2660 4581 ipsius
2690 4509 2851 4574 Juda,
2870 4510 3049 4580 gentis
3072 4510 3234 4564 etiam
3251 4524 3400 4563 nunc

1826 4602 2121 4673 appellatio
2148 4610 2461 4672 usurpetur.
2482 4603 2637 4669 Quod
2667 4617 2769 4672 ego
2786 4602 3003 4671 quidem
3038 4615 3145 4654 non
3169 4600 3237 4654 ob
3251 4599 3397 4654 aliud

1824 4694 2121 4766 contigisse
2144 4696 2402 4757 arbitror,
2438 4710 2600 4765 quam
2624 4696 2695 4749 ob
2724 4694 2900 4765 ipsius
2932 4694 3230 4765 prephetim
3272 4708 3398 4748 ora-

1824 4788 2032 4850 culum,
2060 4786 2203 4857 quod
2237 4786 2328 4841 uni
2356 4787 2523 4841 tribui
2545 4784 2685 4840 Juda
2709 4786 3055 4856 principatus
3073 4785 3393 4855 dignitatem

1822 4881 2089 4935 attribuit.
2122 4878 2265 4945 Quin
2295 4868 2458 4933 etiam
2493 4879 2665 4948 patria
2711 4878 2954 4948 ipsorum
3005 4884 3174 4941 terra,
3208 4876 3396 4931 eadem

1820 4973 1889 5028 de
1914 4987 2079 5027 causa
2100 4969 2300 5026 Iudaeae
2316 4971 2729 5040 appellationem
2764 4969 2956 5025 sortita
2988 4977 3093 5023 est.
3124 4967 3236 5023 Cur
3250 4968 3396 5021 enim

1821 5083 2008 5139 quaeso
2037 5082 2163 5121 cum
2188 5065 2478 5121 duodecim
2504 5064 2730 5128 fuerint,
2765 5079 2874 5117 non
2906 5064 2976 5118 ab
2995 5078 3185 5119 eorum
3218 5061 3398 5133 primo

1819 5156 2011 5213 Ruben
2042 5172 2176 5227 gens
2204 5155 2518 5211 eorumdem
2541 5154 2806 5224 appellata
2833 5159 2919 5207 est
2945 5153 2968 5206 ?
2991 5167 3116 5207 cum
3163 5166 3394 5221 praeser-

1821 5251 1919 5305 tim
1948 5255 2083 5303 natu
2102 5247 2323 5302 maximi
2348 5248 2589 5317 potiores
2602 5247 2656 5300 in
2680 5246 2798 5317 lege
2813 5245 2999 5301 divina
3027 5240 3397 5299 haberentur?

1818 5340 1931 5399 Cur
1947 5355 2057 5394 non
2076 5341 2206 5395 item
2237 5355 2266 5393 a
2280 5338 2432 5403 Levi,
2456 5339 2547 5410 qui
2565 5347 2619 5394 et
2646 5346 2806 5393 aetate
2821 5345 2875 5393 et
2891 5352 3067 5393 sacrae
3093 5335 3394 5392 {unctionis

1818 5434 2029 5489 honore
2064 5432 2262 5488 Judam
2314 5431 2605 5487 anteibat?
2668 5429 2806 5485 Cum
2850 5446 2982 5486 vero
3038 5430 3141 5500 ipsi
3186 5427 3390 5498 Ioseph

1816 5526 2093 5598 quondam
2124 5540 2233 5579 non
2264 5525 2425 5579 modo
2470 5521 2693 5594 ᾹΞεδιριί
2745 5524 3032 5586 universae,
3084 5520 3180 5577 sed
3224 5520 3390 5577 etiam

1817 5632 2041 5673 suorum
2070 5615 2357 5685 imperium
2390 5615 2669 5685 obtigerit,
2700 5630 2933 5685 cumque
2964 5615 3033 5669 ab
3059 5615 3149 5668 illo
3171 5612 3390 5667 oriundi

1816 5710 2004 5768 multis
2024 5716 2148 5781 post
2194 5707 2411 5765 sacculis
2442 5706 2537 5763 diu
2561 5705 2877 5774 admodum,
2917 5708 3046 5764 totis
3062 5706 3183 5779 ejus
3213 5701 3393 5779 grntil
