3828 6220
405 249 509 306 535

1005 247 1277 304 EUSEBII
1313 246 1794 304 CIESARIENSIS
1827 244 1977 301 OPP.
2019 241 2222 298 PARS.
2266 242 2329 297 ll.
2370 272 2442 285 -—
2481 244 2982 301 APOLOGETICA.

3589 251 3694 305 53!.

406 345 887 419 novemotribubus
923 360 1278 431 praefuerint,
1304 377 1405 417 cur
1433 378 1544 417 non
1579 361 1648 416 ab
1672 375 1737 416 eo
1774 358 1998 431 potissi-

2111 355 2289 421 ἔθνους
2318 357 2648 428 ἡγήσασθαι,
2699 359 2769 411 δι’
2797 358 2891 422 οὓς
2936 361 3031 415 καὶ
3069 359 3270 431 μᾶλλον
3304 360 3453 426 εἰκὸς
3496 358 3567 434 ἦν
3598 365 3694 436 τὴν

390 468 556 509 ιωιιιιι
590 459 706 507 tota
737 468 893 522 gens,
929 453 1156 522 ipsaque
1179 454 1329 523 regio
1348 468 1549 508 nomen
1575 454 1809 522 accepit,
1830 466 2002 521 quan-

409 545 703 617 doquidem
753 546 827 600 ob
864 560 961 601 eos
1012 545 1194 615 ipsos,
1222 562 1363 616 quos
1396 547 1466 600 ab
1491 545 1697 616 Joseph
1730 544 2000 599 oriundos

405 636 843 706 diximusJonge
868 636 1155 691 honestius
1185 637 1633 707 probabiliusque
1663 644 1803 700 erat,
1828 647 2000 692 totam

405 738 626 801 gentem
687 737 968 798 totamque
1022 730 1300 798 regionem
1334 746 1363 782 a
1395 731 1573 800 primo
1620 732 1714 785 illo
1748 732 1996 799 ipsorum

405 829 637 894 parente
693 822 1080 876 denominari?
1130 822 1372 892 Denique
1405 832 1605 892 praeter
1652 823 1752 878 hos
1808 837 2003 878 omnes

408 917 536 985 quis
588 928 700 968 non
732 912 1020 976 concedat,
1056 915 1251 968 merito
1282 915 1405 969 illos
1453 930 1483 967 a
1515 914 1800 983 Benjamin
1832 914 2003 969 fuisse

408 1007 869 1079 denominandos,
901 1007 1062 1074 cujus
1090 1009 1398 1076 posteritati
1429 1022 1494 1062 ac
1524 1008 1726 1071 tribui,
1758 1009 2006 1063 celeber-

410 1099 547 1151 rima
576 1098 820 1167 ipsorum
850 1098 1045 1152 civitas
1068 1140 1082 1163 ,
1117 1115 1239 1168 qua:
1298 1115 1487 1170 regum
1537 1100 1681 1169 apud
1718 1099 1872 1170 ipsos
1901 1100 2001 1155 do-

410 1190 676 1244 micilium
726 1190 864 1255 fuit,
906 1196 961 1245 et
1007 1190 1153 1261 quod
1214 1192 1269 1245 in
1324 1207 1387 1246 ea
1434 1193 1850 1247 sanctissimum
1906 1192 2000 1247 Dei

410 1283 675 1352 templum
705 1291 949 1337 erectum
982 1290 1088 1347 est,
1124 1284 1179 1338 in
1214 1294 1422 1339 sortem
1474 1284 1801 1339 concessit?
1848 1285 2003 1339 Atta-

410 1391 534 1428 men
572 1390 748 1431 neoue
784 1377 852 1429 ab
884 1375 1079 1429 harum
1117 1377 1326 1443 aliqua,
1376 1392 1555 1447 neque
1579 1393 1610 1431 a
1635 1379 1999 1448 reliquarum,

411 1475 504 1522 sed
532 1477 599 1522 ab
638 1485 747 1523 una
783 1469 957 1538 ipsius
985 1467 1127 1524 Juda
1163 1471 1310 1524 tribu
1333 1471 1499 1526 totius
1532 1473 1709 1541 gentis
1734 1487 1799 1526 ac
1831 1474 2007 1543 regio-

411 1561 501 1616 nis
529 1562 821 1630 appellatio
848 1562 1012 1616 ducta
1031 1574 1134 1627 est,
1158 1564 1304 1617 sicut
1331 1563 1618 1634 prophetia
1654 1564 2000 1635 praedixerat.

415 1651 507 1708 Sic
536 1670 671 1710 sane
709 1655 843 1709 illud
875 1674 886 1709 :
924 1673 943 1705 ‹
982 1654 1103 1710 Non
1143 1656 1361 1711 deﬁciet
1394 1658 1652 1728 princeps
1685 1658 1752 1713 de
1785 1657 1948 1725 Juda,
1979 1679 1999 1710 ι

2104 448 2198 501 τού
2242 449 2588 520 προπάτορος
2638 451 2954 521 ἐπωνυμίαν
3002 451 3064 504 τὸ
3115 454 3224 505 πᾶν
3270 451 3421 516 ἔθνος
3468 456 3563 507 καὶ
3599 458 3694 525 τὴν

2105 539 2289 611 χώραν
2343 541 2793 612 ἐπιγράψασθαη
2849 544 2946 607 Τίς
2985 544 3027 596 δ’
3084 545 3185 597 οὐκ
3242 544 3308 598 ἂν
3364 546 3693 618 ὁμολογήσαι

2104 632 2253 702 παρὰ
2296 632 2518 696 τούτους
2554 634 2801 697 ἅπαντας
2834 635 3072 705 εύλόγως
3109 634 3175 689 ἂν
3204 636 3268 689 ἐκ
3308 634 3402 689 τοῦ
3436 637 3693 709 Βενιαμὶν

2101 719 2202 789 τὴν
2235 721 2553 792 ἐπωνυμίαν
2585 724 2783 786 αὐτοὺς
2828 723 3032 789 λαϐεῖν,
3066 726 3363 799 ἐπειδήπερ
3390 731 3456 798 τῇ
3503 728 3693 784 τούτου

2104 812 2242 885 φυλῇ
2275 815 2307 884 ή
2339 816 2663 887 περιϐόητος
2689 817 2869 870 αὐτῶν
2900 817 3151 890 βασιλικὴ
3195 822 3550 892 μητρόπολις,
3578 824 3609 876 ὃ
3637 840 3694 875 τε

2104 902 2197 954 ἐπὶ
2245 903 2449 975 ταύτης
2492 904 2793 973 ἁγιώτατος
2845 908 2939 961 τοῦ
2986 908 3121 962 Θεοῦ
3156 910 3293 975 νεὼς
3333 913 3692 984 κεκλήρωτο;

2117 994 2254 1047 Ἀλλ’
2282 997 2432 1067 ὅμως
2464 998 2572 1050 οὐδ’
2616 999 2682 1051 ἐκ
2715 999 2944 1061 τούτων,
2978 1003 3088 1055 οὐδ’
3118 1002 3176 1069 ἐξ
3222 1003 3416 1076 ἐτέρας
3452 1007 3487 1077 ἦ
3527 1007 3691 1077 μόνης

2105 1087 2170 1138 ἐκ
2201 1086 2300 1157 τῆς
2348 1088 2518 1141 Ἰούδα
2561 1090 2734 1161 φυλῆς
2779 1093 2812 1163 ἡ
2856 1094 2953 1162 τῆς
2993 1092 3177 1164 χώρας
3219 1096 3313 1147 καὶ
3354 1095 3450 1149 τοῦ
3498 1099 3692 1162 παντο,

2104 1178 2290 1243 ἔθνους
2335 1182 2678 1254 προσηγορία
2720 1182 2980 1255 διέπρεψε
3013 1189 3079 1256 τῇ
3125 1187 3433 1259 προφητεία
3465 1189 3693 1242 ἀκολού⁹

2105 1271 2232 1336 θως.
2257 1272 2414 1327 Οὕτω
2433 1275 2494 1343 γέ
2520 1293 2601 1328 τοι
2625 1277 2706 1341 τὸ,
2739 1295 2757 1327 ι
2783 1278 2897 1330 Οὐκ
2920 1278 3157 1349 ἐκλείψει
3179 1280 3360 1352 ἄρχων
3383 1281 3442 1346 ἐξ
3470 1283 3689 1345 Ἰούδα,ι

2105 1368 2199 1419 ἐπὶ
2231 1366 2328 1438 τὴν
2370 1367 2542 1439 φυλὴν
2578 1370 2708 1441 ἡμῖν
2738 1370 3110 1442 ἁνενήνεκται,
3157 1375 3253 1425 καὶ
3302 1374 3480 1438 μόνως
3521 1376 3694 1441 οὕτως

2105 1458 2320 1528 ἀληθῶς
2345 1461 2376 1531 ἡ
2406 1460 2710 1533 πρόρρησις
2730 1461 3069 1517 ἀποδέδοται.
3088 1466 3220 1517 Ἀπὸ
3248 1466 3380 1534 γοῦν
3409 1466 3517 1519 τῶν
3540 1469 3694 1522 Μωυ-

2108 1550 2244 1614 σέως
2271 1552 2478 1622 χρόνων
2512 1552 2749 1625 καθεξῆς
2781 1557 2840 1609 οὐ
2870 1555 3107 1610 διέλιπον
3140 1560 3357 1629 μερικοὶ
3386 1560 3490 1630 μὲν
3516 1562 3695 1614 αὐτῶν

2105 1644 2385 1715 ἄρχοντες,
2407 1648 2471 1699 ἐκ
2512 1646 2806 1720 διαφόρων,
2828 1650 2904 1714 ὡς
2935 1651 3091 1723 ἔφην,
3126 1652 3307 1721 φυλῶν
3331 1656 3693 1725 ἡγησάμενοι,

412 1747 480 1800 ad
513 1746 687 1817 ipsam
732 1747 937 1801 tribum
964 1763 995 1801 a
1023 1748 1185 1803 nobis
1232 1749 1467 1803 relatum
1512 1758 1620 1815 cst,
1669 1758 1722 1805 et
1756 1751 1858 1805 hoc
1888 1766 1997 1805 uno

2111 1736 2333 1790 καθόλου
2359 1738 2414 1792 δέ
2443 1742 2475 1811 ή
2510 1739 2601 1793 τοῦ
2648 1742 2818 1796 Ἰούδα
2849 1744 2991 1816 φυλὴ
3021 1745 3220 1810 παντὸς
3251 1747 3576 1818 προεστῶσα
3604 1744 3695 1803 to}

414 1836 685 1891 duntaxat
722 1838 885 1892 modo
917 1840 1126 1893 oraculi
1160 1839 1364 1895 veritas
1406 1840 1584 1894 locum
1620 1841 1805 1898 habet.
1831 1840 2001 1897 Nam-

413 1946 523 2001 que
545 1946 574 1983 a
598 1930 769 1986 Mosis
794 1946 970 2001 usque
1006 1932 1371 2000 temporibus,
1408 1933 1670 2004 deinceps
1701 1951 1812 1989 non
1852 1935 2006 1991 defe-

414 2031 611 2077 cerunt
646 2024 1008 2092 particulares
1037 2022 1258 2092 quidem
1304 2024 1548 2093 ipsorum
1600 2024 1877 2096 principes
1909 2028 2003 2095 qui

414 2127 482 2168 ex
534 2112 794 2174 diversis,
828 2120 888 2165 ut
919 2110 1126 2165 dictum
1155 2121 1260 2177 est,
1298 2113 1575 2178 tribubus,
1601 2116 1750 2185 genti
1776 2117 2035 2191 prmiue-_

414 2205 548 2269 rint,
581 2205 743 2277 373
781 2206 839 2259 in
866 2207 1187 2261 universum
1243 2215 1421 2262 autem
1458 2209 1634 2264 tribus
1653 2207 1791 2265 Juda
1817 2249 1834 2276 ,
1883 2226 2005 2281 quae

416 2301 586 2355 totius
608 2301 788 2370 gentis
838 2300 1207 2370 principatum
1233 2302 1494 2358 tenuerit.
1522 2302 1789 2373 Exemplo
1819 2311 2003 2359 autem

416 2392 473 2448 id
499 2393 647 2463 quod
700 2401 832 2447 tunc
863 2393 1069 2448 dictum
1112 2402 1217 2454 est,
1245 2396 1340 2449 tibi
1372 2396 1622 2466 apertius
1651 2396 1905 2467 liquebit.
1935 2396 2005 2453 Ut

417 2486 566 2540 enim
606 2485 663 2540 in
700 2483 947 2541 Romano
988 2487 1217 2556 imperio
1242 2487 1581 2557 singularum
1611 2490 1852 2558 gentium
1878 2505 2006 2560 pro-

417 2588 726 2641 curatores,
779 2586 833 2632 et
879 2579 1141 2648 prmsides
1172 2589 1547 2650 praetoresque
1594 2589 1649 2636 et
1694 2590 2005 2637 castrorum

417 2671 684 2740 praefecti,
728 2677 783 2725 et
820 2673 915 2742 qui
965 2686 1158 2726 omnes
1191 2673 1459 2743 dignitate
1507 2682 1790 2742 auteeunt,
1823 2692 2001 2746 reges,

417 2776 528 2815 non
555 2762 780 2815 omnino
809 2776 1002 2816 omnes
1028 2760 1096 2817 de
1125 2762 1242 2831 ipSa
1268 2762 1513 2816 Romana
1549 2764 1681 2819 urbe
1710 2766 2006 2835 capiuntur

418 2869 596 2924 neque
618 2854 686 2909 de
713 2853 866 2908 ltemi
898 2855 1012 2909 sive
1035 2853 1252 2909 Romuli
1282 2872 1501 2926 genere,
1531 2846 1626 2913 Sed
1655 2874 1720 2914 ex
1751 2859 2006 2915 immine-

417 2947 708 3013 rabilibus,
740 2948 882 3003 alius
928 2947 1172 3014 aliunde,
1213 2949 1556 3013 nationibus,
1589 2966 1782 3007 oumes
1825 2960 2004 3007 tamen

421 3049 476 3095 et
506 3055 663 3111 reges
702 3047 756 3095 et
787 3042 879 3110 qui
925 3049 1049 3111 post
1087 3042 1237 3111 ipsos
1280 3042 1526 3097 secundo
1552 3045 1673 3099 loco
1700 3045 2001 3116 principes,

2106 1830 2289 1896 ἔθνους
2342 1834 2759 1906 Παραδείγματι
2790 1836 2846 1889 δὲ
2879 1837 3147 1911 καταδέξῃ
3168 1839 3231 1892 τὸ
3252 1840 3565 1911 εἰρημένον.
3611 1844 3696 1905 Ὠς

2109 1922 2219 1993 γὰρ
2256 1924 2348 1977 ἐπὶ
2363 1924 2461 1994 τῆς
2504 1926 2790 1998 Ῥωμαίων
2822 1930 2997 2001 ἀρχῆς
3029 1933 3077 1983 οἱ
3107 1932 3205 2001 μὲν
3236 1932 3355 1985 κατ’
3389 1933 3547 1995 ἔθνος
3574 1935 3693 1987 ἐπί·

2102 2016 2294 2087 τροποί
2333 2034 2392 2070 τε
2428 2020 2521 2071 καὶ
2563 2020 2887 2090 ἡγούμενοι,
2919 2022 3148 2095 ἐπαρχοί
3174 2042 3234 2077 τε
3265 2028 3359 2078 καὶ
3391 2043 3695 2097 στρατοπε-

2103 2106 2297 2180 δάρχαι
2317 2147 2333 2173 ,
2366 2110 2421 2162 οἵ
2462 2127 2522 2163 τε
2560 2112 2773 2166 πάντων
2815 2115 3076 2169 ἀνωτάτω
3103 2116 3343 2186 βασιλεῖς
3361 2158 3375 2181 ,
3404 2119 3464 2171 ού
3492 2121 3693 2182 πάντες

2105 2204 2168 2255 ἐκ
2201 2201 2307 2256 τῶν
2362 2203 2648 2276 Ῥωμαίων
2692 2207 2966 2279 όρμῶνται
3013 2211 3256 2277 πόλεως,
3295 2212 3415 2264 οὐδε
3460 2213 3574 2267 ἀπὸ
3603 2213 3693 2268 τοῦ

2117 2293 2329 2365 Ῥώμου
2363 2298 2456 2349 καὶ
2493 2298 2773 2369 Ῥωμύλου
2806 2303 3032 2372 σπορᾶς,
3051 2303 3163 2356 ἀλλ’
3191 2306 3253 2357 ἐκ
3273 2306 3506 2375 μυρίων,
3536 2305 3691 2368 ἄλλος

2106 2386 2355 2454 ἄλλοθεν,
2390 2388 2579 2452 ἐθνῶν,
2614 2393 2763 2462 ὅμως
2788 2394 2845 2446 δὲ
2876 2398 2923 2448 οἱ
2959 2397 3160 2460 πάντες
3193 2396 3429 2467 βασιλεῖς
3466 2417 3566 2465 τε,
3603 2401 3690 2453 καὶ

2105 2478 2153 2530 οἱ
2187 2477 2304 2547 μετ’
2330 2479 2526 2538 αὐτοὺς
2542 2480 2802 2553 ἄρχοντες
2831 2483 2925 2537 καὶ
2942 2485 3233 2556 ἡγούμενοι
3256 2486 3364 2540 τῶν
3401 2487 3691 2558 Ῥωμαίων

2106 2568 2503 2639 ἐπιγράφονται
2535 2574 2937 2644 προσηγορίαν,
2987 2576 3276 2648 Ῥωμαίων
3307 2596 3367 2632 τε
3399 2579 3461 2632 τὸ
3489 2582 3691 2650 κράτος

2107 2661 2511 2732 ἐπωνόμασται,
2547 2666 2642 2717 καὶ
2671 2665 2873 2738 ταύτης
2903 2666 3136 2740 ἐξῆπται
3158 2670 3261 2741 τῆς
3303 2673 3628 2742 ἐπωνυμίας
3657 2675 3687 2741 ἡ

2107 2753 2225 2806 καθ’
2265 2754 2547 2826 Ἐϐραίους
2574 2760 2677 2831 χρὴ
2703 2763 2843 2813 νοεῖν
2880 2762 3217 2832 πραγμάτων
3241 2780 3257 2795 ·
3295 2765 3426 2834 μιᾶς
3461 2766 3565 2835 μὲν
3596 2784 3688 2819 κα-

2108 2840 2263 2893 θόλου
2299 2843 2397 2913 τῆς
2433 2844 2525 2897 τοῦ
2567 2846 2735 2901 Ἰούδα
2775 2848 2949 2920 φυλῆς
2976 2852 3117 2904 κατὰ
3151 2852 3243 2905 τοῦ
3276 2854 3476 2918 παντὸς
3504 2855 3689 2919 ἔθνους

2109 2934 2649 3009 ἐπιπεφημισμένης,
2682 2940 2791 2993 τῶν
2817 2941 2874 2993 δέ
2905 2942 3046 2995 κατὰ
3090 2943 3256 3015 μέρος
3277 2946 3602 3017 ἡγουμένων
3633 2965 3687 3001 τε

2110 3026 2204 3078 καὶ
2233 3024 2497 3095 βασιλέων
2528 3030 2593 3081 ἐκ
2624 3028 2893 3102 διαφόρων
2923 3031 3339 3104 καθισταμένων
3372 3035 3690 3105 gemimu-

422 3131 792 3202 przcsidesque
842 3133 1115 3188 habentur
1148 3172 1163 3196 ,
1215 3131 1594 3189 Romanorum
1645 3115 2007 3206 appellatione

2111 3118 2262 3171 θόλου
2303 3119 2360 3172 δὲ
2386 3122 2450 3190 τῇ
2485 3120 2579 3173 τοῦ
2624 3120 2794 3173 Ἰούδα
2827 3123 3152 3194 τιμωμένων
3187 3129 3553 3201 προσηγορίᾳ.
3595 3132 3690 3183 Λε-

421 3234 703 3293 notantur,
739 3236 791 3280 et
825 3225 1199 3283 Romanorum
1233 3229 1624 3286 denominatur
1688 3231 2001 3300 imperiutn,

420 3326 476 3373 et
513 3333 633 3370 eam
685 3318 1185 3375 denominationem
1230 3321 1285 3374 in
1310 3324 1629 3377 universum
1661 3337 1852 3378 omnes
1891 3339 2008 3377 ma-

421 3410 685 3479 gistratus
713 3412 986 3481 attingunt
1020 3430 1035 3479 ;
1063 3413 1145 3467 sic
1165 3420 1329 3468 etiam
1357 3416 1412 3468 in
1446 3415 1612 3469 rebus
1652 3412 2005 3469 Hebrmorum

422 3503 763 3558 constituere
808 3504 1221 3576 intelligereque
1283 3515 1541 3576 oportet,
1586 3513 1851 3577 tanquam
1896 3523 2007 3562 una

422 3595 640 3666 quidem
674 3596 729 3651 in
760 3599 1079 3652 universum
1110 3600 1288 3654 tribus
1309 3598 1471 3664 Juda,
1498 3609 1668 3656 totam
1703 3610 1919 3672 gentem
1939 3601 2008 3656 de

423 3703 525 3743 suo
551 3690 777 3745 nomine
804 3691 1076 3747 illustrem
1110 3692 1447 3759 reddiderit,
1479 3695 1845 3764 particulares
1878 3710 2010 3749 vero

423 3780 594 3837 duces
623 3799 687 3838 ac
710 3800 867 3854 reges
902 3801 968 3839 ex
1000 3785 1237 3840 diversis
1275 3788 1883 3852 cxstiterinttribubus,
1916 3789 2010 3858 qui

425 3879 609 3927 tamen
636 3874 914 3928 communi
945 3874 1038 3929 illa
1062 3873 1216 3929 Iudae
1238 3877 1601 3946 appellatione
1624 3879 1886 3934 honorem
1914 3893 2009 3931 ac-

425 3966 693 4036 ceperint.
724 3965 844 4020 Non
875 3967 984 4021 alio
1013 3983 1144 4038 ergo
1181 3983 1345 4038 quam
1384 3969 1451 4023 ad
1475 3978 1647 4024 totam
1688 3971 1893 4025 tribum
1920 3985 1998 4025 re-

426 4058 812 4123 feraturillud,
835 4059 984 4131 quod
1012 4076 1040 4113 a
1073 4062 1339 4131 propheta
1362 4061 1572 4116 dictum
1613 4070 1698 4117 est
1736 4082 1757 4117 τ
1793 4083 1811 4115 ‹
1845 4062 2009 4133 Juda,

424 4161 480 4208 te
511 4152 814 4208 laudabunt
853 4152 1054 4208 fratres
1083 4155 1184 4208 tui.
1222 4174 1240 4205 ι
1273 4152 1513 4209 Noverat
1531 4155 1676 4209 enim
1704 4155 1854 4209 illam
1884 4163 2011 4211 tan-

424 4260 594 4314 quam
627 4247 1007 4316 prrerogativae
1034 4261 1235 4301 munus
1259 4255 1635 4313 consecutam,
1666 4247 1872 4302 honore
1908 4264 2015 4304 cre-

426 4337 563 4392 teris
589 4337 845 4392 tribubus
871 4354 996 4393 esse
1025 4339 1489 4409 anteponendam,
1512 4346 1568 4394 et
1587 4341 1843 4410 quoniam
1865 4343 2014 4412 prin-

2110 3209 2292 3278 γέσθω
2317 3212 2497 3263 τοίνυν
2528 3212 2604 3275 ὡς
2638 3212 2773 3284 πρὸς
2804 3215 2904 3287 τὴν
2926 3216 3053 3287 ὅλην
3086 3217 3257 3291 φυλὴν
3289 3220 3395 3273 ὑπὸ
3433 3220 3529 3274 τοῦ
3565 3239 3689 3294 προ-

2111 3303 2280 3373 φήτου
2323 3304 2415 3359 τὸ.
2454 3323 2472 3355 ι
2525 3304 2712 3369 Ἰούδα,
2750 3306 2810 3359 σὲ
2836 3309 3148 3363 αἱνέσουσιν
3176 3313 3224 3365 οἱ
3252 3313 3472 3382 ἀδελφοί
3511 3332 3631 3369 σου.
3666 3336 3683 3366 ι

2110 3390 2232 3447 Οἵδε
2258 3395 2366 3467 γὰρ
2399 3396 2589 3468 αὐτὴν,
2621 3396 2718 3449 ἆτε
2771 3400 3071 3470 προνομίας
3094 3402 3426 3475 ἠξιωμένην,
3455 3407 3568 3477 πρὸ
3589 3409 3688 3461 τῶν

2109 3488 2310 3543 λοιπῶν
2338 3489 2516 3558 φυλῶν
2548 3492 2871 3563 τετιμῆσθαι
2898 3510 2912 3523 ο
2947 3493 3039 3546 καὶ
3072 3496 3194 3548 ἐπεὶ
3225 3496 3454 3569 ἐξῆρχεν
3493 3502 3555 3553 ἐν
3590 3519 3691 3553 πο-

2108 3582 2328 3652 λέμοις,
2364 3584 2458 3638 καὶ
2503 3587 2639 3656 μόνη
2677 3586 2770 3638 τοῦ
2811 3586 3009 3650 παντὸς
3039 3587 3222 3651 ἔθνους
3254 3591 3441 3660 ἠγεῖτο
3478 3595 3538 3644 ἐν
3580 3596 3691 3654 cui;

2110 3674 2247 3747 πρὸς
2275 3678 2400 3740 τοὺς
2421 3677 2648 3748 ἐχθροὺς
2679 3679 3049 3750 παρατάξεσιν
3070 3721 3085 3745 ,
3126 3682 3353 3745 εἰκότως
3382 3684 3690 3753 ἐπιλὲγεται

2111 3768 2245 3839 πρὸς
2271 3769 2437 3840 αὑτήν
2459 3786 2474 3801 ο
2524 3788 2542 3820 ι
2575 3773 2640 3823 Αἱ
2675 3771 2854 3843 χεῖρές
2898 3789 2991 3824 σου
3026 3775 3121 3827 ἐπὶ
3147 3772 3318 3828 νώτου
3347 3775 3457 3828 τῶν
3487 3776 3691 3848 ἐχθρῶν

2113 3877 2227 3914 σου.
2267 3881 2285 3912 ι
2324 3858 2459 3915 Εἶτα
2493 3862 2583 3917 διὰ
2617 3864 2678 3916 τὸ
2717 3867 2941 3937 ἀρχικὸν
2979 3869 3073 3921 καὶ
3116 3866 3394 3937 βασιλικὸν
3442 3869 3689 3935 ἀξίωμα,

2117 3972 2135 4004 ι
2168 3953 2405 4025 σκύμνος
2433 3955 2643 4019 λέοντος
2664 3977 2682 4008 ι
2709 3950 2849 4011 εἶναι
2875 3957 3110 4028 λέγεται.
3141 3960 3547 4030 Σεμνυνόμενος
3586 3962 3639 4018 ῗὲ
3667 3964 3692 4014 ὁ

2112 4052 2413 4123 προπάτωρ
2441 4051 2577 4121 ὁμοῦ
2601 4054 2695 4106 καὶ
2712 4054 2996 4126 προφήτης
3016 4057 3109 4107 ἐι·τί¹
3120 4054 3198 4126 τῷ
3217 4055 3318 4126 τῆς
3339 4056 3515 4126 φυλῆς
3537 4057 3696 4124 ἀξιώ-

2115 4161 2278 4213 ματι,
2313 4144 2635 4216 προστίθησι
2669 4145 2875 4214 λέγων’
2918 4165 2935 4198 ι
2984 4149 3080 4200 Ἐκ
3121 4147 3388 4217 βλαστοῦ,
3429 4149 3514 4203 υἰέ
3559 4167 3690 4221 μου,

2112 4237 2333 4308 ἁνέὅης.
2373 4258 2392 4289 ι
2427 4239 2499 4291 Τὸ
2526 4238 2581 4291 δὲ
2604 4279 2618 4302 ,
2671 4257 2690 4289 ‹
2740 4238 3045 4293 Ἁναπεσὼν
3084 4240 3385 4311 ἐκοιμήθης
3419 4241 3498 4304 ὡς
3538 4241 3692 4305 λέων,

2114 4330 2207 4383 καὶ
2242 4329 2317 4392 ὡς
2362 4328 2598 4400 σκύμνος
2634 4328 2875 4395 λέοντος,
2902 4349 2920 4381 ι
2959 4328 3019 4383 τὸ
3047 4330 3250 4401 γαῦρον
3272 4329 3409 4401 ὁμοῦ
3442 4331 3537 4384 καὶ
3571 4331 3695 4402 θαρ-

428 4443 560 4500 ceps
590 4418 693 4484 fuit
720 4431 775 4484 in
808 4431 984 4497 bellis,
1017 4439 1070 4484 et
1097 4432 1214 4485 sola
1236 4433 1291 4484 in
1317 4433 1672 4502 apparatibus
1700 4434 2008 4502 prazliorum

2117 4421 2306 4475 σαλέον
2325 4460 2340 4484 ,
2369 4422 2464 4474 καὶ
2501 4420 2562 4474 τὸ
2592 4421 2700 4475 τῶν
2736 4422 2933 4488 ἔξωθεν
2967 4423 3230 4477 ἐπιόντων
3253 4423 3691 4497 ἀκατάπληκτον.

430 4520 699 4575 adversus
747 4522 935 4578 hostes
973 4523 1119 4592 genti
1155 4537 1268 4577 sua:
1310 4524 1581 4578 universa:
1622 4523 1856 4594 prmfuit,
1896 4542 2013 4582 me-

427 4612 538 4669 rito
601 4612 858 4684 deinceps
902 4614 970 4667 ad
1004 4615 1250 4670 eamdem
1302 4616 1435 4670 illud
1491 4632 1708 4687 quoque
1759 4618 2009 4673 dicitur:

434 4722 457 4756 ι
489 4700 685 4759 Manus
718 4714 822 4759 tua:
841 4706 897 4759 in
925 4714 1079 4777 tergo
1108 4707 1452 4763 inimicorum
1477 4716 1718 4765 tuorum.
1763 4730 1781 4762 ι
1809 4710 2014 4767 Deinde

432 4807 655 4869 propter
672 4798 1059 4868 principatum,
1086 4807 1416 4871 propterque
1440 4802 1642 4871 regiam
1667 4803 2010 4874 dignitatern,

437 4908 459 4943 ι
501 4892 718 4947 catulus
766 4892 942 4971 leonis
985 4913 1003 4945 ι
1038 4909 1163 4950 esse
1209 4894 1433 4950 dicitur.
1467 4894 1666 4950 Gloriae
1714 4897 1882 4966 igitur
1908 4898 2012 4952 sibi

431 4984 684 5039 tribuens
713 4985 801 5040 hic
835 4995 947 5040 tum
988 4988 1204 5058 generis
1233 4988 1505 5058 princeps,
1541 4996 1657 5042 tum
1692 4992 1855 5045 etiam
1887 5008 2016 5062 pro-

430 5077 597 5149 pheta
626 5077 857 5148 bujusce
885 5080 1061 5135 tribus
1087 5081 1427 5151 dignitatem,
1465 5080 1711 5152 adjungit
1737 5088 1883 5152 quod
1914 5099 2015 5139 se—

433 5171 624 5241 quitur
656 5188 701 5225 :c
741 5170 816 5226 De
845 5173 1111 5241 germine,
1152 5173 1223 5227 illi
1251 5173 1349 5240 mi,
1378 5174 1697 5230 ascendisti.
1735 5174 1898 5230 »ιιιυά
1923 5190 2015 5229 au-

432 5270 545 5316 tem
582 5280 597 5318 :
633 5279 655 5314 ί
696 5264 1025 5319 recumbens
1056 5263 1364 5320 dormivisti
1394 5274 1453 5319 ut
1486 5267 1590 5334 leo,
1625 5276 1680 5321 et
1711 5275 1772 5321 ut
1800 5268 2013 5323 catulus

433 5353 640 5420 leonis,
678 5374 698 5408 ι
739 5354 986 5425 ejusdem
1023 5357 1201 5412 tribus
1240 5358 1589 5429 magniﬁcum
1639 5360 1807 5414 animi
1856 5361 2005 5429 iuge-

435 5450 588 5506 nium
606 5459 660 5506 et
675 5448 974 5516 conﬁdens,
991 5451 1248 5515 ostendit,
1266 5452 1519 5524 quodque
1532 5453 1699 5508 nullis
1743 5455 2016 5508 extrinse-

435 5557 534 5598 cus
586 5544 968 5615 ingruentibus
1018 5545 1186 5601 rebus
1220 5546 1592 5609 concutiatur,
1623 5553 1678 5599 et
1719 5548 1865 5615 quod
1899 5555 2014 5599 tum

432 5639 767 5710 intrepidum
792 5654 851 5696 se
884 5639 1142 5710 praebeat,
1179 5647 1291 5693 tum
1322 5638 1657 5708 contemptui
1682 5638 1878 5694 habeat
1907 5637 2013 5690 ini-

433 5734 627 5792 mlcos.
670 5732 829 5790 illum
865 5746 994 5790 vero
1036 5731 1140 5788 hoc
1180 5730 1340 5787 modo
1373 5746 1431 5788 se
1476 5730 1788 5799 habentem,
1818 5744 1881 5787 ac
1917 5745 2015 5802 po-

2114 4516 2176 4571 τό
2212 4534 2268 4570 τε
2300 4516 2502 4586 ἄφοϐον
2547 4517 2643 4569 καὶ
2670 4515 2779 4568 τῶν
2808 4515 3017 4586 ἐχθρῶν
3046 4516 3516 4587 καταφρονητικὸν
3560 4532 3696 4587 παρ-

2117 4608 2314 4680 ίστησι.
2358 4609 2610 4664 Τοιοῦτον
2646 4608 2704 4662 δέ
2736 4608 2896 4661 αὐτὸν
2921 4609 3050 4662 ὄντα
3069 4647 3084 4672 ,
3118 4607 3316 4678 μᾶλλον
3346 4607 3408 4661 δὲ
3441 4608 3694 4679 τοιαύτην

2112 4699 2277 4757 οὖσαν
2303 4703 2400 4772 τὴν
2428 4702 2620 4774 φυλὴν,
2653 4720 2671 4753 ‹
2700 4704 2830 4770 Τίς,
2861 4703 3046 4774 φησὶν,
3085 4702 3382 4772 ἀναστήσει
3407 4717 3422 4766 ;
3468 4720 3489 4753 ι
3531 4702 3694 4772 μέγαν

2114 4795 2234 4848 τινὰ
2281 4796 2377 4849 καὶ
2412 4795 2723 4867 θαυμαστὸν
2743 4835 2758 4860 ,
2811 4794 3038 4848 σπάνιόν
3079 4810 3139 4846 τε
3189 4793 3284 4845 καὶ
3325 4792 3693 4863 δυσθεώρητον

2114 4889 2330 4943 ἔσεσθαι
2358 4890 2447 4943 τὸν
2478 4888 2737 4961 μέλλοντα
2767 4887 3095 4957 ἀναστήσειν
3115 4884 3209 4939 τοῦ
3238 4884 3454 4956 θρόνου,
3492 4885 3585 4937 καὶ
3615 4898 3698 4951 με·

2113 4984 2404 5054 ταστήσειν
2449 4982 2544 5036 τοῦ
2589 4979 2815 5053 ἀρχικοῦ
2870 4979 3179 5050 ἀξιώματος
3216 4977 3316 5048 τὴν
3367 4976 3693 5048 δηλωθεῖσαν

2116 5078 2292 5149 φυλὴν
2322 5076 2690 5149 αἰνιξάμενος.
2734 5076 2831 5140 Τίς
2863 5075 2928 5128 δέ
2947 5074 3057 5147 ἄρα
3079 5067 3234 5137 οὗτος
3254 5068 3358 5144 ἦν,
3394 5072 3525 5141 ἑξῆς
3556 5071 3692 5141 ἡμᾶς

2115 5171 2369 5241 ἐφίστησι
2392 5210 2407 5235 ,
2439 5169 2627 5224 τοῦτον
2656 5163 2795 5223 εἶναι
2816 5167 3088 5222 διδάσκων
3118 5165 3212 5218 τὸν
3246 5163 3515 5236 μέλλοντα
3537 5176 3693 5232 προο-

2114 5263 2298 5317 δοκίαν
2342 5262 2557 5317 ἔσεσθαι
2599 5261 2707 5316 τῶν
2744 5260 2948 5323 ἐθνῶν,
2973 5260 3033 5323 ὃς
3063 5258 3126 5312 οὐ
3164 5258 3433 5329 πρότερον
3463 5260 3688 5326 φανήσε-

2118 5359 2241 5411 σθαι
2282 5358 2341 5409 ἐν
2386 5354 2724 5428 ἀνθρώποις,
2757 5354 2789 5426 ἦ
2822 5352 3095 5408 ἐκλείπειν
3123 5350 3383 5423 ἄρχοντα,
3415 5346 3511 5400 καὶ
3539 5339 3690 5414 ἡγού-

2119 5467 2279 5522 μενον
2334 5446 2837 5521 μετασταθήσεσθαι
2860 5487 2873 5512 ,
2926 5446 3021 5499 καὶ¹
3074 5439 3560 5512 ἀπαναστήσεσθαι
3598 5433 3689 5501 τῆς

2116 5544 2292 5617 ἀρχῆς
2337 5543 2435 5615 τὴν
2480 5543 2574 5596 τοῦ
2631 5540 2802 5595 Ἰούδα
2844 5539 3015 5610 φυλὴν
3049 5533 3475 5609 προφητεύεται.
3517 5529 3609 5592 Τίς

2116 5616 2269 5700 οὗτος
2319 5631 2387 5707 ἧν
2431 5633 2465 5705 ἢ
2517 5635 2545 5687 ό
2596 5634 2787 5705 Σωτὴρ
2830 5630 2925 5686 καὶ
2978 5628 3182 5699 Κύριος
3228 5623 3386 5695 ήμῶν
3434 5619 3633 5692 Ἰησοῦς
3662 5616 3689 5669 ὁ

2116 5726 2385 5802 Χριστόςς
2427 5720 2489 5780 οὗ
2527 5727 2619 5782 ἐπὶ
2657 5724 2759 5797 τῆς
2794 5723 3060 5796 γενᾶσεως
3081 5761 3095 5787 ,
3126 5715 3441 5783 ἀκολούθως
3470 5716 3536 5787 τῇ
3566 5724 3701 5783 προο,
