3828 6220
213 333 322 388 585

1106 332 1760 390 DEMONSTRATIONIS
1798 333 2262 392 EVANGELICA‘I
2301 335 2427 392 LIB.
2472 335 2609 392 VIII.

3353 337 3456 393 586

211 445 443 518 κειμένῃ
468 447 791 519 προρρήσει,
809 445 1053 512 ἐξέλιπον
1084 449 1182 519 μὲν
1204 449 1463 522 ἄρχοντες
1492 451 1587 505 καὶ
1621 450 1785 521 ἡγού-

1893 453 2002 511 tius
2029 452 2204 522 ipsam
2234 451 2437 507 tribum
2466 465 2587 521 qua:
2608 447 2920 527 hujusmodi
2954 448 3045 514 sit,
3077 450 3222 519 quis,
3258 449 3456 521 inquit,

214 552 369 605 μενοι
393 536 452 603 ἐξ
483 537 665 591 αὐτῶν
707 538 974 592 Ἰουδαίων
1001 540 1095 592 ἐπὶ
1139 540 1202 593 τὸ
1245 541 1395 606 ἔθνος
1452 541 1631 596 αὐτῶν
1658 542 1793 596 καθ-

214 624 528 695 ιστάμενοι,
556 626 669 698 ἡδὲ
698 626 791 680 τοῦ
842 626 1012 681 Ἰούδα
1057 628 1197 700 φυλὴ
1240 630 1391 695 αύτῷ
1422 630 1563 684 ἔθνει
1605 631 1789 696 παντὶ,

211 716 311 769 τοῦ
345 716 406 784 ἐξ
429 717 625 783 αἰῶνος
655 717 880 790 ἀρχικοῦ
910 720 1006 772 καὶ
1040 719 1327 790 βασιλικοῦ
1353 721 1662 793 ἀξιώματος
1689 740 1790 778 κα-

212 807 551 881 θαιρεθεῖσα,
578 814 691 876 τοῖς
727 810 805 864 ἔτι
835 813 929 865 καὶ
951 811 1045 866 νῦν
1071 814 1360 882 κρατοῦσιν
1381 815 1439 881 ἐξ
1459 816 1667 868 ἐκείνου
1697 817 1792 870 καὶ

210 901 296 963 εἰς
326 901 485 974 δεῦρο
514 901 751 961 δουλεύει
787 905 1076 976 Ῥωμαίοις
1099 947 1113 970 ,
1159 906 1296 977 μετά
1323 905 1434 960 τῶν
1465 906 1668 961 λοιπῶν
1699 909 1793 961 καὶ

208 993 274 1045 τὸ
318 991 587 1047 Ἰουδαίων
616 993 768 1058 ἔθνος
797 999 1240 1068 χειρωσαμένοις.
1268 1000 1405 1072 Παρ’
1430 992 1505 1053 ὧν
1549 1000 1793 1072 Ἡρώδης

210 1086 432 1157 πρῶτος
455 1126 471 1150 ,
524 1088 584 1153 ἐξ
628 1088 923 1157 ἀλλοφύλου
962 1091 1154 1158 γένους
1214 1093 1475 1163 ὑπάρχων
1515 1092 1661 1156 ἰδίως
1695 1093 1791 1147 τοῦ

210 1178 400 1244 ἔθνους
434 1180 632 1245 αὐτῶν,
667 1182 771 1235 ὑπό
807 1198 869 1235 τε
899 1183 1208 1250 Αὐγούστου
1238 1185 1331 1236 καὶ
1365 1187 1467 1254 τῆς
1511 1184 1793 1255 Ῥωμαίων

212 1273 520 1344 συγκλήτου
554 1273 747 1345 βουλῆς
791 1276 1045 1344 βασιλεὺς
1085 1275 1474 1331 ἀναδέδεικται.
1517 1272 1625 1330 Ἦν
1661 1276 1792 1345 γοῦν

206 1366 238 1417 6
295 1363 543 1436 Ἡρώδης
602 1366 958 1438 Ἀντιπάτρου
1010 1368 1158 1428 παῖς.
1226 1367 1283 1418 '0
1327 1367 1385 1420 δὲ
1440 1366 1792 1439 Ἀντίπατρος

222 1456 626 1528 ’Δσκαλωνίτης
651 1499 666 1523 ,
730 1457 794 1511 ἐκ
841 1476 987 1523 τινος
1029 1459 1136 1512 τῶν
1191 1461 1320 1530 περὶ
1365 1458 1458 1511 τὸν
1508 1457 1645 1512 νεὼν
1695 1458 1789 1512 τοῦ

220 1548 555 1615 Ἀπόλλωνος
590 1551 904 1622 ἱεροδούλων
938 1551 1309 1621 καλουμένων,
1332 1550 1391 1614 ὃς
1420 1551 1485 1622 δὴ
1506 1550 1791 1621 Κυπρίνην

209 1642 473 1712 ὀνόματι,
510 1642 573 1695 τὸ
612 1643 769 1711 γένος
807 1642 917 1696 τῶν
945 1642 1002 1708 ἐξ
1043 1641 1333 1713 Ἀραϐίας,
1383 1645 1615 1709 γυναῖκα
1656 1640 1792 1710 πρὸς

209 1732 394 1802 γάμον
425 1732 800 1802 ἀγαγόμενος,
834 1734 927 1786 τὸν
965 1733 1207 1804 Ἡρώδην
1243 1736 1497 1787 ποιεῖται.
1529 1725 1697 1796 Οὗτος
1727 1732 1790 1804 δὴ

206 1819 308 1876 οῦν
350 1822 565 1894 πρῶτος
605 1825 669 1877 ἐκ
716 1824 954 1878 τοιούτου
991 1825 1182 1893 γένους
1221 1824 1570 1896 ὁρμώμενος,
1605 1823 1695 1877 τὸν
1727 1825 1793 1878 ἐκ
1823 1804 1864 1857 Β

205 1913 460 1985 διαδοχῆς
480 1914 591 1968 τῶν
620 1915 919 1988 ἀρχιερέων
960 1915 1188 1969 ὕστατον
1212 1918 1558 1988 ἡγησάμενον
1593 1916 1793 1987 Ὑρκα-

207 2007 341 2072 νὸν,
395 2007 482 2077 ἐφ’
522 2006 582 2060 ὃν
623 2006 692 2060 τά
740 2008 840 2077 τῆς
880 2008 1086 2071 οἰκείας
1127 2009 1304 2079 ἀρχῆς
1364 2007 1458 2061 τοῦ
1527 2006 1792 2061 Ἰουδαίων

207 2100 403 2162 ἔθνους
427 2098 743 2169 κατέληξεν,
771 2099 1015 2154 ἐκποδὼν
1039 2098 1355 2171 μεθίστησιν
1378 2097 1600 2165 ἀνελὼν,
1637 2099 1790 2171 πρῶ-

206 2193 304 2257 τός
329 2210 393 2246 τε
413 2191 597 2256 αὐτὸς,
624 2192 700 2256 ὡς
725 2191 881 2263 ἔφην,
906 2191 965 2258 ἐξ
984 2191 1282 2262 ἀλλοφύλου
1305 2191 1494 2263 γένους
1524 2191 1792 2247 Ἰουδαίων

211 2286 609 2357 ἀναγορεύεται
645 2284 898 2356 βασιλεύς
931 2302 946 2316 ⁸
994 2286 1117 2340 καθ’
1142 2285 1200 2339 ὃν
1223 2285 1573 2356 γεννηθέντος
1617 2285 1790 2355 Ἰησοῦ

207 2378 309 2432 τοῦ
355 2379 628 2450 Χριστοῦ,
677 2381 955 2454 καθῄρητο
1001 2381 1101 2452 μὲν
1145 2380 1281 2451 ὁμοῦ
1330 2379 1427 2434 καὶ
1462 2380 1561 2449 τῆς
1622 2377 1793 2431 Ἰούδα

212 2469 391 2541 φυλῆς
417 2471 479 2524 τὸ
508 2470 760 2542 ἀξίωμα,
799 2473 1078 2544 καθῄρητο
1098 2472 1155 2526 δὲ
1178 2472 1272 2525 καὶ
1307 2473 1340 2542 ἡ
1375 2470 1483 2523 τῶν
1525 2469 1791 2523 Ἰουδαίων

208 2563 354 2634 ἀρχή
388 2581 449 2616 τε
481 2564 578 2617 κοιλ⁸
613 2562 856 2634 βασιλεία
879 2605 893 2628 ,
924 2563 1250 2635 πεπλήρωτο
1285 2562 1343 2615 δὲ
1388 2561 1482 2615 καὶ
1525 2562 1559 2632 ἡ
1595 2577 1793 2633 προτε-

208 2656 459 2727 ταγμένη
476 2656 782 2728 προφητεία
807 2674 821 2687 ·
851 2676 868 2706 ι
897 2657 1009 2709 υὺκ
1034 2653 1270 2724 ἐκλείψει
1299 2653 1483 2725 ἄρχων
1503 2650 1563 2717 ἐξ
1597 2652 1787 2715 Ἰούδα,

207 2749 335 2802 οὐδὲ
358 2748 660 2820 ἡγούμενος
685 2749 871 2802 ἐκτῶν
896 2765 969 2817 μη
980 2746 1086 2818 ρῶν
1112 2743 1298 2809 αὐτοῦ,
1330 2762 1349 2795 ι
1373 2744 1612 2815 φήσασα,
1644 2761 1664 2795 ι
1688 2742 1792 2806 ἕως

208 2841 280 2895 ἂν
314 2839 442 2914 ἔλθῃ
474 2841 542 2894 τὰ
568 2840 908 2911 ἀποκείμενα
938 2838 1084 2909 αὐτῷ
1106 2856 1119 2869 ·
1149 2859 1168 2891 ι
1189 2838 1247 2892 ὃν
1280 2838 1373 2892 καί
1407 2854 1538 2908 φησι
1568 2838 1793 2908 γενήσε-

212 2932 341 2986 σθαι
369 2933 430 2986 οὐ
455 2931 550 2986 τοῦ
587 2931 856 2985 Ἰουδαίων
883 2930 1068 2994 ἔθνους
1086 2969 1100 2994 ,
1135 2929 1269 2984 ἀλλὰ
1293 2928 1402 2983 τῶν
1428 2929 1594 2984 ἐθνῶν
1618 2945 1790 3001 προσ-

209 3023 420 3076 δοκίαν.
491 3022 709 3094 Ἐπειδὴ
764 3020 942 3074 τοίνυν
997 3020 1254 3073 ἀπέκειτο
1302 3020 1336 3090 ἡ
1386 3018 1663 3090 πρόπαλαι
1712 3016 1791 3088 τῷ

1892 544 2196 602 excitabit?
2234 563 2253 597 ι
2281 544 2374 599 ubi
2401 559 2524 599 cum
2552 557 2807 614 magnum
2828 541 3116 612 quemdam
3142 548 3197 597 et
3219 542 3459 598 admira-

1893 637 2055 691 bilem
2101 642 2158 692 et
2189 651 2402 698 rarum,
2437 643 2492 690 et
2520 642 2766 704 spectatu
2798 633 3069 689 diﬁicilem
3107 632 3224 690 fore
3254 634 3461 707 signiﬁ-

1893 730 2097 785 caverit
2130 744 2277 794 eum,
2322 729 2414 798 qui
2462 728 2534 783 sit
2572 727 2950 796 hujuscemodi
2984 727 3185 782 tribum
3216 727 3286 785 de
3332 730 3462 784 sede.

1893 821 2255 884 excitaturus,
2288 818 2463 889 deque
2507 819 2844 889 principatus
2873 819 3043 889 gradu
3084 834 3149 873 ac
3198 818 3461 890 dignitate

1892 913 2308 975 exturbaturus,
2333 918 2447 966 tum
2484 910 2702 966 demum
2718 910 2970 981 quisnam
3001 910 3091 965 hic
3118 911 3209 975 sit,
3240 927 3343 968 nos
3365 911 3463 966 ad-

1892 988 2100 1069 monet,
2147 1003 2414 1072 docetque
2459 1003 2604 1057 hunc
2648 1002 2799 1057 illum
2828 1016 2981 1069 esse,
3010 1002 3103 1072 qui
3127 1003 3460 1072 exspectatio

1892 1096 2133 1166 gentium
2169 1097 2240 1151 sit
2268 1095 2507 1158 futurus,
2536 1094 2630 1165 qui
2663 1094 2921 1151 videlicet
2967 1108 2999 1147 a
3040 1094 3304 1165 pr0pheta
3349 1110 3458 1150 non

1890 1186 2044 1256 prius
2086 1187 2228 1241 inter
2257 1186 2505 1242 homines
2546 1185 2816 1243 videndus
2841 1186 3177 1256 praedicitur,
3215 1201 3377 1257 quam
3404 1194 3459 1242 et

1891 1276 2145 1348 princeps
2185 1276 2421 1342 deﬁciat,
2457 1285 2511 1331 et
2534 1278 2644 1331 dux
2679 1284 3017 1341 amoveatur,
3051 1283 3107 1331 et
3156 1275 3224 1330 de
3255 1276 3461 1349 princi-

1891 1373 2020 1436 patu
2045 1366 2365 1422 exturbetur
2393 1367 2568 1423 tribus
2600 1364 2760 1421 Iuda.
2792 1364 2957 1438 374
2985 1366 3276 1433 Caeterum,
3306 1367 3457 1437 quis-

1891 1472 2040 1521 nam,
2082 1473 2288 1528 quaeso,
2325 1458 2465 1512 alius
2498 1458 2588 1513 hic
2620 1457 2693 1511 sit
2717 1472 2879 1527 quam
2908 1455 3157 1511 Salvator
3187 1464 3241 1513 et
3273 1455 3452 1511 Domi-

1891 1563 1997 1602 nus
2026 1555 2214 1603 noster
2233 1546 2393 1603 Jesus
2419 1546 2696 1611 Christus,
2724 1548 2779 1600 in
2801 1545 2960 1615 cujus
2991 1553 3138 1605 ortu.
3169 1546 3312 1601 sicut
3334 1561 3452 1616 pro—

1891 1640 2036 1694 xime
2064 1639 2310 1710 exposita
2339 1638 2623 1709 prophetia
2641 1638 2877 1703 volebat,
2907 1653 2975 1693 ex
3001 1636 3203 1693 Iudaeis
3239 1636 3458 1707 quidem

1891 1732 2209 1787 defecerunt
2239 1731 2516 1802 principes
2544 1745 2609 1785 ac
2658 1730 2849 1793 duces,
2880 1730 2974 1800 qui
3018 1729 3162 1799 genti
3201 1731 3461 1800 praeside-

1891 1831 2033 1885 rent,
2070 1823 2190 1894 ipsa
2237 1839 2367 1879 vero
2413 1824 2593 1879 tribus
2621 1821 2760 1878 Iuda
2791 1837 2900 1876 una
2953 1837 3077 1876 cum
3124 1827 3236 1876 tota
3279 1833 3457 1891 gente,

1889 1914 2199 1985 principatu
2223 1930 2286 1969 ac
2308 1929 2496 1986 regno,
2521 1914 2669 1985 quod
2697 1914 2766 1969 ab
2797 1913 2953 1968 initio
2974 1912 3305 1978 obtinuerat,
3332 1928 3463 1983 spo-

1891 2005 2042 2071 liata,
2064 2004 2327 2062 Romanis
2359 2006 2524 2062 etiam
2552 2021 2700 2061 nunc
2727 2005 3138 2061 dominantibus
3167 2021 3237 2060 ex
3267 2006 3363 2061 illo
3393 2006 3458 2060 ad

1891 2095 2036 2150 hunc
2066 2111 2237 2166 usque
2275 2096 2419 2152 diem
2458 2094 2772 2159 famulatur,
2813 2094 2907 2165 qui
2933 2108 3042 2149 una
3070 2110 3193 2149 cum
3232 2094 3459 2164 reliquis

1888 2190 2145 2261 gentibus
2183 2190 2347 2246 etiam
2394 2187 2614 2245 Iudaeos
2654 2187 2958 2260 subegere?
2983 2188 3031 2243 A
3079 2189 3282 2259 quibus
3327 2190 3458 2244 item

1893 2281 2131 2336 Herodes
2159 2279 2367 2350 primus
2397 2285 2624 2335 externo
2668 2293 2865 2351 genere
2914 2286 3091 2344 ortus,
3123 2285 3177 2334 et
3222 2280 3460 2348 impera-

1890 2374 2025 2428 toris
2064 2371 2317 2442 Augusti,
2347 2378 2403 2426 et
2439 2367 2673 2425 Romani
2712 2376 2936 2426 senatus
2988 2370 3314 2426 auctoritate
3361 2386 3461 2427 rex

1890 2464 2198 2520 declaratus
2231 2473 2334 2518 est.
2364 2459 2493 2516 Fuit
2533 2462 2702 2533 igitur
2735 2461 3007 2532 Antipatri
3041 2462 3191 2518 ﬁlius
3234 2462 3324 2517 hic
3358 2461 3464 2518 He-

1888 2557 2071 2613 rodes.
2093 2557 2215 2627 Ipse
2236 2569 2365 2611 vero
2389 2552 2672 2625 Antipater
2691 2553 3006 2610 Ascalonita
3040 2554 3110 2610 ab
3141 2569 3334 2610 eorum
3362 2571 3462 2611 ne-

1889 2650 2006 2704 scio
2038 2662 2146 2718 quo
2168 2654 2347 2711 ortus,
2379 2646 2475 2717 qui
2525 2645 2583 2700 in
2614 2645 2816 2715 templo
2845 2644 3111 2716 Apoliinis
3156 2653 3459 2711 versantes,

1891 2737 2036 2794 sacri
2063 2735 2208 2792 servi
2249 2734 2685 2806 appellabantur.
2715 2733 2820 2802 Qui
2851 2749 2975 2789 cum
3005 2749 3229 2789 uxorem
3270 2735 3463 2792 duxis-

1892 2839 1975 2884 set
2004 2826 2317 2899 quamdam,
2354 2826 2444 2881 cui
2491 2840 2691 2881 nomen
2727 2825 2944 2896 quidem
2971 2824 3242 2896 Cyprinaa,
3289 2841 3460 2896 genus

1888 2935 2020 2976 vero
2045 2936 2112 2976 ex
2135 2919 2357 2987 Arabia,
2386 2917 2653 2974 Herodem
2679 2917 2903 2972 creavit.
2928 2915 3028 2971 Hic
3053 2917 3218 2987 igitur
3250 2918 3461 2987 primus

1892 3014 1986 3068 tali
2020 3026 2219 3086 genere
2256 3021 2439 3079 natus,
2473 3009 2784 3083 Hyrcanum
2816 3008 2908 3080 qui
2956 3010 3180 3065 ultimus
3230 3026 3297 3065 ex
3329 3025 3459 3066 suc-

222 3110 481 3184 ’Δϐραάμ
499 3126 605 3183 χρη
614 3110 932 3183 ματισθείσα
950 3109 1058 3163 τῶν
1091 3112 1157 3163 ἐκ
1176 3108 1270 3163 τοῦ
1312 3108 1574 3163 Ἰουδαίων
1603 3106 1789 3171 ἔθνους

1893 3102 2146 3158 cessione
2177 3117 2243 3156 ac
2275 3101 2418 3156 serie
2471 3099 2787 3170 pontiﬁcum
2817 3097 3019 3156 Judzeis
3049 3098 3285 3170 prchuit,
3319 3108 3372 3172 et
3405 3101 3458 3153 in

209 3204 491 3276 ἀρχόντων
539 3220 599 3256 τε
643 3204 740 3256 καὶ
779 3200 1097 3272 ἡγουμένων
1150 3202 1478 3272 μετάστασις
1521 3201 1621 3271 τῆς
1666 3201 1784 3256 κατ’

209 3294 414 3357 αὐτοὺς
442 3294 617 3365 ἀρχῆς
650 3292 745 3346 ἐπὶ
780 3292 1101 3363 Ῥωμαίους,
1123 3291 1218 3345 καὶ
1244 3291 1336 3344 τὸν
1360 3290 1419 3358 ἐξ
1447 3290 1614 3345 ἐθνῶν
1641 3291 1793 3361 δεδη-

208 3386 460 3457 λωμένον
509 3384 755 3458 Ἡρώδην
777 3425 792 3449 ,
821 3385 1041 3448 εἰκότως
1061 3387 1090 3437 6
1122 3384 1217 3455 μὲν
1239 3383 1629 3455 εὐαγγελιστὴς
1651 3385 1790 3437 Λου-

210 3479 347 3540 κᾶς,
400 3475 895 3546 ἐπισημαινόμενος
938 3474 1063 3537 τοὺς
1099 3473 1321 3546 χρόνους
1354 3473 1454 3544 τῆς
1499 3472 1793 3544 ἐκλείψεως

211 3567 325 3620 τῶν
367 3566 633 3620 Ἰουδαίων
662 3564 957 3636 ἀρχόντων,
986 3564 1082 3635 τὴν
1120 3566 1399 3637 καταρχὴν
1426 3566 1526 3636 τῆς
1552 3564 1791 3638 Χριστοῦ

208 3657 559 3721 διδασκαλίας
603 3658 804 3730 ἱστορεῖ
828 3657 1106 3727 γεγονέναι
1132 3659 1189 3712 ἐν
1229 3657 1338 3711 ἔτει
1372 3656 1791 3711 πεντεκαιδεκά-

210 3765 291 3817 τῳ
320 3748 422 3817 τῆς
454 3748 747 3819 ἡγεμονίας
788 3749 1037 3821 Τιϐερίου
1082 3748 1358 3820 Καίσαρος
1378 3789 1394 3813 ,
1429 3746 1791 3819 ἡγεμονεύον-

210 3855 308 3901 τος
340 3839 566 3892 Ποντίου
600 3838 832 3893 Πιλάτου
872 3840 974 3910 τῆς
1028 3838 1285 3903 Ἰουδαίας
1310 3855 1323 3868 ·
1375 3839 1469 3893 καὶ
1512 3837 1791 3902 Ματθαῖος

209 3928 269 3981 δὲ
313 3927 471 3982 τοῦτο
523 3929 654 3983 αὐτὸ
695 3930 1060 4002 αἰνιττόμενος
1118 3930 1390 4001 σημαίνει.
1439 3929 1793 4002 Ὑπογράψας

211 4019 347 4086 γοῦν
381 4018 480 4091 τὴν
521 4020 616 4074 τοῦ
663 4022 870 4091 Κυρίου
929 4021 1022 4076 καὶ
1074 4023 1324 4094 Σωτῆρος
1355 4020 1511 4093 ἡμῶν
1550 4023 1789 4091 γένεσιν,

212 4108 460 4177 ἐπελέγει
492 4127 505 4140 ·
558 4128 576 4161 ι
614 4110 721 4163 Τοῦ
762 4111 821 4164 δὲ
860 4112 1035 4183 Ἰησοῦ
1072 4112 1421 4185 γεννηθέντος
1462 4114 1519 4166 ἐν
1546 4111 1793 4183 Βηθλεὲμ

210 4198 317 4268 τῆς
355 4199 610 4264 Ἰουδαίας
643 4202 700 4254 ἐν
724 4202 958 4274 ἡμέραις
996 4202 1231 4274 Ἡρώδου
1252 4202 1345 4257 τοῦ
1372 4201 1652 4274 βασιλέως,
1680 4203 1788 4256 ἰδοὺ

216 4290 384 4360 μάγοι
400 4290 509 4343 ἀπὸ
524 4291 794 4345 ἀνατολῶν
811 4292 1171 4363 παρεγένοντο
1201 4295 1281 4356 είς
1305 4292 1672 4364 Ἱεροσόλυμα,
1702 4292 1791 4346 λέ·-

217 4398 426 4450 γοντεςο
448 4382 559 4435 Ποῦ
577 4382 722 4435 ἐστιν
740 4386 768 4438 6
784 4385 995 4455 τεχθεὶς
1020 4383 1271 4454 βασιλεὺς
1289 4384 1399 4438 τῶν
1428 4384 1698 4438 Ἰουδαίων
1717 4401 1731 4450 ;
1762 4404 1782 4437 ›

209 4472 282 4526 δι’
322 4466 399 4525 ὧν
444 4474 631 4543 σαφῶς
681 4474 1009 4546 παρίστησι,
1061 4475 1154 4529 καὶ
1212 4474 1307 4528 τοῦ
1352 4474 1646 4544 ἀλλοφύλου
1688 4475 1788 4546 τὴν
1818 4499 1864 4558 ι)

212 4563 338 4615 κατ’
365 4563 544 4617 αὐτῶν
588 4566 782 4637 ἀρχὴν,
816 4568 911 4619 καὶ
942 4566 1048 4619 τῶν
1077 4567 1137 4631 ἐξ
1171 4566 1432 4638 ἀνατολῆς
1478 4566 1789 4635 ἀλλοφύλων

215 4653 391 4707 ἐθνῶν
444 4655 544 4727 τὴν
594 4656 700 4709 ὑπὸ
747 4657 840 4711 τοῦ
873 4656 1007 4710 Θεοῦ
1066 4658 1272 4729 κλῆσιν.
1331 4656 1494 4727 Ὁμοῦ
1562 4673 1622 4709 τε
1680 4656 1788 4729 γὰρ

229 4744 497 4798 Ἰουδαίων
530 4745 814 4816 ἀλλόφυλοι
857 4746 1142 4818 ἐκράτουν,
1177 4749 1273 4801 καὶ
1314 4747 1406 4800 τὸν
1442 4747 1608 4800 πάλαι
1652 4764 1788 4817 προ-

213 4835 582 4907 φητευόμενον
623 4836 856 4908 Χριστὸν
893 4837 987 4891 τοῦ
1026 4836 1160 4891 Θεοῦ
1205 4837 1535 4906 ὲγίγνωσκόν
1583 4853 1642 4889 τε
1692 4837 1786 4890 καὶ

214 4927 581 4998 προσεκύνουν
634 4927 935 4997 ἀλλόφυλοι,
995 4927 1056 4994 ἐξ
1115 4927 1384 4982 ἀνατολῶν
1442 4927 1782 4992 ἐπιστάντες.

213 5017 427 5071 υύκοῦν
463 5019 648 5089 σαφῶς
681 5019 769 5073 διὰ
795 5019 997 5074 τούτων
1039 5019 1191 5083 τέλος
1227 5018 1426 5090 ἔχουσα
1456 5019 1549 5071 τοῦ
1590 5016 1784 5071 Ἰακὼϐ

213 5110 248 5179 ἡ
282 5111 585 5180 προφητεία
624 5110 917 5175 δείκνυται,
945 5112 1031 5164 ἐπ’
1061 5110 1289 5181 ἐσχάτου
1329 5110 1430 5180 τῆς
1477 5108 1788 5171 συστάσεως

212 5200 309 5254 τοῦ
344 5201 615 5256 Ἰουδαίων
642 5202 826 5265 ἔθνους
851 5201 1287 5265 ἀποτελεσθεῖσα,
1320 5199 1600 5271 ὠσπεροῦν
1625 5199 1787 5263 αὐτὸς

211 5295 329 5355 τοῖς
343 5293 537 5346 ἑαυτοῦ
553 5295 736 5348 παισὶν
760 5294 1067 5360 ἐθέσπισεν,
1089 5294 1285 5349 εἰπών’
1321 5314 1339 5346 ι
1365 5295 1671 5366 Συνάχθητε
1697 5293 1786 5349 ἵνα

211 5384 537 5451 ἀπαγγείλω
586 5386 713 5456 ὑμῖν
763 5386 818 5439 τί
875 5386 1210 5456 συμϐήσεται
1257 5387 1385 5457 ὑμῖν
1426 5387 1513 5441 ἐπ’
1555 5387 1785 5458 ἐσχάτου

211 5475 324 5528 τῶν
351 5475 606 5547 ἡμερῶν·
632 5496 651 5528 ›
705 5479 938 5547 ἐσχάτας
984 5479 1194 5549 ἡμέρας
1237 5480 1497 5534 νοούντων
1535 5480 1689 5550 ἡμῶν
1716 5479 1784 5532 τὰ

213 5566 422 5638 ισχατα
442 5568 543 5638 τῆς
571 5568 878 5633 συστάσεως
906 5570 998 5622 τοῦ
1027 5570 1291 5624 Ἰουδαίων
1322 5571 1526 5636 ἔθνους.
1557 5570 1622 5624 Τί
1652 5571 1784 5646 δῆτα

287 5749 405 5780 "M
445 5747 635 5802 Matth.
674 5763 748 5807 ιι,
783 5748 902 5811 1,2.

543 5841 813 5903 Parnm.
857 5844 974 5905 Gn.
1025 5844 1215 5909 XXII.

1816 3155 1863 3218 C

1891 3207 2002 3265 quo
2032 3192 2363 3249 domesticus
2397 3189 2638 3246 Iudaica:
2669 3191 2845 3261 gentis
2870 3192 3210 3264 principatus
3239 3190 3458 3255 defecit,

1893 3294 2148 3339 necatum
2178 3283 2330 3338 tollit‘
2347 3282 2415 3337 de
2443 3282 2642 3337 medio.
2669 3280 2828 3353 Isque
2852 3283 3079 3353 primus,
3104 3292 3165 3337 ut
3187 3283 3458 3347 dicebam,

1889 3383 2117 3431 externo
2145 3389 2341 3442 genere
2366 3380 2520 3427 ortus
2546 3371 2854 3428 Iudaeorum
2888 3389 2982 3428 rex
3024 3375 3457 3445 est.appellatus.

1890 3468 2067 3540 Hujus
2108 3484 2239 3541 ergo
2279 3467 2616 3541 temporibus
2661 3482 2784 3523 cum
2828 3464 2988 3522 Iesus
3016 3465 3264 3522 Christus
3315 3476 3462 3522 esset

1890 3567 2075 3622 natus,
2109 3558 2263 3616 Iudae
2293 3559 2468 3613 tribus
2496 3556 2733 3629 dignitas
2764 3555 2978 3610 sublata
3008 3565 3092 3610 est
3129 3573 3142 3610 :
3182 3555 3459 3609 sublatum

1891 3660 1976 3708 est
2015 3647 2327 3706 Iudaeorum
2373 3650 2659 3720 imperium
2686 3655 2741 3701 et
2775 3661 3025 3715 regnum,
3071 3645 3337 3715 completa
3377 3655 3462 3700 est

1890 3744 2136 3814 proxime
2156 3742 2403 3812 exposita
2424 3741 2706 3812 prophetia
2733 3758 2747 3793 :
2773 3758 2791 3790 ι
2816 3739 2935 3793 Νοιι
2964 3737 3174 3792 deﬁciet
3205 3735 3461 3806 princeps

1890 3836 1959 3892 de
1979 3830 2142 3901 Iuda,
2172 3849 2351 3903 neque
2387 3832 2501 3887 dux
2545 3832 2612 3887 de
2663 3830 2960 3886 femoribus
2989 3828 3130 3899 ejus,
3168 3829 3341 3883 donec
3368 3845 3461 3882 vc-

1890 3925 2046 3981 niant
2076 3940 2197 3996 quae
2221 3925 2461 3994 reposita
2492 3931 2619 3978 sunt
2642 3923 2713 3977 ei.
2757 3941 2777 3974 ι
2809 3920 2965 3975 Hunc
2995 3928 3175 3974 autem
3204 3918 3337 3974 dicit
3374 3920 3461 3972 fu-

1891 4026 2075 4073 turum
2116 4032 2226 4072 non
2270 4014 2512 4072 Iudaicae
2543 4015 2743 4087 gentis,
2782 4014 2877 4070 sed
2910 4014 3150 4084 gentium
3180 4023 3461 4082 exspecta-

1890 4108 2116 4162 tionem.
2158 4107 2426 4173 Quoniam
2456 4106 2621 4175 igitur
2653 4104 2896 4173 reposita
2945 4109 3064 4156 erat
3094 4101 3184 4154 illa
3215 4101 3455 4170 gentium

1890 4196 2196 4251 vocationis
2233 4195 2589 4264 exspectatio,
2629 4207 2751 4262 quae
2785 4207 2851 4246 ex
2886 4190 3110 4245 oraculo
3143 4190 3247 4260 ipsi
3280 4186 3459 4244 Abra-

1890 4288 1976 4343 hae
2006 4288 2276 4358 promissa
2319 4293 2423 4350 est,
2452 4300 2574 4340 cum
2615 4300 2681 4339 ex
2709 4281 2939 4338 Iudaica
2984 4287 3142 4351 gente
3170 4281 3282 4350 jam
3310 4279 3459 4335 defe-

1891 4381 2093 4435 cissent
2118 4387 2172 4433 et
2221 4376 2496 4447 principes
2531 4383 2585 4430 ct
2613 4373 2801 4436 duces,
2836 4372 3270 4439 translatumque
3302 4371 3370 4425 ab
3394 4386 3459 4424 ea

1888 4480 2033 4528 esset
2062 4471 2348 4539 imperium
2385 4469 2442 4523 in
2471 4466 2765 4529 Romanos,
2794 4472 2848 4520 et
2885 4464 2943 4517 in
2966 4464 3116 4517 illum
3166 4461 3455 4524 Ilerodem,

1893 4565 1962 4619 de
2000 4578 2110 4634 quo
2150 4561 2353 4615 dictum
2383 4566 2490 4621 est,
2513 4560 2707 4612 merito
2744 4567 2988 4628 tempora
3018 4556 3217 4625 quibus
3242 4553 3460 4608 Iudaeo-

1891 4673 2014 4712 rum
2055 4655 2332 4727 principes
2366 4650 2692 4708 defecissent
2721 4648 2897 4704 Lucas
2927 4646 3258 4718 evangelista
3288 4646 3459 4716 signi-

1893 4750 2084 4811 ﬁcans,
2117 4747 2332 4801 initium
2365 4743 2630 4797 doctrinae
2661 4740 2865 4795 Christi
2890 4747 3077 4793 narrat
3105 4737 3307 4792 factum
3338 4750 3459 4790 csse

1892 4841 1951 4892 in
1996 4852 2139 4891 anno
2178 4851 2249 4890 xv
2299 4833 2512 4902 imperii
2563 4830 2766 4886 Tiberii
2815 4829 3081 4892 Czesaris,
3128 4834 3459 4897 procurante
3503 4881 3511 4891 ,

1892 4929 2086 4985 Pontio
2126 4926 2301 4981 Pilato
2343 4924 2606 4979 Iudaeam.
2636 4922 2922 4976 Malthaeus
2957 4935 3173 4990 quoque
3211 4916 3456 4972 eamdem

1892 5035 2007 5076 rem
2031 5019 2264 5074 innuens
2288 5023 2440 5071 notat
2472 5035 2486 5071 :
2521 5031 2645 5069 nam
2676 5022 2797 5068 ortu
2824 5012 3038 5067 Domini
3063 5026 3127 5065 ac
3159 5008 3457 5063 Salvatoris

1891 5110 2065 5166 nostri
2088 5107 2381 5177 descripto,
2402 5106 2656 5174 deinceps
2673 5103 2947 5174 adjungit:
2972 5120 2991 5152 ‹
3011 5099 3146 5154 Cum
3172 5104 3352 5151 autem
3368 5093 3460 5149 πε·-

1893 5217 1989 5258 sus
2016 5208 2177 5256 natus
2202 5204 2348 5255 esset
2369 5197 2425 5251 in
2444 5196 2752 5252 Bethlehem
2774 5194 2992 5256 Judazae,
3018 5191 3072 5245 in
3090 5190 3282 5244 diebus
3294 5185 3463 5240 Heru-

1891 5295 1978 5351 dis
2003 5294 2164 5364 regis,
2195 5305 2321 5347 ecce
2352 5288 2489 5359 Magi
2522 5287 2590 5341 ab
2616 5286 2836 5341 Oriente
2860 5289 3124 5338 venerunt
3153 5278 3436 5349 Ilierosoly

1892 5400 2058 5449 mam,
2098 5383 2375 5449 dicentes:
2404 5378 2508 5434 Ubi
2555 5384 2639 5432 est
2667 5376 2761 5446 qui
2788 5384 2951 5430 natus
2976 5380 3062 5430 est
3101 5387 3200 5426 rex
3235 5368 3456 5424 Iudaeo-

1891 5492 2010 5532 rum
2025 5446 2169 5527 ι*³-⁵’⁸⁶ί
2183 5472 2434 5545 »375ἱη
2451 5484 2559 5540 quo
2575 5469 2730 5538 plane
2746 5464 2984 5524 ostendit
3001 5473 3056 5520 et
3066 5461 3277 5519 externi
3290 5458 3462 5516 homi-

1887 5569 1975 5627 nis
2007 5569 2063 5623 in
2092 5567 2214 5623 illos
2244 5554 2619 5635 imperium,et
2635 5570 2979 5617 externarum
2999 5557 3067 5611 ab
3086 5553 3307 5610 Oriente
3327 5566 3464 5625 gen-

3069 5831 3145 5890 19
