3828 6220
380 247 486 303 587
1026 254 1296 312 EL'SEBII
1335 256 1817 315 CAESARIENSIS
1868 259 2022 318 OPP.
2065 260 2248 316 PARS
2296 260 2362 316 Il.
2406 292 2476 303 -—
2514 260 3015 318 APOLOGETICA.
3556 264 3658 321 583

381 370 516 425 tium
552 384 583 425 a
623 370 736 429 Deo
784 374 1147 434 vocationem.
1193 378 1394 435 Eodem
1442 382 1587 436 enim
1634 390 1878 454 tempore

2142 387 2260 447 ιτοῖς
2302 385 2547 456 ἀπαντᾷν
2593 385 2846 456 ἐμελλενς
2895 383 3136 455 ἔκλειψις
3182 385 3281 455 μὲν
3334 384 3434 456 τῆς
3482 385 3654 457 ἀρχῆς

380 464 595 520 externi
628 464 832 523 Iudaeis
861 468 1223 539 imperabant,
1246 478 1301 526 et
1320 470 1599 528 Christum
1625 473 1741 539 Dei,
1762 474 1830 530 de
1855 492 1889 546 q

2139 472 2276 536 ιύδα,
2330 472 2425 525 καὶ
2465 470 2559 525 τοῦ
2610 473 2812 536 παντὸς
2853 472 3041 536 ἔθνους
3089 474 3268 526 αὐτῶν
3316 473 3651 548 καθαίρεσις,

378 556 664 626 prophetae
678 559 845 615 locuti
860 559 1097 626 fuerant,
1120 564 1329 618 externi
1350 566 1418 618 ab
1446 564 1685 623 Orientis
1714 569 1890 638 partih

2141 567 2248 620 ﬁli
2278 582 2338 619 τε
2368 565 2464 620 καὶ
2503 563 2654 635 λῆξις
2694 565 2805 618 τῶν
2844 563 3162 635 ἡγουμένων
3196 564 3397 625 αὐτῶν.
3434 567 3530 618 καὶ
3555 566 3653 636 τῆς

377 646 637 718 profecti,
662 657 716 705 et
743 659 1135 723 cognoverunt,
1154 660 1208 708 et
1233 652 1618 711 adoraverunt.
1641 658 1783 728 Ergo
1805 659 1889 728 pla

2141 659 2237 730 λῆς
2281 658 2444 724 αὑτοῦ
2478 658 2573 712 τοῦ
2615 657 2895 729 βασιλικοῦ
2935 658 3030 710 καὶ
3071 656 3298 729 ἀρχικοῦ
3340 655 3653 728 ἀξιώματος

375 740 434 794 ἱη
477 739 566 796 bis
591 732 757 797 ﬁnem
787 758 947 798 suum
973 745 1295 814 contingens
1328 746 1613 817 prophetia
1651 746 1840 814 Jacob,
1866 765 1887 803 a

2138 751 2379 815 τάλυσις,
2424 750 2662 823 Χριστοῦ
2715 750 2773 803 δέ
2820 749 2963 821 ἀρχὴ
3011 750 3105 802 καὶ
3152 749 3419 820 βασιλεία,
3450 751 3512 803 οὐ
3556 749 3650 804 τοῦ

377 840 535 904 paret
578 834 1034 905 quemadmodum
1079 838 1345 907 completa
1382 841 1474 906 sit,
1502 854 1626 894 cum
1677 841 1744 896 ad
1783 850 1889 896 exti

2137 840 2310 912 τραὴλ,
2337 840 2476 895 ἀλλά
2503 840 2611 892 τῶν
2644 838 2814 893 ἐθνῶν
2840 839 3095 892 ἁπάντων
3110 839 3376 910 ἄρχουσα,
3402 840 3547 894 κατά
3567 841 3649 896 τοο

378 939 528 979 mum
572 925 658 980 sui
703 933 880 982 status
910 924 1137 983 Judaiea
1188 944 1321 999 gens
1362 931 1622 996 venisset,
1653 934 1797 989 sicut
1843 935 1890 1004 ip

2139 932 2207 984 αἱ
2233 931 2395 994 αὐτὸς
2424 929 2716 1003 προσδοκία
2745 928 2936 983 ἐθνῶν.
2971 948 2989 980 ι
3039 931 3135 993 Τίς
3172 931 3218 983 δ’
3240 931 3339 983 οὐκ
3364 930 3431 985 ἂν
3454 932 3651 1002 ὁμολοο

377 1033 600 1089 quoque
627 1018 694 1072 ad
728 1034 860 1075 suos
896 1019 1036 1076 ﬁlios
1068 1021 1269 1076 cecinit
1301 1037 1426 1077 cum
1448 1024 1617 1080 dixit:
1657 1043 1676 1076 ι
1716 1026 1889 1098 Cong:

2138 1040 2247 1076 σειε
2307 1022 2480 1076 ταῦτα
2538 1021 2680 1075 οῦτω
2734 1020 2924 1085 σαφῶς
2977 1020 3069 1073 ἐπὶ
3132 1023 3198 1092 τῇ
3250 1020 3344 1075 τοῦ
3395 1022 3650 1092 Σωτῆρος

377 1111 586 1180 gamini
608 1120 667 1166 ιιι
685 1112 1004 1167 annuntiem
1031 1112 1208 1172 vobis,
1235 1114 1366 1184 quid
1395 1122 1717 1171 eventurum
1755 1119 1827 1173 sit
1857 1136 1889 1172 v

2134 1112 2216 1165 ,ῶν
2258 1112 2551 1184 ἐπιφανείᾳ
2603 1110 3034 1183 πεπληρῶσθαι;
3085 1113 3175 1164 ὅτε
3220 1113 3270 1164 οἰ
3319 1111 3488 1166 πάλαι
3540 1114 3646 1184 πρὸ

374 1202 462 1259 bis
495 1202 552 1258 in
579 1212 822 1261 extremo
852 1204 1083 1260 dierum.
1125 1224 1143 1257 ι
1171 1204 1282 1262 Nos
1311 1207 1456 1261 enim
1492 1215 1766 1265 extremos
1795 1210 1886 1263 intt

2137 1224 2158 1268 ;
2200 1206 2294 1258 τοῦ
2326 1205 2564 1278 Χριστοῦ
2611 1205 2878 1275 γενέσεως
2910 1206 2996 1258 ἐπ’
3028 1205 3250 1269 οἰκείοις
3281 1205 3510 1279 ἄρχουσι
3553 1208 3649 1260 καὶ

373 1293 597 1365 ligimus
646 1295 787 1359 dies,
841 1305 1083 1351 extrema
1113 1307 1291 1352 status
1338 1297 1580 1355 Iudaica“:
1623 1301 1800 1370 gentis
1818 1308 1885 1357 te:

2135 1299 2409 1369 ουμένοις,
2457 1298 2551 1351 καὶ
2594 1300 2833 1360 συνετοΞς
2863 1296 2970 1349 τῶν
3000 1296 3157 1350 θείων
3200 1298 3647 1368 ἀναγνωσμάτων

372 1401 528 1457 pora.
584 1386 876 1453 Caeterum,
932 1388 1063 1459 quid
1093 1389 1311 1444 tandem
1348 1392 1424 1445 illi
1457 1400 1779 1448 eventurum
1816 1393 1884 1447 fui

2134 1394 2372 1463 ροαταῖς,
2422 1390 2699 1461 βασιλεῦσί
2744 1407 2804 1442 τε
2859 1388 3005 1453 ἰδίοις
3047 1390 3141 1443 καί
3185 1388 3506 1463 ἀρχιερεῦσι
3549 1392 3646 1444 καὶ

371 1477 579 1550 Nempe
618 1479 864 1535 defectus
912 1480 1137 1536 honoris
1181 1480 1353 1550 Iuda),
1415 1491 1469 1539 et
1521 1485 1786 1541 universa:
1836 1487 1883 1556 ej

2135 1485 2364 1555 οφήταις
2417 1482 2892 1555 λαμπρυνόμενοι,
2955 1482 3092 1552 αὐτή
3156 1499 3214 1535 τε
3265 1483 3299 1553 ἡ
3337 1481 3434 1534 τοῦ
3473 1482 3647 1535 ’ἰούδα

374 1574 553 1643 gentis
586 1574 841 1640 sublatio,
872 1575 1029 1644 quies
1049 1582 1103 1627 ct
1124 1574 1438 1629 terminatio
1466 1575 1667 1631 ducum
1683 1577 1886 1646 ejusdei

2133 1572 2197 1645 λὴ
2226 1573 2476 1647 βασιλικὴ
2519 1570 2675 1639 οὖσα,
2704 1573 2813 1627 τῶν
2846 1571 3056 1645 ἐχθρῶν
3088 1574 3182 1626 καὶ
3214 1571 3490 1642 πολεμίων
3524 1573 3642 1625 ἐπι-

372 1664 551 1721 tribus
568 1663 741 1735 ipsius
757 1664 1095 1734 principatus
1118 1705 1132 1730 ,
1163 1665 1433 1737 regiaeque
1461 1667 1747 1739 dignitatis
1789 1668 1884 1723 dis:

2132 1666 2360 1732 ατοῦσα,
2407 1664 2756 1737 κατάρχουσά
2784 1681 2844 1717 τε
2872 1664 2966 1718 καὶ
2997 1663 3272 1736 ἡγουμένη
3301 1662 3397 1717 τοῦ
3443 1665 3644 1727 παντὸς

374 1758 544 1827 patio,
585 1756 792 1811 Christi
827 1756 1115 1826 imperium
1174 1764 1228 1811 et
1252 1772 1503 1827 regnum,
1551 1776 1662 1816 non
1692 1760 1838 1831 quod

2131 1775 2259 1823 ρους,
2290 1759 2345 1812 οἵ
2373 1776 2433 1811 τε
2462 1759 2520 1811 ἐν
2555 1759 2738 1823 αὐτοῖς
2770 1757 2937 1812 πάλαι
2963 1756 3374 1829 διαπρέποντες,
3401 1757 3464 1824 ἐξ
3497 1756 3643 1811 ἐκεί-

372 1848 559 1916 lsrael,
596 1849 691 1905 sed
724 1849 869 1919 quod
897 1851 954 1902 in
986 1848 1242 1904 omnibus
1273 1850 1524 1921 gentibus
1554 1850 1884 1908 dominarett

2128 1870 2145 1903 δ
2177 1851 2271 1904 καὶ
2296 1851 2375 1914 εἰς
2401 1849 2560 1921 δεῦρο
2583 1849 2874 1919 Ῥωμαίοις
2903 1847 3182 1910 ὑποτελεῖς
3211 1846 3640 1920 καθεστήκασιν.

368 1941 525 2011 juxta
553 1941 724 1996 illud:
782 1960 800 1992 ‹
833 1940 899 1994 Ει
947 1941 1065 2011 ipsc
1117 1942 1451 2011 exspectatio
1481 1944 1745 2014 gentium.
1786 1964 1804 1998 ι
1842 1944 1880 1999 S

2128 1941 2339 2011 πεφάνη
2384 1939 2493 2012 γὰρ
2536 1940 2721 2009 σαφῶς
2769 1941 2797 1992 6
2826 1939 3060 2011 Χριστὸς
3106 1937 3201 1992 τοῦ
3243 1938 3402 2004 Θεοῦ,
3451 1938 3547 1993 καὶ
3577 1938 3640 2004 ἐξ

372 2034 498 2103 quis
556 2048 661 2087 non
699 2032 859 2104 plane
898 2018 1166 2098 lfateatur,
1195 2034 1378 2088 omnia
1403 2034 1520 2089 haec
1555 2035 1610 2090 in
1643 2034 1884 2092 Salvator

2127 2034 2261 2087 είνου
2300 2036 2333 2104 ὴ
2358 2032 2624 2104 λεγομένη
2674 2031 2970 2103 προσδοκία
2999 2031 3108 2085 τῶν
3142 2031 3311 2086 ἐθνῶν
3343 2034 3425 2096 εἰς
3459 2032 3639 2086 πάντα

372 2126 549 2180 nostri
577 2126 814 2180 adventu
846 2125 1116 2196 completa
1140 2127 1301 2182 esse?
1355 2124 1635 2198 Siquidem
1694 2131 1789 2201 qui
1823 2146 1884 2187 an

2150 2124 2276 2194 ἐθνη
2310 2125 2769 2195 ἀνακεκήρυκται.
2815 2124 2886 2177 Ἢ
2912 2124 3120 2193 λεγέτω
3158 2140 3264 2188 τις,
3295 2126 3343 2178 εί
3380 2123 3457 2196 μὴ
3495 2124 3641 2178 κατὰ

371 2217 579 2274 Christi
631 2226 811 2273 ortum
843 2216 1159 2272 domesticis
1207 2217 1546 2289 principibus
1585 2209 1649 2275 ac
1693 2220 1883 2277 ducibu

2127 2232 2148 2267 ν
2186 2215 2510 2284 ἐπιφάνειαν
2548 2213 2723 2285 Ἰησοῦ
2764 2212 2859 2268 τοῦ
2901 2215 3152 2286 Σωτῆρος
3200 2215 3376 2288 ἡμῶν,
3419 2214 3491 2269 τά
3538 2216 3639 2286 μὲν

371 2318 424 2365 et
452 2308 745 2366 solertibus
769 2308 1076 2363 divinarum
1107 2308 1407 2364 lectionum
1436 2309 1801 2377 auditoribus,
1832 2329 1880 2369 ει

2124 2306 2202 2378 νρά
2240 2307 2513 2371 Ἰουδαίοις
2548 2304 2742 2377 σεμνὰ,
2775 2306 2811 2376 ἥ
2840 2322 2899 2358 τε
2928 2307 3260 2378 μητρόπολις
3306 2307 3487 2361 αὐτῶν
3519 2308 3636 2379 ἅμα

369 2405 499 2457 item
533 2401 771 2473 propriis
814 2401 1037 2471 regibus
1079 2406 1134 2455 et
1178 2401 1530 2470 pontificibus
1577 2412 1632 2459 et
1666 2407 1881 2475 prophct

2121 2419 2127 2445 ι
2170 2397 2327 2469 ἱερῷ,
2364 2398 2459 2451 καὶ¹
2501 2400 2567 2469 τῇ
2602 2399 2660 2450 ἐν
2699 2396 2873 2466 τούτῳ
2913 2398 3309 2470 συντελουμένῃ
3357 2400 3633 2471 ἁγιστείξ,

368 2494 764 2566 gloriabantur,
803 2507 1048 2563 quaeque.
1081 2492 1210 2546 olim
1243 2494 1441 2564 regalis
1474 2510 1597 2549 cum
1626 2505 1792 2560 esset,
1830 2506 1880 2550 tu

2126 2490 2189 2544 τὰ
2229 2491 2324 2544 καὶ
2362 2489 2470 2543 τῶν
2503 2488 2719 2543 οἰκείων
2762 2490 3079 2560 ἡγουμένων
3120 2506 3180 2542 τε
3213 2491 3308 2543 καὶ
3356 2490 3638 2561 ἀρχόντων

367 2601 498 2641 suos
524 2585 713 2641 hostes
746 2591 908 2655 atque
931 2585 1183 2640 inimicos
1211 2586 1522 2656 superabat,
1548 2594 1662 2641 tum
1680 2603 1794 2644 suae
1814 2605 1877 2659 ge

2126 2581 2414 2635 ιλέλοιπεν·
2471 2581 2843 2636 ἀναδέδεικται
2908 2581 2966 2634 δέ
3028 2580 3089 2646 ἐξ
3154 2581 3365 2635 ἐκείνου
3418 2581 3489 2635 τὰ
3537 2583 3638 2654 τῆς

367 2679 436 2734 tis
497 2679 765 2734 universae
818 2678 1072 2748 princeps
1123 2688 1179 2733 et
1239 2679 1347 2734 dux
1398 2679 1717 2745 exsistebat,
1772 2681 1879 2736 trib

2123 2673 2279 2738 πίδος,
2312 2674 2405 2726 καὶ
2436 2674 2734 2744 προσδοκία
2757 2674 2864 2727 τῶν
2896 2672 3064 2729 ἐθνῶν
3094 2672 3202 2726 τῶν
3230 2672 3351 2726 καθ’
3381 2673 3511 2746 ὅλης
3534 2676 3635 2743 τῆς

363 2767 853 2833 Juda.Postremo,
878 2770 1192 2840 quicunque
1223 2770 1366 2825 inter
1387 2770 1510 2824 illos
1541 2770 1815 2839 quondam
1850 2789 1875 2828 e

2124 2764 2404 2836 ιουμένης,
2461 2766 2553 2818 ὅτε
2615 2767 2711 2819 καὶ
2762 2765 2987 2837 ἐλήλυθε
3048 2764 3118 2818 τὰ
3167 2765 3508 2836 ἀποκείμενα
3556 2766 3636 2837 τῷ

365 2860 653 2925 cellebant,
681 2877 749 2917 ex
782 2861 876 2916 illo
906 2861 974 2915 ad
1018 2860 1166 2915 hunc
1191 2876 1367 2932 usque
1397 2860 1539 2916 diem
1569 2860 1877 2918 Romanisu

2121 2858 2255 2927 ›ρίῳ.
2282 2857 2416 2910 Τίνα
2441 2857 2498 2911 δὲ
2532 2857 2564 2929 ἢ
2604 2857 2673 2911 τὰ
2713 2857 3015 2929 δηλούμενα
3042 2857 3130 2910 διὰ
3159 2856 3273 2910 τοῦθ
3307 2876 3326 2907 σ
3351 2857 3543 2919 Ἰούδα,
3572 2858 3633 2911 σὲ

364 2951 563 3007 butarii
597 2950 750 3010 facti.
779 2958 973 3021 parent
999 2966 1066 3005 ac
1094 2953 1358 3008 serviunt.
1388 2950 1556 3009 Plane
1597 2954 1743 3009 enim
1784 2954 1876 3010 Clu

2117 2947 2347 3001 νέσουσιν
2374 2950 2423 3001 οἱ
2454 2948 2672 3018 ἀδελφοί
2715 2966 2841 3013 σου,
2884 2950 2941 3002 αἰ
2968 2948 3148 3021 χεῖρές
3182 2965 3274 3002 σου
3329 2947 3422 3001 ἐπὶ
3459 2947 3629 3002 νώτου

363 3051 485 3099 stus
510 3042 603 3098 Dei
627 3041 921 3098 videndum
964 3058 1024 3099 se
1057 3044 1310 3116 praebuit.
1350 3045 1528 3117 Atque
1573 3062 1640 3101 ex
1671 3047 1786 3113 illo,
1822 3065 1875 3119 qt

2115 3056 2154 3094 ιν
2174 3038 2383 3110 ἐχθρῶν
2406 3055 2521 3095 σου.
2546 3039 2791 3111 Σκύμνος
2813 3041 3024 3104 λέοντος
3047 3039 3234 3105 Ἰούδα,
3279 3042 3345 3094 ἐκ
3371 3040 3627 3111 βλαστοῦ,

2115 3131 2125 3155 ι
2188 3143 2286 3155 ..-η
2353 3131 2547 3155 ληιρμ
2615 3130 2928 3155 ,μω---.ιω
2993 3130 3289 3155 ι,,,,,,ω,,
3337 3131 3411 3155 ,-.-
3468 3131 3607 3155 ηιμ-.

360 3132 647 3187 dicebatur
695 3133 1033 3203 exspectatio
1090 3136 1355 3205 gentium,
1389 3138 1647 3194 omnibus
1685 3140 1869 3212 gentib

2116 3131 2128 3184 Ξ
2186 3143 2308 3196 μου,
2349 3131 2566 3204 ἀνέϐης.
2615 3130 2928 3187 Ἀναπεσὼν
2990 3130 3289 3203 ἐκοιμήθης
3334 3131 3411 3195 ὡς
3468 3131 3628 3196 λέων,

362 3223 541 3294 palam
573 3223 823 3277 nuntiata
867 3232 971 3280 est.
999 3233 1105 3281 Aut
1136 3227 1283 3282 dicat
1324 3229 1458 3283 mihi
1484 3229 1705 3300 aliquis,
1755 3240 1874 3287 utru

2116 3221 2133 3275 ί
2162 3220 2239 3286 ὡς
2270 3219 2509 3292 σκύμνος
2553 3221 2784 3287 λέοντος.
2814 3223 2911 3288 Τίς
2947 3225 3129 3295 ἐγερεῖ
3158 3223 3352 3288 αὐτόνς
3379 3243 3399 3276 ι
3438 3221 3628 3279 Ταῦτα

363 3315 422 3368 in
456 3313 691 3370 adventu
712 3312 843 3372 Jesu
866 3314 1168 3374 Salvatoris
1190 3320 1363 3376 nostri
1388 3361 1402 3385 ,
1432 3337 1771 3395 quaecunque
1794 3341 1875 3395 apt

2116 3330 2146 3385 ρ
2193 3313 2316 3368 καθ’
2349 3313 2543 3386 ἑτέραν
2598 3313 2839 3370 διάνοιαν
2880 3314 2951 3369 τὰ
2994 3314 3144 3386 αὐτῷ
3185 3315 3558 3385 ἀποκείμενα·
3592 3315 3628 3371 ἃ

362 3404 623 3462 Hebraeos
674 3406 1018 3478 majestatem
1079 3410 1314 3481 aliquam
1370 3411 1665 3481 haberent,
1720 3431 1874 3471 necnt

2115 3407 2131 3461 ἰ
2158 3407 2319 3477 αὐτὰ,
2351 3407 2508 3480 φέρε,
2537 3410 2986 3481 κατανοήσωμεν,
3033 3408 3255 3480 πρῶτον
3282 3407 3462 3479 τούτῳ
3501 3409 3627 3462 ἐπι-

358 3504 535 3553 mater
566 3498 810 3570 ipsorum
842 3500 1038 3556 civitas
1072 3517 1181 3555 una
1209 3517 1334 3557 cum
1371 3505 1593 3575 templo,
1623 3514 1675 3562 et
1700 3522 1766 3562 eo
1791 3522 1870 3578 qui

2114 3502 2353 3573 ήσαντες,
2388 3502 2465 3566 ὡς
2505 3502 2781 3575 διαφόροις
2799 3502 2891 3556 τὸν
2922 3502 3155 3574 Χριστὸν
3193 3502 3424 3573 ὀνόμασι
3452 3518 3626 3574 προσ-

358 3593 416 3648 in
446 3594 649 3663 templo
677 3593 1058 3650 celebrabatur
1094 3596 1366 3652 sacriﬁcio
1385 3641 1398 3666 ,
1432 3613 1667 3670 cumque
1683 3600 1870 3656 domes

2115 3593 2317 3662 ορεύειν
2359 3590 2614 3660 εἰώθασιν
2652 3594 2700 3645 οἱ
2761 3594 2892 3646 θεῖοι
2928 3590 3188 3663 χρησμοί.
3220 3592 3355 3645 Τοτέ
3390 3591 3491 3662 μὲν
3514 3592 3627 3664 γὰρ

356 3683 438 3738 cis
469 3683 700 3740 ducibus
733 3698 798 3740 ac
830 3685 1166 3756 principibus
1198 3702 1308 3741 non
1329 3687 1649 3753 defecerint,
1679 3699 1733 3745 et
1751 3699 1868 3745 utru

2112 3684 2196 3737 τὸν
2228 3684 2483 3737 καλοῦσιν
2524 3684 2739 3738 Ἰακώϐ·
2786 3704 2803 3737 ι
2828 3683 3023 3738 Ἰακὼό
3066 3687 3096 3738 6
3136 3687 3265 3748 παῖς
3310 3702 3436 3755 μου,
3468 3686 3624 3739 ἀντι-

357 3790 478 3850 qua:
504 3775 562 3830 in
591 3790 686 3846 spe
713 3776 891 3846 posita
935 3783 1113 3842 erant,
1168 3780 1524 3849 gentiumque
1562 3795 1684 3850 quae
1725 3781 1781 3835 in
1817 3788 1869 3836 to

2114 3775 2273 3846 ιιομαι
2306 3776 2494 3840 αὐτοῦ,
2524 3776 2740 3849 Ἰσραὴλ
2771 3780 2799 3831 6
2826 3776 3081 3841 ἐκλεκτός
3105 3795 3232 3848 μου,
3259 3776 3626 3849 προσεδέξατο

356 3870 488 3923 orbe
547 3875 755 3933 essent,
802 3870 1175 3938 exspectatio,
1220 3885 1288 3926 ex
1336 3870 1432 3925 illo
1466 3878 1710 3942 tempore
1767 3889 1868 3944 app

2106 3867 2191 3921 τὸν
2231 3869 2265 3939 ἡ
2299 3868 2443 3940 ψυχή
2498 3886 2618 3939 μου·
2673 3871 2853 3939 κρίσιν
2907 3874 3021 3934 τοῖς
3076 3869 3285 3923 ἔθνεσιν
3339 3870 3563 3937 ἐξοίσει,
3597 3889 3618 3922 ι

356 3956 586 4023 ruerint,
648 3957 867 4028 quando
928 3957 1095 4012 etiam
1118 3973 1204 4022 ea,
1246 3974 1367 4030 quae
1423 3958 1653 4016 Domino
1694 3962 1868 4032 reposi

2111 3959 2209 4012 ἰτὰ
2237 3959 2384 4029 ἐξῆςο
2407 3954 2488 4023 οἷς
2521 3959 2808 4031 ἐπείρηται
2828 3979 2841 3992 ·
2872 3978 2891 4011 ι
2924 3962 3068 4024 Ἕως
3094 3959 3160 4014 ἂν
3185 3959 3250 4032 θῇ
3279 3961 3488 4031 ἐπἰτῆς
3513 3960 3623 4030 γῆς

355 4052 532 4113 erant,
558 4053 844 4101 venerunt.
875 4046 981 4101 Sed
999 4062 1119 4118 quae
1134 4047 1351 4103 tandem
1376 4047 1493 4102 hac
1514 4048 1758 4104 habenda
1780 4067 1867 4106 sur

2110 4053 2232 4117 ίσιν,
2269 4054 2361 4106 καὶ
2395 4055 2488 4106 ἐπὶ
2516 4052 2593 4124 τῷ
2627 4054 2847 4123 ὀνόματι
2898 4053 3063 4107 αὑτοῦ
3114 4053 3241 4125 ἔθνη
3272 4052 3521 4107 ἐλπιοῦσι
3545 4073 3560 4086 ·
3594 4076 3614 4107 ι

354 4137 459 4193 nisi
489 4151 551 4193 ea
581 4152 700 4207 quae
726 4138 966 4193 continet
988 4139 1270 4193 oraculum
1306 4139 1479 4194 illud?
1499 4158 1518 4191 ι
1546 4138 1708 4205 Juda,
1733 4148 1786 4197 te
1815 4143 1866 4196 1a

2111 4145 2149 4197 τέ
2185 4145 2241 4198 δὲ
2279 4146 2441 4199 αὐτὸν
2469 4146 2758 4217 Σολομῶνα
2795 4146 2886 4199 καὶ
2916 4146 3080 4199 Δαϐὶδ
3128 4146 3492 4217 ὀνομάζουσι·
3521 4147 3623 4199 Σο.

353 4229 560 4283 dabunt
589 4229 785 4285 fratres
815 4229 915 4291 tui,
953 4245 1147 4285 manus
1177 4238 1284 4285 tuae
1318 4232 1544 4301 intergo
1578 4232 1865 4289 fnimicoru

2108 4236 2245 4289 ιῶνα
2277 4237 2396 4306 μὲν,
2429 4237 2505 4300 ὡς
2544 4239 2601 4291 ἐν
2633 4245 2709 4290 οα¹
2744 4237 2965 4309 ψαλμῷ,
3007 4238 3476 4309 ἐπιγεγραμμένῳ
3517 4239 3620 4308 μὲν

353 4327 595 4382 tuorum,
652 4321 866 4374 catulus
920 4319 1095 4375 leonis
1143 4319 1306 4385 Juda,
1340 4321 1406 4377 de
1432 4323 1696 4393 germine,
1728 4324 1801 4380 ﬁli
1833 4343 1865 4380 η

2108 4348 2133 4394 ς
2154 4329 2494 4397 Σολομῶνα,
2526 4330 2710 4398 σαφῶς
2725 4330 2780 4383 δὲ
2808 4329 2879 4383 τὰ
2909 4329 3037 4402 περὶ
3062 4330 3156 4383 τοῦ
3190 4330 3431 4401 Χριστοῦ
3462 4347 3620 4402 περι-

353 4411 672 4477 ascendisti,
704 4412 1028 4467 recumbens
1054 4412 1360 4469 dormivisti
1400 4421 1459 4467 ut
1507 4415 1611 4478 leo,
1661 4424 1715 4470 et
1746 4424 1804 4471 ut.
1833 4433 1862 4471 c

2108 4435 2236 4471 >ντι·
2283 4418 2344 4471 τὸ
2374 4418 2504 4490 γὰρ,
2534 4439 2550 4469 ι
2576 4419 3010 4491 Κατακυριεύσει
3044 4418 3151 4471 ἀπὸ
3196 4416 3475 4487 θαλάσσης
3510 4418 3620 4479 ἕως

350 4505 500 4560 tulus
530 4503 722 4570 leonis,
754 4504 879 4574 quis
907 4504 1167 4560 excitabit
1189 4508 1353 4561 eum?
1380 4527 1398 4559 ι
1425 4509 1590 4580 376
1623 4510 1747 4564 [huc
1777 4512 1862 4565 eni

2106 4511 2323 4581 λάσσης,
2357 4512 2449 4564 καὶ
2476 4512 2583 4566 ἀπὸ
2613 4511 2856 4583 ποταμοῦ
2885 4511 2988 4575 ἕως
3009 4510 3260 4583 περάτων
3298 4509 3399 4579 τῆς
3436 4509 3618 4562 οἰκου-

349 4595 457 4651 alio
476 4610 640 4651 sensu
669 4610 732 4651 ea
759 4603 908 4660 sunt,
945 4612 1065 4666 quae
1096 4597 1173 4651 illi
1195 4600 1436 4669 reposita
1465 4610 1642 4668 erant,
1665 4619 1785 4672 qum
1808 4604 1861 4673 ip

2103 4620 2216 4674 νης,
2252 4604 2344 4655 καὶ
2372 4603 2547 4656 πάντα
2578 4603 2704 4673 ἔθνη
2741 4602 3116 4656 δουλεύσουσιν
3144 4599 3313 4671 αὐτῷ,
3341 4619 3357 4650 ι
3390 4600 3488 4653 καὶ
3512 4600 3615 4652 ὅσα

351 4700 569 4755 quoque
613 4685 727 4756 jam
761 4692 978 4755 tempus
1018 4693 1102 4741 est
1140 4695 1200 4741 ut
1239 4692 1690 4760 contemplemur,
1728 4693 1774 4747 si
1820 4694 1863 4748 ht

2102 4691 2234 4757 ὅτοις
2281 4693 2408 4765 ἑξῆς
2457 4694 2485 4747 ὁ
2524 4693 2738 4764 ψαλμὺς
2780 4693 3043 4765 περιέχει,
3092 4693 3237 4762 μόνῳ
3278 4689 3355 4760 τῷ
3388 4690 3614 4761 Χριστῷ

351 4777 586 4846 primum
616 4776 1009 4832 attenderimus
1040 4778 1349 4850 diligenter,
1380 4783 1549 4843 variis
1581 4782 1863 4853 diversisqt

2103 4787 2250 4857 μόζοι
2286 4787 2350 4840 ἄν
2370 4806 2382 4818 ·
2415 4788 2580 4841 Δαόὶδ
2619 4788 2675 4840 δέ
2700 4788 2757 4840 ἐν
2786 4793 2873 4857 πη⁹
2896 4784 3096 4857 ψαλμῷ
3122 4785 3279 4838 πάλιν
3322 4787 3351 4837 6
3377 4784 3615 4855 Χριστὸς

348 4868 630 4924 Christum
675 4868 989 4924 nominibus
1017 4869 1202 4924 divina
1231 4873 1452 4926 oracula
1483 4875 1756 4944 appellare
1782 4890 1860 4929 COI

2097 4874 2379 4947 ηγόρευται
2398 4893 2412 4906 ·
2440 4876 2561 4928 ἐπεὶ
2593 4875 2666 4947 μὴ
2704 4875 2782 4947 τῷ
2814 4874 2996 4939 Δαϐὶδ,
3035 4874 3180 4945 μόνῳ
3210 4873 3268 4927 δὲ
3292 4872 3445 4942 αὐτῴ
3477 4889 3609 4925 κατ-

348 4960 615 5016 suevisse.
640 4958 787 5017 .Nam
831 4960 995 5015 modo
1029 4960 1180 5015 illum
1221 4973 1418 5019 vocant
1443 4963 1611 5020 Jacob
1647 4986 1660 5021 :
1697 4985 1716 5018 ι
1751 4964 1860 5021 Jact

2098 4967 2228 5038 ληλα
2263 4968 2327 5023 ἂν
2360 4969 2442 5040 εἴη
2481 4968 2577 5022 καὶ
2624 4967 2695 5021 τὰ
2740 4970 2798 5021 ἐν
2833 4967 3009 5037 τούτῳ
3041 4966 3344 5036 λεγόμενα,
3379 4959 3493 5017 οἷον
3527 4963 3610 5016 ἰδ’

346 5067 483 5123 puer
530 5066 707 5115 meus,
756 5050 1052 5123 suscipiam
1098 5069 1243 5119 eum,
1288 5054 1453 5111 Israel
1506 5058 1712 5113 electus
1743 5073 1858 5113 meu

2097 5059 2242 5124 ιὺτὸς
2286 5060 2669 5115 ἐπικαλέσεταί
2706 5078 2804 5132 με’
2849 5062 3037 5131 Πατήρ
3080 5076 3181 5130 μου
3220 5056 3271 5112 εἷ
3314 5058 3404 5123 σὺ,
3451 5054 3609 5123 κάγὼ

346 5142 590 5212 suscepit
625 5158 747 5197 eum
792 5143 973 5197 anima
1026 5159 1169 5208 mea,
1191 5146 1457 5215 judicium
1491 5149 1745 5218 gentibus
1789 5165 1854 5220 pr

2098 5151 2362 5205 ωτότοκον
2388 5151 2625 5222 θήσομαι
2665 5152 2845 5216 αὐτὸν,
2879 5152 3081 5223 ὑψηλὸν
3118 5149 3269 5221 παρά
3302 5151 3417 5213 τοῖς
3457 5148 3609 5218 βασι-

345 5232 480 5289 feret
497 5232 565 5299 δ’,
604 5253 623 5286 ι
656 5241 711 5289 et
743 5250 863 5305 qua:
908 5244 1233 5306 sequuntur;
1265 5239 1463 5309 quibus
1509 5240 1575 5293 ad
1615 5249 1856 5297 extremu

2095 5243 2168 5296 Sat
2195 5244 2293 5315 τῆς
2315 5246 2440 5317 γῆς.
2490 5245 2585 5307 Εἰς
2616 5244 2707 5297 τὸν
2734 5244 2907 5297 αἰῶνα
2936 5242 3154 5313 φυλάξω
3186 5240 3338 5310 αὐτῷ
3369 5240 3433 5293 τὸ
3459 5238 3607 5300 ἔλεός

345 5321 479 5379 illud
514 5323 732 5379 additur
763 5344 775 5379 :
815 5344 834 5377 ι
873 5327 1054 5382 Donec
1094 5340 1261 5400 ponat
1291 5332 1343 5384 in
1372 5339 1514 5386 terra
1535 5332 1826 5402 judicium,

2092 5352 2122 5388 υ
2142 5352 2156 5366 ’
2190 5355 2209 5387 ι
2246 5337 2340 5390 καὶ⁸
2374 5336 2567 5389 πάλινο
2610 5356 2629 5387 ι
2659 5337 2731 5389 Τὸ
2761 5336 2983 5408 σπέρμα
3005 5333 3169 5388 αὑτοῦ
3204 5335 3284 5396 εἰς
3314 5333 3406 5387 τὸν
3433 5332 3604 5385 αἰῶνα

342 5412 402 5467 in
434 5413 653 5467 nomine
673 5413 792 5483 ejus
810 5424 997 5485 gentes
1015 5418 1396 5487 sperabunt“;
1420 5440 1437 5472 ι
1474 5421 1635 5476 modo
1663 5422 1854 5477 eumde

2092 5428 2191 5491 νεῖ,
2227 5427 2323 5479 καὶ
2365 5427 2393 5479 6
2429 5425 2616 5499 θρόνος
2664 5424 2826 5478 αὐτοῦ
2857 5424 2934 5489 ὡς
2967 5426 2996 5477 6
3027 5423 3177 5495 ἥλιος
3207 5422 3449 5489 ἐναντίον
3477 5437 3601 5492 μου,

342 5502 689 5561 Salomonem
732 5514 787 5561 et
825 5506 996 5563 David
1044 5511 1357 5576 nominant,
1394 5510 1739 5570 Salomonem
1789 5530 1854 5586 qu

2081 5517 2110 5570 εὶ
2151 5518 2227 5581 ὡς
2271 5519 2305 5591 ή
2350 5518 2545 5589 σελήνη
2607 5516 3020 5589 κατηρτισμὲνη
3062 5516 3142 5579 εἰς
3203 5514 3295 5567 τὸν
3348 5512 3541 5569 αἰῶνα.
3575 5530 3593 5561 ι

404 5707 455 5745 δε
491 5708 775 5782 lsa._n.u,
816 5711 863 5768 l.
940 5711 984 5744 “
1022 5710 1153 5767 ibid.
1188 5712 1240 5767 4.
