3828 6220
247 309 351 365 589

1134 302 1789 361 DEMONSTRATIONIS
1827 295 2286 359 EVANGELICA‘I
2326 303 2456 358 LIB.
2501 298 2639 360 Vill.

3401 301 3509 361 590

246 425 433 489 ῡῦτως
472 419 566 479 οὖν
597 423 737 496 μετά
786 423 996 496 μυρίων
1037 422 1213 478 ἀλλων
1256 425 1350 476 τού
1379 423 1614 494 Χριστοῦ
1656 441 1825 496 προσ-

1936 425 2071 489 dem,
2105 431 2164 478 ut
2193 424 2246 477 in
2283 440 2408 478 cxx:
2441 425 2670 495 psalmo,
2703 421 2795 494 qui
2827 419 2895 491 In
2924 419 3259 477 Salomonem
3289 425 3505 496 quidem

246 516 508 589 ηγοριῶν,
532 517 598 570 δι’
631 509 709 570 ὧν
737 516 898 569 αὐτὸν
930 517 979 569 οἱ
1008 514 1141 568 θεῖοι
1178 515 1327 584 λόγοι
1357 515 1704 586 σημαίνουσι,
1734 517 1828 568 καὶ

255 608 457 671 Ἰούδας
487 609 689 680 ὁμοίως
717 607 806 662 διά
836 607 945 661 τῶν
976 607 1353 680 προκειμένων
1375 606 1695 679 ἀνειρῆσθαι
1740 607 1830 659 δύ-

248 715 424 764 ναται,
436 703 518 754 ὃτι
535 699 629 754 καὶ
646 701 709 752 ἐκ
724 700 826 771 τῆς
840 699 1008 754 Ἰούδα
1023 701 1212 769 γέγονε
1234 696 1424 770 φυλῆς.
1439 699 1708 771 Πρόδηλον
1723 698 1830 768 γὰρ

246 791 391 846 κατά
417 791 508 845 τὸν
543 791 882 857 Ἀπόστολον,
915 791 997 844 ὅτι
1024 794 1088 844 ἐκ
1115 790 1284 862 φυλῆς
1323 790 1493 844 Ἰούδα
1532 790 1829 844 ἀνατέταλ-

246 898 345 934 κεν
377 884 405 935 ὁ
433 880 625 952 Σωτὴρ
671 882 764 934 καὶ
793 879 995 952 Κύριος
1031 881 1208 951 ἡμῶν.
1245 879 1430 950 Τούτῳ
1455 879 1518 952 δὴ
1558 875 1649 932 οὖν
1689 878 1830 932 κατά

243 974 484 1028 διάνοιαν
509 974 588 1045 τῷ
615 974 785 1029 Ἰούδα
807 974 1146 1046 ἀποκείμενα
1171 969 1238 1045 ἦν
1262 973 1330 1027 τά
1356 973 1825 1045 προφητευόμενα.

245 1067 383 1122 Τίνα
410 1068 467 1120 δὲ
500 1064 569 1139 ἦν
594 1067 804 1132 ταῦτα;
853 1066 1071 1139 πρῶτον
1115 1067 1218 1137 ,μὲν
1249 1066 1311 1118 τὸ
1342 1065 1690 1138 ἐπαινεθῆναι
1723 1065 1829 1119 ὑπὸ

242 1158 356 1212 τῶν
414 1157 659 1228 ἀδελφῶν
718 1154 916 1212 αὐτοῦ’
992 1159 1242 1230 δεύτερον
1287 1159 1429 1214 κατά
1493 1158 1662 1214 νώτου
1723 1161 1830 1216 τῶν

245 1248 456 1321 ἐχθρῶν
479 1249 643 1302 αὐτοῦ
664 1249 764 1313 τάς
777 1252 967 1320 χεῖρας
995 1249 1268 1303 ἐπιϐαλεῖν
1285 1267 1298 1281 '
1328 1249 1507 1323 τρίτον
1525 1268 1832 1322 προσκυνη-

245 1339 402 1410 θῆναι
424 1337 532 1392 ὑπὺ
547 1337 656 1392 τῶν
689 1337 822 1392 υἱῶν
842 1338 935 1392 τοῦ
960 1339 1165 1410 πατρὸς
1192 1338 1380 1396 αὑτοῦ.
1406 1341 1472 1393 Ἃ
1506 1341 1601 1394 καὶ
1646 1341 1830 1406 τέλους

243 1430 541 1502 ἐτύγχανεν
559 1432 792 1504 ὁπηνίκα
808 1431 945 1495 τέως
971 1431 1068 1503 μὲν
1083 1432 1182 1495 τὰς
1203 1433 1534 1504 παραδόξους
1548 1433 1827 1505 δυνάμεις,

244 1526 341 1577 καὶ
383 1523 453 1578 τά
506 1525 769 1596 τεράστια
836 1523 1092 1596 θαύματα
1154 1524 1417 1578 ἐπιτελῶν
1465 1524 1826 1597 ἐθαυμάζετο,

243 1618 342 1671 καὶ
375 1619 660 1688 ἐπῃνεῖτο,
717 1617 810 1670 καὶ
860 1619 1251 1687 προσεκυνεῖτο
1300 1616 1435 1689 πρὸς
1475 1615 1585 1670 νεῶν
1635 1616 1829 1670 ἑαυτοῦ

249 1697 505 1776 μαθητῶν
537 1723 597 1760 τε
632 1708 728 1760 καὶ
750 1707 1079 1773 ἀποστόλων,
1131 1706 1226 1772 οὒς
1266 1709 1358 1762 καὶ
1398 1708 1661 1777 ἀδελφοὺς
1691 1710 1828 1762 ἀπο-

1935 516 2234 586 inscriptus
2263 525 2370 580 est,
2407 518 2567 587 plane
2597 524 2776 572 autem
2807 531 2927 586 quae
2955 517 3020 570 ad
3053 515 3333 571 Christum
3365 517 3507 573 refe-

1934 609 2102 662 renda
2148 615 2299 674 sunt,
2345 612 2610 664 continet.
2640 608 2777 664 illud
2815 608 2960 663 enim
2993 627 3006 661 :
3053 628 3071 659 ι
3108 607 3173 662 Et
3199 609 3508 664 dominabi-

1933 710 2024 752 tur
2053 714 2082 752 a
2105 701 2243 753 mari
2280 716 2452 770 usque
2483 700 2552 754 ad
2588 715 2758 764 mare,
2791 706 2843 754 et
2894 714 2923 752 a
2958 698 3184 754 flumine
3231 715 3407 771 usque
3439 700 3510 755 ad

1935 793 2071 847 lines
2099 793 2249 847 orbis
2280 802 2458 858 terrae,
2499 802 2555 848 et
2582 808 2772 848 omnes
2803 799 2992 864 gentes
3023 793 3262 847 servient
3286 793 3338 847 ei
3369 793 3436 858 ‘7,
3485 812 3506 846 ι

1933 895 1985 942 et
2006 902 2343 958 quaecunque
2364 897 2488 958 post
2516 888 2633 958 ipsa
2664 887 2777 942 haec
2805 885 3063 957 deinceps
3095 885 3348 943 Psalmus
3377 902 3513 941 con-

1934 979 2090 1043 tinet,
2119 979 2214 1032 uni
2247 979 2434 1048 utique
2464 978 2686 1034 Christo
2716 985 2844 1034 sunt
2878 977 3364 1033 accommodanda.
3401 976 3511 1032 Da-

1932 1069 2022 1124 vid
2052 1085 2182 1125 vero
2211 1086 2404 1126 rursus
2440 1070 2741 1140 appellatus
2781 1078 2865 1124 est
2893 1068 3168 1134 Christus,
3203 1069 3260 1124 in
3297 1070 3510 1140 psalmo

1933 1178 2201 1228 Lxxxvm,
2255 1161 2698 1232 quandoquidem
2729 1176 2998 1232 nusquam
3041 1161 3144 1232 ipsi
3187 1159 3378 1225 David,
3413 1161 3510 1217 sed

1933 1254 2030 1308 uni
2061 1254 2160 1319 illi,
2192 1271 2312 1325 quae
2339 1255 2392 1308 in
2433 1255 2537 1308 hoc
2570 1255 2700 1308 item
2734 1251 3014 1321 dicuntur,
3049 1254 3347 1310 convenire
3381 1270 3512 1326 pos-

1934 1353 2082 1412 sunt,
2115 1347 2281 1402 veluti
2310 1346 2442 1400 illud
2483 1365 2493 1399 :
2537 1363 2555 1396 ι
2597 1346 2718 1414 Ipse
2757 1346 2974 1400 vocabit
3004 1361 3128 1401 me:
3158 1344 3321 1402 Pater
3353 1363 3510 1403 meus

1931 1453 1992 1494 es
2023 1446 2102 1503 tu,
2138 1447 2193 1494 et
2219 1453 2320 1509 ego
2343 1437 2764 1508 primogenitum
2813 1451 3012 1507 ponam
3044 1453 3194 1502 eum,
3231 1439 3510 1494 excelsum

1933 1547 2044 1603 prae
2069 1531 2286 1602 regibus
2324 1538 2502 1594 terrae,
2534 1530 2588 1583 in
2617 1537 2883 1584 aeternum
2923 1529 3154 1592 servabo
3178 1528 3253 1584 illi
3295 1531 3512 1586 miseri-

1933 1623 2176 1679 cordiam
2223 1637 2400 1676 meam
2428 1622 2494 1676 ⁵⁸.
2538 1640 2557 1672 ι
2603 1621 2668 1675 Ει
2719 1635 2954 1676 rursus:
2997 1639 3016 1673 ι
3056 1619 3253 1677 Semen
3302 1621 3423 1691 ejus
3453 1623 3510 1678 in

1933 1723 2195 1771 :rternum
2227 1721 2430 1779 manet,
2462 1721 2516 1768 et
2548 1713 2706 1768 sedes
2739 1712 2860 1782 ejus
2901 1721 2961 1766 ut
2997 1712 3080 1767 sol
3121 1713 3176 1766 in
3209 1721 3510 1784 conspectu

243 1800 435 1854 καλεῖν
465 1800 565 1853 οὐκ
595 1799 756 1853 ὤκνει
781 1841 794 1866 ,
829 1800 917 1854 διά
955 1800 1052 1871 μὲν
1084 1798 1175 1854 τοιῖ
1202 1799 1416 1872 ψαλμοῦ
1447 1801 1640 1871 λέγων,
1672 1821 1690 1853 ι
1713 1801 1837 1857 ’Λπ-

1937 1817 2078 1866 meo,
2111 1809 2166 1858 et
2214 1809 2275 1856 ut
2319 1803 2446 1856 luna
2474 1800 2714 1871 perfecta
2745 1803 2801 1856 in
2833 1809 3099 1857 aeternum
3129 1801 3194 1857 ⁸⁵.
3235 1821 3254 1855 ι
3287 1802 3378 1858 Sic
3408 1803 3514 1875 igi-

244 1893 466 1962 ἀγγελῶ
517 1893 574 1946 τὸ
609 1893 780 1964 ὄνομά
811 1911 905 1946 σου
953 1897 1064 1958 τοῖς
1108 1892 1355 1961 ἀδελφοῖς
1406 1910 1540 1964 μου,
1587 1895 1648 1948 ἐν
1682 1895 1833 1965 μέσῳ

258 1983 589 2054 Ἐκκλησίας
621 1984 848 2055 ὑμνήσω
866 2001 925 2036 σε
951 2000 964 2014 ³
993 2003 1012 2035 ι
1057 1985 1177 2047 ταῖς
1212 1983 1268 2036 δὲ
1296 1984 1442 2054 ἀμφὶ
1472 1984 1573 2056 τὴν
1604 1985 1839 2057 Μαριὰμ

243 2075 602 2147 προστάττων
665 2072 1111 2144 εὐαγγελίζεσθαι
1184 2073 1368 2138 αὐτοῖς
1424 2074 1500 2138 ὡς
1558 2075 1824 2146 ἀδελφοῖς·

249 2185 270 2216 ι
326 2165 722 2234 Ἀπαγγείλατε
743 2208 759 2232 ,
800 2186 815 2217 ι
850 2167 958 2237 γάρ
989 2181 1154 2236 φησι,
1193 2183 1212 2215 ί
1253 2167 1366 2229 τοῖς
1414 2165 1662 2236 ἀδελφοῖς
1710 2186 1833 2238 μου,

241 2259 326 2311 ὅτι
376 2257 675 2330 ἀνέρχομαι
719 2258 854 2330 πρὸς
898 2258 990 2312 τὸν
1049 2255 1268 2330 Πατέρα
1317 2278 1440 2331 μου,
1487 2263 1583 2315 καὶ
1619 2264 1837 2336 Πατέρα

243 2350 423 2422 ὑμῶν,
454 2352 548 2406 καὶ
562 2352 694 2406 Θεόν
728 2369 852 2423 μου,
885 2352 978 2406 καὶ
994 2350 1126 2406 Θεὸν
1150 2354 1307 2424 ἡμῶν
1330 2353 1428 2424 (1).
1467 2373 1486 2406 ι
1517 2347 1672 2408 Οὕτω
1702 2357 1836 2427 δῆτα

245 2447 412 2500 αὐτὸν
431 2447 480 2500 οἱ
502 2446 721 2516 ἀδελφοὶ
740 2446 809 2499 τὰ
835 2447 934 2518 μὲν
960 2447 1150 2519 πρῶτα
1177 2449 1270 2500 ἐπὶ
1292 2450 1404 2512 τοῖς
1420 2449 1742 2520 παραδόξοις
1761 2450 1836 2515 ὡς

245 2533 553 2610 θαυμάσιον
585 2541 755 2612 ἄνδρα
786 2542 945 2610 μόνον
974 2541 1208 2612 ἐπῄνουν
1227 2583 1242 2607 ,
1263 2539 1360 2593 ἕνα
1391 2541 1533 2607 τινὰ,
1564 2543 1640 2606 ὡς
1668 2544 1833 2609 εἰκὸς,

244 2633 357 2686 τῶν
382 2633 679 2704 προφητῶν
709 2628 847 2686 εἶναι
887 2632 1277 2704 ὑπειληφότες’
1311 2635 1434 2686 ἐπεὶ
1461 2634 1517 2687 δὲ
1550 2637 1607 2688 ἐν
1631 2634 1710 2706 τῷ
1741 2653 1837 2706 με·

244 2725 382 2792 ταξὺ
415 2725 514 2790 τάς
551 2726 888 2797 θαυμασίους
916 2725 1372 2796 παραδοξοποιίας
1391 2724 1556 2779 αὑτοῦ
1581 2725 1833 2796 ὁρῶντες,

246 2819 346 2872 καὶ
369 2818 447 2881 ὡς
471 2817 716 2872 καθεῖλεν
749 2817 941 2889 ἐχθρόν
973 2833 1031 2871 τε
1065 2818 1158 2872 καὶ
1192 2817 1502 2889 ἐκδικητὴν,
1525 2816 1617 2871 τόν
1645 2834 1709 2887 γε
1742 2816 1837 2871 θά-

247 2924 410 2967 νατον
454 2911 689 2983 ἄρχοντα
712 2910 806 2964 τοῦ
842 2911 1036 2971 αἰῶνος
1080 2911 1270 2964 τούτου
1293 2949 1307 2976 ,
1334 2910 1451 2984 ἅμα
1473 2914 1594 2975 ταῖς
1622 2910 1835 2976 λοιπαῖς

248 3005 502 3076 ἀοράτοις
531 3004 626 3057 καὶ
642 3003 861 3075 ἐχθραῖς
889 3003 1147 3071 δυνάμεσι
1165 3043 1180 3066 ,
1200 3002 1264 3056 τὺ
1290 3003 1543 3074 τηνικάδε
1570 3002 1702 3057 Θεὸν
1732 3005 1835 3057 αύά

250 3095 342 3150 τὸν
373 3091 510 3149 εἶναι
553 3095 962 3162 πιστεύσαντες,
998 3095 1430 3168 προσεκύνησαν.
1463 3097 1530 3148 Ai
1570 3095 1626 3148 δὲ
1654 3099 1834 3168 χεῖρες

249 3188 347 3241 τοῦ
371 3188 625 3259 Σωτῆρος
639 3187 795 3259 ἡμῶν
818 3187 959 3241 κατά
977 3188 1147 3242 νώτου
1164 3188 1272 3242 τῶν
1297 3188 1507 3260 ἐχθρῶν
1529 3188 1693 3243 αὐτοῦ
1721 3189 1835 3258 ἐγί-
1860 3226 1902 3284 C

250 3297 422 3346 νοντο,
462 3281 550 3332 ὅτε
572 3280 748 3344 πάσας
781 3281 878 3344 τὰς
903 3280 1128 3352 πράξεις
1159 3281 1348 3347 αὐτοῦ,
1369 3281 1468 3345 τάς
1491 3297 1548 3335 τε
1573 3281 1831 3352 δυνάμεις

251 3373 347 3425 ναὶ
363 3369 834 3443 παραδοξοποιίας,
861 3373 950 3426 ἐπὶ¹
970 3373 1284 3444 καθαιρέσει
1315 3372 1422 3426 τῶν
1443 3370 1710 3444 δαιμόνων
1736 3373 1830 3427 καὶ

249 3461 360 3515 τῶν
383 3462 632 3534 πονηρῶν
662 3463 986 3534 πνευμάτων
1012 3463 1266 3516 ἐποιεῖτο.
1296 3461 1454 3515 Ἀλλὰ
1484 3461 1578 3515 καὶ
1597 3461 1830 3534 ὁπηνίκα

253 3551 549 3617 ἐξεπέτασε
599 3554 698 3618 τὰς
735 3556 925 3626 χεῖρας
968 3553 1133 3608 αὑτοῦ
1169 3555 1261 3607 ἐπὶ
1289 3553 1380 3607 τοῦ
1443 3553 1699 3626 σταυροῦ,
1736 3553 1831 3608 καὶ

253 3641 429 3708 οὕτως
471 3645 528 3698 αἱ
559 3648 740 3717 χεῖρες
776 3643 941 3698 αὐτοῦ
964 3684 978 3709 ,
1008 3646 1317 3714 φευγόντων
1354 3645 1463 3700 τῶν
1494 3643 1704 3717 ἐχθρῶν
1737 3645 1831 3698 καὶ

251 3735 322 3789 τὰ
368 3737 514 3791 νῶτα
568 3737 1039 3810 παραχωρούντων
1090 3735 1238 3808 αὐτῷ
1261 3777 1275 3800 ,
1321 3736 1462 3789 κατὰ
1513 3735 1682 3789 νώτου
1721 3735 1830 3788 τῶν

252 3829 465 3902 ἐχθρῶν
494 3831 752 3899 ἐγίνοντο,
772 3831 866 3884 καὶ
892 3829 1088 3901 μᾶλλον
1115 3830 1202 3882 ὅτε
1226 3829 1288 3881 τὸ
1322 3827 1536 3898 πνεῦμα
1561 3827 1832 3900 παραδοὺς

252 3920 332 3992 τῷ
353 3923 549 3994 Πατρὶ,
574 3922 810 3996 ἄσαρκος
829 3923 922 3976 καὶ
946 3921 1149 3993 γυμνός
1168 3914 1228 3974 οὗ
1255 3921 1532 3992 ἀνειλήφει
1560 3921 1828 3990 σώματος,

254 4017 349 4068 ἐπὶ
384 4015 445 4068 τὺ
477 4015 584 4068 τῶν
625 4015 833 4086 ἐχθρῶν
874 4015 1065 4087 κατῄει
1093 4013 1322 4085 χωρίον,
1351 4012 1596 4084 αύτοζωὴ
1629 4014 1833 4083 τυγχά-

254 4125 383 4170 νων,
434 4107 661 4161 θάνατον
725 4104 1063 4168 καταλύσων,
1115 4105 1211 4158 καὶ
1251 4104 1350 4168 τὰς
1397 4104 1832 4174 ἐπανισταμένας

255 4199 407 4271 αύτῷ
441 4199 716 4268 δυνάμεις,
747 4197 813 4261 ἃς
845 4195 988 4261 εἰκός
1022 4198 1144 4251 κατ’
1181 4197 1350 4270 ἀρχὰς
1396 4198 1494 4268 μὲν
1525 4195 1702 4250 κοινόν
1737 4197 1831 4251 ἆν-

256 4293 493 4365 θρωπον,
533 4292 627 4344 καὶ
656 4293 767 4353 τοῖς
806 4287 1017 4352 πολλοῖς
1047 4289 1230 4358 ὅμοιον
1261 4287 1423 4342 αὑτὸν
1452 4289 1828 4360 ὑπειληφέναι,

252 4384 398 4438 οὕτω
421 4400 481 4435 τε
503 4380 778 4435 κυκλῶσαι
804 4379 965 4434 αὑτὸν
997 4380 1089 4434 καὶ
1123 4378 1273 4432 ὼσάν
1322 4378 1400 4449 τῷ
1426 4379 1640 4449 τυχόντι
1667 4381 1830 4450 ἐφορ-

264 4477 431 4549 μῆσαι
451 4493 465 4505 ⁸
502 4475 622 4528 ἐπεὶ
659 4473 715 4526 δὲ
750 4472 992 4541 ἔγνωσαν
1018 4472 1299 4544 κρείττονα
1333 4471 1366 4543 ἢ
1401 4471 1518 4524 κατ’
1550 4470 1832 4542 ἄνθρωπον

1939 1902 2029 1948 tur
2056 1910 2164 1948 una
2192 1908 2318 1948 cum
2364 1894 2486 1948 aliis
2524 1894 3014 1949 innumerabilibus
3038 1893 3240 1949 Christi
3271 1897 3512 1966 appella-

1939 1985 2212 2050 tionibus,
2250 1984 2453 2054 quibus
2487 1984 2637 2038 illum
2681 1985 2864 2040 divina
2909 1985 3132 2040 oracula
3178 1987 3508 2057 significant,

1937 2075 2127 2130 eadem
2151 2075 2362 2130 ratione
2385 2083 2441 2128 ut
2469 2073 2641 2130 Judas
2666 2090 2884 2146 quoque
2913 2075 2969 2130 in
2989 2075 3058 2130 iis
3086 2093 3208 2147 quae
3231 2079 3392 2133 modo
3414 2093 3512 2133 ex-

1937 2169 2296 2241 ponebamus,
2319 2168 2390 2224 sit
2416 2168 2739 2239 appellatus,
2760 2167 2878 2223 fieri
2910 2177 3108 2239 potest,
3129 2184 3254 2224 cum
3276 2170 3343 2225 de
3366 2171 3513 2224 tribu

1937 2259 2090 2316 Juda:
2113 2261 2183 2316 sit
2206 2267 2388 2316 natus.
2415 2259 2643 2314 Constat
2670 2259 2815 2314 enim
2848 2275 2916 2314 ex
2945 2259 3226 2331 Apostolo,
3261 2259 3512 2317 Salvato-

1937 2367 2052 2407 rem
2083 2367 2148 2406 ac
2170 2350 2460 2406 Dominum
2482 2357 2730 2405 nostrum
2748 2349 2815 2404 de
2837 2351 2980 2406 tribu
2995 2349 3022 2405 J
3030 2351 3148 2406 udae
3169 2364 3349 2406 ortum
3368 2366 3510 2406 esse.

1938 2443 2077 2499 Huic
2107 2444 2270 2516 igitur
2310 2441 2483 2506 Iudae,
2545 2443 2591 2498 si
2653 2443 2951 2497 secundum
2987 2447 3308 2500 sententiam
3345 2443 3517 2497 inter-

1936 2522 2232 2610 pretemur,
2291 2534 2529 2605 reposita
2588 2541 2746 2589 erant
2814 2535 2926 2602 illa,
2982 2551 3104 2605 quae
3164 2535 3220 2589 in
3275 2533 3513 2605 pr0phe-

1937 2631 2011 2686 tia
2031 2628 2403 2684 continentur.
2434 2625 2540 2681 Sed
2568 2641 2818 2694 quamam
2848 2626 2964 2680 haec
2986 2625 3246 2682 fuerunt?
3267 2625 3514 2680 Primum

1937 2721 2196 2792 quidem,
2229 2718 2372 2788 quod
2415 2732 2446 2770 a
2502 2715 2764 2772 fratribus
2812 2718 2930 2773 suis
2973 2725 3119 2774 esset
3169 2717 3511 2784 laudandus;

1937 2811 2134 2867 deinde
2164 2809 2312 2881 quod
2341 2823 2536 2862 manus
2570 2810 2626 2862 in
2655 2815 2866 2878 tergum
2903 2808 3252 2864 inimicorum
3285 2823 3513 2864 suorum

1936 2911 2083 2959 esset
2109 2902 2448 2972 injecturus;
2485 2907 2761 2969 postremo
2798 2901 2943 2970 quod
2976 2899 3290 2957 adorandus
3323 2917 3352 2955 a
3387 2902 3514 2957 filiis

1936 2994 2110 3066 patris
2155 2993 2262 3050 sui.
2295 2992 2426 3059 Quae
2458 2992 2623 3048 etiam
2664 3008 2824 3048 suum
2862 2993 3023 3047 linem
3057 3001 3350 3048 consecuta
3384 3003 3514 3051 sunt

1937 3103 2046 3159 quo
2084 3095 2362 3156 tempore,
2405 3085 2537 3139 dum
2576 3084 2930 3140 admirabiles
2961 3085 3192 3142 virtutes
3222 3093 3274 3140 et
3323 3087 3516 3157 prodi-

1937 3182 2090 3252 giosa
2133 3177 2395 3234 miracula
2435 3177 2639 3244 ederet,
2672 3177 3020 3233 admirationi
3068 3185 3209 3244 erat,
3242 3189 3297 3235 et
3325 3179 3517 3234 lauda-

1938 3274 2116 3340 batur,
2145 3278 2200 3327 et
2241 3269 2570 3325 adorabatur
2603 3284 2634 3324 a
2677 3270 2793 3326 suis
2826 3270 3111 3341 discipulis
3142 3283 3197 3328 et
3227 3273 3514 3343 apostolis,

1937 3379 2075 3432 quos
2101 3363 2264 3418 etiam
2294 3359 2492 3415 fratres
2519 3375 2716 3415 vocare
2745 3376 2854 3414 non
2887 3371 3144 3431 gravatus
3174 3371 3279 3427 est,
3306 3363 3435 3418 dum
3459 3363 3517 3417 in

1935 3456 2148 3528 psalmo
2165 3455 2244 3510 sic
2265 3453 2424 3508 dicit:
2453 3452 2837 3508 «Annuntiabo
2852 3468 3048 3508 nomen
3076 3461 3228 3509 tuum
3254 3453 3516 3510 fratribus

1936 3551 2105 3617 meis;
2132 3549 2190 3603 in
2211 3547 2391 3603 medio
2411 3547 2672 3604 Ecclesiae
2694 3547 2928 3602 laudabo
2949 3555 3000 3602 te
3025 3547 3093 3600 ⁸ο.
3131 3566 3149 3600 ι
3175 3545 3310 3601 Dum
3334 3556 3516 3604 autem

1938 3641 2119 3696 Maria:
2146 3649 2199 3696 et
2226 3641 2454 3711 reliquis
2497 3639 2819 3695 mulieribus
2853 3639 3104 3708 imperat,
3137 3645 3198 3692 ut
3221 3654 3342 3708 qua:
3369 3639 3515 3694 bona

1938 3735 2174 3790 viderint
2202 3735 2472 3803 nuntient,
2502 3733 2659 3805 quasi
2686 3731 2945 3787 fratribus
2977 3731 3216 3786 nuntiari
3245 3731 3511 3802 imperat:

1937 3827 2097 3899 377
2127 3845 2147 3878 ι
2181 3825 2457 3892 Nuntiate,
2501 3827 2695 3897 inquit,
2740 3823 3000 3878 fratribus
3049 3823 3208 3889 meis,
3246 3822 3393 3893 quod
3426 3839 3512 3880 as-

1936 3921 2111 3978 cendo
2145 3922 2215 3976 ad
2248 3919 2468 3976 Patrem
2489 3933 2690 3982 meum,
2711 3924 2766 3973 et
2795 3915 3010 3970 Patrem
3043 3923 3309 3979 vestrum,
3341 3913 3513 3970 Deum

1938 4029 2142 4080 meum,
2174 4021 2229 4068 et
2262 4012 2432 4067 Deum
2459 4019 2699 4067 vestrum
2751 4009 2816 4061 ⁵¹.
2858 4027 2876 4058 ι
2933 4006 3023 4061 Sic
3050 4021 3182 4063 sane
3212 4006 3366 4060 illum
3395 4005 3512 4060 fra-

1938 4115 2050 4161 tres
2107 4106 2499 4160 miraculorum
2555 4102 2751 4174 gratia,
2805 4107 3065 4168 tanquam
3135 4097 3510 4152 admirabilem

1937 4199 2117 4252 virum
2169 4197 2434 4252 duntaxat
2491 4197 2558 4250 ab
2604 4194 2762 4250 initio
2820 4192 3138 4256 laudabant,
3174 4190 3373 4261 quippe
3415 4189 3510 4259 qui

1939 4307 2106 4346 unum
2132 4291 2368 4361 aliquem
2402 4290 2469 4344 de
2491 4287 2790 4359 prophetis,
2820 4293 2879 4339 ut
2911 4283 3206 4339 verisimile
3224 4290 3331 4347 est,
3355 4282 3510 4337 illum
3592 4351 3597 4357 _

1939 4398 2060 4438 esse
2107 4382 2542 4452 suspicarentur.
2578 4377 2686 4432 Sed
2726 4375 2817 4430 ubi
2867 4374 3083 4429 interim
3133 4371 3507 4433 admirabiles,

1940 4483 1994 4529 et
2022 4489 2238 4529 omnem
2273 4472 2432 4526 fidem
2476 4476 2801 4539 superantes
2842 4467 2990 4521 illius
3023 4468 3266 4519 actiones
3289 4465 3509 4519 intuen-

265 4569 351 4623 ιαὶ
369 4566 645 4640 θειοτέραν
673 4564 854 4634 φύσιν,
885 4564 1158 4634 τραπῆναι
1186 4563 1282 4617 καὶ
1301 4564 1368 4618 τά
1399 4563 1545 4617 νῶτα
1577 4578 1834 4635 παραχω-

1943 4574 2052 4629 tur,
2085 4574 2139 4620 et
2170 4562 2625 4636 quemadmodum
2661 4560 2942 4614 inimicum
2975 4566 3029 4612 et
3063 4557 3327 4620 ultorem,
3358 4570 3510 4610 ωσι-ιι

260 4662 423 4734 ρῆσαι
453 4658 601 4730 αὐτῷ
624 4699 638 4721 ,
678 4657 801 4712 καθ’
828 4651 902 4710 ὧν
925 4657 1024 4720 τάς
1054 4659 1240 4727 χεῖρας
1273 4657 1430 4726 ἀφεὶς
1449 4697 1462 4722 ,
1485 4659 1596 4720 τοῖς
1630 4654 1831 4720 ἐνθέοις

257 4753 421 4808 αὐτοῦ
454 4754 547 4807 καὶ
567 4751 920 4823 ἡκονημένοις
942 4751 1118 4821 βέλεσι
1153 4753 1451 4820 φεύγοντας
1478 4751 1726 4821 ἤλαυνεν,
1756 4751 1831 4814 ὡς

254 4847 344 4900 διά
375 4846 535 4899 τοῦτο
572 4845 857 4918 εἰρῆσθαι·
897 4864 914 4896 ι
948 4843 1010 4896 Αἱ
1052 4843 1232 4915 χεῖρές
1275 4859 1368 4896 σου
1406 4844 1498 4896 ἐπὶ
1521 4841 1691 4896 νώτου
1724 4842 1832 4896 τῶν

256 4939 467 5010 ὲΧθρῶν
499 4955 613 4991 σου.
653 4956 672 4988 ι
701 4938 762 4990 Εἰ
792 4937 849 4990 δέ
883 4935 978 4990 καὶ
1001 4935 1168 4988 εἰσέτι
1189 4934 1286 4988 νῦν
1320 4935 1502 5006 μυρίοι
1529 4933 1622 4987 τοῦ
1651 4934 1833 5004 Σωτῆ-

258 5047 350 5101 ρος
365 5028 522 5100 ἡμῶν
549 5027 753 5099 ἐχθροὶ,
775 5027 870 5098 τὴν
903 5027 1227 5099 Ἐκκλησίαν
1258 5025 1422 5081 αὑτοῦ
1445 5027 1585 5079 κατὰ
1608 5025 1834 5095 καιροὺς

255 5123 512 5194 πολεμεῖν
564 5120 928 5193 ἐπιχειροῦσιν
953 5162 967 5186 ,
1017 5119 1152 5173 ἀλλά
1211 5118 1306 5173 καὶ
1347 5117 1570 5182 τούτους
1618 5117 1834 5189 ἀοράτῳ

254 5215 402 5286 χειρὶ
435 5214 528 5266 καὶ
557 5213 725 5285 ἐνθέῳ
751 5209 976 5281 δυνάμει
1002 5211 1324 5283 τροπούται,
1354 5210 1430 5274 ὡς
1451 5212 1544 5264 καὶ
1573 5211 1702 5282 περὶ
1731 5209 1833 5263 αύ-

255 5306 365 5360 τῶν
416 5305 667 5379 εἰρῆσθαι
721 5305 802 5358 τόσ
843 5324 860 5356 ι
909 5305 972 5358 Αἱ
1006 5303 1188 5376 χεῖρές
1234 5316 1324 5355 σου
1363 5302 1457 5355 ἐπὶ
1509 5300 1680 5354 νώτου
1721 5299 1830 5353 τῶν

251 5397 468 5468 ἐχθρῶν
508 5415 687 5464 σου.,›
727 5395 945 5468 Ἐπειδὴ
977 5396 1034 5448 δέ
1075 5397 1176 5467 ἥδη
1201 5392 1384 5448 λοιπόν
1425 5392 1494 5447 τὰ
1541 5391 1684 5446 κατὰ
1727 5391 1834 5446 τῶν

253 5490 468 5562 ἐχθρῶν
515 5490 806 5562 νικητήρια
845 5489 1170 5560 ἀπειλήφει,
1198 5485 1496 5559 τηνικαῦτα
1533 5484 1836 5558 ἐπληροῦτο

254 5587 351 5638 καὶ
373 5585 454 5648 τὸ,
477 5603 496 5636 ι
533 5581 974 5657 Προσκυνήσουσί
1007 5600 1068 5635 σε
1098 5582 1148 5635 οἱ
1176 5581 1280 5634 υἱοὶ
1305 5579 1395 5634 τοῦ
1423 5578 1636 5650 Πατρός
1665 5595 1779 5642 σου,
1811 5597 1830 5629 ι

326 5674 373 5707 ⁸⁷
414 5674 562 5731 Psal.
591 5691 742 5737 Lxxi,
791 5675 947 5730 8-H.
1023 5675 1068 5708 ⁵⁸
1104 5673 1254 5732 Psal.
1290 5689 1550 5735 lxxxvm,
1581 5671 1674 5740 28,
1699 5671 1790 5726 ‘29.
1867 5671 1914 5703 ⁸⁹
1952 5670 2084 5726 ibid.
2115 5669 2204 5730 57,
2232 5668 2320 5722 58.

1938 4665 2156 4728 temque
2187 4655 2372 4712 saeculi
2402 4654 2568 4724 hujus
2615 4652 2918 4714 dominum,
2953 4664 3063 4703 una
3112 4663 3238 4703 cum
3284 4647 3511 4717 reliquis

1939 4748 2310 4804 inuisibilibus
2361 4754 2416 4801 et
2466 4744 2707 4800 inimicis
2747 4741 3109 4812 potestatibus
3136 4739 3510 4802 sustinuisset,

1940 4850 2058 4895 tum
2086 4854 2217 4896 vero
2247 4838 2416 4893 Deum
2443 4837 2596 4890 illum
2619 4851 2742 4891 esse
2770 4834 3076 4900 credentes,
3111 4831 3506 4886 adoraverunt:

1938 4947 2138 4986 manus
2166 4939 2346 4984 autem
2398 4926 2702 4982 Salvatoris
2749 4923 2921 4980 nostri
2957 4923 3014 4976 in
3057 4930 3212 4992 tergo
3253 4919 3509 4974 inimico—

1939 5039 2059 5080 rum
2107 5037 2333 5078 suorum
2382 5020 2553 5088 fuere,
2601 5034 2711 5088 quo
2745 5024 2988 5087 tempore
3034 5015 3290 5070 videlicet
3319 5027 3511 5068 omnes

1941 5118 2184 5173 actiones
2213 5131 2364 5179 suas,
2395 5123 2448 5169 et
2497 5114 2748 5174 virtutes,
2781 5117 2835 5166 et
2881 5116 3032 5180 gesta
3079 5106 3415 5178 prodigiosa,
3443 5104 3510 5159 ad

1941 5208 2204 5264 delendos
2253 5208 2527 5262 daamones
2563 5213 2617 5260 et
2655 5205 2922 5274 malignos
2975 5201 3204 5270 Spiritus
3258 5198 3511 5253 intende-

1939 5300 2053 5356 bat.
2111 5299 2253 5366 Quin
2294 5299 2455 5354 etiam
2491 5311 2614 5352 cum
2665 5311 2858 5350 manus
2902 5309 3031 5348 suas
3075 5290 3426 5362 expandisset
3452 5289 3512 5346 in

1940 5405 2125 5450 cruce,
2158 5399 2270 5444 tum
2311 5401 2528 5458 quoque
2557 5401 2752 5440 manus
2783 5384 2923 5453 ejus,
2953 5382 3291 5453 fugientibus
3319 5379 3506 5435 inimi-

1941 5485 2024 5539 cis
2065 5491 2119 5538 et
2158 5482 2333 5538 eidem
2376 5487 2525 5552 terga
2574 5478 2856 5542 dantibus,
2890 5479 2946 5532 in
2975 5485 3130 5547 tergo
3163 5475 3510 5529 inimicorum

1944 5577 2186 5639 fuerunt,
2223 5575 2507 5644 magisque
2535 5573 2698 5628 etiam
2732 5585 2856 5625 cum
2883 5568 3033 5623 Patri
3064 5568 3277 5623 reddito
3295 5566 3512 5635 spiritu,

2427 5668 2471 5700 ⁵ο
2511 5665 2658 5722 Psal.
2684 5679 2808 5730 χιιι,
2835 5663 2927 5719 9-5.
3003 5664 3046 5696 ⁸¹
3087 5660 3244 5718 Joan.
3282 5675 3391 5726 xx,
3421 5655 3510 5713 17.

327 5765 407 5840 (1)
455 5766 672 5838 Ἦμῶν.
709 5767 869 5825 Forte
899 5767 1074 5840 ὑμῶν,
1103 5773 1163 5825 ut
1183 5761 1256 5824 "et
1291 5768 1562 5839 interpres
1600 5765 1800 5838 legisse
1840 5783 1848 5805 τ

1936 5771 2072 5822 stur.
2095 5761 2254 5818 Ευιτ.
