3828 6220
339 246 435 303 591

971 237 1243 297 EUSLBII
1278 238 1760 297 CESARIENSIS
1798 240 1950 297 OPP.
1991 242 2173 299 PARS
2206 243 2273 300 ll.
2317 274 2383 287 -ο
2421 243 2924 302 APOLOGETICA.

3496 248 3599 306 592

337 372 394 421 et
414 376 528 420 sua!
571 360 758 418 carnis
789 373 1006 431 expers,
1036 366 1090 414 et
1119 374 1185 415 eo
1211 358 1355 428 quod
1390 364 1764 426 assumpserat
1793 372 1890 413 cor

2019 360 2218 424 πάντες
2247 361 2447 433 δηλαδὴ
2491 364 2539 416 οἱ
2567 362 2684 415 κατ’
2719 361 2949 432 οὐρανὸν
2977 360 3218 430 ἄγγελοι,
3244 362 3312 417 τά
3338 379 3397 416 τε
3433 363 3595 418 πνεύ-

334 473 468 531 pore
495 457 757 521 nudatus,
800 456 894 525 qui
929 454 1048 524 ipsa
1084 456 1189 509 vita
1220 461 1355 517 erat,
1392 451 1458 505 ad
1491 452 1609 506 loca
1655 451 1909 507 inimico-

334 564 457 605 rum
475 548 781 611 descendit,
806 554 931 601 utet
950 556 1178 601 mortem
1194 545 1497 615 etreliquas
1511 559 1630 614 qua
1646 545 1910 600 adversus

333 644 514 714 ipsum
537 646 890 697 surrexeraut
918 645 1238 710 potestates,
1266 636 1594 708 dissiparet;
1623 654 1761 709 quas
1784 639 1910 709 qui-

333 736 458 791 dem
480 734 773 791 verisimile
803 741 887 788 est
906 747 1250 787 communem
1273 730 1564 800 quemdam
1599 732 1899 795 hominum,

332 842 398 883 ac
426 827 657 898 reliquis
686 827 920 882 similem
954 833 1105 879 ratas
1139 838 1262 879 esse
1283 823 1459 888 illum,
1489 823 1674 894 itaque
1696 823 1906 877 circum

331 920 584 975 eumdem
611 918 853 982 stetisse,
885 925 940 971 et
963 916 1120 987 quasi
1157 929 1325 969 unum
1343 913 1411 970 de
1444 915 1629 968 multis
1660 914 1902 977 adortas,

333 1017 497 1081 atque
524 1009 617 1065 ubi
648 1009 1090 1080 praestantiorem
1119 1006 1462 1078 agnoverint,
1483 1022 1646 1077 quam
1666 1016 1725 1062 ut
1743 1008 1906 1062 homo

330 1103 634 1160 existimari
662 1112 869 1173 posset,
900 1117 966 1157 ac
991 1101 1252 1156 diviniori
1291 1108 1486 1155 natura
1515 1100 1821 1170 praeditum,
1852 1108 1908 1154 et

330 1210 629 1252 conversas
660 1209 783 1250 esse
831 1201 886 1249 et
914 1201 1066 1263 terga
1114 1192 1192 1246 illi
1237 1192 1479 1257 dedisse,
1518 1199 1714 1245 contra
1764 1206 1907 1261 quas

331 1286 595 1342 immissis
637 1285 912 1349 manibus,
956 1283 1157 1339 divinis
1187 1282 1305 1337 suis
1342 1288 1397 1337 et
1444 1282 1619 1336 acutis
1666 1282 1899 1350 sagittis,

330 1376 607 1450 fugientes
636 1377 840 1447 exegit,
870 1384 931 1431 ut
961 1382 1250 1446 propterea
1280 1374 1488 1428 dictum
1515 1374 1620 1430 sit:
1660 1395 1678 1426 ι
1709 1374 1904 1429 Manus

331 1475 438 1524 tum
469 1468 527 1523 in
577 1476 730 1538 tergo
761 1467 1113 1522 inimicorum
1143 1476 1387 1522 tuorum.
1416 1487 1436 1521 ι
1474 1466 1630 1533 Quod
1659 1467 1707 1523 si
1735 1467 1902 1522 etiam

330 1575 480 1616 nunc
512 1559 947 1615 innumerabiles
972 1559 1275 1614 Salvatoris
1321 1559 1497 1614 nostri
1528 1558 1761 1622 inimici,
1790 1556 1901 1612 Ec-

328 1651 553 1708 clesiam
576 1652 698 1722 ejus
727 1652 895 1705 variis
930 1649 1319 1705 occasionibus
1348 1664 1664 1720 Oppugnarc
1690 1664 1899 1704 conan—

2016 468 2159 522 ματα
2196 451 2264 505 τὰ
2297 451 2673 523 λειτουργικὰ,
2714 454 2807 506 καὶ
2844 453 2901 505 at
2933 450 3073 504 θεῖαι
3117 451 3380 522 δυνάμεις
3402 492 3419 517 ,
3462 452 3593 507 οἶτε

2011 545 2105 597 ἐπὶ
2131 544 2236 614 γῆς
2272 544 2557 599 ἀπόστολοι
2593 545 2687 598 καὶ
2718 543 3142 612 εὒαγγελισταὶ,
3177 544 3274 598 καὶ
3307 545 3449 616 μετά
3474 547 3592 600 τού-

2007 650 2133 697 τους
2180 636 2419 699 ἆπαντες
2464 634 2515 687 οί
2556 632 2617 702 ἐξ
2663 633 2831 688 ὲθνῶν
2877 634 2944 686 δι’
2996 633 3195 699 αὑτοῦ,
3239 634 3331 688 τὸν
3368 636 3467 690 ’ένα
3500 638 3593 689 καὶ

2013 727 2172 796 μόνον
2212 724 2384 797 ἀληθῆ
2431 726 2652 797 Πατέρα
2692 725 2827 778 Θεὸν
2869 723 3333 797 ἐπιγραψάμενοι,
3364 729 3590 792 οἵτινες.

2008 816 2139 870 Θεὸν
2173 817 2343 886 Λόγον
2371 816 2498 871 ὄντα
2525 817 2615 870 τὸν
2644 816 2876 887 Χριστὸν
2911 817 3318 888 μεμαθηκότες,
3353 818 3431 883 ὡς
3463 818 3592 872 Θεὸν

2008 911 2332 978 προσκυνεῖν
2356 907 2518 960 αὐτὸν
2546 902 2953 977 ὁμολογοῦνται.
2986 908 3123 961 Ἀλλ’
3156 910 3282 961 ἐπεὶ
3303 909 3472 981 ἐχρῆν
3498 910 3591 963 καὶ

2005 1000 2075 1055 τὰ
2102 1001 2200 1071 τῆς
2222 1000 2487 1070 γενέσεως
2516 998 2680 1054 αὑτοῦ
2707 1000 2803 1054 καὶ
2826 1000 2896 1053 τὰ
2931 1001 3023 1054 τοῦ
3061 1000 3294 1054 θανάτου
3318 1002 3592 1074 μυστήρια

2005 1095 2071 1164 τῇ
2120 1093 2246 1164 περὶ
2296 1091 2463 1146 αὐτοῦ
2512 1092 2821 1163 προφητείᾳ
2867 1093 3327 1163 συμπεριλαϐεῖν,
3368 1094 3591 1159 εἰκότως

2009 1183 2147 1255 μετά
2181 1184 2252 1238 τὰ
2297 1183 2671 1255 προειρημένα
2701 1184 2969 1249 θεσπίζων
3004 1187 3031 1238 ὁ
3077 1185 3268 1239 Ἰακὼὸ
3312 1186 3584 1255 ἐπιλέγει·

2011 1274 2285 1346 «Σκύμνος
2317 1273 2527 1340 λέοντος
2555 1274 2745 1339 Ἰούδα,
2764 1276 2829 1329 ἐκ
2845 1275 3096 1346 βλαστοῦ,
3120 1276 3201 1328 υἱέ
3222 1293 3345 1346 μου,
3369 1275 3591 1346 ἀνέϐης,

2004 1366 2293 1420 ἀναπεσὼν
2329 1366 2627 1437 ἐκοιμήθης
2652 1367 2727 1430 ὡς
2755 1367 2915 1433 λέων,
2952 1369 3045 1421 καὶ
3080 1367 3155 1430 t'o;
3186 1367 3429 1437 σκύμνος
3463 1384 3477 1398 -
3508 1369 3589 1431 τίς

2004 1452 2188 1521 ἐγερεῖ
2224 1450 2413 1516 αύτόνς
2454 1470 2472 1502 ›
2506 1450 2752 1521 Σκύμνον
2783 1451 2881 1522 μὲν
2918 1447 3009 1504 οὖν
3042 1452 3253 1515 λέοντος
3278 1453 3442 1505 αὐτὸν
3470 1452 3587 1505 ὀνο-

2007 1543 2168 1615 μάζει
2189 1585 2205 1610 ,
2229 1543 2315 1597 διὰ
2348 1544 2408 1596 τὸ
2444 1545 2509 1596 ὲκ
2550 1543 2835 1613 βασιλικῆς
2869 1525 3029 1596 αὑτὸν
3066 1542 3350 1610 γεγονέναι
3380 1543 3583 1613 φυλῆς·

2003 1632 2067 1684 ἐκ
2085 1630 2399 1702 σπέρματος
2431 1628 2561 1698 γοῦν
2593 1624 2661 1699 ῆν
2690 1627 2784 1681 τοῦ
2803 1626 2970 1681 Δαὸὶδ
3003 1627 3146 1680 κατά
3176 1628 3354 1700 σάρκα
3384 1645 3398 1658 ο
3431 1646 3451 1677 ι
3492 1628 3588 1681 Ἐκ

326 1751 438 1807 tur,
466 1719 711 1798 attamen
741 1743 843 1797 hos
888 1756 1108 1812 quoque
1149 1742 1411 1796 invisibili
1441 1719 1678 1811 quadam
1708 1755 1890 1805 manu,

2004 1722 2231 1793 βλαστοῦ
2275 1722 2332 1775 δὲ
2368 1720 2588 1792 ἀνέόης,
2634 1719 2716 1772 υἱέ
2764 1737 2883 1790 μου,
2927 1738 2945 1770 ι
2998 1721 3195 1790 φησὶν,
3241 1719 3475 1791 ἐπείπερ
3521 1722 3587 1772 ὲκ

323 1843 380 1890 et
401 1850 500 1890 sua
534 1836 718 1891 divina
743 1835 945 1889 virtute
968 1834 1021 1888 in
1054 1832 1235 1904 fugam
1261 1833 1441 1895 vertit,
1464 1840 1529 1906 ut
1559 1833 1628 1888 de
1659 1833 1746 1887 his
1769 1834 1897 1888 item

322 1929 527 1984 dictum
554 1928 627 1983 sit
649 1927 781 1982 illud
814 1941 829 1979 :
868 1943 887 1976 ι
932 1924 1124 1979 Manus
1148 1932 1254 1979 tuae
1278 1924 1334 1978 in
1355 1932 1511 1995 tergo
1541 1925 1897 1980 inimicorum

323 2018 565 2075 tuorum.
610 2038 630 2071 ι
664 2016 768 2072 Ubi
800 2030 930 2071 vero
954 2015 1093 2086 jam,
1142 2015 1290 2087 quod
1339 2015 1615 2086 reliquum
1656 2015 1778 2083 fuit,
1811 2017 1898 2070 in-

322 2112 500 2184 signia
534 2110 684 2166 illius
709 2109 955 2165 victoria:
987 2108 1245 2178 praeclara
1276 2107 1345 2163 de
1382 2108 1632 2163 hostibus
1664 2109 1893 2178 recepit,

321 2213 438 2259 tum
464 2217 597 2258 vero
622 2201 755 2257 illud
780 2201 1112 2271 completum
1143 2207 1230 2255 est
1263 2219 1275 2254 :
1309 2217 1328 2251 ι
1361 2198 1682 2254 Adorabunt
1713 2207 1769 2255 te
1797 2199 1895 2256 ﬁlii

320 2296 495 2366 patris
523 2294 627 2357 tui,
662 2313 682 2346 ι
717 2308 913 2348 omnes
937 2291 1209 2357 videlicet,
1242 2292 1336 2362 qui
1366 2292 1424 2345 in
1454 2291 1595 2347 cmlo
1642 2302 1771 2348 sunt
1796 2307 1895 2347 an-

266 2406 275 2417 -
319 2385 446 2456 geli,
479 2384 816 2455 spiritusque
850 2380 1231 2445 inservientes,
1265 2396 1329 2435 ac
1349 2382 1547 2437 divinae
1570 2390 1890 2452 potestates,

317 2490 535 2532 necnon
590 2474 848 2546 degentes
878 2475 934 2528 in
978 2481 1121 2529 terra
1177 2473 1409 2542 apostoli
1441 2480 1495 2528 et
1520 2474 1889 2543 evangelista,

317 2574 444 2640 post
474 2581 614 2638 quos
641 2567 955 2637 quicunque
982 2580 1079 2636 per
1108 2564 1311 2635 ipsum,
1374 2565 1468 2619 uni
1517 2573 1571 2620 et
1615 2565 1719 2621 soli
1760 2582 1892 2627 uero

318 2657 467 2713 Patri
491 2656 603 2713 Deo
635 2657 847 2727 seipsos
874 2655 1221 2717 addixerunt,
1247 2656 1339 2725 qui
1361 2656 1581 2725 quidem
1610 2655 1699 2711 ubi
1718 2654 1889 2711 Deum

318 2748 558 2807 Verbum
589 2747 871 2805 Christum
910 2763 1033 2803 esse
1060 2746 1324 2812 didicere,
1373 2756 1488 2801 tum
1533 2762 1594 2803 se
1641 2747 1795 2802 illum
1829 2757 1890 2804 ut

318 2844 488 2900 Deum
522 2839 754 2897 adorare
779 2837 1017 2896 confessi
1040 2847 1190 2895 sunt.
1221 2838 1390 2910 378
1417 2836 1526 2895 Sed
1548 2840 1807 2910 quoniam
1837 2849 1891 2895 et

315 2944 470 2991 ortus
493 2933 739 3005 ejusdem
773 2941 827 2989 et
850 2931 1045 2987 mortis
1075 2932 1360 3002 mysteria,
1390 2931 1582 2988 eadem
1603 2933 1888 3003 prophetia

317 3026 602 3098 complecti
628 3025 936 3096 oportebat,
963 3024 1158 3078 merito
1185 3030 1310 3093 post
1335 3024 1427 3077 illa
1459 3039 1582 3094 qua:
1606 3023 1720 3094 jam
1744 3024 1888 3079 dicta

318 3126 450 3175 sunt
480 3117 787 3172 vaticinans
819 3114 1012 3180 Iacob,
1062 3114 1311 3186 adjungit
1349 3135 1362 3170 :
1397 3133 1415 3167 ι
1456 3116 1685 3173 Catulus
1714 3115 1888 3171 leonis
1917 3152 1958 3210 α

315 3208 478 3275 Juda,
504 3207 846 3278 degermine,
875 3205 946 3260 ﬁli
973 3206 1067 3271 mi,
1085 3206 1401 3272 ascendisti,
1431 3208 1754 3264 recumbens
1769 3208 1890 3263 dor-

317 3300 519 3354 mivisti
547 3305 608 3352 ut
629 3298 735 3359 leo,
756 3304 812 3351 et
846 3304 904 3349 ut
924 3295 1141 3350 catulus
1176 3312 1192 3350 :
1221 3296 1347 3366 quis
1374 3296 1635 3352 excitabit
1664 3297 1824 3353 eum?
1863 3317 1883 3350 ι

315 3392 571 3448 Catulum
613 3390 799 3459 itaque
842 3387 1021 3443 leonis
1066 3388 1241 3458 ipsum
1287 3390 1555 3456 nominat,
1596 3398 1886 3462 propterea

315 3482 464 3554 quod
485 3482 553 3538 de
581 3481 731 3552 regia
760 3480 903 3535 tribu
931 3479 1004 3534 sit
1032 3487 1216 3535 natus.
1252 3478 1327 3537 De
1360 3482 1567 3538 semine
1592 3482 1761 3554 igitur
1781 3482 1889 3537 Da-

314 3576 408 3632 vid
441 3575 545 3630 l'uit
574 3565 786 3628 ratione
826 3574 1095 3642 corporis,
1121 3589 1141 3624 ι
1167 3570 1235 3627 de
1249 3573 1495 3644 germine
1524 3594 1543 3627 ι
1566 3583 1770 3643 autem,
1799 3577 1886 3631 in-

314 3661 451 3733 quit,
481 3679 501 3714 ι
540 3660 612 3715 ﬁli
635 3661 730 3726 mi,
755 3659 1068 3724 ascendisti.
1086 3679 1106 3712 ι
1139 3662 1396 3731 quoniam
1416 3661 1484 3719 de
1508 3664 1716 3720 semine
1728 3673 1780 3720 et
1794 3680 1875 3718 ra-

315 3754 439 3810 dice
478 3753 620 3824 ejus,
666 3753 761 3824 qui
818 3752 934 3808 haec
986 3753 1315 3824 praedicebat
1351 3753 1542 3824 Jacob,
1572 3758 1882 3828 pullulavit,

314 3860 440 3901 cum
470 3845 624 3917 prius
653 3842 872 3916 quidem
897 3853 1045 3901 esset
1068 3844 1212 3901 Deus
1248 3828 1510 3914 Verbum,
1546 3858 1737 3919 postea
1757 3866 1886 3905 vero

314 3939 478 3993 etiam
510 3936 682 3993 Filius
710 3936 948 3993 hominis
979 3937 1049 3993 sit
1071 3936 1274 4005 factus,
1306 3948 1533 4011 propter
1569 3957 1688 3999 eam
1719 3958 1883 4013 quam

314 4043 415 4100 pro
441 4029 599 4085 nobis
625 4029 945 4099 assumpsit.
979 4029 1464 4100 dispensationem.
1500 4031 1687 4090 Potest
1715 4036 1882 4091 etiam

313 4125 543 4174 mortem
569 4117 814 4190 ejusdem
832 4102 1142 4189 signiﬁcare
1170 4118 1332 4175 illud:
1352 4139 1370 4171 ι
1396 4119 1740 4179 Recumbens
1754 4124 1884 4179 dor-

313 4209 518 4265 mivisti
566 4216 628 4264 ut
654 4209 760 4274 leo,
817 4217 873 4263 et
914 4218 975 4265 ut
1019 4210 1254 4275 catulus,
1289 4229 1308 4261 ι
1345 4225 1411 4267 ex
1444 4212 1678 4282 quadam
1710 4215 1883 4285 ipsius

317 4297 614 4368 Scriptum
644 4298 1063 4365 consuetudine,
1110 4314 1231 4369 quae
1270 4315 1370 4355 sua
1398 4301 1633 4371 quadam
1666 4306 1883 4376 propria

312 4390 767 4456 consideratione,
793 4390 960 4446 etiam
997 4390 1146 4445 mille
1178 4390 1303 4447 aliis
1348 4391 1404 4446 in
1460 4393 1595 4448 locis
1627 4403 1879 4460 mortem,

2002 1806 2313 1878 σπέρματος
2361 1806 2456 1861 καὶ
2502 1805 2659 1877 ῥίζης
2697 1804 2792 1858 τοῦ
2848 1804 3022 1858 ταῦτα
3062 1804 3585 1876 προαναφωνοῦντος

2015 1890 2209 1945 Ἰακὼὸ
2247 1891 2417 1960 ἀνέφυ
2439 1930 2454 1955 ,
2491 1891 2755 1963 πρότερον
2795 1889 2893 1960 μὲν
2928 1888 3062 1953 Θεὸς
3089 1889 3260 1958 Λόγος
3288 1888 3364 1941 ὣν
3386 1928 3401 1952 ,
3433 1889 3586 1956 γενό-

2004 1999 2163 2052 μενος
2199 1982 2257 2035 δὲ
2298 1982 2547 2054 δεύτερον
2586 1983 2699 2045 υίὸς
2745 1980 3052 2053 ἀνθρώπου,
3088 1981 3156 2034 δι’
3187 1981 3255 2053 ἢν
3297 1980 3585 2045 ἀνεδέξατο

1998 2073 2138 2144 ὑπὲρ
2184 2072 2342 2145 ήμῶν
2380 2073 2710 2143 οἰκονομίαν.
2743 2073 2843 2142 Εῖη
2889 2072 2934 2125 δ’
2973 2071 3038 2125 ἂν
3078 2072 3173 2125 καὶ
3209 2071 3303 2124 τοῦ
3351 2070 3582 2126 θανάτου

1997 2166 2162 2219 αὐτοῦ
2193 2164 2487 2237 δηλωτικὸν
2508 2166 2617 2229 τὸ,‹
2642 2163 2958 2220 Ἀναπεσὼν
2994 2165 3294 2238 ἐκοιμήθης
3320 2166 3399 2229 ὡς
3423 2166 3581 2228 λέων,

1996 2258 2090 2309 καὶ
2120 2256 2196 2320 ὡς
2224 2256 2479 2327 σκύμνος,
2521 2277 2538 2307 ι
2573 2255 2633 2321 ἐξ
2670 2255 2823 2320 ἔθους
2841 2256 2941 2326 τῆς
2974 2256 3214 2326 Γραφῆς,
3238 2257 3382 2310 κατά
3416 2274 3469 2309 τι
3501 2257 3580 2309 οἱ-

1996 2343 2142 2394 κεῖον
2181 2339 2444 2413 θεώρημα
2464 2382 2478 2405 ,
2507 2340 2599 2394 τὸν
2629 2340 2858 2395 θάνατον
2892 2341 2987 2394 καὶ
3022 2341 3116 2391 ἐπὶ
3158 2339 3369 2410 μυρίων
3406 2339 3583 2392 ἄλλων

1994 2431 2249 2501 κοίμησιν
2287 2429 2685 2501 ἀποκαλούσης.
2717 2431 2792 2483 Τὸ
2826 2430 2906 2495 δὲ,
2956 2448 2974 2482 ι
3001 2430 3097 2494 Τίς
3123 2432 3307 2501 ὲγερεῖ
3331 2429 3530 2493 αὐτόν,
3557 2448 3577 2478 ι

1994 2514 2124 2583 περὶ
2154 2514 2256 2584 τῆς
2289 2516 2352 2568 ἐκ
2383 2514 2587 2585 νεκρῶν
2620 2515 2971 2578 ἀναστάσεως
2998 2513 3163 2568 αύτοῦ
3193 2513 3581 2584 θαυμαστικῶς

1993 2603 2228 2675 εἴρηται.
2284 2604 2742 2675 Ἑγερθησόμενον
2791 2602 2900 2674 γάρ
2942 2603 3104 2657 αὐτὸν
3142 2603 3328 2673 σαφῶς
3367 2598 3509 2657 οἶδεν
3550 2606 3582 2656 6

1993 2696 2216 2763 φάσκων
2234 2733 2250 2756 ,
2298 2713 2316 2745 ι
2338 2695 2432 2758 Τίς
2450 2696 2632 2766 ἐγερεῖ
2653 2693 2848 2759 αὐτόν;
2883 2712 2903 2744 ι
2938 2693 3325 2764 θαυμαστικῶς
3345 2692 3403 2746 δὲ
3454 2694 3582 2746 ὲπιυ

1990 2777 2136 2845 λέγει
2183 2778 2262 2842 τὸ,
2290 2776 2381 2841 Τίς
2425 2778 2532 2848 ἄρα
2575 2778 2604 2829 6
2646 2776 2802 2831 τοῦτο
2840 2778 3080 2847 ποιήσων
3125 2777 3219 2830 καὶ
3258 2776 3578 2847 ἀναστήσων

1990 2862 2172 2927 αὐτὸν,
2204 2863 2350 2932 ἡμᾶς
2377 2862 2471 2915 ἐπὶ
2501 2861 2563 2916 τὸ
2583 2861 2766 2933 ζητεῖν
2792 2860 3095 2932 διεγείρων,
3115 2862 3199 2924 τίς
3221 2859 3287 2913 ἂν
3313 2858 3399 2931 εῖη
3431 2862 3460 2912 6
3486 2858 3579 2911 τὸν

1990 2954 2195 3025 Κύριον
2225 2952 2381 3023 ήμῶν
2413 2954 2505 3007 τὸν
2543 2954 2682 3025 ὑπὲρ
2703 2952 2860 3024 ήμῶν
2890 2952 3118 3006 θάνατον
3149 2951 3575 3023 ἀναδεξάμενον,

1992 3042 2057 3093 ὲκ
2092 3038 2302 3107 νεκρῶν
2348 3038 2688 3109 ἀναστήσων.
2750 3039 2845 3101 Τίς
2867 3037 2910 3090 δ’
2934 3037 2999 3091 ἂν
3033 3039 3118 3109 εἵη
3151 3036 3307 3100 ἀλλος
3341 3037 3376 3107 ἢ
3410 3038 3439 3089 6
3464 3036 3576 3089 τῶν

1992 3122 2132 3177 ὅλων
2161 3121 2292 3187 Θεὸς
2332 3122 2425 3176 καὶ
2468 3122 2660 3194 Πατὴρ
2693 3121 2880 3186 αὑτοῦ,
2906 3114 2950 3189 ᾧ
2985 3120 3131 3193 μόνῳ
3158 3120 3444 3174 ἀναθετέον
3475 3118 3577 3190 τὴν

1990 3212 2084 3266 τοῦ
2129 3213 2380 3284 Σωτῆρος
2421 3213 2576 3284 ήμῶν
2618 3214 2934 3278 ἀνάστασιν,
2988 3212 3128 3265 κατὰ
3166 3210 3265 3283 τὴν
3306 3210 3577 3278 λέγουσαν

1990 3304 2233 3377 Γραφὴν,
2254 3324 2273 3356 ι
2299 3307 2393 3359 Ὃν
2409 3307 2438 3358 6
2458 3304 2647 3377 Πατὴρ
2673 3306 2892 3377 ἤγειρεν
2917 3305 2981 3356 ὲκ
3006 3302 3215 3374 νεκρῶν
3236 3318 3252 3367 ;
3289 3322 3306 3353 ι
3346 3302 3496 3354 Ἀντί
3514 3300 3576 3354 δὲ

1988 3399 2105 3464 τοῦ,
2135 3418 2154 3450 ι
2180 3398 2426 3470 Σκύμνος
2454 3399 2665 3463 λέοντος
2709 3398 2899 3464 Ἰούδα,
2944 3399 3008 3451 ὲκ
3052 3396 3306 3468 βλαστοῦ,
3334 3395 3418 3449 υἱέ
3445 3412 3573 3466 μου,

1988 3490 2206 3562 ἀνέῦης,
2232 3490 2518 3546 ἀναπεσὼν
2541 3490 2865 3562 ἐκοιμήθης,
2895 3511 2913 3541 ι
2938 3487 3399 3561 ὲμφαντικώτατα
3422 3490 3451 3542 6
3473 3488 3574 3558 μὲν

2001 3580 2227 3644 Ἀκύλας
2265 3581 2397 3653 φησι
2437 3598 2451 3612 ·
2478 3600 2496 3632 ι
2527 3579 2737 3647 Σκύλαξ
2764 3579 2972 3643 λέοντος
3033 3578 3233 3642 Ἰούδα,
3273 3577 3384 3632 ἀπὸ
3431 3577 3573 3631 ἀλῶ-

1990 3690 2126 3736 σεως
2146 3714 2161 3738 ,
2193 3673 2276 3726 υίέ
2305 3690 2410 3743 μου
2430 3712 2445 3738 ,
2478 3671 2677 3742 ἀνέόης
2696 3712 2711 3736 ,
2747 3670 2970 3742 κάμψας
2991 3669 3318 3740 κατεκλίθης
3343 3687 3357 3700 ·
3400 3689 3421 3723 ι
3456 3670 3487 3722 6
3510 3668 3571 3722 δὲ

1987 3762 2279 3835 Σύμμαχός
2314 3777 2480 3833 φησι·
2528 3780 2547 3813 ι
2582 3761 2828 3832 Σκύμνος
2858 3760 3069 3824 λέοντος
3109 3758 3315 3825 Ἰούδα,
3363 3760 3429 3813 ἐκ
3474 3758 3573 3829 θη·-

1989 3853 2319 3926 ριαλὼσεως,
2348 3853 2432 3906 υἱέ
2456 3871 2577 3924 μου,
2607 3853 2824 3924 ἀνέϐης,
2847 3852 3083 3917 ὀκλάσας
3111 3851 3416 3924 ήδράσθης·
3455 3871 3475 3905 ι
3500 3851 3573 3906 δι’

1986 3942 2063 4001 ὧν
2094 3947 2279 4017 σαφῶς
2307 3947 2635 4018 παρίσταται
2667 3949 2700 4017 ἡ
2734 3947 2800 4000 ὲκ
2820 3945 3026 4017 νεκρῶν
3049 3946 3345 4009 ἀνάστασις
3364 3987 3381 4008 ,
3410 3947 3505 4000 καὶ
3533 3947 3571 4016 ή

1986 4040 2045 4106 ἐξ
2075 4040 2229 4111 ᾆδον,
2259 4040 2446 4112 ῶσπερ
2478 4039 2544 4093 ἐκ
2566 4056 2711 4104 τινος
2742 4038 3126 4111 θηριαλὼσεως
3149 4080 3163 4102 ,
3193 4037 3286 4091 τοῦ
3317 4038 3573 4110 Σωτῆρος

1987 4131 2143 4203 ἡμῶν
2171 4132 2448 4202 ἀποφυγή.
2476 4132 2549 4185 Τὸ
2575 4131 2633 4185 δὲ
2660 4130 2911 4195 ὀκλάσαι,
2937 4131 3030 4183 καὶ
3048 4129 3398 4201 ἑδρασθῆναι,
3434 4129 3573 4183 ἀλλὰ

1987 4223 2063 4295 μὴ
2089 4226 2437 4287 καταπεσεῖν,
2469 4221 2605 4294 ὁμοῦ
2628 4223 2719 4276 τὸν
2744 4222 2973 4277 θάνατον
2994 4222 3159 4288 ἔδειξε
3179 4221 3265 4275 διὰ
3287 4220 3383 4274 τοῦ
3407 4221 3569 4275 ὀκλά-

1987 4324 2114 4360 σαι·
2162 4308 2256 4362 καὶ
2287 4308 2348 4361 τὸ
2392 4308 2467 4380 μὴ
2518 4307 2857 4378 ύποσυρῆναι
2902 4305 3105 4377 ὁμοίως
3141 4307 3263 4367 ταῖς
3309 4304 3419 4357 τῶν
3459 4304 3571 4357 λοι-

1985 4400 2103 4456 πῶν
2150 4400 2451 4473 ἀνθρώπων
2497 4400 2731 4471 ψυχαῖς,
2780 4398 2867 4453 διὰ
2909 4397 3000 4451 τοῦ
3045 4395 3334 4468 ήδράσθαι.
3382 4395 3569 4449 Ταῦτα

312 4479 697 4536 dormitionem
766 4494 1133 4551 somnumque
1183 4482 1436 4551 appellat.
1486 4482 1623 4539 Illud
1670 4493 1876 4552 autem,

1995 4494 2086 4566 μὲν
2153 4489 2245 4549 οὖν
2304 4492 2482 4547 πάντα
2544 4489 2908 4563 προαπέκειτο
2964 4487 3041 4559 τῷ
3104 4485 3326 4558 Χριστῷ
3349 4502 3364 4517 ο
3423 4487 3567 4555 πλὴν

315 4588 339 4626 ι
371 4570 508 4640 Quis
535 4569 795 4628 excitabit
847 4571 1009 4626 eum?
1047 4591 1066 4625 ι
1095 4572 1163 4627 de
1198 4572 1374 4628 reditu
1402 4575 1523 4645 ejus
1550 4591 1581 4630 a
1615 4584 1790 4633 morte
1811 4578 1881 4633 ad

309 4665 479 4721 vitam
502 4678 627 4720 cum
654 4662 1014 4719 admiratione
1040 4662 1247 4720 dictum
1272 4674 1378 4722 est.
1407 4664 1466 4722 Si
1493 4668 1712 4739 quidem
1740 4672 1885 4726 exci-

310 4756 540 4811 tandum
569 4753 639 4809 ad
668 4755 837 4811 vitam
860 4754 1011 4809 illum
1038 4755 1198 4826 plane
1226 4759 1394 4824 novit,
1420 4760 1515 4832 qui
1542 4762 1618 4816 ait
1645 4778 1658 4813 :
1691 4781 1709 4814 ι
1745 4762 1880 4829 Quis

310 4852 570 4908 excitabit
609 4852 827 4923 ipsum?
868 4869 888 4904 ι
915 4867 1040 4909 cum
1072 4853 1429 4910 admiratione
1466 4871 1600 4912 vero
1647 4857 1885 4915 interro-

234 4950 235 4953 “
310 4956 422 5017 gat,
452 4946 709 5018 quisnam
737 4946 843 5001 hoc
872 4943 1122 5002 facturus
1152 4947 1225 5002 sit
1262 4957 1425 5019 atque
1471 4950 1625 5005 illum
1662 4953 1872 5008 excita-

307 5047 490 5105 turus,
529 5046 590 5094 ut
637 5040 719 5095 sic
758 5054 863 5096 nos
890 5038 959 5093 ad
995 5040 1347 5110 quaerendum
1381 5042 1593 5109 invitet,
1622 5047 1877 5116 quisnam

309 5128 399 5185 hic
425 5131 523 5194 sit,
545 5130 640 5200 qui
669 5128 963 5185 Dominum
1006 5140 1256 5187 nostrum
1284 5143 1408 5202 post
1441 5146 1749 5207 susceptam
1778 5154 1879 5209 pro

306 5223 469 5279 nobis
517 5229 749 5278 mortem
790 5236 824 5278 a
868 5229 1046 5280 morte
1076 5224 1149 5281 sit
1189 5235 1544 5285 revocaturus
1574 5229 1641 5285 ad
1686 5230 1876 5288 vitam.

308 5313 444 5380 Quis
479 5328 641 5385 porro
664 5314 754 5370 hic
784 5315 859 5372 sit
884 5316 1025 5373 alius
1055 5332 1221 5388 quam
1252 5320 1494 5377 universi
1540 5321 1685 5378 Deus
1715 5332 1771 5379 et
1803 5323 1873 5378 il-

306 5406 416 5461 lius
446 5407 623 5477 ipsius
647 5405 827 5474 Pater,
863 5407 952 5462 cui
980 5408 1085 5464 soli
1129 5410 1424 5467 tribuenda
1457 5422 1541 5470 est
1571 5413 1873 5473 Salvatoris

304 5500 480 5557 nostri
512 5500 568 5554 in
598 5500 757 5555 vitam
797 5501 1093 5564 restitutio,
1127 5502 1271 5559 sicut
1302 5504 1585 5577 Scriptura
1614 5508 1879 5565 testiﬁca-

301 5602 414 5656 tur,
441 5606 563 5662 qua:
584 5592 681 5658 ait,
710 5611 726 5644 ι
757 5590 926 5660 Quem
959 5593 1121 5650 Pater
1145 5597 1428 5655 suscitavit
1456 5615 1486 5654 a
1514 5600 1839 5658 mortuis”?
1858 5621 1877 5654 ›

374 5704 421 5736 ⁸⁸
459 5700 560 5759 Gal
614 5719 664 5767 ι,
701 5703 750 5761 1.
807 5707 828 5762 1
861 5704 1056 5763 Thess.
1090 5721 1149 5773 ι,
1184 5706 1276 5766 10.

1985 4587 2092 4651 ἕως
2142 4586 2352 4641 οὐδέπω
2415 4584 2601 4649 τέλους
2654 4582 2948 4653 ἐτύγχανε,
3003 4580 3063 4633 τὸ
3128 4577 3402 4633 Ἰουδαίων
3445 4595 3570 4630 συνο

1986 4684 2226 4755 ειστήκει
2259 4681 2407 4740 ἔθνος
2431 4723 2446 4745 ,
2482 4679 2575 4734 καὶ
2596 4680 2644 4732 οἱ
2678 4676 2738 4742 ἐξ
2762 4675 2941 4730 αὐτῶν
2979 4674 3237 4746 ἄρχοντες
3278 4673 3376 4726 καὶ
3404 4671 3571 4743 ἡγεύ-

1989 4788 2161 4843 μενοι,
2209 4771 2264 4824 οῖ
2311 4786 2373 4823 τε
2428 4766 2906 4839 ὲξακριὸαζόμενοι
2968 4763 3067 4827 τὰς
3120 4761 3269 4825 θείας
3328 4760 3568 4824 συνετῶς

1986 4863 2115 4935 περὶ
2136 4861 2227 4916 τοῦ
2262 4858 2499 4933 Χριστοῦ
2536 4856 2870 4930 προφητείας
2914 4855 3209 4927 διέπρεπον
3254 4854 3314 4905 ὲν
3359 4852 3564 4915 αὐτοξ.

1998 4956 2148 5009 Ἐπεὶ
2171 4954 2229 5008 δὲ
2257 4952 2482 5027 ἐλήλυθε
2509 4952 2578 5007 τά
2610 4949 2945 5020 ἀποκείμενα
2972 4946 3051 5019 τῷ
3087 4944 3276 5017 Ἰούδᾳ,
3305 4944 3484 5014 ἐφάνη
3506 4960 3567 4995 τε

1987 5049 2080 5102 ἐπὶ
2116 5048 2219 5119 γῆς
2246 5049 2275 5101 6
2310 5045 2779 5120 προφητευόμενος
2812 5043 2877 5096 ὲκ
2926 5040 3243 5112 σπέρματος
3292 5036 3390 5090 καὶ
3443 5034 3568 5105 βλα-

1989 5138 2113 5192 στού
2140 5138 2425 5210 γενόμενος
2456 5136 2549 5189 τού
2575 5134 2749 5189 ταῦτα
2768 5130 3169 5192 τεθεσπικότος,
3195 5124 3486 5180 ἀναπεσὼν
3506 5140 3562 5178 τε

1987 5231 2081 5286 καὶ
2110 5230 2413 5303 κοιμηθεὶς,
2446 5229 2479 5302 ἢ
2513 5228 2748 5292 ὀκλάσας
2780 5223 2924 5279 κατὰ
2950 5223 3043 5277 τὸν
3065 5220 3380 5292 Σύμμαχον,
3400 5216 3563 5289 ήδρά-

1990 5324 2092 5395 σθη
2121 5325 2217 5378 καὶ
2239 5322 2533 5397 ἀνηγέρθη,
2558 5320 2659 5385 τὰς
2683 5321 2870 5392 χεῖρας
2892 5314 3056 5371 αὑτοῦ
3086 5313 3228 5369 κατά
3252 5310 3425 5365 νώτου
3456 5309 3564 5363 τῶν

1979 5416 2227 5487 ἀοράτων
2259 5418 2353 5471 καὶ
2385 5413 2590 5486 νοητῶν
2623 5412 2832 5485 ὲχθρῶν
2863 5406 3135 5463 ἐπιϐαλών
3154 5422 3167 5435 ·
3194 5405 3325 5459 οἵτε
3346 5401 3565 5473 ἀδελφοὶ

1982 5508 2147 5567 αὑτοῦ
2185 5510 2280 5564 καὶ
2317 5509 2557 5582 μαθηταὶ
2589 5508 2855 5580 πρότερον
2900 5499 3247 5562 ἐπαινοῦντες
3280 5499 3442 5551 αὐτὸν
3472 5495 3565 5549 καὶ

1984 5600 2374 5673 θαυμάζοντες,
2394 5601 2617 5673 ὕστερον
2640 5600 2735 5654 καὶ
2759 5597 2835 5662 ὡς
2857 5595 2989 5649 Θεὸν
3015 5592 3371 5665 ὡμολόγησαν
3400 5585 3565 5649 εἶναι.
