3828 6220
220 325 333 383 593

1112 323 1766 383 DEMONSTRATIONIS
1805 328 2261 385 EVANGELICE
2303 328 2430 384 LIB.
2474 328 2609 387 VIII.

3383 334 3488 390 ὅθι

219 443 322 497 καὶ
350 441 427 506 ὦς
457 440 590 495 Θεὸν
615 440 1026 513 προσεκύνησαν
1046 458 1059 471 ·
1081 441 1380 513 τηνικαῦτα
1415 443 1715 514 ἐπληροῦτο
1743 444 1811 499 τὰ
1842 476 1852 509 Α

1921 445 2022 499 Pro
2042 445 2134 500 illo
2160 453 2361 510 autem,
2397 463 2416 497 ι
2447 444 2676 502 Catulus
2707 445 2881 503 leonis
2916 445 3079 512 Juda,
3108 448 3176 503 de
3221 450 3486 520 germine,

222 532 566 604 ἀποκείμενα
594 532 761 604 αὐτῷ,
792 531 869 596 ὡς
897 532 985 585 διὰ
1003 533 1160 585 τοῦτο
1176 534 1493 606 ἀνειρῆσθαι
1525 536 1604 589 τό’
1633 536 1813 599 «Ἕως

222 628 292 684 ἂν
320 627 451 700 ἔλθῃ
482 627 553 680 τὰ
580 627 914 697 ἀποκείμενα
961 626 1129 697 αὐτῷ.
1163 646 1181 677 ι
1203 627 1292 694 Ἐξ
1333 628 1542 681 ἐκείνου
1589 629 1700 701 γάρ
1731 647 1813 683 τοι

221 719 323 774 καὶ
356 721 437 782 είς
466 717 626 790 δεῦρο
657 720 737 783 εἰς
763 718 937 791 πέρας
979 716 1243 772 ἐλθόντων
1287 718 1394 773 τῶν
1439 721 1814 793 ἀποκειμένων

225 809 400 880 αὐτῷ,
418 809 784 864 διαλελοίπασι
810 810 906 881 μὲν
926 810 976 862 οἱ
1003 810 1263 881 ἄρχοντες
1285 812 1378 864 καὶ
1402 813 1696 884 ἡγούμενοι
1720 813 1813 867 τοῦ

237 901 509 955 Ἰουδαίων
536 900 741 964 ἔθνους,
770 900 1113 972 κατέστησάν
1143 917 1203 953 τε
1240 901 1331 954 ἐπὶ
1360 902 1604 973 κεφαλῆς
1633 902 1814 959 αὐτῶν

224 992 487 1062 ἄρχοντες
515 991 703 1056 ἐθνῶν,
730 992 963 1063 ἔμπαλιν
995 992 1054 1045 δὲ
1084 991 1152 1045 τά
1179 992 1307 1065 ἔθνη
1329 994 1419 1049 τὸν
1440 994 1673 1067 Χριστὸν
1693 998 1816 1049 επι-

222 1087 425 1155 γνόντα
471 1084 567 1138 τοῦ
618 1083 775 1148 Θεοῦ,
810 1085 972 1139 αὐτὸν
1024 1085 1403 1158 ἐπεγράψαντο
1446 1087 1680 1160 Σωτῆρα
1725 1088 1818 1142 καὶ

224 1179 580 1249 προσδοκίαν.
615 1176 768 1231 Μετὰ
820 1177 993 1231 ταῦτα
1046 1180 1224 1232 πάντα
1277 1178 1620 1253 έπι).ἐγεται’
1678 1199 1696 1231 ι
1722 1184 1820 1233 Δε-

226 1270 450 1342 σμεύων
483 1270 618 1342 πρὸς
642 1269 884 1341 ἄμπελον
910 1273 1003 1325 τὸν
1035 1272 1211 1325 πῶλον
1245 1270 1433 1337 αὐτοῦ,
1464 1272 1558 1325 καί
1582 1274 1649 1343 τῇ
1675 1271 1817 1326 ’ἐλικι

229 1363 293 1415 τὸ
327 1360 622 1431 ὑποζύγιον
647 1363 747 1432 τῆς
773 1362 894 1415 ὄνου
925 1362 1111 1431 αὐτοῦ,
1142 1363 1333 1417 πλυνεῖ
1351 1365 1410 1417 ὲν
1431 1363 1559 1433 οἴνῳ
1580 1363 1678 1435 τὴν
1700 1381 1819 1418 στο-

222 1453 327 1524 λὴν
358 1452 546 1517 αὐτοῦ,
580 1454 675 1506 καλ⁵
718 1454 775 1506 ὲν
817 1453 1009 1525 αἵματι
1059 1454 1336 1523 σταφυλῆς
1375 1454 1475 1525 τὴν
1523 1454 1817 1525 περιϐολὴν

224 1545 416 1598 αὐτοῦ.
453 1546 751 1616 Χαροποιοὶ
775 1547 823 1599 οἱ
852 1546 1120 1616 ὀφθαλμοὶ
1163 1544 1328 1600 αὑτοῦ
1377 1546 1486 1599 ἀπὸ
1530 1547 1695 1612 οἴνου,
1723 1546 1819 1600 καὶ

223 1634 416 1687 λευκοὶ
459 1636 509 1686 οί
556 1634 767 1698 ὀδόντες
823 1635 988 1688 αὐτοῦ
1118 1636 1279 1706 γάλα.
1314 1655 1333 1688 ι
1365 1635 1705 1689 Αίνῐττεσθαι
1761 1636 1818 1689 δὲ

225 1725 472 1798 ἠγοῦμαι
525 1726 614 1780 διὰ
664 1726 867 1781 τούτων
898 1727 987 1781 τὸν
1022 1728 1121 1799 μὲν
1166 1727 1344 1781 πῶλον
1382 1727 1547 1781 αὑτὸν
1578 1728 1670 1780 τὸν
1707 1726 1817 1780 τῶν

1928 539 1998 591 ﬁli
2032 538 2125 603 mi,
2156 536 2475 602 ascendisti,
2503 537 2832 594 recumbens
2877 537 3208 604 dormivisti,
3260 559 3280 594 ι
3317 539 3489 611 signi-

1914 628 2174 684 ﬁcantius
2203 626 2397 698 Aquila
2446 629 2717 684 convertit
2750 648 2762 683 :
2807 646 2826 681 ι
2862 628 3089 686 Catulus
3124 629 3298 686 leonis
3324 628 3487 696 Juda,

1915 720 1984 775 de
2011 727 2266 789 captura,
2298 718 2369 774 ﬁli
2400 719 2496 785 mi,
2525 720 2845 785 ascendisti,
2873 735 2998 776 cum
3020 718 3268 777 ﬂexisses
3294 721 3492 776 cubui—

1917 814 2019 877 sti;
2060 832 2078 865 ι
2111 810 2471 883 Symmachus
2502 820 2705 876 autem,
2749 830 2769 863 ι
2801 810 3051 876 Catulus,
3089 812 3289 882 inquit,
3317 812 3490 868 leonis

1919 902 2080 968 Juda,
2107 903 2175 958 de
2208 902 2445 959 ferarum
2477 912 2726 974 captura,
2753 904 2826 958 ﬁli
2849 905 2945 965 mi,
2988 903 3307 970 ascendisti,
3341 903 3496 974 geni-

1917 996 2024 1051 bus
2052 995 2207 1051 ﬂexis
2237 995 2593 1052 conﬁrmatus
2623 1011 2720 1060 es;
2760 1015 2778 1048 ι
2820 1010 2886 1051 ex
2927 996 3127 1065 quibus
3162 994 3342 1050 verbis
3371 994 3490 1065 pla-

1919 1086 2148 1142 nissime
2180 1094 2404 1158 apparet
2437 1086 2557 1157 ipsa
2583 1086 2652 1141 de
2680 1094 2857 1142 morte
2885 1086 2954 1142 ad
2991 1086 3159 1142 vitam
3190 1085 3504 1152 restitutio,

1915 1189 1973 1237 et
2007 1182 2076 1236 ab
2103 1182 2297 1238 inferis
2327 1182 2493 1238 veluti
2523 1196 2553 1234 a
2581 1181 2821 1252 quadam
2856 1180 3094 1237 ferarum
3124 1188 3351 1251 captura
3377 1178 3503 1236 Sal--

1919 1274 2128 1329 vatoris
2178 1274 2353 1329 nostri
2396 1275 2602 1331 evasio.
2633 1273 2790 1341 Quod
2835 1289 2966 1330 vero
3008 1274 3160 1330 illum
3206 1274 3406 1330 dixerit
3436 1282 3497 1330 et:

1919 1378 2100 1434 genua
2131 1362 2347 1420 ﬂexisse
2386 1375 2439 1422 et
2472 1366 2855 1421 conﬁrmatum
2885 1380 3026 1432 esse,
3056 1381 3165 1421 non
3189 1372 3370 1421 autem
3399 1380 3495 1421 ce-

1916 1456 2141 1521 cidisse,
2176 1456 2232 1511 in
2267 1471 2334 1511 eo
2364 1457 2582 1526 quidem
2610 1456 2753 1526 quod
2779 1470 2955 1526 genua
2993 1454 3223 1519 ﬂexerit,
3261 1464 3491 1510 mortem

1917 1549 2137 1603 interim
2164 1548 2594 1617 demonstravit;
2622 1548 2765 1619 quod
2805 1556 2984 1602 autem
3012 1547 3083 1602 sit
3111 1547 3489 1612 conﬁrmatus,

1919 1655 2031 1694 non
2073 1645 2349 1709 raptatum
2390 1652 2514 1694 esse
2547 1652 2699 1693 more
2734 1636 2966 1691 aliarum
2996 1635 3324 1691 animarum.
3363 1634 3493 1691 Hac

1920 1732 2085 1802 igitur
2112 1730 2297 1785 omnia
2331 1729 2550 1785 Christo
2577 1728 2730 1801 prius
2757 1731 2998 1799 reposita
3029 1734 3209 1791 erant,
3240 1742 3365 1797 qua:
3413 1735 3496 1782 ta-
3544 1762 3549 1769 -

226 1818 547 1873 ἀποστόλων
575 1821 669 1872 καὶ
705 1819 961 1892 μαθητῶν
1002 1819 1095 1874 τοῦ
1130 1820 1384 1892 Σωτῆρος
1424 1818 1583 1891 ἡμῶν
1620 1819 1813 1891 χορόν·
1850 1816 1852 1871 ἶ

1922 1839 2044 1879 men
2072 1822 2333 1893 quamdiu
2356 1820 2516 1877 ﬁnem
2543 1837 2702 1877 suum
2720 1828 3014 1876 consecuta
3035 1835 3144 1874 non
3176 1826 3325 1885 sunt,
3347 1826 3493 1875 tam—

225 1910 331 1981 τὴν
363 1909 421 1964 δὲ
468 1911 709 1982 ἄμπελον
737 1913 795 1966 ὲν
883 1912 974 1966 τὸν
1004 1913 1183 1967 πῶλον
1230 1912 1552 1985 προσέδησε,
1585 1913 1682 1984 τὴν
1731 1911 1817 1965 ἕν-

227 1998 357 2052 θεον
402 2000 498 2053 καὶ
534 2001 765 2072 ἀόρατον
796 2002 960 2056 αὐτοῦ
982 2003 1230 2075 δύναμιν,
1259 2004 1325 2075 ῆν
1357 2004 1519 2067 αὐτὸς
1552 2003 1820 2075 παριστὰς

227 2090 502 2156 ἐδίδασκε,
533 2092 705 2162 λέγων
725 2111 737 2123 ·
764 2112 783 2145 ι
807 2093 948 2164 Ἐγὼ
988 2098 1106 2167 είμι
1138 2098 1173 2167 ή
1207 2096 1449 2167 ἄμπελος
1489 2098 1522 2167 ἡ
1568 2094 1817 2167 ἀληθινὴ,

226 2187 259 2237 ὀ
281 2185 479 2257 Πατήρ
515 2203 615 2256 μου
642 2189 672 2241 ό
703 2189 948 2259 γεωργός
981 2189 1150 2241 ἐστιν.
1183 2189 1366 2256 »Ἔλιξ
1397 2189 1455 2242 δὲ
1499 2189 1600 2259 τῆς
1643 2189 1822 2260 ἀμπέ-

228 2276 327 2330 λου
368 2278 468 2349 τῆς
514 2279 867 2352 ἀποδοθείσης
897 2282 981 2353 εἴη
1013 2280 1079 2334 ἂν
1106 2283 1139 2352 ἡ
1164 2280 1257 2334 τοῦ
1289 2281 1424 2335 Θεοῦ
1458 2281 1632 2350 Λόγου
1675 2281 1819 2335 διδα-

232 2370 454 2432 σκαλία,
485 2372 542 2425 ὲν
669 2373 762 2427 τὸν
812 2374 991 2428 πῶλον
1037 2375 1137 2446 τῆς
1178 2373 1299 2427 όνου
1348 2374 1698 2446 κατεδήσατο,
1728 2374 1820 2428 τὸν

227 2461 354 2515 νέον
384 2461 447 2527 ἐξ
475 2462 645 2517 ὲθνῶν
673 2464 819 2527 λαὸν,
840 2467 1085 2538 γέννημα
1105 2466 1441 2536 τυγχάνοντα
1460 2466 1567 2521 τῶν
1593 2466 1823 2520 ἀποστό-

229 2552 344 2607 λων
384 2555 572 2609 αὐτοῦ.
608 2557 765 2611 Εἴποι
792 2558 838 2611 δ’
869 2558 935 2613 ἄν
959 2576 1045 2622 τις
1076 2560 1171 2612 καὶ
1196 2559 1332 2631 πρὸς
1368 2557 1513 2622 λέξιν
1537 2558 1710 2611 ταῦτα
1734 2557 1822 2610 τέ-

231 2645 361 2712 λους
398 2649 779 2721 τετυχηκέναι,
809 2651 899 2704 ὅτε
954 2651 1095 2706 κατὰ
1143 2652 1235 2705 τὸν
1291 2650 1571 2705 Ματθαῖον
1615 2646 1766 2705 εἶπεν
1792 2653 1822 2704 ό

234 2739 443 2811 Κύριος
473 2745 588 2805 τοῖς
624 2743 819 2796 ἑαυτοῦ
860 2743 1162 2816 μαθηταῖς⁹
1213 2764 1231 2795 ι
1264 2742 1570 2817 Πορεύεσθε
1613 2745 1693 2807 εἰς
1722 2741 1823 2815 τὴν

235 2832 525 2887 κατέναντι
553 2834 706 2905 ὑμῶν
730 2834 944 2908 κώμην,
970 2838 1066 2891 καὶ
1092 2836 1293 2900 εὐθέως
1315 2837 1577 2908 εὑρήσετε
1594 2836 1715 2890 ὄνον
1736 2835 1822 2888 δε-

234 2922 492 2995 δεμένην,
525 2927 621 2980 xa‘t
667 2926 845 2981 πῶλον
899 2930 1016 2999 μετ’
1041 2928 1243 2998 αὐτῆς⁶
1281 2928 1541 2991 λύσαντες
1588 2926 1822 2996 ἀγάγετέ

239 3034 352 3087 μοι.
389 3037 408 3070 ι
445 3020 557 3073 Kal.
590 3019 705 3074 ἔστι
729 3037 793 3089 γε
813 3020 1028 3093 ἀληθῶς
1046 3021 1125 3092 τῷ
1143 3022 1286 3093 λόγῳ
1308 3023 1672 3093 ἐπιστήσαντα
1689 3020 1824 3074 ἀπο-

236 3109 519 3181 θαυμάσαι
569 3113 668 3184 τὴν
712 3113 806 3166 τοῦ
849 3116 1130 3187 προφήτου
1182 3114 1508 3187 πρόρρησιν,
1559 3111 1639 3184 τῷ
1694 3112 1824 3185 θείῳ

236 3200 517 3274 Πνεύματί
549 3204 1074 3276 προτεθεωρηκότος,
1116 3207 1197 3259 ὅτι
1240 3206 1305 3277 δὴ
1350 3206 1603 3277 μελλήσει
1633 3208 1660 3260 ό
1693 3223 1825 3279 προ-

237 3295 628 3366 φητευόμενος,
658 3297 755 3366 οὐχ
786 3292 876 3350 οἷά
904 3315 989 3361 τις
1017 3297 1256 3363 ἐπίδοξος
1297 3301 1355 3352 ὲν
1387 3297 1695 3371 ἀνθρώποις
1730 3298 1825 3369 βα-

239 3386 443 3450 σιλεὺς,
477 3387 562 3455 ἐφ’
591 3388 849 3459 ἁρμάτων
879 3390 972 3442 καὶ
999 3390 1182 3443 ἵππων
1211 3389 1530 3462 όχήσεσθαι,
1565 3389 1701 3443 ἀλλά
1734 3391 1826 3443 ἐπὶ

235 3476 360 3532 ὄνου
391 3479 488 3533 καὶ
515 3478 715 3547 πώλου,
748 3477 836 3535 οἷά
861 3499 944 3545 τις
975 3482 1084 3535 τῶν
1114 3482 1321 3536 πολλῶν
1352 3483 1528 3547 κοινὸς
1566 3482 1705 3553 ἀνὴρ
1731 3484 1825 3537 καὶ

238 3570 431 3641 πένης.
461 3572 633 3625 Τοῦτο
676 3572 786 3644 γάρ
825 3574 918 3626 καὶ
970 3573 1129 3637 ἄλλος
1175 3574 1469 3646 προφητῶν
1520 3574 1822 3645 ἐθαύμασε,

236 3663 449 3732 φήσαςο
488 3683 506 3713 ι
537 3665 709 3736 Χαῖρε
746 3665 967 3735 σωροί,
1010 3665 1247 3737 θύγατερ
1275 3664 1435 3730 Σιὼν,
1470 3666 1579 3719 ἰδοὺ
1607 3666 1637 3717 ό
1671 3665 1823 3736 βασι-

234 3748 363 3813 λεύς
404 3766 499 3803 σου
538 3750 756 3822 ἔρχεταί
785 3770 865 3806 σοι
899 3756 1095 3827 πρᾶος,
1120 3754 1465 3826 ἐπιϐεϐηκὼς
1498 3756 1591 3809 ἐπὶ
1623 3756 1825 3819 ὑποζύ-

236 3859 357 3910 γιον
404 3844 500 3897 καὶ
548 3844 727 3899 πῶλον
754 3847 896 3900 νέον.
928 3867 946 3898 ι
986 3848 1058 3901 Τὸ
1096 3847 1174 3913 δὲ,
1213 3867 1232 3898 ι
1264 3848 1462 3901 Πλυνεί
1491 3849 1548 3902 ὲν
1570 3847 1700 3918 οἴνῳ
1723 3848 1823 3919 τὴν

237 3936 434 4008 στολὴν
459 3937 643 4003 αὐτοῦ,
678 3940 774 3993 καὶ
810 3941 869 3992 έν
899 3939 1088 4009 αἵματι
1112 3941 1388 4012 σταφυλῆς
1409 3940 1507 4012 τὴν
1530 3940 1824 4013 περιϐολὴν

236 4029 428 4095 αὐτοῦ,
460 4050 479 4081 ι
519 4031 712 4099 σκέψαι
747 4033 841 4086 καὶ
866 4032 1027 4095 αὐτὸς
1061 4034 1272 4103 μήποτε
1305 4033 1381 4097 ὡς
1410 4034 1467 4086 ὲν
1492 4035 1825 4107 ἀπορρήτοις

236 4122 301 4175 τὸ
335 4124 598 4193 μυστικὸν
626 4122 921 4177 αἰνίττεται
950 4124 1124 4188 πάθος
1154 4124 1341 4190 αὐτοῦ,
1371 4127 1428 4178 ὲν
1448 4118 1493 4191 ᾧ
1510 4124 1608 4197 τὴν
1634 4125 1825 4197 στολὴν

238 4214 409 4269 αὑτοῦ
448 4216 543 4268 καὶ
586 4216 646 4269 τὸ
692 4216 1039 4287 περιϐόλαιον
1080 4216 1354 4270 ἀπέπλυνε
1397 4216 1626 4289 λουτρῷ,
1658 4217 1725 4271 δι’
1762 4212 1824 4273 οὗ

233 4305 347 4360 τῶν
376 4308 458 4370 είς
494 4307 655 4360 αὑτὸν
688 4308 1129 4361 πεπιστευκότων
1164 4309 1494 4362 ἀποπλύνειν
1522 4310 1591 4363 τὰ
1617 4310 1824 4364 παλαιὰ

238 4402 388 4473 ρύπη
411 4402 684 4471 δηλοῦται.
714 4402 813 4455 Διά
835 4402 945 4474 γὰρ
972 4400 1065 4454 τοῦ
1090 4401 1257 4466 οἴνου,
1277 4402 1414 4473 ὅπερ
1438 4397 1506 4473 ἦν
1530 4402 1625 4455 τοῦ
1660 4403 1825 4475 αἵμα-

1920 1917 2013 1971 diu
2037 1914 2267 1971 Iudaica
2297 1930 2431 1986 gens
2465 1916 2633 1980 stetit,
2659 1912 3083 1983 Judaeorumque
3117 1912 3393 1984 principes
3427 1926 3492 1967 ac

1919 2011 2110 2069 duces.
2133 2009 2502 2079 exquisitique
2523 2023 2588 2062 ac
2611 2008 2886 2078 sapientes
2910 2005 3219 2060 divinorum
3247 2004 3314 2060 de
3334 2003 3494 2063 Chri-

1920 2111 2006 2157 sto
2040 2102 2391 2157 oraculorum
2437 2101 2768 2171 interpretes
2807 2097 2950 2170 apud
2987 2098 3139 2169 ipsos
3171 2096 3491 2151 ﬂoruerunt.

1918 2192 2084 2265 379
2102 2191 2397 2263 Postquam
2427 2199 2610 2246 autem
2644 2201 2914 2247 venerunt
2942 2203 3064 2259 quae
3087 2188 3190 2259 ipsi
3210 2185 3365 2243 Iuda:
3405 2201 3494 2242 ιιθ.

1920 2288 2095 2357 posita
2124 2292 2305 2350 erant,
2338 2292 2455 2338 tum
2495 2285 2542 2339 is
2577 2284 2631 2339 in
2674 2290 2823 2338 terra
2851 2290 2936 2339 est
2963 2282 3139 2345 visus,
3170 2281 3264 2352 qui
3295 2295 3327 2334 ι
3369 2294 3497 2350 pro-

1921 2380 2098 2451 phetis
2144 2379 2325 2434 dictus
2370 2387 2489 2433 erat
2528 2378 2597 2433 de
2645 2376 2854 2433 semine
2904 2391 2969 2431 ac
3013 2375 3184 2446 stirpe
3228 2374 3370 2443 ejus,
3399 2372 3495 2442 qui

1918 2472 2036 2525 haec
2076 2470 2416 2526 divinaverat
2453 2470 2719 2533 oriturus,
2763 2466 3203 2535 recumbensque
3240 2479 3306 2519 ac
3343 2463 3496 2533 sopi-

1916 2570 2031 2627 tus,
2065 2563 2170 2628 vel,
2205 2570 2267 2617 ut
2293 2563 2370 2616 ait
2397 2560 2782 2634 Symmachus,
2817 2578 2837 2611 ι
2870 2558 3099 2630 genibus
3124 2556 3278 2612 ﬂexis
3309 2575 3328 2609 ι
3366 2569 3499 2610 con-

1914 2659 2172 2713 ﬁrmatus
2210 2666 2296 2713 est
2327 2666 2380 2713 et
2409 2657 2668 2719 surrexit,
2699 2654 2956 2709 manibus
2990 2653 3044 2708 in
3066 2662 3280 2722 tergum
3308 2648 3496 2705 invisi-

1923 2751 2111 2806 bilium
2145 2759 2304 2821 atque
2334 2747 2758 2819 intelligibilium
2786 2745 3028 2802 hostium
3061 2743 3301 2814 injectis,
3345 2741 3497 2811 ejus-

1924 2858 2028 2914 que
2058 2841 2258 2898 fratres
2282 2856 2345 2896 ac
2375 2839 2629 2911 discipuli
2653 2845 2812 2893 antea
2842 2836 2993 2891 illum
3019 2834 3304 2890 laudantes
3331 2839 3497 2902 atque

1924 2934 2279 2999 admirantes,
2334 2939 2459 3003 post
2485 2931 2576 2986 ubi
2641 2929 2811 2984 Deum
2859 2942 2983 2984 esse
3029 2923 3270 2981 confessi
3329 2932 3494 2987 sunt,

1924 3027 2088 3082 etiam
2142 3035 2200 3079 ut
2247 3023 2417 3079 Deum
2467 3022 2850 3083 adoraverunt,
2892 3025 3006 3072 tum
3055 3031 3184 3073 vero
3233 3014 3325 3070 illa
3375 3013 3495 3083 ipsa

1927 3120 2196 3189 completa
2226 3125 2374 3181 sunt,
2426 3098 2549 3186 quae
2587 3113 2692 3184 ipsi
2744 3110 2985 3181 reposita
3036 3117 3212 3173 erant,
3267 3115 3328 3161 ut
3364 3120 3498 3177 pro-

1926 3221 2043 3282 pter
2069 3211 2171 3266 hoc
2202 3209 2334 3264 illud
2371 3207 2644 3264 redditum
2676 3204 2748 3262 sit
2780 3202 3062 3259 oraculum
3088 3222 3102 3256 :
3133 3221 3152 3255 ι
3184 3201 3366 3256 Donec
3408 3214 3497 3255 ve-

1923 3304 2079 3356 niant
2106 3315 2228 3372 quae
2258 3299 2498 3370 reposita
2545 3304 2674 3353 sunt
2719 3294 2845 3366 ipsi.
2882 3312 2902 3346 ι
2935 3291 3074 3347 Cum
3118 3291 3263 3347 enim
3302 3289 3495 3345 exilio

1924 3397 1991 3450 ad
2030 3395 2177 3449 hunc
2218 3407 2395 3463 usque
2426 3391 2593 3455 diem,
2636 3403 2701 3443 ea
2743 3402 2865 3458 quae
2888 3385 2993 3456 ipsi
3032 3383 3275 3453 reposita
3315 3390 3492 3444 erant,

1924 3488 1993 3544 ad
2033 3487 2193 3542 ﬁnem
2226 3483 2595 3556 pervenerint,
2628 3479 2945 3535 defecerunt
2972 3475 3190 3546 quidem
3220 3473 3494 3545 principes

1923 3594 1987 3634 ac
2032 3578 2201 3632 duces
2226 3575 2560 3639 Judaeorum,
2595 3572 2787 3642 eisque
2837 3584 3004 3641 supra
3044 3574 3210 3639 caput
3251 3566 3491 3638 gentium

1924 3670 2201 3743 principes
2231 3666 2485 3724 collocati
2537 3672 2686 3721 sunt.
2732 3662 2775 3715 E
2807 3659 3086 3717 contrario
3128 3665 3311 3714 autem
3362 3659 3497 3728 ipsa:

1924 3772 2116 3835 gentes
2142 3762 2235 3817 ubi
2267 3760 2544 3817 Christum
2580 3758 2674 3813 Dei
2718 3762 3075 3826 agnoverunt,
3104 3752 3257 3807 illum
3293 3749 3401 3807 sibi
3435 3758 3495 3805 et

1926 3854 2261 3910 Salvatorem
2304 3860 2359 3908 et
2408 3851 2874 3922 exspectationem
2917 3846 3313 3916 ascripserunt.
3364 3839 3496 3898 Post

1924 3949 2041 4003 haec
2086 3946 2270 4002 omnia
2314 3944 2449 4000 illud
2503 3943 2864 4013 adjungitur:
2902 3958 2920 3991 ι
2950 3939 3152 4010 Ligans
3202 3936 3272 3993 ad
3326 3936 3493 3992 vitem

1924 4041 2132 4110 pullum
2162 4053 2344 4101 suum,
2373 4044 2427 4092 et
2463 4036 2532 4091 ad
2576 4035 2890 4106 capreolum
2922 4032 3048 4087 vitis
3086 4030 3292 4101 pullum
3324 4028 3493 4086 asina:

1924 4143 2057 4193 suae,
2095 4126 2297 4181 lavabit
2329 4126 2383 4181 in
2423 4125 2551 4180 vino
2585 4125 2781 4180 stolam
2833 4136 3010 4187 suam,
3042 4128 3097 4174 et
3130 4120 3189 4174 in
3230 4117 3493 4188 sanguine

1924 4236 2043 4275 uvae
2086 4219 2309 4289 pallium
2345 4233 2525 4283 suum,
2575 4218 2803 4287 gratiosi
2832 4214 2977 4271 oculi
3009 4212 3132 4283 ejus
3175 4225 3205 4265 a
3246 4210 3398 4274 vino,
3438 4215 3493 4263 et

1926 4315 2034 4370 albi
2064 4314 2256 4370 dentes
2285 4313 2406 4383 ejus
2436 4321 2497 4367 ut
2523 4313 2607 4366 lac
2623 4310 2695 4365 ⁵³.
2726 4330 2745 4363 ι
2779 4311 2839 4363 In
2865 4309 2951 4364 bis
2978 4314 3158 4363 autem
3193 4301 3495 4376 signiﬁcari

1926 4406 2162 4461 arbitror
2218 4420 2316 4476 per
2362 4404 2572 4475 pullum
2615 4400 2855 4473 quidem,
2905 4400 3083 4471 ipsum
3124 4395 3493 4468 apostolorum

234 4509 329 4559 τος
361 4492 527 4548 αὐτοῦ
568 4493 852 4565 σύμϐολον,
892 4494 1018 4558 τοὺς
1056 4496 1135 4558 εἰς
1161 4494 1253 4548 τὸν
1278 4494 1503 4548 θάνατον
1531 4495 1695 4549 αὐτοῦ
1729 4496 1821 4567 βαι

1925 4513 1989 4552 ac
2023 4496 2419 4568 discipulorum
2459 4492 2759 4548 Salvatoris
2790 4490 2969 4546 nostri
3002 4489 3255 4551 chorum,
3289 4500 3385 4555 per
3408 4482 3493 4537 vi-

236 4586 616 4657 πτιζομένους,
650 4586 746 4641 καὶ
786 4587 882 4639 ἐπὶ
922 4587 984 4640 τὸ
1017 4581 1156 4657 αἷμα
1198 4585 1361 4641 αὐτοῦ
1391 4589 1822 4654 πεπιστευκότας

234 4679 344 4732 τῶν
391 4678 559 4731 πάλαι
604 4678 790 4732 κακῶν
836 4677 1220 4750 ἀποκαθαίρει,
1265 4678 1591 4734 ἀποπλύνων
1643 4680 1822 4735 αὐτῶν

237 4771 336 4824 καὶ⁸
371 4772 710 4843 ἀποσμήχων
740 4770 837 4843 τήν
867 4770 1107 4824 παλαιάν
1160 4770 1338 4824 αὐτῶν
1393 4772 1583 4844 στολὴν
1618 4774 1713 4827 καὶ
1760 4772 1821 4825 τὸ

239 4856 585 4934 περιϐόλαιον
608 4880 623 4894 ·
658 4862 799 4916 ῶστε
838 4863 1036 4926 αὐτοὺς
1068 4862 1145 4934 τῷ
1172 4863 1340 4933 τιμίῳ
1365 4863 1554 4934 αἵματι
1599 4864 1700 4935 τῆς
1733 4864 1820 4918 ὲνο

237 4956 362 5010 θέου
391 4957 485 5009 καὶ
517 4955 891 5027 πνευματικῆς
925 4956 1217 5026 σταφυλῆς,
1247 4957 1326 5029 τῷ
1360 4975 1421 5011 τε
1451 4961 1516 5012 ὲκ
1543 4959 1641 5030 τῆς
1684 4958 1822 5011 άπο-

233 5047 483 5117 δοθείσης
514 5049 755 5120 ἀμπέλου
800 5048 928 5119 οἴνῳ
974 5047 1409 5120 λελυτρωμένους
1448 5048 1817 5104 ἀποδύσασθαι

238 5138 339 5209 μὲν
370 5140 463 5193 τὸν
493 5140 720 5193 παλαιὸν
749 5139 1032 5210 ἄνθρωπον
1060 5140 1155 5193 σὺν
1180 5143 1301 5205 ταῖς
1342 5141 1605 5213 πράξεσιν
1632 5140 1815 5206 αὑτοῦ,

236 5229 561 5285 ἐνδύσασθαι
592 5231 650 5285 δὲ
681 5233 771 5285 τὸν
806 5232 945 5297 νέον,
977 5232 1068 5286 τὸν
1098 5232 1556 5304 ἀνακαινούμενον
1596 5234 1676 5297 εἰς
1701 5234 1820 5286 ὲπί-

193 5306 202 5318 ’
234 5336 441 5389 γνωσιν
483 5324 601 5375 κατ’
630 5323 815 5378 εἰκόνα
860 5321 954 5377 τοῦ
1003 5324 1305 5389 κτίσαντος.
1333 5326 1441 5378 Καὶ
1471 5325 1553 5391 τὸ,
1594 5345 1612 5376 ι
1644 5326 1820 5397 Χαρο-

234 5413 382 5466 stato!
418 5412 583 5466 αὑτοῦ
612 5415 662 5467 οἱ
693 5414 957 5485 ὀφθαλμοὶ
983 5416 1090 5469 ἀπὸ
1114 5415 1256 5470 οἴνου
1278 5456 1293 5480 ,
1334 5435 1354 5468 ι
1396 5417 1487 5470 καὶ
1512 5416 1595 5480 τὸ,
1631 5435 1650 5468 ι
1681 5419 1818 5471 Λευ-

1924 4597 2036 4645 tem
2075 4596 2254 4644 autem
2284 4587 2351 4643 ad
2395 4602 2557 4657 quam
2587 4585 2769 4656 pullus
2798 4591 2884 4639 est
2917 4582 3192 4653 alligatus,
3253 4576 3495 4632 divinam

1924 4681 2369 4750 invisibilemque
2400 4679 2520 4748 ejus
2548 4679 2680 4741 vim,
2715 4691 2878 4747 quam
2917 4674 3036 4745 ipse
3065 4670 3195 4726 dum
3236 4667 3497 4725 ostende-

1922 4784 2027 4839 ret,
2071 4773 2301 4827 docebat
2346 4772 2431 4827 bis
2473 4770 2695 4825 verbis:
2728 4788 2747 4820 ‹
2785 4766 2899 4838 Ego
2940 4779 3060 4821 sum
3107 4764 3231 4818 vitis
3263 4773 3411 4824 vera,
3440 4765 3495 4814 et

1921 4862 2086 4919 Pater
2130 4879 2287 4919 meus
2328 4862 2567 4933 agricola
2593 4868 2677 4916 est
2699 4859 2767 4915 ".
2800 4879 2818 4910 ι
2863 4856 3118 4927 Ejusdem
3160 4867 3324 4925 porro
3367 4850 3495 4906 vitis

1926 4955 2211 5027 capreolus
2251 4953 2342 5007 Dei
2366 4951 2529 5009 Verbi
2562 4951 2811 5024 doctrina
2859 4948 3045 5012 fuerit,
3074 4947 3141 5002 ad
3180 4959 3343 5016 quem
3375 4943 3497 5014 pul-

1926 5049 2038 5102 lum
2071 5048 2237 5103 asinae
2268 5062 2380 5102 suae
2409 5047 2672 5117 alligavit,
2709 5043 2804 5115 qui
2831 5042 3050 5115 quidem
3080 5039 3262 5112 pullus
3295 5050 3494 5092 novum

1925 5140 1993 5197 de
2040 5139 2293 5211 gentibus
2336 5139 2615 5209 populum,
2646 5137 2804 5207 quasi
2845 5133 3151 5206 genituram
3199 5127 3495 5200 quamdam

1925 5232 2295 5305 apostolorum
2342 5231 2482 5300 ejus,
2526 5237 2581 5284 et
2606 5222 2813 5301 prolem
2856 5222 3262 5298 signiﬁcaverit.
3293 5220 3497 5275 Possu-

1924 5341 2049 5381 mus
2088 5324 2216 5379 item
2266 5325 2349 5379 vel
2393 5323 2460 5377 ad
2502 5322 2729 5377 verbum
2763 5322 2945 5377 dicere
2978 5319 3093 5373 haec
3138 5330 3300 5373 suum
3334 5312 3496 5367 ﬁnem

1926 5414 2241 5483 contigisse,
2289 5428 2399 5483 quo
2436 5420 2700 5484 tempore,
2723 5419 2785 5466 ut
2832 5410 2975 5481 apud
3008 5409 3317 5463 Mattliaaum
3365 5400 3499 5472 legi-

234 5503 326 5557 κοὶ
354 5505 403 5555 οἱ
433 5502 641 5567 ὀδόντες
678 5504 840 5558 αὐτοῦ
867 5506 901 5577 ᾗ
934 5506 1095 5575 γάλα,
1124 5526 1144 5559 ι
1178 5507 1337 5560 πάλιν
1373 5508 1699 5579 άπορῤήτως
1720 5509 1822 5579 τῆς

1930 5515 2038 5573 tur,
2056 5507 2319 5563 Dominus
2335 5507 2471 5561 dixit
2494 5507 2562 5561 ad
2592 5521 2723 5562 suos
2739 5502 3038 5574 discipulos
3058 5518 3074 5553 :
3097 5517 3116 5551 ι
3135 5495 3282 5553 Itein
3307 5490 3501 5550 castel-

238 5592 447 5664 ῐὶαινῆς
493 5592 587 5647 τοῦ
628 5594 879 5666 Σωτῆρος
922 5595 1082 5667 ἡμῶν
1116 5596 1386 5669 Διαθήκης
1434 5598 1504 5652 τὰ
1556 5601 1823 5673 μυστήρια

1930 5601 2043 5657 lum
2083 5600 2229 5673 quod
2261 5606 2453 5657 contra
2482 5613 2580 5656 vos
2609 5606 2721 5664 est,
2757 5605 2813 5653 et
2842 5595 3027 5652 statim
3055 5590 3345 5649 invenietis
3388 5585 3507 5641 asin

314 5772 363 5805 ⁸³
395 5771 509 5829 Gen
574 5790 732 5845 ειυς,
770 5775 857 5843 II,
895 5774 979 5831 12.
1056 5776 1103 5810 δι
1138 5769 1297 5833 Jo'an.
1335 5793 1424 5844 xv,
1463 5777 1515 5834 I.
