3828 6220
348 336 454 396 595

979 335 1252 394 EUSEBII
1291 326 1770 393 CJESARIENSIS
1809 323 1959 381 OPP.
2000 317 2180 376 PARS
2214 315 2278 373 ll.
2319 348 2387 357 —
2414 308 2912 370 APOLOGETICA.

3475 303 3572 360 596

348 469 474 514 nam
512 454 785 524 alligatam
815 465 868 510 et
904 456 1109 525 pullum
1143 471 1267 510 cum
1299 469 1384 516 ea,
1417 449 1609 507 solvite
1651 455 1704 501 et
1738 442 1908 498 addu-

2026 435 2246 509 ἡγοῦμαι
2280 430 2570 503 περιέχειν.
2590 426 2698 498 Τὴν
2728 422 2855 493 γοῦν
2879 415 3212 490 εὐφροσύνην
3233 416 3330 488 τὴν
3357 415 3465 471 ἀπὸ
3483 417 3573 470 τοῦ

349 544 455 600 cite
489 544 709 600 mihi".
747 564 765 596 ι
806 543 871 598 Et
901 560 1034 599 sane
1067 546 1112 600 si
1143 547 1266 614 quis
1305 543 1470 598 verba
1503 539 1790 608 diligenter
1826 541 1906 586 at-

350 635 602 703 tenderit,
651 636 784 706 quin
826 636 1102 707 prophetze
1144 634 1548 707 praedictionem
1587 627 1902 687 admiretur,

350 724 528 780 facere
557 740 666 779 non
697 727 919 795 poterit,
945 727 1039 796 qui
1068 726 1252 780 divino
1279 724 1484 795 Spiritu
1520 719 1730 773 aﬂlatus
1754 721 1908 768 tanto

349 822 475 870 ante
511 819 844 886 cognoverit,
891 833 1015 873 eum
1065 818 1133 871 de
1179 832 1287 886 quo
1327 818 1442 885 ipse
1487 807 1906 870 vaticinabatur,

349 923 460 963 non
506 917 567 962 ut
597 909 832 978 aliquem
875 909 1144 964 illustrem
1186 907 1329 978 apud
1360 905 1610 960 homines
1640 913 1819 969 regem
1854 896 1910 948 in

349 999 604 1054 curribus
631 1005 685 1056 et
712 999 866 1069 equis
909 1015 1031 1055 esse
1068 998 1392 1062 vehendum,
1427 994 1522 1051 sed
1569 1006 1730 1061 super
1757 989 1911 1042 asina

350 1098 408 1146 et
440 1092 588 1159 pullo
611 1091 910 1154 sedentem,
937 1092 1093 1160 quasi
1125 1104 1291 1145 unum
1329 1089 1397 1144 de
1429 1085 1614 1140 multis
1644 1091 1697 1137 et
1724 1079 1911 1149 vulga-

351 1197 463 1237 rem
511 1181 800 1251 quemdam
853 1181 1124 1236 hominem
1176 1190 1338 1251 atque
1382 1180 1620 1248 inopem.
1671 1173 1910 1242 ldipsum

351 1273 492 1327 alius
541 1288 759 1342 quoque
814 1274 1078 1344 prepheta
1133 1280 1218 1329 est
1274 1271 1602 1332 admiratus,
1652 1264 1747 1320 ubi
1796 1262 1907 1315 ait:

349 1362 555 1433 380¢
584 1361 770 1419 Gaude
820 1365 1204 1429 vehementer,
1267 1365 1376 1418 ﬁlia
1426 1361 1594 1426 Sion,
1639 1371 1768 1414 ecce
1815 1369 1912 1410 rex

348 1460 478 1510 tuus
524 1455 670 1509 venit
699 1455 796 1510 tibi
837 1465 1177 1521 mansuetus,
1229 1456 1423 1511 sedens
1473 1468 1636 1524 super
1664 1450 1912 1520 jumento

350 1555 404 1600 ει
427 1547 576 1616 pullo
606 1547 952 1605 adolescente
971 1549 1038 1604 “.
1077 1568 1096 1600 ι
1131 1546 1266 1602 Illud
1308 1554 1511 1612 autem,
1552 1562 1571 1594 ι
1602 1537 1830 1595 Lavabit
1859 1534 1915 1587 in

349 1637 476 1692 vino
535 1640 730 1694 stolam
783 1655 958 1705 suam,
1003 1650 1058 1697 et
1101 1641 1156 1695 in
1219 1637 1483 1710 sanguine
1527 1649 1648 1690 uvae
1691 1627 1914 1702 pallium

352 1743 531 1796 suum,
568 1749 586 1782 ι
610 1729 754 1794 vide,
797 1745 1002 1800 quaeso,
1033 1741 1090 1785 tu
1120 1744 1355 1800 quoque,
1399 1742 1468 1782 ne
1495 1723 1735 1795 quando,
1770 1726 1831 1771 ut
1858 1714 1915 1768 in

2010 524 2268 600 μυστικοῦ
2301 525 2464 587 οἴνου,
2494 515 2554 574 οὗ
2600 516 2973 588 παραδέδωκεν
3019 510 3180 572 αὐτὸς
3227 512 3340 572 τοῖς
3384 508 3569 562 ἑαυτοῦ

2013 617 2300 690 μαθηταῖς,
2332 615 2523 682 λέγων,
2559 631 2576 662 ι
2606 609 2832 673 Λάϐετε,
2874 605 3041 668 πίετε,
3059 603 3216 656 τοῦτό
3244 619 3344 674 μου
3370 603 3486 654 ἐστι
3517 601 3572 653 τὸ

2007 708 2165 782 αἷμα,
2193 709 2254 762 τὸ
2299 708 2440 778 ὑπὲρ
2472 703 2623 775 ὑμῶν
2657 704 3034 772 ὲκχυνόμενον,
3069 699 3149 760 είς
3179 697 3369 766 ἄφεσιν
3402 696 3577 765 ἁμαρ-

2007 801 2158 855 τιῶν.
2185 799 2354 852 Τοῦτο
2384 798 2585 849 ποιεῖτε
2614 796 2692 855 είς
2722 791 2820 862 τὴν
2855 790 2993 860 ἐμὴν
3024 787 3341 857 ἀνάμνησιν,
3380 803 3400 836 ι
3438 783 3578 836 δοκεῖ

2013 910 2099 963 μοι
2133 890 2415 962 σημαίνειν
2446 888 2525 952 τὸ,
2565 906 2582 938 ι
2606 883 2899 955 Χαροποιοὶ
2920 884 2968 934 οἱ
2996 878 3260 950 ὀφθαλμοὶ
3282 875 3447 930 αὑτοῦ
3472 876 3578 928 ἀπὸ

2008 984 2150 1038 οἴνου
2169 1001 2183 1014 ·
2214 1003 2232 1034 ι
2265 981 2360 1036 καὶ
2386 982 2467 1044 τὸ,
2503 978 2730 1032 «Λευκοὶ
2754 977 2801 1028 οί
2820 975 3027 1036 ὀδόντες
3051 970 3214 1026 αὐτοῦ
3282 970 3441 1038 γάλα,
3473 987 3492 1019 ι
3518 967 3579 1019 τὸ

2009 1077 2256 1148 λαμπρὸν
2286 1076 2379 1128 καὶ
2409 1072 2646 1144 καθαρὸν
2678 1070 2777 1140 τῆς
2800 1064 3202 1139 μυστηριώδους
3227 1061 3453 1134 τροφῆς.
3470 1059 3582 1113 na.

2009 1172 2092 1225 λιν
2123 1171 2229 1243 γὰρ
2256 1169 2418 1231 αὐτὸς
2445 1166 2512 1220 τὰ
2543 1161 2786 1234 σύμϐολα
2815 1161 2913 1232 τῆς
2933 1157 3117 1212 ὲνθὲου
3143 1155 3449 1224 οἰκονομίας
3471 1155 3582 1216 τοῖς

2011 1263 2176 1317 αὑτοῦ
2213 1259 2494 1332 παρεδίδου
2531 1255 2818 1328 μαθηταῖς,
2851 1252 2950 1321 τὴν
2989 1248 3171 1302 εἰκόνα
3203 1244 3296 1298 τοῦ
3331 1245 3460 1297 ἰδίου
3485 1243 3584 1295 σώ-

2017 1371 2183 1424 ματος
2208 1348 2478 1404 ποιεῖσθαι
2532 1337 3292 1418 παρακελευόμενος.Ἐπειδὴ
3324 1335 3434 1406 γὰρ
3466 1334 3584 1386 οὐκ·

2014 1443 2093 1495 έτι
2124 1441 2222 1505 τὰς
2249 1440 2314 1492 δι’
2344 1439 2588 1510 αἱμάτων
2621 1434 2830 1496 θυσίας,
2852 1431 2973 1484 οὐδὲ
3014 1427 3110 1492 τὰς
3143 1426 3291 1497 παρὰ
3316 1426 3505 1478 Μωσεῖ
3529 1425 3583 1476 ὲν

2012 1534 2282 1604 διαφόρων
2318 1529 2472 1594 ζώων
2506 1528 2739 1596 σφαγαῖς
2782 1519 3277 1593 νενομοθετημένας
3310 1515 3581 1588 προσίετο,

2014 1628 2161 1699 ἄρτῳ
2184 1626 2240 1679 δὲ
2265 1623 2500 1695 χρῆσθαι
2530 1619 2780 1691 συμϐόλῳ
2803 1615 2898 1669 τοῦ
2928 1615 3056 1669 ἰδίου
3087 1611 3336 1683 σώματος
3369 1605 3585 1678 παρεδί-

2015 1698 2127 1782 δου,
2160 1716 2385 1778 εἰκότως
2421 1713 2482 1766 τὸ
2526 1709 2774 1782 λαμπρὸν
2808 1709 2902 1761 καὶ
2951 1703 3186 1776 καθαρὸν
3229 1700 3447 1772 ᾐνίξατο
3489 1698 3584 1768 τῆς

351 1819 587 1884 arcanis,
637 1821 921 1891 mysticam
971 1821 1117 1876 illius
1156 1820 1467 1890 passionem
1515 1813 1804 1886 signiﬁcet,
1853 1807 1909 1863 in

2026 1809 2232 1880 τροφῆς,
2263 1805 2430 1860 εἰπών
2450 1822 2462 1834 ·
2485 1824 2502 1856 ι
2534 1803 2642 1856 Καὶ
2654 1802 2835 1855 λευκοὶ
2849 1801 2898 1852 οἱ
2926 1797 3133 1858 ὀδόντες
3163 1785 3372 1865 αὑτοῦῇ
3391 1789 3545 1859 γάλα.
3560 1807 3577 1838 ι

351 1927 457 1981 qua
482 1913 674 1968 stolam
704 1931 857 1970 suam
884 1923 938 1970 et
970 1914 1341 1969 indumentum
1367 1910 1620 1975 abluerit,
1651 1915 1910 1974 tanquam

351 2003 407 2058 in
435 2005 653 2060 lavacro
686 2026 698 2060 :
734 2007 825 2062 ubi
857 2022 988 2062 sane
1017 2022 1226 2070 eorum,
1255 2007 1346 2076 qui
1377 2005 1431 2057 in
1459 2003 1637 2072 ipsum
1666 1994 1912 2053 credide-

351 2094 484 2158 rint,
537 2096 727 2152 sordes
753 2097 1005 2167 antiquas
1052 2097 1289 2152 abluisse
1328 2094 1654 2150 declaratur.
1691 2087 1795 2142 Per
1830 2085 1913 2139 vi-

351 2198 483 2240 num
511 2186 678 2252 enim,
704 2205 824 2261 quas
853 2189 1138 2260 sanguinis
1168 2189 1312 2243 illius
1337 2194 1464 2241 nota
1495 2193 1598 2249 est,
1623 2197 1718 2238 eos
1737 2179 1829 2250 qui
1854 2177 1911 2232 in

351 2285 530 2333 morte
583 2278 730 2337 illius
777 2280 1158 2350 baptizentur,
1221 2279 1424 2349 quique
1475 2277 1532 2332 in
1585 2273 1907 2344 sanguinem

350 2366 598 2436 ejusdem
631 2371 876 2436 credant,
910 2386 940 2424 a
985 2371 1264 2426 veteribus
1303 2369 1457 2424 malis
1501 2371 1787 2437 expurgat,
1824 2371 1912 2416 ut—

351 2465 478 2527 pote
503 2459 596 2528 qui
634 2460 818 2515 abluat
844 2472 897 2517 et
927 2462 1202 2533 abstergat
1240 2462 1521 2531 antiquam
1575 2473 1764 2514 eorum
1797 2463 1914 2510 sto-

351 2546 460 2601 lam
510 2557 564 2604 et
615 2551 858 2620 pallium.
911 2551 1095 2624 Itaque
1131 2553 1368 2624 pretioso
1407 2549 1671 2619 sanguine
1716 2546 1914 2600 divinae

2012 1901 2212 1954 Τούτου
2260 1899 2352 1952 καὶ
2406 1897 2561 1960 ἄλλος
2611 1893 2982 1965 ἐμνημόνευσε
3026 1888 3336 1960 προφήτης,
3388 1885 3578 1953 φήσας·

2020 2011 2039 2043 ί
2059 1991 2256 2044 Θυσίαν
2290 1988 2385 2042 καὶ
2417 1985 2732 2059 προσφορὰν
2765 1985 2866 2036 οὐκ
2896 1979 3176 2049 ὲθέλησας,
3200 1977 3357 2046 σῶμα
3378 1974 3436 2026 δὲ
3456 1990 3586 2025 κατ-

2011 2079 2220 2152 ηρτίσω
2254 2095 2362 2149 μοι.
2400 2095 2417 2127 ι
2439 2075 2599 2128 Ἀλλὰ
2648 2072 2840 2134 ταῦτα,
2909 2069 3151 2130 πλείονος
3201 2065 3431 2136 βασάνου
3477 2061 3592 2113 δεό-

2019 2190 2174 2244 μενα,
2198 2170 2293 2225 καὶ
2331 2169 2675 2241 μακροτέρας
2698 2163 3013 2236 ἑρμηνείας,
3054 2160 3147 2212 ἐπὶ
3182 2157 3376 2227 σχολῆς
3407 2155 3472 2208 ἄν
3508 2169 3593 2214 τις

2021 2262 2343 2334 βασανίσειε,
2360 2259 2454 2313 τοῦ
2483 2259 2747 2330 παρόντος
2768 2254 2958 2327 καιροῦ
2979 2249 3213 2306 τοσαῦτα
3237 2249 3410 2301 εἰπεῖν
3435 2247 3595 2299 ἅπαις

2013 2357 2294 2427 τήσαντος,
2324 2355 2402 2416 είς
2421 2353 2480 2406 τδ
2498 2350 2841 2423 παραστῆσαι
2864 2344 2998 2419 μετὰ
3023 2343 3130 2398 τῶν
3161 2341 3332 2396 ἄλλων
3356 2338 3591 2401 καὶτοὺς

2015 2449 2238 2520 χρόνους
2279 2447 2378 2517 τῆς
2427 2444 2520 2498 τοῦ
2566 2443 2815 2514 Σωτῆρος
2864 2438 3020 2510 ἡμῶν
3049 2435 3350 2507 παρουσίας
3385 2430 3592 2485 ἄνωθεν

2019 2541 2124 2595 ὑπὸ
2165 2539 2272 2593 τῶν
2320 2537 2594 2612 πρόπαλαι
2627 2533 2918 2608 προφητῶν
2948 2528 3344 2602 ἐγνωσμένους,
3378 2527 3444 2596 τῇ
3473 2522 3593 2595 θείᾳ

352 2638 501 2694 illius
523 2647 576 2694 et
605 2642 673 2697 de
699 2642 896 2712 spiritu
931 2654 1070 2699 natae
1100 2659 1236 2708 uvae,
1266 2642 1492 2712 ejusque
1523 2640 1650 2696 vitis
1682 2638 1832 2701 vino,
1851 2636 1912 2692 de

2026 2634 2206 2705 σαφῶς
2235 2631 2626 2704 παραδεδόσθαι
2655 2629 2865 2701 Γραφῇ.

351 2747 459 2802 qua
494 2733 698 2790 dictum
741 2746 826 2793 est
863 2753 1049 2808 supra,
1114 2738 1398 2808 redempti,
1445 2743 1682 2792 veterem
1749 2731 1968 2802 quidem
2038 2729 2310 2785 hominem
2359 2743 2483 2782 cum
2526 2725 2645 2795 ejus
2691 2720 3000 2776 actionibus
3048 2723 3337 2779 exuerunt,
3387 2725 3592 2767 novum

352 2833 530 2881 autem
559 2835 612 2882 et
636 2829 702 2882 ad
729 2830 1092 2900 cognitionem
1153 2830 1453 2885 secundum
1484 2828 1772 2898 imaginem
1834 2823 1974 2893 ejus,
2016 2823 2109 2892 qui
2168 2821 2390 2885 creavit,
2460 2819 2860 2875 instauratum,
2917 2809 3233 2865 induerunt.
3286 2807 3353 2860 At
3416 2801 3591 2858 illud.

357 2935 376 2967 ι
400 2915 636 2974 Gratiosi
664 2922 808 2975 oculi
849 2922 968 2992 ejus
1012 2936 1042 2976 a
1076 2923 1224 2989 vino,
1258 2941 1275 2973 ι
1313 2929 1366 2977 et
1395 2921 1546 2984 illud,
1579 2897 1748 2974 «iAlhi
1815 2918 2006 2973 dentes
2071 2915 2190 2985 ejus
2221 2921 2279 2968 ut
2337 2915 2441 2976 lac,
2481 2931 2498 2963 ι
2531 2925 2726 2965 rursus
2757 2915 3014 2974 tanquam
3065 2903 3119 2956 in
3154 2900 3370 2954 arcanis
3415 2897 3590 2966 posita

351 3009 487 3065 Novi
518 3011 853 3070 Testamenti
882 3017 1142 3089 mysteria
1201 3016 1660 3087 comprehendere
1720 3012 1989 3077 arbitror,
2033 3009 2272 3063 laatitiam
2325 3005 2578 3061 videlicet
2626 3001 2842 3072 mystici
2903 2997 3049 3051 illius
3101 2993 3230 3058 vini,
3282 2989 3428 3061 quod
3477 2989 3593 3043 suis

353 3105 473 3170 ipse
504 3103 788 3176 discipulis
825 3081 1068 3178 porrexit
1100 3081 1368 3173 Salvator,
1406 3123 1528 3162 cum
1555 3107 1692 3160 dixit
1748 3124 1759 3159 :
1825 3123 1843 3155 ι
1889 3101 2162 3171 ‘Accipite,
2206 3097 2395 3163 bibite,
2470 3096 2558 3149 hic
2588 3099 2671 3148 est
2720 3105 2876 3145 meus
2912 3086 3155 3154 sanguis,
3189 3083 3283 3152 qui
3312 3096 3411 3151 pro
3439 3081 3594 3135 vobis

355 3193 600 3252 funditur
655 3202 710 3254 in
777 3203 1152 3258 remissionem
1195 3210 1559 3273 peccatorum.
1590 3199 1704 3253 Hoc
1744 3200 1906 3254 facite
1945 3199 2000 3252 in
2043 3212 2216 3252 meam
2277 3188 2846 3250 commemorationem
2883 3183 2947 3236 ⁵⁷.
2990 3201 3008 3231 ι
3075 3177 3351 3248 Siquidem
3411 3173 3544 3226 illud
3576 3211 3592 3235 ν

357 3307 380 3342 ι
415 3287 652 3345 Gratiosi
681 3292 823 3345 oculi
853 3293 972 3362 ejus
1005 3309 1035 3346 a
1069 3267 1217 3356 vino,
1248 3315 1266 3346 ι
1305 3301 1359 3349 et
1391 3313 1410 3345 ι
1439 3293 1559 3346 Albi
1599 3293 1788 3347 dentes
1837 3291 1956 3360 ejus
1993 3300 2051 3344 ut
2118 3291 2223 3352 lac,
2255 3306 2274 3339 ι
2317 3283 2686 3354 splendorem,
2733 3276 3136 3348 puritatemque
3177 3267 3396 3340 mystici
3445 3267 3595 3320 illius

356 3383 600 3437 alimenti
625 3385 756 3438 mihi
818 3385 1124 3456 signiﬁcare
1181 3386 1416 3441 videtur.
1441 3385 1652 3440 Rursus
1673 3386 1814 3439 enim
1868 3357 1994 3454 ipse
2034 3379 2459 3450 dispensationis
2507 3373 2704 3428 divinae
2748 3377 2908 3423 notas
2945 3365 3060 3420 suis
3105 3360 3390 3430 discipulis
3427 3357 3598 3412 tradi-

357 3477 455 3543 (it,
483 3476 611 3531 dum
647 3478 914 3544 hortatur,
939 3486 1000 3532 ut
1023 3479 1108 3533 sui
1142 3480 1312 3548 ipsius
1345 3480 1608 3548 corporis
1640 3479 1926 3550 imaginem
1963 3479 2375 3546 repraesentem.
2403 3474 2538 3524 Cum
2577 3465 2722 3521 enim
2787 3476 2895 3516 non
2961 3456 3196 3526 amplius
3243 3458 3471 3508 cruenta
3501 3464 3594 3503 sa-

355 3568 580 3633 criﬁcia,
614 3585 790 3640 neque
845 3587 908 3627 ea
950 3588 1069 3642 quae
1101 3571 1244 3641 apud
1283 3571 1484 3626 Mosem
1530 3572 1584 3625 in
1624 3573 1758 3643 lege,
1803 3572 2144 3629 diversorum
2177 3567 2491 3626 animalium
2530 3555 2952 3619 mactationihus
2987 3551 3195 3606 sancita
3224 3555 3400 3608 erant,
3437 3551 3592 3614 grata

353 3665 500 3713 esset
547 3661 856 3725 habiturus,
902 3662 996 3718 sed
1044 3671 1104 3718 ut
1151 3679 1288 3732 pane
1339 3664 1423 3718 sui
1473 3638 1721 3733 corporis
1770 3674 1899 3720 nota
1938 3673 2241 3728 uterentur,
2285 3663 2657 3720 instituturus,
2690 3654 2886 3708 merito
2928 3644 3198 3718 Propheta
3241 3638 3592 3714 splendorem

355 3765 421 3803 ac
445 3753 735 3821 puritatem
764 3755 911 3810 illius
940 3757 1181 3812 alimenti
1214 3755 1563 3824 signiﬁcavit,
1587 3772 1712 3810 cum
1743 3758 1880 3812 dixit
1938 3777 1951 3813 :
1999 3777 2016 3806 ι
2048 3757 2114 3812 Ει
2141 3757 2250 3811 albi
2301 3755 2492 3810 dentes
2527 3750 2648 3819 ejus
2673 3754 2731 3801 ut
2759 3745 2861 3798 lac.
2895 3761 2914 3794 ›
2944 3740 3093 3794 lianc
3145 3752 3259 3792 rem
3290 3735 3430 3788 alius
3453 3748 3597 3802 quo-

356 3859 464 3915 que
517 3847 775 3917 propheta
823 3853 1209 3903 commemorat
1253 3846 1337 3901 his
1385 3848 1565 3902 \erbis
1599 3867 1611 3901 :
1650 3866 1668 3898 ι
1719 3846 2058 3902 Sacriﬁcium
2121 3858 2175 3902 et
2239 3845 2568 3901 oblationem
2612 3836 2856 3897 noluisti,
2925 3846 3126 3901 corpus
3164 3836 3345 3882 autem
3411 3825 3596 3896 perle-

357 3942 482 3996 cisti
553 3939 686 3994 mihi
710 3939 776 3992 ³⁸.
810 3958 829 3990 ι
865 3938 1151 4002 Caeterum,
1218 3939 1332 3992 haec
1397 3953 1521 3992 cum
1589 3939 1794 4007 majore
1860 3938 2205 4009 indagatione
2257 3947 2311 3992 et
2370 3933 2615 4002 longiore
2675 3926 2908 3998 quadam
2952 3919 3397 3990 interpretatione
3446 3917 3595 3970 indi-

357 4043 539 4105 geant,
602 4047 700 4102 per
745 4031 915 4085 otium
960 4032 1229 4101 quispiam
1277 4031 1590 4101 diligentius
1655 4031 2016 4100 exploraverit
2085 4051 2096 4085 :
2165 4025 2609 4101 quandoquidem
2668 4021 2772 4075 hoc
2828 4027 3041 4086 tempus
3091 4015 3247 4085 plura
3302 4010 3412 4066 dici
3478 4026 3593 4065 non

360 4126 620 4196 postulat,
670 4133 727 4177 nt
755 4124 914 4192 plane
949 4123 1106 4193 381
1139 4100 1416 4192 appareat,
1469 4137 1578 4176 una
1647 4136 1770 4176 cum
1809 4123 1952 4186 aliis,
1995 4100 2239 4191 tempora
2273 4132 2491 4189 quoque
2523 4111 2820 4168 Salvatoris
2877 4107 3048 4162 nostri
3087 4105 3350 4159 adventus
3375 4115 3406 4154 a
3445 4100 3598 4171 prio-

360 4216 511 4271 ribus
541 4213 821 4284 prophetis
862 4211 1162 4280 antiquitus
1192 4212 1426 4281 cognita,
1457 4210 1655 4264 divinat
1685 4210 1960 4266 evidenter
1979 4209 2355 4266 commendata
2382 4221 2505 4262 esse
2538 4203 2852 4272 Scriptum.

359 4330 401 4386 Α
438 4327 672 4381 Daniele.
697 4357 767 4367 —
785 4323 1235 4391 Quemadmodum
1260 4333 1376 4388 post
1399 4340 1656 4376 annorum
1685 4323 1911 4391 spatium

2029 4322 2160 4377 Ἀπὸ
2197 4321 2302 4375 τοῦ
2329 4299 2573 4391 "Amm.
2603 4347 2672 4391 τ
2711 4310 2975 4391 Ὠς-μετὰ
3005 4309 3224 4391 κρότον
3240 4305 3384 4359 ἐτῶν
3427 4303 3595 4391 sese-

430 4398 746 4479 septiei'utx
787 4376 904 4479 qua:
933 4411 1140 4479 summa
1177 4376 1394 4479 eﬁibitur
1435 4409 1568 4479 coxa
1610 4376 1906 4457 ann'orum,

2082 4391 2359 4479 ῌήκοντα
2402 4376 2760 4479 ἑϐδομάδωζ,
2781 4376 2841 4436 δ’
2859 4376 3598 4479 γίῖετῗιηὲτῃητετρᾳῗόσια

429 4445 547 4521 curm
580 4445 821 4524 Christu}
851 4445 1144 4518 hominibus
1182 4445 1239 4516 's'é
1276 4445 1567 4528 υξάβηᾱὶιῆί
1588 4445 1907 4532 praebuerit;

2082 4445 2507 4532 ἓνὶρένήκοντα,
2536 4445 2952 4532 ’τρῢηΧρέσὲοῦ
3003 4447 3332 4525 ἀνθρὼπίὲίς
3382 4445 3596 4532 ἐπίξθαῖ

429 4537 712 4604 ενορήεείω
749 4550 864 4603 qua:
905 4532 1043 4604 apud
1081 4533 1297 4604 Jrudwos
1335 4535 1652 4604 exstabant,
1683 4543 1731 4586 et
1772 4533 1909 4603 quod

430 4603 585 4661 antea
625 4606 764 4674 apud
802 4603 1008 4674 eosdem
1045 4603 1272 4665 celebre,
1324 4603 1623 4674 clarumque
1671 4612 1783 4656 erat
1823 4621 1913 4656 sa-

435 4673 757 4740 cerdotium,
791 4673 1124 4742 dissolvetur,
1156 4683 1205 4725 et
1236 4675 1336 4738 ipsi
1361 4674 1566 4742 quidem
1606 4673 1789 4726 diluvii
1817 4691 1911 4726 cu-

419 4747 641 4814 jusdam
670 4746 842 4824 instar
873 4741 1102 4824 assiduis
1142 4741 1496 4824 obsidionibus
1528 4744 1715 4810 captivi
1753 4743 1910 4812 ﬁent,

429 4833 642 4870 sacrum
675 4822 851 4875 autem
880 4814 1115 4881 ipsorum
1145 4814 1391 4881 templum
1421 4824 1712 4867 extremam
1742 4823 1919 4868 vasta-

433 4888 625 4940 tionem
654 4883 908 4950 patietur.

433 5016 452 5051 ι
480 4997 546 5051 Et
573 5011 698 5056 cum
713 4993 890 5060 adhuc
909 4994 1158 5067 loquerer
1186 4998 1239 5055 et
1267 5007 1477 5058 orarem
1509 4993 1915 5049 etenuntiarem

358 5098 580 5163 peccata
613 5102 734 5145 mea
754 5125 770 5152 ,
800 5092 854 5140 et
877 5091 1099 5156 peccata
1127 5086 1313 5162 populi
1345 5085 1449 5140 mei
1479 5084 1643 5141 lsrael
1663 5125 1677 5150 ,
1709 5093 1762 5140 et
1792 5101 1918 5155 pro-

357 5179 642 5239 funderem
684 5173 1212 5230 commiserationem
1250 5189 1425 5230 meam
1465 5190 1645 5230 coram
1686 5174 1918 5230 Domino

357 5268 470 5332 Deo
493 5282 615 5322 meo
645 5281 743 5336 pro
772 5274 954 5332 monte
981 5275 1172 5321 sancto
1201 5265 1296 5321 Dei
1328 5267 1433 5321 mei
1457 5308 1471 5332 ,
1501 5276 1554 5323 et
1582 5283 1705 5321 cum
1736 5266 1912 5321 adhuc

357 5360 610 5432 loquerer
634 5360 690 5412 in
718 5359 962 5414 oratione
981 5397 996 5424 ,
1024 5374 1152 5418 ecce
1179 5359 1262 5412 vir
1287 5357 1540 5423 Gabriel,
1568 5376 1729 5430 quem
1761 5359 1916 5414 vide-

355 5467 477 5520 ram
507 5456 560 5510 in
595 5449 806 5510 visione
837 5451 906 5505 ab
938 5451 1092 5506 initio
1112 5491 1127 5516 ,
1155 5452 1346 5507 volans
1377 5453 1552 5523 tetigit
1584 5469 1669 5508 me
1699 5452 1916 5515 circiter

358 5543 550 5610 horam
582 5543 834 5599 sacriﬁcii
864 5543 1192 5613 vespertini,
1229 5551 1283 5600 et
1311 5545 1496 5600 docuit
1530 5560 1614 5600 me
1634 5584 1649 5610 ,
1678 5552 1731 5598 et
1766 5544 1919 5598 locu-

2087 4515 2318 4595 νέντοςῖ.
2366 4531 2424 4580 αἱ
2467 4515 2626 4594 παρὰ
2653 4515 2956 4596 Ἰοιξ-δαίοις
2987 4515 3333 4596 προφητεῖαι
3357 4555 3372 4577 ,
3408 4516 3505 4568 καὶ
3551 4516 3594 4580 ἡ

2089 4587 2717 4665 πάλαίδιαπρέέουσα
2741 4587 2818 4665 ’ἐν
2850 4589 3053 4665 αὐτοῖς
3089 4587 3381 4665 ἱερωσύνη
3413 4601 3595 4665 νέατα-

2090 4654 2458 4736 λυθῆσεταιξ
2481 4668 2577 4720 καὶ
2617 4661 2786 4736 αὐτοὶ
2807 4655 3393 4736 μὲν-κατακλυσμῷ.
3415 4654 3596 4736 δίκην

2090 4723 2462 4808 adiutae
2477 4723 2845 4808 πολιορκίαις
2872 4729 3227 4808 ἁᾼώσογταη,
3250 4723 3317 4778 τὸ
3332 4723 3401 4776 δὲ
3423 4724 3597 4805 (irier

2089 4793 2286 4865 αὖτῶν
2303 4793 2463 4878 ἱερὸῶ·
2486 4806 2599 4874 τὴν
2625 4793 2890 4871 ἔσχάτῄν
2913 4799 3162 4868 ἐρημίαν
3182 4793 3485 4865 ὑπομενεῖ.

2098 5014 2115 5045 ι
2149 4994 2259 5046 Καὶ
2297 4991 2376 5044 ἔτι
2419 5007 2518 5062 μου
2546 4986 2852 5048 λαλοῦντος,
2888 4985 2983 5038 καὶ
3004 4980 3465 5055 προσευχομένου,
3496 4978 3592 5032 καὶ

2023 5083 2432 5156 ὲξαγορεύοντος
2466 5080 2563 5144 τὰς
2605 5078 2878 5149 ἁμαρτίας
2912 5093 3033 5146 μου,
3071 5074 3288 5136 καὶτὰς
3316 5071 3591 5143 ἁμαρτίας

2021 5177 2112 5231 τοῦ
2175 5174 2302 5229 λαοῦ
2355 5190 2454 5244 μου
2494 5168 2728 5241 Ἰσραὴλ,
2769 5168 2864 5220 καί⁵
2925 5165 3240 5238 ῥιπτοῦντος
3307 5164 3398 5216 τὸν
3446 5161 3592 5214 ἐλεόν

2025 5285 2125 5338 μου
2157 5267 2334 5320 ἔναντι
2368 5263 2570 5334 Κυρίου
2600 5260 2694 5315 τοῦ
2725 5259 2858 5313 Θεοῦ
2892 5276 3011 5330 μου,
3053 5258 3148 5316 ἐπὶ
3190 5255 3283 5308 τοῦ
3311 5255 3470 5325 ὅρους
3497 5251 3591 5306 τοῦ

2023 5347 2178 5427 ἁγίου
2233 5357 2326 5410 τοῦ
2381 5346 2514 5408 Θεόῦ
2567 5370 2689 5423 μου,
2735 5351 2828 5404 καὶ
2864 5350 2943 5403 ἔτι
2977 5367 3078 5419 μου
3123 5346 3408 5408 λαλοῦντος
3441 5347 3497 5396 ὲν
3523 5345 3590 5416 τῇ

2024 5451 2318 5521 προσευχῇ,
2349 5448 2443 5500 καὶ
2501 5444 2607 5497 ἰδοὺ
2633 5445 2661 5495 ὁ
2700 5441 2837 5513 ἀνὴρ
2868 5439 3126 5512 Γαϐριὴλ,
3171 5438 3230 5492 ὃν
3274 5433 3413 5490 εἶδον
3443 5438 3500 5489 ὲν
3523 5437 3589 5508 τῇ

2028 5543 2192 5623 ἀρχῇ,
2224 5539 2535 5608 πετόμενος,
2568 5537 2661 5590 καὶ
2701 5534 2879 5605 ἣψατό
2923 5550 3022 5603 μου
3065 5531 3196 5590 ὡσεὶ
3227 5528 3376 5604 ὥραν
3403 5525 3588 5594 θυσίας

429 5740 474 5782 ⁸⁵
507 5737 694 5803 Matth.
727 5755 848 5804 xxi,
885 5740 940 5800 2.
1017 5741 1062 5775 ⁸⁸
1093 5739 1322 5800 Zachar.
1364 5757 1414 5795 ix
1441 5782 1455 5809 ,
1491 5740 1540 5795 9.
1619 5740 1660 5772 ⁵⁷
1703 5736 1833 5794 Luc.
1871 5752 1912 5797 χ]

2039 5733 2125 5800 l9,
2156 5734 2246 5792 20.
2323 5735 2365 5767 ⁵⁸
2404 5731 2548 5794 Psal.
2586 5747 2774 5798 xxxix,
2801 5731 2855 5790 7,
