3828 6220
265 256 378 314 537

1161 250 1813 311 DEMONSTRA'I‘IONIS
1862 253 2320 312 EVANGELICIE
2344 256 2471 312 LIB.
2514 257 2647 313 VIII.

3424 260 3532 316 598

264 368 585 441 ἑσπερινῆς,
635 370 730 423 καὶ
765 368 1008 422 συνέτισέ
1040 386 1129 439 με,
1159 369 1255 421 καὶ
1283 368 1512 440 ἐλάλησε
1554 371 1669 439 μετ’
1697 370 1829 441 ἐμοῦ

1924 376 2049 430 ,ιυε
2087 379 2172 426 est
2209 388 2459 438 mecum,
2499 382 2553 428 et
2593 371 2730 428 dixit
2763 390 2774 425 :
2819 370 3043 436 Daniel,
3086 387 3231 427 nunc
3271 387 3530 443 egressus

265 463 366 517 καὶ
392 458 511 515 εἷπε
532 478 544 490 '
565 459 783 531 Δανιὴλ,
806 459 899 513 νῦν
929 459 1149 530 ἐξῆλθον
1162 478 1224 512 συ
1235 459 1497 531 μϐιϐάσαι
1515 478 1574 513 σε
1600 459 1812 514 σύνεσιν
1833 478 1846 491 ·

1954 474 2075 513 sum
2112 468 2172 514 ut
2201 460 2423 516 aﬁ‘eram
2464 463 2562 517 tibi
2604 462 3022 535 intelligentiam
3056 480 3069 516 :
3101 462 3171 516 ab
3210 463 3365 517 initio
3405 479 3530 534 pre-

265 558 330 608 ἐν
359 556 503 625 ἀρχῇ
540 553 642 622 τῆς
679 551 916 622 δεήσεως
961 569 1053 604 σου
1104 553 1325 624 ἐξῆλθεν
1351 553 1380 605 ό
1413 553 1587 621 λόγος,
1623 553 1715 607 καὶ
1739 550 1837 621 ἐγιὶ

1952 566 2077 605 cum
2120 558 2340 607 tuarum
2378 570 2635 624 egressus
2674 562 2759 610 est
2798 568 3015 619 sermo,
3063 564 3117 608 et
3159 569 3260 624 ego
3303 554 3439 609 veni,
3468 562 3528 609 ut

259 638 427 716 ἦλθον
470 643 791 712 ἀναγγεῖλαί
822 661 925 706 σοι,
962 644 1044 697 ὅτι
1070 644 1209 716 ἀνὴρ
1238 644 1542 714 ἐπιθυμιῶν
1570 646 1632 699 σὺ
1660 640 1729 708 εἴ,
1756 645 1849 698 καὶ

261 736 549 809 ἐννοήθητι
589 738 647 789 ἐν
692 734 768 806 τῷ
813 738 1038 808 ῥήματι,
1070 738 1163 791 καὶ
1200 736 1360 801 σύνες
1392 738 1449 789 ἐν
1483 740 1546 808 τῇ
1587 738 1844 806 ὀπτασίᾳ,

257 830 507 903 δτιάνὴρ
540 829 844 902 ἐπιθυμιῶν
891 826 944 883 εἶ
995 831 1080 885 σύ.
1125 831 1525 902 Ἐϐδομήκοντα
1554 830 1846 901 ἑϐδομάδες

262 922 685 995 συνετμήθησαν
748 924 842 977 ἐπὶ
881 924 973 977 τὸν
1008 923 1136 978 λαόν
1172 941 1287 987 σου,
1320 924 1415 977 καὶ
1443 925 1536 977 ἐπὶ
1561 924 1662 995 τὴν
1690 924 1845 978 πόλιν

256 1016 363 1086 τὴν
422 1016 605 1084 ἁγίαν,
659 1014 754 1069 τοῦ
798 1014 1214 1087 συντελεσθῆναι
1266 1017 1560 1087 ἁμαρτίαν,
1615 1017 1841 1071 καὶτοῦ

258 1109 563 1180 σφραγίσαι
590 1108 885 1181 ἁμαρτίας,
904 1108 1001 1162 καὶ
1023 1108 1116 1161 τοῦ
1148 1109 1445 1179 ἀπαλεῖψαι
1467 1109 1567 1173 τὰς
1590 1110 1839 1181 ἀνομίας,

260 1201 357 1253 καὶ
382 1201 476 1254 τοῦ
519 1199 867 1265 ἐξιλάσασθαι
911 1201 1145 1265 ἀδικίας,
1196 1203 1289 1256 καὶ
1317 1204 1545 1272 ἀγαγεῖν
1567 1203 1842 1257 δικαιοσύ-

256 1308 361 1362 νην
408 1291 647 1355 αἰώνιον,
704 1294 800 1346 καὶ
832 1290 924 1345 τοῦ
956 1293 1254 1363 σφραγίσαι
1281 1294 1468 1365 ὅρασιν
1501 1294 1595 1349 καὶ
1626 1312 1841 1367 προφη-

252 1381 434 1447 τείαν,
468 1383 562 1435 καὶ
588 1380 683 1435 τοῦ
712 1385 896 1453 χρῖσαι
935 1382 1089 1451 ἅγιον
1140 1383 1342 1451 ἁγίων·
1395 1385 1490 1437 καὶ
1532 1384 1714 1456 γνώσῃ
1749 1388 1841 1439 καὶ

254 1471 514 1541 συνήσεις
540 1470 646 1524 ἀπὸ
681 1470 861 1535 ἐξόδου
893 1472 1075 1540 λόγου,
1098 1471 1191 1525 τοῦ
1220 1474 1603 1545 ἀποκριθῆναι,
1636 1478 1731 1529 καὶ
1744 1477 1838 1530 τοῦ

249 1562 607 1634 οἰκοδομῆσαι
662 1562 1017 1636 Ἰερουσαλὴμ
1081 1565 1186 1630 ἕως
1227 1566 1461 1632 Χριστοῦ
1509 1569 1836 1639 ἡγουμένου.

262 1651 595 1724 Ἑϐδομάδες
658 1656 818 1721 ἑπτὰ,
875 1658 972 1710 καὶ
1011 1656 1301 1728 ἑϐδομάδες
1343 1658 1719 1730 ἑξηκονταδύο,
1745 1663 1837 1717 καὶ

247 1745 573 1816 ἐπιστρέψει
595 1787 609 1809 ,
636 1748 730 1801 καὶ
748 1747 1231 1819 οἰκοδομηθήσεται
1263 1750 1490 1805 πλατεῖα
1522 1754 1615 1807 καὶ
1637 1755 1834 1825 τείχος,

246 1836 351 1890 καὶ
378 1838 778 1910 κενωθήσονται
810 1842 859 1893 oi.
885 1842 1067 1913 καιροί
1089 1858 1102 1872 ·
1134 1842 1230 1896 καὶ
1250 1843 1386 1914 μετὰ
1409 1844 1505 1909 τὰς
1536 1845 1837 1917 ἑϐδομάδας

242 1929 351 1994 τὰς
371 1930 748 2003 ἑξηκονταδύο,
770 1932 1279 2006 ἐξολοθρευθήσεται
1300 1936 1528 2009 χρίσμα,
1547 1939 1639 1992 καὶ
1664 1942 1836 2011 κρῖμα

241 2021 352 2075 οὐκ
380 2020 527 2075 ἔστιν
581 2023 639 2075 ἐν
687 2022 857 2094 αὐτῷ,
892 2026 987 2078 καὶ
1010 2025 1111 2096 τὴν
1145 2025 1298 2080 πόλιν
1327 2027 1421 2081 καὶ⁵
1449 2028 1509 2081 τὸ
1537 2029 1690 2098 ἅγιον
1722 2030 1837 2083 δια-

243 2112 443 2184 φθερεῖ
471 2114 570 2168 σὺν
602 2113 680 2185 τῷ
732 2116 1020 2187 ἡγουμένῳ
1072 2116 1149 2188 τῷ
1184 2119 1485 2191 ἐρχομένῳ,
1546 2120 1641 2173 καί¹
1673 2123 1834 2174 ἐκκο-

243 2203 514 2274 πήσονται
562 2206 622 2258 ἐν
681 2206 1074 2278 κατακλυσμῷ,
1113 2209 1210 2263 καὶ
1246 2210 1353 2273 ἕως
1383 2210 1568 2277 τέλους
1597 2212 1831 2285 πολέμου

244 2297 691 2368 συντετμημένου
722 2298 1074 2370 ἀφανισμοῖς,
1106 2302 1203 2353 καὶ
1230 2301 1538 2375 δυναμώσει
1566 2305 1831 2378 διαθήκην

241 2384 465 2450 πολλοῖς
482 2387 716 2458 ἑϐδομὰς
747 2390 866 2460 μία,
897 2391 993 2444 καὶ
1012 2392 1071 2445 ἐν
1094 2391 1172 2464 τῷ
1198 2393 1386 2465 ἡμίσει
1412 2395 1512 2467 τῆς
1539 2396 1832 2468 ἑϐδομάδος

241 2476 546 2549 ἀρθήσεται
598 2479 757 2534 θυσία
817 2482 911 2535 καὶ
942 2483 1161 2556 σπονδὴ,
1188 2486 1282 2538 καὶ
1323 2487 1417 2540 ἐπὶ
1444 2487 1505 2540 τὺ
1538 2488 1682 2560 ἱερὸν
1712 2488 1830 2559 βδέ-

241 2567 431 2638 λυγμα
481 2571 589 2624 τῶν
630 2573 966 2645 ἑρημώσεων
1010 2576 1182 2642 ἔσται,
1232 2577 1326 2631 καὶ
1380 2578 1485 2643 ἕως
1520 2580 1829 2646 συντελείας

240 2661 445 2733 καιροῦ,
460 2664 735 2718 συντέλεια
767 2666 1049 2738 δοθήσεται
1083 2670 1176 2723 ἐπὶ
1200 2669 1295 2741 τὴν
1321 2671 1619 2743 ἐρήμωσιν.
1658 2692 1678 2724 ι
1716 2674 1827 2745 Τῆς

243 2751 336 2805 τοῦ
367 2753 635 2812 Ἰουδαίων
664 2757 848 2822 ἔθνους
862 2760 943 2822 είς
974 2759 1267 2815 Βαϐυλῶνα
1299 2761 1826 2833 ἑϐδομηκονταετοῦς

238 2843 623 2913 αἰχμαλωσίας
644 2849 723 2911 είς
739 2849 913 2921 πέρας
932 2851 1033 2922 ήδη
1060 2851 1503 2923 συνελαυνούσης,
1523 2854 1601 2925 τῷ
1628 2855 1824 2928 Δανιὴλ

237 2937 546 3010 εὐξαμένῳ,
579 2934 659 3004 εἷς
681 2940 789 2995 τῶν
836 2943 1007 3011 ἁγίων
1040 2943 1364 3015 λειτουργῶν
1397 2945 1490 3000 τοῦ
1525 2947 1682 3014 Θεοῦ,
1719 2949 1822 3001 Γα-

1950 641 2249 697 iudicarem
2301 645 2430 707 tibi,
2457 645 2627 715 'quod
2672 646 2756 700 vir
2796 644 3193 699 desideriorum
3235 652 3296 699 tu
3334 660 3436 707 es,
3471 652 3527 700 et

1950 735 2323 790 animadverte
2358 736 2411 789 in
2440 737 2630 800 verbo,
2666 744 2720 791 et
2749 737 2991 805 intellige
3024 736 3077 790 in
3111 736 3347 802 visione,
3380 738 3526 807 quod

1947 822 2033 875 vir
2079 822 2479 877 desideriorum
2515 840 2575 880 es
2627 835 2705 879 tu.
2758 822 3116 895 Septuaginta
3157 826 3525 882 hebdomades

1947 914 2333 985 compendium
2392 929 2655 987 accepere
2708 932 2873 986 super
2925 918 3185 986 populum
3233 927 3419 985 tuum,
3469 928 3525 975 et

1946 1020 2113 1074 super
2143 1005 2422 1060 civitatem
2463 1014 2739 1071 sanctam,
2776 1018 2838 1061 ut
2878 1019 3294 1064 consummetur
3328 1026 3524 1081 pecca—

1945 1105 2095 1162 tum,
2126 1104 2180 1150 et
2212 1098 2500 1168 signentur
2530 1099 2688 1169 quasi
2733 1100 2937 1153 annulo
2976 1109 3200 1170 peccata
3224 1142 3240 1166 ,
3282 1112 3336 1158 et
3375 1104 3523 1160 dele-

1945 1198 2109 1243 antur
2138 1188 2496 1259 iniquitates,
2524 1199 2579 1247 et
2607 1193 2897 1263 expientur
2926 1193 3235 1262 iujustitiaz,
3263 1203 3318 1249 et
3348 1197 3520 1252 adduc

1943 1291 2102 1334 catur
2130 1280 2348 1349 justitia
2379 1284 2706 1351 sempiterna
2727 1324 2741 1348 ,
2774 1293 2828 1339 et
2858 1287 3015 1355 quasi
3050 1288 3205 1357 signo
3252 1288 3521 1358 impresso

1941 1374 2231 1428 claudatur
2277 1374 2414 1430 visio
2435 1415 2450 1441 ,
2481 1382 2537 1429 et
2570 1377 2855 1447 prephetia
2876 1417 2892 1442 ,
2926 1386 2980 1432 et
3015 1387 3253 1448 ungatur
3292 1388 3518 1436 sanctus

1942 1472 2259 1519 sanctorum
2281 1505 2296 1530 ,
2326 1472 2378 1519 et
2408 1479 2710 1536 cognosces
2739 1475 2793 1521 et
2823 1468 3092 1540 intelliges
3115 1470 3185 1523 ab
3223 1470 3370 1524 exitu
3404 1486 3519 1525 scr-

1941 1555 2154 1619 monis,
2187 1563 2248 1610 ut
2284 1557 2715 1626 respondeatur,
2748 1569 2801 1615 et
2832 1560 3133 1616 :ediﬁcetur
3172 1560 3513 1617 Hierusalem

1940 1664 2117 1718 usque
2155 1651 2221 1705 ad
2268 1649 2550 1706 Christum
2599 1653 2816 1708 ducem.
2860 1653 3236 1712 Hebdomades
3275 1664 3514 1727 septem,

1940 1747 1995 1794 et
2015 1740 2383 1796 hebdomades
2414 1744 2696 1813 sexaginta
2726 1744 2889 1814 382
2921 1745 3043 1800 dure
3061 1787 3077 1811 ,
3106 1753 3161 1800 et
3190 1754 3516 1814 revertetur,

1939 1841 1992 1888 et
2032 1832 2397 1888 :ediﬁcabitur
2431 1836 2610 1906 platea
2649 1842 2703 1890 et
2741 1851 2969 1903 murus,
3010 1844 3065 1892 et
3100 1838 3515 1915 evacuabuntur

1941 1932 2181 1995 tempora
2206 1944 2217 1979 :
2241 1932 2296 1982 et
2327 1938 2451 1997 post
2470 1927 2840 1982 hebdomadas
2873 1928 3154 1999 sexaginta
3183 1929 3319 1986 duas
3343 1969 3358 1995 ,
3389 1945 3513 2000 per-

1938 2019 2035 2073 ibit
2074 2020 2262 2075 unctio
2288 2061 2305 2087 ,
2352 2028 2407 2077 et
2466 2020 2735 2092 judicium
2774 2035 2883 2074 non
2923 2029 3008 2076 est
3048 2022 3101 2076 in
3141 2037 3244 2086 ea,
3284 2032 3338 2079 et
3377 2024 3513 2078 ciri-

1936 2120 2102 2167 tatem
2138 2122 2192 2167 et
2224 2119 2477 2169 sanctum
2515 2112 2792 2185 disperdet
2828 2128 2953 2168 cum
2983 2112 3122 2168 duce
3158 2123 3423 2179 venturo,
3458 2120 3514 2169 et

1933 2205 2257 2261 excidentur
2296 2206 2352 2261 iu
2393 2205 2632 2271 diluvio,
2671 2213 2727 2261 et
2767 2220 2941 2276 usque
2978 2203 3047 2259 ad
3087 2204 3249 2261 ﬁnem
3289 2206 3413 2261 belli
3455 2206 3511 2260 in

1933 2298 2318 2369 compendium
2347 2298 2555 2355 redacti
2585 2297 3059 2357 internecionibus
3077 2337 3094 2365 ,
3125 2305 3180 2356 et
3212 2297 3510 2355 conﬁrma-

1932 2390 2011 2446 bit
2054 2398 2272 2460 pactum
2310 2390 2499 2446 multis
2536 2390 2880 2446 hebdomada
2918 2404 3065 2455 una,
3126 2396 3182 2446 et
3232 2391 3288 2447 in
3326 2391 3509 2450 medio

1932 2482 2289 2538 hebdomadis
2316 2482 2596 2538 auferetur
2626 2482 2957 2537 sacriﬁcium
2987 2489 3041 2538 et
3071 2480 3297 2550 libatio,
3328 2489 3383 2537 et
3413 2500 3507 2539 su-

1930 2590 2027 2645 per
2063 2574 2325 2644 templum
2364 2574 2705 2630 abominatio
2736 2573 3174 2638 desolationum,
3227 2581 3283 2631 et
3329 2590 3507 2644 usque

1930 2666 1997 2720 ad
2020 2666 2551 2721 consummationem
2586 2664 2848 2735 temporis
2867 2706 2883 2732 ,
2909 2664 3315 2720 consummatio
3348 2664 3503 2722 dubi:

1929 2766 2018 2812 tur
2060 2758 2116 2812 in
2158 2757 2554 2815 desolationem
2585 2758 2655 2813 ⁸³.
2691 2777 2709 2810 ι
2737 2756 2873 2811 Cum
2913 2754 3157 2811 Iudaicae
3194 2757 3372 2827 gentis
3413 2771 3505 2812 se-

1927 2850 2282 2921 ptuagenaria
2309 2849 2451 2921 apud
2477 2848 2807 2921 Babylonios
2840 2848 3074 2904 servitus
3102 2848 3215 2917 jam
3246 2848 3313 2902 ad
3339 2846 3502 2907 ﬁnem

1927 2940 2208 3008 tenderet,
2251 2940 2457 2995 Danieli
2494 2939 2671 2994 oranti
2724 2954 2868 2993 unus
2907 2952 2972 2993 ex
3017 2937 3222 2992 sanctis
3258 2936 3353 2990 Dei
3397 2936 3503 2990 mi-

238 3029 401 3101 ϐριὴλ
444 3032 473 3083 ὁ
520 3032 877 3102 ἀρχάγγελος,
912 3035 1217 3104 ἐπιφανεὶς,
1254 3036 1351 3108 τὴν
1407 3040 1703 3094 ἀνανέωσιν
1724 3042 1820 3113 τῆς

1925 3034 2117 3089 nistris
2169 3033 2323 3089 visus
2374 3030 2592 3087 Gabriel
2641 3030 3031 3100 archangelus,
3087 3030 3496 3085 renovatione":

248 3122 609 3195 Ἰερουσαλὴμ
666 3127 867 3181 αὐτίκα
901 3145 960 3182 τε
987 3128 1081 3181 καὶ
1108 3130 1208 3182 οὐκ
1248 3130 1328 3192 είς
1353 3131 1570 3202 μακρὰν
1601 3132 1819 3188 ἔσεσθαι

1924 3126 2077 3182 urbis
2121 3125 2460 3181 llierusalem
2508 3123 2687 3193 primo
2733 3137 2950 3205 quoque
2990 3129 3237 3191 tempore
3278 3127 3332 3176 et
3377 3121 3498 3177 sine

236 3206 507 3273 θεσπίζει,
568 3211 661 3265 τόν
700 3231 759 3266 τε
790 3214 931 3267 κατά
977 3215 1075 3286 τὴν
1106 3216 1404 3271 ἀνανέωσιν
1429 3220 1598 3291 αὐτῆς
1630 3223 1819 3295 χρόνον

235 3301 317 3363 είς
357 3300 494 3356 ἑτῶν
550 3303 781 3375 ἀριθμὸν
842 3306 1174 3379 περιορίζει·
1206 3309 1537 3381 προλέγειτε
1570 3313 1646 3377 ὡς
1678 3316 1819 3370 κατά

233 3392 336 3463 τὴν
397 3392 710 3465 ὡρισμένην
760 3398 1095 3469 προθεσμίαν
1137 3396 1292 3465 αὖθις
1338 3400 1815 3477 καθαιρεθήσεται,

234 3488 329 3539 καὶ
348 3488 446 3552 ὡς,
478 3489 577 3559 τὴν
597 3491 856 3563 δευτέραν
886 3494 1225 3565 ὑπομείνασα
1249 3498 1449 3552 ἁλωσιν
1474 3498 1569 3552 καὶ
1597 3499 1816 3571 πολιορ-

234 3576 381 3641 κίαν,
413 3579 595 3633 οὐκέτι
627 3582 724 3653 τῆς
752 3585 816 3637 ἐκ
851 3583 986 3638 Θεοῦ
1018 3585 1264 3652 τεύξεται
1302 3573 1628 3661 ἐπισκοπῆς,
1663 3593 1817 3660 μενεῖ

234 3669 291 3722 δὲ
337 3669 567 3742 ἕρημος,
620 3675 1162 3750 συγκαθαιρουμένης
1208 3679 1343 3751 αὐτῇ
1386 3683 1485 3752 τῆς
1538 3680 1681 3735 κατὰ
1724 3682 1816 3737 τὸν

234 3762 480 3827 Μωσέως
536 3764 697 3836 νόμον
771 3767 1050 3841 λατρείας,
1108 3772 1300 3845 ἑτέρας
1340 3772 1395 3826 δὲ
1450 3773 1565 3827 ἀντ’
1599 3774 1812 3846 ἐκείνης

229 3850 310 3921 τῷ
339 3852 442 3924 βίῳ
468 3854 577 3907 τῶν
604 3856 906 3929 ἀνθρώπων
934 3863 1142 3933 Καινῆς
1162 3864 1434 3936 Διαθήκης
1462 3866 1813 3938 ἀντεισαχθη·

233 3945 490 4016 σομένης.
543 3948 653 4002 Καὶ¹
685 3949 858 4005 ταῦτα
882 3952 912 4004 ό
938 3952 1178 4027 Γαϐριὴλ
1207 3955 1283 4020 ὡς
1310 3958 1367 4009 ἐν
1398 3961 1664 4029 χρησμοῖς
1694 3960 1813 4012 ἑπι-

233 4037 634 4108 κεκρυμμένως
668 4041 950 4111 ἐκφαίνειν
982 4046 1233 4115 ὁμολογεῖ
1264 4047 1342 4119 τῷ
1377 4051 1649 4122 προφήτῃ.
1674 4052 1811 4123 Φησὶ

229 4125 362 4193 γοῦν
393 4127 471 4199 τῷ
494 4131 719 4203 Δανιήλο
757 4151 778 4184 ι
817 4132 932 4188 Νῦν
964 4135 1185 4207 ἐξῆλθον
1221 4138 1552 4210 συμϐιϐάσαι
1578 4158 1637 4194 σε
1687 4142 1811 4196 σύν-

230 4235 380 4273 εσινο
421 4224 479 4275 ἐν
530 4224 671 4297 ἀρχῇ
726 4227 826 4298 τῆς
887 4228 1124 4301 δεήσεώς
1174 4249 1266 4285 σου
1318 4232 1537 4305 ἐξῆλθεν
1573 4236 1601 4287 ό
1629 4237 1805 4306 λόγος,

227 4310 386 4400 κάγὼ
417 4309 579 4385 ἦλθον
623 4318 939 4389 ἀναγγεῖλαί
969 4340 1070 4388 σοι,
1121 4324 1204 4378 ὅτι
1231 4325 1372 4398 ἀνὴρ
1406 4327 1709 4400 ἐπιθυμιῶν
1739 4333 1804 4385 σὺ

227 4398 297 4467 εἶ,
353 4406 452 4458 καὶ
516 4408 795 4481 ἐννοήθητι
838 4414 897 4465 ἐν
952 4414 1029 4485 τῷ
1070 4416 1292 4487 ῥήματι,
1322 4393 1421 4471 καὶ
1471 4393 1627 4485 σύνες
1655 4424 1712 4476 ἐν
1737 4426 1801 4495 τῇ

225 4496 495 4587 όπτασίᾳ·
535 4519 553 4551 ι
595 4503 781 4572 σαφῶς
828 4506 1109 4585 διεγείρευν
1165 4511 1326 4565 αὐτὸν
1367 4514 1445 4576 είς
1500 4513 1804 4587 βαθυτέραν

224 4585 436 4642 ἔννοιαν
494 4591 589 4644 καὶ
646 4593 859 4650 σύνεσιν
924 4599 1021 4669 τῆς
1048 4598 1159 4653 τῶν
1202 4600 1510 4673 λεγομένων
1550 4585 1801 4677 θεωρίας.

238 4677 535 4770 Ϊυπτασίαν
591 4684 722 4752 γοῦν
784 4686 925 4740 αὑτά
970 4689 1033 4758 γέ
1086 4709 1217 4762 φησι
1262 4693 1349 4747 διά
1392 4695 1453 4748 τὸ
1502 4686 1804 4770 βαθυτέρας

225 4766 445 4838 ἔχεσθαι
470 4771 724 4841 διανοίας,
766 4777 861 4830 καὶ
882 4779 944 4832 οὐ
985 4778 1083 4849 τῆς
1112 4783 1382 4855 τυχούσης
1413 4786 1678 4851 συνέσεως
1699 4766 1804 4841 δεῖ-

225 4858 353 4913 σθαι
368 4874 383 4888 ⁶
400 4861 589 4935 διόπερ
609 4868 702 4919 καὶ
719 4868 873 4921 αὐτοὶ
890 4869 979 4922 τὸν
995 4870 1165 4942 δωροῦ
1174 4890 1335 4943 μενον
1361 4876 1574 4931 σύνεσιν
1597 4878 1807 4953 ἀνθρώ-

222 4965 370 5017 ποις,
416 4952 869 5026 ἐπικαλεσάμενοι
903 4976 962 5011 τε
988 4962 1078 5013 ὑπ’
1103 4961 1269 5015 αὐτοῦ
1314 4965 1652 5036 φωτισθῆναι
1680 4952 1807 5033 τοὺς

219 5040 322 5111 τῆς
372 5041 609 5109 διανοίας
662 5047 997 5120 ὀφθαλμοὺς,
1044 5053 1504 5127 ἐπιθαρῤήσωμεν
1551 5061 1618 5129 τῇ
1665 5060 1805 5113 κατὰ

217 5135 349 5199 τοὺς
377 5136 574 5203 τόπους
598 5139 822 5214 θεωρίᾳ·
847 5163 864 5194 ι
905 5144 1325 5218 Ἐϐδομήκοντα,
1362 5168 1381 5199 ι
1428 5151 1612 5220 φησὶν,
1649 5170 1667 5203 ‹
1712 5153 1804 5205 ἐϐ-

216 5224 448 5295 ὼμάδες
480 5230 893 5302 συνετμήθησαν
922 5233 1019 5286 ἐπὶ
1038 5234 1129 5287 τὸν
1160 5235 1286 5289 λαόν
1321 5253 1413 5289 σου
1448 5238 1542 5290 καὶ
1575 5237 1668 5290 ἐπὶ
1693 5239 1794 5310 τὴν

218 5315 376 5371 πόλιν
400 5318 498 5388 τὴν
518 5321 679 5389 ἁγίαν
699 5340 815 5387 σου,
833 5323 926 5376 τοῦ
949 5326 1364 5397 συντελεσθῆναι
1383 5328 1680 5401 ἁμαρτίαν,
1699 5330 1794 5382 καὶ

215 5408 514 5479 ἀπαλεῖψαι
540 5412 639 5474 τάς
671 5414 917 5485 ἀνομίας,
948 5416 1151 5469 καὶτοῦ
1182 5416 1526 5482 ἐξιλάσασθαι
1557 5419 1787 5485 ἀδικίας,

215 5497 314 5550 καὶ
358 5500 588 5568 ἀγαγεῖν
619 5502 963 5576 δικαιοσύνην
987 5506 1221 5573 αἰώνιον,
1248 5508 1344 5565 καὶ
1373 5510 1468 5565 τοῦ
1495 5512 1789 5587 σφραγίσαι

291 5695 336 5727 ³³
374 5694 508 5753 Dan.
544 5714 621 5765 Ix,
653 5699 841 5757 20-9.7.

1920 3234 2073 3273 mora
2110 3217 2351 3272 futuram
2396 3215 2582 3281 canit,
2614 3222 2670 3269 et
2696 3222 2916 3285 tempus
2943 3228 3117 3284 usque
3150 3213 3219 3268 ad
3252 3227 3373 3269 eam
3403 3227 3494 3268 re-

1920 3310 2266 3365 novationem
2306 3324 2538 3364 numero
2568 3324 2841 3365 annorum
2884 3310 3255 3367 determinat:
3294 3310 3497 3382 praedi-

1918 3402 2104 3473 citque
2144 3410 2204 3455 ut
2246 3410 2371 3471 post
2415 3399 2699 3455 deﬁnitum
2744 3401 2881 3461 illud
2916 3401 3181 3473 temporis
3212 3402 3500 3472 spatium,

1917 3509 2113 3550 rursus
2144 3500 2440 3557 evertetur,
2488 3499 2656 3564 utque
2696 3501 2821 3564 post
2869 3493 3168 3551 secundam
3213 3508 3491 3563 expugna-

1917 3583 2119 3640 tionem
2155 3591 2321 3655 atque
2364 3582 2745 3651 obsidionem,
2796 3600 2909 3641 non
2956 3585 3100 3641 ultra
3152 3584 3264 3643 Deo
3309 3592 3489 3639 tutore

1914 3675 2204 3747 gaudebit,
2239 3675 2333 3730 sed
2365 3677 2481 3731 sola
2512 3692 2576 3732 ac
2613 3676 2830 3732 deserta
2873 3690 3057 3735 secum
3095 3691 3200 3729 una
3237 3675 3488 3731 Mosaicae

1915 3768 2050 3838 legis
2078 3768 2185 3823 ritu
2214 3768 2467 3833 sublato,
2489 3768 2863 3839 permanebit,
2891 3768 3093 3837 quippe
3121 3782 3246 3821 cum
3278 3767 3333 3821 in
3364 3768 3485 3837 ejus

1914 3861 2054 3916 ritus
2084 3861 2296 3927 locum,
2328 3864 2389 3916 in
2418 3863 2584 3918 vitam
2618 3861 2903 3918 hominum
2940 3860 3171 3914 alterum
3203 3858 3276 3914 sit
3312 3858 3487 3912 intro

1874 3946 2221 4007 ‘ducendum
2253 3951 2684 4016 Testamentum,
2720 3947 3116 4020 quodNovum
3152 3948 3385 4004 dicatur.
3421 3947 3487 4007 Ει

1913 4042 2057 4107 haec,
2089 4050 2149 4096 ut
2183 4043 2239 4096 in
2273 4042 2516 4097 oraculis
2544 4056 2664 4096 mos
2693 4051 2812 4104 est,
2850 4039 3085 4094 latenter
3114 4053 3174 4093 se
3211 4038 3318 4109 ipsi
3356 4053 3487 4109 pro-

1912 4134 2090 4203 phetae
2121 4133 2368 4189 indicare
2395 4132 2616 4189 Gabriel
2647 4132 2956 4204 proﬁtetur.
2990 4131 3083 4185 Ait
3116 4130 3284 4202 igitur
3318 4131 3387 4186 ad
3418 4130 3485 4184 il-

1910 4227 2021 4281 lum
2051 4244 2064 4281 :
2105 4244 2125 4279 ι
2153 4225 2309 4281 Nunc
2340 4241 2596 4297 egressus
2630 4241 2749 4280 sum
2789 4234 2846 4280 ut
2877 4223 3098 4278 alleram
3139 4223 3239 4277 tibi
3278 4222 3485 4278 intelli-

1910 4321 2145 4391 gentiam
2175 4340 2187 4374 :
2217 4320 2285 4373 ab
2314 4318 2469 4373 initio
2496 4333 2717 4389 precum
2745 4323 2961 4371 tuarum
2983 4330 3239 4386 egressus
3262 4321 3347 4371 est
3367 4329 3485 4371 ser-

1910 4428 2036 4476 mo,
2078 4420 2134 4467 et
2178 4426 2279 4482 ego
2308 4412 2431 4465 veni
2479 4392 2539 4464 ut
2578 4408 2875 4463 iudicarem
2921 4406 3055 4470 tibi,
3090 4405 3238 4477 quod
3268 4404 3352 4461 vir
3380 4405 3481 4460 de-

1909 4504 2237 4560 sideriorum
2293 4510 2351 4556 tu
2400 4517 2490 4569 es,
2544 4512 2597 4556 et
2645 4499 3023 4555 animadverte
3072 4499 3129 4553 in
3176 4496 3378 4564 verbo,
3429 4505 3485 4551 et

1909 4594 2150 4664 intellige
2202 4594 2260 4648 in
2305 4593 2538 4648 visione.
2571 4612 2590 4644 ι
2618 4590 2832 4657 Quibus
2882 4590 3066 4646 verbis
3115 4589 3276 4659 plane
3326 4588 3483 4645 illum

1906 4686 2149 4752 excitat,
2185 4694 2246 4740 ut
2279 4683 2606 4755 profundius
2647 4683 3083 4747 animadvertat,
3126 4679 3481 4752 profundius,

1905 4793 2012 4849 que
2052 4777 2317 4848 intelligat
2353 4791 2416 4831 ea
2454 4791 2575 4845 quae
2617 4776 2672 4829 in
2713 4775 2894 4830 verbis
2929 4774 3000 4829 ab
3038 4775 3158 4843 ipso
3196 4770 3481 4842 proferen-

1904 4870 1991 4925 dis
2018 4870 2482 4937 contemplatione
2541 4868 2703 4937 digna
2738 4874 2885 4922 sunt.
2936 4864 3217 4935 Siquidem
3256 4864 3349 4918 illa
3397 4864 3481 4922 vis

1903 4960 2115 5015 sionem
2172 4959 2443 5030 appellat,
2509 4968 2799 5029 propterea
2856 4956 3005 5026 quod
3061 4954 3476 5027 profundiorem

1901 5052 2192 5123 quemdam
2232 5066 2455 5106 sensum
2501 5050 2807 5119 attingunt,
2858 5063 3037 5119 neque
3076 5046 3288 5118 vulgari
3338 5061 3478 5116 qua-

1899 5146 2023 5200 dam
2067 5142 2354 5213 prudentia
2401 5139 2651 5209 indigent
2682 5157 2695 5191 :
2729 5137 3085 5207 quamobrem
3120 5136 3226 5206 ipsi
3258 5149 3475 5206 quoque

1901 5252 2025 5291 eum
2072 5235 2426 5297 invocantes,
2474 5231 2568 5301 qui
2611 5230 2705 5285 dat
2745 5228 3066 5286 hominibus
3108 5227 3432 5298 sapientiam
3457 5265 3472 5289 ,

1900 5336 2267 5399 rogantesque
2295 5332 2354 5379 ut
2380 5324 2580 5379 mentis
2606 5322 2798 5379 oculos
2824 5320 2984 5376 nobis
3010 5321 3281 5376 illuminet
3298 5358 3315 5387 ,
3341 5333 3476 5374 con.-

1901 5421 2131 5476 ﬁdenter
2185 5417 2585 5488 aggrediamur,
2621 5430 2742 5486 quae
2776 5414 2843 5469 ad
2876 5414 3074 5469 horum
3107 5414 3357 5467 locorum
3387 5411 3476 5471 in.-

1901 5510 2344 5582 terpretationem
2392 5507 2662 5578 pertinent
2697 5525 2723 5565 ι,
2755 5525 2773 5558 ι
2812 5504 3195 5577 Septuaginta,
3257 5500 3474 5578 inquit.
