3836 6220
323 221 429 279 599
528 170 539 183 ο

997 222 1267 280 EUSEBII
1306 221 1788 281 CASSARIENSIS
1824 224 1976 284 OPP.
2017 227 2200 283 PARS
2235 227 2300 287 ll.
2340 259 2398 270 --
2429 226 2930 285 APOLOGETICA.

3478 230 3585 286 600

321 332 690 390 hebdomades
731 335 1112 404 compendium
1163 349 1421 405 accepere
1441 349 1605 404 super
1645 336 1904 405 populum

2012 341 2198 410 ὅρασιν
2218 341 2313 395 καὶ
2336 321 2695 411 προῲητείαν,
2714 341 2809 394 καὶ
2835 340 2928 393 τοῦ
2960 343 3143 412 χρῖσαι
3170 340 3325 410 ἅγιον
3351 341 3575 410 ἁγίων.»

322 434 480 480 tuum
502 464 517 487 ,
542 432 597 479 et
620 441 785 496 super
805 426 1076 482 civitatem
1100 436 1344 481 sanctam
1360 466 1377 493 ,
1404 433 1465 480 ut
1488 434 1903 505 consummetur

324 524 642 587 peccatum,
681 525 734 571 et
771 517 931 587 quasi
968 517 1174 573 annulo
1212 519 1499 587 signentur
1537 525 1803 587 peccata:
1848 526 1903 573 et

326 606 617 663 deleantur
664 609 1023 679 iniquitates,
1068 617 1123 663 ct
1167 609 1455 679 expientur
1496 608 1813 677 injustitiaa,
1849 616 1903 662 et

329 699 638 756 adducatur
665 700 881 771 justitia
923 702 1252 772 sempiterna
1273 741 1288 766 ,
1323 709 1378 756 et
1406 705 1565 772 quasi
1612 703 1769 774 signo
1802 701 1904 755 im—

329 806 524 862 presso
575 792 862 847 claudatur
916 794 1054 848 visio
1094 801 1148 848 et
1192 793 1478 863 prophetia
1504 832 1520 858 ,
1574 802 1629 849 et
1669 801 1904 863 ungatur

332 880 571 938 Sanctus
621 891 960 939 sanctorum.
998 905 1016 936 ι
1053 884 1214 954 383
1247 884 1403 951 Quod
1459 885 1630 955 igitur
1683 892 1906 954 septua-

331 975 480 1045 ginta
509 974 977 1030 hebdomadarum
1013 976 1249 1045 spatium
1275 1018 1290 1043 ,
1327 977 1374 1030 si
1422 977 1477 1031 in
1523 992 1699 1032 annos
1729 976 1906 1030 resol-

328 1072 512 1128 vatur,
564 1066 860 1136 nonaginta
922 1082 1089 1137 supra
1147 1066 1579 1137 quadringentos
1631 1082 1901 1121 summam

330 1155 609 1222 conﬁciat,
665 1159 904 1223 nemini,
937 1167 1070 1229 puto
1094 1201 1109 1226 ,
1141 1159 1366 1214 dubium
1396 1167 1500 1214 est.
1537 1158 1774 1214 Tantum
1806 1158 1906 1229 igi-

329 1256 422 1302 tur
450 1250 715 1319 temporis
746 1251 1130 1323 compendium
1180 1253 1391 1321 accepit
1440 1267 1607 1323 super
1644 1252 1906 1323 populum

330 1350 483 1393 tuum
504 1379 520 1404 ,
553 1340 644 1394 ubi
674 1355 806 1396 sane
839 1357 1054 1397 onmem
1087 1341 1327 1397 Judaicae
1356 1345 1534 1414 gentis
1564 1344 1910 1399 terminatio-

330 1447 457 1486 nem
504 1433 833 1488 concludit:
878 1450 980 1490 nec
1026 1442 1213 1490 tamen
1270 1437 1393 1491 illos
1440 1437 1495 1490 in
1539 1437 1628 1491 his
1673 1436 1907 1505 amplius

329 1521 427 1578 Dei
458 1525 720 1594 populum
751 1534 945 1591 vocat,
988 1527 1084 1582 sed
1129 1528 1415 1598 alloquens
1461 1529 1639 1599 ipsum
1683 1527 1905 1593 Daniel,

336 1632 355 1665 ι
383 1611 672 1684 Populum,
714 1634 732 1667 ι
754 1617 948 1687 inquit,
977 1636 995 1669 ι
1031 1624 1213 1672 tuum:
1238 1638 1255 1670 ι
1283 1621 1665 1689 namquealias
1692 1634 1907 1690 quoque

2005 435 2125 486 Ὀτι
2153 433 2259 486 τῶν
2293 434 2663 506 ἐϐδομήκοντα
2684 433 2993 505 ἑϐδομάδων
3029 436 3058 487 ὁ
3087 435 3298 506 χρόνος,
3322 437 3382 488 ὲν
3409 436 3583 489 ἐτεσιν

2002 526 2386 596 ἀναλυόμενος,
2442 527 2794 598 ἐννενήκοντα
2871 527 3009 599 πρὸς
3058 530 3170 591 τοῖς
3210 528 3584 599 τετρακοσίοις

2003 618 2232 689 ἀριθμὸν
2259 618 2499 686 συνάγει,
2532 618 2693 671 παντί
2721 636 2823 671 που
2844 618 3018 690 δῆλον.
3055 619 3317 683 Τοσοῦτος
3349 636 3432 673 τοι
3450 636 3586 692 γαρ-

2003 710 2096 763 οῦν
2149 709 2456 780 συνετμήθη
2511 708 2701 780 χρόνος
2749 710 2843 763 ἐπὶ
2893 708 2985 762 τὸν
3029 708 3157 761 λαόν
3210 726 3327 774 σου,
3369 709 3431 762 τὸ
3475 711 3580 763 πᾶν

2006 802 2384 874 συμπέρασμα
2427 800 2522 854 τοῦ
2564 800 2832 856 Ἰουδαίων
2865 801 3191 873 περιορίζων
3229 801 3455 865 ἓθνους’
3493 804 3585 855 καὶ

2004 895 2187 948 οὐκέτι
2208 912 2271 963 γε
2302 896 2500 957 αὐτοὺς
2523 896 2580 947 ὲν
2615 893 2826 957 τούτοις
2854 892 2987 947 Θεοῦ
3015 893 3139 947 λαὸν
3168 893 3583 966 προσαγορεύει,

2006 986 2140 1039 ἀλλά
2169 985 2248 1057 τῷ
2282 985 2485 1058 Δανιὴλ
2508 1003 2661 1057 φησι,
2695 1005 2713 1037 ι
2738 986 2865 1039 λαόν
2897 1003 3012 1039 σου.
3040 1005 3059 1036 ›
3088 986 3296 1056 Ὥσπερ
3318 984 3429 1057 γὰρ
3461 987 3589 1040 ἀσε-

2006 1077 2072 1148 ϐή
2082 1077 2253 1130 σαντά
2278 1094 2407 1130 ποτε
2437 1078 2532 1130 καὶ
2560 1077 3091 1149 είδωλολατρήσαντα
3116 1078 3209 1130 ἐπὶ
3233 1078 3331 1149 τῆς
3351 1079 3585 1150 ἐρήμου,

2005 1169 2189 1223 οὐκέτι
2234 1169 2364 1222 λαὸν
2406 1169 2598 1223 ἑαυτοῦ
2631 1171 2659 1223 6
2685 1169 3003 1235 Θεὸς,’ἀλλά
3030 1170 3124 1223 τοῦ
3150 1171 3393 1234 Μωσέως
3421 1189 3590 1243 προσ-

2006 1264 2125 1314 εῖπε
2151 1301 2165 1326 ,
2203 1261 2413 1332 φήσας*
2454 1279 2472 1311 ι
2503 1260 2719 1326 Βάδιζε,
2753 1262 3057 1332 κατάϐηθι·
3111 1262 3354 1334 ἠνόμησε
3405 1264 3517 1335 γάρ
3557 1266 3591 1319 6

2005 1351 2132 1414 λαός
2167 1367 2289 1404 σου’
2324 1369 2343 1403 ι
2382 1351 2473 1406 τὸν
2520 1350 2681 1404 αὐτὸν
2716 1352 2915 1422 τρόπον
2972 1352 3248 1433 κάνταῦθα
3285 1353 3381 1407 τοῦ
3435 1371 3591 1426 περι-

2005 1442 2235 1513 ωρίσθαι
2267 1442 2388 1495 κατ’
2420 1440 2601 1495 αὐτῶν
2651 1440 2741 1494 τὸν
2774 1440 3077 1511 δηλωθέντα
3109 1440 3299 1512 χρόνον
3324 1440 3388 1494 τὸ
3418 1440 3588 1495 αἴτιον

2007 1534 2342 1589 ἐκδιδάσκει’
2389 1533 2546 1588 τοῦτο
2593 1533 2636 1586 δ’
2675 1529 2745 1605 ἦν
2790 1533 2851 1587 τὸ
2900 1534 3096 1605 μηκέτι
3146 1533 3241 1587 τοῦ
3292 1534 3431 1587 Θεοῦ
3462 1533 3591 1587 λαὸν

2007 1626 2204 1689 αὐτοὺς
2234 1625 2618 1693 καταξιοῦσθαι
2641 1624 3017 1697 χρηματίζειν.
3048 1625 3316 1693 Ἐπιλέγει
3336 1626 3414 1689 δὲ,
3445 1645 3464 1677 ι
3483 1627 3591 1679 Καὶ

314 1700 590 1776 tanquam
622 1723 748 1762 eum
782 1709 877 1779 qui
915 1709 1080 1778 impie
1107 1709 1344 1779 egisset.
1385 1719 1440 1766 et
1484 1711 1795 1766 simulacris
1847 1726 1906 1766 se

2012 1717 2099 1770 ἐπὶ
2128 1715 2228 1787 τὴν
2253 1715 2406 1769 πόλιν
2424 1715 2525 1786 τὴν
2554 1694 2716 1782 ἁγίαν
2734 1694 2765 1744 ί
2781 1733 2799 1765 ι
2823 1714 2884 1767 τὸ
2913 1714 3006 1767 σοῦ
3034 1713 3196 1768 πάλιν
3223 1714 3591 1778 ὲξακουὸντων

331 1798 666 1863 addixisset,
701 1815 809 1853 non
840 1800 1074 1870 amplius
1106 1816 1265 1855 suum
1302 1803 1561 1871 populum
1596 1801 1777 1866 Deus,
1810 1800 1906 1858 sed

332 1888 501 1945 Mosis
558 1890 879 1960 appellavit,
932 1907 1056 1946 cum
1105 1893 1280 1948 dixit:
1312 1913 1331 1944 ι
1361 1892 1544 1957 Vade,
1599 1894 1905 1959 descende,

332 1983 580 2053 peccavit
603 1984 747 2038 enim
776 1984 1012 2053 populus
1044 1994 1172 2041 tuus
1196 1987 1262 2041 ⁸ο.
1295 2006 1315 2037 ›
1339 1978 1494 2040 Nunc
1522 1987 1689 2056 igitur
1715 1985 1907 2042 eodem

332 2073 496 2127 modo
530 2088 787 2139 causam,
821 2090 921 2129 cur
952 2074 1083 2129 illud
1130 2077 1394 2146 temporis
1435 2077 1672 2146 spatium
1717 2083 1910 2132 contra

330 2165 456 2221 illos
509 2150 825 2236 prarﬁniérit
864 2167 1071 2221 docet:
1120 2168 1225 2221 hoc
1266 2174 1447 2223 autem
1488 2176 1607 2235 est,
1655 2183 1752 2224 eos
1797 2184 1909 2223 non

334 2257 572 2327 amplius
601 2257 795 2328 dignos
828 2274 951 2315 esse
970 2300 983 2323 ,
1019 2259 1112 2329 qui
1142 2261 1379 2330 populus
1415 2259 1511 2315 Dei
1541 2261 1904 2330 appellentur.

331 2347 539 2405 Deinde
583 2350 830 2421 adjungit
877 2350 1045 2417 illud,
1081 2370 1099 2403 ι
1132 2351 1197 2405 Ει
1247 2351 1423 2423 Super
1457 2355 1730 2409 civitatem
1781 2369 1910 2408 san-

331 2449 476 2496 ctam
508 2459 523 2509 ;
554 2461 574 2494 ι
601 2442 693 2497 ubi
726 2443 858 2497 illud
907 2452 1052 2497 tuam
1086 2460 1282 2501 rursus
1312 2461 1344 2500 a
1388 2446 1656 2514 superiori
1706 2444 1913 2500 subau—

331 2534 570 2590 divimus
601 2553 614 2589 :
652 2544 713 2589 ut
743 2536 820 2590 ita
853 2536 1065 2591 dictum
1093 2552 1218 2592 esse
1250 2537 1526 2601 videatur,
1556 2555 1573 2588 ι
1607 2552 1773 2607 super
1811 2553 1911 2607 po-

332 2627 521 2697 pulum
564 2635 717 2683 tuum
761 2637 815 2683 et
854 2645 1021 2700 super
1060 2631 1341 2685 civitatem
1385 2638 1632 2686 sanctam
1668 2638 1854 2697 tuam,
1887 2650 1905 2682 ι

330 2733 442 2774 non
473 2734 635 2776 secus
668 2735 731 2775 ac
764 2723 811 2776 si
838 2721 1102 2777 dixisset:
1127 2722 1259 2788 Quae
1280 2730 1386 2777 ate
1416 2729 1605 2777 sancta
1633 2722 1913 2777 existima-

330 2818 442 2866 tur.
498 2811 634 2867 Nam
663 2821 717 2868 et
744 2811 1046 2869 Hebraicus
1094 2821 1404 2878 contextus,
1436 2822 1490 2869 et
1520 2813 1714 2883 reliqui
1746 2814 1914 2867 inter-

331 2912 515 2975 pretes
574 2920 687 2959 uno
740 2921 869 2970 ore,
921 2920 1031 2962 non
1084 2906 1263 2961 solum
1327 2907 1394 2960 ad
1456 2906 1716 2977 populum
1774 2906 1906 2960 illud

337 3013 358 3047 ι
389 3005 544 3051 tuum
566 3038 582 3062 ,
617 3017 635 3050 ι
666 2998 760 3053 sed
798 3000 962 3054 etiam
1010 2997 1079 3052 ad
1129 2999 1405 3053 civitatem
1427 3039 1442 3063 ,
1484 2998 1617 3052 illud
1651 3015 1671 3049 ι
1703 3006 1852 3052 tuam
1884 3015 1902 3049 ι
1940 3039 1983 3094 c

330 3086 653 3157 adiungunt.
682 3087 875 3157 Aquila
909 3086 1091 3157 igitur,
1114 3105 1133 3137 ι
1156 3086 1332 3157 Super
1357 3086 1640 3157 populum,
1666 3106 1686 3139 ι
1715 3086 1911 3156 inquit,

335 3194 356 3228 ι
389 3185 563 3241 tuum,
613 3186 669 3232 et
697 3194 861 3248 super
906 3180 1182 3234 civitatem
1233 3179 1630 3234 sanctiﬁcatam
1673 3189 1860 3233 tuam:
1891 3198 1910 3229 ι

333 3268 697 3340 Symmachus
727 3278 942 3325 autem:
970 3290 989 3321 ‹
1019 3271 1299 3326 Adversus
1337 3271 1603 3342 populum
1632 3279 1787 3326 tuum
1808 3311 1822 3335 ,
1860 3279 1913 3326 et

332 3360 610 3415 civitatem
648 3367 894 3415 sanctam
929 3369 1100 3415 tuam.
1135 3379 1156 3413 ι
1185 3359 1455 3427 Quocirca
1491 3363 1550 3416 in
1584 3362 1743 3417 bonis
1776 3379 1914 3433 quo-

332 3468 441 3522 que
492 3450 631 3508 LXX
675 3450 1037 3523 lnterpretum
1081 3452 1399 3514 codicibus,
1434 3453 1568 3508 illud
1617 3472 1635 3505 ι
1667 3461 1853 3520 tuam,
1892 3475 1910 3506 ι

336 3544 554 3602 stellula
605 3544 854 3615 apposita
897 3542 1171 3614 adjectum
1222 3550 1308 3598 est
1341 3560 1516 3615 z'nam
1571 3560 1697 3600 cum
1747 3560 1915 3601 orans

335 3637 527 3691 Daniel
572 3635 629 3690 in
671 3636 782 3692 illis
831 3651 946 3692 suae
994 3634 1415 3706 supplicationis
1459 3636 1678 3700 verbis,
1712 3638 1914 3708 sapius

332 3728 635 3798 populum,
667 3728 766 3784 Dei
807 3716 1068 3799 populum
1112 3729 1491 3793 nominasset,
1525 3727 1769 3784 civitatis
1815 3744 1913 3783 au-

334 3827 443 3871 tem
479 3816 692 3880 locum,
728 3823 982 3870 sanctum
1017 3813 1112 3870 Dei
1143 3815 1324 3869 locum
1351 3854 1366 3880 ,
1392 3823 1616 3871 vertens
1650 3815 1706 3869 in
1735 3812 1915 3871 diver—

334 3922 459 3963 sum
508 3906 604 3978 qui
647 3905 1051 3977 respondebat,
1107 3918 1284 3975 neque
1341 3906 1615 3961 civitatem
1668 3910 1943 3962 sanctam'

333 3997 464 4063 Dei,
492 4012 670 4068 neque
698 3996 960 4068 populum
987 3995 1087 4050 Dei
1112 4010 1236 4052 esse
1265 3995 1491 4061 fatetur,
1520 3997 1616 4052 sed
1637 4017 1653 4049 ι
1673 4008 1829 4052 tuum
1851 4039 1867 4062 ,
1889 4017 1908 4048 ι

334 4091 547 4162 inquit,
576 4090 670 4161 qui
702 4104 861 4154 oras,
891 4096 945 4144 et
974 4088 1068 4159 qui
1103 4088 1234 4142 talia
1269 4088 1336 4143 de
1369 4090 1574 4159 populo
1605 4097 1660 4144 et
1685 4088 1754 4144 de
1794 4089 1915 4143 loco

337 4180 576 4236 civitatis
601 4180 814 4236 dixisti.
850 4178 1029 4235 Verba
1060 4179 1235 4248 ipsius
1281 4179 1470 4237 Daniel
1514 4181 1619 4235 hoc
1660 4181 1823 4235 modo
1853 4197 1914 4236 se

335 4273 540 4328 habent
569 4291 582 4327 :
617 4291 636 4324 ι
667 4272 960 4327 Avertatur
1002 4272 1157 4327 furor
1195 4281 1327 4328 tuus
1368 4279 1424 4328 et
1467 4273 1548 4328 ira
1592 4281 1688 4327 tua
1718 4289 1746 4327 a
1778 4274 1914 4329 civi-

333 4370 448 4417 tate
479 4369 573 4416 tua
604 4359 907 4417 Jerusalem
939 4369 996 4417 et
1028 4369 1214 4417 monte
1247 4370 1437 4419 sancto
1461 4371 1558 4419 tuo
1586 4362 1651 4418 “.
1686 4383 1705 4417 ι
1731 4363 1864 4420 Item
1893 4384 1906 4421 :
1940 4397 1987 4452 Β

341 4473 361 4506 ε
392 4453 631 4524 Populus
670 4462 798 4510 tuus
828 4453 1004 4510 factus
1032 4463 1117 4508 est
1150 4454 1205 4509 in
1249 4455 1604 4525 opprobrium
1650 4457 1907 4513 omnibus

333 4544 395 4600 in
421 4544 653 4600 circuitu
683 4551 875 4600 nostro
903 4545 969 4597 ⁶².
997 4563 1017 4597 ι
1042 4542 1110 4596 Et
1135 4560 1331 4601 rursus
1360 4564 1373 4600 :
1405 4563 1424 4597 ι
1448 4543 1687 4601 Ostende
1713 4545 1908 4601 faciem

332 4647 486 4693 tuam
542 4654 707 4709 super
752 4640 1129 4694 sanctuarium
1171 4649 1361 4704 tuum,
1420 4644 1567 4712 quod
1630 4641 1908 4697 desertum

332 4736 419 4786 est
449 4730 522 4782 ⁸³.
557 4748 575 4781 ι
607 4731 674 4785 Ει
704 4745 896 4784 rursus
925 4748 940 4785 :
969 4749 989 4780 ι
1024 4728 1161 4786 Vide
1200 4731 1483 4786 interitum
1523 4733 1763 4789 civitatis
1800 4741 1909 4788 tuae

334 4836 503 4892 super
546 4837 709 4892 quam
757 4822 1069 4877 invocatum
1119 4832 1205 4878 est
1255 4839 1454 4879 nomen
1484 4833 1637 4879 tuum
1672 4826 1739 4884 ⁸⁸.
1779 4846 1798 4879 ι
1831 4827 1909 4882 Ac

333 4915 636 4985 deinceps:
667 4933 686 4965 ι
721 4912 861 4979 Quia
905 4928 1107 4968 nomen
1138 4921 1291 4970 tuum
1338 4917 1651 4972 invocatum
1687 4927 1769 4974 est
1810 4935 1905 4974 su-

335 5019 434 5073 per
463 5004 740 5083 civitatem
775 5012 922 5057 tuam
945 5041 961 5067 ,
994 5011 1047 5058 et
1086 5019 1252 5075 super
1291 5006 1551 5075 populum
1588 5014 1741 5061 tuum
1779 5008 1845 5061 ³⁵.
1883 5027 1903 5061 ι

335 5096 566 5151 Talibus
609 5112 736 5151 cum
780 5104 1027 5161 orasset,
1062 5098 1315 5168 adjunxit
1344 5119 1357 5155 :
1389 5118 1408 5151 ι
1444 5100 1510 5154 Et
1558 5115 1683 5155 cum
1728 5101 1909 5156 adhuc

335 5189 591 5258 loquerer
625 5196 681 5243 et
720 5203 970 5257 orarem,
1013 5207 1143 5248 ecce
1192 5190 1410 5249 Gabriel
1457 5211 1619 5266 quem
1664 5194 1906 5250 videram

336 5281 393 5335 in
428 5280 637 5335 visione
668 5296 818 5345 mea,
850 5283 1042 5339 volans
1076 5284 1252 5355 tetigit
1284 5301 1370 5340 me
1392 5326 1409 5353 ,
1445 5295 1500 5341 et
1532 5287 1671 5342 dixit
1701 5303 1765 5341 ea
1800 5288 1911 5341 uti-

335 5382 444 5438 que
490 5384 612 5439 quae
654 5371 906 5440 superius
943 5371 1219 5444 descripta
1262 5375 1453 5431 habes.
1488 5396 1507 5429 ι
1545 5376 1713 5448 384
1740 5375 1910 5433 Plane

328 5459 504 5530 igitur
534 5461 590 5515 in
623 5461 707 5516 bis
766 5464 1028 5534 propheta
1068 5483 1180 5524 non
1223 5467 1547 5539 simpliciter
1589 5470 1902 5537 civitatem,

316 5624 323 5632 ‘
409 5617 453 5648 ‘°
493 5616 664 5673 Exod.
700 5636 882 5683 χχιιι.
915 5622 969 5680 7.

2006 1808 2163 1879 ἡμῶν
2194 1807 2334 1862 κατά
2368 1807 2571 1870 κοινοῦ,
2618 1808 2692 1871 ὡς
2724 1803 2862 1861 εἶναι
2907 1809 2967 1860 τὸ
2995 1807 3285 1880 λεγόμενον
3328 1807 3588 1871 τοιοῦτον,

2014 1919 2032 1952 ι
2056 1901 2178 1953 Ἐπὶ
2196 1900 2286 1954 τὸν
2305 1900 2432 1953 λαόν
2458 1916 2574 1965 σου,
2599 1901 2695 1954 καὶ
2722 1900 2814 1953 ἐπὶ
2841 1900 2939 1971 τὴν
2960 1900 3112 1954 πόλιν
3136 1900 3235 1972 τὴν
3253 1899 3413 1969 ἁγίαν
3439 1917 3588 1963 σου,›

2009 1990 2086 2055 ὡς
2128 1994 2177 2045 εἰ
2224 1994 2449 2061 ἔφασκε·
2512 1989 2622 2063 Τὴν
2686 1995 2769 2046 σοὶ
2829 1993 3218 2065 νενομισμένην
3283 1992 3467 2061 ἁγίαν.
3521 1990 3599 2044 Τὸ

2011 2081 2143 2152 γοῦν
2167 2083 2474 2154 Ἐϐραῖκὸν,
2498 2083 2593 2137 καὶ
2621 2084 2671 2137 οἱ
2696 2083 2872 2138 λοιποὶ
2905 2083 3207 2155 συμφώνως
3236 2084 3598 2156 ἑρμηνευταὶ,

2011 2177 2073 2229 οὐ
2111 2175 2270 2246 μόνον
2298 2175 2391 2229 ἐπὶ
2422 2175 2518 2228 τοῦ
2550 2174 2704 2240 λαοῦ,
2741 2175 2876 2229 ἀλλὰ
2905 2177 2999 2230 καὶ
3033 2177 3125 2229 ἐπὶ
3153 2176 3250 2247 τῆς
3287 2175 3495 2230 πόλεως
3534 2175 3599 2228 τὸ

2010 2264 2125 2319 σοῦ
2159 2264 2549 2336 προσκείμενον
2571 2264 2931 2337 περιέχουσιν.
2968 2265 3024 2318 '0
3055 2263 3185 2334 γοῦν
3224 2263 3452 2327 Ἀκύλας
3485 2281 3599 2334 φη-

2013 2356 2116 2408 σίν·
2152 2374 2171 2406 ι
2211 2354 2336 2408 Ἐπὶ
2365 2355 2456 2408 τὸν
2497 2354 2624 2409 λαόν
2654 2372 2769 2419 σου,
2801 2355 2896 2409 καὶ
2927 2355 3020 2407 ἐπὶ
3063 2354 3217 2408 πόλιν
3254 2352 3598 2425 ἡγιασμένην

2014 2466 2130 2501 σουο
2162 2467 2181 2500 ι
2204 2450 2232 2503 6
2258 2449 2315 2502 δὲ
2344 2447 2658 2520 Σύμμαχος·
2687 2467 2704 2499 ι
2735 2447 2897 2502 Κατά
2944 2447 3038 2501 τοῦ
3067 2446 3198 2501 λαοῦ
3227 2463 3341 2508 σου,
3368 2448 3463 2500 καλ⁵
3493 2447 3599 2518 τῆς

2014 2540 2223 2604 πόλεως
2254 2540 2354 2610 τῆς
2380 2540 2543 2608 ἁγίας
2576 2556 2690 2593 σου.
2718 2558 2737 2590 ι
2765 2538 2926 2592 Ὅθεν
2958 2539 3054 2592 καὶ
3087 2537 3237 2610 παρά
3276 2540 3390 2599 τοῖς
3432 2537 3598 2608 ἀκρι-

2013 2632 2164 2684 ϐέσιν
2202 2631 2555 2703 ἀντιγράφοις
2607 2630 2716 2684 τῶν
2756 2628 3153 2701 Ἑϐδομήκοντα
3201 2629 3263 2681 τὸ
3292 2628 3411 2683 σοῦ
3457 2627 3601 2699 μετά

2014 2723 2339 2795 ἀστερίσκου
2374 2722 2730 2794 παραθέσεως
2771 2722 3111 2794 πρόσκειται.
3162 2721 3315 2774 Ἐπεὶ
3359 2719 3470 2790 γὰρ
3505 2721 3600 2773 εὑ-

2016 2812 2243 2882 ξάμενος
2274 2810 2473 2883 Δανιὴλ
2514 2812 2571 2863 ἐν
2596 2814 2709 2874 τοῖς
2738 2810 2838 2880 τῆς
2892 2809 3100 2873 ἱκεσίας
3151 2808 3316 2862 αὐτοῦ
3360 2810 3596 2879 ῥήμασι,

2016 2902 2278 2966 πολλάκις
2302 2903 2394 2956 τὸν
2438 2901 2535 2973 μὲν
2567 2901 2715 2966 λαὸν,
2750 2902 2885 2955 Θεοῦ
2930 2901 3058 2955 λαὸν
3086 2901 3369 2971 ὠνόμασε,
3400 2900 3495 2953 τὸν
3536 2896 3601 2954 δὲ

2014 2997 2115 3067 τῆς
2149 2994 2357 3058 πόλεως
2392 2994 2576 3058 τόπον,
2616 2994 2770 3061 ἆγιον
2794 2992 2928 3046 Θεοῦ
2965 2992 3149 3055 τόπον,
3183 2990 3542 3062 ἀντιστρέψας
3569 2993 3601 3044 6

2020 3084 2395 3157 χρηματίζων,
2447 3082 2570 3137 οὔτε
2608 3084 2707 3154 τὴν
2752 3083 2905 3136 πόλιν
2952 3083 3111 3151 ἁγίαν
3136 3082 3230 3136 τοῦ
3262 3081 3433 3146 Θεοῦ,
3472 3082 3600 3135 οὔτε

2017 3177 2108 3230 τὸν
2139 3176 2266 3230 λαὸν
2295 3174 2389 3229 τοῦ
2413 3174 2547 3228 Θεοῦ
2580 3170 2719 3228 εἶναι
2745 3174 3015 3244 ὁμολογεῖ,
3043 3173 3178 3226 ἀλλὰ
3214 3190 3234 3224 ι
3264 3172 3357 3225 σοῦ
3399 3193 3417 3224 ι
3461 3190 3602 3243 φησι

2016 3268 2111 3321 τοῦ
2180 3267 2639 3339 προσευχομένου,
2710 3266 2804 3319 καὶ
2851 3265 3077 3320 τοιαῦτα
3132 3266 3261 3337 περὶ
3307 3264 3403 3318 τοῦ
3462 3264 3601 3318 λαοῦ

2019 3358 2229 3413 καὶτοῦ
2256 3358 2423 3411 τόπου
2450 3358 2544 3411 καὶ
2576 3357 2677 3427 τῆς
2700 3356 2909 3419 πόλεως
2944 3355 3246 3427 εἰρηκότος.
3280 3356 3503 3425 Ἔχουσι
3538 3355 3601 3407 δὲ

2016 3450 2110 3503 τοῦ
2159 3449 2356 3519 Δανιὴλ
2384 3450 2439 3501 αἱ
2490 3449 2665 3517 φωναὶ
2690 3446 2890 3511 οὕτως·
2918 3467 2936 3499 ι
2974 3447 3408 3518 Ἀποστραφήτω
3462 3446 3526 3517 δὴ
3572 3449 3606 3500 6

2017 3541 2187 3612 θυμός
2221 3542 2348 3607 σοῦ,
2399 3541 2493 3595 καὶ
2527 3542 2560 3610 ἡ
2613 3540 2748 3610 ὀργή
2808 3555 2900 3591 σου
2936 3538 3045 3592 ἀπὸ
3091 3538 3191 3609 τῆς
3241 3537 3450 3601 πόλεως
3501 3555 3601 3591 σου

2028 3628 2383 3701 Ἰερουσαλὴμ
2412 3628 2571 3700 ὅρους
2616 3628 2769 3696 ἁγίου
2823 3645 2952 3680 σουο
2980 3647 2998 3678 ι
3029 3628 3145 3681 καί’
3185 3646 3204 3678 ι
3245 3628 3304 3680 Ὀ
3339 3629 3469 3691 λαός
3503 3646 3601 3682 σου

2015 3719 2235 3786 ἐγένετο
2256 3719 2334 3781 εἰς
2353 3717 2656 3788 ὀνειδισμὸν
2676 3720 2733 3771 ὲν
2756 3719 2889 3771 πᾶσι
2910 3720 3022 3780 τοῖς
3043 3717 3357 3790 περικύκλῳ
3381 3719 3559 3790 ἡμῶν
3574 3740 3597 3771 ι

2017 3810 2112 3862 καὶ¹
2145 3808 2337 3863 πάλιν·
2383 3828 2403 3861 ι
2450 3809 2741 3879 Ἐπίφανον
2794 3810 2855 3863 τὸ
2907 3810 3197 3882 πρόσωπόν
3249 3827 3342 3863 σου
3392 3811 3486 3864 ἐπὶ
3534 3810 3602 3864 τὸ

2017 3899 2265 3972 ἀγίασμά
2293 3918 2386 3954 σου
2413 3900 2474 3954 τὸ
2501 3900 2707 3972 ἔρημον
2725 3919 2738 3930 ·
2778 3921 2797 3954 ι
2834 3902 2928 3954 καὶ
2955 3898 3106 3965 αὖθις
3125 3919 3138 3930 ·
3165 3921 3183 3953 ι
3211 3901 3315 3954 Ἴδε
3338 3902 3429 3955 τὸν
3454 3902 3599 3972 ἀφασ-

2017 3992 2208 4063 νισμδν
2240 3994 2341 4063 τῆς
2374 3991 2581 4053 πόλεώς
2610 4010 2726 4057 σου,
2751 3995 2835 4063 ἐφ’
2860 3990 2929 4066 ἧς
2955 3992 3311 4065 ἐπικέκληται
3336 3994 3399 4047 τὸ
3426 3994 3604 4066 ὅνομὰ

2018 4099 2113 4135 σου
2141 4086 2226 4136 ἐπ’
2258 4084 2460 4154 αὐτῆςο
2485 4102 2503 4134 ι
2543 4084 2638 4137 καὶ
2665 4083 2825 4155 ἑξῆς·
2855 4085 2976 4137 ’Ότι
3026 4085 3089 4137 τὸ
3130 4084 3303 4155 ὄνομά
3358 4102 3452 4138 σου
3496 4088 3603 4145 ἐπ-

2015 4176 2216 4248 εκλήθη
2264 4177 2356 4229 ἐπὶ
2388 4177 2486 4247 τὴν
2539 4176 2691 4230 πόλιν
2741 4193 2835 4229 σου
2879 4177 2975 4230 καὶ
3004 4176 3095 4229 ἐπὶ
3137 4176 3228 4230 τὸν
3257 4176 3385 4231 λαόν
3428 4195 3542 4231 σου.
3572 4199 3596 4231 ι

2017 4266 2253 4322 Τοιαῦτα
2279 4266 2574 4337 εὐξάμενος
2593 4266 2834 4336 ἐπιλέγει
2857 4284 2871 4296 '
2902 4288 2920 4319 ι
2939 4267 3051 4322 Καὶ
3077 4267 3156 4321 ἔτι
3184 4285 3285 4337 μου
3312 4268 3604 4334 λαλοῦντος

2017 4362 2112 4415 καὶ
2145 4359 2583 4433 προσευχομένου
2606 4400 2621 4426 ,
2660 4361 2769 4414 ίδοὺ
2817 4359 3094 4433 Γαϐριὴλ,
3134 4361 3194 4413 δν
3226 4358 3365 4414 εἶδον
3422 4364 3480 4415 ἐν
3529 4365 3599 4435 τῇ

2015 4453 2203 4524 ὁράσει
2232 4470 2357 4524 μου,
2388 4452 2703 4522 πετόμενος,
2731 4452 2826 4506 καὶ
2856 4452 3031 4524 ἣψατό
3059 4470 3185 4524 μου,
3216 4455 3310 4507 καὶ
3341 4452 3463 4507 εἷπε
3488 4475 3507 4505 ι
3531 4453 3602 4507 τά

2016 4542 2500 4615 ἀναγεγραμμένα.
2547 4542 2742 4612 Σαφῶς
2771 4537 2864 4596 οῦν
2908 4542 2996 4597 διὰ
3042 4541 3247 4596 τούτων
3272 4544 3301 4595 6
3337 4543 3437 4613 μὲν
3464 4559 3602 4615 προ-

2017 4637 2192 4707 φήτης
2220 4635 2374 4690 ’πόλιν
2394 4636 2492 4706 οὐχ
2505 4635 2711 4700 ἁπλῶς,
2738 4635 2872 4690 ἀλλά
2907 4654 2925 4687 ι
2949 4634 3044 4689 τοῦ
3076 4634 3213 4689 Θεοῦ
3237 4635 3392 4689 πόλιν
3425 4654 3446 4687 ι
3468 4635 3601 4688 ὠνό-

2019 4744 2177 4797 μασε,
2206 4726 2382 4780 καὶτὸ
2410 4727 2657 4798 ἁγίασμα
2690 4745 2709 4778 ι
2736 4726 2829 4780 τοῦ
2858 4726 2992 4780 Θεοῦ
3016 4728 3286 4798 ἁγίασμα,
3313 4746 3333 4781 ι
3365 4728 3463 4781 καὶ⁵
3510 4728 3601 4781 τὸν

2016 4818 2145 4873 λαὸν
2166 4838 2183 4870 ι
2207 4817 2301 4872 τοῦ
2324 4818 2457 4873 Θεοῦ
2476 4819 2621 4883 λαὸν,
2634 4840 2651 4871 ι
2671 4818 2978 4892 διαθέσειτῇ
2996 4819 3132 4890 πρὸς
3141 4820 3234 4873 τὸν
3244 4819 3390 4872 λαόν.
3403 4819 3599 4873 Οὐκέτι

2021 4914 2127 4985 μὴν
2152 4912 2249 4967 καὶ
2277 4914 2305 4966 ό
2337 4908 2578 4985 Γαϐριὴλ
2603 4913 2805 4985 ὁμοίως
2830 4912 2979 4984 αὐτῷ
3000 4910 3241 4965 καλείτά
3268 4909 3595 4983 δηλούμενα,

2016 5005 2253 5077 ἔμπαλιν
2286 5006 2363 5070 δὲ,
2386 5026 2404 5058 ι
2437 5007 2560 5059 Ἐπὶ
2595 5006 2686 5059 τὸν
2710 5005 2836 5061 λαόν
2870 5023 2984 5071 σου,
3006 5026 3025 5059 ι
3043 5008 3196 5078 φησὶ,
3221 5026 3241 5059 ι
3272 5008 3369 5061 καὶ
3384 5009 3477 5061 ἐπὶ
3504 5007 3599 5078 τὴν

2018 5100 2171 5153 πόλιν
2192 5100 2293 5173 τὴν
2315 5100 2475 5168 ἁγίαν
2502 5117 2617 5166 σου,
2630 5118 2649 5151 ›
2671 5099 2953 5169 μονονουχὶ
2971 5098 3063 5152 καὶ
3084 5099 3182 5168 τὴν
3198 5098 3374 5163 πόλιν,
3393 5100 3489 5152 καὶ
3507 5098 3597 5152 τὸν

2010 5191 2159 5259 λαὺν,
2177 5194 2271 5244 καὶ
2292 5191 2351 5244 τὸ
2374 5191 2622 5263 ἁγίασμα
2649 5189 2866 5254 ἀνάξιον
2884 5185 3021 5243 εἶναι
3045 5191 3143 5262 τῆς
3157 5188 3252 5242 τοῦ
3269 5189 3404 5242 Θεοῦ
3433 5205 3598 5262 προσ·
3649 5242 3658 5248 ,

2009 5284 2238 5356 ηγορίας
2283 5286 2586 5354 ἀποφήνας.
2630 5283 2893 5337 Τοσοῦτον
2920 5283 2985 5356 δὴ
3014 5279 3107 5337 οῦν
3148 5284 3341 5356 χρόνον
3366 5282 3598 5354 ὡρίσθαι

2012 5376 2154 5430 κατά
2191 5376 2286 5430 τοῦ
2319 5377 2450 5430 λαοῦ
2475 5378 2711 5450 πρῶτον,
2745 5377 2936 5431 ἔπειτα
2969 5377 3063 5430 καὶ
3096 5376 3240 5429 κατά
3263 5375 3366 5447 τῆς
3392 5375 3597 5438 πόλεως

2011 5469 2283 5537 διδάσκει,
2318 5470 2413 5525 καὶ
2453 5469 2706 5535 τοσοῦτός
2732 5487 2795 5539 γε
2833 5468 2907 5522 ὣν
2959 5468 3337 5528 ἀποδείκνυται
3372 5465 3483 5522 ἀπὸ
3500 5464 3599 5537 τῆς

1048 5623 1091 5656 ⁶¹
1133 5622 1267 5679 Dan.
1310 5641 1391 5690 Ix,
1430 5625 1512 5679 16.
1592 5627 1634 5657 ⁶²
1676 5625 1807 5682 ibid.
1885 5626 1905 5656 ⁶

2012 5624 2098 5679 iid.
2140 5625 2221 5680 Π.
2301 5626 2345 5659 ⁸⁸
2386 5626 2516 5682 ibid.
2562 5627 2643 5681 l8.
2722 5626 2766 5658 ⁵³
2808 5624 2941 5681 ibid.
2976 5624 3061 5679 19.
