3836 6220
170 290 276 347 601

1044 286 1699 346 DEMONSTRATIONIS
1737 285 2200 344 EVANGELICIE
2241 287 2370 344 LIB.
2411 286 2545 342 VIII.

3326 287 3431 344 602

169 406 532 470 ἀνανεώσεως
560 406 659 477 τῆς
695 404 1064 478 Ἰερουσαλὴμ,
1086 405 1115 458 δ
1139 405 1359 475 γέγονεν
1391 408 1484 459 ἐπὶ
1530 404 1755 475 Δαρείου

1860 402 1955 458 sed
1986 420 2005 453 ι
2038 402 2132 458 Dei
2166 404 2447 460 civitatem
2470 445 2484 467 ,
2517 424 2536 457 ι
2571 404 2904 468 nominavit,
2934 411 2987 460 et
3018 406 3389 461 sanctuarium
3411 448 3429 475 ,

168 501 272 556 ⁸ιποῦ
328 498 554 570 Περσῶν
591 497 889 568 βασιλέως,
921 496 1083 569 μέχρι
1122 498 1221 569 τῆς
1267 497 1577 566 Αὐγούστου
1629 497 1756 548 Ῥω-

173 593 358 665 μαίων
390 592 838 662 ἐπικρατήσεως,
889 589 1128 661 Ἡρώδου
1172 608 1233 643 τε
1284 590 1552 644 Ἰουδαίων
1605 589 1757 660 βασι-

168 685 339 749 λέως,
371 682 672 753 ἀλλοφύλου
705 683 766 736 τὸ
790 682 967 751 γένος,
1001 683 1122 736 καθ’
1150 681 1243 746 οὓς
1272 681 1342 736 τά
1370 683 1470 753 τῆς
1493 682 1759 751 γενέσεως

171 778 475 847 ἱστορεῖται
517 776 612 828 τοῦ
656 774 907 845 Σωτῆρος
933 777 966 846 ή
978 773 1091 844 μῶν
1114 815 1128 839 ,
1179 774 1255 837 ὡς
1299 774 1328 826 ὁ
1356 773 1512 841 λόγος
1554 770 1758 843 προῖὼν

170 867 455 931 ἐπιδείξει.
502 866 660 938 Ἑξῆς
704 867 761 919 δὲ
813 866 1088 935 ἐπιλέγειο
1142 886 1161 918 ι
1202 865 1311 918 Τοῦ
1348 862 1759 934 συντελεσθῆναι

168 960 493 1031 ἁμαρτίαν,
540 959 635 1012 καὶ
679 958 774 1012 τοῦ
826 959 1122 1031 σφραγίσαι
1171 957 1472 1030 ἁμαρτίαν,
1503 958 1596 1011 καὶ
1647 958 1756 1011 ἁπ-

168 1050 397 1119 αλεῖψαι
443 1051 703 1119 ἀνομίας,
743 1050 841 1103 καὶ
867 1050 960 1103 τοῦ
984 1050 1332 1114 ἐξιλάσασθαι
1383 1050 1615 1114 ἀδικίας,
1664 1050 1759 1102 καὶ

170 1142 409 1209 ἀγαγεῖν
450 1140 798 1211 δικαιοσύνην
853 1140 1071 1194 αἰώνιον
1093 1180 1109 1205 ,
1160 1143 1256 1195 καὶ
1308 1140 1401 1193 τοῦ
1463 1140 1759 1210 σφραγίσαι

169 1230 392 1300 ὅρασιν,
423 1230 518 1283 καὶ
548 1231 858 1301 προφήτην,
893 1231 987 1283 καὶ
1017 1229 1111 1284 τοῦ
1136 1233 1317 1301 χρῖσαι
1342 1230 1496 1299 ἆγιον
1517 1231 1707 1299 ἁγίων.
1735 1250 1753 1281 ι

184 1322 338 1374 ’Δντὶ
375 1321 472 1392 μὲν
503 1317 595 1374 οὖν
624 1341 642 1373 ι
667 1321 760 1374 τοῦ
788 1321 1203 1392 συντελεσθῆναι
1230 1322 1524 1394 ἁμαρτίαν,
1555 1324 1647 1378 καὶ
1664 1322 1757 1376 τοῦ

171 1413 479 1484 σφραγίσαι
511 1413 815 1484 ἁμαρτίαν,
854 1433 873 1465 ι
909 1414 938 1466 ὁ
976 1413 1203 1477 Ἀκύλας
1249 1415 1548 1486 πεποίηκε,
1601 1434 1617 1466 ι
1650 1413 1755 1467 Τοῦ

168 1506 492 1559 συντελέσαι
535 1504 634 1575 τὴν
685 1503 938 1571 ἀθεσίαν,
986 1504 1205 1558 καὶτοῦ
1250 1505 1533 1559 τελειῶσαι
1582 1507 1760 1577 ἀμαρ-

162 1599 314 1651 τίαν,
342 1616 359 1649 ι
390 1598 463 1650 Τὸ
486 1596 615 1669 γὰρ,
643 1615 663 1648 ι
686 1594 1019 1667 Πληρώσατε
1045 1598 1105 1650 τὸ
1143 1598 1338 1667 μέτρον
1365 1597 1472 1650 τῶν
1507 1598 1758 1667 πατέρων

166 1691 354 1762 ὑμῶν,
387 1710 407 1741 ι
437 1691 726 1762 εἰρημένον
754 1692 859 1744 ὑπὸ
883 1690 979 1743 τοῦ
1008 1690 1255 1761 Σωτῆρος
1282 1688 1437 1759 ἡμῶν
1464 1688 1600 1761 πρὸς
1632 1690 1758 1752 τοὺς

164 1785 238 1835 ἐκ
272 1782 612 1854 περιτομῆς,
661 1782 755 1835 καὶ
800 1780 889 1834 διά
926 1781 1128 1834 τούτων
1173 1776 1326 1851 οἶμαι
1365 1779 1749 1851 παρίστασθαι.

179 1874 311 1926 Ἐπὶ
337 1873 447 1944 γὰρ
476 1874 576 1943 τῆς
606 1874 728 1926 κατ’
762 1872 926 1925 αὑτοῦ
952 1872 1316 1943 τολμηθείοης
1354 1872 1448 1925 τοῦ
1487 1873 1756 1937 Ἰουδαίων

162 1964 362 2030 ἔθνους
380 1967 674 2039 ἐπιϐουλῆς
703 1968 1055 2039 συνετελέσθη
1088 1969 1267 2022 αὐτῶν
1306 1970 1339 2040 ἡ
1369 1969 1633 2041 ἁμαρτία,
1664 1968 1758 2022 καὶ

161 2059 201 2130 ἡ
236 2060 381 2130 πρὸς
406 2060 497 2113 τὸν
541 2060 709 2124 Θεὸν,
738 2060 881 2114 κατὰ
924 2062 1017 2114 τὸν
1054 2061 1319 2125 Ἀκύλαν,
1371 2061 1566 2116 ἀθεσία
1608 2061 1760 2125 τέλος

158 2153 386 2224 εἴληφε.
442 2153 617 2207 Πάλαι
663 2154 762 2225 μὲν
810 2154 920 2225 γὰρ
964 2154 1227 2226 πρότερον
1267 2154 1459 2225 ἔφερεν
1495 2155 1693 2217 αὐτοὺς
1721 2155 1755 2223 ή

159 2246 266 2299 τοῦ
286 2246 426 2299 Θεοῦ
455 2247 827 2319 μακροθυμία,
857 2248 1026 2319 μυρία
1051 2249 1152 2302 ὅσα
1178 2248 1629 2320 πλημμελοῦντας
1654 2251 1758 2318 πρὸ

158 2343 272 2412 τῆς
299 2339 397 2393 τοῦ
428 2341 682 2413 Σωτῆρος
705 2343 737 2411 ή
747 2340 861 2411 μῶν
886 2340 1207 2412 παρουσίας,
1229 2340 1514 2413 ὡσπεροῦν
1536 2341 1625 2396 διὰ
1648 2342 1756 2395 τῶν

160 2433 531 2504 προφητικῶν
559 2433 940 2487 ἀποδείκνυται
971 2434 1173 2503 λόγων·
1227 2434 1366 2505 πλὴν
1412 2435 1526 2488 ἀλλ’
1568 2435 1757 2507 ὥσπερ

162 2527 265 2579 ἐπὶ
295 2526 405 2580 τῶν
449 2526 618 2579 πάλαι
664 2526 762 2596 τὴν
804 2527 905 2595 γῆν
949 2525 1051 2595 τῆς
1087 2526 1419 2595 ἐπαγγελίας
1469 2525 1756 2579 οἰκούντων

158 2617 488 2688 ἀλλοφύλων
521 2617 707 2689 εἴρητο
730 2616 807 2687 τῷ
847 2617 1100 2689 Ἀϐραάμ
1129 2633 1142 2646 ³
1175 2638 1193 2669 ι
1229 2616 1395 2671 Οὔπω
1421 2617 1530 2690 γὰρ
1556 2618 1758 2671 ἀναπε-

162 2709 490 2780 πλήρωνται
520 2711 576 2761 αἱ
616 2709 882 2780 ἁμαρτίαι
926 2708 1035 2762 τῶν
1075 2710 1416 2780 Ἀμορραίων
1437 2727 1450 2740 ·
1485 2730 1503 2761 ›
1532 2712 1627 2763 καὶ
1653 2709 1757 2774 ἕως

165 2800 403 2871 μηδέπω
426 2796 566 2872 ἦσαν
617 2800 1148 2873 ἐκπεπληρωμέναι,
1187 2803 1288 2856 οὐκ
1335 2802 1625 2872 ήλαύνοντό
1670 2821 1758 2857 πω

157 2892 216 2944 οἱ
253 2892 575 2962 ’Δμορῤαἰοι
628 2896 728 2963 τῆς
762 2894 1020 2964 πατρῴας
1055 2895 1178 2963 γῆς.
1232 2894 1386 2946 Ἐπεὶ
1418 2893 1475 2945 δὲ
1509 2892 1758 2964 ἐπληρώ-

160 2981 350 3051 θησαν
400 2984 458 3035 αἰ
519 2983 789 3055 ἁμαρτίαι
824 2981 1022 3047 αὐτῶν,
1078 2982 1378 3049 τηνικαῦτα
1428 2982 1630 3046 πάντες
1673 2982 1758 3050 ἐξ-

1865 516 1884 546 (
1917 496 2010 551 Dei
2036 499 2408 553 sauctuarium
2430 539 2444 563 ,
2467 518 2486 551 ι
2505 509 2559 553 et
2584 499 2839 570 populum
2864 539 2879 563 ,
2912 518 2930 549 ι
2962 497 3057 552 Dei
3087 500 3344 569 populum
3365 541 3378 564 ,
3406 520 3424 552 ι

1860 588 1937 640 ita
1967 588 2221 643 videlicet
2251 590 2435 643 animo
2477 604 2608 659 erga
2653 590 2805 643 illum
2856 590 3114 660 populum
3160 590 3429 647 allectus:

1861 691 1914 732 at
1948 694 2077 734 vero
2107 678 2325 735 Gabriel
2356 696 2468 735 non
2506 680 2635 735 item
2671 688 2730 734 ut
2761 681 2880 749 ipse
2904 721 2918 745 ,
2957 696 3020 735 ea
3051 698 3173 752 quas
3201 679 3314 752 jam
3346 683 3433 737 di-

1858 780 1944 824 cta
1978 779 2107 825 sunt
2133 781 2323 835 vocat,
2354 771 2450 827 sed
2479 787 2545 827 ex
2576 775 2887 836 contrario,
2918 792 2936 825 ι
2968 771 3145 844 Super
3171 776 3430 844 populum

1860 873 2011 919 tuum
2034 906 2047 927 ,
2082 867 2293 935 inquit,
2326 874 2380 920 et
2411 882 2577 935 super
2610 866 2887 920 civitatem
2921 875 3165 921 sanctam
3199 874 3381 934 tuam,
3407 888 3427 922 ι

1861 959 1952 1012 ubi
1984 957 2376 1028 propemodum
2409 968 2461 1012 et
2486 958 2763 1012 civitatem
2785 1000 2801 1025 ,
2831 969 2879 1013 et
2907 960 3165 1030 populum
3188 1003 3202 1026 ,
3226 970 3279 1015 et
3304 976 3434 1015 san-

1860 1052 2131 1105 ctuarium
2165 1050 2257 1105 illa
2280 1049 2373 1104 Dei
2398 1051 2764 1120 appellatione
2797 1052 3021 1121 indigna
3053 1067 3176 1107 esse
3205 1053 3432 1107 demon-

1860 1151 2018 1198 strat.
2044 1141 2276 1196 Tantum
2303 1142 2470 1212 igitur
2491 1142 2753 1212 temporis
2774 1144 3006 1212 spatium
3034 1143 3266 1211 primum
3298 1159 3433 1196 con-

1860 1240 1944 1285 tra
1984 1233 2277 1302 populum,
2316 1232 2514 1287 deinde
2548 1241 2740 1286 contra
2779 1234 3053 1288 civitatem
3100 1234 3430 1302 praeﬁnitum

1860 1338 1983 1379 esse
2011 1324 2171 1378 docet
2200 1343 2212 1379 :
2245 1332 2299 1379 et
2329 1323 2474 1394 quod
2511 1330 2724 1377 tantum
2760 1324 2859 1386 sit,
2894 1324 3134 1378 ostendit
3164 1340 3229 1379 cx
3263 1340 3427 1378 reno-

1862 1417 2078 1471 vatione
2125 1415 2449 1470 Jeru§alem.
2508 1415 2568 1469 Id
2620 1431 2784 1484 porro
2838 1416 3153 1469 continetur
3193 1430 3222 1468 a
3266 1415 3430 1470 Dario

1860 1506 2151 1562 Persarum
2197 1522 2326 1576 rcge
2373 1522 2547 1577 usque
2595 1506 2662 1559 ad
2707 1506 2937 1576 Augusti
2989 1507 3326 1561 dominatum
3373 1506 3431 1563 in

1861 1597 2159 1663 Romanos,
2185 1607 2239 1654 et
2263 1597 2529 1653 llerudem
2555 1597 2867 1652 Judmorum
2895 1614 3110 1667 regem,
3134 1599 3225 1668 qui
3253 1599 3434 1653 alieno

1860 1707 2060 1763 genere
2101 1699 2263 1746 natus
2297 1702 2413 1755 est,
2447 1706 2682 1761 quorum
2718 1691 3059 1761 temporibus
3101 1707 3164 1746 ea
3212 1708 3333 1762 qua:
3363 1691 3433 1746 ad

1858 1794 2038 1840 ortum
2058 1785 2356 1840 Salvatoris
2370 1785 2542 1839 nostri
2559 1785 2848 1854 pertinent,
2872 1791 3218 1848 enarrantur,
3244 1800 3437 1853 quem-

1858 1879 2150 1933 admodum
2184 1877 2400 1948 longius
2456 1891 2743 1946 progressa
2792 1875 2965 1928 oratio
3012 1874 3430 1932 demonstrabit.

1859 1968 2063 2024 Ordine
2095 1967 2354 2037 deinceps
2403 1967 2654 2037 sequitur
2682 1984 2696 2020 :
2728 1984 2745 2014 ι
2765 1962 2835 2019 Ut
2866 1973 3278 2020 consunnnetur
3308 1979 3435 2034 pec-

1859 2070 2077 2125 catum,
2109 2069 2165 2115 et
2203 2059 2357 2129 quasi
2401 2058 2606 2111 annqu
2652 2057 2941 2125 signentur
2972 2065 3193 2124 peccata
3214 2096 3228 2119 ,
3258 2064 3312 2110 et
3342 2055 3437 2109 de-

1858 2155 2076 2211 leantur
2115 2152 2467 2221 iniquitates,
2504 2157 2559 2204 et
2587 2149 2880 2217 expientur
2916 2147 3232 2216 injustitite,
3266 2154 3320 2201 et
3350 2147 3436 2199 iu-

1859 2248 2094 2303 ducatur
2113 2244 2328 2316 justitia
2350 2242 2705 2311 sempiterna,
2725 2249 2778 2294 et
2800 2239 2957 2310 quasi
2981 2238 3136 2309 signo
3164 2239 3434 2307 impresso

1860 2318 2153 2394 claudatur
2182 2337 2321 2391 visio
2352 2343 2406 2391 et
2449 2333 2771 2406 prophetia,
2817 2340 2872 2386 et
2914 2340 3153 2403 ungatur
3198 2328 3437 2385 Sanctus

1860 2440 2198 2488 sanctorum.
2226 2448 2245 2481 ι
2275 2427 2382 2481 Pro
2412 2442 2477 2482 eo
2508 2433 2688 2479 autem
2718 2422 2863 2494 quod
2893 2430 2979 2480 est
2998 2463 3013 2485 ,
3044 2441 3061 2472 ι
3087 2421 3157 2476 Ut
3185 2437 3435 2477 consum-

1861 2533 2038 2580 metur
2064 2529 2381 2594 peccatum,
2425 2526 2482 2574 et
2527 2517 2686 2588 quasi
2733 2516 2941 2570 annulo
2982 2515 3267 2586 signentur
3307 2529 3435 2584 pcc-

1859 2628 2001 2683 cata,
2034 2638 2052 2669 ›
2082 2616 2276 2687 Aquila
2307 2614 2505 2674 vertit,
2537 2631 2557 2663 ι
2591 2612 2672 2665 Ad
2702 2609 3191 2665 consummandam
3226 2623 3438 2678 prreva~

1860 2711 2212 2772 ricationem,
2245 2715 2299 2761 et
2340 2707 2500 2761 linem
2544 2700 2937 2774 imponendum
2969 2706 3213 2769 peccato.
3247 2717 3266 2751 ι
3298 2698 3435 2752 Illud

1859 2804 2027 2867 enim,
2078 2820 2097 2852 ι
2127 2800 2355 2870 lmplete
2382 2811 2696 2853 mensuram
2728 2803 2943 2866 patrum
2971 2801 3279 2848 vestrorum
3311 2791 3378 2855 “,
3410 2810 3430 2843 ›

1848 2894 2004 2965 quod
2046 2912 2077 2947 a
2118 2891 2402 2946 Salvatore
2439 2897 2631 2943 nostro
2671 2887 2741 2940 ad
2784 2885 3003 2941 Iudaeos
3055 2883 3262 2937 dictum
3305 2890 3391 2938 est
3416 2921 3433 2946 ,

1860 2989 2023 3043 etiam
2058 2988 2113 3041 in
2146 2987 2231 3041 his
2258 2984 2497 3038 arbitror
2527 2981 2797 3036 contineri
2829 2994 2894 3034 ac
2926 2976 3223 3049 signiﬁcari
3253 2995 3266 3030 :
3299 2991 3427 3029 nam

159 3073 583 3145 ωλοθρεύθησαν
615 3076 707 3128 ἐπὶ
737 3074 846 3129 τῶν
889 3074 1060 3147 Ἰησοῦ
1103 3074 1196 3127 τοῦ
1238 3074 1482 3140 Μωσέως
1513 3075 1755 3146 διαδόχου

1863 3084 1991 3137 dum
2032 3080 2265 3136 insidias
2300 3079 2376 3133 illi
2407 3075 2638 3131 Judaica
2669 3090 2805 3147 gens
2838 3073 3064 3128 molitur
3093 3079 3146 3126 et
3176 3069 3433 3132 conﬁcit,

158 3165 381 3238 χρόνων
404 3181 418 3195 ⁸
452 3165 595 3219 οὕτω
622 3168 717 3220 καὶ
761 3168 855 3220 ἐπὶ
888 3166 984 3220 τοῦ
1032 3167 1298 3238 προτέρου
1347 3168 1563 3238 νοήσεις
1602 3166 1752 3220 λαοῦ.

162 3259 320 3321 Ἕως
345 3258 443 3328 μὲν
471 3257 582 3329 γὰρ
612 3258 712 3311 ούκ
742 3258 1078 3331 ἐπληροῦντο
1107 3258 1285 3311 αὐτῶν
1311 3262 1366 3313 αί
1393 3260 1681 3331 ἁμαρτίαι,
1721 3262 1753 3330 ἡ

158 3349 263 3403 τοῦ
290 3348 431 3402 Θεοῦ
464 3351 631 3421 ἁνοχὴ
659 3351 755 3403 καὶ
797 3350 1148 3422 μακροθυμία
1190 3350 1383 3422 ἔφερεν
1423 3354 1641 3418 αὐτοὺς,
1677 3353 1758 3416 είς

161 3438 508 3510 ἐπιστροφὴν
535 3440 793 3492 ἑκάστοτε
814 3439 1270 3511 προσκαλουμένη
1306 3438 1392 3493 διά
1415 3440 1521 3493 τῶν
1548 3457 1759 3511 προφη-

157 3530 298 3587 τῶν.
318 3530 471 3583 Ἐπεὶ
496 3530 552 3583 δὲ
572 3529 713 3583 κατὰ
732 3530 831 3601 τὴν
853 3529 1123 3602 σωτηρίαν
1150 3530 1333 3599 φωνὴν
1356 3531 1678 3602 ἐπλήρωσαν
1697 3530 1758 3584 τὸ

164 3621 373 3694 μέτρον
419 3622 527 3675 τῶν
560 3622 811 3692 πατέρων
854 3621 1053 3686 αὐτῶν,
1089 3622 1232 3674 οὕτω
1257 3621 1301 3673 δ’
1327 3622 1392 3675 ἂν
1415 3622 1592 3675 πάντα
1630 3639 1754 3675 συν-

160 3713 409 3784 αχθέντα
438 3713 579 3767 κατά
604 3714 667 3767 τὸ
695 3715 826 3767 αὐτὸ
857 3714 947 3767 τὸν
992 3713 1217 3783 ἔσχατον
1245 3715 1429 3778 αὐτοῖς
1467 3716 1759 3786 κατειργά-

165 3824 303 3861 σατο
329 3806 569 3878 ὄλεθρον,
603 3805 886 3878 ὡσπεροῦν
920 3805 1081 3859 πάλιν
1109 3807 1270 3870 αὐτὸς
1304 3806 1333 3858 ὁ
1364 3806 1568 3879 Κύριος
1602 3807 1757 3877 ήμῶν

166 3901 414 3954 διδάσκει
444 3899 645 3967 λέγων’
684 3919 701 3950 ι
735 3900 849 3952 Πᾶν
888 3894 1027 3969 αἷμα
1058 3897 1285 3969 ἐκχυθὲν
1318 3898 1424 3951 ἀπὸ
1454 3899 1758 3971 καταϐολῆς

169 3993 404 4064 κόσμου,
436 3992 544 4045 ἀπὸ
570 3992 801 4063 αἵματος
828 3990 996 4044 Ἀϐελ
1031 3990 1127 4043 τοῦ
1155 3989 1362 4044 δικαίου
1393 3990 1499 4056 ἕως
1530 3992 1757 4062 αἵματος

166 4083 463 4153 Ζαχαρίου,
495 4082 647 4151 ἥξειν
697 4081 791 4133 ἐπὶ
838 4080 937 4151 τὴν
987 4079 1178 4149 γενεὰν
1209 4080 1429 4151 ταύτην.
1464 4099 1483 4132 ι
1521 4082 1595 4133 Τὸ
1626 4081 1757 4150 γοῦν

166 4175 399 4244 ἔσχατον
446 4173 700 4227 ἁπάντων
736 4172 836 4236 τὰς
874 4174 1060 4243 χεῖρας
1093 4171 1368 4226 ἐπιϐαλεῖν
1408 4173 1487 4244 τῷ
1517 4173 1632 4245 Υίῷ
1664 4174 1757 4228 τοῦ

166 4267 305 4321 Θεοῦ
356 4265 745 4337 τολμήσαντες,
780 4263 1033 4317 ἐτέλεσαν
1082 4264 1181 4336 τὴν
1232 4264 1476 4332 ἀθεσίαν,
1507 4266 1601 4320 καὶ¹
1648 4270 1758 4320 ἐτε-

164 4359 404 4412 λείωσαν
431 4357 526 4429 τὴν
560 4357 766 4410 ἑαυτῶν
792 4356 1083 4428 ἁμαρτίαν,
1109 4356 1250 4410 κατὰ
1277 4358 1375 4428 τὴν
1409 4357 1633 4413 Ἀκύλου
1668 4361 1758 4431 ἐρ-

1861 3183 2143 3245 peccatum
2200 3186 2362 3226 suum
2431 3167 2879 3224 consummavit:
2932 3173 2987 3218 ct
3038 3162 3322 3232 ejusdem,
3375 3167 3436 3213 ut

1857 3266 2054 3335 Aquila
2092 3266 2290 3329 vertit,
2331 3261 2601 3316 adversus
2641 3258 2810 3313 Deum
2851 3255 3232 3327 prmvaricatio
3273 3252 3432 3307 linem

1859 3355 2092 3425 accepit.
2116 3350 2458 3422 Jampridcm
2487 3350 2631 3404 enim
2664 3350 2788 3403 illos
2829 3346 3081 3416 quamvis
3124 3343 3437 3397 innumera-

1858 3447 1991 3501 bilia
2047 3452 2273 3515 peccata
2320 3449 2703 3513 perpetrantes
2745 3445 2873 3493 ante
2908 3435 3215 3490 Salvatoris
3258 3436 3434 3489 nostri

1859 3540 2149 3594 adventum
2173 3576 2188 3601 ,
2225 3535 2320 3591 Dei
2351 3543 2532 3589 tamen
2566 3533 2858 3588 clementia
2890 3528 3139 3591 ferebat,
3173 3525 3435 3597 quemad-

1857 3631 2080 3686 modum
2130 3627 2387 3682 videlicet
2437 3625 2757 3697 prophetica
2814 3622 2936 3691 ipsa
2985 3620 3152 3674 verba
3204 3618 3433 3673 demou-

1858 3732 2035 3782 strant
2070 3744 2083 3778 :
2135 3732 2510 3778 verumtamen
2561 3718 2705 3774 sicut
2756 3715 2825 3770 de
2870 3715 2979 3769 illis
3007 3714 3102 3782 qui
3133 3727 3331 3781 genere
3362 3712 3431 3765 ab

1858 3817 2103 3873 Hebraeis
2147 3813 2496 3872 dill‘erentes,
2561 3817 2763 3863 terram
2805 3804 3188 3875 promissionis
3230 3802 3435 3856 incole-

1856 3910 1989 3965 bant
2011 3906 2079 3960 ad
2109 3904 2379 3959 Abraham
2410 3901 2613 3955 dictum
2630 3905 2714 3951 est
2741 3914 2754 3949 :
2784 3915 2801 3946 ι
2831 3892 3255 3949 Νοιιᾱιιιιινθιιίιιι
3278 3905 3432 3945 com-

1856 4002 2003 4072 pleta
2057 4005 2184 4053 sunt
2218 4001 2442 4067 peccata
2496 3989 2980 4045 Amorrhaeorum:
3022 4006 3039 4034 ι
3072 3993 3125 4040 et
3175 3983 3434 4054 quamdiu

1858 4092 2129 4161 completa
2170 4104 2278 4143 non
2330 4086 2513 4150 fuere,
2542 4082 2611 4138 de
2648 4089 2793 4136 terra
2835 4082 3079 4150 ipsorum
3125 4076 3298 4147 patria
3337 4091 3435 4130 ex-

1856 4183 1997 4255 pulsi
2028 4198 2134 4235 non
2160 4187 2307 4235 sunt.
2334 4177 2437 4232 Ubi
2467 4184 2645 4229 autem
2675 4172 2942 4241 completa
2969 4177 3097 4224 sunt
3118 4209 3132 4232 ,
3160 4176 3275 4222 tum
3304 4182 3434 4221 vero

1857 4292 2048 4332 omnes
2089 4275 2142 4328 in
2190 4272 2470 4326 interitum
2517 4268 2857 4326 inciderunt,
2899 4278 3021 4333 qua:
3074 4276 3206 4316 sane
3250 4260 3434 4315 clades

1860 4372 1982 4425 illos
2018 4367 2230 4435 excepit
2262 4363 2597 4432 temporibus
2648 4360 2794 4413 illius
2842 4356 2968 4411 Jesu
3009 4356 3101 4425 qui
3136 4353 3271 4408 Mosi
3306 4368 3433 4407 suc-

170 4450 401 4521 μηνείαν
423 4467 436 4479 ·
487 4449 628 4503 κατά
674 4449 731 4502 δὲ
781 4451 908 4512 τοὺς
943 4450 1358 4521 Ἐϐδομήκοντα,
1390 4450 1544 4521 ἐδέθη
1577 4452 1757 4506 αὐτῶν

1864 4463 2074 4518 cessit:
2108 4461 2183 4514 ita
2219 4458 2387 4511 etiam
2430 4457 2497 4509 de
2539 4454 2724 4523 priore
2761 4451 2858 4504 tibi
2901 4447 3313 4519 intelligendum
3347 4454 3434 4502 est

168 4543 267 4597 καὶ
296 4541 636 4614 ἐσφραγίσθη
670 4542 1168 4614 ήάμαρτία.Ἀλλά
1208 4543 1331 4596 ἐπεὶ
1362 4543 1434 4614 μὴ
1467 4544 1625 4614 μόνον
1674 4547 1754 4609 εἰς

168 4635 404 4699 πτῶσιν,
434 4634 571 4688 ἁλλά
597 4636 693 4688 καὶ
725 4637 804 4699 είς
838 4636 1132 4689 ἀνάστασιν
1164 4634 1372 4689 πολλῶν
1406 4635 1660 4707 ἐλήλυθεν
1695 4638 1753 4690 ὲν

167 4725 248 4796 τῷ
283 4726 520 4798 Ἰσραὴλ,
548 4725 690 4781 καθὰ
717 4744 846 4798 φησι
873 4729 1002 4799 περὶ
1039 4725 1226 4791 αὐτοῦ,
1263 4746 1281 4778 ι
1305 4727 1435 4781 Ἰδοὺ
1461 4720 1615 4792 οὗτος
1641 4732 1751 4782 κεῖ-

167 4834 257 4870 ται
281 4819 364 4881 εἰς
387 4818 593 4871 πτῶσιν
618 4818 713 4871 καὶ
733 4820 1026 4872 ἀνάστασιν
1053 4819 1262 4872 πολλῶν
1291 4821 1349 4873 ἐν
1370 4819 1446 4890 τῷ
1475 4822 1709 4894 Ἰσραὴλ,
1726 4842 1744 4875 ι

170 4910 397 4973 εἰκότως
443 4913 556 4974 τοῖς
601 4911 911 4984 εἰρημένοις
944 4911 1072 4981 ἑξῆς
1115 4911 1356 4979 ἐπιλέγει
1384 4914 1412 4965 ὁ
1436 4912 1631 4984 Δανιὴλ
1670 4915 1751 4967 τό·

174 5021 192 5050 ι
223 5002 337 5054 Καὶ
372 5000 466 5053 τοῦ
496 5001 789 5070 ἀπαλεῖψαι
828 5002 1121 5074 ἁμαρτίας,
1153 5003 1246 5056 καὶ
1278 5001 1374 5055 τοῦ
1404 5002 1755 5067 ἐξιλάσασθαι

165 5092 403 5155 ἀδικίας.
436 5111 455 5143 ›
500 5092 598 5146 Διά
640 5094 748 5164 γὰρ
782 5093 842 5146 τὸ
874 5093 1133 5147 ἀδύνατον
1174 5090 1313 5148 εἶναι
1354 5091 1492 5167 αἷμα
1536 5095 1754 5168 ταύρων

165 5185 262 5238 καὶ
285 5186 506 5257 τράγων
526 5186 778 5257 ἀφαιρεῖν
806 5186 1101 5257 ἁμαρτίας,
1125 5187 1330 5242 δεῖσθαι
1355 5190 1410 5242 δὲ
1440 5192 1547 5244 πᾶν
1568 5190 1626 5243 τὸ
1646 5191 1752 5245 τῶν

164 5275 472 5348 ἀνθρώπων
503 5279 657 5346 γένος
692 5278 920 5349 ἱλασμοῦ
978 5279 1179 5343 ζῶντος
1225 5282 1317 5335 καὶ
1359 5283 1614 5355 ἀληθινοῦ
1650 5279 1751 5354 (οὗ

163 5370 337 5424 τύπον
363 5369 521 5442 ἔφερε
547 5372 609 5424 τὸ
642 5373 789 5443 παρά
821 5374 1009 5425 Μωσεῖ
1034 5376 1478 5429 κατασκευασθὲν
1531 5377 1751 5449 ἱλαστή-

167 5462 327 5534 ριον),
346 5457 500 5526 οὗτος
524 5462 579 5516 δὲ
592 5459 661 5535 ἦν
680 5465 711 5516 ὀ
731 5464 921 5536 Σωτὴρ
948 5466 1039 5518 καὶ
1066 5466 1269 5537 Κύριος
1297 5467 1472 5538 ἡμῶν,
1498 5470 1526 5521 ὁ
1559 5471 1754 5540 ’Λμνὸς

163 5554 256 5609 τοῦ
288 5553 449 5619 Θεοῦ,
478 5557 604 5627 περὶ
646 5551 707 5611 οὗ
752 5556 964 5627 εἴρηται
986 5573 999 5586 ’
1037 5574 1055 5607 ι
1078 5557 1177 5609 Ίδὲ
1211 5557 1405 5629 Ἀμνὸς
1436 5559 1529 5614 τοῦ
1563 5560 1697 5614 Θεοῦ
1726 5565 1755 5616 ὁ

236 5736 282 5766 ⁶⁶
323 5732 509 5786 Matth.
551 5748 715 5795 mu,
750 5733 835 5786 '52.
918 5736 959 5775 ‘7
1003 5733 1130 5789 ibid.

1862 4556 2103 4627 pepulo:
2139 4550 2404 4623 quamdiu
2453 4549 2597 4603 enim
2646 4548 2862 4600 illorum
2903 4550 3127 4614 peccata
3163 4543 3432 4612 completa

1860 4663 1969 4701 non
2006 4655 2132 4699 sunt
2156 4684 2170 4705 ,
2207 4641 2300 4696 Dei
2332 4640 2455 4693 illos
2486 4636 2743 4707 patientia
2770 4641 2823 4687 et
2854 4632 3159 4702 benignitas
3189 4628 3346 4691 tulit,
3377 4635 3432 4681 et

1856 4755 1952 4809 per
1992 4736 2289 4807 prophetas
2329 4731 2572 4799 undique
2610 4727 2677 4781 ad
2707 4725 3121 4780 conversionem
3163 4721 3429 4775 invitavit.

1855 4827 2018 4899 385
2051 4825 2347 4895 Postquam
2379 4827 2588 4883 autem,
2623 4824 2680 4871 ut
2714 4815 2962 4870 Salvator
2990 4813 3055 4867 ad
3086 4814 3237 4882 ipsos
3270 4811 3428 4872 dixit,

1858 4920 2222 4989 impleverunt
2253 4927 2570 4969 mensuram
2611 4917 2826 4980 patrum
2857 4921 3116 4968 suorum,
3154 4911 3268 4956 tum
3303 4915 3432 4954 vero

1858 5013 1914 5066 in
1965 5010 2216 5065 eumdem
2262 5009 2444 5061 locum
2489 5012 2678 5059 coacta
2737 4999 2943 5066 omnia,
2973 5004 3277 5052 extremum
3322 4991 3431 5046 illis

1856 5107 2269 5159 maturaverunt
2307 5099 2612 5157 interitum,
2645 5109 2776 5150 sane
2814 5086 3270 5161 quemadmodum
3302 5084 3429 5138 item

1855 5193 2118 5247 Dominus
2150 5197 2335 5243 noster
2366 5201 2467 5241 nos
2498 5184 2675 5245 docet,
2710 5181 2799 5235 ubi
2836 5180 2910 5233 ait
2945 5197 2959 5232 :
2992 5194 3011 5228 ι
3038 5173 3265 5231 Omnem
3300 5184 3428 5225 sane

1854 5286 2072 5358 guinem
2101 5282 2334 5338 ell‘usum
2376 5294 2406 5332 a
2434 5275 2827 5332 constitutione
2858 5269 3069 5331 mundi,
3104 5281 3137 5319 a
3163 5262 3429 5333 sanguine

1856 5377 1991 5432 Abel
2033 5375 2171 5445 justi
2218 5387 2395 5443 usque
2443 5368 2509 5422 ad
2555 5366 2873 5437 sanguinem
2913 5358 3432 5420 Zacharia,~ventu-

1858 5483 1979 5523 rum
2029 5481 2195 5536 super
2239 5463 2646 5535 generationem
2690 5457 2848 5511 istam
2896 5453 2962 5507 ⁸⁷.
2997 5470 3015 5503 ι
3073 5449 3209 5504 Cum
3264 5445 3430 5515 igitur

1860 5563 1926 5618 ad
1957 5568 2260 5617 extrenmm
2317 5570 2515 5611 manus
2565 5552 2790 5623 injicere
2824 5545 2958 5602 Fili)
2999 5543 3094 5599 Dei
3126 5539 3244 5597 ausi
3273 5542 3425 5602 sunt,
