3820 6220
401 296 513 354 693
1079 283 1352 341 EUSEBII
1385 279 1862 340 C/ESABIENSIS
1899 278 2050 336 OPP.
2091 278 2270 334 PARS
2311 279 2373 334 ll.
2419 309 2483 320 —
2512 269 3009 331 APOLOGETICA.
3546 266 3653 320 θοι

409 431 433 467 ι
466 412 990 467 consummaverunt
1016 402 1545 476 praavaricationem,
1570 408 1623 455 et
1665 400 1825 454 ﬁnem
1857 413 1981 470 pec-

2103 400 2251 472 ιῖρων
2279 399 2375 469 τὴν
2402 395 2673 467 ἁμαρτίαν
2708 391 2800 445 τοῦ
2829 391 3033 459 κόσμου
3053 405 3066 418 ⁵
3094 405 3112 437 ι
3144 385 3236 439 καὶ
3263 382 3425 437 πάλιν
3444 398 3459 412 ο
3506 401 3525 431 ι
3553 383 3658 434 Αύ-

406 511 534 559 cato
560 514 662 558 suo
683 473 1085 566 imposuerunt,
1128 514 1146 547 ι
1186 494 1328 550 sicut
1365 495 1561 564 Aquila
1592 494 1981 562 interpretatus

2103 492 2171 555 πὸς
2199 489 2424 560 ἱλασμός
2443 490 2556 541 ἐστι
2584 485 2711 556 περὶ
2738 483 2845 536 τῶν
2869 478 3148 552 ἁμαρτιῶν
3178 476 3358 547 ἡμῶν,
3387 495 3404 525 ι
3435 475 3500 527 οῦ
3527 473 3658 542 περὶ

408 603 515 660 est,
562 599 639 657 at,
687 563 830 647 sic—ut
884 587 1047 653 LXX,
1087 606 1105 638 ι
1141 602 1329 641 eorum
1361 563 1648 656 peccatum
1699 583 1979 653 alligatum

2103 583 2188 636 τῶν
2220 581 2502 654 ἡμετέρων
2525 578 2581 631 δὲ
2616 572 2961 647 μόνοννάλλά
2993 571 3087 624 καὶ
3116 569 3244 640 περὶ
3275 568 3400 621 ὅλου
3432 564 3529 618 τοῦ
3558 563 3656 617 κό-

411 654 795 758 signatumque
824 689 928 737 est.
968 699 986 732 ι
1018 678 1123 735 Sed
1146 654 1401 749 quoniam
1432 694 1543 732 non
1575 678 1750 731 sdlum
1780 677 1835 729 in
1869 676 1980 729 rui-

2103 691 2241 744 ιμου,
2276 671 2439 734 αὐτὸς
2462 669 2535 722 ὢν
2572 668 2664 721 καὶ
2689 664 3081 734 ἀπολύτρωσις,
3121 658 3260 713 κατὰ
3290 659 3384 711 τὸν
3414 654 3654 718 Παῦλον,

409 793 561 842 nam,
595 790 785 829 verum
813 774 977 828 etiam
1011 772 1066 825 in
1090 771 1490 842 reparationem
1517 769 1813 822 multorum
1835 767 1981 821 venit

2103 766 2386 842 ράσκοντα·
2425 763 2557 823 «Ὃς
2598 757 2827 829 ἐγενήθη
2869 753 3029 823 σοφία
3062 753 3189 821 ἡμῖν
3230 749 3339 803 ἀπὸ
3376 746 3542 808 Θεοῦ,
3575 745 3658 799 δι-

409 869 466 923 in
499 866 687 931 Israel,
726 867 869 921 sicut
902 862 970 919 de
1002 864 1123 934 ipso
1187 863 1326 917 dixit
1376 859 1619 925 Simeon,
1663 882 1680 913 ι
1722 859 1862 915 Ecce
1890 859 1981 913 hic

2103 840 2342 925 ιαιοσύνη
2353 872 2412 907 τε
2434 854 2527 907 καί¹
2542 850 2830 920 ἁγιασμὸς,
2847 848 2943 900 καὶ
2958 844 3352 914 ἀπολύτρωσις·
3384 859 3404 893 ι
3431 838 3660 902 εἰκότως

411 960 624 1030 positus
655 964 740 1013 est
770 957 826 1010 in
853 955 1068 1008 ruinam
1096 961 1151 1008 et
1190 954 1247 1007 in
1290 953 1751 1008 resurrectionem
1784 952 1984 1005 multo-

2103 948 2179 1018 τὴν
2205 943 2503 1016 παρουσίαν
2531 938 2695 994 αὐτοῦ
2726 935 2861 1008 ὁμοῦ
2894 936 2991 1005 μὲν
3022 931 3414 1003 συμπλήρωσιν
3440 928 3539 981 καὶ
3567 944 3660 980 τε-

409 1066 533 1107 rum
581 1051 637 1104 in
676 1048 845 1104 lsrael
875 1048 943 1114 ",
984 1066 1003 1099 ι
1045 1047 1241 1100 merito
1270 1045 1460 1100 Daniel
1495 1045 1562 1098 ad
1588 1060 1650 1098 ea
1678 1060 1799 1114 quae
1836 1044 1982 1099 dicta

2103 1038 2296 1090 .aiwaw
2328 1032 2599 1105 ἁμαρτίας
2625 1027 2759 1082 εἶναι
2788 1027 3024 1079 διδάσκει
3070 1022 3176 1076 τῶν
3217 1023 3295 1084 είς
3331 1018 3498 1073 αὑτὸν
3528 1020 3659 1087 ἠσε-

412 1146 560 1203 sunt,
584 1138 831 1210 adjungit
856 1157 870 1192 :
892 1156 911 1188 ι
941 1135 1004 1189 Et
1030 1144 1091 1191 ut
1121 1135 1404 1191 deleantur
1430 1143 1671 1205 peccata,
1690 1143 1743 1189 ct
1762 1134 1983 1204 expien-

409 1241 504 1287 tur
557 1231 858 1301 injustitlae.
900 1249 919 1282 ι
953 1228 1089 1284 Cum
1145 1226 1290 1283 enim
1343 1227 1565 1297 sanguis
1617 1234 1897 1280 taurorum
1929 1233 1983 1280 et

413 1324 692 1379 hircorum
725 1320 944 1377 auferre
973 1328 1196 1389 peccata
1226 1333 1337 1373 non
1374 1324 1581 1388 posset,
1612 1324 1666 1372 et
1694 1332 1856 1371 omne
1887 1316 1985 1369 ho-

414 1417 621 1471 minum
643 1430 818 1487 genus
845 1413 1152 1484 expiatione
1181 1412 1302 1465 viva
1332 1399 1852 1481 veraque'indigeret
1869 1408 1985 1479 (cu-

410 1509 504 1579 jus
551 1506 781 1578 ﬁguram
837 1505 1061 1577 gerebat
1111 1503 1164 1557 id
1204 1501 1349 1573 quod
1405 1502 1547 1573 apud
1585 1500 1789 1556 Mosem
1849 1516 1984 1555 con-

415 1607 686 1656 structum
738 1604 966 1652 vocatur
1032 1594 1495 1666 propitiatorium)
1524 1633 1539 1657 ,
1595 1593 1745 1648 nulla
1804 1600 1986 1645 autem

413 1689 736 1761 propitiatio
764 1688 885 1742 viva
914 1700 1152 1756 veraque
1188 1692 1355 1751 esset,
1386 1684 1492 1739 nisi
1519 1683 1768 1738 Salvator
1792 1690 1846 1739 et
1874 1681 1980 1737 Do-

324 1780 333 1789 ’
416 1782 597 1837 minus
628 1786 836 1842 noster,
876 1779 967 1833 ille
1011 1777 1199 1849 Agnus
1239 1776 1355 1839 Dei,
1387 1775 1454 1831 de
1476 1791 1586 1847 quo
1613 1777 1817 1832 dictum
1851 1782 1936 1830 est
1967 1792 1981 1828 :

421 1890 442 1922 ι
476 1869 617 1927 Ecce
663 1869 853 1940 Agnus
893 1867 991 1923 Dei
1039 1868 1135 1939 qui
1189 1867 1331 1922 tollit
1388 1874 1613 1937 peccata
1648 1865 1917 1920 mundi”.
1961 1884 1981 1918 ι

416 1961 554 2016 Nam
588 1975 806 2025 rursus,
861 1978 880 2011 ι
928 1960 1075 2014 Idem
1112 1958 1428 2030 pr0pitiatio
1460 1965 1545 2013 est
1597 1972 1698 2028 pro
1748 1956 1987 2027 peccatis

421 2054 643 2117 nostris,
684 2071 703 2106 ι
740 2065 843 2106 nec
872 2066 973 2121 pro
1007 2050 1212 2106 nostris
1246 2056 1455 2103 tantum
1497 2048 1613 2118 ipse
1641 2056 1727 2104 est
1751 2049 1986 2118 pretium

417 2158 484 2198 ac
527 2140 847 2210 redemptio,
888 2140 984 2195 sed
1028 2139 1192 2194 etiam
1239 2151 1337 2207 pro
1385 2137 1556 2191 totius
1583 2136 1794 2203 mundi,
1823 2145 1885 2191 ut
1913 2135 1991 2189 ait

419 2233 712 2304 Apostolus
740 2230 822 2263 ’θ’
856 2248 870 2284 :
906 2247 927 2281 ι
965 2228 1069 2297 Qui
1125 2226 1303 2283 factus
1349 2234 1456 2295 est,
1518 2226 1716 2295 inquit,
1774 2226 1991 2297 sapien-

418 2325 496 2379 tia
537 2322 698 2380 nobis
737 2337 768 2376 a
807 2319 940 2385 Deo,
968 2320 1291 2391 justitiaque
1318 2324 1373 2375 et
1404 2316 1765 2375 sanctiﬁcatio
1813 2327 1866 2373 et
1902 2332 1992 2373 re-

419 2416 755 2487 demptio".
794 2435 813 2469 ι
866 2414 1061 2469 Merito
1108 2413 1230 2483 ejus
1281 2412 1592 2476 adventum,
1624 2409 1789 2465 simul
1841 2424 1988 2465 com-

421 2508 751 2578 plementum
780 2506 1280 2578 perfectionemque
1309 2503 1519 2574 peccati
1564 2517 1687 2557 esse
1715 2500 1874 2557 docet
1902 2515 1993 2556 eo-

420 2614 567 2665 rum,
595 2600 688 2669 qui
724 2608 914 2654 contra
938 2599 1118 2669 ipsunt
1146 2596 1299 2667 impii
1323 2595 1562 2658 fuerunt,
1590 2593 1760 2649 simul
1792 2593 1994 2649 abster-

422 2690 634 2744 sionem
675 2698 727 2745 et
758 2689 1140 2759 purgationem
1190 2696 1540 2757 peccatorum
1590 2693 1646 2741 et
1694 2685 1992 2755 injustitia-

424 2792 546 2833 rum
578 2780 943 2850 expiationem
982 2792 1171 2833 eorum
1189 2776 1282 2847 qui
1303 2776 1356 2830 in
1392 2776 1569 2845 ipsum
1600 2774 1990 2831 crediderunt:

425 2885 552 2925 nam
591 2887 715 2927 cum
741 2871 956 2941 Aquila.
991 2887 1011 2922 ι
1040 2869 1122 2925 Ad
1149 2868 1637 2924 consummandam
1668 2868 1992 2937 praevarica-

424 2968 649 3030 tionem,
698 2971 752 3021 et
784 2964 944 3019 ﬁnem
978 2970 1203 3034 peccato
1257 2960 1667 3031 imponendum,
1709 2979 1728 3012 ι
1769 2959 1990 3024 dixerit,

426 3066 544 3111 tum
579 3055 711 3111 illud
744 3055 964 3125 adjecit,
1005 3073 1022 3104 ι
1042 3052 1104 3109 Ει
1138 3053 1204 3108 ad
1234 3052 1563 3123 expiandum
1593 3051 1986 3122 iniquitatem,»

427 3147 513 3201 sic
546 3145 709 3217 plane
764 3144 914 3199 illum
963 3143 1142 3199 omnis
1202 3142 1530 3214 iniquitatis,
1559 3158 1680 3213 quae
1720 3143 1851 3199 olim
1901 3158 1999 3215 per

430 3237 794 3309 ignorantiam
846 3236 1087 3291 admissa
1138 3235 1230 3302 sit,
1279 3235 1646 3305 expiationem
1699 3250 1845 3300 esse,
1900 3250 2000 3306 pro

430 3344 696 3385 concesso
734 3342 977 3383 sumens.
1031 3326 1162 3381 Post
1200 3328 1321 3397 ipsa
1369 3326 1507 3392 haec,
1532 3326 1668 3382 illud
1701 3327 1950 3398 sequitur
1984 3346 1996 3382 :

438 3441 458 3475 ι
500 3420 573 3475 Ut
601 3419 895 3475 inducatur
925 3419 1142 3489 justitia
1166 3418 1516 3487 sempiterna.
1543 3436 1562 3470 ι
1599 3417 1697 3474 Est
1727 3434 1859 3474 sane
1885 3419 2002 3489 ipse

436 3512 531 3568 Dei
557 3511 796 3570 Verbum
842 3510 1058 3581 justitia
1109 3510 1465 3580 sempiterna,
1496 3528 1515 3562 ι
1544 3511 1638 3582 qui
1695 3511 1873 3568 factus
1920 3518 2004 3567 est

434 3603 595 3660 nobis
636 3602 901 3673 sapientia
950 3615 982 3655 a
1032 3599 1166 3663 Deo,
1194 3599 1522 3670 iustitiaque
1554 3607 1609 3657 et
1636 3600 2004 3657 sanctiﬁcatio

434 3703 491 3748 et
519 3692 843 3763 redemptio,
882 3710 902 3746 ι
930 3699 988 3745 ιιι
1025 3691 1101 3745 ait
1149 3691 1467 3761 Apostolus,
1495 3698 1871 3747 verumtamen
1905 3690 2003 3745 ad-

435 3792 602 3841 ventu
631 3799 733 3840 suo
751 3784 1006 3839 omnibus
1035 3782 1351 3839 hominibus
1368 3782 1683 3837 conciliavit
1708 3782 2002 3853 justitiam,

439 3877 620 3948 reipsa
656 3875 972 3939 ostendens,
1013 3874 1158 3945 quod
1191 3892 1210 3926 ι
1240 3890 1348 3929 ιιοιι
1378 3873 1545 3946 386
1578 3875 1752 3929 solum
1789 3872 2002 3928 Iudaeo-

437 3984 559 4023 rum
586 3976 670 4024 est
703 3967 870 4034 Deus,
900 3968 995 4023 sed
1015 3967 1179 4022 etiam
1210 3966 1474 4037 gentium.
1499 3986 1518 4018 ι
1556 3965 2004 4037 Quandoquidem

438 4074 582 4115 unus
612 4065 698 4113 est
748 4056 893 4114 Deus
931 4058 1024 4127 qui
1050 4058 1377 4127 justiﬁcabit
1407 4058 1887 4113 circumcisionem
1937 4072 2005 4110 ex

439 4147 564 4218 ﬁde,
597 4158 651 4203 et
684 4148 1011 4219 praeputium
1041 4164 1141 4219 per
1169 4148 1329 4204 ﬁdem
1354 4149 1423 4203 '”.
1459 4168 1475 4200 ι
1512 4148 1590 4203 Ex
1622 4163 1733 4217 quo
1778 4163 1873 4203 eos
1911 4147 2005 4217 qui

437 4255 566 4295 eum
596 4238 852 4295 Cornelio
904 4239 1154 4303 aderant,
1183 4242 1386 4311 quique
1432 4241 1546 4309 jam
1583 4238 1846 4310 Spiritum
1880 4254 2009 4293 san-

436 4339 587 4386 ctum
618 4332 866 4401 accipere
885 4338 1218 4397 meruerant,
1255 4330 1531 4385 admirans
1554 4329 1769 4394 Petrus,
1803 4347 1821 4379 ι
1845 4327 2004 4396 Vere,

2084 1127 2347 1197 δηκότων,
2379 1122 2514 1193 ὁμοῦ
2540 1121 2595 1174 δὲ
2627 1116 2915 1186 ἀπάλειψιν
2953 1115 3048 1168 καὶ
3093 1110 3431 1182 καθαρισμὸν
3483 1109 3662 1177 ἀμαρ-

2084 1219 2233 1284 τιῶν,
2267 1216 2364 1270 καὶ
2396 1213 2630 1279 ἀδικιῶν
2677 1208 2900 1279 ἱλασμὸν
2925 1205 3033 1259 τῶν
3059 1208 3137 1268 είς
3167 1203 3328 1256 αὑτὸν
3358 1216 3664 1254 πεπιστευ-

2084 1309 2277 1363 κότων.
2304 1307 2413 1361 Καὶ
2439 1306 2468 1357 6
2504 1303 2731 1366 Ἀκύλας
2755 1301 2833 1366 δὲ,
2864 1318 2881 1350 ι
2910 1296 3016 1351 Τοῦ
3042 1295 3258 1349 τελέσαι
3286 1292 3384 1364 τὴν
3412 1290 3660 1352 ἀθεσίαν,

2086 1401 2177 1453 καὶ
2201 1396 2293 1451 τοῦ
2321 1394 2601 1450 τελειῶσαι
2623 1393 2719 1463 τὴν
2730 1388 3022 1462 ἁμαρτίαν,
3053 1406 3071 1438 ι
3097 1384 3285 1446 εἰπὼν,
3307 1384 3562 1453 ἐπήγαγε
3582 1381 3665 1444 τὸ,

2094 1510 2112 1544 ι
2145 1490 2250 1543 Τοῦ
2293 1485 2638 1553 ἐξιλάσασθαι
2674 1482 2920 1553 ἀνομίαν,
2951 1499 2970 1531 ι
3008 1478 3193 1547 σαφῶς
3228 1476 3454 1545 ἱλασμὴν
3502 1473 3668 1526 αὑτὸν

2088 1578 2226 1636 εἶναι
2260 1580 2439 1650 πάσης
2472 1576 2698 1647 ἀνομίας
2730 1574 2831 1643 τῆς
2870 1572 3033 1625 πάλαι
3074 1568 3214 1623 κατά
3253 1568 3480 1635 ἄγνοιαν
3508 1581 3669 1633 γενο-

2094 1674 2262 1745 μένης
2308 1668 2705 1739 ὑποτιθέμενος.
2739 1665 2896 1735 Ἑξῆς
2945 1663 3149 1726 τούτοις
3202 1659 3455 1732 εἴρηται,
3509 1676 3530 1707 ι
3558 1655 3669 1710 Τοῦ

2019 1747 2062 1806 Β
2090 1765 2317 1833 ἀγαγεῖν
2342 1759 2684 1830 δικαιοσύνην
2716 1756 2947 1811 αίώνιον.
2984 1755 3168 1807 »Ἐστι
3204 1753 3299 1823 μὲν
3323 1746 3417 1803 οὖν
3444 1749 3613 1812 αὐτὸς
3644 1748 3675 1798 ό

2089 1858 2183 1913 τοῦ
2211 1856 2345 1913 Θεοῦ
2378 1855 2548 1923 Λόγος
2574 1851 2789 1913 αἰώνιος
2810 1845 3141 1915 δικαιοσύνη,
3169 1861 3186 1893 ι
3220 1842 3279 1906 ὃς
3303 1841 3541 1911 ἐγενήθη
3579 1856 3676 1891 σο-

2092 1952 2190 2021 φία
2221 1951 2351 2021 ἡμῖν
2382 1947 2490 2002 ἀπὸ
2515 1944 2671 2008 Θεοῦ,
2698 1939 3011 2008 δικαιοσύνη
3037 1955 3095 1990 τε
3120 1936 3213 1988 καὶ
3247 1931 3541 2002 ἁγιασμὸς,
3574 1931 3679 2021 καὶ

2093 2020 2488 2110 ἀπολύτρωσις,
2519 2054 2540 2090 ι·
2570 2034 2711 2090 κατά
2734 2033 2827 2087 τὸν
2854 2027 3193 2084 Ἀπόστολον.
3224 2024 3369 2095 Πλὴν
3571 2020 3679 2073 σὺν

2092 2135 2158 2203 τῇ
2181 2109 2373 2184 ἑαυτοῦ
2397 2124 2670 2199 παρουσίᾳ
2692 2123 2790 2178 xal.
2821 2121 2985 2174 πᾶσιν
3006 2113 3307 2188 ἀνθρώποις
3326 2109 3680 2203 προύξέν-ησε

2092 2199 2456 2291 δικαιοσύνην,
2478 2217 2657 2290 ἔργοις
2671 2210 2958 2275 ἐπιδείξας,
2975 2208 3056 2261 ὅτι
3078 2224 3096 2257 ι
3119 2203 3366 2276 μὴμόνον
3384 2199 3681 2291 Ἰουδαίων

2096 2315 2241 2368 ἐστὶν
2272 2312 2301 2364 6
2334 2287 2486 2375 Θεὸς,
2673 2304 2769 2360 καὶ
2795 2301 2985 2357 ἐθνῶν.
3012 2318 3031 2352 ι
3068 2296 3325 2365 Ἐπείπερ
3356 2287 3434 2356 εἷς
3457 2292 3491 2345 6
3515 2290 3675 2357 Θεὸς,

2094 2406 2154 2471 ὃς
2185 2403 2462 2460 δικαιώσει
2487 2397 2787 2472 περιτομὴν
2816 2397 2882 2448 ὲκ
2904 2393 3157 2454 πίστεως,
3179 2388 3274 2441 καὶ
3304 2383 3678 2458 ἀκροϐυστίαν

2093 2495 2183 2550 διά
2212 2494 2313 2564 τῆς
2363 2493 2616 2553 πίστεως.
2648 2486 2838 2540 »Ὅθεν
2870 2484 2996 2546 τοὺς
3043 2479 3186 2551 ἀμφὶ
3226 2476 3318 2531 τὸν
3366 2473 3678 2545 Κορνήλιον

2093 2586 2189 2641 τοῦ
2247 2584 2400 2655 ἁγίου
2452 2581 2769 2651 Πνεύματος
2821 2573 3151 2646 ἠξιωμένους
3199 2566 3601 2637 ἀποθαυμάσας
3650 2565 3681 2616 6

2096 2679 2320 2750 Πέτρος,
2360 2695 2378 2728 ι
2401 2675 2516 2729 Ἐπ’
2543 2670 2817 2744 ἀληθείας,
2852 2687 2870 2720 ι
2904 2668 3087 2739 φησιν,
3117 2684 3135 2716 ι
3161 2658 3296 2725 οἶδα,
3318 2661 3402 2713 ὅτι
3426 2659 3533 2711 οὐκ
3558 2656 3680 2708 ἐστι

2097 2747 2566 2843 προάωπολήπτης
2590 2765 2618 2816 ὁ
2654 2761 2805 2825 Θεὸς,
2840 2757 2953 2812 ἀλλ’
2988 2758 3045 2810 ὲν
3073 2754 3231 2809 παντὶ
3256 2751 3399 2805 ἔθνει
3418 2753 3447 2802 ὁ
3476 2747 3679 2817 φοϐού-

2101 2841 2259 2933 μενος
2306 2858 2487 2921 αὐτὸν,
2517 2853 2879 2926 ἐργαζόμενος
2915 2846 3279 2916 δικαιοσύνην,
3306 2842 3498 2905 δεκτὸς
3528 2841 3679 2911 αὐτῷ

2097 2957 2234 3008 ἐστι.
2265 2971 2283 3003 ι
2311 2949 2422 3003 Kal.
2465 2951 2494 3002 6
2534 2945 2744 3006 Παῦλος
2770 2943 2827 2996 δὲ
2860 2942 2917 2994 τὺ
2958 2938 3285 3008 Εὑαγγέλιον
3325 2933 3677 3002 δικαιοσύνης

2099 3044 2236 3102 εἷναί
2278 3060 2429 3116 φησι,
2459 3041 2628 3109 λέγων
2648 3055 2660 3068 ·
2687 3057 2706 3089 ι
2731 3035 2967 3106 Δύναμις
2993 3031 3101 3104 γάρ
3122 3028 3255 3083 Θεοῦ
3285 3030 3431 3081 ἐστιν
3460 3026 3544 3088 εἰς
3573 3042 3679 3078 σω-

2098 3137 2293 3209 τηρίαν
2333 3132 2495 3207 πανιῇ⁵
2526 3129 2603 3200 τῷ
2633 3125 2960 3187 πιστεύοντι,
2978 3122 3211 3191 Ἰουδαίῳ
3240 3136 3301 3172 τε
3333 3117 3555 3190 πρῶτον
3585 3116 3680 3169 καὶ

2103 3207 2320 3299 ’Έλληνι
2339 3244 2353 3257 ·
2387 3221 2696 3291 δικαιοσύνη
2725 3218 2832 3290 γάρ
2870 3215 3003 3270 Θεοῦ
3034 3217 3091 3267 ὲν
3123 3210 3271 3282 αὐτῷ
3295 3207 3682 3264 ἀποκαλύπτε-

2100 3338 2209 3374 ται.
2296 3318 2408 3371 Kal.
2434 3317 2492 3370 ὲν
2529 3312 2776 3382 Ψαλμοῖς
2802 3309 2860 3361 δὲ
2889 3307 3102 3378 εἴρηται
3130 3303 3257 3375 περὶ
3281 3301 3376 3356 τοῦ
3411 3297 3679 3372 Χριστοῦ·

2107 3409 2419 3466 ιἈνατελεῖ
2459 3409 2517 3461 ὲν
2559 3407 2677 3468 ταῖς
2722 3402 2956 3473 ἡμέραις
2999 3396 3165 3452 αὐτοῦ
3197 3393 3539 3462 δικαιοσύνη,
3586 3391 3686 3443 καὶ

2103 3503 2305 3575 πλῆθος
2332 3503 2572 3573 εἰρήνης.
2603 3517 2622 3550 ι
2656 3496 2766 3550 Ka‘t
2789 3495 2850 3547 τὸ
2876 3493 3035 3563 ἔργον
3064 3490 3121 3542 δὲ
3159 3486 3324 3542 αὐτοῦ
3357 3486 3434 3549 ὡς
3461 3482 3689 3575 ἀληθῶς

2102 3573 2237 3652 Θεοῦ
2259 3592 2604 3661 δικαιοσύνην
2629 3585 2943 3649 ἐνεδείξατο,
2966 3583 3027 3635 τὸ
3049 3583 3155 3635 πᾶν
3185 3579 3340 3649 γένος
3368 3573 3689 3647 ἀνθρώπων

2105 3689 2165 3755 ἐξ
2196 3690 2310 3743 ῖσου
2352 3685 2451 3756 τῆς
2492 3681 2641 3754 παρὰ
2670 3678 2747 3749 τῷ
2775 3674 2895 3746 Θεῷ
2926 3671 3360 3737 καταξιώσαντος
3405 3666 3685 3737 κλήσεως.

2118 3779 2276 3834 Ἀλλά
2298 3778 2358 3831 οὐ
2386 3774 2606 3829 τοιαῦτα
2628 3768 2697 3843 ἦν
2717 3769 2787 3823 τὰ
2810 3766 2899 3821 διὰ
2929 3763 3195 3827 Μωσέως,
3226 3761 3307 3814 ἑνὶ
3342 3759 3401 3812 δὲ
3427 3758 3579 3829 μόνῳ
3605 3755 3694 3827 τῷ

2119 3868 2381 3924 Ἰουδαίων
2424 3865 2563 3919 ἔθνει
2606 3857 2980 3931 δεδωρημένα’
3024 3854 3103 3907 διὸ
3148 3852 3241 3905 καὶ
3289 3849 3425 3920 πρὸς
3492 3847 3695 3918 καιρὸν

2108 3961 2342 4032 φανέντα
2388 3953 2775 4028 παρελήλυθεν.
2793 3951 2859 4003 Ἦ
2899 3948 2956 4002 δὲ
2997 3946 3085 4000 διὰ
3114 3942 3206 3997 τοῦ
3241 3940 3493 4032 Σωτῆρος
3525 3936 3696 4008 ἡμῶν

2107 4031 2519 4121 κατηγγελμένη
2562 4041 2895 4112 δικαιοσύνη,
2935 4036 3260 4108 διαμένουσα
3306 4035 3385 4095 είς
3417 4031 3478 4084 τὸ
3510 4031 3698 4100 διηνε-

2107 4143 2220 4205 κὲς,
2251 4140 2475 4202 εἰκότως
2504 4136 2718 4197 αἰώνιος
2745 4131 3180 4205 προσηγόρευται
3212 4122 3553 4194 δικαιοσύνη,
3587 4139 3696 4175 κα-

2106 4233 2175 4287 τὰ
2206 4232 2297 4284 τὸν
2323 4226 2559 4299 Γαϐριὴλ
2597 4226 2861 4297 φήσανταο
2900 4240 2918 4272 ι
2947 4220 3057 4273 Kal.
3087 4218 3180 4271 τοῦ
3209 4217 3438 4284 ἀγαγεῖν
3480 4213 3695 4267 δικαιο-

2110 4323 2274 4394 σύνην
2302 4319 2534 4374 αἰώνιον·
2570 4337 2588 4370 ι
2613 4317 2734 4369 ἀντὶ
2758 4314 2835 4378 δὲ,
2868 4332 2886 4364 ι
2911 4312 3022 4366 Καὶ
3048 4309 3141 4363 τοῦ
3167 4309 3470 4378 σφραγῖσαι
3497 4305 3698 4376 ὅρασιν

438 4423 637 4495 inquit,
695 4423 822 4479 novi
862 4424 1006 4493 quod
1060 4438 1174 4478 non
1226 4430 1311 4479 est
1351 4430 1605 4493 acceptor
1645 4435 1996 4492 personarum

2110 4416 2203 4471 καὶ
2229 4414 2530 4486 προφήτην,
2563 4429 2581 4461 ι
2611 4405 2941 4479 κυριώτερόν
2991 4420 3079 4474 μοι
3106 4401 3251 4454 δοκεῖ
3276 4397 3641 4468 πεποιηκέναι
3669 4400 3700 4450 ὁ

2119 4509 2160 4514 --
2231 4505 2263 4514 ..
2435 4506 2446 4514 .
2512 4501 2524 4514 ο
2680 4502 2723 4514 -ν
2766 4499 2779 4514 ι
2890 4496 2916 4507 ~
2955 4493 3148 4514 ,,A1__._
3190 4487 3569 4514 x-_-..._.-..x..
3603 4487 3696 4514 ..-ὶ

436 4516 606 4583 Deus,
636 4516 732 4572 sed
752 4516 809 4570 in
832 4516 981 4570 omni
1007 4523 1188 4586 gente,
1221 4515 1315 4584 qui
1343 4514 1497 4569 timet
1529 4514 1679 4568 illum
1702 4520 1757 4568 et
1787 4520 2004 4568 exercet

432 4608 727 4678 justitiam,
753 4615 1011 4678 acceptus
1043 4613 1129 4663 est
1178 4606 1256 4661 illi
1285 4607 1355 4662 τ’.
1389 4624 1408 4658 ι
1444 4604 1588 4671 Quin
1643 4602 1847 4659 Paulus
1875 4618 2008 4674 quo~

435 4716 546 4771 quo
597 4698 953 4770 Evangelium
1004 4698 1234 4769 justitia:
1271 4698 1501 4753 aﬁirmat
1550 4711 1695 4761 esse,
1728 4696 1820 4750 ubi
1873 4696 2000 4751 ait:

442 4812 463 4845 ι
500 4792 691 4849 Virtus
733 4795 879 4847 enim
937 4790 1032 4848 Dei
1080 4798 1165 4847 est
1198 4791 1265 4846 ad
1295 4791 1526 4846 salutem
1556 4789 1704 4843 omni
1736 4787 2004 4851 credenti,

434 4883 625 4940 Iudaeo
657 4884 893 4955 primum
936 4891 990 4939 et
1039 4882 1231 4938 Graeco
1261 4900 1277 4938 :
1316 4882 1525 4951 justitia
1555 4881 1699 4935 enim
1730 4879 1827 4934 Dei
1854 4880 1909 4933 in
1944 4896 2010 4935 eo

436 4977 712 5034 revelatur
735 4976 801 5031 ⁷³.
832 4995 852 5029 ι
878 4974 938 5030 In
965 4974 1199 5030 Psalmis
1218 4989 1435 5045 quoque
1465 4974 1533 5029 de
1554 4972 1774 5028 Christo
1803 4972 2006 5026 dictum

435 5072 525 5119 est
555 5082 570 5118 :
595 5080 616 5115 ι
654 5060 873 5118 Orietur
895 5062 951 5116 in
973 5061 1167 5116 diebus
1193 5060 1313 5129 ejus
1340 5058 1558 5128 justitia
1589 5065 1643 5113 et
1671 5056 2006 5112 abundantia

439 5153 594 5224 pacis
621 5153 688 5209 '”.
722 5172 743 5207 ι
777 5152 844 5207 Et
870 5168 1000 5207 sane
1040 5152 1187 5207 illius
1217 5165 1355 5221 opus
1384 5165 1443 5204 re
1472 5164 1597 5203 vera
1626 5146 2008 5217 Deijustitiam

441 5245 858 5311 demonstravit,
894 5252 1083 5314 utpote
1121 5243 1267 5313 quod
1294 5257 1456 5297 omne
1506 5256 1677 5312 genus
1727 5238 2010 5293 hominum

441 5336 562 5406 pari
596 5337 884 5392 vocatione
914 5336 1136 5407 dignum
1168 5334 1486 5389 reddiderit.
1505 5334 1574 5387 At
1603 5348 1723 5401 qua:
1761 5346 1856 5401 per
1907 5328 2014 5381 Mo-

444 5442 561 5486 sem
590 5428 736 5485 edita
769 5435 919 5497 sunt,
948 5442 1294 5500 nequaquam
1334 5427 1486 5490 talia,
1519 5424 1611 5481 sed
1655 5425 1748 5477 uni
1783 5422 1884 5479 soli
1915 5420 2011 5475 Ju-

2119 4505 2367 4569 Ἀκύλας,
2404 4501 2589 4558 εἰπών’
2632 4519 2650 4550 ι
2680 4499 2789 4552 Kal.
2824 4496 2919 4549 τοῦ
2944 4493 3154 4548 τελέσαι
3185 4487 3569 4561 ὁραματισμὸν
3603 4487 3701 4539 καὶ

2111 4595 2417 4667 προφήτην.
2451 4610 2469 4644 ι
2502 4591 2576 4644 Οὐ
2604 4588 2711 4660 γὰρ
2732 4585 3072 4647 ἀποκλεῖσαι,
3103 4582 3198 4635 καὶ
3230 4579 3423 4649 ῶσπερ
3455 4575 3699 4648 σφραγί-

2114 4707 2201 4742 σαι
2252 4686 2349 4750 τάς
2391 4682 2735 4756 προφητικάς
2764 4679 2983 4752 ὁράσεις
3018 4674 3413 4743 ὲπιδεδήμηκεν
3439 4671 3469 4722 ὁ
3502 4669 3702 4743 Σωτὴρ

2114 4782 2210 4834 καὶ
2236 4778 2438 4851 Κύριος
2465 4774 2643 4848 ἡμῶν,
2668 4775 2726 4838 ὃς
2753 4789 2817 4841 γε
2843 4772 2937 4824 καὶ
2966 4767 3133 4822 πάλαι
3155 4764 3319 4827 οὔσας
3339 4765 3576 4830 ἀσαφεῖς
3604 4763 3701 4816 καὶ

2116 4867 2661 4940 κατεσφραγισμένας
2690 4905 2705 4929 ,
2762 4863 2950 4931 ὥσπερ
3007 4856 3360 4928 ἐπικειμένας
3425 4852 3697 4924 περιελὼν

2113 4962 2434 5034 σφραγῖδας,
2474 4956 2674 5029 ἀνέῳξέ
2725 4974 2783 5010 τε
2830 4956 2924 5008 καὶ
2974 4950 3280 5023 ἀνήπλωσε,
3334 4948 3449 5009 τοῖς
3500 4945 3695 4998 ἑαυτοῦ

2117 5052 2381 5124 μαθηταῖς
2406 5051 2495 5103 τὸν
2518 5048 2640 5102 νοῦν
2664 5046 2771 5102 τῶν
2798 5046 2957 5099 θείων
2978 5040 3302 5114 παραδιδοὺς
3323 5036 3694 5109 γραμμάτων.

2118 5146 2304 5211 Ὅθεν,
2341 5164 2359 5195 ι
2382 5143 2537 5207 Ἰδοὺ,
2565 5162 2583 5192 ι
2623 5141 2806 5211 φησιν,
2829 5157 2849 5190 ι
2878 5138 3126 5208 ἐνίκησεν
3153 5136 3181 5187 6
3207 5133 3345 5185 λέων
3372 5131 3401 5184 6
3431 5133 3496 5183 ἐκ
3525 5128 3699 5198 φυλῆς

2127 5236 2316 5290 Ἰούδα·
2345 5255 2363 5288 ι
2398 5236 2493 5288 καὶ
2531 5233 2691 5295 αὐτὸς
2712 5228 2887 5301 ἦνοιξε
2908 5228 3007 5292 τὰς
3040 5224 3337 5298 σφραγῖδας
3367 5220 3469 5285 τὰς
3490 5222 3699 5273 ἐπικει-

2124 5330 2285 5400 μένας
2313 5327 2389 5397 τῶ
2420 5325 2629 5396 βιϐλίῳ,
2680 5322 2817 5376 κατά
2842 5322 2942 5392 τὴν
3000 5313 3360 5384 Ἀποκάλυψιν
3422 5310 3694 5400 Ἰωάννῃ.

2122 5421 2287 5484 Ποίας
2316 5419 2373 5473 δὲ
2403 5417 2701 5489 σφραγῖδας
2740 5416 2774 5486 ἢ
2805 5413 2911 5471 τῶν
2944 5408 3235 5483 προφητῶν
3266 5406 3366 5468 τάς
3390 5399 3696 5468 ἀσαφείαςῖ

520 5627 565 5660 ⁸⁸
603 5628 735 5683 Luc.
769 5647 841 5692 ιι,
877 5630 965 5684 34.
1042 5630 1086 5661 ⁶⁹
1121 5627 1279 5683 Joan.
1316 5646 1368 5689 ι,
1402 5627 1489 5682 29.
1590 5628 1654 5659 ⁶⁹⁴
1698 5628 1717 5679 Ι
1750 5624 1908 5681 Joan.
1946 5641 1981 5678 ιι

2178 5626 2224 5658 ’⁸
2265 5624 2443 5680 ICor.
2477 5637 2531 5684 ι,
2566 5620 2656 5675 30.
2761 5619 2801 5649 “
2846 5614 3001 5670 Rom.
3045 5629 3138 5675 ιιι,
3172 5608 3374 5671 99,30.
3482 5606 3529 5637 "
3573 5602 3690 5659 Act.

448 5712 521 5762 ιι.
555 5698 643 5767 54,
670 5701 757 5756 55.
835 5702 878 5733 ⁷³
922 5701 1075 5755 Ιὶοιιι.
1110 5716 1149 5763 ι,
1186 5699 1382 5762 16,17.
1463 5700 1505 5730 ⁷⁸⁵
1545 5697 1688 5752 Psal.
1728 5712 1887 5763 ωιχι,
1920 5696 1974 5751 7.
