3836 6220
103 322 237 379 605

995 318 1657 376 DEMONSTRATIONIS
1697 320 2159 378 EVANGELICAS
2201 320 2329 376 LIB.
2371 318 2507 377 Vill.

3286 321 3391 378 606

106 438 195 505 ἃς
223 434 285 494 εὖ
312 437 457 510 μάλα
488 435 847 506 ἐπιστάμενος
877 433 1120 506 ἀκριϐῶς
1152 435 1247 487 ml
1277 435 1306 487 6
1340 433 1569 498 Ἡσαΐας
1610 416 1724 487 ὲλε-
1749 439 1775 495 Α

1846 436 1990 491 laicae
2012 435 2156 503 genti
2186 434 2387 489 donata
2418 451 2433 487 :
2462 430 2721 503 quocirca
2752 430 2819 485 ad
2869 438 3081 503 tempus
3125 433 3391 489 duntaxat

108 549 196 603 γε
215 548 232 563 ο
264 548 284 583 ι
315 531 426 584 Καὶ
452 528 665 582 ἔσονται
696 530 747 581 οἱ
791 527 939 596 λόγοι
970 522 1113 580 οὗτοι
1138 526 1215 590 ὡς
1246 527 1294 578 οἱ
1318 525 1464 594 λόγοι
1507 528 1602 578 τοῦ
1632 527 1714 595 βι-

116 623 285 676 ϐλίου
320 619 414 675 τοῦ
444 618 904 692 ἐσφραγισμένου.
938 636 957 669 ι
991 619 1106 671 Οὐκ
1134 616 1242 688 ἄρα
1269 616 1362 669 τοῦ
1397 616 1718 680 ἀποκλεῖσαι

118 716 328 787 ὅρασιν
356 712 451 767 καί
481 712 766 783 προφήτην
799 708 1056 781 ἐλήλυθεν
1089 709 1118 761 6
1152 708 1387 779 Χριστὸς
1422 706 1516 760 τοῦ
1559 707 1717 770 Θεοῦ,

126 806 346 878 μᾶλλον
379 804 437 858 δὲ
462 804 818 867 ἀναπετάσαι,
852 801 948 855 ml
996 801 1077 864 είς
1130 800 1246 870 φῶς
1302 798 1721 868 ἀγαγεῖν.⁹Ὀθεν

1818 525 2037 598 prodita
2068 526 2466 596 praeterierunt.
2488 521 2560 575 At
2586 521 2730 577 enim
2763 536 2883 591 qua:
2915 538 3013 592 per
3055 523 3388 578 Salvatorem

1822 627 2070 674 nostrum
2092 617 2305 688 justitia
2332 616 2653 672 denuntiata
2687 624 2793 680 est,
2830 616 2885 669 in
2922 622 3242 685 perpetuum
3269 630 3395 685 per-

1820 723 2072 775 manens,
2133 708 2327 762 merito
2385 716 2590 762 aeterna
2652 707 2866 776 justitia
2920 714 3233 776 nuncupata
3285 713 3392 770 est,

1820 797 2274 868 quemadmodum
2327 796 2464 851 dixit
2519 796 2782 852 Gabriel:
2821 815 2839 847 ι
2876 795 2940 850 Et
2987 805 3046 871 ut
3090 796 3395 850 adducatur

123 894 285 948 δοκεῖ
317 910 408 964 μοι
440 890 770 965 κυριώτερον
802 892 831 944 6
862 889 1093 952 Ἀκύλας
1109 888 1296 957 φάναι⁶
1323 908 1343 940 ι
1369 886 1477 942 Τοῦ
1504 889 1722 942 τελέσαι

1846 891 2029 946 ustitia
2052 894 2382 960 sempiterna
2417 909 2430 945 :
2484 908 2503 942 ι
2539 904 2639 960 pro
2666 904 2734 944 eo
2757 895 2938 943 autem
2971 887 3113 957 quod
3147 894 3254 949 est,
3281 905 3299 937 ι
3330 886 3396 939 Et

126 985 520 1059 ὁραματισμὸν
571 984 666 1039 καὶ
711 983 1024 1054 προφήτην·
1070 1001 1088 1033 ι
1139 981 1169 1037 ὃ
1213 982 1308 1036 καὶ
1356 981 1571 1051 συνᾴδει
1619 979 1720 1050 τῷ,

138 1096 161 1130 ι
192 1079 316 1132 Οὐκ
346 1072 513 1149 ἦλθον
556 1074 857 1129 καταλῦσαι
884 1074 976 1127 τὸν
1003 1073 1164 1145 νόμον
1197 1074 1230 1146 ἢ
1263 1074 1388 1138 τοὺς
1414 1073 1721 1144 προφήτας,

134 1169 281 1227 ἀλλὰ
313 1166 617 1240 πληρῶσαι,
643 1185 663 1219 ι
690 1165 826 1238 πρὸς
847 1163 1014 1219 αὐτοῦ
1035 1164 1127 1245 τοῦ
1152 1166 1403 1237 Σωτῆρος
1429 1164 1721 1236 εἰρημένῳ.

134 1261 312 1324 Τέλος
342 1261 450 1332 γὰρ
483 1259 647 1331 νόμου
675 1257 931 1329 Χριστὸς,
956 1256 1050 1309 καὶ
1078 1255 1249 1309 πᾶσαί
1276 1273 1340 1326 γε
1374 1258 1430 1310 αί
1464 1256 1592 1327 περὶ
1623 1255 1723 1309 αύ-

129 1352 235 1407 τοῦ
281 1353 611 1424 προφητεῖαι
655 1349 965 1421 ἀπλήρωτοι
1009 1348 1104 1401 ml
1130 1347 1338 1412 ἀτελεῖς
1370 1347 1579 1419 έμενον,
1613 1348 1730 1399 εἰσ-

130 1447 218 1503 ότ’
248 1445 415 1508 αὐτὸς
440 1443 666 1506 ἐπιστὰς
689 1440 1023 1495 ἐπιτέθεικεν
1063 1440 1235 1494 ἆπασι
1276 1440 1432 1504 τέλος
1453 1442 1568 1503 τοῖς
1596 1440 1726 1510 περὶ

132 1539 310 1593 αὑτοῦ
341 1532 986 1609 προαναπεφωνημένοις.
1012 1532 1240 1586 Δύναται
1264 1531 1319 1586 δὲ
1341 1531 1436 1585 καὶ
1462 1530 1605 1585 κατὰ
1628 1531 1726 1602 τὴν

132 1631 252 1687 τῶν
281 1628 685 1700 Ἐϐδομήκοντα
703 1624 1019 1697 ἑρμηνείαν,
1040 1623 1294 1696 τοιαύτην
1319 1622 1465 1695 έχειν
1489 1622 1726 1676 διάνοιαν

132 1725 224 1789 τὸ,
260 1741 281 1774 ι
310 1719 407 1775 τοῦ
450 1721 744 1791 σφραγῖσαι
779 1716 970 1788 ὅρασιν
1003 1716 1098 1770 ml
1131 1716 1448 1787 προφήτην·
1479 1734 1498 1767 δ
1533 1713 1655 1767 ἐπεὶ
1698 1715 1728 1767 6

1827 984 1985 1054 quasi
2013 984 2171 1053 signo
2202 985 2473 1053 impresso
2499 980 2790 1036 claudatur
2815 980 2954 1034 visio
2983 985 3037 1032 et
3064 977 3347 1048 propheta,
3370 996 3391 1028 ι

1827 1079 2006 1146 magis
2030 1076 2312 1144 aliquanto
2342 1072 2560 1144 proprie
2593 1072 2727 1126 mihi
2754 1070 2972 1126 videtur
2991 1069 3185 1139 Aquila
3215 1067 3399 1123 reddi-

1828 1169 1977 1224 disse
2009 1187 2022 1222 :
2060 1185 2078 1218 ι
2116 1166 2184 1220 Ει
2213 1166 2281 1220 ad
2318 1165 2811 1221 consummandum
2836 1162 3066 1217 visionis
3099 1176 3299 1217 munus
3343 1166 3399 1213 et

1830 1259 2171 1331 prophetam.
2210 1276 2229 1308 ι
2278 1256 2397 1310 Νοη
2439 1256 2583 1311 enim
2625 1242 2685 1309 ut
2721 1253 2999 1308 clauderet
3021 1251 3265 1322 et'quasi
3299 1265 3398 1304 an-

1827 1352 1958 1405 nulo
2018 1350 2259 1419 signaret
2317 1347 2665 1418 prOpheticas
2719 1346 2981 1410 visiones,
3032 1341 3283 1397 Salvator
3335 1355 3400 1395 ac

1827 1436 2091 1492 Dominus
2124 1447 2311 1492 noster
2366 1435 2608 1498 advenit,
2639 1434 2732 1504 qui
2777 1434 2940 1487 etiam
2978 1432 3120 1496 illas,
3152 1446 3272 1501 quae
3302 1445 3402 1484 ana

1828 1543 1915 1588 tea
1940 1533 2192 1588 obscurae
2217 1539 2272 1585 et
2301 1530 2460 1601 quasi
2503 1531 2660 1599 signo
2695 1527 2965 1598 impresso
2994 1527 3195 1580 clausae
3222 1534 3399 1588 erant,

1828 1630 1883 1679 et
1916 1623 2128 1694 aperuit
2176 1633 2231 1677 et
2278 1622 2441 1677 latius
2503 1621 2812 1690 explicavit,
2839 1632 2947 1688 quo
3002 1623 3242 1686 tempore
3287 1617 3404 1671 suis

1831 1713 2119 1784 discipulis
2152 1726 2374 1767 sensum
2424 1710 2737 1766 divinarum
2784 1708 3192 1777 Scripturarum
3237 1720 3406 1776 eXpo-

134 1817 313 1888 νόμος
356 1814 450 1868 καὶ
489 1815 539 1868 oi.
586 1811 862 1884 προφῆται
894 1812 1089 1884 μέχρις
1133 1810 1377 1864 Ἰωάννου
1408 1808 1724 1880 διήρκεσαν,
1760 1802 1775 1857 1

1846 1809 1959 1864 suit.
1986 1805 2067 1861 Ex
2096 1820 2224 1878 quo,
2254 1822 2273 1856 ι
2304 1804 2463 1870 Ecce,
2493 1803 2691 1874 inquit,
2718 1801 2848 1856 vicit
2882 1801 2967 1855 leo
3016 1798 3084 1854 de
3123 1798 3268 1853 tribu
3306 1794 3406 1850 Ju-

134 1907 201 1975 ἐξ
249 1905 465 1961 ἐκείνου
497 1922 558 1958 τε
585 1904 985 1959 διαλελοίπασιν
1021 1903 1071 1956 οί
1099 1901 1267 1956 πάλαι
1295 1898 1445 1972 παρά
1487 1898 1566 1969 τῷ
1605 1899 1734 1952 Ἰου-

133 2000 313 2054 δαίων
341 1998 483 2052 ἔθνει
519 1995 1144 2068 πνευματοφορούμενοι,
1183 1992 1277 2046 καὶ
1307 1990 1406 2054 τάς
1436 1990 1566 2065 περὶ
1597 1990 1733 2061 Χρι-

137 2091 276 2146 στοῦ
309 2091 643 2163 προρρήσεις
669 2087 1154 2161 ἁνακηρύττοντες,
1189 2085 1284 2139 καί⁵
1306 2083 1405 2146 τὰς
1432 2084 1491 2137 ἐν
1515 2084 1628 2145 τοῖς
1662 2083 1736 2134 ίε-

144 2186 263 2258 ροῖς
300 2182 483 2252 λόγοις
524 2180 744 2252 ὁράσεις
776 2178 945 2249 ὑγιῶς
971 2175 1380 2240 ἐποπτεύοντες,
1409 2175 1459 2229 οἳ
1493 2175 1591 2229 ml
1639 2172 1735 2227 ἅτε

140 2270 605 2341 ἀποκλεισθείσης
632 2267 807 2338 αὐτῆς
834 2269 934 2340 τῆς
974 2266 1124 2331 θείας
1156 2266 1395 2338 χάριτος,
1430 2263 1528 2319 καὶ
1562 2279 1736 2335 σφρα-

146 2369 298 2436 γῖσιν
346 2363 535 2435 ὥσπερ
578 2361 985 2431 καταδεθείσης,
1022 2356 1301 2426 ἐξέλιπον·
1334 2355 1416 2411 διὸ
1450 2353 1737 2426 συμϐαίνει

150 2458 213 2524 ἐξ
242 2457 452 2511 ἐκείνου
485 2455 681 2527 μηκέτι
726 2453 1010 2526 προφήτην
1054 2449 1318 2521 ἐνεργεῖν,
1356 2445 1489 2519 μηδὲ
1528 2444 1738 2517 ὁρῶντα

148 2548 517 2627 χρηματίζειν
543 2550 602 2600 ἐν
632 2547 840 2609 αὐτοῖς,
870 2542 979 2598 ἀπὸ
1004 2539 1113 2595 τῶν
1144 2538 1487 2611 δηλουμένων
1533 2536 1739 2608 χρόνων

148 2626 249 2703 καὶ
280 2643 363 2706 είς
408 2640 555 2712 ἡμᾶς
602 2637 808 2692 τούτων
854 2634 1110 2690 ἁπάντων
1141 2628 1575 2686 διαλελοιπότων.
1605 2626 1740 2679 T06-

147 2751 266 2798 τοις
297 2731 569 2803 ἐπιφέρει*
608 2748 628 2781 ι
660 2730 772 2783 Kal
798 2729 981 2800 χρῖσαι
1014 2725 1166 2795 ἅγιον
1196 2722 1421 2793 ἁγίων.»
1444 2721 1556 2775 Καὶ
1582 2717 1742 2774 τοῦτο

147 2826 207 2880 δὲ
231 2823 459 2878 αὐτόθεν
480 2818 765 2893 πρόδηλον,
781 2819 857 2881 ὡς
879 2817 1039 2888 μέχρι
1058 2815 1166 2869 τῶν
1185 2813 1282 2867 τοῦ
1306 2809 1560 2883 Σωτῆρος
1579 2811 1612 2881 ἡ
1621 2808 1740 2881 μῶν

148 2917 361 2991 χρόνων
384 2915 530 2983 ἆγιοι
545 2911 714 2981 ἀγίων
725 2911 776 2963 οἱ
800 2910 927 2981 παρ’
945 2906 1213 2979 Ἑϐραίοις
1240 2905 1515 2977 ἀρχιερεῖς
1535 2900 1743 2973 ἐχρίον-

150 3027 238 3074 το,
266 3005 412 3062 κατά
445 3006 545 3077 τὴν
577 3003 719 3057 κατὰ
751 3001 841 3055 τὸν
885 2999 979 3055 τοῦ
1014 2997 1258 3061 Μωσέως
1280 2995 1442 3067 νόμον
1471 2991 1742 3046 ἐπιτελου-

153 3101 330 3173 μένην
360 3096 668 3168 ἁγιστείανο
707 3092 766 3161 ἐξ
792 3092 1003 3146 ἐκείνου
1029 3089 1085 3143 δὲ
1114 3088 1210 3143 ml
1234 3078 1380 3140 οὗτοι
1406 3082 1743 3139 διαλελοίπα-

154 3172 210 3245 σι
239 3172 593 3258 καταλλήλως
619 3187 690 3257 τῇ
721 3181 1044 3255 προφητείᾳ.
1061 3180 1127 3232 Ἥ
1162 3178 1259 3250 μὲν
1286 3172 1380 3231 οὖν
1415 3175 1509 3229 τοῦ
1553 3172 1745 3228 Ἰακὼό

155 3280 300 3353 πρδς
322 3278 416 3332 τὸν
459 3275 661 3329 Ἰούδαν
696 3270 1047 3342 ἀναφώνησις
1076 3268 1394 3342 ἡγουμένων
1429 3265 1524 3320 ml
1552 3264 1747 3335 ἀρχόν-

155 3352 271 3425 των
320 3367 417 3422 τοῦ
453 3366 719 3421 Ἰουδαίων
763 3363 949 3425 ἔθνους
1001 3357 1242 3429 ἔκλειψιν
1273 3357 1482 3429 ἐδήλου,
1509 3354 1650 3413 κατὰ
1678 3352 1746 3406 τὰ

158 3461 609 3536 προτεταγμένον
670 3455 857 3528 ἐπειδὴ
900 3455 959 3508 δὲ
1017 3452 1086 3508 τὰ
1134 3452 1235 3523 τῆς
1278 3449 1613 3527 προστασίας
1652 3447 1747 3500 τοῦ

155 3556 293 3611 λαοῦ
322 3552 614 3628 προφητῶν
654 3551 749 3606 ml
778 3548 963 3622 ἱερέων
1008 3545 1176 3600 πάλαι
1222 3543 1486 3616 πρότερον
1522 3541 1746 3612 ἤρτητο,

160 3645 475 3708 ἀκολούθως
508 3641 878 3716 προθεσπίσας
905 3641 933 3693 6
961 3637 1119 3706 λόγος
1148 3635 1236 3690 διά
1262 3635 1364 3705 τῆς
1406 3648 1752 3706 προπαρατε-

162 3739 357 3808 θείσης
390 3731 727 3807 προφητείας
752 3730 851 3802 τὴν
870 3726 978 3781 τῶν
1007 3725 1283 3797 ἀρχόντων
1312 3722 1408 3777 καὶ
1433 3720 1752 3792 ἡγουμένων

161 3831 262 3886 τοῦ
304 3826 574 3883 Ἰουδαίων
612 3822 798 3885 ἔθνους
829 3818 1150 3889 καθαίρεσιν
1180 3815 1274 3868 ἐπὶ
1296 3815 1362 3885 τῇ
1390 3810 1485 3866 τοῦ
1514 3808 1752 3883 Χριστοῦ

166 3919 465 3993 παρουσίᾳ,
494 3915 581 3971 διὰ
623 3914 725 3984 τῆς
773 3911 908 3984 μετά
947 3911 1136 3981 χεῖρας
1163 3903 1495 3978 προφητείας
1521 3902 1620 3974 τήν
1647 3900 1755 3954 τῶν

168 4010 469 4087 προφητῶν
518 4009 612 4063 ml
648 4005 755 4060 τῶν
808 4001 994 4076 ἱερέων
1028 4000 1136 4054 τῶν
1191 3999 1320 4069 παρ’
1349 3996 1533 4059 αὐτοῖς
1588 3994 1756 4049 πάλαι

166 4086 581 4178 διαπρεπόντων
610 4096 848 4168 ἔκλειψιν
881 4094 1181 4164 ἁναφωνεῖ,
1212 4090 1288 4153 ὡς
1315 4086 1636 4142 καὶτούτων
1665 4086 1758 4138 ἐπὶ

168 4204 240 4271 τῇ
270 4177 367 4252 τοῦ
394 4193 632 4269 Χριστοῦ
682 4187 972 4260 ἐπιφανείᾳ
1016 4183 1422 4253 διαλειψόντων·
1452 4180 1481 4234 ὃ
1508 4180 1602 4234 καὶ
1629 4177 1759 4232 αὐτὸ

170 4270 288 4355 τοῖς
319 4289 501 4361 ἔργοις
536 4289 569 4357 ή
600 4282 870 4357 παρουσία
913 4279 1009 4335 τοῦ
1050 4279 1303 4350 Σωτῆρος
1337 4273 1495 4347 ἡμῶν
1525 4270 1760 4325 ἐπιστώ-

176 4381 499 4439 σατο.Ἑπεὶ
539 4379 597 4432 δὲ
644 4378 672 4430 ὁ
713 4374 964 4438 Ἀκύλας,
999 4392 1017 4425 ι
1046 4370 1141 4425 τοῦ
1182 4368 1398 4438 ἀλεῖψαι
1430 4363 1761 4437 ἡγιασμένον

173 4472 546 4550 ήγιασμένων,
577 4491 596 4524 ι
627 4469 908 4534 ἐξέδωκεν,
940 4466 1180 4537 οἰήσεται
1216 4460 1314 4533 μέν
1343 4476 1428 4523 τις
1470 4457 1564 4511 τὸν
1596 4455 1762 4510 πάλαι

176 4546 332 4640 παρὰ
370 4562 642 4627 Ἰουδαίοις
678 4558 938 4634 ἀρχιερέα
977 4553 1288 4628 δηλοῦσθαι,
1317 4550 1427 4604 τῶν
1460 4549 1561 4621 μὲν
1591 4546 1764 4618 τούτῳ

178 4658 602 4731 ὗποόεϐηκότων
637 4652 848 4708 πολλῶν
875 4649 1063 4723 ἱερέων
1094 4647 1263 4717 ἁγίων
1295 4640 1766 4717 προσαγορευομέ-

177 4772 310 4819 νων,
339 4751 494 4822 ἀγίου
535 4750 594 4804 δὲ
641 4748 810 4818 ἁγίων
842 4744 1003 4817 μόνου
1030 4741 1125 4796 τοῦ
1182 4739 1321 4811 ὑπὲρ
1383 4736 1591 4799 πάντας
1634 4735 1768 4806 ἀρχ-

184 4847 397 4919 ιερέως.
416 4842 632 4913 Ἐπειδὴ
672 4839 830 4895 τοῦτο
856 4838 950 4892 ml
971 4834 1274 4908 προχείρως
1309 4829 1428 4884 νοού
1438 4827 1593 4900 μενόν
1621 4828 1765 4879 ἐστιν

180 4938 402 5009 ἀληθές.
426 4936 605 5008 Μέχρι
630 4932 741 5004 γὰρ
770 4930 882 4985 τῶν
911 4928 1006 4982 τοῦ
1028 4926 1279 4997 Σωτῆρος
1302 4920 1462 4994 ἡμῶν
1489 4918 1697 4991 χρόνων
1715 4918 1766 4970 οἱ

181 5030 450 5085 ἀνέκαθεν
478 5025 621 5082 κατά
646 5023 897 5094 διαδοχὴν
931 5020 1207 5093 ἀρχιερεῖς
1231 5013 1366 5086 ὁμοῦ
1385 5013 1480 5067 ml
1506 5010 1601 5064 τοῦ
1630 5026 1765 5063 παν-

180 5123 275 5187 τὸς
300 5120 530 5192 ἡγοῦντο
556 5116 710 5184 λαοῦ,
743 5116 837 5169 ml
878 5113 947 5166 τὰ
994 5112 1093 5183 τῆς
1135 5107 1230 5162 τοῦ
1279 5105 1413 5160 Θεοῦ
1446 5102 1762 5177 θεραπείας,

183 5212 496 5276 ἀκολούθως
536 5213 602 5282 τῇ
632 5209 782 5281 παρά
817 5207 1009 5262 Μωσεῖ
1041 5197 1507 5273 νενομοθετημένῃ
1545 5195 1768 5267 λατρεία

182 5305 426 5380 δωρκῶς
453 5302 757 5358 ἐπετέλουν.
777 5299 908 5357 Ἀπὸ
945 5298 1002 5351 δὲ
1034 5295 1142 5349 τῶν
1187 5292 1281 5347 τοῦ
1327 5290 1579 5360 Σωτῆρος
1607 5286 1766 5359 ἡμῶν

188 5378 401 5476 χρόνων
429 5398 642 5470 πρῶτον
673 5395 770 5467 μὲν
802 5390 1066 5462 συνεχύθη
1097 5387 1191 5442 ml
1210 5388 1246 5457 ἡ
1265 5382 1405 5438 κατὰ
1424 5381 1647 5443 τούτους
1673 5378 1767 5431 τά-

192 5470 295 5561 ξίς,
347 5489 541 5563 μικρὸν
585 5488 642 5542 δέ
686 5487 909 5557 ὕστερον
937 5483 1030 5537 ml
1070 5476 1348 5540 παντελῶς
1377 5473 1610 5545 ἀπέσϐη.
1633 5470 1769 5523 Ἀλλ’

191 5587 369 5665 ἔγωγε
414 5581 514 5654 τῆς
558 5579 708 5643 θείας
753 5576 975 5653 Γραφῆς
1015 5569 1249 5645 οὐδαμοῦ
1279 5568 1453 5640 εὑρὼν
1494 5567 1586 5619 τὸν
1619 5562 1770 5633 παρὰ

1834 1899 1905 1955 da
1924 1901 1972 1932 '“’
2010 1918 2024 1954 :
2061 1917 2080 1951 ι
2124 1905 2179 1952 et
2210 1897 2326 1967 ipse
2373 1895 2587 1965 aperuit
2636 1893 2812 1963 sigilla
2859 1891 3001 1946 libro
3045 1890 3314 1960 apposita,
3347 1896 3408 1941 ut

1834 1991 1979 2063 apud
2024 1989 2290 2045 Joannem
2346 1987 2579 2057 legimus
2632 1984 2690 2039 in
2742 1980 3086 2053 Apocalypsi.
3141 1981 3408 2037 Ceterum

1835 2099 1958 2155 quae
1997 2081 2218 2137 tandem
2259 2080 2459 2151 sigilla,
2501 2077 2608 2133 nisi
2664 2075 3052 2147 prophetarum
3106 2071 3411 2128 obscurita-

1836 2175 1957 2232 tes?
2008 2189 2147 2245 quas
2193 2187 2318 2227 cum
2368 2171 2529 2241 plane
2577 2168 2716 2222 bene
2773 2174 2932 2221 notas
2985 2163 3211 2218 haberet
3246 2163 3409 2219 etiam

1837 2268 2032 2331 Isaias,
2061 2264 2239 2319 dixit:
2281 2281 2301 2314 ι
2337 2260 2404 2316 Ει
2427 2269 2591 2315 erunt
2612 2259 2780 2314 verba
2818 2256 2935 2314 haec
2959 2262 3217 2324 tanquam
3244 2254 3413 2309 verba

1838 2356 1963 2412 libri
2013 2352 2214 2425 signati
2235 2353 2284 2384 "°
2314 2370 2328 2406 :
2362 2369 2383 2402 ι
2424 2365 2531 2405 non
2556 2363 2692 2422 ergo
2719 2356 2781 2402 ut
2825 2345 3103 2400 clauderet
3146 2343 3411 2398 visionem

1839 2455 1894 2503 et
1941 2446 2264 2517 prophetam
2297 2441 2446 2496 venit
2485 2438 2746 2493 Christus
2795 2434 2911 2498 Dei,
2945 2433 3036 2489 sed
3071 2439 3132 2487 ut
3178 2429 3414 2501 aperiret

1839 2538 2026 2607 potius
2071 2542 2125 2589 et
2181 2532 2237 2586 in
2286 2532 2462 2585 lucem
2519 2530 2811 2600 proferret.
2856 2526 3036 2591 Quare
3076 2523 3247 2593 magis
3279 2521 3413 2577 mihi

1841 2627 2063 2699 proprie
2085 2625 2303 2681 videtur
2325 2621 2519 2691 Aquila
2553 2620 2759 2674 dixisse
2789 2636 2803 2672 :
2844 2635 2863 2666 ι
2898 2616 2979 2670 Ad
3028 2627 3417 2669 consumman-

1842 2723 1973 2776 dum
2021 2717 2256 2774 visionis
2292 2727 2494 2768 munus
2546 2717 2601 2765 et
2656 2708 3000 2779 prophetam,
3033 2725 3052 2756 ι
3087 2702 3234 2774 quod
3285 2717 3417 2758 sane

1842 2830 1968 2870 cum
2008 2812 2103 2866 illo
2130 2807 2426 2865 concordat
2459 2824 2472 2859 :
2511 2822 2530 2854 ι
2577 2801 2697 2856 Non
2728 2801 2852 2854 veni
2891 2798 3101 2853 solvere
3128 2796 3299 2865 legem
3324 2800 3418 2846 aut

1843 2902 2159 2975 prophetas,
2197 2897 2292 2953 sed
2330 2894 2607 2963 complere
2634 2892 2683 2922 '”
2723 2930 2739 2953 ,
2781 2908 2801 2940 ι
2836 2885 2982 2957 quod
3015 2900 3044 2937 a
3071 2890 3261 2937 nostro
3296 2879 3418 2934 Sal-

1842 3003 2031 3050 vatore
2066 2992 2271 3046 dictum
2317 2985 2689 3056 agnoscimus.
2735 2979 2898 3050 387
2931 2974 3081 3031 Finis
3109 2973 3256 3029 enim
3283 2970 3420 3041 legis

1847 3087 2121 3148 Christus,
2146 3090 2201 3138 et
2224 3095 2418 3136 omnes
2452 3078 2522 3131 de
2551 3076 2645 3129 illo
2691 3070 2988 3144 pr0phetiae
3022 3068 3214 3121 inanes
3258 3073 3421 3132 atque

1848 3176 2182 3250 imperfecta:
2212 3175 2554 3235 manserunt,
2584 3167 2757 3220 donec
2812 3162 2902 3216 ille
2954 3159 3195 3229 seipsum
3236 3162 3424 3211 osten-

1847 3243 2004 3335 dens,
2037 3264 2291 3322 omnibus
2320 3275 2442 3332 qua:
2488 3257 2556 3312 de
2598 3256 2718 3326 ipso
2765 3269 2795 3307 a
2845 3249 3127 3323 prophetis
3165 3243 3423 3316 praedicta

1849 3359 2088 3423 fuerant,
2125 3353 2287 3408 tinem
2323 3347 2605 3420 imposuit.
2640 3344 2830 3401 Potest
2852 3342 3016 3397 etiam
3052 3354 3117 3393 ex
3160 3339 3427 3405 interpre-

1851 3452 2061 3507 tatione
2114 3444 2473 3517 Septuaginta
2514 3439 2681 3493 talem
2737 3436 2941 3490 habere
2986 3445 3244 3495 sensum,
3289 3426 3425 3482 illud

1851 3542 1996 3615 quod
2023 3542 2231 3596 dictum
2274 3544 2359 3593 est
2387 3554 2400 3590 :
2436 3552 2454 3584 ι
2500 3531 2573 3587 Ut
2600 3529 2759 3600 quasi
2785 3527 2942 3597 signo
2972 3525 3242 3594 impresso
3273 3519 3427 3574 clau-

1850 3610 2012 3692 datur
2054 3631 2197 3687 visio
2229 3638 2284 3685 et
2336 3625 2601 3699 propheta
2634 3641 2646 3676 :
2704 3640 2722 3673 ι
2759 3633 2883 3673 cum
2924 3616 3006 3671 lex
3061 3623 3112 3669 et
3148 3610 3428 3681 propheta:

1854 3742 2029 3799 usque
2050 3723 2118 3779 ad
2154 3721 2420 3781 Joannem
2451 3710 2877 3787 permanserint,
2900 3714 2955 3762 et
2994 3720 3063 3760 ex
3093 3704 3185 3757 illo
3215 3702 3431 3756 defece-

1853 3794 1985 3882 rinl,
2012 3817 2107 3888 qui
2154 3815 2309 3885 prius
2357 3809 2565 3881 Spiritu
2593 3804 2778 3859 divino
2806 3798 2969 3855 amati
3017 3794 3356 3858 divinabant,
3377 3799 3433 3848 et

1855 3885 2113 3969 vaticinia
2143 3908 2211 3962 de
2243 3904 2465 3961 Christo
2494 3898 2751 3955 omnibus
2773 3893 2950 3964 palam
2980 3885 3435 3961 prodebant,qui-

1857 4024 1963 4079 que
2002 4007 2059 4060 in
2099 4002 2276 4059 sacris
2310 3994 2597 4068 responsis
2625 3991 2868 4046 visiones
2894 4000 3060 4057 puras
3088 3990 3143 4038 et
3187 3982 3433 4037 sinceras

1859 4073 2396 4168 contemplabantur,
2429 4098 2687 4156 tanquam
2715 4082 2760 4138 si
2808 4080 2943 4150 ipsis
2968 4077 3153 4132 divina
3178 4073 3354 4145 gratia
3378 4080 3433 4126 et

1859 4163 2151 4252 clausa,-et
2192 4181 2351 4253 quasi
2402 4176 2576 4246 signis
2629 4167 2913 4240 impressis
2962 4163 3212 4233 colligata
3262 4167 3431 4220 esset,

1859 4280 2060 4337 merito
2087 4275 2265 4332 evenit
2290 4278 2351 4327 ut
2374 4270 2442 4325 ab
2471 4268 2586 4329 illo,
2605 4265 2671 4318 de
2700 4276 2810 4332 quo
2842 4257 3049 4314 dictum
3088 4258 3193 4320 est,
3222 4258 3432 4319 tempo-

1863 4387 1942 4435 re,
1974 4384 2085 4423 non
2114 4362 2353 4437 amplius
2384 4357 2527 4431 apud
2556 4355 2680 4412 illos
2714 4363 2941 4407 munere
2976 4359 3078 4401 suo
3120 4343 3435 4410 fungeretur

1794 4492 1841 4548 Β
1865 4432 2154 4536 propheta,
2182 4432 2363 4527 neque
2394 4451 2488 4522 qui
2525 4449 2596 4503 ab
2638 4446 2749 4501 illis
2787 4443 2982 4497 videns
3024 4432 3432 4548 nominabatur,

1865 4523 2172 4611 sedcmnia
2216 4523 2335 4605 haec
2368 4557 2542 4614 usque
2583 4538 2651 4594 ad
2687 4542 2935 4592 nostram
2965 4535 3180 4585 aetatem
3221 4523 3435 4579 sublata

1861 4642 2203 4705 evanuerint.
2235 4612 2500 4705 Deinceps
2533 4630 2819 4702 sequitur:
2857 4644 2875 4677 ι
2921 4621 2989 4676 Ει
3026 4626 3265 4690 ungatur
3298 4612 3438 4667 San-

1861 4744 1987 4793 ctus
2039 4739 2377 4789 sanctorum.
2419 4746 2437 4779 ο
2474 4724 2590 4778 Hoc
2649 4721 2779 4774 item
2826 4713 2987 4770 nobis
3041 4709 3232 4765 eodem
3277 4718 3438 4774 argu-

1865 4833 2052 4881 mento
2082 4819 2358 4877 constabit
2389 4835 2403 4871 :
2429 4829 2552 4869 nam
2589 4824 2766 4881 usque
2802 4806 2870 4860 ad
2901 4812 3149 4872 tempora
3199 4795 3442 4850 Salvato-

1864 4921 1943 4976 ris
1970 4915 2167 4979 nostri,
2208 4912 2302 4983 qui
2338 4907 2527 4965 Sancti
2567 4911 2884 4961 sanctorum
2943 4893 3230 4966 pontiﬁces
3281 4893 3441 4945 erant

1869 5008 2013 5082 apud
2037 5006 2319 5069 Hebraeos,
2348 5000 2385 5055 ii
2417 4994 2744 5054 ceremoniis
2777 5004 2915 5060 quas
2935 5002 3002 5042 ex
3041 4981 3278 5038 Mosaica
3323 4977 3442 5046 lege

1869 5073 2123 5171 acceptas
2167 5095 2476 5157 servabant,
2525 5087 2918 5156 ungebantur:
2963 5077 3061 5134 sed
3120 5073 3178 5128 hi
3223 5084 3442 5171 quoque

1869 5160 2114 5262 posthac
2145 5186 2287 5240 sicut
2324 5178 2609 5252 prophetia
2640 5173 2992 5246 praedixerat,
3025 5163 3294 5221 defecere.
3330 5160 3442 5213 Ita-

1871 5254 1976 5354 que
2002 5279 2145 5349 quod
2175 5277 2245 5332 ab
2273 5274 2443 5330 Jacob
2474 5270 2541 5325 ad
2566 5268 2762 5324 Judam
2785 5262 3067 5320 oraculum
3100 5254 3443 5312 enuntiatum

1871 5382 1975 5439 est,
2009 5348 2309 5429 secundum
2332 5382 2396 5423 ea
2423 5378 2544 5435 qua:
2576 5360 2728 5432 prius
2762 5372 2793 5410 a
2824 5354 2984 5410 nobis
3009 5348 3256 5419 exposita
3291 5353 3441 5407 sunt,

1873 5436 2115 5523 Iudaicae
2148 5462 2325 5534 gentis
2365 5459 2565 5514 ducum
2607 5450 3026 5525 principumque
3056 5442 3326 5534 defectum
3356 5436 3444 5495 dl-

1877 5558 2119 5615 vinabat.
2149 5530 2255 5610 Sed
2291 5551 2547 5627 quoniam
2580 5546 2970 5623 prophetarum
2993 5545 3047 5594 et
3076 5530 3451 5596 sacerdotum.

265 5763 313 5796 τ’
355 5763 521 5832 Apoc.
556 5776 618 5825 ν,
654 5758 705 5812 5.
783 5756 829 5788 ⁷⁸
868 5753 950 5808 lsa
1008 5768 1172 5816 nix,
1212 5748 1300 5805 ll.
1374 5749 1419 5780 "
1462 5742 1652 5799 Matth.
1689 5758 1751 5802 ν.
1794 5740 1876 5798 Π.
