3836 6220
401 292 503 347 607

1071 291 1341 347 EUSEBII
1380 288 1863 347 CASSARIENSIS
1898 287 2051 345 OPP.
2096 284 2276 381 PAERS
2315 284 2378 343 ιι.
2419 316 2493 330 -—
2522 283 3021 341 A'POLOGETICA.

3566 280 3660 338 603

399 409 493 479 qui
528 410 730 481 populo
767 418 1057 480 praeerant,
1080 409 1406 480 jampridem
1443 409 1620 464 honor
1642 409 1844 463 dilatus
1869 407 1979 463 fue-

2101 405 2368 470 Ἰουδαίοις
2406 404 2668 477 ἀρχιερέα
2700 404 2853 472 ἆγιον
2881 402 3053 472 ἁγίων
3084 401 3499 473 ὠνομασμέναι,
3522 401 3667 471 ήγοῦ-

402 508 512 568 rat,
540 500 734 556 ordine
764 501 1026 571 deinceps
1081 516 1283 565 sermo,
1311 500 1403 555 ubi
1442 502 1720 555 interitum
1743 500 1985 556 Judaicze

407 592 589 661 gentis
611 592 810 646 ducum
861 602 909 646 et
958 591 1266 661 principum
1322 593 1424 647 sub
1456 592 1633 661 ipsum
1661 590 1863 647 Christi
1889 591 1986 644 ad-

409 692 655 746 ventum,
695 698 793 753 per
814 700 932 737 eam
960 698 1081 752 quae
1110 684 1265 753 prius
1303 683 1579 737 citabatur
1615 682 1984 752 prophetiam,

410 777 682 848 praedixit,
713 792 810 845 per
862 791 980 829 eam
1021 791 1143 844 quae
1187 791 1333 829 nunc
1378 776 1432 829 in
1487 775 1740 829 manibus
1791 785 1895 838 est,
1931 783 1986 829 et

403 872 795 943 prophetarum
856 876 910 922 et
956 869 1329 932 sacerdotum,
1361 868 1453 938 qui
1503 868 1633 921 olim
1685 869 1826 937 apud
1862 868 1987 924 illos

401 964 689 1023 ﬂorebant,
733 960 1007 1015 defectum
1064 962 1227 1030 plane
1284 960 1576 1031 signiﬁcat,
1622 969 1880 1031 tanquam
1929 962 1983 1015 bi

403 1071 623 1127 quoque
650 1054 742 1107 ubi
775 1052 1032 1107 Christus
1081 1054 1397 1108 advenisset
1447 1053 1719 1107 defecturi
1778 1062 1983 1118 essent,

403 1148 550 1218 quod
579 1148 797 1218 quidem
814 1146 1159 1210 vaticinium,
1191 1144 1494 1199 Salvatoris
1523 1146 1699 1200 nostri
1721 1147 1988 1202 adventus

404 1258 462 1296 re
516 1241 634 1310 ipsa
682 1239 1081 1308 comprobavit.
1118 1238 1256 1302 Quia
1301 1254 1430 1292 vero
1457 1238 1677 1307 Aquila,
1718 1258 1736 1289 ι
1768 1239 1852 1293 Ad
1880 1256 1986 1294 un-

404 1333 642 1403 gendum
669 1330 1084 1385 Sanctificatum
1118 1329 1612 1393 sanctificatorum,
1658 1350 1676 1383 ι
1715 1330 1988 1400 interpre-

403 1433 551 1479 tatus
578 1432 682 1488 est,
708 1440 772 1478 ex
798 1440 863 1478 eo
889 1424 1087 1492 aliquis
1112 1424 1481 1492 suspicabitur
1508 1433 1741 1479 veterem
1771 1422 1989 1478 Iudaeo-

405 1533 527 1572 rum
552 1517 868 1588 pontificem
902 1517 1181 1587 designari
1216 1533 1230 1570 :
1262 1517 1465 1587 quippe
1515 1532 1642 1571 cum
1678 1517 1833 1570 multi
1860 1517 1986 1586 qui-

406 1611 529 1665 dem
567 1612 660 1664 illo
693 1610 812 1680 ipso
847 1609 1136 1664 inferiores
1172 1609 1491 1665 sacerdotes
1524 1609 1701 1664 sancti
1747 1610 1989 1680 appella-

404 1710 619 1766 rentur,
651 1702 805 1756 solus
847 1711 1029 1755 autem
1070 1700 1341 1770 pontifex,
1375 1701 1467 1770 qui
1500 1716 1690 1756 omnes
1722 1700 1987 1773 dignitate

404 1793 670 1856 anteibat,
697 1791 932 1846 Sanctus
964 1798 1299 1846 sanctorum.
1340 1790 1618 1861 Siquidem
1669 1791 1772 1845 hoc
1814 1792 1899 1846 vel
1924 1808 1988 1845 eo

407 1898 573 1937 acnsu
604 1891 885 1952 acceptum
918 1880 1061 1952 quod
1098 1881 1395 1951 unicuique
1436 1882 1489 1934 in
1514 1888 1766 1951 promptu
1792 1882 1991 1944 sit,ve-

407 1988 531 2028 rum
562 1981 669 2029 est.
702 1973 838 2026 Nam
870 1988 1044 2042 usque
1077 1971 1144 2026 ad
1174 1982 1419 2042 tempora
1456 1970 1761 2026 Salvatoris
1793 1972 1986 2035 nostri,

404 2067 500 2138 qui
525 2082 555 2120 a
587 2066 762 2136 prima
790 2065 1000 2134 origine
1027 2079 1125 2134 per
1151 2065 1559 2119 successionem
1588 2070 1745 2117 erant
1768 2062 1990 2132 pontifi-

405 2176 521 2219 ces.
557 2158 721 2213 iidem
781 2159 945 2212 etiam
996 2157 1096 2211 toti
1148 2156 1352 2226 populo
1410 2165 1696 2224 praeerant.
1732 2154 1900 2226 388
1938 2163 1992 2210 ct

406 2264 528 2319 quze
560 2247 625 2301 ad
665 2247 873 2301 cultum
903 2245 996 2301 Dei
1029 2246 1326 2315 pertinent,
1358 2245 1525 2298 ritum
1570 2244 1721 2297 illum
1773 2252 1995 2297 sectan-

407 2352 515 2404 tes,
545 2339 639 2410 qui
672 2340 727 2393 in
753 2338 872 2408 lege
904 2337 1071 2403 Mosis
1093 2336 1343 2391 sancitus
1375 2334 1573 2401 fuerat,
1605 2335 1822 2389 abunde
1855 2337 1992 2390 satis

408 2435 897 2490 administrabant.
932 2432 1012 2485 Ex
1048 2447 1156 2502 quo
1187 2439 1368 2486 autem
1397 2429 1652 2485 Salvator
1680 2438 1867 2485 noster
1897 2430 1995 2484 ad-

407 2527 578 2589 venit,
610 2526 846 2597 primum
880 2525 1097 2595 quidem
1147 2539 1336 2579 eorum
1368 2539 1588 2594 quoque
1633 2524 1768 2577 ordo
1800 2524 1992 2577 confu-

409 2636 507 2675 sus
535 2625 621 2674 est
647 2637 661 2673 :
691 2634 799 2673 non
837 2618 1009 2670 multo
1042 2624 1223 2670 autem
1261 2623 1406 2684 post,
1443 2617 1605 2670 etiam
1646 2616 1861 2685 penitus
1896 2631 1994 2670 ex-

409 2712 671 2767 stinctus.
703 2709 1000 2772 Caeterum,
1049 2724 1173 2761 cum
1224 2722 1326 2777 ego
1369 2696 1909 2777 quidem'nusquam
1938 2706 1992 2759 in

410 2803 590 2858 sacris
649 2802 849 2857 litteris
896 2801 1237 2867 invenerim,
1289 2796 1601 2854 Judazorum
1681 2799 1993 2870 pontificem

412 2894 677 2949 Sanctum
713 2903 1033 2947 sanctorum
1079 2891 1374 2954 nominari,
1399 2891 1639 2945 arbitror
1684 2891 1737 2945 in
1769 2892 1993 2945 unicum

410 2988 679 3042 duntaxat
702 2985 800 3040 Dei
842 2984 1039 3038 Filium
1073 2983 1308 3039 Verbum
1340 2991 1395 3039 et
1438 2983 1656 3054 proprie
1689 2982 1991 3053 designari,

410 3089 603 3135 etvere
620 3080 841 3147 dignum
863 3078 955 3131 tali
975 3077 1338 3147 appellatione
1353 3076 1634 3131 constitui.
1655 3076 1724 3131 lis
1739 3076 1883 3130 enim
1900 3076 1992 3145 qui

411 3188 480 3226 ex
501 3171 814 3225 hominibus
846 3170 1075 3239 profecti
1116 3171 1247 3232 sint,
1284 3179 1337 3224 et
1364 3170 1430 3223 ad
1459 3185 1583 3224 eum
1614 3170 1836 3225 virtutis
1866 3185 1990 3240 gra-

414 3264 544 3316 dum
578 3261 948 3331 pervenerint,
980 3276 1141 3330 quem
1171 3268 1367 3314 natura
1391 3261 1641 3315 mortalis
1675 3261 1993 3330 contingere

414 3359 617 3422 potest,
647 3350 781 3403 satis
813 3364 1086 3418 superque
1119 3347 1304 3412 fuerit,
1339 3349 1384 3402 si
1416 3348 1635 3417 quando
1683 3348 1739 3402 in
1780 3356 1991 3417 partem

415 3451 470 3498 et
494 3440 1048 3497 communicationem
1100 3441 1391 3510 quamdam
1440 3441 1707 3510 assumpti
1748 3442 1869 3511 ejus
1900 3440 1994 3511 qui

418 3535 577 3599 dixit,
614 3553 633 3585 ι
667 3531 855 3588 Sancti
892 3531 1070 3595 eritis,
1106 3532 1365 3601 quoniam
1402 3541 1629 3588 sanctus
1679 3548 1778 3603 ego
1812 3532 1997 3587 Domi-

418 3643 525 3682 nus
554 3626 623 3689 ⁷⁸,
664 3645 682 3677 ι
719 3625 895 3680 sancti
928 3625 1290 3695 appellentur.
1314 3623 1550 3679 Sanctus
1578 3634 1758 3678 autem
1784 3633 1997 3680 sancto-

418 3734 563 3782 rum,
589 3718 712 3787 quis
742 3716 960 3770 tandem
1013 3716 1085 3770 sit
1131 3715 1274 3785 apud
1309 3714 1560 3769 homines
1606 3716 1994 3783 nominandus,

418 3821 617 3884 praeter
654 3826 818 3864 unum
861 3811 1037 3863 sancti
1069 3810 1326 3863 dilectum
1361 3807 1621 3873 Puerum,
1648 3809 1741 3878 qui
1791 3817 1851 3863 ut
1882 3809 1998 3865 Rex

421 3919 632 3973 regum,
672 3909 725 3957 et
755 3901 1102 3956 dominorum
1156 3899 1441 3965 Dominus,
1474 3900 1547 3952 ita
1579 3900 1742 3953 etiam
1778 3912 1998 3956 sancto-

420 4012 541 4050 rum
572 3993 807 4049 Sanetus
838 4004 922 4049 est
963 3993 1313 4064 appellatus?
1358 3992 1451 4047 uni
1484 3992 1653 4062 igitur
1696 3996 1766 4057 ei,
1816 4004 2001 4065 utpote

421 4089 512 4159 qui
550 4087 915 4158 przestantiori
971 4085 1205 4157 quodam
1252 4085 1414 4139 modo
1454 4085 1527 4137 sit
1577 4092 1797 4152 unctus,
1839 4104 2001 4156 quam

421 4192 612 4231 omnes
657 4177 750 4246 qui
805 4192 1047 4246 unquam
1097 4184 1319 4230 terreno
1364 4176 1459 4229 illo
1509 4187 1675 4249 atque
1723 4179 2004 4233 elaborato

424 4268 591 4323 Mosis
639 4269 759 4322 oleo
818 4268 968 4322 uncti
1013 4267 1237 4330 fuerint,
1270 4268 1476 4323 dictum
1521 4278 1607 4325 est
1642 4271 1774 4325 illud
1809 4291 1820 4325 :
1856 4292 1875 4322 ι
1911 4270 2006 4326 Di-

426 4360 611 4415 lexisti
643 4360 941 4429 justitiam,
975 4368 1029 4413 et
1075 4360 1237 4414 odisti
1289 4362 1635 4432 iniquitatem
1670 4382 1683 4418 :
1717 4371 2003 4434 prepterea

2090 517 2190 570 μαι
2225 501 2282 552 ἐν
2316 498 2528 560 τούτοις
2562 498 2721 569 μόνον
2750 493 2912 549 αὑτὸν
2958 494 3053 547 τὺν
3102 494 3362 565 μονογενῆ
3408 492 3512 546 τοῦ
3545 493 3667 547 Θεοῦ

2087 591 2258 659 Λόγον
2284 589 2599 662 δηλοῦσθαι,
2626 588 2834 661 κυρίως
2861 605 2919 640 τε
2941 587 3037 641 καὶ
3058 586 3273 658 ἀληθῶς
3299 585 3513 656 ταύτης
3532 585 3668 652 ἀξιον

2084 684 2185 754 τῆς
2210 683 2544 753 ἐπωνυμίας.
2583 681 2712 745 Τοῖς
2746 681 2843 752 μὲν
2864 679 2972 752 γὰρ
2994 679 3052 747 ἐξ
3081 678 3382 751 ἀνθρώπων
3412 695 3672 748 προκεκο-

2089 775 2234 844 φόσι,
2267 775 2362 828 καὶ
2392 776 2471 838 εἱς
2508 773 2570 827 τὸ
2601 772 2822 843 ἐφικτὸν
2850 773 3051 845 ἀρετῆς
3097 774 3435 844 χωρήσασιν,
3468 772 3675 844 ἀγαπη-

2083 867 2178 920 τὸν
2210 866 2385 934 ἁγίοις
2416 865 2545 920 ποτὲ
2574 866 2928 938 χρηματίσαι,
2956 863 3091 935 μετά
3117 864 3348 935 μετοχὴν
3368 865 3467 918 καὶ
3493 880 3674 933 μετου-

2090 959 2211 1011 σίαν
2234 957 2332 1010 τοῦ
2365 959 2652 1029 φήσαντος·
2676 979 2693 1008 ‹
2709 958 2886 1025 ’Ἅγιοι
2920 954 3129 1019 ἔσεσθε,
3152 956 3232 1008 ὃτι
3261 956 3419 1024 ἆγιος
3442 952 3558 1023 ἐγὼ
3579 954 3678 1007 Κύ-

2094 1067 2225 1123 ριος.
2259 1070 2276 1101 ι
2300 1050 2492 1118 Ἀγίων
2535 1051 2592 1103 δὲ
2634 1049 2786 1120 ἆγιος
2830 1050 2915 1112 τίς
2962 1048 3028 1102 ἂν
3058 1046 3257 1120 κυρίως
3284 1049 3341 1100 ὲν
3374 1046 3678 1118 ἀνθρώποις

2088 1142 2438 1212 όνομασθείη,
2467 1141 2499 1213 ἦ
2549 1142 2708 1213 μόνος
2751 1143 2780 1195 6
2820 1139 3175 1212 ἡγαπημένος
3205 1139 3299 1192 τοῦ
3330 1139 3496 1207 ἁγίου
3528 1138 3677 1202 Παῖς,

2090 1234 2279 1306 ὥσπερ
2316 1233 2569 1304 βασιλεὺς
2603 1233 2890 1304 βασιλέων,
2921 1235 3014 1288 καὶ
3058 1231 3258 1304 κυρίων
3286 1231 3520 1302 Κύριος,
3546 1230 3682 1283 οὕτω

2090 1327 2185 1379 καὶ
2217 1327 2385 1393 ἁγίων
2416 1325 2568 1394 ἅγιος
2598 1325 3095 1395 ἀναγορευόμενος;
3148 1323 3293 1395 μόνῳ
3334 1322 3472 1391 γοῦν
3519 1323 3684 1392 αὐτῷ,

2092 1420 2188 1473 ἅτε
2218 1419 2584 1490 διαφερόντως
2615 1417 2766 1489 παρά
2807 1419 2934 1481 τοὺς
2991 1415 3208 1469 πώποτε
3241 1415 3492 1477 Μωσέως
3526 1413 3687 1483 ἐλαίῳ

2091 1510 2281 1579 γεώδει
2305 1511 2399 1564 καὶ
2429 1508 2711 1579 σκευαστῷ
2732 1508 3141 1580 κεχρισμένους,
3165 1508 3368 1579 εἴρητο·
3396 1525 3416 1557 ι
3440 1505 3689 1576 Ἡγάῖῇ-

2093 1622 2191 1667 σας
2219 1602 2590 1673 δικαιοσύνην,
2623 1603 2716 1655 καὶ
2766 1601 3035 1672 ἐμίσησας
3086 1600 3351 1670 ἀνομίαν
3394 1597 3490 1651 διὰ
3531 1598 3691 1652 τοῦτο

2092 1696 2273 1769 ἔχρισέ
2307 1713 2363 1749 σε
2397 1699 2424 1750 6
2453 1696 2605 1760 Θεὸς,
2623 1698 2652 1750 6
2670 1695 2803 1758 Θεός
2834 1711 2948 1757 σου,
2970 1693 3144 1747 ἔλαιον
3175 1692 3557 1762 ἀγαλλιάσεως
3586 1708 3691 1744 πα-

2098 1789 2167 1860 ρὰ
2194 1791 2321 1852 τοὺς
2351 1789 2612 1859 μετόχους
2647 1804 2741 1843 σου
2765 1805 2779 1820 ’
2806 1807 2825 1839 ι
2860 1780 2904 1855 ᾧ
2936 1786 3198 1858 χρισθεὶς,
3230 1785 3290 1850 ἐξ
3336 1786 3471 1838 ίδίου
3520 1801 3694 1856 προσ-

2091 1876 2242 1934 ώπου
2288 1882 2383 1934 καὶ
2408 1881 2571 1945 αὐτός
2611 1898 2774 1952 φησιν
2808 1881 2867 1934 ἐν
2903 1880 3102 1950 Ἡσαΐᾳ
3122 1896 3135 1910 ο
3177 1898 3195 1930 ι
3222 1878 3451 1948 Πνεῦμα
3479 1877 3694 1949 Κυρίου

2093 1974 2179 2025 ἐπ’
2207 1973 2329 2043 ἐμὲ,
2351 1965 2412 2026 οὗ
2454 1972 2660 2026 εἵνεκεν
2690 1972 2874 2043 ἔχρισέ
2917 1989 3003 2043 με.
3034 1991 3051 2023 ι
3074 1971 3225 2024 Ἐπεὶ
3256 1967 3349 2025 οὖν
3373 1970 3693 2041 διαφέροντι

2094 2066 2187 2118 καὶ
2221 2063 2593 2135 πνευματικῷ,
2630 2064 2828 2135 μᾶλλον
2860 2064 2918 2117 δὲ
2950 2063 3201 2134 θεότητος
3229 2063 3497 2135 χρίσματι
3534 2062 3698 2132 μόνος

2095 2157 2248 2228 παρά
2279 2159 2405 2221 τοὺς
2438 2156 2661 2211 πώποτε
2691 2160 2718 2211 6
2745 2157 3014 2230 ἡμέτερος
3039 2155 3229 2228 Σωτὴρ
3272 2155 3567 2226 κεχρίσθαι
3599 2170 3698 2226 με·

2098 2249 2465 2321 μαρτύρηται,
2493 2250 2720 2314 εἰκότως
2755 2269 2773 2301 ι
2801 2249 2956 2320 ἅγιος
3001 2248 3191 2317 ἁγίων,
3221 2268 3238 2301 ι
3269 2248 3345 2312 ὡς
3391 2248 3456 2302 ἄν
3496 2264 3587 2311 τις
3615 2248 3696 2301 εί-

2096 2358 2208 2403 ποι,
2248 2361 2266 2392 ι
2293 2342 2587 2414 ἀρχιερεὺς
2612 2342 2913 2414 ἀρχιερέων
2942 2361 2960 2393 ι
2995 2340 3325 2413 ὠνόμασται,
3362 2342 3454 2393 καὶ
3491 2359 3513 2391 ι
3543 2343 3701 2411 ἡγια-

2098 2433 2296 2504 σμένος
2350 2434 2719 2506 ήγιασμένων,
2754 2455 2773 2487 ι
2809 2433 2950 2488 κατά
3000 2434 3091 2487 τὸν
3145 2434 3238 2487 τοῦ
3282 2434 3529 2506 Γαϐριὴλ
3560 2452 3698 2506 χρη-

2099 2524 2251 2595 σμόν.
2282 2525 2467 2579 Ταῦτα
2501 2525 2558 2578 δὲ
2592 2526 2789 2590 πάντα,
2818 2526 3340 2597 συμπεραιουμένων
3384 2525 3496 2581 τῶν
3541 2527 3697 2581 ἑϐδο-

2101 2618 2346 2687 μήκοντα
2389 2617 2720 2689 ἑϐδομάδων,
2754 2618 2907 2681 τέλος
2952 2617 3395 2689 ὲλάμϐανενρούκ
3441 2618 3695 2691 ἀλλοτεῆ

2098 2710 2191 2762 ἐπὶ
2226 2710 2337 2763 τῶν
2367 2711 2572 2782 χρόνων
2600 2703 2701 2782 τῆς
2741 2710 2835 2763 τοῦ
2870 2710 3121 2781 Σωτῆρος
3164 2710 3318 2781 ἡμῶν
3340 2713 3697 2780 ἐπιφανείας.

2111 2801 2331 2873 Ἐπειδὴ
2379 2802 2558 2855 τοίνυν
2605 2801 2760 2856 ταῦθ’
2792 2801 2965 2865 οὕτως
3017 2801 3237 2856 ἕσέσθαι
3270 2804 3298 2856 6
3324 2802 3699 2874 προδηλωθεὶς

2100 2894 2330 2962 ἄγγελος
2383 2893 2774 2964 κεφαλαιωδῶς
2819 2894 3073 2959 ἐθέσπιζε
3116 2894 3195 2966 τῷ
3230 2897 3507 2969 προφήτῃ,
3542 2893 3700 2960 αὖθις

2101 2988 2545 3059 ὲπαναλαμϐἀνει
2571 2990 2666 3042 τὸν
2700 2990 2825 3060 περὶ
2850 2988 2957 3041 τῶν
2987 2987 3354 3059 ἐϐδομήκοντα
3385 2988 3699 3059 ἑϐδομάἆυν

2099 3079 2277 3148 λόγον,
2307 3080 2576 3135 διδάσκων
2625 3081 2769 3134 κατὰ
2828 3080 2992 3152 μέρος
3037 3079 3242 3133 ἕκαστα
3277 3078 3544 3149 ἀκριϐῶς,
3576 3078 3701 3133 ὅθεν

2100 3173 2449 3245 ἀπάρχεσθαι
2479 3174 2560 3226 δεῖ
2596 3173 2700 3243 τῆς
2732 3171 2840 3226 τῶν
2874 3171 3081 3243 χρόνων
3120 3170 3572 3242 ἀπαριθμήσεως,
3606 3171 3704 3223 καὶ

2099 3268 2218 3319 τίνα
2258 3266 2401 3320 κατά
2451 3267 2578 3330 τοὺς
2624 3266 2987 3338 δηλουμένους
3032 3265 3257 3338 καιροὺς
3297 3265 3701 3338 ἀπαντήσεται.

2100 3360 2261 3429 Λέγει
2288 3361 2331 3413 δ’
2357 3356 2481 3414 οὖν⁸
2523 3379 2541 3410 ι
2572 3361 2682 3413 Καὶ
2714 3359 2919 3433 γνώσῃ,
2956 3361 3050 3414 καὶ
3088 3362 3341 3430 συνήσεις
3377 3361 3486 3413 ἀπὸ
3510 3360 3701 3426 ἐξόδου

2102 3451 2283 3521 λόγου,
2303 3452 2397 3505 τοῦ
2428 3452 2815 3524 ἀποκριθῆναι,
2831 3453 2923 3506 καὶ
2942 3452 3035 3506 τοῦ
3060 3455 3408 3526 οἰκοδομῆσαι
3438 3455 3501 3506 ’Ῑε
3512 3470 3707 3525 ρουσαρ

2101 3542 2215 3615 λήμ
2231 3561 2244 3574 ο
2294 3544 2586 3615 ἑϐδομάδες
2624 3543 2763 3598 ἑπτὰ
2785 3545 2878 3598 καὶ
2900 3545 3191 3615 ὲϐδομάδες
3211 3545 3589 3616 ἑξηκονταδύο,
3608 3547 3709 3600 καί

2103 3635 2440 3707 ἐπιστρέψει,
2456 3636 2550 3689 καὶ
2576 3635 3059 3707 οἰκοδομηθήσεται
3074 3637 3301 3691 πλατεῖα
3318 3638 3413 3692 καὶ
3439 3640 3646 3709 τεῖχος.
3679 3658 3702 3689 ι

2116 3728 2204 3780 Ἐν
2255 3724 2336 3792 οἷς
2385 3728 2534 3782 δοκεῖ
2586 3746 2679 3800 μοι
2733 3728 2911 3790 καλῶς
2954 3728 3098 3799 ἔχειν
3154 3731 3248 3783 καὶ
3293 3729 3389 3801 τὴν
3437 3729 3531 3783 τοῦ
3594 3729 3710 3800 πρὸ

2104 3820 2263 3891 ἡμῶν
2297 3823 2377 3884 είς
2429 3822 2555 3884 τοὺς
2606 3822 2804 3885 τόπους
2850 3821 3081 3891 θεωρίαν
3135 3821 3210 3893 μὴ
3254 3821 3707 3893 ἀποκρύψασθαι,

2108 3912 2430 3982 παραθεῖναι
2470 3912 2526 3965 δὲ
2577 3914 2670 3966 καὶ
2720 3912 2923 3985 ταύτην
2972 3913 3048 3977 ὡς
3094 3913 3301 3966 οἰκείαν
3347 3916 3461 3975 τοῖς
3516 3915 3710 3965 ἐντευ-

2110 4004 2373 4074 ξομένοις.
2428 4004 2600 4058 Κοινά
2665 4005 2837 4073 γοῦν,
2895 4005 3074 4068 καλῶς
3135 4005 3388 4076 εἴρηται,
3462 4003 3533 4057 τὰ
3592 4004 3707 4057 τῶν

2110 4095 2278 4164 φίλων
2304 4113 2318 4125 ·
2353 4097 2447 4149 καὶ
2481 4095 2668 4167 ἐπειδὴ
2694 4098 2963 4168 προσήκει
3000 4096 3336 4168 συγχρῆσθαι
3371 4096 3473 4166 μὲν
3495 4098 3709 4166 εὐγνω-

2114 4187 2409 4258 μονοῦντας
2480 4190 2595 4253 τοῖς
2674 4188 2855 4253 καλῶς
2919 4190 3008 4260 ὑφ’
3068 4189 3269 4260 ἐτέρων
3345 4188 3706 4265 εἰρημένοις,

2115 4278 2189 4349 μὴ
2250 4277 2352 4348 μὴν
2412 4279 2733 4350 ἀποστερεῖν
2793 4281 2919 4343 τοὺς
2975 4280 3218 4351 πατέρας
3273 4280 3382 4333 τῶν
3436 4280 3706 4349 ἐγγόνων,

2116 4368 2250 4438 μηδὲ
2283 4368 2406 4431 τοὺς
2443 4370 2693 4440 πρώτους
2728 4370 3096 4440 φυτεύσαντας
3127 4369 3235 4423 τῶν
3280 4370 3498 4423 οἰκείων
3532 4388 3710 4444 σπερ-

429 4453 587 4507 unxit
632 4460 687 4506 te
744 4451 888 4506 Deus
943 4450 1086 4507 Deus
1121 4446 1405 4508 tuusoleo
1463 4456 1849 4509 exsultationis
1894 4471 1994 4525 pra“

2117 4458 2301 4529 μάτων
2331 4500 2344 4523 ,
2397 4460 2495 4524 τὰς
2542 4461 2707 4514 αὑτοῦ
2760 4463 3147 4534 παραθήσομαι
3208 4462 3404 4529 λέξεις.
3441 4462 3707 4534 Φέρονται

428 4545 787 4615 participibus
817 4544 926 4598 tuis
954 4543 1022 4599 7°.
1054 4563 1071 4595 ι
1112 4544 1231 4609 Quo
1252 4544 1471 4614 quidem
1521 4547 1642 4601 oleo
1689 4557 1888 4601 unctus
1941 4563 2005 4601 ex

429 4637 651 4708 propria
699 4650 931 4706 persona
978 4635 1119 4705 apud
1165 4635 1361 4689 Isaiam
1412 4636 1529 4707 ipse
1560 4637 1676 4691 ait:
1709 4655 1726 4687 ι
1768 4635 2007 4706 Spiritus

431 4728 645 4781 Domini
697 4742 862 4797 super
904 4742 1010 4793 me,
1075 4735 1297 4797 propter
1346 4729 1489 4799 quod
1541 4729 1695 4782 unxit
1744 4744 1831 4783 me
1857 4730 1923 4783 3°.
1982 4748 2001 4780 ι

428 4816 697 4883 Quoniam
730 4818 896 4887 igitur
943 4818 1233 4872 excellenti
1284 4826 1337 4873 et
1389 4819 1662 4889 spirituali
1708 4834 1773 4872 ac
1823 4819 2006 4890 potius

430 4912 605 4981 ipsius
634 4910 944 4965 divinitatis
978 4918 1259 4981 unguento
1326 4913 1478 4968 solus
1538 4922 1736 4982 praeter
1789 4928 2005 4980 omnes,

430 5003 525 5071 qui
555 5016 793 5070 unquam
831 5000 1054 5065 fuerint,
1094 5000 1344 5057 Salvator
1400 5014 1590 5059 noster
1649 5011 1849 5058 unctus
1883 5020 2007 5060 esse

432 5092 770 5162 perhibetur,
807 5094 1002 5147 merito
1037 5092 1272 5151 Sanctus
1300 5105 1638 5161 sanctorum,
1662 5105 1925 5167 tanquam
1961 5098 2007 5154 si

432 5184 729 5251 diceretur,
759 5183 1012 5240 Pontifex
1050 5188 1390 5258 pontificum,
1435 5196 1518 5243 est
1551 5189 1888 5253 nominatus,
1914 5199 2010 5244 aut

431 5276 596 5329 etiam
632 5272 1020 5331 Sanctificatus
1066 5279 1554 5344 sanctificatorum,
1590 5286 1649 5333 ut
1680 5287 1765 5334 est
1811 5282 1865 5334 in
1897 5279 2009 5335 Ga-

433 5368 621 5423 hrielis
654 5369 898 5424 oraculo.
947 5368 1073 5425 Ifzec
1131 5386 1295 5441 porro
1344 5373 1528 5426 omnia
1578 5373 1864 5443 completis
1914 5373 2004 5429 he-

436 5460 800 5516 bdomadibus
852 5464 1216 5534 septuaginta,
1270 5466 1429 5519 tinent
1489 5482 1647 5521 suum
1705 5469 2005 5538 contigere,

434 5566 543 5605 non
571 5552 705 5606 alias
740 5568 872 5609 sane
900 5571 1062 5625 quam
1096 5573 1205 5626 quo
1236 5564 1480 5628 tempore
1524 5557 1775 5615 Salvator
1823 5569 2007 5615 noster

508 5727 552 5758 "
592 5727 761 5785 Levit.
803 5747 867 5785 xx
894 5774 906 5798 ,
939 5733 1028 5788 26.
1106 5736 1148 5766 ⁷⁹
1193 5733 1333 5790 Psal.
1369 5751 1511 5801 xuv,
1551 5735 1601 5790 8.

2111 4550 2167 4603 δὲ
2224 4547 2384 4606 αὗται
2448 4553 2777 4625 Ἀφρικανοῦ
2824 4557 2880 4609 ἐν
2932 4556 3010 4626 τῷ
3039 4556 3273 4626 πέμπτῳ
3312 4555 3426 4610 τῶν
3474 4558 3704 4625 Χρονο-

2112 4651 2375 4721 ῃοαφιᾶη·
2397 4694 2413 4718 ,
2448 4654 2635 4708 τοῦτον
2659 4656 2879 4726 ἔχουσαι
2922 4656 3015 4709 τὸν
3043 4657 3242 4729 τρόπον
3261 4674 3272 4687 ·
3319 4674 3338 4708 ι
3361 4656 3428 4710 Ἡ
3479 4656 3577 4726 μὲν
3610 4652 3707 4710 οὖν

2112 4755 2383 4826 περικοπὴ
2431 4755 2575 4810 οὕτω
2615 4775 2731 4820 πως
2767 4756 2965 4829 ἔχουσα
2994 4757 3166 4812 πολλά
3196 4776 3257 4811 τε
3294 4759 3390 4812 καὶ
3422 4758 3705 4831 παράδοξα

2113 4856 2405 4927 σημαίνει·
2461 4858 2557 4912 νῦν
2594 4859 2651 4912 δὲ
2701 4851 2778 4913 ὧν
2810 4859 2966 4932 χρεία
3018 4862 3148 4933 περὶ
3195 4862 3322 4924 τοὺς
3352 4861 3579 4933 χρόνους
3612 4864 3704 4917 καὶ

2108 4959 2178 5013 τὰ
2210 4958 2419 5024 τούτοις
2461 4962 2804 5017 συντείνοντα
2830 4964 2924 5017 τὸν
2972 4964 3127 5033 λόγον
3162 4964 3523 5036 ποιησόμεθα.
3579 4964 3703 5018 Ὅτι

2114 5062 2214 5133 μὲν
2259 5056 2351 5117 οὖν
2386 5063 2515 5132 περὶ
2557 5063 2657 5134 τῆς
2707 5066 3077 5138 τοῦ,Χριστοῦ
3128 5067 3434 5139 παρουσίας
3483 5067 3698 5136 λέγεται

2110 5164 2285 5217 ταῦτα
2311 5206 2325 5227 ,
2362 5165 2498 5235 μετὰ
2533 5166 2833 5238 ἑϐδομάδας
2860 5168 3228 5240 ἐϐδομήκοντα
3262 5168 3549 5238 μέλλοντος
3581 5169 3703 5218 ἐπι-

2118 5269 2440 5337 φαίνεσθαι,
2500 5270 2675 5341 δῆλον.
2749 5273 2870 5324 Ἐπὶ
2926 5272 3035 5343 γάρ
3065 5273 3158 5326 τοῦ
3192 5271 3446 5340 Σωτῆρος
3469 5310 3483 5334 ,
3527 5269 3562 5340 ἧ
3593 5266 3705 5323 ἀπὸ

2115 5371 2344 5435 τούτου,
2399 5371 2469 5425 τά
2514 5388 2574 5425 τε
2626 5372 3050 5444 παραπτώματα
3096 5372 3464 5435 παλαιοῦται,
3522 5368 3615 5422 καὶ
3646 5369 3701 5422 αἱ

2118 5467 2379 5539 ἁμαρτίαι
2440 5472 2834 5527 συντελοῦνται.
2922 5474 3019 5527 Διά
3108 5472 3164 5525 δὲ
3234 5472 3333 5542 τὴν
3393 5470 3590 5540 ἄφεσιν
3644 5466 3707 5522 αῐ

2115 5582 2173 5616 τε
2236 5568 2451 5639 ἀνομίαι
2524 5570 2798 5643 ἐξιλασμῷ
2854 5572 2993 5643 μετά
3053 5570 3163 5624 τῶν
3218 5569 3443 5624 ἀδικιῶν
3496 5565 3699 5633 ἐξαλείς

1682 5736 1725 5767 ⁸⁸
1767 5735 2017 5805 lsa.t.x1,
2057 5739 2107 5792 1.
