3836 6220
109 297 229 357 609

109 430 325 486 φονται
351 454 367 479 ,
462 411 773 485 δικαιοσύνη
851 428 911 465 τε

107 505 280 576 παρὰ
332 504 431 577 τὴν
484 507 548 558 ἑκ
596 505 799 577 νόμου,
860 504 1079 576 ὁράσεις
1131 522 1191 558 τε
1241 505 1335 558 καὶ
1385 507 1711 577 προφητεῖαι

112 599 329 671 μέχρις
400 597 686 662 Ἰωάννου,
749 597 961 669 χρίεται
1017 598 1074 650 δὲ
1128 598 1282 666 ἅγιος
1328 598 1522 666 ἁγίων.
1598 598 1713 669 Πρὸ

104 689 229 762 γὰρ
284 689 389 760 τῆς
437 686 532 741 τοῧ
583 687 834 758 Σωτῆρος
882 686 1039 757 ἡμῶν
1087 687 1390 757 παρουσίας
1436 688 1537 739 οὑκ
1584 687 1713 741 ὄντα

104 780 301 835 ταῦτα
387 779 754 852 προσεδοκᾶτο
837 778 1013 849 μόνον.
1120 776 1420 849 Ἀρξασθαι
1480 777 1535 830 δὲ
1602 777 1713 829 τῶν

103 871 417 945 ἀριθμῶν,
487 871 729 926 τουτέστι
789 871 897 923 τῶν
953 870 1322 942 ἑϐδομήκοντα
1383 871 1709 942 ἑϐδομάδων,

104 963 150 1020 ἃ.
216 967 375 1020 ἔστιν
453 965 548 1035 ἐτη
616 963 945 1035 τετρακόσια
1009 964 1406 1034 ἐννενήκοντα,
1460 965 1489 1017 ὁ
1550 964 1714 1032 ἄγγε-

104 1056 208 1121 λος
286 1056 604 1111 ὑποτίθεται
671 1055 779 1108 ἀπὸ
854 1054 1035 1122 ἐξόδου
1094 1054 1255 1123 λόγου
1327 1053 1421 1109 τοῦ
1482 1056 1711 1125 ἀποκρι-

107 1148 280 1220 θῆναι
338 1149 433 1202 καὶ
490 1147 585 1202 τοῦ
647 1146 998 1217 οἰκοδομῆσαι
1067 1146 1438 1219 Ἰερουσαλήμ.
1503 1148 1708 1219 Συνέϐη

104 1239 172 1293 δὲ
246 1241 428 1294 ταῦτα
482 1241 576 1293 ἐπὶ
654 1237 1008 1311 ’Δρταξέρξου
1087 1238 1182 1291 τοῦ
1248 1238 1475 1310 Περσῶν
1554 1237 1710 1308 βασι-

106 1330 376 1397 λεύοντος
432 1333 661 1404 εἰκοστῷ
719 1334 847 1387 ἔτει.
974 1333 1215 1405 Νεεμίας
1271 1334 1379 1404 γὰρ
1436 1336 1465 1386 ό
1519 1332 1708 1386 τούτου

106 1421 404 1493 οἰνοχόος,
461 1422 708 1491 δεηθεὶς,
786 1424 1128 1496 ἀποκρίσεως
1182 1424 1372 1494 ἔτυχεν
1424 1425 1709 1495 οἰκοδομη-

110 1512 284 1583 θῆναι
361 1513 714 1585 Ἰερουσαλὴμ
741 1553 755 1578 ,
836 1514 930 1568 καὶ
1004 1514 1158 1581 λόγος
1216 1513 1406 1585 ἐξῆλθε
1474 1513 1708 1567 κελεύων

107 1603 321 1657 ταῦτα.
433 1604 610 1676 Μέχρι
670 1603 769 1675 μὲν
821 1605 927 1677 γάρ
982 1604 1190 1657 ἑκείνου
1248 1604 1343 1657 τοῦ
1406 1603 1598 1677 χρόνου
1670 1606 1703 1675 ἡ

110 1696 277 1759 πόλις
339 1697 616 1768 ἠρήμωτο.
670 1696 853 1768 Κύρου
912 1696 1041 1767 γάρ,
1105 1695 1242 1767 μετὰ
1313 1696 1412 1764 τὴν
1472 1696 1704 1768 ἑϐδομη-

108 1789 442 1844 κονταετίαν
512 1790 613 1860 τῆς
699 1789 1093 1861 αἰχμαλωσίας,
1167 1787 1277 1842 τῶν
1367 1788 1705 1861 βουλομένων

107 1881 352 1935 ἕκαστον
399 1883 712 1936 ἑκουσιαστί
764 1882 1249 1952 καταπέμψαντος,
1302 1883 1353 1934 οἰ
1399 1881 1538 1952 μετά
1597 1883 1704 1953 ’1η-

110 1968 216 2024 σοῦ
275 1971 374 2025 τοῦ
446 1972 685 2043 μεγάλου
756 1972 945 2043 ἱερέως
999 1972 1094 2025 καὶ
1156 1971 1461 2043 Ζοροϐάϐελ
1513 1972 1706 2026 κατελ-

110 2062 346 2130 θόντες,
430 2066 523 2119 καὶ
584 2067 634 2119 οἰ
693 2066 786 2119 ἑπὶ
843 2065 1054 2129 τούτοις
1110 2065 1229 2137 ἅμα
1288 2067 1535 2138 Ἔσδρᾳ,
1612 2066 1705 2119 τὸν

110 2156 259 2210 νεὼν
330 2157 631 2228 οἰκοδομεῖν
698 2157 996 2211 ἐκωλύοντο
1047 2156 1117 2210 τὰ
1162 2157 1395 2229 πρῶτα,
1453 2158 1547 2212 καὶ
1598 2161 1706 2211 τεῖ-

110 2264 213 2319 χος
267 2249 337 2320 τῇ
390 2250 542 2302 πόλει
592 2249 975 2322 περιϐάλλειν,
1042 2248 1119 2311 ὡς
1169 2250 1230 2303 ού
1280 2249 1704 2317 κεκελευσμένου

113 2340 336 2393 τούτου.
445 2342 698 2412 Ἔμεινεν
737 2336 830 2395 οὖν
864 2342 969 2407 ἕως
1013 2342 1248 2412 Νεεμίου
1289 2341 1381 2394 καλ⁸
1431 2338 1706 2410 βασιλείας

128 2428 490 2502 ’Δρταξέρξου
518 2471 535 2495 ,
602 2433 697 2486 καὶ
770 2434 869 2504 τῆς
928 2434 1153 2506 Περσῶν
1204 2431 1499 2503 ἡγεμονίας
1553 2430 1707 2494 ἔτους

119 2521 610 2575 πεντεκαιδεκάτου
644 2522 738 2576 καὶ
785 2524 1077 2578 ἑκατοστοῦ
1101 2540 1115 2556 ·
1173 2523 1281 2577 ἀπὸ
1332 2523 1388 2576 δὲ
1436 2523 1535 2593 τῆς
1568 2519 1708 2575 ἀλώ-

121 2632 265 2679 σεως
328 2614 681 2685 Ἰερουσαλήμ
738 2616 929 2669 ἑκατὸν
987 2616 1314 2687 ὀγδοήκοντα
1394 2614 1557 2667 πέντε
1610 2612 1704 2679 ἐτη

117 2704 354 2775 γίνεται.
447 2693 557 2758 Καῖ
615 2705 737 2758 τότε
781 2704 1032 2775 βασιλεὺς
1073 2703 1431 2777 Ἀρταξέρξης
1489 2702 1706 2757 ἑκέλευ-

121 2813 216 2849 σεν
277 2795 696 2868 οἰκοδομηθῆναι
744 2796 841 2869 τὴν
896 2796 1071 2850 πόλιν.
1150 2797 1389 2867 Νεεμίας
1433 2795 1491 2850 δὲ
1542 2812 1705 2848 κατα-

119 2887 416 2959 πεμφθεὶς,
474 2888 568 2942 τοῦ
614 2888 773 2960 ἔργου
832 2888 1069 2961 προέστη
1095 2905 1109 2920 ·
1181 2890 1215 2958 ἡ
1269 2889 1326 2942 δὲ
1381 2885 1700 2959 ᾠκοδομήθη

120 2976 353 3031 πλατεῖα
408 2976 502 3030 καὶ
552 2978 856 3049 περίτειχος
880 3017 894 3041 ,
964 2977 1039 3040 ὡς
1096 2976 1496 3049 προεφητεύθη.
1583 2977 1700 3029 Κά-

961 293 1620 353 DEMONSTRATIONIS
1660 293 2124 352 EVANGELICAB
2159 292 2287 349 LIB.
2328 291 2464 349 \‘lll.

997 413 1211 477 αἰώνιος
1285 412 1715 483 καταγγέλλεται

1820 412 2136 467 hominibus
2169 427 2229 468 se
2272 409 2570 464 videndum
2604 408 2875 466 exhibuit.
2931 408 3074 480 Ergo
3105 425 3231 465 cum
3284 411 3399 467 haec

3297 297 3402 353 610

1816 504 1896 559 sic
1929 504 2045 560 fore
2073 503 2302 574 angelus
2333 502 2402 564 is,
2428 502 2496 556 de
2546 516 2657 570 quo
2708 501 2913 557 dictum
2945 509 3051 565 est,
3083 504 3401 559 summatim

1815 597 1920 667 ipsi
1949 598 2230 668 propheta:
2250 594 2538 658 cecinerit,
2583 584 2781 648 rursus
2822 609 3131 650 sermonem
3181 599 3250 653 de
3290 611 3401 654 ιιι

1818 689 2253 744 hebdomadibus
2305 694 2568 749 renovat,
2624 687 3056 755 exquisitissime
3115 704 3212 759 per
3283 691 3398 746 sin-

1814 781 1971 851 gulas
2005 790 2191 851 partes
2224 778 2450 841 docens,
2503 779 2650 833 unde
2693 780 2935 849 incipere
2993 788 3239 849 oporteat
3292 797 3398 835 nu--

1798 884 2029 937 ,merare
2046 878 2315 938 tempora,
2330 876 2381 923 et
2400 867 2661 937 quidnam
2677 869 2876 924 talibus
2889 870 3230 937 temporibus
3240 886 3402 926 even-

1813 967 1994 1013 turum
2012 960 2101 1013 sit.
2116 980 2134 1011 ι
2156 959 2221 1012 Et
2245 976 2547 1031 cognosces
2570 968 2624 1015 et
2641 960 2911 1029 intelliges
2935 960 3005 1016 ab
3018 962 3167 1015 exitu
3187 977 3397 1017 sermo-

1809 1051 1946 1116 nis,
2000 1059 2059 1105 ut
2111 1054 2510 1123 respondeatur
2568 1060 2624 1107 et
2672 1052 2974 1109 aediﬁcetur
3030 1050 3332 1109 Jerusalem
3377 1073 3393 1111 :

1811 1141 2181 1198 hebdomades
2269 1153 2519 1215 septem,
2579 1154 2632 1200 et
2676 1144 3048 1199 hebdomades
3110 1149 3395 1216 sexaginta

1810 1232 2022 1295 dum,et
2051 1241 2357 1289 revertetur
2386 1247 2437 1291 et
2456 1236 2818 1292 aedilicabitur
2841 1236 3017 1305 platea
3046 1248 3097 1292 et
3131 1253 3343 1293 murus.
3367 1258 3388 1290 ι

1807 1321 1975 1392 389
1999 1321 2129 1387 Qua:
2159 1338 2292 1379 sane
2320 1326 2484 1380 verba
2514 1334 2577 1380 ut
2603 1326 2825 1381 reddam
2864 1326 3135 1395 planiora,
3161 1327 3393 1396 pulchre

1806 1416 1943 1469 mihi
1972 1416 2149 1471 ollicio
2178 1416 2404 1474 functus
2445 1435 2570 1476 esse
2600 1420 2850 1487 videbor,
2885 1420 2931 1475 si
2967 1423 3392 1478 commentatio-

1806 1522 1930 1562 nem
1960 1508 2016 1561 in
2043 1508 2315 1576 ejusmodi
2347 1512 2498 1567 locos
2527 1511 2648 1581 ejus
2678 1511 2805 1575 viri,
2832 1512 2923 1580 qui
2954 1520 3082 1568 ante
3117 1528 3220 1568 nos
3245 1514 3387 1568 idem

1808 1599 2050 1653 studium
2072 1601 2328 1665 coluerit,
2362 1619 2471 1657 non
2505 1605 2881 1669 occultavero,
2908 1605 3003 1660 sed
3031 1620 3151 1659 eam
3171 1621 3391 1675 quoque

1810 1700 2137 1756 apposuero,
2182 1700 2242 1744 ut
2287 1694 2703 1747 accommodata
2760 1692 2850 1756 iis,
2895 1693 2990 1763 qui
3040 1694 3234 1749 lecturi
3276 1696 3390 1751 sint

1810 1778 1947 1833 haec.
1988 1778 2222 1834 Pulchre
2254 1781 2401 1836 enim
2436 1780 2570 1836 illud
2604 1781 2712 1836 dici
2746 1782 2905 1846 solet,
2938 1798 3059 1852 quae
3082 1784 3386 1839 amicorum

1806 1878 1955 1934 sunt,
1983 1886 2046 1925 ea
2070 1885 2193 1925 esse
2221 1873 2534 1927 communia
2562 1887 2576 1924 :
2610 1880 2666 1926 et
2685 1871 2816 1942 quia
2852 1873 2931 1927 uti
2965 1873 3188 1943 quidem
3225 1876 3386 1944 quasi

1805 1967 2193 2023 communibus
2220 1970 2476 2023 convenit
2506 1969 2597 2033 iis,
2640 1985 2762 2039 qua:
2791 1970 2881 2023 alii
2917 1971 3087 2040 probe
3121 1970 3383 2039 dixerint,

1806 2057 1903 2113 sed
1935 2059 2011 2111 ita
2046 2065 2106 2112 ut
2132 2073 2501 2130 agnoscamus
2530 2071 2808 2127 auctores,
2845 2078 3025 2132 neque
3048 2074 3142 2118 aut
3171 2080 3269 2119 sua
3304 2081 3390 2122 so-

1804 2151 1926 2206 bole
1959 2161 2163 2220 patres,
2206 2162 2302 2207 aut
2331 2169 2447 2217 eos,
2478 2156 2573 2223 qui
2608 2155 2774 2224 primi
2814 2158 3224 2223 consueverint,
3254 2174 3386 2229 pro-

1804 2242 1941 2311 priis
1977 2243 2280 2299 seminibus
2310 2242 2722 2308 defraudemus,
2756 2245 2903 2300 illius
2934 2246 3099 2301 verba
3129 2263 3240 2302 non
3267 2262 3389 2318 gra-

1805 2335 1977 2389 vabor
2019 2350 2313 2405 apponere.
2358 2334 2433 2389 Ea
2478 2335 2733 2391 feruntur
2792 2336 3039 2392 Africani
3086 2339 3141 2393 in
3190 2340 3387 2409 quinto

1804 2440 1996 2479 eorum
2027 2441 2150 2496 quae
2184 2426 2252 2483 de
2275 2428 2615 2496 temporibus
2647 2428 2888 2498 scripsit,
2930 2446 3051 2499 quae
3079 2431 3298 2500 quidem
3329 2433 3385 2487 in

1807 2517 1954 2572 hunc
1980 2519 2199 2573 modum
2237 2535 2295 2575 se
2323 2518 2527 2574 habent
2560 2538 2575 2574 :
2619 2538 2638 2571 ι
2679 2519 2801 2590 Ipsa
2831 2520 3049 2592 quidem
3093 2524 3381 2593 particula,

1804 2608 2001 2678 inquit,
2038 2624 2160 2680 qua:
2192 2609 2304 2665 fere
2362 2611 2444 2664 sic
2474 2626 2535 2663 se
2564 2610 2749 2675 habet,
2793 2619 2908 2665 tum
2949 2614 3116 2668 multa
3148 2624 3260 2668 tum
3290 2616 3387 2669 ad-

1803 2702 2076 2756 mirabilia
2104 2702 2418 2773 signiﬁcat:
2452 2711 2692 2759 attamen
2735 2721 2884 2759 nunc
2918 2705 2988 2762 de
3015 2708 3085 2761 iis
3116 2708 3386 2764 duntaxat

1802 2809 1924 2864 qua;
1973 2794 2133 2850 nobis
2158 2795 2225 2849 ad
2256 2796 2524 2850 rationem
2573 2804 2901 2865 temporum,
2932 2806 2987 2852 et
3028 2814 3221 2854 eorum
3261 2814 3388 2871 qua:

1803 2885 1869 2940 ad
1899 2892 2145 2956 tempora
2174 2887 2446 2956 pertinent
2476 2888 2818 2944 conductura
2851 2890 2982 2955 sint,
3019 2892 3182 2946 verba
3214 2891 3386 2948 facia-

1802 2991 1946 3031 mus.
1978 2975 2132 3042 Quod
2159 2976 2325 3046 igitur
2350 2977 2465 3033 haec
2496 2979 2564 3034 de
2593 2980 2830 3035 adventu
2863 2979 3068 3037 Christi
3104 2982 3381 3050 dicantur,

119 3071 304 3127 κεῖθεν
372 3069 698 3144 ἀριθμοῦσιν
763 3072 895 3142 ἡμῖν
966 3070 1334 3142 ἑϐδομήκοντα
1410 3070 1701 3141 ἑϐδομάδες

1805 3065 1899 3135 qui
1942 3074 2067 3134 post
2111 3064 2487 3124 hebdomadas
2521 3084 2625 3122 Lxx
2683 3070 2753 3124 ab
2783 3070 3098 3128 hominibus
3125 3082 3271 3129 esset
3299 3076 3383 3130 vi-

119 3161 202 3224 είς
260 3160 355 3214 τὸν
410 3159 642 3232 Χριστὸν
706 3159 1119 3215 συντελοῦνται·
1183 3163 1232 3214 εἰ
1312 3160 1420 3233 γάρ
1478 3160 1701 3215 ἄλλοθέν

1809 3155 2042 3219 dandus,
2071 3156 2387 3226 neutiquam
2412 3157 2637 3212 dubium
2667 3166 2751 3214 est
2779 3178 2792 3214 :
2822 3167 3066 3231 tempore
3092 3163 3239 3218 enim
3273 3163 3385 3219 Sal-

120 3251 289 3306 ποθεν
350 3253 603 3325 ἀριθμεῖν
667 3252 1012 3324 ἀρξαίμεθα,
1096 3254 1191 3307 καὶ
1262 3254 1362 3307 ούκ
1432 3253 1698 3316 ἐντεῦθεν,

120 3340 245 3396 οὔτε
304 3346 331 3396 ὁ
375 3344 565 3415 χρόνος
614 3343 1000 3416 συνδραμεῖται
1023 3386 1037 3409 ,
1101 3347 1196 3399 καὶ
1246 3345 1472 3399 πλεῖστα
1523 3345 1700 3399 ἄτοπα

122 3437 446 3507 ἀπαντήσει.
540 3438 666 3491 Ἐάν
717 3456 778 3491 τε
836 3438 946 3510 γὰρ
1023 3438 1130 3492 ἀπὸ
1200 3438 1383 3510 Κύρου
1448 3438 1543 3493 καὶ
1602 3440 1701 3510 τῆς

120 3528 347 3603 πρώτης
399 3531 766 3602 καταπομπῆς
821 3529 919 3601 τὴν
977 3529 1149 3602 ἀρχὴν
1199 3528 1556 3600 ποιησώμεθα
1602 3532 1698 3602 τῆς

121 3621 475 3695 ἀριθμήσεως
551 3622 659 3676 τῶν
737 3621 1107 3693 ἑϐδομήκοντα
1184 3620 1531 3692 ἑϐδομάδων,
1619 3624 1699 3684 εἰς

123 3714 217 3785 ἐτη
289 3712 485 3766 ἑκατὸν
533 3712 629 3765 καὶ
680 3711 902 3783 προσέτι
953 3710 1311 3783 περισσεύει.
1384 3710 1584 3765 πλείων
1641 3710 1697 3764 δὲ

124 3803 352 3874 χρόνος,
422 3804 473 3856 εἰ
525 3802 618 3873 ἀφ’
668 3796 738 3875 ἦς·
777 3800 987 3875 ἡμέρας
1063 3801 1139 3873 τῷ
1207 3802 1400 3872 Δανιὴλ
1450 3803 1477 3854 ὁ
1531 3806 1695 3871 ἄγγε-

123 3894 212 3958 λος
253 3896 664 3966 προεφήτευσε,
721 3894 899 3965 πολλῷ
952 3894 1008 3947 δὲ
1056 3894 1255 3948 πλείων
1283 3935 1298 3958 ,
1346 3896 1393 3947 εί
1440 3895 1534 3947 ἀπ’
1596 3896 1695 3963 ἀρ-

123 3987 225 4059 χῆς
265 3987 365 4058 τῆς
409 3986 801 4057 αἰχμαλωσίας.
880 3986 1219 4058 Εὑρίσκομεν
1273 3984 1380 4054 γὰρ
1418 3983 1517 4055 τὴν
1561 3986 1696 4057 Περ-

126 4078 234 4132 σῶν
312 4077 590 4148 βασιλείαν
643 4076 786 4130 ἔτεσι
851 4074 1146 4138 διακοσίοις
1202 4074 1492 4145 τριάκοντα
1539 4090 1694 4144 περι-

122 4170 510 4241 γραφομένην’,
569 4169 668 4240 τήν
736 4185 796 4221 τε
849 4168 1174 4221 Μακεδόνων
1238 4168 1318 4229 εἰς
1383 4164 1477 4236 ἐτη
1535 4183 1692 4237 τρια-ι

121 4263 278 4318 κόσια
326 4263 698 4334 ἑϐδομήκοντα
750 4259 1180 4333 παρατείνουσαν
1207 4299 1222 4323 ,
1290 4258 1546 4312 κάκεῖθεν
1600 4260 1692 4312 ἐπὶ

119 4354 181 4408 τὸ
227 4353 477 4426 Τιϐερίου
528 4353 807 4425 Καίσαρος
867 4349 1248 4405 ἑκκαιδέκατον
1302 4348 1419 4412 ἔτος
1474 4352 1554 4413 εἰς
1595 4348 1689 4420 ἑτη

121 4444 399 4511 ἑξήκοντα.

120 4534 408 4605 ἑϐδομάδες
452 4536 532 4597 εἰς
587 4532 677 4587 τόν
736 4534 829 4586 ἐπὶ
873 4531 1106 4601 Χριστὸν
1161 4531 1533 4585 συντελοῦνται
1573 4532 1693 4603 χρό-

122 4645 245 4693 νον,
317 4627 466 4682 κατά
532 4628 656 4691 τοὺς
718 4625 985 4681 Ἰουδαίων
1033 4623 1318 4696 ἀριθμούς.
1389 4624 1523 4677 Ἀπὸ
1582 4622 1691 4694 γάρ

120 4718 390 4789 Νεεμίου,
469 4717 528 4781 ὃς
614 4715 720 4771 ὑπὸ
802 4714 1155 4789 Ἀρταξέρξου
1243 4715 1343 4787 τὴν
1420 4715 1691 4785 Ἰερουσα-

118 4810 228 4882 λὴμ
272 4808 710 4880 ἀνοικοδομήσων
762 4805 1020 4878 ἐπέμφθη
1069 4805 1179 4859 ἔτει
1225 4803 1690 4873 πεντεκαιδεκάτῳ

120 4902 213 4955 καὶ
262 4898 536 4969 ἑκατοστῷ
584 4898 687 4969 τῆς
735 4897 962 4971 Περσῶν
1019 4896 1293 4968 βασιλείας
1323 4935 1337 4960 ,
1414 4893 1579 4948 αὐτοῦ
1632 4894 1693 4947 δὲ

131 4988 480 5063 Ἀρταξέρξου
535 4988 809 5060 βασιλείας
856 4987 1084 5058 εἰκοστῷ
1132 4987 1241 5040 ἔτει
1268 5025 1283 5053 ,
1338 4987 1434 5041 κα)⁸
1489 4986 1687 5057 Ὀλυμ-

118 5078 302 5144 πιάδος
341 5079 703 5153 ὀγδοηκοστῆς
753 5080 943 5149 τρίτης
982 5078 1091 5132 ἔτει
1130 5078 1411 5149 τετάρτῳ,
1449 5077 1541 5131 ἐπὶ
1570 5077 1692 5131 τοῦ·

118 5191 207 5230 τον
259 5173 350 5227 τὸν
400 5173 588 5246 χρόνον
610 5213 625 5237 ,
691 5172 749 5236 ὃς
788 5168 857 5243 ἦν
914 5170 1268 5242 Ὀλυμπιάδος
1319 5170 1689 5241 διακοσιοστῆς

118 5264 365 5338 δευτέρας
435 5265 554 5330 ἑτος
625 5264 874 5335 δεύτερον
901 5303 915 5327 ,
994 5261 1244 5332 Τιϐερίου
1305 5260 1361 5313 δὲ
1414 5261 1687 5331 Καίσαρος

119 5355 406 5427 ἡγεμονίας
458 5354 573 5419 ἔτος
627 5354 1010 5408 ἑκκαιδέκατον
1033 5392 1048 5416 ,
1101 5351 1194 5422 ἑτη
1258 5352 1547 5418 συνάγεται
1601 5367 1689 5404 τε·

116 5448 375 5521 τρακόσια
449 5446 819 5517 ἑϐδομήκοντα
898 5445 1057 5499 πέντε
1084 5483 1098 5507 ,
1196 5444 1338 5516 ἀπερ
1425 5444 1686 5514 Ἑϐραϊκὰ

117 5537 438 5611 τετρακόσια
498 5539 854 5609 ἐννενήκοντα
915 5538 1146 5606 γίνεται,
1196 5535 1340 5589 κατά
1386 5534 1477 5588 τὸν
1527 5536 1686 5605 σελη-

121 5634 278 5686 νιαῖον
332 5630 530 5702 δρόμον
576 5630 706 5693 τοὺς
748 5628 1025 5693 ἐνιαυτοὺς
1080 5627 1305 5681 ἐκείνων
1362 5626 1686 5701 ἐξαριθμου-

128 5723 325 5793 μένων,
385 5722 459 5786 ὡς
507 5721 622 5776 ἐστι
681 5721 968 5792 πρόχειρον
1002 5720 1204 5785 εἰπεῖν,
1258 5718 1483 5791 ἡμερῶν
1532 5737 1688 5790 τρια-

1804 3248 2011 3303 vatoris
2039 3250 2216 3303 nostri
2261 3258 2355 3303 aut
2382 3264 2447 3304 ex
2479 3249 2573 3304 illo
2613 3251 2754 3319 ipso,
2787 3260 2841 3306 et
2884 3252 3245 3323 antiquantur
3283 3256 3383 3311 de-

1802 3339 1955 3402 licta,
1983 3346 2038 3394 et
2076 3348 2302 3409 peccata
2330 3352 2789 3397 consummantur
2820 3360 2836 3398 :
2872 3358 2971 3413 per
2998 3346 3380 3426 remissionem

1802 3442 2006 3497 autem,
2030 3432 2350 3502 iniquitates
2377 3448 2503 3487 cum
2533 3433 2822 3503 injustitiis
2863 3436 3172 3506 expiatione
3192 3438 3381 3495 delen-

1802 3529 1911 3587 tur,
1963 3524 2290 3594 justitiaque
2340 3524 2679 3594 sempiterna
2724 3520 3118 3593 denuntiatur,
3181 3539 3381 3600 praeter

1798 3628 1919 3668 eam
1948 3629 2069 3683 quae
2095 3629 2161 3669 ex
2212 3615 2329 3685 lege
2356 3615 2765 3684 acquirebatur.
2813 3616 3067 3674 Visiones
3109 3630 3289 3677 autem
3322 3631 3379 3677 et

1800 3704 2096 3775 prOphetia:
2134 3721 2308 3776 usque
2358 3706 2425 3760 ad
2472 3705 2761 3773 Joannem,
2793 3719 2847 3765 et
2888 3708 3124 3767 Sanetus
3155 3721 3378 3770 sancto-

1796 3812 1918 3852 rum
1950 3798 2173 3869 ungitur
2205 3817 2217 3851 :
2257 3812 2384 3851 nam
2418 3814 2543 3852 cum
2574 3807 2702 3855 ante
2738 3801 3038 3858 Salvatoris
3071 3804 3245 3859 nostri
3275 3804 3375 3859 ad—

1796 3899 2015 3945 ventum
2058 3891 2174 3945 haec
2213 3904 2325 3944 non
2370 3896 2596 3953 essent,
2645 3893 3107 3961 exspectabantur
3164 3905 3371 3953 tamen.

1792 3980 2017 4036 Numeri
2047 3997 2176 4036 vero
2210 3981 2428 4035 initium
2454 3981 2725 4050 accipere,
2757 3982 2861 4038 hoc
2894 3992 2978 4040 est
3017 4000 3125 4039 ωλι
3164 3985 3375 4040 hebdo-

1793 4071 2100 4135 madarum,
2145 4072 2240 4142 qui
2278 4078 2409 4126 sunt
2455 4071 2586 4124 anni
2626 4072 3012 4143 quadringenti
3048 4076 3368 4146 nonaginta,

1792 4163 2019 4233 angelus
2051 4164 2296 4233 praecipit
2337 4163 2406 4217 ab
2438 4163 2586 4217 exitu
2631 4165 2903 4220 sermonis
2932 4175 2991 4219 ut
3037 4169 3371 4237 respondea-

1791 4262 1903 4317 tur,
1945 4264 1998 4309 et
2040 4253 2344 4309 aediﬁcetur
2390 4252 2717 4310 Jerusalem.
2759 4254 2932 4310 Porro
2976 4256 3093 4311 hazc
3120 4259 3360 4329 contige-

1790 4358 1921 4402 runt
1942 4348 2094 4418 regni
2117 4347 2456 4413 Artaxerxis,
2481 4350 2574 4420 qui
2606 4349 2897 4405 Persarum
2932 4366 3023 4404 rcx
3058 4350 3181 4417 fuit,
3222 4366 3367 4409 anno

499 4443 632 4496 Ἀπὸ
672 4441 730 4494 δὲ
793 4440 1146 4513 Ἀρταξέρξου
1209 4441 1265 4493 αἱ
1321 4439 1688 4510 ἑϐδομήκοντα

1800 4438 2053 4493 vicesimo
2080 4458 2093 4493 :
2124 4439 2288 4507 hujus
2310 4441 2454 4493 enim
2482 4441 2739 4510 pincerna
2768 4439 3058 4497 Nehemias
3088 4458 3212 4497 cum
3240 4459 3367 4499 eum

1786 4529 1970 4597 ipsum
1997 4538 2267 4598 rogasset,
2301 4544 2624 4599 responsum
2661 4533 2890 4601 accepit,
2920 4543 2979 4586 ut
3005 4533 3367 4593 aediﬁcaretur

1787 4617 2111 4675 Jerusalem.
2164 4618 2232 4673 Et
2283 4635 2465 4675 sermo
2494 4622 2663 4676 exivit
2692 4638 2802 4691 quo
2853 4624 3030 4693 ipsum
3062 4625 3168 4680 hoc
3205 4628 3369 4696 jube—

1789 4711 1950 4765 batur
1976 4730 1987 4764 :
2025 4726 2150 4765 nam
2187 4710 2254 4764 ad
2285 4711 2420 4766 illud
2450 4728 2628 4783 usque
2671 4722 2888 4785 tempus
2918 4716 3118 4771 civitas
3148 4717 3367 4774 deserta

1791 4806 2087 4854 manserat.
2135 4799 2273 4856 Cum
2318 4800 2466 4855 enim
2505 4801 2684 4873 Cyrus
2726 4811 2850 4873 post
2892 4809 3366 4876 septuagenariam

1791 4893 2107 4947 servituth
2133 4893 2405 4948 volentem
2425 4910 2869 4967 unumquemque
2897 4898 3202 4954 voluntarie
3232 4901 3368 4955 emi-

1790 4990 1974 5051 sisset,
2007 4988 2099 5057 qui
2136 5003 2260 5043 cum
2304 4987 2433 5043 Jesu
2467 5006 2666 5060 magno
2699 4992 2986 5048 sacerdote
3013 5001 3068 5047 et
3116 4992 3365 5049 Zoroba-

1790 5080 1897 5145 bel,
1930 5080 2132 5150 quique
2158 5088 2282 5150 post
2310 5080 2411 5136 hos
2434 5082 2584 5151 ipsos
2605 5098 2729 5136 cum
2755 5082 2923 5138 Esdra
2946 5084 3363 5150 descenderant,

1788 5171 2055 5227 aediﬁcare
2107 5173 2368 5239 templum
2419 5182 2475 5228 et
2522 5189 2738 5228 murum
2781 5175 2987 5229 civitati
3025 5176 3368 5233 circumdare

1790 5263 1949 5317 initio
1982 5259 2436 5330 prohibebantur,
2463 5269 2725 5332 tanquam
2761 5264 2865 5318 hoc
2897 5264 3221 5334 imperatum
3254 5281 3367 5321 non

1790 5361 1955 5408 esset.
1987 5350 2187 5407 Mansit
2215 5351 2381 5422 igitur
2412 5366 2587 5422 usque
2616 5352 2684 5407 ad
2708 5350 3022 5409 Nehemiam
3062 5365 3117 5410 et
3138 5370 3367 5427 regnum

1791 5442 2130 5505 Artaxerxis,
2177 5458 2491 5513 annumque
2531 5443 2746 5513 imperii
2787 5442 3080 5499 Persarum
3128 5443 3368 5499 centesi-

1793 5549 1941 5588 mum
1976 5543 2030 5589 et
2064 5533 2317 5604 quintum
2345 5534 2621 5590 decimum
2656 5549 2821 5590 :cum
2856 5550 2985 5590 vero
3017 5551 3047 5588 a
3073 5544 3233 5606 capta
3277 5534 3368 5590 Je-

1794 5627 2032 5682 rusalem
2062 5641 2240 5683 annus
2270 5628 2601 5684 centesimus
2632 5633 2794 5697 atque
2833 5629 3203 5700 octogesimus
3234 5644 3364 5700 age-

1793 5726 1963 5784 retur,
2007 5717 2172 5789 390
2216 5726 2329 5773 tum
2377 5735 2471 5777 rex
2514 5720 2846 5777 Artaxerxes
2884 5719 3053 5791 jussit
3104 5720 3366 5777 aediﬁcari
