3836 6220
420 312 520 366 611

1057 291 1332 353 EUSEBlI
1365 278 1842 347 CAESARIENSIS
1878 273 2029 332 OPP.
2069 266 2250 325 PARS
2290 264 2352 321 II.
2392 294 2462 306 -—
2496 255 2996 318 APOLOGETICA.

3580 246 3688 304 612

421 425 719 484 civitatem,
751 425 805 473 et
834 411 1145 475 Nehemias,
1170 423 1316 463 unus
1330 417 1522 461 eorum
1550 398 1644 470 qui
1674 391 1864 452 emissi
1890 389 2011 444 fue-

2116 382 2311 437 κοσίων
2344 378 2679 449 πεντήκοντα
2725 373 3007 443 τεσσάρων
3029 408 3044 429 ,
3096 365 3190 420 τοῦ
3218 363 3444 438 ἡλιακοῦ
3483 364 3688 418 κύκλου

2116 476 2125 484 .
2195 473 2206 484 .
2516 472 2529 484 .
2662 466 2689 478 ~
2723 482 2727 484 .
2796 480 2932 484 -μμ,
2959 462 3116 484 --!-...
3183 459 3439 484 151-.----
3525 456 3688 484 -.ιη-ι

422 523 567 578 rant,
599 481 750 583 operi
774 506 994 578 praefuit
1020 521 1032 555 :
1067 511 1123 558 et
1152 502 1332 572 platea
1365 503 1421 551 et
1443 492 1588 548 muri
1617 488 1856 544 ambitus
1876 481 2004 539 aedi-

424 606 585 662 ﬁcata
612 580 762 667 sunt,
794 600 940 656 sicut
979 595 1226 649 futurum
1261 585 1549 661 prophetia
1577 580 1997 652 signiﬁcaverat.

422 694 556 751 Inde
586 695 752 764 igitur
778 690 939 745 nobis
979 697 1274 740 numerare
1305 675 1695 747 incipientibus
1727 685 1835 724 ιιι
1870 666 2005 721 heb-

425 785 687 843 domades
715 784 771 837 in
797 781 1077 837 Christum
1114 773 1484 830 terminantur
1510 786 1523 818 :
1554 779 1680 820 nam
1713 762 1761 817 si
1809 759 1878 814 ab
1910 757 2004 811 illo

427 879 620 951 quovis
650 884 893 945 tempore
933 865 1260 925 numerandi
1308 862 1527 918 initium
1566 856 1880 915 fecerimus,
1907 865 2028 924 nea

424 985 532 1041 que
553 976 770 1037 tempus
796 966 975 1036 ipsum
1013 956 1324 1022 conveniet,
1353 960 1408 1009 et
1440 950 1610 1006 multa
1656 940 2006 1001 incommoda

426 1060 616 1118 subire
669 1036 903 1111 necesse
932 1052 1057 1107 erit.
1092 1047 1218 1103 Sive
1260 1045 1407 1101 enim
1441 1058 1471 1095 a
1513 1040 1679 1111 Cyro,
1723 1036 2007 1107 primaque

424 1244 690 1316 perimus,
723 1240 851 1293 anni
879 1244 1101 1293 centum
1138 1241 1193 1288 et
1223 1230 1458 1300 amplius
1507 1231 1858 1295 supererunt,
1889 1220 2006 1275 sive

426 1308 495 1389 ab
520 1349 588 1388 eo
609 1333 699 1387 die
728 1344 836 1401 quo
875 1326 1102 1397 angelus
1153 1321 1260 1393 ipsi
1292 1317 1482 1373 Daniel
1509 1313 1789 1372 oraculum
1823 1308 2008 1365 reddi-

425 1428 527 1494 dit,
558 1426 720 1481 etiam
751 1422 926 1490 major
971 1419 1063 1473 ﬁet
1102 1427 1373 1470 annorum
1401 1423 1686 1465 numerus.
1716 1402 1887 1458 Multo
1909 1416 2006 1455 au-

425 1528 536 1573 tem
586 1518 780 1585 major,
808 1514 856 1569 si
908 1512 979 1566 ab
1032 1509 1191 1564 initio
1236 1513 1409 1575 captae
1456 1502 1633 1556 urbis.
1692 1495 2008 1551 Invenimus

426 1612 571 1665 enim
600 1620 831 1678 regnum
865 1602 1161 1657 Persarum
1212 1598 1357 1652 intra
1401 1607 1577 1649 annos
1614 1603 1677 1643 cc
1709 1594 1871 1657 atque
1896 1600 2010 1639 xxx

427 1699 719 1755 contineri.
747 1692 953 1749 Deinde
991 1690 1349 1745 Macedonum
1386 1684 1452 1738 ad
1506 1693 1779 1736 annorum
1813 1689 2009 1731 nume-

427 1804 551 1844 rum
594 1785 905 1841 continuari
954 1787 1325 1837 trecentorum
1375 1783 1428 1830 et
1462 1771 1824 1843 septuaginta.
1874 1765 2008 1821 Inde
2038 1736 2082 1791 Β

427 1896 561 1936 vero
592 1881 659 1935 ad
695 1878 901 1933 Tiberii
947 1873 1183 1930 Caesaris
1215 1883 1416 1924 annum
1450 1873 1661 1921 sextum
1695 1860 2004 1922 decimum,

430 1991 606 2031 annos
643 1971 947 2040 sexaginta.
978 1966 1062 2019 Ab
1107 1964 1410 2017 Artaxerxe
1448 1965 1629 2013 autem
1665 1953 2009 2025 septuaginta

431 2065 799 2123 hebdomades
846 2060 916 2115 ad
941 2057 1146 2113 Christi
1191 2063 1407 2124 tempus
1438 2050 1786 2118 perveniunt,
1821 2046 1869 2101 si
1906 2043 2007 2099 Ju-

431 2160 672 2214 daaorum
706 2167 962 2209 numeros
996 2148 1299 2218 sequimur.
1343 2142 1624 2213 Siquidem
1660 2154 1691 2193 a
1725 2136 2006 2218 Nehemia,

432 2252 525 2321 qui
557 2257 617 2305 ut
638 2246 934 2303 aediﬁcaret
982 2239 1289 2297 Jerusalem
1316 2244 1402 2293 est
1427 2235 1651 2297 missus,
1687 2214 1832 2286 anno
1853 2226 2009 2300 regni

433 2320 725 2399 Persarum
775 2336 1076 2393 centesimo
1108 2339 1162 2387 et
1193 2331 1385 2401 quinto
1405 2326 1640 2392 decimo,
1670 2322 1763 2394 qui
1793 2320 1896 2375 fuit
1924 2323 2010 2389 ip-

434 2438 552 2492 sius
596 2431 752 2502 regni
785 2424 1107 2483 Artaxerxis
1139 2421 1459 2484 vicesimus,
1491 2424 1652 2487 atque
1690 2414 1834 2469 idem
1855 2418 2011 2466 octo—

433 2526 651 2598 gesimae
684 2521 856 2577 tertiae
893 2514 1216 2589 olympiadis
1252 2521 1500 2582 quartus,
1527 2506 1593 2561 ad
1628 2503 1759 2560 illud
1794 2510 2010 2573 tempus

434 2592 528 2686 qui
564 2613 667 2668 fuit
713 2607 1042 2681 olympiadis
1092 2600 1488 2658 ducentesima:
1539 2592 1795 2651 secundae
1833 2604 2012 2645 annus

437 2704 732 2766 secundus,
763 2698 975 2771 imperii
997 2703 1177 2750 autem
1209 2689 1415 2747 Tiberii
1438 2686 1672 2743 Caesaris
1705 2692 1895 2740 sextus
1917 2683 2014 2737 de-

435 2800 634 2862 cimus,
660 2793 791 2849 anni
836 2794 1195 2846 numerantur
1238 2778 1623 2854 quadringenti
1668 2774 2013 2846 septuaginta

437 2894 696 2964 quinque,
737 2885 833 2958 qui
875 2880 1144 2938 Hebraica
1185 2877 1400 2932 ratione
1447 2873 1583 2926 ﬁunt
1630 2864 2014 2939 quadringenti

438 2960 735 3051 nonaginta
763 2995 775 3030 :
804 2982 1012 3045 utpote,
1043 2984 1168 3024 cum
1210 2966 1288 3020 illi
1319 2963 1388 3019 ad
1410 2976 1635 3018 cursum
1666 2960 1809 3013 lunae
1838 2972 2015 3013 annos

437 3081 756 3142 computare
777 3063 1187 3124 consueverint,
1224 3065 1286 3112 ut
1315 3057 1421 3110 hac
1452 3054 1667 3107 ratione
1707 3064 1883 3105 annus
1910 3050 2013 3112 sit,

439 3141 585 3236 quod
611 3164 760 3219 dictu
794 3159 952 3214 facile
977 3162 1085 3219 est,
1121 3153 1335 3208 dierum
1363 3153 1732 3202 trecentorum
1756 3141 2019 3211 quinqua-

440 3260 590 3329 ginta
619 3259 880 3324 quatuor,
925 3264 1050 3304 cum
1081 3253 1263 3299 tamen
1287 3239 1484 3296 solaris
1511 3250 1710 3291 cursus
1738 3233 1855 3288 dies
1881 3246 2019 3287 con-

442 3321 588 3405 ﬁciat
616 3321 890 3399 trecentos
934 3338 1217 3409 sexaginta
1246 3333 1501 3404 quinque
1530 3342 1657 3383 cum
1698 3323 1863 3381 unius
1906 3321 2017 3378 diei

441 3447 596 3513 parte
619 3442 837 3508 quarta.
869 3431 946 3486 Ex
984 3444 1094 3500 quo
1138 3431 1365 3497 apparet
1398 3424 1624 3477 lunares
1654 3432 1853 3473 cursus
1876 3415 2018 3471 duo--

441 3532 642 3594 decim,
697 3527 767 3582 ab
809 3538 921 3578 uno
971 3519 1141 3577 solari
1195 3532 1386 3579 cursu,
1436 3511 1693 3568 undecim
1730 3509 1924 3565 diebus
1963 3510 2020 3561 et

442 3632 641 3697 quarta
670 3620 838 3676 unius
853 3615 961 3671 diei
981 3608 1251 3683 superari.
1275 3607 1485 3663 Idcirco
1507 3612 1562 3660 et
1584 3602 1756 3658 Graeci
1780 3597 2019 3656 etJudaai

442 3726 630 3774 ternos
665 3710 1024 3768 intercalares
1051 3717 1268 3758 menses
1290 3707 1485 3754 octavo
1514 3696 1717 3765 cuique
1747 3706 1894 3746 anno
1920 3689 2020 3744 ad-

441 3807 656 3874 iiciunt.
697 3800 908 3857 Etenim
937 3798 984 3853 si
1014 3794 1265 3850 undenos
1298 3805 1424 3847 cum
1445 3788 1609 3843 unius
1638 3791 1793 3855 parte
1823 3787 2019 3853 quarta

444 3899 617 3954 octies
664 3890 1016 3965 repetiveris,
1064 3886 1232 3940 trium
1280 3880 1552 3938 mensium
1603 3876 1838 3947 spatium
1885 3888 2019 3927 con-

446 3990 617 4047 ﬁcies.
667 3964 1065 4054 Quadringenti
1121 3977 1287 4049 igitur
1360 3969 1705 4043 septuaginta
1778 3964 2020 4037 quinque

447 4086 612 4148 anni,
665 4079 920 4137 octennia
978 4071 1214 4129 reddunt
1263 4064 1659 4139 quinquaginta
1717 4072 1914 4114 novem
1967 4065 2021 4112 et

448 4192 622 4233 annos
681 4180 945 4244 praeterea
1003 4173 1136 4218 tres.
1200 4160 1337 4216 Cum
1384 4171 1515 4211 vero
1570 4162 1765 4208 octavo
1823 4149 2022 4220 cuique

449 4283 595 4325 anno
639 4266 783 4322 terni
837 4259 1231 4317 intercalentur
1279 4263 1534 4309 menses,
1586 4242 1874 4299 coniicitur
1925 4255 2023 4293 an-

446 4376 644 4419 norum
682 4375 750 4413 xv
786 4368 1022 4416 summa,
1067 4346 1260 4420 paucis
1301 4342 1558 4398 detractis
1602 4335 1814 4392 diebus.
1859 4331 2016 4402 391

2103 473 2439 545 ὑπάρχοντος
2506 466 2731 541 ἡμερῶν
2790 462 3116 537 τριακοσίων
3181 459 3444 531 ἑξήκοντα
3524 456 3693 510 πέντε

2101 566 2381 635 τετάρτου.
2489 560 2601 632 Τὴν
2653 557 2763 629 γὰρ
2816 556 2958 610 κατὰ
3006 551 3232 624 σελήνην
3297 548 3687 619 δωδεκάμηνον

2104 654 2475 728 παραλλάσσει
2550 649 2787 722 ἡμέραις
2846 645 3037 700 ἐνδεκα
3103 643 3200 696 κει.)⁹
3251 640 3515 711 τετάρτῳ.
3592 637 3694 690 Διὰ

2103 748 2265 802 τοῦτο
2328 744 2589 815 Ἕλληνες
2648 743 2744 794 καὶ
2824 738 3067 792 Ἰουδαῖοι
3136 736 3286 806 τρεῖς
3347 733 3524 804 μῆνας
3588 731 3694 803 ἑμ-

2105 839 2221 895 ϐολί
2228 854 2360 910 μους
2397 837 2575 890 ἔτεσιν
2599 831 2744 886 ὀκτὼ
2782 828 3276 903 παρεμϐάλλουσιν·
3315 824 3544 886 ὀκτάκις
3580 823 3694 894 γάρ

2104 930 2175 984 τὰ
2216 929 2407 983 ἕνδεκα
2449 926 2710 997 τέταρτον
2757 923 2903 975 ποιεῖ
2930 917 3210 991 τρίμηνον.
3287 914 3372 967 Τὰ
3394 912 3577 967 τοίνυν
3608 928 3700 964 τε-

2105 1023 2367 1096 τρακόσια
2393 1018 2761 1089 ἐϐδομήκοντα
2781 1014 2944 1067 πέντε
2966 1010 3084 1082 ἔτη,
3110 1005 3485 1078 ὀκταετηρίδες
3512 1005 3700 1074 γίνον-

2107 1134 2196 1171 ται
2249 1113 2587 1183 πεντήκοντα
2632 1106 2789 1161 ἐννέα
2841 1104 2935 1158 καὶ
2985 1103 3151 1174 μῆνες
3206 1100 3355 1170 τρεῖς
3378 1114 3394 1130 ο
3445 1096 3522 1160 ὡς
3574 1112 3701 1166 τρι-

2111 1206 2282 1277 μήνου
2342 1202 2399 1256 δὲ
2454 1197 2748 1270 ἐμϐολίμου
2797 1196 2866 1265 τῇ
2916 1190 3172 1261 ὀκταετίᾳ
3201 1186 3529 1259 γινομένης,
3597 1184 3699 1254 ἔτη

2110 1293 2496 1350 πεντεκαίδεκα
2542 1290 2737 1358 ὀλίγων
2768 1284 2992 1357 ἡμερῶν
3029 1280 3362 1336 ἀποδεόντων
3388 1277 3697 1347 γίγνονται.

2109 1386 2296 1440 Ταῦτα
2321 1384 2378 1437 δὲ
2406 1381 2543 1453 πρὸς
2566 1381 2680 1442 τοῖς
2721 1373 3091 1446 τετρακοσίοις
3128 1370 3499 1441 ἑϐδομήκοντα
3524 1366 3700 1419 πέντε

2110 1478 2307 1541 ἔτεσιν,
2360 1476 2418 1528 αἱ
2464 1472 2835 1543 ἐϐδομήκοντα
2881 1463 3170 1536 ἐϐδομάδες
3220 1459 3624 1515 συντελοῦνται.
3676 1476 3696 1509 ι

2110 1566 2296 1622 Ταῦτα
2328 1566 2426 1638 μὲν
2468 1560 2561 1618 οῦν
2600 1557 3043 1632 ἈφρικανόςηΕί
3083 1554 3140 1609 δέ
3176 1555 3282 1625 χρὴ
3312 1552 3409 1607 καὶ
3442 1552 3597 1623 ἡμᾶς
3622 1552 3705 1602 οξ-

2111 1661 2270 1715 κείαν
2301 1662 2381 1722 είς
2422 1660 2549 1722 τοὺς
2586 1657 2786 1718 τόπους
2829 1650 3082 1706 ἀπόδοσιν
3116 1649 3195 1711 είς
3236 1645 3399 1716 μέσον
3438 1642 3702 1711 ἀγαγεῖν,

2113 1751 2256 1821 φημὶ
2300 1749 2374 1820 μὴ
2421 1747 2617 1818 μάτην,
2665 1743 2799 1817 μηδέ
2848 1741 2923 1805 ὡς
2962 1740 3118 1809 ἔτυχε
3156 1736 3256 1808 τὴν
3290 1734 3556 1806 διαίρεσιν
3599 1749 3704 1784 πε-

2113 1844 2365 1917 ποιῆσθαι
2390 1843 2479 1896 τὸν
2504 1841 2659 1909 λόγον
2694 1837 2804 1889 τῶν
2842 1833 3206 1905 ἑϐδομήκοντα
3231 1827 3558 1899 ἑϐδομάδων.
3578 1828 3707 1877 Διε-

2112 1914 2357 2007 λὼνήγὰρ
2382 1931 2553 1995 αὐτὰς
2582 1933 2662 1988 είς
2696 1926 2919 2000 πρώτας
2942 1921 3104 1985 ἑπτὰ,
3147 1918 3319 1973 ἔπειθ’
3348 1917 3544 1988 ἑτέρας
3570 1914 3705 1986 ἐξὴ-

2113 2044 2277 2083 κοντα
2300 2005 2414 2087 δύο,
2439 2024 2533 2078 καὶ
2563 2018 2702 2093 μετὰ
2731 2016 2959 2072 πλεῖστα
2986 2011 3056 2065 τὰ
3082 2009 3283 2083 μεταξὺ
3308 2005 3703 2077 ἐπιλεγόμενα,

2112 2117 2210 2190 τὴν
2244 2117 2371 2188 μίαν
2395 2114 2622 2176 ἐπιθεὶς,
2649 2108 2791 2164 οὕτω
2819 2107 2910 2160 τὸν
2937 2102 3167 2177 ἀριθμὸν
3188 2098 3295 2154 τῶν
3323 2099 3706 2170 ἑϐδομήκοντα

2115 2186 2418 2281 ἑϐδομάδων
2461 2203 2795 2276 ἁφωρίσατο.
2830 2198 2993 2266 Λέγει
3030 2195 3074 2249 δ’
3120 2190 3235 2248 οὖν⁹
3281 2212 3300 2243 ι
3335 2191 3446 2244 Καὶ
3484 2186 3702 2259 γνώσῃ,

2116 2303 2211 2357 καὶ
2240 2280 2488 2370 συνήσεις
2525 2295 2632 2350 ἀπὸ
2661 2291 2839 2359 ἐξόδου
2874 2289 3032 2357 λόγου
3064 2284 3158 2339 τοῦ
3198 2282 3561 2355 ἀποκριθῆναι
3603 2280 3704 2332 καὶ

2115 2390 2209 2445 τοῦ
2251 2387 2602 2459 οἰκοδομῆσαι
2642 2379 2992 2454 Ἰερουσαλὴμ
3035 2377 3138 2440 ἔως
3178 2372 3413 2445 Χριστοῦ
3452 2371 3702 2443 ἡγουμέ-

2117 2500 2230 2546 νου,
2262 2479 2551 2552 ἑϐδομάδες
2592 2473 2752 2539 ἑπτὰ,
2797 2471 2893 2525 καὶ
2935 2468 3224 2540 ἐϐδομάδες
3253 2462 3639 2537 ἑξηκονταδύο.
3677 2480 3696 2511 ι

2117 2572 2231 2629 Εἶθ’
2277 2572 2442 2646 ἕτερά
2476 2588 2597 2626 τινα
2646 2564 2850 2639 μεταξὺ
2894 2560 3210 2631 ἐπαγαγὼν,
3245 2557 3342 2629 τὴν
3380 2554 3705 2610 τελευταίαν

2118 2664 2671 2740 προστίθησι,φήσας·
2697 2678 2715 2711 ι
2736 2660 2846 2713 Καὶ
2868 2652 3176 2726 δυναμώσει
3197 2651 3461 2722 διαθήκην
3484 2647 3704 2708 πολλοῖς

2120 2738 2353 2829 ἑϐδομὰς
2397 2754 2514 2827 μία.
2560 2772 2578 2805 ι
2636 2753 2759 2804 Ὅτι
2785 2749 2830 2803 δ’
2863 2747 2922 2800 οὐ
2967 2745 3145 2816 μάτην
3181 2741 3373 2807 ταῦτα,
3420 2739 3532 2793 οὐδ’
3570 2738 3703 2792 ἄνευ

2119 2851 2219 2921 τῆς
2254 2828 2417 2911 θείας
2464 2844 2749 2905 ἐπιπνοίας
2801 2838 3163 2911 ἐσχεδίασται,
3211 2832 3369 2888 πάνθ’
3420 2828 3700 2886 ὁντιναοῦν

2118 2920 2227 2996 τῶν
2251 2940 2327 3004 ὡς
2358 2936 2491 2991 Θεοῦ
2531 2937 2766 3008 ῥήμασιν
2803 2930 2987 2992 αὐτοῖς
3020 2923 3393 2999 προσεχόντων
3431 2920 3702 2992 ὁμολογή-

2122 3051 2235 3088 σειν
2283 3030 2540 3103 ἡγοῦμαι.
2585 3023 2755 3078 Τοῦτο
2804 3022 2903 3093 μὲν
2951 3015 3043 3073 οὖν
3092 3016 3306 3088 πρῶτον
3347 3015 3483 3084 ἡμῖν
3514 3010 3700 3075 ,καλῶς

2118 3125 2293 3192 ἔδοξεν
2323 3116 2784 3193 ἐπισημήνασθαι,
2824 3112 3144 3168 καταλιπεῖν
3181 3122 3241 3162 τε
3283 3109 3399 3170 τοῖς
3430 3104 3698 3175 ἐντυγχά-

2114 3235 2263 3273 νουσι
2283 3215 2381 3287 τὴν
2400 3212 2494 3266 τοῦ
2522 3209 2847 3283 ζητηθέντος
2870 3203 3072 3279 ἀκριϐῆ
3093 3196 3268 3254 λύσιν.
3294 3200 3359 3252 Εἰ
3382 3198 3441 3251 δὲ
3470 3197 3583 3269 χρὴ
3608 3195 3703 3250 καῖ

2116 3310 2263 3383 ἡμᾶς
2287 3306 2349 3362 τὸ
2390 3303 2627 3359 ἐπεισιὸν
2667 3300 2743 3373 μὴ
2786 3291 3395 3369 άποκρύψασθαι,-φημὶ
3433 3289 3561 3343 καθ’
3588 3288 3703 3341 ἐτέ-

2118 3381 2218 3477 ραν
2239 3399 2474 3454 διάνοιαν
2500 3397 2617 3467 ἦτοι
2640 3392 2867 3464 ἐκδοχὴν
2890 3383 2981 3442 τὸν
3006 3389 3065 3441 ἐν
3089 3383 3157 3458 τῇ
3184 3381 3532 3456 προκειμένῃ
3568 3397 3705 3451 γρα-

2116 3472 2190 3566 ιρῇ
2215 3493 2540 3566 δηλούμενον
2566 3483 2803 3562 Χριστὸν
2843 3478 3166 3555 ἡγούμενον,
3199 3475 3343 3532 κατὰ
3377 3474 3468 3539 τὰ,
3504 3492 3526 3525 ι
3570 3472 3704 3526 Ἀπὸ

2331 3562 2490 3652 λόγου
2528 3579 2624 3634 τοῦ
2667 3573 3033 3647 ἀποκριθῆναι
3079 3571 3173 3625 καὶ
3212 3565 3306 3621 τοῦ
3339 3562 3705 3635 οἰκοδομῆσαι

2129 3673 2481 3747 Ἰερουσαλὴμ
2506 3670 2613 3733 ἓως
2643 3664 2878 3738 Χριστοῦ
2904 3662 3227 3736 ἡγουμένου,
3260 3678 3279 3710 ι
3308 3658 3410 3711 οὐκ
3433 3656 3600 3710 ἄλλον
3625 3651 3703 3708 εί-

2118 3785 2206 3823 ναι
2227 3766 2321 3821 τοῦ
2346 3763 2645 3832 καταλόγου
2671 3760 2779 3814 τῶν
2810 3757 2949 3829 μετὰ
2971 3756 3071 3827 τὴν
3096 3750 3457 3825 προφητείαν,
3482 3748 3585 3801 καὶ
3607 3747 3705 3818 τὴν

2119 3860 2226 3915 ἀπὸ
2255 3855 2570 3918 Βαϐυλῶνος
2594 3851 2875 3915 ἐπάνοδον,
2919 3845 3282 3920 ἡγησαμένων
3320 3839 3416 3894 τοῦ
3447 3837 3587 3893 λαοῦ
3615 3840 3708 3909 ἀρ-

2120 3950 2369 4024 χιερέων,
2411 3946 2502 4010 οὓς
2547 3945 2815 4017 Χριστοὺς
2869 3939 2990 4002 ἔθος
3036 3935 3329 3991 ἀποκαλεῖν
3369 3935 3438 4004 τῇ
3479 3932 3702 4003 Γραφῇ.

2119 4022 2329 4105 Μόνους
2349 4039 2459 4110 γὰρ
2481 4037 2705 4100 τούτους
2730 4028 3142 4105 καθηγήσασθαι
3176 4026 3271 4080 τοῦ
3297 4023 3504 4086 ἔθνους,
3532 4022 3707 4095 ἀρξαο

2124 4133 2318 4204 μένους
2344 4128 2452 4183 ἀπὸ
2486 4124 2661 4197 Ἰησοῦ
2698 4122 2793 4177 τοῦ
2828 4119 3093 4183 Ἰωσεδὲκ,
3129 4115 3223 4169 τοῦ
3251 4113 3445 4186 ίερέως
3471 4111 3569 4165 τοῦ
3604 4128 3703 4183 με-

2121 4202 2307 4292 γάλου,
2346 4217 2484 4291 μετὰ
2526 4216 2624 4288 τὴν
2668 4213 2776 4269 cst-:5
2814 4209 3133 4273 Βαϐυλῶνος
3162 4204 3439 4268 ἐπάνοδον,
3464 4203 3565 4257 καὶ
3610 4202 3706 4273 μέ-

2123 4334 2214 4388 χρι
2243 4313 2351 4368 τῶν
2377 4312 2583 4384 χρόνων
2622 4308 2719 4380 τῆς
2745 4305 2838 4360 τοῦ
2880 4303 3129 4374 Σωτῆρος
3153 4299 3309 4373 ἡμῶν
3345 4296 3523 4370 Ἰησοῦ
3560 4298 3702 4368 Χρι-

449 4390 644 4419 ιιυι-ιιιιι
685 4390 747 4413 ιν
786 4390 1022 4416 θυιιιιιιυι,
1069 4390 1259 4420 μων...
1304 4390 1554 4398 ..ν-μ----
1611 4390 1622 4392 ,
1861 4390 2014 4402 ν*-

449 4455 600 4521 Quos
629 4451 675 4508 si
708 4448 776 4503 ad
810 4443 1244 4517 quadringentos
1270 4431 1615 4504 septuaginta
1653 4426 1895 4498 quinque
1924 4422 2014 4476 ad-

2125 4408 2250 4463 στοῦ
2289 4404 2590 4478 παρουσίας
2622 4394 3059 4473 παρειλήφαμεν.
3099 4390 3266 4464 Οἶμαι
3306 4391 3435 4461 γοῦν
3469 4391 3567 4444 τὸν
3610 4407 3704 4459 με·

2128 4519 2149 4521 _
2177 4499 2248 4521 ,P,‘,
2294 4497 2483 4521 μυξη-..
2524 4493 2622 4521 -z-
2660 4490 2864 4521 -..Λα-...υ
2903 4485 3236 4521 ρηηκη-ηκίηρ
3297 4480 3420 4521 vna.
3456 4478 3517 4521 ἣν
3560 4481 3702 4521 ἦνξ-

448 4544 674 4605 dideris,
707 4534 1078 4594 hebdomadas
1100 4545 1205 4585 ιιι
1232 4525 1512 4583 conﬁcies.
1549 4541 1567 4574 ι
1600 4518 1876 4573 Hactenus
1898 4513 2021 4584 qui-

449 4639 573 4694 dem
622 4633 932 4689 Africanus.
998 4623 1156 4691 Quod
1199 4623 1245 4677 si
1285 4634 1386 4674 nos
1442 4627 1661 4685 quoque
1702 4614 1916 4678 oportet
1963 4606 2019 4659 in

450 4723 725 4798 ejusmodi
783 4723 932 4774 locos
1000 4712 1278 4785 propriam
1337 4701 1910 4762 commemorationem
1961 4694 2019 4747 in

441 4797 681 4866 medium
736 4806 963 4869 aﬁ‘erre,
1005 4803 1128 4856 dico
1186 4813 1295 4853 non
1352 4797 1553 4850 frustra
1604 4805 1783 4859 neque
1824 4800 2028 4842 temere

442 4901 770 4956 divisionem
830 4897 900 4951 ab
961 4892 1184 4948 oraculo
1245 4903 1368 4945 esse
1428 4886 1628 4941 factam
1687 4877 2028 4951 septuaginta

447 4991 936 5050 hebdomadarum.
967 4985 1105 5040 Nam
1150 5000 1274 5040 cum
1322 4996 1415 5036 eas
1447 4977 1693 5034 diviserit
1725 4976 1778 5029 in
1819 4972 2027 5044 primas

448 5096 675 5157 septem,
712 5099 776 5138 ac
813 5081 1007 5138 deinde
1054 5081 1108 5134 in
1141 5079 1279 5133 alias
1322 5074 1600 5144 sexaginta
1630 5072 1791 5130 duas,
1821 5076 1877 5121 et
1906 5072 2030 5135 post

447 5178 681 5250 plurima
705 5215 718 5238 ,
744 5190 865 5244 qua:
887 5171 1061 5226 media
1086 5171 1525 5237 interponuntur,
1563 5176 1727 5215 unam
1756 5158 2025 5227 reliquam

449 5246 733 5336 adjecerit,
778 5280 844 5319 eo
877 5264 1039 5317 modo
1089 5272 1377 5314 numerum
1424 5252 1768 5324 septuaginta
1814 5246 2022 5303 hebdo-

450 5360 670 5414 madum
693 5356 1004 5425 complevit.
1053 5352 1194 5408 Dicit
1230 5352 1397 5422 igitur
1430 5368 1443 5402 :
1483 5365 1502 5398 ι
1539 5346 1605 5399 Ει
1638 5355 1939 5413 cognosces
1966 5345 2021 5394 et

450 5452 721 5522 intelliges
756 5449 825 5504 ab
869 5449 1017 5503 exitu
1066 5444 1356 5505 sermonis,
1399 5447 1460 5494 ut
1496 5438 1930 5507 respondeatur,
1966 5437 2018 5486 et

449 5543 747 5599 aediﬁcetur
793 5540 1096 5597 Jerusalem
1151 5550 1325 5606 usque
1362 5533 1428 5586 ad
1473 5530 1755 5585 Christum
1797 5524 2015 5586 ducem,

449 5633 816 5688 hebdomades
832 5640 1062 5700 septem,
1081 5636 1135 5683 et
1154 5622 1521 5681 hebdomades
1542 5618 1822 5687 sexaginta
1838 5615 1979 5668 duae.
1995 5632 2013 5664 ι

451 5724 656 5780 Deinde
685 5724 809 5781 aliis
835 5722 1164 5796 quibusdam
1196 5713 1536 5788 interpositis
1564 5711 1751 5775 rebus,
1778 5703 2020 5763 novissi-

2121 4499 2252 4565 ταξὺ
2294 4497 2483 4570 χρόνον
2524 4493 2622 4563 τῆς
2659 4490 2864 4544 τούτων
2903 4485 3258 4558 προστασίας,
3297 4480 3420 4535 καθ’
3456 4478 3517 4535 ὃν
3560 4481 3702 4551 ἡγή-

2124 4568 2305 4655 σαντο,
2336 4568 2630 4658 δηλοῦσθαι
2676 4581 2767 4636 διὰ
2805 4579 2922 4643 τοῦ,
2962 4597 2980 4629 ι
3027 4574 3158 4629 Ἀπὸ
3182 4574 3362 4638 ἐξόδου
3400 4570 3564 4640 λόγου
3605 4568 3698 4623 τοῦ

2122 4679 2482 4753 ἀποκριθῆναι
2520 4675 2614 4729 καὶ
2649 4672 2743 4726 τοῦ
2786 4667 3135 4738 οἰκοδομῆσαι
3193 4661 3551 4735 Ἰερουσαλὴμ
3595 4661 3699 4723 ἕως

2120 4752 2357 4847 Χριστοῦ
2390 4767 2711 4840 ἡγουμένου,
2748 4760 3038 4832 ἑϐδομὰδες
3075 4754 3237 4819 ἑπτὰ,
3275 4755 3369 4808 καὶ
3403 4752 3701 4824 ἑϐδομάδες

2122 4865 2475 4942 ἑξηκονταδύο
2492 4881 2506 4894 ·
2541 4882 2561 4915 ι
2602 4861 2709 4915 τῶν
2734 4857 2869 4912 ἑτῶν
2894 4857 2951 4910 δὲ
2980 4855 3081 4920 τὰς
3109 4853 3429 4925 ἑϐδομάδας,
3471 4869 3702 4921 συναγο-

2124 4963 2288 5035 μένας
2314 4960 2393 5022 εἰς
2426 4956 2519 5028 ἔτη
2548 4950 2872 5024 τετρακόσια
2916 4947 3241 5017 ὀγδοήκοντα
3268 4945 3420 5015 τρία,
3466 4943 3576 4996 ἀπὸ
3601 4944 3723 5011 τῆς,

2120 5032 2304 5125 Κύρου
2347 5045 2624 5122 βασιλείας
2664 5046 2756 5097 ἐπὶ
2787 5043 2885 5112 τὴν
2922 5037 3206 5110 Ῥωμαίων
3246 5032 3698 5106 παρεκτείνεσθαι

2120 5147 2313 5219 ἀρχὴν,
2346 5141 2467 5198 καθ’
2492 5142 2560 5212 ἢν
2602 5130 3203 5219 Πομπήῖος-Ῥωμαίων
3228 5127 3535 5200 στρατηγὸς
3573 5129 3694 5178 ἑπι-

2123 5211 2390 5300 τοῖς
2430 5211 2840 5301 Ἰεροσολύμοις,
2866 5217 2981 5275 εἷλε
3016 5219 3114 5291 μὲν
3154 5215 3443 5288 πολιορκίᾳ
3468 5215 3568 5285 τὴν
3601 5211 3694 5264 πό·

2119 5331 2222 5395 λιν,
2255 5328 2317 5382 τὸ
2339 5327 2396 5379 δὲ
2427 5326 2535 5378 πᾶν
2575 5321 2725 5384 ἔθνος
2760 5317 2944 5371 δοῦλον
2979 5311 3268 5382 Ῥωμαίοις
3300 5308 3688 5379 κατεστήσατο,

2120 5425 2197 5487 ὡς
2228 5422 2321 5475 καὶ
2353 5417 2550 5488 φόρους
2593 5412 2653 5477 ἐξ
2675 5409 2883 5466 ἐκείνου
2918 5405 3110 5468 τελεῖν,
3140 5403 3371 5463 καὶτοῖς
3409 5396 3689 5469 Ῥωμαίων

2121 5482 2439 5581 πειθαρχεῖν
2460 5504 2843 5572 ἐπιτάγμασιν.
2891 5495 3015 5549 Ἐπὶ
3059 5492 3249 5546 τοῦτον
3282 5488 3413 5558 γοῦν
3451 5488 3543 5540 τὸν
3567 5482 3690 5557 χρό-

2120 5622 2210 5660 νον
2232 5606 2261 5657 ό
2283 5579 2389 5654 τῶν
2414 5593 2774 5670 τετρακοσίων
2797 5590 3121 5661 ὀγδοήκοντα
3171 5582 3340 5654 τριῶν
3363 5579 3501 5633 ἑτῶν
3539 5592 3689 5647 περι-

2122 5694 2360 5771 ορίζεται
2388 5664 2638 5762 ἀριθμὸς,
2672 5686 2756 5754 ἐφ’
2800 5682 2859 5736 ὃν
2886 5679 2982 5734 καὶ
3008 5672 3304 5744 κατέληξαν
3337 5671 3388 5723 οι
3432 5668 3571 5724 κατά
3596 5664 3686 5722 τὸν
