3836 6220
148 292 261 350 615
1001 294 1655 352 DEMONSTRATIONIS
1691 297 2152 357 EVANGELICA!
2192 300 2320 357 LIB.
2369 300 2502 356 Vill.
3320 304 3425 357 ΜΛ

150 409 406 474 Μωσέως
446 408 608 482 νόμον
662 411 727 463 ἑκ
777 409 1030 481 πατέρων
1074 411 1321 484 διαδοχῆς
1365 412 1466 484 τὴν
1506 430 1734 485 προστα-

1844 430 1987 469 mam
2022 416 2294 488 adjungit,
2325 419 2410 473 his
2431 419 2612 474 verbis
2638 433 2652 470 :
2694 436 2712 469 ι
2749 417 2815 472 Et
2833 417 3175 475 conﬁrmabit
3204 426 3423 489 pactum

141 502 271 556 σίαν
293 502 390 557 τοῦ
416 502 621 567 ἔθνους,
657 504 753 556 καὶ
779 503 877 574 τὴν
907 502 1206 575 ἱερωσύνην
1237 505 1572 576 διειληφότες
1594 523 1608 537 ’
1640 506 1734 571 οὒς

1842 507 2029 561 multis
2076 506 2423 563 hebdomada
2469 524 2598 563 una.
2644 527 2663 560 ι
2699 507 2857 574 Quod
2903 516 3083 565 autem
3135 509 3255 565 haec
3311 526 3424 566 non

138 594 386 666 Χριστὸν
413 594 716 665 ἡγούμενον
739 595 841 666 τὴν
863 595 1012 649 θείαν
1048 596 1141 648 ἑπὶ
1169 595 1264 649 τοῦ
1297 598 1561 668 παρόντος
1593 598 1735 670 Γρα-

142 684 254 756 φήν
279 685 566 756 ὀνομάζειν
591 684 978 754 ὑπολαμϐάνω.
1013 687 1076 738 Εἰ
1101 686 1157 739 δὲ
1185 689 1290 758 χρὴ
1313 689 1415 760 ,καὶ
1443 688 1533 742 τὸν
1565 690 1736 744 κατά-

142 775 309 846 λογον
351 776 606 831 ἐκθέσθαι
642 778 740 848 τῆς
768 777 876 831 τῶν
904 778 1205 849 ἀρχιερέων
1242 780 1515 850 διαδοχῆς,
1546 780 1656 835 τῶν
1679 783 1738 835 ἑν

141 868 227 937 τῷ
256 868 572 940 δηλουμένῳ
601 866 803 940 μεταξὺ
829 869 1005 940 χρόνῳ
1024 869 1441 941 διαγενομένων,
1464 872 1738 926 καὶτοῦτο

144 959 327 1022 οὐδεὶς
369 959 563 1030 φθόνος
604 963 682 1022 εἰς
726 961 1068 1031 παράστασιν
1119 961 1219 1031 τῆς
1267 961 1376 1015 τῶν
1431 963 1738 1034 εἰρημένων

1839 595 2048 652 frustra
2080 612 2258 668 neque
2289 599 2497 669 absque
2539 599 2729 653 divino
2774 599 2955 655 aﬁlatu
3005 610 3210 658 temere
3250 600 3423 657 eﬁ'usa

1836 690 1969 751 sint,
2004 704 2196 744 eorum
2225 690 2318 758 qui
2338 689 2454 744 haec
2480 697 2744 760 tanquam
2771 690 2869 746 Dei
2895 691 3064 747 verba
3084 694 3423 764 acceperint,

1836 784 2160 849 negaturum
2216 780 2456 835 arbitror
2487 781 2780 837 neminem.
2815 781 2931 838 Hoc
2969 784 3140 855 igitur
3182 784 3422 855 primum

1836 875 2122 931 commode
2155 876 2316 931 nobis
2367 877 2548 931 visum
2587 885 2672 933 est
2717 877 2970 933 adnotari
3017 889 3296 949 oportere,
3342 880 3423 935 le-

1837 966 2201 1037 gentibusque
2231 973 2292 1021 ut
2336 967 2567 1038 hujusce
2598 969 2920 1040 quaestionis
2951 970 3284 1040 exquisitam
3329 985 3423 1027 so-

147 1050 413 1121 ἀληθείας
457 1051 805 1122 ποιήσασθαι.

1836 1057 2098 1112 lutionem
2143 1059 2444 1125 inveniant,
2493 1060 2674 1114 locum
2715 1060 3042 1129 relinquere.
3075 1059 3333 1118 Attamen
3370 1061 3420 1118 si

150 1157 221 1195 ne
264 1157 371 1198 nos
397 1144 615 1212 quidem
660 1143 804 1213 quod
847 1143 904 1196 in
947 1152 1187 1198 mentem
1235 1144 1406 1208 venit,
1448 1146 1728 1201 occultare
1768 1154 2002 1217 oportet,
2072 1148 2197 1203 dico
2258 1150 2367 1204 alio
2395 1149 2633 1220 quodam
2671 1165 2843 1206 sensu
2884 1150 3165 1206 Christum
3195 1150 3414 1213 ducem.

149 1233 246 1303 qui
286 1234 349 1289 in‘
370 1235 617 1304 proxime
641 1235 888 1305 exposita
923 1237 1195 1306 scriptura
1228 1237 1570 1307 signiﬁcatur
1629 1253 1752 1295 esse
1791 1240 2191 1310 accipiendum,
2225 1243 2281 1297 in
2324 1242 2435 1297 illis
2482 1242 2673 1313 utique
2701 1243 2882 1298 verbis
2910 1259 2923 1295 :
2964 1262 2983 1295 ι
3006 1243 3091 1298 Ab
3118 1244 3268 1299 exitu
3298 1258 3417 1300 sero

148 1326 337 1379 monis
390 1331 451 1377 ut
493 1325 911 1395 respondeatur,
942 1334 994 1382 et
1054 1326 1355 1381 aediﬁcetur
1393 1325 1696 1384 Jerusalem
1736 1345 1910 1399 usque
1947 1331 2017 1385 ad
2066 1331 2347 1387 Christum
2383 1332 2602 1409 ducem,
2659 1351 2677 1384 ι
2720 1332 2966 1403 nihilque
3004 1333 3153 1388 aliud
3214 1332 3422 1389 intelli-

152 1417 396 1488 gendum
446 1431 610 1487 quam
667 1418 898 1480 seriem,
949 1420 1467 1489 successionemque
1514 1419 1854 1489 pontiﬁcum,
1916 1423 2009 1492 qui
2067 1430 2191 1493 post
2243 1424 2392 1478 illam
2441 1427 2615 1495 ipsam
2669 1424 3035 1495 prophetiam,
3070 1426 3419 1497 reditumque

152 1510 222 1565 de
252 1510 530 1582 Babylone
558 1511 757 1580 populo
783 1509 1011 1565 Judaieo
1042 1510 1376 1581 prafuerint,
1403 1528 1541 1583 quos
1564 1513 1818 1570 Christos
1865 1516 2149 1572 nominare
2202 1532 2375 1573 sacrae
2421 1515 2641 1572 Litterae
2681 1525 3106 1573 consueverunt.
3136 1517 3248 1575 Hos
3268 1519 3418 1574 enim

151 1607 425 1660 duntaxat
452 1605 600 1676 genti
624 1605 910 1675 praetulisse
970 1604 1128 1660 initio
1162 1604 1308 1660 facto
1348 1607 1418 1662 ab
1463 1605 1694 1663 Josedec
1741 1609 2026 1665 sacerdote
2075 1625 2295 1680 magno,
2339 1618 2464 1681 post
2528 1611 2764 1667 reditum
2807 1612 2876 1666 de
2917 1609 3196 1682 Babylone
3243 1627 3419 1683 usque

152 1697 222 1749 ad
254 1704 506 1765 tempora
539 1696 804 1751 adventus
847 1694 1148 1752 Salvatoris
1213 1698 1390 1754 nostri
1440 1698 1774 1768 accepimus.
1822 1698 2072 1755 Arbitror
2104 1701 2271 1771 igitur
2321 1701 2707 1757 intermedium
2759 1713 2971 1772 tempus
3017 1718 3125 1773 quo
3161 1703 3239 1757 illi
3275 1719 3417 1774 prae-

151 1788 384 1841 fuerunt
445 1787 743 1858 signiﬁcari
801 1788 911 1843 illis
972 1787 1214 1844 verbis:
1280 1807 1299 1841 (
1379 1788 1463 1844 Ab
1509 1791 1660 1845 exitu
1720 1791 1992 1846 sermonis
2049 1797 2109 1845 ut
2169 1791 2582 1861 respondeatur,
2617 1800 2674 1845 et
2747 1791 3046 1846 aediﬁcetur
3114 1790 3420 1848 Jerusalem

152 1894 337 1950 usque
388 1879 455 1933 ad
500 1879 781 1938 Christum
837 1879 1056 1943 ducem,
1116 1878 1482 1936 hebdomades
1520 1890 1725 1951 septem
1763 1889 1819 1937 et
1871 1882 2239 1938 hebdomades
2263 1883 2545 1953 sexaginta
2582 1881 2743 1948 duae;
2774 1901 2792 1932 ι
2826 1897 3092 1936 annorum
3122 1898 3251 1939 vero
3283 1883 3420 1940 heb-

150 1971 446 2037 domadas,
501 1972 546 2027 si
580 1973 898 2044 redigantur
943 1974 1001 2028 in
1049 1988 1259 2040 annos,
1310 1974 1738 2046 quadringentos
1777 1976 2053 2046 octoginta
2083 1985 2218 2047 tres,
2253 1991 2283 2030 a
2319 1991 2488 2045 regno
2516 1975 2642 2047 Cyri
2685 1991 2861 2046 usque
2931 1976 2999 2031 ad
3042 1975 3418 2032 Romanorum

150 2061 449 2131 imperium
468 2064 778 2134 propagari,
831 2080 941 2135 quo
996 2072 1244 2136 tempore
1299 2065 1594 2136 Pompeius
1645 2066 2015 2131 Romanorum
2045 2070 2345 2138 imperator
2372 2066 2749 2137 Hierosolyma
2776 2082 3093 2138 aggressus,
3114 2067 3405 2124 obsidione

152 2157 384 2227 quidem
408 2158 595 2213 urbem
618 2159 792 2229 ipsam
823 2160 991 2231 cepit,
1052 2168 1222 2216 totam
1278 2177 1410 2217 vero
1463 2169 1677 2235 gentem
1711 2162 1975 2218 Romanis
2007 2162 2168 2233 392
2228 2161 2435 2217 servire
2481 2162 2683 2232 coegit,
2734 2176 2907 2231 usque
2946 2161 3103 2228 adeo,
3137 2168 3197 2215 ut
3229 2175 3296 2215 ex
3321 2160 3421 2215 illo

149 2257 408 2319 tempore
434 2258 489 2305 et
516 2252 717 2306 tributa
749 2253 994 2322 pendens
1019 2261 1074 2309 et
1094 2253 1468 2310 Romanorum
1495 2256 1747 2324 jussibus
1784 2257 2171 2327 obtemperans
2196 2253 2381 2308 fuerit.
2408 2253 2490 2307 Ad
2538 2253 2644 2307 hoc
2678 2253 2847 2323 igitur
2887 2261 3124 2324 tempus,
3153 2252 3416 2323 quadrin-

156 2352 454 2411 gentorum
502 2344 782 2414 octoginta
844 2348 1009 2402 trium
1052 2362 1321 2402 annorum
1367 2364 1633 2404 numerus
1678 2349 1920 2412 ducitur,
1989 2349 2045 2402 in
2087 2362 2198 2418 quo
2265 2346 2588 2411 desierunt,
2632 2345 2727 2415 qui
2774 2345 3077 2400 secundum
3119 2344 3422 2400 Mosaicam

150 2432 333 2503 legem
394 2449 460 2488 ex
493 2433 763 2504 majorum
817 2438 1169 2495 successione
1224 2455 1288 2495 ac
1345 2443 1505 2506 serie,
1536 2443 1704 2497 totius
1730 2443 1909 2514 gentis
1951 2440 2320 2512 principatum
2368 2446 2422 2493 et
2470 2437 2836 2492 sacerdotium
2888 2436 3215 2507 capiebant,
3266 2451 3412 2508 quos

151 2523 441 2579 Christum
480 2526 674 2580 ducem
719 2542 749 2581 a
798 2526 1086 2599 Scriptura
1128 2531 1319 2587 divina'
1351 2533 1455 2588 hoc
1488 2534 1545 2589 in
1593 2536 1715 2591 loco
1776 2532 2050 2589 nominari
2107 2529 2377 2600 suspicor.
2411 2527 2569 2594 Quod
2607 2530 2655 2585 si
2677 2544 2815 2599 opus
2848 2537 2934 2584 est
2992 2528 3413 2583 enumeratione

150 2632 378 2686 quoque
409 2618 509 2683 uti,
539 2625 593 2672 et
641 2619 865 2691 quinam
908 2621 1001 2677 illo
1030 2621 1354 2679 intermedio
1395 2632 1640 2697 tempore
1671 2626 1736 2680 de
1764 2640 1874 2696 quo
1931 2623 2224 2694 loquimur,
2259 2620 2459 2691 quibus
2523 2620 2912 2685 successerint,
2946 2620 3236 2690 locumque
3260 2619 3416 2674 illum

156 2711 320 2763 tutati
362 2711 494 2776 sint,
530 2726 822 2781 exponere,
883 2729 952 2769 ne
997 2714 1101 2771 hoc
1141 2717 1360 2786 quidem
1412 2718 1590 2774 facere
1632 2718 2002 2790 gravabimur,
2047 2722 2108 2770 ut
2158 2728 2347 2768 eorum
2370 2727 2492 2784 quae
2518 2712 2664 2767 dicta
2703 2720 2853 2776 sunt,
2898 2712 3184 2766 veritatem
3237 2717 3420 2766 osten-

156 2804 375 2859 damus.

228 2894 452 2965 Πρῶτος
482 2893 658 2948 τοίνυν
699 2897 836 2967 μετὰ
880 2898 979 2970 τὴν
1014 2899 1107 2953 τοῦ
1146 2902 1340 2975 Δανιὴλ
1391 2905 1734 2979 προφητείαν,

1917 2898 2162 2954 Primum
2204 2896 2372 2967 igitur
2413 2899 2536 2964 post
2585 2890 2759 2962 ipsius
2803 2890 2997 2946 Daniel
3036 2890 3416 2961 prophetiam,

157 2987 254 3040 ἑπὶ
299 2986 484 3059 Κύρου
536 2985 631 3039 τοῦ
690 2986 953 3058 βασιλέως
995 2991 1242 3064 Περσῶν,
1302 2995 1438 3065 μετὰ
1481 2996 1580 3068 τὴν
1628 2996 1737 3050 ἀπὸ

159 3077 481 3143 Βαϐυλῶνος
525 3078 802 3145 ἐπάνοδον,
841 3082 1046 3154 Ἰησοῦς
1089 3087 1118 3139 6
1154 3084 1249 3139 τοῦ
1301 3086 1565 3150 Ἰωσεδὲκ,
1598 3089 1628 3141 6
1664 3088 1738 3140 ἰε-

159 3174 288 3245 ρεὺς
342 3173 372 3225 6
434 3172 606 3245 μέγας
655 3177 1024 3247 χρηματίσας,
1074 3176 1189 3250 ἃμα
1238 3179 1544 3252 Ζοροϐάϐελ
1594 3181 1737 3235 ἄνει-

158 3282 247 3317 σιν
305 3264 414 3318 ἀπὸ
470 3266 571 3336 τῆς
627 3267 1035 3339 αἰχμαλωσίας,
1085 3270 1179 3323 καὶ
1236 3269 1516 3342 θεμελίους
1572 3289 1738 3326 κατα-

156 3353 415 3409 ϐάλλεται
474 3357 570 3411 τοῦ
637 3360 805 3432 ίεροῦ.
865 3358 1004 3413 Ἀλλ’
1061 3360 1438 3432 ἑπισχεθέντος
1501 3361 1595 3416 τοῦ
1641 3362 1736 3433 ἑρ-

155 3464 255 3517 γου
299 3446 409 3500 ὑπὸ
443 3447 552 3502 τῶν
583 3450 896 3522 περιοίκων,
929 3452 986 3504 αἰ
1026 3451 1240 3523 πρῶται
1274 3452 1416 3507 ἑπτὰ
1447 3451 1736 3524 ἑϐδομάδες

154 3537 267 3592 τῶν
298 3539 437 3593 ἑτῶν
466 3541 523 3594 αἰ
569 3542 656 3596 διὰ
686 3542 780 3597 τοῦ
847 3545 1124 3615 προφήτου
1167 3544 1493 3617 δηλούμεναι
1527 3545 1735 3617 συμπε-

159 3630 461 3702 ραιοῦνται,
497 3633 617 3687 καθ’
652 3634 719 3699 ἃς
744 3634 930 3700 ἀτελὲς
958 3635 1170 3707 διέμενε
1211 3636 1272 3689 τὸ
1321 3636 1478 3710 ἔργον
1516 3637 1615 3707 τῆς
1640 3637 1734 3691 τοῦ

156 3721 289 3775 ναοῦ
319 3723 626 3796 οἰκοδομῆς.
658 3727 857 3800 Διόπερ
901 3731 931 3781 6
979 3727 1120 3793 θεῖος
1159 3727 1317 3797 λόγος
1356 3730 1457 3797 τῆς
1492 3728 1735 3799 συναφῆς

155 3816 267 3869 τῶν
304 3815 506 3871 λοιπῶν
536 3819 843 3891 ἑϐδομάδων
885 3821 1132 3893 ἀφορίζει
1176 3821 1277 3885 τὰς
1314 3820 1533 3894 πρώτας
1571 3821 1732 3888 ἑπτὰ,

158 3910 384 3977 εἰπὼν,ι
404 3912 724 3984 Ἑϐδομάδες
741 3916 899 3981 ἑπτὰ,
915 3936 932 3968 ι
952 3914 1120 3968 ἔπειθ’
1145 3915 1272 3986 ἑξῆς
1299 3914 1436 3986 μετὰ
1455 3915 1736 3987 διαστολῆς

159 4002 478 4073 ἐπαγαγών,
522 4024 541 4056 ι
581 4007 691 4059 Καὶ
733 4005 891 4077 ἑϐδομ
905 4006 1025 4070 άδες
1069 4006 1441 4077 ἑξηκονταδύο.
1496 4025 1516 4059 ι
1565 4007 1736 4060 Ἑπτὰ

158 4093 292 4163 γοῦν
325 4094 434 4147 ἀπὸ
466 4095 649 4167 Κύρου
683 4097 777 4148 καὶ
809 4098 901 4149 ἐπὶ
946 4097 1044 4168 τὴν
1080 4097 1470 4169 συμπλήρωσιν
1501 4097 1602 4167 τῆς
1640 4096 1734 4150 τοῦ

159 4185 309 4257 ἱεροῦ
341 4186 630 4258 οἰκοδομῆς
663 4187 956 4259 ἑϐδομάδες
987 4187 1120 4242 ἑτῶν
1147 4189 1505 4260 εὑρίσκονται.
1545 4187 1734 4241 Ἔνθεν

1837 2991 1984 3064 Cyro
2020 2988 2165 3059 apud
2207 2986 2409 3041 Persas
2451 2989 2735 3054 regnante,
2767 2988 2893 3052 post
2937 2981 3172 3035 reditum
3216 2981 3283 3036 de
3313 2980 3417 3037 Ba-

1837 3085 2053 3157 bylone,
2083 3080 2247 3137 Jesus
2288 3080 2434 3134 ﬁlius
2461 3074 2712 3137 Josedec,
2746 3073 2839 3143 qui
2885 3072 3143 3129 sacerdos
3174 3088 3406 3145 magnus

1836 3184 1923 3231 est
1953 3176 2153 3240 dictus,
2184 3186 2294 3226 una
2326 3183 2449 3225 cum
2486 3163 2789 3220 Zorobabel
2834 3162 2902 3217 de
2938 3161 3271 3234 Babylonica
3297 3178 3419 3218 ser-

1834 3266 2009 3318 vitute
2037 3260 2357 3324 revertitur,
2396 3265 2453 3312 et
2481 3255 2562 3311 sic
2588 3252 2946 3308 fundamenta
2978 3251 3165 3322 templi
3192 3253 3414 3323 jaciun-

1834 3363 1949 3413 tur.
1996 3352 2103 3409 Sed
2149 3352 2280 3407 dum
2324 3364 2355 3404 a
2400 3345 2597 3404 vicinis
2648 3343 2944 3414 impeditur
2994 3357 3157 3413 opus,
3206 3352 3412 3415 septem

1834 3449 2024 3522 prima:
2051 3458 2320 3500 annorum
2349 3437 2741 3501 hebdomades,
2773 3451 2913 3506 quas
2949 3434 3219 3506 propheta
3255 3435 3414 3501 dicit,

1835 3540 2105 3603 abierunt,
2136 3535 2337 3607 quibus
2360 3531 2549 3602 templi
2579 3528 2867 3585 aediﬁcatio
2906 3527 3161 3581 inchoata
3195 3541 3414 3584 reman-

1837 3633 1929 3687 sit.
1955 3629 2073 3695 Qua
2102 3627 2170 3683 de
2199 3639 2366 3680 causa
2392 3622 2638 3677 divinum
2667 3618 2949 3674 oraculum
2974 3616 3178 3687 primas
3203 3623 3412 3687 septem

1837 3720 2209 3779 hebdomadas
2238 3733 2270 3773 a
2301 3716 2513 3784 reliqua
2536 3725 2748 3770 summa
2787 3708 3076 3779 disiungit,
3104 3706 3233 3762 dum
3254 3708 3409 3772 dicit,

1851 3834 1870 3868 ι
1910 3810 2288 3870 Hebdomades
2334 3816 2577 3879 septem,
2612 3823 2632 3856 ι
2667 3818 2733 3857 ac
2765 3801 2963 3857 deinde
3010 3816 3078 3855 ex
3125 3800 3416 3857 intervallo

1837 3906 2083 3978 adjungit
2103 3924 2116 3960 :
2140 3923 2159 3955 ι
2182 3903 2250 3958 Et
2273 3897 2644 3957 hebdomades
2666 3894 2946 3964 sexaginta
2969 3892 3112 3947 duae.
3141 3910 3162 3943 ι
3192 3888 3411 3962 Septem

1836 4001 2003 4072 igitur
2030 4014 2061 4052 a
2101 3998 2246 4068 Cyro
2294 3994 2363 4049 ad
2412 3990 2596 4061 templi
2643 3987 3057 4043 aediﬁcationem
3105 3983 3413 4041 absolutam

1837 4106 2107 4146 annorum
2173 4084 2539 4142 hebdomades
2596 4080 2970 4150 reperiuntur.
3020 4075 3152 4132 Inde
3197 4075 3420 4131 animos

1838 4190 2116 4240 sumentes
2144 4179 2313 4234 Judaei
2353 4178 2420 4232 ad
2458 4175 2794 4230 Salvatorem
2828 4179 3077 4226 nostrum
3108 4167 3363 4223 dicebant
3386 4187 3407 4222 :

157 4276 470 4348 ὁρμώμενοι
524 4277 602 4349 τῷ
655 4279 866 4351 Σωτῆρι
923 4280 1078 4351 ἡμῶν
1123 4280 1306 4349 ἔλεγον
1360 4282 1407 4334 οἰ
1454 4280 1729 4333 Ἰουδαῖοιο

1840 4296 1859 4326 ‹
1899 4274 2267 4343 Quadraginta
2294 4277 2348 4324 et
2377 4285 2470 4323 sex
2501 4266 2661 4320 annis
2687 4262 3012 4319 aediﬁcatum
3043 4267 3128 4318 est
3148 4261 3409 4331 templum

162 4387 183 4420 ε
212 4369 632 4441 Τεσσαράκοντα
657 4372 749 4424 καὶ
781 4372 838 4438 ἑξ
865 4371 1039 4425 ἐτεσιν
1071 4373 1388 4444 ᾠκοδομήθη
1420 4373 1449 4425 6
1485 4372 1610 4436 ναὸς
1642 4366 1731 4426 οὗ-

154 4477 273 4523 τος,
297 4462 395 4513 καὶ
424 4462 488 4514 σὺ
522 4463 581 4514 ἑν
606 4464 781 4533 τρισὶν
815 4462 1048 4534 ἡμέραις
1072 4464 1285 4535 ἐγερεῖς
1310 4463 1503 4528 αύτόν;
1537 4483 1556 4515 ι
1594 4462 1730 4515 Ἀλλ’

156 4542 302 4604 οἶτον.
339 4550 440 4622 μὲν
476 4553 883 4623 τεσσαράκοντα
925 4554 1018 4606 καὶ¹
1049 4552 1107 4618 ἒξ
1147 4554 1321 4606 ἔτεσιν
1355 4551 1731 4624 ᾠκοδομῆσθαι

154 4642 248 4696 τὸν
288 4643 417 4697 ναὸν
467 4643 703 4714 ἔφασαν·
739 4644 976 4698 τοσαῦτα
1007 4644 1115 4717 γὰρ
1153 4644 1259 4698 ἀπὸ
1296 4643 1511 4715 πρώτου
1547 4642 1730 4713 Κύρου

159 4733 455 4803 βασιλείας,
480 4734 539 4799 ὃς
562 4734 775 4804 πρῶτος
798 4736 967 4806 ἀνῆκε
998 4736 1099 4806 τῆς
1131 4735 1447 4798 Βαϐυλῶνος
1468 4737 1595 4798 τοὺς
1620 4733 1733 4803 βου-

155 4824 419 4894 λομένους
456 4826 567 4879 τῶν
604 4828 866 4881 Ἰουδαίων
904 4830 984 4891 εἰς
1018 4829 1116 4898 τὴν
1146 4827 1351 4880 οἰκείαν
1376 4826 1479 4895 γῆν
1519 4824 1734 4878 ἐπανιέ-

156 4932 268 4981 ναι,
304 4917 399 4970 ἑπὶ
421 4917 482 4970 τὸ
505 4918 658 4971 ἕκτον
684 4918 801 4982 ἔτος
835 4918 1060 4990 Δαρείου
1103 4916 1375 4987 βασιλείας
1418 4910 1728 4984 συνάγεται,

158 5006 284 5059 καθ’
310 5006 369 5060 ὃν
392 5008 452 5060 τὸ
484 5010 591 5061 πᾶν
624 5008 780 5080 ἔργον
804 5010 904 5079 τῆς
931 5009 1214 5079 οἰκοδομῆς
1244 5008 1394 5071 τέλος
1421 5007 1642 5078 εἴληφεν
1661 5023 1672 5035 ·
1704 5007 1733 5059 ὅ

159 5115 227 5166 γε
260 5099 368 5170 μὴν
395 5099 452 5165 ἐξ
488 5100 753 5173 Ἐὕραίων
790 5101 1049 5171 Ἰώσηπος
1081 5101 1173 5154 καὶ
1210 5100 1366 5154 ἄλλον
1396 5100 1581 5169 τριετῆ
1616 5098 1734 5169 χρό-

158 5207 251 5243 νον
276 5192 356 5254 εἰς
375 5191 474 5262 τὴν
496 5191 603 5244 τῶν
631 5192 827 5259 ἔξωθεν
849 5192 957 5245 τῶν
978 5193 1121 5264 ἀμφὶ
1144 5192 1234 5245 τὸν
1257 5191 1381 5245 ναδν
1405 5207 1735 5244 κατασκευα-

161 5281 387 5350 σμάτων
438 5282 827 5355 συμπλήρωσιν
893 5283 1125 5354 ἔφησεν,
1185 5282 1313 5336 ὥστ’
1367 5282 1591 5344 εἰκότως
1645 5279 1735 5332 διὰ

156 5370 334 5424 ταῦτα
356 5371 454 5435 τὰς
475 5373 615 5426 ἑπτὰ
641 5373 862 5447 πρώτας
883 5375 1199 5446 ἑϐδομάδας.
1225 5375 1303 5441 εἰς
1336 5373 1433 5441 ἑτη
1460 5372 1614 5426 ἑννέα
1642 5371 1734 5424 καὶ

157 5464 567 5535 τεσσαράκοντα
621 5468 1013 5531 συντεινούσας,
1061 5467 1388 5539 ἀφωρίσθαι,
1446 5464 1588 5519 κατὰ
1641 5463 1733 5516 τὸν

155 5554 258 5629 τῆς
300 5557 634 5627 προφητείας
676 5558 864 5628 λόγον’
900 5560 999 5624 τὰς
1040 5559 1097 5613 δὲ
1141 5558 1332 5621 λοιπὰς
1377 5553 1734 5627 ἑξηκονταδύο

226 5710 274 5743 ⁸⁸
304 5708 463 5766 Joan.
497 5728 556 5778 ιι,
598 5711 654 5769 8.

1833 4371 1955 4433 hoc,
1988 4377 2043 4423 et
2083 4374 2141 4420 tu
2166 4366 2221 4419 in
2265 4363 2442 4417 tribus
2475 4360 2671 4416 diebus
2706 4356 2969 4413 excitabis
3013 4352 3147 4408 illud
3166 4352 3252 4407 8“3
3288 4372 3307 4404 ι
3338 4352 3414 4405 At

1833 4459 1911 4512 illi
1950 4456 2168 4527 quidem
2216 4449 2576 4522 quadraginta
2623 4454 2679 4503 et
2726 4462 2823 4503 sex
2877 4444 3037 4500 annis
3081 4442 3407 4499 aediﬁcatum

1833 4564 1956 4603 esse
1984 4546 2242 4615 templum
2273 4543 2459 4597 dixere
2496 4557 2510 4593 :
2543 4546 2624 4593 tot
2663 4537 2809 4593 enim
2841 4552 2870 4590 a
2899 4550 3067 4606 regno
3107 4534 3235 4605 Cyri
3264 4533 3414 4603 prio-

1833 4640 1933 4701 ris,
1979 4638 2071 4709 qui
2122 4636 2333 4705 primus
2373 4631 2687 4686 Judaeorum
2734 4627 3042 4697 quibusque
3096 4623 3409 4680 volentibus

1832 4730 2104 4787 concessit
2132 4729 2198 4783 de
2222 4726 2492 4795 Babylone
2521 4724 2574 4776 in
2606 4722 2839 4793 patriam
2872 4727 3073 4774 terram
3090 4716 3310 4780 reverti,
3338 4715 3407 4770 ad

1833 4830 2046 4880 sextum
2098 4818 2247 4872 Darii
2287 4817 2439 4887 regni
2483 4828 2710 4876 annum,
2756 4810 3125 4879 colliguntur:
3159 4807 3261 4863 sub
3295 4822 3408 4876 quo

1834 4914 2013 4970 omnis
2057 4908 2346 4965 aediﬁcatio
2374 4906 2535 4960 ﬁnem
2575 4902 2807 4971 accepit.
2841 4899 2948 4954 Sed
2985 4897 3280 4967 Josephus,
3310 4911 3408 4948 au-

1834 5012 1952 5059 ctor
1976 5001 2256 5062 Hebraeus,
2291 4997 2428 5051 alios
2451 5002 2565 5049 tres
2595 5007 2769 5047 annos
2790 4989 3041 5059 adjungit
3087 4988 3155 5042 ad
3178 5002 3263 5049 ea,
3287 5000 3410 5054 quae

1834 5093 2033 5163 templo
2058 5089 2401 5145 extrinsecus
2422 5067 2688 5139 accedunt
2708 5088 3031 5136 ornamenta
3049 5076 3407 5136 absolvenda,

1834 5192 1893 5238 ut
1906 5190 2193 5253 propterea
2210 5177 2407 5232 merito
2419 5181 2625 5245 septem
2647 5172 2855 5242 primas
2877 5167 3267 5230 hebdomadas,
3286 5180 3412 5235 quae

1836 5286 2103 5331 summam
2131 5267 2491 5339 quadraginta
2525 5277 2718 5317 novem
2764 5275 3034 5315 annorum
3076 5258 3410 5321 conﬁciunt,

1835 5382 1865 5421 a
1893 5363 2104 5421 caeteris
2133 5359 2415 5416 oraculum
2444 5354 2824 5426 propheticum
2861 5350 3219 5422 separaverit,
3238 5355 3292 5405 et
3319 5363 3408 5403 re-

1836 5458 2014 5529 liquas
2069 5452 2346 5524 sexaginta
2398 5449 2536 5504 duas
2586 5462 2617 5500 a
2678 5445 2827 5500 Darii
2892 5459 3060 5515 regno
3118 5456 3412 5497 numerare

1836 5550 2114 5621 contingat
2162 5563 2177 5599 :
2227 5544 2330 5602 sub
2385 5556 2495 5614 quo
2550 5553 2772 5596 rursum
2837 5535 2997 5595 Jesus
3053 5536 3198 5592 ﬁlius
3246 5532 3416 5591 Joseo
