3836 6220
399 285 507 341 615

1004 275 1276 334 EUSEBII
1315 272 1793 332 CAESARIENSIS
1830 273 1983 331 OPP.
2024 272 2205 328 PARS
2240 272 2308 329 ll.
2346 303 2417 314 -—-
2455 270 2962 331 APOLOGETICA.

3565 281 3673 337 616

398 402 538 465 dec,
583 405 638 454 et
682 370 987 451 Zorobabel
1045 393 1190 449 filius
1257 390 1556 457 Salathiel,
1618 407 1745 446 cum
1798 390 1979 446 adhuc

2084 389 2188 443 ἀπὸ
2226 389 2327 460 τῆς
2367 388 2591 461 Δαρείου
2636 388 3094 461 καταριθμεῖσθαι
3128 389 3406 461 βασιλείας
3441 394 3674 465 συμϐαί-

399 491 560 564 393
583 489 852 552 viverent,
881 486 1044 540 ambo
1072 485 1459 540 instaurationi
1501 484 1688 553 templi
1743 484 1979 553 praefue-

398 589 551 647 runt,
586 578 885 651 prophetiaa
939 592 1140 630 munus
1172 575 1391 629 interim
1442 575 1827 629 exercentibus
1868 574 1980 643 Ag-

286 674 293 683 ’
399 688 518 745 8ωο
543 680 599 728 et
626 670 912 735 Zacharia,
941 679 1066 739 post
1086 684 1225 738 quos
1253 667 1458 724 Esdras
1498 676 1552 721 et
1590 667 1884 722 Nebemias
1913 668 1981 722 de

400 767 675 837 Babylone
716 762 903 818 itidem
953 760 1182 819 reversi.
1218 775 1437 813 murum
1500 759 1983 813 circumdederunt

399 857 634 912 civitati.
695 853 851 907 Tunc
910 862 1091 906 autem
1139 851 1515 920 pontificatum
1564 851 1982 905 administrabat

399 945 672 1010 Joacbim,
702 944 795 1007 qui
839 943 967 998 Jesu
996 944 1090 997 filii
1137 943 1370 999 Jusedcc
1426 943 1571 998 filius
1629 944 1824 1007 fuerat,
1857 952 1982 1014 post

400 1056 562 1113 quem
596 1041 866 1095 successit
898 1039 1139 1105 Eliasib;
1180 1038 1375 1092 deinde
1405 1036 1599 1101 Jodae,
1630 1051 1791 1105 quem
1823 1050 1985 1089 secu-

401 1138 492 1187 tus
538 1139 624 1187 est
665 1128 966 1196 Jonathas;
1020 1130 1168 1183 hunc
1226 1129 1441 1198 excepit
1485 1126 1713 1183 Jaddus.
1773 1127 1980 1181 florum

402 1224 567 1279 etiam
600 1222 745 1293 apud
784 1220 1011 1275 Esdram
1042 1221 1342 1281 fitmentio,
1368 1220 1455 1275 his
1483 1220 1663 1275 verbis
1691 1239 1702 1273 :
1743 1239 1760 1269 ι
1799 1217 1864 1270 Et
1890 1216 1985 1272 Je-

401 1327 497 1368 sus
535 1314 723 1382 genuit
747 1311 1020 1374 .Ioacbim,
1055 1320 1110 1364 et
1161 1310 1409 1383 Joarbim
1444 1309 1630 1379 genuit
1663 1308 1889 1375 Eliasib,
1928 1316 1983 1362 et

401 1403 607 1458 Eliasib
653 1404 840 1473 genuit
880 1401 1071 1464 Jodae,
1098 1413 1150 1456 et
1175 1401 1345 1456 Jodae
1388 1402 1574 1471 genuit
1601 1401 1897 1465 Jonatban,
1928 1408 1982 1455 ct

398 1495 670 1551 Jonatban
702 1498 885 1566 genuit
911 1495 1226 1549 Jaddums’.
1263 1514 1281 1546 ι
1315 1493 1584 1563 Tempore
1604 1503 1784 1548 autem
1816 1494 1981 1562 hujus

398 1590 597 1653 Jaddu,
630 1591 938 1644 Alexander
960 1589 1184 1642 Macedo
1210 1588 1595 1641 Alexandriam
1624 1586 1888 1652 condidit,
1921 1593 1983 1639 ut

399 1682 676 1752 Jnsephus
702 1684 969 1751 scriptum
1010 1680 1253 1749 reliquit,
1282 1687 1335 1733 et
1368 1679 1743 1750 Hierosolyma
1768 1679 1981 1746 ingres-

2081 498 2183 544 νει,
2213 481 2333 535 καθ’
2369 480 2428 534 ὃν
2459 477 2615 543 αὖθις
2649 479 2858 551 Ἰησοῦς
2881 482 2910 532 6
2941 479 3036 533 τοῦ
3076 481 3344 545 Ἰωσεδέκ,
3379 484 3477 537 καὶ
3500 486 3672 556 Ζορο-

2082 573 2249 627 ϐάϐελ
2289 576 2318 627 6
2342 573 2436 627 τοῦ
2466 572 2737 645 Σαλαθιὴλ
2764 574 2845 636 είς
2868 574 3075 626 ἐκεῖνον
3106 574 3206 644 τὴν
3234 572 3378 646 ζωὴν
3404 577 3675 648 παρατείσ

2081 678 2289 725 ναντες,
2311 663 2478 733 ἄμφω
2502 661 2844 733 προέστησαν
2866 662 2965 733 τῆς
2989 661 3084 715 τοῦ
3118 663 3264 734 ἱεροῦ
3293 664 3671 732 ἀνανεώσεως,

2082 751 2533 822 προφητευόντων
2579 750 2834 819 Ἀγγαίου
2887 753 2982 804 καὶ
3036 753 3304 823 Ζαχαρίου
3330 770 3343 783 ·
3399 754 3523 824 μεθ’
3578 755 3673 819 οὓς

2085 844 2323 914 Ἔσδρας
2364 844 2459 896 καί
2509 844 2770 914 Νεεμίας,
2802 843 3004 914 ὁμοίως
3051 846 3118 897 ὲκ
3151 842 3473 909 Βαϐυλῶνος
3507 847 3673 899 ἀνελ-

2083 936 2285 999 θόντες,
2318 936 2380 989 τὸ
2409 926 2585 1006 τεῒχος
2617 936 2898 1007 ἐδείμαντο
2931 939 2997 1007 τῇ
3042 936 3216 999 πόλει,
3258 938 3357 1006 τὴν
3397 938 3675 1009 ἀρχιερω-

2085 1028 2248 1100 σύνην
2281 1028 2557 1091 διέποντος
2599 1028 2916 1099 Ἰωακείμου
2940 1046 2953 1058 ·
2996 1031 3126 1091 παῖς
3156 1029 3214 1081 δὲ
3255 1025 3408 1093 οὗτος
3452 1025 3522 1101 ἦν
3564 1032 3675 1102 Ἰη-

2084 1121 2177 1174 σοῦ
2210 1119 2304 1173 τοῦ
2350 1119 2592 1173 Ἰωσεδὲκ
2614 1138 2626 1151 ·
2670 1121 2786 1192 μεθ’
2831 1121 2890 1174 ὃν
2921 1120 3223 1190 διαδέχεται
3254 1122 3354 1192 τὴν
3393 1123 3675 1194 ἀρχιερω-

2084 1210 2248 1283 σύνην
2293 1210 2669 1275 Ἐλιασοῦϐοςο
2712 1211 2903 1264 ἔπειτα
2949 1211 3162 1265 Ἰωδαέ’
3205 1211 3321 1282 μεθ’
3362 1212 3424 1265 ὃν
3481 1214 3674 1268 Ἰωνά-

2082 1304 2214 1357 θαν·
2274 1303 2393 1375 μεθ’
2452 1304 2511 1357 ὃν
2561 1302 2807 1366 Ἰαδδοῦς.
2866 1302 3081 1356 Τούτων
3147 1303 3421 1375 μέμνηται
3483 1308 3586 1359 καὶ
3637 1309 3671 1377 ἡ

2086 1397 2291 1467 Ἔσδρα
2319 1396 2527 1468 γραιςὴ,
2554 1396 2788 1465 λέγουσα
2806 1412 2818 1424 ·
2861 1414 2880 1446 t
2912 1396 3020 1449 Καὶ
3060 1396 3264 1467 Ἰησοῦς
3288 1398 3553 1468 ἐγέννησε
3585 1399 3677 1451 τὸν

2095 1489 2371 1558 Ἰωακεὶμ,
2410 1490 2503 1542 καὶ
2544 1489 2798 1559 Ἰωακεὶμ
2839 1489 3094 1560 ἐγέννησε
3131 1490 3221 1542 τὸν
3271 1490 3540 1555 Ἐλιασὶϐ,
3582 1492 3679 1545 καὶ

2095 1581 2331 1634 Ἑλιασὶϐ
2373 1581 2627 1651 ἐγέννησε
2669 1581 2760 1633 τὸν
2802 1581 3004 1647 Ἰωδοιέ,
3035 1585 3130 1637 καὶ
3174 1583 3355 1637 Ἰωδαέ
3405 1585 3675 1657 ἐγέννησε

2081 1672 2171 1725 τὸν
2213 1673 2487 1738 ἰωνάθαν,
2523 1674 2617 1727 καὶ
2658 1673 2913 1727 Ἰωνάθαν
2956 1675 3211 1745 ἐγέννησε
3256 1676 3348 1728 τὸν
3381 1676 3613 1729 Ἰαδδοῦ.
3651 1695 3673 1729 ι

401 1790 497 1828 sus
526 1773 694 1827 Deum
727 1774 998 1828 adoravit.
1033 1772 1279 1825 Mortuus
1315 1779 1399 1826 est
1439 1780 1620 1825 autem
1674 1770 1979 1824 Alexander

2084 1766 2238 1819 Κατὰ
2277 1765 2465 1819 τοῦτον
2512 1765 2603 1818 τὸν
2662 1766 2859 1819 Ἰαδδοῦ
2911 1768 2938 1819 6
2983 1766 3248 1821 Μακεδὼν
3318 1767 3678 1840 Ἀλέξανδρος

400 1864 623 1917 ineunte
672 1866 972 1915 centesima
1032 1870 1086 1915 et
1131 1868 1327 1929 quarta
1379 1860 1593 1913 decima
1649 1858 1975 1929 Olympiade,

400 1963 525 2024 post
557 1954 760 2024 Cyrum
791 1953 1044 2007 ducentis
1104 1953 1325 2021 triginta
1369 1967 1465 2004 sex
1498 1951 1680 2013 annis,
1712 1950 1804 2017 qui
1836 1947 1979 2018 apud

398 2044 598 2101 Persas
641 2060 873 2114 regnare
919 2045 1087 2114 cmpit
1147 2046 1371 2099 ineunte
1426 2041 1734 2113 Olympiade
1789 2040 1980 2110 quinta

400 2152 567 2206 supra
598 2136 1093 2206 quadragesimam.
1118 2135 1249 2191 Post
1274 2143 1505 2190 mortem
1537 2148 1665 2186 vero
1687 2130 1979 2185 Alexandri

402 2228 738 2289 Macedonis,
759 2234 813 2281 et
851 2235 973 2296 post
1013 2242 1179 2296 quem
1208 2227 1453 2296 proxime
1481 2223 1722 2279 diximus
1760 2221 1980 2292 pontifi-

400 2336 542 2385 cem,
573 2320 742 2374 Onias
786 2320 902 2388 ipse
925 2333 1144 2389 quoque
1187 2318 1537 2389 pontificatus
1558 2316 1765 2370 honore
1787 2330 1978 2371 susce-

399 2423 516 2483 p10,
544 2413 689 2481 genti
723 2410 943 2482 praefuit
971 2430 983 2465 :
1009 2411 1169 2479 cujus
1192 2408 1531 2478 temporibus
1562 2423 1686 2463 cum
1716 2406 1978 2462 Seleucus

400 2504 731 2575 Babylonem
758 2504 1017 2572 cepisset,
1047 2502 1191 2556 Asia:
1228 2501 1337 2555 sibi
1385 2501 1635 2555 diadema
1666 2499 1978 2554 circumde-

398 2595 499 2657 dit,
531 2610 675 2648 anno
702 2601 827 2664 post
868 2592 1166 2647 Alexandri
1213 2602 1442 2645 mortem
1492 2590 1837 2644 duodecimo.
1894 2589 1977 2642 Ad

398 2702 560 2757 quem
589 2702 621 2740 a
656 2685 800 2757 Cyro
824 2685 1241 2755 incipientibus,
1266 2684 1447 2738 omnis
1477 2683 1740 2753 temporis
1763 2696 1979 2736 summa

400 2795 667 2834 annorum
716 2779 1076 2833 ducentorum
1122 2776 1483 2846 quadraginta
1516 2784 1641 2829 octo
1682 2776 1975 2845 colligitur.

396 2870 482 2924 Ab
515 2872 618 2926 hoc
649 2871 768 2941 ipso
799 2881 1043 2940 tempore
1081 2867 1398 2922 Grtccorum
1428 2882 1653 2936 regnum
1687 2880 1978 2919 numerare

400 2964 592 3034 incipit
666 2962 1101 3017 Machabmorum
1176 2961 1425 3015 historia.
1484 2960 1789 3024 Cteterum,
1855 2967 1980 3027 post

400 3053 594 3110 Oniam
643 3052 958 3108 Iudaeorum
1014 3053 1260 3121 suscepit
1316 3052 1682 3122 principatum
1734 3053 1978 3121 pontifex

399 3146 716 3208 Eleazarus,
750 3146 852 3200 sub
882 3162 990 3215 quo
1034 3144 1178 3199 LXX
1219 3145 1323 3198 viri
1365 3144 1580 3199 divinas
1633 3144 1977 3213 interpretati

403 3236 750 3307 Scripturas,
796 3237 1182 3292 Alexandrinis
1233 3237 1582 3291 bibliothecis
1631 3236 1976 3291 dedicarunt.

400 3329 531 3385 Post
562 3332 708 3384 hunc
761 3338 986 3385 secutus
1032 3338 1117 3383 est
1170 3332 1308 3383 alter
1336 3327 1541 3384 Onias:
1574 3329 1663 3383 cui
1713 3328 1981 3384 successit

404 3420 617 3485 Simon,
642 3421 804 3489 cujus
838 3430 1164 3490 tempestate
1194 3419 1355 3475 Jesus
1393 3422 1537 3475 filius
1589 3422 1785 3475 Sirach
1837 3422 1981 3474 fama

401 3515 635 3571 celebris
665 3514 787 3577 fuit,
819 3515 913 3584 qui
948 3515 1276 3583 Sapientiam
1308 3514 1468 3569 titulo
1501 3516 1683 3568 omnia
1714 3517 1980 3569 virtutum

400 3622 603 3677 genera
634 3607 977 3677 profitentem
1002 3608 1334 3675 composuit.
1368 3606 1499 3660 Post
1529 3622 1690 3676 quem
1722 3607 1864 3660 alius
1890 3621 1983 3660 eo-

400 3699 524 3753 dem
557 3714 680 3753 cum
729 3700 1010 3770 prioribus
1057 3701 1277 3753 nomine
1318 3697 1489 3753 Onias
1531 3698 1768 3768 praefuit.
1805 3698 1981 3767 l-lujus

401 3793 677 3862 pontificis
704 3800 953 3862 tempore
980 3792 1304 3851 Antiochus,
1336 3808 1461 3846 cum
1488 3792 1708 3848 Judazos
1740 3793 1978 3847 obsidio-

401 3900 471 3939 ne
500 3885 804 3955 fatigasset,
835 3884 1154 3939 Graecorum
1209 3884 1408 3939 ritibus
1459 3885 1539 3937 uti
1587 3884 1786 3954 coegit.
1822 3882 1981 3937 Hunc

402 3985 623 4030 secutus
653 3972 845 4038 Judas,
876 3981 1238 4042 cognomento
1269 3972 1633 4037 Machabams,
1661 3972 1789 4026 dum
1819 3972 1981 4026 rebus

397 4063 713 4122 Iudaeorum
763 4073 983 4137 praeest,
1023 4065 1299 4134 regionem
1346 4068 1415 4119 ab
1448 4066 1632 4136 impiis
1658 4072 1711 4119 et
1736 4064 1982 4134 profanis

400 4169 753 4229 expurgatam
796 4159 1064 4212 liberavit.
1091 4157 1191 4211 Cui
1224 4157 1467 4211 succedit
1501 4158 1669 4213 frater
1690 4158 1979 4225 Jonathas,

400 4251 598 4305 deinde
634 4248 825 4303 Simon
857 4267 870 4303 :
910 4249 1014 4302 sub
1043 4249 1206 4317 cujus
1236 4256 1464 4301 mortem
1495 4250 1648 4319 regni
1670 4252 1817 4321 quod
1839 4251 1982 4321 apud

402 4343 571 4413 Syros
587 4342 780 4412 viguit,
811 4356 993 4393 annus
1027 4349 1355 4395 numeratur
1384 4341 1653 4409 septimus
1680 4350 1734 4397 et
1759 4353 1984 4415 septua-

2093 1856 2499 1927 Ἀλεξάνδρειαν
2535 1856 2729 1921 κτίζει,
2765 1858 2842 1922 ὡς
2886 1857 3146 1928 Ἰώσηπος
3190 1860 3410 1930 ἱστορεῖ,
3468 1861 3677 1929 ἀφικό-

2083 1949 2241 2019 μενός
2291 1967 2351 2002 τε
2393 1952 2474 2013 είς
2510 1950 2579 2004 τὰ
2633 1950 2999 2021 Ἰεροσόλυμα,
3052 1949 3131 2020 τῷ
3178 1950 3298 2022 Θεῷ
3342 1955 3674 2023 προσκυνεῖ.

2080 2043 2318 2115 Τελευτᾷ
2360 2044 2418 2096 δὲ
2449 2044 2540 2097 τὸν
2578 2044 2688 2114 βίον
2734 2042 3083 2114 Ἀλέξανδρος
3113 2044 3171 2095 ἐν
3208 2044 3349 2114 ἀρχῇ
3393 2044 3499 2115 τῆς
3538 2047 3675 2099 ἑκα-

2077 2133 2274 2202 τοστῆς
2318 2133 2413 2186 καὶ
2453 2131 3057 2206 τεσσαρεσκαιδεκάτης
3108 2131 3494 2203 Ὀλυμπιάδος,
3535 2134 3679 2205 μετὰ

2079 2223 2172 2296 ἒτη
2221 2224 2468 2278 διακόσια
2514 2226 2807 2298 τριάκοντα
2859 2227 2925 2279 ἐκ
2976 2224 3181 2297 Κύρου,
3230 2225 3291 2289 ὃς
3344 2225 3677 2281 ἐϐασίλευσε

2080 2316 2305 2386 Περσῶν
2332 2316 2473 2371 κατά
2499 2318 2561 2371 τὸ
2595 2318 2809 2389 πρῶτον
2835 2317 2953 2381 ἔτος
2984 2318 3241 2390 πέμπτης
3271 2317 3366 2370 καὶ
3401 2336 3679 2388 πεντηκο-

2081 2409 2213 2479 στῆς
2256 2409 2635 2480 Ὀλυμπιάδος.
2673 2409 2828 2464 Μετὰ
2861 2410 2917 2463 δὲ
2966 2410 3065 2482 τὴν
3107 2409 3367 2480 τελευτὴν
3415 2409 3677 2475 Ἀλεξάν-

2079 2501 2203 2573 δρου
2235 2501 2330 2554 τοῦ
2364 2502 2691 2566 Μακεδόνος,
2754 2503 2847 2556 καὶ
2888 2502 3025 2574 μετά
3067 2501 3157 2555 τὸν
3195 2502 3509 2572 δηλωθέντα
3540 2504 3679 2573 ἀρχ-

2084 2594 2253 2664 ιερέα,
2290 2594 2467 2657 Ὀνίας
2501 2596 2714 2664 ἡγεῖται
2736 2593 2831 2647 τοῦ
2863 2593 3067 2674 ἔθνους,
3107 2594 3205 2664 τῆς
3238 2592 3345 2646 τῶν
3365 2593 3675 2665 ἀρχιερέων

2080 2686 2174 2739 καὶ
2219 2686 2380 2750 αὐτὸς
2427 2686 2826 2759 ἐπειλημμένος
2871 2687 3036 2757 τιμῆς
3058 2702 3071 2716 ⁸
3116 2685 3236 2738 καθ’
3276 2685 3336 2738 ὃν
3380 2686 3671 2750 Σέλευκος,

2080 2776 2375 2831 Βαϐυλῶνα
2402 2779 2704 2849 κρατήσας,
2735 2778 2796 2831 τὸ
2821 2779 2921 2848 τῆς
2966 2777 3151 2840 Ἀσίας
3183 2776 3532 2849 περιτίθεται
3557 2778 3675 2830 διά-

2079 2871 2227 2941 δημα
2252 2869 2360 2923 ἔτει
2388 2869 2674 2940 δωδεκάτῳ
2699 2868 2835 2939 μετά
2859 2869 2959 2939 τὴν
2999 2866 3351 2939 Ἀλεξάνδρου
3383 2869 3668 2939 τελευτὴν,

2081 2962 2202 3015 καθ’
2233 2962 2292 3015 ὃν
2321 2962 2611 3030 συνάγεται
2640 2964 2667 3014 ὁ
2691 2963 2799 3024 πᾶς
2829 2960 3021 3030 χρόνος
3042 2961 3071 3013 6
3100 2959 3209 3013 ἀπὸ
3233 2959 3418 3032 Κύρου
3450 2962 3537 3024 είς
3576 2961 3671 3030 ἐτη

2082 3055 2326 3108 διακόσια
2359 3053 2932 3125 τεσσαρακονταοκτώ.
2986 3053 3267 3107 Ἐντεῦθεν
3317 3052 3417 3123 τὴν
3474 3053 3672 3125 Ἑλλή-

2083 3163 2188 3199 νων
2222 3145 2496 3217 βασιλείαν
2527 3148 2560 3216 ἡ
2584 3146 2690 3199 τῶν
2716 3144 3091 3199 Μακκαϐαίων
3114 3143 3301 3216 γραφὴ
3321 3146 3677 3218 καταριθμεῖ-

2084 3238 2207 3292 σθαι
2237 3239 2482 3311 ἄρχεται.
2528 3238 2682 3292 Μετά
2714 3238 2771 3291 δέ
2804 3239 2895 3292 τὸν
2938 3239 3115 3291 Ὀνίαν
3147 3240 3363 3307 ἡγεῖται
3387 3238 3503 3291 τῶν
3546 3241 3678 3293 Ἰου-

2081 3331 2243 3384 δαίων
2292 3331 2585 3402 ἀρχιερεὺς
2635 3330 2977 3402 Ἐλεάζαρος,
3022 3331 3145 3384 καθ’
3189 3331 3248 3383 ὃν
3294 3332 3345 3383 οἱ
3400 3331 3673 3403 Ἑϐδομή-

2082 3440 2267 3485 κοντα,
2312 3423 2410 3486 τὰς
2448 3422 2597 3485 θείας
2625 3421 3061 3493 ἐρμηνεύσαντες
3092 3421 3332 3492 Γραφάς,
3367 3425 3493 3484 ταῖς
3530 3423 3672 3477 κατὰ

2095 3513 2496 3585 ’Δλεξάνδρειαν
2547 3512 2916 3584 βιϐλιοθήκαις
2962 3513 3376 3567 ἀνατεθείκασι·
3439 3515 3567 3584 μεθ’
3618 3515 3675 3567 ὃν

2081 3605 2268 3676 ἓτερος
2309 3605 2505 3670 Ὀνίας,
2540 3606 2599 3658 ὃν
2631 3605 2936 3675 διαδέχεται
2979 3606 3181 3677 Σίμων,
3214 3605 3336 3660 καθ’
3365 3606 3427 3660 ὃν
3464 3606 3680 3677 Ἰησοῦς

2081 3699 2110 3749 6
2140 3697 2234 3750 τοῦ
2285 3696 2453 3768 Σιράχ
2486 3698 2833 3769 ὲγνωρίζετο,
2864 3700 2893 3751 6
2923 3698 3022 3768 τὴν
3051 3698 3394 3770 καλουμένην
3427 3702 3680 3773 πανάρε-

2081 3812 2173 3848 τον
2198 3795 2426 3863 Σοφίαν
2457 3793 2723 3859 συντάξας
2746 3812 2759 3824 ο
2791 3794 2907 3865 μεθ’
2932 3794 2991 3847 ὃν
3024 3794 3211 3866 ἕτερος
3236 3793 3535 3865 ὁμώνυμος
3569 3798 3682 3857 τοῖς

2083 3886 2317 3957 πρόσθεν
2355 3885 2532 3948 Ὀνίας
2557 3887 2790 3956 ἡγεῖται,
2826 3885 2946 3938 καθ’
2971 3885 3030 3938 ὃν
3066 3883 3356 3955 Ἀντίοχος,
3381 3884 3513 3948 τοὺς
3547 3886 3681 3938 Ἰου⁹

2084 3979 2266 4041 δαίους
2319 3977 2701 4048 πολιορκήσας,
2744 3974 3071 4046 Ἐλληνίζειν
3101 3974 3511 4046 κατηνάγκαζε*
3559 3973 3677 4044 μεθ’

2081 4070 2140 4123 ὃν
2188 4069 2430 4141 προστὰς
2477 4069 2586 4123 τῶν
2634 4069 2977 4141 πραγμάτων
3019 4068 3239 4131 Ἰούδας,
3278 4068 3315 4127 ,ὁ
3358 4066 3683 4138 ἐπικληθεὶς

2082 4163 2458 4226 Μακκαϐαῖος,
2490 4161 2789 4232 ἐξεκάθηρε
2822 4160 2933 4212 τῶν
2965 4160 3179 4212 ἀσεϐῶν
3212 4158 3311 4230 τὴν
3358 4158 3551 4230 χώραν
3575 4176 3590 4189 ⁸
3622 4160 3682 4212 ὃν

2083 4253 2111 4303 6
2144 4253 2369 4321 ἁδελφὸς
2409 4252 2662 4322 Ἰωνάθης
2686 4250 3025 4320 διαδέχεται·
3060 4251 3153 4303 καὶ
3186 4249 3348 4302 πάλιν
3377 4250 3592 4320 Σίμων,
3618 4244 3680 4303 οὗ

2084 4343 2226 4397 κατά
2260 4345 2360 4414 τὴν
2404 4344 2659 4413 τελευτὴν
2711 4342 2940 4412 ἕϐδομον
2984 4342 3079 4395 καὶ
3130 4340 3538 4413 ἑϐδομηκοστὸν
3587 4343 3682 4395 καὶ

400 4434 640 4503 gesimus
686 4446 852 4501 supra
900 4433 1288 4493 centesimum,
1317 4433 1382 4487 ad
1415 4434 1559 4502 quod
1611 4448 1743 4488 sane
1768 4443 1979 4503 tempus

2086 4436 2372 4490 ἑκατοστὸν
2399 4435 2519 4497 ἔτος
2542 4434 2919 4505 ἐξαριθμεῖται
2944 4434 3043 4504 τῆς
3071 4432 3213 4486 κατά
3242 4434 3445 4504 Συρίαν
3477 4434 3678 4505 ἀρχῆς,

402 4530 633 4594 primus,
666 4525 757 4593 qui
794 4522 1223 4577 Machabworum
1256 4533 1483 4577 vocatur
1509 4526 1667 4587 liber,
1696 4527 1979 4581 historiam

2084 4531 2118 4600 ἦ
2147 4545 2206 4581 τε
2233 4526 2422 4600 πρώτη
2452 4526 2757 4597 καλουμένη
2792 4525 2901 4578 τῶν
2938 4525 3338 4579 Μακκαϐαίων
3371 4523 3559 4592 βίϐλος
3599 4528 3680 4586 είς

403 4613 646 4678 deducit,
709 4629 773 4667 ac
834 4613 1121 4667 deductam
1186 4615 1466 4683 relinquit.
1506 4615 1669 4687 395.
1719 4617 1904 4685 Itaque
1951 4632 1979 4669 a

2084 4621 2240 4674 τοῦτο
2268 4619 2362 4672 τοῦ
2395 4619 2586 4690 χρόνου
2620 4618 2887 4672 κατέλυσε
2919 4616 3019 4687 τὴν
3048 4617 3308 4687 ἱστορίαν.
3350 4616 3518 4670 Ὥστε
3548 4634 3678 4670 συν-

403 4705 581 4775 primo
602 4720 746 4758 anno
769 4703 917 4775 Cyri,
950 4705 1212 4773 regnique
1233 4703 1549 4767 Persarum,
1581 4711 1645 4761 ad
1672 4717 1978 4762 extremum

2086 4711 2312 4781 άγεσθαι
2338 4712 2443 4765 ἀπὸ
2485 4710 2698 4782 πρώτου
2729 4710 2881 4773 ἔτους
2914 4710 3098 4781 Κύρου
3122 4710 3216 4762 xui.
3257 4708 3487 4780 Περσῶν
3519 4709 3675 4779 βασι-

402 4797 644 4852 bistoria:
675 4795 1109 4849 Machabaeorum
1152 4794 1335 4858 finem,
1372 4794 1720 4867 Simonisque
1760 4799 1978 4868 pontifi-

403 4885 483 4939 cis
526 4891 791 4946 mortem,
842 4884 970 4937 anni
998 4885 1332 4954 colliguntur
1364 4886 1748 4957 quadringenti
1781 4888 1977 4958 viginti

402 4976 665 5046 quinque.
696 4974 935 5031 Posthac
985 4991 1117 5031 vero
1157 4975 1447 5043 Jonathas,
1474 4988 1534 5033 ut
1579 4981 1771 5035 scribit
1817 4980 1977 5037 Iose-

404 5068 568 5138 phus,
595 5067 970 5137 pontificatum
1009 5075 1300 5138 exceptum
1332 5083 1427 5139 per
1456 5085 1631 5127 annos
1661 5072 1852 5140 viginti
1878 5089 1980 5128 no-

402 5174 525 5214 rem
560 5158 925 5216 administrat.
950 5159 1107 5215 llunc
1126 5175 1347 5217 secutus
1375 5163 1744 5231 Aristobulus,
1769 5179 1977 5221 annum

405 5268 574 5308 unum
601 5260 819 5323 praest.
851 5252 951 5308 Hic
985 5256 1198 5325 primus
1231 5263 1353 5324 post
1375 5256 1613 5310 reditum
1645 5257 1712 5312 de
1746 5257 1978 5330 Babylo-

404 5359 477 5399 ne
504 5343 572 5398 ad
610 5343 943 5415 pontificiam
991 5345 1312 5416 dignitatem
1356 5348 1591 5417 amplius
1625 5348 1831 5419 regium
1859 5350 1979 5403 dia-

404 5435 562 5492 dema
594 5436 838 5491 additum
862 5437 968 5492 sibi
1010 5437 1290 5508 imposuit.
1327 5438 1466 5493 lluic
1507 5441 1753 5496 succedit
1778 5451 1833 5497 et
1880 5459 1975 5498 rex

406 5527 549 5585 idem
592 5536 647 5583 et
686 5527 932 5597 pontifex
985 5529 1293 5589 Alexander
1323 5572 1337 5598 ,
1392 5532 1488 5603 qui
1536 5542 1592 5589 et
1639 5534 1757 5604 ipse
1799 5550 1974 5590 annos

428 5749 437 5759 .
486 5699 534 5732 "
569 5701 612 5755 Il
646 5704 805 5764 Esdr.
836 5725 937 5780 xu,
969 5710 1056 5780 10,
1089 5712 1175 5778 Η,

2084 4804 2232 4868 λείας
2260 4804 2352 4857 ἐπὶ
2375 4804 2437 4856 τὸ
2460 4803 2609 4866 τέλος
2639 4803 2738 4873 τῆς
2770 4802 2879 4856 τῶν
2906 4800 3281 4857 Μακκαϐαίων
3307 4801 3553 4872 γραφῆς,
3583 4802 3676 4854 καὶ

2085 4894 2177 4947 ἐπὶ
2197 4888 2565 4965 τὴνΣίμωνος
2597 4890 2693 4946 τοῦ
2718 4890 3018 4962 ἀρχιερέως
3049 4888 3323 4961 τελευτὴν,
3350 4889 3447 4961 ἔτη
3480 4905 3676 4959 τετρα-

2081 4987 2238 5040 κόσια
2281 4985 2616 5040 εἰκοσιπέντε
2640 5001 2654 5015 ·
2688 4984 2803 5055 μεθ’
2833 4984 2871 5038 ἃ
2905 4981 3161 5054 Ἰωνάθης
3193 4982 3293 5053 την
3326 4979 3673 5053 ἀρχιερωσύ-

2083 5098 2203 5152 νην,
2226 5080 2304 5143 ὡς
2324 5080 2353 5131 6
2386 5077 2645 5149 Ἰώσηπός
2674 5094 2827 5147 φησι,
2860 5075 3161 5146 διαδέχεται
3183 5074 3278 5126 ἐπὶ
3303 5073 3483 5127 ἐτεσιν
3515 5073 3668 5127 ἐννέα

2085 5173 2180 5226 καὶ
2204 5171 2377 5225 εἰκοσι
2402 5187 2415 5200 ·
2453 5168 2571 5241 μεθ’
2603 5169 2662 5223 ὃν
2698 5167 3106 5240 Ἀριστόϐουλος
3144 5164 3392 5221 ἐνιαυτὸν
3430 5168 3664 5237 ἡγεῖται,

2084 5264 2144 5328 ὃς
2175 5262 2391 5335 πρῶτος
2436 5260 2575 5333 μετὰ
2611 5261 2708 5332 τὴν
2746 5260 2855 5314 ἀπὸ
2898 5259 3217 5322 Βαϐυλῶνος
3257 5257 3516 5313 ἐπάνοδον
3550 5255 3664 5310 διά-

2085 5358 2229 5427 δημα
2278 5353 2554 5425 βασιλικὸν
2600 5353 2941 5424 περιτίθεται
2986 5352 3123 5424 πρὸς
3162 5354 3230 5423 τῇ
3262 5348 3658 5424 ἀρχιερωσύνη.

2083 5446 2283 5500 Τοῦτον
2330 5444 2632 5515 διαδέχεται
2678 5443 3045 5516 Ἀλέξανδρος,
3098 5442 3351 5514 βασιλεὺς
3406 5443 3522 5513 ἅμα
3567 5439 3661 5494 καὶ

2082 5534 2391 5606 ἀρχιερεὺς,
2426 5534 2570 5588 ἔτεσι
2600 5534 2694 5588 καὶ
2734 5533 2896 5598 αὐτὸς
2930 5534 3070 5590 ἐπειά
3100 5533 3193 5587 καὶ
3218 5532 3394 5589 εἴκοσι
3424 5529 3660 5604 προστὰς
