3836 6220
63 386 199 442 617
997 387 1654 445 DEMONSTRATIONIS
1692 387 2149 445 EVANCELICIE
2190 389 2318 446 LIB.
2354 389 2492 447 Vill.
3264 394 3368 449 618

61 500 205 554 τῶν
263 501 639 574 πραγμάτωνο
681 501 762 564 είς
808 501 867 554 ὃν
912 503 1203 572 συνάγεται
1249 504 1317 557 τὰ
1366 505 1542 558 πάντα
1587 503 1688 557 ἀπὸ

1800 515 2004 574 septem
2030 512 2084 560 et
2103 505 2291 576 viginti
2313 505 2474 560 rebus
2503 503 2815 559 Judaeorum
2851 512 3064 576 praest.
3097 505 3179 561 Ad
3209 510 3369 575 hujus

67 594 333 666 πρώτου
363 593 516 657 ἔτους
539 593 815 663 βασιλείας
849 595 1030 666 Κύρου
1063 599 1154 649 καὶ
1179 597 1278 667 τῆς
1301 597 1410 650 ἀπὸ
1442 595 1688 650 Βαϐυλῶ-

1797 597 2161 668 principatum
2195 612 2225 650 a
2255 598 2432 668 primo
2466 598 2608 668 regis
2638 597 2764 668 Cyri
2821 613 2988 664 anno,
3029 607 3085 653 et
3125 597 3370 654 Iudaica:

66 703 181 747 νος
236 686 508 739 ἐπανόδου
553 686 649 739 τοῦ
698 687 967 740 Ἰουδαίων
1008 688 1194 751 ἔθνους
1240 688 1334 761 ἐτη
1367 688 1688 759 τετρακόσια

1795 690 1972 760 gentis
1997 689 2204 745 reditus
2236 691 2302 745 de
2324 690 2619 761 Babylone,
2649 691 2827 746 omnis
2853 707 3065 746 summa
3096 708 3367 748 annorum

67 777 552 848 ὀγδοηκονταδύο,
593 773 653 832 οὗ
699 779 1041 848 προέστησαν
1073 780 1368 851 ἀρχιερεῖς,
1402 779 1495 843 οὒς
1527 780 1688 851 ἠγοῦ-

1795 781 2074 850 colligitur
2104 780 2628 852 quadringentorum
2669 783 2942 854 octoginta
2967 783 3227 854 duorum,
3259 803 3370 856 quo

73 887 196 938 μαι
227 868 473 940 Χριστὸν
498 869 796 940 ἡγούμενον
827 869 932 922 ὑπὸ
955 871 1053 941 τῆς
1080 872 1413 942 προφητείας
1435 871 1695 944 ὀνομάζε-

75 960 223 1013 σθαι
248 978 265 990 ο
315 960 436 1032 μεθ’
482 959 595 1024 οὒς,
630 962 1052 1032 τελευτήσαντος
1095 963 1191 1017 τοῦ
1235 964 1464 1018 ὑστάτου
1513 964 1693 1019 αὑτῶν

1794 879 1912 926 toto
1943 880 2188 942 tempore
2216 873 2502 941 pontiﬁces
2539 871 2908 942 praefuerunt,
2941 891 3079 945 quos
3113 891 3212 947 ego
3243 878 3369 946 qni-

1794 964 1916 1020 dem
1949 964 2152 1019 Christi
2188 966 2344 1019 ducis
2389 965 2772 1034 appellatione,
2801 981 2831 1019 a
2881 969 3163 1037 prophetia
3196 970 3367 1041 signi-

73 1051 413 1124 ἀρχιερέως
470 1052 840 1124 Ἀλεξάνδρου,
888 1054 1099 1126 ἄναρχα
1153 1055 1248 1108 καὶ
1305 1056 1694 1128 ἀπροστάτητα

73 1142 156 1195 τὰ
188 1143 300 1197 τοῦ
338 1143 610 1197 Ἰουδαίων
647 1144 832 1208 ἔθνους
873 1146 1248 1212 ἀπολείπεται,
1288 1147 1427 1200 ὥστε
1469 1151 1550 1212 είς
1596 1165 1693 1217 γυ·-

75 1237 268 1286 ναῖκα
309 1235 632 1306 περιστῆναι
662 1237 762 1308 τὴν
793 1236 1067 1307 βασιλείαν
1104 1240 1301 1293 αὑτῶν.
1345 1241 1465 1294 Τών
1508 1242 1566 1294 δὲ
1601 1242 1693 1296 δύο

77 1323 338 1386 παίδων,
375 1324 785 1396 ’Δριστοϐούλου
825 1329 920 1380 καὶ
961 1328 1249 1399 Ὑρκανοῦ,
1288 1332 1692 1387 στασιασάντων

79 1414 240 1486 πρὸς
270 1415 557 1486 ἀλλήλους,
582 1415 808 1481 ἐπιστὰς
828 1421 940 1482 τοῖς
975 1419 1235 1490 Ἱεροσολύ
1244 1439 1364 1491 μοις
1387 1423 1688 1496 Πομπήϊος,

93 1507 410 1579 Ῥωμαίων
445 1509 750 1579 στρατηγὸς
777 1508 874 1572 ὢν,
922 1511 1070 1582 αἱρεῖ
1119 1511 1218 1582 μὲν
1264 1512 1549 1585 πολιορκίᾳ
1592 1516 1691 1586 τὴν

79 1601 282 1666 πόλιν,
325 1602 524 1672 μιαίνει
545 1619 605 1654 τε
627 1602 697 1656 τὰ
731 1604 882 1672 ἅγια,
913 1605 1075 1676 μέχρι
1107 1605 1216 1658 τῶν
1243 1605 1450 1660 ἀδύτων
1471 1606 1579 1660 τῶν
1613 1609 1690 1660 ἰε-

85 1692 196 1764 ροῦ
236 1691 542 1762 προελθών.
588 1694 697 1747 Καὶ
737 1694 905 1748 ταῦτα
951 1695 1238 1768 συμϐαίνει
1282 1697 1435 1762 ἔτους
1473 1699 1690 1770 πρώτου

78 1786 196 1856 τῆς
247 1785 554 1855 ἑκατοστῆς
594 1785 1003 1858 ἑϐδομηκοστῆς
1041 1788 1269 1860 ἐννάτης
1307 1789 1687 1862 Ὀλυμπιάδος,

85 1876 243 1946 μετὰ
288 1878 620 1948 τετρακόσια
649 1879 1003 1952 ἐννενήκοντα
1043 1882 1206 1934 πέντε
1239 1882 1334 1954 ἔτη
1368 1885 1467 1954 τῆς
1508 1883 1690 1957 Κύρου

83 1967 406 2037 βασιλείας,
439 1971 561 2042 ἥτις
609 1969 812 2042 ἤρξατο
850 1974 945 2027 ἐπὶ
991 1973 1092 2043 τῆς
1137 1977 1508 2048 πεντηκοστῆς
1552 1977 1694 2048 πέμ-

83 2079 246 2132 πτης
296 2063 678 2134 Ὀλυμπιάδος.
728 2065 862 2118 Τότε
911 2067 956 2119 δ’
997 2063 1090 2120 οῦν
1129 2071 1158 2121 ὁ
1203 2069 1504 2141 Πομπήϊος,
1557 2069 1692 2122 ἑλὼν

82 2152 246 2206 κατά
303 2154 506 2224 κράτος
563 2155 661 2226 τὴν
711 2157 1086 2229 Ἰερουσαλὴμ,
1143 2159 1235 2212 τὸν
1295 2161 1691 2232 προειρημένον

97 2245 528 2315 Ἀριστόϐουλον
580 2247 872 2319 ἐκπέμψας
915 2249 1133 2320 δέσμιον
1187 2251 1278 2302 ἐπὶ
1328 2248 1564 2321 Ῥώμης,
1614 2250 1694 2321 τῷ

83 2337 297 2390 τούτου
344 2338 558 2409 ἀδελφῷ
604 2340 856 2412 ’Υρκανῷ
897 2341 996 2412 τὴν
1029 2341 1438 2413 ἀρχιερωσύνην
1473 2343 1694 2414 παραδί-

85 2429 256 2493 δωσι,
282 2429 348 2482 τὸ
373 2447 432 2482 τε
457 2431 564 2483 πᾶν
603 2430 755 2494 ἔθνος
781 2431 838 2498 ἐξ
863 2432 1070 2486 ἐκείνου
1107 2433 1362 2496 ὑποτελὲς
1405 2435 1693 2504 Ῥωμαίοις

89 2523 510 2592 κατεστήσατοο
538 2521 656 2592 μεθ’
695 2522 754 2575 ὃν
793 2522 1038 2596 Ἡρώδης
1076 2526 1104 2577 ὁ
1138 2525 1492 2596 Ἀντιπάτρου
1540 2529 1688 2589 παῖς,

103 2611 388 2682 ’Υρκανδν
425 2613 652 2677 ἀνελὼν,
697 2613 796 2685 τὴν
827 2614 937 2668 τῶν
965 2616 1234 2670 Ἰουδαίων
1278 2617 1554 2688 βασιλείαν
1587 2615 1692 2671 ὑπὸ

89 2702 201 2772 τῆς
233 2702 523 2772 Ῥωμαίων
551 2703 853 2774 συγκλήτου
882 2704 1076 2776 βουλῆς
1109 2705 1496 2778 ἐγχειρίζεται,
1535 2707 1690 2780 πρῶ-

89 2793 194 2856 τός
246 2811 312 2846 τε
364 2793 526 2858 αὑτὸς
577 2794 636 2860 ἐξ
692 2796 988 2866 ἀλλοφύλου
1039 2797 1228 2866 γένους
1283 2797 1552 2868 βασιλεύει
1596 2800 1689 2854 τοῦ

93 2886 318 2951 ἔθνους,
349 2885 446 2957 τὴν
479 2887 588 2939 τῶν
619 2889 924 2959 ἀρχιερέων
967 2889 1109 2942 κατὰ
1153 2888 1244 2942 τὸν
1289 2891 1569 2955 Μωῦσέως
1599 2893 1689 2946 νό-

98 2996 209 3050 μον
242 2977 563 3048 διαφθείρας
590 2979 762 3045 τάξιν.
809 2980 870 3032 ’0
919 2980 1019 3050 μὲν
1065 2980 1174 3052 γάρ
1219 2980 1362 3046 θεῖος
1405 2983 1567 3054 νόμος
1603 2984 1692 3040 διά

97 3071 228 3140 βίου
289 3069 538 3140 ἱερᾶσθαι
595 3069 672 3141 τῷ
722 3069 842 3141 Θεῷ
893 3069 983 3123 τὸν
1045 3071 1303 3126 ἀνωτάτω
1366 3076 1689 3146 προστάττει

96 3161 373 3234 ἀρχιερέα
408 3177 422 3190 ·
481 3164 510 3214 ὁ
573 3161 617 3215 δ’
687 3161 932 3234 Ἡρώδης
993 3165 1054 3216 οὑ
1117 3168 1228 3229 τοῖς
1291 3166 1398 3219 ἀπὸ
1457 3165 1685 3235 γένους,

96 3255 215 3309 οὐδ’
275 3248 358 3317 οἷς
417 3254 691 3325 προσῆκον
747 3249 816 3326 ἧν
873 3256 1122 3310 ἀπεδίδου
1173 3257 1272 3329 τὴν
1325 3257 1686 3330 λειτουργίαν,

99 3340 545 3412 ἀπεξενωμένοις
599 3343 655 3396 δέ
716 3361 856 3412 τισι,
924 3347 1017 3400 καὶ
1073 3345 1372 3419 ἀλλοτρίοις
1422 3348 1523 3418 τῆς
1583 3348 1691 3402 τῶν

99 3436 413 3509 ἀρχιερέων
473 3436 757 3508 διαδοχῆς,
814 3439 908 3492 καὶ
962 3439 1084 3492 οὑδὲ
1134 3439 1344 3504 τούτοις
1418 3439 1688 3512 διαρκῶς,

103 3528 246 3599 πρὸς
305 3527 512 3599 βραχὺν
566 3528 622 3582 δέ
673 3547 792 3582 τινα
850 3529 945 3582 καὶ
999 3530 1429 3602 περιωρισμένον
1480 3531 1688 3604 χρόνον,

103 3619 299 3677 ἄλλοτε
333 3618 513 3683 ἄλλοις
531 3619 630 3690 τὴν
645 3621 813 3692 τιμὴν
830 3622 1125 3694 άντιδωρού
1134 3639 1310 3693 μενος,
1326 3621 1466 3676 ὥστε
1481 3623 1580 3688 τὰς
1595 3624 1692 3694 μὲν

106 3709 338 3784 πρώτας
364 3711 504 3764 ἐπτά
526 3710 826 3783 ἑϐδομάδας
854 3712 963 3766 ἀπὸ
987 3714 1171 3783 Κύρου
1200 3715 1294 3767 καὶ
1320 3715 1413 3768 ἐπὶ
1443 3718 1688 3787 Δαρεῖον,

105 3802 207 3866 τὰς
260 3803 319 3855 δὲ
359 3803 554 3866 λοιπὰς
603 3803 962 3876 ἑξηκονταδύο
1001 3806 1112 3859 ἀπὸ
1151 3808 1378 3878 Δαρείου
1448 3809 1542 3861 καὶ
1599 3809 1692 3860 ἐπὶ

110 3896 395 3965 Πομπήῖον
435 3896 525 3949 τὸν
580 3896 861 3966 Ῥωμαίων
912 3899 1214 3970 στρατηγὸν
1267 3898 1686 3971 περιορίζεσθαι.

113 3986 224 4037 Καὶ
275 3983 418 4037 κατὰ
453 3985 644 4057 τρίτην
677 3985 734 4038 δὲ
769 3985 998 4058 θεωρίαν
1025 3986 1207 4059 εὕροις
1240 3988 1306 4041 ἂν
1357 3987 1532 4052 ἄλλως
1592 3989 1692 4040 ἐπ·-

113 4075 239 4147 αριθ
248 4077 347 4147 μού
356 4093 514 4146 μενος
539 4079 666 4141 τοὺς
692 4077 918 4150 χρόνους
931 4078 1040 4132 τῶν
1063 4079 1204 4132 ἑπτά
1225 4081 1317 4134 καὶ
1334 4079 1691 4152 ἑξηκονταδύο

113 4169 444 4238 ἑϐδομάδων,
472 4171 528 4223 α⁶ί
552 4171 913 4224 συντείνουσιν
935 4174 1015 4234 είς
1035 4170 1130 4243 ἐτη
1155 4171 1480 4242 τετρακόσια
1496 4171 1687 4242 ὀγδοη-

113 4261 404 4331 κοντατρία
429 4302 443 4324 ,
486 4264 571 4314 ἐπ’
614 4262 776 4315 αὑτὸν
823 4261 1131 4330 Αὔγουστον
1169 4263 1260 4316 καὶ
1302 4263 1394 4316 ἐπὶ
1445 4262 1690 4335 Ἡρώδην

110 4353 238 4417 τοὺς
285 4351 535 4424 πρώτους
579 4352 638 4418 ἐξ
675 4354 970 4423 ἀλλοφύλου
1013 4354 1202 4423 γένους
1246 4354 1686 4424 βασιλεύσαντας,

113 4442 232 4496 καθ’
268 4440 360 4505 οὓς
380 4444 414 4512 ή
442 4441 535 4496 τοῦ
560 4443 808 4514 Σωτῆρος
831 4444 986 4514 ἡμῶν
1029 4439 1199 4513 Ἰησοῦ
1220 4443 1456 4516 Χριστοῦ
1478 4445 1690 4511 γένεσις

1725 1863 1765 1916 Β

1716 3214 1758 3270 C

1797 1055 1948 1110 ﬁcari
2001 1057 2242 1110 arbitror
2294 1076 2307 1111 :
2369 1063 2493 1126 post
2553 1071 2715 1126 quos,
2754 1056 3000 1126 ipsorum
3062 1060 3365 1114 novissimo

1795 1146 2108 1202 Alexandro
2133 1147 2450 1210 decedente,
2477 1163 2564 1202 res
2589 1145 2902 1202 Iudaeorum
2943 1150 3060 1204 sine
3091 1151 3362 1220 principe,

1795 1239 1914 1294 sine
1943 1239 2103 1301 duce,
2129 1240 2404 1295 neminem
2441 1239 2533 1310 qui
2587 1248 2844 1310 praeesset
2891 1240 3176 1309 habentes,
3199 1245 3366 1298 relin-

1793 1340 2055 1400 quuntur.
2090 1329 2313 1384 Factum
2347 1332 2529 1400 itaque
2565 1338 2669 1393 est,
2699 1340 2757 1384 ut
2804 1346 2992 1384 eorum
3050 1347 3276 1397 regnum
3308 1334 3363 1387 in

1795 1420 2050 1476 feminam
2075 1423 2290 1476 tandem
2320 1423 2590 1476 reciderit.
2620 1421 2790 1490 Cujus
2820 1423 2913 1476 ﬁlii
2936 1423 3046 1478 duo
3077 1425 3366 1480 Aristobu-

1794 1509 1879 1564 lus
1911 1517 2074 1578 atque
2131 1508 2442 1580 Hyrcanus,
2478 1509 2607 1562 dum
2654 1509 2797 1563 inter
2836 1527 2896 1566 se
2945 1511 3012 1566 de
3049 1513 3362 1584 principatu

1791 1599 2152 1663 contendunt,
2185 1600 2476 1670 Pompeius
2500 1601 2704 1656 interea
2734 1601 3104 1657 Romanorum
3126 1604 3364 1674 impera-

1792 1698 1900 1756 tor,
1925 1690 2303 1761 Hierosolyma
2334 1705 2649 1761 aggressus,
2682 1706 2805 1744 cum
2836 1693 3120 1749 obsidione
3171 1695 3362 1749 urbem

1792 1785 1958 1855 capit,
1991 1792 2106 1839 tum
2142 1800 2318 1854 usque
2350 1785 2418 1838 ad
2453 1785 2749 1854 penetralia
2797 1787 2983 1857 templi
3012 1802 3359 1858 progressus,

1794 1890 1917 1944 quae
1945 1885 2132 1930 sancta
2187 1875 2243 1927 in
2285 1874 2394 1929 illis
2445 1874 2790 1936 dicebantur,
2826 1873 3099 1945 profanat.
3151 1875 3217 1929 Et
3248 1877 3363 1932 inec

1792 1965 1998 2022 .ludazis
2072 1965 2328 2020 accidunt
2373 1967 2685 2021 centesimae
2736 1971 3148 2038 septuagesima:
3207 1985 3364 2024 nona:

1792 2058 2118 2130 Olympiadis
2139 2073 2283 2111 anno
2306 2057 2504 2128 primo,
2529 2059 2622 2128 qui
2649 2058 2750 2112 fuit
2781 2074 2958 2113 annus
2987 2075 3017 2114 a
3037 2059 3162 2130 Cyri
3196 2076 3364 2131 regno

1793 2150 2362 2220 quadringentesimus
2423 2149 2810 2220 nonagesimus
2869 2150 3137 2220 quintus,
3203 2147 3363 2220 cujus

1792 2241 1942 2311 regni
1977 2241 2190 2294 initium
2223 2242 2678 2310 quinquagesima
2718 2240 2908 2311 quinta
2936 2241 3245 2312 Olympiade
3284 2242 3366 2296 fa-

1792 2340 1941 2386 ctum
1982 2339 2086 2386 est.
2141 2328 2244 2385 Per
2292 2331 2348 2385 id
2400 2333 2566 2401 igitur
2623 2333 2888 2401 temporis
2935 2330 3258 2403 Pompeius,
3307 2333 3361 2388 vi

1793 2422 1968 2490 captis
2002 2420 2414 2493 Hierosolymis,
2446 2433 2500 2476 et
2533 2423 2773 2477 vinctum
2838 2423 3211 2480 Aristobulum
3254 2424 3363 2480 Ro-

1790 2528 1934 2566 mam
1983 2513 2165 2577 mittit,
2190 2521 2244 2568 et
2289 2514 2453 2584 hujus
2484 2513 2639 2568 fratri
2693 2513 2945 2586 Hyrcano
2996 2519 3362 2573 sacerdotium

1793 2607 1979 2665 tradit,
2015 2615 2177 2676 atque
2209 2621 2273 2661 ex
2319 2607 2413 2660 illo
2461 2615 2702 2677 tempore
2747 2607 3001 2664 universa
3048 2608 3362 2682 Judazorum

1790 2701 1942 2755 natio
1970 2697 2232 2753 Romanis
2255 2698 2544 2753 tributaria
2573 2701 2715 2752 facta
2757 2707 2860 2754 est.
2895 2699 3024 2755 Post
3051 2701 3360 2773 Hyrcanum

1791 2789 2054 2852 llerodes,
2095 2788 2363 2859 Antipatri
2415 2788 2577 2853 ﬁlius,
2610 2789 2729 2857 ipso
2758 2789 3046 2844 interfecto
3087 2790 3360 2862 Hyrcano,

1789 2882 2055 2953 largiente
2105 2879 2355 2935 Romano
2409 2888 2626 2944 senatu,
2677 2879 2990 2935 Iudaeorum
3035 2882 3248 2938 obtinet
3275 2899 3364 2937 re-

1789 2990 1978 3045 gnum.
2013 2972 2112 3028 Hic
2155 2973 2369 3044 primus
2399 2973 2578 3026 alieno
2608 2982 2763 3028 ortus
2787 2988 3004 3043 genere,
3044 2975 3365 3045 perturbato

1787 3063 2106 3132 pontiﬁcum
2139 3060 2353 3124 ordine,
2391 3063 2487 3132 qui
2534 3060 2775 3116 Mosaica
2825 3064 2939 3134 lege
2975 3066 3222 3119 sancitus
3249 3064 3365 3121 fue-

1789 3160 1896 3218 rat,
1925 3155 1977 3207 in
2009 3154 2098 3207 illa
2121 3161 2280 3224 gente
2309 3160 2518 3225 regnat.
2544 3152 2652 3208 Lex
2697 3155 2842 3228 enim
2888 3153 3071 3209 divina
3113 3155 3362 3225 jubebat,

1792 3256 1851 3302 ut
1880 3248 2151 3304 maximus
2179 3249 2422 3318 pontifex
2456 3263 2621 3318 quam
2656 3249 2751 3303 diu
2801 3249 3008 3306 viveret
3056 3253 3366 3309 sacerdotio

1793 3337 2131 3409 fungeretur.
2167 3338 2237 3392 At
2267 3339 2510 3396 Herodes
2544 3355 2656 3395 non
2687 3341 2755 3395 iis
2775 3343 2868 3411 qui
2899 3343 3142 3413 legitimo
3166 3360 3366 3414 genere

1791 3433 1896 3486 orti
1935 3440 2140 3494 essent,
2185 3449 2361 3502 neque
2409 3433 2476 3487 iis
2527 3434 2619 3503 qui
2672 3434 2726 3487 id
2757 3434 2900 3503 juris
2941 3435 3223 3502 haberent,
3267 3439 3362 3494 sed

1793 3524 2160 3594 snpposititiis
2189 3525 2542 3594 quibusdam,
2579 3536 2744 3596 atque
2778 3543 2808 3580 a
2852 3528 2996 3583 serie
3043 3543 3107 3583 ac
3140 3545 3364 3586 succes-

1791 3613 1945 3668 sione
1969 3615 2287 3684 pomiﬁcum
2327 3617 2521 3672 alienis
2552 3616 2606 3672 id
2628 3619 2870 3672 muneris
2890 3619 3157 3684 attribuit,
3194 3636 3258 3676 ac
3292 3637 3364 3676 ne

1791 3706 1861 3761 iis
1893 3706 2112 3775 quidem
2165 3708 2220 3761 in
2273 3717 2619 3778 perpetuum,
2648 3709 2743 3764 sed
2794 3710 2860 3764 ad
2897 3711 3058 3765 breve
3086 3712 3362 3781 quoddam

1791 3799 2320 3871 determinatumque
2377 3809 2591 3870 tempus
2648 3802 2983 3872 gratiﬁcans,
3005 3802 3166 3874 395
3201 3811 3364 3874 atque

1791 3891 1897 3944 alio
1932 3899 2174 3961 tempore
2227 3893 2350 3946 aliis
2383 3893 2652 3962 ejusmodi
2708 3894 2968 3950 honorem
3021 3895 3360 3965 impertiens,

1793 3995 1852 4039 ut
1880 3987 1984 4041 hac
2020 3987 2249 4046 ratione,
2283 3989 2472 4056 prima:
2505 3987 2724 4057 quidem
2756 3987 3123 4044 hebdomades
3155 3997 3364 4059 septem

1791 4092 1821 4130 a
1844 4075 1988 4147 Cyro
2018 4077 2085 4132 ad
2131 4077 2379 4142 Darium,
2413 4079 2636 4149 reliqua:
2651 4094 2790 4134 vero
2827 4080 3108 4150 sexaginta
3154 4079 3297 4145 duae,
3331 4097 3361 4134 a

1790 4167 1953 4223 Dario
1983 4168 2050 4222 ad
2082 4169 2461 4238 imperatorem
2489 4167 2858 4225 Romanorum
2889 4169 3202 4241 Pompeium
3232 4187 3364 4226 con-

1792 4260 2089 4316 tineantur.
2120 4262 2187 4312 At
2217 4260 2263 4314 si
2290 4262 2504 4315 tertiam
2542 4269 2803 4331 praeterea
2843 4263 3360 4332 contemplationem

1791 4349 1928 4403 velis
1965 4349 2244 4412 insistere,
2277 4359 2441 4418 atque
2479 4349 2584 4401 alia
2611 4349 2844 4418 quadam
2885 4353 3094 4402 ratiOne
3117 4359 3362 4419 tempora

1791 4449 1996 4510 septem
2046 4448 2099 4494 et
2131 4441 2408 4509 sexaginta
2457 4439 2688 4494 duarum
2731 4439 3129 4495 bebdomadum
3171 4457 3365 4497 nume-

115 4537 406 4605 ἱστορεῖται
440 4535 910 4607 περιγραφομένη,
953 4537 1032 4600 εί,
1078 4535 1382 4606 ἀρξάμενος
1425 4536 1532 4588 ἀπὸ
1583 4538 1687 4588 Δα-

1792 4547 1934 4596 rare,
1968 4546 2088 4601 quae
2117 4547 2290 4587 annos
2313 4532 2595 4586 continent
2627 4532 3056 4603 quadringentos
3085 4534 3362 4600 octoninta

117 4628 260 4699 ρείου
288 4627 382 4679 καὶ
415 4625 514 4695 τῆς
545 4625 990 4697 συμπληρώσεως
1029 4626 1122 4679 τοῦ
1163 4626 1292 4680 ναοῦ
1313 4670 1328 4693 ,
1369 4627 1460 4698 τὸν
1499 4628 1692 4700 δηλού-

1793 4631 1923 4688 tres,
1944 4625 2192 4679 invenias
2216 4623 2359 4680 idem
2386 4625 2650 4694 temporis
2679 4624 2917 4695 spatium
2945 4625 3010 4680 ad
3053 4626 3360 4698 Augustum

121 4735 278 4788 μενον
329 4717 562 4789 ἀριθμὸν
616 4718 930 4790 ἀναλογίσῃ.
1012 4720 1236 4792 Δαρείου
1281 4721 1389 4788 γὰρ
1446 4722 1586 4775 κατὰ
1631 4721 1688 4774 τὰ

1793 4732 1969 4786 usque
2002 4724 2166 4787 atque
2191 4715 2592 4788 Herodem,qui
2616 4717 3005 4788 primiexterni
3029 4719 3244 4789 generis
3277 4734 3364 4773 re-

114 4808 361 4879 δεύτερον
403 4807 522 4871 ἔτος
541 4847 556 4873 ,
584 4809 676 4862 τὸν
715 4808 1184 4880 ἑϐδομηκονταετῆ
1217 4809 1406 4882 χρόνον
1439 4811 1537 4881 τῆς
1566 4813 1693 4883 ἐρη-

1790 4818 2050 4882 gnarunt,
2074 4825 2421 4881 quorumque
2452 4811 2790 4880 temporibus
2839 4811 3140 4866 Salvatoris
3187 4812 3362 4865 nostri

120 4899 341 4973 μώσεως
394 4901 749 4971 Ἰερουσαλὴμ
809 4901 1263 4972 συμτωπεράσθαι
1317 4904 1345 4955 ό
1408 4904 1688 4975 προφήτης

1792 4900 1918 4957 Iesu
1949 4901 2154 4955 Christi
2212 4911 2368 4956 ortus
2423 4901 2595 4956 fuisse
2643 4911 2995 4968 memoratur,
3053 4906 3362 4974 propagari,

115 4994 382 5064 Ζαχαρίας
410 4992 559 5064 δηλοῖ
588 4994 760 5061 λέγων
781 5010 793 5022 ’
850 5011 869 5044 ι
901 4991 980 5064 Τῇ
1017 4994 1235 5065 τετράδι
1267 4995 1360 5047 καὶ
1391 4994 1595 5059 εἰκάδι,
1628 4997 1686 5048 ἑν

1793 4992 1841 5047 si
1870 4991 2030 5046 modo
2060 4993 2204 5045 hunc
2231 5007 2394 5062 quem
2440 4992 2552 5047 dixi
2607 5009 2894 5047 numerum
2953 5003 3171 5064 sumpto
3209 4995 3367 5048 initio

114 5085 194 5156 τῷ
217 5085 478 5156 ἑνδεκάτῳ
513 5087 661 5157 μηνὶ,
693 5087 854 5152 αὑτός
880 5089 996 5141 ἐστι
1018 5086 1220 5153 Σαϐἀτ,
1257 5089 1316 5142 ἐν
1343 5086 1423 5158 τῷ
1450 5087 1688 5159 δευτέρῳ

1794 5098 1825 5136 a
1849 5083 2011 5137 Dario
2039 5083 2336 5153 templique.
2357 5084 2704 5139 absolutione
2733 5085 3041 5154 recolligas.
3067 5085 3149 5138 Ad
3174 5099 3369 5140 secun-

117 5176 222 5228 ἔτει
259 5176 509 5244 Δαρείου,
540 5177 758 5243 ἐγένετο
803 5177 960 5246 λόγος
1007 5178 1216 5250 Κυρίου
1247 5177 1384 5250 πρὸς
1411 5179 1688 5250 Ζαχαρίαν

1796 5176 1925 5228 dum
1953 5175 2097 5229 enim
2160 5174 2305 5228 Darii
2362 5189 2587 5241 annum,
2624 5185 2838 5245 tempus
2867 5177 3181 5232 solitudinis
3213 5177 3368 5231 urbis

116 5267 202 5318 τὸν
235 5264 323 5318 τοῦ
351 5258 642 5338 Βαραχίου.
679 5287 697 5319 ›
736 5265 846 5321 Εἶθ’
887 5269 1014 5338 ἑξῆς
1048 5268 1286 5336 ἐπιλέγει
1309 5285 1323 5298 ο
1363 5288 1382 5319 σ
1413 5270 1523 5323 Καὶ
1547 5272 1685 5325 ἀπε-

121 5359 272 5430 κρίθη
317 5360 346 5411 ὁ
377 5359 608 5428 ἄγγελος
674 5364 903 5433 Κυρίου,
949 5363 1045 5416 καὶ
1100 5358 1223 5416 εἷπε
1249 5377 1264 5393 ⁸
1322 5361 1496 5433 Κύριε
1547 5379 1684 5415 παν-

117 5453 410 5524 τοκράτωρ,
435 5453 541 5516 ἑως
571 5453 713 5518 τίνος
739 5455 799 5508 οὑ
834 5456 908 5527 μὴ
924 5457 1154 5526 ἐλεήσῃς
1181 5455 1282 5526 τὴν
1309 5453 1684 5525 Ἰερουσαλὴμ,

121 5548 208 5598 καὶ
246 5545 338 5609 τὰς
383 5547 567 5610 πόλεις
607 5548 808 5614 Ἰούδα,
841 5548 908 5612 ἃς
948 5549 1227 5621 ὑπερεῖδες
1255 5547 1415 5601 τοῦτο
1456 5546 1686 5618 ἑϐδομη-

121 5634 300 5686 κοστὸν
339 5633 479 5698 hoc;
518 5652 538 5685 ι
573 5635 774 5688 Τοῦτον
815 5636 880 5708 δὴ
915 5633 1007 5690 οὖν
1043 5637 1203 5692 αὑτὸν
1233 5635 1312 5708 τῷ
1354 5635 1483 5708 θείῳ
1513 5635 1684 5690 Πνεύο

192 5819 235 5850 ⁸³
271 5815 496 5872 Zachar.
539 5832 591 5878 ι.
628 5816 675 5872 7.

444 5913 709 5975 ιλιτειοι..
760 5915 876 5974 Gtt.
929 5912 1128 5974 XXII.

1790 5266 2092 5322 Jerusalem
2118 5308 2132 5326 .
2163 5266 2309 5338 quod
2349 5270 2825 5338 septuagenarium
2878 5269 3002 5334 fuit,
3050 5270 3367 5340 pervenisse

1793 5359 2057 5434 propheta
2087 5358 2382 5415 Zacharias
2416 5359 2624 5415 indicat
2647 5361 2734 5418 his
2761 5362 2948 5418 verbis
2981 5381 2996 5415 :
3029 5381 3047 5413 ‹
3079 5362 3135 5416 1η
3163 5361 3253 5417 die
3287 5363 3369 5415 vi-

1792 5453 1998 5506 cesimo
2027 5461 2225 5522 quarto
2259 5451 2536 5505 undecimi
2585 5455 2793 5510 mensis
2843 5455 2913 5523 (is
2953 5463 3038 5510 est
3083 5453 3269 5524 Sabat)
3308 5455 3366 5508 in

1794 5559 1939 5598 anno
1961 5543 2202 5598 secundo
2229 5542 2398 5606 Darii,
2435 5541 2639 5598 factum
2687 5556 2771 5601 est
2801 5546 3026 5601 verbum
3053 5543 3264 5600 Domini
3297 5546 3365 5599 ad

1793 5635 2113 5692 Zachariam
2141 5637 2309 5692 ﬁlium
2333 5635 2610 5692 Barachire
2640 5638 2708 5694 ⁸³.
2751 5655 2769 5692 ι
2808 5637 3012 5694 Deinde
3038 5653 3366 5710 progressus

2932 5911 3012 5970 20
