3836 6220
403 427 508 483 619

1039 423 1310 480 EUSEBll
1349 417 1830 478 CESARIENSIS
1867 416 2019 474 OPP.
2061 414 2244 471 PARS
2290 413 2355 470 11.
2385 444 2456 455 -—
2489 409 2993 468 APOLOGETICA.

3575 409 3691 462 (ἱεὶιᾶ

401 507 654 618 adiungit
684 562 697 599 :
737 562 754 596 ‹
794 540 861 598 Et
883 541 1164 614 respondit
1191 541 1418 611 angelus
1449 539 1662 593 Domini
1705 546 1760 593 et
1798 537 1933 592 dixit
1962 556 1974 590 :

2105 552 2215 588 ιατι
2271 532 2553 602 θεωρήσας
2595 532 2623 583 ὁ
2676 527 2876 598 Δανιὴλ
2922 525 3014 578 τόν
3067 525 3296 596 χρόνον,
3349 522 3691 592 σημειοῦται

403 634 632 690 Domine
655 634 1022 703 omnipotens,
1049 645 1336 702 quousque
1364 629 1714 684 misereberis
1753 624 1978 682 Jerusa-

404 727 509 782 lem
533 735 586 780 et
615 725 833 780 urbium
862 723 1023 788 Juda,
1054 737 1192 792 quas
1219 721 1515 791 despexisti
1558 721 1704 775 hunc
1755 730 1977 789 septua-

403 821 672 888 gesimum
726 833 928 871 annum
975 816 1061 869 ⁸δῖ
1094 835 1112 866 ι
1164 814 1278 868 Hoc
1323 814 1488 883 igitur
1531 813 1708 882 ipsum
1763 819 1978 880 tempus

403 911 592 965 Daniel
624 925 747 964 cum
777 909 962 964 divino
991 907 1196 978 Spiritu
1226 907 1437 960 adlatus
1471 906 1713 968 vidisset,
1745 905 1831 958 bis
1857 920 1979 958 ver-

401 1005 489 1059 bis
529 1004 770 1058 notavit:
803 1020 822 1052 ‹
854 1002 965 1071 Ego
998 1001 1184 1055 Daniel
1233 999 1472 1054 intellexi
1500 998 1554 1051 in
1588 997 1745 1052 libris
1775 1013 1972 1050 nume-

410 1113 531 1150 rum
567 1095 949 1158 annorum,'de
976 1110 1085 1164 quo
1111 1093 1288 1147 factus
1329 1099 1411 1146 est
1447 1106 1627 1146 sermo
1659 1087 1977 1142 Domini'ad

407 1185 698 1240 Jeremiam
731 1184 1072 1256 prophetam,
1107 1191 1164 1238 ut
1194 1183 1597 1252 complerentur
1623 1179 1979 1235 desolationis

405 1276 707 1332 Jerusalem
731 1277 1072 1348 septuaginta
1097 1277 1244 1339 anni,
1263 1283 1318 1330 et
1335 1273 1459 1329 dedi
1485 1273 1674 1328 faciem
1706 1288 1880 1326 meam
1911 1271 1978 1325 ad

405 1369 693 1423 Dominum
728 1368 894 1423 Deum
920 1383 1122 1433 meum,
1148 1377 1208 1421 ut
1234 1381 1422 1420 orarer
1445 1380 1507 1418 ac
1537 1365 1860 1435 deprecarer
1874 1361 1974 1416 ³⁸.»

404 1462 607 1517 Deinde
641 1469 764 1532 post
809 1460 1254 1531 deprecationem
1312 1459 1559 1528 angelus,
1613 1458 1704 1527 qui
1760 1456 1837 1509 illi
1895 1471 1982 1510 se-

404 1555 586 1626 ipsum
645 1553 907 1615 ostendit,
963 1568 1025 1606 ea
1085 1553 1314 1614 divinat,
1355 1567 1475 1620 quze
1537 1549 1605 1604 ad
1639 1547 1980 1618 septuaginta

405 1644 775 1700 hebdomadas
809 1645 1101 1715 pertinent,
1127 1651 1181 1698 et
1225 1651 1443 1713 tempus
1485 1642 1630 1696 unde
1657 1638 1981 1694 numerandi

403 1737 619 1790 initium
645 1734 970 1804 capiendum
1003 1741 1108 1796 est,
1146 1733 1419 1804 significat
1455 1731 1646 1786 dicens
1675 1751 1688 1785 :
1723 1749 1742 1781 ι
1793 1729 1857 1784 Et
1886 1745 1980 1784 co-

404 1843 639 1898 gnosces
669 1834 722 1880 et
763 1825 1039 1889 intelliges
1080 1825 1148 1878 ab
1177 1825 1327 1878 exitu
1360 1824 1633 1879 sermonis
1665 1830 1723 1876 ut
1756 1837 1983 1890 respon-

404 1919 598 1972 deatur
627 1926 680 1972 et
707 1917 1006 1971 aediﬁcetur
1037 1914 1340 1970 Jerusalem
1377 1930 1552 1985 usque
1602 1914 1669 1967 ad
1702 1913 1980 1967 Christum

404 2012 621 2066 ducem.
673 2030 690 2062 ι
720 2009 892 2064 Porro
927 2017 1110 2062 autem
1153 2024 1182 2062 a
1209 2008 1352 2079 Cyro
1378 2009 1617 2078 primum
1648 2022 1978 2075 responsum

405 2115 511 2169 est,
543 2113 601 2158 ut
630 2103 994 2158 aediﬁcaretur
1030 2091 1357 2166 Jerusalem,
1407 2117 1508 2155 nec
1560 2109 1739 2155 tamen
1801 2101 1979 2169 ipsum

405 2212 544 2266 opus
567 2195 819 2250 eﬂ‘ectum
847 2202 950 2260 est,
986 2198 1109 2248 cuni
1139 2193 1191 2247 id
1217 2193 1380 2247 vicini
1409 2192 1650 2262 undique
1683 2191 1979 2262 prohibue-

407 2289 541 2340 rint.
571 2285 766 2341 Postea
799 2301 927 2340 vero
963 2301 1087 2339 cum
1139 2273 1336 2340 Darius
1383 2284 1634 2353 jusserit,
1669 2299 1844 2352 eoque
1894 2299 1983 2338 re-

405 2386 608 2448 gnante
639 2379 949 2433 absolutum
982 2379 1053 2433 sit
1085 2378 1270 2447 templi
1297 2376 1611 2440 aedilicium,
1637 2375 1764 2430 inde
1789 2376 1857 2430 ab
1881 2377 1983 2431 hoc

406 2471 527 2540 ipso
555 2479 798 2538 tempore
827 2469 1104 2539 propheta:
1154 2464 1344 2523 Daniel
1375 2471 1660 2523 oraculum
1703 2472 1788 2525 sui
1819 2487 1983 2526 even-

404 2571 496 2618 tus
516 2561 730 2615 initium
757 2562 946 2626 sumit,
968 2561 1126 2630 cujus
1150 2552 1316 2616 verba
1339 2562 1429 2616 illa
1456 2570 1605 2626 sunt,
1628 2582 1646 2614 ε
1673 2573 1731 2617 ut
1757 2580 1984 2634 respon-

404 2655 602 2708 deatur
624 2662 678 2708 et
717 2652 1016 2708 a’diﬁcetur
1044 2652 1351 2708 Jerusalem
1375 2693 1390 2717 ,
1427 2673 1446 2706 ι
1482 2653 1537 2707 in
1569 2671 1678 2724 quo
1720 2656 1883 2709 etiam
1920 2657 1979 2709 il-

409 2747 500 2801 Iud
540 2747 746 2801 dictum
775 2756 858 2802 est
891 2765 902 2800 :
943 2765 960 2797 ι
998 2745 1111 2817 Ego
1136 2745 1325 2803 Daniel
1357 2748 1594 2803 intellexi
1619 2749 1673 2802 in
1695 2749 1852 2804 libris
1877 2767 1984 2804 nu-

404 2853 614 2892 merum
652 2851 943 2901 annorum,
974 2837 1140 2908 396
1172 2837 1241 2892 de
1279 2853 1389 2908 quo
1430 2836 1608 2892 factus
1663 2846 1749 2894 est
1805 2854 1986 2894 sermo

407 2927 639 2984 Domini
669 2929 735 2982 ad
764 2927 1054 2984 Jeremiam
1105 2915 1444 3000 prophetam,
1478 2922 1538 2984 ut
1581 2933 1986 3001 complerentur

405 3019 1082 3078 desolationisJerusalem
1106 3018 1451 3091 septuaginta
1475 3022 1624 3076 anni.
1659 3023 1846 3078 iAnno
1871 3023 1965 3094 igi-

407 3122 498 3168 tur
520 3113 668 3168 Darii
711 3114 951 3169 secundo
974 3122 1199 3185 apparet
1235 3114 1536 3184 completos
1569 3129 1692 3170 esse
1719 3129 1894 3170 annos
1919 3116 1985 3170 il—

2078 623 2286 692 λέγων⁹
2340 640 2358 672 ο
2413 619 2553 688 Ἐγὼ
2601 619 2801 688 Δανιὴλ
2849 618 3058 687 συνῆκα
3098 618 3155 668 ἐν
3187 617 3307 677 ταῖς
3347 613 3556 684 βίϐλοις
3593 615 3694 667 τὸν

2079 715 2310 788 ἀριθμὸν
2347 714 2456 767 τῶν
2505 712 2674 775 ἑτῶν,
2728 711 2858 782 περὶ
2900 705 2961 763 οὗ
3007 707 3240 778 ἐγενήθη
3281 705 3439 774 λόγος
3470 707 3695 778 Κυρίου

2081 810 2216 881 πρὸς
2249 807 2520 878 Ἱερεμίαν
2549 805 2638 857 τὸν
2675 805 2986 874 προφήτην,
3020 803 3101 863 είς
3129 799 3527 870 συμπλήρωσιν
3555 802 3698 870 ἐρη-

2083 901 2307 972 μώσεως
2352 899 2450 968 τῆς
2513 893 2877 966 Ἰερουσαλὴμ
2905 934 2919 957 ,
2975 891 3352 960 ἐϐδομήκοντα
3408 888 3505 957 ἑτη
3535 929 3551 952 ,
3599 889 3698 941 καὶ

2080 995 2257 1046 ἔδωκα
2287 992 2349 1044 τὸ
2385 987 2676 1062 πρόσωπόν
2707 1003 2807 1058 μου
2844 985 2980 1056 πρὸς
3013 983 3221 1054 Κύριον
3255 984 3344 1035 τὸν
3373 982 3508 1034 Θεόν
3556 998 3696 1051 μου.

2079 1081 2172 1136 τοῦ
2220 1081 2520 1150 ὲκζητῆσαι
2560 1075 2870 1148 προσευχὴν
2913 1076 3008 1128 καὶ
3045 1074 3248 1144 δέησιν.
3286 1092 3304 1124 ι
3356 1068 3490 1124 Εἶτα
3547 1073 3697 1142 μετὰ

2079 1177 2180 1247 τὴν
2231 1173 2394 1244 εὐχὴν
2443 1169 2731 1240 ἐπιφανεὶς
2793 1167 2942 1237 αύτῷ
2995 1169 3024 1219 ὁ
3055 1166 3285 1234 άγγελος
3323 1165 3580 1221 θεσπίζει
3629 1165 3701 1217 τὰ

2083 1266 2209 1337 περὶ
2247 1265 2353 1318 τῶν
2402 1263 2780 1333 ἐϐδομήκοντα
2833 1258 3178 1329 ἑϐδομάδων,
3220 1259 3314 1311 καὶ
3358 1257 3452 1310 τὸν
3490 1256 3699 1328 χρόνον

2081 1358 2202 1412 ὅθεν
2236 1357 2317 1410 δεῖ
2341 1355 2605 1428 ἄρχεσθαι
2636 1355 2912 1426 ἀριθμεῖν,
2945 1354 3236 1424 σημαίνει,
3271 1353 3448 1420 λέγων
3471 1369 3485 1381 ·
3529 1370 3552 1402 ι
3582 1349 3701 1403 Καὶ

2081 1451 2267 1524 γνώσῃ
2301 1451 2395 1504 καὶ
2437 1450 2692 1521 συνήσεις
2732 1443 2842 1502 άπὸ
2883 1444 3063 1514 ἐξόδου
3102 1447 3260 1516 λόγου
3281 1486 3295 1511 ,
3327 1445 3420 1498 τοῦ
3452 1447 3702 1514 ἀποκρι-

2083 1546 2239 1614 θῆναι
2271 1544 2364 1596 καὶ
2397 1543 2490 1596 τοῦ
2525 1542 2882 1614 οἰκοδομῆσαι
2905 1541 3280 1612 Ἰερουσαλὴμ,
3308 1541 3413 1604 ἕως
3444 1538 3702 1610 Χριστοῦ

2084 1635 2410 1705 ἡγουμένου.
2459 1653 2478 1686 r
2546 1633 2745 1700 Γέγονε
2803 1631 2905 1704 μὲν
2960 1629 3054 1686 οὖν
3117 1634 3413 1704 ἀπόκρισις
3488 1631 3701 1701 πρώτη

2084 1728 2294 1800 Κύρου,
2340 1725 2762 1798 οἰκοδομηθῆναι
2792 1723 2894 1796 τὴν
2937 1724 3291 1796 Ἰερουσαλὴμ
3314 1765 3327 1787 ,
3365 1725 3425 1776 ού
3453 1722 3568 1794 μὴν
3609 1725 3697 1786 εἰς

2085 1821 2247 1893 ἔργον
2291 1820 2572 1891 ἐχώρησε,
2622 1821 2730 1874 τῶν
2773 1818 3068 1890 περιοίκων
3109 1817 3505 1870 κεκωλυκότων
3528 1834 3542 1846 ·
3593 1820 3702 1870 A1-

2016 1891 2056 1951 Β
2087 1891 2234 1986 ρείου
2284 1913 2343 1966 δὲ
2378 1913 2516 1984 μετὰ
2537 1913 2710 1966 ταῦτα
2731 1911 3111 1974 κελεύσαντος,
3144 1910 3239 1964 καὶ
3266 1909 3366 1980 τῆς
3392 1909 3706 1980 οἰκοδομῆς

2081 2005 2176 2058 τοῦ
2219 2005 2364 2078 ἱεροῦ
2403 2008 2525 2058 κατ’
2559 2004 2720 2058 αὑτὸν
2766 2002 3242 2074 συντελεσθείσης,
3280 2003 3313 2073 ὴ
3356 2001 3454 2054 τοῦ
3491 2002 3705 2072 Δανιὴλ

2083 2097 2334 2153 ἐντεῦθεν
2393 2097 2701 2169 προφητεία
2770 2095 2866 2168 τὴν
2917 2095 3202 2167 καταρχὴν
3253 2096 3356 2164 τῆς
3399 2095 3700 2158 ἐκϐάσεως

2083 2188 2390 2259 ἐλάμϐανεν
2413 2228 2426 2251 ,
2456 2189 2491 2258 ἢ
2520 2205 2579 2242 τε
2612 2189 2898 2256 φάσκουσα
2927 2204 2942 2218 ο
3006 2205 3024 2238 ι
3073 2185 3207 2238 Ἀπὸ
3255 2185 3436 2250 ἐξόδου
3485 2186 3662 2254 λόγου
3685 2226 3700 2246 ,

2081 2285 2176 2338 τοῦ
2209 2283 2569 2354 ἀποκριθῆναι
2606 2286 2699 2338 καὶ
2723 2284 2817 2338 τοῦ
2851 2283 3202 2352 οἰκοδομῆσαι
3254 2280 3624 2351 Ἰερουσαλὴμ
3649 2299 3698 2341 ,ι

2084 2377 2178 2431 καὶ
2223 2376 2291 2430 δι’
2315 2373 2394 2450 ,ἧς
2435 2376 2649 2448 εἴρηται
2697 2393 2716 2408 ·
2758 2397 2776 2428 ι
2817 2375 2957 2446 Ἐγὼ
2991 2374 3189 2444 Δανιὴλ
3229 2374 3434 2444 συνῆκα
3466 2373 3528 2424 ἑν
3577 2369 3702 2434 cui;

2086 2473 2288 2544 βίϐλοις
2315 2473 2405 2526 τὸν
2432 2472 2664 2544 ἀριθμὸν
2682 2472 2788 2524 τῶν
2820 2471 2982 2535 ἐτῶν,
3008 2471 3137 2541 περὶ
3159 2462 3220 2522 οὗ
3257 2465 3496 2537 ἐγενήθη
3526 2465 3697 2533 λόγος

2091 2567 2299 2638 Κυρίου
2329 2566 2465 2639 πρὸς
2523 2567 2790 2637 Ἰερεμίαν
2829 2564 2920 2618 τὸν
2975 2565 3284 2635 προφήτην,
3325 2562 3406 2623 είς
3434 2557 3698 2628 συμπλή-

2089 2677 2258 2731 ρωσιν
2303 2657 2638 2730 ἐρημώσεως
2695 2655 3077 2727 Ἰερουσαλὴμ,
3123 2653 3500 2723 ἑϐδομήκοντα
3538 2649 3695 2718 ἐτη.»

2087 2750 2246 2806 Κατὰ
2288 2749 2418 2818 γοῦν
2461 2749 2522 2802 τδ
2578 2749 2832 2820 δεύτερον
2887 2746 3012 2810 ἔτος
3060 2744 3285 2815 Δαρείου
3339 2746 3372 2814 ἡ
3430 2741 3697 2812 συμπλή-

2095 2859 2264 2915 ρωσις
2282 2843 2382 2912 τῆς
2417 2841 2616 2912 ἑϐδομη
2624 2857 2884 2911 κονταετη
2896 2839 3036 2911 ρίδος
3052 2836 3427 2891 ἀποδέδεικται
3447 2853 3520 2888 πε
3530 2852 3698 2906 ραιω-

2088 2934 2276 2997 θεῖσα,
2318 2932 2458 2987 ὥστε
2509 2932 2567 2998 ἐξ
2618 2931 2857 2994 ἅπαντος
2903 2931 3166 3001 ἄρχεσθαι
3209 2929 3317 2980 δεῖν
3372 2929 3528 2998 ἡμᾶς
3587 2927 3698 2979 τῶν

2089 3027 2461 3096 ἑϐδομήκοντα
2487 3023 2798 3094 ἑϐδομάδων
2828 3021 2936 3074 ἀπὸ
2957 3022 3058 3091 τῆς
3080 3018 3381 3090 ἑξηκοστῆς
3407 3020 3506 3072 καὶ
3527 3019 3696 3089 ἕκτης

2105 3117 2466 3188 Ὀλυμπιάδος
2489 3155 2502 3179 ,
2545 3115 2640 3168 καὶ
2679 3114 2788 3166 ἀπὸ
2835 3113 3087 3183 δευτέρου
3134 3111 3287 3172 ἔτους
3325 3110 3560 3180 Δαρείου
3584 3151 3598 3172 ,
3640 3112 3695 3162 ἐν

408 3205 492 3259 los
520 3205 888 3274 septuaginta,
915 3212 972 3258 ut
1002 3219 1104 3259 nos
1155 3206 1301 3258 omni
1338 3206 1550 3259 ratione
1608 3211 1856 3274 oporteat
1900 3221 1985 3260 sc-

2105 3203 2229 3278 ᾖτὰ
2263 3209 2362 3278 τῆς
2397 3206 2687 3277 οἰκοδομῆς
2727 3203 3070 3276 περαιοῦται.
3131 3201 3412 3256 Ἐντεῦθεν
3465 3201 3606 3268 γοῦν
3651 3203 3699 3252 εἰ

411 3299 696 3368 ptuaginta
715 3297 1116 3352 hebdomadum
1150 3297 1366 3350 initium
1391 3295 1570 3351 facere
1599 3312 1626 3349 a
1651 3312 1773 3349 um
1806 3297 1982 3366 olym-

410 3389 592 3460 piade.
621 3396 785 3458 atque
815 3403 846 3440 a
876 3387 1023 3441 Darii
1056 3403 1200 3442 anno
1242 3389 1506 3450 secundo,
1543 3388 1600 3441 in
1655 3403 1765 3458 quo
1809 3389 1988 3444 omnis

412 3481 504 3534 illa
538 3480 690 3535 urbis
716 3477 1023 3535 Jerusalem
1059 3479 1348 3533 aediﬁcatio
1400 3479 1652 3535 absoluta
1708 3488 1792 3534 est
1821 3499 1832 3533 :
1862 3479 1988 3535 inde

411 3571 580 3641 igitur
603 3572 646 3626 si
681 3578 931 3641 tempora
955 3586 1076 3640 qua:
1102 3579 1408 3640 sequuntur
1434 3587 1708 3634 numeres,
1741 3572 1989 3626 invenias

410 3662 480 3716 ad
508 3662 684 3733 ipsum
731 3677 903 3733 usque
933 3661 1200 3716 llerolem
1235 3669 1290 3716 et
1325 3663 1676 3717 monarcham
1714 3661 1989 3718 Romano-

410 3767 534 3806 rum
571 3752 902 3823 Augustum,
929 3751 1033 3807 sub
1070 3751 1271 3822 quibus
1297 3749 1599 3807 Salvatoris
1628 3753 1804 3808 nostri
1833 3760 1988 3810 ortus

409 3845 538 3897 vita:
565 3843 847 3897 hominum
875 3842 1073 3907 illuxit,
1109 3843 1536 3912 quadringentos
1569 3844 1847 3915 octoginta
1877 3853 1989 3900 tres

411 3951 591 3992 annos
623 3935 915 4001 contineri,
953 3935 1047 4006 qui
1079 3943 1285 4005 septem
1333 3938 1386 3988 et
1444 3937 1725 4004 sexaginta
1756 3936 1986 3990 duarum

411 4028 814 4084 bebdumadum
878 4042 1148 4082 summam
1217 4023 1519 4081 secundum
1577 4026 1750 4095 ipsius
1801 4027 1990 4083 Daniel

413 4119 756 4189 prOphetiam
813 4119 1132 4174 coniiciunt.
1165 4116 1208 4170 A
1257 4118 1599 4188 sexagesima
1639 4121 1786 4173 enim
1837 4128 1989 4175 sexta

413 4206 722 4276 Olympiade
751 4206 818 4260 ad
851 4206 1205 4261 centesimam
1243 4206 1636 4276 ootogesimam
1665 4217 1873 4264 sextam
1907 4211 1991 4264 in-

413 4295 691 4349 termedim
721 4294 1056 4366 olympiades
1096 4294 1432 4364 colliguntur
1463 4303 1682 4348 centum
1705 4303 1760 4349 et
1798 4297 1989 4367 viginti

414 4401 523 4441 una
549 4405 560 4439 :
586 4387 678 4456 qui
701 4395 830 4442 sunt
853 4387 982 4440 anni
1001 4385 1387 4458 quadringenti
1416 4387 1697 4458 octoginta
1721 4399 1987 4458 quatuor,

413 4479 646 4549 singulis
685 4479 872 4549 utique
897 4479 1300 4550 olympiadibus
1321 4487 1620 4549 quaternos
1651 4495 1825 4538 annos
1857 4497 1990 4536 con-

2088 3301 2216 3362 τοὺς
2258 3299 2559 3370 ἑπομένους
2609 3297 2837 3368 χρόνους
2879 3293 3238 3366 ἀριθμήσεις,
3278 3291 3457 3364 εὕροις
3501 3293 3573 3346 ἂν

2089 3393 2251 3446 αὑτὸν
2292 3389 2537 3462 Ἡρώδην
2583 3387 2854 3460 μόναρχον
2888 3403 2948 3438 τε
3012 3384 3296 3454 Ῥωμαίων
3349 3381 3699 3450 Αὔγουστον,

2089 3483 2211 3537 καθ’
2237 3481 2330 3546 οὒς
2360 3485 2394 3552 ἡ
2427 3481 2522 3534 τοῦ
2561 3481 2812 3551 Σωτῆρος
2847 3475 3004 3548 ἡμῶν
3052 3475 3290 3542 ἑπέφανε
3325 3473 3406 3544 τῷ
3456 3474 3564 3545 βίῳ
3608 3474 3701 3541 γέ-

2091 3593 2260 3639 νεσις,
2291 3574 2360 3627 τὰ
2397 3573 2724 3646 τετρακόσια
2762 3570 3096 3639 ὀγδοήκοντα
3124 3567 3250 3639 τρία
3287 3566 3380 3636 ἐτη
3402 3606 3417 3628 ,
3459 3567 3524 3618 αῖ
3561 3569 3702 3618 εἰσιν

2089 3667 2231 3721 ἑπτά
2303 3667 2398 3720 καὶ
2443 3662 2802 3735 ἑξηκονταδύο
2859 3660 3184 3731 ἑϐδομάδες,
3247 3657 3389 3711 κατὰ
3442 3656 3546 3726 τὴν
3604 3655 3700 3708 τοῦ

2089 3759 2286 3830 Δανιὴλ
2339 3757 2676 3829 προφητείαν
2724 3755 3171 3828 περιοριζόμενα.
3246 3751 3377 3805 Ἀπὸ
3433 3751 3552 3820 γὰρ
3601 3751 3701 3819 τῆς

2089 3849 2390 3922 ἑξηκοστῆς
2428 3849 2522 3901 καὶ
2549 3849 2714 3920 ἕκτης
2754 3847 3116 3918 Ὀλυμπιάδος
3137 3846 3230 3898 ἐπὶ
3253 3843 3353 3913 τὴν
3389 3843 3700 3913 ἑκατοστὴν

2090 3941 2456 4014 ὀγδοηκοστὴν
2519 3941 2685 4014 ἕκτην
2753 3942 2992 4011 γίνονται
3065 3938 3426 4009 Ὀλυμπιάδες
3488 3936 3700 4007 μεταξὺ

2093 4036 2289 4090 ἑκατὸν
2329 4033 2612 4106 εἰκοσιμία
2638 4073 2652 4099 ,
2695 4033 2789 4105 ἐτη
2823 4033 3151 4104 τετρακόσια
3201 4031 3540 4100 ὀγδοήκοντα
3581 4029 3702 4081 τέσ-

2091 4145 2266 4200 σαρα,
2297 4127 2614 4199 τετραετίαν
2653 4127 2751 4196 τῆς
2786 4123 3148 4196 Ὀλυμπιάδος
3188 4120 3524 4192 ἐπεχούσης,
3576 4118 3700 4172 καθ’

2094 4219 2153 4271 ὃν
2186 4220 2376 4291 καιρὸν
2412 4217 2722 4288 Αὔγουστος
2763 4215 3050 4286 Ῥωμαίων
3083 4212 3335 4285 βασιλεὺς
3359 4251 3373 4275 ,
3407 4227 3705 4263 πεντεκαι-

2090 4310 2318 4364 δέκατον
2384 4309 2502 4374 ἔτος
2567 4309 2670 4379 τῆς
2747 4307 3030 4379 βασιλείας
3097 4305 3310 4376 ἐπέχων
3340 4343 3356 4367 ,
3419 4302 3701 4370 Αἰγύπτου

2092 4410 2300 4476 κρατεῖ,
2333 4407 2425 4460 καὶ
2477 4408 2577 4478 τῆς
2619 4405 2813 4476 λοιπῆς
2868 4403 3230 4472 οἰκουμένης,
3264 4402 3354 4470 ὑφ’
3385 4392 3449 4452 οὗ
3483 4398 3703 4470 «faueo;

2092 4497 2386 4566 ἀλλόφυλος
2437 4496 2678 4571 Ἡρώδης
2721 4498 2818 4567 τὴν
2871 4495 2981 4548 τῶν
3021 4493 3293 4546 Ἰουδαίων
3328 4489 3701 4562 ἐγχειρίζεται

414 4571 738 4626 tinentibus.
805 4571 924 4637 Quo
984 4579 1227 4642 tempore
1282 4573 1564 4644 Augustus
1614 4571 1983 4630 Romanorum

2105 4587 2394 4659 βασιλείαν.
2436 4589 2694 4642 Γεννᾶται
2742 4589 2799 4641 δὲ
2849 4592 2878 4641 ὁ
2923 4586 3114 4657 Σωτὴρ
3165 4586 3258 4638 καὶ
3294 4583 3502 4654 Κύριος
3542 4580 3701 4653 ἡμῶν

415 4678 510 4717 rex
543 4664 795 4734 quintum
829 4664 1102 4719 decimum
1137 4666 1222 4720 sui
1267 4669 1418 4737 regni
1467 4682 1671 4721 annum
1719 4683 1904 4738 agens,
1938 4678 1993 4725 et

415 4755 715 4830 JEgyptum
749 4766 804 4812 et
834 4756 1104 4827 reliquum
1146 4757 1333 4812 urbem
1385 4768 1653 4814 terrarum
1701 4761 1991 4830 imperium

417 4849 659 4914 obtinet;
693 4848 797 4904 sub
823 4863 934 4918 quo
959 4848 1171 4918 primus
1202 4849 1363 4903 alieni
1387 4852 1603 4920 generis
1633 4851 1878 4909 llerodes
1906 4853 1995 4910 Ju-

416 4941 660 4994 daeorum
696 4940 899 5010 accipit
944 4955 1197 5010 regnum,
1235 4948 1291 4995 et
1335 4939 1586 4998 Salvator
1628 4943 1998 5017 Dominusque

416 5037 607 5086 nobter
641 5030 825 5092 Jesus.
861 5034 954 5102 qui
991 5032 1246 5088 Christus
1277 5041 1363 5088 est
1401 5032 1519 5101 Dei,
1568 5037 1840 5103 nascitur,
1867 5038 1996 5093 dum

415 5124 673 5179 videlicet
703 5132 757 5180 et
781 5131 938 5179 ortus
963 5125 1110 5179 illius
1142 5133 1380 5196 tempus,
1421 5134 1477 5182 et
1516 5137 1718 5199 septem
1750 5145 1814 5185 ac
1841 5145 2000 5184 sexa-

413 5219 567 5291 ginta
607 5218 838 5272 duarum
873 5218 1274 5273 hebdomadum
1325 5218 1469 5283 linis,
1496 5220 1564 5275 de
1591 5223 1792 5293 quibus
1822 5224 2000 5295 loqui-

413 5319 507 5365 tur
539 5310 804 5382 prOpheta
833 5309 1046 5375 Daniel,
1078 5312 1134 5365 in
1162 5311 1304 5366 idem
1332 5325 1691 5383 concurrunt,
1706 5325 1828 5387 post
1858 5332 1996 5387 quas

414 5418 540 5456 cum
567 5409 904 5472 segregetur,
931 5414 986 5457 et
1009 5403 1228 5475 longius
1258 5414 1380 5474 post
1403 5407 1636 5475 plurima
1653 5423 1716 5462 ea
1744 5409 1997 5463 videlicet

413 5507 538 5562 qua
585 5493 639 5546 in
689 5493 866 5547 medio
909 5494 1228 5565 prophetiee
1259 5496 1648 5564 praedicuntur,
1680 5497 2000 5550 amandetur

416 5601 547 5649 una,
584 5601 706 5656 qua:
758 5587 967 5657 reliqua
1000 5595 1114 5652 est,
1157 5587 1522 5648 hebdomada,
1571 5595 1767 5642 caetera
1815 5590 2000 5644 omnia

415 5689 762 5746 quaecunque
820 5679 965 5730 inter
1036 5678 1271 5733 mediam
1326 5678 1536 5732 oraculi
1588 5679 1999 5748 praedictionem

2113 4679 2318 4751 Ἰησοῦς
2355 4682 2383 4734 ὁ
2422 4680 2654 4751 Χριστὸς
2695 4679 2788 4732 τοῦ
2821 4678 2956 4731 Θεοῦ
2982 4717 2996 4742 ,
3035 4675 3176 4730 κατὰ
3213 4675 3273 4728 τὸ
3304 4673 3437 4726 αὐτὸ
3479 4689 3702 4743 συντρε-

2100 4772 2301 4848 χόντων
2350 4770 2458 4824 τῶν
2499 4770 2706 4842 χρόνων
2757 4771 2859 4840 τῆς
2915 4769 3182 4838 γενέσεως
3230 4765 3396 4819 αὑτοῦ
3451 4764 3550 4817 καὶ⁵
3604 4763 3700 4830 τῆς

2102 4859 2548 4932 συμπληρώσεως
2574 4859 2683 4913 τῶν
2731 4859 2881 4931 παρὰ
2921 4857 3001 4929 τῷ
3044 4855 3242 4927 Δανιὴλ
3277 4853 3419 4906 ἑπτὰ
3452 4854 3548 4906 καὶ
3579 4849 3700 4917 ἑξή-

2102 4971 2267 5008 κοντα
2289 4952 2381 5006 δύο
2404 4951 2741 5023 ἑϐδομάδων·
2777 4951 2893 5022 μεθ’
2914 4950 2979 5014 ἃς
2999 4947 3335 5021 διῃρημένης
3357 4945 3457 4998 καὶ
3484 4941 3698 5014 μακρὰν

2103 5043 2621 5116 ἀπεσχοινισμένης,
2659 5043 2800 5114 μετὰ
2826 5043 3058 5094 πλεῖστα
3095 5041 3196 5093 ὅσα
3223 5037 3290 5090 τὰ
3326 5036 3531 5107 μεταξὺ
3568 5050 3698 5104 προ-

2101 5136 2465 5208 φητευόμενα,
2495 5137 2600 5208 τῆς
2635 5135 2930 5207 λειπούσης
2953 5134 3082 5206 μιᾶς
3107 5131 3424 5201 ἑϐδομάδος,
3451 5129 3522 5182 τὰ
3539 5123 3694 5179 λοιπά

2101 5229 2281 5282 πάντα
2335 5228 2424 5282 διὰ
2475 5229 2648 5299 μέσου
2704 5228 2808 5298 τῆς
2861 5226 2957 5280 τοῦ
3021 5222 3276 5296 χρησμοῦ
3341 5221 3694 5293 προρρήσεως

2099 5319 2365 5393 εἰρημένα
2420 5320 2747 5373 ἐπιτελεῖται
2777 5359 2790 5382 ,
2840 5318 2874 5372 ἃ
2931 5319 3022 5370 καὶ
3054 5315 3195 5369 αὐτὰ
3226 5311 3418 5366 τοῦτον
3462 5312 3571 5381 ἔχει
3607 5307 3693 5360 τὸν

2095 5413 2298 5484 τρόπον
2328 5430 2341 5444 ⁸
2393 5433 2410 5464 ι
2435 5415 2592 5468 Μετὰ
2616 5413 2715 5477 τὰς
2741 5411 3040 5483 ἑϐδομάδας
3057 5408 3156 5472 τὰς
3186 5406 3325 5460 ἑπτὰ
3351 5406 3445 5458 καὶ
3481 5403 3695 5471 ἑξηκον-

2096 5505 2264 5559 ταδύο
2317 5504 2827 5578 ἐξολοθρευθήσεται
2851 5504 3080 5576 χρίσμα,
3103 5502 3194 5554 καὶ
3221 5501 3397 5570 κρῖμα
3435 5497 3533 5550 οὐκ
3553 5494 3691 5546 ἔστιν

2101 5598 2159 5650 ἐν
2183 5596 2331 5668 αύτῷ
2359 5615 2372 5628 ο
2396 5599 2489 5651 καὶ
2520 5598 2620 5668 τὴν
2664 5597 2814 5650 πόλιν
2859 5595 2950 5647 καὶ
2994 5593 3056 5647 τὸ
3093 5592 3247 5660 ἅγιον
3287 5588 3568 5660 διαφθερεῖ
3600 5581 3690 5636 σὺν

2102 5684 2181 5756 τῷ
2227 5685 2518 5756 ἡγουμένῳ
2569 5685 2651 5755 τῷ
2707 5683 3024 5756 ἐρχομένῳ,
3080 5680 3174 5734 καὶ
3210 5678 3606 5747 ἑκκοπήσονται
3635 5670 3689 5723 ἑν

415 5766 563 5820 dicta
593 5779 745 5831 sunt,
781 5768 1142 5838 perﬁciuntur
1165 5809 1178 5833 ,
1211 5785 1334 5839 qua:
1367 5771 1422 5823 in
1455 5769 1604 5824 hunc
1635 5771 1857 5827 modum
1882 5773 1985 5844 ips:

2105 5775 2496 5848 κατακλυσμῷ,
2520 5775 2750 5848 καίὲως
2775 5775 2961 5838 τέλους
2992 5772 3227 5843 πολέμου
3259 5763 3686 5840 συντετμημὲνου

486 5861 533 5892 ⁸⁸
569 5859 800 5916 Zur-har.
837 5878 876 5931 ι,
922 5863 1006 5918 1‘2.
1083 5862 1128 5893 ⁸⁵
1169 5861 1303 5914 Dan.
1337 5877 1423 5926 ix,
1457 5860 1567 5925 2,3
