3836 6220
166 434 276 489 621

1010 432 1665 492 DEMONSTRATIONIS
1701 433 2164 492 EVANGELICE
2202 437 2330 495 LIB.
2367 436 2513 493 VIII;

3328 438 3436 494 ϐξῇ

165 549 520 619 ἀφανισμοῖς.
561 568 580 601 ο
637 549 748 604 Καὶ
794 548 970 604 ταῦτα
1015 551 1072 605 δὲ
1129 552 1330 624 ἐναργῆ
1380 552 1480 624 τὴν
1530 552 1752 606 ἔκϐασιν

1861 569 2074 624 quoque
2114 569 2175 610 se
2219 554 2420 612 habent
2457 574 2471 608 :
2514 573 2533 606 ι
2567 552 2698 610 Post
2745 553 3118 611 hebdomadas
3139 563 3344 627 septem
3382 566 3438 610 et

163 639 366 711 εἴληφε
398 640 516 694 κατ’
549 640 712 694 αὐτὸν
750 640 1056 711 Αῠγουστον
1092 644 1187 696 καὶ
1227 643 1509 716 Ἡρώδην,
1550 647 1630 708 είς
1666 644 1761 709 οὓς

162 731 274 794 τὰς
303 731 700 803 προειρημένας
721 732 859 785 ὲπτά
887 732 1190 803 ἑϐδομάδας
1227 733 1758 802 συγκεφαλαιοῦσθαί

168 839 378 892 φαμεν.
416 823 550 892 Ὀδῷ
584 822 716 890 γοῦν
755 824 848 876 καὶ
875 824 1026 891 τάξει
1059 824 1154 876 τοῦ
1181 825 1324 878 κατά
1355 825 1454 896 τὴν
1494 827 1760 898 ἀρχιερω-

169 913 344 982 σύνην
362 913 680 983 χρίσματοςς
722 913 884 986 μέχρι
921 914 1030 967 τῶν
1062 914 1300 984 Ἡρώδου
1328 917 1423 969 καὶ
1442 917 1758 985 Αὐγούστου

166 1005 381 1074 χρόνων
429 1004 852 1076 διαρκέσαντος,
897 1007 996 1077 τῆς
1043 1006 1101 1060 δὲ
1147 1006 1396 1078 διαδοχῆς
1443 1007 1554 1061 τῶν
1592 1007 1759 1060 πάλαι

165 1095 476 1168 ἀρχιερέων
533 1097 628 1148 ἐπὶ
681 1097 1026 1170 Ἀλέξανδρον
1085 1100 1178 1153 τάν
1228 1099 1498 1172 Ὑρκανοῦ
1546 1099 1760 1170 πατέρα

166 1188 611 1259 περιγραφείσης
635 1227 650 1250 ,
737 1188 981 1260 Ἡρώδης
1031 1189 1124 1242 τὸν
1194 1191 1457 1261 Ὑρκανὸν
1522 1187 1757 1249 ἀνελὼν,

165 1280 360 1334 οὐκέτι
406 1285 516 1344 τοῖς
550 1284 614 1335 ὲκ
652 1281 904 1353 πατέρων
943 1281 1208 1352 διαδόχοις
1237 1281 1523 1353 ἐπιτρέψαι
1543 1281 1760 1350 λέγεται

164 1372 272 1444 τὴν
321 1372 690 1445 λειτουργίαν,
743 1373 882 1427 ἀλλά
914 1390 1056 1426 τισιν
1095 1374 1330 1444 ἀσήμοις
1367 1373 1462 1426 καὶ
1498 1372 1761 1441 ἀφανέσιν

167 1464 503 1537 ἀνθρώποις.
538 1466 708 1520 Τοῦτο
738 1467 794 1520 δὲ
835 1467 928 1519 καὶ
966 1468 995 1519 6
1034 1465 1281 1536 χρησμὸς
1313 1463 1603 1536 προλαϐὼν
1628 1465 1760 1517 ὲπε-

169 1555 458 1622 θέσπισεν,
509 1558 678 1612 εἰπών
706 1576 720 1589 ο
776 1577 796 1610 ι
832 1559 944 1612 Καὶ
997 1556 1134 1628 μετά
1168 1557 1266 1621 τὰς
1316 1557 1616 1628 ἑϐδομάδας
1663 1557 1760 1622 τὰς

168 1651 319 1704 ἐπτά
348 1651 442 1704 καὶ
471 1649 830 1720 ἑξηκονταδύο
861 1649 1374 1723 ὲξολοθρευθήσεται
1406 1651 1636 1722 χρίσμα,
1666 1651 1762 1704 καὶ

168 1747 354 1815 κρῖμα
380 1743 480 1795 οὐκ
513 1742 660 1794 ἐστιν
689 1743 747 1794 έν
773 1741 921 1812 αὐτῷ
944 1758 958 1771 ο
1001 1761 1020 1792 ι
1061 1743 1198 1812 ὅπερ
1237 1740 1422 1810 σαφῶς
1462 1742 1556 1794 καὶ
1585 1739 1762 1794 λοιποὶ

166 1833 486 1886 τεθείκασιν
517 1832 846 1904 ἐρμηνευταί
873 1850 886 1862 ο
913 1834 941 1885 6
969 1833 1066 1902 μὲν
1107 1832 1338 1896 Ἀκύλας
1358 1834 1533 1902 φήσας
1553 1849 1568 1863 ο
1603 1850 1621 1882 ι
1651 1833 1762 1885 Καὶ

171 1927 322 1996 μετὰ
343 1925 442 1989 τὰς
463 1926 604 1979 ma
625 1925 927 1996 ἑϐδομάδας
952 1926 1046 1978 καὶ
1077 1922 1436 1995 ἑξηκονταδύο
1456 1921 1762 1992 ὲξολοθρευ-

168 2017 406 2088 Θήσεται
449 2016 811 2088 ἡλειμμένος,
865 2019 960 2070 καὶ
1004 2017 1105 2070 οὐκ
1153 2016 1300 2070 ἔστιν
1333 2013 1482 2085 αὐτῷ
1507 2031 1520 2045 ·
1561 2034 1579 2066 ι
1635 2015 1664 2066 6
1706 2013 1761 2066 δὲ

170 2107 475 2178 Σύμμαχος
493 2124 508 2138 ·
548 2127 567 2160 ι
603 2109 715 2161 Καὶ
739 2107 877 2179 μετά
907 2109 1004 2170 τὰς
1033 2107 1330 2178 ἑϐδομάδας
1351 2105 1491 2160 ἑπτὰ
1518 2106 1612 2159 καὶ
1641 2101 1762 2174 ἑξη-

168 2200 434 2254 κονταδύο
448 2202 809 2272 ὲκκοπήσεται
821 2201 1072 2271 Χριστὸς,
1087 2200 1180 2252 καὶ
1195 2201 1296 2252 οὐκ
1311 2198 1538 2269 ὑπάρξει
1554 2197 1720 2268 αὐτῷ.
1736 2217 1756 2250 ι

175 2295 346 2349 Ὅθεν
379 2294 613 2366 μάλιστα
640 2292 1010 2364 παρίστασθαι
1045 2309 1135 2362 μοι
1167 2291 1311 2343 δοκεῖ
1341 2290 1573 2362 Χριστὸς
1600 2289 1762 2360 ήγού-

173 2403 342 2458 μενος
371 2382 510 2440 εἶναι
533 2388 562 2438 6
593 2385 735 2440 κατά
759 2385 857 2455 τὴν
887 2383 1159 2455 ἡμετέραν
1181 2381 1432 2435 ἀπόδοσιν
1459 2380 1762 2451 δεδηλωμέο

169 2498 282 2544 νος.
311 2478 466 2534 Μετὰ
485 2478 615 2547 γοῦν
632 2477 729 2548 τὴν
746 2475 852 2530 τῶν
869 2475 1175 2547 εἰρημένων
1188 2473 1495 2544 ἑϐδομάδων
1509 2489 1573 2525 συ
1582 2472 1760 2543 μπλήιι

170 2588 366 2643 ρωσιν,
381 2589 398 2621 ι
420 2567 931 2639 ὲξολοθρευθήσεται
948 2565 1202 2636 Χριστὸς,
1217 2563 1396 2635 »φησει
1421 2564 1515 2627 Τίς
1531 2563 1589 2616 δὲ
1605 2556 1760 2628 οὗτος

168 2665 206 2735 ἦ
222 2665 253 2716 ὁ
277 2661 601 2732 ἡγούμενος,
619 2660 712 2713 καὶ
724 2662 752 2712 6
769 2659 906 2713 κατά
920 2658 1167 2729 διαδοχὴν
1186 2657 1243 2723 ἐξ
1259 2655 1528 2727 ἱερατικοῦ
1545 2657 1756 2724 γένους,

165 2751 266 2805 τοῦ
310 2751 496 2813 ἔθνους
522 2747 840 2820 προεστώς;
891 2747 1116 2817 Διέμενε
1151 2743 1283 2813 γοῦν
1324 2737 1477 2813 οὗτος
1521 2744 1600 2805 εἰς
1633 2743 1757 2794 ὅσον

165 2847 330 2902 οὔπω
350 2847 419 2898 τά
438 2845 548 2898 τῶν
575 2843 884 2914 ἑϐδομάδων
911 2839 1218 2912 ἐπληροῦτο
1244 2855 1258 2868 ·
1313 2837 1501 2907 ἐπειδὴ
1529 2835 1586 2899 δὲ
1608 2835 1759 2913 τέλος

167 2934 480 3004 ἐλάμϐανον
513 2928 674 2988 αὗται
699 2973 714 2998 ,
753 2930 1060 2993 ἀκολούθως
1089 2932 1158 3000 τῇ
1187 2926 1492 2998 προφητείᾳ
1525 2922 1756 2995 ἐξεκόπη

165 3030 198 3081 6
229 3028 296 3080 ὲκ
328 3026 576 3097 διαδοχῆς
609 3025 801 3093 γένους
822 3064 837 3087 ,
875 3022 968 3076 τοῦ
1014 3022 1196 3083 ἔθνους
1238 3017 1535 3091 προεστώς.
1590 3012 1757 3094 Οὗτος

166 3117 230 3170 δὲ
255 3112 326 3188 ἦν
369 3116 652 3188 Ὑρκανὸς,
675 3115 733 3167 ὃν
759 3114 919 3177 αὐτὸς
952 3110 1194 3184 Ἡρώδης
1221 3107 1423 3162 ἀνελὼν
1446 3147 1460 3172 ,
1489 3106 1586 3179 τὴν
1615 3105 1757 3160 κατὰ

165 3205 266 3259 τοῦ
292 3205 478 3268 ἔθνους
501 3205 778 3275 βασιλείαν
829 3203 994 3274 μηδὲν
1033 3200 1180 3270 αὐτῷ
1201 3199 1560 3270 διαφέρουσαν
1585 3196 1759 3268 ύφαρ-
1783 3240 1824 3294 C

167 3298 342 3362 πάζει
369 3337 386 3360 ,
445 3296 661 3368 πρῶτός
719 3313 777 3348 τε
827 3295 986 3356 αὐτὸς
1039 3291 1331 3361 ἀλλόφυλος
1384 3285 1619 3360 ἡγεῖται.
1679 3285 1754 3340 0'6

171 3394 341 3465 μόνος
373 3393 430 3446 δὲ
457 3393 565 3464 ἄρα
597 3393 625 3444 6
664 3391 924 3463 Ὑρκανὸς
955 3391 1189 3460 Χριστὸς
1221 3386 1316 3452 ὢν,
1342 3384 1563 3440 καὶτῶν
1591 3383 1759 3453 πάλαι

167 3485 480 3557 ἀρχιερέων
535 3485 785 3549 ὕστατος,
827 3483 1081 3553 ἐξεκόπη,
1114 3480 1250 3534 ἀλλά
1281 3481 1374 3533 καὶ
1403 3482 1436 3551 ἡ
1463 3480 1527 3531 ὲκ
1561 3477 1760 3548 προγό-

168 3595 282 3631 νων
345 3575 554 3629 ἀνωθεν
591 3578 656 3628 ἐκ
680 3574 787 3626 τῶν
832 3573 1110 3644 πρόπαλαι
1150 3570 1449 3642 ἀρχιερέων
1498 3568 1760 3622 κατιοῦσα

167 3667 434 3738 διαδοχὴ,
501 3666 634 3720 αὐτό
693 3683 752 3718 τε
817 3665 881 3718 τὸ
946 3663 1087 3718 κατὰ
1145 3662 1342 3734 νόμους
1397 3661 1605 3733 χρίσμα
1658 3660 1760 3714 οὐκ

169 3761 254 3814 ἔτι
286 3760 430 3813 κατὰ
495 3760 674 3831 κρίσιν
712 3758 1027 3828 γινόμενον,
1073 3755 1324 3818 ἀτάκτως
1359 3754 1415 3807 δὲ
1444 3755 1537 3808 καὶ
1561 3771 1758 3823 συγκε-

170 3852 461 3925 χυμένως,
523 3852 584 3903 ού
638 3851 780 3904 κατά
828 3850 896 3902 τὰ
930 3847 1080 3919 παρὰ
1126 3849 1348 3901 Μωῦσεῖ
1405 3847 1758 3918 νενομοθετη-

173 3943 633 4017 μένα,συνέτρεχε
672 3942 730 3994 δὲ
781 3941 914 4012 ὁμοῦ
950 3941 1129 3994 πάντα
1185 3939 1489 4003 ἀκολούθως
1532 3943 1596 4010 τῇ
1629 3957 1760 4010 προ-

174 4038 376 4110 φητεία
431 4038 687 4109 φησάσῃ’
727 4055 746 4087 ι
781 4034 1320 4108 Ἐξολοθρευθήσεται
1371 4035 1579 4105 χρίσμα
1606 4073 1620 4096 ,
1667 4035 1760 4087 καὶ

172 4132 355 4202 κρῖμα
397 4129 498 4181 οὐκ
555 4127 701 4181 ἐστιν
762 4128 820 4180 ὲν
865 4126 1033 4197 αὐτῷ.
1065 4145 1083 4177 ι
1121 4125 1346 4196 Μάρτυς
1391 4125 1434 4178 δ’
1465 4125 1758 4196 ἀξιόχρεως

171 4220 384 4275 τούτων
424 4223 453 4274 6
508 4219 568 4284 ἐξ
611 4218 790 4272 αὐτῶν
845 4218 1110 4290 Ἐϐραίων
1160 4217 1453 4289 Ἰώσηπος,
1497 4210 1599 4269 ὧδέ
1643 4233 1760 4278 πως

174 4310 410 4382 ἱστορῶν
453 4309 523 4362 τὰ
572 4308 714 4362 κατά
759 4309 886 4372 τοὺς
931 4308 1156 4380 χρόνους
1208 4309 1264 4360 ὲν
1311 4304 1761 4374 ὀκτωκαιδεκάτῳ

172 4407 278 4477 τῆς
328 4402 664 4471 Ἰουδαϊκῆς
709 4402 1184 4472 Ἀρχαιολογίας·
1215 4419 1234 4451 ι
1269 4400 1378 4470 Τὴν
1402 4399 1458 4452 δὲ
1485 4396 1761 4468 βασιλείαν

185 4496 439 4570 Ἡρώδης
470 4496 621 4566 παρά
663 4494 944 4565 Ῥωμαίων
968 4490 1325 4565 ἐγχειρισθεὶς
1345 4531 1360 4555 ,
1393 4491 1492 4543 οὐκ
1524 4489 1603 4542 ἔτι
1636 4489 1762 4552 τοὺς

1861 648 2146 717 sexaginta
2179 649 2318 704 duas
2345 648 2540 718 peribit
2562 648 2770 714 unctio,
2797 657 2852 704 et
2891 649 3163 715 judicium
3211 666 3322 706 non
3354 660 3440 704 est

1863 737 1921 792 in
1957 753 2050 804 ea;
2073 745 2128 793 et
2160 739 2437 794 civitatem
2469 747 2523 793 et
2561 745 2814 793 sanctum
2844 735 3124 807 disperdet
3145 753 3270 792 eum
3301 736 3440 792 duce

1859 835 2092 884 venturo
2116 849 2128 883 :
2149 839 2203 883 et
2235 829 2522 884 excidetur
2551 828 2608 882 in
2639 827 2868 893 diluvio,
2889 836 2943 884 et
2968 842 3142 898 usque
3179 827 3248 882 ad
3276 827 3436 882 ﬁnem

1860 921 1988 977 belli
2023 922 2078 975 in
2109 921 2491 992 compendium
2519 919 2751 984 redacti,
2796 919 3287 974 internecionibus.
3327 937 3348 972 ι
3373 917 3441 971 Et

1861 1012 1976 1068 haec
2009 1013 2226 1084 quidem
2260 1016 2608 1084 perspicuum
2637 1013 2843 1068 exitum
2869 1019 3032 1068 nacta
3053 1020 3184 1067 sunt
3204 1011 3436 1082 Augusti

1860 1098 2200 1175 Herodisque
2251 1104 2592 1175 temporibus
2629 1122 2643 1160 ε
2677 1104 2733 1158 in
2777 1119 2918 1174 quos
2949 1118 3068 1170 cas,
3121 1103 3188 1158 de
3235 1102 3435 1173 quibus

1860 1194 2200 1258 dicebamus,
2239 1201 2444 1263 septem
2487 1191 2858 1248 hebdomadas
2893 1193 3264 1249 consummari
3294 1191 3439 1246 θωτ-

1861 1298 2093 1339 mamus.
2118 1281 2256 1336 Nam
2279 1297 2404 1337 cum
2429 1297 2589 1338 suum
2620 1297 2971 1353 progressum
3002 1290 3167 1352 atque
3187 1280 3434 1336 ordinem

1860 1376 2137 1448 pontiﬁcia
2167 1376 2261 1431 illa
2299 1376 2490 1431 unctio
2524 1391 2700 1446 usque
2747 1375 2815 1430 ad
2845 1374 3117 1430 Herodem
3159 1384 3210 1429 et
3249 1376 3436 1446 Augu-

1861 1474 2008 1522 stum
2059 1475 2376 1523 constanter
2402 1468 2724 1530 servaverit,
2759 1475 2813 1522 et
2837 1478 3085 1524 veterum
3115 1466 3434 1536 pontiﬁcum

1862 1559 2142 1615 successio
2176 1559 2234 1614 in
2256 1558 2570 1614 Alexandro
2609 1557 2848 1629 Hyrcani
2885 1566 3039 1628 patre
3084 1557 3432 1620 terminetur,

1860 1648 2106 1706 Herodes
2133 1652 2254 1722 ipso
2277 1650 2531 1724 Hyrcano
2561 1649 2848 1706 interfecto
2873 1649 3036 1720 397
3065 1653 3176 1704 n‘on
3197 1646 3438 1721 amplius

1862 1741 1954 1805 iis,
1980 1743 2074 1812 qui
2108 1757 2138 1796 a
2181 1743 2503 1813 parentibus
2527 1741 2859 1798 succedendi
2890 1743 2983 1812 jus
3019 1737 3307 1810 baberent,
3333 1727 3437 1798 mi-

1862 1833 2154 1889 nisterium
2189 1834 2324 1889 illud
2351 1834 2694 1890 concessisse
2719 1832 2942 1896 dicitur,
2974 1833 3069 1889 sed
3109 1833 3437 1905 ignobilibus

1865 1911 2196 1995 quibusdam
2223 1926 2587 1997 obscurisque
2618 1926 2956 1982 hominibus.
2992 1925 3098 1981 Sed
3130 1928 3294 2003 etiam
3313 1941 3437 1981 ora-

1865 2017 2050 2071 culum
2099 2017 2243 2072 hanc
2283 2017 2456 2087 ipsam
2504 2033 2619 2072 rem
2672 2018 2980 2089 anticipans
3028 2019 3317 2081 divinavit,
3347 2019 3436 2074 his

1862 2107 2081 2162 verbis:
2112 2125 2131 2158 ι
2167 2107 2232 2161 Et
2258 2115 2383 2178 post
2415 2107 2784 2163 hebdomadas
2834 2105 3039 2180 septem
3074 2093 3128 2164 et
3157 2109 3438 2181 sexaginta

1865 2199 2006 2254 duas
2052 2201 2253 2271 peribit
2283 2201 2488 2266 unctio,
2523 2207 2577 2253 et
2612 2199 2882 2269 judicium
2916 2214 3024 2254 non
3059 2209 3144 2255 est
3191 2201 3248 2256 in
3290 2217 3374 2257 ea.-
3411 2219 3432 2254 ις

1863 2290 2020 2358 Quod
2055 2291 2274 2362 quidem
2305 2292 2594 2362 pcrspicue
2632 2292 2829 2364 reliqui
2883 2309 3100 2365 quoque
3136 2304 3438 2364 posuerunt

1862 2385 2228 2454 interpretes:
2264 2384 2463 2454 Aquila
2499 2384 2721 2454 quidem
2775 2387 2896 2441 sic:
2931 2403 2950 2437 ι
2987 2385 3053 2439 Et
3077 2396 3200 2456 post
3231 2395 3436 2458 septem

1859 2477 2233 2532 hebdomadas
2263 2486 2317 2532 et
2353 2477 2662 2548 sexaginta
2695 2477 2834 2533 duas
2875 2478 3074 2548 peribit
3126 2486 3348 2544 unctus,
3382 2487 3438 2534 et

1861 2583 1971 2623 non
2017 2578 2103 2624 est
2137 2567 2210 2623 ei.
2251 2586 2270 2621 ι
2326 2565 2690 2639 Symmachus
2743 2577 2924 2624 autem
2960 2570 3082 2625 sic:
3120 2574 3142 2622 ι
3200 2569 3268 2625 Ει
3313 2581 3440 2642 post

1861 2659 2230 2718 hebdomadas
2277 2668 2485 2729 septem
2533 2668 2588 2715 et
2630 2661 2911 2731 sexaginta
2975 2659 3114 2716 duas
3156 2662 3438 2718 excidetur

1858 2749 2133 2814 Christus,
2169 2755 2224 2804 et
2253 2764 2363 2803 non
2388 2748 2563 2804 aderit
2613 2750 2686 2805 ei;
2735 2769 2756 2802 ι
2781 2749 2857 2804 Ει
2884 2765 2995 2820 quo
3022 2749 3259 2806 maxime
3302 2752 3437 2806 milii

1859 2849 2117 2896 constare
2140 2839 2378 2907 videtur,
2407 2839 2688 2895 Christum
2718 2838 2915 2896 ducem
2948 2855 3073 2896 esse
3094 2855 3245 2904 eum,
3271 2855 3438 2910 quem

1858 2934 2134 3004 expositio
2175 2941 2367 2988 nostra
2393 2932 2714 2988 declaravit.
2740 2931 2872 2988 Post
2894 2942 2998 2988 'eas
3029 2933 3197 3004 igitur
3217 2933 3288 2989 de
3311 2935 3435 3004 qui-

1859 3025 1965 3081 bus
1997 3025 2240 3079 diximus
2263 3025 2564 3095 completas
2580 3023 2974 3088 hebdomadas,
3010 3018 3032 3076 ἁ
3064 3024 3263 3095 peribit
3284 3025 3418 3080 Chri

1860 3124 1998 3180 stus,
2043 3137 2064 3171 ι
2099 3119 2297 3189 inquit.
2343 3117 2448 3172 Sed
2487 3117 2610 3187 quis
2647 3117 2866 3172 tandem
2897 3117 2988 3170 hic
3009 3115 3288 3183 Christus,
3327 3119 3436 3174 nisi

1859 3206 1968 3262 dux
2002 3209 2096 3278 qui
2126 3209 2362 3279 legitime
2391 3197 2691 3263 succedens
2707 3219 2770 3262 ex
2794 3207 3070 3278 pontiﬁcio
3087 3225 3304 3279 genere,
3325 3226 3438 3266 sua

1859 3301 2002 3370 genti
2031 3300 2325 3369 praeesset?
2348 3298 2545 3355 Mansit
2570 3300 2738 3369 igitur
2770 3299 2860 3353 hic
2889 3299 3163 3363 Christus,
3191 3301 3439 3370 quandiu

1860 3393 2228 3447 hebdomades
2271 3392 2378 3446 illas
2423 3391 2796 3458 duraverunt;
2841 3391 2936 3446 ubi
2983 3399 3166 3448 autem
3217 3393 3436 3448 illarum

1860 3474 1985 3541 ﬁnis
2007 3485 2243 3550 advenit,
2275 3484 2494 3548 excisus
2526 3491 2630 3545 est,
2659 3484 2752 3552 qui
2785 3483 2852 3538 de
2878 3483 3096 3554 generis
3129 3484 3434 3541 Successio-

1859 3592 1929 3632 ne
1983 3575 2128 3645 genti
2158 3583 2435 3643 praeesset.
2458 3572 2630 3628 Porro
2666 3573 2760 3626 hic
2802 3571 2906 3626 fuit
2937 3571 3244 3643 Hyrcanus,
3273 3590 3434 3642 quem

1859 3682 1983 3729 cum
2016 3664 2260 3721 Herodes
2309 3665 2703 3728 interfecisset,
2743 3679 2968 3734 regnum
3009 3665 3258 3734 protinus
3289 3667 3435 3736 quod

1859 3758 1929 3813 ad
1960 3758 2140 3827 ipsum
2173 3757 2310 3811 nihil
2349 3757 2652 3826 spectabat,
2677 3755 2928 3825 arripuit,
2951 3755 3285 3824 primusque
3316 3755 3435 3825 ipse

1861 3848 2076 3922 praefuit
2096 3863 2163 3903 ex
2192 3847 2370 3904 alieno
2407 3863 2627 3918 genere.
2675 3847 2945 3903 Caeteriun
2971 3858 3079 3901 non
3113 3848 3265 3904 solus
3295 3847 3436 3920 Hyr-

1861 3957 2055 4004 canus,
2087 3940 2181 4010 qui
2219 3940 2474 3995 Christus
2506 3946 2651 4007 erat,
2679 3950 2733 3995 et
2759 3941 3068 4010 priscorum
3113 3939 3434 4010 pontiﬁcum

1859 4033 2219 4095 novissimus,
2251 4033 2473 4088 excisus
2522 4041 2623 4094 est,
2652 4031 2748 4088 sed
2774 4033 2938 4087 etiam
2965 4047 3173 4102 eaquae
3205 4033 3369 4090 altius
3403 4053 3437 4088 θ

1861 4126 2163 4196 majoribus
2186 4125 2457 4195 longeque
2490 4124 2868 4196 superioribus
2901 4126 3254 4194 pontiﬁcibus
3278 4141 3433 4198 repe-

1863 4219 1964 4272 tita
2031 4217 2210 4273 fuerat
2259 4217 2563 4282 successio,
2625 4218 2852 4288 ipsaque
2906 4217 3147 4287 legitima
3196 4220 3431 4276 unctio:

1861 4311 2066 4380 quippe
2111 4325 2235 4380 quae
2264 4325 2372 4364 non
2407 4310 2549 4363 ultra
2575 4325 2641 4364 ex
2671 4307 2882 4377 judicio
2916 4307 3056 4363 facta
3097 4311 3188 4374 sit,
3223 4310 3317 4365 sed
3353 4313 3436 4366 in-

1862 4401 2111 4456 ordinate
2138 4409 2192 4456 et
2217 4400 2466 4464 confuse,
2501 4415 2610 4454 non
2657 4399 2959 4455 secundum
2981 4414 3066 4460 ea,
3094 4416 3216 4470 qua:
3255 4401 3438 4459 Moses

1864 4493 1919 4548 in
1951 4495 2071 4549 suis
2102 4494 2315 4564 legibus
2345 4503 2622 4558 sanxerat,
2650 4502 3161 4562 concurreruntque
3182 4495 3241 4550 in
3265 4512 3438 4550 unum

175 4590 242 4642 ὲκ
259 4587 356 4641 τοῦ
400 4586 774 4658 ’Δσαμωναίου
794 4587 986 4655 γένους
1041 4582 1205 4653 (οὗτοι
1231 4584 1288 4637 δὲ
1317 4579 1456 4653 ἦσαν
1483 4583 1532 4634 οἱ
1563 4580 1759 4634 καλού-

1866 4587 2071 4650 omnia,
2097 4584 2552 4657 quemadmodum
2610 4585 2896 4654 prophetia
2946 4585 3297 4655 praedixerat,
3328 4589 3440 4642 illis

178 4697 332 4750 μενοι
398 4676 822 4748 Μακκαϐαῖοι),
877 4676 1192 4746 καθίστησιν
1249 4670 1524 4745 ἀρχιερεῖς
1552 4713 1566 4737 ,
1621 4672 1760 4726 ἀλλά

173 4785 329 4831 τινας
363 4769 609 4839 ἀσήμους
642 4771 737 4821 καὶ
773 4766 931 4837 μόνον
974 4765 1034 4829 ὲξ
1084 4764 1346 4834 Ἐϐραίων
1388 4763 1544 4826 ὄντας
1567 4802 1583 4826 ,
1618 4762 1758 4834 πλὴν

175 4861 298 4924 ἑνὸς
339 4859 774 4932 Ἀριστοϐούλου,
807 4859 866 4912 ὃν
920 4856 1185 4930 Ὑρκανοῦ
1223 4857 1337 4910 υἱὸν
1370 4855 1522 4919 ὄντα,
1584 4872 1758 4908 κατα-

179 4953 388 5024 στήσας
399 4952 678 5024 ἀρχιερέα,
699 4954 768 5023 τῇ
787 4950 989 5022 ἀδελφῇ
1005 4948 1170 5003 αὑτοῦ
1199 4947 1478 5019 συνῴκησε
1498 4946 1758 5019 Μαριάμ-

178 5060 288 5115 μῃ,
318 5042 420 5114 τὴν
444 5041 537 5096 τοῦ
572 5042 807 5114 πλήθους
839 5042 975 5112 πρὸς
1003 5041 1162 5094 αὑτὸν
1195 5039 1507 5112 θηρώμενος
1549 5037 1756 5092 εὔνοιαν

173 5135 266 5190 διὰ
298 5134 396 5206 τὴν
438 5133 706 5205 Ὑρκανοῦ
741 5134 979 5206 μνήμην.
1014 5129 1145 5186 Εἶτα
1174 5130 1359 5194 δεδιὼς
1393 5131 1467 5202 μὴ
1503 5129 1637 5204 πρὸς
1667 5129 1758 5183 τὸν

186 5227 597 5298 Ἀριστόϐουλον
631 5227 832 5288 πάντες
861 5227 1244 5291 ἀποκλίνωσιν,
1267 5226 1475 5280 ἀνεῖλεν
1509 5225 1671 5279 αὑτὸν
1699 5227 1756 5278 ἐν

183 5319 422 5392 Ἱεριχοῖ,
442 5320 698 5390 πνιγῆναι
735 5320 1184 5391 μηχανησάμενος
1215 5318 1592 5390 κολυμϐῶντα,
1626 5318 1758 5371 καθ-

171 5410 251 5475 ὼς
323 5413 426 5481 ήδη
477 5412 876 5483 δεδηλώκαμεν,
933 5411 1087 5465 Μετά
1135 5411 1322 5464 τοῦτον
1371 5411 1470 5463 ούκ
1515 5409 1594 5462 ἔτι
1644 5412 1756 5472 τοῖς

171 5501 422 5569 ἐκγόνοις
440 5501 548 5554 τῶν
594 5501 969 5572 Ἀσαμωναίου
995 5500 1200 5553 παίδων
1224 5501 1322 5571 τὴν
1343 5498 1754 5570 ἀρχιερωσύνην

169 5593 516 5648 ἐπίστευσεν.
562 5592 803 5663 Ἔπραξε
847 5591 902 5644 δὲ
940 5593 1097 5662 ὅμοια
1129 5592 1207 5662 τῷ
1251 5590 1464 5664 Ἡρώδῃ
1497 5590 1625 5661 περὶ¹
1656 5590 1755 5661 τῆς

170 5685 563 5747 καταστάσεως
610 5683 718 5736 τῶν
767 5684 1085 5755 ἀρχιερέων,
1135 5681 1420 5755 Ἀρχέλαός
1447 5697 1507 5733 τε
1557 5681 1586 5732 6
1629 5683 1756 5743 παῖς

173 5775 363 5839 αὐτοῦ,
399 5777 494 5830 καὶ
522 5775 659 5846 μετά
689 5775 876 5828 τοῦτον
923 5776 1179 5846 Ῥωμαῖοι
1214 5775 1312 5846 τὴν
1340 5774 1448 5826 τῶν
1491 5771 1755 5826 Ἰουδαίων

178 5868 458 5940 βασιλείαν
503 5867 917 5940 παρειληφότες.
963 5888 980 5918 ι
1022 5867 1188 5922 Πάλιν
1218 5869 1272 5920 ὲν
1337 5865 1543 5937 ἑτέροις
1581 5863 1752 5918 ταῦτα

1858 4679 2089 4735 verbis:
2130 4696 2148 4730 ι
2189 4676 2395 4732 Peribit
2422 4676 2630 4740 unctio,
2663 4684 2717 4732 et
2755 4675 3024 4746 judicium
3079 4692 3190 4731 non
3237 4688 3323 4734 est
3381 4680 3438 4735 in

1858 4785 1945 4826 ea.
1983 4789 2000 4822 ι
2029 4770 2206 4840 Atque
2232 4769 2471 4839 optim-us
2492 4767 2722 4837 hujusce
2744 4768 2823 4823 rei
2856 4767 3014 4824 testis
3038 4777 3123 4824 est
3138 4767 3442 4828 Hebraicns

1859 4874 2048 4920 auctor
2083 4863 2376 4934 Josephus,
2426 4863 2517 4932 qui
2549 4862 2602 4916 in
2634 4877 2766 4916 xvm
2797 4859 3040 4916 Iudaica
3089 4861 3455 4933 Antiquitatis,

1859 4956 2022 5022 libro,
2055 4972 2178 5026 quae
2210 4957 2278 5010 ad
2302 4957 2394 5010 illa
2429 4964 2678 5024 tempera
2699 4956 2998 5024 pertinent,
3033 4955 3090 5010 in
3132 4955 3280 5011 hunc
3322 4973 3441 5011 mo-

1864 5044 1994 5100 dum
2022 5047 2275 5116 exponit:
2297 5064 2316 5098 ι
2340 5044 2582 5101 Herodes
2609 5045 2980 5114 autem,regni
3011 5044 3442 5103 administratio-

1863 5154 1932 5193 ne
1960 5153 1990 5191 a
2036 5137 2301 5194 Romanis
2329 5152 2570 5210 accepta,
2602 5138 2780 5192 nullos
2824 5136 3058 5205 amplius
3101 5153 3169 5192 ex
3204 5136 3438 5195 Asamo-

1864 5245 1983 5284 meo
2016 5245 2216 5299 genere
2243 5229 2322 5301 (bi
2363 5237 2544 5284 autem
2592 5236 2750 5284 erant
2777 5228 2866 5298 qui
2902 5227 3198 5284 Machabaai
3239 5244 3440 5286 vocan-

1862 5322 1975 5392 tur)
2015 5321 2308 5392 pontiﬁces
2348 5321 2612 5384 declarat,
2644 5320 2742 5376 sed
2785 5321 3050 5389 ignobiles
3088 5321 3356 5391 quosdam
3383 5333 3436 5378 et

1862 5413 1932 5467 ab
1962 5412 2206 5469 Hebraeis
2258 5413 2638 5468 tantummodo
2695 5413 2985 5477 oriundos,
3015 5423 3214 5484 praeter
3265 5430 3435 5470 unum

1860 5502 2260 5566 Aristobulum,
2293 5503 2389 5573 qui
2421 5500 2657 5574 Hyrcani
2713 5501 2858 5557 ﬁlius
2910 5501 3034 5559 fuit.
3089 5501 3246 5557 Hunc
3286 5506 3435 5562 enim

1861 5607 1986 5645 cum
2015 5591 2328 5661 pontiﬁcem
2359 5591 2715 5655 declarasset,
2751 5607 2992 5648 sororem
3030 5591 3152 5661 ejus
3182 5592 3435 5649 Mariam-

1865 5698 2008 5737 mam
2041 5683 2198 5737 duxit
2229 5698 2476 5750 uxorem,
2531 5684 2732 5753 quippe
2765 5682 2858 5753 qui
2908 5683 3274 5740 multitudinis
3304 5700 3434 5750 erga

1864 5773 2016 5827 illum
2044 5782 2290 5843 captaret
2313 5774 2768 5838 benevolentiam,
2799 5779 3024 5843 propter
3053 5775 3287 5845 Hyrcani
3322 5793 3434 5832 me-

1862 5863 2112 5919 moriam.
2137 5861 2304 5935 398
2328 5861 2526 5919 Deinde
2550 5863 2756 5919 veritus
2789 5875 2856 5916 ne
2887 5875 3082 5918 omnes
3123 5862 3191 5917 ad
3221 5863 3430 5918 Aristo-
