3836 6220
360 418 473 473 623

1036 405 1305 463 EL‘SEBH
1331 402 1813 462 CESAHIENSIS
1850 401 2002 460 OPP.
2042 399 2222 456 PARS
2260 398 2325 457 Π.
2362 428 2440 446 —-
2474 396 2969 455 APOLOGETICA.

3503 397 3614 453 62!

363 504 554 593 bulum
585 531 976 593 desciscerent,
1010 527 1286 582 hominem
1334 525 1402 579 de
1453 523 1633 579 medio
1685 521 1930 586 sustulit,

2040 519 2164 590 περὶ
2213 516 2395 570 αὐτῶν
2446 532 2607 587 φησιν
2634 533 2646 545 ·
2702 534 2721 567 ι
2772 513 3016 586 Ἡρώδης
3046 512 3102 566 δὲ
3138 512 3484 583 βασιλεύσας,
3511 518 3615 585 τήν

362 632 492 685 dum
523 634 664 683 esset
699 625 754 679 in
783 621 982 694 oppido
1007 619 1384 674 Hiericbunte.
1419 617 1498 670 Illi
1520 615 1665 671 enim
1691 613 1927 676 natanti,

360 723 523 791 vique
557 716 774 773 interim
806 714 908 769 sub
938 725 1078 782 aqua
1113 709 1354 770 detento,
1390 721 1580 761 necem
1611 715 1696 761 est
1722 705 1934 759 machi-

360 817 546 870 natus,
578 805 655 860 uti
684 805 795 872 jam
823 802 1041 872 planum
1080 798 1329 853 fecimus.
1357 796 1487 851 Post
1511 796 1654 850 hunc
1677 810 1785 850 non
1815 809 1933 848 am-

359 900 504 969 plius
552 913 618 956 ex
664 892 966 952 Asamonaei
1023 891 1174 960 prole
1230 889 1478 944 oriundis
1558 887 1931 959 pontiﬁcatum

356 991 656 1047 commisit.
692 986 960 1043 Herodem
1001 983 1247 1039 imitatus
1295 991 1379 1037 est
1430 983 1486 1035 in
1541 980 1933 1035 constitutione

357 1083 674 1155 pontiﬁcum
707 1079 828 1149 ejus
857 1078 1000 1133 ﬁlius
1021 1077 1340 1138 Archelaus,
1359 1083 1414 1130 et
1437 1081 1560 1145 post
1581 1073 1727 1126 hu‘nc
1753 1073 1931 1141 ipsum

357 1173 608 1237 Romani,
668 1172 761 1242 qui
815 1169 1126 1224 Judaeorum
1201 1182 1430 1239 regnum
1491 1171 1851 1234 occuparunt.
1905 1181 1926 1214 ι

354 1265 572 1321 Rursus
597 1265 664 1319 de
691 1265 760 1320 iis
791 1263 898 1317 alio
921 1262 976 1316 in
1007 1263 1129 1316 loco
1149 1261 1281 1315 dicit
1309 1260 1424 1314 haec
1461 1277 1472 1312 :
1512 1275 1530 1308 ‹
1561 1256 1804 1312 Herodes
1834 1271 1933 1309 au-

355 1368 464 1415 tem
480 1374 572 1414 rex
599 1359 690 1413 ubi
719 1357 914 1411 turrim
940 1355 1079 1409 hanc
1107 1354 1160 1409 in
1181 1354 1378 1409 idoneo
1399 1353 1521 1407 loco
1549 1351 1710 1408 sitam
1733 1363 1932 1420 magno

355 1459 579 1523 sumptu
635 1449 918 1513 instruxit,
970 1448 1266 1502 Antoniam
1325 1446 1618 1516 appellavit
1663 1444 1928 1500 nomine:

355 1553 559 1600 vestem
586 1549 846 1612 praeterea
869 1539 1204 1610 pontiﬁciam
1241 1539 1560 1608 assumpsit,
1583 1545 1638 1592 et
1659 1553 1778 1592 eam
1811 1551 1932 1608 quae

354 1635 603 1706 deposita
632 1641 750 1691 erat
785 1633 1028 1688 retinuit.
1076 1629 1278 1685 Herodi
1311 1629 1513 1685 similia
1550 1630 1807 1700 patravit,
1836 1631 1930 1700 qui

355 1727 424 1782 ab
451 1728 571 1797 ipso
591 1740 687 1780 rex
718 1724 1030 1779 declaratus
1058 1728 1143 1777 est
1172 1721 1476 1775 Archelaus
1503 1721 1678 1799 ipsius
1699 1720 1865 1785 ﬁlius,
1899 1737 1930 1776 a

353 1832 464 1889 quo
504 1817 742 1873 Romani
791 1820 1016 1885 accepto
1076 1814 1408 1885 principatu,
1454 1821 1606 1867 veste
1651 1812 1930 1882 pontiﬁcis

2031 628 2090 664 τε
2122 609 2276 682 βάριν
2304 609 2506 679 ταύτην
2533 610 2590 660 ἐν
2623 607 2914 677 ἐπιτηδείῳ
2947 605 3099 676 τόπῳ
3149 607 3409 676 κειμένην
3440 623 3603 660 κατα-

2033 702 2308 765 σκευάσας
2332 699 2660 762 πολυτελῶς,
2707 698 2996 751 Ἀντωνίαν
3037 698 3194 751 καλεῖ
3239 698 3406 767 ὄνομα
3425 737 3439 757 ,
3517 697 3619 750 καὶ

2030 796 2130 867 τὴν
2161 795 2354 865 στολὴν
2381 794 2479 865 τὴν
2510 790 2899 864 ἀρχιερατικὴν
2925 790 3222 861 λαμϐάνει,
3256 791 3357 862 τὴν
3396 791 3456 844 δὲ
3500 807 3620 844 κει-

2035 887 2202 958 μένην
2264 889 2484 955 κατεῖχε
2510 923 2526 941 .
2580 881 2851 936 πιστεύων
2900 883 3052 936 οὐδὲν
3113 883 3455 952 νεωτερίσειν
3524 882 3622 935 τὸν

2031 979 2160 1032 λαὸν
2201 978 2267 1030 δι’
2300 979 2492 1049 αὑτήν.
2537 978 2782 1050 Ἐπραξε
2817 978 2861 1031 δ’
2896 977 3058 1047 ὅμοια
3089 974 3168 1045 τῷ
3211 973 3425 1046 Ἡρώδῃ
3462 974 3562 1028 καὶ
3593 974 3624 1026 ό

2033 1068 2489 1130 ἐπικατασταθεὶς
2526 1068 2675 1139 αὐτῷ
2717 1067 2968 1137 βασιλεὺς
3033 1065 3353 1137 Ἀρχέλαος,
3395 1064 3511 1126 υἱὸς
3544 1063 3624 1117 ὣν

2032 1164 2232 1227 αὑτοῦ,
2275 1163 2404 1232 παρ’
2443 1156 2504 1215 οὗ
2563 1162 2818 1231 Ῥωμαῖοι
2841 1157 3210 1228 διαδεξάμενοι
3253 1157 3354 1226 τὴν
3407 1156 3621 1227 ἀρχὴν,

2033 1256 2296 1326 ἐκράτουν
2321 1256 2420 1324 τῆς
2449 1253 2640 1324 στολῆς
2667 1251 2761 1305 τοῦ
2795 1251 3100 1323 ἀρχιερέως
3143 1250 3515 1320 ἀποκειμένης
3562 1251 3626 1303 ἐν

2031 1347 2164 1418 οίκῳ
2181 1346 2328 1400 λίθου
2351 1343 2774 1416 οἰκοδομηθέντι,
2793 1344 2898 1396 ὑπὸ
2924 1341 3196 1413 σφραγῖδι.
3234 1359 3253 1392 ι
3281 1341 3384 1394 Διά
3413 1339 3626 1394 τούτων

2031 1439 2094 1491 τὸ
2119 1438 2466 1508 ἀποτέλεσμα
2499 1436 2660 1489 παντί
2689 1452 2768 1505 τῳ
2791 1433 2996 1505 νομίζω
3032 1433 3344 1501 καταφανὲς
3387 1433 3625 1503 γεγενῆ-

2035 1531 2155 1585 σθαι
2189 1530 2282 1583 τοῦ
2310 1531 2582 1600 φήσαντος
2613 1525 2862 1599 χρησμοῦ
2888 1542 2903 1554 ο
2942 1544 2958 1576 ι
2998 1525 3111 1577 Καὶ
3153 1524 3291 1595 μετὰ
3320 1523 3425 1586 τὰς
3462 1523 3626 1575 ἐϐδοο

2036 1623 2208 1695 μάδας
2257 1623 2357 1685 τάς
2391 1619 2530 1674 ἐπτά
2574 1620 2667 1673 καὶ
2707 1615 3064 1689 ἑξηκονταδύο
3105 1615 3627 1686 ἐξολοθρευθὴσεται

2032 1717 2260 1788 χρίσμα,
2284 1716 2378 1769 καὶ
2395 1717 2567 1786 κρῖμα
2599 1713 2701 1766 οὐκ
2725 1711 2871 1765 ἔστιν
2900 1712 2958 1763 ἐν
2991 1708 3163 1780 αὐτῷ.
3191 1729 3209 1762 ι
3243 1709 3363 1762 Ἔτι
3395 1709 3454 1762 δὲ
3486 1709 3628 1779 μᾶλ-

2032 1809 2121 1861 λον
2153 1808 2273 1880 ὄψει
2307 1806 2425 1871 πῶς
2451 1807 2666 1878 εἴρηται
2691 1804 2802 1868 τὸ,ι
2825 1803 3125 1875 Κρῖμαοὺκ
3157 1801 3304 1854 ἐστιν
3327 1802 3385 1854 ἐν
3413 1801 3624 1873 αὐτῷρ

354 1922 476 1980 quas
495 1906 738 1978 reposita
767 1912 886 1960 erat
911 1903 1016 1960 sub
1050 1903 1210 1972 signo
1242 1903 1296 1957 in
1313 1902 1476 1957 domo
1493 1915 1560 1956 ex
1591 1899 1772 1970 lapide
1797 1915 1928 1954 con-

2040 1898 2092 1952 τδ
2113 1900 2335 1971 ἄκριτον
2361 1898 2586 1952 συνιδὼν
2612 1897 2712 1968 τῆς
2729 1895 2838 1948 τῶν
2881 1894 3183 1967 ἀρχιερέων
3202 1895 3626 1959 καταστάσεως,

354 2007 566 2057 structa
603 1998 980 2054 obtinuerunt.
1039 2014 1058 2048 ι
1103 1994 1181 2047 Ex
1213 1994 1299 2048 his
1353 1993 1514 2063 plane
1547 1992 1726 2046 cuivis
1771 1991 1932 2046 intel-

353 2095 554 2149 lectum
583 2106 706 2148 esse
725 2089 981 2152 arbitror,
1000 2087 1254 2157 quisnam
1283 2084 1446 2140 fuerit
1467 2091 1696 2139 eventus
1723 2083 1931 2137 oraculi

353 2182 592 2240 dicentis
627 2200 646 2233 ι
678 2199 691 2234 :
727 2179 793 2233 Et
825 2185 949 2249 post
990 2175 1359 2232 hebdomadas
1391 2191 1468 2230 vn
1518 2183 1574 2229 et
1601 2189 1710 2228 Lm
1734 2175 1932 2244 peribit

353 2274 562 2337 unctio,
594 2279 648 2328 et
673 2270 946 2342 judicium
976 2283 1084 2322 non
1108 2268 1264 2322 estin
1287 2283 1371 2323 ea.
1402 2286 1420 2318 ι
1456 2264 1625 2336 Magis
1651 2265 1816 2320 etiam
1848 2265 1932 2318 in—

353 2366 748 2436 tueberis,quo
772 2378 938 2419 sensu
968 2361 1175 2416 dictum
1201 2360 1274 2415 sit
1304 2359 1437 2414 illud
1469 2378 1482 2415 :
1520 2376 1538 2409 ι
1569 2357 1636 2413 Et
1658 2357 1929 2427 judicium

355 2473 464 2512 non
487 2462 571 2512 est
595 2457 650 2510 in
669 2469 753 2516 ea,
767 2473 786 2507 ι
810 2453 855 2508 si
882 2451 1034 2506 nullo
1048 2450 1255 2520 judicio
1273 2457 1486 2505 creatos
1504 2449 1789 2519 pontiﬁces
1810 2463 1928 2512 eos,

353 2549 447 2620 qui
484 2555 608 2618 post
653 2543 942 2607 Herodem,
987 2542 1190 2613 quique
1233 2541 1573 2612 temporibus
1629 2539 1932 2595 Salvatoris

357 2637 534 2696 nostri
562 2638 808 2700 fuerunt,
836 2635 1294 2690 consideraveris.
1319 2633 1457 2688 Cum
1482 2633 1628 2687 enim
1655 2648 1723 2686 ex
1746 2633 1930 2688 divina

353 2734 470 2804 lege
498 2727 743 2802 pontifex
766 2736 942 2782 totum
973 2742 1086 2782 suae
1111 2729 1233 2780 vitae
1256 2733 1471 2796 tempus
1490 2739 1707 2780 sacrum
1730 2739 1933 2780 munus

353 2827 525 2884 obire.
560 2825 816 2892 idemque
841 2821 1082 2891 legitimo
1111 2818 1223 2873 ﬁlio
1256 2817 1569 2874 successori
1597 2817 1816 2871 tradere
1840 2817 1932 2885 ju-

354 2912 599 2976 beretur,
619 2927 715 2980 per
741 2925 806 2966 ea
847 2919 1093 2981 tempora
1117 2924 1238 2980 quae
1273 2907 1436 2963 modo
1482 2907 1929 2978 explorabamus,

355 3011 479 3073 post
509 3003 790 3058 interitum
828 3017 1001 3057 sacrae
1035 3000 1331 3064 unctionis,
1361 3001 1505 3054 sicut
1540 2999 1825 3070 prophetia
1855 2998 1931 3053 si-

355 3094 729 3165 gniﬁcaverat,
754 3095 963 3165 primus
985 3094 1204 3164 quidem
1229 3091 1492 3160 Herodes,
1523 3099 1646 3163 post
1664 3090 1931 3146 Herodem

354 3200 487 3240 vero
516 3186 682 3240 etiam
718 3185 976 3250 Romani,
1009 3187 1216 3256 absque
1259 3185 1492 3254 judicio,
1529 3185 1680 3239 nulla
1715 3189 1931 3239 servata

2031 1994 2140 2048 τῶν
2181 1992 2318 2064 μετὰ
2355 1991 2622 2064 Ἡρώδην,
2659 1990 2753 2042 καὶ
2779 1988 2924 2043 κατά
2956 1989 3082 2051 τοὺς
3112 1987 3338 2059 χρόνους
3369 1986 3467 2038 τοῦ
3505 1987 3629 2040 Σω-

2031 2086 2196 2158 τῆρος
2229 2085 2386 2156 ἡμῶν
2417 2082 2820 2154 γεγενημένων.
2865 2079 2972 2133 Τοῦ
3013 2079 3122 2151 γὰρ
3159 2077 3300 2132 κατά
3339 2079 3435 2131 τὸν
3477 2077 3630 2132 θεῖον

2032 2179 2194 2250 νόμον
2249 2177 2550 2250 ἀρχιερέως
2599 2175 2776 2228 πάντα
2819 2171 2908 2226 τδν
2959 2173 3060 2243 τῆς
3107 2171 3252 2241 ζωῆς
3283 2171 3476 2242 χρόνον
3523 2171 3628 2242 τὴν

2032 2270 2372 2341 λειτουργίαν
2394 2267 2598 2321 διέπειν
2627 2267 3057 2337 κεκελευσμένου
3086 2264 3182 2319 ἐπὶ
3211 2265 3441 2336 διαδόχῳ
3468 2265 3629 2318 παιδὶ

2033 2362 2271 2433 γνησίῳ,
2309 2361 2449 2414 κατὰ
2479 2362 2608 2423 τοὺς
2637 2356 3060 2428 ἐξεταζομένους
3089 2358 3316 2428 καιροὺς
3338 2397 3353 2420 ,
3393 2355 3534 2428 μετά
3564 2355 3630 2408 τὸ

2033 2451 2478 2525 ἐξολοθρευθῆναι
2513 2452 2578 2506 τὸ
2601 2451 2827 2523 χρίσμα,
2858 2453 2924 2521 τῇ
2949 2448 3255 2522 προφητείᾳ
3289 2446 3625 2518 συμφώνως.

2033 2545 2247 2616 πρῶτος
2280 2545 2379 2616 μὲν
2419 2544 2690 2617 Ἡρώδης,
2727 2543 2915 2595 ἔπειτα
2949 2543 3005 2595 δὲ
3033 2542 3129 2594 καὶ
3180 2542 3441 2610 Ῥωμαῖοι
3484 2538 3627 2610 μετά

2032 2639 2241 2704 τοῦτον,
2270 2638 2510 2711 ἀκρίτως
2537 2639 2632 2689 καὶ
2657 2637 2718 2690 οὐ
2753 2635 2894 2688 κατά
2926 2635 3017 2687 τὸν
3046 2635 3210 2705 νόμον
3234 2673 3247 2694 ,
3284 2634 3414 2694 τοὺς
3444 2632 3630 2703 ἀρχιε-

2037 2733 2150 2802 ρεῖς
2185 2731 2456 2784 καθίστων
2483 2728 2576 2791 οὓς
2605 2729 2779 2781 ἐδόκει
2807 2727 2988 2790 αὐτοῖς
3005 2767 3019 2790 ,
3042 2727 3358 2797 δημοτικοῖς
3385 2741 3501 2778 τισι
3529 2725 3627 2776 καὶ

2035 2823 2266 2893 ἀσήμοις
2290 2821 2514 2892 ἀνδράσι
2540 2821 2639 2892 τὴν
2670 2820 2834 2891 τιμὴν
2868 2819 3216 2890 χαριζόμενοι
3237 2858 3253 2883 ,
3277 2817 3628 2889 ἐπίπρασκόν

2033 2932 2092 2968 τε
2113 2917 2207 2968 καὶ
2227 2913 2563 2986 ἐκαπήλευον
2588 2912 2844 2984 τοῦνομα,
2870 2912 3061 2966 ἄλλοτε
3089 2913 3269 2975 ἄλλοις
3295 2913 3627 2964 ἐνιαυσιαῖον

2035 3007 2094 3059 τὸ
2121 3006 2336 3077 ἀξίωμα
2361 3004 2534 3076 δωρού
2543 3022 2713 3075 μενοι.
2733 3004 2822 3057 Διό
2856 3021 2945 3076 μοι
2975 3004 3125 3058 δοκεῖ
3155 3005 3184 3056 ό
3217 3004 3360 3076 ἱερὸς
3386 3005 3625 3071 εὐαγγε-

2034 3099 2221 3169 λιστὴς
2253 3099 2467 3161 Λουκᾶς
2489 3137 2502 3162 ,
2529 3097 2622 3150 τὸν
2662 3097 2850 3168 χρόνον
2875 3097 2969 3149 τοῦ
3007 3096 3360 3167 κηρύγματος
3389 3093 3487 3148 τοῦ
3514 3095 3630 3146 Σω-

2035 3191 2200 3262 τῆρος
2225 3188 2382 3260 ἡμῶν
2416 3188 2771 3260 ὑπογράφων,
2811 3187 3171 3258 σημειοῦσθαι
3207 3187 3405 3248 τοῦτο,
3447 3186 3514 3238 δι’
3550 3178 3626 3238 ὧν

357 3277 496 3346 lege,
531 3290 670 3345 quos
691 3277 792 3347 ipsi
828 3252 1176 3347 probassent,
1207 3252 1497 3347 pontiﬁces
1538 3277 1822 3331 declarare
1851 3275 1932 3330 in--

2040 3252 2202 3353 φησιν
2229 3252 2312 3332 ’Πι
2367 3282 2454 3334 Ἐν
2502 3252 2614 3334 ἔτει
2648 3252 3133 3350 πεντεκαιδεκάτῳ
3181 3279 3282 3348 τῆς
3324 3277 3627 3348 ἡγεμονίας

356 3368 676 3432 stituerunt,
701 3370 929 3438 plebeiis
958 3370 1288 3440 quibusdam
1318 3370 1455 3425 viris
1488 3376 1653 3440 atque
1679 3367 1934 3440 ignobili-

357 3462 461 3516 bus
506 3460 652 3514 hunc
685 3461 950 3517 honorem
1001 3461 1320 3532 largientes,
1357 3461 1526 3531 idque
1567 3462 1811 3515 nominis
1839 3476 1933 3516 ve-

354 3551 481 3607 nale
507 3551 726 3615 habere,
760 3559 814 3607 et
847 3566 1154 3623 cauponum
1179 3566 1328 3605 more
1353 3565 1454 3620 pro
1477 3565 1544 3606 eo
1571 3551 1807 3623 pretium
1841 3565 1936 3604 ac-

358 3645 563 3714 cipere,
598 3638 762 3700 modo
810 3645 933 3708 hos,
977 3643 1140 3698 modo
1181 3643 1306 3700 illos
1327 3659 1510 3698 annua
1543 3644 1810 3714 dignitate
1835 3644 1932 3699 do-

359 3743 571 3791 nantes.
611 3737 881 3802 Quocirca
936 3743 1163 3791 sanctus
1209 3735 1549 3805 evangelista
1570 3734 1767 3800 Lucas,
1801 3734 1933 3789 dum

358 3829 718 3898 praedicanda:
751 3827 1060 3883 Salvatoris
1095 3828 1272 3882 nostri
1293 3827 1561 3882 doctrina?
1590 3835 1808 3898 tempus
1838 3827 1934 3882 de-

357 3920 688 3984 scribit,hoc
719 3920 898 3990 ipsum
931 3920 1064 3972 mihi
1093 3927 1291 3974 notare
1307 3917 1540 3982 videtur,
1559 3934 1684 3973 cum
1713 3920 1851 3972 aitzc
1878 3919 1934 3972 In

362 4027 506 4068 anno
521 4013 714 4082 quinto
737 4011 1185 4082 decimoimperii
1215 4009 1423 4066 Tiberii
1448 4010 1706 4074 Caesaris,
1735 4027 1936 4080 procu-

359 4100 1534 4164 ranlePontioPilatoJudaeamJetrarchiam
1553 4117 1682 4156 vero
1693 4103 1939 4158 obtinen-
1965 4129 1974 4140 -

359 4199 506 4254 tibus
520 4196 756 4260 Herode,
782 4203 837 4249 et
864 4193 1197 4264 Philippo,et
1217 4193 1453 4265 Lysania
1477 4193 1578 4249 sub
1597 4195 1936 4265 principibus

362 4287 708 4342 sacerdotum
746 4284 902 4338 Anna
917 4284 1247 4354 etCaipha.»
1279 4283 1526 4354 Namque
1545 4287 1591 4317 '°
1622 4285 1675 4338 hi
1698 4285 1810 4340 duo
1826 4303 1936 4356 quo

359 4376 579 4431 tandem
599 4383 758 4446 pacto
773 4376 962 4430 eodem
983 4383 1232 4446 tempore
1248 4377 1482 4432 fuissent
1501 4376 1808 4448 pontiﬁces,
1829 4379 1932 4432 nisi

359 4470 463 4540 legi
477 4484 598 4540 quae
613 4468 680 4524 de
705 4466 1059 4538 pontiﬁcibus
1077 4467 1288 4522 sancita
1313 4469 1512 4532 fuerat,
1531 4469 1618 4524 vis
1631 4469 1778 4524 illata
1802 4470 1939 4525 iuis-

363 4561 483 4617 set?
509 4561 674 4633 399
701 4559 828 4615 Haec
846 4559 1035 4615 eadem
1066 4559 1336 4629 Josephus
1367 4576 1586 4631 quoque
1611 4560 1933 4625 testiﬁcans,

363 4655 444 4708 sic
463 4656 653 4711 scribit
681 4673 699 4708 ι
724 4673 742 4706 ι
781 4650 1265 4716 ValeriusGratus,
1295 4652 1664 4709 Romanorum
1696 4655 1934 4726 impera-

363 4759 608 4811 tor,cum
634 4745 830 4799 Anano
853 4744 1099 4814 pontiﬁci
1123 4759 1341 4799 sacrum
1359 4761 1559 4802 munus
1587 4747 1930 4818 abrogasset,

364 4839 648 4895 lsmaelum
693 4836 956 4908 Tupheba
985 4837 1302 4907 pontiﬁcem
1334 4839 1654 4904 declaravit,
1686 4841 1782 4895 eui
1803 4843 1933 4897 item

362 4931 470 5001 ipsi
527 4945 651 4984 cum
709 4929 853 4983 haud
909 4930 1078 4983 multo
1131 4938 1253 4999 post
1300 4930 1563 4985 honorem
1623 4931 1936 4998 ademisset,

364 5023 708 5087 Eleazarum,
726 5022 902 5076 Anani
921 5023 1197 5092 pontificis
1220 5023 1411 5088 ﬁlium,
1435 5025 1746 5094 pontiﬁcem
1763 5035 1936 5080 creat.

366 5115 572 5170 Deinde
624 5129 769 5169 anno
817 5122 1040 5184 peracto
1088 5115 1234 5168 hunc
1278 5131 1496 5185 quoque
1534 5118 1732 5188 rejicit,
1763 5125 1818 5174 et
1848 5115 1938 5172 Si-

365 5205 537 5270 moni,
570 5204 808 5259 Cathimi
839 5203 970 5268 ﬁlio,
1002 5204 1379 5274 pontiﬁcatum
1407 5205 1574 5260 tradit
1608 5224 1627 5261 :.
1655 5207 1783 5261 huic
1803 5221 1941 5276 quo-

363 5315 470 5368 que
501 5312 610 5353 non
666 5298 788 5367 plus
817 5311 1003 5350 annuo
1045 5297 1252 5352 honore
1307 5298 1595 5368 perfuncto
1636 5300 1770 5354 abiit
1799 5308 1940 5355 tem-

363 5407 486 5460 pus,
518 5391 650 5444 etin
683 5391 860 5443 locum
881 5391 1004 5458 ejus
1032 5390 1322 5461 Iosephus,
1352 5393 1444 5462 qui
1479 5392 1642 5446 etiam
1678 5393 1941 5463 Caiphas,

365 5482 625 5538 suffectus
653 5489 758 5537 cst.
799 5501 817 5534 ι
847 5481 970 5537 Haec
992 5485 1307 5539 necessario
1336 5485 1492 5554 posui
1521 5497 1742 5556 propter
1765 5486 1897 5540 illud
1923 5505 1938 5540 :

369 5593 387 5626 ι
433 5573 635 5630 Peribit
669 5575 878 5637 unctio,
917 5584 970 5630 ct
994 5576 1265 5646 judicium
1300 5595 1409 5632 non
1432 5587 1516 5633 est
1552 5581 1601 5631 in
1635 5595 1719 5641 ea,
1765 5597 1784 5629 ι
1819 5594 1940 5648 quae

363 5682 464 5738 ego
493 5667 710 5737 quidem
743 5669 981 5723 arbitror
1015 5670 1375 5724 indubitatam
1414 5672 1936 5727 demonstrationem

366 5760 585 5815 habere.
623 5758 718 5814 llis
756 5759 952 5815 deinde
982 5761 1129 5816 addit
1169 5763 1473 5833 prophetia,
1512 5782 1529 5813 ι
1567 5763 1632 5817 Ει
1662 5764 1937 5819 civitatem

471 5853 516 5885 ⁸⁸
541 5851 673 5908 Luc.
715 5868 797 5919 ιιι,
840 5853 888 5906 1.

1968 4607 2017 4666 Ι)

2036 3373 2289 3444 Τιϐερίου
2330 3372 2626 3444 Καίσαρος,
2659 3371 3084 3444 ἡγεμονεύοντος
3113 3369 3338 3422 Ποντίου
3381 3367 3626 3420 Πιλάτου

2032 3465 2134 3535 τῆς
2166 3465 2446 3528 Ἰουδαίας,
2471 3463 2913 3536 τετραρχούντων
2934 3463 2991 3516 δὲ
3025 3460 3287 3533 Ἡρώδου,
3313 3461 3410 3513 καὶ
3433 3457 3630 3510 Φιλίπ-

2036 3573 2159 3620 που,
2179 3557 2274 3609 καὶ
2285 3555 2574 3618 Λυσανίου,
2599 3555 2692 3607 ἐπὶ
2710 3552 3012 3626 ἀρχιερέως
3032 3552 3198 3604 ’Δννα
3219 3551 3314 3604 καὶ
3336 3550 3590 3618 Καϊάφαο
3604 3566 3623 3596 ι

2034 3647 2126 3701 δὺο
2147 3646 2255 3719 γὰρ
2276 3641 2589 3701 οὖτοιοκατά
2607 3645 2668 3698 τὸ
2679 3645 2812 3698 αὐτὸ
2834 3645 3111 3716 ἀρχιερεῖς
3136 3644 3253 3702 πῶς
3279 3641 3344 3694 ἂν
3373 3640 3632 3710 δγένοντο

2034 3741 2067 3811 ἦ
2097 3739 2495 3810 καταλυθείσης
2522 3738 2621 3808 τῆς
2646 3737 2772 3808 περὶ
2800 3735 2909 3788 τῶν
2931 3733 3231 3806 ἀρχιερέων
3261 3733 3628 3804 νομοθεσίας;

2035 3830 2257 3894 Τούτοις
2285 3831 2414 3900 γοῦν
2441 3830 2533 3883 καὶ
2578 3827 2840 3899 Ἰώσηπος
2869 3824 3264 3898 ἐπιμαρτυρῶν
3287 3824 3466 3878 ταῦτα
3486 3826 3630 3894 γρά-

2038 3941 2128 3993 φει
2150 3941 2164 3953 ο
2197 3943 2215 3975 ι
2251 3923 2546 3993 Οὐαλέριος
2569 3923 2775 3992 Γράτος
2812 3922 3100 3992 Ῥωμαίων
3127 3920 3454 3991 στρατηγὸς,
3481 3920 3630 3974 παύ-

2040 4033 2140 4079 σας
2173 4013 2533 4092 ἀρχιερᾶσθαι
2579 4015 2830 4079 Ἀνανον,
2873 4013 3157 4084 Ἰσμαῆλον
3189 4012 3454 4084 ἀρχιερέα
3487 4007 3633 4061 ἁπο-

2041 4107 2222 4176 φαίνει
2249 4105 2343 4158 τὸν
2370 4103 2652 4174 Τουφήϐα,
2677 4104 2773 4156 καὶ
2812 4103 3002 4157 τοῦτον
3031 4103 3149 4174 μετ’
3185 4104 3246 4156 οὐ
3277 4101 3410 4155 πολὺ
3449 4119 3629 4172 μετα-

2039 4198 2264 4267 στήσας,
2312 4194 2637 4265 Ἐλεάζαρον
2665 4194 2758 4246 τὸν
2789 4193 2884 4246 τοῦ
2939 4193 3158 4246 Ἀνάνου
3191 4191 3286 4245 τοῦ
3319 4192 3634 4262 ἀρχιερέως

2040 4289 2152 4342 υἱὸν
2182 4285 2561 4341 ἀποδείκνυσιν
2589 4285 2870 4357 ἀρχιερέα.
2915 4283 3192 4339 Ἐνιαυτοῦ
3223 4284 3278 4336 δὲ
3309 4285 3634 4353 διαγενομέ-

2040 4399 2132 4436 νου
2179 4382 2275 4434 καὶ⁹
2320 4380 2472 4432 τόνδε
2513 4378 2750 4442 παύσας,
2782 4378 2984 4448 Σίμωνι
3012 4377 3088 4448 τῷ
3116 4377 3369 4449 Καθίμου
3396 4378 3498 4449 τὴν
3525 4378 3630 4450 ἀρ-

2040 4475 2382 4549 χιερωσύνην
2427 4473 2812 4545 παραδίδωσιν.
2861 4473 2937 4526 Οὐ
3002 4470 3162 4524 πλέον
3220 4471 3276 4524 δὲ
3330 4471 3427 4524 κει)⁵
3491 4469 3629 4540 τῷδε

2041 4565 2289 4620 ἐνιαυτοῦ
2317 4565 2414 4636 τὴν
2435 4565 2602 4634 τιμὴν
2627 4563 2806 4634 ἔχοντι
2836 4562 3108 4631 διεγένετο
3141 4561 3353 4632 χρόνος,
3379 4561 3476 4613 καὶ
3517 4562 3633 4613 Ἰὼ-

2043 4674 2234 4730 σηπος,
2267 4657 2296 4709 ὃ
2325 4672 2386 4708 τε
2421 4655 2695 4723 Καϊάφας,
2740 4653 2984 4723 διάδοχος
3027 4648 3094 4724 ἧν
3137 4652 3306 4724 αύτῷ.
3368 4671 3388 4702 ι
3439 4651 3630 4706 Ταῦτα

2041 4749 2353 4819 ἀναγκαίως
2405 4747 2720 4820 παρεθέμην
2767 4746 2858 4799 διὰ
2897 4747 2980 4810 τὸ,
3016 4765 3034 4797 ι
3085 4745 3630 4817 Ἐξολοθρευθὴσεται

2011 4897 2026 4912 ,
2043 4844 2272 4915 χρίσμα,
2308 4843 2401 4895 καὶ⁹
2423 4844 2600 4912 κρῖμα
2621 4840 2721 4892 οὐκ
2745 4840 2892 4894 ἐστιν
2922 4843 2978 4894 ἐν
3003 4838 3172 4909 αὐτῷ,
3215 4859 3234 4889 ι
3272 4840 3308 4892 ἂ.
3335 4840 3432 4892 καὶ
3458 4838 3630 4910 ἡγοῦ..

2049 4954 2148 5008 μαι
2171 4934 2567 5006 ἀναμφίλεκτον
2592 4933 2690 5006 τὴν
2715 4934 2990 5002 ἀπόδειξιν
3023 4934 3188 5005 ἔχειν.
3233 4933 3390 5004 Ἑξῆς
3416 4933 3632 4996 τούτοις

2048 5030 2212 5102 φησὶν
2254 5030 2288 5101 ἡ
2338 5028 2663 5101 προφητεία,
2705 5048 2724 5079 ι
2758 5030 2869 5081 Καὶ
2893 5029 2992 5100 τὴν
3033 5027 3210 5093 πόλιν,
3241 5027 3335 5081 καὶ
3368 5027 3431 5081 τὸ
3471 5027 3633 5097 ἅγιον

2044 5121 2343 5193 διαφθερεῖ,
2381 5122 2477 5175 σὺν
2503 5120 2583 5192 τῷ
2614 5121 2902 5193 ἡγουμένῳ
2943 5121 3022 5193 τῷ
3052 5122 3352 5193 ἐρχομένῳ.
3398 5141 3416 5173 ι
3457 5121 3625 5176 Ἔνθα

2046 5214 2208 5267 πάλιν
2240 5213 2331 5266 τὸν
2371 5212 2617 5285 Ἡρώδην
2660 5214 2843 5277 αὑτὸν,
2867 5215 2962 5268 καὶ
3001 5215 3128 5276 τοὺς
3168 5213 3306 5284 μετά
3334 5215 3500 5268 αὐτὸν
3525 5216 3624 5285 ἆρ-

2047 5308 2245 5374 ξαντας
2277 5306 2336 5371 ἐξ
2356 5306 2652 5375 ἀλλοφύλου
2679 5306 2871 5374 γένους
2901 5305 3266 5377 ὑπολαμϐάνω
3297 5305 3588 5376 δηλοῦσθαι
3607 5320 3624 5336 ³

2051 5401 2124 5462 ὡς
2145 5399 2252 5471 γὰρ
2279 5397 2532 5470 ἀνωτέρω
2556 5397 2803 5468 ὠνόμαζε
2832 5398 3098 5468 Χριστοὺς
3125 5397 3466 5467 ἡγουμένους
3502 5398 3627 5458 τοὺς

2050 5494 2344 5564 ἀρχιερεῖς,
2383 5491 2582 5560 λέγων,
2631 5510 2648 5542 ι
2699 5491 2804 5554 ἕως
2846 5490 3082 5562 Χριστοῦ
3106 5491 3444 5561 ἡγουμένου·
3486 5509 3506 5540 ι
3539 5489 3628 5542 τὸν

2049 5584 2212 5637 αὐτὸν
2242 5582 2442 5652 τρόπον
2484 5580 2621 5652 μετά
2658 5581 2901 5644 ἐκείνους
2944 5581 3036 5633 καὶ
3062 5580 3162 5650 τὴν
3205 5580 3431 5633 ἐκείνων
3463 5577 3624 5632 κατά-

2049 5687 2248 5724 παυσιν
2272 5672 2372 5724 οὐκ
2403 5669 2558 5733 ἀλλος
2587 5669 2888 5742 ἡγούμενος
2918 5670 3209 5742 ἐρχόμενος
3239 5669 3272 5740 ἢ
3307 5671 3337 5722 ὁ
3368 5669 3622 5740 δηλωθεὶς

2047 5764 2106 5830 ἐξ
2131 5763 2427 5833 ἀλλοφύλου
2465 5764 2678 5832 γένους,
2707 5765 2798 5817 καὶ
2821 5765 2869 5816 οἱ
2899 5763 3076 5817 λοιποὶ
3100 5765 3213 5817 ὅσοι
3234 5762 3468 5835 καθεξῆς
3497 5763 3622 5835 μετ’
