3836 6220
279 214 392 270 σεδ

1107 211 1763 269 DEMONSTRATIONIS
1799 212 2257 270 EVANGELICA'Z
2292 213 2421 269 LIB.
2446 212 2579 268 VIII.

3430 215 3539 271 626

275 329 526 391 ἑκείνους
563 328 839 398 ἡγήσαντο
877 325 970 379 τοῦ
1004 325 1209 390 ἔθνους,
1236 327 1332 379 σὺν
1368 319 1448 389 οἷς
1475 325 1569 379 καὶ
1611 324 1726 398 μεθ’
1762 319 1857 388 ὧν,

1963 333 2018 380 et
2047 333 2298 381 sanctum
2333 323 2612 394 disperdet
2640 339 2764 377 cum
2798 323 2938 378 duce
2961 329 3208 378 venturo.
3249 341 3265 374 ι
3301 323 3404 379 Ubi
3435 343 3534 396 ego

270 420 520 494 ὡσπερε)⁵
560 421 840 490 συνεργοῖς
884 416 1186 488 χρώμενος,
1219 419 1248 470 6
1297 416 1584 488 μισόκαλος
1630 415 1725 468 καὶ
1753 415 1858 468 τῶν

273 513 504 583 ἀγαθῶν
543 511 798 583 φθορεὺς,
825 511 919 564 καὶ
942 509 1040 581 τὴν
1071 509 1225 564 πόλιν
1248 510 1341 562 καὶ
1368 509 1430 562 τὸ
1460 509 1614 576 ἅγιον
1637 506 1856 576 διαφθε-

275 607 394 678 ρεῖν
438 606 676 676 εἴρηται.
724 604 834 655 Καὶ
874 600 984 673 γὰρ
1020 601 1322 671 διέφθειρεν
1367 599 1581 671 ἀληθῶς
1609 598 1754 653 ἆπαν
1797 597 1859 650 τὸ

271 696 452 760 εθνος,
485 694 608 748 τοτὲ
652 695 750 765 μὲν
772 693 871 764 τὴν
892 693 992 763 τῆς
1021 692 1321 765 ἱερωσύνης
1343 691 1494 756 τάξιν
1519 692 1598 754 είς
1622 705 1858 759 παρανος

274 792 405 862 μίαν
447 789 616 857 ἄγων,
647 788 770 841 τοτὲ
794 787 851 840 δὲ
883 787 977 840 τὸν
1018 786 1197 838 πάντα
1223 786 1350 838 λαὸν
1377 785 1737 856 διαστρέφων,
1763 783 1859 837 καὶ

265 885 374 956 τὴν
400 884 577 946 πόλιν,
611 881 755 935 οὓτω
785 881 894 934 τῶν
936 880 1169 934 πολιτῶν
1223 877 1606 950 μεταφορικῶς
1645 877 1859 947 ὠνομα-
1896 872 1900 876 ’

267 977 512 1049 σμένων,
538 978 618 1039 εἰς
645 973 898 1029 ἀσέϐειαν
931 971 1578 1042 ἐκκαλούμενος.Συνᾲδει
1611 969 1667 1022 δὲ
1696 969 1856 1040 ἡμῶν

263 1072 338 1140 τῇ
385 1067 638 1122 ἀποδόσει
679 1066 773 1119 καὶ
813 1066 842 1116 6
887 1064 1119 1128 Ἀκύλας
1161 1063 1347 1116 τοῦτον
1392 1063 1736 1134 ἑρμηνεύσας
1763 1063 1856 1114 τὸν

263 1156 492 1228 τρόπον·
535 1173 554 1205 ι
591 1155 701 1208 Καὶ
722 1155 820 1225 τὴν
836 1154 992 1208 πόλιν
1030 1153 1208 1207 καὶτὸ
1241 1152 1394 1222 ἅγιον
1427 1152 1706 1222 διαφθερεῖ
1729 1149 1857 1215 λαὸς

260 1247 576 1319 ἡγουμένου
622 1246 940 1318 ἐρχομένου.
984 1265 1003 1298 ι
1041 1246 1115 1298 Ού
1148 1245 1306 1316 μόνον
1336 1245 1445 1316 γάρ
1471 1245 1500 1295 6
1536 1246 1853 1316 ἐρχόμενος,

260 1341 293 1393 6
319 1339 464 1394 κατά
491 1337 562 1392 τά
587 1337 957 1409 ἀποδεδομένα
996 1340 1128 1409 ἡμῖν
1168 1337 1427 1407 δηλωθεὶς
1452 1337 1722 1406 διέφθειρε
1755 1334 1853 1406 τὴν

261 1431 426 1486 πόλιν
467 1432 562 1484 καὶ
585 1431 646 1484 τὺ
679 1430 855 1498 ἅγιον,
883 1429 1019 1483 ἀλλὰ
1049 1430 1142 1484 καὶ
1164 1431 1192 1483 6
1219 1429 1411 1483 τούτου
1441 1429 1588 1492 λαός.
1614 1428 1774 1482 Εἴποι
1807 1429 1852 1481 δ’

263 1523 333 1577 ἄν
373 1539 460 1586 τις
502 1522 603 1576 οὐκ
632 1520 743 1575 ἀπό
786 1521 989 1574 σκοποῦ
1037 1521 1132 1574 καὶ⁸
1167 1521 1258 1574 τὸν
1296 1520 1580 1592 Ῥωμαίων
1609 1520 1851 1591 ἡγεμόνα

259 1614 356 1668 διά
385 1615 494 1668 τῶν
522 1614 900 1687 προκειμένων
928 1613 1239 1684 δηλοῦσθαι,
1266 1614 1357 1667 τόν
1385 1631 1446 1667 τε
1472 1613 1663 1666 τούτου
1685 1609 1848 1672 ιλαὲιν,

1963 434 2155 473 rursus
2192 427 2247 472 et
2284 418 2461 487 ipsum
2494 413 2765 470 Herodem
2785 453 2802 478 ,
2835 421 2888 470 et
2917 429 3012 470 eos
3065 415 3155 484 qui
3204 423 3327 484 post
3358 415 3536 472 Hero-

1960 511 2083 564 dem
2113 526 2176 566 ex
2208 510 2387 565 alieno
2413 523 2613 579 genere
2637 507 3044 576 imperaverint,
3069 516 3197 577 puto
3219 489 3534 579 intelligen-

1960 602 2060 658 dos
2123 621 2136 658 :
2198 617 2324 656 nam
2379 599 2841 672 quemadmodum
2903 600 3157 669 superius
3215 601 3536 654 nominabat

1959 696 2209 751 Christos
2238 693 2428 757 duces,
2463 708 2587 748 cum
2621 693 2676 747 in
2725 693 2832 748 illis
2861 694 3044 748 verbis
3073 692 3360 762 pontiﬁces
3386 693 3534 748 dice-

1957 793 2090 849 ret,c
2113 801 2287 856 usque
2301 786 2369 840 ad
2391 784 2668 840 Christum
2689 785 2905 849 ducem,
2933 805 2951 837 ι
2973 787 3046 840 ita
3065 793 3187 855 post
3203 800 3320 850 eos,
3337 793 3391 840 et
3409 791 3534 854 post

1957 895 2147 935 eorum
2209 881 2642 950 abrogationem,
2690 895 2798 934 non
2858 880 3000 935 alius
3048 879 3212 935 fuerit
3268 889 3532 934 venturus

1957 991 2122 1044 quam
2161 975 2206 1029 is
2241 977 2333 1045 qui
2357 976 2537 1030 dictus
2578 982 2663 1031 est
2690 989 2757 1030 ex
2787 974 2966 1029 alieno
2993 990 3212 1044 genere,
3242 975 3534 1045 caeteriun

1956 1067 2270 1136 quicunque
2318 1075 2442 1137 post
2488 1067 2609 1122 illos
2662 1066 2921 1136 deinceps
2969 1066 3115 1135 genti
3171 1065 3527 1136 praefuerunt,

1956 1157 2156 1226 quibus
2187 1166 2444 1228 tanquam
2479 1157 2822 1228 adiutoribus
2854 1165 3033 1220 utens,
3063 1171 3167 1210 una
3189 1171 3312 1211 cum
3338 1157 3532 1214 iisdem

1955 1251 2073 1321 ipse
2127 1251 2342 1308 honesti
2393 1253 2648 1306 inimicus
2695 1251 3073 1321 honorumque
3122 1259 3431 1321 corruptor,
3477 1260 3530 1306 et

1955 1345 2226 1399 civitatem
2273 1352 2328 1400 et
2378 1355 2629 1398 sanctqu
2675 1343 2990 1413 perditurus
3048 1341 3268 1396 dicitur.
3315 1341 3526 1396 Etenim

1953 1449 2079 1492 vere
2109 1436 2344 1507 perdidit
2391 1445 2560 1490 totam
2591 1445 2828 1507 gentem,
2863 1434 3024 1488 modo
3066 1434 3287 1502 quidem
3341 1449 3526 1489 sacer-

1953 1528 2088 1584 dotii
2122 1529 2368 1584 ordinem
2405 1536 2602 1599 praeter
2623 1530 2792 1598 legem
2817 1528 3169 1599 perturbans,
3205 1526 3366 1582 modo
3396 1542 3529 1582 vero

1954 1630 2212 1676 cunctum
2241 1623 2498 1692 populum
2522 1628 2858 1692 pervertens,
2879 1627 2934 1674 et
2954 1619 3226 1674 civitatem
3247 1615 3351 1689 (sic
3379 1618 3525 1674 enim

263 1708 338 1761 δι’
377 1700 441 1761 οὗ
469 1707 676 1778 νομίζω
706 1706 1068 1777 σημαίνεσθαι
1096 1706 1166 1760 τὰ
1189 1707 1525 1778 στρατόπεδα
1562 1705 1672 1758 τῶν
1717 1704 1852 1756 Ῥω-

1955 1714 2101 1768 cives
2151 1713 2379 1783 ﬁgurate
2420 1711 2795 1782 nominantur)
2822 1724 3058 1766 evocans
3088 1708 3152 1763 ad
3193 1709 3524 1779 impietatem

266 1800 448 1872 μαίων
476 1801 773 1872 ἀρχόντων,
792 1800 852 1864 ἑξ
879 1801 1090 1852 ἑκείνου
1113 1799 1506 1871 κρατησάντων
1525 1797 1619 1850 τοῦ
1637 1796 1844 1858 ἔθνους,

257 1891 311 1944 οἳ
332 1890 427 1942 καὶ
440 1889 538 1960 τὴν
552 1888 704 1942 πολιν
732 1887 902 1959 αὐτὴν
919 1890 1294 1962 Ἰερουσαλὴμ,
1325 1891 1418 1943 καὶ
1449 1889 1540 1944 τὸν
1580 1888 1747 1941 πάλαι
1788 1889 1846 1941 ὲν

260 1985 406 2054 αὐτῇ
441 1983 635 2053 σεμνὸν
663 1983 757 2036 κοιλ⁵
781 1984 938 2052 ἆγιον
963 1983 1099 2036 νεὼν
1122 1982 1454 2054 διέφθειραν.
1487 1979 1621 2034 ’Υπὺ
1645 1978 1847 2032 τούτων

259 2075 398 2144 ’γοῦν
449 2075 543 2128 καὶ
575 2075 914 2146 ἑξεκόπησαν
957 2074 1033 2139 ὡς
1075 2077 1133 2128 ἑν
1174 2071 1566 2143 κατακλυσμῷ,
1605 2071 1700 2124 καὶ
1745 2069 1848 2133 ἕως

257 2169 454 2232 τέλους
484 2167 722 2239 πολέμου
758 2169 1197 2240 συντετμημένου
1223 2168 1550 2237 ἀφανισμοῖς
1581 2165 1844 2235 ἔφθασαν,

258 2261 409 2316 ὥστε
435 2261 557 2332 ήδη,
585 2261 725 2315 κατὰ
751 2262 850 2332 τὴν
893 2261 1250 2333 προφητείαν,
1289 2259 1525 2330 παντελῆ
1557 2259 1846 2328 ὑπομεῖναι

259 2355 502 2427 ἐρημίαν
540 2355 682 2408 κατὰ
721 2354 820 2426 τὴν
858 2355 999 2408 κατά
1029 2353 1123 2406 τοῦ
1165 2354 1415 2423 Σωτῆρος
1441 2350 1599 2422 ἡμῶν
1631 2349 1848 2402 ἐπιϐου-

257 2447 364 2516 λὴν
389 2446 591 2508 αὐτῶν,
621 2445 739 2516 μεθ’
774 2446 841 2516 ῆν
875 2446 970 2499 καὶ
1004 2447 1104 2516 τὴν
1143 2445 1376 2514 ἐσχάτην
1413 2443 1711 2513 ὑπέμειναν
1747 2457 1845 2493 πο-

257 2537 529 2608 λιορκίαν.
572 2539 758 2607 Ἔχεις
788 2539 882 2590 καλ⁵
912 2537 1084 2591 ταῦτα
1114 2535 1358 2608 ἀκριϐῶς
1387 2537 1443 2587 ἑν
1471 2537 1590 2596 ταῖς
1617 2532 1846 2603 γραφεί-

258 2647 388 2694 σαις
432 2629 581 2700 αύτῷ
621 2631 868 2701 Ἰωσήπῳ
912 2629 1188 2700 ἱστορίαις.
1222 2626 1438 2681 Τούτων
1468 2627 1526 2680 δὲ
1569 2625 1698 2697 περὶ
1737 2623 1846 2677 τῶν

257 2720 696 2792 συμϐεϐηκότων
747 2721 826 2792 τῷ
888 2720 1160 2774 Ἰουδαίων
1209 2719 1351 2772 ἔθνει
1398 2722 1455 2772 ἑν
1507 2717 1585 2788 τῷ
1639 2716 1842 2788 μεταξὺ

255 2814 444 2886 χρόνῳ
475 2813 582 2867 τῶν
611 2812 751 2866 ἑπτὰ
790 2814 885 2866 καὶ
929 2811 1194 2882 ἑξήκοντα
1233 2810 1326 2864 δύο
1361 2810 1670 2881 ἑϐδομάδων
1712 2825 1846 2878 προ-

257 2910 718 2982 πεφητευμένων,
761 2907 1071 2970 ἀκολούθως
1112 2909 1146 2977 ἡ
1199 2906 1430 2977 δήλωσις
1469 2904 1571 2974 τῆς
1615 2902 1719 2957 ὑπὸ
1747 2901 1842 2956 τοῦ

257 3000 518 3072 Σωτῆρος
541 3000 696 3071 ἡμῶν
719 2997 1184 3068 καταγγελθείσης
1219 2995 1414 3065 καινῆς
1441 2993 1718 3065 Διαθήκης
1751 2993 1842 3046 θε-
1871 3044 1915 3104 C

258 3093 537 3155 σπίζεται.
569 3090 852 3144 Τοσούτων
886 3090 1017 3158 γοῦν
1041 3088 1128 3142 διὰ
1159 3088 1323 3158 μέσου
1353 3087 1448 3140 καὶ
1492 3085 1695 3156 μεταξὺ
1733 3084 1842 3137 τῶν

257 3185 406 3240 ἑπτὰ
433 3186 528 3239 καὶ
555 3183 814 3256 ἑξήκοντα
839 3183 932 3237 δύο
965 3181 1274 3252 ἑϐδομάδων
1311 3180 1634 3252 εἰρημένων,
1661 3177 1844 3231 ἑπιλέ-

255 3295 445 3346 γεται·
485 3297 503 3330 ι
535 3278 647 3330 Καὶ
691 3274 1000 3347 δυναμώσει
1040 3274 1316 3344 Διαθὴκην
1351 3272 1568 3334 πολλοῖς
1610 3268 1844 3340 ἑϐδομὰς

259 3371 386 3442 μία,
410 3371 506 3422 καὶ
535 3373 591 3423 ἑν
611 3369 690 3439 τῷ
713 3369 900 3440 ἡμίσει
923 3368 1022 3438 τῆς
1045 3366 1334 3436 ἑϐδομάδος
1363 3363 1661 3436 ἀρθήσεται
1684 3362 1842 3416 θυσία

256 3463 357 3517 καὶ
389 3461 610 3528 σπονδὴ,
646 3462 740 3515 καὶ
775 3461 866 3514 ἑπὶ
910 3460 971 3513 τὸ
1008 3459 1151 3530 ἱερὸν
1181 3456 1456 3528 βδέλυγμα
1484 3456 1596 3510 τῶν
1622 3455 1842 3528 ἐρημώ-

256 3572 402 3610 σεων
431 3554 601 3617 ἔσται,
639 3554 732 3606 καὶ
764 3553 872 3616 ἑως
901 3551 1210 3613 συντελείας
1239 3547 1432 3620 καιροῦ
1470 3547 1746 3602 συντέλεια
1767 3547 1844 3600 δο-

255 3648 490 3716 θήσεται
535 3647 629 3699 ἑπὶ
672 3645 772 3715 τὴν
821 3645 1118 3715 ἐρήμωσιν.
1163 3663 1182 3695 ι
1229 3642 1362 3696 Τίνα
1402 3642 1458 3695 δὲ
1500 3641 1702 3713 τρόπον
1749 3643 1844 3694 καὶ

252 3737 432 3790 ταῦτα
485 3736 790 3809 ἐπληροῦτο
839 3736 1282 3804 κατανοήσωμεν.
1344 3735 1656 3804 Ἱστορεῖται
1708 3732 1764 3786 δὲ
1815 3733 1844 3784 6

253 3830 368 3891 πᾶς
393 3829 495 3899 τῆς
519 3827 864 3892 διδασκαλίας
888 3828 980 3881 καὶ⁸
996 3825 1448 3898 παραδοξοποιίας
1463 3825 1599 3896 ὁμοῦ
1627 3824 1720 3878 τοῦ
1737 3825 1847 3878 Σω-

254 3919 430 3990 τῆρος
456 3920 612 3990 ἡμῶν
640 3919 831 3991 χρόνος
871 3919 1038 3990 τριῶν
1063 3918 1234 3988 ἥμισυ
1261 3916 1499 3984 γεγονὼς
1525 3915 1681 3979 ἑτῶν,
1705 3916 1842 3988 ὅπερ

254 4013 410 4066 ἐστὶν
486 4013 777 4083 ἑϐδομάδος
833 4013 1024 4082 ἥμισυ.
1087 4009 1257 4062 Τοῦτό
1315 4027 1434 4072 πως
1497 4009 1750 4078 Ἰωάννης
1815 4010 1844 4060 6

253 4105 650 4175 εὐαγγελιστὴς
693 4103 938 4175 ἀκριϐῶς
982 4104 1266 4171 ἐφιστᾶσιν
1289 4101 1453 4155 αὑτοῦ
1480 4101 1559 4172 τῷ
1595 4102 1841 4169 Εὐάγγε-

255 4197 359 4267 λίῳ
387 4199 744 4269 παραστήσει.
774 4195 875 4265 Εἴη
904 4195 970 4250 ἂν
998 4191 1091 4248 οὖν
1116 4194 1348 4265 ἑϐδομὰς
1379 4195 1516 4247 ἑτῶν
1554 4193 1648 4264 μία
1678 4197 1706 4246 6
1734 4194 1841 4255 πᾶς

253 4289 451 4360 χρόνος
471 4289 572 4360 τῆς
600 4288 737 4360 μετά
772 4289 878 4343 τῶν
905 4286 1216 4342 ἀποστόλων
1240 4287 1404 4340 αὑτοῦ
1438 4287 1836 4358 συνδιατριϐἦς,

1948 1813 2005 1860 et
2031 1805 2228 1872 nefas;
2258 1806 2385 1860 huic
2413 1813 2593 1860 autem
2623 1802 3068 1859 commentationi
3095 1809 3293 1859 nostra:
3327 1801 3524 1871 Aquila

1950 1913 2170 1969 quoque
2216 1897 2537 1961 concordat,
2584 1898 2677 1968 qui
2711 1897 3101 1967 interpretatus
3143 1901 3227 1951 est
3277 1895 3335 1950 in
3377 1893 3526 1948 hunc

1950 1988 2208 2043 modum:
2245 2007 2271 2040 ι.
2304 1988 2370 2042 Et
2399 1990 2674 2044 civitatem
2700 1996 2753 2044 et
2775 1997 3028 2042 sanctum
3054 1986 3330 2057 disperdet
3351 2001 3524 2058 popu-

1951 2081 2036 2136 lus
2065 2081 2223 2137 ducis
2246 2081 2485 2135 venturi.
2531 2099 2549 2132 ι
2585 2079 2702 2134 Non
2747 2080 2923 2134 solum
2964 2081 3109 2134 enim
3138 2079 3230 2149 qui
3261 2087 3523 2133 venturus

1949 2172 2052 2228 fuit
2081 2173 2214 2235 dux,
2249 2187 2408 2242 quem
2451 2187 2552 2228 nos
2591 2171 2875 2242 superiore
2901 2171 3242 2241 expositione
3274 2168 3522 2240 prodidi-

1949 2280 2094 2328 mus,
2118 2264 2363 2334 corrupit
2381 2263 2659 2319 civitatem
2684 2272 2736 2318 et
2764 2273 3036 2328 sanctum,
3061 2263 3155 2318 sed
3179 2263 3343 2318 etiam
3375 2262 3523 2317 illius

1948 2357 2183 2426 populus
2217 2377 2232 2414 :
2269 2364 2532 2427 praeterea
2564 2372 2672 2411 non
2719 2355 2954 2412 forsitan
2998 2355 3269 2428 quispiam
3299 2370 3330 2408 a
3370 2362 3521 2410 recto

1947 2447 2286 2502 aberraver-it
2318 2447 2364 2502 si
2395 2447 2636 2511 dixerit,
2662 2447 2825 2502 etiam
2859 2445 3162 2500 Romanum
3195 2445 3388 2500 ducem
3424 2445 3521 2500 iis-

1945 2539 2068 2594 dem
2107 2539 2288 2594 verbis
2321 2539 2619 2609 designari,
2650 2539 2880 2609 ejusque
2909 2539 3069 2593 ducis
3105 2537 3386 2608 populum.
3416 2533 3522 2592 Per

1945 2647 2068 2700 quae
2095 2633 2333 2687 arbitror
2355 2631 2651 2703 signiﬁcari
2678 2632 2956 2686 exercitus
2981 2629 3352 2684 Romanorum
3378 2629 3525 2700 prin-

1947 2725 2150 2794 cipum,
2195 2725 2287 2794 qui
2322 2740 2386 2780 ex
2437 2725 2532 2778 illo
2581 2729 2828 2794 tempore
2874 2721 3054 2793 gentis
3096 2721 3386 2792 imperium
3434 2729 3520 2776 leo

1943 2835 2136 2881 nuere,
2169 2819 2372 2889 quique
2403 2817 2679 2894 civitatem
2713 2817 2888 2888 ipsam
2932 2813 3260 2878 Jerusalem,
3291 2821 3345 2870 et
3373 2814 3428 2868 in
3456 2829 3521 2868 ea

1945 2908 2222 2982 quondam
2255 2909 2565 2964 venerabile
2598 2915 2653 2963 et
2675 2915 2926 2962 sanctum
2965 2905 3224 2978 templum
3259 2920 3520 2974 corrupe—

1946 3011 2096 3060 runt.
2146 3002 2424 3073 Siquidem
2456 3003 2526 3056 ab
2568 3002 2636 3058 iis
2661 3001 2826 3056 etiam
2869 3000 3040 3056 excisi
3073 3007 3202 3055 sunt
3258 3006 3524 3069 tanquam

1947 3094 2004 3148 in
2038 3093 2266 3158 diluvio,
2297 3101 2352 3148 et
2401 3108 2574 3163 usque
2601 3092 2670 3147 ad
2699 3092 2858 3147 ﬁnem
2889 3091 3015 3146 belli
3052 3090 3108 3144 in
3134 3089 3517 3159 compendium

1946 3185 2053 3240 acti
2089 3184 2377 3240 itineribus
2398 3198 2696 3254 pervenere
2718 3221 2733 3247 ,
2766 3197 2940 3250 usque
2968 3179 3105 3236 adeo
3141 3188 3223 3244 ut,
3257 3181 3521 3252 quemad-

1945 3275 2167 3330 modum
2195 3275 2482 3346 prophetia
2503 3273 2740 3335 dixerat,
2764 3279 3065 3328 extremam
3090 3279 3205 3325 tum
3231 3270 3381 3340 passi
3410 3269 3522 3326 sint

1946 3368 2316 3435 solitudinem,
2380 3374 2503 3438 post
2555 3366 2794 3436 ipsorum
2841 3363 3080 3420 nefarias
3126 3361 3291 3436 400
3331 3370 3519 3418 contra

1948 3458 2282 3514 Salvatorem
2348 3466 2597 3514 nostrum
2640 3457 2900 3524 insidias;
2961 3471 3086 3510 nam
3131 3461 3420 3524 postquam
3465 3453 3517 3507 id

1949 3552 2124 3606 moliti
2185 3559 2335 3617 sunt,
2383 3561 2680 3606 extremam
2703 3564 2836 3604 sane
2858 3549 3198 3604 obsidionem
3228 3547 3516 3617 pertulere.

1946 3643 2070 3698 Haec
2099 3658 2318 3713 quoque
2353 3644 2470 3713 ipsa
2498 3643 2830 3697 adamussim
2861 3642 3141 3710 explorata
3170 3639 3338 3694 habes
3366 3639 3422 3692 in
3451 3638 3520 3692 iis

1944 3749 2082 3804 quas
2101 3732 2376 3803 Iosephus
2407 3733 2630 3803 scripsit
2656 3732 2922 3787 historiis.
2950 3731 3218 3786 Caeterum
3249 3743 3376 3782 cum
3405 3727 3522 3783 haec

1944 3825 2011 3880 de
2037 3826 2105 3881 iis
2137 3842 2258 3896 quae
2289 3826 2614 3881 intermedio
2635 3840 2710 3879 vn
2732 3832 2786 3879 et
2816 3839 2926 3878 Lxu
2953 3820 3354 3878 hebdomadum
3379 3827 3521 3874 tem-

1944 3934 2075 3988 pore
2115 3917 2356 3974 Judaicae
2411 3919 2560 3990 genti
2615 3916 2971 3977 acciderunt,
3030 3931 3128 3986 per
3177 3913 3517 3985 prophetiam

1944 4012 2204 4081 praedicta
2226 4013 2357 4076 sint,
2386 4011 2579 4067 ordine
2601 4009 2859 4079 deinceps
2883 4007 3017 4063 Novi
3049 4022 3146 4077 per
3177 4007 3516 4064 Salvatorem

1943 4112 2194 4156 nostrum
2236 4102 2599 4158 denuntiandi
2631 4100 2966 4156 Testamemi
3003 4099 3332 4170 signiﬁcatio
3360 4098 3516 4155 cani—

1942 4202 2051 4247 tur.
2084 4191 2227 4264 Ergo
2257 4193 2350 4248 ubi
2397 4202 2504 4248 tam
2543 4194 2714 4248 multa
2761 4193 2816 4246 in
2857 4192 3036 4247 medio
3061 4193 3202 4247 inter
3229 4199 3435 4261 septem
3463 4198 3520 4244 et

1943 4286 2226 4356 sexaginta
2257 4287 2396 4342 duas
2432 4286 2802 4341 hebdomadas
2826 4285 2974 4340 dicta
2998 4292 3148 4350 sunt,
3175 4291 3292 4338 tum
3323 4282 3518 4353 adjun-

254 4383 285 4434 ὅ
312 4399 372 4434 τε
399 4382 504 4452 πρὸ
542 4381 636 4434 τοῦ
678 4381 884 4444 πάθους
907 4381 1000 4434 καὶ
1023 4381 1051 4432 6
1081 4379 1218 4450 μετά
1245 4380 1344 4450 τὴν
1373 4380 1436 4432 ἑκ
1464 4379 1672 4450 νεκρῶν
1707 4379 1836 4432 ἀνά-

1946 4380 2087 4449 gitur
2120 4399 2133 4434 :
2169 4399 2187 4431 ‹
2231 4378 2296 4433 Ει
2325 4379 2672 4434 conﬁrmabit
2711 4387 2930 4449 pactum
2963 4378 3150 4434 multis
3178 4376 3516 4432 bebdomada

257 4491 450 4527 στασιν
497 4473 682 4526 αὑτοῦ.
721 4474 836 4545 Πρὸ
865 4474 962 4545 μὲν
987 4473 1095 4545 γὰρ
1121 4472 1214 4526 τοῦ
1244 4471 1448 4535 πάθους
1471 4472 1565 4526 ἐπὶ
1587 4471 1714 4544 τρία
1744 4473 1838 4526 καὶ⁵

250 4567 430 4635 ἥμισυ
471 4564 567 4636 ἐτη
605 4567 718 4628 τοῖς
757 4567 923 4619 πᾶσιν
964 4566 1154 4619 ἑαυτὸν
1193 4565 1448 4637 παρέχων
1484 4565 1750 4636 μαθηταῖς
1776 4583 1836 4618 τε

254 4656 354 4709 καὶ
379 4657 492 4718 τοῖς
523 4655 598 4726 μὴ
623 4657 883 4720 τοιούτοις
904 4657 1337 4729 ἀναγέγραπται·
1368 4657 1488 4712 καθ’
1513 4659 1572 4712 ὃν
1592 4659 1839 4712 διδασκα-

251 4747 400 4811 λίαις
437 4750 761 4822 παραδόξοις
793 4768 852 4804 τε
895 4749 1232 4822 θεραπείαις,
1259 4754 1358 4822 τῆς
1387 4753 1638 4823 θεότητος
1672 4753 1834 4806 αὑτοῦ

248 4842 355 4905 τὰς
387 4843 646 4914 δυνάμεις
672 4846 838 4898 πᾶσιν
875 4844 1064 4909 ἁπλῶς
1093 4845 1316 4918 Ἕλλησί
1341 4863 1402 4898 τε
1432 4848 1525 4900 καὶ
1563 4847 1836 4910 Ἰουδαίοις

251 4933 582 5006 παρείχετο·
615 4935 754 5006 μετά
800 4935 858 4988 δὲ
898 4936 998 5008 τὴν
1031 4937 1096 4990 ἑκ
1144 4936 1354 5008 νεκρῶν
1404 4938 1698 4992 ἀνάστασιν
1742 4939 1834 4992 τὸν

252 5027 393 5089 ἴσον,
426 5027 502 5090 ὼς
529 5028 696 5092 εἰκὸς,
721 5028 830 5082 τῶν
853 5029 992 5082 ἑτῶν
1012 5030 1200 5100 χρόνον
1220 5033 1332 5093 τοῖς
1350 5030 1542 5083 ἑαυτοῦ
1568 5029 1832 5101 μαθηταῖς

249 5118 350 5172 καὶ
379 5119 694 5183 ἀποστόλοις
714 5120 903 5189 συνῆν,
921 5121 986 5173 δι’
1007 5121 1227 5192 ἡμερῶν
1241 5123 1648 5192 τεσσαράκοντα
1666 5125 1835 5176 ὀπτα-

249 5208 478 5280 νόμενος
493 5211 696 5277 αὐτοῖς,
716 5213 811 5264 καὶ
838 5212 1404 5283 συναυλιζόμενος,καὶ
1419 5213 1593 5282 λέγων
1620 5214 1688 5268 τὰ
1705 5216 1833 5285 περὶ

245 5302 354 5371 τῆς
378 5301 653 5371 βασιλείας
671 5303 766 5357 τοῦ
792 5304 949 5369 Θεοῦ,
969 5305 1044 5368 ὡς
1069 5306 1200 5373 γοῦν
1223 5308 1276 5358 αἱ
1301 5305 1536 5378 Πράξεις
1561 5307 1668 5360 τῶν
1700 5308 1833 5360 ἀπο-

248 5393 457 5447 στόλων
486 5395 827 5465 περιέχουσιν
844 5412 858 5426 ·
886 5396 961 5460 ὡς
987 5390 1126 5449 εἶναι
1151 5396 1355 5466 ταύτην
1376 5397 1472 5468 τὴν
1496 5397 1832 5469 δηλουμένην

246 5486 351 5556 τῆς
387 5487 724 5557 προφητείας
761 5487 869 5540 τῶν
907 5487 1044 5541 ἑτῶν
1089 5488 1379 5558 ἑϐδομάδα,
1407 5491 1528 5542 καθ’
1559 5490 1624 5560 ἢν
1657 5489 1833 5542 ἐνεδυ-

246 5579 474 5648 νάμωσε
503 5578 778 5653 Διαθηκην
805 5579 1036 5644 πολλοῖς,
1065 5580 1163 5651 τὴν
1189 5581 1382 5651 καινὴν
1410 5581 1606 5650 δηλαδὴ
1636 5580 1832 5652 Διαθή-

250 5685 356 5738 κην
385 5668 478 5723 τοῦ
520 5669 871 5737 εὐαγγελικοῦ
904 5670 1257 5742 κηρύγματος
1287 5671 1586 5743 κρατύνων.
1617 5672 1738 5724 Τίσι
1775 5671 1830 5724 δὲ

1941 4489 2070 4534 una,
2103 4479 2156 4526 et
2187 4472 2242 4526 in
2271 4471 2453 4526 medio
2482 4470 2842 4525 hebdomadis
2871 4468 3151 4526 auferetur
3181 4467 3516 4525 sacriﬁcium

1938 4572 1993 4618 et
2023 4564 2232 4628 lihatio,
2279 4571 2333 4618 et
2362 4562 2417 4616 in
2465 4562 2671 4631 templo
2725 4561 3060 4616 abominatio
3119 4559 3514 4616 desolationum

1938 4655 2062 4719 erit,
2093 4663 2149 4709 et
2185 4669 2362 4720 usque
2413 4652 2482 4707 ad
2527 4652 3053 4706 consummationem
3089 4650 3353 4722 temporis
3383 4665 3519 4706 eon-

1937 4745 2230 4801 summatio
2253 4745 2472 4800 dabitur
2502 4743 2558 4798 in
2591 4742 3008 4799 desolationem.
3049 4763 3066 4796 D
3106 4743 3212 4800 Sed
3253 4743 3367 4812 jam
3401 4743 3517 4797 haec

1936 4853 2179 4910 quonam
2233 4845 2393 4909 pacto
2433 4836 2702 4906 completa
2759 4836 2891 4901 sint,
2953 4835 3325 4906 exploremus.
3371 4832 3518 4889 Sane

1936 4929 2211 4999 proditum
2239 4934 2326 4984 est
2356 4928 2635 4983 memoria:
2672 4941 2834 4981 omne
2862 4928 3127 4981 doctrinae
3164 4924 3518 4981 eruditionis-

1935 5038 2044 5092 que
2089 5021 2480 5076 miraculorum
2532 5019 2836 5074 Salvatoris
2864 5019 3040 5074 nostri
3075 5026 3311 5089 tempus,
3347 5017 3514 5072 trium

1937 5128 2206 5167 annorum
2237 5119 2292 5166 et
2326 5111 2496 5167 semis
2529 5109 2702 5166 fuisse
2729 5129 2743 5165 :
2775 5109 2922 5180 quod
2949 5109 3166 5181 quidem
3187 5119 3270 5165 est
3307 5106 3513 5164 hchdo-

1936 5205 2112 5260 madis
2147 5205 2313 5260 unius
2343 5204 2656 5260 dimidium.
2689 5203 2805 5258 Hoc
2852 5205 3032 5275 ipsum
3074 5203 3312 5274 quodam
3354 5201 3517 5257 modo

1935 5298 2172 5354 Joannes
2219 5298 2550 5368 evangelista
2598 5297 2959 5354 attentissime
3004 5296 3126 5367 eius
3160 5293 3514 5366 Evangelium

1935 5388 2356 5444 observantibus
2392 5387 2715 5443 declarabit.
2747 5387 2865 5442 Erit
2893 5388 3058 5459 igitur
3090 5387 3390 5442 hebdomas
3417 5401 3516 5440 an-

1935 5498 2130 5539 norum
2167 5495 2276 5537 una
2305 5495 2466 5536 omne
2500 5489 2736 5552 tempus,
2770 5481 2916 5552 quod
2947 5496 3070 5535 cum
3103 5479 3368 5551 apostolis
3396 5483 3516 5534 suis

1935 5584 2186 5632 \ersatus
2219 5582 2324 5638 est,
2371 5583 2488 5629 tum
2523 5584 2813 5646 antequam
2842 5591 3040 5645 passus
3069 5581 3176 5640 est,
3206 5580 3321 5630 tum
3362 5580 3516 5644 post-

1933 5686 2097 5740 quam
2142 5670 2210 5726 de
2238 5677 2415 5724 morte
2443 5668 2511 5722 ad
2544 5667 2714 5723 vitam
2745 5668 2994 5736 revenit;
3026 5684 3150 5724 nam
3180 5666 3326 5738 quod
3355 5673 3514 5721 aute-
