1918 3110
161 124 209 151 62⁵1

479 123 612 152 EUSEBII
629 124 869 153 CAESARIENSIS
887 123 963 152 OPP.
983 122 1074 151 PARS
1092 123 1124 151 ll.
1139 117 1433 149 —-APOLOGETICA.

1736 114 1787 142 628

162 189 243 216 quam
261 181 295 208 sil.
311 188 409 216 passus
423 189 472 216 per
492 185 548 222 tres
565 189 653 209 annos
667 187 694 209 et
711 182 804 213 semis,
825 180 952 209 omnibus

1008 179 1112 211 πολλοῖς
1124 178 1225 214 ταύτην
1238 176 1451 211 ἐνεδυνάμωσεν,
1464 172 1481 208 ἢ
1492 172 1613 208 δηλονότι
1624 169 1789 222 τοῖςιέαυτοῦ

161 233 188 255 et
201 228 344 262 discipulis
360 232 388 254 et
408 235 462 264 non
484 228 625 265 discipulis
640 227 760 263 seipsum
782 227 946 262 exhibuerit,

164 271 252 307 palam
275 279 308 299 ex
332 272 366 299 iis
390 280 450 313 qua:
471 273 573 307 scripta
592 276 656 300 sunt
670 271 704 299 de
719 273 789 307 ipso.
808 264 946 307 proditum

162 321 230 344 est:
256 324 311 351 quo
326 320 449 353 tempore
470 313 497 343 et
523 317 694 344 documentis
717 320 745 343 et
769 316 949 343 admiratione

162 362 255 398 dignis
268 362 470 398 curationibus,
487 355 640 390 divinitatis
657 370 713 390 sua:
729 363 802 390 vires
821 363 950 390 omnibus

164 409 326 443 simpliciter
349 400 403 443 tam
420 408 522 436 Graecis
538 417 618 444 quam
634 402 734 436 Iudaeis
750 409 879 437 ostendit.
898 409 951 436 Ubi

165 462 229 482 vero
245 462 260 481 a
275 458 363 482 morte
389 454 422 481 ad
445 455 527 482 vitam
547 458 588 489 est
606 456 758 490 restitutus,
783 454 857 489 quod
880 454 951 481 idem

164 500 305 534 temporis,
319 500 498 535 eumdemque
513 508 647 527 annorum
664 492 806 528 numerum
819 507 882 527 cum
894 500 952 527 suis

165 549 290 573 versatus
309 546 354 576 sit,
383 546 527 581 discipulis
554 551 581 573 et
610 546 752 581 apostolis,
769 546 870 575 rationi
886 553 953 574 sane

165 593 379 617 consentaneum
402 595 460 621 est,
486 598 535 625 per
556 591 616 618 dies
640 599 674 617 χι.
694 598 828 626 apparens
846 591 905 622 eis,
926 594 954 618 et

166 642 360 666 consuescens.
375 639 402 662 et
416 635 449 663 de
465 644 548 671 regno
566 636 612 663 Dei
631 636 744 671 loquens
755 656 762 669 ,
776 636 954 671 quemadmo-

166 682 231 708 dum
259 682 367 716 quidem
389 681 416 708 in
443 682 629 716 apostolorum
646 682 723 710 Actis
738 682 905 714 continetur,
924 685 954 708 ut

166 727 224 754 hate
241 726 276 754 sit
299 727 355 758 illa,
376 727 410 754 de
426 734 480 761 qua
506 727 647 762 prophetia
669 727 800 762 loquitur,
818 734 953 753 annorum

167 772 326 804 bebdomas.
342 773 370 799 in
384 780 438 807 qua
459 773 629 800 conﬁrmavit
646 777 755 808 pactum
771 773 874 806 multis,
891 780 954 799 mu-

166 819 252 846 nitius
263 818 387 846 videlicet
400 818 515 846 reddens
529 826 628 846 novum
645 820 807 854 evangelica:
823 818 955 853 praedica-

166 865 249 892 tionis
266 868 470 892 testamentum.
489 864 542 892 Sed
567 865 668 899 quibus
690 865 784 893 multis
804 865 831 892 id
856 865 957 892 conﬁr-

167 911 272 938 mavit?
287 910 389 946 Nempe
408 911 466 938 suis
489 911 631 946 discipulis
652 915 679 938 et
699 912 843 946 apostolis,
870 912 958 946 iisque

166 956 294 984 omnibus
310 956 466 991 quicunque
483 964 515 983 ex
527 956 648 984 Hebraeis
664 957 691 983 in
707 957 785 984 ﬁdem
798 957 858 991 ejus
873 964 957 984 vene-

167 1007 242 1031 runt.
254 1003 388 1031 Caeterum
404 1003 431 1030 in
448 1003 561 1037 hujusce
572 1003 654 1030 unius
667 1003 845 1031 hebdomadis
857 1004 957 1033 medio,

168 1049 196 1076 in
213 1056 267 1084 qua
294 1049 360 1081 illud
386 1049 475 1083 ipsum
499 1048 533 1075 de
547 1056 601 1083 quo
622 1048 742 1076 diximus
764 1054 958 1077 testamentum

168 1094 262 1120 multis
279 1093 463 1125 conﬁrmavit,
479 1093 616 1120 sublatum
630 1098 673 1120 est
687 1093 863 1125 sacriﬁcium,
877 1094 956 1130 ωι

168 1144 195 1166 et
209 1139 315 1170 libatio.
332 1139 557 1173 abominatioque
571 1139 751 1167 desolationis
767 1140 894 1167 inchoata
905 1145 957 1172 est,

168 1184 389 1220 quandoquidem
407 1185 457 1211 hac
471 1185 528 1219 ipsa
544 1185 713 1213 hebdomade
725 1186 781 1220 jam
795 1186 827 1213 ad
840 1186 958 1214 medium

169 1230 212 1257 sui
227 1230 344 1265 spatium
370 1230 463 1262 ducta,
481 1230 542 1265 post
555 1231 637 1257 trium
653 1238 786 1258 annorum
807 1235 916 1267 tempus
932 1237 959 1260 et

169 1276 253 1302 semis
267 1275 399 1309 doctrina:
415 1275 498 1306 illius,
513 1282 567 1310 quo
585 1279 707 1310 tempore
726 1284 825 1311 passus
841 1282 893 1309 est,
911 1284 958 1304 ve-

169 1321 226 1348 lum
243 1321 335 1356 templi
355 1322 472 1349 srissum
486 1325 529 1349 est
548 1329 563 1348 a
579 1329 686 1349 summo
702 1330 790 1356 usque
802 1322 930 1350 deorsum
949 1331 957 1349 :

170 1373 200 1394 ut
215 1375 249 1395 ex
265 1368 311 1395 illo
325 1367 381 1402 jam
396 1368 420 1395 vi
435 1367 552 1403 quadam
570 1367 677 1395 sublata
694 1366 776 1395 fuerit
790 1368 824 1395 ab
834 1368 875 1396 eis
888 1368 958 1395 liba-

168 1415 208 1441 tio
221 1417 248 1440 et
261 1414 424 1441 sacriﬁcium
437 1417 464 1441 c't
477 1414 645 1440 abominatio
656 1413 834 1441 dcsolationis
850 1413 879 1440 in
893 1417 960 1441 tem-

169 1460 214 1494 plo
231 1460 342 1491 sederit,
359 1463 452 1494 utpote
469 1466 532 1486 cum
554 1467 602 1486 eos
631 1459 720 1487 virtus
743 1459 789 1486 illa
817 1459 958 1494 reliquerit

169 1505 255 1537 solos,
270 1513 331 1540 quae
350 1505 385 1533 ab
405 1506 483 1533 initio
498 1506 531 1533 ad
549 1506 615 1533 illud
630 1514 718 1541 usque
734 1510 853 1541 tempus,
870 1512 896 1534 et
910 1510 956 1533 tu-

170 1551 251 1578 telam
274 1555 302 1578 et
320 1552 519 1586 providentiam
546 1552 606 1586 ejus
622 1553 673 1579 loci
695 1553 806 1587 gerebat
823 1562 829 1581 :
845 1560 908 1580 nam
926 1551 960 1580 ad
975 1545 996 1574 C

170 1596 237 1623 illud
255 1604 342 1631 usque
355 1601 463 1632 tempus
481 1606 535 1632 quo
550 1599 595 1625 ille
610 1607 659 1633 pro
682 1600 770 1626 salute
785 1603 879 1626 nostra
896 1607 960 1634 pas:-

170 1649 219 1670 sus
235 1646 287 1673 est,
303 1642 422 1669 divinam
438 1644 584 1678 quamdam
598 1645 651 1671 vim
672 1644 757 1672 fuisse
774 1653 834 1680 qua?
848 1649 875 1673 et
888 1649 959 1673 tem-

170 1689 247 1723 plum
273 1691 301 1718 et
315 1688 446 1716 Sanctum
473 1694 631 1716 sanctorum
655 1695 787 1723 lucretur,
803 1691 961 1718 existimare

170 1742 220 1770 par
231 1738 284 1762 est.
299 1734 406 1769 Alioqui
419 1735 484 1770 quid
500 1736 654 1770 oportebat,
667 1736 741 1762 illum
755 1744 807 1763 una
820 1744 881 1763 cum
899 1736 961 1764 aliis

171 1781 266 1808 multis
283 1781 379 1810 sedere
396 1781 422 1807 in
448 1781 550 1816 templo
569 1786 597 1808 et
612 1789 646 1809 ex
670 1782 775 1816 legibus
801 1782 884 1810 festos
901 1783 960 1811 dies

170 1827 326 1858 celebrare,
342 1827 365 1854 si
386 1827 507 1862 novisset
527 1834 580 1854 non
605 1828 723 1863 amplius
743 1829 895 1857 consistere
919 1830 961 1857 lo.

170 1880 233 1900 cum
248 1873 335 1904 illum,
350 1881 439 1908 neque
454 1873 501 1900 Dei
517 1874 662 1908 prreseutia
675 1874 787 1909 dignum
802 1875 878 1908 esse?
888 1873 958 1903 Fue-

171 1921 236 1945 runt
247 1918 330 1955 igitur
345 1919 378 1946 ad
391 1919 458 1949 illud
471 1927 558 1956 usque
573 1920 703 1954 temporis
718 1920 843 1947 nonnulli
856 1921 881 1947 iu
895 1924 961 1947 tem-

171 1962 217 1998 plo
233 1963 398 1996 divinantes,
415 1965 504 2000 qualis
522 1960 599 1991 Anna
620 1965 779 2001 prophetica
797 1965 894 1993 mulier
906 1956 961 2000 ﬁlia

170 2007 303 2042 Phanuel,
321 2014 348 2037 et
370 2010 480 2038 Simeon
504 2010 551 2045 qui
567 2010 595 2037 in
612 2005 690 2038 ulnas
708 2011 797 2046 ipsum
812 2012 901 2039 adhuc
918 2012 960 2039 in-

172 2055 273 2083 fantem
286 2056 401 2091 accepit,
421 2057 467 2091 qui
478 2058 560 2085 etiam
577 2057 736 2088 cecinerunt
751 2064 783 2084 ea
798 2065 858 2092 quae
874 2058 961 2092 publi-

169 2109 210 2128 cae
225 2102 363 2129 memoriae
375 2103 483 2137 prodita
499 2099 573 2134 sunt,
586 2103 634 2130 sed
648 2110 736 2138 neque
752 2103 809 2138 ipse
830 2103 960 2130 Dominus

171 2151 265 2175 noster
276 2147 391 2176 dixisset
404 2148 512 2183 leproso
529 2158 535 2175 :
555 2157 564 2174 ι
580 2141 641 2181 Abi,
659 2149 774 2188 ostende
786 2153 813 2176 te
825 2149 970 2181 sacerdoti,

170 2196 198 2220 et
222 2193 288 2221 oﬂ‘er
302 2194 479 2226 sacriﬁcium,
491 2195 563 2229 quod
587 2195 716 2230 praecepit
732 2195 819 2223 Moses
838 2196 864 2222 in
885 2196 961 2223 testi-

171 2240 292 2267 monium
308 2241 347 2268 eis
360 2240 395 2273 ³⁷,
414 2251 424 2267 ι
438 2241 460 2268 si
475 2241 521 2268 illo
537 2242 563 2268 in
578 2242 638 2268 loco
649 2250 703 2268 uon
721 2241 791 2268 ultra
805 2242 961 2269 existimas-

170 2289 284 2320 eetquaa
307 2286 340 2313 ad
372 2287 441 2314 ritus
467 2287 594 2322 legesque
618 2285 753 2321 pertinent
781 2290 910 2321 tanquam
933 2286 960 2313 in

171 2336 268 2358 sancto
288 2336 315 2358 et
338 2332 384 2360 Dei
402 2334 547 2367 praesentia
567 2332 649 2367 digno
661 2333 720 2359 loco
734 2332 866 2366 celebrari
879 2339 961 2366 opor-

169 2381 238 2407 tere.
254 2385 343 2412 neque
368 2379 517 2406 tendentes
533 2382 561 2406 et
582 2382 704 2407 ementes
720 2378 833 2413 ejiciens
846 2378 960 2406 dixisset

169 2423 253 2450 verba
267 2423 311 2449 illa
331 2433 337 2450 :
353 2432 363 2448 ‹
382 2423 518 2459 Scriptum
530 2427 583 2455 est,
595 2424 692 2451 domus
704 2432 763 2451 mea
777 2424 875 2451 domus
896 2432 959 2459 ora-

169 2469 255 2496 tionis
270 2470 424 2503 vocabitur,
442 2477 492 2498 vos
508 2475 598 2497 autem
614 2478 673 2498 eam
692 2469 783 2497 facitis
799 2471 957 2505 speluncam

170 2515 309 2542 latronum
325 2515 359 2543 ⁸⁸⁵.
380 2525 388 2541 ι
406 2516 439 2543 Et
463 2524 579 2544 rursus:
608 2526 617 2542 ‹
637 2516 748 2544 Auferte
771 2516 824 2544 ista
840 2517 914 2548 hinc,
931 2520 959 2544 et

170 2561 256 2587 nolite
272 2560 361 2588 facere
376 2560 487 2587 domum
501 2561 594 2588 Patris
606 2561 659 2588 mei
670 2561 780 2588 domum
798 2561 960 2595 negotiatio-

169 2606 214 2633 nis
225 2606 258 2639 ⁸³,
274 2616 283 2632 ι
307 2607 361 2634 nisi
383 2606 474 2634 adhuc
494 2607 574 2642 plane
602 2608 755 2635 censuisset
777 2607 957 2634 venerabilem

170 2659 233 2679 esse
252 2652 342 2679 locum
356 2656 453 2687 putare
475 2658 610 2687 oportere.
636 2653 671 2679 At
694 2653 767 2681 enim
782 2653 829 2680 ubi
850 2653 958 2680 illorum

170 2703 322 2725 extremum
341 2699 432 2725 scelus
448 2699 686 2733 appropinquavit.
707 2702 763 2725 tum
779 2700 872 2726 omnia
887 2698 955 2726 indi-

170 2744 244 2771 cavit
263 2743 357 2771 diccns
377 2753 383 2771 :
406 2753 415 2769 ‹
436 2744 505 2772 Ecce
521 2744 686 2780 relinquitur
703 2743 782 2771 vobis
796 2744 895 2771 domus
912 2752 958 2771 ve-

1000 225 1134 262 μαθηταῖς
1153 225 1201 251 καὶ
1218 222 1387 253 ἀποστόλοις,
1401 221 1449 247 καὶ
1472 221 1528 251 τοῖς
1547 219 1576 252 ἐξ
1594 217 1730 253 Ἐϐραίων
1752 218 1790 248 εἰς

999 272 1080 299 αὑτὸν
1105 270 1316 297 πεπιστευκόσιν
1334 269 1437 299 artam;
1460 266 1534 301 Πλὴν
1560 264 1628 291 ἀλλὰ
1651 264 1701 298 τῆς
1729 263 1792 298 μιᾶς

998 310 1099 353 ταύτης
1113 316 1266 352 ἑϐδομάδος,
1280 314 1339 341 καθ’
1351 314 1384 349 ἣν
1396 313 1580 347 ἐνεδυνάμωσε
1593 311 1642 346 τὴν
1654 309 1792 344 δηλωθεῖ-⁹

1003 371 1052 390 σαν
1067 352 1205 397 Ᾱιαθήκην
1218 362 1274 392 τοῖς
1289 358 1406 390 πολλοῖς,
1422 358 1450 384 ἐν
1465 356 1504 391 τῷ
1518 355 1611 390 ἡμίσει
1623 354 1695 389 ἦρθη
1709 352 1789 379 θυσία

1002 409 1050 435 καὶ
1064 408 1175 443 σπονδὴ,
1188 407 1219 433 τό
1232 415 1262 432 τε
1277 405 1413 441 βδέλυγμα
1432 403 1482 437 τῆς
1495 400 1662 437 ἐρημώσεως
1676 398 1792 434 ἦρξατο·

1002 452 1345 490 ἐπειδήπερμεσαζούσης
1365 450 1415 484 τῆς
1436 448 1583 483 ἑῦδομὰδος
1600 445 1703 479 ταύτης
1727 443 1797 490 μετὰ

1001 500 1047 527 τὸν
1061 489 1146 536 ἥμισυ
1160 500 1206 526 καὶ
1225 498 1319 534 τριετῆ
1340 496 1435 531 χρόνον
1449 495 1497 530 τῆς
1512 492 1687 522 διδασκαλίας
1701 489 1796 536 αὑτοῦῖ

1003 546 1063 572 καθ’
1073 533 1109 572 ’όν
1131 545 1226 580 καιρὸν
1244 533 1376 573 πέπονθε,
1393 542 1424 567 τὸ
1444 539 1643 573 καταπέτασμα
1664 535 1713 563 τοῦ
1731 533 1796 562 ναοῦ

1003 591 1108 627 ἐρράγη
1123 591 1176 617 ἀπὸ
1186 590 1289 617 ἄνωθεν
1301 589 1354 620 ἕως
1365 588 1453 614 κάτω·
1468 586 1506 618 ὡς
1522 585 1550 618 ἐξ
1562 585 1666 611 ἐκείνου
1683 581 1798 616 δυνάμει

1003 637 1086 674 ἦρθαι
1103 637 1132 671 ἐξ
1149 637 1238 664 αὐτῶν
1253 636 1304 671 τὴν
1320 634 1445 669 σπονδὴν,
1462 633 1509 667 καὶ
1522 632 1571 667 τὴν
1585 630 1690 661 θυσίαν,
1706 630 1754 656 καὶ
1766 629 1799 655 τὸ

1005 685 1141 720 βδέλυγμα
1154 683 1204 718 τῆς
1220 681 1385 717 ἐρημώσεως
1397 679 1444 705 ἐπὶ
1454 678 1485 704 τὸ
1503 677 1574 713 ἱερὸν
1587 674 1700 712 ἦρχθαι,
1713 682 1799 701 κατα-

992 729 1135 764 ’λιπούσης
1161 728 1270 758 αὐτοὺς·
1285 727 1404 762 ἐρήμους
1432 723 1483 758 τῆς
1501 721 1632 758 ἀνέκαθεν
1649 721 1689 751 εἰς
1711 721 1799 745 ἐκεῖνο

1005 775 1101 810 καιροῦ
1123 774 1168 800 τὸν
1182 773 1265 803 τόπον
1286 771 1428 809 ἐφορώσης
1441 770 1489 797 καὶ
1504 767 1707 801 ἐπισκοπούσης
1719 765 1800 795 δυνά-

1009 830 1090 857 μεως,
1108 820 1197 855 Μέχρι
1219 818 1284 852 γοῦν
1308 813 1355 844 τοῖ
1377 816 1512 851 σωτηρίου
1529 814 1631 844 πάθους
1653 811 1725 838 εἷναί
1740 820 1801 842 τινα

972 870 993 897 Β
1007 866 1073 893 Θεοῦ
1090 866 1203 900 δύναμιν
1220 862 1423 895 ἐπισκοποῦσαν
1443 861 1474 887 τὸ
1499 860 1569 896 ἱερὸν
1594 858 1684 885 καὶτὸ
1705 858 1801 891 "Arma

1008 915 1062 941 τῶν
1079 914 1163 948 ἁγίων
1176 912 1300 948 ἡγεῖσθαι
1316 912 1460 947 προσήκει.
1479 909 1516 935 Οὺ
1534 907 1588 943 γὰρ
1600 907 1632 933 ἂν
1649 905 1737 936 ἄλλως
1753 904 1802 937 καὶ

1008 961 1088 991 αὐτὸς
1106 960 1163 994 ἅμα
1178 961 1234 990 τοῖς
1255 958 1362 988 πολλοῖς
1381 955 1541 991 συνήδρευεν
1555 954 1583 979 ἐν
1603 952 1642 987 τῷ
1656 950 1735 986 ἱερῷ,
1752 950 1803 981 τὰς

1009 1006 1078 1033 κατὰ
1092 1005 1189 1041 νόμους
1201 1003 1298 1039 ἑορτὰς
1312 1001 1453 1031 ἐπιτελῶν,
1464 1000 1499 1035 μὴ
1510 999 1571 1034 οὐχὶ
1580 998 1621 1024 ἔτι
1633 995 1802 1041 συνεστέντα,

1008 1052 1055 1079 καὶ
1075 1039 1142 1077 Θεοῦ
1157 1046 1225 1076 εἶναι
1243 1049 1316 1081 ἄξιον
1332 1048 1378 1074 τὸν
1401 1047 1481 1073 τόπον
1503 1044 1590 1076 εἰδώς.
1607 1041 1697 1070 Ἦσαν
1710 1039 1758 1068 οὖν
1774 1042 1803 1066 ἐν

1008 1099 1047 1134 τῷ
1064 1097 1129 1133 ἱερῴ
1144 1097 1191 1123 καὶ
1208 1093 1425 1131 προφητεύοντές
1437 1100 1508 1127 ¹ιςινες
1521 1091 1561 1122 εἰς
1578 1090 1666 1116 ἐκεῖνο
1677 1086 1725 1114 τοῦ
1742 1095 1803 1134 ut.-

1011 1131 1067 1180 ροῦ,
1089 1131 1184 1177 ὥσπερ
1203 1142 1287 1167 Ἀννα
1303 1141 1319 1175 ἡ
1341 1139 1476 1174 προφῆτις
1499 1138 1515 1172 ἡ
1538 1136 1587 1163 τοῦ
1605 1134 1737 1168 Φανουὴλ,
1755 1131 1804 1159 καὶ

1008 1179 1119 1225 Συμεὼν
1142 1189 1155 1215 ὁ
1170 1188 1217 1214 ἐπὶ
1231 1187 1281 1219 τὰς
1303 1186 1425 1220 ἀγκάλας
1443 1184 1534 1215 αὐτὸν,
1550 1182 1648 1218 βρέφος
1667 1180 1708 1206 ἑτι
1724 1179 1800 1225 ὅπα,

1008 1223 1108 1265 λαϐὼν,
1121 1234 1145 1259 οῖ
1163 1233 1209 1259 καὶ
1223 1231 1424 1268 προφητεύουσι
1437 1229 1471 1256 τὰ
1482 1226 1731 1264 ἀναγεγραμμένα·
1744 1223 1798 1251 οὐδ’

1009 1280 1042 1307 ἂν
1055 1280 1134 1311 αὐτὸς
1146 1280 1160 1305 ὁ
1171 1278 1273 1314 Κύριος
1284 1277 1361 1313 ἡμῶν
1378 1276 1484 1312 εἰρήκει
1496 1275 1536 1310 τῷ
1552 1273 1654 1310 λεπρίξγ
1665 1272 1803 1304 (“’Υπαγε,

1007 1326 1092 1358 δεῖξον
1109 1325 1219 1352 σεαυτὸν
1234 1324 1272 1360 τῷ
1290 1325 1366 1360 ἱερεῖ,
1383 1324 1429 1350 καὶ
1438 1323 1614 1358 ’προσήνεγκε
1629 1321 1679 1356 τὴν
1696 1319 1802 1349 θυσίαν,

1008 1373 1040 1409 ἢν
1051 1372 1199 1408 προσέταξε
1216 1372 1318 1406 Μωσῆς
1332 1371 1372 1401 είς
1391 1369 1537 1405 μαρτύριον
1553 1369 1655 1399 αὐτοῖς,
1672 1376 1681 1392 ι
1694 1366 1732 1401 μὴ
1745 1365 1804 1399 οὐκὶ

1010 1419 1050 1446 ἐτι
1057 1420 1113 1446 δεῖν
1124 1417 1274 1453 ἡγούμενος
1284 1416 1318 1442 τὰ
1326 1415 1429 1442 κατὰνό
1434 1423 1499 1450 μους
1508 1412 1689 1440 ἐπιτελεῖσθαι
1699 1410 1801 1450 αὐτόθι,

1008 1465 1046 1497 ὡς
1055 1466 1082 1491 ἐν
1097 1464 1168 1499 ἁγίῳ
1181 1463 1228 1490 καὶ
1246 1462 1313 1489 Θεοῦ
1333 1462 1400 1497 ἀξίῳ
1418 1462 1502 1495 τόπῳ·
1515 1460 1568 1486 οὐδ’
1579 1460 1611 1486 ἂν
1621 1460 1687 1490 τοὺς
1702 1458 1802 1492 ἀγορά-

1013 1511 1108 1543 ζοντας
1118 1510 1165 1536 καὶ
1176 1509 1381 1544 πιπράσκοντας
1393 1506 1502 1540 ἐξωθῶν
1510 1506 1595 1540 ἔλεγε·
1608 1515 1617 1530 ‹
1634 1504 1802 1540 Γέγραπται,

1012 1556 1052 1582 ὅτι
1070 1557 1083 1582 ὁ
1104 1554 1177 1587 οἶκός
1193 1563 1243 1590 μου
1265 1552 1339 1585 οἶκος
1363 1552 1518 1589 προσευχῆς
1533 1550 1709 1586 κληθήσεται.
1727 1550 1805 1584 ὑμεῖς

1010 1602 1038 1628 δὲ
1060 1602 1141 1628 αὐτὸν
1164 1602 1264 1628 ποιεῖτε
1290 1599 1420 1635 σπήλαιον
1446 1597 1572 1633 λῃστῶν·
1594 1606 1603 1622 ι
1635 1596 1685 1622 καὶ
1708 1594 1803 1626 αὖθις·

1014 1657 1023 1673 ‹
1031 1648 1131 1683 ’Δρατε
1147 1646 1234 1673 ταῦτα
1248 1645 1436 1677 ἐντεῦθεν,κα“ι
1445 1644 1482 1679 μὴ
1494 1644 1595 1669 ποιεῖτε
1610 1642 1657 1668 τὸν
1671 1639 1746 1668 οἷκον
1758 1639 1805 1666 τοῦ

1010 1693 1117 1730 Πατρός
1134 1702 1184 1728 μου
1198 1691 1271 1719 οἷκον
1288 1691 1436 1728 ἐμπορείου
1447 1699 1454 1705 ·
1478 1700 1487 1715 ι
1507 1690 1531 1716 εἰ
1548 1689 1585 1725 μὴ
1601 1688 1642 1714 ἐτι
1654 1687 1746 1723 τίμιον
1761 1696 1806 1714 σα-

1011 1740 1069 1774 φῶς
1092 1739 1146 1766 δεῖν
1171 1738 1294 1773 ἐνόμιζεν
1318 1736 1519 1772 ὑπολαμϐάνειν
1543 1732 1611 1760 εἶναι
1639 1733 1685 1760 τὸν
1712 1732 1804 1758 τόπον.

1018 1784 1097 1811 Ἀλλὰ
1115 1784 1170 1820 γὰρ
1188 1782 1390 1819 πλησιαζούσης
1403 1781 1493 1808 αὐτῶν
1507 1780 1558 1814 τῆς
1573 1778 1691 1814 ἐσχάτης
1707 1778 1805 1804 δυσσε-

1010 1831 1096 1862 ϐείας,
1117 1829 1185 1866 μετὰ
1202 1829 1288 1856 ταῦτα
1305 1828 1394 1855 πάντα
1410 1826 1570 1861 ἀπεφήνατο
1586 1823 1686 1851 ειτπίιν·
1708 1833 1717 1848 ι
1739 1822 1805 1849 Ἰδοὺ

1010 1877 1119 1911 ἀφίεται
1144 1876 1207 1911 ὑμῖν
1225 1877 1239 1902 ὁ
1263 1873 1337 1907 οἶκος
1363 1873 1440 1909 ὑμῶν
1464 1872 1586 1908 ἐρημοςο
1608 1880 1617 1896 ι
1637 1870 1651 1897 ὃ
1667 1870 1716 1897 καὶ
1739 1868 1806 1896 αὐτὸ

1011 1922 1162 1958 ἐπληροῦτο
1175 1922 1230 1953 ὅτε,
1247 1921 1377 1952 παθόντος
1393 1918 1486 1950 αὑτοῦ,
1497 1918 1527 1944 τὸ
1542 1916 1742 1951 καταπέτασμα
1757 1914 1805 1941 τοῦ

1011 1968 1075 1994 ναοῦ
1100 1967 1160 1994 ὅλον
1185 1967 1219 1993 δι’
1241 1966 1302 1993 ὅλου
1327 1966 1408 2001 μέσον
1435 1964 1551 2002 ιρρἀη,
1569 1962 1708 1998 καθῄρητό
1728 1970 1758 1988 τε
1776 1961 1806 1994 ἐξ

1011 2013 1116 2040 ἐκείνου
1131 2012 1244 2047 δυνάμει
1259 2013 1276 2048 ἡ
1293 2012 1432 2048 προσηνὴς
1450 2010 1489 2046 τῷ
1511 2009 1570 2045 Θεῷ
1593 2009 1664 2036 κατὰ
1684 2008 1735 2044 τὴν
1756 2007 1805 2034 τοῦ

1011 2059 1093 2094 νόμου
1110 2053 1231 2092 διάταξιν
1253 2058 1334 2084 θυσία
1352 2058 1397 2084 καὶ
1421 2056 1531 2091 σπονδὴ.
1548 2054 1583 2091 ἦς
1598 2055 1740 2091 ἀρθείσης,
1757 2055 1806 2080 καὶ

1011 2106 1041 2131 τὸ
1057 2104 1194 2139 βδέλυγμα
1206 2105 1256 2139 τῆς
1268 2103 1444 2140 ἐρημώσεως,
1461 2103 1532 2136 κατὰ
1545 2103 1593 2137 τὴν
1607 2103 1635 2128 ἐν
1649 2102 1728 2137 χερσὶ
1740 2109 1807 2136 προ-

1013 2149 1135 2185 φητείαν,
1150 2148 1353 2184 ἐπηκολούθησε
1368 2147 1407 2182 τῷ
1420 2147 1505 2182 τόπῳ.
1519 2147 1551 2177 Εἰ
1565 2147 1594 2173 δὲ
1613 2147 1659 2173 καὶ
1676 2146 1722 2172 ἐπί
1743 2155 1804 2172 τινα

1012 2196 1105 2231 χρόνον
1123 2195 1288 2232 παραμένειν
1300 2194 1373 2226 εδοξε
1385 2193 1420 2220 τὰ
1431 2194 1482 2229 τῆς
1493 2194 1522 2219 ἐν
1536 2193 1575 2228 τῷ
1591 2193 1667 2228 τόπῳ
1683 2192 1807 2227 λειτουρ-

1012 2243 1084 2276 γίας,
1102 2242 1157 2268 ἀλλ’
1175 2240 1267 2267 οὐκέτι
1283 2249 1315 2275 γε
1332 2240 1418 2267 ταῦτα
1434 2239 1536 2275 ἀρεστὰ
1548 2239 1587 2274 τῷ
1599 2239 1659 2273 Θεῷ
1670 2237 1715 2273 ἦν,
1730 2238 1807 2273 ἀκρί-

1012 2296 1067 2318 τως
1093 2288 1140 2313 καὶ
1162 2286 1192 2312 οὺ
1215 2285 1285 2313 κατὰ
1298 2286 1379 2320 νόμον
1401 2285 1608 2320 ἐπιτελούμενα.
1627 2285 1734 2319 Ὥσπερ
1750 2283 1804 2319 γὰρ

1014 2333 1151 2368 πρόπαλαι
1172 2331 1406 2367 ὲξολοθρευθέντος
1428 2330 1476 2357 τοῦ
1502 2331 1662 2366 χρίσματος,
1687 2331 1735 2362 καὶ
1751 2329 1806 2356 τῶν

1013 2377 1082 2409 κατὰ
1098 2377 1222 2412 διαδοχὴν
1235 2376 1357 2415 νομίμων
1371 2376 1523 2412 ἀρχιερέων
1543 2375 1739 2410 πεπαυμένων,
1753 2374 1806 2411 ᾀπὺ

1014 2425 1064 2459 τῆς
1091 2423 1224 2460 Ὑρκανοῦ
1246 2422 1382 2458 τελευτῆς,
1407 2424 1430 2449 οἱ
1456 2421 1525 2457 μετὰ
1549 2421 1636 2448 ταῦτα
1660 2421 1805 2457 παριόντες

1012 2469 1137 2503 ἀτάκτως
1159 2469 1206 2501 καὶ
1228 2468 1402 2506 παρανόμως,
1421 2468 1531 2495 ἐδόκουν
1550 2468 1599 2502 μέν
1615 2476 1642 2493 τι
1657 2468 1755 2497 ποιεῖν,
1773 2467 1802 2494 οὒ

1014 2516 1066 2551 μὴν
1081 2515 1152 2549 κατὰ
1167 2515 1231 2546 τοὺς
1244 2515 1398 2550 πρέποντας
1415 2513 1548 2549 ἔπραττον
1565 2513 1693 2548 θεσμοὺς,
1710 2513 1743 2539 δι’
1759 2512 1803 2544 οὓς

1013 2563 1059 2595 καὶ
1087 2561 1205 2596 ἔφασκεν
1235 2561 1251 2596 ἡ
1284 2560 1453 2596 προφητείαο
1484 2569 1493 2585 ι
1534 2559 1801 2594 Ἐξολοθρευθήσεται

1012 2608 1126 2644 χρίσμα,
1138 2608 1184 2640 κᾳὶ
1198 2608 1284 2643 κρῖμα
1306 2607 1356 2632 οὐκ
1377 2606 1450 2632 ἔστιν
1472 2607 1501 2632 ἐν
1517 2605 1601 2640 αὐτῷ,
1621 2615 1630 2630 ι
1643 2605 1674 2631 τὸ
1691 2605 1801 2640 ἄκριτον

1012 2654 1058 2680 καὶ
1069 2653 1226 2688 παράνομον
1244 2652 1333 2683 αὐτῶν
1345 2651 1524 2678 διασάλλουσα
1536 2660 1542 2665 ·
1561 2650 1632 2677 οὕτω
1648 2650 1680 2686 δὴ
1698 2650 1744 2677 καὶ
1758 2649 1800 2675 ἐπὶ

1011 2700 1060 2734 τῆς
1078 2699 1172 2731 θυσίας
1189 2699 1236 2729 καὶ
1259 2698 1309 2733 τῆς
1326 2697 1443 2732 σπονδῆς
1469 2696 1670 2732 συμϐεεηκέναι
1694 2697 1799 2731 φήσεις,

1012 2744 1098 2780 ὀρθῶς
1117 2745 1166 2780 μὲν
1183 2745 1230 2775 καὶ
1253 2744 1324 2771 κατὰ
1337 2744 1416 2780 νόμον
1427 2743 1479 2779 πρὸ
1496 2743 1542 2770 τοῦ
1559 2743 1662 2774 πάθους
1681 2742 1729 2770 τοῦ
1744 2742 1798 2769 Σωο

205 2833 229 2849 ⁸⁷
245 2833 340 2861 Matth.
359 2843 423 2868 νιιι,
441 2836 466 2863 4.
506 2837 528 2852 ⁸⁵
546 2836 642 2864 Matth.
660 2844 705 2864 xu
717 2855 725 2869 ,
746 2836 788 2864 i5.
827 2835 850 2853 ⁸⁵
866 2834 945 2863 Joan.
962 2842 1000 2869 tl,
1018 2836 1061 2864 i6.
