3836 6220
234 214 348 270 629

1150 218 1808 279 DEMONSTRATIONIS
1846 218 2310 278 EVANGELICIE
2360 218 2471 273 LIB
2532 217 2668 278 Vili.

3395 216 3501 270 650

230 335 408 404 τῆρος
451 332 611 405 ήμῶν
644 333 1091 408 ἐπιτελουμένης,
1130 337 1218 392 διὰ
1247 339 1347 411 τὴν
1386 341 1557 396 εἰσέτι
1595 342 1717 395 τότε
1759 342 1876 405 τάέ

1930 350 2044 399 stra
2086 342 2304 398 deserta
2341 341 2411 408 ⁶⁰,
2448 360 2467 393 ι
2509 338 2655 411 quod
2689 337 2909 409 quidem
2958 338 3135 410 ipsum
3170 337 3499 406 completum

229 422 349 477 τῶν
378 424 551 492 ἁγίων
576 425 759 480 τόπων
784 427 1069 498 ἐφορῶσαν
1094 428 1344 501 δύναμιν,
1380 433 1825 505 περιαιρεθείσης

228 513 291 567 δέ
318 515 522 569 αὐτίκα
560 516 699 587 μετά
727 518 828 590 τὴν
852 518 1016 572 αὑτοῦ
1050 520 1261 576 τελείαν
1293 523 1387 577 καὶ
1421 523 1698 596 θεοπρεπῆ
1730 523 1826 578 θυ-

231 604 380 669 σίαν,
414 608 482 677 ῆν
516 609 890 679 προσήνεγκεν
930 610 1095 675 αὐτὸς
1117 613 1310 667 ἐαυτὸν
1342 614 1484 686 ὑπὲρ
1515 614 1624 667 τῶν
1644 616 1827 686 ἀμαρ-

228 698 370 754 τιῶν
391 700 572 772 ἡμῶν,
601 701 763 767 αὐτὸς
794 702 871 757 ὣν
911 706 941 759 ό
972 705 1143 777 ἀμνὸς
1173 704 1269 760 τοῦ
1301 705 1459 770 Θεοῦ,
1482 708 1511 759 ὁ
1534 707 1703 779 αἴρων
1726 708 1827 780 τὴν

228 791 512 863 ἁμαρτίαν
521 792 618 847 τοῦ
635 794 864 865 κόσμου,
892 790 961 868 ἦς
976 796 1167 861 θυσίας
1182 799 1347 852 πᾶσιν
1363 797 1670 871 ἀνθρώποις
1687 798 1828 853 κατά

227 882 306 937 τὰ
335 884 503 938 καινά
532 887 807 958 μυστήρια
831 890 932 960 τῆς
957 891 1151 960 καινῆς
1195 889 1472 961 Διαθήκης
1512 888 1832 961 παραδοθεί-

233 992 361 1048 σης,
380 976 453 1032 τά
480 980 581 1050 τῆς
613 978 850 1043 παλαιᾶς
883 978 1204 1053 περιῄρητο.
1243 980 1411 1052 Ὁμοῦ
1448 980 1558 1053 γὰρ
1590 979 1667 1051 τῷ
1690 981 1822 1053 πλη-

234 1068 465 1140 ροῦσθαι
497 1070 560 1125 τὸ
580 1071 788 1142 φάσκον
818 1070 1016 1141 λόγιον,
1058 1092 1077 1125 ι
1108 1072 1218 1126 Καὶ
1236 1072 1828 1145 δυναμώσειΔιαθήκην

229 1162 452 1229 and;
470 1164 705 1237 ἑϐδομὰς
727 1165 841 1238 μία,
855 1163 950 1218 ιτά
970 1164 1071 1236 τῆς
1091 1165 1326 1229 παλαιᾶς
1344 1164 1620 1238 Διαθήκης
1635 1165 1829 1237 περιῄ-

234 1269 392 1325 ρητο.
406 1272 428 1308 ι
447 1255 584 1310 Πότε
597 1256 656 1311 δέ
670 1256 738 1310 τὰ
752 1258 851 1328 τῆς
865 1256 1138 1330 Διαθήκης
1150 1257 1250 1328 τῆς
1264 1256 1459 1328 καινῆς
1477 1255 1825 1327 ἐδυναμοῦτο,

226 1346 266 1419 ἢ
300 1348 393 1401 ὅτε
420 1350 451 1403 ό
488 1349 682 1422 Σωτὴρ
707 1349 803 1404 καὶ
843 1349 1050 1423 Κύριος
1080 1349 1259 1421 ἡμῶν,
1306 1348 1514 1420 μέλλων
1551 1347 1725 1401 τελεῖν
1766 1346 1827 1400 τὸ

233 1439 385 1510 μέγα
427 1443 725 1514 μυστήριον
754 1443 856 1513 τῆς
880 1445 961 1506 είς
990 1442 1083 1497 τὸν
1117 1442 1345 1496 θάνατον
1370 1440 1538 1496 αὑτοῦ
1568 1441 1825 1513 παρόδου,
1863 1496 1880 1516 ο

229 1524 266 1603 ᾖ
321 1532 479 1585 νυκτὶ
537 1532 869 1604 παρεδίδοτο,
904 1533 973 1586 τά
1028 1531 1274 1604 σύμϐολα
1327 1531 1437 1585 τῶν
1483 1535 1604 1586 κατ’
1661 1530 1826 1585 αὐτὸν

228 1622 568 1694 ἀπορρήτων
609 1623 712 1693 τῆς
759 1624 956 1694 καινῆς
1000 1624 1278 1696 Διαθήκης
1307 1623 1481 1693 λόγων
1516 1626 1627 1688 τοῖς
1660 1623 1824 1678 αὑτοῦ

229 1712 525 1811 παρεδίδου
563 1714 866 1787 μαθηταῖςς
900 1714 1036 1786 ὁμοῦ
1058 1715 1167 1787 γὰρ
1197 1715 1350 1769 ταῦτ’
1381 1716 1636 1781 ἐτελεῖτο,
1672 1716 1765 1770 καὶ
1791 1717 1824 1787 ὴ
1856 1756 1900 1811 Β

227 1805 380 1860 κατὰ
406 1807 645 1863 Μωῦσέα
677 1807 882 1862 παλαιά
907 1809 1152 1881 Διαθήκη
1181 1808 1503 1881 περιῄρητα
1538 1809 1675 1881 ὅπερ
1699 1810 1823 1883 ἐδή-

227 1894 330 1951 λου
359 1897 422 1950 τδ
461 1900 858 1972 καταπέτασμα
902 1900 997 1954 τοῦ
1023 1899 1175 1965 ναοῦ,
1215 1900 1358 1955 κατά
1390 1900 1484 1954 τὸν
1530 1901 1692 1955 αὐτὸν
1723 1904 1824 1974 ρη-

226 1988 500 2060 γνύμενον
546 1992 756 2064 χρόνον.
818 1992 1104 2065 Ἀρθείσης
1151 1993 1283 2062 γοῦν
1328 1992 1390 2058 ἐξ
1431 1993 1678 2058 ἐκείνου,
1725 1994 1821 2048 καὶ

225 2080 465 2153 δυνάμει
489 2082 587 2136 καὶ⁵
626 2084 854 2157 ἀληθείᾳ
884 2083 1283 2157 καταλυθείσης
1308 2085 1501 2150 θυσίας
1528 2087 1622 2139 καὶ
1660 2103 1824 2141 σπον-

224 2171 350 2243 δῆς,
379 2173 437 2226 αί
475 2173 615 2244 μετά
642 2173 815 2229 ταῦτα
841 2174 1191 2247 νομιζόμεναι
1219 2176 1408 2231 αὐτόθι
1456 2177 1821 2232 ἐπιτελεῖσθαι

226 2260 423 2316 θυσίαι
446 2264 703 2319 ἄσπονδοι
729 2266 824 2320 καὶ
853 2266 1061 2338 ἀνίεροι
1094 2268 1152 2320 ἐν
1186 2265 1399 2339 βεϐήλῳ
1423 2267 1576 2339 τόπῳ
1602 2268 1695 2322 καὶ
1717 2268 1822 2322 ὑπὸ

230 2353 482 2425 βεϐήλων
513 2358 610 2410 καὶ
646 2358 878 2430 ἀνιέρων
910 2358 1285 2413 ἐπετελοῦντο.
1321 2360 1486 2430 Δέχου
1514 2360 1572 2414 δέ
1605 2360 1823 2426 καὶτὰς

226 2448 365 2520 περὶ
403 2449 608 2504 τούτων
658 2451 920 2523 Ἰωσήπου
977 2452 1311 2524 μαρτυρίας*
1353 2452 1556 2507 «Κατά
1610 2452 1668 2506 δὲ
1721 2453 1820 2524 τὴν

226 2538 448 2613 ἡμέραν
478 2541 582 2612 τῆς
612 2543 992 2615 Πεντηκοστῆς
1015 2542 1234 2616 νύκτωρ
1260 2545 1311 2598 οἱ
1333 2546 1500 2617 ίερεῖς
1528 2544 1823 2617 παρελθόν-

224 2652 328 2700 τες
373 2636 455 2701 είς
494 2636 557 2690 τὸ
597 2636 762 2708 ίερδν,
794 2635 985 2709 ὥσπερ
1029 2637 1214 2702 αὐτοῖς
1259 2637 1379 2702 ἔθος
1425 2633 1515 2709 ἦν,
1549 2639 1684 2710 πρὸς
1722 2639 1822 2704 τὰς

225 2728 598 2799 λειτουργίας,
626 2728 840 2800 πρῶτον
878 2730 976 2801 μὲν
1004 2731 1272 2803 κινήσεως
1306 2730 1510 2800 ἔφασαν
1556 2731 1820 2803 ἀντιλαμ-

223 2818 495 2873 ϐάνεσθαι
527 2819 624 2873 καὶ
659 2819 869 2874 κτύπου
890 2837 904 2852 °
941 2820 1078 2893 μετά
1115 2821 1173 2875 δέ
1196 2820 1371 2877 ταῦτα
1403 2824 1589 2894 φωνῆς
1616 2821 1821 2894 ἀθρόας

223 2908 516 2980 λεγούσης·
543 2910 998 2981 Μεταϐαίνωμεν
1023 2910 1353 2968 ἐντεῦθεν.»
1378 2911 1565 2966 Ταῦτα
1595 2912 1653 2965 δέ
1679 2914 1820 2966 ἱστο-

229 3003 322 3072 ρεῖ
348 3000 490 3071 μετά
505 3000 568 3054 τὺ
588 3001 760 3067 πάθος
791 3003 887 3057 τοῦ
919 3003 1171 3075 Σωτῆρος
1196 3002 1354 3076 ήμῶν
1380 3003 1685 3074 γεγονέναι.
1707 3005 1818 3059 Καὶ

1928 441 2014 489 est
2041 449 2152 504 quo
2184 442 2430 501 tempore
2458 431 2587 486 dum
2634 429 2725 485 ille
2755 429 2907 484 cruci
2959 428 3149 483 afﬁxus
3182 436 3287 492 est,
3319 427 3499 482 vclum

1927 525 2115 597 templi
2149 525 2387 580 medium
2423 530 2540 578 toto
2566 522 2783 594 penitus
2828 522 3131 577 altitudinis
3169 535 3281 575 suae
3325 521 3502 590 spatio

1928 617 2163 672 scissum
2212 623 2319 683 est,
2354 615 2738 684 sublatumque
2780 621 2865 670 est
2910 629 2976 669 ex
3010 615 3124 677 illo,
3158 612 3211 667 vi
3243 611 3501 683 quadam,

1927 708 2040 764 Deo
2076 718 2292 781 gratum
2319 724 2386 764 ex
2434 707 2777 762 institutione
2826 705 2963 776 legis
2995 703 3326 761 sacriﬁcium
3355 711 3409 757 et
3437 702 3504 755 li—

1926 800 2100 866 batio,
2134 816 2242 872 qua
2296 800 2547 863 sublata,
2612 797 2946 853 ahominatio
2995 794 3382 857 desolationis,
3416 808 3503 847 se-

1927 890 2167 947 cundum
2189 907 2307 947 eam
2336 907 2458 962 quae
2482 905 2629 945 nunc
2660 889 2715 943 in
2746 889 3003 945 manibus
3027 896 3132 954 est,
3160 886 3501 959 prOphetiam

1928 981 1985 1036 in
2016 981 2138 1038 loco
2164 983 2258 1037 illo
2285 991 2473 1037 sccuta
2503 989 2607 1037 est.
2639 979 2793 1048 Quod
2832 980 2877 1035 si
2909 996 3007 1051 per
3038 980 3258 1050 aliquod
3285 988 3503 1049 tempus

1928 1089 2251 1144 permanere
2287 1075 2406 1130 visa
2440 1084 2568 1131 sunt
2597 1089 2681 1131 ea.
2723 1088 2845 1142 quae
2873 1072 2939 1127 ad
2983 1071 3319 1128 iunctionem
3346 1072 3497 1125 illam

1939 1167 1997 1220 in
2032 1165 2128 1220 tali
2174 1165 2297 1221 loco
2329 1165 2623 1236 pertinent,
2656 1181 2767 1221 non
2820 1172 3003 1220 tamen
3035 1165 3223 1221 eadem
3268 1163 3503 1234 amplius

1928 1264 2085 1328 grata
2112 1256 2225 1314 Deo
2256 1257 2502 1322 fuerunt,
2536 1261 2739 1329 quippe
2786 1275 2909 1314 cum
2963 1270 3017 1315 et
3048 1258 3167 1314 sine
3210 1256 3421 1327 judicio
3449 1265 3505 1311 et

1926 1356 2124 1419 praeter
2179 1350 2327 1420 leges
2381 1350 2808 1407 celebrarentur.
2840 1350 3003 1423 5.02
3046 1348 3200 1404 Sicut
3232 1347 3379 1403 enim
3405 1363 3502 1402 an-

1928 1449 2048 1508 tea,
2080 1443 2337 1499 unctione
2381 1442 2604 1507 abolita,
2651 1451 2705 1499 et
2753 1444 3011 1514 legitimis
3050 1459 3116 1497 cx
3173 1440 3502 1499 succedendi

1927 1533 2069 1588 serie
2098 1534 2448 1603 pontiﬁcibus
2477 1542 2602 1605 post
2630 1532 2869 1607 Hyrcani
2896 1534 3172 1589 interitum
3197 1532 3497 1603 abrogatis.

1928 1622 2020 1694 qui
2052 1624 2278 1695 posthac
2306 1625 2424 1681 sine
2445 1625 2637 1681 ordine
2663 1635 2717 1681 et
2740 1636 2938 1696 praeter
2965 1627 3108 1697 leges
3130 1625 3196 1680 ad
3222 1625 3352 1679 illud
3384 1641 3504 1678 mu-

1927 1728 2033 1769 nus
2076 1714 2430 1777 accedebant,
2464 1714 2788 1769 videbantur
2819 1713 2895 1767 illi
2928 1712 3148 1784 quidem
3190 1712 3397 1783 aliquid
3427 1711 3506 1765 fa-

1928 1821 2072 1869 cere,
2107 1812 2162 1862 et
2200 1814 2381 1861 tamen
2417 1806 2472 1861 id
2503 1806 2656 1861 nullo
2688 1805 2947 1861 laudabili
2988 1805 3241 1859 instituto
3270 1811 3505 1875 praesta-

1922 1897 2085 1962 bant,
2116 1906 2341 1969 propter
2361 1914 2501 1969 quos
2522 1899 2687 1954 etiam
2718 1897 2858 1953 dixit
2886 1896 3172 1969 prophetia
3197 1914 3210 1952 :
3241 1914 3260 1949 ι
3295 1894 3505 1951 Peribit

1923 1989 2130 2052 unctio,
2154 1988 2492 2059 etjudicium
2526 2004 2636 2044 non
2656 1996 2741 2044 est
2769 1989 2822 2043 in
2863 2003 2960 2054 ea,
2994 2008 3011 2041 ι
3049 1987 3251 2043 talibus
3280 1984 3501 2041 interim

1920 2082 2106 2138 verbis
2145 2082 2484 2152 iudiciorum
2528 2082 2818 2152 legumque
2878 2082 2932 2135 in
2964 2081 3073 2137 illis
3124 2086 3495 2148 contemptum

1922 2189 2192 2231 accusans
2224 2194 2241 2230 :
2272 2174 2346 2229 ita
2375 2175 2542 2231 etiam
2572 2178 2720 2230 circa
2754 2173 3069 2229 libationem
3096 2180 3151 2228 et
3174 2171 3499 2229 sacrificium

1920 2267 2221 2338 contigisse
2258 2266 2573 2333 afﬁrmabis,
2604 2282 2726 2338 quae
2745 2273 2893 2322 recte
2921 2264 3138 2337 quidem
3166 2282 3234 2321 ex
3257 2266 3374 2336 lege
3402 2280 3502 2319 an-

1921 2371 2141 2431 tequam
2185 2358 2440 2415 Salvator
2482 2368 2674 2415 noster
2708 2362 2780 2414 sit
2825 2374 3046 2430 passus,
3080 2357 3504 2413 celebrabantur

1922 2463 2146 2528 propter
2175 2454 2433 2510 virtutem
2480 2456 2631 2510 illam
2661 2471 2784 2526 quae
2822 2455 2890 2510 ad
2917 2453 3051 2510 illud
3083 2470 3260 2525 usque
3288 2461 3503 2523 tempus

1922 2550 2028 2604 loci
2060 2548 2408 2604 sanctitatem
2447 2549 2724 2605 tuebatur.
2756 2547 3026 2604 Caeterum
3072 2556 3129 2605 et
3155 2548 3371 2606 sublata
3420 2556 3502 2603 est

1922 2640 2070 2695 illico
2100 2646 2226 2710 post
2259 2640 2408 2695 illius
2438 2639 2741 2710 perfectum
2775 2639 2993 2712 Deoque
3042 2641 3374 2696 conveniens
3413 2655 3505 2695 sa-

1919 2730 2211 2795 criﬁcium,
2251 2730 2395 2801 quod
2430 2731 2546 2801 ipse
2589 2745 2649 2786 se
2676 2729 2854 2800 ipsum
2888 2746 2987 2800 pro
3021 2729 3261 2801 peccatis
3296 2728 3504 2784 nostris

1929 2822 2147 2883 obtulit.
2178 2836 2303 2876 cum
2346 2821 2467 2892 ipse
2491 2828 2638 2877 esset
2666 2821 2757 2876 ille
2800 2839 2818 2871 ι
2858 2821 3047 2893 Agnus
3079 2819 3172 2875 Dei
3213 2819 3309 2891 qui
3361 2820 3503 2874 tollit

1921 2919 2145 2985 peccata
2179 2912 2367 2967 mundi
2394 2913 2439 2944 “
2478 2932 2490 2968 :
2550 2932 2569 2965 ι
2595 2928 2705 2982 quo
2738 2911 2957 2983 quidem
2991 2911 3263 2969 sacrilicio
3284 2910 3502 2965 cunctis

1924 3003 2240 3059 hominibus
2269 3004 2570 3059 secundum
2601 3019 2741 3058 nova
2765 3002 2901 3059 Novi
2935 3001 3269 3060 Testamenti
3304 3009 3505 3074 myste-

225 3090 398 3146 πάλιν
418 3094 447 3146 ὁ
464 3092 624 3157 αὐτός
638 3111 794 3166 φησι,
820 3113 839 3145 ι
869 3093 1105 3149 Πιλάτον
1124 3094 1217 3149 τὸν
1237 3095 1503 3166 ἡγεμόνα,
1528 3114 1548 3147 ι
1573 3095 1735 3149 αὑτὸν
1754 3095 1819 3169 δὴ
1848 3114 1876 3171 ε

1923 3094 2007 3149 ria
2033 3093 2256 3159 tradita,
2286 3108 2407 3164 quae
2433 3092 2650 3149 Veteris
2675 3094 2897 3165 propria
2919 3101 3077 3149 erant
3098 3093 3315 3150 sublata
3349 3101 3499 3148 sunt.

222 3187 441 3239 ἐκεῖνον
497 3184 587 3238 τὸν
639 3186 734 3239 ἐπὶ
763 3185 860 3239 τοῦ
891 3186 1145 3258 Σωτῆρος
1166 3188 1199 3256 ἡ
1209 3185 1346 3257 μῶν,
1371 3204 1391 3238 ι
1416 3185 1515 3249 τάς
1540 3184 1818 3257 Καίσαρος

222 3277 447 3341 εἰκόνας
470 3278 687 3350 νύκτωρ
721 3280 800 3343 είς
815 3279 877 3333 τὸ
894 3278 1210 3350 ίερὸν,ὅπερ
1224 3280 1323 3332 οὐκ
1341 3273 1409 3351 ἦν
1430 3277 1609 3349 θέμις,
1646 3278 1819 3332 είσκο-

229 3371 416 3443 μίσαι,
439 3371 702 3443 μεγίστην
726 3372 1053 3445 τεταραχὴν
1069 3412 1085 3438 ,
1114 3370 1347 3443 θορύϐου
1371 3388 1433 3425 τε
1461 3371 1556 3426 καὶ
1576 3370 1819 3434 στάσεως

223 3463 603 3536 ἐμϐεϐλῆσθαι
646 3467 761 3528 τοῖς
792 3463 1087 3526 Ἰουδαίοις.
1120 3484 1138 3517 ι
1175 3462 1326 3517 Αύτά
1352 3463 1417 3535 δὴ
1449 3462 1624 3517 ταῦτα
1651 3462 1748 3517 κα)⁸
1787 3462 1819 3515 ό

219 3557 406 3611 Φίλων
458 3558 871 3630 συμμαρτυρεῖ,
912 3575 931 3609 ι
960 3556 1074 3621 Τὰς
1129 3555 1371 3628 σημαίας
1420 3556 1647 3627 φάσκων
1718 3554 1818 3619 τὰς

227 3647 519 3720 βασιλικὰς
540 3648 634 3701 τὸν
654 3646 885 3703 Πιλᾶτον
910 3646 1127 3719 νύκτωρ
1154 3647 1213 3699 ἐν
1239 3644 1319 3716 τῷ
1355 3644 1486 3717 ίερῷ
1515 3642 1814 3709 ἀναθεῖναι,

222 3741 407 3812 ἀρχήν
436 3734 498 3793 τε
523 3738 766 3794 στάσεων
794 3738 890 3793 καὶ
914 3737 1210 3810 συμφορῶν
1235 3736 1552 3808 ἐπαλλήλων
1580 3734 1639 3801 ἐξ
1672 3735 1816 3790 ἐκεί-

224 3849 326 3885 νου
373 3833 487 3895 τοῖς
541 3831 815 3895 Ἰουδαίοις
858 3832 1177 3902 συμπεσεῖν.
1210 3829 1333 3884 »ού
1415 3828 1656 3884 διέλιπον
1723 3822 1816 3882 οῦν

225 3925 419 3979 ἔκτοτε
463 3924 525 3977 τὸ
578 3926 688 3978 πᾶν
740 3923 893 3987 ἐθνος
945 3924 1040 3977 καὶ
1090 3923 1190 3995 τὴν
1252 3922 1583 3994 μητρόπολιν
1637 3920 1817 3995 αὐτῶν

227 4013 506 4091 παντοίων
561 4014 747 4068 κακῶν
812 4012 1212 4077 ἐπαναστάσεις
1270 4012 1376 4078 ἕως
1427 4012 1520 4066 τοῦ
1582 3993 1815 4067 ὑστάτου

226 4108 352 4160 κατ’
393 4106 573 4161 αὐτῶν
615 4106 876 4178 πολέμου.
920 4106 1016 4159 καὶ
1056 4106 1157 4176 τῆς
1194 4105 1430 4176 ἐσχάτης
1475 4105 1814 4183 πολιορκίας,

226 4198 355 4254 καθ’
391 4201 458 4271 ἢν
485 4200 760 4263 παντοίοις
790 4200 1155 4271 ἀφανισμοῖς,
1202 4198 1362 4270 λιμοῦ
1395 4216 1453 4251 τε
1497 4198 1590 4252 καὶ
1626 4196 1813 4268 λοιμοῦ

226 4293 327 4345 καὶ
370 4292 666 4364 μαχαίρας,
695 4289 1139 4362 καταποντισμοῦ
1178 4290 1334 4362 δίκην
1360 4289 1453 4344 τοῦ
1480 4291 1601 4345 κατ’
1635 4289 1816 4343 αὐτῶν

224 4383 453 4456 ὀλέθρου
478 4384 898 4458 συρρεύσαντος,
931 4384 1132 4448 πάντες
1163 4384 1214 4436 οί
1245 4384 1685 4446 κατασυστάντες
1719 4381 1814 4435 τοῦ

1925 3185 2126 3241 Eodem
2149 3186 2295 3242 enim
2318 3193 2564 3256 tempore
2593 3194 2647 3241 et
2678 3186 2966 3241 oraculum
2997 3184 3135 3240 illud
3168 3184 3501 3256 completum

1924 3285 2007 3334 est
2041 3298 2056 3335 :
2093 3297 2111 3330 ι
2161 3277 2227 3333 Ει
2279 3276 2630 3333 confirmabit
2686 3284 2907 3349 pactum
2964 3276 3154 3332 multis
3200 3276 3503 3334 hebdomas

1924 3386 2056 3437 una,
2088 3379 2145 3425 et
2195 3386 2317 3442 quae
2367 3371 2434 3426 ad
2465 3369 2632 3425 Vetus
2656 3368 3068 3425 Testamentum
3100 3375 3348 3441 spectant
3372 3368 3495 3424 sub-

1924 3462 2032 3518 lata
2063 3471 2212 3519 sunt.
2248 3483 2267 3516 »
2302 3463 2571 3519 Caeterum
2596 3462 2817 3534 quando
2854 3462 3075 3518 tandem
3122 3477 3245 3533 quae
3290 3461 3359 3516 ad
3392 3459 3507 3515 No-

1922 3570 2051 3610 vum
2110 3556 2383 3624 pertinent
2406 3553 2821 3610 Testamentum
2855 3562 2988 3611 sunt
3015 3553 3362 3618 conﬁrmata,
3393 3554 3501 3609 nisi

1923 3659 2049 3699 cum
2081 3642 2332 3699 Salvator
2361 3659 2425 3700 ac
2448 3642 2715 3699 Dominus
2749 3652 2937 3699 noster
2970 3659 3168 3715 magno
3202 3644 3295 3699 illo
3325 3645 3410 3699 sui
3433 3643 3501 3698 ad

1923 3748 2151 3792 mortem
2200 3752 2460 3793 accessus
2514 3736 2778 3809 mysterio
2823 3736 3135 3800 iuncturus,
3186 3751 3297 3808 qua
3342 3746 3503 3791 nocte

1923 3830 2266 3896 tradebatur,
2308 3831 2651 3886 occultarum
2703 3836 2759 3885 et
2787 3829 2856 3884 ad
2905 3829 3084 3900 ipsum
3113 3821 3500 3905 'spectantium

1922 3920 2059 3976 Novi
2102 3920 2438 3977 Testamenti
2468 3921 2743 3975 rationum
2777 3919 2934 3992 signa
2965 3927 3020 3979 et
3050 3926 3210 3981 notas
3257 3919 3374 3975 suis
3415 3918 3502 3972 di—

1924 4014 2152 4083 scipulis
2188 4012 2450 4069 tradidit?
2481 4014 2671 4069 eodem
2705 4012 2853 4065 enim
2885 4020 3129 4080 tempore
3157 4017 3212 4069 et
3240 4009 3357 4065 haec
3384 4024 3503 4081 pcr-

1925 4104 2063 4160 fecta
2094 4112 2246 4169 sunt,
2289 4112 2345 4161 et
2379 4120 2410 4160 a
2443 4103 2593 4161 Mose
2622 4102 2959 4173 descriptum
2992 4100 3160 4158 Vetus
3190 4100 3506 4158 Testamen—

1924 4206 2036 4250 tum
2066 4197 2342 4254 sublatum
2385 4206 2487 4262 εει,
2519 4213 2682 4268 quam
2734 4213 2848 4254 rem
2879 4196 3040 4268 plane
3069 4196 3369 4251 declaravit
3409 4210 3503 4249 ve-

1922 4288 2032 4341 lum
2068 4289 2252 4358 templi
2275 4289 2418 4360 quod
2440 4267 2549 4359 per
2564 4289 2707 4344 idem
2734 4267 2948 4370 templis
2974 4287 3206 4343 scissum
3229 4295 3332 4343 est.
3357 4285 3502 4342 Sub-

1922 4380 2035 4433 lato
2087 4379 2253 4451 igitur
2287 4396 2356 4436 ex
2404 4383 2498 4436 illo
2531 4381 2814 4457 deinceps,
2843 4391 2899 4438 et
2931 4400 3041 4439 non
3070 4382 3253 4437 minus
3285 4396 3345 4436 re
3373 4395 3498 4435 vcra

227 4474 487 4546 Σωτῆρος
519 4474 678 4547 ἡμῶν
716 4473 916 4546 ἡϐηδὸν
941 4473 1284 4542 ἐξεκόπησαν
1303 4491 1316 4505 ’
1351 4476 1441 4528 ὅτε
1469 4475 1564 4528 καὶ
1595 4473 1656 4527 τὸ
1694 4472 1816 4543 βδέ-
1850 4482 1876 4537 Ῑ

1924 4488 2088 4542 quam
2120 4474 2211 4534 vi.
2251 4474 2434 4529 soluto
2476 4474 2751 4553 sacriﬁcio
2784 4491 2848 4531 ac
2877 4476 3158 4539 libatione,
3195 4489 3316 4544 qua:
3343 4480 3500 4544 post-

223 4566 415 4638 λυγμα
453 4567 555 4637 τῆς
586 4565 922 4639 ἐρημώσεως
951 4567 1045 4621 ἐπὶ
1076 4566 1136 4620 τὸ
1172 4566 1315 4639 ἱερὸν
1355 4565 1507 4636 ἔστη,
1545 4564 1574 4619 ὃ
1599 4565 1695 4618 καὶ
1734 4566 1814 4628 είς

220 4658 389 4730 δεῦρο
435 4658 731 4730 διέμεινεν,
787 4659 1058 4731 ὁσημέραι
1116 4660 1209 4712 ἐπὶ
1250 4658 1313 4712 τὸ
1352 4661 1535 4729 χεῖρον
1576 4657 1813 4730 ἐρημίας

223 4749 471 4804 ἐλαῦνον.
512 4751 674 4815 Εἰκὸς
704 4750 761 4806 δὲ
794 4752 889 4805 καὶ
927 4750 1215 4804 ἐπιτείνειν
1243 4750 1377 4804 αὐτὸ
1402 4749 1561 4821 μέχρι
1589 4749 1689 4820 τῆς
1717 4747 1810 4801 τοῦ

223 4842 348 4913 βίου
372 4842 699 4908 συντελείας,
732 4841 876 4896 κατὰ
903 4842 995 4896 τὸν
1027 4842 1133 4896 ὑπὸ
1168 4841 1269 4911 τῆς
1307 4841 1644 4915 προφητείας
1683 4842 1830 4907 ἀποτ,

219 4933 503 5005 φανθέντα
526 4936 689 5007 ὅρον,
758 4935 1009 5007 φήσαντα
1032 4951 1047 4965 ·
1123 4954 1141 4987 ι
1176 4935 1289 4988 Καὶ
1339 4933 1445 4998 ἕως
1502 4933 1826 5013 συντελείας

220 5025 423 5098 καιροῦ
475 5027 755 5081 συντέλεια
812 5026 1098 5099 δοθήσεται
1152 5026 1246 5079 ἐπὶ
1274 5025 1372 5098 τὴν
1437 5026 1749 5097 ἐρήμωσινο
1786 5046 1823 5093 ι,

218 5120 420 5190 ἥντινα
464 5119 648 5191 φωνὴν
700 5121 730 5173 ό
773 5118 966 5190 Σωτὴρ
1016 5118 1110 5172 καὶ
1147 5116 1353 5189 Κύριος
1405 5104 1575 5191 ήμῶν
1603 5116 1811 5190 Ἰησοῦς

218 5187 257 5262 ό
278 5187 515 5282 Χριστδς
558 5187 1002 5281 ἐπεσφραγίσατο
1030 5207 1198 5262 εἰπών
1217 5187 1247 5234 ’ἡ
1292 5187 1457 5261 (⁸οτδῖ
1480 5207 1546 5283 ἀν
1571 5208 1628 5275 δὲ
1664 5187 1811 5277 ἴδητε

220 5301 288 5356 τὸ
332 5300 607 5373 βδέλυγμα
644 5301 743 5373 τῆς
795 5298 1159 5372 ἐρημώσεως,
1193 5299 1255 5353 τὸ
1298 5299 1469 5372 ῥηθέν,
1497 5299 1587 5352 διά
1615 5298 1812 5370 Δανιὴλ

219 5393 322 5449 τοῦ
349 5394 653 5465 προφήτου,
682 5391 853 5456 ἐστὼς
887 5394 946 5446 ἐν
966 5391 1117 5463 τόπῳ
1144 5392 1305 5463 ἁγίῳ,
1340 5392 1461 5454 τότε
1488 5389 1806 5460 γινώσκετε,

218 5487 310 5543 ὅτι
352 5486 582 5558 ﬁntst
625 5488 658 5557 ή
701 5486 982 5558 ἐρήμωσις
1024 5484 1215 5555 αὐτῆς.
1253 5502 1271 5535 ι
1303 5484 1367 5537 Εἰ
1412 5483 1469 5537 δὲ
1504 5482 1810 5547 δυσπίστως

298 5665 347 5701 ’⁸
390 5662 581 5721 Matth.
612 5680 750 5721 um
773 5704 789 5734 ,
822 5662 913 5722 '58.
972 5665 1016 5697 ⁹¹
1055 5661 1217 5720 Joan.
1252 5679 1307 5732 ι,
1331 5661 1426 5718 29.

1922 4562 2026 4618 hac
2077 4544 2538 4645 existimabantur
2591 4543 2702 4621 illic
2762 4567 2950 4639 perlici
3014 4567 3284 4624 sacriﬁcia
3314 4606 3330 4630 ,
3382 4565 3501 4621 sine

1920 4654 2120 4726 gratia,
2149 4656 2315 4731 rebus
2344 4658 2520 4714 sacris
2552 4659 2730 4713 aliena
2751 4699 2766 4724 ,
2799 4659 2854 4713 in
2890 4659 3121 4730 profrno
3155 4657 3276 4715 loco
3307 4673 3338 4711 a
3372 4672 3502 4727 pro-

1920 4744 2065 4807 fanis
2093 4755 2199 4823 e_t.a
2234 4764 2294 4804 re
2331 4765 2489 4806 sacra
2517 4751 2713 4807 alienis
2744 4750 3190 4822 perﬁciebantur.
3228 4750 3500 4807 Caeterum

1920 4834 2005 4913 his
2034 4834 2104 4891 de
2151 4838 2315 4895 rebus
2359 4840 2523 4894 etiam
2578 4838 2798 4911 Josephi
2847 4840 3224 4897 testimonium
3258 4840 3495 4909 accipe:

1923 4947 1943 4979 ι
1981 4927 2101 4999 Ipso
2155 4939 2335 4987 autem
2384 4932 2471 4988 die
2505 4933 2862 4991 Pentecostes
2904 4942 3071 4991 noctu
3101 4933 3414 4991 sacerdotes
3441 4934 3498 4989 in

1919 5024 2179 5093 templum
2213 5025 2472 5097 ingrcssi,
2510 5029 2651 5083 sicut
2696 5020 2779 5084 éis
2824 5035 3117 5093 moserat,
3147 5028 3215 5083 ad
3268 5042 3496 5081 munera

1916 5114 2190 5185 obeunda,
2211 5119 2445 5188 primum
2468 5120 2686 5190 quidem
2719 5136 2778 5176 se
2803 5128 3013 5176 motum
3038 5120 3329 5191 quemdam
3360 5125 3496 5175 stre-

1919 5205 2203 5277 pitumque
2247 5209 2490 5265 sensisse
2535 5210 2813 5274 dixerunt,
2850 5211 3047 5266 deinde
3097 5224 3228 5265 vero
3258 5209 3495 5265 subitam

1918 5312 2108 5352 vocem
2152 5300 2350 5356 crebro
2388 5310 2753 5372 repetentem,
2790 5302 3078 5373 Migremus
3120 5301 3260 5355 hinc.
3312 5320 3332 5354 ι
3373 5299 3498 5355 llaec

1918 5397 2098 5445 autem
2130 5390 2221 5448 ille
2268 5394 2461 5449 scribit
2501 5393 2644 5449 facta
2677 5411 2801 5452 esse
2828 5403 2951 5465 post
2978 5394 3285 5449 Salvatoris
3315 5399 3493 5447 nostri

1920 5492 2170 5540 mortem.
2199 5482 2416 5542 Rursus
2447 5485 2590 5543 idem
2610 5489 2682 5542 ait
2709 5507 2721 5543 :
2744 5507 2760 5539 ι
2790 5485 3026 5543 Pilatum
3055 5486 3397 5559 praesidem”
3424 5486 3499 5558 ip-
