3836 6220
382 225 484 284 651

383 363 507 402 sum
539 347 728 416 utique
748 345 899 401 illum
919 345 1011 416 qui
1036 356 1282 417 tempore
1303 345 1607 402 Salvatoris
1627 347 1801 401 nostri
1827 361 1966 416 prae-
1995 379 2039 435 Α

381 437 508 502 fuit,
539 455 557 488 ι
584 437 819 493 noctuin
843 438 1099 508 templum
1129 446 1319 492 contra
1335 437 1417 491 Fas
1446 438 1711 507 imagines
1731 436 1964 493 Caesaris

383 529 659 595 intulisse,
682 529 843 602 403
868 545 1230 600 magnamque
1254 531 1716 601 perturbationem
1739 531 1965 586 seditio-

383 622 470 676 nis
514 633 677 692 atque
702 623 970 677 tumultus
999 619 1203 676 Judaeis
1237 620 1518 691 injecisse.
1554 641 1572 674 ι
1607 621 1809 677 Eadem
1849 622 1963 677 haec

379 716 546 768 etiam
595 713 754 771 Philo
799 714 1108 778 conﬁrmat,
1145 715 1237 785 qui
1287 719 1362 770 ait
1398 735 1412 770 :
1464 715 1663 787 Regias
1699 717 1963 788 imagines

383 805 620 862 Pilatum
653 815 824 863 noctu
857 807 911 861 in
953 809 1158 879 templo
1192 809 1429 872 dicasse,
1453 806 1784 878 initiumque
1812 809 1962 864 sedi-

380 901 591 955 tionum
635 908 691 956 et
724 909 1036 956 mutuarum
1095 903 1235 956 inter
1286 901 1437 972 ipsos
1470 903 1864 967 calamitatum,
1893 919 1961 958 ex

380 992 474 1046 illo
505 989 708 1047 Judzeis
741 991 1031 1050 accidisse.
1065 991 1184 1046 Non
1223 991 1508 1047 desierunt
1557 1007 1687 1062 ergo
1734 993 1962 1064 posthac

376 1097 500 1151 quae
524 1082 832 1142 universam
863 1089 1076 1153 gentem
1105 1081 1532 1153 eorumdemque
1552 1084 1850 1153 principem
1882 1084 1962 1138 ei.

378 1175 601 1230 vitatem
652 1175 975 1230 invaderent
1011 1176 1190 1229 omnis
1224 1176 1443 1246 generis
1475 1177 1640 1237 mala,
1675 1193 1848 1245 usque
1892 1176 1958 1232 ad

383 1263 638 1317 ultimum
674 1265 806 1319 illud
833 1264 977 1334 quod
1011 1274 1200 1318 contra
1232 1265 1356 1320 illos
1381 1272 1590 1334 gestum
1619 1274 1703 1320 est
1732 1265 1954 1327 bellum,

376 1355 948 1422 extremamqueillam
966 1354 1324 1416 obsidionem,
1342 1356 1394 1408 in
1417 1369 1522 1425 qua
1536 1354 1716 1408 omnis
1739 1355 1956 1423 generis

377 1444 848 1499 internecionibus
875 1486 888 1508 ,
925 1456 979 1500 et
1012 1445 1171 1502 famis
1217 1456 1269 1500 et
1311 1447 1656 1517 pestilentiae,
1683 1453 1736 1500 et
1769 1446 1952 1515 gladii,
1989 1483 2003 1500 .

375 1551 499 1589 cum
524 1537 793 1608 pernicies
815 1539 1079 1593 adversus
1095 1554 1190 1594 eos
1205 1539 1394 1592 diluvii
1415 1538 1588 1594 instar
1623 1536 1950 1600 conﬂueret,

375 1644 568 1684 oumes
586 1631 898 1701 quicunque
911 1629 1174 1686 adversus
1190 1629 1525 1685 Salvatorem
1553 1639 1799 1684 nostrum
1821 1646 1953 1684 con-

376 1720 737 1788 spiraverant,
769 1721 1148 1792 cujuscunque
1169 1722 1566 1787 essentmtatis,
1591 1723 1757 1777 excisi
1784 1732 1910 1776 sunt
1937 1742 1948 1782 ;
1987 1744 2026 1796 Β

373 1826 482 1882 quo
508 1826 639 1867 sane
664 1820 908 1883 tempore
931 1814 1093 1868 etiam
1125 1813 1482 1870 desolationis
1499 1814 1645 1868 illius
1670 1815 1952 1869 abomina-

373 1904 449 1958 tio
471 1904 524 1957 in
560 1904 761 1974 templo
783 1905 1089 1968 constituit,
1111 1922 1231 1974 qua:
1266 1906 1484 1976 quidem
1511 1906 1576 1960 ad
1602 1907 1749 1960 hunc
1779 1922 1952 1976 usque

372 1993 515 2050 diem
553 1997 854 2066 permansit
894 1997 1125 2066 singulis
1153 1998 1347 2053 diebus
1380 1998 1434 2051 in
1465 1996 1792 2052 deteriorem
1821 1997 1951 2050 soli-

373 2089 619 2144 tudinem
649 2104 934 2145 corruens.
983 2089 1090 2143 Par
1127 2098 1308 2144 autem
1342 2100 1427 2145 est
1459 2104 1578 2144 eam
1627 2088 1812 2143 itidem
1857 2106 1949 2145 us~

371 2195 478 2248 que
525 2179 590 2233 ad
638 2180 764 2235 vita:
813 2181 1343 2236 consummationem
1399 2181 1741 2241 duraturam,
1791 2179 1946 2248 juxta

369 2269 662 2324 terminum
692 2286 852 2340 quem
887 2271 1176 2341 prophetia
1210 2272 1565 2333 indicaverat,
1589 2270 1698 2324 illis
1721 2270 1904 2325 verbis
1931 2291 1969 2330 ε,

373 2378 394 2410 ι
433 2360 496 2414 Et
525 2377 697 2431 usque
727 2362 792 2416 ad
829 2363 1360 2419 consummationem
1395 2363 1660 2433 temporis
1684 2378 1947 2417 consum-

367 2452 536 2507 matio
567 2451 787 2507 dabitur
827 2453 880 2507 in
930 2452 1306 2519 solitudinem,
1347 2472 1366 2506 ι
1399 2468 1563 2522 quam
1597 2468 1786 2508 vocem
1825 2453 1948 2507 Sal-

365 2552 524 2599 vator
552 2559 616 2599 ac
656 2543 923 2601 Dominus
955 2553 1142 2602 noster
1185 2543 1347 2600 Jesus
1377 2544 1630 2600 Christus
1660 2545 1818 2615 quasi
1865 2546 1944 2600 si-

363 2651 472 2707 gno
527 2637 796 2706 impresso
845 2636 1190 2692 conﬁrmavit
1244 2637 1436 2692 dicens
1473 2655 1486 2690 ε
1527 2655 1545 2688 ι
1589 2635 1726 2691 Cum
1759 2644 1942 2690 autem

368 2729 610 2784 videritis
639 2730 1104 2784 ahominatiouem
1131 2729 1510 2793 desolationis,
1537 2745 1658 2799 quae
1687 2728 1835 2783 dicta
1859 2736 1944 2784 est

362 2837 460 2893 per
490 2821 766 2877 Dauielem
804 2821 1122 2891 prophetam
1165 2828 1399 2876 stantem
1442 2820 1494 2875 in
1544 2821 1665 2876 loco
1699 2830 1891 2876 sancto
1925 2840 1938 2874 :

361 2920 494 2967 tunc
516 2913 710 2967 scitote
733 2913 878 2981 quod
905 2913 1366 2982 apprOpinquavit
1390 2911 1657 2973 desolatio
1680 2913 1800 2981 ejus
1823 2913 1888 2966 ”.
1916 2931 1934 2964 ι

360 3005 518 3071 Quod
549 3007 592 3060 si
621 3003 794 3060 Judaei
826 3021 933 3060 non
960 3007 1183 3061 credere
1212 3021 1270 3061 se
1295 3004 1401 3060 ista
1430 3004 1819 3074 respondeant,
1851 3020 1941 3058 ar—

1027 227 1296 284 EUSEBll
1331 224 1818 283 CESARIENSIS
1857 226 2008 282 OPP.
2053 225 2236 282 PARS
2277 224 2339 281 ιι.
2374 260 2444 267 —-
2481 225 2984 284 APOLOGETICA.

3558 227 3665 282 633

2067 346 2207 418 πρὸς
2234 345 2407 400 ταῦτα
2431 345 2602 416 ἔχοιεν
2625 347 2674 398 οἱ
2705 347 2769 399 ἐκ
2797 345 3115 417 περιτομῆς,
3146 342 3432 412 ἐλεγκτέον
3457 342 3660 404 αὐτοὺς

2073 439 2146 509 μὴ
2187 438 2347 509 μόνον
2375 438 2609 502 ἀναιδῶς
2647 437 2784 509 πρὸς
2819 437 2886 490 τὰ
2918 437 3092 508 ἀληθῆ
3131 436 3226 491 καὶ
3261 435 3470 506 ἐναργῆ
3507 434 3668 488 ἱστα-

2070 529 2299 600 μένους,
2351 529 2488 584 ὰλλὰ
2533 530 2629 583 καὶ
2680 529 2782 593 τὰς
2830 529 3164 602 προρρήσεις
3201 527 3279 590 ὡς
3298 527 3560 596 ψευδεῖς,
3603 524 3664 580 τὸ

2064 622 2186 674 ὅσον
2237 622 2324 674 ἐπ’
2371 623 2586 685 αὐτοῖς,
2650 619 3070 684 διαϐάλλοντας,
3135 620 3249 687 εἴγε
3296 618 3355 671 αί
3415 619 3519 687 μὲν
3583 618 3665 680 εἰς

2064 713 2434 784 ἐϐδομήκοντα
2473 714 2770 785 ἑϐδομάδας
2797 712 2932 766 ἐτῶν
2954 712 3048 766 τὸν
3077 712 3255 766 πάντα
3276 708 3664 782 περιορίζουσι

2063 805 2274 877 χρόνον,
2308 805 2376 859 τὰ
2403 808 2461 858 ὲν
2493 806 2571 876 τῷ
2604 805 2809 877 μεταξὺ
2847 802 3238 875 συμϐησόμενα
3271 801 3661 866 θεσπίζουσαι·

2063 899 2119 950 αἱ
2163 898 2239 962 δὲ,
2284 898 2465 967 σχεδὸν
2497 897 2598 968 ἤδη
2632 895 2904 967 χιλιοστοῦ
2951 894 3105 959 ἔτους
3146 893 3254 948 ἀπὸ
3294 892 3399 962 τῆς
3434 907 3664 964 προφη-

2061 989 2211 1052 τείας
2253 989 2349 1042 καὶ
2387 989 2466 1051 εἰς
2495 989 2644 1059 ἡμᾶς
2684 986 3026 1050 ἐλαύνοντος,
3071 985 3224 1038 οὐδὲν
3256 983 3365 1036 τῶν
3397 997 3666 1053 γεγραμ-

2065 1077 2241 1148 μένων
2273 1077 2494 1147 γεγονὸς
2526 1076 2951 1140 ἐπιδείκνυνται,
2983 1076 3158 1130 καίτοι
3179 1071 3664 1144 ἐξολοθρευθέντθς

2060 1170 2239 1222 αὐτῶν
2287 1169 2380 1223 τοῦ
2419 1170 2755 1241 χρίσματος,
2796 1166 2939 1222 κατὰ
2988 1166 3086 1238 τὴν
3130 1165 3278 1219 θείαν
3319 1165 3661 1235 πρόρρησιν,

2061 1258 2268 1312 καὶτοῦ
2299 1259 2643 1329 ἁγιάσματος
2681 1257 2880 1322 αὐτῶν,
2909 1257 3006 1310 καὶ
3049 1255 3155 1309 τῶν
3182 1254 3310 1325 πρὶν
3345 1253 3663 1324 οἰκητόρων

2058 1351 2465 1422 διαφθαρέντων
2515 1353 2610 1405 καὶ
2648 1351 2989 1404 ἐκκοπέντων
3026 1351 3083 1402 ὲν
3124 1344 3502 1416 κατακλυσμῷ
3557 1362 3662 1398 που

2058 1444 2224 1515 λέμου
2257 1461 2526 1515 συντετμη
2538 1444 2697 1514 μένου
2727 1444 3072 1512 ἀφανισμοῖς,
3102 1441 3194 1494 καὶ
3219 1440 3314 1493 τοῦ
3339 1457 3404 1508 γε
3432 1439 3661 1492 πάν-τεὼ

2059 1535 2494 1606 παραδοξοτάτου
2547 1536 2713 1588 εἰσέτι
2763 1533 2856 1588 νῦν
2908 1533 3097 1587 αὐτόθι
3147 1532 3458 1604 ὁρωμένου·
3508 1530 3664 1596 λέγω

2056 1625 2120 1698 δὴ
2150 1626 2245 1680 τοῦ
2277 1626 2642 1697 βδελύγματος
2676 1627 2774 1697 τῆς
2815 1624 3149 1697 ἐρημώσεως
3179 1625 3257 1686 είς
3285 1621 3448 1692 δεῦρο
3482 1619 3662 1673 ἑστῶ-

2057 1736 2147 1781 τος
2176 1719 2233 1771 ἐν
2261 1717 2340 1788 τῷ
2370 1718 2500 1790 πρὶν
2531 1719 2674 1790 ἁγίῳ
2696 1718 2876 1789 τόπῳ,
2908 1717 3038 1788 περὶ
3060 1711 3121 1770 οὗ
3152 1715 3248 1768 καὶ
3274 1717 3303 1769 ὁ
3327 1713 3530 1784 Σωτὴρ
3562 1711 3662 1766 καὶ

2055 1809 2259 1881 Κύριος
2295 1809 2453 1881 ἡμῶν
2478 1809 2578 1872 τὰς
2613 1807 2931 1874 ἐκτεθείσας
2975 1808 3259 1880 προήκατο
3299 1805 3508 1874 φωνάς.
3553 1798 3660 1856 Ὧν

2054 1901 2240 1970 σαφῶς
2280 1902 2377 1954 ὑπ’
2419 1901 2722 1972 ὀφθαλμοῖς
2775 1899 3069 1972 ὁρωμένων
3130 1901 3261 1970 ἡμῖν
3307 1897 3478 1950 είσέτι
3529 1895 3654 1957 νῦν,

2053 1994 2331 2064 θαυμάσαι
2361 1993 2477 2047 ἔστι
2512 1994 2642 2057 τοὺς
2675 1997 2739 2046 ἐκ
2781 1992 3085 2065 περιτομῆς
3105 2033 3118 2055 ,
3149 1992 3248 2062 οὐχ
3279 1988 3453 2052 οὕτως
3499 1990 3658 2042 ἀντι·-

2053 2085 2274 2138 6λέπειν
2305 2088 2419 2150 τοῖς
2442 2087 2694 2156 ἐναργέσι
2723 2084 3056 2156 τολμῶντας,
3087 2085 3211 2137 ὅσον
3237 2081 3653 2145 ἀϐλεπτοῦντας

2049 2181 2145 2233 καὶ
2182 2179 2280 2250 τὴν
2317 2179 2557 2233 διάνοιαν
2614 2177 3054 2248 ἐσκοτωμένους,
3108 2174 3245 2245 πρὸς
3278 2173 3338 2227 τὸ
3391 2174 3466 2244 μὴ
3509 2174 3653 2244 ὁρᾷν

2050 2273 2114 2325 τὰ
2151 2270 2294 2324 οὕτω
2341 2272 2488 2341 σαφῆ
2527 2271 2622 2323 καὶ
2659 2270 2862 2340 ἐναργῆ
2903 2269 3012 2322 τῶν
3047 2268 3210 2320 θείων
3237 2266 3474 2338 Γραφῶν
3510 2267 3653 2318 ἀπο-

2045 2364 2382 2435 τελέσματαο
2434 2363 2462 2416 ὃ
2508 2363 2604 2415 καὶ
2651 2361 2953 2415 πεπόνθασι
3001 2359 3142 2413 κατὰ
3181 2358 3279 2430 τὴν
3329 2359 3410 2420 εἰς
3440 2356 3650 2418 αὐτοὺς

2049 2455 2427 2527 πληρωθεῖσαν
2462 2457 2565 2508 κάν
2604 2453 2779 2524 τούτῳ
2818 2452 2912 2506 τοῦ
2951 2451 3172 2505 Ἡσαΐου
3224 2450 3430 2519 φωνὴν,
3462 2447 3534 2500 δι’
3577 2443 3648 2519 ἧς

2046 2548 2333 2601 ἐθέσπισεν
2370 2549 2573 2610 αὐτοῖς,
2623 2547 2822 2600 είπών·
2871 2548 3064 2617 «Ἀκοῇ
3110 2543 3410 2604 ἀκούσετε,
3445 2542 3549 2595 καὶ
3580 2543 3644 2594 οὗ

2050 2640 2124 2712 μὴ
2157 2640 2377 2712 συνῆτε,
2403 2641 2498 2694 καὶ
2532 2639 2820 2710 βλέποντες
2848 2637 3093 2708 βλέψετε,
3124 2637 3220 2688 καὶ
3257 2637 3316 2687 ού
3349 2635 3425 2705 μὴ
3456 2634 3638 2704 ἴδητε·

2045 2731 2324 2803 ἐπαχύνθη
2361 2731 2471 2803 γὰρ
2510 2733 2543 2802 ἡ
2577 2730 2774 2802 καρδία
2815 2729 2910 2782 τοῦ
2942 2728 3072 2781 λαοῦ
3112 2727 3302 2782 τούτου
3325 2743 3338 2756 ·
3385 2727 3484 2778 καὶ
3529 2727 3642 2788 τοῖς

2044 2825 2178 2878 ὠσὶν
2233 2823 2413 2878 αὐτῶν
2458 2824 2672 2894 βαρέως
2716 2824 2976 2894 ἥκουσαν,
3017 2821 3112 2874 καὶ
3155 2822 3281 2883 τοὺς
3320 2817 3638 2887 ὀφθαλμοὺς

2043 2916 2224 2972 αὐτῶν
2273 2917 2630 2988 ἐκάμμυσαν,
2683 2918 2894 2987 μήποτε
2944 2913 3094 2967 ἴδωσι
3147 2915 3258 2976 τοῖς
3308 2909 3634 2980 ὀφθαλμοῖς,

2043 3010 2137 3064 καὶ
2165 3009 2299 3062 ὠσὶν
2324 3009 2624 3074 ἀκούσωσι,
2652 3009 2745 3062 καὶ
2780 3011 2846 3080 τῇ
2879 3006 3078 3079 καρδία
3108 3005 3333 3066 συνῶσι,
3373 3005 3469 3056 καὶ
3505 3005 3634 3058 ἔπι-

360 3096 558 3167 guendi
607 3106 735 3151 sunt
771 3107 1032 3168 tanquam
1063 3098 1121 3161 ii,
1153 3097 1246 3167 qui
1288 3112 1396 3151 non
1430 3098 1605 3152 solum
1653 3099 1940 3169 impuden-

2046 3099 2339 3172 στρέψωσι,
2395 3099 2491 3153 καὶ
2538 3099 2774 3170 ίάσωμαι
2829 3097 3048 3160 αὐτούς.
3099 3115 3117 3148 ι
3185 3093 3326 3148 Ἀλλ’
3368 3093 3492 3146 ἐπεὶ
3542 3094 3635 3147 καὶ

361 3197 445 3242 ter
488 3190 653 3246 rebus
682 3191 826 3246 veris
855 3206 918 3245 ac
943 3191 1250 3249 manifestis
1282 3199 1606 3264 repugnent,
1644 3192 1738 3246 sed
1769 3192 1933 3251 etiam

357 3281 617 3335 vaticinia
649 3296 748 3335 sua
773 3289 832 3334 ut
857 3281 1012 3348 falsa,
1039 3293 1302 3353 quantum
1331 3284 1384 3338 in
1412 3285 1547 3354 ipsis
1570 3289 1674 3347 est,
1726 3283 1937 3337 calum-

359 3373 601 3435 nientur,
656 3372 703 3427 si
749 3373 838 3426 illa
883 3375 1101 3443 quidem
1133 3375 1186 3428 in
1218 3391 1321 3429 Lxx
1342 3391 1608 3432 annorum
1640 3375 1936 3432 hebdoma-

357 3465 456 3522 das
497 3467 812 3521 universum
845 3475 1058 3536 tempus
1105 3467 1414 3530 includunt,
1447 3467 1574 3523 dum
1610 3481 1731 3537 qua:
1767 3467 1935 3521 intere

356 3559 541 3615 medio
569 3567 814 3628 tempore
861 3566 1122 3613 eventura
1173 3567 1301 3614 sunt
1339 3560 1590 3613 divinant
1619 3579 1631 3615 :
1664 3561 1765 3630 ipsi
1808 3576 1938 3614 vero

359 3664 486 3708 Cum
514 3650 626 3721 jam
655 3651 724 3705 ab
757 3649 872 3720 ipsa
893 3651 1177 3721 prophetia
1203 3667 1376 3720 usque
1399 3651 1464 3704 ad
1489 3667 1590 3706 nos
1621 3667 1789 3721 prope
1818 3651 1938 3705 mil-

354 3742 582 3798 lesimus
609 3749 802 3812 agatur
821 3757 1020 3805 annus,
1053 3742 1190 3796 nihil
1215 3759 1405 3797 eorum
1438 3759 1559 3812 qua:
1585 3744 1787 3815 scripta
1812 3752 1938 3797 sunt

355 3835 559 3890 factum
585 3852 704 3890 esse
738 3836 1140 3901 demonstrant,
1179 3837 1398 3890 tametsi
1444 3837 1687 3906 ipsorum
1725 3837 1933 3899 unctio,

352 3935 414 3982 ut
475 3928 718 3982 divinum
776 3927 1101 3997 praedixerat
1153 3929 1458 3988 oraculum,
1504 3927 1679 3982 deleta
1738 3936 1842 3989 est,
1886 3937 1939 3981 et

2043 3195 2172 3265 περὶ
2201 3191 2307 3246 τῶν
2352 3191 2792 3245 πεπιστευκότων
2836 3189 3006 3243 ἐθνῶν
3039 3191 3120 3252 είς
3152 3187 3242 3241 τὸν
3275 3185 3514 3258 Χριστὸν
3539 3184 3634 3239 τοῦ

2043 3283 2176 3338 Θεοῦ
2223 3285 2390 3339 πάλαι
2429 3283 2695 3355 πρότερον
2738 3282 2946 3354 εἴρητοσ
3002 3300 3020 3332 ι
3057 3276 3152 3346 Οἷς
3205 3281 3306 3332 οὐκ
3349 3277 3632 3350 ἀνηγγέλη

2043 3376 2175 3447 περὶ
2231 3373 2397 3428 αὑτοῦ
2425 3415 2438 3439 ,
2489 3373 2742 3442 ὄψονται,
2799 3374 2891 3425 καὶ
2935 3373 2983 3425 οἳ
3027 3371 3127 3424 οὐκ
3166 3369 3460 3439 ἀκηκόασι,
3508 3385 3636 3421 συν-

2041 3470 2256 3540 ήσουσι,
2290 3472 2354 3540 τῇ
2389 3468 2553 3521 αὑτοῦ
2584 3469 2766 3540 χάριτι
2793 3469 2966 3537 καὶτῇ
2994 3465 3088 3519 τοῦ
3113 3465 3432 3535 πέμψαντος
3467 3462 3634 3515 αὐτὴν

2038 3564 2312 3636 Πατέρος,
2342 3581 2360 3613 ι
2397 3565 2560 3632 ἡμεῖς
2587 3580 2646 3614 τε
2680 3561 2822 3614 κατὰ
2849 3561 2910 3614 τὸ
2933 3559 3154 3612 δυνατὸν
3186 3559 3254 3611 τὰ
3275 3557 3519 3624 φανέντα
3554 3557 3635 3617 εἰς

2035 3656 2162 3718 τοὺς
2192 3656 2390 3717 τόπους
2425 3655 2747 3726 εἰρήκαμεν,
2780 3653 2874 3706 καὶ
2900 3651 2970 3705 τὰ
2997 3651 3075 3721 τῷ
3110 3650 3216 3720 πρὸ
3245 3648 3403 3720 ἡμῶν
3442 3649 3634 3718 Ἀφρι-

2038 3746 2186 3817 κανῷ
2229 3746 2588 3817 εὐγνωμόνως
2631 3746 2857 3814 δόξαντα
2908 3741 3302 3814 παρεθήκαμεν
3323 3780 3338 3803 ,
3359 3741 3370 3753 ’
3391 3741 3632 3810 ἐχόμενα

2037 3839 2130 3892 καὶ
2191 3836 2330 3891 αὐτὰ
2379 3836 2702 3908 ἀκριϐείας·
2762 3835 2884 3888 ὅθεν
2935 3835 3032 3888 καὶ
3077 3835 3265 3896 αὐτοῖς
3311 3831 3388 3894 ὡς
3445 3832 3630 3893 καλῶς

2037 3928 2217 3998 ἔχουσι
2255 3929 2542 4000 χρηστέον.

352 4031 604 4076 sanctum
635 4024 951 4078 eorumdem
978 4039 1085 4076 una
1108 4039 1231 4077 eum
1260 4000 1540 4094 prioribus
1603 4022 1801 4077 incolis
1857 4022 2215 4097 disperditum
2248 4035 2412 4094 atque
2445 4024 2692 4078 excisum
2734 4023 2789 4078 in
2828 4021 3036 4077 diluvio
3065 4020 3192 4076 belli
3229 4019 3500 4108 contracti
3543 4020 3630 4073 in-

348 4117 780 4182 teruecionibus,
804 4122 858 4170 et
889 4115 943 4169 in
967 4131 1032 4170 eo
1058 4116 1179 4171 loco
1207 4117 1385 4171 adhuc
1405 4117 1672 4181 cernitur,
1701 4117 1754 4170 id
1783 4118 1928 4187 quod
1988 4118 2233 4174 omnium
2299 4118 2718 4173 admirationem
2751 4125 2974 4187 Superat
2998 4136 3010 4176 :
3038 4117 3164 4172 dico
3195 4124 3378 4171 autem
3414 4117 3628 4171 abomi-

350 4209 626 4263 natiouem
646 4209 1001 4264 desolationis
1023 4207 1200 4262 adhuc
1224 4216 1369 4265 stare
1395 4224 1460 4263 eo
1487 4209 1541 4262 in
1568 4209 1690 4263 loco
1719 4209 1811 4279 qui
1843 4217 2002 4266 antea
2024 4218 2252 4266 sanctus
2272 4217 2410 4275 erat,
2431 4226 2539 4280 qua
2571 4210 2638 4265 de
2654 4226 2714 4265 re
2735 4211 2900 4264 etiam
2956 4208 3208 4266 Salvator
3233 4226 3297 4265 ac
3353 4210 3624 4264 Dominus

349 4307 540 4354 noster
575 4300 821 4370 exposita
870 4317 1046 4371 nuper
1100 4301 1266 4356 verba
1314 4301 1639 4356 enuntiavit.
1671 4300 1802 4367 Qua:
1830 4301 2047 4372 quidem
2077 4319 2166 4358 res
2191 4318 2314 4356 cum
2376 4303 2698 4372 planissime
2730 4303 2834 4358 sub
2861 4306 3055 4361 oculos
3079 4306 3236 4360 nobis
3291 4303 3458 4380 404
3488 4307 3628 4360 subs

343 4393 503 4466 jcctze
524 4394 655 4457 sint,
686 4401 848 4464 atque
878 4395 1042 4450 etiam
1071 4411 1218 4449 nunc
1244 4403 1558 4460 cernantur,
1588 4393 1805 4449 Judazos
1835 4394 2094 4450 admirari
2119 4411 2299 4465 operae
2331 4397 2566 4474 pretium
2595 4404 2700 4461 est,
2736 4412 2846 4451 non
2880 4407 2988 4451 tam
3049 4399 3197 4468 quod
3262 4399 3534 4454 adversus
3560 4417 3624 4455 ea

349 4506 470 4562 qua:
492 4491 565 4544 ita
583 4491 872 4561 perspicua
894 4490 1322 4546 suntintendere
1347 4491 1536 4546 oculos
1557 4492 1813 4557 audeant,
1867 4507 2030 4563 quam
2062 4493 2209 4563 quod
2268 4494 2342 4548 ita
2366 4495 2622 4565 ealigent,
2660 4511 2961 4566 eorumque
2997 4512 3155 4552 mens
3194 4496 3268 4551 ita
3312 4497 3626 4552 involvatur

348 4587 612 4651 tenebris,
641 4595 700 4642 ut
727 4603 838 4642 non
867 4588 1088 4643 videant
1117 4603 1202 4652 ea,
1228 4603 1345 4658 qua!
1372 4598 1480 4641 tam
1510 4590 1657 4642 clara
1686 4600 1906 4660 tamque
1943 4591 2214 4649 evidentia
2245 4599 2374 4646 sunt
2425 4591 2734 4650 divinarum
2794 4590 3208 4662 Scripturarum
3235 4604 3451 4660 eventa,
3475 4593 3620 4665 quod

347 4681 568 4753 quidem
618 4681 699 4738 eis
747 4683 1048 4737 secundum
1095 4683 1242 4737 illam
1276 4682 1430 4739 Isaia:
1461 4700 1674 4750 vocem,
1705 4700 1826 4754 quae
1865 4684 1919 4737 in
1958 4685 2062 4739 hoe
2084 4701 2302 4755 quoque
2332 4686 2598 4741 adversus
2629 4687 2752 4740 illos
2806 4687 3076 4755 completa
3139 4699 3242 4748 est,
3273 4686 3498 4750 accidit,
3527 4687 3617 4742 ubi

347 4775 520 4829 utitur
559 4775 665 4831 illis
691 4775 872 4831 verbis
905 4795 918 4827 :
959 4794 976 4827 ι
1018 4775 1223 4830 Auditu
1253 4775 1522 4840 audietis,
1555 4787 1608 4831 et
1679 4793 1786 4832 non
1828 4777 2140 4848 intelligetis
2177 4797 2189 4832 :
2224 4785 2279 4832 et
2315 4777 2590 4833 intuentes
2660 4778 3032 4840 intuebimini,
3080 4785 3135 4832 et
3165 4793 3275 4832 non
3319 4777 3616 4843 videbitis,

344 4887 596 4928 crassum
630 4873 777 4928 enim
810 4872 1013 4928 factum
1043 4881 1128 4929 est
1163 4888 1259 4928 cor
1294 4873 1479 4944 populi
1508 4873 1671 4943 hujus
1706 4893 1718 4927 :
1768 4881 1823 4928 ct
1866 4875 2095 4930 auribus
2144 4875 2261 4929 suis
2300 4875 2540 4946 graviter
2603 4875 2918 4936 audierunt,
2951 4881 3007 4928 et
3037 4875 3230 4928 oculos
3297 4889 3431 4928 suos
3469 4875 3619 4926 clau-

345 4973 558 5029 serunt,
592 4982 660 5021 ne
705 4966 925 5036 quando
971 4965 1190 5022 videant
1231 4966 1428 5033 oculis,
1463 4976 1519 5023 et
1564 4968 1792 5022 auribus
1824 4967 2070 5032 audiant,
2101 4976 2155 5022 et
2186 4968 2352 5023 corde
2417 4967 2746 5038 intelligant,
2781 4974 2836 5022 et
2897 4974 3312 5030 convertantur,
3349 4975 3405 5021 et
3427 4981 3611 5021 sanem

344 5075 440 5117 eos
470 5061 572 5116 ⁸³.»
619 5060 724 5116 Sed
759 5061 1016 5131 quoniam
1046 5061 1113 5118 de
1143 5063 1397 5133 gentibus
1425 5078 1546 5134 quae
1573 5064 1628 5117 in
1661 5062 1822 5118 [idem
1860 5061 2067 5118 Christi
2092 5063 2186 5118 Dei
2219 5071 2489 5118 venerunt
2523 5064 2653 5118 olim
2718 5063 2873 5132 prius
2903 5061 3110 5116 dictum
3173 5062 3392 5118 fuerat:
3428 5080 3448 5114 ι
3485 5062 3615 5130 Qui-

345 5156 449 5210 bus
485 5157 795 5210 nuntiatum
831 5171 937 5210 non
968 5164 1050 5212 est
1085 5155 1152 5210 de
1180 5157 1294 5219 illo,
1329 5158 1364 5213 ii
1393 5158 1676 5218 videbunt,
1715 5164 1769 5210 et
1790 5155 1882 5226 qui
1909 5170 2018 5210 non
2076 5156 2388 5221 audierunt,
2417 5156 2450 5210 ii
2494 5156 2798 5228 intelligent
2818 5157 2886 5220 ἰ,
2927 5177 2946 5209 ι
2990 5174 3090 5214 nos
3121 5159 3250 5214 item
3277 5157 3428 5211 illius
3454 5166 3612 5226 atque

342 5244 486 5313 ejus,
519 5249 611 5314 qui
641 5246 791 5301 misit
822 5246 998 5310 illum,
1023 5245 1204 5303 Patris
1231 5248 1521 5316 beneﬁcio,
1555 5263 1653 5318 pro
1687 5247 1918 5309 viribus,
1958 5261 2080 5316 qua:
2119 5249 2234 5301 visa
2278 5255 2408 5303 sunt
2472 5247 2703 5304 dicenda
2735 5249 2793 5304 in
2859 5248 2960 5304 hos
3002 5249 3152 5304 locos
3191 5249 3304 5319 jam
3353 5247 3608 5311 diximus,

343 5350 558 5394 necnon
603 5351 724 5406 quae
768 5335 1026 5391 Africano
1088 5339 1388 5408 superioris
1415 5339 1594 5393 aetatis
1643 5339 1762 5391 viro
1831 5345 1961 5392 sunt
1996 5339 2134 5400 visa,
2177 5337 2253 5392 illi
2298 5339 2402 5409 ipsi
2433 5350 2655 5411 accepta
2705 5339 3007 5396 referentes
3075 5342 3455 5411 apposuimus,
3496 5353 3610 5413 qua!

342 5435 460 5504 ipsa
512 5445 730 5500 quoque
775 5429 1063 5501 diligenter
1113 5438 1277 5501 atque
1319 5439 1576 5487 accurate
1617 5423 1920 5501 excogitata
1962 5439 2092 5486 sunt
2128 5447 2140 5482 :
2175 5447 2343 5504 quare
2368 5434 2475 5490 illis
2506 5443 2562 5489 ut
2598 5435 2735 5490 bene
2768 5433 3007 5492 inventis
3029 5435 3439 5492 eritutendum.

417 5623 461 5653 "
501 5620 634 5677 Luc.
668 5639 754 5678 XXI
781 5663 795 5688 ,
831 5623 919 5678 20.
998 5627 1042 5658 ³³
1083 5625 1184 5681 lsa.
1224 5643 1309 5693 vi,
1348 5628 1432 5684 10.
1513 5627 1556 5659 ’⁵
1598 5625 1756 5682 Rom.
1791 5643 1892 5695 xv,
1924 5628 2014 5684 2i.
