3836 6220
442 272 551 326 635

438 477 491 531 in
525 491 789 545 praeceps,
830 495 848 527 ι
885 485 1107 546 propter
1141 474 1549 530 multitudinem
1593 489 1783 529 eorum
1815 473 1908 543 qui
1958 474 2013 528 in

437 568 547 622 illis
576 567 822 637 quotidie
850 581 880 619 a
912 566 1233 620 melioribus
1278 567 1347 619 ad
1377 566 1650 620 deteriora
1703 565 1964 623 labuntur
2000 583 2015 619 :

434 668 491 714 et
523 659 708 713 omnia
747 658 862 712 hazc
893 659 969 712 ait
1014 657 1195 711 futura
1227 674 1246 708 ι
1287 664 1508 727 propter
1551 656 1886 727 impietatem
1921 657 2020 712 do-

437 766 562 806 mus
608 748 799 813 Iacob,
842 756 897 804 et
942 757 1162 818 propter
1194 758 1476 818 peccatum
1525 748 1723 803 domus
1767 747 1956 804 Israel.
1995 767 2013 800 ι

437 841 701 907 Quasnam
740 855 872 894 vero
906 840 978 894 sit
1006 839 1121 892 hate
1164 839 1416 909 impietas
1443 846 1499 894 et
1533 838 1680 909 quod
1710 848 2016 908 peccatum,

436 948 767 1004 progressus
814 932 1032 1002 longius
1060 932 1311 1002 adjungit
1344 952 1358 987 :
1398 951 1416 984 ι
1467 932 1572 998 Qui
1603 931 2016 995 abominamini,

436 1027 638 1096 inquit,
668 1025 970 1088 judicium,
1012 1033 1067 1081 et.
1108 1025 1292 1080 omnia
1339 1032 1487 1080 recta
1535 1027 1866 1094 pervertitis.
1912 1024 2018 1090 Qui

436 1118 718 1174 adiﬁcatis
780 1117 912 1172 Sion
964 1117 1020 1171 in
1067 1116 1430 1187 sanguinibus
1468 1155 1484 1179 ,
1543 1124 1597 1171 et
1622 1115 1928 1172 Jerusalem
1965 1116 2020 1170 in

436 1209 746 1277 lnjustitiis,
784 1227 805 1261 ι
843 1210 899 1263 ὶη
928 1209 1130 1279 quibus
1168 1208 1525 1278 sanguinibus
1572 1210 1738 1264 etiam
1782 1209 1873 1262 ille
1897 1207 2019 1276 fuit,

437 1303 531 1371 qui
568 1302 678 1356 illis
715 1308 1087 1355 extremorum
1117 1301 1388 1355 malorum
1433 1300 1650 1355 initium
1684 1315 2022 1370 causamque

436 1393 668 1464 praebuit
690 1433 704 1456 ,
734 1400 958 1462 propter
984 1407 1146 1462 quem
1174 1392 1398 1462 impiam
1440 1392 1586 1445 illam
1611 1407 1800 1446 vocem
1829 1400 2021 1447 contra

436 1485 649 1553 seipsos
677 1483 998 1546 emiserunt,
1035 1482 1279 1537 dicentes
1317 1501 1330 1535 :
1374 1500 1393 1533 ι
1435 1480 1674 1552 Sanguis
1701 1482 1824 1551 ejus
1855 1497 2024 1552 super

435 1592 537 1629 nos
568 1584 623 1630 et
654 1590 820 1645 super
844 1573 985 1629 ﬁlios
1015 1582 1236 1630 nostros
1267 1574 1337 1628 ".
1378 1592 1398 1624 ι
1438 1574 1626 1644 Itaque
1656 1582 1878 1644 propter
1903 1574 2022 1644 ipSa

435 1667 572 1730 haec,
600 1666 797 1736 inquit,
834 1684 853 1717 ι
892 1665 1024 1719 Sion
1063 1665 1224 1734 quasi
1254 1678 1383 1733 ager
1409 1665 1685 1730 arabitur,
1718 1672 1772 1718 et
1800 1662 2024 1719 Jerusa-

437 1761 541 1815 lem
587 1759 743 1829 quasi
788 1773 1077 1828 pomorum
1110 1756 1362 1812 custodia
1412 1757 1555 1811 erit:
1596 1775 1615 1806 ι
1640 1772 1760 1825 qua:
1791 1755 2011 1826 quidem

2117 1769 2290 1818 σεται,
2326 1754 2420 1807 καὶ
2464 1753 2820 1825 Ἰερουσαλὴμ
2854 1751 2929 1816 ὡς
2949 1752 3419 1823 ξόπωροερυλάκιον
3458 1750 3660 1829 ἔσται’
3691 1770 3708 1802 ι

436 1853 586 1907 nullo
609 1866 850 1921 unquam
874 1850 984 1905 alio
1011 1858 1275 1919 tempore,
1296 1864 1456 1918 quam
1483 1856 1606 1917 post
1627 1849 1716 1901 illa
1742 1863 1864 1917 quae
1885 1862 2018 1901 con-

435 1953 520 1999 tra
549 1942 885 1998 Salvatorem
916 1948 1169 1996 nostrum
1225 1941 1346 1995 ausi
1379 1948 1528 2004 sunt,
1568 1955 1758 1994 verum
1798 1939 2007 1994 exitum

433 2052 715 2108 accepere.
749 2034 826 2089 Ex
859 2035 955 2089 illo
988 2035 1131 2088 enim
1173 2034 1239 2088 ad
1277 2034 1423 2088 hunc
1478 2047 1653 2098 usque
1698 2032 1843 2086 diem
1877 2032 2015 2086 Iocis

436 2129 546 2184 illis
584 2135 827 2182 extrema
873 2125 1171 2183 solitudine
1219 2125 1523 2195 occupatis,
1565 2140 1724 2178 mons
1758 2122 1890 2177 Sion
1923 2123 2015 2194 qui

435 2219 575 2289 apud
624 2219 747 2273 illos
794 2226 953 2273 antea
1008 2217 1399 2272 celeberrimus
1431 2222 1589 2279 erat,
1618 2215 1739 2268 loco
1778 2214 2016 2283 antiquae

435 2312 584 2365 illius
618 2310 989 2366 meditationis
1023 2316 1189 2380 atque
1225 2308 1656 2371 exercitationis,
1688 2322 1809 2377 quae
1839 2308 1893 2360 in
1922 2307 2014 2361 illo

433 2400 672 2472 vigebat,
699 2400 1145 2470 propheticorum
1175 2398 1596 2468 divinorumque
1631 2399 2005 2463 oraculorum,

431 2509 557 2565 qua:
584 2503 742 2547 antea
776 2493 877 2548 viri
920 2492 1132 2548 Hebraei
1173 2491 1381 2562 Deique
1413 2491 1711 2546 familiares
1734 2491 2013 2562 prophetae

432 2588 858 2658 sacerdotesque
900 2596 957 2642 et
985 2586 1231 2656 magistri
1276 2585 1445 2639 totius
1489 2584 1669 2655 gentis
1718 2585 1774 2638 in
1821 2584 2010 2640 eodem

429 2695 630 2751 magno
657 2695 781 2735 cum
810 2678 992 2734 studio
1006 2677 1330 2742 reddebant,
1357 2692 1455 2745 per
1480 2658 1631 2732 viros
1654 2675 1930 2733 Romanos
1955 2677 2012 2732 in

429 2774 579 2829 nulla
612 2789 675 2828 re
705 2788 735 2826 a
770 2772 981 2842 reliqua
1024 2770 1247 2841 regione
1280 2770 1537 2826 diﬂ'erens
1576 2777 1765 2822 aratur
1791 2776 1845 2823 et
1875 2769 2013 2823 coli-

430 2862 540 2929 lIIl',
571 2874 631 2919 ut
660 2880 764 2920 nos
795 2880 1015 2935 quoque
1055 2864 1167 2934 ipsi
1201 2860 1605 2932 inspexerimus
1638 2860 1801 2915 boum
1846 2875 2011 2930 opera

430 2959 609 3013 locum
661 2966 716 3012 et
759 2957 903 3011 arari
947 2964 1002 3012 et
1035 2955 1320 3012 seminari.
1381 2952 1502 3023 Ipsa
1532 2967 1664 3008 vero
1702 2950 2008 3008 Jerusalem

432 3063 692 3122 tanquam
718 3067 1003 3123 pomorum
1029 3050 1299 3116 custodia,
1337 3056 1599 3120 corrupto
1626 3055 1811 3103 vetere
1835 3047 1927 3117 qui
1953 3047 2006 3101 in
2035 3079 2081 3138 ο

430 3145 547 3212 ipsa
568 3154 686 3198 erat
717 3143 918 3207 fructu,
950 3144 1143 3199 ell‘ecta
1181 3152 1287 3206 est,
1323 3157 1386 3196 ac
1414 3142 1594 3212 potius
1621 3139 1861 3210 lapidum
1893 3139 2010 3191 col—

430 3235 615 3298 lectio,
652 3235 797 3289 sicut
818 3236 874 3290 in
904 3244 1163 3291 contextu
1192 3234 1467 3289 Hebraico
1495 3233 1710 3302 legitur.
1745 3230 1837 3284 Sic.
1862 3229 2009 3285 enim

431 3320 628 3389 Aquila
659 3322 928 3375 convertit
957 3341 970 3376 :
1005 3341 1023 3373 ‹
1067 3322 1277 3377 Idcirco
1308 3331 1529 3391 pr0pter
1552 3336 1671 3385 vos,
1707 3319 1837 3374 Sion
1861 3327 2009 3375 terra

432 3410 700 3474 arabitur,
725 3420 780 3465 et
841 3412 909 3466 de
953 3412 1256 3468 Jerusalem
1304 3414 1514 3483 lapides
1575 3414 1921 3485 colligentur.
1985 3432 2004 3466 ι

431 3502 516 3558 Ab
536 3504 777 3560 externis
814 3505 959 3560 enim
1005 3505 1323 3560 hominibus
1362 3505 1631 3571 habitata,
1676 3506 1839 3561 hodie
1868 3521 2008 3576 quo-

430 3612 537 3666 que
572 3597 778 3667 lapides
804 3597 1110 3668 legentibus
1154 3599 1379 3667 praebet,
1411 3612 1537 3652 cum
1572 3613 1764 3653 omnes
1786 3599 1878 3669 qui
1906 3613 2008 3652 no-

432 3686 564 3743 stris
596 3685 932 3756 temporibus
977 3701 1095 3741 eam
1128 3686 1321 3741 urbem
1362 3686 1631 3750 incolunt,
1660 3688 1836 3742 ruina:
1861 3689 2009 3745 illius

430 3776 641 3845 lapides
668 3776 926 3844 colligant
958 3783 1067 3828 tam
1103 3774 1170 3829 de
1198 3777 1449 3845 privatis,
1482 3792 1645 3846 quam
1669 3777 1736 3831 de
1766 3793 2012 3832 commu-

430 3868 593 3923 nibus
623 3874 677 3923 et
702 3868 935 3939 fublicis
962 3867 1209 3923 aediliciis
1253 3887 1267 3923 :
1299 3877 1353 3923 et
1382 3869 1511 3924 licet
1543 3869 1721 3925 oculis
1753 3870 2011 3926 tristissi—

430 3975 580 4013 mum
638 3961 1012 4030 spectaculum
1072 3960 1295 4023 intueri,
1328 3976 1394 4014 ex
1440 3960 1561 4031 ipso
1607 3960 1808 4030 templo
1836 3971 1891 4016 et
1944 3977 2013 4017 ex

429 4050 566 4120 ipsis
592 4052 867 4121 quondam
890 4052 1089 4123 adytis,
1112 4068 1180 4107 ex
1206 4052 1276 4106 iis
1303 4067 1424 4121 qua:
1448 4062 1636 4106 sancta
1653 4052 2010 4115 vocabantur,

428 4141 638 4213 lapides
655 4160 753 4213 pro
781 4144 1203 4199 simulacrorum
1234 4143 1395 4209 fanis,
1427 4160 1636 4214 proque
1663 4145 2011 4213 spectaculis,

429 4250 537 4304 quo
558 4250 745 4290 omnes
776 4237 961 4306 populi
993 4243 1371 4303 concurrant,
1409 4236 1746 4291 aediﬁcandis
1779 4238 2010 4304 assumi,

427 4340 549 4395 qua:
591 4340 713 4380 cum
752 4326 888 4380 adeo
937 4325 1215 4380 evidenter
1263 4326 1331 4381 ab
1384 4327 1639 4381 omnibus
1697 4335 2012 4395 cernantur,

1144 268 1416 325 EUSEBII
1453 267 1933 324 CESARIENSIS
1970 267 2122 325 OPP.
2161 265 2343 321 PARS
2380 264 2444 322 ll.
2483 295 2555 306 —
2589 262 3091 320 APOLOGETICA.

438 382 584 455 ignis
611 382 777 455 5.06
800 383 1131 453 liquescent,
1159 390 1215 438 et
1242 383 1401 453 quasi
1433 397 1574 453 aqua
1610 397 1732 451 qua:
1774 379 2011 436 defertu:

2125 378 2370 433 παλαιῶν
2425 377 2735 447 ὑψωμάτων
2786 376 2876 430 τὸν
2938 375 3048 430 τῶν
3105 372 3528 445 προειρημένων
3584 372 3695 440 ti?!

3625 259 3718 313 036

2117 472 2308 542 νισμὸν
2347 469 2852 540 ἀπολοφυρόμεναι,
2888 486 2908 519 ι
2937 468 3015 532 ὡς
3056 466 3225 538 κηρὸς
3257 465 3366 519 ἀπὸ

2117 564 2289 636 πυρὸς
2329 563 2744 633 ἐκτακήσονται,
2772 561 2865 614 καὶ
2898 560 2974 623 ὡς
3017 557 3162 629 ὕδωρ
3185 557 3642 627 καταφερόμενον
3666 558 3715 609 ἐν

2120 655 2440 717 καταϐάσει,
2454 675 2472 706 ι
2482 653 2584 708 ’διὰ
2594 653 2656 707 τὸ
2679 652 2883 723 πλῆθος
2894 651 3003 705 τῶν
3015 653 3071 704 ἐν
3088 650 3278 714 αὐταῖς
3296 650 3405 703 ἀπὸ
3421 649 3537 702 τῶν
3553 667 3589 700 κ
3594 666 3717 719 ρειτ-

2119 749 2286 801 τόνων
2311 748 2403 801 ὲπὶ
2431 746 2502 800 τά
2525 746 2693 818 χείρω
2722 744 3176 799 καταπιπτόντων
3204 743 3501 814 ὁσημέραι.
3531 742 3715 795 Πάντα

2118 840 2178 895 δὲ
2207 839 2383 894 ταῦτά
2415 856 2578 911 φησιν
2617 838 2836 891 ἔσεσθαι
2871 855 2891 888 ‹
2917 837 2984 889 δι’
3010 835 3264 906 ἀσέϐειαν
3292 838 3443 895 οἴκου
3486 832 3715 895 Ἰακὼϐ,

2121 933 2216 985 καὶ
2243 932 2311 985 δι’
2337 931 2612 1002 ἁμαρτίαν
2631 929 2782 983 οἴκου
2825 929 3064 1001 Ἰσραήλ.
3094 948 3113 981 ι
3152 927 3246 999 Τίς
3265 929 3309 981 δ’
3328 924 3395 999 ἦν
3423 929 3455 996 ἡ
3491 925 3718 979 ἀσέϐεια

2121 1022 2213 1079 καὶ
2239 1023 2271 1092 ὴ
2298 1021 2561 1092 ἁμαρτία,
2592 1017 2798 1091 προῖὼν
2830 1018 2957 1091 ἑξῆς
2981 1018 3253 1088 ἐπιλέγειτ
3286 1037 3306 1069 ‹
3338 1020 3401 1071 Οἱ
3434 1016 3717 1087 βδελυσσό-

2124 1130 2275 1184 μενοι
2309 1116 2483 1183 κρῖμα
2508 1152 2524 1176 ,
2557 1112 2652 1165 καὶ
2682 1112 2862 1175 πάντα
2894 1111 2963 1165 τὰ
2995 1110 3130 1182 ὀρθὰ
3164 1110 3592 1182 διαπρὲῳντες
3620 1124 3635 1136 ·
3672 1110 3716 1160 οἱ

2120 1204 2528 1277 οἰκοδομοῦντες
2570 1202 2709 1257 Σιὼν
2738 1205 2795 1256 ἐν
2826 1204 3054 1274 αἴμασιν
3079 1244 3093 1267 ,
3124 1203 3220 1255 καὶ
3255 1201 3630 1274 Ἰερουσαλὴμ
3660 1202 3712 1253 ἐν

2122 1296 2385 1360 ἀδικίαις·
2422 1315 2441 1347 ι
2473 1297 2531 1349 ἐν
2562 1289 2644 1358 οἷς
2676 1295 2870 1365 αἵμασι
2899 1295 3120 1349 κάκεῖνο
3149 1289 3216 1365 ἦν
3237 1293 3297 1346 τὸ
3323 1291 3432 1346 τῶν
3466 1292 3715 1345 ὑστάτων

2123 1387 2309 1442 κακῶν
2342 1386 2627 1459 παραίτιον
2661 1387 2846 1449 αὐτοῖς
2875 1385 3165 1455 γενόμενον
3184 1426 3199 1450 ,
3230 1385 3314 1453 ἐφ’
3344 1378 3390 1452 ᾧ
3409 1384 3511 1455 τὴν
3549 1382 3715 1451 ἀσεϐῆ

2125 1481 2310 1550 φωνὴν
2354 1480 2436 1543 εἰς
2486 1480 2713 1545 ἑαυτοὺς
2763 1479 3180 1542 ἐπεσπάσαντο,
3224 1479 3533 1548 φήσαντες·
3588 1493 3609 1526 ‹
3651 1475 3718 1528 Τδ

2122 1563 2258 1639 αἷμα
2288 1567 2453 1621 αὐτοῦ
2489 1568 2573 1636 ἐφ’
2600 1570 2747 1644 ἡμᾶς
2766 1608 2780 1631 ,
2809 1568 2903 1621 καὶ
2931 1569 3024 1620 ἐπὶ
3062 1568 3129 1621 τὰ
3161 1568 3324 1621 τέκνα
3354 1567 3542 1638 ἡμῶν.
3575 1586 3594 1617 ι
3624 1566 3709 1618 Διό

2124 1660 2276 1729 γοῦν,
2312 1661 2465 1731 φησὶ,
2493 1660 2631 1716 αὐτὰ
2655 1659 2847 1724 ταῦτα,
2879 1677 2899 1710 ς
2925 1659 3003 1722 ὡς
3024 1660 3191 1731 ἀγρὸς
3217 1658 3354 1712 Σιὼν
3380 1657 3718 1735 ἀρρτριαθή-

2118 1845 2261 1916 ἅπερ
2297 1845 2406 1898 οὐδ’
2441 1845 2626 1899 ἄλλοτε
2659 1844 2879 1899 πώποτε
2918 1846 2951 1917 ἦ
2992 1844 3131 1916 μετά
3183 1843 3252 1897 τὰ
3292 1843 3434 1897 κατὰ
3472 1843 3574 1896 τοῦ
3610 1844 3715 1895 Σω-

2113 1940 2279 2007 τῆρος
2305 1939 2337 2008 ἡ
2347 1935 2461 2007 μῶν
2488 1936 2871 2009 τετολμημένα
2901 1937 3076 2007 ἀληθῆ
3101 1936 3200 2008 τὴν
3223 1936 3446 1990 ἑκϐασιν
3470 1935 3710 2007 εἴληχεν.

2127 2026 2218 2091 Ἐξ
2245 2026 2453 2080 ἐκείνου
2493 2026 2602 2099 γάρ
2639 2044 2723 2080 τοι
2769 2027 2863 2080 καὶ⁹
2887 2028 2968 2091 είς
3004 2026 3163 2098 δεῦρο
3203 2027 3442 2097 ἐσχάτης
3469 2027 3713 2098 ἐρημίας

2116 2118 2529 2189 καταλαϐούσης
2568 2119 2693 2183 τοὺς
2730 2118 2964 2183 τόπους,
2999 2118 3061 2172 τὸ
3101 2117 3201 2187 μὲν
3248 2119 3379 2188 πρὶν
3418 2118 3710 2188 διαϐόητον

2113 2208 2292 2260 αὐτῶν
2323 2207 2459 2261 Σιὼν
2486 2208 2645 2280 ὅρος,
2681 2209 2801 2262 ἀντί
2832 2208 2935 2278 τῆς
2978 2208 3146 2263 πάλαι
3189 2210 3245 2261 ἐν
3278 2207 3425 2278 αύτῷ
3476 2209 3711 2279 μελέτης
3800 2244 3801 2251 η

2113 2302 2207 2353 καὶ
2237 2302 2527 2372 ἀσκήσεως
2558 2301 2666 2355 τῶν
2693 2301 3047 2373 προφητικῶν
3076 2302 3170 2354 καὶ
3203 2301 3363 2354 θείων
3395 2302 3582 2369 λόγων
3605 2343 3620 2364 ,
3642 2295 3710 2353 ὧν

2113 2395 2301 2458 παῖδες
2342 2395 2404 2448 τὸ
2451 2396 2581 2465 πρὶν
2625 2394 2897 2464 Ἑϐραίων
2953 2396 3048 2449 καὶ
3082 2393 3349 2465 θεοφιλεῖς
3395 2395 3707 2466 προφῆται.
3800 2440 3801 2455 χ

2114 2488 2279 2557 ἱερεῖς
2309 2503 2368 2539 τε
2402 2487 2498 2540 καὶ
2534 2485 2842 2540 διδάσκαλοι
2877 2485 2970 2539 τοῦ
3007 2478 3211 2550 παντὸς
3245 2484 3432 2548 ἔθνους
3473 2472 3538 2538 ὲν
3571 2487 3705 2553 αῖιτῇ
3800 2470 3801 2527 ί

2110 2574 2197 2629 διά
2244 2576 2482 2647 σπουδῆς
2525 2575 2824 2639 ἐποιοῦντο,
2864 2575 2956 2630 διὰ
3000 2574 3287 2647 Ῥωμαίων
3329 2575 3551 2641 ἀνδρῶν
3590 2558 3707 2628 κατ’

2112 2667 2264 2720 οὐδὲν
2305 2667 2404 2738 τῆς
2435 2666 2630 2738 λοιπῆς
2654 2666 2987 2738 διαφέρουσα
3016 2666 3199 2739 χώρας
3227 2671 3561 2738 γεωργεῖται
3586 2708 3602 2733 ,
3637 2667 3709 2730 ὡς

2112 2759 2207 2814 καὶ
2241 2761 2389 2830 ἡμᾶς
2409 2759 2606 2824 αὐτοὺς
2625 2759 2925 2831 ὀφθαλμοῖς
2958 2759 3293 2833 παραλαϐεῖν
3325 2760 3513 2830 βουσὶν
3543 2760 3704 2834 ἀρού-

2116 2868 2274 2922 μενον
2294 2892 2308 2916 ,
2341 2851 2433 2905 καὶ⁵
2471 2852 2973 2923 κατασπειρόμενον
3002 2852 3093 2905 τὸν
3120 2852 3284 2906 τόπον
3307 2869 3322 2883 ·
3347 2855 3382 2923 ἡ
3408 2853 3469 2906 δὲ
3513 2854 3704 2925 Ἱερου·
3800 2851 3801 2919 j

2114 2942 2296 3014 σαλὴμ
2335 2943 2473 3015 αύτὴ
2503 2943 2579 3007 ὡς
2612 2942 3063 3014 ὀπωροφυλάκιον
3090 2943 3190 3012 τῆς
3221 2945 3277 2996 ἐν
3310 2944 3449 3015 αὐτῇ
3474 2945 3701 3006 παλαιᾶς

2111 3034 2335 3107 ὀπώρας
2369 3036 2762 3108 διαφθαρείσης
2795 3035 3006 3104 γέγονε,
3047 3035 3245 3105 μᾶλλον
3281 3036 3339 3090 δὲ
3384 3039 3467 3100 εἰς
3500 3037 3701 3091 λιθολο-

2111 3129 2235 3198 γίαν
2262 3129 2402 3181 κατὰ
2420 3129 2519 3199 τὴν
2553 3127 2849 3199 Ἑϐραικὴν
2878 3127 3200 3195 ἀνάγνωσιν.
3234 3129 3292 3181 Ὁ
3320 3128 3453 3197 γοῦν
3477 3130 3700 3193 Ἀκύλας

2112 3221 2280 3292 φησί’
2323 3221 2465 3275 «Διά
2499 3220 2657 3275 τοῦτο
2700 3220 2864 3291 χάριν
2895 3219 3048 3290 ὑμῶν
3092 3219 3230 3273 Σιὼν
3273 3220 3427 3292 χώρα
3459 3224 3701 3293 ἀροτριαε
3800 3222 3801 3293 j

2111 3313 2371 3382 θήσεται,
2406 3316 2503 3368 καὶ
2546 3316 2907 3388 Ἰερουσαλὴμ
2949 3314 3454 3385 λιθολογηθήσεται.
3511 3335 3534 3367 ι
3571 3315 3696 3368 Ὑπὸ
3800 3302 3801 3307 ¹

2109 3406 2220 3479 γὰρ
2266 3405 2578 3475 ἀλλοφύλων
2637 3406 2845 3478 ἀνδρῶν
2899 3406 3327 3471 κατοικισθεῖσα,
3386 3408 3563 3462 εἰσέτι
3613 3409 3697 3461 καὶ

2111 3500 2348 3572 σήμερον
2374 3499 2729 3568 λιθολογεϊται
2751 3539 2767 3564 ,
2799 3499 3017 3553 πάντων
3049 3499 3173 3553 καθ’
3198 3501 3345 3571 ἡμᾶς
3374 3501 3579 3566 αὐτοὺς
3600 3501 3696 3554 τῶν

2109 3591 2207 3662 τὴν
2248 3592 2400 3645 πόλιν
2434 3590 2727 3646 οἰκούντων
2766 3593 2892 3655 τοὺς
2934 3591 3042 3644 ἀπὸ
3090 3591 3189 3663 τῆς
3234 3590 3500 3656 πτώσεως
3539 3594 3698 3663 αὐτῆς

2108 3682 2288 3747 λίθους
2338 3683 2744 3752 ἁναλεγομὲνων
2772 3682 2851 3747 εἷς
2874 3701 2933 3738 τε
2954 3683 3022 3736 τά
3045 3681 3152 3737 ἴδια
3179 3685 3273 3737 καὶ
3322 3684 3479 3738 κοινά
3499 3687 3598 3739 καὶ
3621 3684 3699 3755 δη·

2115 3773 2276 3843 μόσια
2316 3775 2753 3846 οἰκοδομήματα·
2795 3776 2887 3829 καὶ
2922 3775 3069 3829 ἐστιν
3109 3776 3409 3847 ὀφθαλμοῖς
3459 3777 3699 3849 παραλα-

2112 3866 2226 3918 ϐεῖν
2261 3865 2578 3938 σκυθρωπὸν
2609 3866 2811 3938 θέαμα,
2850 3867 2977 3932 τοὺς
3008 3868 3065 3935 ἐξ
3097 3869 3263 3923 αὐτοῦ
3301 3868 3395 3922 τοῦ
3430 3870 3581 3941 ἱεροῦ
3613 3870 3701 3923 καὶ.

2112 3957 2289 4011 αὐτῶν
2313 3958 2422 4011 τῶν
2447 3958 2610 4012 πάλαι
2636 3957 2844 4012 ἀδύτων
2876 3960 2970 4013 καὶ
2997 3960 3168 4028 ἁγίων
3190 3961 3375 4024 λίθους
3399 3963 3483 4025 είς
3502 3962 3578 4015 τὰ
3599 3962 3699 4015 τῶν

2113 4047 2344 4102 εἰδώλων
2372 4050 2572 4121 τεμένη
2594 4088 2607 4106 τ
2631 4049 2713 4111 εἷς
2746 4068 2803 4103 τε
2842 4051 2911 4104 τὰ
2942 4052 3050 4104 τῶν
3083 4053 3255 4125 πανδή
3265 4071 3380 4123 μων
3414 4054 3701 4126 θεαμάτων

2114 4143 2607 4213 κατασκευάσματα
2635 4143 3074 4215 ἀπειλημμένους
3094 4163 3107 4175 ’
3138 4138 3214 4199 ὧν
3244 4145 3419 4209 οὕτως
3454 4147 3698 4220 ἐναργῶς
3800 4156 3801 4165 ‘

2113 4236 2226 4299 τοῖς
2262 4236 2425 4288 πᾶσιν
2457 4235 2768 4306 ὁρωμένων,
2799 4236 2892 4291 καὶ¹
2912 4239 2939 4289 ὀ
2967 4237 3150 4300 καινὸς
3171 4237 3335 4303 νόμος
3368 4240 3463 4291 καὶ
3487 4238 3648 4308 λόγος
3675 4240 3700 4290 ὁ

2115 4327 2215 4397 τῆς
2262 4327 2454 4396 καινῆς
2496 4327 2589 4380 τοῦ
2634 4328 2883 4399 Σωτῆρος
2915 4328 3073 4400 ἡμῶν
3125 4329 3282 4401 Ιησοῦ
3330 4330 3699 4405 τοῦηΧριστοῦ

426 4417 571 4487 quod
607 4432 743 4471 nova
769 4417 895 4471 item
928 4417 1035 4483 Iex,
1070 4417 1327 4487 quodque
1350 4434 1550 4473 novum
1581 4417 1717 4473 Novi
1748 4434 1778 4473 a
1812 4417 2005 4472 Salva-

2110 4394 2644 4490 Διαθὴκης-ὲκεῖθέν
2706 4394 2869 4473 ποθεν
2929 4394 3208 4491 προελθδον
3260 4422 3418 4491 δῆλος
3446 4394 3541 4477 ⁸διν
3597 4424 3697 4494 εἴη.
3800 4394 3801 4421 1

426 4519 544 4565 tore
572 4519 764 4564 nostro
812 4508 942 4565 Iesu
995 4509 1237 4575 Christo,
1273 4511 1480 4566 conditi
1522 4510 1857 4567 Testamenti
1884 4527 2009 4566 ver-

426 4603 555 4665 bum
608 4604 757 4657 illinc
814 4601 1038 4657 omnino
1093 4602 1397 4673 profectum
1425 4604 1517 4668 sit,
1569 4619 1701 4659 sane
1752 4606 2012 4660 constite-

424 4696 516 4763 rit.
545 4694 707 4776 407
739 4694 1193 4766 Quandoquidem
1231 4695 1658 4751 innumerabiles
1682 4697 2007 4766 populorum

424 4796 750 4851 conventus,
780 4788 1070 4858 omnisque
1100 4788 1316 4858 generis
1349 4789 1621 4851 nationes,
1655 4789 1864 4844 relictis
1901 4789 2010 4845 diis

423 4881 667 4959 ipsorum
721 4880 956 4950 patriis,
1012 4880 1314 4950 relictoque
1372 4886 1556 4934 vetere
1600 4880 2009 4951 superstitionis

421 4987 628 5039 errore,
673 4989 844 5030 unum
896 4988 1211 5042 supremum
1257 4971 1427 5027 Deum
1476 4973 1781 5029 invocant:
1835 4989 2006 5044 quare

421 5060 583 5129 etiam
600 5061 1039 5129 profundissimm
1055 5063 1204 5131 pacis
1220 5073 1501 5133 compotes
1514 5071 2000 5133 evaserunl,quan-

421 5149 492 5204 do
523 5168 627 5204 non
655 5153 889 5222 amplius
911 5154 1237 5223 multiplices
1258 5155 1619 5225 principatus,
1659 5174 1678 5207 ι
1704 5171 1881 5225 neque
1911 5171 1999 5210 re-

421 5257 531 5313 gna
561 5257 656 5311 per
682 5242 802 5297 loca
847 5254 1171 5312 cernuntur,
1210 5263 1387 5318 neque
1423 5264 1556 5318 gens
1586 5249 1849 5305 adversus
1870 5264 2001 5317 gen-

425 5350 529 5408 ._em
560 5334 798 5404 gladium
828 5336 1021 5402 sumit,
1053 5355 1232 5409 neque
1261 5348 1322 5394 ut
1353 5350 1511 5400 antea
1536 5341 1743 5396 mutuis
1768 5341 1912 5394 inter
1942 5355 2002 5395 se

424 5425 579 5480 hellis
611 5427 853 5492 student,
890 5429 988 5483 sed
1026 5432 1269 5502 agricola
1312 5433 1491 5487 omnis
1523 5433 1627 5488 sub
1671 5435 1779 5490 vite
1815 5439 1869 5487 et
1897 5433 2001 5487 sub

421 5515 525 5592 (neu
544 5533 641 5591 sua
663 5519 1144 5595 quiescit,nemine
1168 5522 1290 5585 illos
1304 5530 1632 5591 exterrente,
1646 5542 1666 5577 ι
1696 5524 1842 5581 sicut
1866 5539 1998 5596 pro-

493 5697 537 5741 ’τ
579 5698 768 5764 Matth.
806 5718 991 5773 xxvu,
1023 5705 1112 5762 25.

2122 4511 2237 4579 Ἐφ’
2266 4503 2310 4577 ᾧ
2341 4511 2510 4582 μυρία
2541 4511 2719 4582 πλήθη
2746 4511 2912 4575 λαῶν,
2950 4513 3077 4583 ἔθνη
3109 4530 3168 4565 τε
3201 4519 3429 4567 παντοῖα
3459 4516 3570 4568 τῶν
3601 4533 3697 4569 πα-
3800 4526 3801 4551 ‘

2109 4604 2276 4675 τρίων
2304 4604 2616 4658 ἀποστάντα
2649 4604 2807 4668 θεῶν,
2839 4606 2933 4658 καὶ
2960 4606 3061 4675 τῆς
3095 4607 3328 4669 παλαιᾶς
3370 4608 3697 4680 δεισιδαίμο-

2110 4711 2198 4758 νος
2228 4693 2454 4765 πλάνης,
2483 4694 2573 4746 τὸν
2596 4695 2688 4746 ἐπὶ
2711 4694 2927 4747 πάντων
2954 4695 3087 4747 Θεὸν
3108 4695 3477 4749 ἀνακαλεῖται·
3497 4694 3586 4749 διὸ
3618 4701 3701 4751 καὶ

2111 4784 2439 4855 κατηξίωται
2473 4784 2573 4855 τῆς
2609 4784 2913 4857 βαθυτάτης
2961 4787 3203 4857 εἰρήνης,
3241 4785 3317 4848 ὡς
3355 4787 3562 4856 μηκέτι
3617 4804 3702 4840 πο-

2111 4878 2373 4949 λυαρχίας
2406 4872 2562 4940 εἶναι,
2599 4897 2618 4928 ‹
2660 4878 2792 4949 μηδέ
2822 4877 3098 4948 βασιλείας
3130 4877 3271 4930 κατά
3309 4878 3531 4941 τόπους,
3580 4879 3701 4951 μηδέ

2112 4969 2260 5034 ἔθνος
2288 4970 2374 5024 ἐπ’
2408 4971 2558 5034 ἔθνος
2595 4971 2866 5043 ῥομφαίαν
2896 4973 3089 5043 αἱρεῖν,
3128 4971 3269 5041 μηδ’,
3316 4971 3395 5033 ὠς
3439 4970 3504 5023 τὸ
3557 4971 3697 5035 πρὶν,

2111 5062 2365 5133 πολέμοις
2396 5066 2506 5127 τοῖς
2547 5065 2665 5117 κατ’
2704 5064 2948 5136 ἀλλήλων
2986 5063 3289 5134 σχολάζειν,
3322 5062 3697 5119 ἀναπαύεσθαι

2108 5152 2165 5207 δὲ
2216 5154 2322 5207 τῶν
2372 5154 2630 5226 γεωργῶν
2686 5154 2913 5208 ἕκαστον
2967 5152 3224 5207 ὑποκάτω
3279 5153 3552 5224 ἀμπέλου,
3615 5151 3695 5204 καὶ

2110 5246 2367 5301 ὑποκάτω
2391 5248 2559 5318 συκῆς
2585 5246 2769 5309 αὐτοῦ,
2796 5246 3022 5316 μηδενὸς
3044 5244 3403 5314 ἐκφοϐοῦντος
3424 5244 3647 5307 αὐτοὺς,
3674 5258 3690 5289 ο

2109 5339 2250 5394 κατὰ
2278 5341 2378 5412 τὴν
2415 5339 2771 5410 προφητείαν.
2806 5333 2903 5391 Ὧν
2937 5338 3108 5400 οὓτως
3138 5337 3246 5390 οὐδ’
3286 5336 3475 5390 ἄλλοτὲ
3522 5354 3609 5389 πω
3640 5331 3691 5396 ἐξ

2106 5431 2299 5495 αἰῶνος
2336 5431 2617 5504 πρότερον,
2646 5430 2678 5501 ἢ
2712 5428 2852 5484 κατά
2882 5428 2975 5500 τὴν
3008 5428 3115 5481 τῶν
3147 5428 3436 5498 Ῥωμαίων
3472 5425 3688 5497 ἐπικρά-

2105 5540 2262 5595 τησιν
2296 5522 2402 5577 ἀπὸ
2431 5523 2537 5577 τῶν
2568 5521 2774 5595 χρόνων
2821 5521 2922 5592 τῆς
2963 5518 3279 5590 ἐπιφανείας
3306 5519 3399 5572 τοῦ
3440 5518 3681 5589 Σωτῆρος
