3820 6220
112 270 211 322 637

1000 262 1658 322 DEMONSTRATIONIS
1695 256 2158 317 EVANGELICE
2190 256 2323 315 LIB.
2367 255 2510 313 γιιι.

3284 252 3389 309 638

108 381 264 453 ἡμῶν
315 381 411 435 καὶ
467 380 548 444 εἰς
587 377 753 450 δεῦρο
800 377 1260 448 συντελουμένων,
1307 376 1708 449 ἀναμφίλεκτον
1740 377 1784 430 Α
1813 372 1983 443 phetia

1832 372 1993 428 ihetia
2023 370 2372 440 praedixerat.
2397 367 2528 435 Qua:
2556 380 2680 420 cum
2705 363 2786 419 sic
2809 378 3087 434 nunquam
3109 363 3247 417 alias
3266 372 3390 418 ante

107 474 347 546 ἡγοῦμαι
376 473 480 544 τὴν
508 469 781 535 ἀπόδειξιν
812 469 1093 540 εἰληφέναι
1125 470 1219 523 τὸν
1264 471 1457 542 χρόνον
1495 472 1591 541 τῆς
1616 468 1705 525 θε-

109 564 448 637 σπιζομένης
474 565 557 627 εἰς
586 561 908 634 ἀνθρώπους
931 561 1022 615 τοῦ
1051 564 1259 635 Κυρίου
1291 565 1613 637 παρουσίας.

1809 479 1839 519 a
1869 462 2089 517 condito
2134 476 2270 524 aevo,
2309 461 2413 515 nisi
2461 467 2584 529 post
2614 459 2906 513 adventum
2955 454 3256 524 salvatoris
3292 470 3392 508 no-

1811 555 1935 615 stri,
2001 552 2265 615 Romanis
2327 551 2616 621 imperium
2675 548 3072 615 obtinentibus,
3125 544 3190 598 ad
3246 545 3393 599 hunc

117 671 296 726 usque
333 655 480 710 diem
509 652 865 723 contigerint,
899 652 1207 709 indubitata
1261 655 1731 711 demonstratione
1767 657 2052 706 Ostensum
2096 658 2220 699 esse
2257 643 2494 698 arbitror
2523 642 2665 711 ejus,
2706 655 2867 710 quem
2921 639 3199 710 propheta:
3233 652 3394 693 cane-

105 750 263 811 bant,
300 746 523 803 Domini
559 746 832 802 adventus
854 745 922 800 ad
955 745 1230 815 homines,
1266 758 1505 819 tempus.

116 907 263 966 ’Axd
274 908 385 962 τσῦ
400 908 794 978 Ζαχαρίου-ξ
810 907 1031 977 Σημεῖα
1052 909 1286 976 χρόνων
1299 908 1533 978 τῆς-τοῦ
1559 911 1705 967 Θεοῦ

175 979 379 1049 Λόγου
452 981 539 1044 εἰς
566 976 929 1049 κάνθρώπους
956 981 1331 1049 παρουσίας,
1362 976 1602 1049 πλῆσίς
1644 999 1708 1035 τε

173 1047 396 1111 ἐθνῶν,
420 1048 652 1116 ὑστάτη
682 1064 748 1101 τε
785 1048 1133 1123 καθαίρεσις
1161 1048 1268 1117 τῆς
1303 1047 1704 1120 Ἰερουσαλήμ.

180 1183 201 1215 ι
243 1163 467 1235 Τέρπου
499 1161 595 1214 καὶ
625 1160 943 1233 εὐφραίνου,
976 1159 1214 1232 θύγατερ
1244 1161 1402 1227 Σιὼν,
1433 1163 1565 1217 διότι
1603 1164 1709 1217 ἰδοὺ

106 1256 221 1326 ἐγὼ
254 1256 516 1329 ἔρχομαι,
557 1255 653 1307 καὶ
684 1252 1098 1324 κατασκηνώσω
1141 1255 1198 1313 ἐν
1237 1255 1387 1331 μέσῳ
1418 1274 1533 1319 σου,
1563 1256 1713 1326 λέγει

107 1347 343 1419 Κύριος.
380 1346 492 1400 Καὶ
519 1342 951 1414 καταφεύξονται
990 1343 1116 1417 ἔθνη
1149 1345 1320 1404 πολλὰ
1357 1349 1450 1401 ἐπὶ
1477 1348 1568 1401 τὸν
1600 1349 1715 1403 Κύ-

108 1457 227 1512 ριον
258 1441 324 1493 ὲν
352 1441 418 1509 τῇ
450 1437 633 1511 ἡμέρᾳ
675 1437 883 1509 ἐκείνῃ,
909 1436 1006 1491 καὶ
1034 1436 1249 1495 ἔσονται
1281 1441 1429 1511 αὐτῷ
1452 1442 1531 1505 εἰς
1562 1440 1710 1508 λαὸν,

108 1529 204 1582 καὶ
229 1526 753 1599 κατασκηνώσουσιν
780 1529 838 1580 ὲν
868 1526 1018 1598 μέσῳ
1045 1545 1159 1592 σου,
1183 1531 1278 1584 καὶ
1321 1532 1599 1605 ὲπιγνώσῃ
1630 1535 1712 1587 ὅτι

108 1619 324 1692 Κύριος
351 1620 748 1691 παντοκράτωρ
772 1617 1142 1683 ὲξαπέσταλκέ
1173 1638 1239 1691 με
1274 1623 1411 1694 πρὸς
1440 1624 1521 1677 σέ.
1551 1644 1571 1675 ο
1603 1625 1712 1677 Kal

111 1710 235 1782 μεθ’
261 1710 433 1783 ἕτερα
459 1712 684 1764 πλεῖστα
706 1711 906 1782 μεταξῦ
930 1712 1171 1782 ἐπιλέγει
1194 1731 1207 1744 °
1236 1732 1257 1766 ε
1293 1717 1461 1789 Χαῖρε
1486 1717 1712 1788 σφόδρα.

1815 899 1858 953 Α
1916 895 2200 963 ΖαεΙιατξα.
2234 924 2303 934 -
2336 892 2501 963 Signa
2553 901 2844 963 temporum
2886 889 2984 943 Dei
3034 888 3103 959 ad
3155 889 3393 963 homines

1890 960 2182 1026 adventus,
2224 974 2272 1019 et
2313 960 2517 1017 vacatio
2556 960 2825 1033 gentium,
2866 970 3200 1031 extremaque
3245 960 3392 1015 urbis

1890 1038 2192 1094 Jerusalem
2220 1035 2442 1089 eversio.

1896 1167 1913 1199 ι
1947 1146 2132 1202 Gaude
2171 1151 2225 1199 et
2263 1143 2482 1205 laetare,
2525 1139 2632 1193 ﬁlia
2670 1136 2827 1202 Sion,
2862 1139 2989 1209 quia
3024 1152 3154 1193 ecce
3186 1152 3287 1208 ego
3304 1152 3398 1192 ve-

1821 1242 1910 1296 nio
1935 1282 1949 1303 ,
1982 1249 2036 1296 et
2066 1237 2328 1293 habitabo
2363 1236 2417 1289 in
2454 1232 2635 1287 medio
2677 1232 2787 1294 tui,
2827 1231 2964 1286 dicit
3000 1230 3289 1286 Dominus.
3331 1228 3399 1283 Et

1819 1336 2141 1405 confugient
2171 1338 2362 1404 gentes
2396 1328 2583 1402 multae
2617 1326 2684 1380 ad
2720 1325 3012 1380 Dominum
3044 1326 3102 1378 in
3140 1323 3230 1379 die
3266 1323 3355 1377 illa
3381 1362 3396 1387 ,

1819 1439 1873 1485 et
1910 1434 2075 1484 erunt
2109 1428 2157 1481 ei
2198 1425 2254 1478 in
2296 1423 2579 1493 populum.
2635 1419 2703 1473 Et
2754 1417 3083 1472 habitabunt
3123 1416 3178 1469 in
3217 1414 3400 1469 medio
3512 1424 3517 1428 ‘

1822 1526 1901 1580 tui
1936 1544 1950 1578 :
1992 1531 2047 1577 et
2087 1533 2393 1590 cognosces
2431 1516 2581 1588 quod
2617 1514 2885 1570 Dominus
2919 1511 3267 1581 omnipotens
3298 1508 3402 1564 mi-

1820 1618 1892 1673 sit
1921 1631 2009 1670 me
2042 1613 2110 1668 ad
2143 1619 2196 1667 te
2227 1611 2294 1665 ⁸⁸.
2338 1630 2356 1663 i
2387 1608 2453 1663 Et
2487 1615 2614 1689 post
2645 1606 2750 1660 alia
2781 1604 3018 1675 plurima
3050 1617 3172 1673 qua:
3201 1600 3256 1654 in
3284 1615 3402 1655 me-

1823 1708 1913 1763 dio
1940 1706 2112 1778 ponit,
2136 1701 2381 1773 adiungit
2405 1720 2417 1755 ε
2444 1718 2462 1751 ι
2492 1698 2680 1754 Gaude
2703 1696 3076 1763 vehementer,
3103 1693 3213 1747 lilia
3241 1691 3398 1745 Sion.

109 1782 371 1875 θύγατερ
397 1802 557 1867 Σιὼν,
591 1805 855 1875 κήρυσσε,
894 1802 1132 1876 θύγατερ
1177 1782 1568 1878 Ἰερουσαλήμ-ο
1605 1782 1713 1863 ἰδοὺ
1744 1827 1788 1885 Β
1826 1798 1977 1854 ΡΙ·ωά

1832 1798 2066 1854 Praadica
2088 1837 2103 1860 ,
2140 1796 2249 1849 ﬁlia
2282 1792 2584 1848 Jerusalem
2614 1806 2629 1842 :
2667 1803 2797 1844 ecce
2828 1784 2943 1842 Rex
2971 1793 3101 1841 tuus
3128 1785 3277 1839 venit
3301 1782 3402 1837 tibi

107 1900 137 1950 6
166 1894 428 1967 βασιλεύς
464 1914 558 1949 σου
588 1895 806 1969 ἔρχεταί
834 1914 915 1950 σοι
942 1898 1151 1962 δίκαιος
1190 1901 1284 1953 καὶ
1318 1900 1526 1966 σώζων,
1558 1904 1719 1965 αὐτὸς

112 1988 298 2059 πραῢς
328 1990 426 2042 καὶ
450 1989 798 2058 ἐπιϐεϐηκὼς
816 1992 910 2044 ἐπὶ
938 1992 1231 2060 ὑποζύγιον
1259 1993 1353 2046 καὶ
1380 1993 1556 2047 πῶλον
1576 1995 1717 2049 νέον.

112 2080 226 2145 Καὶ
255 2078 636 2152 ὲξολοθρεύσει
666 2081 892 2153 ἅρματα
937 2082 997 2148 ἐξ
1038 2084 1299 2156 Ἐφραῖμ,
1334 2085 1429 2138 καὶ
1464 2085 1630 2139 ἵππον
1663 2085 1723 2150 ἐξ

119 2173 496 2245 Ἰερουσαλήμ
513 2190 527 2203 ο
564 2174 658 2227 καὶ
685 2173 867 2239 ὲξολοθ
877 2175 1198 2246 ρευθήσεται
1221 2177 1372 2243 τόξον
1402 2177 1721 2248 πολεμικὸν,

111 2265 209 2335 καὶ
236 2265 451 2336 πλῆθος
487 2266 712 2336 εἰρήνης
740 2264 800 2329 ἐξ
831 2265 1026 2320 ὲθνῶν.
1052 2268 1163 2321 Kal
1197 2267 1455 2339 κατάρξει
1487 2269 1594 2322 ἀπὸ
1624 2269 1722 2323 θα-

112 2353 330 2425 λάσσης
351 2353 460 2416 ἕως
487 2353 785 2424 θαλάσσης,
826 2355 921 2407 καὶ
964 2355 1074 2409 ἀπὸ
1103 2357 1362 2426 ποταμῶν
1401 2356 1466 2409 δι’
1495 2358 1724 2423 ἐκϐολὰς

110 2443 241 2515 γῆς.
281 2462 302 2495 ι
333 2443 521 2496 Ταῦτα
551 2444 800 2515 περὶτῆς
822 2445 917 2498 τοῦ
954 2445 1208 2517 Σωτῆρος
1233 2446 1391 2517 ἡμῶν
1421 2448 1725 2519 παρουσίας

113 2534 392 2599 θεσπίσας
429 2535 523 2587 καὶ
546 2534 640 2588 νῦν
668 2536 696 2587 6
720 2535 897 2603 λόγος,
936 2535 1055 2607 μεθ’
1088 2536 1251 2609 ἕτερα
1288 2539 1417 2610 περὶ
1444 2539 1542 2609 τῆς
1566 2541 1726 2610 ἐσχά-

110 2644 214 2698 της
265 2625 609 2698 ἐρημώσεως
651 2628 753 2699 τῆς
804 2628 1179 2701 Ἰερουσαλὴμ,
1230 2630 1350 2683 τοτὲ
1406 2631 1503 2702 μὲν
1544 2633 1726 2685 ἐπικε-

113 2718 465 2790 κρυμμένως
508 2719 604 2773 καὶ
639 2719 706 2773 δι’
744 2720 1106 2792 αἰνιγμάτων,
1153 2721 1274 2775 τοτὲ
1304 2720 1360 2774 δὲ
1398 2722 1726 2788 ἀκαλύπτως

112 2812 512 2883 ἀναφωνεῖ·δι’
546 2813 888 2883 αἰνιγμάτων
925 2812 1024 2882 μὲν
1047 2814 1106 2866 ὲν
1151 2806 1232 2877 οἷς
1263 2830 1425 2882 φησι·
1463 2833 1481 2864 ‹
1518 2815 1728 2867 Διάνοιο

114 2904 231 2970 ξον,
257 2905 288 2956 6
319 2902 575 2968 Λίϐανος,
602 2904 701 2967 τὰς
739 2903 915 2966 πύλας
939 2920 1054 2969 σου,
1102 2904 1199 2955 καὶ
1227 2905 1591 2973 καταφαγέτω
1616 2904 1727 2977 πῦρ

114 2996 219 3059 τὶς
250 2995 483 3069 κέδρους
528 3013 642 3050 σου.
687 2995 1023 3062 Ὀλολυξάτω
1066 2997 1244 3061 πίτυς,
1294 2996 1428 3049 διότι
1470 2997 1726 3051 πέπτωκε

116 3089 339 3159 κέδρος,
387 3087 525 3141 διότι
573 3089 826 3159 μεγάλως
883 3090 1205 3159 μεγιστᾶνες
1254 3090 1724 3162 ἐταλαιπώρησαν.

1822 1889 2011 1960 justus
2049 1893 2104 1941 et
2145 1883 2415 1948 Salvator,
2472 1882 2589 1951 ipse
2637 1887 2958 1934 mansuetus
3008 1883 3063 1931 et
3110 1872 3401 1954 impositus

1826 1996 1996 2051 super
2017 1979 2329 2050 jumcntum
2363 1983 2416 2030 et
2443 1974 2650 2048 pullum
2680 1971 3103 2027 adolescentem.
3130 1967 3194 2020 Et
3220 1966 3406 2037 perdet

1824 2087 2023 2128 currus
2060 2056 2125 2125 ei
2167 2068 2442 2139 Ephrem,
2483 2072 2538 2121 et
2574 2079 2774 2134 equum
2838 2078 2906 2117 ex
2957 2059 3296 2116 Jerusalem:
3350 2063 3407 2114 et

1824 2165 2086 2236 perdetur
2124 2178 2288 2216 arcus
2326 2160 2599 2217 bellicus.
2643 2164 2697 2212 et
2746 2154 3085 2209 abundantia
3138 2152 3291 2223 pacis
3338 2167 3404 2206 ex

1826 2257 2099 2328 gentibus.
2141 2252 2209 2307 Et
2248 2251 2620 2323 principatum
2661 2247 2935 2303 obtinebit
2981 2261 3009 2299 a
3059 2244 3196 2299 mari
3234 2259 3407 2313 usque

1826 2348 1893 2402 ad
1925 2361 2077 2401 mare
2096 2385 2110 2407 ,
2144 2351 2197 2399 et
2224 2358 2254 2395 a
2283 2341 2605 2396 ﬂuminibus
2638 2353 2735 2408 per
2763 2335 3070 2405 ejectiones
3099 2340 3263 2387 terra:
3290 2333 3356 2386 ”.
3383 2351 3402 2382 ι

1827 2439 1951 2494 Haec
2006 2438 2098 2492 ubi
2149 2436 2217 2491 de
2265 2433 2573 2489 Salvatoris
2626 2429 2802 2485 nostri
2851 2429 3091 2483 adventu
3132 2426 3238 2481 hoc
3277 2425 3407 2479 item

1827 2534 1949 2586 loco
1984 2529 2267 2585 oraculum
2309 2526 2553 2589 cecinit;
2593 2532 2711 2578 tum
2754 2529 2878 2592 post
2910 2522 3017 2575 alia
3056 2534 3179 2590 quae
3232 2519 3408 2573 inter-

1829 2620 2025 2691 ponit,
2071 2619 2237 2673 etiam
2282 2616 2350 2670 de
2397 2621 2640 2669 extrema
2693 2610 2996 2666 Jerusalem
3041 2609 3407 2675 desolatione,

1826 2727 1975 2767 nunc
2025 2709 2244 2766 occulte
2297 2722 2361 2762 ac
2415 2721 2514 2777 per
2568 2705 2839 2759 obscuros
2889 2718 3207 2770 sermones,
3262 2717 3411 2756 nunc

1827 2802 2085 2875 explicita
2113 2809 2279 2872 atque
2311 2804 2500 2869 aperte
2525 2798 2694 2852 verba
2730 2795 2891 2859 facit,
2923 2796 3158 2850 obscure
3189 2793 3405 2864 quidem

1830 2911 1895 2950 ac
1929 2894 2178 2966 ﬁgurate,
2211 2892 2302 2948 ubi
2334 2892 2448 2946 ait:
2481 2889 2650 2962 408
2680 2907 2698 2939 ι
2731 2888 2929 2959 Aperi,
2958 2887 3194 2955 Libane,
3221 2895 3411 2959 portas

1829 2996 1953 3045 tuas
1974 3030 1988 3054 ,
2021 2996 2075 3044 et
2107 2987 2357 3043 comedat
2397 2986 2537 3056 ignis
2576 2984 2770 3040 cedros
2810 2992 2958 3041 tuas.
2988 2982 3170 3039 Ululet
3208 2983 3371 3054 pinus
3392 3022 3409 3047 ,

1830 3084 2088 3153 quoniam
2123 3080 2321 3135 cecidit
2353 3078 2552 3133 cedrus
2577 3117 2591 3140 ,
2624 3078 2881 3147 quoniam
2927 3092 3257 3147 magnopere
3296 3063 3413 3130 ma-

131 3177 486 3243 Ὀλολύξατε,
529 3178 688 3250 δρύες
732 3179 832 3251 τῆς
871 3179 1237 3244 Βασανίτιδος,
1275 3181 1726 3255 ὄτικατεσπάσθη
1756 3187 1797 3243 C
1831 3178 1983 3249 guiﬁt

1832 3177 2013 3249 guiﬁci
2048 3176 2229 3230 alllicti
2271 3181 2421 3230 sunt.
2461 3171 2678 3227 Ululate
2702 3213 2716 3232 ,
2759 3187 2997 3243 quercus
3035 3170 3365 3226 Basanitidis
3392 3210 3408 3236 ,

119 3271 150 3322 6
181 3269 394 3341 δρυμὸς
438 3270 467 3321 6
501 3269 812 3340 σύμφυτοςο
858 3268 1009 3342 φωνὴ
1048 3270 1388 3343 θρηνούντων
1428 3273 1721 3344 ποιμένων,

120 3358 209 3421 ὅτι
257 3356 747 3429 τεταλαιπώρηκεν
797 3359 831 3430 ἡ
896 3360 1252 3432 μεγαλωσύνη
1312 3362 1524 3415 αὐτῶν·
1574 3363 1724 3432 φωνὴ

123 3450 465 3521 ῲρυομένων
490 3448 741 3515 λεόντων,
769 3451 853 3504 ὅτι
886 3452 1331 3525 τεταλαιπωρηκε
1363 3454 1424 3507 τὸ
1463 3454 1727 3526 φρύαγμα

123 3538 221 3605 τοῦ
256 3538 552 3610 Ἰορδάνου.
587 3558 606 3590 ι
645 3540 832 3596 Ταῦτα
880 3542 977 3613 μὲν
1008 3544 1077 3597 δι’
1118 3546 1485 3616 αἰνιγμάτων·
1536 3547 1632 3617 τὴν
1670 3546 1727 3599 δὲ

123 3629 337 3703 τούτων
385 3629 684 3702 ἑρμηνείαν
729 3632 1126 3699 ἀνακαλύπτως
1166 3637 1195 3688 ὁ
1233 3636 1392 3700 αὐτὸς
1446 3639 1728 3709 προφήτης

126 3725 387 3797 ἐπιφέρει
442 3724 651 3794 λέγωντ
698 3745 718 3778 ι
760 3727 895 3782 Ἰδοὺ
934 3727 1046 3798 ἐγὼ
1084 3728 1276 3799 τίθημι
1316 3729 1418 3799 τὴν
1462 3730 1728 3800 Ἰερουσα-

124 3815 239 3889 λὴμ
266 3816 347 3879 ὡς
380 3816 643 3889 πρόπυλα
676 3817 1013 3888 σαλευόμενα
1062 3819 1236 3873 ἅπασι
1287 3822 1402 3884 τοῖς
1447 3820 1594 3884 λαοῖς
1636 3819 1732 3873 κύ-

127 3908 264 3978 κλῳ,
303 3908 400 3961 καὶ
434 3909 494 3960 ὲν
524 3910 591 3979 τῇ
629 3908 892 3981 ’Ῑουδαίᾳο
932 3910 1027 3962 καὶ
1058 3909 1208 3964 ἔσται
1241 3909 1470 3983 περιοχὴ
1507 3911 1600 3965 ἐπὶ
1633 3911 1730 3964 Ἰε-

129 3997 439 4073 ρουσαλήμ.
472 3997 586 4064 Καὶ
620 3996 773 4051 ἔσται
817 4000 875 4052 ὲν
922 3999 990 4070 τῇ
1043 3997 1229 4069 ἡμέρᾳ
1256 3998 1459 4070 ἐκείνῃ,
1494 3997 1732 4068 θήσομαι

126 4090 229 4162 τὴν
279 4090 645 4163 Ἰερουσαλὴμ
697 4090 845 4144 λίθον
901 4090 1384 4163 καταπατούμενον
1438 4092 1572 4144 πᾶσι
1621 4094 1733 4155 τοῖς

128 4180 330 4234 ἔθνεσι.
366 4182 487 4245 Πᾶς
517 4183 546 4247 6
577 4180 909 4241 καταπατῶν
943 4180 1111 4253 αὐτὴν
1141 4181 1426 4251 ὲμπαίζων
1473 4181 1736 4253 ὲμπαίξε-

126 4288 239 4333 ται,
271 4273 371 4326 καὶ
399 4273 937 4344 ἐπισυναχθήσονται
966 4275 1054 4327 ἐπ’
1081 4273 1251 4345 αὐτὴν
1294 4274 1472 4327 πάντα
1504 4273 1571 4326 τὰ
1605 4273 1730 4345 ἔθνη

127 4363 229 4433 τῆς
272 4364 401 4434 γῆς.
448 4384 467 4416 ι
500 4364 607 4418 Καὶ
646 4362 785 4433 μετὰ
836 4362 1042 4436 βραχέα
1077 4364 1351 4432 ἐπιλέγειο
1393 4384 1411 4415 ι
1453 4365 1564 4418 Kal
1615 4367 1736 4417 έπι-

131 4453 425 4523 ϐλέψονται
453 4454 593 4524 πρὸς
625 4455 715 4525 μὲ,
749 4455 865 4509 ἀνθ’
913 4450 989 4510 ὧν
1031 4456 1455 4528 κατωρχήσαντο
1475 4472 1488 4486 ο
1523 4456 1616 4509 καὶ
1644 4456 1734 4508 κό-

129 4546 329 4616 ψονται
360 4547 449 4598 ἐπ’
484 4545 646 4601 αὐτὸν
677 4547 906 4601 κοπετὸν
931 4547 1005 4612 ὡς
1034 4549 1121 4601 ἐπ’
1151 4526 1441 4617 ἀγαπητῷ,
1488 4547 1581 4601 καὶ
1614 4546 1735 4600 όδύ-
1765 4526 1809 4581 D

128 4654 230 4709 νην
259 4638 338 4702 ὡς
366 4637 464 4691 ἐπὶ
498 4639 848 4710 πρωτοτόκῳ.
891 4639 979 4692 Ἑν
1011 4641 1076 4711 τῇ
1122 4638 1304 4711 ἡμέρᾳ
1329 4638 1511 4710 ἐκείνῃ
1565 4656 1733 4709 μεγα-

130 4730 462 4805 λυνθήσεται
532 4734 561 4785 6
619 4733 848 4796 κοπετὺς
906 4732 1263 4803 Ἰερουσαλὴμ
1286 4771 1301 4795 ,
1367 4732 1443 4795 ὡς
1503 4731 1732 4795 κοπετὸς

143 4823 379 4887 Ῥοῶνος
422 4825 481 4876 ὲν
516 4822 682 4894 πεδίῳ
718 4822 1145 4894 ἑκκοπτομένου.
1184 4824 1296 4877 Kal
1338 4822 1561 4893 κόψεται
1593 4825 1625 4893 ή
1659 4824 1728 4893 γῆ

133 4912 277 4967 κατὰ
313 4913 511 4981 φυλὰς,
546 4912 687 4984 φυλὴ
730 4911 880 4965 οἴκου
913 4912 1078 4966 Δαϐὶδ
1126 4911 1245 4965 καθ’
1297 4911 1514 4981 ἑαυτὴν,
1547 4913 1642 4965 καὶ
1675 4913 1731 4965 αἰ

134 5006 396 5071 γυναῖκες
424 5004 606 5056 αὐτῶν
634 5002 758 5057 καθ’
784 5004 1016 5067 ἐαυτάς’
1045 5003 1185 5075 φυλὴ
1217 5003 1367 5057 οἴκου
1393 5002 1579 5077 Νάθαν
1613 5003 1734 5058 καθ’

134 5096 359 5167 ἑαυτὴν,
389 5096 484 5149 καὶ
532 5096 590 5148 αἰ
637 5097 895 5163 γυναῖκες
938 5094 1117 5149 αὐτῶν
1158 5094 1281 5149 καθ’
1326 5094 1556 5158 ἑαυτάς⁸
1593 5094 1734 5166 φυλὴ

134 5187 286 5241 οἴκου
321 5186 457 5240 Aen?
491 5186 615 5240 καθ’
647 5185 868 5257 ἑαυτὴν,
902 5186 999 5240 καὶ
1035 5188 1090 5240 αἰ
1121 5188 1379 5254 γυναῖκες
1412 5187 1589 5240 αὐτῶν
1613 5186 1735 5240 καθ’

132 5278 373 5341 ἑαυτάςσ
417 5276 561 5348 φυλὴ
603 5276 697 5331 τοῦ
745 5276 972 5349 Συμεὼν
1013 5277 1134 5332 καθ’
1167 5276 1385 5348 έαυτὴν,
1415 5277 1508 5332 καὶ
1549 5278 1605 5331 αἰ
1634 5295 1734 5346 γυ-

133 5371 324 5433 ναῖκες
351 5368 536 5423 αὐτῶν
566 5369 690 5423 καθ’
719 5368 918 5432 ἑαυτάς
937 5386 950 5399 ·
985 5370 1156 5423 πᾶσαι
1196 5371 1251 5432 αἱ
1279 5368 1734 5440 ὑπολελειμμέναι

133 5462 327 5532 φυλαὶ,
357 5461 504 5534 φυλὴ
533 5460 656 5514 καθ’
683 5458 903 5531 ἑαυτὴν,
933 5460 1024 5513 καὶ
1046 5460 1102 5513 αἱ
1121 5462 1377 5529 γυναῖκες
1405 5459 1585 5512 αὐτῶν
1610 5459 1732 5513 καθ’

134 5553 358 5616 ἑαυτάς.
410 5569 430 5603 ι
481 5550 595 5605 Kal
643 5550 805 5605 πάλιν
847 5549 966 5621 μεθ’
1014 5549 1177 5623 ἕτερα
1227 5550 1325 5622 τὴν
1356 5550 1591 5621 ἐσχάτην
1636 5551 1737 5622 τῆς

148 5643 511 5717 Ἰερουσαλὴμ
537 5642 856 5715 πολιορκίαν
877 5642 1210 5717 σαφέστερον
1229 5642 1508 5716 κηρύττει,
1537 5643 1729 5712 λέγων⁸

211 5803 257 5835 ’⁸
298 5799 467 5856 Zach.
499 5814 567 5866 ιι,
614 5799 791 5867 ιο,ιι.
871 5800 914 5833 ’⁸
954 5795 1185 5854 Zachar.
1221 5815 1273 5855 ix
1301 5842 1314 5868 ,

1403 5798 1458 5867 9,
1484 5800 1565 5857 ιο.
1646 5801 1658 5833 ¹
1703 5798 1929 5856 Zachar.
1970 5815 2059 5869 τι,
2100 5801 2217 5858 1-3.
2297 5801 2317 5832 ²
2359 5798 2589 5856 Zuchar.
2624 5814 2735 5867 xu,
2774 5797 2829 5863 2,
2857 5797 2911 5853 '5.

1826 3270 2086 3341 quoniam
2113 3267 2409 3322 convulsus
2435 3272 2518 3320 est
2542 3264 2717 3319 saltus
2745 3264 3018 3319 consitus.
3050 3262 3170 3317 Vox
3196 3263 3407 3316 lamen-

1828 3362 2063 3416 tanlium
2090 3366 2371 3430 pastorum
2392 3398 2405 3421 ,
2433 3358 2694 3428 quoniam
2722 3356 2921 3410 amicta
2945 3363 3029 3412 est
3061 3354 3417 3424 magniﬁceno

1827 3455 1904 3508 tia
1936 3467 2146 3508 eorum.
2179 3449 2293 3505 Vox
2330 3450 2662 3520 rugientium
2708 3449 2960 3511 leonum,
2994 3448 3251 3517 quoniam
3282 3447 3417 3502 allii-

1829 3554 1918 3601 cta
1955 3553 2039 3599 est
2080 3542 2336 3613 superbia
2374 3541 2633 3596 Jordanis
2676 3541 2715 3594 ¹.
2750 3559 2768 3592 ι
2798 3538 2862 3593 Et
2901 3540 3017 3594 htec
3057 3539 3276 3609 quidem
3319 3555 3416 3609 per

1829 3639 2152 3708 mnigmata:
2182 3634 2279 3689 sed
2306 3649 2497 3689 eorum
2525 3632 3033 3702 interpretationem
3058 3640 3247 3701 aperte
3270 3630 3412 3684 idem

1830 3728 2098 3798 propheta
2132 3724 2415 3795 adjungit,
2456 3722 2650 3777 dicens
2678 3739 2690 3776 :
2729 3740 2747 3773 ι
2779 3720 2920 3775 Ecce
2951 3736 3051 3790 ego
3082 3734 3228 3790 pono
3255 3718 3416 3774 Jeru-

1832 3819 2000 3875 salem
2032 3827 2090 3871 ut
2118 3815 2388 3871 vestibula
2412 3829 2533 3883 qua:
2561 3812 2886 3882 quatiuntur
2912 3811 3168 3866 omnibus
3197 3810 3414 3880 populis

1832 3909 1885 3963 in
1921 3905 2154 3961 circuitu
2177 3944 2192 3969 ,
2227 3912 2281 3959 et
2319 3904 2370 3958 in
2407 3901 2592 3957 Judzea
2624 3921 2637 3957 :
2679 3908 2735 3956 et
2778 3901 2884 3955 erit
2930 3900 3174 3954 ambitus
3205 3901 3264 3953 in
3303 3899 3415 3954 cir-

1832 4001 1980 4055 cuitu
2016 4007 2209 4053 cont‘ra
2240 3995 2572 4052 Jerusalem.
2600 3996 2669 4048 Et
2696 3994 2804 4049 erit
2834 3994 2889 4049 in
2923 3993 3011 4049 die
3040 3993 3131 4047 illa
3156 4032 3173 4057 ,
3209 4007 3412 4063 ponam

1830 4091 2133 4147 Jerusalem
2187 4088 2459 4159 lapidem,
2511 4087 2607 4158 qui
2647 4086 3009 4141 conculcetur
3046 4086 3116 4139 ab
3153 4085 3414 4140 omnibus

1834 4185 2108 4255 gentibus.
2144 4182 2337 4239 Omnis
2368 4182 2461 4252 qui
2494 4180 2782 4235 conculcet
2821 4195 2974 4242 eam,
3019 4178 3254 4234 illudens
3290 4179 3415 4233 illuc

1833 4277 1990 4331 detur
2017 4294 2031 4330 :
2064 4281 2117 4328 et
2148 4272 2635 4343 congregabuntur
2664 4285 2829 4339 super
2854 4284 2972 4323 eam
3002 4284 3194 4323 omnes
3224 4275 3413 4336 gentes

1835 4375 1994 4421 terra!
2032 4369 2073 4420 ².
2115 4385 2132 4417 ι
2160 4364 2226 4417 Et
2259 4370 2381 4435 post
2416 4378 2589 4433 pauca
2630 4362 2919 4431 adjungit:
2963 4378 2982 4409 ε
3017 4358 3080 4412 Et
3116 4359 3413 4428 respicient

1837 4458 1904 4512 ad
1936 4472 2021 4511 me
2046 4496 2061 4520 ,
2102 4471 2264 4525 quem
2306 4454 2686 4516 conﬁxerunt,
2729 4458 3017 4521 propterea
3058 4448 3204 4517 quod
3244 4448 3415 4501 insul-

1838 4555 2091 4601 tavcrunt
2125 4564 2138 4601 :
2173 4553 2228 4601 et
2266 4546 2525 4615 plangent
2564 4558 2731 4612 super
2768 4558 2835 4596 eo
2898 4541 3177 4611 planctum
3223 4547 3283 4592 ut
3315 4555 3415 4594 su-

1839 4654 1936 4708 per
1964 4638 2179 4698 dilecto,
2199 4646 2252 4691 ut
2280 4636 2522 4690 dolorem
2540 4640 2599 4688 ut
2626 4648 2791 4703 super
2822 4632 3204 4703 primogenito.
3239 4631 3297 4684 ln
3330 4630 3428 4687 die

1839 4731 1929 4785 illa
1961 4728 2404 4801 magnilicabilur
2432 4729 2688 4798 planctus
2711 4724 3013 4780 Jerusalem
3037 4765 3052 4787 ,
3079 4731 3138 4777 ut
3166 4723 3427 4792 planctus,

1837 4822 2099 4877 Rhoonos
2143 4822 2195 4874 in
2236 4836 2431 4890 campo
2465 4820 2587 4890 ejus
2624 4819 2717 4889 qui
2756 4817 3048 4873 exciditur.
3095 4815 3160 4868 Et
3196 4816 3419 4885 planget

1838 4924 1983 4971 terra
2024 4914 2314 4968 tributim:
2359 4912 2539 4967 tribus
2578 4911 2776 4966 domus
2820 4907 2990 4963 David
3029 4923 3279 4963 seorsum
3306 4947 3321 4970 ,
3362 4913 3422 4965 ei

1837 5008 2098 5061 mulieres
2121 5020 2313 5060 eorum
2342 5019 2592 5059 seorsum
2620 5022 2633 5058 :
2659 5002 2839 5056 tribus
2867 5000 3063 5055 domus
3088 4998 3301 5061 Nathan
3330 5014 3419 5064 SC".

1838 5114 2025 5155 orsum
2046 5137 2061 5161 ,
2098 5104 2153 5153 et
2185 5096 2443 5151 mulieres
2471 5110 2662 5150 eorum
2695 5107 2945 5149 seorsum
2976 5109 2991 5155 ξ
3019 5090 3416 5162 tribusdomus

1837 5189 1968 5246 Levi
2019 5203 2303 5252 seorsum,
2354 5197 2409 5242 et
2461 5188 2726 5242 mulieres
2776 5199 2965 5247 eorum
2998 5198 3281 5247 seorsum:
3316 5180 3419 5234 tri-

1838 5280 1945 5336 bus
1971 5277 2191 5333 Simeon
2222 5292 2471 5332 seorsum
2495 5318 2508 5340 ,
2539 5287 2591 5331 et
2614 5276 2872 5329 mulieres
2903 5288 3092 5330 eorum
3122 5288 3368 5341 seorsum
3396 5289 3411 5326 :

1838 5388 2030 5427 omnes
2061 5371 2285 5441 reliqua:
2314 5370 2512 5429 tribus,
2544 5368 2722 5422 tribus
2753 5381 3002 5425 seorsum
3025 5405 3040 5427 ,
3070 5371 3124 5419 et
3155 5363 3416 5418 mulieres

1840 5477 2031 5518 eorum
2083 5476 2333 5517 seorsum
2362 5461 2403 5514 ⁸,
2435 5478 2454 5511 ι
2481 5457 2697 5513 Rursus
2744 5465 2870 5525 post
2920 5454 3063 5528 alia,
3111 5459 3413 5529 extremam

1839 5554 1991 5609 urbis
2029 5551 2332 5608 Jerusalem
2373 5551 2715 5606 obsidionem
2755 5547 2974 5618 planius
3001 5545 3270 5607 enuntiat,
3325 5543 3417 5599 di-

1848 5661 2020 5701 cens:
2059 5665 2076 5697 ο
2107 5644 2248 5700 Ecce
2284 5643 2404 5699 dies
2440 5644 2669 5698 veniunt
2706 5640 2963 5709 Domini,
3002 5645 3060 5711 et
3094 5637 3419 5711 dividentur.

2989 5798 3012 5832 ³
3047 5797 3181 5854 ibid.
3219 5796 3385 5853 {0-H
