3836 6220
477 273 585 327 639

475 383 649 453 spolia
686 389 783 436 tua
822 384 880 437 in
917 390 1005 445 te,
1037 388 1096 436 et
1132 380 1484 450 congregabo
1520 396 1715 434 omnes
1752 388 1947 449 gentes
1977 377 2046 431 ad
2078 381 2122 436 Α

472 472 778 529 Jemsalem
807 473 865 527 in
895 472 1098 526 bellum
1117 510 1134 535 ,
1160 479 1218 526 et
1252 472 1503 540 capietur
1540 471 1739 524 civitas
1762 509 1780 532 ,
1816 477 1877 523 et
1910 467 2049 520 diri-

476 566 695 634 piantur
719 563 954 625 domus,
988 572 1045 616 et
1075 563 1335 616 mulieres
1366 563 1699 631 polluentur,
1733 570 1787 615 et
1814 559 2055 630 egredie-

475 664 570 707 tur
617 654 905 708 dimidium
954 653 1198 707 civitatis
1252 651 1311 705 in
1366 652 1795 721 captivitatem:
1847 650 2050 719 reliqui

475 757 660 802 autem
694 747 764 802 de
792 747 995 817 populo
1026 762 1151 801 meo
1178 761 1291 800 non
1324 746 1581 815 peribunt
1610 745 1679 799 de
1710 746 1968 807 civitate,
1994 751 2051 797 et

473 838 789 909 egredietur
826 837 1126 899 Dominus,
1165 845 1223 891 et
1252 837 1661 905 comparabitur
1696 836 1763 889 ad
1802 836 2047 905 praelium

474 929 533 985 in
582 930 839 998 gentibus
885 929 1026 993 illis,
1072 929 1222 983 sicut
1269 928 1389 982 dies
1434 928 1607 997 praelii
1658 928 1780 995 ejus
1807 968 1823 989 ,
1864 928 1921 980 in
1958 926 2051 980 die

477 1020 603 1076 belli
628 1059 645 1085 ,
670 1029 743 1076 'et
778 1021 1009 1075 stabunt
1047 1020 1214 1090 pedes
1250 1020 1375 1088 ejus
1412 1021 1469 1075 in
1507 1019 1598 1074 die
1636 1021 1728 1073 illa
1768 1020 1825 1074 in
1864 1030 2049 1075 monte

473 1112 754 1168 Olivarum
802 1113 951 1183 quod
998 1122 1084 1168 est
1132 1121 1327 1167 contra
1377 1111 1682 1168 Jerusalem
1716 1113 1760 1165 ⁸.
1794 1131 1813 1163 ι
1842 1112 2048 1167 Deinde

472 1214 599 1274 post
634 1205 745 1258 alia
781 1219 906 1274 quae
943 1205 1001 1258 in
1041 1204 1222 1258 medio
1258 1204 1448 1274 ponit,
1488 1203 1605 1259 hac
1638 1206 1713 1258 ait
1744 1224 1758 1259 :
1789 1224 1808 1255 ι
1846 1203 1911 1258 Et
1941 1205 2047 1258 erit

475 1294 741 1350 Dominus
781 1311 960 1356 unus,
997 1303 1053 1350 et
1088 1310 1290 1350 nomen
1318 1296 1441 1364 ejus
1476 1312 1642 1349 unum
1677 1297 2047 1366 complectens

470 1403 687 1441 omnem
720 1396 925 1442 terram
956 1395 1011 1442 et
1039 1388 1315 1441 desertum
1348 1387 1393 1441 '.
1426 1407 1446 1439 ι
1482 1386 1650 1459 409
1679 1386 1893 1442 Rursus
1922 1397 2047 1459 post

473 1478 581 1531 alia
621 1478 752 1531 dum
791 1478 1095 1548 prophetia:
1133 1478 1274 1533 libro
1309 1478 1608 1534 terminum
1649 1481 1838 1549 ponit,
1875 1497 2045 1535 voca-

470 1568 673 1620 tionem
710 1567 952 1637 gentium
988 1567 1075 1623 his
1103 1568 1288 1623 verbis
1319 1568 1529 1622 divinat
1554 1588 1568 1623 :
1599 1589 1618 1619 ι
1653 1568 1720 1622 Et
1751 1571 1892 1635 erit,
1921 1573 2046 1641 qui-

470 1673 691 1727 cunque
739 1658 918 1712 relicti
962 1658 1168 1713 fuerint
1199 1674 1267 1713 ex
1305 1660 1564 1714 omnibus
1600 1661 1889 1730 gentibus.
1921 1678 2044 1732 qua:

472 1748 720 1804 venerint
747 1747 803 1803 in
826 1747 1128 1805 Jerusalem
1150 1791 1166 1815 ,
1194 1758 1250 1805 et
1275 1752 1573 1805 ascendant
1601 1753 1834 1822 singulis
1857 1756 2041 1817 annis.
2077 1740 2117 1793 Β

473 1847 531 1895 ιιι
560 1839 791 1895 adorent
816 1838 1018 1911 Regem
1050 1841 1341 1896 Dominum
1376 1845 1806 1915 omnipotentem
1824 1887 1842 1908 ,
1870 1858 1926 1902 et
1953 1863 2045 1903 ce.

470 1935 681 1988 lebrent
705 1933 849 1987 diem
881 1933 1082 1989 festum
1110 1933 1635 1992 Tabernaculorum.
1664 1938 1728 1990 Et
1754 1940 1890 2003 erit,
1915 1942 2042 2009 qui-

468 2038 686 2092 cunque
720 2039 832 2077 non
872 2024 1220 2079 ascenderint
1239 2042 1305 2079 ex
1328 2028 1584 2085 omnibus
1608 2030 1862 2085 tribubus
1883 2039 2046 2086 terra:

471 2118 527 2167 iu
572 2110 878 2168 Jerusalem
930 2121 989 2167 ut
1046 2115 1275 2169 adorent
1302 2114 1504 2182 Regem
1540 2118 1832 2174 Dominum
1864 2123 2045 2176 omni-

470 2211 781 2274 potentem,
812 2205 976 2260 etiam
1005 2206 1061 2260 hi
1091 2208 1201 2263 illis
1239 2208 1530 2265 addentur.
1564 2209 1621 2264 Si
1646 2219 1828 2265 autem
1866 2212 2044 2268 tribus

471 2292 688 2364 ὧδεριί
722 2310 830 2349 non
862 2296 1175 2353 ascenderit
1200 2338 1217 2362 ,
1244 2315 1421 2370 neque
1451 2303 1661 2356 venerit
1686 2303 1850 2369 illuc,
1875 2305 2041 2359 etiam

469 2397 637 2452 super
667 2383 754 2439 his
782 2385 892 2439 erit
916 2386 1077 2440 ruina
1098 2427 1114 2450 ,
1136 2403 1244 2457 qua
1273 2390 1544 2458 percutiet
1565 2388 1831 2445 Dominus
1851 2408 2043 2449 omnes

466 2482 658 2542 gentes
691 2485 880 2540 terrae,
908 2494 1250 2549 qmunque
1280 2494 1387 2539 non
1411 2482 1762 2536 ascenderint
1796 2483 1865 2537 ad
1896 2485 2035 2539 cele-

466 2568 735 2625 brandum
759 2570 1003 2626 solemne
1028 2569 1555 2629 Tabernaculorum.
1582 2573 1694 2628 Hoc
1718 2577 1824 2630 erit
1847 2592 2043 2646 peccao

466 2672 580 2715 tum
610 2660 831 2733 Egypti
855 2702 870 2725 ,
902 2670 958 2718 et
986 2673 1267 2732 peccatum
1300 2664 1544 2719 omnium
1578 2669 1819 2736 gentium
1845 2708 1862 2730 ,
1894 2684 2043 2737 quaa-

464 2770 682 2824 cunque
725 2770 832 2809 non
863 2756 1210 2811 ascenderint
1234 2758 1299 2810 ad
1335 2758 1723 2813 celebrandum
1753 2760 1895 2814 diem
1931 2760 2044 2814 fes-

464 2853 579 2900 tum
619 2844 1122 2901 Tabernaculorum
1149 2848 1192 2901 ⁸.
1229 2866 1247 2898 ι
1278 2846 1403 2903 Haec
1438 2864 1571 2904 sane
1594 2847 1893 2905 Zacharias
1918 2859 2043 2919 post

465 2937 699 2992 reditum
731 2936 799 2992 de
830 2934 1137 3007 Babylone,
1161 2936 1326 2992 Dario
1354 2938 1498 3008 apud
1529 2937 1727 2995 Persas
1756 2949 2040 3012 regnante,

463 3028 813 3094 vaticinatur,
843 3042 953 3098 quo
993 3035 1235 3099 tempore
1269 3030 1400 3085 urbs
1437 3029 1740 3087 Jerusalem
1780 3048 1811 3086 a
1853 3035 2037 3103 priore
2069 3085 2109 3103 η

462 3116 800 3172 desolatione
820 3117 1055 3177 excitata
1076 3118 1488 3190 iustaurataque
1509 3137 1682 3192 nuper
1698 3122 1895 3187 fuerat,
1915 3141 2037 3195 quae
2067 3116 2110 3142 “

465 3208 729 3265 desolatio
752 3209 823 3262 illi
850 3225 879 3262 a
902 3209 1213 3282 Babyloniis
1237 3211 1413 3266 fuerat
1434 3211 1833 3282 illata.Colligit
1852 3223 2038 3270 autem

464 3311 628 3351 omne
651 3307 866 3368 tempus
894 3311 924 3349 a
952 3296 1113 3351 Dario
1133 3296 1422 3353 Persarum
1441 3338 1456 3361 ,
1482 3299 1587 3353 sub
1608 3315 1717 3369 quo
1739 3298 2036 3379 Zacharias

464 3388 762 3462 prophetiae
800 3404 1028 3444 munere
1075 3389 1339 3460 fungitur,
1383 3391 1451 3444 ad
1492 3392 1796 3462 Augustum
1835 3390 2037 3446 Roma-

465 3495 661 3536 norum
714 3495 933 3550 regem.
984 3497 1252 3536 annorum
1300 3482 1671 3540 hebdomadas
1720 3498 1926 3556 septem
1981 3497 2035 3541 et

464 3572 745 3640 sexaginta
774 3570 942 3634 duas,
971 3586 1092 3641 quae
1120 3571 1263 3641 apud
1290 3570 1564 3627 Danielem
1596 3573 1847 3629 feruntur
1871 3596 1883 3630 :
1914 3594 2036 3646 qua:

463 3674 677 3718 summa
714 3676 984 3716 annorum
1038 3661 1271 3717 efficitur
1313 3664 1839 3735 quadringentorum
1880 3677 2036 3723 octo-

462 3753 607 3823 ginta
655 3752 817 3807 trium
845 3794 860 3818 ,
904 3761 962 3806 ut
996 3752 1338 3808 ostendimus
1373 3754 1425 3807 in
1459 3755 1526 3809 iis
1561 3771 1681 3824 quae
1716 3758 1879 3825 paulo
1911 3767 2036 3813 ante

462 3861 494 3900 ιι
544 3843 704 3898 nobis
753 3850 986 3897 tractata
1044 3852 1200 3898 sunt.
1245 3843 1516 3899 Caeterum
1572 3856 1694 3915 post
1744 3849 2033 3917 imperium

464 3935 817 3991 Macedonum
868 3936 936 3991 ab
984 3936 1297 3991 Alexandro
1347 3953 1522 4008 usque
1574 3940 1642 3993 ad
1690 3940 2031 4011 Augustum,

460 4028 623 4082 etiam
654 4029 698 4083 si
727 4027 902 4099 ipsius
931 4028 1159 4099 Augusti
1189 4045 1415 4100 regnum
1454 4032 1822 4101 complectare
1844 4073 1859 4097 ,
1898 4036 2033 4089 nihil

461 4135 595 4174 sane
646 4119 792 4189 quod
830 4121 1105 4190 propheta:
1145 4121 1325 4176 verbis
1360 4124 1659 4178 concordet
1709 4134 1803 4178 aut
1854 4127 2034 4182 simile

461 4214 565 4277 sit,
616 4210 865 4267 invenias
910 4227 1033 4267 esse
1071 4212 1423 4283 completum.
1466 4211 1698 4279 Quando
1741 4217 1885 4272 enim
1937 4236 2034 4289 per

461 4303 550 4356 illa
584 4309 829 4373 tempora
867 4302 915 4358 is
948 4301 1242 4367 Dominus,
1275 4320 1433 4373 quem
1466 4307 1743 4377 prophetae
1774 4317 1833 4363 ut
1863 4308 2030 4365 Deum

458 4393 739 4448 celebrant
759 4434 772 4457 ,
803 4410 929 4452 cum
966 4394 1283 4451 hominibus
1314 4406 1567 4452 versatus
1597 4401 1723 4453 est?
1756 4410 1812 4455 et
1842 4409 2031 4471 gentes
2066 4439 2109 4494 ι)

463 4485 646 4539 multa:
675 4485 825 4539 illum
844 4487 1230 4556 agnoverunt?
1259 4490 1620 4561 eumdemque
1654 4493 1830 4547 solum
1861 4492 2029 4548 Deum

458 4578 727 4634 confessm
770 4580 943 4635 sunt?
993 4587 1048 4634 et
1098 4580 1164 4634 ad
1216 4581 1395 4651 ipsum
1442 4583 1822 4654 confugientes
1877 4587 2032 4644 facta:

460 4680 589 4727 sunt
614 4671 663 4725 ei
699 4670 754 4725 in
790 4672 1049 4741 populum
1071 4671 1097 4725 ?
1128 4672 1211 4726 vel
1241 4673 1465 4743 quando
1495 4675 1713 4730 tandem
1745 4685 1860 4733 toto
1896 4677 2029 4735 Per-

458 4776 643 4819 sarum
688 4767 783 4814 aut
825 4759 1180 4816 Macedonum
1216 4770 1496 4834 tempore,
1545 4766 1592 4822 is
1638 4763 1756 4823 Rex
1803 4770 1870 4823 de
1918 4785 2028 4840 quo

458 4851 729 4922 Propheta
779 4853 1043 4923 loquitur,
1076 4871 1095 4905 t
1128 4855 1276 4910 venit
1334 4857 1625 4928 impositus
1675 4860 1927 4929 jumeuto
1972 4869 2027 4917 et

459 4946 607 5018 pullo
662 4945 1045 5004 adolescenti?
1081 4967 1100 5001 ο
1134 4955 1190 5004 et
1241 4953 1467 5007 veniens
1515 4950 1758 5008 Judairze
1808 4956 2024 5025 gentis,

458 5051 581 5105 quae
612 5033 848 5107 Ephrem
880 5038 981 5091 hoc
1014 5039 1135 5095 loco
1170 5039 1393 5107 dicitur,
1430 5050 1483 5097 et
1517 5043 1690 5113 ipsius
1721 5042 2024 5101 Jerusalem

460 5128 665 5197 regiam
699 5128 911 5193 aciem,
949 5145 1070 5200 quae
1103 5148 1363 5187 curruum
1399 5143 1563 5203 atque
1599 5138 1724 5207 equi
1759 5139 2027 5192 vocabulo

459 5221 796 5287 nominatur,
824 5223 1096 5293 perdidit?
1122 5233 1175 5279 et
1199 5236 1440 5282 armalas
1463 5228 1702 5285 Judaica:
1727 5230 1902 5301 gentis
1929 5247 2025 5286 eo-

458 5315 579 5388 p'as
609 5313 851 5368 delevit?
880 5313 994 5369 lloc
1024 5316 1170 5370 enim
1202 5317 1544 5387 signiﬁcabat
1575 5323 1856 5375 oraculum
1895 5322 2026 5375 illud

458 5406 648 5458 dicens
675 5423 688 5459 :
724 5423 741 5456 ι
774 5404 912 5463 Ecce
941 5405 1056 5461 Rex
1089 5416 1217 5463 tuus
1247 5409 1395 5463 venit
1426 5411 1521 5464 tibi
1545 5420 1731 5482 justus
1762 5422 1815 5467 et
1848 5412 2031 5467 Salva—

457 5506 571 5561 tor,
605 5497 720 5568 ipse
755 5509 1073 5555 mansuetus
1108 5508 1162 5555 et
1197 5503 1490 5573 impositus
1525 5519 1690 5573 super
1714 5505 2022 5574 jumentum

1111 263 1383 320 ECSEBJI
1414 258 1901 318 CESARIENSIS
1930 258 2085 313 OPP.
2113 257 2298 314 PARS
2332 259 2399 317 ll.
2430 293 2502 303 -——
2538 260 3038 317 APOLOGFI'ICA.

2154 394 2177 425 ι
2226 377 2359 431 Ἰδοὺ
2401 381 2607 448 ἡμέραι
2648 380 2896 449 ἔρχονται
2932 378 3029 431 τοῦ
3066 379 3296 450 Κυρίου,
3345 380 3448 432 καὶ
3490 380 3720 452 διαμερι-

2154 468 2440 537 σθήσονται
2466 473 2538 524 τά
2566 471 2739 523 στι-ἷἠᾲ
2766 488 2861 523 σου
2882 472 2941 522 ἐν
2964 471 3067 533 σοὶ,
3088 471 3182 523 καὶ
3210 471 3535 535 ἐπισυνάξει.»
3567 474 3721 525 πάντα

2148 559 2219 611 τὰ
2249 559 2378 630 ἐθνη
2404 563 2499 615 ἐπὶ
2530 563 2883 633 Ἰερουσαλὴμ
2928 564 3011 625 είς
3041 561 3299 631 πόλεμον,
3336 561 3439 615 καὶ
3466 561 3722 616 ἁλώσεται

2147 652 2183 720 ή
2214 652 2390 715 πόλις,
2420 654 2515 706 καὶ
2539 654 3007 725 διαρπαγήσονται
3044 655 3101 705 αἱ
3131 654 3323 716 eliciat,
3345 655 3447 707 καὶ
3477 657 3723 722 γυναῖκες

2150 743 2595 814 μολυνθήσονται,
2627 746 2725 798 καὶ
2755 745 3091 809 ἐξελεύσεται
3114 744 3365 815 tum
3397 746 3503 815 τῆς
3534 745 3726 808 πόλεως

2147 836 3721 908 ἐναξχμαλωσίᾳοοίδέκατάλαποιτοῦλααῦμωού

2151 930 2227 1000 μὴ
2261 930 2712 999 ἐξολοθρενθῶσιν
2747 932 2811 984 ἐκ
2844 931 2939 1000 τῆς
2974 932 3200 996 πόλεως.
3236 932 3347 985 Καὶ
3390 930 3726 997 ἐξελεύσεται

2146 1022 2373 1093 Κύρπ,
2411 1024 2507 1075 καὶ
2547 1022 2917 1093 παρατάξεται
2960 1025 3019 1076 ἐν
3058 1026 3171 1086 τοῖς
3220 1023 3435 1076 ἔθνεσιν
3484 1021 3726 1087 ἐκείνοις,

2146 1112 2331 1175 καθὼς
2375 1115 2563 1184 ήμέρα
2610 1113 2966 1183 παρατάξεως
3020 1113 3183 1166 αὒτοῦ
3223 1115 3281 1166 ἐν
3337 1114 3532 1185 ήμέρᾳ
3586 1114 3728 1167 πολέ-

2148 1225 2287 1278 μου,
2337 1207 2434 1260 καὶ
2486 1206 2778 1274 στήσονται
2817 1205 2869 1255 οἱ
2917 1204 3081 1266 πόδες
3118 1203 3281 1257 αὑτοῦ
3331 1206 3389 1257 ἐν
3440 1206 3511 1274 τῇ
3554 1205 3727 1275 ήμέρᾳ

2145 1298 2333 1370 ἐκείνῃ
2384 1298 2479 1349 ἐπὶ
2542 1295 2607 1349 τὺ
2666 1295 2793 1365 δρος
2853 1294 2964 1347 τῶν
3035 1294 3260 1347 Ἐλαιῶν
3317 1295 3377 1348 τὺ
3445 1294 3727 1348 κατέναντι

2154 1390 2535 1461 Ἰερουσαλήμ.
2584 1408 2604 1440 ι
2645 1387 2778 1441 Εἶτα
2825 1388 2945 1458 μεθ’
3005 1389 3169 1459 ἕτερα
3226 1386 3299 1441 τὰ
3356 1386 3571 1457 μεταξύ
3633 1404 3722 1456 φη-

2147 1499 2261 1535 σιν·
2308 1500 2330 1533 ι
2378 1483 2488 1535 Καὶ
2527 1482 2680 1534 ἔσται
2724 1481 2931 1551 Κύριος
2970 1475 3071 1545 εἷς,
3105 1481 3200 1533 καὶ
3238 1479 3301 1532 τὺ
3346 1479 3523 1550 ὄνομα
3574 1477 3727 1531 αὑτοῦ

2147 1572 2228 1634 ἐν,
2271 1571 2505 1625 κυγλοῦν
2546 1573 2726 1624 πᾶσαν
2751 1572 2851 1641 τὴν
2875 1570 3001 1641 γῆν,
3027 1570 3123 1623 καὶ
3308 1566 3542 1637 ἔρημον.
3581 1585 3603 1619 ι
3630 1566 3731 1620 Καὶ

2143 1661 2300 1727 αὖθις
2347 1664 2468 1735 μεθ’
2507 1665 2671 1736 ἔτερα
2719 1664 3071 1734 περιγράφων
3112 1662 3210 1733 τὴν
3249 1658 3431 1729 βίϐλον
3463 1659 3573 1728 τῆς
3605 1674 3724 1729 προ-

2146 1755 2393 1827 φητείας,
2418 1756 2520 1827 τὴν
2541 1756 2733 1825 κλῆσιν
2756 1756 2866 1807 τῶν
2885 1754 3056 1809 ἐθνῶν
3074 1753 3165 1806 διὰ
3186 1752 3393 1806 τούτων
3445 1749 3699 1815 θεσπίζει
3712 1769 3726 1781 ο

2149 1866 2168 1898 ι
2193 1847 2305 1899 Καὶ
2337 1846 2514 1909 ἔσται,
2544 1846 2659 1899 ὅσοι
2688 1843 2785 1898 ἐὰν
2817 1844 3247 1913 καταλειφθῶσιν
3277 1844 3345 1897 ἐκ
3373 1842 3607 1897 πάντων
3630 1841 3732 1896 τῶν

2143 1934 2314 1989 ἐθνῶν
2333 1935 2443 1987 τῶν
2471 1934 2732 1987 ἐλθόντων
2768 1935 2862 1985 ἐπὶ
2896 1932 3269 2003 Ἰερουσαλήμ,
3303 1932 3400 1984 καὶ
3429 1932 3734 2002 ἀναϐήσον-

2142 2042 2233 2077 ται
2270 2024 2392 2077 κατ’
2426 2024 2692 2089 ἐνιαυτὸν,
2720 2022 2815 2076 τοῦ
2846 2026 3220 2094 προσκΜσαι
3257 2022 3337 2093 τῷ
3371 2021 3595 2092 βασιλεῖ
3623 2024 3733 2076 Κυ-

2146 2117 2248 2187 ρίῳ
2275 2116 2698 2187 παντοκράτορι,
2731 2115 2826 2168 καὶ
2844 2113 2941 2167 τοῦ
2979 2113 3260 2186 ἑορτάζειν
3283 2114 3382 2184 τὴν
3407 2112 3615 2183 ἑορτὴν
3640 2115 3733 2182 τῆς

2143 2208 2540 2281 Σκηνοπηγίας.
2591 2207 2701 2260 Καὶ
2740 2206 2912 2269 ἔσται,
2946 2206 3061 2259 ὅσοι
3103 2204 3198 2257 ἐὰν
3237 2203 3312 2275 μή
3343 2202 3630 2257 ἀναϐῶσιν
3672 2204 3732 2256 ἐκ

2143 2302 2333 2356 πασῶν
2379 2301 2489 2354 τῶν
2522 2299 2703 2369 φυλῶν
2745 2302 2846 2369 τῆς
2895 2301 2998 2369 γῆς
3045 2298 3127 2361 είς
3182 2296 3583 2367 Ἰερουσαλὴμ,
3639 2294 3729 2347 τοῦ

2145 2394 2521 2465 προσκυνῆσαι
2554 2391 2633 2462 τῷ
2680 2390 2890 2461 βασιλεῖ
2918 2390 3110 2461 Κυρίῳ
3146 2387 3589 2459 παντοκράτορι,
3640 2388 3726 2440 καὶ

2142 2480 2284 2538 οὗτοι
2307 2483 2534 2546 ἐκείνοις
2558 2481 3029 2554 προστεθήσονται.
3061 2479 3188 2533 Ἐὰν
3206 2478 3264 2531 δὲ
3285 2479 3426 2550 φυλή
3443 2478 3728 2546 Αἰγύπτου

2145 2576 2221 2645 μὴ
2261 2576 2456 2646 ἀναϐῇ,
2493 2575 2629 2646 μηδὲ
2674 2573 2805 2646 ἐλθῃ
2844 2574 2996 2636 ἐκεῖ,
3041 2573 3136 2624 καὶ
3180 2572 3274 2623 ἐπὶ
3315 2571 3527 2623 τούτων
3574 2569 3727 2623 ἔσται

2140 2666 2173 2734 ή
2201 2665 2427 2728 πτῶσις,
2448 2666 2516 2735 ἢν
2544 2662 2773 2729 πατάξει
2800 2662 3002 2733 Κύριος
3025 2660 3202 2713 πάντα
3225 2659 3294 2712 τά
3316 2658 3447 2730 ἔθνη
3473 2661 3578 2730 τῆς
3599 2661 3720 2729 γῆς,

2140 2754 2241 2807 ὅσα
2267 2756 2361 2807 ἐὰν
2390 2756 2464 2825 μὴ
2491 2754 2664 2823 ἀναϐῇ
2697 2751 2790 2805 τοῦ
2821 2751 3080 2821 ἑορτάσαι
3108 2750 3207 2821 τὴν
3234 2749 3429 2821 ἑορτὴν
3453 2752 3557 2820 τῆς
3584 2749 3726 2819 Σκη-

2140 2846 2427 2915 νοπηγίας.
2473 2844 2622 2916 Αὕτη
2652 2844 2802 2896 ἔσται
2829 2845 2863 2913 ή
2910 2841 3152 2912 ἁμαρτία
3191 2840 3498 2908 Αἰγύπτου,
3547 2840 3644 2894 καὶ
3690 2841 3721 2909 ή

2140 2936 2386 3008 ἁμαρτία
2417 2936 2635 2989 πάντων
2654 2934 2764 2987 τῶν
2817 2932 3020 2995 ἐθνῶν,
3045 2934 3148 2985 ὅσα
3180 2931 3247 2985 ἂν
3281 2932 3358 3003 μὴ
3404 2930 3583 3003 ἀναϐῇ
3628 2930 3721 2984 τοῦ

2141 3026 2396 3096 ἑορτάσαι
2430 3024 2528 3097 τὴν
2561 3024 2753 3096 ἑορτὴν
2779 3026 2879 3094 τῆς
2911 3022 3293 3093 Σκηνοτηγίας
3352 3040 3373 3073 ι
3405 3021 3597 3075 Ταῦτα
3630 3021 3722 3074 καὶ

2067 3087 2110 3142 C
2140 3118 2170 3170 ὁ
2194 3087 2641 3187 ὶαχαρίαςμετέι
2675 3087 2776 3187 τήν
2807 3087 2915 3168 άπὸ
2942 3087 3259 3177 Βαϐυλῶνος
3291 3114 3578 3179 ἔπάνοδσνν
3618 3117 3719 3169 Δι’

2144 3210 2291 3282 ρείου
2318 3204 2543 3280 Περσῶν
2570 3206 2963 3279 βασιλεύοντος,
3000 3205 3351 3279 προφητεύει,
3384 3210 3489 3279 τῆς
3522 3207 3717 3280 Ἱερω-

2144 3301 2324 3373 σαλὴμ
2365 3301 2489 3372 άρτι
2538 3300 2660 3353 τότε
2709 3301 3155 3371 άνεγηγερμένης
3196 3301 3262 3352 ἐκ
3309 3301 3413 3370 τῆς
3448 3300 3722 3372 προτέρας

2142 3393 2396 3465 ἐρημίας,
2421 3392 2487 3463 ήν
2511 3390 2615 3445 ὑπὸ
2639 3390 2992 3444 Βαϐυλωνίων
3032 3390 3287 3444 πέπονθε.
3328 3390 3635 3459 Συνάγεται
3663 3392 3721 3445 δέ

2139 3488 2169 3539 ὁ
2194 3487 2301 3549 πᾶς
2321 3485 2512 3557 χρόνος
2544 3485 2652 3539 ἀπὸ
2674 3488 2774 3556 τῆς
2800 3484 3025 3555 Δαρείου
3048 3483 3143 3536 τοῦ
3170 3484 3407 3554 Πέρσου,
3430 3483 3561 3537 καθ’
3599 3482 3671 3555 ήν
3694 3486 3724 3536 ὁ

2140 3576 2414 3647 Ζαχαρίας
2450 3576 2797 3647 προφητεύει,
2831 3574 2924 3627 καὶ
2947 3573 3039 3626 ἐπὶ
3081 3572 3387 3642 Αὔγουστον
3434 3573 3724 3645 Ῥωμαίων

2143 3670 2367 3742 βασιλέα
2395 3671 2474 3733 είς
2503 3668 2642 3722 ἐτῶν
2697 3667 2997 3739 ἑϐδομάδας
3023 3668 3164 3720 ἑπτά
3197 3668 3294 3719 καὶ
3337 3667 3723 3737 ἑξηκονταδύο,

2138 3763 2238 3826 τὰς
2263 3762 2321 3814 ἐν
2354 3761 2432 3832 τῷ
2463 3760 2663 3832 Δανιὴλ
2701 3759 3025 3830 φερομένας,
3056 3758 3091 3812 ἃ
3133 3759 3341 3827 γίνεται
3384 3758 3481 3828 ἐτη
3526 3776 3727 3831 τετρα-

2140 3854 2300 3908 κόσια
2323 3853 2648 3923 ὁγδοήκοντα
2676 3852 2831 3923 τρία,
2875 3851 2952 3913 ὼς
2982 3849 3347 3919 ἀπεδείξαμεν
3381 3850 3443 3901 ἐν
3474 3853 3595 3913 τοίς
3632 3868 3725 3921 μι-

2140 3947 2259 4018 κρῷ
2290 3945 2523 4019 πρόσθεν
2557 3943 3045 4015 γεγυμνασμένοις.
3075 3941 3211 3994 Οὔτε
3254 3940 3313 3994 δὲ
3346 3943 3439 3993 ἐπὶ
3466 3944 3573 4012 τῆς
3597 3943 3716 3996 Ma-

2139 4038 2367 4092 κεδόνων
2392 4039 2500 4091 ἀπὸ
2533 4036 2879 4109 Ἀλεξάνδρου
2925 4037 3019 4090 καὶ
3051 4036 3243 4106 μέχρις
3268 4035 3587 4103 Αὐγούστου
3620 4054 3726 4088 πα-

2140 4130 2500 4203 ραταθείσης,
2555 4130 2663 4182 τῶν
2695 4129 3084 4201 ἐμφερομένων
3126 4129 3239 4191 τοῖς
3285 4126 3381 4179 τοῦ
3436 4129 3723 4198 προφήτου

2137 4223 2316 4293 λόγοις
2349 4221 2659 4276 συνίσταται
2695 4239 2747 4274 τι
2787 4219 3234 4292 πεπληρωμένον.
3281 4219 3421 4272 Πότε
3444 4218 3561 4291 γὰρ
3602 4221 3723 4273 κατ’

2137 4317 2378 4379 ἐκείνους
2412 4316 2539 4378 τοὺς
2561 4314 2783 4387 χρόνους
2813 4313 2907 4367 τοῦ
2942 4312 3101 4384 παρὰ.
3118 4315 3231 4375 τοῖς
3259 4313 3576 4384 προφήταις
3601 4313 3721 4367 θεο-

2138 4406 2468 4477 λογουμένου
2483 4405 2687 4474 Κυρίου
2715 4403 3019 4474 ἀνθρώποις
3038 4402 3379 4465 ἐπιστάντος,
3392 4401 3526 4474 ἔθνη
3550 4403 3722 4456 πολλὰ

2139 4499 2429 4568 ἐπιγνόντα
2452 4497 2635 4561 αὑτὸν,
2653 4497 2747 4549 καὶ
2765 4495 2921 4567 μόνον
2945 4494 3076 4548 Θεὸν
3096 4493 3257 4547 αὐτὸν
3278 4493 3717 4565 ὁμολογήσαντα,

2136 4592 2223 4645 ἐπ’
2258 4589 2420 4645 αὑτὸν
2447 4589 2850 4658 καταπέφευγε,
2890 4587 2985 4641 καὶ
3009 4586 3230 4655 γέγονεν
3254 4584 3404 4656 αύτῷ
3434 4586 3518 4649 εἰς
3548 4586 3717 4648 λαόν;

2135 4685 2264 4737 πότε
2299 4682 2439 4737 κατὰ
2459 4683 2584 4745 τοὺς
2608 4680 2831 4753 Περσῶν
2856 4679 2889 4752 ἥ
2912 4679 3235 4735 Μακεδόνων
3260 4678 3490 4750 χρόνους
3518 4678 3552 4730 6
3586 4695 3718 4749 προ-

2135 4769 2501 4841 φητευὸμενος
2533 4769 2786 4839 βασιλεὺς
2825 4768 3081 4840 ἐλήλυθεν
3100 4806 3115 4831 ,
3148 4786 3168 4818 ι
3205 4765 3594 4837 Ἑπιϐεϐηκὼς
3624 4768 3718 4819 ἐπὶ

2134 4860 2446 4931 ὑποζύγιον,
2477 4863 2572 4915 καὶ
2598 4860 2776 4915 πῶλον
2803 4861 2954 4927 νέονς
2980 4881 2997 4913 ι
3030 4858 3197 4914 ἐλθών
3224 4877 3284 4912 τε
3309 4858 3404 4912 τοῦ
3440 4859 3716 4913 Ἰουδαίων

2132 4954 2318 5017 ἔθνους
2354 4952 2592 5026 Ἐφραῗμ
2636 4952 3057 5024 ὀνομαζομένου,
3092 4953 3185 5005 καὶ
3213 4954 3313 5022 τῆς
3355 4950 3715 5022 Ἰερουσαλὴμ

2134 5049 2304 5118 αὐτῆς
2338 5045 2436 5117 τὴν
2475 5044 2757 5118 βασιλικὴν
2787 5045 3114 5119 παράταξιν,
3148 5043 3371 5116 ἅρματα
3401 5043 3501 5097 καὶ
3546 5044 3714 5096 ἵππον

2132 5138 2563 5210 ἐπικαλουμένην
2611 5137 3013 5209 ἐξωλόθρευσεσ,
3070 5136 3132 5188 τό
3166 5153 3227 5187 τε
3270 5134 3554 5189 ὁπλιτικὸν
3616 5131 3711 5187 τοῦ

2143 5231 2410 5283 Ἰουδαίων
2432 5230 2616 5292 ἔθνους
2640 5227 2882 5293 καθεῖλε;
2910 5225 3077 5280 Τοῦτο
3093 5225 3201 5299 γὰρ
3228 5225 3416 5297 ἐδήλου
3440 5224 3505 5277 τὸ
3528 5223 3709 5291 λόγιον

2131 5325 2369 5394 φάσκον·
2406 5344 2423 5376 ι
2460 5323 2589 5377 Ἰδοὺ
2619 5324 2647 5375 ὁ
2684 5321 2943 5385 Βασιλεύς
2993 5338 3085 5374 σου
3120 5319 3338 5392 ἔρχεταί
3390 5335 3475 5371 σοι
3502 5318 3707 5378 δίκαιος

2135 5417 2230 5471 καὶ
2265 5413 2472 5479 σώζων,
2497 5415 2659 5478 αὐτὸς
2700 5413 2897 5484 πραῢς,
2938 5414 3032 5465 καὶ
3060 5410 3403 5480 ἐπιϐεϐηκὼς
3440 5410 3537 5463 ἐπὶ
3575 5409 3704 5462 ὑπο-

2133 5508 2316 5577 ζύγιον
2348 5510 2442 5562 καὶ
2474 5507 2650 5560 πῶλον
2683 5506 2799 5562 νέον
2823 5546 2838 5570 ,
2876 5506 2969 5559 καὶ
3001 5502 3510 5575 ἐξολοθρευθήσεται
3553 5501 3701 5568 τάξον

535 5675 555 5705 ⁸
594 5673 824 5733 Ζοιιιοτ.
860 5694 948 5733 xw
974 5717 988 5740 ,
1030 5679 1139 5735 1-4.
1219 5679 1239 5711 ⁸
1281 5679 1410 5734 ibid.
1445 5679 1499 5745 9,
1537 5680 1617 5735 l0.
1704 5682 1723 5711 ⁸
1760 5683 1890 5737 ibid.
1932 5681 2132 5737 lC-l9.
