3836 6220
45 362 191 417 641

1029 356 1680 415 υΕΜΟΝδΤῐὶΑΤΙΟΝΙΞ
1717 355 2178 412 EVANGELICE
2208 355 2337 413 LIB.
2370 356 2512 414 Vlll.

3295 360 3400 415 ϐιιὲ

55 474 460 548 πολεμικόν.
488 493 507 527 ι
540 475 726 529 Ταῦτα
754 475 866 546 γὰρ
901 475 1031 546 περὶ
1079 477 1178 546 τῆς
1220 473 1593 546 καθαιρέσεως
1625 476 1724 544 τῆς

1825 478 1879 525 et
1912 471 2119 542 pullum
2167 471 2575 528 adolescentem
2607 442 2632 528 ε’
2650 479 2704 527 et
2736 473 2994 543 perdetur
3042 489 3205 531 arcus
3237 476 3398 531 belli-

58 565 428 638 βασιλικῆς
475 564 633 631 ἀξίας
683 564 778 619 τοῦ
824 565 1093 619 Ἰουδαίων
1134 565 1320 629 ἔθνους
1372 564 1718 628 ἐθεσπίςετο,

55 642 177 727 tif
213 654 260 734 ᾖ
300 658 479 712 πάλιν
497 657 568 710 τὰ
587 659 686 728 τῆς
709 656 816 711 τῶν
842 656 1011 711 ἐθνῶν
1038 659 1260 728 εἰρήνης
1288 655 1714 727 συμφιῦνωςτοῖς

60 751 369 822 πρόσθεν
420 749 830 821 ἀποδεδομένοις
878 750 1188 819 ἐπιλέγεται
1232 749 1319 802 διὰ
1360 747 1486 804 τοῦ·
1535 768 1560 799 -ι
1610 750 1720 802 Καὶ

62 843 332 915 πλῆθος
356 845 586 915 εἰρήνης
617 842 676 906 ἐξ
705 842 873 896 ἐθνῶν
891 882 906 906 ,
938 863 956 894 ι
981 841 1096 896 ἀνθ’
1120 837 1181 896 οὗ
1218 844 1246 894 6
1285 841 1514 904 Ἀκύλας
1548 842 1641 894 καὶ
1668 842 1718 894 oi

66 935 298 989 λοιποὶ
348 936 689 1008 ἔρμηνευταί
725 935 1086 988 ἐκδεδώκασι·
1125 954 1142 985 ι
1165 935 1276 988 Καὶ
1313 935 1535 1005 λαλήσει
1567 935 1720 1005 εἰρή-

67 1043 196 1096 νην
233 1029 372 1090 τοῖς
397 1027 660 1092 ἔθνεσιν,›
699 1028 728 1081 ὃ
756 1027 851 1081 καὶ
886 1027 1119 1097 μάλιστα
1135 1027 1242 1079 ἀπὸ
1276 1029 1376 1097 τῆς
1407 1026 1718 1094 Αὐγούστου

73 1119 418 1188 βασιλείας
442 1121 781 1182 συνίσταται,
805 1121 901 1173 καὶ
929 1120 1066 1190 πρὸς
1093 1119 1237 1185 λέξιν
1261 1117 1714 1189 πεπληρωμένον,

76 1214 306 1284 πάσης
360 1213 465 1281 μὲν
515 1212 574 1278 ἐξ
630 1212 838 1266 ἐκείνου
892 1210 1286 1281 καταλυθείσης
1342 1210 1714 1282 πολυαρχίας,

74 1305 351 1376 εἰρήνης
385 1304 444 1356 δὲ
477 1293 547 1356 τά
577 1304 805 1356 πλεῖστα
837 1306 936 1374 τῆς
985 1302 1309 1373 οἰκουμένης
1353 1302 1478 1374 ἔθνη
1528 1303 1716 1357 διαλα-

78 1396 350 1467 εούσης.
379 1395 478 1459 Τίς
503 1395 559 1448 δὲ
592 1396 699 1466 πρὸ
719 1395 827 1448 τῶν
874 1393 1194 1465 Ῥωμαϊκῶν
1226 1392 1454 1466 χρόνων,
1488 1396 1580 1448 ἐπὶ
1608 1396 1715 1449 τῶν

79 1487 450 1559 Περσικῶν,
507 1487 540 1557 ἢ
598 1486 708 1538 τῶν
766 1485 1150 1540 Μακεδονικῶν
1208 1486 1447 1550 τοιοῦτος
1494 1487 1714 1556 γέγονεν

92 1580 411 1634 Ἰουδαίων
457 1579 706 1651 βασιλεὺς
729 1619 743 1640 ,
777 1579 853 1643 ὡς
891 1579 1053 1650 ἄρξαι
1107 1579 1269 1633 αὐτὸν
1302 1579 1411 1634 ἀπὸ
1440 1581 1715 1652 θαλάσσης

81 1674 212 1735 ἔως
249 1672 564 1744 Θαλάσσης,
601 1672 696 1724 καὶ
739 1671 846 1724 άπὸ
888 1670 1147 1742 ποταμῶν
1183 1670 1289 1734 ἕως
1336 1673 1589 1743 περάτων
1614 1676 1715 1745 τῆς

85 1765 266 1817 οἰκου
277 1763 489 1835 μένης;
518 1763 688 1816 Τοῦτο
709 1763 838 1832 γοῦν
870 1763 1141 1834 ἐδήλωσαν
1173 1763 1222 1815 οἰ
1249 1761 1427 1817 λοιποὶ
1449 1764 1715 1836 ἑρμηνευ-

88 1856 220 1908 rat.
254 1855 324 1908 '0
379 1853 511 1924 γοῦν
562 1855 792 1918 Ἀκύλας
825 1855 988 1925 φησί’
1031 1874 1049 1906 ι
1087 1855 1196 1908 Καὶ
1227 1854 1448 1926 λαλήσει
1490 1856 1714 1927 εἰρήνην

90 1949 227 2010 τοῖς
253 1946 464 2012 ἔθνεσι,
499 1946 643 2018 καὶή
675 1947 893 2014 ἐξουσία
924 1946 1086 2000 αὐτοῦ
1127 1945 1236 2000 ἀπὸ
1273 1947 1548 2019 θαλάσσης
1569 1988 1584 2011 ,
1621 1949 1715 2001 καὶ

96 2040 224 2094 ἀπὸ
260 2039 518 2111 ποταμοῦ
545 2039 651 2103 ἔως
673 2040 925 2112 περάτων
957 2042 1054 2112 τῆς
1076 2040 1431 2112 οἰκουμένης·
1464 2059 1482 2091 ι
1514 2033 1558 2108 ᾧ
1593 2058 1715 2094 συν-

99 2133 234 2203 ᾴδει
259 2134 362 2186 καὶ
389 2133 452 2186 τὸ
485 2133 540 2186 ἐν
569 2131 952 2204 ἑϐδομηκοπῷ
1001 2131 1202 2204 πρώτῳ
1229 2131 1428 2204 ψαλμῷ
1463 2134 1590 2203 περὶ
1617 2135 1711 2188 τοῦ

99 2228 176 2280 ἐκ
203 2227 533 2298 σπέρματος
564 2225 873 2297 Σολομῶνος
894 2226 1288 2296 γεννησομένου
1319 2225 1578 2297 Χριστοῦ,
1611 2221 1714 2281 ὧδέ

103 2335 196 2388 πη
212 2319 347 2390 εἰρη
355 2319 533 2389 μένοψ
556 2337 574 2370 ‹
597 2316 869 2372 Ἀνατελεῖ
886 2319 942 2370 ἐν
956 2319 1076 2380 ταῖς
1093 2317 1327 2390 ήμέραις
1340 2317 1504 2371 αὐτοῦ
1520 2317 1716 2373 δικαιορ

106 2411 285 2480 τύνη,
307 2411 405 2464 καὶ
421 2410 624 2480 πλῆθος
639 2411 883 2482 εἰρήνης,
898 2409 1004 2473 ἕως
1021 2405 1082 2463 οῦ
1101 2411 1460 2483 ἀνταναιρεθῇ
1491 2414 1524 2483 ή
1558 2413 1716 2485 σελή-

103 2521 208 2574 νη,
222 2503 327 2556 καὶ
341 2501 674 2574 κατακυριεύ
682 2519 764 2554 σει
778 2501 886 2554 ἀπὸ
906 2500 1183 2572 θαλάσσης
1199 2501 1304 2566 ἔως
1322 2502 1714 2574 θαλάσσης,κα’ί

106 2594 230 2646 ἀπὸ
259 2592 514 2664 ποταμοῦ
553 2593 658 2656 ἔως
689 2593 938 2664 περάτων
959 2596 1060 2664 τῆς
1089 2593 1447 2665 οἰκουμένης·
1486 2614 1505 2646 ι
1538 2595 1715 2650 ταῦτα

110 2685 232 2757 γὰρ
253 2686 390 2758 περὶ
403 2685 498 2739 τοῦ
518 2685 634 2739 υἱοῦ
652 2685 966 2756 Σολομῶνος
995 2685 1230 2755 ἐλέγετο,
1245 2687 1398 2740 οὐδὲν
1415 2687 1713 2759 λειπόμενα

110 2779 233 2832 τῶν
265 2781 328 2832 ἐν
358 2779 438 2850 τῷ
469 2779 721 2851 προφήτῃ
759 2778 1087 2850 εἰρημένων.
1122 2779 1249 2832 Πότ’
1276 2775 1370 2833 οὖν
1413 2780 1586 2834 ταῦτα
1618 2780 1713 2834 καὶ

114 2871 269 2935 πῶς,
299 2871 334 2942 ἢ
366 2870 506 2925 κατὰ
555 2872 742 2934 ποίους
781 2870 1005 2940 χρόνους
1037 2871 1278 2939 γέγονεν,
1312 2871 1340 2922 6
1393 2870 1712 2941 βουλόμενος

116 2963 514 3037 ὲρμηνευέτω·
546 2961 582 3033 ἢ
629 2962 758 3015 πότε
805 2961 994 3014 ἄλλοτε
1050 2962 1186 3032 μετὰ
1240 2961 1339 3032 τὴν
1386 2959 1493 3015 ὑπὸ
1537 2962 1713 3016 Βαϐυ-

114 3055 345 3117 λωνίοις
399 3053 710 3124 πολιορκίαν
751 3052 1002 3123 δεύτερον
1041 3053 1368 3125 ἐμπρησμὸν
1423 3053 1713 3124 ὑπέμεινεν

1821 578 1942 618 cus.
1980 583 1998 615 ›
2033 563 2200 635 410
2225 562 2353 618 Haec
2386 565 2455 620 de
2485 564 2773 620 eversione
2801 567 2961 636 regite
2991 566 3275 636 dignitatis
3303 569 3394 622 Ju-

1819 655 1991 710 daicae
2017 657 2200 726 gentis
2231 657 2489 728 prmdicta
2521 664 2688 722 sunt,
2723 673 2830 728 qua
2864 659 3124 728 przedicla
3154 662 3401 716 eversio-

1820 762 1924 812 ne,
1962 763 2158 804 rursus
2193 764 2255 804 ea
2285 765 2406 820 quae
2438 749 2505 803 ad
2541 765 2731 820 paceni
2781 751 3027 820 gentium
3071 753 3391 822 pertinent,

1819 848 2194 895 consentanea
2227 841 2293 897 iis
2335 857 2458 912 quae
2500 842 2657 911 prius
2695 842 2947 912 exposita
2989 851 3155 908 sunt,
3192 843 3395 913 adjun-

1821 938 2025 1000 guntur
2057 931 2164 985 hoc
2193 931 2356 986 modo
2390 951 2403 986 :
2444 950 2462 982 ‹
2503 931 2567 984 Et
2610 932 2948 986 abundantia
2984 934 3135 1003 pacis
3168 949 3234 988 ex
3263 949 3398 1006 gen-

1818 1022 1966 1076 tibus
1989 1064 2005 1087 ,
2040 1041 2060 1074 ι
2095 1038 2194 1092 pro
2223 1037 2332 1092 quo
2361 1023 2558 1092 Aquila
2592 1033 2647 1077 et
2679 1025 2879 1094 reliqui
2916 1025 3243 1094 interpretes
3273 1027 3398 1082 red-

1817 1113 2074 1168 diderunt
2104 1134 2117 1169 :
2157 1133 2176 1165 ι
2206 1113 2274 1168 Et
2335 1115 2590 1185 loquetur
2647 1130 2836 1184 pacem
2883 1116 3168 1186 gentibus,
3202 1137 3220 1170 ›
3251 1118 3398 1188 quod

1817 1205 2036 1276 quidem
2067 1207 2305 1262 maxime
2331 1207 2399 1262 ab
2433 1207 2666 1277 Augusti
2701 1208 2930 1278 imperio
2964 1217 3181 1264 eunstat
3212 1211 3293 1266 vel
3327 1211 3394 1266 ad

1826 1301 2056 1354 verbum
2098 1316 2222 1356 esse
2258 1303 2584 1371 completum
2607 1343 2622 1366 ,
2655 1317 2777 1356 cum
2819 1316 2885 1355 ex
2928 1302 3020 1354 illo
3056 1305 3238 1358 omnis
3269 1305 3394 1373 qui-

1815 1390 1938 1444 dem
1993 1390 2301 1460 principum
2343 1391 2640 1444 multitudo
2690 1391 3035 1461 disperierit,
3075 1407 3178 1461 pax
3213 1401 3392 1448 autem

1817 1481 2084 1551 plurimas
2133 1483 2285 1538 orbis
2331 1490 2524 1553 gentes
2564 1483 2846 1551 complexa
2893 1485 2984 1538 sit.
3040 1482 3176 1550 Quis
3229 1501 3395 1555 porro

1816 1580 1943 1627 ante
1977 1571 2226 1627 Romana
2271 1584 2515 1644 tempora
2547 1574 2631 1628 vel
2673 1572 2896 1629 Persico
2928 1576 3011 1630 vel
3044 1577 3395 1634 Macedonico

1817 1672 1998 1719 stante
2023 1666 2284 1735 imperio,
2313 1666 2437 1722 talis
2461 1666 2673 1721 exstitit
2698 1681 2795 1721 rex
2824 1665 3133 1722 Judzcorum
3155 1707 3172 1732 ,
3206 1678 3264 1722 ut
3295 1669 3396 1724 do-

1816 1757 2058 1813 minatus
2090 1759 2161 1812 sit
2191 1774 2221 1812 a
2249 1760 2388 1813 mari
2420 1775 2593 1829 usque
2623 1760 2690 1813 ad
2719 1775 2901 1824 mare,
2935 1769 2988 1815 et
3017 1777 3045 1813 a
3077 1761 3393 1818 ﬂuminibus

1745 1830 1787 1884 Β
1821 1863 1997 1917 usque
2031 1849 2099 1903 ad
2131 1852 2398 1906 terminos
2428 1854 2578 1907 orbis
2614 1853 2822 1908 terrae?
2857 1854 3042 1924 itaque
3074 1854 3177 1908 hoc
3214 1855 3393 1926 signi-

1818 1939 2050 1992 ﬁcarunt
2093 1941 2290 2010 reliqui
2336 1943 2682 2013 interpretes.
2729 1945 2928 2014 Aquila
2973 1947 3118 2000 enim
3154 1947 3236 2002 sic
3267 1947 3390 2004 ait:

1822 2048 1841 2079 ι
1881 2032 1944 2083 Et
1986 2033 2240 2101 loquetur
2279 2049 2466 2104 pacem
2497 2037 2786 2106 gentibus,
2817 2044 2874 2092 et
2921 2047 3166 2107 potestas
3195 2039 3316 2108 ejus
3362 2055 3392 2093 a

1816 2121 1954 2175 mari
2001 2138 2176 2193 usque
2215 2125 2284 2179 ad
2330 2141 2514 2191 mare,
2564 2135 2618 2182 et
2661 2143 2692 2182 a
2738 2127 3058 2186 ﬂuminibus
3102 2147 3278 2202 usque
3325 2133 3392 2186 ad

1815 2215 2082 2270 terminos
2113 2215 2265 2269 orbis
2307 2224 2484 2271 terra.
2518 2237 2538 2269 ›
2569 2218 2670 2273 Cui
2716 2221 3016 2276 concordat
3060 2224 3223 2277 ctiam
3260 2224 3394 2278 illud

1815 2305 1961 2374 quod
2001 2306 2054 2359 in
2099 2320 2228 2359 Lxxt
2271 2307 2481 2376 psalmo
2513 2307 2582 2363 de
2609 2307 2832 2366 Christo
2861 2313 3098 2376 canitur,
3132 2314 3227 2384 qui
3274 2325 3393 2370 erat

1813 2396 1881 2452 de
1918 2397 2128 2452 semine
2171 2396 2485 2455 Salomonis
2536 2401 2818 2467 oriturus,
2869 2405 3014 2474 quod
3066 2407 3286 2475 quidem
3337 2411 3393 2466 in

1814 2489 1961 2543 hunc
1992 2488 2216 2543 modum
2264 2505 2324 2545 se
2355 2490 2563 2548 habet:
2599 2511 2618 2544 ι
2664 2492 2885 2550 Orietur
2929 2496 2984 2550 in
3025 2498 3217 2555 diebus
3274 2502 3394 2571 ejus

1809 2583 2023 2652 justitia
2043 2621 2058 2646 ,
2090 2591 2145 2637 et
2171 2582 2505 2638 abundantia
2535 2585 2885 2654 pacis,donec
2919 2588 3204 2645 auferatur
3239 2593 3392 2660 luna,

1813 2681 1868 2729 et
1898 2672 2275 2729 dominabitur
2303 2690 2334 2730 a
2369 2676 2508 2739 mari
2545 2693 2722 2746 usque
2769 2678 2838 2732 ad
2886 2695 3070 2744 mare,
3119 2692 3172 2736 et
3217 2698 3244 2737 a
3292 2685 3394 2740 ﬁu-

1815 2769 1964 2824 miue
1993 2785 2169 2839 usque
2199 2770 2267 2825 ad
2295 2772 2563 2827 terminos
2588 2774 2740 2830 orbis
2772 2782 2934 2830 terrae
2961 2777 2999 2833 ⁷.
3043 2795 3061 2828 ι
3090 2777 3216 2833 ΙΙωο
3244 2778 3390 2834 enim

1813 2862 1881 2917 de
1926 2863 2038 2917 ﬁlio
2084 2862 2396 2919 Salomonis
2438 2865 2585 2920 dicta
2631 2875 2760 2922 sunt
2802 2884 2923 2939 quae
2958 2869 3091 2923 nihil
3129 2870 3392 2926 differunt

1814 2956 1882 3010 ab
1936 2957 2041 3022 iis,
2090 2973 2213 3028 quae
2262 2957 2407 3030 apud
2462 2957 2791 3030 Prophetam
2841 2963 3116 3032 leguntur.
3153 2963 3386 3030 Quando

1814 3045 1981 3118 igitur
2010 3049 2155 3114 haec,
2189 3049 2272 3104 vel
2299 3050 2603 3118 quomodo,
2636 3058 2729 3105 aut
2763 3053 2962 3122 quibus
2999 3055 3221 3111 tandem
3253 3063 3394 3111 tem-

129 3142 518 3215 Ἰερουσαλὴμ,
545 3143 638 3196 καὶ
669 3145 697 3196 6
733 3143 790 3195 ἐν
823 3143 962 3213 αὐτῇ
993 3142 1300 3214 κατεῤῥίφη
1338 3142 1489 3207 νεώς.
1526 3146 1590 3196 ’⁸0
1618 3147 1712 3199 καὶ

1814 3139 2042 3208 poribus
2071 3140 2419 3204 exstiterint,
2457 3142 2502 3195 si
2543 3141 2668 3211 quis
2708 3154 2793 3199 est
2834 3145 2925 3215 qui
2968 3147 3174 3215 possit,
3216 3147 3391 3204 inter-

120 3236 264 3290 αὐτὸ
287 3235 470 3306 θαῦμα
503 3235 644 3306 μέγα
673 3233 806 3304 ἔχει,
827 3233 902 3297 ὡς
922 3233 1138 3304 ᾐνίξατο
1164 3234 1192 3285 6
1215 3236 1499 3307 προφήτης
1519 3235 1707 3289 εἰπών·

124 3347 150 3382 ι
176 3328 472 3392 Διάνοιξον,
488 3329 516 3380 6
535 3327 787 3392 Λίϐανος,
809 3325 908 3390 τὰς
925 3325 1092 3396 θύρας
1114 3343 1229 3390 σου,
1245 3329 1338 3380 καὶ
1353 3329 1714 3398 καταφαγέτω

125 3421 245 3494 πῦρ
268 3421 367 3485 τὰς
399 3421 624 3491 κέδρους
653 3436 765 3473 σου.
806 3437 826 3470 ι
865 3418 1096 3473 Λίϐανον
1122 3419 1231 3491 γὰρ
1262 3421 1320 3472 ἐν
1350 3421 1559 3484 τούτοις
1585 3438 1712 3474 συν-

127 3515 280 3585 ήθως
315 3513 444 3567 αὐτὸ
475 3513 534 3565 τὸ
586 3512 730 3582 ἱερὸν
777 3511 1065 3582 ὀνομάζει*
1108 3513 1230 3565 ἐπεὶ
1273 3514 1367 3566 καὶ
1412 3513 1478 3566 δι’
1512 3515 1712 3585 ἐτέρων

130 3604 477 3678 προφητειῶν
509 3603 885 3657 ἀποδέδεικται
909 3601 1139 3666 Λίϐανος
1168 3602 1328 3666 αὐτὸς
1357 3605 1385 3655 6
1427 3603 1562 3667 νεὼς
1592 3607 1713 3657 ἐπι-

131 3696 486 3767 κεκλημένος.
539 3694 710 3747 Τοῦτο
753 3693 811 3746 δέ
849 3694 944 3747 καὶ
988 3694 1146 3747 αὐτοὶ
1200 3693 1388 3757 παῖδες
1446 3693 1712 3748 Ἰουδαίων

135 3789 306 3843 εἰσέτι
349 3785 444 3840 νῦν
493 3784 880 3856 ὁμολογοῦσιν·
917 3786 1040 3837 ἐπεὶ
1085 3784 1180 3837 καὶ
1225 3784 1452 3847 Ἡσαΐας
1496 3785 1710 3856 ἐμφερῆ

137 3881 218 3951 τῷ
248 3879 378 3951 μετά
420 3881 608 3949 χεῖρας
653 3878 910 3949 προφήτῃ
939 3876 1206 3940 θεσπίζων
1251 3875 1482 3947 ἔφησεν·
1515 3895 1534 3927 ι
1582 3877 1710 3930 Ἰδοὺ

139 3968 341 4040 Κύριος
397 3967 619 4020 Σαϐαὼθ
679 3966 1037 4037 συνταράσσει
1085 3965 1212 4028 τοὺς
1275 3964 1516 4032 ἐνδόξους
1574 3965 1712 4036 μετὰ

146 4062 354 4132 ἰσχύος,
394 4061 488 4114 καὶ
520 4062 568 4113 οἱ
601 4059 794 4131 ὑψηλοὶ
822 4061 889 4129 τῇ
946 4057 1100 4130 ῦϐρει
1135 4058 1600 4130 συντριϐήσονται.
1655 4059 1711 4110 '0

143 4154 201 4206 δὲ
229 4152 448 4215 Λίϐανος
469 4153 565 4205 σὺν
589 4154 702 4215 τοῖς
734 4149 956 4220 ὑψηλοῖς
977 4152 1242 4214 πεσεῖται,
1265 4150 1357 4202 καὶ
1372 4149 1712 4213 ἐξελεύσεται

149 4245 336 4319 ῥάϐδος
365 4245 432 4299 ἐκ
454 4247 554 4316 τῆς
576 4243 730 4316 ῥίζης
773 4242 989 4305 Ἰεσσαὶ,
1016 4243 1109 4294 καὶ
1153 4241 1312 4305 ἄνθος
1339 4244 1402 4295 ἐκ
1427 4243 1527 4313 τῆς
1556 4243 1712 4314 ῥίζης

147 4337 488 4409 ἀναϐήσεται,
513 4337 606 4391 καὶ
629 4334 915 4389 ἐπαναπαύ
924 4351 1073 4386 σεται
1094 4335 1179 4387 ἐπ’
1198 4333 1358 4388 αὐτὸν
1382 4334 1598 4404 πνεῦμα
1615 4334 1710 4392 τοῦ

147 4431 283 4486 Θεοῦ
305 4449 348 4484 ’›
374 4426 451 4494 οἷς
464 4429 700 4498 ἐπιλέγει
719 4446 732 4460 ·
771 4449 790 4480 ι
819 4430 928 4482 Καὶ
955 4428 1104 4481 ἔσται
1130 4429 1164 4498 ή
1208 4428 1333 4498 ῥίζα
1360 4427 1456 4480 τοῦ
1492 4427 1708 4492 Ἰεσσαὶ,

151 4525 244 4578 καὶ
284 4525 310 4576 6
359 4522 713 4592 ἀνιστάμενος
745 4521 931 4593 ἄρχειν
983 4520 1150 4574 ἐθνῶν
1177 4561 1192 4586 ,
1251 4522 1337 4572 ἐπ’
1383 4518 1530 4590 αύτῷ
1583 4519 1706 4590 ἔθνη

151 4614 401 4670 ἓλπιοῦσι.
427 4633 446 4666 ›
479 4615 589 4668 Καὶ
621 4613 852 4667 ἐνταῦθα
890 4613 999 4684 γὰρ
1034 4611 1170 4684 ὁμοῦ
1197 4615 1263 4684 τῇ
1297 4613 1367 4664 ἐκ
1399 4613 1713 4682 σπέρματος

164 4707 347 4760 Ἰεσσαί
370 4705 461 4758 καὶ
478 4704 639 4758 Δαϐὶδ
664 4705 874 4774 γενέσει
891 4703 984 4758 τοῦ
1016 4702 1278 4776 Χριστοῦ,
1314 4701 1548 4754 Λιϐάνου
1577 4701 1710 4755 καθ-

155 4799 350 4868 αίρεσις
389 4798 481 4850 καὶ
513 4795 683 4851 ἐθνῶν
713 4797 906 4866 κλῆσις
939 4795 1225 4866 συνῆπται.
1257 4793 1488 4847 Λίϐανον
1513 4792 1572 4845 δὲ
1601 4792 1699 4863 τὴν

168 4885 506 4958 Ἰερουσαλὴμ
556 4885 848 4958 διαρρήδην
896 4887 926 4938 6
977 4887 1072 4938 καὶ
1133 4884 1393 4955 Ἰεζεκιὴλ
1461 4885 1713 4954 σημαίνει

155 4979 348 5048 λέγων’
391 4997 410 5030 ι
454 4979 512 5031 '0
553 4979 710 5041 ἀετὸς
740 4980 768 5031 6
803 4976 1003 5048 μέγας,
1045 4978 1073 5029 6
1123 4976 1600 5048 μεγαλοπτέρυγος
1623 5016 1637 5039 ,
1685 4977 1714 5028 6

161 5073 291 5142 ἔχων
314 5070 368 5123 τὸ
392 5071 584 5141 ἦγημα
622 5069 883 5123 εἰσελθεῖν
920 5069 1001 5132 εἰς
1035 5068 1126 5121 τὸν
1167 5068 1432 5132 Λίϐανον,
1470 5067 1562 5119 καὶ
1606 5069 1712 5121 ἀπ-

165 5166 336 5236 ἐκρισε
364 5162 429 5216 τὰ
461 5162 645 5216 ἁπαλὰ
677 5163 774 5233 τῆς
803 5162 1016 5233 κέδρου.
1057 5179 1076 5212 ›
1104 5159 1292 5214 Ταῦτα
1325 5159 1458 5229 γοῦν
1489 5161 1518 5212 ὁ
1550 5157 1713 5221 αὐτὸς

163 5255 282 5325 ἑξῆς
314 5255 578 5323 διασαφῶν
606 5253 878 5322 ἐπιλέγει’
913 5272 931 5304 ι
959 5254 1072 5306 ”Οτ’
1107 5252 1172 5306 ἂν
1216 5251 1344 5324 ἔλθῃ
1373 5249 1710 5320 Ναϐουχοδο-

164 5351 310 5420 νόσορ
350 5347 436 5400 ἐπὶ
491 5345 882 5417 Ἰερουσαλὴμ,
938 5345 1031 5398 καὶ
1094 5343 1234 5416 λάϐῃ
1259 5343 1384 5405 τοὺς
1443 5342 1710 5414 ἄρχοντας

165 5440 336 5510 αὐτῆς,
359 5458 375 5489 ι
416 5435 507 5491 καὶ
537 5438 608 5490 τὰ
651 5438 796 5508 ἑξῆς.
846 5435 1005 5488 Ἀλλὰ
1039 5433 1212 5487 ταῦτα
1249 5435 1348 5506 μὲν
1382 5436 1410 5488 6
1455 5434 1710 5504 Ἰεξεκιὴλ

169 5530 396 5602 περὶτῆς
429 5527 651 5600 πρώτης
685 5527 873 5597 ἐδήλου
909 5525 1241 5596 πολιορκίας,
1281 5525 1397 5594 μεθ’
1428 5524 1495 5594 ἣν
1533 5525 1562 5576 6
1600 5527 1708 5577 Ζα-

169 5621 338 5695 χαρίας
367 5622 610 5692 περὶτῆς
639 5619 894 5691 δευτέρας
930 5616 1194 5682 θεσπίζει.
1219 5617 1356 5668 Πότε
1388 5617 1541 5679 οὗτος
1572 5617 1709 5687 μετὰ

235 5804 251 5834 ⁷
289 5801 413 5857 Psal.
449 5817 610 5867 Lxxt,
645 5798 698 5864 7,
739 5801 795 5856 8.
875 5799 897 5830 ³
938 5797 1043 5854 lsa.
1076 5813 1165 5862 x1,
1204 5797 1255 5863 1,
1285 5796 1338 5850 2.
1417 5798 1438 5830 ⁹
1480 5795 1608 5851 ibid.
1648 5795 1732 5850 lO.

1813 3239 2078 3300 pretetur.
2120 3235 2230 3284 Aut
2261 3247 2500 3302 quonam
2555 3234 2663 3288 alio
2709 3244 2952 3306 tempore
2989 3247 3113 3308 post
3157 3239 3392 3311 Babylo-

1813 3323 1993 3376 nieam
2023 3324 2398 3390 obsidionem,
2427 3327 2656 3382 alterum
2687 3344 2946 3399 perpessa
2975 3332 3047 3386 sit
3069 3333 3389 3388 incendium

1811 3412 2150 3478 Jerusalem,
2199 3423 2253 3469 et
2296 3417 2443 3487 quod
2487 3418 2543 3472 in
2587 3419 2704 3490 ipsa
2743 3422 3008 3492 templum
3053 3433 3205 3492 erat,
3239 3426 3392 3495 deje-

1812 3516 1961 3562 ctum
1995 3508 2087 3564 sit.
2115 3507 2272 3574 Quod
2302 3511 2465 3564 etiam
2495 3511 2670 3581 ipsum
2697 3529 2949 3584 magnam
2977 3515 3132 3572 aﬂ‘ert
3156 3519 3394 3573 admira-

1813 3600 2016 3655 tionem
2037 3644 2052 3668 ,
2089 3603 2548 3671 quemadmodum
2579 3606 2840 3675 propheta
2877 3609 2932 3662 id
2961 3609 3348 3680 signiﬁcaverit
3369 3652 3386 3676 ,

1812 3692 2002 3748 dicens
2033 3712 2046 3746 :
2077 3711 2096 3744 ι
2121 3695 2320 3764 Aperi,
2353 3694 2557 3752 Libane
2577 3737 2594 3761 ,
2630 3705 2816 3767 portas
2849 3706 2972 3754 tuas
2992 3741 3008 3763 ,
3046 3709 3099 3755 et
3141 3703 3391 3758 comedat

1812 3783 1955 3853 ignis
1983 3783 2178 3840 cedros
2230 3792 2372 3839 tuas.
2412 3805 2432 3838 ι
2462 3786 2595 3840 Nam
2650 3786 2916 3843 Libanum
2969 3791 3023 3844 in
3072 3792 3159 3848 his
3209 3795 3389 3852 verbis

1812 3891 1966 3931 more
1989 3892 2090 3931 suo
2114 3877 2374 3946 templum
2397 3879 2575 3948 ipsum
2599 3881 2880 3934 nominat:
2909 3883 3163 3951 quoniam
3188 3884 3240 3939 in
3265 3887 3389 3942 aliis

1812 3982 2035 4036 quoque
2084 3968 2388 4037 prophetiis
2433 3977 2715 4024 ostensum
2749 3977 2868 4034 est,
2906 3971 3172 4027 Libanum
3209 3975 3388 4045 ipsum

1813 4059 2079 4128 templum
2107 4059 2314 4113 vocari.
2344 4058 2402 4113 ld
2433 4069 2614 4116 autem
2639 4061 2741 4131 ipsi
2772 4078 2988 4133 quoque
3010 4062 3180 4119 Judaei
3211 4066 3388 4121 adhuc

1813 4151 2168 4213 conﬁtentur,
2219 4151 2660 4221 quandoquidem
2694 4153 2865 4209 Isaias
2897 4155 3025 4210 huic
3068 4157 3385 4228 prepbetae,

1812 4243 1906 4313 qui
1936 4257 2083 4296 nunc
2102 4250 2392 4306 tractatur,
2425 4243 2628 4298 similia
2641 4259 2844 4300 canens
2872 4245 3011 4300 dixit
3036 4267 3048 4302 :
3073 4267 3091 4298 ι
3115 4247 3255 4303 Ecce
3280 4247 3389 4304 Do-

1810 4336 1995 4390 minus
2029 4334 2270 4390 Sabaoth
2301 4336 2652 4391 conturbabit
2678 4337 2950 4408 gloriosos
2983 4354 3108 4393 cum
3152 4340 3350 4397 robore
3370 4381 3386 4406 ,

1811 4434 1867 4484 et
1907 4426 2108 4482 excelsi
2164 4427 2494 4481 contumelia
2528 4434 2903 4484 conterentur.
2937 4428 3178 4485 Libanus
3204 4438 3384 4486 autem

1743 4506 1785 4559 D
1814 4535 1938 4574 cum
1977 4519 2210 4575 excelsis
2250 4519 2440 4581 cadet,
2487 4527 2542 4573 et
2581 4520 2889 4590 egredietur
2923 4521 3071 4590 virga
3107 4521 3172 4577 de
3202 4522 3387 4578 radice

1805 4609 1982 4677 Jesse,
2004 4620 2059 4666 et
2081 4611 2182 4666 ﬁos
2209 4610 2274 4665 de
2305 4609 2491 4665 radice
2512 4587 2793 4674 ascendet:
2817 4623 2871 4668 et
2893 4587 3202 4683 requiescet
3224 4630 3388 4684 super

1807 4719 1931 4758 eum
1956 4704 2185 4774 spiritus
2215 4701 2308 4757 Dei
2331 4702 2375 4768 ⁸;
2401 4721 2420 4753 ι
2443 4700 2646 4770 quibus
2665 4702 2910 4774 adiungit
2937 4723 2947 4757 :
2971 4723 2988 4754 ι
3013 4702 3077 4757 Ει
3097 4703 3201 4758 erit
3228 4704 3388 4758 radix

1805 4794 2000 4858 Jesse,
2045 4803 2102 4849 et
2142 4794 2235 4863 qui
2285 4795 2460 4864 surgit
2503 4801 2562 4849 ut
2606 4795 2831 4864 imperet
2861 4795 3144 4866 gentibus,
3176 4795 3230 4867 in
3266 4795 3394 4866 ipso

1806 4887 1965 4960 411
1993 4894 2183 4958 gentes
2213 4887 2570 4956 sperabunt”.
2604 4906 2623 4938 ι
2661 4886 2872 4941 Etenim
2908 4888 2997 4942 hic
3026 4903 3244 4958 quoque
3277 4905 3392 4943 una.

1808 4993 1933 5031 cum
1965 4983 2090 5030 ortu
2116 4973 2322 5030 Christi
2348 4974 2416 5030 de
2455 4976 2664 5030 semine
2692 4973 2849 5030 Jesse
2877 4983 2932 5030 et
2962 4973 3156 5040 David,
3194 4974 3392 5030 Libani:

1814 5067 2028 5124 eversio
2057 5073 2112 5122 et
2143 5066 2384 5136 gentium
2415 5067 2629 5121 vocatio
2655 5065 2952 5136 conjuncta
2978 5074 3083 5121 est.
3117 5065 3391 5121 Libanum.

1815 5168 1995 5213 autem
2039 5158 2211 5228 ipsam
2259 5154 2563 5212 Jerusalem
2609 5156 2882 5227 intelligi,
2930 5155 3183 5211 Ezechiel
3226 5158 3387 5227 plane

1815 5250 2087 5320 signiﬁcat
2114 5248 2202 5302 bis
2245 5248 2468 5303 verbis:
2504 5267 2522 5299 ‹
2553 5246 2752 5318 Aquila
2789 5247 3016 5318 grandis
3063 5262 3389 5317 magnarum

1813 5345 2046 5408 alarum,
2070 5357 2192 5411 quae
2215 5341 2378 5396 habet
2415 5344 2800 5395 auctoritatem
2835 5339 3178 5411 ingrediendi
3213 5339 3268 5392 in
3296 5338 3386 5393 Li-

1810 5432 2034 5495 banum,
2075 5438 2130 5486 et
2169 5429 2365 5484 evulsit
2415 5437 2602 5484 tenera
2647 5430 2794 5485 cedri
2823 5429 2888 5484 ¹⁰.
2927 5448 2947 5482 ι
2987 5429 3054 5483 Et
3099 5429 3215 5483 haec
3266 5429 3394 5498 ipsa

1810 5522 2068 5592 deinceps
2089 5521 2389 5592 explanans
2412 5520 2550 5575 idem
2579 5523 2863 5592 propheta,
2892 5521 3139 5592 adjungit
3161 5539 3176 5575 :
3199 5537 3221 5572 ι
3247 5519 3391 5574 Cum

1815 5619 2028 5672 venerit
2061 5613 2573 5669 Nabuchodonosor
2624 5613 2680 5668 in
2713 5611 3042 5680 Jerusalem,
3074 5620 3128 5670 et
3161 5628 3388 5684 accepe-

1812 5795 1854 5828 ¹⁰
1895 5793 2091 5850 L'zecb.
2127 5809 2273 5859 xvii,
2305 5793 2358 5848 5.
