3836 6220
440 405 546 460 643

1075 400 1347 458 EUSEBli
1384 400 1869 457 CESARIENSIS
1904 400 2005 456 ΟΡ]

2106 399 2284 455 ΡΑΒὸ
2321 398 2386 454 ll.
2427 431 2498 440 —
2531 397 3034 456 APOLOGETICA.

3618 397 3718 454 6H

437 523 511 576 rit
543 520 798 590 princeps
837 519 1040 590 ejus",
1075 538 1093 570 ›
1127 530 1180 572 et
1203 535 1324 588 qua:
1359 527 1686 589 sequuntur.
1731 520 1997 574 Caeterum

2128 520 2254 584 τοὺς
2275 518 2543 590 Ζαχαρίου
2569 519 2795 590 χρόνους
2819 517 2911 569 ἐπὶ
2942 517 3042 586 τῆς
3067 514 3398 568 Μακεδόνων
3437 513 3716 584 βασιλείας

438 611 920 681 Ezechielquidem
947 611 1057 663 haec
1081 609 1146 663 de
1163 611 1338 678 prima
1362 609 1673 664 Jerusalem
1731 610 2022 664 obsidione

438 705 688 775 praedixit
719 724 730 758 :
767 712 889 774 post
927 703 1086 772 cujus
1127 702 1433 757 obsidionis
1477 713 1691 773 tempus
1727 703 2023 758 Zacharias

437 797 507 851 de
555 797 793 850 secunda
833 796 1061 848 divinat.
1107 796 1336 860 Quando
1384 798 1550 864 igitur
1593 805 1714 866 post
1747 795 2024 850 Zacharia:

438 898 702 957 tempora,
739 889 840 941 sub
878 888 1106 958 imperio
1135 888 1490 942 Macedonum
1523 889 1787 958 templum
1835 889 2022 942 incen-

438 995 559 1034 sum
601 980 719 1033 est?
752 985 901 1034 certe
948 995 1250 1048 nunquam.
1300 980 1581 1048 Siquidem
1618 990 1742 1049 post
1790 979 2022 1050 Babylo-

436 1072 652 1126 niorum
689 1073 1169 1141 depopulationem
1217 1081 1380 1142 atque
1432 1073 1765 1138 incendium,
1814 1073 2018 1126 nullam

436 1164 578 1234 ignis
597 1173 822 1218 alteram
846 1167 1201 1220 vastationem
1220 1181 1458 1235 unquam
1486 1181 1743 1235 perpessa
1767 1175 1849 1220 est
1867 1166 2020 1230 urbs,

433 1254 539 1307 nisi
569 1254 672 1308 sub
705 1243 1044 1324 Vespasiano
1071 1271 1134 1308 ac
1164 1255 1288 1308 Tito
1315 1255 1688 1310 Romanorum
1724 1259 2020 1327 imperato-

433 1347 604 1406 ribus,
641 1347 710 1400 ob
759 1363 920 1416 quam
959 1364 1090 1402 sane
1136 1350 1506 1403 vastationem
1554 1366 1751 1404 rursus
1783 1351 2018 1405 obscure

431 1445 484 1490 et
519 1454 614 1507 per
650 1438 851 1508 ﬁguras
891 1455 1007 1500 eos,
1043 1441 1136 1508 qui
1183 1442 1314 1494 olim
1358 1441 1505 1509 genti
1553 1442 1917 1510 imperabant,
1951 1443 2020 1496 ad

429 1530 837 1600 deplorationes
863 1535 917 1585 et
942 1533 1181 1586 lamenta
1213 1533 1408 1586 invitat
1438 1535 1746 1598 oraculum,
1783 1533 1974 1588 dicens
2001 1549 2014 1586 :

435 1641 454 1672 ‹
491 1618 671 1676 Ululet
717 1624 913 1692 pinus,
948 1625 1207 1692 quoniam
1246 1625 1446 1678 cecidit
1485 1626 1720 1689 cedrus,
1757 1627 2016 1694 quoniam

428 1721 760 1783 magnopere
799 1714 1071 1784 magnilici
1114 1713 1295 1768 amicti
1324 1725 1452 1769 sunt
1484 1733 1496 1766 :
1534 1717 1758 1782 ululate,
1781 1733 2018 1787 quercus

428 1808 782 1872 Basanitidis,
807 1809 1068 1878 quoniam
1102 1810 1402 1863 convulsus
1431 1818 1516 1863 est
1535 1811 1707 1865 saltus
1738 1813 2008 1872 consitus,

426 1918 531 1956 vox
573 1900 986 1953 lamentantium
1036 1906 1342 1969 pastorum,
1391 1901 1650 1970 quoniam
1696 1901 1891 1954 amicta
1924 1911 2009 1956 est

427 1992 843 2060 magnificentia
875 2008 1088 2047 eorum.
1134 2011 1151 2042 ι
1192 1986 1348 2044 Tunc
1379 2008 1513 2045 sane
1559 1990 1704 2045 facta
1737 2003 1820 2046 est
1854 1992 2014 2046 Jeru-

426 2082 594 2135 salem
627 2082 785 2150 quasi
820 2083 1088 2135 vestibula
1120 2098 1243 2151 quze
1275 2083 1600 2151 quatiuntur
1629 2083 1885 2139 omnibus
1912 2101 2009 2154 po.

427 2171 569 2238 pulis
594 2171 649 2224 in
679 2171 936 2234 circuitu,
969 2179 1022 2224 et
1054 2171 1107 2222 in
1138 2169 1324 2224 Iudaea
1352 2171 1496 2224 facta
1528 2180 1611 2226 est
1641 2175 1870 2227 munitio
1901 2191 2015 2228 am-

426 2263 602 2327 biens,
635 2270 688 2316 et
732 2263 799 2315 ab
849 2263 932 2317 eis
980 2272 1370 2318 sacrosanctus
1419 2264 1766 2319 existimatus
1820 2265 2010 2330 locus,

425 2371 600 2424 usque
655 2355 710 2409 in
742 2355 1068 2409 hodiernum
1107 2358 1250 2412 diem
1301 2357 1442 2426 lapis
1476 2357 1715 2420 exsistit,
1753 2359 1846 2426 qui
1879 2375 2012 2412 con-

424 2446 678 2499 culcatur
706 2447 774 2499 ab
823 2447 1082 2501 omnibus
1117 2447 1400 2518 gentibus,
1429 2453 1484 2502 et
1512 2448 1828 2517 quicunque
1858 2449 2011 2502 illum

424 2538 714 2591 conculcat
745 2536 981 2593 illudens
1006 2539 1286 2605 illudetur,
1317 2539 1461 2594 sicut
1500 2539 1784 2608 praphetia
1815 2539 2014 2608 praedi-

422 2638 595 2683 xerat.
630 2627 772 2694 Quin
810 2629 974 2682 etiam
1012 2637 1302 2699 propterea
1333 2628 1481 2699 quod
1514 2630 1592 2682 illi
1625 2629 1878 2694 Domino,
1916 2631 2011 2700 qui

422 2719 538 2773 haec
571 2720 869 2782 cecinerat,
891 2721 1315 2783 insultaverunt,
1347 2736 1457 2774 non
1491 2721 1690 2775 defecit
1711 2738 1806 2777 eos
1835 2738 2012 2792 neruis

422 2811 694 2881 ﬁanctus,
725 2827 900 2880 neque
922 2811 1123 2875 luctus,
1157 2829 1332 2881 neque
1357 2812 1695 2867 lamentatio.
1720 2811 2008 2883 Nunquam

421 2901 592 2972 igitur
633 2903 770 2957 alias
813 2903 921 2956 nisi
965 2912 1089 2973 post
1140 2902 1446 2958 Salvator-is
1491 2905 1666 2959 nostri
1716 2905 2009 2958 adventum

423 3012 598 3066 usque
641 2995 710 3048 ad
740 2997 881 3049 hanc
912 3004 1319 3067 tempestatem,
1356 3013 1548 3051 omnes
1593 2997 1770 3051 tribus
1795 2996 2010 3052 Judazo-

422 3103 545 3141 rum
615 3089 912 3158 quidquam
972 3089 1362 3144 lamentatione
1421 3092 1714 3159 planctuve
1780 3090 2006 3160 dignum

422 3194 598 3248 passae
631 3186 780 3241 sunt,
814 3189 1033 3248 propter
1065 3181 1276 3250 plagam
1308 3195 1431 3250 quae
1467 3181 1617 3250 ipsos
1641 3179 1750 3235 Deo
1777 3179 2005 3235 feriente
2031 3226 2073 3282 Ο

422 3270 862 3337 deprehenderit,
886 3286 950 3323 ex
983 3287 1089 3340 qua
1119 3273 1283 3325 etiam
1312 3273 1556 3341 ipsorum
1588 3282 1763 3327 mater
1806 3274 2003 3330 civitas

421 3362 665 3416 externis
693 3361 947 3430 gentibus
980 3362 1180 3415 tradita
1204 3375 1307 3426 est,
1345 3374 1398 3417 et
1429 3365 1690 3434 templum
1725 3381 1980 3420 eversum

423 3454 827 3521 sullossumque
875 3459 978 3515 est,
1026 3452 1240 3521 ipsique
1289 3455 1356 3508 de
1401 3456 1623 3524 propria
1662 3457 1882 3526 regione
1919 3472 2007 3511 ex-

423 3542 568 3613 pulsi
591 3550 740 3605 sunt,
769 3542 822 3594 in
847 3547 993 3594 terra
1025 3541 1208 3596 hostili
1234 3543 1474 3599 inimicis
1505 3547 1828 3602 servientes.
1855 3547 2004 3612 Quas

421 3636 493 3690 ob
527 3651 639 3701 res,
683 3634 865 3689 omnis
906 3635 1148 3703 ipsorum
1180 3635 1396 3698 domus,
1430 3638 1720 3708 omnisque
1757 3639 2003 3708 ipsorum

423 3727 606 3780 anima
639 3727 693 3780 in
725 3726 872 3780 hunc
903 3740 1080 3796 usque
1110 3725 1252 3780 diem
1285 3726 1774 3783 lamentationibus
1806 3729 2004 3783 amicta

421 3825 523 3871 est.
565 3819 909 3886 Quapropter
961 3815 1225 3886 propheta
1273 3818 1354 3871 sic
1397 3817 1472 3870 ait
1511 3834 1524 3869 :
1576 3839 1594 3869 ι
1635 3817 1703 3872 Ει
1746 3821 2004 3890 plangent

421 3909 650 3977 singulae
676 3908 852 3962 tribus
874 3924 969 3978 per
983 3908 1220 3978 seipsas:
1241 3907 1403 3979 412
1423 3910 1598 3965 tribus
1614 3911 1811 3967 domus
1830 3912 2001 3968 David

421 4012 694 4061 seorsum,
725 4007 779 4051 et
823 3997 1080 4051 mulieres
1119 4013 1311 4051 eorum
1358 4002 1694 4066 seorsum“,
1732 4022 1750 4054 ι
1788 4013 1841 4057 et
1880 4020 2003 4074 quae

421 4096 744 4158 sequuntur.
779 4087 888 4142 Sed
930 4089 1023 4157 qui
1053 4088 1272 4142 tandem
1300 4097 1426 4159 post
1457 4089 1732 4148 Zachariae
1754 4101 2000 4166 tempora

420 4180 594 4234 secuti
621 4189 750 4234 sunt
773 4175 914 4248 dies,
944 4182 1000 4234 in
1027 4181 1230 4250 quibus
1261 4183 1437 4251 spolia
1481 4181 1782 4239 Jerusalem
1823 4188 2000 4244 divisa

420 4273 587 4326 sunt?
625 4283 680 4326 et
719 4282 910 4344 gentes
956 4275 1225 4328 universae
1274 4273 1342 4328 ad
1390 4274 1592 4328 bellum
1644 4287 1834 4332 contra
1877 4295 1997 4336 eam

417 4364 723 4418 coiverint?
769 4373 820 4420 et
853 4367 1051 4420 civitas
1085 4373 1243 4435 capta
1283 4365 1375 4430 sit,
1411 4374 1465 4419 et
1509 4366 1704 4423 domus
1748 4370 1994 4441 direptae,

417 4463 470 4508 et
506 4457 761 4512 mulieres
790 4459 1012 4528 polluta:
1046 4467 1212 4528 atque
1241 4459 1296 4512 in
1327 4458 1645 4513 servitutem
1677 4461 1918 4517 abactae?
1943 4473 1998 4518 et

417 4547 638 4640 quando
677 4548 843 4601 simul
884 4549 988 4604 sub
1018 4549 1162 4640 idem
1202 4555 1416 4640 tempus
1447 4547 1708 4606 Dominus
1743 4554 1994 4622 gentibus
2028 4583 2075 4640 ο

413 4635 716 4691 Jerusalem
745 4639 1202 4708 oppugnantibus
1261 4639 1614 4705 subveniens,
1656 4646 1998 4712 comparavit

415 4741 476 4782 se
505 4727 570 4781 ad
603 4729 848 4797 praelium
889 4745 1013 4783 cum
1046 4729 1192 4786 illis?
1223 4738 1317 4782 aut
1346 4731 1566 4800 quando
1595 4741 1862 4790 steterunt
1897 4749 1999 4804 pe—

413 4818 511 4874 des
542 4821 664 4887 ejus
714 4820 770 4874 in
804 4830 990 4877 monte
1023 4822 1342 4878 Ulivarum?
1387 4831 1483 4877 aut
1531 4825 1751 4894 quando
1785 4827 1997 4882 exstitit

415 4909 680 4966 Dominus
701 4910 757 4965 in
796 4910 998 4984 Regem
1031 4930 1126 4983 per
1159 4918 1474 4972 universam
1503 4917 1745 4970 terram?
1769 4919 1995 4988 ipseque

411 5016 556 5055 unus
603 5000 867 5058 Dominus
921 5004 1065 5075 apud
1116 5021 1308 5062 omnes
1360 5005 1649 5064 homines?
1693 5016 1747 5062 et
1792 5025 1992 5064 nomen

409 5093 531 5161 ejus
563 5095 812 5151 ambiens
833 5099 1142 5153 universam
1166 5109 1369 5154 terram
1391 5107 1445 5157 et
1469 5101 1818 5156 solitudinem
1835 5104 1858 5156 ?
1875 5103 1990 5158 haec

409 5183 554 5235 enim
586 5199 862 5253 nunquam
895 5189 1180 5259 quisquam
1213 5199 1369 5243 antea
1399 5190 1464 5244 ad
1501 5203 1661 5242 suum
1689 5189 1847 5243 linem
1874 5203 1994 5258 per;

410 5273 574 5327 ducta
603 5273 977 5331 demonstrare
1024 5279 1245 5347 poterit,
1278 5281 1382 5334 nisi
1426 5279 1799 5334 Romanorum
1851 5287 1991 5333 tem-

409 5365 654 5433 poribus,
697 5367 897 5436 quibus
939 5381 1062 5437 post
1111 5369 1502 5442 Babylonicum
1533 5372 1870 5437 incendium,
1910 5374 1991 5426 al-

409 5463 528 5512 tero
577 5474 771 5514 rursus
813 5460 1064 5516 incendio
1100 5463 1344 5532 ipsorum
1399 5467 1660 5535 templum
1707 5471 1985 5518 vastatum

407 5557 512 5618 est,
552 5560 604 5606 et
631 5552 824 5608 civitas
851 5568 917 5608 ex
941 5554 1032 5608 illo
1065 5557 1130 5610 ad
1165 5557 1310 5611 hunc
1343 5573 1517 5627 usque
1549 5560 1689 5614 diem
1713 5557 1786 5612 ab
1806 5565 1988 5611 exter-

408 5639 495 5694 nis
523 5644 775 5712 gentibus
793 5643 1025 5701 habitari
1051 5649 1376 5702 ostenditur.
1403 5648 1522 5714 Quo
1553 5659 1799 5721 tempore
1821 5649 1984 5702 etiam

479 5821 519 5852 ³¹
579 5819 778 5878 Ezecb.
819 5840 950 5890 xvn,
986 5822 1070 5879 1‘2.
1153 5825 1196 5855 ¹²
1239 5823 1468 5879 Zachar.
1505 5839 1622 5890 xu,
1664 5821 1856 5880 12-14.

2127 613 2456 686 ἐμπρησμὸν
2484 613 2774 684 ὑπέμεινεν
2811 612 2840 663 6
2868 607 3034 673 νεώς;
3069 607 3183 660 ἀλλ’
3209 608 3308 660 οὐκ
3342 606 3488 660 ἔστιν
3517 603 3729 660 εἰπεῖν.Ι

2125 703 2281 758 Μετὰ
2318 704 2430 774 γὰρ
2479 703 2577 774 τὴν
2624 703 2730 755 ὑπὸ
2783 700 3142 754 Βαϐυλωνίων
3194 698 3561 770 πυρπόλησιν,
3610 697 3716 748 οὐδ’

2124 793 2312 846 ἄλλοτε
2360 794 2616 865 δευτέραν
2745 791 2887 845 κατὰ
2950 793 3106 844 Τῖτον
3153 793 3246 844 καὶ
3305 789 3715 844 Οὐεσπασιανὸν

2135 887 2422 957 Ῥωμαίων
2480 888 2916 957 αὐτοκράτορας,
2961 885 3061 953 τὴν
3099 883 3186 937 διὰ
3233 885 3406 952 πυρὸς
3452 884 3713 955 ὑπέμεινε

2125 976 2350 1048 φθορὰν,
2371 977 2454 1044 ἐφ’
2536 977 2700 1028 πάλιν
2727 975 2814 1028 διὰ
2838 974 3158 1044 αἰνίγματος
3185 975 3311 1036 τοὺς
3334 973 3505 1026 πάλαι
3530 975 3716 1042 ἄρχον-

2121 1084 2218 1129 τας
2245 1066 2338 1119 τοῦ
2373 1067 2559 1130 ἔθνους
2589 1068 2682 1118 ἐπὶ
2709 1067 2937 1137 θρήνους
2964 1067 3058 1118 καὶ
3083 1065 3425 1136 ὀλοφυρμοὺς
3451 1067 3715 1120 ἀνακαλεῖ

2123 1159 2347 1227 φάσκων
2384 1161 2412 1212 6
2434 1159 2590 1228 λόγος
2609 1174 2622 1189 ⁸
2661 1179 2678 1209 ‹
2718 1159 3051 1226 ὐλολυξάτω
3079 1160 3262 1222 πίτυς,
3285 1159 3419 1211 διότι
3452 1161 3714 1213 πέπτωκε

2122 1252 2312 1324 κέδρος
2336 1292 2351 1314 ,
2411 1253 2492 1305 ὅτι
2549 1252 2799 1322 μεγάλως
2857 1254 3182 1322 μεγιστᾶνες
3234 1251 3710 1324 ἐταλαιπώρησαν,

2134 1343 2471 1410 Ὀλολύξατε,
2506 1344 2666 1413 δρύες
2688 1345 2786 1415 τῆς
2820 1345 3185 1408 Βασανίτιδος,
3227 1344 3309 1397 ὅτι
3348 1344 3713 1414 κατεσπάσθη

2121 1437 2150 1488 6
2171 1436 2374 1507 δρυμὸς
2402 1438 2430 1489 ὁ
2472 1437 2752 1506 σύμφυτος
2771 1453 2783 1464 ·
2811 1435 2962 1506 φωνὴ
3004 1435 3349 1508 θρηνούντων
3399 1436 3713 1506 ποιμένων,

2120 1527 2202 1581 ὅτι
2250 1527 2732 1598 τεταλαιπώρηκεν
2783 1528 2816 1597 ὴ
2866 1525 3224 1596 μεγαλωσύνη
3270 1526 3472 1580 αὐτῶν.
3517 1544 3537 1576 ι
3584 1526 3712 1578 Τὰτε

2119 1619 2250 1688 γοῦν
2279 1621 2372 1672 καὶ
2405 1619 2687 1689 γέγονενὴ
2721 1618 3078 1690 Ἰερουσαλὴμ
3097 1619 3174 1681 ὼς
3207 1616 3458 1688 πρόθυρα
3492 1616 3715 1668 σαλευό-

2123 1731 2258 1784 μενα
2293 1715 2428 1766 πᾶσι
2461 1715 2571 1775 τοῖς
2604 1711 2752 1774 λαοῖς
2777 1711 2982 1781 κύκλῳ,
3019 1712 3115 1763 καὶ
3144 1711 3201 1761 ὲν
3229 1712 3294 1780 τῇ
3349 1709 3590 1778 Ἰουδαίᾳ.
3627 1708 3718 1777 γέέ

2119 1824 2243 1875 γονε
2294 1805 2541 1878 περιοχὴ,
2577 1805 2605 1858 ὃ
2650 1821 2708 1856 τε
2755 1802 3140 1874 νενομισμένος
3180 1802 3362 1864 αὐτοῖς
3411 1801 3575 1868 ἆγικ
3622 1801 3712 1852 καὶ

2044 1882 2084 1935 Β
2116 1898 2258 1969 ἱερὸς
2283 1897 2468 1962 τόπος,
2491 1896 2658 1948 εἰσέτι
2688 1895 2783 1948 καὶ
2806 1896 3047 1965 σήμερον
3081 1893 3227 1955 λίθος
3250 1892 3512 1962 τυγχάνει
3538 1907 3713 1943 κατα-

2117 1989 2456 2061 πατούμενος
2485 1991 2616 2042 πᾶσι
2646 1991 2759 2050 τοῖς
2791 1986 2990 2051 ἔθνεσι,
3032 1987 3127 2038 καὶ
3154 1987 3262 2048 πᾶς
3306 1987 3335 2038 6
3373 1983 3714 2038 acutam-.6.»

2115 2083 2284 2152 αὐτὴν
2315 2081 2598 2152 ὲμπαίζων
2647 2079 3011 2151 ἐμπαίξεται,
3057 2077 3366 2140 ἀκολούθως
3393 2079 3458 2146 τῇ
3497 2092 3711 2146 προφη-

2113 2177 2254 2247 τεία.
2299 2174 2462 2228 ’Λλλὰ
2506 2174 2600 2226 καὶ
2633 2173 2751 2226 ἀνθ’
2795 2165 2870 2224 ὧν
2919 2172 3346 2242 κατωρχήσαντο
3386 2167 3483 2222 τοῦ
3535 2167 3711 2221 ταῦτα

2115 2267 2471 2330 θεσπίσαντος
2507 2267 2738 2337 Κυρίου,
2769 2264 2830 2318 οὐ
2859 2263 3197 2317 διαλέλοιπεν
3237 2262 3436 2324 αὐτοὺς
3475 2259 3709 2322 κοπετὸς

2115 2361 2209 2413 καὶ
2235 2360 2470 2430 ὀδυρμὸς
2503 2360 2596 2411 καὶ
2629 2357 2847 2428 θρῆνος.
2895 2357 2970 2408 Οὐ
3022 2355 3242 2410 πώποτε
3280 2353 3411 2423 γοῦν
3451 2352 3705 2420 ἄλλοτεῆ

2118 2451 2254 2522 μετὰ
2286 2451 2385 2522 τὴν
2409 2449 2503 2503 τοῦ
2539 2449 2792 2520 Σωτῆρος
2818 2448 2974 2519 ἡμῶν
2997 2447 3325 2518 παρουσίαν,
3357 2447 3453 2498 καὶ
3493 2447 3577 2507 εἰς
3615 2444 3703 2496 τὸν

2113 2543 2234 2595 καθ’
2279 2543 2428 2612 ἡμᾶς
2473 2541 2701 2612 χρόνον,
2752 2540 2924 2592 πᾶσαι
2965 2540 3022 2592 αἱ
3070 2538 3234 2607 φυλαὶ
3272 2535 3367 2590 τοῦ
3433 2535 3705 2588 Ἰουδαίων

2113 2634 2299 2697 ἔθνους
2329 2633 2542 2705 θρήνων
2577 2633 2670 2684 καὶ
2705 2629 2952 2684 κοπετῶν
2985 2620 3112 2696 ἇίξια
3145 2628 3450 2682 πεπόνθασι
3487 2627 3579 2681 διὰ
3609 2627 3700 2697 τὴν

2113 2725 2526 2783 καταλαϐοῦσαν
2560 2725 2758 2787 αὐτοὺς
2790 2725 2856 2776 ὲκ
2882 2721 3018 2775 Θεοῦ
3048 2721 3283 2792 πληγὴν,
3317 2721 3406 2788 ὑφ’
3437 2715 3508 2791 ἧς
3548 2719 3698 2789 καἰὴ

2115 2817 2443 2890 μητρόπολις
2473 2815 2650 2869 αὐτῶν
2675 2813 2993 2883 ἀλλοφύλοις
3019 2812 3228 2865 ἔθνεσιν
3244 2811 3486 2882 ἐξεδόθη,
3516 2810 3614 2864 καὶ
3641 2808 3697 2861 τὸ

2116 2907 2257 2978 ἱερὸν
2293 2905 2634 2976 κατεσκὰςη,
2669 2903 2822 2956 αὐτοί
2847 2919 2909 2955 τε
2937 2903 3038 2972 τῆς
3089 2900 3224 2963 ἰδίας
3268 2901 3452 2970 χώρας
3494 2899 3697 2968 ἀπελήι

2111 2997 2291 3060 λαντο,
2315 2999 2372 3050 ὲν
2403 3000 2469 3068 τῇ
2509 2994 2746 3066 πολεμίᾳ.
2774 2992 2987 3063 ἐχθροῖς
3014 2990 3357 3054 δουλεύοντες
3380 3007 3393 3019 °
3430 2984 3506 3042 ὧν
3540 2990 3695 3042 ἕνεκα

2111 3093 2219 3154 πᾶς
2249 3091 2277 3142 6
2302 3084 2448 3152 οἶκος
2471 3087 2670 3149 αὐτῶν,
2704 3087 2796 3138 καὶ
2833 3087 2982 3138 πᾶσα
3003 3083 3148 3154 ψυχὴ
3185 3081 3363 3136 αὐτῶν
3391 3082 3568 3134 εἰσέτι
3608 3079 3695 3134 καὶ

2112 3185 2350 3254 σήμερον
2391 3182 2606 3253 θρήνοις
2644 3178 3033 3249 ὑποϐέϐληται.
3077 3176 3170 3228 Διό
3209 3191 3370 3245 φησιν
3419 3176 3456 3244 ἡ
3483 3191 3694 3244 apo—1m-

2105 3276 2260 3328 τείαο
2303 3294 2321 3325 ι
2366 3275 2476 3327 Καὶ
2505 3273 2729 3342 διόψεται
2760 3270 2902 3342 φυλὴ
2938 3267 3080 3322 κατὰ
3120 3269 3317 3339 φυλὴν,
3360 3266 3503 3337 φυλὴ
3551 3267 3692 3320 οἴκου

2106 3369 2268 3422 Δαϐὶδ
2291 3367 2412 3421 καθ’
2437 3367 2657 3436 ἑαυτὴν,
2681 3365 2774 3418 καὶ
2800 3367 3062 3432 γυναῖκες
3083 3362 3263 3416 αὐτῶν
3291 3360 3414 3413 καθ’
3436 3360 3686 3421 ὲαυτάςοι

2107 3461 2199 3512 καὶ
2251 3457 2322 3510 τὰ
2376 3456 2588 3518 τούτοις
2629 3457 2892 3524 ἑπόμενα.
2928 3454 3092 3506 Ποῖαι
3137 3452 3198 3506 δὲ
3243 3451 3382 3523 μετὰ
3431 3451 3566 3514 τοὺς
3606 3448 3692 3503 τοῦ

2105 3543 2376 3616 Ζαχαρίου
2419 3543 2644 3614 χρόνους
2677 3542 2965 3611 γεγόνασιν
3005 3541 3234 3614 ἡμέραι,
3285 3541 3343 3592 ἐν
3379 3534 3467 3602 αἷς
3513 3539 3694 3610 διεμε-

2109 3633 2262 3706 ρίσθη
2303 3634 2372 3686 τὰ
2420 3633 2591 3686 σκῦλα
2637 3635 2736 3704 τῆς
2792 3632 3168 3703 Ἰερουσαλὴμ,
3204 3630 3300 3682 καὶ
3355 3629 3692 3700 ὲπισυνήχθη

2105 3726 2284 3778 πάντα
2327 3724 2398 3777 τὰ
2438 3725 2564 3796 ἔθνη
2599 3724 2685 3776 ἐπ’
2725 3723 2895 3796 αὐτὴν
2935 3725 3016 3786 εἰς
3069 3723 3337 3792 πόλεμον,
3385 3721 3504 3791 ἥλω
3554 3739 3618 3775 τε
3662 3725 3694 3789 ἡ

2105 3817 2280 3880 πόλις,
2323 3819 2418 3870 καὶ
2458 3816 2841 3888 διηρπάγησαν
2872 3817 2929 3869 αἱ
2962 3815 3166 3878 οἰκίαι,
3203 3815 3296 3868 καὶ
3337 3815 3393 3868 αί
3437 3817 3694 3890 γυναῖκες

2104 3909 2496 3980 ἐμολύνθησαν,
2541 3907 2871 3979 ἀπήχθησὰν
2897 3924 2958 3960 τε
3001 3909 3082 3970 εἰς
3114 3905 3492 3976 αἰχμαλωσίαν
3515 3945 3531 3968 ,
3563 3904 3691 3976 όμοῦ

2101 4020 2161 4056 τε
2179 4002 2272 4055 καὶ
2298 4001 2441 4056 κατὰ
2470 4001 2530 4054 τὸ
2556 4001 2690 4056 αὐτὸ
2715 4003 2744 4054 6
2775 4000 3001 4072 Κύριος,
3032 3999 3336 4070 συμμαχῶν
3374 4001 3489 4062 τοῖς
3514 3998 3693 4050 ἔθνεσι

2100 4096 2214 4156 τοῖς
2272 4093 2370 4164 τὴν
2433 4091 2787 4165 Ἰερουσαλὴμ
2848 4090 3184 4162 πολεμοῦσι,
3238 4090 3592 4163 παρετάξατο
3638 4091 3692 4141 ὲν

2101 4185 2318 4249 αύτοῖς;
2353 4184 2386 4255 ἢ
2421 4183 2551 4237 πότε
2582 4183 2816 4256 ἔστησαν
2849 4183 2899 4235 οἱ
2940 4183 3098 4246 πόδες
3140 4181 3305 4236 αὐτοῦ
3343 4184 3439 4235 ἐπὶ
3472 4183 3537 4236 τὸ
3572 4184 3689 4254 690;

2099 4277 2206 4329 τῶν
2243 4276 2510 4341 Ἐλαιῶν;
2544 4275 2578 4347 ἧ
2605 4275 2735 4328 πότε
2762 4275 2956 4344 γέγονε
2987 4277 3197 4347 Κύριος
3229 4277 3309 4337 εἰς
3345 4273 3576 4344 βασιλέα
3603 4273 3690 4326 ἐπὶ

2099 4371 2280 4422 πᾶσαν
2333 4369 2432 4439 τὴν
2465 4369 2590 4439 γῆν,
2637 4367 2801 4430 αὐτός
2841 4384 2904 4420 τε
2957 4364 3037 4430 εἰς
3088 4367 3292 4438 Κύριος
3335 4366 3430 4420 ἐπὶ
3478 4367 3687 4426 πάντας

2099 4459 2438 4532 ἀνθρώπους,
2472 4461 2567 4513 καὶ
2609 4459 2670 4512 τὸ
2715 4460 2890 4530 ὄνομα
2941 4458 3109 4512 αὑτοῦ
3167 4457 3472 4526 ὲγκυκλοῦν
3507 4461 3686 4511 πᾶσαν

2099 4552 2198 4622 τὴν
2230 4554 2332 4621 γῆν
2366 4551 2459 4603 καὶ
2485 4551 2586 4622 τὴν
2624 4549 2830 4622 ἔρημον
2852 4566 2866 4614 ;
2892 4549 3066 4603 ταῦτα
3087 4548 3198 4622 γὰρ
3223 4550 3331 4602 οὐδ’
3368 4536 3565 4602 ἄλλοτέ
3606 4565 3684 4600 πω

2098 4643 2361 4714 πρότερον
2386 4642 2499 4713 ἔχοι
2521 4641 2587 4695 ἄν
2607 4658 2690 4704 τις
2712 4643 2792 4703 εἰς
2817 4641 2990 4713 πέρας
3009 4640 3178 4707 δεῖξαι
3201 4639 3456 4710 ἀχθέντα,
3484 4640 3522 4710 ἢ
3548 4636 3682 4692 κατὰ

2092 4734 2218 4796 τοὺς
2265 4733 2549 4803 Ῥωμαίων
2592 4732 2838 4804 χρόνους,
2884 4731 3005 4784 καθ’
3056 4729 3151 4792 οὓς
3201 4729 3539 4800 ἐμπρησμὸν
3590 4729 3683 4780 ὐπ-

2091 4827 2275 4897 έμεινε
2307 4825 2582 4896 δεύτερον,
2615 4823 2754 4896 μετὰ
2783 4824 2875 4877 τὸν
2918 4823 3025 4876 ὑπὸ
3053 4821 3411 4874 Βαϐυλωνίων
3437 4859 3453 4884 ,
3483 4822 3513 4872 6
3552 4821 3678 4881 νεὼς

2091 4917 2341 4987 αὑτῶν,ἦ
2375 4933 2436 4969 τε
2465 4915 2619 4979 πόλις
2649 4915 2709 4980 ἐξ
2731 4916 2941 4968 ἐκείνου
2967 4915 3060 4968 καὶ
3083 4916 3165 4976 εἰς
3190 4910 3350 4984 δεῦρο
3391 4912 3500 4965 ὑπὸ
3531 4911 3680 4966 ἁλλο-

2091 5010 2272 5079 φύλων
2309 5009 2476 5065 ἐθνῶν
2527 5009 2957 5063 κατοικισθεῖσαι
3005 5006 3318 5059 δείκνυται·
3369 5006 3458 5058 ὅτε
3512 5005 3605 5058 καὶ
3646 5001 3678 5053 ό

2092 5101 2295 5170 Κύριος
2321 5099 2480 5171 ἡμῶν
2519 5099 2725 5171 Ἰησοῦς
2751 5103 2780 5153 6
2806 5097 3041 5170 Χριστὸς
3065 5096 3160 5149 τοῦ
3183 5096 3319 5149 θεοῦ
3345 5095 3447 5158 τὰς
3475 5095 3674 5153 οἰκείας

2091 5193 2322 5244 ἐποιεῖτο
2367 5190 2647 5262 διατριϐὰς
2696 5192 2789 5244 ἐπὶ
2830 5190 2924 5243 τοῦ
2971 5189 3230 5250 ὲλαιῶνος
3273 5185 3370 5241 τοῦ
3423 5186 3673 5255 ἄντικρυς

2090 5282 2190 5351 τῆς
2226 5282 2579 5354 Ἰερουσαλὴμ
2609 5282 2787 5355 ὅρους,
2829 5279 3208 5352 πληρουμένου
3251 5277 3345 5330 τοῦ
3380 5277 3671 5346 φάσκοντος

2089 5373 2248 5442 λόγου
2271 5391 2283 5404 ο
2320 5393 2337 5424 ι
2359 5375 2468 5427 Καὶ
2500 5375 2789 5438 στήσονται
2821 5375 2869 5426 οἱ
2907 5374 3067 5434 πόδες
3102 5369 3268 5423 αὑτοῦ
3311 5370 3406 5422 ἐπὶ
3446 5369 3510 5420 τὸ
3554 5365 3668 5436 ὅρος

2089 5463 2198 5517 τῶν
2239 5462 2465 5516 Ἐλαιῶν
2487 5463 2548 5515 τὸ
2570 5462 2856 5515 κατέναντι
2891 5459 3249 5530 Ἰερουσαλήμ
3268 5475 3279 5485 ·
3324 5476 3342 5507 ι
3390 5455 3536 5508 τοῦτ’
3562 5453 3667 5504 ἐστι

2090 5554 2184 5608 τοῦ
2215 5554 2497 5617 θεοσεϐοῦς
2520 5554 2913 5625 πολιτεύματος
2935 5551 3054 5605 καθ’
3089 5551 3218 5618 ὅλης
3245 5549 3345 5619 τῆς
3374 5544 3664 5618 ἀνθρώπων

2090 5645 2413 5716 οἰκουμένης
2438 5645 2968 5717 ἀνοικοδομηθέντος,
2999 5641 3177 5695 πάντα
3223 5638 3291 5692 τὰ
3341 5637 3491 5707 ἔθνη,
3535 5626 3662 5689 κατὰ
