3836 6220
145 387 277 444 615

1103 384 1762 443 DEMONSTRATIONIS
1801 384 2263 443 EVANGELICIE
2301 383 2432 442 LIB.
2475 382 2613 441 VIII.

3358 387 3465 445 6&6

150 509 272 577 τήν
330 505 699 579 προφητείαν,
730 505 830 578 τὴν
880 504 1072 578 ἑορτὴν
1123 506 1220 578 τῆς
1274 506 1656 578 Σκηνοπηγίας
1708 507 1766 559 ἐν
1797 515 1873 571 Α⁴

1875 506 2138 563 Dominus
2194 513 2388 562 noster
2457 503 2621 562 Iesus
2681 504 2938 562 Christus
2988 504 3084 562 Dei
3141 509 3354 561 versari
3405 510 3465 565 in

158 600 338 652 ’παντί
371 599 522 670 τόπῳ
568 599 648 671 τῷ
702 598 823 670 Θεῷ
863 598 973 652 τῶν
1029 598 1324 670 προφητῶν
1366 598 1763 671 πανηγυρίζει,

154 691 464 761 Αἰγύπτιοί
493 710 574 757 τε,
606 693 663 759 ἐξ
689 692 901 745 ἐκείνου
928 691 1020 745 τὸν
1049 690 1158 743 τῶν
1190 690 1325 743 ὅλων
1354 690 1488 743 Θεὸν
1512 691 1765 759 ἐπιγνᾶν-

154 798 300 847 τες,
347 783 448 847 τὰς
483 784 690 853 σκηνὰς
743 779 930 837 αὐτῶν
979 783 1064 852 ἐφ’
1114 781 1354 849 ἑκάστης
1408 781 1618 846 πόλεως
1670 784 1767 838 καὶ

152 874 360 946 χώρας
388 873 783 944 κατεπήξαντο.
813 869 942 926 Εἶεν
974 872 1020 925 δ’
1058 872 1123 926 ἂν
1149 867 1310 927 αῦται
1336 874 1391 927 αἰ
1425 872 1567 926 κατὰ
1601 874 1767 927 τόπον

174 966 503 1038 Ἐκκλησίαι
532 966 628 1019 τοῦ
655 965 912 1037 Χριστοῦ.
942 965 1158 1030 Ταύτας
1189 964 1298 1036 γὰρ
1326 965 1461 1019 πολὺ
1485 965 1768 1036 κρείττους

156 1057 282 1111 τῶν
332 1057 486 1129 παρά
544 1058 769 1111 Μωῦσεῖ
817 1056 1034 1127 σκηνῶν
1085 1059 1118 1127 ἡ
1165 1057 1260 1110 τοῦ
1311 1057 1565 1127 Σωτῆρος
1610 1056 1767 1128 ήμῶν

176 1147 364 1219 Ἰησοῦ
407 1146 644 1218 Χριστοῦ
685 1145 913 1217 δύναμις
950 1145 1074 1199 καθ’
1114 1146 1243 1217 ὅλης
1286 1147 1626 1219 συνεπήξατο
1665 1147 1768 1218 τῆς

159 1239 481 1313 ἀνθρώπων
524 1240 877 1310 οἰκουμένης,
920 1239 1002 1301 εἰς
1028 1236 1090 1290 τὸ
1122 1240 1230 1291 πᾶν
1274 1240 1431 1307 γένος
1462 1238 1767 1311 ἀνθρώπων

160 1332 270 1385 καὶ
320 1332 500 1385 πάντα
540 1330 611 1385 τὰ
666 1329 830 1401 ἐθνη,
869 1332 1254 1403 Σκηνοπηγίας
1308 1331 1499 1402 ἑορτὴν
1543 1330 1621 1402 τῷ
1674 1331 1768 1384 ἐπὶ

160 1427 396 1480 πάντων
415 1423 537 1495 Θεῷ
566 1423 855 1478 ἐπιτελεῖν.
877 1425 1007 1477 Ὅτε
1026 1424 1205 1477 τοίνυν
1233 1424 1329 1477 καὶ
1350 1423 1524 1477 ταῦτα
1542 1423 1613 1477 τὰ
1632 1425 1767 1496 πρό-

162 1519 346 1574 παλαι
371 1521 482 1581 τοῖς
514 1517 691 1571 ἔθνεσι
714 1517 1241 1589 προαναφωνηθέντα
1263 1516 1385 1572 καθ’
1403 1520 1436 1588 ή
1445 1519 1551 1588 μᾶς
1571 1518 1769 1581 αὐτοὺς

160 1609 394 1681 ὁρῶμεν
430 1609 531 1681 τὴν
557 1607 781 1662 ἔκϐασιν
818 1608 1181 1682 ἀπειληφότα,
1225 1609 1295 1663 τά
1338 1625 1400 1661 τε
1440 1607 1534 1661 τοῦ
1569 1609 1766 1681 θρήνου

162 1702 270 1755 καὶ
321 1701 417 1754 τοῦ
453 1700 686 1755 κοπετοῦ
725 1700 847 1765 ταῖς
887 1702 1081 1771 φυλαῖς
1118 1699 1215 1755 τοῦ
1263 1700 1537 1754 Ἰουδαίων
1582 1700 1767 1764 ἔθνους

159 1792 694 1865 προκεκηρυγμένα,
723 1792 792 1847 τά
815 1811 875 1846 τε
904 1794 1009 1864 τῆς
1037 1794 1434 1866 πυρπολήσεως
1458 1792 1552 1846 τοῦ
1592 1793 1762 1862 ἱεροῦ,

161 1888 269 1940 καὶ
303 1886 402 1957 τῆς
432 1886 670 1957 ἐσχάτης
711 1885 892 1940 αὐτῶν
919 1886 1157 1958 ἐρημίας
1182 1925 1196 1950 ,
1232 1884 1437 1956 ὁμοίως
1470 1885 1563 1938 καὶ
1594 1884 1768 1939 ταῦτα

160 1982 296 2042 ταῖς
324 1980 692 2052 προρρήσεσιν
715 1977 883 2032 εἰσέτι
921 1976 1015 2032 καὶ
1039 1974 1277 2049 σήμερον
1300 1976 1601 2047 ὀφθαλμοῖς
1635 1976 1770 2030 θεω-

161 2073 355 2146 ρεῖται
374 2087 388 2100 ⁶
423 2071 476 2124 τί
497 2071 742 2124 λείπεται
776 2070 870 2123 ἐπὶ
890 2068 1101 2132 τούτοις
1128 2070 1160 2139 ἣ
1189 2070 1281 2123 καὶ
1306 2069 1396 2122 τὸν
1430 2070 1771 2139 προφητευόε

166 2178 343 2235 μενον
363 2154 597 2215 Βασιλέα
630 2162 721 2215 τὸν
753 2158 985 2232 Χριστὸν
1011 2158 1105 2213 τοῦ
1139 2159 1274 2213 Θεοῦ
1298 2159 1614 2230 ἐληλυθέναι
1638 2162 1769 2230 ὁμο-

161 2247 358 2325 λογεῖν
381 2297 395 2321 ,
448 2255 560 2310 τῶν
617 2256 759 2310 κατὰ
809 2256 909 2326 τὴν
960 2252 1265 2327 παρουσίαν
1314 2251 1478 2306 αὑτοῦ
1531 2252 1770 2323 σημείων

162 2334 265 2415 ιφδ
328 2346 543 2417 ἑκάστῳ
590 2345 699 2399 τῶν
762 2344 1068 2417 εἰρημένων
1120 2341 1326 2416 ἐναργῆ
1388 2344 1488 2415 τὴν
1547 2342 1770 2396 ἔκϐασιν

162 2435 461 2507 εἰληφέναι
494 2436 999 2507 ἁποδεδειγμένων;

1870 599 2071 655 oliveto
2094 601 2403 665 consuevit,
2429 598 2577 669 quod
2605 600 2699 654 est'
2747 598 2803 653 in
2857 606 3044 654 monte
3073 606 3267 653 contra
3299 598 3431 655 Jeru
3453 631 3465 642 -

1871 691 2065 753 salem,
2095 692 2538 762 completumque
2568 695 2654 745 est
2688 691 2975 744 oraculum
3008 690 3159 760 quod
3190 690 3304 744 ait:
3339 708 3359 741 ι
3399 689 3462 744 Et

1869 782 2091 838 stabunt
2111 782 2275 853 pedes
2308 783 2430 853 ejus
2459 783 2515 836 in
2547 791 2733 835 monte
2760 779 3066 847 Olivarum,
3100 783 3193 852 qui
3224 790 3309 838 est
3330 798 3457 837 eon-

1868 879 1952 926 tra
1988 870 2321 938 Jerusalem,
2358 891 2378 925 ›
2414 873 2519 928 hoc
2558 881 2647 928 est
2698 875 2963 944 religioso
2996 873 3199 943 pioque
3242 875 3461 930 vivendi

1870 964 2122 1019 instituto
2168 980 2266 1035 per
2315 966 2505 1020 orbem
2562 972 2837 1021 terrarum
2897 965 3121 1020 condito
3162 975 3216 1021 et
3253 975 3458 1034 erecto,

1869 1072 2061 1112 omnes
2106 1057 2410 1113 secundum
2441 1060 2810 1129 prophetiam,
2842 1059 2987 1114 diem
3022 1058 3220 1113 festum
3254 1059 3459 1115 Taber-

1871 1150 2201 1204 naculorum
2281 1150 2644 1205 eelebrabunt
2722 1150 2835 1206 Deo
2907 1152 3335 1221 prophetarum,
3408 1159 3463 1207 et

1870 1243 2114 1315 Egyptii
2136 1260 2205 1300 ex
2234 1244 2330 1299 illo
2354 1242 2523 1298 Deum
2553 1244 2797 1300 universi
2819 1252 3184 1313 agnoscentes
3216 1244 3465 1297 taberna-

1870 1336 1992 1389 cula
2016 1350 2115 1390 sua
2144 1335 2200 1389 in
2225 1336 2459 1407 singulis
2493 1335 2812 1389 civitatibus
2838 1345 2892 1389 et
2922 1333 3245 1405 regionibus
3267 1334 3457 1403 ﬁgent.

1870 1425 1965 1481 Hae
1995 1442 2162 1497 porro
2196 1429 2308 1482 sint
2331 1427 2539 1481 Christi
2572 1427 2626 1480 in
2664 1428 2815 1481 omni
2852 1427 2976 1481 loco
3006 1428 3246 1482 conditze
3270 1427 3464 1483 Eccle-

1869 1519 1985 1573 siae.
2022 1517 2133 1574 Has
2162 1519 2307 1573 enim
2332 1519 2506 1572 multo
2540 1519 2950 1588 praestantiores
2995 1518 3254 1575 Mosaicis
3277 1519 3466 1576 taber-

1869 1611 2085 1665 naculis
2119 1610 2421 1667 Salvatoris
2448 1612 2624 1666 nostri
2668 1609 2798 1666 Jesu
2843 1610 3048 1666 Christi
3104 1613 3368 1682 potentia,
3400 1610 3460 1667 in

1868 1703 2018 1757 omni
2054 1702 2125 1756 ab
2157 1702 2472 1759 hominibus
2509 1704 2755 1760 habitato
2786 1704 2917 1758 orbe
2961 1720 3059 1775 per
3085 1719 3247 1760 omne
3281 1705 3462 1758 homi-

1871 1810 2002 1849 num
2036 1809 2229 1865 genus,
2262 1809 2358 1864 per
2387 1810 2579 1850 omnes
2609 1803 2800 1865 gentes
2832 1794 2969 1858 ﬁxit,
3016 1803 3074 1850 ut
3121 1795 3232 1850 Deo
3271 1796 3459 1851 omnia

1871 1886 1975 1941 sub
1998 1901 2058 1940 se
2087 1885 2310 1940 habenti
2360 1886 2640 1940 celebrent
2664 1886 2808 1941 diem
2859 1886 3058 1942 festum
3109 1886 3457 1943 Tabernaeu-

1876 1979 2079 2033 lorum.
2107 1977 2339 2044 Quando
2361 1979 2528 2048 igitur
2548 1980 2661 2034 haec
2687 1980 2931 2049 quazjam
2965 1980 3056 2035 diu
3089 1981 3343 2051 gentibus
3372 1980 3463 2035 de-

1870 2071 2124 2124 nuntiata
2147 2070 2391 2133 fuerunt,
2414 2071 2621 2126 nostris
2639 2071 2975 2141 temporibus
2988 2072 3237 2127 videmus
3255 2072 3458 2126 exitum

1871 2165 2065 2218 sortita
2098 2178 2246 2226 esse,
2291 2174 2345 2218 et
2387 2179 2508 2234 qua:
2554 2164 2622 2218 de
2664 2165 2905 2218 lamento
2943 2172 2997 2219 et
3047 2165 3269 2234 planctu
3310 2170 3464 2220 tanto

1873 2262 2001 2309 ante
2034 2254 2102 2308 ad
2145 2253 2407 2310 Judaicas
2460 2256 2639 2310 tribus
2669 2255 2937 2310 divinitus
2982 2255 3279 2311 inclamata
3308 2263 3459 2322 sunt,

1877 2362 2107 2417 quaeque
2147 2346 2215 2401 de
2260 2348 2572 2403 vastatione
2614 2347 2985 2417 incendioque
3042 2347 3250 2418 templi,
3283 2356 3458 2403 extre-

1877 2434 2331 2505 maqueipsorum
2352 2436 2649 2491 solitudine
2671 2436 2952 2506 praedicta,
2973 2451 3036 2491 ea
3052 2437 3168 2507 ipsa
3188 2452 3463 2508 nusquam

163 2532 248 2586 ab
278 2532 518 2586 oraculis
551 2530 920 2600 discrepantia
949 2545 1124 2600 usque
1151 2529 1221 2583 ad
1251 2529 1578 2585 hodiernum
1612 2528 1754 2584 diem
1794 2529 1878 2584 vel
1921 2529 2099 2586 oculis
2154 2544 2454 2599 possumus
2495 2530 2697 2585 intueri
2722 2547 2738 2597 ;
2765 2528 2927 2602 413
2954 2529 3087 2600 quid
3109 2530 3344 2600 amplius
3372 2545 3470 2586 su—

163 2631 386 2696 perest,
410 2624 516 2679 nisi
543 2632 602 2678 ut
623 2622 847 2695 Regem,
879 2623 948 2678 de
972 2638 1082 2694 quo
1111 2623 1392 2693 pr0phela3
1431 2622 1751 2694 loquuntur,
1793 2638 1924 2678 eum
1990 2622 2086 2694 qui
2136 2622 2393 2679 Christus
2433 2622 2530 2677 Dei
2573 2631 2680 2686 est,
2735 2624 2954 2678 venisse
3004 2620 3464 2678 fateamur1cum

161 2721 369 2788 utique
410 2717 558 2772 illius
597 2715 863 2772 adventus
912 2716 1070 2787 signa
1115 2717 1173 2771 in
1215 2715 1469 2787 singulis,
1515 2732 1637 2786 qua:
1682 2715 1749 2770 de
1787 2716 1880 2771 illo
1931 2714 2076 2771 dicta
2105 2722 2255 2781 sunt,
2305 2717 2613 2772 evidentem
2650 2716 2862 2772 exitum
2898 2718 3179 2788 accepisse
3222 2718 3336 2789 jam
3368 2716 3468 2773 de-

164 2812 696 2868 monstraverimus.

141 2927 147 2931 ’
179 2921 328 2978 Ἀπὸ
360 2922 468 2976 τοῦ
505 2924 854 2976 Ἠσαΐου.-υ-
874 2922 1096 2991 Σημεῖα
1132 2924 1368 2992 χρόνων
1393 2922 1504 2990 τῆς
1526 2922 1631 2976 τοῦ
1665 2926 1775 2976 Κυ-

235 2995 381 3061 ρίου
407 2994 746 3064 παρουσίας
762 3010 776 3023 ·
795 2994 1135 3063 Αἰγυπτίων
1160 2995 1485 3064 ἐπίγνωσις
1521 2993 1627 3047 τοῦ
1653 2993 1773 3047 τῶν

245 3063 572 3131 προφητῶν
595 3064 842 3132 Κυρίουι

252 3199 274 3229 ι
319 3179 448 3233 Ἰδοὺ
481 3177 685 3250 Κύριος
731 3177 966 3250 κάθηται
1000 3178 1093 3231 ἐπὶ
1127 3178 1357 3250 νεφέλης
1385 3177 1630 3250 κούφης,
1670 3179 1766 3231 καὶ

1881 2922 1962 2976 Ab
1998 2920 2174 2977 Isaia.
2218 2951 2288 2961 —
2336 2919 2501 2991 Signa
2558 2929 2851 2989 temporum
2891 2920 3144 2976 adventus
3195 2921 3408 2980 Domini
3439 2942 3463 2982 :

2022 2991 2399 3064 ﬂggpliorum
2430 2992 2631 3063 agnitio
2665 2991 2880 3045 Domini
2923 2993 3314 3060 prophetarum.

1948 3188 1967 3221 ι
2000 3168 2140 3224 Ecce
2172 3167 2435 3224 Dominus
2467 3168 2619 3223 sedet
2665 3179 2831 3236 super
2860 3166 3006 3221 nube
3036 3167 3164 3231 levi,
3196 3176 3251 3225 et
3280 3171 3462 3227 veniet

165 3269 302 3339 ἥξει
336 3271 416 3333 εἰς
438 3246 713 3338 Αἴγυπτον
731 3308 747 3337 ,
776 3246 871 3323 καί
901 3246 1248 3341 σεισθήσεται
1291 3246 1644 3341 χειροποίητα
1670 3272 1767 3323 Αἰ·
1794 3246 1836 3302 C

1875 3260 1928 3316 in
1958 3259 2276 3332 Egyptum,
2306 3268 2361 3314 et
2392 3260 2884 3314 commovebuntur
2903 3259 3219 3314 manufaeta
3240 3261 3462 3336 Egypti

168 3361 392 3431 γύπτου
422 3361 530 3414 ἀπὸ
567 3359 861 3432 προσώπου
903 3360 1102 3427 αὐτοῦ,
1138 3362 1235 3415 καὶ
1280 3363 1314 3432 ἡ
1361 3358 1559 3433 καρδία
1590 3361 1770 3416 αὐτῶν

170 3452 549 3524 ἡττηθήσεται
599 3454 658 3505 ἐν
700 3446 916 3517 αὐτοῖς,
962 3452 1057 3506 καὶ
1098 3452 1561 3525 ἐπεγερθήσονται
1604 3452 1771 3522 Αἰγύ-

170 3560 332 3600 πτιοι
362 3546 448 3598 ἐπ’
475 3545 838 3613 Αἰγυπτίους,
884 3543 979 3597 καὶ
1022 3540 1322 3617 πολεμήσει
1363 3542 1648 3616 ἄνθρωπος
1678 3544 1771 3599 τὸν

170 3628 412 3707 ἀδελφὸν
441 3636 638 3700 αὐτοῦ,
683 3636 779 3689 καὶ
820 3635 1108 3709 ἄνθρωπος
1153 3631 1245 3689 τὸν
1296 3636 1525 3709 πλησίον
1567 3632 1732 3691 αὑτοῦ
1753 3654 1767 3667 °

173 3722 649 3802 ἐπεγερθήσονται
677 3728 831 3793 πόλις
868 3730 962 3781 ἐπὶ
1004 3729 1188 3793 πόλιν,
1223 3729 1319 3782 καὶ
1357 3728 1521 3800 νόμος
1557 3731 1650 3784 ἐπὶ
1684 3726 1773 3783 νό-

179 3838 308 3892 μον,
333 3822 429 3874 καὶ
450 3819 857 3892 ταραχθήσεται
886 3818 946 3872 τὸ
980 3818 1198 3890 πνεῦμα
1227 3819 1336 3873 τῶν
1374 3814 1688 3890 Αἰγυπτίων
1713 3820 1771 3875 ἐν

174 3914 369 3977 αὐτοῖς
390 3953 404 3979 ,
432 3913 527 3966 καὶ
553 3914 654 3984 τὴν
686 3910 880 3982 βουλὴν
917 3910 1098 3966 αὐτῶν
1137 3911 1500 3975 διασκεδάσω,
1537 3912 1631 3966 καὶ
1670 3907 1771 3965 ἐπα

172 4006 522 4077 ιρωτήσουσι
548 4006 676 4070 τοὺς
691 4004 848 4070 θεοὺς
871 4004 1050 4059 αὐτῶν
1071 4044 1086 4070 ,
1124 4005 1219 4058 καὶ
1246 4004 1315 4057 τὰ
1342 4005 1634 4076 ἀγάλματα
1675 4002 1773 4058 αύι

172 4097 325 4161 τῶν,
352 4098 445 4151 καὶ
479 4099 605 4162 τοὺς
644 4097 1138 4171 ἐγγαστριμύθους,
1171 4099 1268 4152 καὶ
1298 4098 1425 4162 τοὺς
1453 4100 1517 4151 ἐκ
1544 4098 1643 4168 τῆς
1668 4089 1772 4169 γῆς

178 4190 499 4261 φωνοῦντας
519 4207 531 4220 ·
574 4209 594 4242 ι
627 4191 721 4245 καὶ
746 4190 875 4262 ἐξῆς
904 4193 1045 4266 μετὰ
1093 4191 1320 4245 πλεῖστα
1340 4190 1406 4244 δι’
1434 4191 1770 4260 αἰνιγμάτων

175 4280 482 4353 εἰρημένα,
516 4281 861 4352 ἐπιλέγεται·
897 4302 917 4335 ι
960 4284 1050 4337 Ἐν
1079 4285 1147 4354 τῇ
1183 4282 1369 4354 ἡμέρᾳ
1403 4281 1587 4356 ἐκείνῃ
1617 4281 1770 4336 ἐσται

176 4375 570 4446 θυσιαστήριον
591 4372 670 4444 τῷ
696 4375 887 4447 Κυρίῳ
908 4377 966 4428 ἐν
989 4372 1142 4447 χώρᾳ
1167 4373 1575 4443 Αἰγύπτου,κα¹ι
1600 4375 1770 4447 στήλη

174 4465 322 4535 πρὸς
351 4465 414 4518 τὸ
439 4466 586 4537 ὃριον
612 4467 783 4538 αὐτῆς
807 4466 886 4538 τῷ
907 4467 1118 4538 Κυρίῳ,
1137 4466 1234 4520 καὶ
1265 4465 1417 4519 ἔσται
1440 4470 1522 4531 εἰς
1544 4470 1770 4538 σημεῖον

1875 3370 1907 3408 a
1940 3352 2083 3409 facie
2109 3353 2252 3423 ejus,
2287 3360 2341 3408 et
2370 3367 2468 3407 cor
2495 3367 2688 3407 eorum
2715 3354 2970 3407 vincetur
3000 3353 3056 3405 in
3091 3354 3246 3423 ipsis,
3280 3363 3334 3410 et
3369 3372 3465 3413 ex-

1873 3445 2194 3500 citabuntur
2240 3442 2485 3515 Egyptii
2534 3453 2729 3496 contra
2782 3441 3110 3513 Egyptios,
3155 3451 3209 3498 et
3257 3445 3461 3500 bellum

1873 3544 2026 3608 geret
2060 3537 2224 3591 homo
2268 3544 2463 3590 contra
2494 3533 2719 3588 fratrem
2775 3550 2960 3597 suum,
2993 3544 3047 3586 et
3077 3534 3240 3588 homo
3268 3542 3462 3589 contra

1873 3630 2183 3701 proximum
2215 3644 2376 3683 suum
2410 3647 2423 3683 :
2458 3628 2793 3682 excitabitur
2838 3629 3033 3683 civitas
3075 3628 3131 3681 in
3161 3627 3461 3698 civitatein,

1873 3731 1927 3781 ει
1959 3723 2045 3778 lex
2067 3725 2124 3775 in
2165 3721 2362 3791 legem,
2395 3726 2450 3775 et
2481 3720 2794 3774 turbabitur
2825 3720 3050 3790 spiritus
3074 3719 3459 3789 Egyptiorum

1872 3818 1928 3871 in
1962 3815 2122 3885 ipsis,
2152 3820 2207 3867 et
2243 3812 2534 3867 consilium
2565 3827 2757 3866 eorum
2791 3811 3093 3882 dissipabo,
3140 3819 3196 3865 et
3225 3810 3462 3866 interro-

1872 3907 2077 3978 gabunt
2110 3904 2243 3958 deos
2275 3919 2406 3958 suos
2432 3912 2486 3959 et
2519 3903 2818 3959 simulacra
2851 3917 2971 3966 sua,
2999 3912 3053 3957 et
3077 3902 3376 3975 Pythones,
3407 3912 3462 3958 et

1873 4015 1969 4055 eos
1995 4000 2087 4070 qui
2133 4001 2202 4054 de
2245 4007 2394 4052 terra
2436 4011 2627 4050 vocem
2672 3993 3018 4050 emittunt".
3052 4015 3071 4047 ι
3105 3994 3172 4049 Ει
3202 3996 3461 4066 deinceps

1876 4100 1999 4164 post
2030 4092 2262 4162 plurima
2313 4104 2435 4160 qua:
2464 4088 2695 4159 ﬁgurate
2742 4096 2796 4142 et
2838 4088 3076 4144 obscure
3117 4089 3261 4144 dicta
3307 4097 3458 4154 sunt,

1873 4183 2227 4254 adjungitur:
2266 4200 2286 4232 ι
2319 4180 2376 4235 In
2407 4181 2496 4235 die
2527 4181 2619 4233 illa
2646 4179 2751 4234 erit
2781 4180 2956 4234 altare
2984 4177 3214 4234 Domino
3238 4179 3293 4232 in
3314 4191 3461 4234 terra

1872 4270 2116 4348 Egypti,
2146 4282 2202 4331 et
2241 4276 2433 4329 titulus
2475 4272 2635 4341 juxta
2685 4272 2985 4327 terminum
3028 4273 3151 4343 ejus
3176 4271 3408 4327 Domino
3440 4288 3457 4326 :

1874 4382 1930 4426 et
1973 4371 2079 4427 erit
2124 4369 2182 4423 in
2233 4368 2453 4438 signum
2505 4369 2561 4421 in
2619 4377 2883 4421 aeternum
2941 4365 3172 4420 Domino
3216 4365 3273 4419 in
3313 4373 3461 4420 terra

1873 4457 2117 4536 Egypti,
2159 4463 2418 4533 quoniam
2463 4461 2785 4516 clamabunt
2813 4460 2881 4515 ad
2919 4458 3208 4515 Dominum
3239 4465 3462 4529 propter

173 4559 262 4621 εἰς
296 4557 387 4611 τὸν
412 4560 586 4613 αἰῶνα
618 4559 695 4632 τῷ
719 4561 911 4633 Κυρίῳ
938 4562 997 4613 ἐν
1023 4561 1178 4633 χώρᾳ
1206 4562 1483 4631 Αἰγύπτου
1502 4601 1517 4625 ,
1568 4563 1650 4615 ὅτι
1681 4579 1772 4615 κε·-
1802 4599 1846 4653 Ι)

1876 4556 2176 4628 alliigentes
2206 4570 2286 4614 se.
2319 4561 2373 4608 et
2400 4553 2581 4607 mittet
2608 4553 2691 4607 eis
2724 4551 2986 4607 Dominus
3030 4550 3331 4611 hominem,
3364 4549 3459 4620 qui

176 4650 475 4723 κράξονται
523 4653 660 4725 πρὸς
686 4653 890 4726 Κύριον
917 4654 1007 4709 διὰ
1036 4657 1165 4719 τοὺς
1215 4654 1497 4718 θλίϐοντας
1534 4655 1765 4720 αὐτοὺς,

124 4806 125 4809 η
175 4743 281 4799 καὶ
313 4744 600 4799 ἀποστελεῖ
647 4730 832 4810 αὐτοῖς
876 4746 1084 4819 Κύριος
1124 4746 1412 4819 ἄνθρωπον
1434 4787 1449 4812 ,
1492 4745 1551 4810 ὃς
1605 4745 1767 4799 σώσει

175 4837 420 4904 αὐτοὺς,
455 4838 656 4910 κρίνων
707 4837 869 4894 σώσει
915 4841 1144 4907 αὐτοὺς,
1197 4841 1292 4894 καί
1331 4838 1573 4908 γνωστὸς
1614 4838 1767 4893 ἔσται

176 4930 391 5003 Κύριος
428 4935 540 4995 τοῖς
562 4933 913 5001 Αἰγυπτίοις,
946 4934 1042 4987 καὶ
1072 4931 1373 5003 γνώσονται
1400 4933 1450 4985 οἰ
1478 4930 1768 5000 Αἰγύπτιοι

174 5021 389 5092 Κύριον
412 5022 502 5075 τὸν
528 5023 660 5076 Θεὸν
688 5026 747 5078 ἐν
781 5027 849 5095 τῇ
883 5025 1066 5097 ἡμέρᾳ
1099 5024 1300 5098 ἐκείνῃ,
1332 5025 1426 5081 καὶ
1453 5025 1768 5095 ποιήσονται

174 5111 377 5177 θυσίας
401 5154 415 5177 ,
443 5115 537 5168 καὶ
568 5114 815 5181 εὔξονται
842 5116 1009 5187 εύχάς
1043 5115 1121 5187 τῷ
1159 5116 1351 5189 Κυρίῳ
1370 5158 1384 5182 ,
1420 5116 1515 5169 καὶ
1554 5113 1767 5171 ἀποδώ-

177 5222 360 5260 σουσι.
395 5225 414 5258 ›
444 5208 555 5260 Καὶ
581 5206 755 5260 ταῦτα
788 5206 1152 5279 προλαϐόντες
1186 5210 1249 5261 ἐκ
1278 5208 1479 5279 μέρους
1509 5207 1769 5278 διεσαφή-

178 5314 381 5366 σαμεν.
408 5299 473 5351 Εἰ
511 5299 608 5370 μὲν
640 5294 732 5353 οὖν
770 5298 867 5369 μὴ,
901 5299 1027 5361 τοὺς
1051 5297 1337 5369 πατρῴους
1362 5297 1517 5361 θεοὺς
1542 5296 1768 5351 καταλι-

175 5391 381 5455 πόντες
399 5390 707 5459 Αἰγύπτιοι,
733 5390 855 5444 καθ’
882 5391 1030 5461 ἡμᾶς
1059 5392 1257 5454 αὐτοὺς
1279 5389 1510 5462 ὁρῶνται
1532 5389 1626 5442 τὸν
1655 5388 1767 5442 τῶν

176 5481 481 5554 προφητῶν
520 5482 653 5535 Θεὸν
685 5481 1136 5553 ἐπικαλούμενον
1172 5483 1220 5534 εἰ
1257 5480 1330 5552 μὴ
1360 5480 1482 5534 καθ’
1511 5480 1638 5551 ὅλης
1665 5481 1765 5551 τῆς

183 5575 491 5644 Αἰγύπτου,
522 5574 667 5630 κατὰ
694 5576 871 5631 πάντα
902 5576 1067 5630 τόπον
1117 5576 1211 5630 καὶ
1240 5574 1395 5628 πόλιν
1443 5574 1538 5628 καὶ
1583 5571 1767 5645 χώραν

182 5669 553 5741 ἀνεγήγερται
583 5669 964 5739 θυσιαστήριον
993 5667 1072 5724 τῶ
1096 5667 1245 5736 παρὰ
1279 5667 1460 5736 μόνοις
1496 5664 1767 5739 Ἑϐραίοις

257 5846 306 5882 ¹³
350 5845 456 5901 Isa.
496 5858 626 5910 nx,
661 5843 776 5900 1-3.
853 5845 899 5877 ”
936 5844 1070 5903 ibid.
1110 5847 1297 5905 i9-2I.

1876 4640 2110 4704 salvabit
2138 4660 2258 4707 eos,
2293 4643 2551 4714 judicans
2585 4641 2820 4697 salvabit
2844 4655 2962 4706 eos,
2996 4647 3049 4695 et
3073 4639 3328 4709 cognitus
3354 4638 3462 4692 erit

1877 4740 2142 4810 Dominus
2180 4729 2477 4807 Aigyptiis,
2519 4744 2575 4790 et
2622 4741 2957 4805 cognoscent
2993 4732 3236 4804 ASgyptii
3283 4729 3462 4786 Domi-

1876 4848 2007 4888 num
2044 4831 2214 4886 Deum
2243 4831 2300 4883 in
2321 4829 2409 4884 die
2439 4829 2553 4892 illa,
2583 4833 2637 4882 et
2669 4826 2872 4881 facient
2899 4824 3191 4889 sacriﬁcia,
3222 4833 3277 4878 et
3296 4837 3461 4878 vove-

1875 4928 2011 4982 bunt
2038 4931 2164 4978 vota
2196 4916 2449 4987 Domino,
2480 4930 2535 4976 et
2564 4921 2871 4977 reddent“.
2906 4941 2925 4973 ι
2958 4919 3084 4974 Haec
3112 4932 3214 4973 nos
3239 4916 3460 4987 quidem

1875 5028 2035 5073 antea
2064 5030 2284 5086 quoque
2311 5014 2622 5077 citavimus,
2655 5021 2710 5068 et
2732 5013 2785 5066 in
2814 5019 2968 5083 parte
2992 5010 3187 5067 saltem
3211 5008 3459 5078 planiora

1872 5110 2214 5167 reddidimus
2245 5128 2257 5165 :
2293 5108 2442 5179 quod
2478 5108 2524 5164 si
2550 5124 2662 5163 non
2691 5106 2888 5178 patriis
2915 5104 3023 5161 diis
3060 5103 3267 5159 relictis
3297 5099 3462 5171 Egy-

1873 5202 2020 5273 ptios
2050 5201 2154 5254 hoc
2172 5200 2291 5270 ipso
2318 5206 2566 5270 tempore
2597 5199 2849 5253 videmus
2872 5196 3261 5267 pr0plietarum
3289 5192 3465 5247 Deum

1872 5294 2225 5358 invocantes;
2262 5291 2307 5346 si
2355 5307 2452 5361 per
2502 5291 2816 5346 universam
2868 5288 3162 5358 Egyptnm
3210 5286 3266 5339 in
3307 5284 3467 5338 omni

1871 5385 2016 5450 loco,
2052 5394 2107 5438 et
2133 5384 2376 5447 civitate,
2417 5390 2471 5436 et
2497 5382 2740 5454 regione,
2774 5382 2947 5436 altare
2977 5380 3052 5434 illi
3078 5378 3186 5433 Deo
3213 5384 3467 5433 erectum

1874 5491 1987 5532 non
2010 5483 2116 5542 est,
2149 5477 2243 5545 qui
2271 5474 2416 5545 apud
2467 5476 2616 5529 solos
2643 5472 2899 5529 Hebraaos
2933 5471 3189 5526 laudibus
3219 5469 3467 5524 celebra-

1874 5576 1986 5636 tur,
2017 5567 2065 5623 si
2099 5566 2407 5621 manufacta
2443 5565 2664 5638 Egypti
2691 5575 2962 5621 commota
2983 5578 3092 5618 non
3115 5568 3265 5627 sunt,
3296 5555 3470 5632 414

1875 5671 1931 5720 et
1952 5662 2249 5719 daemonica
2288 5662 2371 5719 vis
2401 5676 2523 5733 quae
2566 5661 2776 5716 circum
2820 5660 2912 5715 illa
2955 5657 3305 5721 versabatur,
3350 5668 3461 5708 nou
