3836 6220
347 374 449 430 σιτ

982 365 1252 422 EUSEBII
1289 363 1774 451 CESARIENSIS
1811 361 1942 418 OPP
1997 359 2178 413 PARS
2216 358 2351 414 ll.-
2381 357 2884 416 APOLOGETICA.

3492 357 3597 412 648

347 491 567 551 defecit,
599 499 864 557 vetusque
912 485 1291 557 Egyptiorum
1346 483 1662 554 superstitio
1705 498 1772 536 ex
1801 481 1920 535 ani-

2027 474 2421 546 θεολογουμένῳ
2453 473 2602 545 Θεῷ·
2657 476 2704 527 εἰ
2743 473 2816 545 μὴ
2845 472 3116 526 σέσεισται
3145 470 3212 524 τά
3250 472 3598 543 χειροποίητα

348 599 454 636 nus
481 595 670 635 eorum
704 587 919 634 sublata
959 592 1068 630 non
1098 585 1226 641 est;
1268 581 1547 645 praeterea,
1580 573 1624 627 si
1667 587 1764 641 per
1807 572 1921 625 sin-

348 673 506 742 gulas
529 676 776 727 civitates
804 676 858 722 et
889 683 982 737 per
1011 668 1254 736 singulas
1291 667 1505 727 domos,
1541 665 1736 717 bellum
1782 663 1921 716 iule-

349 766 552 818 stinum
600 763 740 830 apud
793 760 1078 831 ngyptios
1125 775 1232 812 non
1286 765 1602 827 grassatur,
1648 755 1777 808 dum
1829 753 1917 807 alii

348 857 566 926 quidem
600 853 884 907 Dominum
915 858 968 906 et
992 851 1197 904 cultum
1235 847 1327 902 Dei
1355 847 1739 915 prophetarum
1775 843 1920 898 acci-

348 950 527 1017 piunt,
559 959 912 1012 erroremque
939 958 1048 1011 quo
1078 942 1147 995 ab
1187 940 1343 994 initio
1378 938 1514 994 deos
1545 938 1745 991 multos
1770 937 1919 990 cole-

348 1040 500 1102 bant,
537 1045 881 1102 aversantur,
915 1036 1004 1088 alii
1056 1049 1186 1088 vero
1219 1040 1506 1102 propterea
1537 1031 1683 1100 quod
1726 1031 1920 1100 patriis

349 1133 526 1184 adhuc
557 1129 713 1182 malis
743 1128 923 1183 aﬂ‘ecti
954 1128 1020 1181 iis
1051 1127 1350 1187 adhaarent,
1375 1141 1472 1179 eos
1511 1123 1601 1193 qui
1632 1123 1920 1179 Dominum

348 1223 677 1292 acceperint,
710 1227 1053 1290 oppugnant,
1089 1218 1133 1272 si
1187 1233 1294 1270 non
1339 1217 1500 1271 hodie
1532 1231 1746 1286 quoque
1791 1214 1920 1268 dum

347 1330 476 1370 suos
509 1314 640 1368 deos
679 1327 887 1382 suaque
947 1312 1263 1373 simulacra,
1303 1325 1511 1380 eosque
1549 1309 1640 1379 qui
1678 1309 1745 1362 de
1772 1315 1918 1362 terra

346 1422 509 1461 voces
547 1406 822 1467 emittunt,
853 1412 908 1459 et
962 1403 1238 1473 Pythoues
1277 1418 1472 1472 rogare
1504 1408 1796 1463 conantur,
1830 1399 1918 1453 in-

350 1494 550 1549 fectum
584 1501 746 1563 atque
777 1493 938 1546 inane
985 1493 1050 1543 ad
1095 1499 1294 1544 cuncta
1342 1490 1456 1544 haec
1489 1488 1796 1559 perfugium
1825 1503 1923 1542 ex-

348 1586 658 1656 periuntur,
706 1591 994 1654 propterea
1041 1583 1185 1651 quod
1228 1597 1336 1635 non
1383 1579 1618 1650 amplius
1650 1587 1709 1633 ut
1762 1584 1921 1632 antea

349 1675 534 1729 itidem
558 1673 666 1727 vim
691 1687 844 1726 suam
877 1686 1132 1725 exercere
1160 1670 1433 1723 dmmones
1455 1672 1704 1737 possunt;
1734 1664 1780 1719 si
1811 1679 1918 1716 non

351 1764 604 1818 universa
637 1764 748 1816 haec
787 1763 964 1830 reipsa
1013 1762 1172 1814 finem
1223 1775 1383 1814 suum
1439 1757 1714 1812 invenisse
1736 1764 1921 1811 osten-

2023 565 2320 634 Αἰγύπτου,
2343 567 2443 634 τῆς
2477 565 2606 636 περὶ
2628 565 2766 618 αῦτά
2793 565 3112 636 δαιμονικῆς
3145 563 3429 632 δυνάμεως
3456 564 3601 617 ἐκλε-

2022 655 2268 719 λοιπυίας
2286 697 2300 715 .
2328 656 2424 710 καὶ
2449 657 2547 726 τῆς
2575 657 2809 720 παλαιᾶς
2831 656 3246 727 δεισιδαιμονίας
3270 656 3334 708 ἐκ
3359 655 3460 725 τῆς
3493 655 3600 708 τῶν

2022 748 2330 816 Αἰγυπτίων
2359 747 2539 818 ψυχῆς
2580 747 2840 818 ἀρθείσης
2859 764 2872 777 ·
2904 748 2998 800 καὶ
3027 747 3106 800 ἔτι
3136 747 3273 818 πρὸς
3311 746 3523 810 τούτοις
3554 749 3602 800 εἰ

2026 840 2100 912 μὴ
2134 839 2252 894 καθ’
2285 840 2520 909 ἐκάστην
2553 840 2706 892 πόλιν
2738 840 2832 892 καὶ
2856 839 2977 892 καθ’
3012 839 3244 891 ἕκαστον
3268 834 3415 891 οἷκον
3444 839 3601 892 πόλε-

2026 950 2124 1003 μος
2159 931 2422 1003 ἐμφύλιος
2463 934 2576 994 τοῖς
2619 931 2939 998 Αἰγυπτίοις
2974 930 3322 994 συνίσταται,
3361 929 3468 983 τῶν
3503 931 3600 1001 μὲν

2021 1027 2111 1080 τὸν
2158 1026 2361 1097 Κύριον
2405 1026 2498 1078 καὶ
2541 1024 2603 1077 τὸ
2647 1024 2809 1088 σέϐας
2839 1022 2934 1076 τοῦ
2977 1023 3111 1076 Θεοῦ
3154 1022 3263 1076 τῶν
3306 1021 3600 1094 προφητῶν

2022 1115 2439 1186 ἀποδεξαμένων
2463 1155 2477 1179 ,
2535 1115 2629 1168 καί
2671 1115 3127 1185 ἀποστραφέντων
3171 1115 3272 1186 τὴν
3305 1113 3364 1178 ἐξ
3405 1114 3600 1176 αἰῶνος

2023 1207 2280 1261 πολύθεον
2315 1206 2522 1279 πλάνην
2550 1245 2564 1269 ,
2613 1206 2722 1258 τῶν
2755 1205 2812 1257 δέ
2837 1245 2851 1263 .
2896 1205 2985 1258 διά
3007 1205 3067 1258 τὸ
3098 1209 3211 1269 τοῖς
3242 1205 3489 1276 πατρίοις
3519 1205 3602 1257 ἐτι

2023 1299 2454 1371 προστετηκέναι
2505 1301 2723 1360 κακοῖς,
2763 1298 2887 1360 τοὺς,
2921 1295 3010 1349 τὸν
3043 1296 3246 1367 Κύριον
3294 1295 3601 1366 παραδεξα-

2027 1391 2218 1460 μένους
2241 1389 2618 1461 πολεμούντων
2639 1407 2652 1420 ·
2688 1393 2735 1442 εί
2773 1390 2847 1460 μὴ
2879 1390 3046 1442 εἰσέτι
3080 1389 3174 1442 καὶ
3202 1388 3360 1460 δεῦρο
3391 1391 3601 1460 ἐπερων-

2021 1483 2120 1551 τᾷν
2155 1481 2484 1553 πειρώμενοι
2511 1483 2636 1545 τοὺς
2667 1482 2872 1534 ἑαυτῶν
2898 1480 3052 1545 θεοὺς
3076 1480 3170 1534 καὶ
3193 1481 3261 1533 τὰ
3287 1481 3598 1551 ἀγάλματα,

2024 1573 2116 1626 καί¹
2141 1575 2268 1636 τοὺς
2301 1575 2364 1626 ἐκ
2393 1573 2494 1643 τῆς
2522 1576 2624 1644 γῆς
2656 1573 2966 1642 φωνοῦντας
2985 1613 3000 1636 ,
3036 1573 3130 1626 καλ⁸
3161 1574 3284 1636 τοὺς
3312 1574 3603 1640 ἐγγαστρι-

2027 1662 2246 1733 μύθους,
2270 1664 2433 1733 ἀτελῆ
2459 1664 2551 1717 καὶ
2578 1666 2855 1732 ἄπρακτον
2879 1665 2978 1735 τὴν
3007 1663 3098 1717 ἐπί
3126 1663 3249 1716 τάδε
3282 1662 3601 1733 καταφυγὴν

2024 1754 2300 1808 ποιοῦνται
2323 1795 2337 1817 ,
2365 1755 2454 1807 διὰ
2487 1755 2547 1807 τὸ
2577 1755 2770 1826 μηκέθ’
2798 1755 3000 1826 ὁμοίως
3032 1755 3273 1824 ἐνεργεῖν
3299 1752 3560 1806 δύνασθαι
3587 1791 3600 1813 ,

349 1856 600 1910 duntur:
635 1871 767 1911 sane
817 1854 1059 1908 nondum
1109 1853 1397 1922 quisquam
1448 1851 1579 1903 mihi
1630 1850 1925 1904 arbitretur

2027 1843 2211 1914 ὥσπερ
2244 1843 2302 1896 τὸ
2329 1845 2456 1914 πρὶν
2482 1883 2496 1906 ,
2527 1847 2654 1908 τοὺς
2681 1845 2975 1915 δαίμονας·
3011 1847 3059 1896 εἰ
3106 1843 3180 1914 μὴ
3220 1843 3399 1895 πάντα
3429 1842 3605 1895 ταῦτα

350 1947 725 2018 propheticum
781 1961 904 2000 esse
965 1945 1298 2014 completum
1357 1942 1676 2003 oraculum,
1747 1954 1922 2008 neque

353 2039 638 2093 Dominum
688 2038 837 2091 illum
886 2038 1094 2106 ipsum,
1143 2048 1304 2103 quem
1357 2033 1633 2100 propheta:
1684 2039 1919 2094 canunt,

351 2130 494 2199 apud
525 2127 776 2182 homines
806 2127 1026 2180 vixisse.
1061 2125 1117 2177 Si
1149 2139 1278 2176 vero
1321 2138 1380 2176 re
1419 2122 1559 2192 ipsa,
1584 2135 1705 2191 qua:
1741 2121 1923 2175 verbis

351 2221 513 2292 longe
551 2228 636 2274 est
679 2219 1005 2280 evidentior,
1043 2216 1136 2280 qui
1181 2215 1472 2285 IEgyptum
1524 2212 1770 2266 incolunt
1803 2226 1926 2265 cer-

352 2321 558 2368 nuntur
607 2311 848 2373 interim,
883 2323 1012 2378 pars
1053 2305 1272 2376 quidem
1315 2304 1703 2374 prophetarum
1754 2301 1921 2357 Deum

352 2405 664 2476 agnovisse,
691 2409 744 2456 et
775 2407 997 2470 propter
1021 2399 1172 2452 illum
1205 2398 1411 2467 patrios
1439 2397 1570 2451 deos
1613 2395 1920 2464 reliquisse,

353 2497 445 2549 alii
479 2509 608 2549 vero
655 2499 848 2546 contra
895 2491 996 2544 hos
1039 2487 1339 2544 seditiones
1371 2487 1592 2542 assidue
1621 2485 1921 2548 concitare,

354 2593 409 2641 et
439 2585 532 2638 alii
559 2582 691 2638 deos
720 2597 872 2644 suos,
915 2595 1122 2648 suaque
1153 2578 1467 2642 simulacra,
1501 2592 1707 2646 eosque
1732 2576 1826 2646 qui
1859 2575 1926 2630 de

354 2689 500 2731 terra
532 2689 692 2729 voces
720 2673 997 2734 emittunt,
1030 2671 1349 2724 invocantes
1392 2668 1527 2722 nihil
1557 2683 1720 2738 posse
1757 2667 1926 2736 proli-

354 2781 501 2828 cere,
529 2763 618 2818 alii
660 2761 893 2816 Domino
940 2759 1329 2830 prophetarum
1375 2757 1430 2811 in
1483 2757 1630 2810 oumi
1670 2755 1926 2826 Egyptia

355 2857 595 2930 regione,
628 2856 797 2908 altare
825 2868 922 2922 per
955 2851 1199 2921 singulas
1232 2850 1493 2904 ecclesias
1537 2849 1798 2910 erexisse,
1840 2848 1926 2900 in-

355 2965 460 3020 que
507 2946 891 3004 afﬂictionibus
935 2955 989 2998 et
1026 2943 1130 2998 sibi
1173 2941 1390 2996 infestis
1433 2941 1923 3004 insectationibus,

358 3059 464 3096 non
500 3041 732 3110 amplius
760 3039 971 3092 belluas
999 3051 1176 3104 neque
1208 3034 1421 3104 reptilia
1462 3040 1622 3086 terra:
1650 3031 1804 3097 deos,
1833 3047 1928 3086 ne-

355 3151 461 3206 que
491 3140 732 3204 agrestes
753 3131 896 3186 feras
925 3138 978 3185 et
1003 3130 1160 3184 bruta
1188 3127 1464 3188 animalia,
1495 3134 1778 3196 parentum
1801 3140 1930 3179 suo-
1955 3160 1995 3216 Ο

357 3242 476 3281 rum
511 3226 705 3289 instar,
739 3223 832 3278 sed
861 3237 1172 3291 supremum
1215 3219 1384 3273 Deum
1415 3219 1690 3279 invocare,
1717 3218 1925 3272 solum-

357 3333 464 3388 que
491 3330 636 3378 eum,
668 3314 896 3382 ejusque
953 3313 1200 3366 timorem
1249 3310 1304 3363 in
1337 3309 1454 3364 suis
1489 3307 1764 3364 mentibus
1796 3323 1929 3361 con-

357 3415 572 3478 ceptum
609 3415 813 3467 tenere,
863 3417 1168 3471 vovereque
1210 3401 1385 3455 eidem
1421 3405 1568 3462 vota,
1599 3414 1710 3452 non
1747 3407 1926 3452 autem

358 3500 696 3557 daemonibus
739 3503 797 3551 ut
831 3495 1006 3565 prius,
1039 3501 1092 3548 et
1139 3509 1258 3562 quae
1304 3493 1404 3560 ipsi
1450 3491 1560 3545 Deo
1604 3491 1930 3545 conveniant

359 3589 630 3662 promissa
659 3587 888 3641 reddere
917 3605 932 3639 :
965 3598 1062 3638 cur
1101 3597 1211 3635 non
1258 3581 1526 3648 sequitur,
1571 3588 1632 3633 ut
1664 3581 1931 3634 fateamur

358 3683 523 3738 etiam
551 3696 637 3742 ea,
669 3693 793 3748 qua
823 3677 974 3746 ipsos
998 3683 1226 3729 eventus
1257 3681 1668 3727 antecesserunt
1704 3672 1758 3725 in
1791 3686 1930 3741 opus

356 3775 468 3844 jam
513 3771 874 3844 processisse,
917 3783 1017 3822 nec
1057 3765 1240 3820 futura
1283 3766 1515 3835 amplius
1545 3765 1599 3818 in
1626 3773 1926 3834 posterum,

360 3866 457 3924 led
503 3865 560 3920 in
607 3862 940 3934 praeteritum
987 3857 1228 3912 abiisse?
1266 3855 1437 3911 Porro
1495 3857 1610 3926 ipsa
1652 3856 1764 3909 lucc
1803 3862 1930 3908 sunt

360 3956 534 4027 ipsius
571 3953 781 4007 Domini
812 3950 878 4004 ad
909 3949 1195 4020 IEgyptios
1222 3948 1348 4014 olim
1387 3946 1624 4009 futurus,
1669 3960 1779 3998 non
1813 3946 1932 3999 sine

359 4061 589 4119 corpore
623 4045 909 4107 adventus,
938 4041 1036 4096 sed
1065 4055 1158 4110 per
1188 4038 1388 4092 nubem
1429 4038 1622 4100 levem,
1654 4050 1718 4089 ac
1748 4035 1930 4105 potius

360 4155 458 4210 per
488 4135 908 4193 crassitudinem
943 4132 1158 4202 agilem.
1194 4128 1285 4183 Sic
1319 4129 1463 4182 enim
1499 4125 1799 4182 Hebraicus
1833 4127 1931 4180 ha-

361 4232 451 4287 bet
476 4234 788 4292 contextus,
821 4226 948 4280 dum
986 4223 1132 4277 illius
1167 4236 1487 4290 corporeum
1520 4219 1809 4273 adventum
1832 4220 1932 4274 ob-

363 4336 523 4377 scure
573 4317 865 4391 signiﬁcat.
921 4312 1158 4369 Proinde
1211 4311 1356 4364 hunc
1411 4311 1588 4380 ipsum
1643 4325 1930 4380 progressa

361 4412 579 4482 longius
645 4410 855 4473 oratio,
918 4406 1194 4460 hominem
1274 4401 1611 4456 Salvatorem
1679 4405 1926 4467 vocavit,

2025 1933 2204 2004 ἔργοις
2232 1935 2412 1998 αὐτοῖς
2440 1934 2592 1997 τέλος
2634 1934 2894 2005 εἰληφότα
2922 1934 3227 1997 δείκνυται,
3267 1932 3338 2002 μή
3381 1930 3468 1983 πώ
3514 1947 3606 2002 μοι

2023 2025 2295 2093 νομίζοιτο
2335 2032 2397 2078 τὸ
2436 2027 2770 2098 προφητικὸν
2803 2025 3194 2097 πεπληρῶσθαι
3227 2024 3438 2091 λόγιον,
3471 2023 3606 2092 μηδὲ

2022 2116 2115 2168 τὸν
2142 2117 2526 2188 θεσπιζόμενον
2556 2118 2758 2188 Κύριον
2783 2117 3236 2188 ἐπιδεδημηκέναι
3268 2115 3346 2186 τῷ
3377 2115 3475 2186 βίῳ
3495 2115 3606 2166 τῶν

2024 2208 2342 2281 ἀνθρώπων.
2373 2211 2435 2263 Εἰ
2459 2210 2515 2263 δὲ
2541 2210 2724 2272 αὐτοῖς
2748 2209 2928 2280 ἔργοις
2959 2209 3098 2261 κατά
3132 2209 3263 2262 πολὺ
3289 2208 3397 2261 τῶν
3425 2207 3605 2275 λόγων

2025 2301 2437 2374 ἐναργεστέροις
2469 2302 2634 2355 εἰσέτι
2670 2302 2828 2373 δεῦρο
2863 2300 3192 2372 θεωροῦνται
3221 2303 3268 2354 οἰ
3301 2301 3400 2370 τὴν
3437 2299 3608 2367 Αῖγυο

2025 2411 2158 2446 πτον
2193 2392 2485 2456 οἰκοῦντες,
2515 2395 2562 2445 οἱ
2600 2393 2699 2464 μὲν
2729 2392 2822 2445 τὸν
2855 2393 2988 2444 Θεὸν
3026 2391 3135 2444 τῶν
3165 2390 3462 2462 προφητῶν
3507 2392 3606 2442 ἐπ-

2027 2487 2342 2555 εγνωκότες,
2373 2487 2468 2540 καὶ
2489 2486 2556 2539 δι’
2580 2486 2740 2539 αὐτὸν
2768 2488 2894 2550 τοὺς
2929 2485 3190 2555 πατρίους
3219 2481 3606 2539 καταλελοιπό-

2025 2595 2116 2641 τες
2143 2577 2317 2642 θεοὺς,
2340 2579 2389 2630 οἱ
2417 2579 2474 2630 δέ
2507 2577 2642 2648 πρὸς
2665 2575 2893 2641 τούτους
2930 2575 3328 2639 στασιαστικῶς
3356 2575 3601 2645 ἔχοντες·

2027 2670 2122 2722 καὶ
2147 2670 2196 2721 οἰ
2239 2668 2336 2740 μὲν
2362 2670 2485 2732 τοὺς
2523 2668 2678 2730 θεοὺς
2711 2667 2890 2720 αὐτῶν
2922 2668 3086 2720 εἰσέτι
3120 2667 3214 2720 νῦν
3243 2666 3605 2737 ἐπικαλούμε-

2026 2777 2106 2812 νοι
2131 2760 2223 2812 καὶ
2249 2758 2315 2812 τὰ
2335 2759 2646 2830 ἀγάλματα,
2670 2759 2764 2813 καὶ
2787 2761 2912 2822 τοὺς
2933 2762 2997 2812 ἐκ
3021 2760 3120 2829 τῆς
3146 2758 3250 2828 γῆς
3272 2759 3603 2826 φωνοῦντας,

2000 2913 2013 2927 ⁸
2032 2852 2196 2922 μηδέν
2223 2869 2284 2904 τε
2315 2853 2554 2924 ἐνεργεῖν
2586 2852 2917 2922 δυναμένους
2941 2891 2954 2912 ,
2985 2853 3036 2904 οἱ
3065 2851 3122 2904 δέ
3161 2851 3240 2920 τῷ
3271 2851 3463 2922 Κυρίῳ
3495 2851 3604 2904 τῶν

2029 2945 2319 3014 προφητῶν
2343 2945 2400 2997 ἐν
2427 2944 2575 3014 πάσῃ
2609 2947 2673 3014 τῇ
2699 2943 3009 3011 Αἰγυπτίων
3034 2940 3186 3014 χώρα
3221 2942 3605 3014 θυσιαστήριον

2029 3035 2150 3087 καθ’
2198 3035 2431 3108 ἑκάστην
2475 3036 2770 3105 ἐκκλησίαν
2837 3037 3271 3107 συστησάμενοι,
3301 3035 3358 3088 ἐν
3399 3053 3461 3088 τε
3485 3039 3605 3098 ταῖς

2031 3126 2239 3196 θλίψεσι
2291 3129 2385 3180 καὶ
2427 3132 2538 3191 τοῖς
2587 3130 2707 3181 κατ’
2757 3128 2935 3180 αὐτῶν
2985 3128 3246 3198 διωγμοῖς
3297 3126 3483 3182 οὐκέτι
3539 3129 3608 3180 τὰ

2031 3217 2305 3281 κνώδαλα,
2340 3219 2462 3271 οὐδὲ
2490 3219 2558 3272 τὰ
2597 3219 2804 3292 ἐρπετά
2831 3219 2932 3289 τῆς
2960 3221 3062 3290 γῆς
3083 3259 3096 3278 ,
3145 3217 3221 3282 ώς
3264 3219 3420 3282 θεοὺς
3442 3261 3456 3283 ,
3488 3218 3607 3272 ούδέ

2027 3311 2152 3372 τοὺς
2189 3312 2414 3380 ἀγρίους
2441 3311 2614 3383 θῆρας
2647 3313 2741 3365 καὶ
2768 3311 2836 3365 τὰ
2868 3313 3039 3380 ἄλογα
3077 3311 3190 3376 ζῶα
3215 3351 3229 3375 ,
3261 3311 3464 3382 ὁμοίως
3495 3314 3609 3374 τοῖς

2028 3403 2207 3455 αὐτῶν
2241 3403 2508 3474 πατράσι,
2537 3401 2672 3455 ἀλλὰ
2715 3401 2805 3455 τὸν
2849 3403 2939 3454 ἐπὶ
2972 3402 3188 3454 πάντων
3232 3400 3363 3454 Θεὸν
3408 3402 3609 3455 ἐπικα-

2027 3493 2278 3564 λούμενοι
2299 3533 2313 3554 ,
2353 3495 2447 3548 καὶ
2495 3495 2653 3564 μόνον
2689 3491 2849 3546 αὐτὸν
2883 3494 2978 3547 καὶ
3009 3493 3100 3546 τὸν
3146 3491 3314 3545 αὑτοῦ
3347 3491 3514 3562 φόϐον
3551 3495 3610 3546 ἐν

2027 3588 2148 3648 ταῖς
2184 3586 2362 3639 αὐτῶν
2394 3585 2654 3650 διανοίαις
2679 3585 3084 3655 κατειληφότες,
3106 3585 3393 3654 εὐχόμενοί
3417 3601 3479 3636 τε
3509 3586 3610 3637 αύ-

2027 3676 2106 3748 τῷ
2140 3677 2323 3748 εὐχὰς,
2350 3677 2464 3730 ἀλλ’
2497 3678 2680 3730 ούκέτι
2707 3679 2819 3740 τοῖς
2843 3677 3089 3748 δαίμοσι,
3137 3676 3232 3729 καί⁵
3268 3675 3614 3740 ἀποδιδόντες

2029 3769 2128 3832 τὰς
2161 3769 2482 3839 θεοπρεπεῖς
2511 3767 2863 3836 ἐπαγγελίας,
2887 3767 3006 3832 πῶς
3032 3768 3130 3837 οὐχ
3160 3767 3350 3819 ἐπεται
3381 3783 3613 3836 συνομο-

2028 3860 2206 3929 λογεῖν
2257 3859 2349 3912 καὶ
2399 3858 2466 3912 τὰ
2514 3859 2620 3930 πρὸ
2663 3857 2773 3911 τῶν
2814 3858 3284 3928 ἀποτελεσμάτων
3319 3860 3398 3921 είς
3449 3857 3614 3929 ἔργον

2029 3951 2130 4023 ἡδη
2162 3951 2537 4022 κεχωρηκέναι
2562 3967 2576 4015 ;
2603 3945 2671 4022 ῆν
2699 3950 2757 4004 δὲ
2791 3949 2994 4015 ταῦτα,
3027 3950 3121 4002 τοῦ
3161 3951 3367 4021 Κυρίου
3399 3966 3611 4020 παρου-

2032 4041 2121 4094 σία
2160 4043 2238 4104 εἰς
2271 4040 2545 4110 Αἴγυπτον
2575 4041 2674 4092 οὐκ
2706 4038 2998 4110 ἀσώματος
3027 4039 3436 4110 ἀποδησομένη,
3471 4038 3612 4093 ἀλλὰ

2029 4132 2118 4186 διά
2158 4132 2388 4204 νεφέλης
2424 4132 2630 4203 κούφης
2650 4171 2664 4195 ,
2757 4133 2850 4184 καὶ
2882 4130 3081 4202 μᾶλλον
3119 4131 3207 4184 διὰ
3239 4132 3446 4202 πάχους
3485 4131 3615 4184 ἐλα-

2032 4224 2188 4294 φροῦ.
2213 4225 2368 4278 Οῦτω
2391 4224 2498 4295 γὰρ
2531 4225 2592 4276 τὸ
2620 4223 2904 4295 Ἐϐραῖκὸν
2934 4223 3195 4295 περιέχει,
3217 4223 3316 4294 τὴν
3345 4223 3614 4294 ἐνσαρκον

2031 4314 2197 4370 αὐτοῦ
2245 4316 2548 4386 παρουσίαν
2579 4317 2967 4386 αἰνιττόμενον.
3003 4316 3206 4369 Τοῦτον
3239 4316 3296 4369 δέ
3323 4313 3416 4370 οὖν
3444 4317 3614 4370 αὑτὸν

2032 4406 2237 4479 προῖὼν
2268 4408 2395 4479 ἐξῆς
2432 4411 2461 4462 ό
2495 4408 2652 4476 λόγος
2681 4409 2964 4479 ἄνθρωπον
3006 4409 3235 4480 Σωτῆρα
3260 4409 3573 4462 ἀπεκάλεσε
3595 4451 3609 4471 ,

361 4502 522 4576 415
540 4502 624 4556 his
645 4501 826 4555 verbis
853 4518 864 4552 :
902 4517 920 4549 ι
956 4496 1022 4550 Ει
1048 4497 1224 4550 mittet
1241 4495 1320 4549 eis
1338 4493 1600 4548 Dominus
1630 4494 1925 4556 hominem,

2035 4501 2244 4572 φήσας·
2287 4520 2304 4552 ι
2345 4501 2454 4555 Καὶ
2483 4501 2773 4554 ἀποστελεῖ
2809 4502 2992 4564 αὐτοῖς
3038 4501 3242 4573 Κύριος
3295 4500 3610 4572 ἄνθρωπον,

361 4596 455 4666 qui
483 4592 714 4650 salvabit
751 4606 866 4646 eos.
897 4608 917 4641 ι
946 4587 1079 4641 Nam
1116 4587 1203 4640 hic
1231 4601 1422 4642 rursus
1466 4585 1517 4639 in
1550 4585 1820 4640 Hebraico
1849 4587 1930 4640 si:

361 4693 446 4742 est
482 4705 495 4740 :
534 4703 552 4735 ‹
591 4683 657 4737 Et
694 4688 872 4737 mittet
902 4681 981 4735 eis
1016 4679 1276 4733 Dominus
1302 4677 1662 4740 Salvatorem,
1689 4678 1784 4746 qui
1819 4678 1928 4732 sal-

363 4776 510 4830 vabit
539 4789 654 4829 eos.
688 4793 707 4824 ι
741 4771 872 4837 Quae
920 4786 1043 4825 cum
1083 4770 1218 4824 adeo
1247 4768 1551 4823 evidentem
1586 4767 1928 4822 demonstra-

361 4868 564 4922 tionem
595 4865 906 4925 exhibeant,
934 4862 1168 4916 arbitror
1187 4861 1347 4914 etiam
1374 4859 1706 4924 constitisse,
1731 4860 1929 4928 quibus

363 4958 700 5028 temporibus
747 4970 810 5010 ea
846 4954 1027 5008 futura
1055 4963 1401 5015 canerentur,
1436 4967 1557 5020 qua:
1606 4952 1672 5005 ad
1714 4951 1930 5007 Domini

363 5051 654 5105 adventum
679 5048 744 5102 ad
770 5048 1014 5101 homines
1043 5045 1402 5114 pertinebant.
1434 5042 1558 5098 Haec
1585 5060 1717 5099 sane
1739 5046 1929 5114 paucis

365 5145 573 5201 anobis
595 5143 820 5198 collecta
857 5147 1003 5204 sunt,
1031 5141 1098 5195 de
1131 5137 1467 5209 temporibus
1503 5138 1701 5207 quibus
1741 5137 1927 5191 Domi-

364 5247 471 5286 nus
503 5229 605 5284 fuit
635 5231 701 5284 ad
748 5229 998 5283 homines
1048 5237 1331 5282 venturus.
1382 5227 1545 5280 Plura
1599 5235 1780 5281 autem
1831 5243 1931 5297 per

365 5323 538 5379 otium
570 5323 841 5395 quispiam
867 5322 1137 5384 inveniet,
1164 5321 1211 5375 si
1242 5319 1481 5390 reliquas
1510 5320 1637 5374 item
1675 5319 1930 5391 Scriptu-

365 5429 458 5470 ras
481 5414 829 5485 percurrerit.
859 5412 966 5468 Nos
997 5421 1176 5467 autem
1217 5414 1303 5470 his
1326 5413 1566 5468 contenti
1597 5427 1718 5482 quae
1741 5412 1931 5467 hacte-

365 5523 471 5562 nus
492 5505 642 5560 dicta
671 5505 944 5574 suut,jam
967 5519 1112 5559 nunc
1133 5505 1370 5575 reliquas
1399 5520 1614 5574 quoque
1645 5503 1930 5574 aggredia-

365 5618 489 5656 mur
525 5600 854 5669 proplietias.
889 5599 1069 5664 Quare
1100 5612 1220 5666 qua:
1253 5597 1320 5650 ab
1362 5597 1454 5650 illo
1498 5595 1640 5649 inter
1677 5595 1929 5651 homines

368 5707 470 5746 suo
507 5691 698 5744 ordine
736 5698 862 5744 sunt
903 5688 1276 5742 administrata
1303 5727 1317 5751 ,
1352 5703 1415 5742 ex
1458 5687 1658 5740 divinis
1689 5687 1926 5742 oraculis

369 5784 708 5854 colligamus.

2029 4592 2090 4656 ὃς
2117 4590 2279 4645 σώσει
2309 4591 2526 4656 αύτούς.
2558 4612 2576 4643 ι
2619 4592 2788 4645 Πάλιν
2817 4591 2949 4660 γοῦν
2983 4591 3259 4645 κάνταῦθα
3292 4591 3352 4645 τὸ
3398 4593 3616 4666 Ἐὁραῖο

2033 4682 2146 4748 κὸν,
2183 4703 2201 4734 ι
2231 4683 2342 4735 Καὶ¹
2375 4683 2666 4736 ἀποστελεῖ
2692 4684 2874 4746 αὐτοῖς
2902 4682 3106 4752 Κύριος
3139 4683 3398 4752 Σωτῆρα,
3420 4682 3482 4745 ὂς
3516 4683 3613 4734 σώ-

2034 4793 2117 4828 σει
2145 4777 2340 4840 αὐτοὺς
2360 4815 2374 4839 ,
2405 4797 2423 4828 ι
2463 4777 2594 4846 ἔχει.
2626 4770 2725 4828 ’Ὧν
2752 4774 2928 4838 οὕτως
2953 4775 3160 4845 ἐναργῆ
3197 4775 3297 4847 τὴν
3332 4775 3612 4840 ἀπόδειξιν

2033 4871 2444 4942 παρεχομένων,
2475 4871 2713 4940 ἡγοῦμαι
2743 4870 2840 4922 καὶ
2869 4870 2995 4931 τοὺς
3022 4867 3252 4939 χρόνους
3281 4871 3478 4937 σαφεῖς
3518 4885 3611 4936 γε-

2031 4963 2265 5032 γονέναι,
2301 4963 2422 5017 καθ’
2448 4962 2541 5026 οὓς
2573 4963 2642 5015 τὰ
2669 4961 2769 5031 τῆς
2804 4963 2886 5024 εἰς
2917 4959 3242 5031 ἀνθρώπους
3268 4960 3362 5013 τοῦ
3400 4961 3608 5031 Κυρίου

2033 5055 2336 5125 παρουσίας
2367 5051 2700 5118 ἐθεσπίξετο.
2736 5037 2986 5106 Τοσαῦτα
3009 5051 3096 5104 διὰ
3132 5051 3379 5123 βραχέων
3413 5053 3510 5106 καὶ
3542 5052 3608 5105 τὰ

2033 5144 2162 5212 περὶ
2207 5143 2315 5197 τῶν
2363 5143 2570 5214 χρόνων
2621 5144 2721 5212 τῆς
2769 5143 2864 5196 τοῦ
2909 5143 3112 5214 Κυρίου
3158 5145 3240 5206 εἰς
3284 5141 3607 5214 ἀνθρώπους

2034 5234 2258 5303 φανείας
2285 5234 2545 5304 συνῆκται
2564 5251 2575 5262 ·
2595 5233 2813 5286 πλείονα
2834 5233 2878 5286 δ’
2906 5233 2970 5286 ἄν
2991 5250 3074 5296 τις
3094 5233 3186 5284 ἐπὶ
3215 5232 3411 5302 σχολῆς
3434 5233 3602 5304 εὖροι,

2033 5326 2126 5378 καὶ
2169 5324 2270 5388 τὰς
2312 5324 2504 5388 λοιπὰς
2545 5323 2838 5395 ἐκπεριιών
2867 5323 3110 5395 Γραφάς.
3147 5325 3340 5393 Ἡμεῖς
3371 5341 3434 5392 γε
3467 5325 3600 5394 μὴν,

2032 5418 2144 5478 τοῖς
2186 5415 2492 5486 εἰρημένοις
2532 5415 2922 5486 ἀρκεσθέντες,
2959 5414 3186 5485 μέτιμεν
3227 5415 3327 5486 ἤδη
3380 5415 3475 5467 καὶ
3514 5416 3604 5467 ἐπὶ

2032 5505 2131 5569 τὰς
2169 5506 2360 5570 λοιπὰς
2390 5507 2724 5578 προφητείας
2745 5547 2759 5571 ,
2791 5507 2856 5559 δι’
2890 5499 2966 5560 ὧν
2997 5507 3066 5560 τά
3094 5507 3518 5578 οἰκονομηθέντα
3546 5510 3602 5560 ἐν

2033 5596 2338 5668 ἀνθρώποις
2376 5597 2685 5664 ἀκολούθως
2721 5597 2870 5669 αὐτῷ
2910 5600 2974 5652 ἐκ
3004 5598 3109 5652 τῶν
3149 5599 3310 5653 θείων
3355 5602 3604 5674 προρρήο

2036 5705 2172 5742 σεων
2204 5689 2590 5762 ἀναλεξάμεθα.
