3836 6220
377 221 470 285 εει
1009 223 1279 281 EUSEBII
1318 212 1799 278 CA‘JSARIENSIS
1837 212 1992 273 OPP.
2023 212 2223 271 PARS.
2260 214 2326 271 ll.
2351 245 2421 258 --
2460 211 2969 273 APOLOGETICA.
3538 222 3642 283 οδε

371 356 595 413 eventu,
620 347 1007 403 declarabitur.
1043 347 1182 403 Cum
1226 344 1391 416 igitur
1426 341 1665 413 primum
1701 336 1886 393 omniu

2126 354 2148 399 ;
2167 336 2437 405 γενέσεως
2467 333 2633 388 αὐτοῦ
2656 374 2671 401 ,
2701 334 2893 405 γένους
2914 353 2976 390 τε
3003 336 3097 391 καὶ
3122 338 3314 410 φυλῆς,
3347 338 3445 392 καί
3476 340 3641 412 σπέρο

371 454 461 503 ea,
496 454 618 510 quae
649 440 718 494 ad
748 439 895 494 illius
939 449 994 494 et
1028 444 1232 500 ortum,
1266 443 1322 490 et
1343 448 1537 506 genus.
1562 439 1617 487 et
1639 431 1864 495 tribum,

2128 445 2226 492 ,τος
2250 426 2628 482 ἀποδέδεικται
2659 467 2674 492 ,
2703 428 2837 500 φέρε
2867 428 2935 483 τά
2977 431 3106 503 περ)⁸
3134 430 3229 486 τοῦ
3260 430 3524 501 φανέντος
3555 435 3643 488 ἐπὶ

372 546 558 586 semen
595 532 892 602 pertinent,
922 529 1300 585 demonstrata
1345 527 1477 588 sint,
1507 539 1656 579 nunc
1678 523 1791 593 jam
1821 538 1887 593 qu

2147 520 2358 591 γενέσει
2384 520 2552 576 αὐτοῦ
2581 522 2701 575 νέου
2725 522 2873 588 τινος
2894 523 2990 599 καὶ
3018 524 3321 591 ξενίζοντος
3342 527 3495 599 παρά
3521 528 3642 594 τοὺς

369 622 437 678 de
472 622 651 679 sidere
680 624 773 677 illo
802 624 874 678 sit
903 621 1219 681 dicendum.
1248 617 1396 690 quod
1428 632 1628 672 novum
1676 622 1730 670 ct
1764 615 1884 669 inso

2127 615 2313 688 νήθεις
2357 615 2588 688 ἀστέρος
2615 614 2939 685 θεασώμεθα
2962 633 2978 649 ’
3007 619 3130 672 ἐπεὶ
3161 619 3258 672 καὶ
3287 619 3447 675 τοῦτο
3479 622 3642 675 πάλαι

368 721 486 771 tum
514 724 712 786 praiter
740 723 1004 771 consueta
1039 723 1092 769 et
1123 714 1284 768 nobis
1313 711 1529 783 cognita
1563 709 1744 765 sidera
1775 709 1831 762 in
1865 722 1883 762 ε

2130 710 2319 782 νότερον
2352 710 2417 762 ἐκ
2465 708 2693 781 μακρῶν
2739 709 2949 765 ἀνωθεν
2983 712 3193 783 χρόνων
3235 716 3389 785 παρά
3423 716 3645 770 Μωῡσεί

366 815 431 864 ιιι
461 809 610 865 illius
638 808 887 874 emicuit,
916 823 1106 879 quaeso
1168 805 1628 876 contemplemur.
1680 801 1817 856 Nam
1848 801 1881 856 b

2191 817 2332 855 ιενον
2360 797 2550 853 τοῦτον
2582 800 2862 873 ἱστόρηται
2889 800 2982 855 τὸν
3010 802 3231 874 τρόπον.
3700 788 3706 798 ’

367 904 786 976 ἱρευω,ίιυο(ιυε
802 903 1129 975 jampridem
1164 903 1234 957 ab
1261 901 1505 971 antiquis
1528 913 1703 971 usque
1723 905 1778 955 et
1800 897 1994 969 primis
2016 897 2361 969 temporibus
2391 894 2537 966 apud
2558 893 2763 953 Mosem
2788 895 3126 953 celebratum
3159 896 3463 964 invenitur,
3486 907 3647 972 atque

367 998 425 1053 in
453 998 601 1054 hunc
627 998 849 1054 modum
883 996 1217 1068 expositum.

362 1121 407 1176 Α
448 1117 723 1174 Numeris.
744 1147 815 1159 —
834 1117 912 1174 De
940 1118 1095 1172 rebus
1125 1117 1411 1189 secundum
1441 1115 1733 1189 humanam
1757 1112 1824 1168 ab
1853 1113 1877 1167 in

2120 1108 2207 1163 ,πὸ
2225 1106 2344 1162 τῶν
2356 1105 2652 1189 Ἆρ-ιθμεῖιν.
2673 1136 2744 1148 -
2756 1104 2896 1189 ιῇςρὶ
2910 1105 3029 1189 tein;
3043 1110 3196 1166 κατὰ
3215 1110 3331 1189 τὴν·
3352 1114 3635 1186 arar-0pc”)-

436 1200 764 1258 assumptum
805 1201 1057 1243 naturam
1090 1188 1352 1261 gerendis,
1393 1197 1443 1241 et
1474 1187 1538 1241 de
1564 1186 1723 1241 stella
1751 1196 1874 1256 qua:
1893 1184 1950 1236 in

2130 1196 2324 1261 πησιν
2386 1178 2574 1261 αὐτοί)
2626 1178 3163 1261 πραχθησομένωζ,
3223 1178 3325 1261 κά)
3369 1190 3503 1261 {rapi
3532 1178 3644 1261 τοῦ

438 1272 559 1322 ortu
589 1246 892 1316 Saluatoris
919 1246 1115 1314 nostri”,
1124 1246 1393 1329 apparuit.
1762 1246 1776 1256 ’

2129 1246 2424 1320 φανέντος
2452 1248 2551 1303 ἐπὶ
2587 1247 2664 1317 τῇ
2697 1246 2953 1320 ιιηιινέστιι⁷
2974 1249 3248 1321 Σωτῆρος
3280 1246 3644 1326 ἠμῶνῗάστέ.

2118 1337 2250 1390 ,οοςο

433 1430 613 1488 Moses
639 1433 696 1487 in
729 1431 984 1490 Numeris
1011 1433 1078 1490 de
1106 1435 1284 1499 stella,
1316 1449 1439 1505 quae
1458 1435 1512 1488 in
1543 1441 1668 1488 ortu
1700 1431 1948 1488 Salvato.

2125 1434 2394 1506 Μωῦσῆς,
2430 1433 2489 1487 ἐν
2532 1431 2838 1502 Ἆριθμοῖς,
2873 1420 3000 1505 περὶ
3019 1433 3113 1488 τοῦ
3164 1436 3425 1506 φανέντος
3446 1440 3542 1494 ἐπὶ
3574 1444 3639 1515 τῇ

361 1524 440 1580 ris
469 1525 643 1580 nostri
677 1525 795 1581 visa
827 1532 934 1591 est,
959 1525 1075 1581 haec
1130 1526 1205 1581 ait
1241 1544 1255 1581 :
1298 1545 1318 1578 ι
1358 1524 1504 1580 Dixit
1535 1524 1760 1579 Balaam
1797 1524 1871 1578 ﬁli

2128 1525 2375 1581 νέσειτοῦ
2405 1523 2661 1595 Σωτῆρος
2692 1523 2849 1595 ἡμῶν
2871 1524 3099 1597 ἀστέρος
3114 1528 3246 1598 φησί
3266 1545 3281 1560 ο
3319 1548 3339 1581 ι
3370 1532 3510 1603 Φησὶ
3538 1533 3643 1587 Ba.

359 1615 521 1683 Beor,
551 1617 692 1672 dixit
746 1617 911 1672 homo
950 1620 1044 1689 qui
1097 1633 1227 1673 vere
1276 1617 1442 1684 videt,
1474 1618 1568 1689 qui
1593 1617 1748 1672 audit
1775 1618 1874 1671 ver

2122 1621 2201 1692 ἀμ
2229 1619 2343 1682 υίὸς
2366 1616 2542 1688 Βεὼρ,
2563 1615 2728 1688 φησὶν
2759 1617 2788 1669 6
2816 1615 3102 1688 ἄνθρωπος
3130 1619 3443 1691 ὁὰληοινῶς
3473 1624 3636 1696 ὀρῶν,

356 1708 477 1774 Dei,
503 1709 597 1780 qui
630 1709 783 1763 novit
831 1708 1117 1766 scientiam
1157 1708 1449 1775 Altissimi,
1474 1720 1528 1766 et
1550 1709 1645 1780 qui
1675 1709 1871 1764 visiunt

2122 1709 2262 1765 ούων
2280 1710 2436 1781 λόγια
2453 1709 2611 1777 Θεοῦ,
2630 1711 2991 1782 ἐπιστάμενος
3010 1714 3320 1787 ἐπιστήμην
3356 1718 3637 1789 Ὑψίστου,

358 1800 456 1857 Dei
488 1801 643 1866 vidit,
673 1801 731 1855 in
784 1816 979 1857 somno
1033 1802 1210 1871 aperti
1267 1802 1412 1856 oculi
1459 1801 1580 1870 ejus
1618 1800 1873 1858 :ostend:

2124 1806 2141 1858 ὶ
2165 1806 2363 1877 ὅρασιν,
2382 1803 2478 1859 τοῦ
2508 1804 2643 1858 Θεοῦ
2682 1802 2825 1871 ἰδὼν,
2848 1806 2907 1858 ἐν
2938 1803 3092 1877 ὕπνῳ
3121 1808 3639 1884 άποκεκαλυμμένοι

356 1893 458 1957 illi,
487 1892 584 1949 sed
614 1908 724 1947 non
759 1908 907 1946 nunc
946 1910 960 1946 :
998 1893 1218 1947 beatum
1248 1891 1398 1956 dico,
1434 1890 1531 1947 sed
1579 1907 1690 1947 non
1747 1907 1871 1963 appl

2126 1895 2392 1966 ὀφθαλμοὶ
2429 1893 2595 1949 αὐτοῦ
2613 1912 2626 1925 ·
2651 1893 2811 1962 δείξω
2842 1894 3013 1966 αὐτῷ,
3043 1897 3136 1949 καὶ
3164 1897 3286 1970 οὐχὶ
3314 1898 3431 1962 νῦν,
3460 1918 3641 1972 μακα-

354 1987 586 2057 pinquat
621 2002 634 2038 :
667 1984 880 2039 orietur
921 1984 1083 2039 stella
1109 2000 1178 2039 ex
1210 1981 1401 2048 Jacob,
1435 1991 1489 2039 ct
1533 1991 1724 2053 surget
1779 1985 1869 2039 but

2121 1988 2202 2054 ξω,
2233 1988 2328 2042 καὶ
2358 1987 2458 2041 οὐκ
2506 1987 2739 2056 ἐγγίζει.
2789 1986 3063 2041 Ἀνατελεῖ
3099 1988 3298 2061 ἄστρον
3322 1990 3381 2058 ἐξ
3420 1992 3636 2057 Ἰακὼϐ,

352 2090 423 2131 cx
455 2077 713 2139 lsrael,et
738 2074 952 2145 franget
976 2075 1236 2131 ductores
1271 2074 1453 2139 Moab,
1483 2084 1537 2131 et
1564 2076 1812 2146 captivos
1841 2076 1867 2131 d

2123 2081 2533 2148 ὶάναστήσεται
2578 2079 2864 2153 ἄνθρωπος
2909 2079 2970 2147 ἐξ
3012 2080 3250 2154 Ἰσραὴλ,
3288 2083 3381 2136 καὶ
3408 2083 3638 2156 θραύσει

337 2172 442 2220 Ὗὶθῐ
475 2181 666 2222 omnes
702 2166 847 2222 ﬁlios
879 2166 1111 2231 Setb,et
1165 2168 1271 2223 erit
1324 2166 1497 2222 Edom
1556 2167 1845 2224 baereditas

2123 2187 2171 2235 ig
2200 2170 2478 2243 ἀρχηγοὺς
2506 2168 2703 2233 Μωάϐ,
2726 2169 2821 2222 καὶ
2851 2168 3213 2239 προνομεύσει
3236 2171 3451 2234 πάντας
3484 2170 3638 2235 υἱοὺς

353 2258 459 2312 erit
480 2258 770 2314 litereditas
809 2258 960 2329 Esau
985 2260 1244 2316 inimicus
1267 2259 1409 2330 ejus,
1433 2269 1488 2315 et
1520 2257 1688 2317 Israel
1719 2259 1852 2316 fecit

2124 2261 2173 2315 θ.
2207 2263 2317 2316 Καὶ
2351 2260 2503 2315 ἔσται
2544 2258 2719 2330 Ἐδὼμ
2741 2258 3096 2331 κληρονομία,
3131 2259 3223 2313 xa‘t
3247 2259 3400 2315 ἔσται
3439 2263 3639 2334 κληρο-

353 2350 572 2416 robore,
605 2360 658 2408 et
680 2352 1016 2407 excitabitur
1044 2368 1112 2406 ex
1148 2350 1340 2417 Jacob,
1379 2360 1434 2408 et
1462 2353 1654 2423 perdet
1672 2368 1868 2424 eum,rJ

2121 2354 2206 2407 ιία
2278 2350 2449 2406 Ἠσαῦ
2492 2353 2521 2405 6
2562 2348 2756 2423 ἐχθρὸς
2782 2349 2971 2413 αὐτοῦ,
3004 2350 3100 2403 καὶ
3138 2350 3357 2422 Ἰσραὴλ
3381 2352 3636 2423 ἐποίησεν

353 2450 617 2498 servatur
654 2442 723 2498 de
749 2445 974 2500 civitate
999 2445 1064 2502 ³⁸.
1112 2462 1130 2497 ›
1170 2442 1286 2498 Hoc
1327 2445 1588 2499 vaticinio
1638 2458 1868 2502 commot

2134 2444 2297 2517 ἰσχύϊ,
2351 2446 2446 2500 καὶ
2492 2445 2915 2519 ἐξεγερθήσετειι
2956 2446 3016 2510 ἐξ
3062 2445 3278 2510 Ἰακὼϐ,
3321 2448 3416 2501 καὶ
3445 2448 3640 2501 ἀπολεῖ

352 2535 430 2589 ait
464 2551 818 2592 successores
851 2535 1071 2591 Balaam
1110 2535 1185 2608 (id
1211 2536 1357 2591 enim
1386 2536 1660 2594 incolume
1696 2540 1863 2595 exstit

2121 2538 2350 2608 ιζόμενον
2384 2540 2448 2591 ἐκ
2475 2537 2701 2601 πόλεως.
2748 2558 2766 2591 ι
2818 2530 2940 2591 Ἐπὶ
2973 2537 3144 2609 ταύτῃ
3171 2534 3303 2609 φησὶ
3326 2542 3393 2610 τῇ
3424 2556 3636 2610 1:903:13-

238 2628 241 2633 ’
351 2641 412 2682 se
456 2626 659 2689 adhuc,
695 2634 754 2681 ut
811 2642 911 2698 par
970 2634 1078 2688 est,
1137 2626 1281 2697 apud
1334 2627 1484 2693 illos,
1516 2643 1641 2682 cum
1687 2627 1744 2682 in

2118 2626 2162 2702 ἷᾳ
2210 2630 2529 2701 κινηθέντας
2577 2632 2703 2694 τοὺς
2750 2629 3023 2702 διαδόχους
3067 2630 3316 2701 Βαλαάμ.
3352 2631 3633 2685 Σεσῶσθαι

347 2717 596 2788 ignotum
654 2717 931 2790 quoddam
985 2718 1142 2774 sidus
1193 2728 1392 2790 praeter
1442 2720 1661 2790 cognita
1698 2720 1859 2777 nobis

2122 2737 2152 2791 ρ
2177 2718 2366 2791 αὐτὴν,
2398 2719 2475 2784 ὡς
2514 2723 2607 2775 καὶ
2649 2717 2718 2791 ἦν
2753 2721 2919 2789 εἰκὸς,
2956 2724 3089 2793 παρ’
3122 2723 3327 2786 αὐτοῖς.
3367 2722 3635 2792 Ὀπηνίκα

348 2818 637 2878 consueta,
676 2827 845 2883 supra
894 2813 1189 2879 verticem,
1223 2821 1284 2868 ut
1330 2813 1417 2868 sic
1462 2812 1717 2876 dixerim,
1763 2822 1819 2869 et

2117 2813 2282 2867 νεῖδον
2309 2814 2366 2866 ἐν
2382 2811 2595 2885 οὐρανῷ
2623 2811 2905 2878 ξενίζοντά
2918 2830 3038 2866 τινα
3062 2815 3215 2887 παρὰ
3235 2813 3361 2878 τοὺς
3382 2813 3632 2886 συνήθεις

348 2904 804 2974 perpendiculum
852 2911 1014 2960 terra:
1041 2903 1244 2962 Judaaze
1285 2907 1645 2963 constitutum
1687 2908 1863 2979 inspei

2117 2905 2268 2978 τέρα,
2314 2904 2457 2960 κατὰ
2504 2904 2771 2977 κορυφῆς,
2820 2907 2897 2971 ὼς
2937 2907 3003 2961 ἂν
3052 2906 3197 2960 εἴποι
3225 2924 3328 2971 τις,
3362 2905 3632 2961 καὶκατὰ

346 2997 500 3066 runt)
552 2995 851 3053 festinasse
903 3006 964 3051 ut
1012 2997 1068 3052 in
1119 2997 1467 3055 Palaestinam
1516 3009 1719 3056 terram
1768 2997 1861 3072 4]

2117 2994 2268 3050 θετον
2322 2997 2422 3067 τῆς
2482 2996 2742 3061 Ἰουδαίας
2775 2997 3189 3070 ἐστηριγμένον,
3247 2999 3487 3070 σπουδὴν
3535 3016 3632 3052 πε-

347 3090 723 3157 pcrvenirent,
752 3098 923 3158 utque
977 3088 1400 3146 sciscitarentur
1430 3090 1501 3146 de
1555 3107 1682 3163 rege
1712 3092 1807 3162 qui
1840 3106 1862 3162 ι

2115 3087 2296 3160 ιῆσθαι
2321 3089 2414 3142 ἐπὶ
2448 3086 2546 3161 τὴν
2577 3089 2949 3144 Παλαιστινῶν
2991 3090 3293 3159 ἀφικέσθαι
3325 3089 3458 3161 γῆν,
3486 3092 3630 3145 ἱστο-

332 3195 470 3235 eam
494 3182 711 3236 stellam
741 3197 906 3251 quam
942 3183 1048 3253 ipsi
1070 3182 1343 3248 viderant,
1377 3183 1811 3254 signiﬁcabatur.
1846 3230 1847 3235 η

2112 3195 2160 3242 ις
2218 3178 2384 3232 ἕνεκα
2427 3177 2522 3231 τοῦ
2549 3177 2639 3232 διὰ
2678 3180 2938 3249 φανέντος
2967 3179 3196 3252 ἀστέρος
3227 3182 3627 3255 σημαινομένου

349 3272 475 3328 dem
515 3273 601 3329 his
640 3273 774 3329 facit
816 3276 1154 3346 evangelista
1206 3274 1516 3341 Matthaeus,
1552 3276 1641 3332 his
1698 3275 1864 3331 verbi:

2116 3270 2319 3335 σιλέως.
2337 3273 2625 3344 Μαρτυρεί
2652 3271 2859 3336 τούτοις
2883 3274 2912 3325 6
2936 3272 3330 3345 εὐαγγελιστὴς
3351 3277 3631 3343 Ματθαίος

332 3386 373 3418 νσ
403 3366 542 3421 Cum
590 3376 773 3423 autem
813 3367 977 3423 Jesus
1013 3378 1180 3424 natus
1215 3378 1359 3426 esset
1389 3370 1444 3425 in
1493 3368 1847 3426 Bethlebem;

2113 3383 2207 3435 raw
2231 3381 2244 3396 ·
2292 3384 2311 3418 ι
2340 3359 2448 3420 Τοῦ
2473 3365 2531 3418 δὲ
2571 3364 2745 3437 Ἰησοῦ
2777 3365 3128 3437 γεννηθέντος
3158 3368 3216 3421 ἐν
3246 3366 3499 3440 Βηθλεέμ
3525 3370 3628 3439 τῆς

345 3463 475 3517 ὀίεαι
507 3461 563 3515 in
589 3459 785 3516 diebus
830 3458 1065 3517 Herodis
1099 3461 1420 3533 regis,ecce
1456 3456 1595 3533 Magi
1619 3463 1689 3518 ab
1710 3460 1860 3518 Oriet

2110 3458 2304 3524 μυδαίας
2350 3460 2408 3513 ἐν
2465 3458 2703 3531 ἡμέραις
2767 3457 3007 3529 Ἡρώδου
3054 3459 3150 3513 τοῦ
3187 3460 3476 3532 βασιλέως,
3514 3463 3625 3517 ἰδοὺ

348 3562 614 3610 venerunt
646 3553 704 3609 in
737 3551 1063 3621 Jerusalem,
1109 3553 1356 3611 dicentes
1386 3573 1399 3608 :
1438 3552 1542 3609 Ubi
1574 3562 1679 3623 est,
1709 3555 1803 3625 qui
1833 3571 1863 3609 n

2110 3570 2200 3623 yos
2245 3553 2356 3606 ἀπὸ
2414 3550 2688 3607 ἀνατολῶν
2713 3551 3078 3623 παρεγένοντο
3119 3553 3200 3617 είς
3243 3553 3625 3630 Ἰερουσαλὴμ,

327 3658 436 3705 rtus
474 3657 560 3705 est
592 3664 689 3704 rex
717 3645 1075 3703 Iudaeorum?
1114 3646 1362 3703 Vidimus
1392 3647 1536 3701 enim
1569 3646 1781 3701 stellam
1807 3662 1842 3716 ε,

2111 3662 2316 3713 ξοντεςο
2352 3644 2462 3699 Ποῦ
2500 3647 2648 3700 ἐστιν
2699 3648 2729 3700 6
2772 3646 2985 3718 τεχθεὶς
3032 3647 3283 3718 βασιλεὺς
3323 3648 3436 3701 τῶν
3487 3651 3626 3704 Ἰου-

328 3742 399 3795 «in
441 3738 687 3804 Oriente,
721 3746 777 3795 et
808 3739 1062 3795 venimus
1086 3738 1318 3794 adorare
1350 3754 1477 3794 eum
1511 3738 1576 3803 ",
1612 3757 1632 3790 ι
1665 3748 1843 3808 quote

2109 3737 2228 3802 ἵωνς
2257 3736 2468 3808 εἴδομεν
2495 3736 2605 3809 γὰρ
2629 3736 2794 3791 αὐτοῦ
2824 3738 2914 3791 τὸν
2943 3736 3148 3810 ἀστέρα
3180 3740 3239 3792 ἐν
3264 3741 3329 3811 τῇ
3360 3740 3624 3813 ἀνατολῇ,

329 3848 474 3903 pore
505 3831 671 3887 iidem
707 3831 864 3887 missi
911 3830 969 3885 in
997 3829 1315 3887 Bethlehem
1360 3829 1635 3893 abierunt,
1667 3848 1687 3881 ι
1719 3839 1772 3884 et
1800 3846 1844 3885 et

2109 3834 2122 3883 ί
2148 3829 2383 3902 ἤλθομεν
2413 3830 2787 3902 προσκυνῆσαι
2812 3830 2959 3901 αὑτῷ
2977 3848 2989 3860 ·
3032 3850 3049 3882 ›
3071 3832 3161 3885 ὅτε
3204 3833 3299 3886 καὶ
3318 3849 3624 3905 παραπεμ-

328 3939 538 3980 ιτιιτευε
570 3924 762 3979 eadem
797 3922 957 3979 stella
1001 3937 1166 3993 quam
1198 3924 1450 3978 viderant
1480 3922 1537 3976 in
1551 3920 1802 3986 Oriente,
1828 3936 1843 3975 ε

2109 3923 2254 3988 έντες
2270 3926 2349 3988 είς
2374 3923 2624 3995 Βηθλεὲμ
2651 3923 3050 3996 ἐπορεύθησαν,
3079 3943 3097 3977 ι
3123 3925 3219 3978 καὶ
3248 3925 3356 3980 ἰδοὺ
3393 3925 3562 3979 πάλιν
3592 3928 3624 3981 6

326 4017 627 4074 .tecedebat
646 4031 764 4083 eos,
786 4015 963 4072 donec
992 4016 1220 4071 veniens
1263 4022 1435 4071 staret
1478 4030 1644 4085 supra
1676 4013 1768 4068 ubi
1805 4029 1835 4068 e

2103 4014 2186 4077 τὸς
2203 4014 2398 4087 ἀστὴρ,
2423 4015 2482 4068 ὃν
2508 4011 2647 4068 εἶδον
2666 4017 2724 4069 ἐν
2751 4019 2817 4087 τῇ
2841 4014 3098 4087 ἀνατολῇ,
3122 4015 3364 4087 προῆγεν
3388 4017 3618 4082 αὐτοὺς,

328 4123 493 4178 puer.
526 4106 789 4164 Videntes
837 4116 1019 4163 autem
1049 4107 1267 4162 stellam
1319 4105 1496 4177 gavisi
1540 4110 1671 4159 sunt
1724 4118 1843 4175 gaui

2107 4125 2127 4171 ς
2159 4105 2329 4160 ἐλθὼν
2368 4106 2570 4179 ἐστάθη
2602 4108 2786 4162 ἐπάνω
2815 4102 2876 4162 οὗ
2914 4104 2983 4180 ἦν
3014 4107 3076 4162 τὸ
3108 4107 3341 4165 παιδίον.
3390 4109 3622 4175 Ἰδόντες

336 4219 535 4276 magno
563 4202 744 4271 valde,
774 4212 829 4259 et
864 4203 1099 4275 ingressi
1131 4201 1379 4264 domum,
1419 4197 1677 4254 viderunt
1717 4213 1851 4269 puer

2107 4200 2193 4253 τὸν
2218 4198 2424 4271 ἀστέρα
2456 4200 2732 4272 ἐχάρησαν
2775 4200 2949 4272 χαρὰν
2986 4199 3228 4272 μεγάλην
3255 4200 3486 4272 σφόδρα,
3517 4203 3622 4257 καὶ

333 4299 447 4353 lum
492 4312 618 4353 cum
652 4295 824 4352 Maria
881 4302 1058 4351 matre
1088 4294 1233 4365 ejus,
1265 4301 1320 4348 et
1349 4292 1774 4364 procumbentes
1821 4305 1848 4344 a

2106 4288 2355 4354 ἐλθόντες
2380 4291 2460 4355 εἰς
2480 4290 2579 4363 τὴν
2601 4290 2797 4354 οἰκίαν,
2824 4285 2963 4343 εἶδον
2992 4289 3053 4343 τὸ
3077 4289 3287 4344 παιδίον
3322 4291 3463 4361 μετά
3491 4292 3621 4345 Μα-

328 4399 628 4447 oraverunt
671 4406 796 4446 eum
829 4389 897 4444 ¹⁸.
940 4387 1261 4444 illactenus
1309 4384 1529 4457 quidem
1565 4383 1843 4455 Evangelii

2104 4398 2147 4443 ις
2170 4381 2270 4453 τῆς
2309 4353 2513 4453 μητρὸς
2536 4353 2748 4438 ἀὺτοῦ.
2782 4353 2879 4435 καὶ
2906 4381 3163 4445 πεσόντες
3189 4353 3619 4453 προσεκύνησαν

329 4493 608 4541 sanctum.
634 4487 704 4538 At
735 4498 865 4539 vero
904 4483 1082 4554 ipsius
1113 4479 1417 4552 prophetia:
1462 4477 1748 4533 oraculum
1782 4490 1844 4546 qu

2103 4471 2191 4544 τῷ.
2222 4492 2240 4525 ›
2272 4473 2458 4527 Ταῦτα
2491 4474 2586 4546 μὲν
2615 4474 2677 4528 τὸ
2711 4475 2851 4547 ἱερὸν
2887 4474 3217 4542 Εὐαγγέλιον
3236 4491 3251 4504 ·
3274 4474 3303 4526 6
3327 4473 3386 4527 δέ
3411 4491 3476 4544 γε
3509 4474 3618 4545 τῆς

328 4577 407 4631 ait
437 4575 660 4632 tandem
691 4573 810 4631 fore
831 4583 928 4629 aut
954 4573 1010 4628 in
1042 4574 1192 4629 illius
1222 4572 1349 4626 novi
1380 4568 1579 4627 sideris
1601 4567 1843 4637 eruptior

2103 4564 2358 4637 οφητείας
2414 4564 2568 4635 λόγος
2624 4565 2716 4618 ἐπὶ
2745 4568 2810 4636 τῇ
2850 4565 2944 4619 τοῦ
2974 4564 3200 4638 ἀστέρος
3236 4565 3483 4637 ἐπιτολῇ,
3515 4567 3618 4620 καὶ

327 4675 424 4722 aut
462 4669 518 4723 in
549 4666 856 4723 Salvatoris
884 4668 1063 4723 nostri
1084 4663 1219 4722 Iesu
1246 4663 1456 4720 Christi
1502 4668 1652 4725 ortu,
1689 4659 1841 4731 digni

2139 4654 2234 4708 τοῦ
2293 4655 2543 4728 Σωτῆρος
2566 4654 2725 4727 ἡμῶν
2763 4654 2940 4726 Ἰησοῦ
2972 4655 3210 4725 Χριστοῦ
3240 4657 3460 4724 γενέσει
3488 4657 3616 4713 τίνα

325 4759 472 4829 quod
524 4757 935 4830 cognoscatur?
985 4772 1183 4828 nempe
1233 4754 1561 4810 fractionem
1621 4750 1840 4806 ductort

2102 4745 2186 4799 σὶν
2235 4744 2477 4812 ἔσεσθαι,
2524 4746 2757 4800 συνιδεῖν
2820 4745 3008 4813 ἄξιον·
3053 4744 3295 4817 Θραῦσιν
3344 4747 3615 4818 ἀρχηγιῖω

326 4849 507 4917 Moab,
539 4859 594 4906 et
619 4849 981 4921 direptionem
1013 4848 1250 4904 filiorum
1304 4844 1458 4911 Setli,
1493 4851 1757 4916 praeterea
1785 4859 1841 4898 re

2101 4834 2215 4897 οὰὸ,
2237 4836 2331 4889 καὶ
2365 4837 2643 4909 προνομὴν
2697 4833 2829 4889 υίῶν
2864 4833 2996 4904 Σὴθ,
3028 4834 3124 4887 καὶ
3152 4834 3261 4888 τῶν
3294 4852 3360 4904 γε
3404 4837 3616 4891 λοιπῶν

323 4958 560 5015 quorum
607 4941 849 4998 Judaica:
886 4943 1065 5013 gentis
1097 4941 1341 4998 hostium
1392 4937 1785 5005 hereditatem,
1816 4952 1838 5006 ς

2098 4927 2108 4979 i
2180 4927 2450 4982 Ἰουδαίων
2500 4928 2684 4992 ἔθνους
2721 4925 2997 4998 πολεμίων
3026 4925 3428 4997 κληρονομίαν
3464 4923 3613 4984 aliter.

323 5037 544 5107 quidem
577 5036 767 5092 hostes
797 5043 956 5091 erant
977 5035 1148 5091 Edom
1180 5043 1237 5091 et
1272 5033 1437 5090 Esau.
1469 5031 1838 5101 Caeterum,qu

2099 5015 2238 5094 ἦσαν
2277 5019 2458 5092 Ἐδῶμ
2486 5021 2582 5074 καὶ
2622 5018 2814 5073 Ἠσαῦ.
2847 5018 2913 5072 Τί
2942 5017 2998 5072 δέ
3015 5017 3237 5090 ᾐνίξατο
3259 5018 3352 5072 διὰ
3377 5019 3608 5085 τούτων,

323 5127 471 5182 aliud
525 5128 746 5183 tandem
797 5127 1128 5198 significavit
1174 5126 1262 5183 liis
1316 5124 1531 5190 verbis,
1580 5138 1745 5195 quam
1812 5139 1838 5193 ι]

2095 5114 2162 5168 ῐιά
2191 5113 2291 5186 μέν
2322 5113 2430 5168 τῶν
2457 5114 2715 5185 ἁρχηγῶν
2754 5111 2929 5167 Μωάϐ
2952 5112 3052 5182 τὴν
3083 5110 3191 5164 τῶν
3232 5111 3484 5183 ἀοράτων
3512 5114 3610 5182 ἀρ-

320 5218 581 5274 ductores
633 5215 809 5284 Moab,
857 5217 1215 5273 invisibilium
1251 5216 1491 5272 hostium
1541 5213 1835 5270 eversione]

2094 5224 2216 5261 θτων
2263 5207 2602 5279 καθαίρεσιν,
2651 5204 2829 5261 αὐτῶν
2874 5202 2938 5275 δὴ
2969 5202 3076 5256 τῶν
3111 5203 3279 5257 πάλαι
3307 5205 3462 5275 παρὰ
3494 5208 3609 5267 τοῖς

321 5311 588 5381 ipsorum,
616 5311 864 5381 inquam,
890 5311 1224 5375 dzemonum,
1251 5311 1344 5381 qui
1369 5309 1501 5364 olim
1533 5307 1680 5379 apud
1703 5305 1836 5361 Moal

2089 5298 2330 5362 υαὸίταις
2357 5296 2788 5369 θεολογουμένων
2809 5294 2895 5349 δαι
2903 5295 3078 5366 μόνων
3097 5311 3112 5360 ;
3146 5293 3265 5349 ἀλλ’
3280 5295 3381 5365 οὐχ
3401 5293 3604 5365 ἐτέρων

321 5410 406 5459 tas
439 5403 667 5460 deorum
709 5404 832 5459 loco
856 5404 1215 5459 ferebantur?
1256 5402 1422 5474 Atqui
1476 5401 1711 5456 aliorum
1748 5413 1836 5454 me

2095 5390 2261 5463 νήσθη
2282 5390 2370 5445 διά
2399 5389 2496 5462 τὴν
2534 5387 2978 5458 εἰδωλολατρείαν
3007 5385 3100 5440 τοῦ
3135 5385 3358 5457 Ἰσραὴλ
3389 5384 3487 5455 τὴν
3514 5385 3610 5439 ἐπὶ

316 5497 526 5554 tionem
549 5512 659 5552 non
676 5497 821 5563 fecit,
846 5498 1071 5569 propter
1085 5491 1708 5575 simulacrorumjpsius
1739 5488 1831 5546 lsr:

2095 5483 2337 5555 ςὲρήμου
2353 5480 2676 5553 γενομένην,
2715 5480 2804 5535 ὅτε
2845 5475 3104 5549 ἐτελέσθη
3125 5477 3153 5530 6
3179 5476 3313 5542 λαὸς
3334 5475 3416 5550 τῷ
3446 5474 3610 5530 Βεελ-

394 5656 437 5686 ι·
473 5650 634 5707 Num.
677 5652 1031 5717 xxxv,iS-l9.
1116 5653 1156 5685 ιτ
1199 5629 1390 5706 Matth.
1426 5665 1489 5716 ιι,
1523 5649 1576 5712 ι,
1606 5647 1663 5703 2.
1745 5644 1788 5677 ι·
1828 5643 1909 5698 ιω

677 5652 1031 5717 nmis-19.
1116 5653 1156 5685 ιτ
1199 5629 1390 5706 usus.
1426 5647 1663 5716 u,i.a.
1745 5644 1788 5677 ι·
1828 5638 2178 5698 ibid.9-tl.
