3836 6220
185 330 295 390 653

1084 322 1735 382 DEMONSTBATIONIS
1784 318 2239 377 EVANGELICE
2290 318 2533 377 LIBJX.

3323 318 3431 379 656
3442 334 3449 341 ‘

186 442 394 515 φεγώρο
417 441 626 513 δαίμων
652 439 710 495 δὲ
728 436 796 514 ἦν
834 435 985 505 οὗτος
1014 439 1090 501 ὡς
1115 441 1236 504 θεὸς
1265 440 1417 513 παρὰ
1449 439 1527 511 τῷ
1556 438 1760 510 βασιλεῖ

1859 435 2089 500 cultum,
2111 451 2222 506 quo
2248 435 2302 490 in
2322 434 2542 490 deserto
2568 448 2704 511 usus
2727 437 2956 504 est,quo
2987 440 3230 504 tempore
3259 451 3434 507 popu-

184 534 363 591 Μωάϐ
413 532 493 606 τῷ
540 533 721 588 Βαλὰκ
772 531 1102 604 τιμώμενος.
1147 533 1300 587 Ἐπεὶ
1340 527 1432 586 οὖν
1462 532 1709 601 νενίκητο
1735 532 1765 582 ό

194 626 415 700 Ἰσραὴλ
470 625 613 681 κατὰ
659 624 821 679 τοῦτο
861 623 954 679 τοῦ
986 622 1182 697 καιροῦ
1219 622 1357 695 πρὸς
1378 623 1485 676 τῶν
1518 621 1764 692 ἀοράτων

180 719 465 792 ἀρχόντων
493 716 587 772 τοῦ
610 716 805 780 Μωᾶϐ,
836 716 978 786 λέγω
1000 717 1056 771 δὲ
1083 716 1192 777 τῶν
1235 714 1387 789 παρὰ
1406 718 1520 780 τοῖς
1550 714 1767 769 Μωαϐί-

181 825 309 871 ταις
328 807 730 879 νενομισμένων
777 808 914 862 θεῶν
937 823 951 839 ·
993 805 1474 880 (είδωλολάτρησαν
1510 805 1640 875 γοῦν
1667 806 1764 860 καὶ

184 900 603 973 προσεκύνησαν
644 903 758 965 τοῖς
799 899 1088 969 γλυπτοῖς,
1133 899 1210 964 ὥς
1268 916 1430 970 φησιν
1459 900 1496 972 ή
1538 899 1759 972 Γραφή·

188 1012 210 1044 ε
241 994 355 1048 Καὶ
378 992 732 1064 ὲτελέσθησαν
759 993 836 1065 τῷ
868 991 1209 1066 Βεελφεγὼρ,
1239 1012 1260 1045 ι
1300 993 1506 1064 δαίμων
1527 992 1584 1046 δὲ
1610 987 1766 1056 οὗτος

180 1086 297 1141 τῶν
337 1085 643 1139 Μωαϐιτῶν
698 1080 802 1156 ἦν,
837 1085 927 1139 ὅτε
973 1085 1069 1139 καὶ
1114 1083 1508 1155 ὲξεπόρνευσαν
1544 1085 1626 1147 είς
1665 1082 1762 1146 τὰς

181 1176 588 1247 Μωαϐίτιδαςο)
638 1176 862 1242 εἰκότως
918 1177 979 1231 τὸ
1019 1175 1208 1248 μέλλον
1229 1175 1448 1229 ἔσεσθαί
1482 1193 1633 1239 ποτε,
1668 1175 1762 1229 καὶ

180 1266 287 1339 τὴν
316 1269 398 1329 εἰς
424 1266 730 1320 τούναντίον
762 1265 872 1319 τῶν
900 1265 1239 1337 πραγμάτων
1293 1263 1594 1335 μεταϐολὴν
1622 1260 1765 1316 κατὰ

183 1358 379 1430 καιρὸν
399 1359 428 1410 ό
454 1356 631 1414 Βαλαα
638 1374 678 1428 μ
699 1354 971 1420 θεσπίζει,
990 1354 1162 1425 λέγων
1182 1371 1195 1385 ·
1220 1373 1238 1405 ι
1280 1353 1552 1408 Ἀνατελεῐ
1568 1353 1764 1426 ἄστρον

181 1449 244 1516 ἐξ
295 1448 507 1514 Ἰακὼϐ,
541 1449 636 1503 καὶ
687 1448 1048 1520 ἀναστήσεται
1079 1445 1362 1519 ἄνθρωπος
1403 1444 1463 1510 ἐξ
1511 1443 1757 1517 Ἰσραήλ·

182 1540 282 1592 καὶ
332 1538 554 1612 θραύσει
603 1540 878 1612 ἡγεμόνας
938 1537 1132 1593 Μωάϐ.
1175 1558 1195 1590 ι
1239 1537 1386 1591 Ὠσεὶ
1428 1537 1760 1608 σαφέστερον

181 1630 362 1699 ελεγε,
388 1632 513 1696 τοὺς
552 1630 1070 1702 μεγαλαυχήσαντας
1096 1629 1235 1683 κατὰ
1267 1628 1360 1682 τοῦ
1406 1628 1620 1701 Ἰσραὴλ
1649 1629 1764 1682 δαί-

186 1740 356 1796 μονας
377 1723 484 1776 τῶν
510 1723 814 1777 Μωαϐιτῶν
836 1723 928 1777 ἐπὶ
956 1725 1022 1793 τῇ
1056 1708 1266 1790 γενέσει
1296 1717 1390 1774 τοῦ
1427 1736 1762 1792 προφητευο-

185 1814 373 1885 μένου,
417 1811 640 1884 θραῦσίν
693 1827 823 1865 ποτε
868 1810 961 1864 καὶ
984 1808 1190 1862 πτῶσιν
1220 1806 1446 1861 παθεῖν’
1478 1799 1552 1860 ὧν
1590 1805 1759 1877 θραυ-

183 1903 442 1966 σθέντων,
468 1901 594 1965 τοὺς
620 1901 768 1965 υἱοὺς
798 1899 927 1971 Σὴθ,
955 1899 1050 1952 καὶ
1088 1897 1286 1968 Ἐδὼμ,
1315 1895 1410 1950 καὶ
1449 1893 1640 1961 Ἠσαῦ,
1666 1893 1760 1947 καλ⁸

180 1994 253 2049 τά
286 1993 451 2048 λοιπὰ
474 1992 624 2065 ἔθνη,
655 1991 693 2047 ἃ
734 1990 821 2046 διὰ
868 1978 1070 2045 τούτων
1112 1985 1471 2060 σημαίνεσθαι
1493 1985 1756 2057 ἡγοῦμαι,

180 2086 252 2139 τὰ
281 2084 452 2140 πάλαι
484 2081 993 2152 καταδεδουλωμένα
1018 2083 1088 2152 τῇ
1116 2079 1400 2151 δαιμονικῇ
1429 2078 1626 2162 πλάνῃ,
1661 2094 1758 2148 με-

181 2176 487 2230 ταϐαλόντα
536 2174 637 2245 τῆς
680 2172 1095 2244 δεισιδαιμονίας
1116 2212 1133 2237 ,
1179 2173 1355 2225 οἰκεῖα
1378 2169 1472 2225 τοῦ
1502 2169 1756 2232 θεσπιζο-

188 2265 352 2337 μένου
399 2264 741 2335 γενήσεσθαι.
777 2282 796 2315 ι
846 2264 957 2317 Καὶ
996 2263 1168 2329 ἔσται,
1206 2263 1314 2334 γάρ
1358 2278 1543 2334 φησιν,
1581 2258 1759 2331 Ἐδὼμ

182 2354 538 2429 κληρονομία,
590 2355 684 2408 καί
730 2353 882 2407 ἔσται
937 2352 1270 2425 κληρονομία
1305 2352 1474 2406 Ἠσαῦ
1503 2354 1533 2406 ό
1565 2350 1757 2423 ἐχθρὸς

180 2447 376 2502 αὐτοῦ.
430 2466 450 2501 ι
500 2448 562 2501 Οἱ
608 2447 717 2520 γὰρ
772 2446 934 2500 πάλαι
981 2446 1165 2519 ἐχθροὶ
1197 2444 1291 2499 τοῦ
1346 2443 1480 2499 Θεοῦ
1526 2446 1619 2500 καὶ
1662 2443 1754 2498 τοῦ

196 2537 452 2610 Ἰσραὴλ,
494 2537 657 2608 φησὶ,
732 2538 1052 2609 γενήσονται
1099 2520 1434 2608 κληρονομία
1480 2535 1574 2591 τοῦ
1626 2555 1758 2609 προ-

180 2630 572 2702 φητευσμένου.
622 2629 794 2693 Αὐτὸς
820 2629 928 2702 γὰρ
958 2624 1027 2701 ἦν
1064 2622 1110 2698 ᾧ
1136 2630 1321 2701 εἴρητο
1343 2629 1479 2701 πρὸς
1506 2629 1599 2683 τοῦ
1623 2629 1756 2684 Θεοῦ

179 2721 281 2776 καὶ
305 2720 518 2793 Πατρδς
568 2718 732 2775 αὑτοῦ
754 2737 768 2751 ·
810 2739 829 2772 ι
877 2720 1109 2791 Αῐτησαι
1144 2719 1273 2791 παρ’
1295 2718 1453 2790 ἐμοῦ,
1476 2719 1572 2773 καὶ
1602 2719 1756 2774 δώσω

182 2816 268 2868 σοι
300 2812 426 2885 εθνη
470 2812 567 2885 τὴν
611 2811 972 2884 κληρονομίαν
994 2827 1108 2866 σουο
1150 2829 1170 2863 ι
1215 2804 1290 2865 ὧν
1313 2813 1393 2875 είς
1437 2810 1530 2864 τὸν
1559 2810 1758 2883 κλῆρον

179 2905 293 2959 τῶν
319 2904 489 2974 ἁγίων
526 2904 927 2975 μεταστάντων,
969 2903 1230 2957 τάναντία
1272 2901 1350 2975 τῷ
1394 2902 1609 2975 Ἰσραὴλ
1635 2904 1755 2957 ἔσε-

182 2996 311 3050 σθαι
337 2993 603 3059 θεσπίζει.
646 2997 784 3068 Φησὶ
822 2994 980 3065 γοῦν·
1034 3012 1052 3047 ι
1088 2996 1196 3049 Καὶ
1246 2994 1463 3067 Ἰσραὴλ
1504 2996 1757 3068 ἐποίησεν

178 3090 242 3143 ὲν
276 3087 441 3160 ίσχύῖ.
481 3107 500 3139 ι
534 3087 608 3141 Τὸ
638 3087 717 3153 δὲ,
748 3087 1001 3159 ἐποίησεν
1030 3088 1088 3140 ὲν
1119 3086 1265 3158 ἰσχύϊ
1289 3087 1389 3158 τὴν
1414 3086 1629 3142 πάντων
1663 3104 1759 3159 με·

178 3180 379 3252 γίστην
409 3178 660 3233 ἀσέϐειαν
679 3195 693 3212 ·
744 3178 826 3232 διὸ
866 3177 1279 3250 ὲξεγερθήσεται
1311 3178 1405 3231 ἀπ’
1451 3179 1629 3234 αὐτῶν
1659 3180 1754 3233 καὶ

178 3271 625 3343 ὲξαναστήσεται.
683 3270 774 3334 Τίς
827 3265 1036 3343 οὗτοςῇ
1068 3272 1098 3323 6
1146 3269 1615 3342 προφητευόμενος
1658 3270 1752 3324 τοῦ

179 3364 320 3419 Θεοῦ
353 3364 547 3432 Λόγος,
573 3363 631 3427 ὃς
660 3364 753 3416 καὶ
799 3361 1046 3416 ἀπώλεσε
1085 3363 1384 3434 σωζόμενον
1417 3364 1482 3416 ὲκ
1513 3362 1751 3432 πόλεως;

175 3452 335 3527 οἶμαι
383 3455 443 3510 δὲ
502 3456 603 3527 τὴν
643 3454 996 3526 Ἰερουσαλὴμ
1025 3453 1374 3518 αἰνίττεσθαι,
1404 3453 1462 3521 ἐξ
1493 3449 1562 3526 ἧς
1588 3453 1754 3508 ὤλετο

179 3550 292 3611 πᾶς
326 3546 649 3617 σωζόμενος,
680 3547 713 3618 ἢ
738 3547 832 3600 καὶ
863 3547 924 3600 τὸ
968 3547 1076 3600 πᾶν
1107 3546 1201 3600 τοῦ
1230 3545 1415 3610 ἔθνους
1442 3545 1620 3600 αὐτῶν
1654 3564 1753 3600 πο-

176 3639 433 3709 λίτευμα.
466 3639 651 3693 Ταῦτα
694 3639 749 3691 δὲ
785 3639 907 3692 ὅποι
946 3638 1133 3703 τέλους
1163 3638 1370 3709 ἔτυχεν,
1400 3637 1533 3709 όμοῦ
1561 3642 1627 3711 τῇ
1656 3638 1751 3693 τοῦ

176 3730 435 3802 Σωτῆρος
461 3732 495 3801 ή
504 3729 621 3800 μῶν
640 3731 720 3793 είς
744 3727 1061 3802 ἀνθρώπους
1090 3730 1476 3802 ὲκλάμψειτῶν
1498 3731 1597 3802 μὲν
1624 3734 1751 3803 πρὶν

176 3819 582 3893 εἰδωλολατρῶν
601 3819 770 3874 ἐθνῶν
793 3821 873 3885 είς
899 3821 990 3876 τὸν
1023 3821 1202 3875 αὐτῶν
1228 3822 1605 3893 μεταστάντων
1616 3824 1751 3895 κλῆ-

178 3929 298 3986 ρον,
325 3911 421 3966 τοῦ
451 3912 508 3965 δὲ
570 3912 838 3967 Ἰουδαίων
887 3912 1070 3977 ἔθνους
1102 3915 1197 3967 καὶ
1235 3913 1335 3985 τῆς
1372 3914 1752 3987 μητροπόλεως

175 4005 361 4061 αὐτῶν
414 4004 757 4059 πεπονθότων
810 4006 967 4058 ὁποῖα
1023 4003 1386 4070 οὐδεπώποτε,
1418 4006 1479 4060 οὐ
1525 4007 1748 4079 μακρῶν

173 4095 287 4149 δεῖν
316 4090 471 4167 οἶμαι
497 4094 688 4165 λόγων.
736 4093 896 4148 ’Δλλὰ
921 4093 990 4148 τὰ
1022 4095 1120 4166 μὲν
1145 4095 1246 4165 τῆς
1287 4095 1622 4167 συμφωνίας,
1651 4098 1749 4168 τῆς

172 4202 243 4240 τε
296 4187 638 4259 πῳφητικῆς
687 4188 1060 4259 προρρήσεως,
1106 4187 1202 4239 καί¹
1246 4186 1347 4257 τῆς
1389 4187 1748 4260 εὐαγγελικῆς

175 4279 628 4351 συμπεράνσεως,
692 4272 794 4332 ὧδέ
841 4294 957 4341 πως
1015 4277 1185 4348 ἐχέτω
1216 4277 1388 4342 τέλος.
1426 4278 1492 4331 Τί
1521 4279 1564 4332 δ’
1591 4274 1659 4352 ἦν
1686 4279 1748 4333 τὸ

172 4370 350 4426 αἴτιον
393 4370 494 4442 τῆς
530 4371 876 4443 ἐπιλάμψεως
915 4370 1009 4425 τοῦ
1038 4371 1295 4440 φανέντος
1321 4371 1568 4444 ἀστέρος,
1621 4389 1747 4427 συν-

1866 532 1953 587 lus
2000 529 2247 585 initiatus
2298 536 2384 584 est
2431 527 2784 599 Beelphegor.
2825 525 2957 581 Erat
3011 541 3173 599 porro
3201 528 3291 583 hic
3320 528 3433 584 dae-

1867 637 2015 689 mon,
2062 622 2156 692 qui
2192 630 2250 674 ut
2298 622 2433 676 deus
2470 635 2500 674 a
2527 634 2655 691 rege
2682 618 2855 673 'Moab
2883 619 3002 688 ipso
3034 618 3193 675 Balac
3212 621 3435 676 coleba-

1866 721 1978 770 tur.
2010 714 2273 780 Quoniam
2305 713 2472 784 igitur
2491 712 2669 767 victus
2691 719 2775 766 est
2801 710 2967 767 lsrael
2998 711 3091 767 illo
3117 719 3364 784 tempore
3399 730 3432 769 a

1864 804 2209 875 principibus
2256 802 2414 858 Moab
2443 803 2620 857 visum
2653 801 3058 874 effugientibus,
3090 802 3213 859 dico
3246 810 3435 861 autem

1865 895 1934 949 ab
1981 894 2051 950 iis
2092 894 2185 964 qui
2213 893 2356 962 apud
2385 891 2649 948 Moabitas
2674 907 2773 963 pro
2797 892 2902 948 diis
2928 893 3250 948 colebantur
3278 892 3436 965 (sane

1864 986 2071 1042 idcirco
2127 994 2182 1042 et
2230 986 2522 1041 simulacra
2588 986 2910 1050 coluerunt,
2962 995 3016 1040 et
3068 987 3436 1044 adoraverunt

1866 1078 2163 1148 sculptilia,
2187 1087 2243 1131 ut
2273 1077 2348 1131 ait
2376 1076 2655 1146 Scriptura
2689 1097 2703 1133 :
2736 1098 2753 1129 ι
2792 1077 2858 1132 Et
2893 1078 3089 1133 initiati
3117 1088 3246 1135 sunt
3275 1079 3435 1136 Beel-

1861 1168 2155 1239 phegor",
2205 1186 2224 1220 ο
2281 1169 2374 1239 qui
2441 1167 2781 1239 Beelphegor
2834 1169 3045 1225 daemon
3113 1181 3233 1227 erat
3289 1174 3434 1243 apud

1865 1257 2151 1325 Moabitas,
2186 1273 2294 1328 quo
2327 1265 2573 1329 tempore
2609 1258 2773 1314 iidem
2813 1275 2936 1314 cum
2984 1259 3203 1318 feminis
3235 1261 3435 1319 Moabi-

1864 1358 2041 1406 tarum
2078 1350 2328 1405 fornicati
2357 1351 2530 1416 sunt),
2562 1352 2758 1406 merito
2793 1352 2937 1423 quod
2966 1353 3096 1408 olim
3138 1365 3256 1410 erat
3284 1355 3434 1411 futu-

1861 1456 2008 1506 rum,
2040 1457 2222 1496 rerum
2255 1443 2445 1513 utique
2499 1442 2553 1497 in
2602 1442 2937 1497 contrarium
2984 1445 3342 1502 mutationem
3374 1449 3431 1503 in

1860 1537 2106 1603 tempore
2137 1532 2345 1588 divinat
2392 1532 2634 1599 Balaam,
2666 1533 2900 1590 dicens:
2946 1553 2966 1587 ι
3006 1534 3227 1593 Orietur
3274 1541 3432 1594 stella

1862 1638 1929 1678 ex
1955 1622 2147 1689 Jacob,
2172 1632 2227 1679 et
2259 1632 2445 1696 surget
2480 1625 2642 1679 homo
2673 1641 2738 1681 ex
2770 1623 2957 1682 lsrael.
2987 1626 3054 1681 Et
3084 1627 3298 1701 franget
3331 1632 3434 1686 du-

1862 1729 1957 1769 ces
1985 1715 2163 1770 Moab.
2187 1734 2206 1766 )
2228 1714 2511 1786 Tanquam
2545 1716 2592 1771 si
2610 1716 2955 1774 manifestius
2973 1718 3199 1784 diceret,
3225 1720 3432 1778 Moabi-

1861 1814 2038 1861 tarum
2056 1808 2331 1863 daemonas
2347 1807 2441 1878 qui
2453 1823 2597 1863 nunc
2614 1808 2877 1865 adversus
2889 1810 3054 1865 lsrael
3066 1811 3284 1881 gloriati
3301 1823 3432 1870 sunt

1860 1898 1916 1953 in
1936 1908 2056 1954 ortu
2079 1894 2210 1970 'ejus
2236 1900 2304 1955 de
2321 1914 2430 1971 quo
2454 1900 2570 1970 ipse
2587 1900 2939 1963 vaticinatur,
2962 1901 3285 1960 fractionem
3308 1915 3432 1962 tan-

1858 1989 1980 2045 dem
2028 2000 2080 2045 et
2121 1993 2334 2046 ruinam
2380 2007 2640 2061 passuros
2689 2010 2704 2048 :

1856 2080 2021 2154 5.19
2052 2081 2202 2149 Seth,
2231 2090 2285 2138 et
2323 2082 2514 2150 Edom,
2545 2094 2600 2140 et
2633 2083 2800 2151 Esau,
2831 2093 2886 2139 et
2935 2086 3175 2159 reliquas
3214 2098 3428 2160 gentes,

1857 2190 1996 2243 quas
2045 2175 2131 2230 his
2177 2174 2490 2231 nominibus
2534 2175 2831 2247 signiﬁcari
2878 2177 3150 2244 arbitror,
3196 2188 3259 2235 ut
3295 2182 3427 2238 olim

1861 2266 2161 2322 daemonica
2188 2267 2362 2322 errori
2408 2266 2639 2322 addictae
2667 2276 2845 2334 erant,
2878 2272 2959 2327 sic
2998 2272 3202 2342 rejecta
3231 2289 3428 2345 super-

1860 2358 2101 2424 stitione,
2137 2358 2431 2416 familiares
2461 2361 2606 2417 illius
2637 2361 2875 2428 futuras,
2914 2365 3007 2435 qui
3042 2373 3308 2424 venturus
3331 2384 3429 2422 ca-

1857 2450 2025 2505 nitur.
2067 2469 2086 2502 ι
2125 2449 2192 2504 Et
2240 2452 2364 2517 erit,
2415 2451 2614 2524 inquit,
2654 2452 2823 2510 Edom
2866 2456 3191 2526 haereditas,
3231 2469 3285 2516 et
3322 2462 3429 2517 erit

1859 2540 2146 2597 haereditas
2192 2540 2336 2598 Esau
2384 2543 2641 2600 inimicus
2690 2545 2832 2616 ejus;
2874 2565 2892 2598 ι
2934 2554 3166 2615 veteres,
3221 2551 3423 2623 inquit,

1857 2631 2043 2686 hostes
2076 2629 2174 2685 Dei
2217 2639 2379 2700 atque
2428 2632 2595 2687 lsrael
2626 2643 2788 2689 erunt
2826 2635 3118 2694 haereditas
3156 2638 3298 2709 ejus,
3328 2643 3423 2712 qui

1857 2725 2073 2779 canitur
2097 2724 2336 2791 futurus;
2368 2726 2484 2795 ipse
2509 2727 2652 2782 enim
2681 2736 2766 2784 est
2788 2728 2877 2783 cui
2908 2728 3114 2785 dictum
3134 2738 3222 2788 est
3253 2747 3285 2787 a
3314 2731 3447 2790 Deo

1856 2823 1910 2871 et
1940 2815 2099 2872 Patre
2136 2831 2237 2872 suo
2268 2835 2282 2871 :
2320 2835 2339 2868 ι
2374 2816 2596 2873 Postula
2627 2832 2659 2873 a
2691 2834 2797 2887 me,
2832 2828 2885 2875 et
2913 2819 3055 2877 dabo
3102 2822 3201 2878 tibi
3235 2833 3424 2894 gentes

1857 2908 2225 2964 hereditatem
2256 2915 2406 2964 tuam
2423 2911 2490 2964 '°.
2535 2930 2554 2963 ›
2585 2909 2716 2977 Quae
2738 2927 2862 2966 cum
2888 2912 2944 2967 in
2966 2922 3167 2969 sortem
3202 2925 3425 2972 sancto-

1858 3016 1977 3057 rum
2013 3001 2349 3065 transierint,
2384 3003 2657 3057 contraria
2698 3002 2802 3074 ipsi
2835 3002 3000 3060 lsrael
3033 3004 3152 3062 fore
3191 3007 3422 3067 divinat.

1857 3094 1948 3147 Ait
1978 3092 2145 3163 igitur
2171 3111 2184 3148 :
2225 3111 2244 3144 ι
2282 3092 2352 3147 Et
2375 3093 2545 3149 Israel
2574 3092 2703 3148 fecit
2722 3093 2777 3148 in
2800 3094 3018 3160 robore,
3047 3114 3068 3148 ι
3095 3095 3222 3153 fecit
3241 3108 3422 3155 autem

1859 3184 1914 3239 in
1961 3185 2157 3239 robore
2203 3184 2447 3240 omnium
2497 3186 2795 3241 maximum
2843 3187 3054 3256 scelus;
3093 3178 3426 3262 quapropter

1877 3277 2206 3332 excitabitur
2265 3287 2319 3333 et
2366 3286 2639 3349 exsurget.
2707 3277 2842 3345 Quis
2913 3281 3132 3337 tandem
3175 3283 3280 3340 iste
3316 3283 3427 3341 nisi

1859 3367 1907 3422 is
1935 3367 2082 3438 quia
2115 3368 2394 3438 prophetis
2447 3369 2662 3435 canitur
2718 3369 2813 3426 Dei
2851 3370 3112 3437 Verbum,
3139 3376 3232 3446 qui
3259 3376 3425 3432 etiam

1857 3459 2091 3529 perdidit
2116 3475 2239 3514 eum
2273 3461 2365 3531 qui
2395 3468 2644 3517 servatur
2675 3477 2742 3517 ex
2773 3463 3029 3519 civitate?
3062 3464 3274 3531 Quibus
3301 3483 3425 3523 ver-

1858 3548 1942 3605 bis
1996 3549 2168 3620 ipsam
2228 3548 2529 3606 Jerusalem
2576 3551 2882 3622 signiticari
2930 3554 3185 3620 arbitror,
3219 3572 3286 3612 ex
3313 3575 3421 3627 qua

1855 3638 2013 3708 periit
2028 3638 2204 3695 omnis
2231 3639 2541 3710 quicunque
2569 3649 2847 3710 superstes
2875 3644 3075 3699 mansit
3105 3660 3119 3697 :
3143 3652 3236 3699 aut
3259 3647 3421 3702 etiam

1855 3742 2015 3783 omne
2060 3728 2180 3797 ejus
2235 3729 2412 3799 gentis
2471 3728 2628 3786 civile
2687 3729 3019 3788 institutum.
3066 3731 3194 3789 Haec
3239 3745 3421 3791 autem

1855 3832 2142 3890 quemnam
2174 3820 2379 3873 exitum
2411 3820 2604 3875 sortita
2631 3820 2764 3884 sint,
2796 3837 2920 3877 cum
2953 3831 3142 3893 gentes
3167 3826 3322 3896 prius
3345 3828 3426 3884 si-

1854 3911 2098 3965 mulacra
2129 3911 2368 3967 colentes
2405 3927 2516 3966 una
2553 3927 2678 3966 cum
2729 3912 3030 3971 Salvatoris
3072 3926 3245 3973 nostri
3280 3918 3424 3974 inter

1853 4003 2104 4061 homines
2131 4011 2347 4068 exortu,
2380 4005 2436 4058 in
2477 4005 2693 4060 illorum
2727 4014 2930 4062 sortem
2964 4010 3246 4065 translatae
3284 4010 3420 4077 sint,

1850 4093 2079 4151 Iudaica
2108 4110 2236 4150 vero
2270 4112 2422 4167 gens,
2453 4106 2508 4152 et
2549 4095 2861 4152 Iudaeorum
2904 4108 3080 4155 mater
3120 4099 3313 4157 civitas
3353 4117 3420 4158 ea

1851 4201 2123 4259 perpessae
2161 4188 2271 4243 sint
2316 4203 2436 4257 quae
2473 4203 2753 4259 nunquam
2801 4196 2981 4259 antea,
3029 4208 3138 4247 non
3187 4194 3423 4265 longiori

1851 4280 2089 4335 arbitror
2138 4280 2384 4335 oratione
2422 4280 2673 4351 indigere
2710 4288 2771 4334 ut
2800 4283 3043 4351 apertius
3074 4285 3421 4342 ostendatur.

1849 4372 2102 4426 Attamen
2130 4386 2252 4441 quae
2283 4371 2349 4426 ad
2384 4386 2711 4427 consensum
2742 4374 3016 4441 pertinent
3039 4381 3153 4429 tum
3178 4378 3419 4448 prophe-

175 4464 313 4519 ιδεῖν
331 4463 498 4529 ἀξιον.
514 4466 610 4529 Εἰς
644 4464 848 4535 σημεῖά
878 4481 1039 4536 φησιν
1060 4465 1089 4518 6
1110 4465 1369 4537 Μωῦσῆς,
1399 4467 1495 4520 καὶ
1526 4466 1607 4530 εἰς
1627 4483 1747 4520 και-

1856 4463 1970 4519 ticae
1992 4464 2377 4535 praedictionis,
2403 4472 2518 4519 tum
2553 4469 2876 4539 evangelica:
2904 4472 3417 4538 consummationis,

175 4556 310 4628 ροὺς
334 4555 599 4610 τεθεῖσθαι
642 4557 766 4620 τοὺς
819 4556 1027 4619 πάντας
1056 4556 1114 4610 ὲν
1150 4554 1229 4627 τῷ
1272 4555 1610 4630 στερεώματι
1639 4557 1743 4611 ὑπὸ

168 4641 273 4700 τοῦ
295 4645 431 4702 Θεοῦ
459 4647 718 4719 ἀστέρας*
753 4646 898 4711 ξένος
924 4646 981 4700 δὲ
1008 4643 1100 4701 οῦν
1131 4649 1223 4702 καὶ
1245 4648 1308 4703 οὐ
1341 4647 1594 4721 συνήθης,
1623 4649 1743 4703 οὐδὲ

169 4736 288 4791 τῶν
327 4737 537 4792 πολλῶν
571 4738 665 4791 καὶ
702 4738 991 4811 γνωρίμων
1021 4734 1121 4804 εἷς,
1153 4738 1290 4795 ἀλλά
1318 4757 1404 4804 τις
1438 4739 1622 4804 καινὸς
1652 4740 1745 4794 καὶ

168 4829 294 4893 νέος
322 4829 499 4901 ἀστὴρ
532 4830 814 4898 ἐπιφανεὶς
844 4829 924 4901 τῷ
959 4829 1077 4903 βίῳ,
1101 4834 1324 4901 σημεῖον
1351 4829 1501 4897 ξένου
1527 4832 1744 4904 φωστῆ-

174 4937 269 4993 ρος
295 4919 485 4990 ὲδῆλου
530 4919 980 4992 καταλάμψαντος
1014 4920 1090 4992 τῷ
1127 4922 1288 4976 παντὶ
1349 4922 1558 4995 κόσμῳ,
1592 4923 1651 4988 ὃς
1674 4919 1744 4996 ἦν

165 5016 202 5067 6
230 5012 471 5086 Χριστὸς
522 5012 618 5067 τοῦ
653 5012 811 5077 Θεοῦ,
858 5013 1031 5084 μέγας
1058 5012 1152 5068 καὶ
1184 5014 1306 5078 νέος
1332 5015 1529 5088 ἀστὴρ,
1556 5008 1618 5069 οῦ
1643 5015 1743 5087 τὴν

166 5105 363 5159 είκόνα
400 5102 738 5174 συμϐολικῶς
779 5106 810 5160 6
846 5105 1033 5174 φανεὶς
1066 5104 1187 5160 τότε
1227 5108 1338 5170 τοῖς
1400 5107 1596 5178 μάγοις
1641 5110 1742 5161 έπ-

165 5195 419 5267 εφέρετο.
465 5195 681 5268 Ἐπειδὴ
700 5195 811 5269 γὰρ
840 5196 961 5252 καθ’
1000 5196 1130 5270 ὅλης
1168 5197 1269 5270 τῆς
1318 5199 1468 5271 ἱερᾶς
1496 5199 1591 5253 καὶ
1623 5199 1741 5254 θεο-

142 5287 441 5353 ,πνεύστου
463 5289 686 5361 Γραφῆς
719 5291 751 5343 ό
784 5288 1186 5363 προηγούμενος
1215 5291 1315 5362 τῆς
1344 5290 1583 5358 διανοίας
1615 5310 1742 5349 σκοο

165 5379 273 5443 τος
309 5379 687 5454 μυστικώτερα
723 5381 817 5435 καὶ
848 5380 968 5436 θεῖα
1000 5380 1247 5453 βούλεται
1279 5382 1574 5449 παιδεύειν,
1601 5383 1742 5456 μετὰ

160 5469 263 5524 τοῦ
312 5470 427 5525 καὶ⁴
456 5471 556 5543 τήν
603 5472 894 5545 πρόχειρον
933 5472 1175 5527 διάνοιαν
1198 5472 1466 5537 σώζεσθαι
1484 5476 1545 5529 ἐν
1583 5470 1736 5548 μέρει

1848 4555 2011 4610 talem
2052 4570 2183 4611 sane
2216 4556 2698 4614 habeantexitum.
2733 4558 3002 4616 Caeterum
3045 4576 3166 4632 ηοω
3196 4562 3418 4618 tandem

1850 4661 2016 4702 causa
2044 4648 2253 4703 exstitit
2277 4659 2502 4719 propter
2523 4665 2687 4720 quam
2710 4651 2865 4706 stella
2892 4667 3013 4723 quae
3035 4661 3149 4708 tum
3170 4655 3288 4711 visa
3311 4665 3415 4722 est,

1848 4737 2110 4805 illuxerit,
2141 4754 2261 4809 qua:
2292 4739 2509 4810 quidem
2534 4757 2700 4800 causa
2733 4745 3100 4816 contemplatu
3133 4745 3297 4818 digna
3320 4747 3417 4804 sit?

1848 4829 2027 4887 Moses
2049 4831 2266 4901 quidem
2289 4834 2344 4886 in
2373 4834 2526 4905 signa
2552 4837 2627 4890 ait
2648 4845 2702 4892 et
2725 4845 2969 4909 tempora
2987 4838 3042 4893 in
3071 4838 3416 4897 ﬁrmamento

1850 4937 1882 4977 a
1915 4921 2023 4978 Deo
2049 4923 2228 4993 posita
2255 4924 2424 4981 fuisse
2458 4927 2637 4983 sidera
2661 4928 2950 4996 universa;
2986 4939 3042 4984 at
3064 4946 3194 4987 vero
3227 4931 3331 4987 hoc
3360 4941 3417 4989 et

1846 5016 2190 5089 peregrinum
2241 5023 2296 5071 et
2323 5018 2630 5083 insolitum,
2659 5035 2838 5091 neque
2864 5020 3004 5076 idem
3040 5037 3108 5077 ex
3141 5023 3327 5079 multis
3359 5031 3415 5079 et

1844 5106 2079 5177 cognitis
2111 5123 2302 5172 unum,
2339 5109 2435 5165 sed
2467 5126 2667 5167 novum
2717 5114 2901 5184 potius
2935 5113 3206 5183 quoddam
3236 5130 3415 5186 neque

1843 5204 2004 5254 antea
2028 5200 2203 5255 visum
2236 5200 2412 5265 sidus,
2442 5200 2587 5273 quod
2615 5202 2739 5258 vita:
2770 5202 3053 5258 hominum
3096 5203 3294 5268 illuxit,
3321 5222 3411 5260 re.

1843 5292 2020 5349 centis
2062 5292 2346 5362 cujusdam
2384 5295 2672 5351 luminaris
2720 5297 2968 5368 signum,
3000 5299 3146 5367 quod
3190 5299 3409 5354 univer-

1844 5396 1965 5437 sum
2003 5382 2265 5438 mundum
2298 5383 2617 5449 illustraret,
2659 5384 2975 5439 indicabat:
3007 5382 3155 5454 quod
3185 5383 3408 5455 quidem

1843 5474 2112 5532 luminare
2152 5475 2407 5532 Christus
2445 5473 2541 5532 Dei
2596 5484 2737 5540 erat,
2768 5476 2963 5548 ingens
3007 5475 3140 5530 illud
3173 5489 3410 5531 novum-

163 5561 461 5634 ισεορικῶς
488 5564 909 5635 πεπραγμένων,
949 5565 1173 5629 εἰκότως
1202 5564 1297 5621 καὶ
1323 5568 1358 5638 ή
1383 5566 1522 5638 μετὰ
1546 5570 1734 5639 χεῖρας

1856 5582 1945 5640 [ue
1972 5568 2146 5635 sidus,
2193 5567 2351 5640 cujus
2380 5567 2670 5642 imaginem
2697 5584 2763 5626 ex
2797 5568 3204 5640 comparatione
3232 5581 3298 5625 ac
3326 5565 3412 5627 bi-

238 5742 286 5775 “
323 5738 470 5797 Psal.
499 5756 596 5810 ev,
628 5742 721 5802 38.
797 5746 842 5778 ³⁸
880 5743 1025 5804 Psal.
1059 5760 1137 5813 ιι,
1166 5744 1223 5803 8.

2768 1994 2970 2063 quibus
3016 1993 3227 2063 fractis,
3288 1997 3429 2054 ﬁlios
3504 2045 3507 2049 ,
