3836 6220
380 274 495 331 ’653

1027 271 1296 329 EUSEBII
1334 268 1816 328 CESARIENSIS
1855 268 2008 327 OPP.
2053 269 2261 329 PARS.
2303 269 2462 329 Π.-
2493 271 2990 332 APOLOGETICA.

3553 278 3646 337 ετ

388 390 697 447 militudine
723 389 983 461 quadam,
1006 389 1136 445 illud
1156 390 1306 461 quod
1334 398 1465 444 tunc
1490 387 1662 458 magis
1688 387 1964 458 apparuit,

2075 388 2385 461 πρόρρησις
2409 387 2711 461 ἐπληροῦτο
2747 389 2883 461 πρὸς
2900 388 3047 457 λέξιν
3076 389 3175 442 ἐπὶ
3200 392 3266 462 τῇ
3290 388 3387 444 τοῦ
3423 408 3647 465 προανα-

389 482 677 538 rcferebat.
718 480 854 536 Cum
907 480 1051 536 enim
1095 496 1193 551 per
1244 488 1415 535 totam
1461 485 1869 535 sacrosanctam
1914 487 1970 534 et

389 591 417 627 a
440 575 626 629 divino
666 572 874 644 Spiritu
899 572 1158 627 traditam
1192 572 1560 644 Scripturam,
1598 572 1646 626 si
1690 571 1815 641 quis
1847 584 1971 625 eam

388 665 454 720 ad
485 680 708 720 sensum
743 664 1149 732 interpretetur,
1196 664 1432 734 primum
1478 664 1550 719 sit
1596 661 1965 733 propositum,

388 761 449 807 ut
478 754 706 825 mystica
733 751 981 822 quaedam
1024 752 1321 822 divinaque
1363 751 1581 816 doceat,
1633 757 1853 806 servato
1882 756 1970 802 ta-

387 861 512 901 men
540 847 733 902 saltem
757 845 814 899 in
843 852 1000 915 parte
1027 846 1194 901 etiam
1224 844 1437 916 vulgari
1459 852 1757 914 apertoque
1804 856 1969 898 sensu

387 952 578 993 eorum
608 952 731 1008 quae
772 936 1035 991 historice
1066 943 1218 1006 gesta
1250 942 1383 991 sunt
1411 954 1424 989 :
1454 936 1655 990 merito
1695 933 1800 988 hoc
1833 948 1973 1003 quo-

386 1046 494 1101 que
517 1031 663 1100 quod
693 1046 841 1085 nunc
874 1038 1143 1084 tractatur
1176 1029 1481 1096 oraculum,
1514 1031 1574 1083 in
1598 1028 1720 1098 ejus
1749 1027 1967 1089 sideris,

387 1123 673 1193 prophetia
712 1121 860 1192 quod
896 1123 950 1175 in
982 1133 1104 1176 ortu
1145 1119 1447 1176 Salvatoris
1478 1120 1655 1175 nostri
1700 1119 1968 1173 oriturum

388 1212 847 1277 denuntiabatur,
895 1212 1059 1267 etiam
1105 1212 1174 1267 ad
1212 1212 1438 1267 verbum
1485 1212 1811 1281 completum
1862 1216 1967 1265 est.

385 1303 551 1377 520
578 1302 863 1360 Exsistunt
908 1303 1131 1375 quidem
1180 1303 1303 1357 aliis
1350 1317 1569 1372 quoque
1618 1300 1877 1372 gloriosis
1914 1307 1970 1354 et

385 1399 695 1454 illustribus
724 1398 858 1454 viris
886 1396 1231 1452 insolitarum
1262 1395 1544 1449 stellarum
1576 1394 1751 1464 ignes,
1786 1398 1845 1446 ut
1876 1405 1972 1445 ea-

386 1508 507 1547 rum
541 1508 662 1562 quze
707 1506 738 1548 a
768 1490 1099 1562 quibusdam
1130 1489 1346 1544 crinitae
1368 1494 1657 1551 vocantur,
1690 1487 1819 1540 item
1848 1500 1972 1555 qua:

387 1583 578 1643 trabis.
623 1590 717 1639 aut
750 1596 873 1653 quae
896 1581 1080 1637 barbae
1118 1578 1532 1635 similitudinem
1566 1576 1829 1641 ferentes,
1861 1575 1972 1630 uti-

383 1692 492 1748 que
523 1676 687 1731 etiam
721 1672 1084 1745 quarumdam
1125 1672 1359 1725 aliarum
1401 1670 1487 1731 bis
1529 1669 1812 1733 similium,
1849 1681 1971 1737 quae

2076 480 2415 552 φωνηθέντος
2469 480 2698 554 ἀστέρος
2741 482 2835 536 ἐπὶ
2883 485 2950 554 τῇ
3002 481 3211 551 γενέσει
3255 481 3352 546 τοῦ
3406 485 3647 557 Σωτῆρος

2073 572 2230 644 ἡμῶν
2268 573 2598 646 προφητείᾳ.
2650 572 2934 642 Γίγνονται
2974 573 3077 645 μὲν
3104 568 3197 635 οὖν
3218 576 3314 635 καὶ
3344 575 3434 645 ἐφ’
3460 577 3649 651 ἐτέρων

2071 663 2328 730 ἐπιδόξων
2364 666 2459 721 καὶ
2508 664 2785 734 ἐπιφανῶν
2816 665 3026 738 ἀνδρῶν
3063 665 3376 733 ξενιζόντων
3413 667 3650 740 ἀστέρων

2072 755 2390 827 ἐκλάμψεις,
2418 750 2530 811 οἷον
2554 755 2662 813 τῶν
2677 753 3025 826 καλουμένων
3056 757 3207 828 παρά
3238 774 3348 811 τισι
3379 759 3648 828 κομητῶν,

2072 848 2105 919 ἢ
2166 847 2410 912 δοκίδων,
2463 847 2498 919 ἢ
2548 845 2870 917 πωγωνιῶν,
2915 848 2949 918 ἦ
2998 863 3160 901 τινων
3196 848 3402 920 ἐτέρων
3450 849 3653 916 τούτοις

2073 939 2493 1009 παραπλησίων,
2538 937 2639 993 ἐπὶ
2702 937 2958 1009 μεγάλοις
3017 939 3337 1009 πράγμασιν
3390 940 3458 1005 ἐξ
3505 940 3654 1007 ἔθους

2072 1031 2543 1102 ἀναφαινομένων.
2611 1030 2770 1084 Ἀλλά
2817 1030 2871 1083 τί
2900 1030 3011 1103 γὰρ
3043 1033 3290 1103 κρεῖττον
3311 1032 3345 1104 ἢ
3370 1033 3550 1104 μεῖζον
3578 1031 3652 1103 τῷ

2072 1119 2235 1175 παντὶ
2269 1118 2458 1190 κόσμῳ
2502 1119 2698 1187 γένοιτ’
2728 1119 2793 1174 ἀν
2836 1132 2967 1173 ποτε
2993 1120 3026 1191 ἢ
3049 1121 3108 1174 τὸ
3129 1121 3220 1179 διὰ
3252 1123 3523 1195 σωτηρίου
3546 1125 3653 1181 ἐπι-

2073 1210 2298 1281 φανείας
2318 1213 2482 1265 πᾶσιν
2512 1210 2761 1283 ὑπάρξαν
2800 1212 3109 1285 ἀνθρώποις
3129 1213 3314 1287 νοερὸν
3350 1217 3487 1285 φῶς,
3508 1217 3653 1275 εὐσε-

2072 1301 2223 1366 ϐείας
2279 1302 2375 1357 καὶ
2421 1302 2751 1371 θεογνωσίας
2801 1303 3035 1375 ἀληθοῦς
3064 1306 3369 1378 κατάληψιν
3414 1306 3652 1376 λογικώ

2069 1391 2269 1462 ψυχαῖς
2294 1392 2685 1464 νομιζόμενον;
2724 1383 2790 1455 οὗ
2825 1393 2891 1463 δὴ
2922 1394 3082 1467 χάριν
3110 1395 3173 1448 τὸ
3197 1396 3339 1467 μέγα
3369 1400 3594 1466 σημεῖον
3623 1399 3652 1453 ό

2073 1485 2358 1556 προφανὴς
2396 1484 2586 1557 ἐδήλου
2647 1484 2842 1557 ἀστὴρ,
2889 1486 3061 1556 μέγαν
3114 1489 3208 1540 καὶ
3247 1487 3366 1541 νέον
3396 1487 3655 1559 φωστῆρα

2070 1576 2457 1648 ἐπιλάμψαντα
2483 1576 2562 1648 τῷ
2590 1579 2754 1637 παντὶ
2804 1578 2996 1649 κόσμῳ
3030 1577 3123 1632 τὸν
3144 1579 3376 1651 Χριστὸν
3395 1579 3492 1633 τοῦ
3520 1578 3653 1633 Θεοῦ

2071 1671 2238 1724 πᾶσιν
2294 1669 2685 1740 αἰνιττόμενος.
2730 1668 2891 1729 Κατὰ
2942 1669 3011 1742 ,τὸ
3039 1669 3173 1724 αὐτὸ
3201 1671 3315 1742 au)
3352 1671 3655 1744 προφητεία

378 1768 596 1839 magnis
638 1764 1056 1821 imminentibus
1101 1762 1271 1818 rebus
1310 1762 1487 1819 solent
1534 1761 1823 1816 exsistere.
1884 1760 1955 1812 At

2071 1758 2355 1830 ἄνθρωπον
2397 1757 2534 1830 ὁμοῦ
2569 1759 2665 1813 καὶ
2709 1758 2916 1831 ἀστέρα
2960 1758 3206 1826 θεσπίζει
3235 1761 3302 1815 δι’
3335 1754 3415 1816 ὧν
3453 1779 3650 1833 φησιν·

388 1859 536 1913 enim
566 1857 699 1928 quid
739 1856 958 1911 tandem
1005 1866 1099 1909 aut
1118 1851 1473 1909 excellentius
1512 1859 1607 1906 aut
1648 1849 1829 1919 majus
1867 1848 1969 1903 toti

382 1950 590 2007 mundo
620 1963 865 2019 unquam
908 1945 1221 2015 contigerit,
1271 1959 1433 2014 quam
1464 1943 1609 2014 quod
1644 1958 1741 2012 per
1771 1942 1971 1997 saluta-

377 2057 502 2096 rem
536 2040 828 2095 adventum
862 2038 1120 2093 omnibus
1164 2036 1345 2089 illuxit
1388 2034 1715 2089 mortalibus
1768 2033 1971 2088 intelli-

383 2132 581 2202 gentiaa
610 2131 816 2197 lumen,
848 2127 997 2200 quod
1034 2136 1089 2183 et
1131 2126 1353 2196 pietatis
1386 2133 1442 2181 et
1481 2140 1643 2179 νει-ιιι·
1672 2123 1969 2195 agnitionis

385 2222 481 2278 Dei
510 2222 911 2294 perceptionem
946 2219 1143 2275 animis
1182 2217 1543 2273 rationalibus
1568 2217 1779 2280 attulit,
1803 2216 1968 2286 cujus

384 2312 583 2382 gratia,
607 2311 802 2383 ingens
832 2310 1050 2381 signum
1081 2307 1157 2373 id,
1188 2308 1259 2364 de
1286 2323 1398 2380 quo
1431 2312 1591 2361 antea
1623 2306 1829 2361 dictum
1858 2313 1967 2370 est,

383 2402 663 2458 indicabat
704 2402 881 2467 sidus,
927 2402 1056 2457 dum
1105 2403 1299 2473 ingens
1351 2408 1405 2456 et
1444 2414 1644 2455 novum
1695 2399 1971 2454 luminare

384 2494 534 2565 quod
566 2502 743 2550 totum
783 2493 1081 2548 illustravit
1126 2494 1411 2556 mundum,
1448 2489 1733 2546 Christum
1780 2489 1968 2560 utique

383 2586 480 2642 Dei
502 2585 758 2642 omnibus
781 2585 1075 2657 significat?
1102 2584 1310 2641 Eodem
1344 2599 1472 2639 vero
1508 2582 1629 2637 loco
1657 2582 1965 2652 prophetia,

380 2685 438 2733 et
465 2676 741 2733 hominem
778 2685 833 2733 et
878 2677 1036 2733 sidus
1064 2675 1308 2731 futurum
1355 2675 1585 2739 divinat,
1618 2672 1706 2728 his
1728 2673 1915 2729 verbis
1948 2692 1965 2729 :

387 2781 409 2817 ι
455 2763 750 2820 Exorietur
783 2765 942 2821 stella
967 2780 1038 2820 ex
1071 2762 1264 2831 Iacob,
1290 2773 1345 2820 et
1375 2770 1565 2834 surget
1598 2763 1765 2819 homo
1788 2779 1857 2819 ex
1888 2763 1970 2818 ls-

381 2860 519 2928 rael,
551 2878 572 2914 »
606 2869 794 2931 utpote
830 2876 953 2931 quae.
980 2866 1037 2916 et
1078 2859 1304 2914 caeleste
1342 2857 1614 2912 luminare
1634 2856 1807 2912 Deum
1830 2854 1965 2911 Ver-

384 2953 515 3008 bum
539 2970 661 3010 esse
690 2953 981 3026 signiﬁcet,
1006 2960 1060 3008 et
1093 2959 1276 3006 tamen
1298 2950 1548 3006 eumdem
1577 2949 1856 3005 hominem
1878 2964 1971 3022 ap-

381 3048 568 3119 pellet.
598 3046 763 3103 Varie
806 3061 972 3119 porro
1021 3045 1177 3100 illum
1219 3044 1343 3100 aliis
1390 3058 1611 3114 quoque
1650 3043 1707 3097 in
1746 3042 1884 3098 locis
1916 3052 1969 3097 et

2075 1869 2094 1902 ι
2131 1850 2401 1904 ’Λνατελεϊ
2420 1852 2619 1923 ἄστρον
2635 1849 2695 1916 ἐξ
2722 1850 2939 1920 Ἰακὼϐ,
2956 1854 3049 1907 καὶ
3070 1854 3436 1926 ἀναστήσεται
3457 1855 3657 1927 ἄνθρω-

2069 1961 2169 2008 πος
2210 1942 2270 2010 ἐξ
2323 1944 2575 2016 Ἰσραήλ·
2617 1962 2636 1996 ι
2685 1943 2779 1997 τὸν
2829 1944 2929 2016 μὲν
2981 1945 3231 2017 οὐράνιον
3262 1947 3527 2020 φωστῆρα
3564 1949 3657 2007 τὸν

2068 2035 2199 2089 Θεὸν
2261 2035 2435 2105 Λόγον
2493 2032 2661 2103 εἶναι,
2705 2037 2800 2091 τὸν
2844 2036 3010 2092 αὐτὸν
3038 2036 3095 2090 δέ
3136 2037 3424 2111 ἄνθρωπον
3462 2042 3659 2113 ὀνομά-

2069 2128 2255 2193 ζουσα.
2291 2129 2577 2201 Διαφόρως
2611 2131 2669 2184 δὲ
2716 2130 2879 2191 αὐτὸν
2920 2131 3014 2185 καὶ
3059 2132 3117 2185 ἐν
3156 2133 3366 2206 ἑτέροις
3393 2134 3657 2208 ἀνατολὴν

2067 2221 2224 2293 ὁμοῦ,
2254 2222 2348 2279 καὶ
2379 2221 2514 2291 φῶς,
2560 2224 2655 2281 καὶ
2687 2222 2836 2292 ἥλιον
2887 2222 3234 2294 δικαιοσύνης
3262 2225 3549 2290 ἀποκαλεῖ,
3581 2229 3658 2297 ('0;

2068 2316 2125 2366 ἐν
2152 2317 2267 2377 τοῖς
2289 2312 2525 2386 πρώτοις
2560 2314 2943 2386 ἀπεδείξαμεν.
2990 2311 3131 2369 Εἶτα
3166 2317 3227 2369 τὸ
3260 2317 3360 2388 μὲν
3387 2318 3657 2391 θειότερον

2069 2404 2253 2472 αὐτοῦ,
2284 2406 2380 2459 ἃτε
2417 2404 2651 2475 φωτίζον
2695 2406 2880 2461 πάντα
2925 2405 3214 2478 ἄνθρωπον
3254 2409 3548 2480 ἐρχόμενον
3577 2414 3658 2475 εἰς

2067 2498 2157 2551 τὸν
2186 2498 2411 2568 κόσμσν,
2443 2496 2522 2567 τῷ
2542 2498 2642 2568 τῆς
2669 2496 2934 2569 ἀνατολῆς
2956 2498 3267 2570 ἐπεφήμισε
3299 2503 3655 2573 προσρήματι

2069 2591 2275 2661 φήσας·
2306 2608 2326 2641 ι
2377 2587 2650 2642 Ἀνατελεί
2690 2589 2891 2663 ἄστρον
2940 2588 3000 2654 ἐξ
3043 2589 3272 2643 Ἰακώ6’
3310 2610 3329 2642 ι
3358 2591 3452 2644 τὸν
3474 2591 3535 2645 δὲ
3562 2594 3657 2647 ἄν·

2069 2679 2284 2751 θρωπον
2340 2679 2429 2734 διὰ
2477 2679 2538 2734 τὸ
2586 2680 2802 2751 συμϐὰν
2867 2680 2997 2750 περὶ
3042 2681 3207 2735 αὑτὸν
3256 2682 3449 2748 πάθος,
3483 2682 3562 2747 ὡς
3592 2684 3658 2738 ἂν

2069 2771 2418 2838 πεπτωκότα,
2468 2772 2870 2845 ἀναστήσεσθαι
2918 2771 3186 2836 θεσπίζει,
3225 2773 3426 2845 ὁμοίως
3451 2768 3536 2839 οἷς
3562 2775 3656 2829 καὶ

2081 2864 2313 2929 Ἡσαΐας
2360 2866 2491 2939 περὶ
2535 2865 2702 2918 αὐτοῦ
2755 2881 2887 2937 φησι
2912 2880 2928 2897 ο
2965 2883 2986 2917 ι
3024 2865 3135 2918 Καὶ
3162 2865 3314 2919 ἔσται
3349 2868 3382 2937 ἡ
3413 2865 3538 2938 ῥίζα
3561 2865 3653 2920 τοῦ

2082 2955 2300 3021 Ἰεσσαὶ,
2337 2956 2433 3009 καὶ
2479 2958 2509 3009 ό
2542 2956 2899 3026 ἀνιστάμενος
2944 2954 3134 3027 ἄρχειν
3169 2954 3360 3021 ἐθνῶν,
3395 2957 3483 3010 ἐπ’
3508 2956 3650 3028 αὐτῷ

2069 3045 2196 3117 ἔθνη
2243 3045 2511 3098 ἐλπιοῦσι.
2551 3064 2569 3097 t
2605 3046 2717 3100 Kal.
2757 3046 2927 3115 σαφές
2962 3062 3027 3114 γε
3068 3045 3190 3101 τίνα
3216 3046 3421 3117 τρόπον
3444 3047 3508 3101 τὸ
3538 3046 3650 3116 φῶς

378 3150 565 3195 ortum
597 3139 781 3205 simul,
817 3146 872 3193 et
910 3138 1093 3192 lumen
1137 3144 1192 3193 et
1235 3136 1404 3192 solem
1432 3135 1662 3205 justitiae
1690 3144 1872 3200 vocat,
1902 3142 1965 3189 ut

2071 3137 2157 3190 τοῦ
2188 3137 2440 3208 Σωτῆρος
2493 3137 2650 3208 ἡμῶν
2702 3139 2767 3191 ἐκ
2788 3137 2883 3191 τοῦ
2928 3137 3122 3192 Ἰακὼὸ
3169 3139 3478 3205 ἀνατείλαν,
3510 3140 3650 3194 τοῦτ’

383 3235 440 3288 ίη
475 3231 753 3303 prioribus
777 3230 934 3285 libris
965 3229 1330 3285 ostendimus.
1361 3227 1634 3282 Caeterum
1660 3225 1808 3296 quod
1843 3226 1967 3296 qui-

382 3325 508 3381 dem
540 3325 596 3379 in
627 3323 720 3378 illo
749 3322 990 3379 divinius
1022 3329 1129 3387 est,
1162 3329 1423 3392 tanquam
1442 3320 1498 3376 id
1526 3318 1672 3391 quod
1698 3319 1968 3373 illuminet

380 3429 601 3471 omnem
633 3413 909 3469 hominem
939 3414 1245 3469 venientem
1298 3414 1354 3468 in
1383 3413 1530 3467 hunc
1563 3409 1850 3478 mundum,
1875 3425 1965 3465 or-

385 3520 477 3563 tus
506 3506 775 3563 vocabulo
804 3506 1121 3570 celebravit,
1155 3506 1210 3560 in
1240 3505 1390 3559 hunc
1439 3503 1663 3559 modum
1699 3522 1712 3558 :
1749 3521 1768 3555 ι
1804 3501 1967 3559 Orie-

386 3611 477 3654 tur
496 3598 651 3655 stella
678 3614 743 3653 ex
763 3596 951 3654 Iacob.
976 3616 996 3651 ι
1014 3595 1298 3652 Hominem
1320 3610 1451 3651 vero
1473 3594 1722 3651 eumdem
1746 3603 1969 3666 propter

387 3694 734 3749 amictionem
777 3708 844 3747 ac
895 3700 1127 3747 mortem
1182 3704 1347 3760 quam
1404 3689 1650 3760 pertulit,
1701 3695 1965 3758 tanquam

380 3801 507 3840 eum
535 3784 629 3856 qui
659 3784 956 3847 ceciderat,
989 3791 1369 3839 surrecturum
1404 3779 1635 3844 divinat,
1664 3779 1865 3849 quibus
1887 3777 1968 3833 si-

382 3876 531 3929 milia
563 3875 632 3930 de
660 3873 851 3931 eodem
882 3873 1052 3930 Isaias
1080 3872 1229 3928 canit
1259 3890 1272 3926 :
1313 3889 1331 3922 ι
1366 3868 1434 3923 Et
1465 3869 1572 3925 erit
1603 3869 1757 3923 radix
1787 3866 1962 3934 Jesse,

380 3975 436 4020 et
474 3967 568 4038 qui
612 3966 789 4036 surgit
827 3975 889 4020 ut
938 3964 1170 4034 imperet
1214 3960 1521 4033 gentibus:
1556 3959 1614 4014 in
1661 3974 1728 4015 eo
1775 3966 1965 4030 gentes

382 4059 760 4129 sperabunt“.
798 4075 820 4110 ι
857 4056 922 4111 Et
946 4057 1299 4112 manifestum
1330 4054 1552 4125 quidem
1585 4060 1690 4117 est,
1725 4066 1964 4122 quonam

381 4150 546 4206 modo
586 4148 889 4205 Salvatoris
919 4149 1094 4205 nostri
1148 4147 1335 4202 lumen
1370 4145 1439 4201 de
1480 4143 1649 4201 Jacob
1691 4152 1962 4209 exortum,

383 4241 489 4297 hoc
555 4248 642 4297 est
677 4240 745 4297 de
794 4239 1024 4297 Judaico
1074 4240 1298 4312 populo,
1330 4252 1443 4294 non
1488 4238 1594 4308 ipsi
1622 4234 1792 4293 Jacob
1819 4237 1966 4293 unde

381 4334 690 4404 profectum
740 4341 855 4401 est,
918 4333 1016 4390 sed
1067 4332 1325 4389 omnibus
1390 4330 1644 4402 gentibus
1698 4330 1959 4386 illuxerit.

2068 3231 2214 3284 ἐστιν
2238 3230 2348 3284 ἀπὸ
2375 3227 2470 3283 τοῦ
2500 3232 2565 3283 ἐκ
2605 3232 2907 3304 περιτομῆς
2929 3230 3083 3297 λαοῦ,
3116 3234 3252 3286 πᾶσι
3282 3235 3397 3296 τοῖς
3427 3233 3656 3298 ἔθνεσιν,

2065 3324 2177 3377 ἀλλ’
2205 3323 2326 3396 οὐχὶ
2347 3323 2428 3395 τῷ
2489 3322 2708 3388 Ἰακὼϐ,
2741 3323 2865 3378 ὅθεν
2910 3324 3006 3377 καὶ
3029 3324 3323 3398 προῆλθεν,
3355 3325 3652 3396 ἐξέλαμψε.

2067 3415 2235 3471 Τοῦτο
2283 3415 2342 3470 δὲ
2381 3415 2478 3471 καὶ
2512 3417 2621 3471 ἀπὸ
2649 3416 2917 3471 πλείστων
2961 3418 3165 3489 ἐτέρων
3199 3418 3464 3491 πάρεστιν
3504 3420 3659 3473 ἐκλα-

2066 3508 2181 3562 σείν
2213 3509 2579 3581 προφητειῶν,
2596 3509 2675 3573 ὡς
2697 3509 2833 3581 πρὸς
2862 3510 3024 3564 αὑτὸν
3049 3510 3375 3578 φασκουσῶν
3404 3511 3499 3563 τὸν
3526 3512 3662 3581 Χρι-

2067 3602 2219 3655 στόνο
2267 3621 2285 3653 ι
2332 3602 2464 3657 Ἰδοὺ
2522 3602 2744 3657 τέθεικὰ
2791 3619 2851 3656 σε
2900 3604 2981 3666 είς
3016 3602 3292 3676 Διαθήκην
3335 3603 3550 3672 γένους,
3577 3605 3659 3666 είς

2040 3693 2185 3764 »φῶς
2229 3692 2402 3748 ἐθνῶν
2424 3710 2436 3724 ·
2478 3713 2498 3746 ι
2533 3695 2595 3747 οὐ
2624 3694 2728 3765 μὴν
2774 3694 2908 3749 ἀλλὰ
2941 3694 3036 3748 καὶ
3060 3696 3125 3748 ἐκ
3164 3694 3274 3749 τῶν
3300 3695 3394 3749 τοῦ
3426 3696 3660 3766 Βαλαὰμ

2064 3786 2259 3855 λόγων,
2282 3785 2348 3839 δι’
2380 3778 2454 3838 ὧν
2477 3802 2673 3858 φησιν·
2712 3805 2732 3838 ι
2782 3785 3152 3855 Ἔξελεύσεται
3185 3787 3251 3840 ἐκ
3281 3786 3376 3850 τοῦ
3405 3788 3661 3859 σάρμαρ

2064 3893 2155 3939 τος
2181 3875 2345 3929 αὑτοῦ
2378 3875 2685 3947 ἄνθρωπος,
2713 3874 2809 3928 καὶ
2837 3874 3116 3947 κυριεύσει
3145 3874 3315 3929 ἐθνῶν
3357 3875 3595 3931 πολλῶν.
3632 3894 3656 3928 ι

2065 3962 2221 4027 Τίνος
2248 3963 2305 4016 δὲ
2330 3965 2394 4015 ἐκ
2428 3964 2742 4034 σπέρματος
2767 3966 2800 4034 ἢ
2828 3963 2922 4017 τοῦ
2966 3964 3202 4036 Ἰσραὴλ,
3232 3965 3308 4030 ὡς
3326 3969 3360 4037 ὴ
3391 3967 3649 4038 σύμφραο

2068 4070 2151 4117 σις
2179 4053 2523 4125 παρέστησε;
2555 4054 2650 4107 καὶ
2674 4053 2738 4124 δὴ
2769 4053 3065 4126 κυριεύσας
3093 4053 3263 4109 ἐθνῶν
3288 4056 3317 4108 ὁ
3344 4054 3440 4108 τοῦ
3466 4055 3659 4124 Σωτῆ-

2068 4163 2157 4218 ρος
2178 4145 2333 4216 ἡμῶν
2376 4145 2568 4215 Λόγος,
2610 4145 2887 4216 ἀρχούσας
2931 4145 3199 4217 ἀοράτους
3241 4146 3337 4199 καὶ
3374 4144 3661 4217 μοχθηρὰς

2062 4238 2319 4310 δυνάμεις
2340 4239 2577 4305 καθεῖλε,
2592 4241 2687 4294 καὶ
2707 4241 2775 4294 τὰ
2795 4257 2928 4294 πνευ
2936 4239 3143 4313 ματικά
3158 4241 3259 4311 τῆς
3284 4243 3578 4314 πονηρίας,
3596 4241 3661 4295 τό

2064 4347 2124 4383 τε
2158 4334 2348 4401 στῖφος
2380 4331 2441 4384 τὸ
2479 4331 2809 4402 δαιμονικὸν,
2853 4332 3132 4404 ἀρχηγοὺς
3168 4331 3368 4398 Μωὰὸ,
3402 4334 3501 4387 καὶ
3523 4332 3659 4405 Σὴθ,

382 4428 497 4483 lloc
522 4444 657 4484 vero
690 4443 816 4483 cum
856 4442 925 4482 ex
956 4426 1077 4481 aliis
1108 4424 1364 4495 plurimis
1403 4422 1703 4493 prophetiis
1750 4422 1964 4479 discere

2071 4424 2160 4475 καὶ
2226 4421 2423 4495 Ἐδὼμ,
2463 4423 2558 4478 καὶ
2621 4422 2792 4477 Ἠσαῦ
2844 4423 3250 4497 τροπικώτερον
3274 4426 3334 4478 ἐν
3358 4427 3476 4489 τοῖς
3520 4424 3665 4496 μετὰ

381 4539 696 4595 possumus,
729 4531 989 4590 tanquam
1016 4517 1085 4573 ad
1107 4519 1283 4589 ipsum
1307 4517 1587 4573 Christum
1612 4515 1957 4571 dicentibus:

386 4637 404 4668 ι
445 4616 584 4673 Ecce
620 4616 780 4688 pos'ui
812 4623 863 4670 te
892 4614 949 4667 in
980 4611 1392 4668 Testamentum
1426 4610 1663 4682 generis,
1691 4609 1746 4664 in
1777 4610 1963 4665 lumen

380 4709 710 4778 gentium";
741 4726 757 4759 ι
787 4717 900 4762 tum
925 4702 1089 4760 etiam
1107 4718 1170 4758 ex
1190 4701 1364 4772 ipsius
1384 4700 1816 4768 Balaamverhis,
1842 4716 1964 4773 quae

381 4802 463 4857 sic
490 4801 695 4856 habent
728 4820 740 4854 :
779 4817 798 4849 ι
835 4795 1159 4868 Egredietur
1186 4795 1255 4849 de
1282 4794 1491 4850 semine
1526 4792 1648 4864 ejus
1688 4792 1874 4859 homo,
1904 4799 1960 4849 et

380 4891 750 4948 dominabitur
780 4891 1031 4962 gentibus
1065 4886 1250 4942 multis
1271 4886 1336 4940 ³⁸.
1375 4905 1395 4939 ι
1431 4885 1596 4956 Atqui
1627 4884 1694 4940 de
1721 4897 1957 4955 quonam

381 4984 490 5038 alio
542 4982 752 5038 semine
801 4996 963 5052 quam
1001 4979 1071 5035 de
1103 4980 1290 5044 Israel,
1342 4985 1401 5033 ut
1447 4976 1606 5032 facile
1633 4983 1853 5032 constat
1892 4991 1959 5031 ex

381 5077 560 5148 ipsius
616 5075 884 5130 orationis
932 5072 1230 5129 contextu?
1280 5069 1517 5126 Proinde
1560 5069 1674 5138 jam
1712 5068 1956 5141 gentium

381 5169 666 5224 dominatu
698 5174 923 5237 accepto
972 5164 1274 5223 Salvatoris
1326 5162 1503 5220 nostri
1527 5160 1791 5227 Verbum,
1830 5176 1955 5216 cum

380 5262 499 5329 ipsa
525 5258 812 5330 prophetia
838 5256 1205 5320 concordans,
1247 5271 1437 5311 omnes
1467 5269 1810 5327 quaecunque
1846 5253 1957 5309 illis

380 5349 656 5424 quondam
689 5349 1051 5422 imperabant,
1076 5347 1382 5405 invisibiles
1411 5355 1466 5402 et
1488 5346 1828 5418 perniciosas
1854 5359 1953 5414 p0-

382 5451 606 5500 testates
633 5442 852 5506 delevit,
904 5457 1116 5498 necnon
1149 5440 1453 5512 spiritualia
1503 5438 1723 5493 malitiae
1771 5444 1954 5491 cater-

1992 4481 2039 4541 D

2066 4517 2254 4586 χείρας
2281 4514 2663 4587 ὠνομασμένοι.
2718 4515 2970 4585 ’Δσαφῶς
2998 4515 3055 4568 δὲ
3088 4516 3346 4586 κείμενον
3367 4515 3528 4588 παρὰ
3546 4518 3663 4587 τοῖς

2080 4606 2478 4680 Ἑϐδομήκοντα
2532 4606 2613 4674 τὺ,
2653 4626 2674 4659 ι
2713 4606 2884 4672 Δείξω
2907 4606 3079 4677 αὐτῷ,
3113 4607 3208 4661 καὶ
3240 4608 3363 4678 οὐχὶ
3384 4607 3506 4672 νῦν,
3547 4625 3661 4680 μιν

2068 4698 2302 4770 καρίζω,
2337 4699 2432 4753 καὶ
2455 4699 2556 4754 οὐκ
2583 4697 2813 4768 ἐγγίζει,
2850 4718 2871 4751 ι
2909 4700 3245 4772 σαφέστερον
3285 4702 3315 4753 ὁ
3345 4701 3448 4771 μὲν
3494 4701 3664 4754 uno-

2064 4792 2161 4858 λας
2203 4792 2465 4861 ἐξέδωκεν
2492 4810 2508 4824 ο
2534 4811 2554 4845 ι
2592 4792 2830 4864 Ὄψομαι
2866 4793 3031 4848 αὑτὸν
3058 4830 3075 4856 ,
3127 4794 3222 4853 καὶ
3255 4794 3319 4847 οὐ
3362 4793 3485 4859 νῦν,
3523 4811 3666 4867 προ-

2068 4882 2274 4951 σκοπῶ,
2308 4883 2423 4937 ἀλλ’
2452 4884 2553 4937 οὐκ
2576 4884 2741 4954 ἐγγύς
2764 4900 2779 4914 ·
2811 4903 2829 4935 ι
2859 4886 2888 4938 ὁ
2908 4885 2962 4938 δὲ
2989 4883 3287 4956 Σύμμαχος
3306 4885 3665 4957 λευκότερον,

2066 4979 2277 5050 φήσας’
2314 4996 2333 5029 ι
2386 4977 2527 5050 Ὁρῶ
2569 4976 2753 5043 αὐτὸν,
2800 4977 2916 5032 ἀλλ’
2939 4978 3042 5031 οὐκ
3076 4978 3269 5047 ἐγγύς.
3305 4997 3325 5030 ι
3358 4978 3595 5047 Δέγοιτο
3616 4976 3666 5030 δ’

2066 5072 2132 5126 ἂν
2157 5070 2328 5125 ταῦτα
2356 5071 2463 5124 ὑπὸ
2506 5070 2602 5124 τοῦ
2630 5071 2880 5142 Βαλαὰμ,
2905 5070 2981 5135 ὡς
3013 5076 3246 5145 μακροῖς
3271 5072 3504 5146 ὕστερον
3541 5072 3662 5144 μετ’

2064 5162 2227 5216 αὑτὸν
2255 5162 2466 5235 χρόνοις
2515 5160 2818 5233 μελλόντων
2863 5162 3380 5236 ἐπιτελεσθήσεσθαι
3418 5165 3530 5219 τῶν
3560 5165 3662 5235 δη-

2062 5252 2336 5324 λουμένων
2354 5268 2368 5283 ”
2394 5252 2532 5323 μετὰ
2566 5250 2696 5320 γοῦν
2724 5249 3080 5322 δισχιλιοστὺν
3120 5250 3241 5314 ἐτος
3271 5251 3374 5321 τῆς
3402 5253 3662 5324 προρρή-

2064 5361 2201 5408 σεως
2230 5342 2536 5414 ἐπληροῦτο
2587 5342 2782 5408 ταῦτα,
2831 5343 2926 5395 ἐπὶ
2947 5342 3049 5413 τῆς
3074 5343 3170 5396 τοῦ
3209 5343 3471 5415 Σωτῆρος
3493 5341 3661 5414 ἡμῶν

2060 5438 2141 5500 είς
2164 5433 2485 5507 ἀνθρώπους
2502 5433 2815 5506 ἐπιδημίας.

378 5553 613 5609 vamque
649 5537 1029 5601 daemonicam,
1064 5550 1187 5606 quae
1243 5535 1501 5590 ductores
1542 5531 1721 5599 Moab,
1752 5537 1808 5585 et
1853 5527 2006 5594 Setb,
2030 5538 2083 5584 et
2116 5528 2311 5592 Edom,
2341 5536 2396 5583 et
2428 5527 2589 5598 521
2629 5525 2797 5592 Esau,
2823 5526 3106 5599 ﬁguratius
3139 5529 3197 5582 in
3234 5526 3304 5581 iis
3332 5541 3458 5597 qua:
3503 5536 3656 5579 nunc

382 5638 707 5693 tractamus,
752 5630 1103 5684 denominata
1148 5636 1297 5684 sunt.
1326 5627 1463 5683 Cum
1499 5635 1676 5680 autem
1734 5622 1873 5693 apud
1913 5621 2053 5675 LXX
2076 5622 2367 5679 obscurius
2417 5623 2655 5691 positum
2700 5621 2771 5678 sit
2808 5621 2989 5678 illud:
3030 5639 3048 5674 ι
3075 5619 3375 5677 Ostendam
3424 5618 3528 5684 illi,
3552 5615 3652 5674 sed

450 5747 492 5777 ’ί
534 5744 637 5802 lsa.
676 5762 761 5808 XI,
802 5746 887 5801 10.
967 5747 1009 5778 ⁸³
1048 5745 1130 5800 Isa
1193 5761 1333 5811 xm,
1370 5744 1422 5800 6.

1500 5743 1544 5776 "
1582 5740 1742 5796 Num.
1778 5757 1939 5799 xxiv.
1972 5738 2059 5794 i9.
