3836 6220
253 277 361 336 857
1136 262 1792 327 DEMONSTRATIONIS
1825 260 2285 323 EVANGELICE
2338 259 2466 316 LIB.
2509 257 2602 314 I’X.
3417 252 3533 307 638‘

254 411 370 451 non
413 408 583 460 nunc,
622 392 841 449 beatum
878 390 1023 456 dico,
1057 390 1153 446 sed
1197 404 1310 445 non
1354 389 1774 460 appropinquat,
1824 406 1844 441 ι
1872 384 2018 442 idem
2060 382 2196 438 illud
2249 381 2495 453 apertius
2544 376 2740 448 Aquila
2806 373 3016 430 edidit:
3046 391 3064 424 ‹
3103 370 3308 427 Videbo
3369 369 3523 423 illum

256 493 362 549 sed
419 507 532 547 non
576 505 748 556 nunc,
783 487 1061 560 prospicio
1112 488 1287 552 illum,
1344 487 1439 543 sed
1486 502 1596 542 non
1646 500 1839 558 prope.
1870 502 1889 537 ι
1929 480 2294 555 Symmachus
2345 487 2552 543 autem,
2610 473 2899 532 candidius
2939 492 2951 527 :
2995 489 3014 522 ι
3052 468 3245 529 Video,
3300 468 3522 538 inquit,

250 582 432 650 illum,
464 585 562 642 sed
602 599 715 640 non
747 599 936 656 pmpe.
967 603 989 636 1
1023 583 1143 638 Dici
1190 598 1321 639 vero
1358 583 1473 639 haec
1521 583 1777 639 videntur
1810 596 1841 635 a
1871 575 2115 646 Balaam,
2145 588 2407 649 tanquam
2453 572 2632 646 longis
2679 570 2937 640 deinceps
2981 574 3107 640 post
3151 566 3331 637 ipsum
3380 571 3522 618 tem-

248 678 482 747 poribus
530 677 862 749 perficienda
907 683 1093 732 essent
1143 690 1228 740 ea,
1268 692 1391 747 qua:
1442 676 1513 732 ab
1571 676 1695 748 ipso
1742 676 2124 732 canebantur:
2157 686 2285 727 nam
2324 668 2542 725 duobus
2592 664 2836 720 millibus
2900 676 3172 717 annorum
3216 666 3340 732 post
3388 657 3523 713 illud

245 774 574 829 vaticinium
600 774 870 843 completa
918 772 1214 837 sunthaec,
1262 787 1372 843 quo
1423 773 1681 828 videlicet
1718 780 1967 843 tempore
2026 768 2281 824 Salvator
2335 773 2526 820 noster
2570 777 2696 817 cum
2749 758 3063 815 hominibus
3105 763 3357 814 versatus
3419 765 3521 812 est.

255 893 406 949 Ἀπὸ
435 894 542 948 τοῦ
586 894 844 950 Ἡσαΐου.
877 925 946 934 —
991 894 1086 960 Ὡς
1139 898 1173 948 ὁ
1219 895 1452 963 Κύριος,
1508 893 1729 963 ἐπιϐὰς,
1769 894 1814 947 01'

1945 889 2265 963 AbhEsat'a.
2323 915 2422 963 7—_
2453 882 2908 963 Quemadmodum
2960 879 3527 963 Dominushinsistens

317 965 652 1044 dreilﬁgcer
688 963 756 1027 ἐξ
791 965 968 1044 ᾀγίᾳς
995 954 1630 1044 Πάρθεξνοῦο-ὦματος,
1664 954 1814 1044 ﬁget)

2014 960 2150 1014 illud
2200 958 2338 1041 quod
2389 957 2686 1044 densancta
2735 954 2946 1044 Virgine
2993 954 3280 1044 assumpsit
3311 964 3521 1044 corpus,

313 1037 406 1100 είς
428 1036 734 1103 Αἴγυπτον
765 1035 966 1102 ῥητῶς
999 1052 1063 1088 τε
1100 1036 1199 1088 καὶ
1230 1036 1381 1088 κατὰ
1405 1035 1679 1089 διάνοιαν
1705 1036 1833 1088 ἐθε-

314 1103 579 1168 σπίζετο,
630 1103 798 1158 πᾶσὰ
851 1121 914 1158 τε
966 1104 1067 1157 ἐπὶ
1106 1105 1219 1173 τῆς
1277 1105 1616 1173 παρουσίας
1647 1103 1833 1158 αὑτοῦ

316 1175 850 1243 καθαιρεθήσεσθαι
877 1173 995 1228 τῶν
1017 1174 1207 1231 ἐθνῶν
1238 1174 1692 1245 δεισιδαιμονία.

320 1306 344 1341 ι
390 1284 526 1342 ’1δοῦ
563 1286 768 1360 Κύριος
807 1285 1043 1357 κάθηται
1087 1287 1181 1340 ἐπὶ
1213 1282 1447 1358 νεφέλης
1482 1285 1711 1358 κούφης,
1740 1286 1835 1340 καὶ

233 1374 361 1448 ἣξει
390 1378 472 1440 εἰς
500 1375 777 1445 Αἴγυπτον
799 1392 811 1405 ·
847 1377 942 1430 καὶ
978 1376 1320 1449 σεισθήσεται
1363 1376 1433 1430 τὰ
1476 1377 1834 1449 χειροποίητα

234 1470 518 1540 Αἰγύπτου
544 1469 654 1523 ἀπὸ
686 1467 978 1541 προσώπου
1011 1468 1197 1534 αὐτοῦ,
1229 1470 1322 1523 καὶ
1357 1471 1390 1540 ὴ
1423 1468 1619 1540 καρδία
1655 1467 1833 1521 αὐτῶν

233 1560 609 1633 ήττηθήσεται
632 1564 690 1616 ὲν
724 1562 927 1626 αὐτοῖς.
959 1581 979 1613 ι
1007 1561 1086 1615 Τὸ
1108 1561 1153 1615 δ’
1190 1561 1362 1616 αἴτιον
1390 1560 1484 1615 τοῦ
1513 1561 1604 1615 τὸν
1625 1560 1832 1631 Κύριον

232 1653 394 1725 ἥξειν
424 1657 502 1718 εἰς
522 1654 794 1723 Αἴγυπτον
827 1651 1199 1720 θεσπίζεσθαι,
1224 1653 1344 1708 τόδε
1386 1656 1476 1726 μοὶ
1502 1651 1642 1709 εἶναι
1665 1653 1827 1707 δοκεῖ.

234 1747 457 1819 Πρῶτοι
483 1747 581 1819 μὲν
616 1749 834 1802 πάντων
860 1746 1146 1815 Αἰγύπτιοι
1177 1748 1277 1819 τῆς
1303 1747 1567 1803 πολυθέου
1594 1750 1688 1803 καὶ
1719 1748 1833 1803 δαι-

236 1840 470 1911 μονικῆς
511 1839 721 1908 πλάνης
772 1838 1119 1911 ἀπάρξασθαι
1158 1839 1429 1909 λέγονται,
1454 1842 1548 1894 καὶ
1578 1844 1692 1906 τοῖς
1718 1841 1828 1895 λοι-

233 1932 371 1994 ποῖς,
397 1932 564 1984 πᾶσιν
603 1928 911 2002 ἀνθρώποις
940 1930 1103 1984 αἴτιοι
1143 1933 1473 2004 καταστῆναι
1504 1932 1832 2005 δεισιδαιμο-

233 2022 381 2085 νίας,
412 2020 550 2075 ἀλλὰ
581 2022 677 2076 καὶ
721 2021 940 2075 πάντων
984 2021 1184 2092 μᾶλλον
1217 2023 1345 2095 περὶ
1384 2024 1482 2088 τὰς
1514 2024 1832 2097 δαιμονικὲις

233 2113 524 2184 ἐνεργείας
580 2130 643 2167 τε
695 2114 788 2168 καὶ
836 2114 1186 2185 περιεργείας
1255 2116 1625 2187 ἠσχολῆσθαιο
1686 2113 1830 2172 οὗτοι

230 2198 293 2260 δὲ
353 2205 451 2259 καὶ
507 2205 615 2258 ὑπὸ
660 2205 762 2276 τῆς
814 2206 999 2260 ἐνθέου
1059 2206 1285 2278 Γραφῆς
1325 2207 1509 2280 ἐχθροὶ
1558 2208 1652 2262 τοῦ
1699 2210 1828 2263 λαοῦ
1862 2243 1905 2301 Β

228 2297 333 2351 τοῦ
400 2297 536 2351 Θεοῦ
588 2297 793 2353 ἄνωθεν
862 2299 956 2352 καὶ
1019 2298 1080 2364 ἐξ
1147 2300 1325 2372 ἀρχῆς
1390 2301 1666 2370 γεγονέναι
1726 2320 1824 2373 με·-

233 2373 644 2462 μαρτύρηνταιλ
696 2390 791 2444 καὶ
838 2391 867 2445 ὅ
905 2407 971 2459 γε
1016 2390 1247 2455 παλαιὸς
1325 2391 1502 2446 αὐτῶν
1574 2393 1826 2463 βασιλεὺς

228 2480 513 2551 ὁμολογῶν
552 2478 627 2552 μὴ
666 2480 863 2534 εἰδέναι
907 2481 1005 2534 τὸν
1042 2481 1248 2553 Κύριον
1272 2482 1706 2554 ἀναγέγραπται,
1735 2483 1825 2537 ὅτε

227 2565 297 2644 δὴ
324 2571 595 2641 ἔφασκεν*
633 2590 653 2623 ι
693 2572 807 2627 Οὐκ
831 2567 945 2625 οἶδα
977 2571 1073 2624 τὸν
1102 2571 1330 2644 Κύριον,
1362 2571 1465 2626 καὶ
1483 2572 1571 2625 τὸν
1609 2572 1825 2645 Ἰσραὴλ

226 2665 337 2722 Οὐκ
369 2664 730 2732 ἐξαποστελῶ.
754 2684 773 2716 ι
794 2665 867 2718 Τὸ
893 2665 959 2737 δὴ
993 2660 1085 2719 οὖν
1117 2664 1261 2736 μέγα
1287 2663 1469 2737 θαῦμα
1507 2665 1607 2737 τῆς
1638 2665 1822 2719 ἐνθέου

225 2752 329 2813 τοῦ
373 2757 611 2830 Χριστοῦ
656 2757 941 2828 δυνάμεως
993 2757 1350 2828 παραστῆσαι
1413 2756 1738 2828 βουλόμενος
1793 2758 1822 2811 ὁ

225 2849 411 2920 λύγος,
448 2849 695 2915 θεσπίζει
721 2849 816 2902 τοῦ
846 2850 1054 2922 Κυρίου
1077 2849 1177 2922 τὴν
1208 2852 1290 2914 είς
1312 2850 1586 2920 Αἴγυπτον
1619 2849 1819 2920 ἄφιξιν,

226 2940 321 3015 trp"
424 2943 723 3015 μεταϐολὴν
770 2945 830 2997 οὐ
890 2944 993 3015 τὴν
1043 2940 1313 3014 τυχοῦσαν
1357 2942 1469 2996 τῶν
1515 2944 1820 3013 Αἰγυπτίων

225 3033 449 3089 ἔσεσθαι
481 3033 832 3107 προφητεύει,
869 3034 1042 3104 λέγων
1090 3033 1249 3105 ὲξῆς’
1292 3052 1313 3084 ι
1366 3033 1820 3103 Καὶ’γνώσονται

225 3128 279 3181 οἱ
308 3126 598 3197 Αἰγύπτιοι
634 3127 726 3181 τὸν
762 3126 990 3200 Κύριον,
1020 3147 1041 3179 ι
1074 3129 1123 3181 οἱ
1140 3129 1269 3199 πρὶν
1309 3128 1385 3199 μὴ
1410 3128 1612 3192 ειδότες
1633 3128 1815 3194 αὐτὸν,

231 3232 263 3270 ι·
286 3218 384 3272 καὶ
401 3216 644 3282 εὔξονται
666 3216 746 3287 τῷ
767 3217 956 3288 Κυρίῳ
971 3215 1158 3286 εὐχὰς,
1171 3235 1189 3267 ι
1218 3217 1310 3269 καὶ
1328 3214 1399 3269 τὰ
1410 3214 1819 3289 τούτοιςπαραέ

224 3309 454 3381 πλήσια.
528 3309 808 3381 Ἀνωτέρω
842 3309 940 3379 μὲν
972 3302 1065 3363 οὖν
1095 3310 1152 3361 ὲν
1199 3307 1278 3379 τῷ
1309 3308 1418 3379 πρὸ
1467 3308 1678 3363 τούτου
1721 3325 1815 3363 κε-

224 3400 444 3473 φαλαίῳ
502 3402 836 3473 κληρονομία
888 3399 985 3454 τοῦ
1035 3399 1430 3472 θεσπίζομένου
1495 3399 1674 3472 Ἐδὼμ
1723 3400 1816 3455 καὶ

235 3492 413 3549 Ἠσαῦ
439 3494 675 3563 ἐλέγετο,
704 3493 812 3548 τῶν
843 3493 1137 3566 ἀλλοτρίων
1183 3494 1399 3566 Ἰσραὴλ
1430 3493 1573 3549 οὕτω
1616 3510 1817 3566 σημαι-

2009 1020 2254 1087 venturus
2305 1031 2362 1083 in
2419 1027 2711 1097 zEgypmm
2767 1020 2848 1078 et'
2875 1023 3192 1097 secundum_
3225 1020 3415 1097 verba,
3448 1030 3525 1097 _et

2008 1100 2291 1157 secundum
2310 1089 2620 1153 sententiam
2638 1098 2924 1166 pradictus
2938 1104 3035 1166 est,
3051 1093 3319 1166 omnisque
3336 1092 3389 1146 in
3410 1089 3524 1160 ejus

2009 1173 2235 1226 adventu
2257 1168 2532 1224 evertenda
2552 1168 2784 1238 gentium
2805 1165 3126 1233 superstitio.

2012 1305 2030 1338 ι
2058 1285 2199 1341 Ecce
2236 1283 2500 1341 Dominus
2531 1282 2684 1337 sedet
2723 1296 2889 1352 super
2917 1280 3062 1335 nube
3096 1278 3224 1341 levi,
3264 1283 3319 1337 et
3343 1276 3524 1332 veniet

1936 1378 1991 1431 in
2010 1375 2305 1447 Egyptum
2329 1392 2342 1428 :
2366 1381 2420 1427 et
2451 1369 2946 1426 commovebuntur
2966 1365 3277 1422 manufacta
3300 1362 3521 1433 Egypti

1935 1484 1967 1524 a
2019 1469 2161 1525 facie
2211 1467 2352 1538 ejus,
2407 1473 2462 1520 et
2490 1478 2586 1519 cor
2613 1476 2805 1518 eorum
2845 1460 3097 1515 vincetur
3127 1460 3183 1512 in
3216 1457 3350 1527 ipsis
3382 1455 3452 1509 “.
3497 1474 3516 1507 ι

1933 1560 2115 1617 Causa
2153 1575 2320 1631 porro
2373 1570 2474 1613 cur
2502 1554 2767 1611 Dominus
2806 1552 2881 1607 ita
2935 1552 2988 1607 in
3019 1549 3321 1622 IEgyptum
3351 1548 3522 1604 desti-

1932 1656 2096 1706 netur
2122 1658 2411 1713 venturus,
2460 1648 2577 1703 bzec
2624 1643 2757 1699 mihi
2801 1658 2924 1699 esse
2965 1643 3199 1698 videtur.
3242 1640 3407 1696 Primi
3448 1641 3524 1695 si-

1932 1742 2151 1814 quidem
2178 1741 2424 1797 omnium
2440 1737 2680 1811 [Egyptii
2700 1736 2878 1791 errori
2907 1734 3121 1790 colendi
3151 1734 3354 1789 mullos
3385 1732 3522 1787 deos

1933 1850 1998 1890 ac
2023 1834 2303 1889 daemonas
2332 1832 2551 1886 initium
2590 1829 2810 1885 dedisse
2855 1828 3135 1892 dicuntur,
3192 1832 3247 1881 et
3294 1825 3519 1896 reliquis

1933 1924 2205 1982 universis
2237 1923 2564 1978 mortalibus
2599 1920 3007 1993 superstitionis
3050 1928 3303 1974 auctores
3349 1918 3519 1973 exsti-

1931 2019 2088 2084 tisse,
2113 2018 2247 2091 quin
2283 2015 2451 2072 etiam
2490 2015 2738 2072 omnium
2767 2015 2998 2069 aliorum
3038 2013 3292 2074 maxime,
3319 2010 3519 2065 daemo-

1931 2111 2074 2166 nicis
2130 2109 2547 2180 operationibus
2602 2115 2654 2164 et
2717 2105 3133 2162 curiositatibus
3184 2102 3513 2159 studuisse:

1930 2201 2093 2257 iidem
2133 2211 2397 2272 praeterea
2432 2201 2501 2255 ab
2558 2201 2677 2270 ipsa
2732 2197 3018 2269 Scriptura
3067 2196 3251 2252 divina
3327 2195 3516 2252 hostes

1932 2295 2119 2365 populi
2158 2293 2252 2349 Dei
2287 2293 2458 2348 fuisse
2484 2291 2859 2363 perhibentur.
2881 2288 2988 2346 Sed
3016 2289 3274 2359 antiquus
3293 2302 3514 2358 quoque

1930 2388 2173 2459 ipsorum
2209 2402 2305 2443 rex
2340 2386 2497 2441 fateri
2545 2400 2605 2440 se
2637 2400 2747 2439 non
2778 2399 2940 2440 nosse
2966 2382 3281 2448 Dominum,
3331 2382 3510 2451 palam

1930 2479 2240 2550 descriptus
2265 2486 2369 2545 est,
2391 2478 2519 2535 dum
2550 2478 2631 2534 sic
2662 2477 2740 2531 ait
2782 2495 2794 2532 :
2832 2495 2851 2528 ι
2898 2475 3017 2530 Non
3041 2479 3165 2532 novi
3193 2476 3505 2542 Dominum,

1929 2580 1984 2629 et
2031 2572 2200 2629 Israel
2245 2587 2355 2627 non
2403 2572 2650 2627 emittam
2694 2573 2760 2626 ³³.
2794 2589 2815 2623 ι
2850 2569 2992 2641 Ergo
3020 2569 3211 2639 ingens
3240 2569 3512 2637 quoddam

1929 2665 2126 2720 divinae
2163 2664 2370 2720 Christi
2411 2663 3011 2719 virtutismiraculum
3059 2660 3317 2715 exhibere
3355 2659 3513 2714 nobis

1926 2759 2119 2813 volens
2153 2755 2473 2828 prophetica
2501 2756 2701 2819 oratio,
2727 2752 2942 2809 Domini
2966 2753 3022 2808 in
3047 2751 3342 2822 Egyptum
3365 2751 3513 2805 canit

1927 2850 2245 2913 adventrum,
2262 2847 2424 2921 422
2439 2847 2544 2903 sub
2572 2862 2735 2918 quem
2757 2860 2867 2901 non
2891 2844 3059 2900 levem
3091 2843 3328 2899 futuram
3343 2841 3513 2912 Egy-

1925 2943 2168 3014 ptiorum
2202 2943 2584 3004 mutationem,
2612 2939 2822 2994 divinat
2852 2937 3108 3007 deinceps
3143 2936 3223 2991 sic
3266 2935 3453 2991 dicens
3492 2955 3506 2989 ε

1930 3053 1953 3089 ι
1982 3030 2056 3106 Et
2082 3044 2420 3106 cognoscent
2445 3033 2689 3104 IEgyptii
2721 3031 3034 3094 Dominum,
3082 3048 3101 3083 ι
3134 3029 3227 3100 qui
3256 3027 3509 3083 videlicet

1926 3144 2034 3183 non
2082 3128 2487 3198 cognoscebant
2528 3126 2678 3179 illum
2712 3124 2887 3194 prius,
2928 3142 2948 3175 ι
2994 3130 3047 3178 et
3100 3120 3370 3177 vovcbunt
3398 3119 3508 3175 Do-

1924 3222 2072 3275 mino
2102 3228 2229 3276 vota
2252 3221 2321 3285 ",
2357 3239 2377 3273 ι
2410 3227 2464 3275 et
2503 3235 2625 3290 quze
2669 3218 2755 3272 his
2788 3217 2989 3273 similia
3035 3221 3360 3286 sequuntur.
3399 3209 3508 3267 Su-

1924 3313 2125 3384 periori
2155 3313 2375 3383 quidem
2420 3312 2673 3382 proximo
2701 3310 2880 3380 capite
2910 3306 3198 3364 haereditas
3226 3306 3377 3378 ejus,
3410 3306 3506 3376 qui

1925 3412 2194 3461 venturus
2217 3405 2455 3467 canitur,
2489 3403 2660 3459 Edom
2686 3410 2740 3458 et
2768 3400 2916 3457 Esau
2942 3400 3247 3462 dicebatur,
3300 3389 3505 3470 quippe

1920 3510 2045 3551 cum
2074 3495 2235 3550 alieni
2275 3498 2342 3550 ab
2377 3494 2541 3550 Israel
2574 3509 2639 3548 eo
2686 3495 2849 3549 modo
2893 3493 3333 3564 signiﬁcarentur
3365 3509 3379 3545 :
3414 3489 3505 3543 hic

221 3585 507 3655 νομένων*
540 3582 775 3638 ἐνταῦθα
810 3584 868 3637 δὲ
897 3585 930 3656 ἡ
967 3582 1259 3652 Αἴγυπτος,
1289 3583 1419 3647 λαὸς
1444 3585 1545 3637 οὐκ
1573 3583 1678 3650 ἔτι,
1705 3583 1814 3639 τῶν

1930 3603 2051 3644 vero
2095 3596 2158 3644 et
2202 3586 2472 3661 Egyptus
2499 3595 2554 3643 et
2605 3586 2824 3660 Egypti
2851 3586 3108 3657 populus,
3134 3601 3245 3641 non
3277 3584 3506 3639 simula-

222 3675 484 3740 εἰδώλων,
509 3674 624 3729 ἀλλ’
650 3674 819 3729 αὐτού
843 3675 937 3728 τοῦ
967 3674 1119 3747 παρὰ
1143 3677 1256 3739 τοῖς
1301 3671 1571 3729 Ἰουδαίων
1604 3678 1817 3748 προφή-

219 3783 349 3832 ταις
405 3765 824 3839 θεολογουμένου
882 3766 1087 3839 Κυρίου
1140 3767 1480 3833 θεσπίζεται.
1542 3770 1720 3842 ’Ἃπερ
1765 3771 1815 3823 εἰ

225 3860 329 3931 μὲν
385 3860 459 3931 μὴ
504 3860 625 3931 ὕψει
674 3858 1075 3931 συντελούμενα
1099 3859 1405 3931 θεωρεῖται,
1433 3862 1534 3915 οὐκ
1565 3860 1711 3915 ἔστιν
1739 3863 1816 3915 εί-

221 3954 354 4006 πεῖν
396 3951 497 4024 τὴν
545 3951 939 4023 θεσπιζομένην
990 3948 1174 4021 ἄφιξιν
1208 3952 1303 4006 τοῦ
1353 3952 1558 4025 Κυρίου
1597 3955 1677 4017 είς
1715 3954 1813 4024 τὴν

219 4045 500 4112 Αἴγυπτον
543 4045 823 4113 γεγονέναι
843 4061 858 4075 ο
886 4045 935 4097 εί
974 4043 1032 4096 δὲ
1058 4044 1198 4116 ὑπὲρ
1227 4045 1405 4098 πάντα
1440 4044 1595 4113 λόγον
1621 4048 1654 4117 ἡ
1680 4045 1812 4117 ἀλή-

219 4138 347 4191 θεια
366 4139 633 4208 μαρτυρεῖ
655 4139 768 4201 τοῖς
792 4136 1100 4219 πράγμασι,
1130 4138 1223 4191 καὶ
1249 4122 1362 4201 τοῖς
1395 4136 1813 4207 ἀγνωμονεστά-

217 4242 337 4293 τοις
363 4228 610 4302 ἐναργῶς
640 4229 909 4283 δείκνυσιν
955 4230 1150 4293 αὐτοὺς
1190 4231 1539 4299 Αἰγυπτίους,
1572 4231 1670 4300 τῆς
1711 4231 1811 4302 μὲν

220 4321 285 4388 ἐξ
317 4322 510 4384 αἰῶνος
555 4320 1036 4392 πατροπαραδότου
1077 4321 1499 4393 δεισιδαιμονίας
1532 4321 1810 4392 ἀνακεχω-

222 4414 481 4485 ρηκότας,
504 4413 881 4477 οίκειωθέντας
905 4414 963 4467 δὲ
984 4414 1064 4486 τῷ
1087 4413 1204 4484 Θεῷ
1228 4414 1339 4470 τῶν
1362 4412 1539 4468 ταῦτα
1567 4424 1809 4486 προανα-

218 4503 587 4573 φωνησάντων
627 4503 941 4575 προφητῶν,
979 4505 1076 4558 καὶ
1105 4504 1293 4558 τοῦτον
1332 4504 1491 4574 μόνον
1533 4503 1804 4569 σέϐοντας,

217 4596 319 4650 καὶ
357 4594 536 4648 πάντα
587 4594 815 4649 θάνατον
861 4595 1276 4667 ἀσπαζομένους
1301 4597 1443 4667 ὑπὲρ
1473 4594 1574 4665 τῆς
1602 4597 1683 4658 είς
1710 4595 1808 4649 αὐ-

214 4688 314 4743 τὸν
340 4689 647 4753 εὐσεϐείαςο
679 4687 796 4759 ὥρα
833 4689 907 4761 μὴ
933 4688 1107 4754 ἄλλως
1135 4688 1308 4744 ταῦτα
1338 4688 1621 4758 γεγονέναι
1676 4705 1802 4742 συν-

215 4778 505 4848 ομολογεϊν
528 4778 561 4850 ἢ
586 4777 680 4831 τοῦ
706 4776 910 4851 Κυρίου
937 4779 1258 4851 ἐληλυθότος
1280 4783 1360 4844 εἰς
1382 4779 1655 4849 Αἴγυπτον
1669 4781 1800 4835 ἁκο-

216 4864 428 4934 λούθως
460 4872 524 4942 τῇ
558 4872 893 4944 προκειμένῃ
926 4875 1247 4946 προρρήσει.
1280 4874 1437 4927 Ἐστι
1461 4873 1560 4944 μὲν
1591 4869 1684 4928 οὖν
1708 4874 1803 4927 καὶ

1919 3696 2138 3736 crorum
2176 3682 2411 3751 amplius
2466 3681 2685 3735 futurus
2740 3680 2977 3745 canitur,
3014 3678 3110 3735 sed
3135 3679 3256 3750 ejus
3286 3677 3505 3734 Domini

1916 3773 2012 3842 qui
2052 3770 2195 3841 apud
2229 3769 2545 3825 Iudaeorum
2574 3769 2871 3841 prophetas
2895 3784 2997 3841 pro
3022 3768 3134 3825 Deo
3161 3768 3495 3824 celebratur.

1916 3863 2049 3930 Quae
2072 3862 2117 3918 si
2141 3862 2316 3919 oculis
2346 3862 2615 3932 completa
2643 3877 2754 3918 non
2788 3868 3114 3928 cernuntur,
3146 3876 3214 3917 ne
3249 3860 3510 3917 dicamus

1916 3971 2049 4012 sane
2072 3954 2365 4010 adventum
2407 3955 2559 4009 illum
2596 3954 2832 4019 Domini,
2862 3955 2957 4025 qui
3001 3954 3057 4008 in
3088 3952 3384 4025 Egyptum
3411 3952 3500 4008 fu-

1916 4058 2074 4106 turus
2129 4050 2467 4121 praedicitur,
2532 4048 2701 4104 fuisse
2767 4047 2968 4103 adhuc.
3040 4045 3147 4101 Sed
3213 4047 3260 4102 si
3328 4061 3499 4117 supra

1914 4156 2132 4196 omnem
2182 4141 2472 4206 rationem,
2530 4140 2694 4195 rebus
2746 4137 2905 4193 fidem
2940 4137 3060 4207 ipsa
3092 4137 3298 4192 veritas
3343 4136 3494 4199 facit,

1914 4239 2078 4302 atque
2106 4232 2270 4287 etiam
2311 4231 2622 4287 rudissimis
2661 4238 2716 4285 et
2765 4245 2931 4285 sensu
2975 4228 3123 4284 omni
3179 4228 3496 4284 carentibus

1911 4325 2193 4380 evidenter
2218 4324 2480 4388 ostendit,
2538 4323 2687 4393 ipsos
2723 4320 3010 4393 Egyptios
3038 4321 3107 4376 ab
3126 4337 3198 4377 ea
3225 4322 3494 4392 supersti-

1912 4417 2061 4472 tione
2100 4417 2419 4481 recessisse,
2455 4430 2619 4489 quam
2648 4431 2824 4485 usque
2846 4415 2930 4469 ab
2971 4414 3131 4469 initio
3174 4429 3205 4468 a
3240 4413 3494 4484 patribus

1913 4509 2030 4564 suis
2084 4515 2445 4579 acceperant,
2507 4508 2696 4578 illique
2752 4508 2864 4564 Deo
2924 4507 3241 4571 adhaesisse,
3300 4507 3393 4578 qui
3462 4522 3494 4561 a

1912 4598 2194 4669 prophetis
2224 4600 2340 4654 base
2368 4599 2487 4670 ipsa
2515 4598 2888 4654 divinantibus
2917 4598 3291 4663 colebatur,et
3323 4612 3494 4651 unum

1911 4690 2057 4746 hunc
2086 4692 2303 4747 interim
2334 4693 2534 4756 colere,
2562 4707 2738 4763 neque
2773 4692 2938 4746 ullam
2973 4700 3203 4748 mortem
3234 4704 3493 4748 recusare

1910 4800 2010 4856 pro
2042 4785 2193 4840 cultu
2245 4793 2300 4842 et
2339 4788 2540 4855 pietate
2594 4796 2724 4857 erga
2754 4786 2947 4839 illum:
2994 4784 3126 4857 quid
3179 4785 3328 4841 aliud
3376 4785 3489 4856 jam

1911 4885 2182 4946 superest,
2210 4877 2320 4934 nisi
2373 4885 2431 4933 ut
2484 4877 2757 4935 fateamur
2800 4894 2911 4933 non
2947 4880 3103 4935 aliter
3158 4879 3263 4934 ista
3311 4879 3491 4934 conti—

216 4960 398 5024 ἄλλως
420 4960 511 5015 τὸν
538 4962 695 5031 λόγον
721 4963 1052 5018 αἰνίττεσθαι
1083 4964 1363 5038 τροπικῶς
1376 4966 1480 5020 ⁸τὸν
1523 4966 1802 5038 περίγειον

1930 4968 2073 5037 τίεεε,
2111 4980 2273 5038 quam
2306 4983 2403 5039 per
2447 4968 2664 5025 Domini
2718 4969 2775 5024 in
2828 4967 3124 5040 Egyptum
3169 4968 3486 5033 adventum,

217 5054 447 5124 κόσμον,
487 5056 567 5119 εἰς
608 5056 667 5109 ὃν
707 5057 735 5108 ὁ
780 5056 936 5125 λόγος
980 5057 1313 5130 προφητεύει
1341 5058 1434 5111 τὸν
1465 5057 1670 5130 Κύριον
1712 5060 1806 5112 ἐπὶ

1930 5058 2053 5114 ιὶοιιι
2081 5059 2403 5115 vaticinium
2434 5061 2684 5131 proxime
2735 5061 3045 5132 expositum
3103 5059 3491 5131 signiﬁcabat?

218 5146 453 5217 νεφέλης
497 5148 705 5220 κούφης
751 5148 923 5217 ἥξειν,
969 5150 1114 5204 οὕτω
1160 5151 1250 5204 τὸν
1291 5152 1356 5204 ὲκ
1401 5150 1680 5222 Παρθένου
1712 5150 1806 5204 καὶ

1930 5149 1974 5205 Ξι
1997 5150 2132 5205 nihil
2150 5152 2369 5221 quidem
2393 5151 2620 5224 impedit
2641 5153 2799 5209 aliter
2819 5170 3038 5225 quoque
3065 5152 3208 5208 idem
3238 5154 3489 5224 accipere

216 5238 540 5311 Πνεύματος
576 5241 731 5309 ἁγίου
770 5241 1041 5314 ληφθέντα
1065 5242 1213 5314 αὐτῷ
1249 5243 1535 5315 ἄνθρωπον
1573 5242 1804 5298 αἰνιττό-

1930 5242 2208 5305 rraculum,
2227 5251 2286 5297 ut
2315 5242 2568 5298 videlicet
2597 5243 2824 5314 ﬁgurate
2849 5251 3126 5299 terrenum
3156 5244 3304 5299 hunc
3333 5258 3489 5297 mun-

219 5342 385 5399 μενος
403 5346 418 5363 ο
446 5332 797 5403 χειροποίητα
821 5333 879 5387 δὲ
902 5333 1178 5403 Αἰγύπτου
1201 5334 1580 5407 σεισθήσεσθαι
1601 5334 1671 5389 τὰ
1688 5334 1799 5388 τῶν

1930 5334 2033 5389 lum
2059 5333 2331 5406 signiﬁcet
2357 5353 2372 5390 :
2396 5336 2452 5390 in
2476 5350 2638 5406 quem
2660 5335 2824 5391 verba
2862 5336 2982 5407 ipsa
3002 5334 3295 5390 Dominum
3321 5350 3487 5405 super

211 5420 391 5475 ἐθνῶν
436 5420 620 5488 ξόανα,
649 5427 744 5478 καὶ
787 5426 917 5490 τοὺς
965 5428 1022 5480 ὲν
1060 5427 1246 5491 αὐτοῖς
1286 5427 1568 5499 δαίμονας,
1614 5427 1691 5492 ὡς
1727 5423 1797 5483 αὗ

1930 5427 2051 5482 iube
2068 5427 2173 5483 levi
2203 5435 2492 5483 venturum
2526 5428 2891 5483 vaticinentur
2923 5447 2937 5482 :
2969 5427 3173 5499 quippe
3220 5442 3343 5498 qua:
3378 5422 3483 5482 hoc

212 5512 384 5567 πάλιν
434 5517 765 5584 Αἰγυπτίους
817 5518 1165 5590 ἡττωμένους
1214 5519 1422 5584 πάντας
1468 5522 1594 5585 τοὺς
1632 5520 1800 5576 πάλαι

1930 5520 2069 5577 nodo
2094 5520 2369 5577 hominem
2404 5522 2472 5577 ab
2502 5521 2597 5577 illo
2629 5522 2698 5577 de
2732 5521 2953 5594 Virgine
2980 5529 3035 5578 et
3066 5520 3271 5593 Spiritu
3290 5528 3482 5577 sancto

209 5603 483 5677 πρότερον
550 5609 679 5681 περὶ
740 5610 839 5682 τὴν
912 5611 1354 5685 εἰδωλολατρείαν
1406 5613 1797 5685 ἐπτοημένους.

1930 5622 2274 5688 ιεεοιιιριιιιιι,
2327 5614 2554 5689 intelligi
2618 5615 2808 5674 velint.
2868 5614 3031 5673 Manu
3099 5622 3280 5673 autem
3335 5612 3481 5668 facta

285 5760 332 5795 ⁸⁸
368 5760 474 5819 lsa.
508 5778 639 5837 xix,
680 5765 731 5821 l.
810 5767 857 5800 "
896 5766 1066 5825 Exod.
1100 5784 1128 5826 r
1152 5811 1166 5839 ,
1197 5770 1250 5825 2.
1327 5772 1373 5803 ³³
1413 5769 1548 5827 ibid.
1578 5769 1671 5827 2i.
