3836 6220
401 315 511 375 659

1041 315 1312 375 EUSEBII
1344 312 1825 372 CASSARIENSIS
1861 315 2015 374 OPP.
2056 314 2256 374 PARS.
2298 315 2451 372 Il.-—
2486 313 2988 371 APOLOGETICA.

3559 315 3668 375 σω

401 430 625 503 «Earini
656 436 1070 497 commovenda,
1121 435 1239 504 ipsa
1271 434 1512 505 gentium
1565 430 1859 487 simulacra
1881 471 1896 496 ,
1924 447 1953 487 e

2081 431 2228 503 Πλὴν
2259 431 2395 486 ἀλλὰ
2413 431 2508 486 καὶ
2539 431 2869 502 σωματικῶς
2887 432 2980 486 τοῦ
3015 433 3268 506 Σωτῆρος
3299 435 3456 508 ήμῶν
3488 437 3652 490 ἐπεισ

399 521 457 576 in
491 523 599 578 illis
626 523 934 580 habitantes
957 524 1254 591 dzemonas,
1290 525 1432 580 sicut
1459 539 1655 580 rursus
1688 521 1973 596 Egyptios

396 615 598 680 victos,
634 632 827 673 omnes
874 617 1152 688 prioribus
1179 617 1307 674 olim
1343 617 1680 688 temporibus
1729 616 1975 671 colendis

399 704 712 761 simulacris
741 705 1008 763 addictos.
1046 706 1297 763 Attamen
1328 724 1450 762 cum
1503 707 1666 763 etiam
1701 708 1819 778 ipso
1849 721 1975 762 cor-

396 811 531 867 pore
563 794 814 852 Salvator
842 806 1030 854 noster
1073 803 1129 853 in
1185 808 1387 855 terram
1419 797 1731 870 Egyptian]
1781 807 1971 856 vectus

396 888 489 948 sit,
518 903 628 958 quo
652 896 898 960 tempore
922 891 1151 946 oraculo
1185 892 1423 948 monitus
1471 890 1674 962 Ioseph
1707 890 1968 956 surrexit,

395 978 731 1051 Mariamque
760 998 867 1037 una
912 999 1035 1038 cum
1087 986 1316 1055 puerulo
1354 984 1595 1055 accepit!,
1631 992 1836 1039 etcum
1869 998 1969 1038 oc-

392 1072 539 1126 culta
586 1089 686 1128 sua
713 1074 914 1131 virtute
941 1083 1104 1146 atque
1131 1073 1367 1131 emcacia
1418 1077 1473 1130 in
1508 1075 1800 1147 IEgyptum
1845 1089 1973 1145 per—

389 1164 562 1228 venit,
613 1165 884 1237 malignas
934 1167 1010 1222 ibi
1069 1166 1223 1237 prius
1276 1167 1592 1227 habitantes
1648 1173 1967 1236 potestates,

2081 526 2431 597 κομισθέντος
2500 528 2564 597 τῇ
2615 526 2928 595 Αιγυπτίων
2987 525 3161 600 χώρᾳ,
3204 529 3315 591 ὅτε,
3361 530 3507 585 κατὰ
3570 529 3667 583 τὸν

2080 618 2345 690 χρησμὸν,
2385 617 2639 682 ἀναστὰς
2665 621 2694 672 6
2744 618 2941 690 Ἰωσὴφ
2987 619 3260 691 παρέλαϐε
3287 620 3385 692 τὴν
3427 622 3665 694 Μαριὰμ

2078 713 2176 765 καὶ
2206 711 2267 763 τὸ
2307 710 2540 775 παιδίον,
2574 712 2667 765 καὶ
2711 706 2875 783 ἦλθεν
2923 712 3003 776 εἰς
3039 712 3333 781 Αἴγυπτον,
3361 715 3663 787 ὰπορῥήτῳ

2074 804 2301 876 δυνάμει
2356 804 2453 858 καὶ
2498 804 2748 876 ἐνεργείᾳ
2789 803 2889 868 τλάς
2914 803 3102 859 αὐτόθι
3143 803 3205 858 τὸ
3245 805 3375 876 πρὶν
3406 806 3662 872 οἰκούσας

2076 896 2319 966 πονηρὰς
2360 896 2621 969 δυνάμεις
2652 898 2800 961 εἰκὸς
2842 897 2904 950 ού
2938 897 3151 970 μικρῶς
3187 898 3529 969 κεκινῆσθαι,
3563 900 3662 952 καὶ

2074 987 2309 1058 μάλιστα
2360 988 2451 1041 ὅτε
2482 989 2571 1042 διὰ
2597 989 2697 1060 τῆς
2748 989 3041 1060 μετέπειτα
3086 989 3435 1052 διδασκαλίας
3491 987 3659 1044 αὐτοῦ

2074 1078 2243 1149 μυρία
2276 1078 2456 1150 πλήθη
2480 1080 2592 1133 τῶν
2642 1080 2738 1151 τὴν
2774 1080 3049 1150 Αἴγυπτον
3077 1081 3388 1143 οἰκούντων,
3422 1082 3523 1152 τῆς
3546 1080 3659 1134 τῶν

2069 1170 2339 1243 δαιμόνων
2392 1173 2741 1242 ἀποφυγόντα
2791 1174 3131 1246 πλανήσεως,
3165 1174 3246 1228 ἔτι
3290 1176 3385 1229 καὶ
3428 1175 3524 1228 νῦν
3561 1175 3659 1229 τδν

389 1271 500 1311 non
521 1257 870 1315 mediocriter
895 1266 1197 1316 commotas
1216 1258 1386 1315 fuisse
1410 1274 1509 1328 par
1532 1265 1704 1321 est,et
1730 1258 1953 1311 maximi

2070 1260 2180 1314 τῶν
2203 1261 2340 1315 ὅλων
2381 1262 2634 1333 ὁμολογεῖ
2666 1263 2826 1334 μόνον
2869 1265 3065 1319 εἰδέναι
3091 1264 3244 1321 Θεόν.
3273 1266 3355 1319 Τὰ
3386 1266 3432 1319 δ’
3460 1268 3518 1319 ἐν
3541 1269 3659 1327 τοίς

387 1363 513 1403 cun
563 1359 753 1419 postea
808 1367 906 1421 per
959 1352 1107 1408 illius
1167 1352 1475 1406 doctrinam
1536 1350 1953 1405 innumerabiles

2073 1352 2201 1422 ἐξῆς
2247 1355 2629 1429 ἐπιλεγόμενα,
2682 1358 3055 1430 αἰνιγματώδη
3108 1360 3258 1423 ὄντα,
3302 1359 3545 1425 πλείονός
3589 1377 3655 1415 τε

386 1456 599 1505 eorum,
632 1443 726 1513 qui
768 1442 1063 1516 IEgyptum
1098 1445 1345 1500 incolunt
1395 1450 1731 1507 conventus,
1779 1443 1848 1498 ab
1876 1457 1953 1497 er-

2071 1445 2300 1518 δεόμενα
2352 1451 2756 1522 πραγματείας,
2797 1453 2885 1506 ἐπ’
2908 1452 3115 1518 οἰκείας
3147 1453 3338 1526 σχολῆς
3384 1454 3653 1527 ἑρμηνεύ-

386 1547 513 1588 rore
545 1547 610 1588 ac
647 1533 843 1590 fraude
883 1535 1192 1591 dmmonum
1233 1536 1590 1600 recedentes,
1625 1536 1789 1591 etiam
1818 1550 1965 1589 nunc
2073 1555 2258 1610 σομεν.

385 1638 555 1679 unum
588 1626 827 1681 universi
861 1626 1029 1683 Deum
1074 1644 1134 1687 se
1171 1643 1338 1686 nosse
1368 1626 1860 1699 fateantur.‘423
1908 1625 2041 1693 Qua:
2080 1647 2208 1688 vero
2266 1634 2527 1709 deinceps
2572 1647 2895 1711 sequuntur,
2939 1656 3063 1696 cum
3107 1639 3525 1697 obscurioribus
3588 1633 3654 1689 ﬂ-

384 1715 538 1784 gnris
576 1717 838 1787 implicita
861 1721 991 1785 sint,
1033 1735 1287 1792 curaeque
1320 1736 1386 1775 ac
1431 1721 1725 1793 diligentiae
1784 1719 2013 1790 majoris
2051 1722 2352 1797 indigeant,
2414 1732 2553 1788 alias
2596 1749 2880 1801 seorsum,
2930 1749 3057 1790 cum
3096 1750 3194 1807 per
3228 1734 3399 1790 otium
3444 1732 3647 1804 licebit,

384 1808 887 1878 interpretabimur,

383 1945 426 2000 Δ
470 1945 745 2035 Numeris.
789 1979 861 1989 --
904 1949 1362 2035 Quemadmodum
1410 1952 1656 2011 Christus
1699 1954 1753 2007 in
1792 1950 1953 2035 {Egy-

2082 1953 2222 2010 Ἀπὸ
2258 1956 2801 2035 τῶζμἈριθμῷν.ῗ-
2828 1962 2925 2035 ’.Ως
2964 1966 2998 2017 ό
3046 1962 3300 2031 Χριστὸς
3343 1965 3433 2031 είς
3475 1966 3651 2035 Λιτυ-

450 2027 601 2155 jfilum
630 2027 901 2082 venturus,
943 2031 1099 2091 atque
1140 2022 1291 2076 illinc
1330 2040 1634 2079 reversurus
1678 2023 1953 2094 praedicta:

481 2089 638 2143 uerit.

2137 2041 2293 2083 πτον
2334 2022 2527 2098 ἢξσιὶρ,
2572 2022 2860 2087 ’κάκεῖθεν
2898 2022 3423 2091 ἐπανελεύσεσθαὶ
3448 2022 3646 2104 πρόει-

2128 2116 2298 2155 nmo.

481 2089 638 2143 uerit.
1013 2089 1020 2091 “
1679 2089 1689 2094 ’

2127 2116 2298 2166 ρητο.

463 2219 483 2251 ι
516 2199 664 2255 Dixit
696 2201 914 2258 Balaam
967 2205 1108 2261 lilius
1139 2204 1278 2262 Beor
1312 2225 1325 2260 :
1361 2207 1499 2262 dixit
1527 2207 1690 2265 homo
1720 2209 1814 2279 qui
1840 2224 1967 2265 vere

381 2292 554 2357 videt,
588 2292 725 2347 dixit
769 2295 863 2363 qui
894 2296 1047 2351 audit
1073 2299 1298 2353 oracula
1332 2298 1512 2365 fortis,
1558 2301 1653 2371 qui
1697 2302 1964 2356 visionem

383 2383 480 2439 Dei
546 2385 719 2452 vidit,
774 2387 830 2442 in
889 2403 1083 2445 somno
1149 2393 1323 2463 aperti
1374 2393 1518 2448 oculi
1583 2393 1739 2463 ejus,
1798 2409 1962 2465 quam

382 2477 624 2547 pulchrae
646 2479 842 2536 domus
874 2489 979 2537 tuae
1001 2481 1171 2540 Iacob
1191 2525 1207 2550 ,
1241 2486 1590 2541 tabernacula
1633 2495 1727 2541 tua
1770 2486 1960 2551 Israel,

380 2573 443 2621 ut
472 2569 644 2626 saltus
667 2572 933 2640 umbrosi,
959 2582 1015 2630 et
1041 2577 1203 2646 quasi
1233 2577 1426 2633 hortus
1455 2578 1614 2648 juxta
1636 2578 1881 2645 ﬂumina,
1908 2586 1963 2635 et

379 2662 539 2729 quasi
574 2662 925 2720 tabernacula
954 2682 1078 2737 qum
1118 2667 1233 2722 ﬁxit
1262 2668 1548 2737 Dominus,
1573 2672 1733 2742 quasi
1761 2672 1961 2729 cedrus

372 2750 530 2821 juxta
563 2768 757 2825 aquas.
787 2755 1113 2828 Egredietur
1153 2761 1317 2819 homo
1366 2764 1435 2821 de
1482 2766 1692 2822 semine
1738 2768 1881 2838 ejus,
1905 2776 1962 2825 et

376 2842 751 2902 dominabitur
799 2851 1055 2920 gentibus
1114 2854 1334 2921 multis,
1389 2864 1447 2911 et
1490 2859 1789 2917 extolletur
1842 2858 1961 2932 Gog

373 2950 627 3008 regnum,
680 2947 735 2997 et
781 2944 1069 3014 augebitur
1113 2962 1339 3018 regnum
1390 2950 1532 3020 ejus.
1602 2950 1748 3010 Deus
1801 2952 1959 3009 duxit

374 3028 529 3084 illum
580 3047 647 3086 ex
698 3031 956 3105 Egypto,
1010 3040 1167 3107 quasi
1226 3041 1398 3111 gloria
1431 3044 1799 3102 rhinocerotis
1854 3046 1954 3104 illi.

384 3117 681 3177 Devorabit
705 3133 897 3195 gentes
922 3126 1272 3185 inimicorum
1306 3146 1555 3201 suorum,
1600 3142 1656 3191 et
1689 3138 1959 3194 crassitu-

374 3211 533 3267 dines
562 3228 751 3270 eorum
777 3219 1105 3286 attenuabit,
1136 3230 1191 3277 et
1236 3224 1438 3290 jaculis
1484 3227 1602 3285 suis
1638 3228 1795 3287 feriet
1843 3233 1953 3287 ini—

2137 2236 2165 2263 u
2197 2215 2334 2285 Φησὶ
2381 2215 2610 2289 Βαλαὰμ
2658 2217 2772 2281 υίὸς
2804 2216 2982 2289 Βεὼρ·
3031 2218 3193 2287 φησὶν
3236 2218 3265 2271 6
3296 2216 3581 2290 ἄνθρωπος
3619 2221 3648 2272 6

2065 2304 2337 2378 ἀληθινῶς
2381 2307 2542 2379 ὁρῶν,
2580 2308 2744 2379 φησὶν
2782 2309 2996 2363 ἀκούων
3038 2309 3192 2377 λόγια
3230 2304 3476 2380 ἰσχυροῦ,
3500 2310 3647 2373 ὅστις

2063 2398 2254 2470 ὅρασιν
2309 2400 2444 2467 Θεοῦ
2494 2398 2667 2468 εἶδεν,
2713 2403 2770 2454 ἐν
2829 2402 2981 2469 ὕπνῳ
3028 2401 3547 2473 ἅποκεκαλυμμένοι
3594 2403 3646 2456 oi

2061 2490 2330 2563 ὀφθαλμοὶ
2381 2494 2567 2560 αὑτοῦ,
2608 2495 2685 2559 ὡς
2733 2495 2885 2550 καλοὶ
2914 2498 2964 2549 oi
3009 2491 3148 2549 οἶκοί
3178 2512 3293 2560 σου,
3336 2494 3554 2560 Ἰακὼϐ,
3586 2496 3643 2550 αἱ

2064 2584 2260 2655 σκηναί
2307 2602 2422 2650 σου,
2471 2586 2707 2660 Ἰσραήλ,
2753 2588 2885 2642 ὡσεὶ
2934 2588 3102 2643 νάπαι
3160 2586 3505 2654 σκιάζουσαι,
3553 2589 3645 2645 καὶ

2060 2678 2137 2742 ὼς
2185 2678 2511 2749 παράδεισος
2566 2682 2661 2734 ἐπὶ
2712 2681 2996 2753 ποταμῶν,
3025 2681 3117 2736 καὶ
3151 2682 3284 2736 ὡσεὶ
3335 2683 3553 2754 σκηναὶ,
3579 2682 3645 2748 ἃς

2059 2769 2229 2842 ἔπηξε
2263 2771 2487 2845 Κύριος,
2512 2772 2642 2828 ὡσεὶ
2664 2775 2846 2847 κέδροι
2880 2779 3009 2848 παρ’
3044 2774 3232 2830 ὕδατα.
3277 2776 3643 2842 Ἐξελεύσεται

2058 2863 2345 2934 ἄνθρωπος
2401 2866 2466 2918 ἐκ
2516 2865 2609 2918 τοῦ
2659 2866 2973 2938 σπέρματος
3002 2867 3195 2933 αὐτοῦ,
3230 2870 3326 2923 καὶ
3363 2869 3641 2941 κυριεύσει

2059 2956 2228 3010 ἐθνῶν
2261 2957 2497 3023 πολλῶν,
2528 2959 2622 3012 καὶ
2666 2960 3014 3032 ὑψωθήσεται
3044 2962 3078 3033 ή
3107 2960 3230 3031 Γὼγ
3262 2962 3531 3033 βασιλεία,
3550 2963 3641 3019 καὶ

2057 3049 2484 3122 αὑξηθήσεταιή
2522 3052 2765 3123 βασιλεία
2807 3053 2993 3108 αὑτοῦ.
3028 3054 3162 3119 Θεὸς
3213 3055 3498 3127 ὡδήγησεν
3546 3057 3641 3109 αύ-

2054 3143 2147 3198 τδν
2180 3142 2241 3208 ἐξ
2271 3144 2569 3214 Αἰγύπτου,
2600 3144 2676 3209 ὡς
2703 3145 2833 3212 δόξα
2870 3146 3240 3217 μονοκέρωτος
3287 3146 3459 3219 αὐτῷ.
3490 3147 3640 3201 Ἐδε-

2054 3253 2145 3289 ται
2179 3234 2303 3307 ἔθνη
2337 3235 2548 3308 ἐχθρῶν
2580 3236 2767 3301 αὑτοῦ,
2804 3238 2898 3291 καὶ
2935 3239 3004 3292 τὰ
3046 3238 3195 3310 πάχη
3246 3240 3427 3292 αὐτῶν
3470 3241 3638 3311 ἐκμυ-

375 3302 604 3366 micum.
628 3304 918 3365 Accubans
945 3311 1153 3381 quievit
1176 3320 1235 3368 ut
1259 3316 1363 3380 leo,
1388 3324 1441 3372 et
1468 3325 1528 3372 ut
1559 3321 1798 3387 catulus,
1831 3324 1953 3394 quis

2060 3325 2181 3391 λιεί,
2216 3327 2309 3382 καὶ
2356 3329 2476 3391 ταῖς
2526 3327 2727 3398 βολίσιν
2760 3327 2926 3383 αὑτοῦ
2984 3328 3374 3394 κατατοξεύσει
3423 3330 3637 3402 ἐχθρόν.

373 3392 637 3449 excitabit
687 3396 881 3452 illum?
919 3402 1010 3471 qui
1056 3402 1384 3461 benedicunt
1434 3409 1556 3475 tibi,
1608 3412 1745 3483 ipsis
1787 3392 1954 3470 bene-

373 3482 581 3540 dictum
602 3494 707 3552 est,
732 3497 784 3545 et
813 3491 906 3561 qui
927 3494 1262 3552 maledicunt
1293 3499 1408 3569 tibi,
1440 3502 1576 3573 ipsis
1604 3507 1952 3562 maledictum

371 3583 458 3631 est
493 3578 561 3631 ⁸⁷.
583 3597 602 3630 ι
628 3578 894 3652 Superius
926 3601 1026 3657 per
1049 3603 1169 3643 eam
1193 3592 1536 3663 prophetiam
1564 3610 1684 3666 quae
1704 3599 1952 3667 proxime

371 3675 620 3745 exposita
671 3684 779 3740 est,
832 3678 961 3733 dum
1011 3683 1316 3749 oraculum,
1349 3694 1640 3742 venturum
1688 3691 1745 3744 in
1779 3689 1953 3763 Egy-

370 3772 525 3836 ptum
581 3765 873 3824 Dominum
921 3769 1182 3840 aﬂirmat,
1239 3773 1538 3834 Salvatoris
1595 3781 1769 3836 nostri
1819 3780 1948 3838 Jcsu

369 3857 572 3915 Christi
624 3862 1006 3933 migrationem
1056 3881 1163 3921 una
1193 3882 1315 3923 cum
1361 3871 1678 3938 parentibus
1730 3873 1846 3928 suis
1894 3875 1949 3930 in

367 3946 671 4022 Egyptum
725 3953 800 4008 illi
840 3955 943 4025 ipsi
1006 3956 1246 4015 futuram
1291 3961 1588 4019 indicabat.
1624 3962 1724 4019 Hic
1766 3974 1949 4022 autem

368 4040 605 4097 reditum
637 4043 707 4100 ab
729 4043 987 4119 E‘gypto,
1011 4058 1070 4104 ut
1094 4050 1229 4104 ordo
1247 4052 1508 4121 postulat,
1536 4070 1647 4125 quo
1673 4054 1726 4109 in
1748 4063 1945 4111 terram

367 4130 538 4189 Israel
566 4150 676 4190 una
707 4151 834 4192 cum
898 4141 1219 4208 parentibus
1242 4158 1499 4201 reversus
1523 4154 1630 4208 est,
1663 4148 1812 4203 canit
1860 4148 1947 4206 his

365 4228 589 4284 verbis:
632 4247 651 4280 ι
683 4228 828 4287 Deus
854 4232 1009 4287 duxit
1032 4233 1181 4289 illum
1208 4236 1279 4290 ab
1308 4236 1564 4311 Egypto.
1607 4260 1626 4293 ι
1660 4240 1824 4300 Solus
1850 4259 1948 4300 au-

363 4323 478 4372 tem
506 4319 715 4374 exstitit
756 4319 1007 4378 Salvator
1042 4331 1097 4380 et
1133 4324 1393 4385 Dominus
1426 4343 1612 4388 noster
1640 4332 1821 4400 Iesus,
1852 4336 1946 4406 qui

364 4405 621 4467 Christus
658 4420 745 4468 est
771 4412 888 4479 Dei,
927 4431 1106 4486 neque
1145 4418 1287 4476 alius
1336 4429 1599 4492 praeterea
1625 4405 1942 4498 quisquam,

361 4518 432 4561 ex
475 4506 684 4563 semine
717 4508 906 4577 Israel,
940 4519 995 4565 et
1041 4508 1268 4568 Iudaica
1297 4525 1457 4586 gente
1489 4521 1802 4590 profectus,
1850 4526 1944 4596 qui

2056 3417 2423 3483 Κατακλιθεὶς
2466 3419 2811 3474 ἀνεπαύσατο
2849 3420 2925 3486 ὡς
2949 3420 3105 3485 λέων,
3136 3406 3232 3476 καὶ
3259 3423 3337 3487 ὡς
3368 3422 3636 3494 σκύμνος’

2053 3513 2139 3576 τίς
2172 3514 2356 3585 ἐγερεῖ
2401 3514 2599 3581 αὑτόν;
2628 3516 2677 3573 οἱ
2704 3514 3051 3585 εὐλογοῦντες
3075 3533 3134 3569 σε
3168 3516 3510 3589 εὐλόγηνται,
3545 3518 3638 3573 καὶ

2053 3607 2103 3660 ot
2133 3605 2512 3678 καταρώμενοί
2541 3623 2601 3659 σε
2638 3609 3057 3679 κεκατήρανται.
3090 3626 3108 3659 ι
3130 3607 3413 3680 Ἀνωτέρω
3437 3607 3638 3677 διάτῆς

2053 3700 2502 3773 προτεταγμένης
2553 3700 2890 3772 προφητείας
2946 3702 3125 3772 φήσας
3175 3702 3204 3754 ὁ
3250 3702 3499 3773 χρησμὸς
3544 3701 3639 3756 τὸν

2052 3793 2257 3866 Κύριον
2285 3793 2434 3865 ἥξειν
2468 3795 2549 3857 είς
2588 3794 2883 3862 Αἴγυπτον,
2916 3793 3105 3864 ἐδήλου
3134 3792 3233 3863 τὴν
3254 3792 3349 3846 τοῦ
3385 3794 3637 3865 Σωτῆρος

2052 3886 2209 3958 ήμῶν
2256 3886 2432 3956 Ἰησοῦ
2467 3885 2704 3958 Χριστοῦ
2736 3886 3076 3959 διακομιδὴν,
3103 3886 3203 3957 τὴν
3242 3886 3361 3959 ἅμα
3403 3889 3517 3951 τοῖς
3549 3903 3639 3955 γο-

2051 3978 2236 4033 νεῦσιν
2282 3980 2363 4042 είς
2387 3978 2665 4046 Αἴγυπτον
2707 3977 2855 4051 αύτῷ
2885 3980 3286 4052 γενησομένην·
3321 3982 3381 4036 ἐν
3426 3978 3638 4043 τούτοις

2049 4071 2107 4125 δὲ
2139 4073 2238 4145 τὴν
2272 4072 2527 4128 ἐπάνοδον
2561 4073 2688 4145 ἐξῆς
2730 4075 2826 4129 καὶ
2857 4074 3165 4138 ἀκολούθως
3202 4073 3300 4144 τὴν
3346 4074 3443 4131 ἀπ’
3467 4072 3638 4143 Αίγύ-

2050 4181 2208 4227 πτου,
2235 4166 2300 4238 ἢν
2328 4165 2444 4236 ἅμα
2484 4165 2598 4228 τοῖς
2635 4164 2885 4234 γονεῦσιν
2917 4167 2997 4230 είς
3020 4166 3120 4238 τὴν
3147 4166 3251 4235 γῆν
3278 4164 3374 4218 τοῦ
3416 4165 3637 4238 Ἰσραὴλ

2049 4259 2362 4331 ἐποιήσατο,
2393 4256 2637 4322 θεσπίζει
2670 4257 2876 4327 λέγων·
2919 4278 2938 4310 ι
2990 4258 3122 4323 Θεὸς
3159 4258 3443 4331 ὡδήγησεν
3472 4259 3639 4315 αὑτὸν

2049 4350 2108 4416 ἐξ
2149 4350 2446 4420 Αἰγύπτου.
2489 4368 2509 4401 ι
2547 4349 2725 4414 Μόνος
2773 4348 2830 4403 δὲ
2875 4344 2944 4420 ἦν
3000 4349 3030 4402 6
3065 4349 3258 4423 Σωτὴρ
3299 4351 3396 4404 καὶ
3428 4351 3640 4424 Κύριος

2046 4446 2078 4514 ἡ
2090 4444 2205 4515 μῶν
2245 4442 2455 4512 Ἰησοῦς
2492 4443 2521 4496 6
2559 4442 2797 4515 Χριστὸς
2827 4440 2923 4497 τοῦ
2965 4442 3124 4507 Θεοῦ,
3152 4445 3246 4496 καὶ
3283 4443 3406 4497 οὐδὲ
3453 4444 3637 4509 ἄλλος,

2047 4538 2075 4590 6
2102 4537 2166 4588 ἐκ
2193 4534 2287 4589 τοῦ
2319 4534 2631 4606 σπέρματος
2661 4533 2900 4606 Ἰσραὴλ,
2917 4532 3118 4587 καὶτοῦ
3156 4533 3427 4588 Ἰουδαίων
3447 4534 3641 4598 ἔθνους

361 4594 551 4650 multis
582 4596 897 4655 dominatus
954 4601 1025 4656 sit
1060 4604 1344 4672 gentibus,
1377 4614 1436 4661 ut
1483 4610 1690 4682 absque
1722 4594 1942 4669 haesita-

361 4682 510 4712 HA..-
546 4685 701 4712 t.....-:
740 4705 959 4712 _---_-_
1001 4692 1065 4712 ,ει
1472 4701 1501 4712 ν.
1543 4703 1553 4712 .
1601 4704 1613 4712 .
1746 4705 1758 4712 .
1852 4707 1903 4712 ---

2060 4625 2347 4700 προελθὼν,
2517 4594 2752 4681 πολλῶν,
2779 4594 3217 4699 κατακυριεύσας
3251 4626 3441 4689 ἐθνῶν,
3491 4626 3638 4682 ὥστε

360 4682 511 4740 tione
545 4685 704 4743 fateri
737 4705 965 4747 necesse
996 4692 1088 4761 sit,
1122 4710 1365 4766 prmsens
1395 4701 1709 4759 vaticinium
1745 4705 1802 4760 in
1847 4707 1943 4763 illo

2060 4682 2425 4793 ιναμφιλόγως
2447 4717 2826 4790 ὁμολογεῖσθαι
2858 4682 3033 4790 πέραις
3064 4682 3215 4791 ἔχειν
3241 4720 3326 4773 ἐπ’
3349 4682 3507 4789 αὐτῷ
3542 4721 3642 4775 καὶ

359 4776 567 4832 exitum
627 4796 787 4837 suum
818 4782 1118 4851 invenisse,
1148 4797 1334 4860 utpote
1364 4793 1506 4861 quod
1554 4796 1733 4866 palam
1760 4813 1940 4854 enun-

359 4868 481 4934 tiet,
509 4871 576 4927 de
600 4870 830 4931 Iudaica
856 4888 1015 4947 gente
1044 4895 1396 4952 egressurum
1429 4888 1717 4956 quemdam
1756 4889 1939 4947 homi-

357 4979 484 5020 nem
518 4964 685 5039 424
717 4975 771 5024 et
814 4969 1220 5029 dominaturum
1254 4978 1507 5048 gentibus
1563 4983 1752 5040 multis
1785 5004 1799 5040 :
1843 4992 1939 5041 aut

358 5057 543 5127 quivis
590 5059 723 5114 mihi
753 5060 924 5132 dicat,
978 5072 1161 5121 utrum
1211 5067 1501 5128 habeatex
1531 5072 1601 5130 iis
1641 5076 1733 5147 qui
1787 5080 1933 5151 apud

357 5147 618 5207 Hebraeos
678 5168 919 5225 unquam
986 5156 1228 5216 illustres
1290 5160 1494 5219 fuerint
1549 5167 1714 5224 alium
1772 5147 1934 5244 quem

355 5240 618 5311 proferat,
672 5245 765 5314 qui
817 5248 1114 5306 multarum
1164 5254 1405 5326 gentium
1454 5240 1806 5318 dominatum—
1845 5280 1938 5321 ac-

356 5334 581 5401 ceperit.
614 5335 779 5409 Atqui
799 5355 959 5398 nemo
989 5360 1228 5416 unquam
1251 5347 1398 5405 istud
1418 5351 1638 5420 dixerit,
1678 5358 1936 5426 quoniam

354 5439 427 5481 ne
465 5426 671 5484 factum
712 5431 932 5501 quidem
973 5444 1075 5492 est.
1111 5438 1182 5494 At
1230 5457 1360 5498 vero
1400 5445 1457 5500 in
1504 5444 1788 5506 Salvatore
1835 5468 1936 5509 no-

356 5526 496 5586 stro,
519 5525 736 5582 etiamsi
759 5543 862 5585 nos
889 5531 1024 5587 nihil
1052 5533 1326 5602 dicamus,
1377 5537 1495 5611 ipsa
1528 5546 1710 5598 tamen
1734 5545 1937 5602 nihilo-

353 5613 537 5672 minus
567 5621 768 5677 veritas
805 5622 1084 5694 clamabit,
1115 5637 1170 5685 et
1216 5631 1565 5690 vehementer
1611 5635 1935 5696 vociferabi-

418 5773 466 5815 ⁸⁷
504 5770 671 5839 Num.
737 5792 902 5851 xxiv,
935 5781 1059 5840 5-9.

2036 4818 2134 4889 τὴν
2192 4810 2477 4885 παροῦσαν
2525 4811 2834 4885 πρόρρησιν
2901 4812 3198 4885 διαρρήδην
3253 4812 3637 4883 ὲκιρωνοῦσαν,

2036 4908 2119 4962 ὅτι
2148 4905 2215 4978 δὴ
2249 4905 2316 4959 ἐκ
2341 4902 2436 4958 τοῦ
2454 4903 2718 4958 Ἰουδαίων
2736 4905 2925 4970 ἔθνους
2955 4904 3295 4970 ἐξελεύσεταί
3318 4923 3404 4971 τις
3423 4906 3641 4978 ἂνθρωρ

2036 5018 2156 5065 mg,
2206 4999 2302 5053 ttat
2344 4996 2623 5069 κυριεύσει
2657 4996 2828 5050 ἐθνῶν
2862 4997 3105 5052 πολλῶνε
3143 4998 3177 5070 ἢ
3207 4998 3417 5066 λεγέτω
3445 5002 3476 5055 6
3503 5000 3634 5071 βου-

2042 5089 2285 5162 λόμενος,
2313 5091 2363 5143 εί
2415 5088 2529 5161 ἔχοι
2591 5088 2748 5143 ἄλλον
2796 5089 3061 5161 συστῆσαι
3096 5089 3206 5144 τῶν
3244 5089 3465 5145 πώποτε
3501 5093 3634 5164 παρ’

2054 5181 2323 5254 Ἑϐραίοις
2382 5182 2629 5250 ἐνδόξων,
2688 5182 2897 5237 πολλῶν
2949 5182 3117 5237 ἐθνῶν
3170 5184 3413 5254 ἄρξαντα
3432 5200 3449 5215 ·
3513 5183 3632 5237 ἀλλ’

2040 5273 2141 5327 οὐκ
2187 5274 2255 5327 ἂν
2321 5273 2467 5328 εἴποι
2521 5290 2626 5337 τις,
2689 5273 2770 5327 ὅτι
2828 5273 2963 5346 μηδέ
3007 5275 3251 5344 γέγονεν.
3299 5278 3424 5331 Ἐπὶ
3463 5278 3520 5332 δέ
3564 5295 3630 5348 γε

2042 5363 2135 5418 τοῦ
2168 5365 2422 5438 Σωτῆρος
2451 5366 2609 5437 ἡμῶν
2635 5366 2700 5422 ἂν
2734 5369 2828 5422 καλ⁸
2871 5370 3033 5439 ἡμεῖς
3067 5368 3141 5440 μὴ
3189 5367 3459 5441 λέγωμεν,
3485 5371 3622 5441 αύτή

2028 5454 2107 5525 ’γε
2138 5459 2172 5529 ἡ
2199 5457 2427 5526 ἀλήθεια
2458 5459 2643 5531 βοήσει
2671 5460 2766 5514 καὶ
2812 5459 2954 5531 μέγα
2985 5462 3331 5534 κεκράξεται,
3366 5464 3623 5536 ἄντικρυς

2041 5546 2382 5618 παριστῶσα,
2415 5549 2562 5615 ὅπως
2610 5553 2644 5623 ἡ
2690 5550 2872 5617 ἔνθεος
2912 5552 3076 5608 αὑτοῦ
3123 5552 3378 5625 δύναμις,
3407 5556 3493 5611 διὰ
3519 5551 3615 5607 τοῦ

2040 5640 2437 5713 ἀναληφθέντος
2468 5644 2617 5719 αύτῷ
2652 5648 2721 5702 ἐκ
2761 5646 3076 5721 σπέρματος
3117 5649 3333 5723 Ἰσραήλ
3360 5650 3454 5706 τοῦ
3476 5645 3613 5705 κατὰ
