  <div class='ocr_page' id='page_1' title='image "/cluster/home/n/w/nwhite01/storage/ocr_20150623/22/nnc1.0046978372/352.png"; bbox 0 0 3836 6220; ppageno 0'>
   <div class='ocr_carea' id='block_1_1' title="bbox 231 336 336 393">
    <p class='ocr_par' dir='ltr' id='par_1_1' title="bbox 231 336 336 393">
     <span class='ocr_line' id='line_1_1' title="bbox 231 336 336 393; baseline -0.019 0"><span class='ocrx_word' id='word_1_1' title='bbox 231 336 336 393; x_wconf 71' lang='grc' dir='ltr'><strong>σοι</strong></span> 
     </span>
    </p>
   </div>
   <div class='ocr_carea' id='block_1_2' title="bbox 1128 323 2637 389">
    <p class='ocr_par' dir='ltr' id='par_1_2' title="bbox 1128 323 2637 389">
     <span class='ocr_line' id='line_1_2' title="bbox 1128 323 2637 389; baseline -0.005 -2"><span class='ocrx_word' id='word_1_2' title='bbox 1128 328 1791 389; x_wconf 76' lang='lat' dir='ltr'><strong>DEMONSTRATIONIS</strong></span> <span class='ocrx_word' id='word_1_3' title='bbox 1830 325 2290 386; x_wconf 66' lang='lat' dir='ltr'><strong>EVANGELICE</strong></span> <span class='ocrx_word' id='word_1_4' title='bbox 2359 323 2490 381; x_wconf 81' lang='lat' dir='ltr'><strong>LIB.</strong></span> <span class='ocrx_word' id='word_1_5' title='bbox 2531 325 2637 380; x_wconf 72' lang='grc' dir='ltr'><strong>ΙΧ..</strong></span> 
     </span>
    </p>
   </div>
   <div class='ocr_carea' id='block_1_3' title="bbox 3370 324 3488 381">
    <p class='ocr_par' dir='ltr' id='par_1_3' title="bbox 3370 324 3488 381">
     <span class='ocr_line' id='line_1_3' title="bbox 3370 324 3488 381; baseline 0 0"><span class='ocrx_word' id='word_1_6' title='bbox 3370 324 3488 381; x_wconf 67' lang='lat'><strong>662&#39;</strong></span> 
     </span>
    </p>
   </div>
   <div class='ocr_carea' id='block_1_4' title="bbox 216 437 1835 520">
    <p class='ocr_par' dir='ltr' id='par_1_4' title="bbox 216 442 1835 520">
     <span class='ocr_line' id='line_1_4' title="bbox 216 442 1835 520; baseline -0.001 -18"><span class='ocrx_word' id='word_1_7' title='bbox 216 448 401 517; x_wconf 79' lang='grc' dir='ltr'>σάρκα</span> <span class='ocrx_word' id='word_1_8' title='bbox 434 442 719 518; x_wconf 84' lang='grc' dir='ltr'>ἀνθρώπου</span> <span class='ocrx_word' id='word_1_9' title='bbox 742 446 1050 520; x_wconf 82' lang='grc' dir='ltr'>ἐκυρίευσε,</span> <span class='ocrx_word' id='word_1_10' title='bbox 1077 460 1172 502; x_wconf 86' lang='grc' dir='ltr'><strong>και</strong></span> <span class='ocrx_word' id='word_1_11' title='bbox 1203 448 1371 502; x_wconf 81' lang='grc' dir='ltr'>είσέτι</span> <span class='ocrx_word' id='word_1_12' title='bbox 1398 447 1494 503; x_wconf 88' lang='grc' dir='ltr'><strong>νῦν</strong></span> <span class='ocrx_word' id='word_1_13' title='bbox 1522 447 1799 520; x_wconf 71' lang='grc' dir='ltr'><strong>κυριεύσει</strong></span> <span class='ocrx_word' id='word_1_14' title='bbox 1828 495 1835 508; x_wconf 66' lang='grc'>.</span> 
     </span>
    </p>
   </div>
   <div class='ocr_carea' id='block_1_5' title="bbox 1910 437 3474 520">
    <p class='ocr_par' dir='ltr' id='par_1_5' title="bbox 1910 437 3474 515">
     <span class='ocr_line' id='line_1_5' title="bbox 1910 437 3474 515; baseline -0.003 -14"><span class='ocrx_word' id='word_1_15' title='bbox 1910 454 2012 510; x_wconf 89' lang='lat' dir='ltr'><strong>tur,</strong></span> <span class='ocrx_word' id='word_1_16' title='bbox 2061 443 2379 515; x_wconf 79' lang='lat' dir='ltr'><strong>planissime</strong></span> <span class='ocrx_word' id='word_1_17' title='bbox 2445 440 2728 504; x_wconf 87' lang='lat' dir='ltr'><strong>indicans,</strong></span> <span class='ocrx_word' id='word_1_18' title='bbox 2785 437 3242 513; x_wconf 83' lang='lat' dir='ltr'><strong>quemadmodum</strong></span> <span class='ocrx_word' id='word_1_19' title='bbox 3290 440 3474 496; x_wconf 76' lang='lat' dir='ltr'><strong>divina</strong></span> 
     </span>
    </p>
   </div>
   <div class='ocr_carea' id='block_1_6' title="bbox 211 534 1803 614">
    <p class='ocr_par' dir='ltr' id='par_1_6' title="bbox 211 534 1803 614">
     <span class='ocr_line' id='line_1_6' title="bbox 211 534 1803 614; baseline 0 -19"><span class='ocrx_word' id='word_1_20' title='bbox 211 541 390 596; x_wconf 76' lang='grc' dir='ltr'>ἐθνῶν</span> <span class='ocrx_word' id='word_1_21' title='bbox 444 539 676 595; x_wconf 85' lang='grc' dir='ltr'>πολλῶν.</span> <span class='ocrx_word' id='word_1_22' title='bbox 733 540 905 605; x_wconf 76' lang='grc' dir='ltr'>Αὐτὸς</span> <span class='ocrx_word' id='word_1_23' title='bbox 952 542 1060 613; x_wconf 79' lang='grc' dir='ltr'>ἄρα</span> <span class='ocrx_word' id='word_1_24' title='bbox 1107 534 1263 606; x_wconf 79' lang='grc' dir='ltr'>οὗτος</span> <span class='ocrx_word' id='word_1_25' title='bbox 1319 543 1525 607; x_wconf 82' lang='grc' dir='ltr'>ἐκεῖνος</span> <span class='ocrx_word' id='word_1_26' title='bbox 1575 538 1665 614; x_wconf 76' lang='grc' dir='ltr'>ἦν,</span> <span class='ocrx_word' id='word_1_27' title='bbox 1706 542 1803 596; x_wconf 72' lang='grc' dir='ltr'><strong>καὶ</strong></span> 
     </span>
    </p>
   </div>
   <div class='ocr_carea' id='block_1_7' title="bbox 212 632 1803 707">
    <p class='ocr_par' dir='ltr' id='par_1_7' title="bbox 212 632 1803 707">
     <span class='ocr_line' id='line_1_7' title="bbox 212 632 1803 707; baseline 0.001 -19"><span class='ocrx_word' id='word_1_28' title='bbox 212 632 327 688; x_wconf 69' lang='grc' dir='ltr'>οὐδ’</span> <span class='ocrx_word' id='word_1_29' title='bbox 356 632 533 697; x_wconf 85' lang='grc' dir='ltr'>ἄλλος,</span> <span class='ocrx_word' id='word_1_30' title='bbox 562 632 622 686; x_wconf 78' lang='grc' dir='ltr'>ὃν</span> <span class='ocrx_word' id='word_1_31' title='bbox 650 635 683 704; x_wconf 86' lang='grc' dir='ltr'><strong>ή</strong></span> <span class='ocrx_word' id='word_1_32' title='bbox 715 633 1017 705; x_wconf 78' lang='grc' dir='ltr'>προφητεία</span> <span class='ocrx_word' id='word_1_33' title='bbox 1042 634 1436 707; x_wconf 79' lang='grc' dir='ltr'>προηγόρευσε,</span> <span class='ocrx_word' id='word_1_34' title='bbox 1471 634 1592 691; x_wconf 88' lang='grc' dir='ltr'>καθ’</span> <span class='ocrx_word' id='word_1_35' title='bbox 1621 635 1681 689; x_wconf 76' lang='grc' dir='ltr'>ὃν</span> <span class='ocrx_word' id='word_1_36' title='bbox 1710 635 1803 690; x_wconf 73' lang='grc' dir='ltr'><strong>καὶ</strong></span> 
     </span>
    </p>
   </div>
   <div class='ocr_carea' id='block_1_8' title="bbox 214 725 1802 800">
    <p class='ocr_par' dir='ltr' id='par_1_8' title="bbox 214 725 1802 800">
     <span class='ocr_line' id='line_1_8' title="bbox 214 725 1802 800; baseline 0.003 -20"><span class='ocrx_word' id='word_1_37' title='bbox 214 730 251 798; x_wconf 80' lang='grc' dir='ltr'><strong>ή</strong></span> <span class='ocrx_word' id='word_1_38' title='bbox 276 725 401 797; x_wconf 83' lang='grc' dir='ltr'><strong>Γὼγ</strong></span> <span class='ocrx_word' id='word_1_39' title='bbox 424 725 612 798; x_wconf 66' lang='grc' dir='ltr'>ὑψώθη</span> <span class='ocrx_word' id='word_1_40' title='bbox 636 725 900 797; x_wconf 85' lang='grc' dir='ltr'>βασιλεία,</span> <span class='ocrx_word' id='word_1_41' title='bbox 920 727 1021 797; x_wconf 83' lang='grc' dir='ltr'>τῆς</span> <span class='ocrx_word' id='word_1_42' title='bbox 1042 727 1279 799; x_wconf 80' lang='grc' dir='ltr'>Χριστοῦ</span> <span class='ocrx_word' id='word_1_43' title='bbox 1298 727 1576 800; x_wconf 87' lang='grc' dir='ltr'>δυνάμεως</span> <span class='ocrx_word' id='word_1_44' title='bbox 1605 746 1802 784; x_wconf 89' lang='grc' dir='ltr'>συναυ-</span> 
     </span>
    </p>
   </div>
   <div class='ocr_carea' id='block_1_9' title="bbox 216 817 1803 889">
    <p class='ocr_par' dir='ltr' id='par_1_9' title="bbox 216 817 1803 889">
     <span class='ocr_line' id='line_1_9' title="bbox 216 817 1803 889; baseline 0.001 -16"><span class='ocrx_word' id='word_1_45' title='bbox 216 817 438 888; x_wconf 80' lang='grc' dir='ltr'>ξούσης.</span> <span class='ocrx_word' id='word_1_46' title='bbox 491 817 694 872; x_wconf 87' lang='grc' dir='ltr'>Τοῦτον</span> <span class='ocrx_word' id='word_1_47' title='bbox 739 818 784 873; x_wconf 84' lang='grc' dir='ltr'>δ’</span> <span class='ocrx_word' id='word_1_48' title='bbox 830 819 1066 874; x_wconf 83' lang='grc' dir='ltr'>ἐνταῦθὰ</span> <span class='ocrx_word' id='word_1_49' title='bbox 1110 836 1272 889; x_wconf 87' lang='grc' dir='ltr'>φησιν</span> <span class='ocrx_word' id='word_1_50' title='bbox 1322 820 1653 875; x_wconf 81' lang='grc' dir='ltr'>αἰνίττεσθαι</span> <span class='ocrx_word' id='word_1_51' title='bbox 1681 821 1803 875; x_wconf 78' lang='grc' dir='ltr'>καθ’</span> 
     </span>
    </p>
   </div>
   <div class='ocr_carea' id='block_1_10' title="bbox 228 910 1800 983">
    <p class='ocr_par' dir='ltr' id='par_1_10' title="bbox 228 910 1800 983">
     <span class='ocr_line' id='line_1_10' title="bbox 228 910 1800 983; baseline 0.001 -18"><span class='ocrx_word' id='word_1_52' title='bbox 228 910 516 983; x_wconf 84' lang='grc' dir='ltr'>Ἐϐραίους</span> <span class='ocrx_word' id='word_1_53' title='bbox 550 910 642 965; x_wconf 74' lang='grc' dir='ltr'><strong>τὸν</strong></span> <span class='ocrx_word' id='word_1_54' title='bbox 674 911 874 982; x_wconf 86' lang='grc' dir='ltr'>τρόπον</span> <span class='ocrx_word' id='word_1_55' title='bbox 899 911 1000 983; x_wconf 81' lang='grc' dir='ltr'><strong>τὴν</strong></span> <span class='ocrx_word' id='word_1_56' title='bbox 1027 910 1138 965; x_wconf 85' lang='grc' dir='ltr'><strong>τῶν</strong></span> <span class='ocrx_word' id='word_1_57' title='bbox 1180 911 1465 983; x_wconf 85' lang='grc' dir='ltr'>Ῥωμαίων</span> <span class='ocrx_word' id='word_1_58' title='bbox 1506 911 1800 981; x_wconf 84' lang='grc' dir='ltr'>βασιλείαν,</span> 
     </span>
    </p>
   </div>
   <div class='ocr_carea' id='block_1_11' title="bbox 212 996 1803 1076">
    <p class='ocr_par' dir='ltr' id='par_1_11' title="bbox 212 996 1803 1076">
     <span class='ocr_line' id='line_1_11' title="bbox 212 996 1803 1076; baseline 0.003 -22"><span class='ocrx_word' id='word_1_59' title='bbox 212 996 251 1076; x_wconf 80' lang='grc' dir='ltr'>ᾗ</span> <span class='ocrx_word' id='word_1_60' title='bbox 298 1004 394 1055; x_wconf 71' lang='grc' dir='ltr'><strong>καὶ</strong></span> <span class='ocrx_word' id='word_1_61' title='bbox 436 1004 841 1074; x_wconf 76' lang='grc' dir='ltr'>συνήκμασενή</span> <span class='ocrx_word' id='word_1_62' title='bbox 873 1001 1111 1075; x_wconf 78' lang='grc' dir='ltr'>Χριστοῦ</span> <span class='ocrx_word' id='word_1_63' title='bbox 1149 1003 1482 1058; x_wconf 85' lang='grc' dir='ltr'>διδασκαλία.</span> <span class='ocrx_word' id='word_1_64' title='bbox 1514 1003 1803 1075; x_wconf 74' lang='grc' dir='ltr'><strong>Μέμνηται</strong></span> 
     </span>
    </p>
   </div>
   <div class='ocr_carea' id='block_1_12' title="bbox 210 1090 1802 1167">
    <p class='ocr_par' dir='ltr' id='par_1_12' title="bbox 210 1090 1802 1167">
     <span class='ocr_line' id='line_1_12' title="bbox 210 1090 1802 1167; baseline 0 -22"><span class='ocrx_word' id='word_1_65' title='bbox 210 1091 274 1145; x_wconf 67' lang='grc' dir='ltr'>δὲ</span> <span class='ocrx_word' id='word_1_66' title='bbox 300 1090 396 1145; x_wconf 88' lang='grc' dir='ltr'><strong>τοῦ</strong></span> <span class='ocrx_word' id='word_1_67' title='bbox 428 1090 551 1162; x_wconf 85' lang='grc' dir='ltr'><strong>Γὼγ</strong></span> <span class='ocrx_word' id='word_1_68' title='bbox 576 1093 670 1146; x_wconf 74' lang='grc' dir='ltr'>καὶ</span> <span class='ocrx_word' id='word_1_69' title='bbox 694 1095 721 1146; x_wconf 89' lang='grc' dir='ltr'>ὁ</span> <span class='ocrx_word' id='word_1_70' title='bbox 750 1095 1035 1165; x_wconf 79' lang='grc' dir='ltr'>προφήτης</span> <span class='ocrx_word' id='word_1_71' title='bbox 1063 1092 1342 1167; x_wconf 77' lang='grc' dir='ltr'>Ἰεζεκιὴλ,</span> <span class='ocrx_word' id='word_1_72' title='bbox 1368 1094 1607 1166; x_wconf 82' lang='grc' dir='ltr'>ἄρχοντα</span> <span class='ocrx_word' id='word_1_73' title='bbox 1645 1092 1802 1158; x_wconf 74' lang='grc' dir='ltr'>Ῥὼς,</span> 
     </span>
    </p>
   </div>
   <div class='ocr_carea' id='block_1_13' title="bbox 210 1180 1804 1254">
    <p class='ocr_par' dir='ltr' id='par_1_13' title="bbox 210 1180 1804 1254">
     <span class='ocr_line' id='line_1_13' title="bbox 210 1180 1804 1254; baseline -0.002 -17"><span class='ocrx_word' id='word_1_74' title='bbox 210 1180 405 1253; x_wconf 70' lang='grc' dir='ltr'>Μοτῖιχ</span> <span class='ocrx_word' id='word_1_75' title='bbox 451 1182 545 1235; x_wconf 74' lang='grc' dir='ltr'><strong>καὶ</strong></span> <span class='ocrx_word' id='word_1_76' title='bbox 586 1181 755 1235; x_wconf 82' lang='grc' dir='ltr'>Θοϐἐλ</span> <span class='ocrx_word' id='word_1_77' title='bbox 800 1182 1114 1254; x_wconf 75' lang='grc' dir='ltr'>ὀνομάζωνο</span> <span class='ocrx_word' id='word_1_78' title='bbox 1158 1182 1246 1236; x_wconf 65' lang='grc' dir='ltr'><strong>διὰ</strong></span> <span class='ocrx_word' id='word_1_79' title='bbox 1287 1182 1391 1253; x_wconf 78' lang='grc' dir='ltr'><strong>μὲν</strong></span> <span class='ocrx_word' id='word_1_80' title='bbox 1425 1180 1519 1235; x_wconf 82' lang='grc' dir='ltr'><strong>τοῦ</strong></span> <span class='ocrx_word' id='word_1_81' title='bbox 1537 1180 1671 1246; x_wconf 88' lang='grc' dir='ltr'><strong>Ῥὼς</strong></span> <span class='ocrx_word' id='word_1_82' title='bbox 1704 1180 1804 1252; x_wconf 76' lang='grc' dir='ltr'><strong>τήν</strong></span> 
     </span>
    </p>
   </div>
   <div class='ocr_carea' id='block_1_14' title="bbox 225 1271 1804 1345">
    <p class='ocr_par' dir='ltr' id='par_1_14' title="bbox 225 1271 1804 1345">
     <span class='ocr_line' id='line_1_14' title="bbox 225 1271 1804 1345; baseline -0.001 -19"><span class='ocrx_word' id='word_1_83' title='bbox 225 1271 539 1343; x_wconf 86' lang='grc' dir='ltr'>Ῥωμαίων,</span> <span class='ocrx_word' id='word_1_84' title='bbox 569 1272 647 1338; x_wconf 84' lang='grc' dir='ltr'>ὡς</span> <span class='ocrx_word' id='word_1_85' title='bbox 698 1272 866 1340; x_wconf 81' lang='grc' dir='ltr'>ἔοικε,</span> <span class='ocrx_word' id='word_1_86' title='bbox 907 1273 1061 1326; x_wconf 83' lang='grc' dir='ltr'>πόλιν</span> <span class='ocrx_word' id='word_1_87' title='bbox 1107 1273 1505 1345; x_wconf 78' lang='grc' dir='ltr'><strong>αἰνιττόμενος,</strong></span> <span class='ocrx_word' id='word_1_88' title='bbox 1537 1274 1661 1327; x_wconf 78' lang='grc' dir='ltr'>ἐπεὶ</span> <span class='ocrx_word' id='word_1_89' title='bbox 1709 1274 1804 1326; x_wconf 77' lang='grc' dir='ltr'><strong>καὶ</strong></span> 
     </span>
    </p>
   </div>
   <div class='ocr_carea' id='block_1_15' title="bbox 212 1363 1803 1438">
    <p class='ocr_par' dir='ltr' id='par_1_15' title="bbox 212 1363 1803 1438">
     <span class='ocr_line' id='line_1_15' title="bbox 212 1363 1803 1438; baseline -0.004 -14"><span class='ocrx_word' id='word_1_90' title='bbox 212 1365 363 1436; x_wconf 79' lang='grc' dir='ltr'>ἀρχὴ</span> <span class='ocrx_word' id='word_1_91' title='bbox 413 1365 507 1419; x_wconf 75' lang='grc' dir='ltr'><strong>καὶ</strong></span> <span class='ocrx_word' id='word_1_92' title='bbox 551 1366 762 1438; x_wconf 83' lang='grc' dir='ltr'>κεφαλὴ</span> <span class='ocrx_word' id='word_1_93' title='bbox 787 1365 930 1421; x_wconf 86' lang='grc' dir='ltr'><strong>κατά</strong></span> <span class='ocrx_word' id='word_1_94' title='bbox 958 1365 1057 1438; x_wconf 83' lang='grc' dir='ltr'><strong>τὴν</strong></span> <span class='ocrx_word' id='word_1_95' title='bbox 1099 1365 1365 1436; x_wconf 87' lang='grc' dir='ltr'>Ἐϐραίων</span> <span class='ocrx_word' id='word_1_96' title='bbox 1395 1364 1575 1437; x_wconf 82' lang='grc' dir='ltr'>φωνὴν</span> <span class='ocrx_word' id='word_1_97' title='bbox 1598 1363 1686 1419; x_wconf 82' lang='grc' dir='ltr'>διὰ</span> <span class='ocrx_word' id='word_1_98' title='bbox 1708 1364 1803 1418; x_wconf 88' lang='grc' dir='ltr'><strong>τοῦ</strong></span> 
     </span>
    </p>
   </div>
   <div class='ocr_carea' id='block_1_16' title="bbox 222 1454 1805 1527">
    <p class='ocr_par' dir='ltr' id='par_1_16' title="bbox 222 1454 1805 1527">
     <span class='ocr_line' id='line_1_16' title="bbox 222 1454 1805 1527; baseline 0.001 -19"><span class='ocrx_word' id='word_1_99' title='bbox 222 1455 367 1521; x_wconf 79' lang='grc' dir='ltr'><strong>Ῥὼς</strong></span> <span class='ocrx_word' id='word_1_100' title='bbox 393 1455 644 1526; x_wconf 86' lang='grc' dir='ltr'>δηλοῦται</span> <span class='ocrx_word' id='word_1_101' title='bbox 660 1474 674 1489; x_wconf 78' lang='grc'><strong><em>⁸</em></strong></span> <span class='ocrx_word' id='word_1_102' title='bbox 707 1456 794 1511; x_wconf 81' lang='grc' dir='ltr'>διὰ</span> <span class='ocrx_word' id='word_1_103' title='bbox 827 1456 883 1510; x_wconf 81' lang='grc' dir='ltr'>δὲ</span> <span class='ocrx_word' id='word_1_104' title='bbox 912 1454 1005 1511; x_wconf 90' lang='grc' dir='ltr'><strong>τοῦ</strong></span> <span class='ocrx_word' id='word_1_105' title='bbox 1037 1456 1222 1527; x_wconf 79' lang='grc' dir='ltr'>Μοσὸχ</span> <span class='ocrx_word' id='word_1_106' title='bbox 1245 1456 1345 1527; x_wconf 79' lang='grc' dir='ltr'><strong>τὴν</strong></span> <span class='ocrx_word' id='word_1_107' title='bbox 1365 1456 1602 1521; x_wconf 78' lang='grc' dir='ltr'>Μυσίαν,</span> <span class='ocrx_word' id='word_1_108' title='bbox 1623 1456 1718 1510; x_wconf 75' lang='grc' dir='ltr'><strong>καὶ</strong></span> <span class='ocrx_word' id='word_1_109' title='bbox 1737 1455 1805 1510; x_wconf 78' lang='grc' dir='ltr'>τὰ</span> 
     </span>
    </p>
   </div>
   <div class='ocr_carea' id='block_1_17' title="bbox 211 1546 1799 1619">
    <p class='ocr_par' dir='ltr' id='par_1_17' title="bbox 211 1546 1799 1619">
     <span class='ocr_line' id='line_1_17' title="bbox 211 1546 1799 1619; baseline 0 -19"><span class='ocrx_word' id='word_1_110' title='bbox 211 1546 380 1619; x_wconf 81' lang='grc' dir='ltr'>πέριξ</span> <span class='ocrx_word' id='word_1_111' title='bbox 424 1547 628 1619; x_wconf 87' lang='grc' dir='ltr'>ταύτης</span> <span class='ocrx_word' id='word_1_112' title='bbox 666 1547 815 1619; x_wconf 82' lang='grc' dir='ltr'>ἔθνη,</span> <span class='ocrx_word' id='word_1_113' title='bbox 845 1548 944 1601; x_wconf 85' lang='grc' dir='ltr'>ὅσα</span> <span class='ocrx_word' id='word_1_114' title='bbox 973 1546 1068 1600; x_wconf 88' lang='grc' dir='ltr'><strong>νῦν</strong></span> <span class='ocrx_word' id='word_1_115' title='bbox 1105 1549 1281 1601; x_wconf 77' lang='grc' dir='ltr'>οἰκεῖα</span> <span class='ocrx_word' id='word_1_116' title='bbox 1324 1547 1609 1618; x_wconf 86' lang='grc' dir='ltr'>Ῥωμαίων</span> <span class='ocrx_word' id='word_1_117' title='bbox 1655 1547 1799 1600; x_wconf 84' lang='grc' dir='ltr'>ἐστί·</span> 
     </span>
    </p>
   </div>
   <div class='ocr_carea' id='block_1_18' title="bbox 209 1637 1804 1712">
    <p class='ocr_par' dir='ltr' id='par_1_18' title="bbox 209 1637 1804 1712">
     <span class='ocr_line' id='line_1_18' title="bbox 209 1637 1804 1712; baseline -0.001 -18"><span class='ocrx_word' id='word_1_118' title='bbox 209 1639 306 1694; x_wconf 79' lang='grc' dir='ltr'><strong>διὰ</strong></span> <span class='ocrx_word' id='word_1_119' title='bbox 356 1640 413 1693; x_wconf 81' lang='grc' dir='ltr'><strong>δέ</strong></span> <span class='ocrx_word' id='word_1_120' title='bbox 445 1639 540 1694; x_wconf 86' lang='grc' dir='ltr'><strong>τοῦ</strong></span> <span class='ocrx_word' id='word_1_121' title='bbox 582 1640 750 1693; x_wconf 85' lang='grc' dir='ltr'>Θοϐἐλ</span> <span class='ocrx_word' id='word_1_122' title='bbox 793 1640 892 1711; x_wconf 83' lang='grc' dir='ltr'><strong>τὴν</strong></span> <span class='ocrx_word' id='word_1_123' title='bbox 950 1639 1211 1712; x_wconf 86' lang='grc' dir='ltr'>Ἰϐηρίαν,</span> <span class='ocrx_word' id='word_1_124' title='bbox 1238 1639 1380 1692; x_wconf 80' lang='grc' dir='ltr'>οὕτω</span> <span class='ocrx_word' id='word_1_125' title='bbox 1415 1656 1532 1703; x_wconf 88' lang='grc' dir='ltr'><strong>πως</strong></span> <span class='ocrx_word' id='word_1_126' title='bbox 1567 1638 1676 1693; x_wconf 81' lang='grc' dir='ltr'><strong>ἀπὸ</strong></span> <span class='ocrx_word' id='word_1_127' title='bbox 1714 1637 1804 1692; x_wconf 88' lang='grc' dir='ltr'><strong>τοῦ</strong></span> 
     </span>
    </p>
   </div>
   <div class='ocr_carea' id='block_1_19' title="bbox 211 1730 1801 1802">
    <p class='ocr_par' dir='ltr' id='par_1_19' title="bbox 211 1730 1801 1802">
     <span class='ocr_line' id='line_1_19' title="bbox 211 1730 1801 1802; baseline -0.001 -17"><span class='ocrx_word' id='word_1_128' title='bbox 211 1730 390 1785; x_wconf 83' lang='grc' dir='ltr'>Θοϐὲλ</span> <span class='ocrx_word' id='word_1_129' title='bbox 420 1731 703 1800; x_wconf 82' lang='grc' dir='ltr'>γεγονέναι</span> <span class='ocrx_word' id='word_1_130' title='bbox 754 1732 979 1801; x_wconf 79' lang='grc' dir='ltr'>φάσκων</span> <span class='ocrx_word' id='word_1_131' title='bbox 1024 1730 1326 1802; x_wconf 84' lang='grc' dir='ltr'>Θοϐεήλους</span> <span class='ocrx_word' id='word_1_132' title='bbox 1374 1732 1502 1795; x_wconf 79' lang='grc' dir='ltr'>τοὺς</span> <span class='ocrx_word' id='word_1_133' title='bbox 1550 1730 1801 1802; x_wconf 85' lang='grc' dir='ltr'>Ἴϐηρας·</span> 
     </span>
    </p>
   </div>
   <div class='ocr_carea' id='block_1_20' title="bbox 208 1812 1877 1894">
    <p class='ocr_par' dir='ltr' id='par_1_20' title="bbox 208 1812 1877 1894">
     <span class='ocr_line' id='line_1_20' title="bbox 208 1812 1877 1894; baseline -0.004 -14"><span class='ocrx_word' id='word_1_134' title='bbox 208 1819 291 1880; x_wconf 77' lang='grc' dir='ltr'><strong>ὧν</strong></span> <span class='ocrx_word' id='word_1_135' title='bbox 344 1826 600 1880; x_wconf 74' lang='grc' dir='ltr'>ἁπάντων</span> <span class='ocrx_word' id='word_1_136' title='bbox 643 1825 880 1894; x_wconf 84' lang='grc' dir='ltr'>ἄρχοντα</span> <span class='ocrx_word' id='word_1_137' title='bbox 915 1823 1007 1875; x_wconf 77' lang='grc' dir='ltr'><strong>τὸν</strong></span> <span class='ocrx_word' id='word_1_138' title='bbox 1057 1822 1181 1892; x_wconf 87' lang='grc' dir='ltr'><strong>Γὼγ</strong></span> <span class='ocrx_word' id='word_1_139' title='bbox 1213 1822 1593 1892; x_wconf 65' lang='grc' dir='ltr'>ὑψωθήσεσθαί</span> <span class='ocrx_word' id='word_1_140' title='bbox 1639 1839 1804 1894; x_wconf 90' lang='grc' dir='ltr'>φησιν</span> <span class='ocrx_word' id='word_1_141' title='bbox 1836 1812 1877 1870; x_wconf 86' lang='grc' dir='ltr'><strong><em>Β</em></strong></span> 
     </span>
    </p>
   </div>
   <div class='ocr_carea' id='block_1_21' title="bbox 208 1913 1801 1986">
    <p class='ocr_par' dir='ltr' id='par_1_21' title="bbox 208 1913 1801 1986">
     <span class='ocr_line' id='line_1_21' title="bbox 208 1913 1801 1986; baseline -0.001 -17"><span class='ocrx_word' id='word_1_142' title='bbox 208 1915 310 1971; x_wconf 72' lang='grc' dir='ltr'>ἐπὶ</span> <span class='ocrx_word' id='word_1_143' title='bbox 336 1915 437 1985; x_wconf 77' lang='grc' dir='ltr'>τῆς</span> <span class='ocrx_word' id='word_1_144' title='bbox 464 1913 558 1967; x_wconf 87' lang='grc' dir='ltr'><strong>τοῦ</strong></span> <span class='ocrx_word' id='word_1_145' title='bbox 590 1915 1080 1986; x_wconf 70' lang='grc' dir='ltr'>προφητειιομένου</span> <span class='ocrx_word' id='word_1_146' title='bbox 1118 1913 1355 1985; x_wconf 81' lang='grc' dir='ltr'>Χριστοῦ</span> <span class='ocrx_word' id='word_1_147' title='bbox 1399 1914 1721 1985; x_wconf 84' lang='grc' dir='ltr'>παρουσίας,</span> <span class='ocrx_word' id='word_1_148' title='bbox 1743 1914 1801 1968; x_wconf 85' lang='grc' dir='ltr'>ὃν</span> 
     </span>
    </p>
   </div>
   <div class='ocr_carea' id='block_1_22' title="bbox 206 2006 1802 2079">
    <p class='ocr_par' dir='ltr' id='par_1_22' title="bbox 206 2006 1802 2079">
     <span class='ocr_line' id='line_1_22' title="bbox 206 2006 1802 2079; baseline -0.003 -14"><span class='ocrx_word' id='word_1_149' title='bbox 206 2010 240 2066; x_wconf 87' lang='grc' dir='ltr'><strong>ὀ</strong></span> <span class='ocrx_word' id='word_1_150' title='bbox 273 2008 408 2073; x_wconf 75' lang='grc' dir='ltr'>Θεὸς</span> <span class='ocrx_word' id='word_1_151' title='bbox 449 2007 731 2079; x_wconf 74' lang='grc' dir='ltr'>ὡδήγησεν</span> <span class='ocrx_word' id='word_1_152' title='bbox 781 2006 841 2073; x_wconf 76' lang='grc' dir='ltr'><strong>ἐξ</strong></span> <span class='ocrx_word' id='word_1_153' title='bbox 883 2006 1180 2075; x_wconf 75' lang='grc' dir='ltr'>Αἰγύπτου,</span> <span class='ocrx_word' id='word_1_154' title='bbox 1209 2008 1300 2061; x_wconf 83' lang='grc' dir='ltr'><strong>ὅτε</strong></span> <span class='ocrx_word' id='word_1_155' title='bbox 1347 2007 1489 2061; x_wconf 87' lang='grc' dir='ltr'><strong>κατά</strong></span> <span class='ocrx_word' id='word_1_156' title='bbox 1524 2007 1613 2060; x_wconf 77' lang='grc' dir='ltr'>τὸν</span> <span class='ocrx_word' id='word_1_157' title='bbox 1647 2009 1802 2062; x_wconf 86' lang='grc' dir='ltr'>Ματ-</span> 
     </span>
    </p>
   </div>
   <div class='ocr_carea' id='block_1_23' title="bbox 211 2096 1799 2176">
    <p class='ocr_par' dir='ltr' id='par_1_23' title="bbox 211 2096 1799 2176">
     <span class='ocr_line' id='line_1_23' title="bbox 211 2096 1799 2176; baseline -0.003 -20"><span class='ocrx_word' id='word_1_158' title='bbox 211 2102 388 2166; x_wconf 87' lang='grc' dir='ltr'>θαῖον,</span> <span class='ocrx_word' id='word_1_159' title='bbox 418 2096 864 2176; x_wconf 83' lang='grc' dir='ltr'>ἐπιϐουλεύοντος</span> <span class='ocrx_word' id='word_1_160' title='bbox 896 2097 990 2152; x_wconf 89' lang='grc' dir='ltr'><strong>τοῦ</strong></span> <span class='ocrx_word' id='word_1_161' title='bbox 1035 2100 1274 2171; x_wconf 81' lang='grc' dir='ltr'>Ἡρώδου</span> <span class='ocrx_word' id='word_1_162' title='bbox 1310 2100 1460 2154; x_wconf 74' lang='grc' dir='ltr'>παιδὶ</span> <span class='ocrx_word' id='word_1_163' title='bbox 1492 2099 1604 2153; x_wconf 75' lang='grc' dir='ltr'>ὄντι</span> <span class='ocrx_word' id='word_1_164' title='bbox 1631 2099 1799 2171; x_wconf 81' lang='grc' dir='ltr'>αὐτῷ,</span> 
     </span>
    </p>
   </div>
   <div class='ocr_carea' id='block_1_24' title="bbox 209 2177 1804 2265">
    <p class='ocr_par' dir='ltr' id='par_1_24' title="bbox 209 2177 1804 2265">
     <span class='ocr_line' id='line_1_24' title="bbox 209 2177 1804 2265; baseline 0 -21"><span class='ocrx_word' id='word_1_165' title='bbox 209 2191 609 2265; x_wconf 71' lang='grc' dir='ltr'>χρηματισθεὶς</span> <span class='ocrx_word' id='word_1_166' title='bbox 639 2192 668 2243; x_wconf 85' lang='grc' dir='ltr'>ὁ</span> <span class='ocrx_word' id='word_1_167' title='bbox 706 2177 907 2263; x_wconf 75' lang='grc' dir='ltr'>Ἰωσήφ</span> <span class='ocrx_word' id='word_1_168' title='bbox 941 2190 1216 2262; x_wconf 88' lang='grc' dir='ltr'>παρέλαϐε</span> <span class='ocrx_word' id='word_1_169' title='bbox 1253 2190 1316 2243; x_wconf 83' lang='grc' dir='ltr'><strong>τὸ</strong></span> <span class='ocrx_word' id='word_1_170' title='bbox 1340 2190 1550 2244; x_wconf 84' lang='grc' dir='ltr'>παιδίον</span> <span class='ocrx_word' id='word_1_171' title='bbox 1595 2191 1688 2244; x_wconf 81' lang='grc' dir='ltr'><strong>καὶ</strong></span> <span class='ocrx_word' id='word_1_172' title='bbox 1705 2190 1804 2264; x_wconf 86' lang='grc' dir='ltr'><strong>τὴν</strong></span> 
     </span>
    </p>
   </div>
   <div class='ocr_carea' id='block_1_25' title="bbox 212 2281 1804 2356">
    <p class='ocr_par' dir='ltr' id='par_1_25' title="bbox 212 2281 1804 2356">
     <span class='ocr_line' id='line_1_25' title="bbox 212 2281 1804 2356; baseline -0.001 -18"><span class='ocrx_word' id='word_1_173' title='bbox 212 2285 433 2356; x_wconf 79' lang='grc' dir='ltr'>μητέρα</span> <span class='ocrx_word' id='word_1_174' title='bbox 468 2282 655 2350; x_wconf 82' lang='grc' dir='ltr'>αὐτοῦ,</span> <span class='ocrx_word' id='word_1_175' title='bbox 686 2282 781 2336; x_wconf 74' lang='grc' dir='ltr'><strong>καὶ</strong></span> <span class='ocrx_word' id='word_1_176' title='bbox 807 2281 1110 2354; x_wconf 81' lang='grc' dir='ltr'>ἐπανῆλθεν</span> <span class='ocrx_word' id='word_1_177' title='bbox 1139 2281 1219 2345; x_wconf 88' lang='grc' dir='ltr'><strong>είς</strong></span> <span class='ocrx_word' id='word_1_178' title='bbox 1251 2281 1355 2352; x_wconf 82' lang='grc' dir='ltr'>γῆν</span> <span class='ocrx_word' id='word_1_179' title='bbox 1396 2282 1635 2354; x_wconf 88' lang='grc' dir='ltr'>Ἰσραήλ.</span> <span class='ocrx_word' id='word_1_180' title='bbox 1665 2282 1804 2350; x_wconf 79' lang='grc' dir='ltr'>Δόξα</span> 
     </span>
    </p>
   </div>
   <div class='ocr_carea' id='block_1_26' title="bbox 209 2374 1805 2450">
    <p class='ocr_par' dir='ltr' id='par_1_26' title="bbox 209 2374 1805 2450">
     <span class='ocr_line' id='line_1_26' title="bbox 209 2374 1805 2450; baseline 0.001 -18"><span class='ocrx_word' id='word_1_181' title='bbox 209 2378 273 2432; x_wconf 79' lang='grc' dir='ltr'>δὲ</span> <span class='ocrx_word' id='word_1_182' title='bbox 327 2377 704 2450; x_wconf 81' lang='grc' dir='ltr'>μονοκέρωτος</span> <span class='ocrx_word' id='word_1_183' title='bbox 752 2374 900 2447; x_wconf 79' lang='grc' dir='ltr'>αὐτῷ</span> <span class='ocrx_word' id='word_1_184' title='bbox 928 2375 1008 2445; x_wconf 81' lang='grc' dir='ltr'><strong>τῷ</strong></span> <span class='ocrx_word' id='word_1_185' title='bbox 1035 2374 1277 2445; x_wconf 82' lang='grc' dir='ltr'>Χριστῷ·</span> <span class='ocrx_word' id='word_1_186' title='bbox 1300 2377 1502 2448; x_wconf 83' lang='grc' dir='ltr'>παρῆν,</span> <span class='ocrx_word' id='word_1_187' title='bbox 1535 2377 1621 2431; x_wconf 92' lang='grc' dir='ltr'><strong>διά</strong></span> <span class='ocrx_word' id='word_1_188' title='bbox 1655 2379 1717 2432; x_wconf 76' lang='grc' dir='ltr'><strong>τὸ</strong></span> <span class='ocrx_word' id='word_1_189' title='bbox 1744 2381 1805 2434; x_wconf 88' lang='grc' dir='ltr'><strong>ἐν</strong></span> 
     </span>
    </p>
   </div>
   <div class='ocr_carea' id='block_1_27' title="bbox 208 2468 1805 2544">
    <p class='ocr_par' dir='ltr' id='par_1_27' title="bbox 208 2468 1805 2544">
     <span class='ocr_line' id='line_1_27' title="bbox 208 2468 1805 2544; baseline -0.001 -18"><span class='ocrx_word' id='word_1_190' title='bbox 208 2471 368 2542; x_wconf 71' lang='grc' dir='ltr'>αὐτῷ</span> <span class='ocrx_word' id='word_1_191' title='bbox 416 2468 768 2540; x_wconf 81' lang='grc' dir='ltr'>εὐδοκηκέναι</span> <span class='ocrx_word' id='word_1_192' title='bbox 811 2468 1137 2539; x_wconf 81' lang='grc' dir='ltr'>κατοικῆσαι</span> <span class='ocrx_word' id='word_1_193' title='bbox 1171 2469 1279 2523; x_wconf 80' lang='grc' dir='ltr'>πᾶν</span> <span class='ocrx_word' id='word_1_194' title='bbox 1312 2469 1374 2524; x_wconf 82' lang='grc' dir='ltr'>τὸ</span> <span class='ocrx_word' id='word_1_195' title='bbox 1407 2470 1680 2544; x_wconf 85' lang='grc' dir='ltr'>πλήρωμα</span> <span class='ocrx_word' id='word_1_196' title='bbox 1702 2473 1805 2542; x_wconf 78' lang='grc' dir='ltr'>τῆς</span> 
     </span>
    </p>
   </div>
   <div class='ocr_carea' id='block_1_28' title="bbox 209 2561 1811 2637">
    <p class='ocr_par' dir='ltr' id='par_1_28' title="bbox 209 2561 1811 2637">
     <span class='ocr_line' id='line_1_28' title="bbox 209 2561 1811 2637; baseline 0.001 -19"><span class='ocrx_word' id='word_1_197' title='bbox 209 2563 491 2636; x_wconf 80' lang='grc' dir='ltr'>θεότητος,</span> <span class='ocrx_word' id='word_1_198' title='bbox 530 2562 674 2616; x_wconf 78' lang='grc' dir='ltr'>κατὰ</span> <span class='ocrx_word' id='word_1_199' title='bbox 701 2563 792 2617; x_wconf 85' lang='grc' dir='ltr'><strong>τὸν</strong></span> <span class='ocrx_word' id='word_1_200' title='bbox 840 2561 982 2634; x_wconf 82' lang='grc' dir='ltr'>ἱερὸν</span> <span class='ocrx_word' id='word_1_201' title='bbox 1024 2561 1366 2617; x_wconf 87' lang='grc' dir='ltr'>Ἀπόστολον.</span> <span class='ocrx_word' id='word_1_202' title='bbox 1391 2563 1591 2637; x_wconf 87' lang='grc' dir='ltr'>Διόπερ</span> <span class='ocrx_word' id='word_1_203' title='bbox 1617 2565 1692 2629; x_wconf 86' lang='grc' dir='ltr'>ὡς</span> <span class='ocrx_word' id='word_1_204' title='bbox 1720 2565 1811 2620; x_wconf 87' lang='grc' dir='ltr'>κέ-</span> 
     </span>
    </p>
   </div>
   <div class='ocr_carea' id='block_1_29' title="bbox 212 2654 1805 2730">
    <p class='ocr_par' dir='ltr' id='par_1_29' title="bbox 212 2654 1805 2730">
     <span class='ocr_line' id='line_1_29' title="bbox 212 2654 1805 2730; baseline 0.002 -22"><span class='ocrx_word' id='word_1_205' title='bbox 212 2673 318 2730; x_wconf 87' lang='grc' dir='ltr'><strong>ρας</strong></span> <span class='ocrx_word' id='word_1_206' title='bbox 361 2655 802 2728; x_wconf 79' lang='grc' dir='ltr'>ἐπιγραφόμενος</span> <span class='ocrx_word' id='word_1_207' title='bbox 845 2654 936 2709; x_wconf 77' lang='grc' dir='ltr'><strong>τὸν</strong></span> <span class='ocrx_word' id='word_1_208' title='bbox 965 2654 1076 2709; x_wconf 86' lang='grc' dir='ltr'><strong>τῶν</strong></span> <span class='ocrx_word' id='word_1_209' title='bbox 1124 2655 1261 2710; x_wconf 85' lang='grc' dir='ltr'>ὅλων</span> <span class='ocrx_word' id='word_1_210' title='bbox 1298 2655 1431 2709; x_wconf 84' lang='grc' dir='ltr'>Θεὸν</span> <span class='ocrx_word' id='word_1_211' title='bbox 1459 2658 1552 2710; x_wconf 80' lang='grc' dir='ltr'>καὶ</span> <span class='ocrx_word' id='word_1_212' title='bbox 1584 2657 1805 2729; x_wconf 81' lang='grc' dir='ltr'>Πατέρα</span> 
     </span>
    </p>
   </div>
   <div class='ocr_carea' id='block_1_30' title="bbox 209 2746 1801 2822">
    <p class='ocr_par' dir='ltr' id='par_1_30' title="bbox 209 2746 1801 2822">
     <span class='ocr_line' id='line_1_30' title="bbox 209 2746 1801 2822; baseline 0.001 -20"><span class='ocrx_word' id='word_1_213' title='bbox 209 2747 404 2812; x_wconf 74' lang='grc' dir='ltr'>αὐτοῦ,</span> <span class='ocrx_word' id='word_1_214' title='bbox 446 2746 753 2818; x_wconf 83' lang='grc' dir='ltr'>μονόκερως</span> <span class='ocrx_word' id='word_1_215' title='bbox 781 2748 875 2800; x_wconf 74' lang='grc' dir='ltr'><strong>καὶ</strong></span> <span class='ocrx_word' id='word_1_216' title='bbox 903 2748 961 2799; x_wconf 85' lang='grc' dir='ltr'><strong>ἐν</strong></span> <span class='ocrx_word' id='word_1_217' title='bbox 991 2746 1205 2817; x_wconf 75' lang='grc' dir='ltr'>ἑτέραις</span> <span class='ocrx_word' id='word_1_218' title='bbox 1223 2748 1464 2820; x_wconf 86' lang='grc' dir='ltr'>Γραφαῖς</span> <span class='ocrx_word' id='word_1_219' title='bbox 1488 2747 1801 2822; x_wconf 82' lang='grc' dir='ltr'>ὠνομάσθη.</span> 
     </span>
    </p>
   </div>
   <div class='ocr_carea' id='block_1_31' title="bbox 224 2838 1806 2911">
    <p class='ocr_par' dir='ltr' id='par_1_31' title="bbox 224 2838 1806 2911">
     <span class='ocr_line' id='line_1_31' title="bbox 224 2838 1806 2911; baseline -0.001 -16"><span class='ocrx_word' id='word_1_220' title='bbox 224 2842 285 2895; x_wconf 86' lang='lat'><strong>&#39;0</strong></span> <span class='ocrx_word' id='word_1_221' title='bbox 314 2841 361 2894; x_wconf 86' lang='grc' dir='ltr'>δ’</span> <span class='ocrx_word' id='word_1_222' title='bbox 390 2839 553 2904; x_wconf 79' lang='grc' dir='ltr'>αὐτὸς</span> <span class='ocrx_word' id='word_1_223' title='bbox 580 2840 675 2894; x_wconf 88' lang='grc' dir='ltr'><strong>τοῦ</strong></span> <span class='ocrx_word' id='word_1_224' title='bbox 702 2838 838 2892; x_wconf 87' lang='grc' dir='ltr'>Θεοῦ</span> <span class='ocrx_word' id='word_1_225' title='bbox 865 2839 1036 2908; x_wconf 83' lang='grc' dir='ltr'>Λόγος</span> <span class='ocrx_word' id='word_1_226' title='bbox 1061 2841 1175 2903; x_wconf 86' lang='grc' dir='ltr'>τοῖς</span> <span class='ocrx_word' id='word_1_227' title='bbox 1204 2842 1415 2911; x_wconf 85' lang='grc' dir='ltr'>νοητοῖς</span> <span class='ocrx_word' id='word_1_228' title='bbox 1448 2841 1540 2894; x_wconf 61' lang='grc' dir='ltr'><strong>καὶ¹</strong></span> <span class='ocrx_word' id='word_1_229' title='bbox 1569 2841 1806 2910; x_wconf 84' lang='grc' dir='ltr'>λογικοῖς</span> 
     </span>
    </p>
   </div>
   <div class='ocr_carea' id='block_1_32' title="bbox 212 2931 1808 3004">
    <p class='ocr_par' dir='ltr' id='par_1_32' title="bbox 212 2931 1808 3004">
     <span class='ocr_line' id='line_1_32' title="bbox 212 2931 1808 3004; baseline -0.002 -15"><span class='ocrx_word' id='word_1_230' title='bbox 212 2932 385 2990; x_wconf 77' lang='grc' dir='ltr'>αὑτοῦ</span> <span class='ocrx_word' id='word_1_231' title='bbox 411 2932 589 3003; x_wconf 82' lang='grc' dir='ltr'>βέλεσι</span> <span class='ocrx_word' id='word_1_232' title='bbox 608 2932 698 2986; x_wconf 79' lang='grc' dir='ltr'><strong>τὸν</strong></span> <span class='ocrx_word' id='word_1_233' title='bbox 723 2931 917 3003; x_wconf 79' lang='grc' dir='ltr'>ἐχθρὸν</span> <span class='ocrx_word' id='word_1_234' title='bbox 947 2931 1041 2984; x_wconf 72' lang='grc' dir='ltr'>καὶ</span> <span class='ocrx_word' id='word_1_235' title='bbox 1061 2931 1437 3003; x_wconf 80' lang='grc' dir='ltr'>ἀντικείμενον</span> <span class='ocrx_word' id='word_1_236' title='bbox 1466 2931 1616 3004; x_wconf 85' lang='grc' dir='ltr'><strong>αὑτῷ</strong></span> <span class='ocrx_word' id='word_1_237' title='bbox 1635 2932 1808 2986; x_wconf 84' lang='grc' dir='ltr'>διάϐο-</span> 
     </span>
    </p>
   </div>
   <div class='ocr_carea' id='block_1_33' title="bbox 212 3021 1805 3097">
    <p class='ocr_par' dir='ltr' id='par_1_33' title="bbox 212 3021 1805 3097">
     <span class='ocr_line' id='line_1_33' title="bbox 212 3021 1805 3097; baseline 0.001 -20"><span class='ocrx_word' id='word_1_238' title='bbox 212 3024 329 3090; x_wconf 84' lang='grc' dir='ltr'>λον,</span> <span class='ocrx_word' id='word_1_239' title='bbox 349 3025 529 3088; x_wconf 80' lang='grc' dir='ltr'>πάσας</span> <span class='ocrx_word' id='word_1_240' title='bbox 551 3040 611 3076; x_wconf 89' lang='grc' dir='ltr'><strong>τε</strong></span> <span class='ocrx_word' id='word_1_241' title='bbox 640 3021 739 3086; x_wconf 77' lang='grc' dir='ltr'><strong>τὰς</strong></span> <span class='ocrx_word' id='word_1_242' title='bbox 765 3023 900 3092; x_wconf 86' lang='grc' dir='ltr'>ἀμφ’</span> <span class='ocrx_word' id='word_1_243' title='bbox 931 3022 1093 3076; x_wconf 81' lang='grc' dir='ltr'>αὑτὸν</span> <span class='ocrx_word' id='word_1_244' title='bbox 1119 3022 1384 3093; x_wconf 89' lang='grc' dir='ltr'>άοράτους</span> <span class='ocrx_word' id='word_1_245' title='bbox 1427 3024 1520 3078; x_wconf 72' lang='grc' dir='ltr'>καὶ</span> <span class='ocrx_word' id='word_1_246' title='bbox 1563 3023 1805 3097; x_wconf 81' lang='grc' dir='ltr'>πονηρὰς</span> 
     </span>
    </p>
   </div>
   <div class='ocr_carea' id='block_1_34' title="bbox 213 3115 1876 3220">
    <p class='ocr_par' dir='ltr' id='par_1_34' title="bbox 213 3115 1876 3220">
     <span class='ocr_line' id='line_1_34' title="bbox 213 3115 1876 3220; baseline -0.002 -46"><span class='ocrx_word' id='word_1_247' title='bbox 213 3117 495 3189; x_wconf 73' lang='grc' dir='ltr'>δυνάμεις,</span> <span class='ocrx_word' id='word_1_248' title='bbox 532 3117 620 3171; x_wconf 83' lang='grc' dir='ltr'>διὰ</span> <span class='ocrx_word' id='word_1_249' title='bbox 656 3116 963 3189; x_wconf 84' lang='grc' dir='ltr'>κρείττονος</span> <span class='ocrx_word' id='word_1_250' title='bbox 991 3116 1086 3170; x_wconf 77' lang='grc' dir='ltr'><strong>καὶ</strong></span> <span class='ocrx_word' id='word_1_251' title='bbox 1133 3115 1491 3188; x_wconf 87' lang='grc' dir='ltr'>ἀκαταμάχου</span> <span class='ocrx_word' id='word_1_252' title='bbox 1523 3116 1805 3189; x_wconf 86' lang='grc' dir='ltr'>δυνάμεως</span> <span class='ocrx_word' id='word_1_253' title='bbox 1832 3161 1876 3220; x_wconf 79' lang='lat' dir='ltr'><strong><em>C</em></strong></span> 
     </span>
    </p>
   </div>
   <div class='ocr_carea' id='block_1_35' title="bbox 215 3201 1803 3281">
    <p class='ocr_par' dir='ltr' id='par_1_35' title="bbox 215 3201 1803 3281">
     <span class='ocr_line' id='line_1_35' title="bbox 215 3201 1803 3281; baseline 0.001 -20"><span class='ocrx_word' id='word_1_254' title='bbox 215 3209 655 3281; x_wconf 73' lang='grc' dir='ltr'>ἧλαυνεν,είσέτι</span> <span class='ocrx_word' id='word_1_255' title='bbox 682 3225 742 3261; x_wconf 91' lang='grc' dir='ltr'><strong>τε</strong></span> <span class='ocrx_word' id='word_1_256' title='bbox 777 3205 872 3260; x_wconf 89' lang='grc' dir='ltr'><strong>νῦν</strong></span> <span class='ocrx_word' id='word_1_257' title='bbox 909 3206 1151 3280; x_wconf 82' lang='grc' dir='ltr'>κυριεύει</span> <span class='ocrx_word' id='word_1_258' title='bbox 1190 3206 1359 3261; x_wconf 84' lang='grc' dir='ltr'>ἐθνῶν</span> <span class='ocrx_word' id='word_1_259' title='bbox 1390 3207 1619 3275; x_wconf 85' lang='grc' dir='ltr'>πολλῶν,</span> <span class='ocrx_word' id='word_1_260' title='bbox 1639 3201 1713 3261; x_wconf 83' lang='grc' dir='ltr'>ὧν</span> <span class='ocrx_word' id='word_1_261' title='bbox 1734 3207 1803 3262; x_wconf 82' lang='grc' dir='ltr'>τὰ</span> 
     </span>
    </p>
   </div>
   <div class='ocr_carea' id='block_1_36' title="bbox 217 3297 1807 3372">
    <p class='ocr_par' dir='ltr' id='par_1_36' title="bbox 217 3297 1807 3372">
     <span class='ocr_line' id='line_1_36' title="bbox 217 3297 1807 3372; baseline 0.001 -19"><span class='ocrx_word' id='word_1_262' title='bbox 217 3302 372 3372; x_wconf 70' lang='grc' dir='ltr'>πάχη</span> <span class='ocrx_word' id='word_1_263' title='bbox 389 3302 481 3354; x_wconf 71' lang='grc' dir='ltr'>καὶ</span> <span class='ocrx_word' id='word_1_264' title='bbox 495 3300 555 3354; x_wconf 86' lang='grc' dir='ltr'><strong>τὸ</strong></span> <span class='ocrx_word' id='word_1_265' title='bbox 571 3300 824 3372; x_wconf 87' lang='grc' dir='ltr'>φρόνημα</span> <span class='ocrx_word' id='word_1_266' title='bbox 835 3300 932 3371; x_wconf 81' lang='grc' dir='ltr'>τῆς</span> <span class='ocrx_word' id='word_1_267' title='bbox 950 3299 1151 3371; x_wconf 78' lang='grc' dir='ltr'>σαρκὸς</span> <span class='ocrx_word' id='word_1_268' title='bbox 1166 3297 1460 3364; x_wconf 83' lang='grc' dir='ltr'>λεπτύνων,</span> <span class='ocrx_word' id='word_1_269' title='bbox 1476 3300 1568 3353; x_wconf 80' lang='grc' dir='ltr'><strong>ἐπὶ</strong></span> <span class='ocrx_word' id='word_1_270' title='bbox 1581 3300 1678 3372; x_wconf 76' lang='grc' dir='ltr'><strong>τήν</strong></span> <span class='ocrx_word' id='word_1_271' title='bbox 1696 3316 1807 3354; x_wconf 85' lang='grc' dir='ltr'>στε-</span> 
     </span>
    </p>
   </div>
   <div class='ocr_carea' id='block_1_37' title="bbox 215 3388 1804 3463">
    <p class='ocr_par' dir='ltr' id='par_1_37' title="bbox 215 3388 1804 3463">
     <span class='ocr_line' id='line_1_37' title="bbox 215 3388 1804 3463; baseline 0 -19"><span class='ocrx_word' id='word_1_272' title='bbox 215 3392 319 3463; x_wconf 79' lang='grc' dir='ltr'><strong>νὴν</strong></span> <span class='ocrx_word' id='word_1_273' title='bbox 334 3391 456 3444; x_wconf 62' lang='grc' dir='ltr'>ὁδόν</span> <span class='ocrx_word' id='word_1_274' title='bbox 476 3390 576 3460; x_wconf 61' lang='grc' dir='ltr'>τῆς</span> <span class='ocrx_word' id='word_1_275' title='bbox 604 3390 822 3443; x_wconf 82' lang='grc' dir='ltr'>αἰωνίου</span> <span class='ocrx_word' id='word_1_276' title='bbox 851 3389 997 3459; x_wconf 79' lang='grc' dir='ltr'>ζωῆς</span> <span class='ocrx_word' id='word_1_277' title='bbox 1021 3388 1358 3461; x_wconf 77' lang='grc' dir='ltr'>ἐπιτηδείους</span> <span class='ocrx_word' id='word_1_278' title='bbox 1382 3388 1804 3456; x_wconf 80' lang='grc' dir='ltr'>κατασκευάζει.</span> 
     </span>
    </p>
   </div>
   <div class='ocr_carea' id='block_1_38' title="bbox 229 3475 1810 3556">
    <p class='ocr_par' dir='ltr' id='par_1_38' title="bbox 229 3475 1810 3556">
     <span class='ocr_line' id='line_1_38' title="bbox 229 3475 1810 3556; baseline 0.001 -20"><span class='ocrx_word' id='word_1_279' title='bbox 229 3482 397 3538; x_wconf 76' lang='grc' dir='ltr'>Ἀλλά</span> <span class='ocrx_word' id='word_1_280' title='bbox 424 3483 520 3536; x_wconf 75' lang='grc' dir='ltr'><strong>καὶ</strong></span> <span class='ocrx_word' id='word_1_281' title='bbox 543 3482 890 3548; x_wconf 72' lang='grc' dir='ltr'>κατακλιθεὶς</span> <span class='ocrx_word' id='word_1_282' title='bbox 918 3481 1077 3544; x_wconf 76' lang='grc' dir='ltr'>αὐτὸς</span> <span class='ocrx_word' id='word_1_283' title='bbox 1105 3475 1259 3546; x_wconf 71' lang='grc' dir='ltr'>οὗτος</span> <span class='ocrx_word' id='word_1_284' title='bbox 1290 3482 1318 3534; x_wconf 90' lang='grc' dir='ltr'>ὁ</span> <span class='ocrx_word' id='word_1_285' title='bbox 1343 3483 1399 3549; x_wconf 79' lang='grc' dir='ltr'><strong>ἐξ</strong></span> <span class='ocrx_word' id='word_1_286' title='bbox 1438 3482 1652 3555; x_wconf 82' lang='grc' dir='ltr'>Ἰσραὴλ</span> <span class='ocrx_word' id='word_1_287' title='bbox 1682 3501 1810 3556; x_wconf 86' lang='grc' dir='ltr'>προ-</span> 
     </span>
    </p>
   </div>
   <div class='ocr_carea' id='block_1_39' title="bbox 217 3574 1806 3647">
    <p class='ocr_par' dir='ltr' id='par_1_39' title="bbox 217 3574 1806 3647">
     <span class='ocr_line' id='line_1_39' title="bbox 217 3574 1806 3647; baseline 0.002 -19"><span class='ocrx_word' id='word_1_288' title='bbox 217 3575 393 3629; x_wconf 83' lang='grc' dir='ltr'>ελθὼν</span> <span class='ocrx_word' id='word_1_289' title='bbox 442 3574 747 3647; x_wconf 75' lang='grc' dir='ltr'>ἄνθρωπος,</span> <span class='ocrx_word' id='word_1_290' title='bbox 798 3577 828 3629; x_wconf 86' lang='grc' dir='ltr'><strong>ό</strong></span> <span class='ocrx_word' id='word_1_291' title='bbox 873 3574 1308 3644; x_wconf 85' lang='grc' dir='ltr'>κατακυριεύσας</span> <span class='ocrx_word' id='word_1_292' title='bbox 1361 3574 1528 3628; x_wconf 87' lang='grc' dir='ltr'>ἐθνῶν</span> <span class='ocrx_word' id='word_1_293' title='bbox 1575 3576 1806 3643; x_wconf 82' lang='grc' dir='ltr'>πολλῶν,</span> 
     </span>
    </p>
   </div>
   <div class='ocr_carea' id='block_1_40' title="bbox 222 3668 1807 3741">
    <p class='ocr_par' dir='ltr' id='par_1_40' title="bbox 222 3668 1807 3741">
     <span class='ocr_line' id='line_1_40' title="bbox 222 3668 1807 3741; baseline 0.003 -20"><span class='ocrx_word' id='word_1_294' title='bbox 222 3688 244 3721; x_wconf 85' lang='grc'><em>‹</em></span> <span class='ocrx_word' id='word_1_295' title='bbox 274 3668 642 3734; x_wconf 83' lang='grc' dir='ltr'>ἀνεπαύσατο,</span> <span class='ocrx_word' id='word_1_296' title='bbox 715 3670 898 3739; x_wconf 74' lang='grc' dir='ltr'>φησὶν,</span> <span class='ocrx_word' id='word_1_297' title='bbox 940 3669 1016 3734; x_wconf 84' lang='grc' dir='ltr'>ὡς</span> <span class='ocrx_word' id='word_1_298' title='bbox 1078 3669 1236 3734; x_wconf 84' lang='grc' dir='ltr'>λέων,</span> <span class='ocrx_word' id='word_1_299' title='bbox 1268 3688 1286 3720; x_wconf 84' lang='grc'>›</span> <span class='ocrx_word' id='word_1_300' title='bbox 1314 3668 1457 3722; x_wconf 71' lang='grc' dir='ltr'>οὕτω</span> <span class='ocrx_word' id='word_1_301' title='bbox 1509 3668 1684 3741; x_wconf 86' lang='grc' dir='ltr'>δηλῶν</span> <span class='ocrx_word' id='word_1_302' title='bbox 1739 3669 1807 3741; x_wconf 76' lang='grc' dir='ltr'>ἦν</span> 
     </span>
    </p>
   </div>
   <div class='ocr_carea' id='block_1_41' title="bbox 217 3759 1807 3833">
    <p class='ocr_par' dir='ltr' id='par_1_41' title="bbox 217 3759 1807 3833">
     <span class='ocr_line' id='line_1_41' title="bbox 217 3759 1807 3833; baseline 0.001 -20"><span class='ocrx_word' id='word_1_303' title='bbox 217 3759 509 3824; x_wconf 79' lang='grc' dir='ltr'>ἀνεδέξατο</span> <span class='ocrx_word' id='word_1_304' title='bbox 540 3761 869 3831; x_wconf 78' lang='grc' dir='ltr'>οἰκονομίαν,</span> <span class='ocrx_word' id='word_1_305' title='bbox 906 3760 1025 3815; x_wconf 89' lang='grc' dir='ltr'>καθ’</span> <span class='ocrx_word' id='word_1_306' title='bbox 1054 3762 1120 3833; x_wconf 83' lang='grc' dir='ltr'>ἢν</span> <span class='ocrx_word' id='word_1_307' title='bbox 1168 3761 1358 3832; x_wconf 82' lang='grc' dir='ltr'>ὥσπερ</span> <span class='ocrx_word' id='word_1_308' title='bbox 1404 3778 1486 3825; x_wconf 88' lang='grc' dir='ltr'><strong>τις</strong></span> <span class='ocrx_word' id='word_1_309' title='bbox 1533 3760 1807 3831; x_wconf 86' lang='grc' dir='ltr'>βασιλικὸς</span> 
     </span>
    </p>
   </div>
   <div class='ocr_carea' id='block_1_42' title="bbox 216 3850 1808 3928">
    <p class='ocr_par' dir='ltr' id='par_1_42' title="bbox 216 3850 1808 3928">
     <span class='ocr_line' id='line_1_42' title="bbox 216 3850 1808 3928; baseline 0.001 -21"><span class='ocrx_word' id='word_1_310' title='bbox 216 3851 317 3907; x_wconf 70' lang='grc' dir='ltr'><strong>καὶ</strong></span> <span class='ocrx_word' id='word_1_311' title='bbox 348 3850 649 3923; x_wconf 77' lang='grc' dir='ltr'>θαρραλέος</span> <span class='ocrx_word' id='word_1_312' title='bbox 692 3851 796 3923; x_wconf 82' lang='grc' dir='ltr'><strong>θήρ</strong></span> <span class='ocrx_word' id='word_1_313' title='bbox 844 3852 1208 3917; x_wconf 76' lang='grc' dir='ltr'>ἀνεπαύσατο,</span> <span class='ocrx_word' id='word_1_314' title='bbox 1250 3853 1476 3924; x_wconf 84' lang='grc' dir='ltr'>μηδενὸς</span> <span class='ocrx_word' id='word_1_315' title='bbox 1510 3854 1673 3908; x_wconf 82' lang='grc' dir='ltr'>αὐτοῦ</span> <span class='ocrx_word' id='word_1_316' title='bbox 1706 3855 1808 3928; x_wconf 80' lang='grc' dir='ltr'><strong>τὴν</strong></span> 
     </span>
    </p>
   </div>
   <div class='ocr_carea' id='block_1_43' title="bbox 219 3943 1805 4018">
    <p class='ocr_par' dir='ltr' id='par_1_43' title="bbox 219 3943 1805 4018">
     <span class='ocr_line' id='line_1_43' title="bbox 219 3943 1805 4018; baseline 0.001 -20"><span class='ocrx_word' id='word_1_317' title='bbox 219 3945 399 4017; x_wconf 76' lang='grc' dir='ltr'>ἀρχὴν</span> <span class='ocrx_word' id='word_1_318' title='bbox 427 3946 522 3999; x_wconf 76' lang='grc' dir='ltr'>καὶ</span> <span class='ocrx_word' id='word_1_319' title='bbox 553 3943 653 4016; x_wconf 77' lang='grc' dir='ltr'>τὴν</span> <span class='ocrx_word' id='word_1_320' title='bbox 687 3943 962 4015; x_wconf 84' lang='grc' dir='ltr'>βασιλείαν</span> <span class='ocrx_word' id='word_1_321' title='bbox 1003 3944 1440 4017; x_wconf 86' lang='grc' dir='ltr'>μεταστήσασθαι</span> <span class='ocrx_word' id='word_1_322' title='bbox 1466 3946 1765 4018; x_wconf 88' lang='grc' dir='ltr'>δυναμένου</span> <span class='ocrx_word' id='word_1_323' title='bbox 1791 3964 1805 3979; x_wconf 77' lang='grc' dir='ltr'><strong>ο</strong></span> 
     </span>
    </p>
   </div>
   <div class='ocr_carea' id='block_1_44' title="bbox 221 4035 1812 4111">
    <p class='ocr_par' dir='ltr' id='par_1_44' title="bbox 221 4035 1812 4111">
     <span class='ocr_line' id='line_1_44' title="bbox 221 4035 1812 4111; baseline 0.003 -22"><span class='ocrx_word' id='word_1_324' title='bbox 221 4037 429 4099; x_wconf 74' lang='grc' dir='ltr'>πάντες</span> <span class='ocrx_word' id='word_1_325' title='bbox 461 4053 521 4090; x_wconf 88' lang='grc' dir='ltr'><strong>τε</strong></span> <span class='ocrx_word' id='word_1_326' title='bbox 562 4038 612 4089; x_wconf 88' lang='grc' dir='ltr'>οἱ</span> <span class='ocrx_word' id='word_1_327' title='bbox 647 4036 737 4090; x_wconf 86' lang='grc' dir='ltr'><strong>τὸν</strong></span> <span class='ocrx_word' id='word_1_328' title='bbox 778 4035 1014 4108; x_wconf 80' lang='grc' dir='ltr'>Χριστὸν</span> <span class='ocrx_word' id='word_1_329' title='bbox 1047 4036 1414 4105; x_wconf 79' lang='grc' dir='ltr'>εὐλογοῦντες,</span> <span class='ocrx_word' id='word_1_330' title='bbox 1449 4038 1592 4111; x_wconf 86' lang='grc' dir='ltr'>λόγῳ</span> <span class='ocrx_word' id='word_1_331' title='bbox 1622 4056 1681 4092; x_wconf 91' lang='grc' dir='ltr'><strong>τε</strong></span> <span class='ocrx_word' id='word_1_332' title='bbox 1715 4040 1812 4093; x_wconf 74' lang='grc' dir='ltr'><strong>καὶ</strong></span> 
     </span>
    </p>
   </div>
   <div class='ocr_carea' id='block_1_45' title="bbox 221 4127 1812 4204">
    <p class='ocr_par' dir='ltr' id='par_1_45' title="bbox 221 4127 1812 4204">
     <span class='ocr_line' id='line_1_45' title="bbox 221 4127 1812 4204; baseline 0.004 -24"><span class='ocrx_word' id='word_1_333' title='bbox 221 4127 329 4202; x_wconf 80' lang='grc' dir='ltr'><strong>βίῳ</strong></span> <span class='ocrx_word' id='word_1_334' title='bbox 356 4128 711 4200; x_wconf 87' lang='grc' dir='ltr'>σεμνύνοντες</span> <span class='ocrx_word' id='word_1_335' title='bbox 742 4128 843 4201; x_wconf 81' lang='grc' dir='ltr'><strong>τὴν</strong></span> <span class='ocrx_word' id='word_1_336' title='bbox 872 4128 1072 4201; x_wconf 83' lang='grc' dir='ltr'>ἀρετὴν</span> <span class='ocrx_word' id='word_1_337' title='bbox 1117 4129 1211 4183; x_wconf 91' lang='grc' dir='ltr'><strong>τοῦ</strong></span> <span class='ocrx_word' id='word_1_338' title='bbox 1247 4128 1588 4199; x_wconf 85' lang='grc' dir='ltr'>διδασκάλου,</span> <span class='ocrx_word' id='word_1_339' title='bbox 1615 4132 1716 4204; x_wconf 77' lang='grc' dir='ltr'>τῆς</span> <span class='ocrx_word' id='word_1_340' title='bbox 1746 4134 1812 4186; x_wconf 87' lang='grc' dir='ltr'><strong>ἐκ</strong></span> 
     </span>
    </p>
   </div>
   <div class='ocr_carea' id='block_1_46' title="bbox 219 4218 1811 4295">
    <p class='ocr_par' dir='ltr' id='par_1_46' title="bbox 219 4218 1811 4295">
     <span class='ocr_line' id='line_1_46' title="bbox 219 4218 1811 4295; baseline 0.001 -20"><span class='ocrx_word' id='word_1_341' title='bbox 219 4220 363 4275; x_wconf 86' lang='grc' dir='ltr'>Θεοῦ</span> <span class='ocrx_word' id='word_1_342' title='bbox 400 4218 786 4291; x_wconf 82' lang='grc' dir='ltr'>μετειλήφασιν</span> <span class='ocrx_word' id='word_1_343' title='bbox 814 4218 1085 4288; x_wconf 77' lang='grc' dir='ltr'>εὐλογίας,</span> <span class='ocrx_word' id='word_1_344' title='bbox 1121 4218 1376 4286; x_wconf 74' lang='grc' dir='ltr'>αὔξοντες</span> <span class='ocrx_word' id='word_1_345' title='bbox 1413 4221 1683 4295; x_wconf 85' lang='grc' dir='ltr'>ὁσημέραι</span> <span class='ocrx_word' id='word_1_346' title='bbox 1715 4224 1811 4277; x_wconf 75' lang='grc' dir='ltr'>καὶ</span> 
     </span>
    </p>
   </div>
   <div class='ocr_carea' id='block_1_47' title="bbox 221 4308 1807 4385">
    <p class='ocr_par' dir='ltr' id='par_1_47' title="bbox 221 4308 1807 4385">
     <span class='ocr_line' id='line_1_47' title="bbox 221 4308 1807 4385; baseline -0.001 -18"><span class='ocrx_word' id='word_1_347' title='bbox 221 4311 612 4384; x_wconf 84' lang='grc' dir='ltr'>πληθύνοντες,</span> <span class='ocrx_word' id='word_1_348' title='bbox 647 4308 790 4363; x_wconf 88' lang='grc' dir='ltr'><strong>κατά</strong></span> <span class='ocrx_word' id='word_1_349' title='bbox 810 4309 892 4375; x_wconf 85' lang='grc' dir='ltr'><strong>τὸ,</strong></span> <span class='ocrx_word' id='word_1_350' title='bbox 929 4328 948 4362; x_wconf 73' lang='grc' dir='ltr'><strong>ι</strong></span> <span class='ocrx_word' id='word_1_351' title='bbox 971 4309 1296 4378; x_wconf 77' lang='grc' dir='ltr'>Αύξάνεσθε,</span> <span class='ocrx_word' id='word_1_352' title='bbox 1324 4311 1419 4366; x_wconf 77' lang='grc' dir='ltr'><strong>καὶ</strong></span> <span class='ocrx_word' id='word_1_353' title='bbox 1451 4311 1807 4385; x_wconf 85' lang='grc' dir='ltr'>πληθύνεσθε,</span> 
     </span>
    </p>
   </div>
   <div class='ocr_carea' id='block_1_48' title="bbox 220 4398 1810 4474">
    <p class='ocr_par' dir='ltr' id='par_1_48' title="bbox 220 4398 1810 4474">
     <span class='ocr_line' id='line_1_48' title="bbox 220 4398 1810 4474; baseline 0.001 -18"><span class='ocrx_word' id='word_1_354' title='bbox 220 4402 324 4465; x_wconf 75' lang='grc' dir='ltr'>καὶ</span> <span class='ocrx_word' id='word_1_355' title='bbox 377 4398 702 4472; x_wconf 85' lang='grc' dir='ltr'>πληρώσατε</span> <span class='ocrx_word' id='word_1_356' title='bbox 755 4398 853 4472; x_wconf 82' lang='grc' dir='ltr'>τὴν</span> <span class='ocrx_word' id='word_1_357' title='bbox 901 4400 1027 4471; x_wconf 82' lang='grc' dir='ltr'>γῆν,</span> <span class='ocrx_word' id='word_1_358' title='bbox 1060 4421 1078 4452; x_wconf 75' lang='grc' dir='ltr'><strong>ιι</strong></span> <span class='ocrx_word' id='word_1_359' title='bbox 1115 4401 1475 4474; x_wconf 88' lang='grc' dir='ltr'>ἀληθέστερον</span> <span class='ocrx_word' id='word_1_360' title='bbox 1521 4403 1810 4458; x_wconf 83' lang='grc' dir='ltr'>ἐπάὺτῶν</span> 
     </span>
    </p>
   </div>
   <div class='ocr_carea' id='block_1_49' title="bbox 1903 534 3476 608">
    <p class='ocr_par' dir='ltr' id='par_1_49' title="bbox 1903 534 3476 608">
     <span class='ocr_line' id='line_1_49' title="bbox 1903 534 3476 608; baseline -0.002 -14"><span class='ocrx_word' id='word_1_361' title='bbox 1903 539 2052 595; x_wconf 90' lang='lat' dir='ltr'><strong>illius</strong></span> <span class='ocrx_word' id='word_1_362' title='bbox 2080 539 2253 594; x_wconf 76' lang='lat' dir='ltr'><strong>virtus</strong></span> <span class='ocrx_word' id='word_1_363' title='bbox 2284 552 2381 608; x_wconf 90' lang='lat' dir='ltr'><strong>per</strong></span> <span class='ocrx_word' id='word_1_364' title='bbox 2406 537 2582 598; x_wconf 88' lang='lat' dir='ltr'><strong>illum,</strong></span> <span class='ocrx_word' id='word_1_365' title='bbox 2609 535 2701 606; x_wconf 89' lang='lat' dir='ltr'><strong>qui</strong></span> <span class='ocrx_word' id='word_1_366' title='bbox 2725 534 2795 590; x_wconf 91' lang='lat' dir='ltr'><strong>ab</strong></span> <span class='ocrx_word' id='word_1_367' title='bbox 2822 534 2941 606; x_wconf 92' lang='lat' dir='ltr'><strong>ipso</strong></span> <span class='ocrx_word' id='word_1_368' title='bbox 2979 534 3046 589; x_wconf 91' lang='lat' dir='ltr'><strong>de</strong></span> <span class='ocrx_word' id='word_1_369' title='bbox 3074 536 3281 591; x_wconf 85' lang='lat' dir='ltr'><strong>semine</strong></span> <span class='ocrx_word' id='word_1_370' title='bbox 3308 534 3476 591; x_wconf 79' lang='lat' dir='ltr'><strong>Israel</strong></span> 
     </span>
    </p>
   </div>
   <div class='ocr_carea' id='block_1_50' title="bbox 1901 625 3477 700">
    <p class='ocr_par' dir='ltr' id='par_1_50' title="bbox 1901 625 3477 700">
     <span class='ocr_line' id='line_1_50' title="bbox 1901 625 3477 700; baseline -0.003 -14"><span class='ocrx_word' id='word_1_371' title='bbox 1901 631 2115 686; x_wconf 89' lang='lat' dir='ltr'><strong>ratione</strong></span> <span class='ocrx_word' id='word_1_372' title='bbox 2149 630 2397 700; x_wconf 87' lang='lat' dir='ltr'><strong>corporis</strong></span> <span class='ocrx_word' id='word_1_373' title='bbox 2427 637 2741 698; x_wconf 78' lang='lat' dir='ltr'><strong>assumptus</strong></span> <span class='ocrx_word' id='word_1_374' title='bbox 2765 635 2870 693; x_wconf 86' lang='lat' dir='ltr'><strong>est,</strong></span> <span class='ocrx_word' id='word_1_375' title='bbox 2902 627 3174 682; x_wconf 84' lang='lat' dir='ltr'><strong>hominem</strong></span> <span class='ocrx_word' id='word_1_376' title='bbox 3200 625 3477 682; x_wconf 84' lang='lat' dir='ltr'><strong>dominata</strong></span> 
     </span>
    </p>
   </div>
   <div class='ocr_carea' id='block_1_51' title="bbox 1902 717 3476 791">
    <p class='ocr_par' dir='ltr' id='par_1_51' title="bbox 1902 717 3476 791">
     <span class='ocr_line' id='line_1_51' title="bbox 1902 717 3476 791; baseline -0.002 -13"><span class='ocrx_word' id='word_1_377' title='bbox 1902 731 2006 786; x_wconf 86' lang='lat' dir='ltr'><strong>est,</strong></span> <span class='ocrx_word' id='word_1_378' title='bbox 2030 729 2192 791; x_wconf 88' lang='lat' dir='ltr'><strong>atque</strong></span> <span class='ocrx_word' id='word_1_379' title='bbox 2217 722 2385 777; x_wconf 90' lang='lat' dir='ltr'><strong>etiam</strong></span> <span class='ocrx_word' id='word_1_380' title='bbox 2427 735 2576 775; x_wconf 90' lang='lat' dir='ltr'><strong>nunc</strong></span> <span class='ocrx_word' id='word_1_381' title='bbox 2619 718 2934 775; x_wconf 79' lang='lat' dir='ltr'><strong>dominatur</strong></span> <span class='ocrx_word' id='word_1_382' title='bbox 2973 718 3226 790; x_wconf 76' lang='lat' dir='ltr'><strong>gentibus</strong></span> <span class='ocrx_word' id='word_1_383' title='bbox 3267 717 3476 775; x_wconf 87' lang='lat' dir='ltr'><strong>multis.</strong></span> 
     </span>
    </p>
   </div>
   <div class='ocr_carea' id='block_1_52' title="bbox 1903 812 3477 885">
    <p class='ocr_par' dir='ltr' id='par_1_52' title="bbox 1903 812 3477 885">
     <span class='ocr_line' id='line_1_52' title="bbox 1903 812 3477 885; baseline -0.002 -16"><span class='ocrx_word' id='word_1_384' title='bbox 1903 813 2004 869; x_wconf 84' lang='lat' dir='ltr'><strong>Hic</strong></span> <span class='ocrx_word' id='word_1_385' title='bbox 2032 814 2198 885; x_wconf 91' lang='lat' dir='ltr'><strong>igitur</strong></span> <span class='ocrx_word' id='word_1_386' title='bbox 2227 814 2317 868; x_wconf 90' lang='lat' dir='ltr'><strong>ille</strong></span> <span class='ocrx_word' id='word_1_387' title='bbox 2348 815 2465 884; x_wconf 90' lang='lat' dir='ltr'><strong>ipse</strong></span> <span class='ocrx_word' id='word_1_388' title='bbox 2484 821 2625 879; x_wconf 86' lang='lat' dir='ltr'><strong>erat,</strong></span> <span class='ocrx_word' id='word_1_389' title='bbox 2652 827 2761 867; x_wconf 91' lang='lat' dir='ltr'><strong>non</strong></span> <span class='ocrx_word' id='word_1_390' title='bbox 2786 812 2926 867; x_wconf 87' lang='lat' dir='ltr'><strong>alius</strong></span> <span class='ocrx_word' id='word_1_391' title='bbox 2969 813 3262 883; x_wconf 84' lang='lat' dir='ltr'><strong>quispiam,</strong></span> <span class='ocrx_word' id='word_1_392' title='bbox 3315 827 3477 883; x_wconf 78' lang='lat' dir='ltr'><strong>quem</strong></span> 
     </span>
    </p>
   </div>
   <div class='ocr_carea' id='block_1_53' title="bbox 1904 903 3539 979">
    <p class='ocr_par' dir='ltr' id='par_1_53' title="bbox 1904 903 3539 979">
     <span class='ocr_line' id='line_1_53' title="bbox 1904 903 3539 979; baseline 0.001 -19"><span class='ocrx_word' id='word_1_393' title='bbox 1904 907 2186 979; x_wconf 81' lang='lat' dir='ltr'><strong>prophetia</strong></span> <span class='ocrx_word' id='word_1_394' title='bbox 2235 906 2598 977; x_wconf 62' lang='lat' dir='ltr'><strong>praedixerat,</strong></span> <span class='ocrx_word' id='word_1_395' title='bbox 2642 907 2802 974; x_wconf 89' lang='lat' dir='ltr'><strong>cujus</strong></span> <span class='ocrx_word' id='word_1_396' title='bbox 2856 913 3100 977; x_wconf 90' lang='lat' dir='ltr'><strong>tempore</strong></span> <span class='ocrx_word' id='word_1_397' title='bbox 3144 906 3309 961; x_wconf 88' lang='lat' dir='ltr'><strong>etiam</strong></span> <span class='ocrx_word' id='word_1_398' title='bbox 3364 903 3481 973; x_wconf 81' lang='lat' dir='ltr'><strong>Gog</strong></span> <span class='ocrx_word' id='word_1_399' title='bbox 3528 950 3539 961; x_wconf 84' lang='lat'><strong>.</strong></span> 
     </span>
    </p>
   </div>
   <div class='ocr_carea' id='block_1_54' title="bbox 1904 996 3479 1071">
    <p class='ocr_par' dir='ltr' id='par_1_54' title="bbox 1904 996 3479 1071">
     <span class='ocr_line' id='line_1_54' title="bbox 1904 996 3479 1071; baseline -0.003 -16"><span class='ocrx_word' id='word_1_400' title='bbox 1904 1014 2130 1071; x_wconf 82' lang='lat' dir='ltr'><strong>regnum</strong></span> <span class='ocrx_word' id='word_1_401' title='bbox 2164 999 2216 1052; x_wconf 90' lang='lat' dir='ltr'><strong>in</strong></span> <span class='ocrx_word' id='word_1_402' title='bbox 2251 999 2484 1055; x_wconf 86' lang='lat' dir='ltr'><strong>sublime</strong></span> <span class='ocrx_word' id='word_1_403' title='bbox 2541 999 2835 1054; x_wconf 88' lang='lat' dir='ltr'><strong>adauctum</strong></span> <span class='ocrx_word' id='word_1_404' title='bbox 2879 1006 2997 1057; x_wconf 88' lang='lat' dir='ltr'><strong>est.</strong></span> <span class='ocrx_word' id='word_1_405' title='bbox 3033 1012 3156 1052; x_wconf 89' lang='lat' dir='ltr'><strong>cum</strong></span> <span class='ocrx_word' id='word_1_406' title='bbox 3200 1012 3266 1051; x_wconf 90' lang='lat' dir='ltr'><strong>eo</strong></span> <span class='ocrx_word' id='word_1_407' title='bbox 3316 996 3479 1052; x_wconf 89' lang='lat' dir='ltr'><strong>simul</strong></span> 
     </span>
    </p>
   </div>
   <div class='ocr_carea' id='block_1_55' title="bbox 1903 1087 3591 1161">
    <p class='ocr_par' dir='ltr' id='par_1_55' title="bbox 1903 1087 3591 1161">
     <span class='ocr_line' id='line_1_55' title="bbox 1903 1087 3591 1161; baseline -0.001 -16"><span class='ocrx_word' id='word_1_408' title='bbox 1903 1089 2108 1146; x_wconf 86' lang='lat' dir='ltr'><strong>Christi</strong></span> <span class='ocrx_word' id='word_1_409' title='bbox 2146 1090 2347 1144; x_wconf 85' lang='lat' dir='ltr'><strong>virtute</strong></span> <span class='ocrx_word' id='word_1_410' title='bbox 2393 1104 2457 1144; x_wconf 90' lang='lat' dir='ltr'><strong>ac</strong></span> <span class='ocrx_word' id='word_1_411' title='bbox 2506 1089 2749 1161; x_wconf 87' lang='lat' dir='ltr'><strong>potentia</strong></span> <span class='ocrx_word' id='word_1_412' title='bbox 2798 1096 3104 1145; x_wconf 80' lang='lat' dir='ltr'><strong>crescente.</strong></span> <span class='ocrx_word' id='word_1_413' title='bbox 3137 1087 3251 1142; x_wconf 86' lang='lat' dir='ltr'><strong>Iloc</strong></span> <span class='ocrx_word' id='word_1_414' title='bbox 3300 1096 3478 1143; x_wconf 89' lang='lat' dir='ltr'><strong>autem</strong></span> <span class='ocrx_word' id='word_1_415' title='bbox 3580 1142 3591 1161; x_wconf 66' lang='grc'><em>,</em></span> 
     </span>
    </p>
   </div>
   <div class='ocr_carea' id='block_1_56' title="bbox 1905 1178 3480 1251">
    <p class='ocr_par' dir='ltr' id='par_1_56' title="bbox 1905 1178 3480 1251">
     <span class='ocr_line' id='line_1_56' title="bbox 1905 1178 3480 1251; baseline 0.002 -17"><span class='ocrx_word' id='word_1_416' title='bbox 1905 1182 2066 1237; x_wconf 92' lang='lat' dir='ltr'><strong>modo</strong></span> <span class='ocrx_word' id='word_1_417' title='bbox 2085 1182 2238 1236; x_wconf 88' lang='lat' dir='ltr'><strong>aiunt</strong></span> <span class='ocrx_word' id='word_1_418' title='bbox 2251 1179 2621 1237; x_wconf 80' lang='lat' dir='ltr'><strong>Romanorum</strong></span> <span class='ocrx_word' id='word_1_419' title='bbox 2645 1196 2872 1251; x_wconf 90' lang='lat' dir='ltr'><strong>regnum</strong></span> <span class='ocrx_word' id='word_1_420' title='bbox 2904 1181 3203 1237; x_wconf 87' lang='lat' dir='ltr'><strong>secundum</strong></span> <span class='ocrx_word' id='word_1_421' title='bbox 3222 1178 3480 1237; x_wconf 68' lang='lat' dir='ltr'><strong>Hebraeos</strong></span> 
     </span>
    </p>
   </div>
   <div class='ocr_carea' id='block_1_57' title="bbox 1905 1273 3482 1345">
    <p class='ocr_par' dir='ltr' id='par_1_57' title="bbox 1905 1273 3482 1345">
     <span class='ocr_line' id='line_1_57' title="bbox 1905 1273 3482 1345; baseline 0 -16"><span class='ocrx_word' id='word_1_422' title='bbox 1905 1273 2228 1345; x_wconf 83' lang='lat' dir='ltr'><strong>signiﬁcari,</strong></span> <span class='ocrx_word' id='word_1_423' title='bbox 2258 1289 2384 1329; x_wconf 88' lang='lat' dir='ltr'><strong>cum</strong></span> <span class='ocrx_word' id='word_1_424' title='bbox 2429 1289 2539 1345; x_wconf 92' lang='lat' dir='ltr'><strong>quo</strong></span> <span class='ocrx_word' id='word_1_425' title='bbox 2571 1273 2736 1330; x_wconf 84' lang='lat' dir='ltr'><strong>simul</strong></span> <span class='ocrx_word' id='word_1_426' title='bbox 2762 1273 2969 1329; x_wconf 80' lang='lat' dir='ltr'><strong>Christi</strong></span> <span class='ocrx_word' id='word_1_427' title='bbox 3018 1273 3268 1329; x_wconf 85' lang='lat' dir='ltr'><strong>doctrina</strong></span> <span class='ocrx_word' id='word_1_428' title='bbox 3308 1274 3482 1345; x_wconf 86' lang='lat' dir='ltr'><strong>robur</strong></span> 
     </span>
    </p>
   </div>
   <div class='ocr_carea' id='block_1_58' title="bbox 1904 1365 3482 1438">
    <p class='ocr_par' dir='ltr' id='par_1_58' title="bbox 1904 1365 3482 1438">
     <span class='ocr_line' id='line_1_58' title="bbox 1904 1365 3482 1438; baseline 0.002 -18"><span class='ocrx_word' id='word_1_429' title='bbox 1904 1373 2068 1438; x_wconf 88' lang='lat' dir='ltr'><strong>atque</strong></span> <span class='ocrx_word' id='word_1_430' title='bbox 2120 1368 2519 1423; x_wconf 87' lang='lat' dir='ltr'><strong>incrementum</strong></span> <span class='ocrx_word' id='word_1_431' title='bbox 2562 1367 2795 1437; x_wconf 88' lang='lat' dir='ltr'><strong>accepit.</strong></span> <span class='ocrx_word' id='word_1_432' title='bbox 2846 1365 3088 1422; x_wconf 83' lang='lat' dir='ltr'><strong>Meminit</strong></span> <span class='ocrx_word' id='word_1_433' title='bbox 3142 1375 3321 1422; x_wconf 90' lang='lat' dir='ltr'><strong>autem</strong></span> <span class='ocrx_word' id='word_1_434' title='bbox 3365 1366 3482 1438; x_wconf 87' lang='lat' dir='ltr'><strong>Gog</strong></span> 
     </span>
    </p>
   </div>
   <div class='ocr_carea' id='block_1_59' title="bbox 1902 1457 3480 1533">
    <p class='ocr_par' dir='ltr' id='par_1_59' title="bbox 1902 1457 3480 1533">
     <span class='ocr_line' id='line_1_59' title="bbox 1902 1457 3480 1533; baseline -0.004 -13"><span class='ocrx_word' id='word_1_435' title='bbox 1902 1466 2072 1520; x_wconf 89' lang='lat' dir='ltr'><strong>etiam</strong></span> <span class='ocrx_word' id='word_1_436' title='bbox 2135 1460 2399 1533; x_wconf 80' lang='lat' dir='ltr'><strong>propheta</strong></span> <span class='ocrx_word' id='word_1_437' title='bbox 2457 1458 2745 1524; x_wconf 84' lang='lat' dir='ltr'><strong>Ezechiel,</strong></span> <span class='ocrx_word' id='word_1_438' title='bbox 2793 1458 2924 1513; x_wconf 92' lang='lat' dir='ltr'><strong>dum</strong></span> <span class='ocrx_word' id='word_1_439' title='bbox 2977 1459 3280 1530; x_wconf 87' lang='lat' dir='ltr'><strong>principem</strong></span> <span class='ocrx_word' id='word_1_440' title='bbox 3345 1457 3480 1527; x_wconf 75' lang='lat' dir='ltr'><strong>Bos,</strong></span> 
     </span>
    </p>
   </div>
   <div class='ocr_carea' id='block_1_60' title="bbox 1904 1550 3479 1621">
    <p class='ocr_par' dir='ltr' id='par_1_60' title="bbox 1904 1550 3479 1621">
     <span class='ocr_line' id='line_1_60' title="bbox 1904 1550 3479 1621; baseline -0.003 -11"><span class='ocrx_word' id='word_1_441' title='bbox 1904 1554 2128 1611; x_wconf 84' lang='lat' dir='ltr'><strong>Mosoch</strong></span> <span class='ocrx_word' id='word_1_442' title='bbox 2159 1560 2212 1608; x_wconf 91' lang='lat' dir='ltr'><strong>et</strong></span> <span class='ocrx_word' id='word_1_443' title='bbox 2238 1552 2449 1608; x_wconf 89' lang='lat' dir='ltr'><strong>Thobel</strong></span> <span class='ocrx_word' id='word_1_444' title='bbox 2474 1550 2750 1615; x_wconf 82' lang='lat' dir='ltr'><strong>nominat,</strong></span> <span class='ocrx_word' id='word_1_445' title='bbox 2801 1551 2896 1605; x_wconf 91' lang='lat' dir='ltr'><strong>ubi</strong></span> <span class='ocrx_word' id='word_1_446' title='bbox 2940 1567 3037 1621; x_wconf 89' lang='lat' dir='ltr'><strong>per</strong></span> <span class='ocrx_word' id='word_1_447' title='bbox 3079 1551 3211 1606; x_wconf 91' lang='lat' dir='ltr'><strong>illud</strong></span> <span class='ocrx_word' id='word_1_448' title='bbox 3258 1551 3479 1621; x_wconf 79' lang='lat' dir='ltr'><strong>quidem</strong></span> 
     </span>
    </p>
   </div>
   <div class='ocr_carea' id='block_1_61' title="bbox 1903 1643 3477 1714">
    <p class='ocr_par' dir='ltr' id='par_1_61' title="bbox 1903 1643 3477 1714">
     <span class='ocr_line' id='line_1_61' title="bbox 1903 1643 3477 1714; baseline -0.003 -12"><span class='ocrx_word' id='word_1_449' title='bbox 1903 1647 2038 1712; x_wconf 83' lang='lat' dir='ltr'><strong>Ros,</strong></span> <span class='ocrx_word' id='word_1_450' title='bbox 2069 1645 2470 1710; x_wconf 81' lang='lat' dir='ltr'><strong>Romanorum,</strong></span> <span class='ocrx_word' id='word_1_451' title='bbox 2501 1651 2561 1699; x_wconf 91' lang='lat' dir='ltr'><strong>ut</strong></span> <span class='ocrx_word' id='word_1_452' title='bbox 2589 1658 2690 1714; x_wconf 87' lang='lat' dir='ltr'><strong>par</strong></span> <span class='ocrx_word' id='word_1_453' title='bbox 2715 1650 2822 1708; x_wconf 89' lang='lat' dir='ltr'><strong>est,</strong></span> <span class='ocrx_word' id='word_1_454' title='bbox 2857 1643 3134 1698; x_wconf 89' lang='lat' dir='ltr'><strong>civitatem</strong></span> <span class='ocrx_word' id='word_1_455' title='bbox 3168 1643 3477 1714; x_wconf 85' lang='lat' dir='ltr'><strong>signiﬁcat:</strong></span> 
     </span>
    </p>
   </div>
   <div class='ocr_carea' id='block_1_62' title="bbox 1906 1733 3481 1811">
    <p class='ocr_par' dir='ltr' id='par_1_62' title="bbox 1906 1733 3481 1811">
     <span class='ocr_line' id='line_1_62' title="bbox 1906 1733 3481 1811; baseline -0.004 -17"><span class='ocrx_word' id='word_1_456' title='bbox 1906 1739 2352 1811; x_wconf 88' lang='lat' dir='ltr'><strong>quandoquidem</strong></span> <span class='ocrx_word' id='word_1_457' title='bbox 2400 1737 2738 1808; x_wconf 87' lang='lat' dir='ltr'><strong>principatus</strong></span> <span class='ocrx_word' id='word_1_458' title='bbox 2789 1745 2844 1791; x_wconf 89' lang='lat' dir='ltr'><strong>et</strong></span> <span class='ocrx_word' id='word_1_459' title='bbox 2876 1744 3039 1807; x_wconf 87' lang='lat' dir='ltr'><strong>caput</strong></span> <span class='ocrx_word' id='word_1_460' title='bbox 3064 1750 3130 1791; x_wconf 86' lang='lat' dir='ltr'><strong>ea</strong></span> <span class='ocrx_word' id='word_1_461' title='bbox 3174 1750 3308 1791; x_wconf 88' lang='lat' dir='ltr'><strong>voce</strong></span> <span class='ocrx_word' id='word_1_462' title='bbox 3335 1733 3481 1805; x_wconf 90' lang='lat' dir='ltr'><strong>apud</strong></span> 
     </span>
    </p>
   </div>
   <div class='ocr_carea' id='block_1_63' title="bbox 1906 1825 3478 1898">
    <p class='ocr_par' dir='ltr' id='par_1_63' title="bbox 1906 1825 3478 1898">
     <span class='ocr_line' id='line_1_63' title="bbox 1906 1825 3478 1898; baseline -0.005 -12"><span class='ocrx_word' id='word_1_463' title='bbox 1906 1831 2165 1887; x_wconf 63' lang='lat' dir='ltr'><strong>Hebraeos</strong></span> <span class='ocrx_word' id='word_1_464' title='bbox 2196 1829 2540 1898; x_wconf 85' lang='lat' dir='ltr'><strong>intelligitur;</strong></span> <span class='ocrx_word' id='word_1_465' title='bbox 2594 1841 2690 1897; x_wconf 86' lang='lat' dir='ltr'><strong>per</strong></span> <span class='ocrx_word' id='word_1_466' title='bbox 2722 1825 2944 1882; x_wconf 85' lang='lat' dir='ltr'><strong>Mosocb</strong></span> <span class='ocrx_word' id='word_1_467' title='bbox 3004 1834 3183 1880; x_wconf 91' lang='lat' dir='ltr'><strong>autem</strong></span> <span class='ocrx_word' id='word_1_468' title='bbox 3227 1825 3478 1895; x_wconf 73' lang='lat' dir='ltr'><strong>Mysiam,</strong></span> 
     </span>
    </p>
   </div>
   <div class='ocr_carea' id='block_1_64' title="bbox 1901 1915 3482 1992">
    <p class='ocr_par' dir='ltr' id='par_1_64' title="bbox 1901 1915 3482 1992">
     <span class='ocr_line' id='line_1_64' title="bbox 1901 1915 3482 1992; baseline -0.005 -12"><span class='ocrx_word' id='word_1_469' title='bbox 1901 1933 1957 1980; x_wconf 88' lang='lat' dir='ltr'><strong>ct</strong></span> <span class='ocrx_word' id='word_1_470' title='bbox 1978 1923 2028 1979; x_wconf 93' lang='lat' dir='ltr'><strong>ei</strong></span> <span class='ocrx_word' id='word_1_471' title='bbox 2058 1922 2321 1978; x_wconf 84' lang='lat' dir='ltr'><strong>ﬁnitimas</strong></span> <span class='ocrx_word' id='word_1_472' title='bbox 2352 1928 2564 1992; x_wconf 84' lang='lat' dir='ltr'><strong>gentes,</strong></span> <span class='ocrx_word' id='word_1_473' title='bbox 2588 1933 2930 1989; x_wconf 68' lang='lat' dir='ltr'><strong>quaecunque</strong></span> <span class='ocrx_word' id='word_1_474' title='bbox 2958 1932 3105 1972; x_wconf 88' lang='lat' dir='ltr'><strong>nunc</strong></span> <span class='ocrx_word' id='word_1_475' title='bbox 3149 1917 3251 1972; x_wconf 89' lang='lat' dir='ltr'><strong>sub</strong></span> <span class='ocrx_word' id='word_1_476' title='bbox 3278 1915 3482 1973; x_wconf 78' lang='lat' dir='ltr'><strong>Roma-</strong></span> 
     </span>
    </p>
   </div>
   <div class='ocr_carea' id='block_1_65' title="bbox 1903 2009 3481 2088">
    <p class='ocr_par' dir='ltr' id='par_1_65' title="bbox 1903 2009 3481 2088">
     <span class='ocr_line' id='line_1_65' title="bbox 1903 2009 3481 2088; baseline -0.004 -15"><span class='ocrx_word' id='word_1_477' title='bbox 1903 2034 2098 2074; x_wconf 90' lang='lat' dir='ltr'><strong>norum</strong></span> <span class='ocrx_word' id='word_1_478' title='bbox 2141 2016 2368 2088; x_wconf 91' lang='lat' dir='ltr'><strong>imperio</strong></span> <span class='ocrx_word' id='word_1_479' title='bbox 2411 2023 2562 2080; x_wconf 88' lang='lat' dir='ltr'><strong>sunt,</strong></span> <span class='ocrx_word' id='word_1_480' title='bbox 2607 2025 2662 2071; x_wconf 86' lang='lat' dir='ltr'><strong>et</strong></span> <span class='ocrx_word' id='word_1_481' title='bbox 2703 2028 2802 2084; x_wconf 86' lang='lat' dir='ltr'><strong>per</strong></span> <span class='ocrx_word' id='word_1_482' title='bbox 2831 2010 3062 2075; x_wconf 87' lang='lat' dir='ltr'><strong>Thobel,</strong></span> <span class='ocrx_word' id='word_1_483' title='bbox 3095 2011 3324 2068; x_wconf 86' lang='lat' dir='ltr'><strong>Iberiam</strong></span> <span class='ocrx_word' id='word_1_484' title='bbox 3385 2009 3481 2067; x_wconf 80' lang='lat' dir='ltr'><strong>Jo-</strong></span> 
     </span>
    </p>
   </div>
   <div class='ocr_carea' id='block_1_66' title="bbox 1904 2102 3482 2181">
    <p class='ocr_par' dir='ltr' id='par_1_66' title="bbox 1904 2102 3482 2181">
     <span class='ocr_line' id='line_1_66' title="bbox 1904 2102 3482 2181; baseline -0.003 -15"><span class='ocrx_word' id='word_1_485' title='bbox 1904 2110 2108 2180; x_wconf 88' lang='lat' dir='ltr'><strong>sephus</strong></span> <span class='ocrx_word' id='word_1_486' title='bbox 2156 2108 2451 2181; x_wconf 88' lang='lat' dir='ltr'><strong>intelligit,</strong></span> <span class='ocrx_word' id='word_1_487' title='bbox 2490 2107 2585 2178; x_wconf 79' lang='lat' dir='ltr'><strong>qui</strong></span> <span class='ocrx_word' id='word_1_488' title='bbox 2634 2121 2666 2160; x_wconf 87' lang='lat' dir='ltr'><strong>a</strong></span> <span class='ocrx_word' id='word_1_489' title='bbox 2719 2104 2926 2162; x_wconf 89' lang='lat' dir='ltr'><strong>Thobel</strong></span> <span class='ocrx_word' id='word_1_490' title='bbox 2955 2103 3089 2159; x_wconf 88' lang='lat' dir='ltr'><strong>dicit</strong></span> <span class='ocrx_word' id='word_1_491' title='bbox 3134 2102 3308 2159; x_wconf 86' lang='lat' dir='ltr'><strong>factos</strong></span> <span class='ocrx_word' id='word_1_492' title='bbox 3356 2116 3482 2161; x_wconf 82' lang='lat' dir='ltr'><strong>esse</strong></span> 
     </span>
    </p>
   </div>
   <div class='ocr_carea' id='block_1_67' title="bbox 1903 2191 3482 2272">
    <p class='ocr_par' dir='ltr' id='par_1_67' title="bbox 1903 2191 3482 2272">
     <span class='ocr_line' id='line_1_67' title="bbox 1903 2191 3482 2272; baseline -0.003 -15"><span class='ocrx_word' id='word_1_493' title='bbox 1903 2200 2230 2265; x_wconf 84' lang='lat' dir='ltr'><strong>Thobeelos,</strong></span> <span class='ocrx_word' id='word_1_494' title='bbox 2258 2199 2357 2272; x_wconf 91' lang='lat' dir='ltr'><strong>qui</strong></span> <span class='ocrx_word' id='word_1_495' title='bbox 2414 2198 2597 2252; x_wconf 87' lang='lat' dir='ltr'><strong>Ibercs</strong></span> <span class='ocrx_word' id='word_1_496' title='bbox 2671 2195 2957 2260; x_wconf 82' lang='lat' dir='ltr'><strong>dicuntur,</strong></span> <span class='ocrx_word' id='word_1_497' title='bbox 2991 2194 3193 2266; x_wconf 86' lang='lat' dir='ltr'><strong>quibus</strong></span> <span class='ocrx_word' id='word_1_498' title='bbox 3222 2191 3482 2252; x_wconf 75' lang='lat' dir='ltr'><strong>omnibus</strong></span> 
     </span>
    </p>
   </div>
   <div class='ocr_carea' id='block_1_68' title="bbox 1904 2286 3482 2365">
    <p class='ocr_par' dir='ltr' id='par_1_68' title="bbox 1904 2286 3482 2365">
     <span class='ocr_line' id='line_1_68' title="bbox 1904 2286 3482 2365; baseline -0.004 -17"><span class='ocrx_word' id='word_1_499' title='bbox 1904 2293 2264 2365; x_wconf 75' lang='lat' dir='ltr'><strong>imperantem</strong></span> <span class='ocrx_word' id='word_1_500' title='bbox 2306 2290 2424 2362; x_wconf 84' lang='lat' dir='ltr'><strong>Gog</strong></span> <span class='ocrx_word' id='word_1_501' title='bbox 2454 2290 2512 2344; x_wconf 89' lang='lat' dir='ltr'><strong>in</strong></span> <span class='ocrx_word' id='word_1_502' title='bbox 2556 2288 2790 2345; x_wconf 87' lang='lat' dir='ltr'><strong>sublime</strong></span> <span class='ocrx_word' id='word_1_503' title='bbox 2834 2287 3212 2359; x_wconf 80' lang='lat' dir='ltr'><strong>adaugendum</strong></span> <span class='ocrx_word' id='word_1_504' title='bbox 3244 2286 3341 2351; x_wconf 83' lang='lat' dir='ltr'><strong>ait,</strong></span> <span class='ocrx_word' id='word_1_505' title='bbox 3377 2287 3482 2342; x_wconf 91' lang='lat' dir='ltr'><strong>sub</strong></span> 
     </span>
    </p>
   </div>
   <div class='ocr_carea' id='block_1_69' title="bbox 1903 2378 3479 2455">
    <p class='ocr_par' dir='ltr' id='par_1_69' title="bbox 1903 2378 3479 2455">
     <span class='ocr_line' id='line_1_69' title="bbox 1903 2378 3479 2455; baseline -0.006 -14"><span class='ocrx_word' id='word_1_506' title='bbox 1903 2385 2023 2455; x_wconf 87' lang='lat' dir='ltr'><strong>ejus</strong></span> <span class='ocrx_word' id='word_1_507' title='bbox 2052 2383 2256 2440; x_wconf 85' lang='lat' dir='ltr'><strong>Christi</strong></span> <span class='ocrx_word' id='word_1_508' title='bbox 2286 2383 2356 2438; x_wconf 89' lang='lat' dir='ltr'><strong>de</strong></span> <span class='ocrx_word' id='word_1_509' title='bbox 2381 2397 2491 2452; x_wconf 92' lang='lat' dir='ltr'><strong>quo</strong></span> <span class='ocrx_word' id='word_1_510' title='bbox 2515 2381 2797 2453; x_wconf 76' lang='lat' dir='ltr'><strong>propheta:</strong></span> <span class='ocrx_word' id='word_1_511' title='bbox 2835 2379 3136 2451; x_wconf 91' lang='lat' dir='ltr'><strong>loquuntur</strong></span> <span class='ocrx_word' id='word_1_512' title='bbox 3165 2378 3479 2448; x_wconf 73' lang='lat' dir='ltr'><strong>adventrum,</strong></span> 
     </span>
    </p>
   </div>
   <div class='ocr_carea' id='block_1_70' title="bbox 1903 2469 3479 2546">
    <p class='ocr_par' dir='ltr' id='par_1_70' title="bbox 1903 2469 3479 2546">
     <span class='ocr_line' id='line_1_70' title="bbox 1903 2469 3479 2546; baseline -0.003 -15"><span class='ocrx_word' id='word_1_513' title='bbox 1903 2492 2065 2546; x_wconf 87' lang='lat' dir='ltr'><strong>quem</strong></span> <span class='ocrx_word' id='word_1_514' title='bbox 2096 2474 2242 2530; x_wconf 90' lang='lat' dir='ltr'><strong>Deus</strong></span> <span class='ocrx_word' id='word_1_515' title='bbox 2276 2474 2433 2529; x_wconf 85' lang='lat' dir='ltr'><strong>duxit</strong></span> <span class='ocrx_word' id='word_1_516' title='bbox 2452 2488 2519 2528; x_wconf 80' lang='lat' dir='ltr'><strong>ex</strong></span> <span class='ocrx_word' id='word_1_517' title='bbox 2554 2471 2813 2543; x_wconf 70' lang='lat' dir='ltr'><strong>Egypto,</strong></span> <span class='ocrx_word' id='word_1_518' title='bbox 2829 2485 2937 2542; x_wconf 91' lang='lat' dir='ltr'><strong>quo</strong></span> <span class='ocrx_word' id='word_1_519' title='bbox 2964 2477 3231 2541; x_wconf 88' lang='lat' dir='ltr'><strong>tempore,</strong></span> <span class='ocrx_word' id='word_1_520' title='bbox 3257 2478 3315 2524; x_wconf 90' lang='lat' dir='ltr'><strong>ut</strong></span> <span class='ocrx_word' id='word_1_521' title='bbox 3337 2469 3479 2542; x_wconf 79' lang='lat' dir='ltr'><strong>apud</strong></span> 
     </span>
    </p>
   </div>
   <div class='ocr_carea' id='block_1_71' title="bbox 1905 2559 3483 2634">
    <p class='ocr_par' dir='ltr' id='par_1_71' title="bbox 1905 2559 3483 2634">
     <span class='ocr_line' id='line_1_71' title="bbox 1905 2559 3483 2634; baseline -0.002 -16"><span class='ocrx_word' id='word_1_522' title='bbox 1905 2564 2215 2619; x_wconf 69' lang='lat' dir='ltr'><strong>Mattbteum</strong></span> <span class='ocrx_word' id='word_1_523' title='bbox 2246 2563 2460 2634; x_wconf 85' lang='lat' dir='ltr'><strong>legitur.</strong></span> <span class='ocrx_word' id='word_1_524' title='bbox 2476 2562 2606 2617; x_wconf 91' lang='lat' dir='ltr'><strong>dum</strong></span> <span class='ocrx_word' id='word_1_525' title='bbox 2630 2561 2737 2634; x_wconf 89' lang='lat' dir='ltr'><strong>ipsi</strong></span> <span class='ocrx_word' id='word_1_526' title='bbox 2769 2560 2951 2616; x_wconf 88' lang='lat' dir='ltr'><strong>adhuc</strong></span> <span class='ocrx_word' id='word_1_527' title='bbox 2980 2575 3150 2631; x_wconf 90' lang='lat' dir='ltr'><strong>puero</strong></span> <span class='ocrx_word' id='word_1_528' title='bbox 3189 2559 3483 2616; x_wconf 70' lang='lat' dir='ltr'><strong>insidiatur</strong></span> 
     </span>
    </p>
   </div>
   <div class='ocr_carea' id='block_1_72' title="bbox 1905 2651 3482 2725">
    <p class='ocr_par' dir='ltr' id='par_1_72' title="bbox 1905 2651 3482 2725">
     <span class='ocr_line' id='line_1_72' title="bbox 1905 2651 3482 2725; baseline -0.005 -13"><span class='ocrx_word' id='word_1_529' title='bbox 1905 2656 2167 2717; x_wconf 80' lang='lat' dir='ltr'><strong>Herodes.</strong></span> <span class='ocrx_word' id='word_1_530' title='bbox 2210 2654 2411 2725; x_wconf 72' lang='lat' dir='ltr'><strong>Ioseph</strong></span> <span class='ocrx_word' id='word_1_531' title='bbox 2443 2662 2669 2723; x_wconf 84' lang='lat' dir='ltr'><strong>accepto</strong></span> <span class='ocrx_word' id='word_1_532' title='bbox 2702 2652 2926 2707; x_wconf 86' lang='lat' dir='ltr'><strong>oraculo</strong></span> <span class='ocrx_word' id='word_1_533' title='bbox 2946 2691 2961 2716; x_wconf 89' lang='lat'><strong>,</strong></span> <span class='ocrx_word' id='word_1_534' title='bbox 2991 2651 3203 2721; x_wconf 90' lang='lat' dir='ltr'><strong>accepit</strong></span> <span class='ocrx_word' id='word_1_535' title='bbox 3253 2667 3482 2720; x_wconf 88' lang='lat' dir='ltr'><strong>puerum</strong></span> 
     </span>
    </p>
   </div>
   <div class='ocr_carea' id='block_1_73' title="bbox 1903 2741 3482 2817">
    <p class='ocr_par' dir='ltr' id='par_1_73' title="bbox 1903 2741 3482 2817">
     <span class='ocr_line' id='line_1_73' title="bbox 1903 2741 3482 2817; baseline -0.005 -11"><span class='ocrx_word' id='word_1_536' title='bbox 1903 2760 1958 2806; x_wconf 90' lang='lat' dir='ltr'><strong>et</strong></span> <span class='ocrx_word' id='word_1_537' title='bbox 2005 2758 2230 2804; x_wconf 88' lang='lat' dir='ltr'><strong>matrem</strong></span> <span class='ocrx_word' id='word_1_538' title='bbox 2262 2747 2403 2817; x_wconf 88' lang='lat' dir='ltr'><strong>ejus,</strong></span> <span class='ocrx_word' id='word_1_539' title='bbox 2428 2754 2482 2802; x_wconf 90' lang='lat' dir='ltr'><strong>et</strong></span> <span class='ocrx_word' id='word_1_540' title='bbox 2513 2760 2770 2801; x_wconf 87' lang='lat' dir='ltr'><strong>reversus</strong></span> <span class='ocrx_word' id='word_1_541' title='bbox 2819 2752 2906 2799; x_wconf 89' lang='lat' dir='ltr'><strong>est</strong></span> <span class='ocrx_word' id='word_1_542' title='bbox 2958 2744 3014 2798; x_wconf 91' lang='lat' dir='ltr'><strong>in</strong></span> <span class='ocrx_word' id='word_1_543' title='bbox 3044 2750 3247 2799; x_wconf 90' lang='lat' dir='ltr'><strong>terram</strong></span> <span class='ocrx_word' id='word_1_544' title='bbox 3292 2741 3482 2798; x_wconf 89' lang='lat' dir='ltr'><strong>Israel.</strong></span> 
     </span>
    </p>
   </div>
   <div class='ocr_carea' id='block_1_74' title="bbox 1905 2833 3482 2910">
    <p class='ocr_par' dir='ltr' id='par_1_74' title="bbox 1905 2833 3482 2910">
     <span class='ocr_line' id='line_1_74' title="bbox 1905 2833 3482 2910; baseline -0.006 -14"><span class='ocrx_word' id='word_1_545' title='bbox 1905 2841 2292 2897; x_wconf 82' lang='lat' dir='ltr'><strong>Rhinocerotis</strong></span> <span class='ocrx_word' id='word_1_546' title='bbox 2362 2855 2492 2895; x_wconf 85' lang='lat' dir='ltr'><strong>vero</strong></span> <span class='ocrx_word' id='word_1_547' title='bbox 2563 2837 2739 2910; x_wconf 79' lang='lat' dir='ltr'><strong>gloria</strong></span> <span class='ocrx_word' id='word_1_548' title='bbox 2803 2835 2910 2907; x_wconf 88' lang='lat' dir='ltr'><strong>ipsi</strong></span> <span class='ocrx_word' id='word_1_549' title='bbox 2990 2835 3209 2891; x_wconf 89' lang='lat' dir='ltr'><strong>Christo</strong></span> <span class='ocrx_word' id='word_1_550' title='bbox 3265 2833 3482 2900; x_wconf 77' lang='lat' dir='ltr'><strong>adfuit,</strong></span> 
     </span>
    </p>
   </div>
   <div class='ocr_carea' id='block_1_75' title="bbox 1905 2928 3484 3009">
    <p class='ocr_par' dir='ltr' id='par_1_75' title="bbox 1905 2928 3484 3009">
     <span class='ocr_line' id='line_1_75' title="bbox 1905 2928 3484 3009; baseline -0.005 -19"><span class='ocrx_word' id='word_1_551' title='bbox 1905 2941 2190 3009; x_wconf 65' lang='lat' dir='ltr'><strong>propterea</strong></span> <span class='ocrx_word' id='word_1_552' title='bbox 2237 2931 2383 3004; x_wconf 84' lang='lat' dir='ltr'><strong>quod</strong></span> <span class='ocrx_word' id='word_1_553' title='bbox 2439 2931 2710 3002; x_wconf 89' lang='lat' dir='ltr'><strong>placuerit</strong></span> <span class='ocrx_word' id='word_1_554' title='bbox 2759 2929 2816 2983; x_wconf 90' lang='lat' dir='ltr'><strong>in</strong></span> <span class='ocrx_word' id='word_1_555' title='bbox 2853 2945 2920 2984; x_wconf 89' lang='lat' dir='ltr'><strong>eo</strong></span> <span class='ocrx_word' id='word_1_556' title='bbox 2965 2928 3212 2983; x_wconf 87' lang='lat' dir='ltr'><strong>habitare</strong></span> <span class='ocrx_word' id='word_1_557' title='bbox 3266 2941 3484 2982; x_wconf 85' lang='lat' dir='ltr'><strong>omnem</strong></span> 
     </span>
    </p>
   </div>
   <div class='ocr_carea' id='block_1_76' title="bbox 1905 3017 3485 3101">
    <p class='ocr_par' dir='ltr' id='par_1_76' title="bbox 1905 3017 3485 3101">
     <span class='ocr_line' id='line_1_76' title="bbox 1905 3017 3485 3101; baseline -0.005 -20"><span class='ocrx_word' id='word_1_558' title='bbox 1905 3026 2296 3101; x_wconf 85' lang='lat' dir='ltr'><strong>plenitudinem</strong></span> <span class='ocrx_word' id='word_1_559' title='bbox 2343 3022 2671 3090; x_wconf 85' lang='lat' dir='ltr'><strong>divinitatis,</strong></span> <span class='ocrx_word' id='word_1_560' title='bbox 2702 3028 2761 3076; x_wconf 89' lang='lat' dir='ltr'><strong>ut</strong></span> <span class='ocrx_word' id='word_1_561' title='bbox 2793 3020 2870 3075; x_wconf 90' lang='lat' dir='ltr'><strong>ait</strong></span> <span class='ocrx_word' id='word_1_562' title='bbox 2912 3027 3136 3075; x_wconf 86' lang='lat' dir='ltr'><strong>sanctus</strong></span> <span class='ocrx_word' id='word_1_563' title='bbox 3166 3017 3485 3088; x_wconf 78' lang='lat' dir='ltr'><strong>Apostolus.</strong></span> 
     </span>
    </p>
   </div>
   <div class='ocr_carea' id='block_1_77' title="bbox 1908 3106 3484 3190">
    <p class='ocr_par' dir='ltr' id='par_1_77' title="bbox 1908 3106 3484 3190">
     <span class='ocr_line' id='line_1_77' title="bbox 1908 3106 3484 3190; baseline -0.008 -18"><span class='ocrx_word' id='word_1_564' title='bbox 1908 3120 2253 3190; x_wconf 81' lang='lat' dir='ltr'><strong>Quapropter</strong></span> <span class='ocrx_word' id='word_1_565' title='bbox 2289 3114 2419 3170; x_wconf 89' lang='lat' dir='ltr'><strong>dum</strong></span> <span class='ocrx_word' id='word_1_566' title='bbox 2449 3113 2617 3168; x_wconf 87' lang='lat' dir='ltr'><strong>veluti</strong></span> <span class='ocrx_word' id='word_1_567' title='bbox 2663 3126 2837 3167; x_wconf 90' lang='lat' dir='ltr'><strong>cornu</strong></span> <span class='ocrx_word' id='word_1_568' title='bbox 2881 3111 2987 3167; x_wconf 87' lang='lat' dir='ltr'><strong>sibi</strong></span> <span class='ocrx_word' id='word_1_569' title='bbox 3038 3108 3282 3164; x_wconf 77' lang='lat' dir='ltr'><strong>universi</strong></span> <span class='ocrx_word' id='word_1_570' title='bbox 3316 3106 3484 3161; x_wconf 88' lang='lat' dir='ltr'><strong>Deum</strong></span> 
     </span>
    </p>
   </div>
   <div class='ocr_carea' id='block_1_78' title="bbox 1908 3198 3487 3271">
    <p class='ocr_par' dir='ltr' id='par_1_78' title="bbox 1908 3198 3487 3271">
     <span class='ocr_line' id='line_1_78' title="bbox 1908 3198 3487 3271; baseline -0.008 -7"><span class='ocrx_word' id='word_1_571' title='bbox 1908 3210 2126 3265; x_wconf 86' lang='lat' dir='ltr'><strong>Patrem</strong></span> <span class='ocrx_word' id='word_1_572' title='bbox 2160 3208 2407 3271; x_wconf 82' lang='lat' dir='ltr'><strong>ascribit,</strong></span> <span class='ocrx_word' id='word_1_573' title='bbox 2434 3205 2599 3261; x_wconf 87' lang='lat' dir='ltr'><strong>etiam</strong></span> <span class='ocrx_word' id='word_1_574' title='bbox 2627 3204 2907 3259; x_wconf 89' lang='lat' dir='ltr'><strong>unicornis</strong></span> <span class='ocrx_word' id='word_1_575' title='bbox 2936 3202 2993 3256; x_wconf 90' lang='lat' dir='ltr'><strong>in</strong></span> <span class='ocrx_word' id='word_1_576' title='bbox 3016 3201 3136 3255; x_wconf 90' lang='lat' dir='ltr'><strong>aliis</strong></span> <span class='ocrx_word' id='word_1_577' title='bbox 3159 3198 3487 3270; x_wconf 87' lang='lat' dir='ltr'><strong>quihusdam</strong></span> 
     </span>
    </p>
   </div>
   <div class='ocr_carea' id='block_1_79' title="bbox 1913 3288 3487 3373">
    <p class='ocr_par' dir='ltr' id='par_1_79' title="bbox 1913 3288 3487 3373">
     <span class='ocr_line' id='line_1_79' title="bbox 1913 3288 3487 3373; baseline -0.01 -15"><span class='ocrx_word' id='word_1_578' title='bbox 1913 3302 2217 3373; x_wconf 86' lang='lat' dir='ltr'><strong>Scripturis</strong></span> <span class='ocrx_word' id='word_1_579' title='bbox 2245 3307 2331 3356; x_wconf 87' lang='lat' dir='ltr'><strong>est</strong></span> <span class='ocrx_word' id='word_1_580' title='bbox 2357 3298 2689 3354; x_wconf 87' lang='lat' dir='ltr'><strong>nominatus.</strong></span> <span class='ocrx_word' id='word_1_581' title='bbox 2735 3294 2883 3350; x_wconf 89' lang='lat' dir='ltr'><strong>Idem</strong></span> <span class='ocrx_word' id='word_1_582' title='bbox 2914 3307 3080 3365; x_wconf 88' lang='lat' dir='ltr'><strong>porro</strong></span> <span class='ocrx_word' id='word_1_583' title='bbox 3118 3291 3216 3346; x_wconf 90' lang='lat' dir='ltr'><strong>Dei</strong></span> <span class='ocrx_word' id='word_1_584' title='bbox 3252 3288 3487 3346; x_wconf 74' lang='lat' dir='ltr'><strong>Verbum</strong></span> 
     </span>
    </p>
   </div>
   <div class='ocr_carea' id='block_1_80' title="bbox 1908 3382 3492 3464">
    <p class='ocr_par' dir='ltr' id='par_1_80' title="bbox 1908 3382 3492 3464">
     <span class='ocr_line' id='line_1_80' title="bbox 1908 3382 3492 3464; baseline -0.011 -14"><span class='ocrx_word' id='word_1_585' title='bbox 1908 3393 2341 3464; x_wconf 76' lang='lat' dir='ltr'><strong>intelligibilibus</strong></span> <span class='ocrx_word' id='word_1_586' title='bbox 2387 3389 2858 3459; x_wconf 84' lang='lat' dir='ltr'><strong>rationalibusque</strong></span> <span class='ocrx_word' id='word_1_587' title='bbox 2917 3386 3034 3442; x_wconf 90' lang='lat' dir='ltr'><strong>suis</strong></span> <span class='ocrx_word' id='word_1_588' title='bbox 3076 3386 3323 3456; x_wconf 80' lang='lat' dir='ltr'><strong>sagittis,</strong></span> <span class='ocrx_word' id='word_1_589' title='bbox 3382 3382 3492 3436; x_wconf 87' lang='lat' dir='ltr'><strong>ini-</strong></span> 
     </span>
    </p>
   </div>
   <div class='ocr_carea' id='block_1_81' title="bbox 1910 3479 3493 3554">
    <p class='ocr_par' dir='ltr' id='par_1_81' title="bbox 1910 3479 3493 3554">
     <span class='ocr_line' id='line_1_81' title="bbox 1910 3479 3493 3554; baseline -0.007 -14"><span class='ocrx_word' id='word_1_590' title='bbox 1910 3487 2114 3541; x_wconf 90' lang='lat' dir='ltr'><strong>micum</strong></span> <span class='ocrx_word' id='word_1_591' title='bbox 2165 3484 2379 3554; x_wconf 83' lang='lat' dir='ltr'><strong>sibique</strong></span> <span class='ocrx_word' id='word_1_592' title='bbox 2425 3482 2805 3537; x_wconf 84' lang='lat' dir='ltr'><strong>adversantem</strong></span> <span class='ocrx_word' id='word_1_593' title='bbox 2855 3479 3156 3541; x_wconf 87' lang='lat' dir='ltr'><strong>diabolum,</strong></span> <span class='ocrx_word' id='word_1_594' title='bbox 3192 3490 3493 3545; x_wconf 85' lang='lat' dir='ltr'><strong>omnesque</strong></span> 
     </span>
    </p>
   </div>
   <div class='ocr_carea' id='block_1_82' title="bbox 1910 3569 3497 3638">
    <p class='ocr_par' dir='ltr' id='par_1_82' title="bbox 1910 3569 3497 3638">
     <span class='ocr_line' id='line_1_82' title="bbox 1910 3569 3497 3638; baseline -0.007 -5"><span class='ocrx_word' id='word_1_595' title='bbox 1910 3578 2061 3633; x_wconf 86' lang='lat' dir='ltr'><strong>circa</strong></span> <span class='ocrx_word' id='word_1_596' title='bbox 2106 3576 2259 3631; x_wconf 88' lang='lat' dir='ltr'><strong>illum</strong></span> <span class='ocrx_word' id='word_1_597' title='bbox 2304 3584 2589 3631; x_wconf 84' lang='lat' dir='ltr'><strong>versantes</strong></span> <span class='ocrx_word' id='word_1_598' title='bbox 2626 3572 2936 3628; x_wconf 85' lang='lat' dir='ltr'><strong>invisibiles</strong></span> <span class='ocrx_word' id='word_1_599' title='bbox 2979 3577 3034 3625; x_wconf 87' lang='lat' dir='ltr'><strong>ct</strong></span> <span class='ocrx_word' id='word_1_600' title='bbox 3082 3569 3350 3638; x_wconf 86' lang='lat' dir='ltr'><strong>malignas</strong></span> <span class='ocrx_word' id='word_1_601' title='bbox 3394 3582 3497 3638; x_wconf 87' lang='lat' dir='ltr'><strong>pc-</strong></span> 
     </span>
    </p>
   </div>
   <div class='ocr_carea' id='block_1_83' title="bbox 1912 3662 3493 3743">
    <p class='ocr_par' dir='ltr' id='par_1_83' title="bbox 1912 3662 3493 3743">
     <span class='ocr_line' id='line_1_83' title="bbox 1912 3662 3493 3743; baseline -0.008 -16"><span class='ocrx_word' id='word_1_602' title='bbox 1912 3677 2160 3736; x_wconf 85' lang='lat' dir='ltr'><strong>testates,</strong></span> <span class='ocrx_word' id='word_1_603' title='bbox 2191 3668 2564 3743; x_wconf 60' lang='lat' dir='ltr'><strong>praestantiori</strong></span> <span class='ocrx_word' id='word_1_604' title='bbox 2613 3683 2712 3724; x_wconf 86' lang='lat' dir='ltr'><strong>sua</strong></span> <span class='ocrx_word' id='word_1_605' title='bbox 2755 3675 2811 3722; x_wconf 89' lang='lat' dir='ltr'><strong>et</strong></span> <span class='ocrx_word' id='word_1_606' title='bbox 2850 3662 3262 3735; x_wconf 78' lang='lat' dir='ltr'><strong>inexpugnabili</strong></span> <span class='ocrx_word' id='word_1_607' title='bbox 3293 3662 3493 3716; x_wconf 79' lang='lat' dir='ltr'><strong>virtute</strong></span> 
     </span>
    </p>
   </div>
   <div class='ocr_carea' id='block_1_84' title="bbox 1912 3754 3492 3835">
    <p class='ocr_par' dir='ltr' id='par_1_84' title="bbox 1912 3754 3492 3835">
     <span class='ocr_line' id='line_1_84' title="bbox 1912 3754 3492 3835; baseline -0.009 -15"><span class='ocrx_word' id='word_1_608' title='bbox 1912 3764 2172 3832; x_wconf 83' lang='lat' dir='ltr'><strong>conﬁxit,</strong></span> <span class='ocrx_word' id='word_1_609' title='bbox 2228 3773 2393 3835; x_wconf 89' lang='lat' dir='ltr'><strong>atque</strong></span> <span class='ocrx_word' id='word_1_610' title='bbox 2450 3763 2614 3818; x_wconf 84' lang='lat' dir='ltr'><strong>etiam</strong></span> <span class='ocrx_word' id='word_1_611' title='bbox 2669 3776 2820 3816; x_wconf 89' lang='lat' dir='ltr'><strong>nunc</strong></span> <span class='ocrx_word' id='word_1_612' title='bbox 2876 3758 3129 3831; x_wconf 86' lang='lat' dir='ltr'><strong>gentibus</strong></span> <span class='ocrx_word' id='word_1_613' title='bbox 3176 3755 3364 3811; x_wconf 87' lang='lat' dir='ltr'><strong>multis</strong></span> <span class='ocrx_word' id='word_1_614' title='bbox 3394 3754 3492 3809; x_wconf 86' lang='lat' dir='ltr'><strong>do-</strong></span> 
     </span>
    </p>
   </div>
   <div class='ocr_carea' id='block_1_85' title="bbox 1914 3846 3493 3925">
    <p class='ocr_par' dir='ltr' id='par_1_85' title="bbox 1914 3846 3493 3925">
     <span class='ocr_line' id='line_1_85' title="bbox 1914 3846 3493 3925; baseline -0.006 -17"><span class='ocrx_word' id='word_1_615' title='bbox 1914 3855 2189 3921; x_wconf 90' lang='lat' dir='ltr'><strong>minatur,</strong></span> <span class='ocrx_word' id='word_1_616' title='bbox 2245 3868 2480 3925; x_wconf 87' lang='lat' dir='ltr'><strong>quarum</strong></span> <span class='ocrx_word' id='word_1_617' title='bbox 2530 3850 2926 3907; x_wconf 87' lang='lat' dir='ltr'><strong>crassitudines</strong></span> <span class='ocrx_word' id='word_1_618' title='bbox 2981 3856 3037 3903; x_wconf 90' lang='lat' dir='ltr'><strong>et</strong></span> <span class='ocrx_word' id='word_1_619' title='bbox 3106 3846 3308 3902; x_wconf 83' lang='lat' dir='ltr'><strong>fastum</strong></span> <span class='ocrx_word' id='word_1_620' title='bbox 3369 3860 3493 3900; x_wconf 64' lang='lat' dir='ltr'><strong>cor»</strong></span> 
     </span>
    </p>
   </div>
   <div class='ocr_carea' id='block_1_86' title="bbox 1913 3942 3490 4019">
    <p class='ocr_par' dir='ltr' id='par_1_86' title="bbox 1913 3942 3490 4019">
     <span class='ocr_line' id='line_1_86' title="bbox 1913 3942 3490 4019; baseline -0.008 -16"><span class='ocrx_word' id='word_1_621' title='bbox 1913 3962 2093 4019; x_wconf 68' lang='lat' dir='ltr'><strong>poreie</strong></span> <span class='ocrx_word' id='word_1_622' title='bbox 2168 3960 2364 4002; x_wconf 70' lang='lat' dir='ltr'><strong>massa:</strong></span> <span class='ocrx_word' id='word_1_623' title='bbox 2441 3952 2745 4000; x_wconf 81' lang='lat' dir='ltr'><strong>extenuans</strong></span> <span class='ocrx_word' id='word_1_624' title='bbox 2816 3942 2886 3996; x_wconf 87' lang='lat' dir='ltr'><strong>ad</strong></span> <span class='ocrx_word' id='word_1_625' title='bbox 2966 3946 3257 4009; x_wconf 83' lang='lat' dir='ltr'><strong>angustam</strong></span> <span class='ocrx_word' id='word_1_626' title='bbox 3329 3945 3490 3992; x_wconf 69' lang='lat' dir='ltr'><strong>mter-</strong></span> 
     </span>
    </p>
   </div>
   <div class='ocr_carea' id='block_1_87' title="bbox 1913 4034 3491 4108">
    <p class='ocr_par' dir='ltr' id='par_1_87' title="bbox 1913 4034 3491 4108">
     <span class='ocr_line' id='line_1_87' title="bbox 1913 4034 3491 4108; baseline -0.009 -12"><span class='ocrx_word' id='word_1_627' title='bbox 1913 4056 1997 4097; x_wconf 70' lang='lat' dir='ltr'><strong>na:</strong></span> <span class='ocrx_word' id='word_1_628' title='bbox 2032 4040 2156 4095; x_wconf 66' lang='lat' dir='ltr'><strong>vitae</strong></span> <span class='ocrx_word' id='word_1_629' title='bbox 2219 4039 2366 4094; x_wconf 85' lang='lat' dir='ltr'><strong>viam</strong></span> <span class='ocrx_word' id='word_1_630' title='bbox 2427 4035 2839 4108; x_wconf 85' lang='lat' dir='ltr'><strong>ingrediendam</strong></span> <span class='ocrx_word' id='word_1_631' title='bbox 2907 4034 3133 4090; x_wconf 87' lang='lat' dir='ltr'><strong>idoneas</strong></span> <span class='ocrx_word' id='word_1_632' title='bbox 3189 4036 3491 4101; x_wconf 87' lang='lat' dir='ltr'><strong>comparat.</strong></span> 
     </span>
    </p>
   </div>
   <div class='ocr_carea' id='block_1_88' title="bbox 1912 4119 3496 4209">
    <p class='ocr_par' dir='ltr' id='par_1_88' title="bbox 1912 4119 3496 4209">
     <span class='ocr_line' id='line_1_88' title="bbox 1912 4119 3496 4209; baseline -0.008 -21"><span class='ocrx_word' id='word_1_633' title='bbox 1912 4131 2077 4209; x_wconf 64' lang='grc'><strong>425</strong></span> <span class='ocrx_word' id='word_1_634' title='bbox 2118 4130 2225 4186; x_wconf 87' lang='lat' dir='ltr'><strong>Sed</strong></span> <span class='ocrx_word' id='word_1_635' title='bbox 2255 4131 2417 4186; x_wconf 88' lang='lat' dir='ltr'><strong>etiam</strong></span> <span class='ocrx_word' id='word_1_636' title='bbox 2447 4129 2776 4185; x_wconf 88' lang='lat' dir='ltr'><strong>recumbens</strong></span> <span class='ocrx_word' id='word_1_637' title='bbox 2820 4124 2965 4182; x_wconf 89' lang='lat' dir='ltr'><strong>idem</strong></span> <span class='ocrx_word' id='word_1_638' title='bbox 2997 4124 3087 4179; x_wconf 87' lang='lat' dir='ltr'><strong>hic</strong></span> <span class='ocrx_word' id='word_1_639' title='bbox 3122 4123 3287 4178; x_wconf 90' lang='lat' dir='ltr'><strong>homo</strong></span> <span class='ocrx_word' id='word_1_640' title='bbox 3309 4137 3377 4177; x_wconf 84' lang='lat' dir='ltr'><strong>ex</strong></span> <span class='ocrx_word' id='word_1_641' title='bbox 3416 4119 3496 4176; x_wconf 90' lang='lat' dir='ltr'><strong>Is-</strong></span> 
     </span>
    </p>
   </div>
   <div class='ocr_carea' id='block_1_89' title="bbox 1913 4212 3493 4296">
    <p class='ocr_par' dir='ltr' id='par_1_89' title="bbox 1913 4212 3493 4296">
     <span class='ocr_line' id='line_1_89' title="bbox 1913 4212 3493 4296; baseline -0.009 -15"><span class='ocrx_word' id='word_1_642' title='bbox 1913 4225 2029 4281; x_wconf 85' lang='lat' dir='ltr'><strong>rael</strong></span> <span class='ocrx_word' id='word_1_643' title='bbox 2063 4222 2363 4296; x_wconf 80' lang='lat' dir='ltr'><strong>profectus,</strong></span> <span class='ocrx_word' id='word_1_644' title='bbox 2399 4220 2491 4292; x_wconf 87' lang='lat' dir='ltr'><strong>qui</strong></span> <span class='ocrx_word' id='word_1_645' title='bbox 2522 4219 2710 4275; x_wconf 89' lang='lat' dir='ltr'><strong>multis</strong></span> <span class='ocrx_word' id='word_1_646' title='bbox 2742 4219 3059 4275; x_wconf 88' lang='lat' dir='ltr'><strong>dominatus</strong></span> <span class='ocrx_word' id='word_1_647' title='bbox 3096 4221 3184 4270; x_wconf 90' lang='lat' dir='ltr'><strong>est</strong></span> <span class='ocrx_word' id='word_1_648' title='bbox 3215 4212 3493 4285; x_wconf 88' lang='lat' dir='ltr'><strong>gentibus.</strong></span> 
     </span>
    </p>
   </div>
   <div class='ocr_carea' id='block_1_90' title="bbox 1922 4302 3499 4386">
    <p class='ocr_par' dir='ltr' id='par_1_90' title="bbox 1922 4302 3499 4386">
     <span class='ocr_line' id='line_1_90' title="bbox 1922 4302 3499 4386; baseline -0.008 -17"><span class='ocrx_word' id='word_1_649' title='bbox 1922 4334 1943 4369; x_wconf 75' lang='grc' dir='ltr'><strong>ι</strong></span> <span class='ocrx_word' id='word_1_650' title='bbox 1978 4314 2204 4386; x_wconf 83' lang='lat' dir='ltr'><strong>quievit,</strong></span> <span class='ocrx_word' id='word_1_651' title='bbox 2242 4313 2441 4383; x_wconf 87' lang='lat' dir='ltr'><strong>inquit,</strong></span> <span class='ocrx_word' id='word_1_652' title='bbox 2475 4317 2535 4364; x_wconf 91' lang='lat' dir='ltr'><strong>ut</strong></span> <span class='ocrx_word' id='word_1_653' title='bbox 2563 4311 2670 4376; x_wconf 86' lang='lat' dir='ltr'><strong>leo,</strong></span> <span class='ocrx_word' id='word_1_654' title='bbox 2710 4328 2729 4362; x_wconf 68' lang='grc' dir='ltr'><strong>ι</strong></span> <span class='ocrx_word' id='word_1_655' title='bbox 2767 4307 2969 4381; x_wconf 90' lang='lat' dir='ltr'><strong>quibus</strong></span> <span class='ocrx_word' id='word_1_656' title='bbox 2993 4304 3174 4361; x_wconf 82' lang='lat' dir='ltr'><strong>verbis</strong></span> <span class='ocrx_word' id='word_1_657' title='bbox 3207 4317 3372 4374; x_wconf 86' lang='lat' dir='ltr'><strong>quam</strong></span> <span class='ocrx_word' id='word_1_658' title='bbox 3408 4302 3499 4356; x_wconf 86' lang='lat' dir='ltr'><strong>ille</strong></span> 
     </span>
    </p>
   </div>
   <div class='ocr_carea' id='block_1_91' title="bbox 1918 4397 3497 4478">
    <p class='ocr_par' dir='ltr' id='par_1_91' title="bbox 1918 4397 3497 4478">
     <span class='ocr_line' id='line_1_91' title="bbox 1918 4397 3497 4478; baseline -0.008 -15"><span class='ocrx_word' id='word_1_659' title='bbox 1918 4407 2221 4477; x_wconf 89' lang='lat' dir='ltr'><strong>assumpsit</strong></span> <span class='ocrx_word' id='word_1_660' title='bbox 2269 4405 2776 4478; x_wconf 89' lang='lat' dir='ltr'><strong>dispensationem,</strong></span> <span class='ocrx_word' id='word_1_661' title='bbox 2839 4403 3133 4474; x_wconf 86' lang='lat' dir='ltr'><strong>signiﬁcat,</strong></span> <span class='ocrx_word' id='word_1_662' title='bbox 3193 4397 3497 4456; x_wconf 87' lang='lat' dir='ltr'><strong>secundum</strong></span> 
     </span>
    </p>
   </div>
   <div class='ocr_carea' id='block_1_92' title="bbox 222 4491 1835 4575">
    <p class='ocr_par' dir='ltr' id='par_1_92' title="bbox 222 4493 1815 4575">
     <span class='ocr_line' id='line_1_92' title="bbox 222 4493 1815 4575; baseline 0.006 -26"><span class='ocrx_word' id='word_1_663' title='bbox 222 4495 323 4549; x_wconf 72' lang='grc' dir='ltr'><strong>καὶ</strong></span> <span class='ocrx_word' id='word_1_664' title='bbox 353 4493 818 4571; x_wconf 87' lang='grc' dir='ltr'>θεοπρεπέστερον</span> <span class='ocrx_word' id='word_1_665' title='bbox 849 4500 948 4572; x_wconf 80' lang='grc' dir='ltr'>τῆς</span> <span class='ocrx_word' id='word_1_666' title='bbox 973 4500 1125 4566; x_wconf 86' lang='grc' dir='ltr'>θείας</span> <span class='ocrx_word' id='word_1_667' title='bbox 1184 4501 1579 4575; x_wconf 84' lang='grc' dir='ltr'>ἐκτελουμένης</span> <span class='ocrx_word' id='word_1_668' title='bbox 1610 4502 1815 4574; x_wconf 83' lang='grc' dir='ltr'>φωνῆς.</span> 
     </span>
    </p>
   </div>
   <div class='ocr_carea' id='block_1_93' title="bbox 1910 4491 3498 4575">
    <p class='ocr_par' dir='ltr' id='par_1_93' title="bbox 1921 4491 3498 4570">
     <span class='ocr_line' id='line_1_93' title="bbox 1921 4491 3498 4570; baseline -0.006 -18"><span class='ocrx_word' id='word_1_669' title='bbox 1921 4513 2085 4570; x_wconf 88' lang='lat' dir='ltr'><strong>quam</strong></span> <span class='ocrx_word' id='word_1_670' title='bbox 2114 4497 2271 4568; x_wconf 89' lang='lat' dir='ltr'><strong>quasi</strong></span> <span class='ocrx_word' id='word_1_671' title='bbox 2298 4497 2520 4568; x_wconf 88' lang='lat' dir='ltr'><strong>quidam</strong></span> <span class='ocrx_word' id='word_1_672' title='bbox 2556 4497 2800 4566; x_wconf 81' lang='lat' dir='ltr'><strong>regulus,</strong></span> <span class='ocrx_word' id='word_1_673' title='bbox 2825 4504 2879 4551; x_wconf 88' lang='lat' dir='ltr'><strong>ct</strong></span> <span class='ocrx_word' id='word_1_674' title='bbox 2906 4493 3065 4566; x_wconf 87' lang='lat' dir='ltr'><strong>quasi</strong></span> <span class='ocrx_word' id='word_1_675' title='bbox 3099 4492 3213 4549; x_wconf 80' lang='lat' dir='ltr'><strong>fera</strong></span> <span class='ocrx_word' id='word_1_676' title='bbox 3248 4491 3498 4562; x_wconf 73' lang='lat' dir='ltr'><strong>quzedam</strong></span> 
     </span>
    </p>
   </div>
   <div class='ocr_carea' id='block_1_94' title="bbox 229 4588 1812 4668">
    <p class='ocr_par' dir='ltr' id='par_1_94' title="bbox 229 4588 1812 4668">
     <span class='ocr_line' id='line_1_94' title="bbox 229 4588 1812 4668; baseline 0.006 -28"><span class='ocrx_word' id='word_1_677' title='bbox 229 4588 325 4654; x_wconf 80' lang='grc' dir='ltr'>Ὦς</span> <span class='ocrx_word' id='word_1_678' title='bbox 351 4589 584 4661; x_wconf 79' lang='grc' dir='ltr'>ἔμπαλιν</span> <span class='ocrx_word' id='word_1_679' title='bbox 609 4595 656 4647; x_wconf 90' lang='grc' dir='ltr'><strong>οί</strong></span> <span class='ocrx_word' id='word_1_680' title='bbox 684 4594 793 4647; x_wconf 82' lang='grc' dir='ltr'><strong>ἀπὸ</strong></span> <span class='ocrx_word' id='word_1_681' title='bbox 818 4594 1039 4667; x_wconf 82' lang='grc' dir='ltr'>πρώτης</span> <span class='ocrx_word' id='word_1_682' title='bbox 1062 4596 1161 4667; x_wconf 83' lang='grc' dir='ltr'>τῆς</span> <span class='ocrx_word' id='word_1_683' title='bbox 1190 4596 1311 4650; x_wconf 80' lang='grc' dir='ltr'>κατ’</span> <span class='ocrx_word' id='word_1_684' title='bbox 1334 4595 1500 4650; x_wconf 79' lang='grc' dir='ltr'>αὐτοῦ</span> <span class='ocrx_word' id='word_1_685' title='bbox 1521 4595 1812 4668; x_wconf 82' lang='grc' dir='ltr'>ἐπιϐουλῆς</span> 
     </span>
    </p>
   </div>
   <div class='ocr_carea' id='block_1_95' title="bbox 221 4680 1814 4763">
    <p class='ocr_par' dir='ltr' id='par_1_95' title="bbox 221 4680 1814 4763">
     <span class='ocr_line' id='line_1_95' title="bbox 221 4680 1814 4763; baseline 0.006 -29"><span class='ocrx_word' id='word_1_686' title='bbox 221 4680 393 4735; x_wconf 81' lang='grc' dir='ltr'>είσέτι</span> <span class='ocrx_word' id='word_1_687' title='bbox 420 4684 514 4736; x_wconf 79' lang='grc' dir='ltr'><strong>καὶ</strong></span> <span class='ocrx_word' id='word_1_688' title='bbox 535 4682 630 4738; x_wconf 92' lang='grc' dir='ltr'><strong>νῦν</strong></span> <span class='ocrx_word' id='word_1_689' title='bbox 655 4685 815 4739; x_wconf 71' lang='grc' dir='ltr'>αὐτὸν</span> <span class='ocrx_word' id='word_1_690' title='bbox 843 4688 899 4739; x_wconf 85' lang='grc' dir='ltr'><strong>ἐν</strong></span> <span class='ocrx_word' id='word_1_691' title='bbox 926 4690 1038 4750; x_wconf 85' lang='grc' dir='ltr'>τοῖς</span> <span class='ocrx_word' id='word_1_692' title='bbox 1065 4686 1244 4741; x_wconf 78' lang='grc' dir='ltr'>αὐτῶν</span> <span class='ocrx_word' id='word_1_693' title='bbox 1273 4688 1571 4760; x_wconf 89' lang='grc' dir='ltr'>συνεδρίοις</span> <span class='ocrx_word' id='word_1_694' title='bbox 1595 4687 1814 4763; x_wconf 79' lang='grc' dir='ltr'>ἀρὼμεο</span> 
     </span>
    </p>
   </div>
   <div class='ocr_carea' id='block_1_96' title="bbox 222 4773 1815 4854">
    <p class='ocr_par' dir='ltr' id='par_1_96' title="bbox 222 4773 1815 4854">
     <span class='ocr_line' id='line_1_96' title="bbox 222 4773 1815 4854; baseline 0.006 -28"><span class='ocrx_word' id='word_1_695' title='bbox 222 4789 328 4835; x_wconf 71' lang='lat' dir='ltr'><strong>vat,</strong></span> <span class='ocrx_word' id='word_1_696' title='bbox 356 4773 458 4844; x_wconf 75' lang='grc' dir='ltr'>τὴν</span> <span class='ocrx_word' id='word_1_697' title='bbox 484 4776 547 4829; x_wconf 87' lang='grc' dir='ltr'><strong>ἐκ</strong></span> <span class='ocrx_word' id='word_1_698' title='bbox 585 4775 720 4829; x_wconf 84' lang='grc' dir='ltr'>Θεοῦ</span> <span class='ocrx_word' id='word_1_699' title='bbox 745 4779 988 4849; x_wconf 85' lang='grc' dir='ltr'>κατάραν</span> <span class='ocrx_word' id='word_1_700' title='bbox 1020 4779 1078 4847; x_wconf 78' lang='grc' dir='ltr'>ἐξ</span> <span class='ocrx_word' id='word_1_701' title='bbox 1110 4780 1317 4834; x_wconf 82' lang='grc' dir='ltr'>ἐκείνου</span> <span class='ocrx_word' id='word_1_702' title='bbox 1342 4782 1436 4835; x_wconf 71' lang='grc' dir='ltr'><strong>καὶ</strong></span> <span class='ocrx_word' id='word_1_703' title='bbox 1466 4782 1631 4835; x_wconf 76' lang='grc' dir='ltr'>εἰσέτι</span> <span class='ocrx_word' id='word_1_704' title='bbox 1657 4781 1815 4854; x_wconf 89' lang='grc' dir='ltr'>δεῦρο</span> 
     </span>
    </p>
   </div>
   <div class='ocr_carea' id='block_1_97' title="bbox 223 4863 1813 4945">
    <p class='ocr_par' dir='ltr' id='par_1_97' title="bbox 223 4863 1813 4945">
     <span class='ocr_line' id='line_1_97' title="bbox 223 4863 1813 4945; baseline 0.004 -24"><span class='ocrx_word' id='word_1_705' title='bbox 223 4863 350 4921; x_wconf 82' lang='grc' dir='ltr'>καθ’</span> <span class='ocrx_word' id='word_1_706' title='bbox 378 4865 589 4920; x_wconf 82' lang='grc' dir='ltr'>ἑαυτῶν</span> <span class='ocrx_word' id='word_1_707' title='bbox 638 4868 1039 4926; x_wconf 85' lang='grc' dir='ltr'>ἐπεσπάσαντο.</span> <span class='ocrx_word' id='word_1_708' title='bbox 1071 4870 1164 4924; x_wconf 74' lang='grc' dir='ltr'><strong>Διὸ</strong></span> <span class='ocrx_word' id='word_1_709' title='bbox 1208 4873 1301 4925; x_wconf 82' lang='grc' dir='ltr'><strong>καὶ</strong></span> <span class='ocrx_word' id='word_1_710' title='bbox 1342 4872 1441 4943; x_wconf 78' lang='grc' dir='ltr'><strong>τὴν</strong></span> <span class='ocrx_word' id='word_1_711' title='bbox 1488 4872 1722 4945; x_wconf 79' lang='grc' dir='ltr'>ἐσχάτην</span> <span class='ocrx_word' id='word_1_712' title='bbox 1751 4874 1813 4927; x_wconf 80' lang='grc' dir='ltr'>οὗ</span> 
     </span>
    </p>
   </div>
   <div class='ocr_carea' id='block_1_98' title="bbox 226 4955 1814 5036">
    <p class='ocr_par' dir='ltr' id='par_1_98' title="bbox 226 4955 1814 5036">
     <span class='ocr_line' id='line_1_98' title="bbox 226 4955 1814 5036; baseline 0.006 -28"><span class='ocrx_word' id='word_1_713' title='bbox 226 4955 393 5026; x_wconf 80' lang='grc' dir='ltr'>μόνον</span> <span class='ocrx_word' id='word_1_714' title='bbox 429 4957 529 5028; x_wconf 85' lang='grc' dir='ltr'>τῆς</span> <span class='ocrx_word' id='word_1_715' title='bbox 558 4957 850 5028; x_wconf 85' lang='grc' dir='ltr'>βασιλείας,</span> <span class='ocrx_word' id='word_1_716' title='bbox 887 4961 1024 5015; x_wconf 88' lang='grc' dir='ltr'><strong>ἀλλά</strong></span> <span class='ocrx_word' id='word_1_717' title='bbox 1046 4963 1138 5015; x_wconf 77' lang='grc' dir='ltr'><strong>καὶ</strong></span> <span class='ocrx_word' id='word_1_718' title='bbox 1170 4961 1262 5017; x_wconf 88' lang='grc' dir='ltr'><strong>τοῦ</strong></span> <span class='ocrx_word' id='word_1_719' title='bbox 1292 4962 1458 5018; x_wconf 82' lang='grc' dir='ltr'>πάλαι</span> <span class='ocrx_word' id='word_1_720' title='bbox 1484 4964 1814 5036; x_wconf 85' lang='grc' dir='ltr'>σεμνοτάτου</span> 
     </span>
    </p>
   </div>
   <div class='ocr_carea' id='block_1_99' title="bbox 223 5048 1816 5128">
    <p class='ocr_par' dir='ltr' id='par_1_99' title="bbox 223 5048 1816 5128">
     <span class='ocr_line' id='line_1_99' title="bbox 223 5048 1816 5128; baseline 0.004 -22"><span class='ocrx_word' id='word_1_721' title='bbox 223 5048 410 5106; x_wconf 73' lang='grc' dir='ltr'>αὐτῶν</span> <span class='ocrx_word' id='word_1_722' title='bbox 438 5051 778 5122; x_wconf 83' lang='grc' dir='ltr'>ἀγιάσματος</span> <span class='ocrx_word' id='word_1_723' title='bbox 810 5054 1046 5127; x_wconf 70' lang='grc' dir='ltr'>ἐρημίαν</span> <span class='ocrx_word' id='word_1_724' title='bbox 1077 5072 1136 5108; x_wconf 88' lang='grc' dir='ltr'><strong>τε</strong></span> <span class='ocrx_word' id='word_1_725' title='bbox 1168 5056 1264 5111; x_wconf 83' lang='grc' dir='ltr'><strong>καὶ</strong></span> <span class='ocrx_word' id='word_1_726' title='bbox 1293 5056 1498 5128; x_wconf 82' lang='grc' dir='ltr'>φθορὰν</span> <span class='ocrx_word' id='word_1_727' title='bbox 1522 5059 1583 5111; x_wconf 84' lang='grc' dir='ltr'><strong>οὐ</strong></span> <span class='ocrx_word' id='word_1_728' title='bbox 1614 5059 1816 5112; x_wconf 88' lang='grc' dir='ltr'>παύον-</span> 
     </span>
    </p>
   </div>
   <div class='ocr_carea' id='block_1_100' title="bbox 222 5141 1819 5221">
    <p class='ocr_par' dir='ltr' id='par_1_100' title="bbox 222 5141 1819 5221">
     <span class='ocr_line' id='line_1_100' title="bbox 222 5141 1819 5221; baseline 0.008 -31"><span class='ocrx_word' id='word_1_729' title='bbox 222 5158 319 5194; x_wconf 84' lang='grc' dir='ltr'><strong>ται</strong></span> <span class='ocrx_word' id='word_1_730' title='bbox 352 5141 650 5213; x_wconf 71' lang='grc' dir='ltr'>ὀφθαλμοῖς</span> <span class='ocrx_word' id='word_1_731' title='bbox 676 5145 1124 5217; x_wconf 75' lang='grc' dir='ltr'>όρῶντες.”Αξιον</span> <span class='ocrx_word' id='word_1_732' title='bbox 1145 5148 1202 5202; x_wconf 84' lang='grc' dir='ltr'><strong>δὲ</strong></span> <span class='ocrx_word' id='word_1_733' title='bbox 1222 5148 1548 5220; x_wconf 80' lang='grc' dir='ltr'>παραθεῖναι</span> <span class='ocrx_word' id='word_1_734' title='bbox 1576 5152 1686 5214; x_wconf 73' lang='grc' dir='ltr'>τοῖς</span> <span class='ocrx_word' id='word_1_735' title='bbox 1719 5167 1819 5221; x_wconf 90' lang='grc' dir='ltr'>με-</span> 
     </span>
    </p>
   </div>
   <div class='ocr_carea' id='block_1_101' title="bbox 221 5232 1821 5313">
    <p class='ocr_par' dir='ltr' id='par_1_101' title="bbox 221 5232 1821 5313">
     <span class='ocr_line' id='line_1_101' title="bbox 221 5232 1821 5313; baseline 0.006 -29"><span class='ocrx_word' id='word_1_736' title='bbox 221 5232 295 5285; x_wconf 69' lang='grc' dir='ltr'>τὰ</span> <span class='ocrx_word' id='word_1_737' title='bbox 328 5237 516 5304; x_wconf 84' lang='grc' dir='ltr'>χεῖρας</span> <span class='ocrx_word' id='word_1_738' title='bbox 558 5236 659 5306; x_wconf 79' lang='grc' dir='ltr'>τὴν</span> <span class='ocrx_word' id='word_1_739' title='bbox 707 5238 843 5309; x_wconf 75' lang='grc' dir='ltr'>πρὸς</span> <span class='ocrx_word' id='word_1_740' title='bbox 882 5239 973 5294; x_wconf 84' lang='grc' dir='ltr'>τὸν</span> <span class='ocrx_word' id='word_1_741' title='bbox 1012 5239 1210 5294; x_wconf 83' lang='grc' dir='ltr'>Ἰούδαν</span> <span class='ocrx_word' id='word_1_742' title='bbox 1245 5240 1340 5294; x_wconf 83' lang='grc' dir='ltr'><strong>τοῦ</strong></span> <span class='ocrx_word' id='word_1_743' title='bbox 1385 5240 1577 5295; x_wconf 83' lang='grc' dir='ltr'>Ἰακὼϐ</span> <span class='ocrx_word' id='word_1_744' title='bbox 1612 5258 1821 5313; x_wconf 84' lang='grc' dir='ltr'>προφη-</span> 
     </span>
    </p>
   </div>
   <div class='ocr_carea' id='block_1_102' title="bbox 221 5326 1814 5407">
    <p class='ocr_par' dir='ltr' id='par_1_102' title="bbox 221 5326 1814 5407">
     <span class='ocr_line' id='line_1_102' title="bbox 221 5326 1814 5407; baseline 0.007 -30"><span class='ocrx_word' id='word_1_745' title='bbox 221 5326 401 5390; x_wconf 84' lang='grc' dir='ltr'>τείαν,</span> <span class='ocrx_word' id='word_1_746' title='bbox 434 5327 499 5399; x_wconf 86' lang='grc' dir='ltr'><strong>ήν</strong></span> <span class='ocrx_word' id='word_1_747' title='bbox 545 5329 637 5381; x_wconf 76' lang='grc' dir='ltr'><strong>καὶ</strong></span> <span class='ocrx_word' id='word_1_748' title='bbox 683 5330 851 5401; x_wconf 77' lang='grc' dir='ltr'>αὐτὴν</span> <span class='ocrx_word' id='word_1_749' title='bbox 896 5331 1264 5403; x_wconf 76' lang='grc' dir='ltr'>ἐναργέστατα</span> <span class='ocrx_word' id='word_1_750' title='bbox 1303 5335 1383 5398; x_wconf 86' lang='grc' dir='ltr'><strong>είς</strong></span> <span class='ocrx_word' id='word_1_751' title='bbox 1424 5333 1515 5388; x_wconf 81' lang='grc' dir='ltr'>τὸν</span> <span class='ocrx_word' id='word_1_752' title='bbox 1548 5334 1814 5407; x_wconf 82' lang='grc' dir='ltr'>ἡμέτερον</span> 
     </span>
    </p>
   </div>
   <div class='ocr_carea' id='block_1_103' title="bbox 224 5418 1817 5497">
    <p class='ocr_par' dir='ltr' id='par_1_103' title="bbox 224 5418 1817 5497">
     <span class='ocr_line' id='line_1_103' title="bbox 224 5418 1817 5497; baseline 0.006 -26"><span class='ocrx_word' id='word_1_753' title='bbox 224 5418 460 5491; x_wconf 83' lang='grc' dir='ltr'>Σωτῆρα</span> <span class='ocrx_word' id='word_1_754' title='bbox 509 5420 839 5493; x_wconf 74' lang='grc' dir='ltr'>ἐφαρμόζειν</span> <span class='ocrx_word' id='word_1_755' title='bbox 886 5426 1444 5497; x_wconf 76' lang='grc' dir='ltr'>προπαρεστήσαμεν,</span> <span class='ocrx_word' id='word_1_756' title='bbox 1481 5425 1709 5479; x_wconf 87' lang='grc' dir='ltr'>συνιδεῖν</span> <span class='ocrx_word' id='word_1_757' title='bbox 1756 5445 1817 5481; x_wconf 90' lang='grc' dir='ltr'><strong>τε</strong></span> 
     </span>
    </p>
   </div>
   <div class='ocr_carea' id='block_1_104' title="bbox 222 5511 1818 5593">
    <p class='ocr_par' dir='ltr' id='par_1_104' title="bbox 222 5511 1818 5593">
     <span class='ocr_line' id='line_1_104' title="bbox 222 5511 1818 5593; baseline 0.008 -31"><span class='ocrx_word' id='word_1_758' title='bbox 222 5511 328 5581; x_wconf 79' lang='grc' dir='ltr'><strong>τὴν</strong></span> <span class='ocrx_word' id='word_1_759' title='bbox 359 5512 419 5565; x_wconf 84' lang='grc' dir='ltr'><strong>ἐν</strong></span> <span class='ocrx_word' id='word_1_760' title='bbox 449 5512 729 5584; x_wconf 81' lang='grc' dir='ltr'>ἑκατέροις</span> <span class='ocrx_word' id='word_1_761' title='bbox 771 5516 1109 5588; x_wconf 83' lang='grc' dir='ltr'>συμφωνίαν.</span> <span class='ocrx_word' id='word_1_762' title='bbox 1128 5518 1216 5583; x_wconf 85' lang='grc' dir='ltr'>Ὡς</span> <span class='ocrx_word' id='word_1_763' title='bbox 1250 5518 1360 5591; x_wconf 87' lang='grc' dir='ltr'><strong>γὰρ</strong></span> <span class='ocrx_word' id='word_1_764' title='bbox 1388 5518 1624 5573; x_wconf 85' lang='grc' dir='ltr'>ἐνταῦθα</span> <span class='ocrx_word' id='word_1_765' title='bbox 1665 5520 1818 5593; x_wconf 79' lang='grc' dir='ltr'>εἴρη-</span> 
     </span>
    </p>
   </div>
   <div class='ocr_carea' id='block_1_105' title="bbox 224 5604 1819 5683">
    <p class='ocr_par' dir='ltr' id='par_1_105' title="bbox 224 5604 1819 5683">
     <span class='ocr_line' id='line_1_105' title="bbox 224 5604 1819 5683; baseline 0.006 -29"><span class='ocrx_word' id='word_1_766' title='bbox 224 5618 319 5661; x_wconf 84' lang='grc' dir='ltr'><strong>ται</strong></span> <span class='ocrx_word' id='word_1_767' title='bbox 340 5619 356 5634; x_wconf 79' lang='grc' dir='ltr'><strong><em>ο</em></strong></span> <span class='ocrx_word' id='word_1_768' title='bbox 396 5622 415 5655; x_wconf 73' lang='grc' dir='ltr'><strong>ι</strong></span> <span class='ocrx_word' id='word_1_769' title='bbox 440 5604 805 5671; x_wconf 79' lang='grc' dir='ltr'>Ἑξελεύσεται</span> <span class='ocrx_word' id='word_1_770' title='bbox 831 5606 1116 5683; x_wconf 80' lang='grc' dir='ltr'>ἄνθρωπος</span> <span class='ocrx_word' id='word_1_771' title='bbox 1154 5609 1219 5666; x_wconf 84' lang='grc' dir='ltr'><strong>ἐκ</strong></span> <span class='ocrx_word' id='word_1_772' title='bbox 1248 5607 1343 5663; x_wconf 89' lang='grc' dir='ltr'><strong>τοῦ</strong></span> <span class='ocrx_word' id='word_1_773' title='bbox 1379 5610 1691 5682; x_wconf 84' lang='grc' dir='ltr'>σπέρματος</span> <span class='ocrx_word' id='word_1_774' title='bbox 1720 5610 1819 5675; x_wconf 72' lang='grc' dir='ltr'><strong>αὐτ</strong></span> 
     </span>
    </p>
   </div>
   <div class='ocr_carea' id='block_1_106' title="bbox 304 5783 740 5853">
    <p class='ocr_par' dir='ltr' id='par_1_106' title="bbox 304 5783 740 5853">
     <span class='ocr_line' id='line_1_106' title="bbox 304 5783 740 5853; baseline 0.011 -10"><span class='ocrx_word' id='word_1_775' title='bbox 304 5787 351 5823; x_wconf 79' lang='grc'><strong><em>⁸³</em></strong></span> <span class='ocrx_word' id='word_1_776' title='bbox 391 5783 528 5844; x_wconf 86' lang='lat' dir='ltr'><strong>Gen.</strong></span> <span class='ocrx_word' id='word_1_777' title='bbox 564 5803 618 5853; x_wconf 88' lang='grc' dir='ltr'>ι.</span> <span class='ocrx_word' id='word_1_778' title='bbox 648 5786 740 5848; x_wconf 71' lang='lat'><strong>28.</strong></span> 
     </span>
    </p>
   </div>
   <div class='ocr_carea' id='block_1_107' title="bbox 1920 4577 3499 4661">
    <p class='ocr_par' dir='ltr' id='par_1_107' title="bbox 1920 4577 3499 4661">
     <span class='ocr_line' id='line_1_107' title="bbox 1920 4577 3499 4661; baseline -0.004 -17"><span class='ocrx_word' id='word_1_779' title='bbox 1920 4590 2184 4646; x_wconf 85' lang='lat' dir='ltr'><strong>audacior</strong></span> <span class='ocrx_word' id='word_1_780' title='bbox 2211 4590 2581 4661; x_wconf 83' lang='lat' dir='ltr'><strong>quievit,dnm</strong></span> <span class='ocrx_word' id='word_1_781' title='bbox 2610 4590 2756 4644; x_wconf 85' lang='lat' dir='ltr'><strong>illius</strong></span> <span class='ocrx_word' id='word_1_782' title='bbox 2778 4577 3147 4659; x_wconf 82' lang='lat' dir='ltr'><strong>principatum</strong></span> <span class='ocrx_word' id='word_1_783' title='bbox 3175 4600 3240 4640; x_wconf 93' lang='lat' dir='ltr'><strong>ac</strong></span> <span class='ocrx_word' id='word_1_784' title='bbox 3270 4598 3499 4655; x_wconf 85' lang='lat' dir='ltr'><strong>regnum</strong></span> 
     </span>
    </p>
   </div>
   <div class='ocr_carea' id='block_1_108' title="bbox 1921 4675 3498 4753">
    <p class='ocr_par' dir='ltr' id='par_1_108' title="bbox 1921 4675 3498 4753">
     <span class='ocr_line' id='line_1_108' title="bbox 1921 4675 3498 4753; baseline -0.006 -15"><span class='ocrx_word' id='word_1_785' title='bbox 1921 4699 2142 4739; x_wconf 84' lang='lat' dir='ltr'><strong>movere</strong></span> <span class='ocrx_word' id='word_1_786' title='bbox 2165 4684 2288 4739; x_wconf 88' lang='lat' dir='ltr'><strong>loco</strong></span> <span class='ocrx_word' id='word_1_787' title='bbox 2311 4698 2473 4738; x_wconf 88' lang='lat' dir='ltr'><strong>nemo</strong></span> <span class='ocrx_word' id='word_1_788' title='bbox 2494 4691 2580 4738; x_wconf 90' lang='lat' dir='ltr'><strong>est</strong></span> <span class='ocrx_word' id='word_1_789' title='bbox 2608 4682 2700 4753; x_wconf 88' lang='lat' dir='ltr'><strong>qui</strong></span> <span class='ocrx_word' id='word_1_790' title='bbox 2733 4681 2930 4751; x_wconf 88' lang='lat' dir='ltr'><strong>possit.</strong></span> <span class='ocrx_word' id='word_1_791' title='bbox 2963 4679 3171 4735; x_wconf 90' lang='lat' dir='ltr'><strong>Omnes</strong></span> <span class='ocrx_word' id='word_1_792' title='bbox 3197 4685 3379 4733; x_wconf 88' lang='lat' dir='ltr'><strong>autem</strong></span> <span class='ocrx_word' id='word_1_793' title='bbox 3404 4675 3498 4746; x_wconf 85' lang='lat' dir='ltr'><strong>qui</strong></span> 
     </span>
    </p>
   </div>
   <div class='ocr_carea' id='block_1_109' title="bbox 1920 4768 3501 4836">
    <p class='ocr_par' dir='ltr' id='par_1_109' title="bbox 1920 4768 3501 4836">
     <span class='ocr_line' id='line_1_109' title="bbox 1920 4768 3501 4836; baseline -0.009 -1"><span class='ocrx_word' id='word_1_794' title='bbox 1920 4778 2144 4835; x_wconf 86' lang='lat' dir='ltr'><strong>Christo</strong></span> <span class='ocrx_word' id='word_1_795' title='bbox 2192 4777 2376 4832; x_wconf 78' lang='lat' dir='ltr'><strong>favent</strong></span> <span class='ocrx_word' id='word_1_796' title='bbox 2428 4790 2493 4830; x_wconf 87' lang='lat' dir='ltr'><strong>ac</strong></span> <span class='ocrx_word' id='word_1_797' title='bbox 2554 4775 2926 4836; x_wconf 86' lang='lat' dir='ltr'><strong>benedicunt,</strong></span> <span class='ocrx_word' id='word_1_798' title='bbox 2975 4779 3029 4827; x_wconf 86' lang='lat' dir='ltr'><strong>et</strong></span> <span class='ocrx_word' id='word_1_799' title='bbox 3080 4778 3198 4824; x_wconf 89' lang='lat' dir='ltr'><strong>tum</strong></span> <span class='ocrx_word' id='word_1_800' title='bbox 3252 4768 3501 4824; x_wconf 87' lang='lat' dir='ltr'><strong>oratione</strong></span> 
     </span>
    </p>
   </div>
   <div class='ocr_carea' id='block_1_110' title="bbox 1921 4862 3499 4938">
    <p class='ocr_par' dir='ltr' id='par_1_110' title="bbox 1921 4862 3499 4938">
     <span class='ocr_line' id='line_1_110' title="bbox 1921 4862 3499 4938; baseline -0.008 -12"><span class='ocrx_word' id='word_1_801' title='bbox 1921 4880 2035 4926; x_wconf 88' lang='lat' dir='ltr'><strong>tum</strong></span> <span class='ocrx_word' id='word_1_802' title='bbox 2070 4872 2178 4924; x_wconf 88' lang='lat' dir='ltr'><strong>vita</strong></span> <span class='ocrx_word' id='word_1_803' title='bbox 2215 4869 2401 4925; x_wconf 85' lang='lat' dir='ltr'><strong>virtuti</strong></span> <span class='ocrx_word' id='word_1_804' title='bbox 2437 4867 2789 4938; x_wconf 76' lang='lat' dir='ltr'><strong>praeceptoris</strong></span> <span class='ocrx_word' id='word_1_805' title='bbox 2828 4862 3036 4919; x_wconf 90' lang='lat' dir='ltr'><strong>addunt</strong></span> <span class='ocrx_word' id='word_1_806' title='bbox 3063 4864 3269 4917; x_wconf 89' lang='lat' dir='ltr'><strong>cultum</strong></span> <span class='ocrx_word' id='word_1_807' title='bbox 3314 4866 3368 4915; x_wconf 84' lang='lat' dir='ltr'><strong>et</strong></span> <span class='ocrx_word' id='word_1_808' title='bbox 3413 4874 3499 4914; x_wconf 83' lang='lat' dir='ltr'><strong>rc-</strong></span> 
     </span>
    </p>
   </div>
   <div class='ocr_carea' id='block_1_111' title="bbox 1918 4949 3499 5027">
    <p class='ocr_par' dir='ltr' id='par_1_111' title="bbox 1918 4949 3499 5027">
     <span class='ocr_line' id='line_1_111' title="bbox 1918 4949 3499 5027; baseline -0.012 -8"><span class='ocrx_word' id='word_1_809' title='bbox 1918 4964 2238 5027; x_wconf 75' lang='lat' dir='ltr'><strong>verentiam,</strong></span> <span class='ocrx_word' id='word_1_810' title='bbox 2267 4960 2467 5016; x_wconf 82' lang='lat' dir='ltr'><strong>favoris</strong></span> <span class='ocrx_word' id='word_1_811' title='bbox 2500 4955 3005 5024; x_wconf 82' lang='lat' dir='ltr'><strong>benedictionisquc</strong></span> <span class='ocrx_word' id='word_1_812' title='bbox 3038 4953 3237 5007; x_wconf 72' lang='lat' dir='ltr'><strong>divinae</strong></span> <span class='ocrx_word' id='word_1_813' title='bbox 3255 4949 3499 5004; x_wconf 78' lang='lat' dir='ltr'><strong>vicissim</strong></span> 
     </span>
    </p>
   </div>
   <div class='ocr_carea' id='block_1_112' title="bbox 1920 5040 3502 5124">
    <p class='ocr_par' dir='ltr' id='par_1_112' title="bbox 1920 5040 3502 5124">
     <span class='ocr_line' id='line_1_112' title="bbox 1920 5040 3502 5124; baseline -0.009 -18"><span class='ocrx_word' id='word_1_814' title='bbox 1920 5053 2217 5124; x_wconf 88' lang='lat' dir='ltr'><strong>participes</strong></span> <span class='ocrx_word' id='word_1_815' title='bbox 2269 5051 2417 5115; x_wconf 81' lang='lat' dir='ltr'><strong>facti,</strong></span> <span class='ocrx_word' id='word_1_816' title='bbox 2479 5055 2784 5121; x_wconf 86' lang='lat' dir='ltr'><strong>augescunt</strong></span> <span class='ocrx_word' id='word_1_817' title='bbox 2830 5044 3075 5117; x_wconf 87' lang='lat' dir='ltr'><strong>quotidie</strong></span> <span class='ocrx_word' id='word_1_818' title='bbox 3123 5058 3187 5098; x_wconf 88' lang='lat' dir='ltr'><strong>ac</strong></span> <span class='ocrx_word' id='word_1_819' title='bbox 3239 5040 3502 5109; x_wconf 54' lang='lat' dir='ltr'><strong>multipliv</strong></span> 
     </span>
    </p>
   </div>
   <div class='ocr_carea' id='block_1_113' title="bbox 1921 5131 3504 5213">
    <p class='ocr_par' dir='ltr' id='par_1_113' title="bbox 1921 5131 3504 5213">
     <span class='ocr_line' id='line_1_113' title="bbox 1921 5131 3504 5213; baseline -0.009 -13"><span class='ocrx_word' id='word_1_820' title='bbox 1921 5158 2141 5209; x_wconf 85' lang='lat' dir='ltr'><strong>cantur,</strong></span> <span class='ocrx_word' id='word_1_821' title='bbox 2168 5151 2357 5213; x_wconf 86' lang='lat' dir='ltr'><strong>utpote</strong></span> <span class='ocrx_word' id='word_1_822' title='bbox 2378 5159 2501 5198; x_wconf 91' lang='lat' dir='ltr'><strong>cum</strong></span> <span class='ocrx_word' id='word_1_823' title='bbox 2541 5144 2598 5196; x_wconf 89' lang='lat' dir='ltr'><strong>in</strong></span> <span class='ocrx_word' id='word_1_824' title='bbox 2632 5141 2769 5211; x_wconf 87' lang='lat' dir='ltr'><strong>ipsis</strong></span> <span class='ocrx_word' id='word_1_825' title='bbox 2793 5139 2980 5193; x_wconf 88' lang='lat' dir='ltr'><strong>divina</strong></span> <span class='ocrx_word' id='word_1_826' title='bbox 3005 5136 3096 5190; x_wconf 90' lang='lat' dir='ltr'><strong>illa</strong></span> <span class='ocrx_word' id='word_1_827' title='bbox 3125 5151 3228 5189; x_wconf 82' lang='lat' dir='ltr'><strong>vox</strong></span> <span class='ocrx_word' id='word_1_828' title='bbox 3259 5151 3274 5188; x_wconf 89' lang='lat'><strong>:</strong></span> <span class='ocrx_word' id='word_1_829' title='bbox 3313 5151 3332 5183; x_wconf 70' lang='grc' dir='ltr'><strong>ι</strong></span> <span class='ocrx_word' id='word_1_830' title='bbox 3363 5131 3504 5186; x_wconf 86' lang='lat' dir='ltr'><strong>Cre-</strong></span> 
     </span>
    </p>
   </div>
   <div class='ocr_carea' id='block_1_114' title="bbox 1923 5224 3505 5305">
    <p class='ocr_par' dir='ltr' id='par_1_114' title="bbox 1923 5224 3505 5305">
     <span class='ocr_line' id='line_1_114' title="bbox 1923 5224 3505 5305; baseline -0.011 -11"><span class='ocrx_word' id='word_1_831' title='bbox 1923 5239 2058 5294; x_wconf 89' lang='lat' dir='ltr'><strong>scite</strong></span> <span class='ocrx_word' id='word_1_832' title='bbox 2090 5247 2145 5293; x_wconf 91' lang='lat' dir='ltr'><strong>ct</strong></span> <span class='ocrx_word' id='word_1_833' title='bbox 2172 5234 2609 5305; x_wconf 88' lang='lat' dir='ltr'><strong>multiplicamini</strong></span> <span class='ocrx_word' id='word_1_834' title='bbox 2643 5240 2696 5287; x_wconf 86' lang='lat' dir='ltr'><strong>et</strong></span> <span class='ocrx_word' id='word_1_835' title='bbox 2716 5231 2920 5301; x_wconf 82' lang='lat' dir='ltr'><strong>replete</strong></span> <span class='ocrx_word' id='word_1_836' title='bbox 2938 5236 3141 5283; x_wconf 85' lang='lat' dir='ltr'><strong>terram</strong></span> <span class='ocrx_word' id='word_1_837' title='bbox 3171 5224 3238 5287; x_wconf 77' lang='grc'><strong>³³,</strong></span> <span class='ocrx_word' id='word_1_838' title='bbox 3271 5242 3290 5277; x_wconf 70' lang='grc' dir='ltr'><strong>ι</strong></span> <span class='ocrx_word' id='word_1_839' title='bbox 3321 5231 3374 5278; x_wconf 89' lang='lat' dir='ltr'><strong>et</strong></span> <span class='ocrx_word' id='word_1_840' title='bbox 3410 5237 3505 5277; x_wconf 75' lang='lat' dir='ltr'><strong>ve-</strong></span> 
     </span>
    </p>
   </div>
   <div class='ocr_carea' id='block_1_115' title="bbox 1922 5322 3498 5388">
    <p class='ocr_par' dir='ltr' id='par_1_115' title="bbox 1922 5322 3498 5388">
     <span class='ocr_line' id='line_1_115' title="bbox 1922 5322 3498 5388; baseline -0.01 -3"><span class='ocrx_word' id='word_1_841' title='bbox 1922 5331 2037 5386; x_wconf 88' lang='lat' dir='ltr'><strong>rius</strong></span> <span class='ocrx_word' id='word_1_842' title='bbox 2067 5337 2121 5385; x_wconf 88' lang='lat' dir='ltr'><strong>et</strong></span> <span class='ocrx_word' id='word_1_843' title='bbox 2141 5329 2252 5382; x_wconf 91' lang='lat' dir='ltr'><strong>Dco</strong></span> <span class='ocrx_word' id='word_1_844' title='bbox 2284 5326 2699 5382; x_wconf 87' lang='lat' dir='ltr'><strong>convenientius</strong></span> <span class='ocrx_word' id='word_1_845' title='bbox 2727 5322 2887 5377; x_wconf 88' lang='lat' dir='ltr'><strong>ﬁnem</strong></span> <span class='ocrx_word' id='word_1_846' title='bbox 2911 5336 3072 5377; x_wconf 91' lang='lat' dir='ltr'><strong>suum</strong></span> <span class='ocrx_word' id='word_1_847' title='bbox 3097 5322 3498 5388; x_wconf 87' lang='lat' dir='ltr'><strong>consequatur:</strong></span> 
     </span>
    </p>
   </div>
   <div class='ocr_carea' id='block_1_116' title="bbox 1924 5413 3499 5489">
    <p class='ocr_par' dir='ltr' id='par_1_116' title="bbox 1924 5413 3499 5489">
     <span class='ocr_line' id='line_1_116' title="bbox 1924 5413 3499 5489; baseline -0.008 -13"><span class='ocrx_word' id='word_1_848' title='bbox 1924 5423 2067 5477; x_wconf 89' lang='lat' dir='ltr'><strong>sicut</strong></span> <span class='ocrx_word' id='word_1_849' title='bbox 2114 5419 2451 5487; x_wconf 85' lang='lat' dir='ltr'><strong>econtrario,</strong></span> <span class='ocrx_word' id='word_1_850' title='bbox 2493 5418 2587 5489; x_wconf 85' lang='lat' dir='ltr'><strong>qui</strong></span> <span class='ocrx_word' id='word_1_851' title='bbox 2621 5433 2652 5472; x_wconf 89' lang='lat' dir='ltr'><strong>a</strong></span> <span class='ocrx_word' id='word_1_852' title='bbox 2681 5416 2858 5488; x_wconf 84' lang='lat' dir='ltr'><strong>prima</strong></span> <span class='ocrx_word' id='word_1_853' title='bbox 2884 5415 3151 5470; x_wconf 89' lang='lat' dir='ltr'><strong>adversus</strong></span> <span class='ocrx_word' id='word_1_854' title='bbox 3185 5413 3337 5466; x_wconf 87' lang='lat' dir='ltr'><strong>illum</strong></span> <span class='ocrx_word' id='word_1_855' title='bbox 3363 5426 3499 5465; x_wconf 79' lang='lat' dir='ltr'><strong>con-</strong></span> 
     </span>
    </p>
   </div>
   <div class='ocr_carea' id='block_1_117' title="bbox 1925 5507 3504 5587">
    <p class='ocr_par' dir='ltr' id='par_1_117' title="bbox 1925 5507 3504 5587">
     <span class='ocr_line' id='line_1_117' title="bbox 1925 5507 3504 5587; baseline -0.007 -16"><span class='ocrx_word' id='word_1_856' title='bbox 1925 5516 2226 5587; x_wconf 88' lang='lat' dir='ltr'><strong>spiratione</strong></span> <span class='ocrx_word' id='word_1_857' title='bbox 2252 5515 2418 5569; x_wconf 90' lang='lat' dir='ltr'><strong>etiam</strong></span> <span class='ocrx_word' id='word_1_858' title='bbox 2451 5527 2599 5568; x_wconf 88' lang='lat' dir='ltr'><strong>nunc</strong></span> <span class='ocrx_word' id='word_1_859' title='bbox 2652 5512 2708 5566; x_wconf 91' lang='lat' dir='ltr'><strong>in</strong></span> <span class='ocrx_word' id='word_1_860' title='bbox 2737 5510 2854 5567; x_wconf 90' lang='lat' dir='ltr'><strong>suis</strong></span> <span class='ocrx_word' id='word_1_861' title='bbox 2885 5510 3037 5565; x_wconf 91' lang='lat' dir='ltr'><strong>illum</strong></span> <span class='ocrx_word' id='word_1_862' title='bbox 3071 5507 3318 5564; x_wconf 87' lang='lat' dir='ltr'><strong>consiliis</strong></span> <span class='ocrx_word' id='word_1_863' title='bbox 3343 5519 3504 5562; x_wconf 76' lang='lat' dir='ltr'><strong>exse-</strong></span> 
     </span>
    </p>
   </div>
   <div class='ocr_carea' id='block_1_118' title="bbox 1927 5594 3503 5677">
    <p class='ocr_par' dir='ltr' id='par_1_118' title="bbox 1927 5594 3503 5677">
     <span class='ocr_line' id='line_1_118' title="bbox 1927 5594 3503 5677; baseline -0.006 -12"><span class='ocrx_word' id='word_1_864' title='bbox 1927 5615 2176 5676; x_wconf 86' lang='lat' dir='ltr'><strong>crantur,</strong></span> <span class='ocrx_word' id='word_1_865' title='bbox 2210 5606 2306 5664; x_wconf 88' lang='lat' dir='ltr'><strong>Dei</strong></span> <span class='ocrx_word' id='word_1_866' title='bbox 2339 5606 2395 5662; x_wconf 90' lang='lat' dir='ltr'><strong>in</strong></span> <span class='ocrx_word' id='word_1_867' title='bbox 2454 5606 2665 5677; x_wconf 87' lang='lat' dir='ltr'><strong>seipsos</strong></span> <span class='ocrx_word' id='word_1_868' title='bbox 2714 5603 3150 5661; x_wconf 78' lang='lat' dir='ltr'><strong>exsecrationem</strong></span> <span class='ocrx_word' id='word_1_869' title='bbox 3197 5614 3264 5656; x_wconf 77' lang='lat' dir='ltr'><strong>ex</strong></span> <span class='ocrx_word' id='word_1_870' title='bbox 3322 5596 3416 5653; x_wconf 89' lang='lat' dir='ltr'><strong>illo</strong></span> <span class='ocrx_word' id='word_1_871' title='bbox 3443 5594 3503 5655; x_wconf 83' lang='lat' dir='ltr'><strong>in</strong></span> 
     </span>
    </p>
   </div>
  </div>
