3836 6220
372 342 479 399 663

1012 329 1280 387 EUSEBII
1321 326 1804 385 CESARiENSIS
1840 330 1988 390 OPP.
2034 332 2233 391 PARS.
2274 331 2338 389 ll.
2367 335 2956 399 —APOLOGETICA.

3527 349 3640 408 664

374 460 521 515 hunc
561 470 738 529 usque
786 453 929 510 diem
969 458 1377 507 contraxerunt.
1436 450 1781 521 Quapropter
1832 467 1921 506 non

2048 454 2163 518 τοῦ,
2195 474 2214 508 ›
2250 454 2443 528 (δῆλον
2486 455 2532 509 δ’
2556 456 2638 510 ὅτι
2683 458 2776 514 τοῦ
2812 459 3046 532 Ἰακὼ6,)
3084 462 3225 517 οὕτω
3266 464 3458 518 κάκεῖ·
3492 486 3512 519 ι
3533 468 3640 523 Ἐκ

373 549 530 621 regni
553 547 753 609 solum,
779 543 874 600 sed
898 541 1059 598 etiam
1093 540 1179 595 sui
1206 541 1377 603 illius,
1410 539 1554 610 quod
1591 541 1798 597 honore
1833 557 1947 596 om-

372 642 430 697 ni
452 656 517 696 ac
542 636 848 695 reverentia
876 632 1151 694 colebant,
1183 632 1503 699 sanctuarii,
1531 639 1831 688 extremam
1854 650 1945 690 so-

372 733 663 789 litudinem
694 737 859 799 atque
905 725 1186 781 interitum
1220 724 1277 778 in
1309 726 1485 779 oculis
1522 725 1743 791 habere,
1782 735 1943 797 atque

372 824 573 881 intueri
594 836 702 877 non
733 820 1014 876 desinunt.
1039 814 1159 871 Non
1186 815 1286 871 abs
1306 828 1366 870 re
1390 824 1571 871 autem
1604 816 1768 872 fuerit
1792 818 1943 874 hisce

292 928 314 946 ⁸
371 930 493 985 quae
521 927 668 969 nunc
699 918 1017 973 tractamus,
1050 907 1227 978 ipsius
1273 905 1444 961 Iacob
1470 907 1539 961 ad
1581 905 1778 962 ludam
1813 924 1942 979 pro-

373 1003 611 1075 phetiam
646 996 964 1071 adjungere,
994 1010 1160 1067 quam
1184 995 1347 1052 etiam
1382 996 1558 1066 ipsam
1586 997 1941 1055 evidentissi-

246 1128 255 1141 ι
371 1106 460 1146 me
496 1088 766 1144 Salvatori
789 1094 976 1142 nostro
997 1085 1522 1155 accommodarijam
1537 1085 1940 1144 demonstravi-

367 1197 512 1245 mus,
563 1179 1029 1250 contemplarique
1077 1191 1221 1242 eam,
1255 1187 1377 1247 qua
1425 1176 1482 1232 in
1536 1177 1785 1248 utrisque
1831 1181 1936 1235 est.

365 1273 733 1329 concordiam.
767 1268 1232 1337 Quemadmodum
1266 1269 1410 1324 enim
1434 1268 1524 1323 hic
1567 1268 1775 1324 dictum
1807 1276 1892 1324 est
1920 1287 1934 1324 :

372 1383 391 1415 ι
438 1360 760 1434 Egredietur
782 1362 948 1416 homo
976 1361 1047 1415 de
1086 1361 1295 1415 semine
1316 1360 1435 1430 ejus
1462 1360 1659 1431 (ipsius
1689 1360 1939 1416 videlicet

364 1454 588 1527 Jacob),
612 1474 631 1507 ι
660 1454 737 1508 ita
760 1454 925 1508 etiam
966 1452 1312 1520 illicgdictum
1342 1459 1426 1508 est
1463 1472 1478 1508 :
1510 1471 1530 1505 ι
1567 1452 1645 1507 De
1669 1455 1934 1525 germine,

365 1546 443 1601 fili
474 1545 572 1609 mi,
617 1543 913 1599 ascendisti
946 1543 1014 1610 ²⁹,
1054 1562 1073 1596 ι
1107 1543 1181 1598 ab
1208 1542 1329 1613 ipso
1357 1541 1549 1608 Jacob,
1599 1545 1668 1599 ad
1694 1560 1819 1600 eum
1868 1544 1939 1602 de

363 1650 473 1706 quo
508 1637 628 1708 ipse
653 1635 999 1693 vaticinatur.
1040 1634 1217 1705 thue
1250 1636 1307 1689 in
1340 1637 1595 1706 prasenti
1636 1637 1839 1693 dicitur
1870 1638 1940 1692 il-

2046 546 2299 618 βλαστοῦ,
2351 549 2438 604 υἰέ
2490 568 2614 621 μου,
2659 549 2878 621 ἀνέϐης,
2911 570 2929 602 ι
2967 550 3151 625 εῐρητο
3196 556 3290 608 ὑπ’
3318 558 3485 612 αὐτοῦ
3531 561 3637 616 τοῦ

2057 638 2249 693 Ἰακὼῦ
2281 640 2419 714 πρὸς
2449 642 2540 694 τὸν
2582 642 3077 714 προφητευόμενον.
3121 647 3232 699 Καὶ
3276 647 3352 712 ὡς
3393 652 3488 704 ἐπὶ
3529 653 3635 706 τοῦ

2045 735 2314 805 παρόντος
2336 735 2548 804 λέγεται
2570 736 2651 801 τὸ,
2677 756 2697 787 ‹
2718 737 2827 790 Καὶ
2847 739 3126 810 κυριεύσει
3155 740 3328 794 ἐθνῶν
3353 744 3595 805 πολλῶν,
3610 767 3629 798 ι

2040 826 2240 896 ὁμοίως
2269 826 2362 879 καὶ
2391 828 2449 881 ἐν
2474 826 2700 892 ἐκείνοις
2727 829 2807 894 τὸ,
2844 848 2863 881 ι
2891 830 3001 884 Καὶ
3028 831 3189 895 αὐτὸς
3218 831 3367 887 ἔσται
3402 837 3635 906 προσδο-

2041 918 2135 972 κία
2181 917 2368 973 ἐθνῶν.
2417 937 2437 971 ι
2495 921 2606 974 Καὶ
2654 920 2815 974 πάλιν
2868 919 3098 977 ἐνταῦθα
3146 923 3265 995 μὲν,
3319 943 3339 978 ι
3384 927 3631 991 Ἐδεται,

2041 1010 2226 1080 φησὶν,
2272 1030 2290 1063 ν
2318 1011 2444 1083 ἔθνη
2486 1011 2696 1084 ἐχθρῶν
2722 1012 2909 1079 αὐτοῦ,
2943 1015 3036 1067 καὶ
3068 1018 3189 1079 ταῖς
3225 1015 3426 1087 βολίσιν
3454 1018 3631 1073 αὐτοῦ

2040 1101 2424 1168 κατατοξεύσει
2450 1102 2671 1175 ἐχθρόν·
2701 1124 2721 1157 ι
2741 1104 3011 1170 Ὡσαύτως
3038 1106 3095 1160 δὲ
3122 1109 3216 1161 καὶ
3262 1111 3320 1163 ἐν
3364 1110 3630 1174 ἐκείνοις,

2045 1211 2064 1244 ς
2097 1192 2163 1245 Αἰ
2190 1194 2371 1267 χεῖρές
2394 1212 2487 1249 σου
2510 1195 2604 1248 ἐπὶ
2629 1193 2799 1249 νώτου
2822 1194 2928 1249 τῶν
2957 1197 3168 1268 ἐχθρῶν
3200 1214 3317 1263 σου,
3336 1218 3355 1250 ι
3380 1199 3627 1268 ἐλέγετο.

2038 1284 2151 1338 Καὶ
2199 1285 2281 1354 τὸ,
2317 1303 2337 1337 ι
2366 1285 2611 1357 Σκύμνος
2653 1287 2868 1353 λέοντος
2901 1288 3087 1353 Ἰούδα,
3116 1308 3136 1342 ι
3168 1291 3260 1343 καὶ
3304 1290 3386 1354 τὸ,
3418 1311 3437 1342 ι
3461 1292 3629 1345 Ἀνα-

2038 1376 2220 1431 πεσὼν
2242 1379 2539 1450 ἐκοιμήθης
2560 1379 2634 1444 ὡς
2654 1381 2809 1446 λέων,
2825 1383 2919 1435 καὶ
2936 1382 3012 1446 ὡς
3040 1382 3278 1453 σκύμνος
3292 1400 3306 1413 ο
3327 1384 3411 1448 τίς
3439 1387 3634 1457 ἐγερεῖ

2036 1470 2233 1535 adadv;
2272 1489 2291 1522 ι
2324 1471 2383 1522 ἐν
2411 1470 2641 1534 ἐκείνοις
2667 1472 2974 1543 εἰρημένον,
3003 1474 3154 1527 οὐδέν
3192 1492 3280 1545 μοι
3325 1475 3475 1529 δοκεῖ
3508 1476 3631 1529 δια-

2038 1562 2226 1633 φέρειν
2257 1561 2356 1633 τῆς
2392 1562 2528 1633 μετά
2557 1566 2747 1634 χεῖρας
2773 1563 2970 1629 λέξεως
2999 1567 3344 1636 φασκούσης·
3383 1586 3402 1618 ι
3433 1570 3628 1623 Κατα-

2038 1651 2240 1717 κλιθείς
2289 1653 2635 1707 ἀνεπαύσατο
2680 1654 2757 1719 ὡς
2804 1656 2960 1721 λέων,
2990 1659 3085 1711 καὶ
3125 1658 3201 1722 ὡς
3229 1660 3499 1731 σκύμνος·
3535 1663 3629 1726 τίς

361 1726 457 1781 lud
486 1743 501 1782 :
535 1743 555 1777 ι
589 1723 654 1778 Ει
683 1724 1057 1780 dominabitur
1083 1725 1339 1796 gentibus
1361 1727 1568 1792 multis,
1597 1746 1617 1779 ι
1637 1727 1719 1783 sic
1743 1730 1799 1783 in
1823 1728 1921 1785 illi:

2041 1743 2336 1814 ἀναστήσει
2382 1745 2577 1812 αὐτόν;
2616 1763 2636 1797 ι
2682 1746 2869 1803 Ταῦτα
2919 1750 2975 1804 δὲ
3024 1751 3249 1815 εἰκότως
3296 1723 3376 1815 εἰς
3426 1723 3628 1806 ταύτὸν

361 1834 583 1892 quoque
610 1818 746 1873 illud
777 1836 791 1873 :
821 1837 839 1869 ι
867 1818 934 1872 Ει
960 1820 1076 1889 ipse
1095 1819 1198 1874 erit
1211 1820 1550 1888 exspectatio
1568 1820 1812 1889 gentium
1829 1820 1921 1876 ³⁰.ι

2042 1801 2441 1907 συνηγάγομεν,
2473 1837 2543 1890 ἵν’
2564 1801 2763 1911 ’ὥσπερ
2791 1801 2883 1893 ἐπὶ
2906 1801 3626 1915 στόματοςδύοήμῖαρτύρων

362 1915 429 1969 Et
461 1927 657 1967 rursus
692 1909 782 1965 hic
812 1909 1041 1980 quidem
1070 1926 1088 1967 ι
1121 1927 1140 1961 ι
1176 1908 1488 1975 Devorabit,
1513 1911 1709 1982 inquit,
1746 1921 1921 1983 gentes

2037 1926 2137 1997 τῆς
2179 1929 2238 1980 ἐν
2268 1931 2389 1991 ταῖς
2418 1908 2776 2000 προφητείαις
2818 1908 3195 2005 συμφωνίαςή
3229 1908 3355 2006 περὶ
3384 1908 3475 1989 τοῦ
3509 1908 3627 1990 ξω-

359 2003 709 2059 inimicorum
740 2016 990 2067 suorum,
1027 2010 1085 2057 et
1130 2001 1331 2071 jaculis
1373 2001 1492 2057 suis
1539 2001 1700 2057 feriet
1749 2003 1921 2059 inimi-

2035 2016 2199 2088 ’ἄκρος
2226 2018 2380 2088 ἡμῶν
2401 2019 2670 2087 ἀπόδειξις
2692 2001 3041 2095 βεϐαιοτέραν
3061 2001 3212 2080 mea:
3230 2001 3329 2097 τὴν
3351 2027 3623 2098 κύρωσιν.

357 2109 514 2160 cum;
543 2113 565 2146 ι
603 2094 661 2147 in
690 2092 802 2148 illis
847 2100 1031 2147 autem
1064 2093 1231 2148 simili
1279 2092 1495 2148 ratione
1541 2093 1677 2147 illud
1722 2094 1921 2149 dictu-

2035 2105 2219 2162 Πάντα
2243 2107 2288 2161 δ’
2310 2105 2406 2163 οὖν
2432 2111 2501 2164 τά
2524 2113 2604 2175 εἰς
2626 2113 2725 2186 τὴν
2751 2113 2847 2167 τοῦ
2880 2092 3072 2169 Ἰακὼὸ
3096 2092 3402 2189 πρόρρησιν
3426 2092 3624 2172 τεθεω-

357 2197 442 2242 est
474 2205 488 2241 :
524 2203 549 2238 ι
589 2184 782 2241 Manus
804 2192 912 2239 tua:
939 2186 994 2239 in
1024 2192 1177 2256 tergo
1203 2185 1553 2241 inimicorum
1583 2194 1804 2241 tuorum
1825 2186 1921 2241 ³¹.ι

2031 2198 2243 2269 ρημένα
2277 2202 2566 2273 ἁρμόσειεν
2607 2184 2687 2258 ἂν
2714 2206 2810 2260 καὶ
2855 2209 2937 2270 εἰς
2974 2206 3071 2279 τὴν
3116 2184 3216 2261 τὸτί
3244 2184 3491 2279 ’Βαλαὰμ
3518 2211 3621 2280 τῆς

356 2277 492 2333 Item
519 2278 651 2333 illud
681 2296 694 2332 :
721 2297 741 2330 ι
778 2277 1007 2334 Catulus
1034 2277 1209 2333 leonis
1236 2274 1398 2343 Iuda,
1437 2295 1458 2330 ι
1480 2285 1535 2333 et
1561 2278 1696 2334 illud
1729 2297 1748 2339 ι,
1779 2298 1798 2330 ι
1824 2278 1921 2336 Re-

2031 2285 2347 2358 όμοιότητος
2389 2290 2497 2352 τῶν
2542 2292 2845 2364 λεγομένων
2882 2274 3064 2350 ἕνεκα.
3097 2298 3160 2350 Εἰ
3208 2297 3272 2368 δὴ
3312 2274 3499 2354 ἐκεῖνα
3527 2274 3619 2353 διά

354 2369 621 2425 cumbens
644 2367 953 2424 dormivisti
985 2374 1048 2423 ut
1072 2368 1177 2434 leo,
1230 2376 1286 2424 et
1318 2376 1380 2423 ut
1406 2369 1647 2439 catulus,
1678 2371 1803 2442 quis
1827 2387 1921 2427 ex-

2031 2378 2230 2450 πολλῆς
2250 2380 2576 2450 ἀποδείξεως
2603 2386 2695 2438 ἐπὶ
2724 2385 2817 2440 τὸν
2852 2388 3116 2461 ἡμέτερον
3144 2367 3370 2462 Σωτῆρα
3400 2392 3615 2464 πεπλη-

353 2459 551 2514 citabit
576 2459 731 2513 illum
759 2459 844 2515 “2
883 2476 905 2512 ι
959 2459 1107 2531 quod
1134 2460 1191 2514 in
1236 2459 1347 2517 illis
1394 2460 1602 2515 dictum
1653 2470 1759 2531 est,
1790 2463 1921 2519 nihil

2031 2472 2251 2540 ρωμὲνα
2281 2474 2533 2549 συνέστη,
2566 2476 2858 2533 ἀκόλουθον
2903 2479 2970 2535 ἂν
3016 2459 3101 2553 εἴη
3139 2483 3234 2536 καὶ
3367 2459 3615 2556 παρόντα

355 2549 491 2603 mihi
528 2548 748 2605 differre
799 2549 1015 2606 videtur
1046 2550 1115 2606 ab
1143 2564 1230 2616 eo,
1280 2550 1428 2621 quod
1455 2567 1602 2607 nunc
1628 2559 1931 2613 tractamus
2026 2559 2330 2631 ὁμολογεῖν.

350 2643 597 2709 oraculo,
630 2644 790 2714 cujus
814 2643 906 2698 illa
933 2652 1062 2701 sunt
1082 2644 1250 2699 verba
1279 2663 1294 2699 :
1331 2661 1351 2696 ι
1388 2643 1735 2705 Recumbens
1765 2650 1971 2721 quievit
1994 2652 2076 2708 'ut
2128 2655 2235 2722 leo,
2268 2665 2322 2713 et
2371 2667 2430 2715 ut
2471 2667 2708 2728 catulus,
2738 2667 2863 2737 quis
2917 2669 3179 2725 excitabit
3224 2671 3418 2725 illum?
3443 2691 3464 2722 ι
3488 2670 3614 2727 meo

352 2742 532 2817 autem
563 2750 675 2791 non
706 2737 805 2792 abs
825 2752 888 2793 re
914 2752 1083 2794 unum
1114 2739 1171 2793 in
1192 2740 1371 2794 locum
1393 2742 1694 2812 coegimus,
1738 2752 1798 2800 ut
1848 2750 2005 2817 quasi
2039 2749 2116 2829 in,
2149 2765 2247 2809 ore
2294 2754 2529 2812 duorum
2577 2761 2823 2828 testium,
2870 2765 2992 2834 ejus
3042 2781 3163 2835 qua:
3218 2769 3274 2822 in
3308 2767 3612 2838 prophetis

349 2810 631 2898 spectatur
690 2829 1020 2896 concordiae,
1068 2829 1137 2886 de
1182 2829 1467 2888 Salvatore
1502 2810 1703 2893 nostro
1744 2820 2140 2899 demonstratio
2196 2844 2494 2905 ﬁrmiorem
2546 2854 2783 2925 accipiat
2814 2810 3219 2914 auctoritatem.
3265 2810 3373 2914 Sed
3414 2810 3609 2914 Iomnia

346 2920 1099 2991 quacunqueinvaticininm
1132 2921 1303 2980 Jacob
1344 2929 1764 3000 contemplanda
1810 2936 2168 3006 contulimus,
2204 2939 2333 2998 huic
2362 2943 2493 3000 item
2539 2920 2688 3017 quod
2731 2963 2762 3003 a
2792 2948 3011 3005 Balaam
3046 2952 3252 3007 dictum
3285 2962 3393 3017 est,
3444 2953 3611 3026 426

348 3015 749 3071 accommodari
797 3026 1076 3105 poterunt,
1106 3028 1332 3092 propter
1381 3038 1571 3079 eorum
1625 3041 1747 3097 qua:
1777 3027 1928 3086 dicta
1958 3041 2087 3089 sunt
2141 3015 2581 3099 similitudinem.
2610 3044 2767 3112 Quod
2820 3047 2867 3103 si
2902 3049 2992 3102 illa
3026 3049 3084 3107 in
3116 3057 3309 3105 nostro
3360 3015 3607 3105 Sannio:

347 3122 414 3165 re
454 3109 727 3181 completa
772 3125 898 3168 esse
925 3112 1180 3184 ampliori
1227 3114 1702 3175 demonstratione
1751 3130 1874 3189 tum,
1925 3127 2195 3195 constitit,
2250 3134 2501 3204 sequitur
2549 3109 2663 3207 jam
2709 3145 2771 3193 ut
2827 3144 3118 3211 praesentia
3173 3158 3395 3215 quoque
3442 3143 3608 3199 fatea-

345 3215 493 3256 mur.

345 3330 619 3438 Ab‘Qsee;
647 3364 720 3376 —-
765 3333 993 3438 ιιεῃέιξρ
1024 3340 1118 3395 illo
1162 3342 1301 3408 quod
1356 3342 1676 3438 dictamnos!
1760 3365 1780 3399 ι
1839 3347 1921 3404 Eat

2041 3355 2312 3438 Ἀξιόχου
2352 3357 2775 3438 Ὠᾳηέ.-ς-τ”Ετι
2804 3362 2939 3434 περὶ
2962 3365 3090 3438 τοῦ,
3120 3385 3151 3438 ιΔ
3174 3367 3274 3432 Ἐξ
3303 3370 3605 3438 Αἰγύπτου

418 3401 1071 3491 @gyptavocaviﬂ'ili'mn
1104 3401 1296 3475 meum,
1330 3432 1349 3465 ι
1382 3426 1431 3469 et
1457 3414 1523 3471 de
1550 3415 1761 3473 Herode
1785 3401 1925 3491 rege,

416 3482 469 3527 et
495 3476 765 3530 eversione
787 3482 935 3548 regni
956 3477 1284 3536 Iudaeorum.

422 3697 443 3732 ι
471 3677 540 3734 Ει
568 3689 829 3752 exsurget
864 3683 1101 3754 perditio
1130 3687 1187 3740 in
1236 3688 1439 3758 populo
1469 3696 1585 3755 tuo,
1626 3697 1682 3747 et
1728 3707 1919 3751 omnia

347 3773 562 3828 munita
585 3782 678 3829 tua
706 3775 981 3845 peribunt,
1015 3789 1077 3831 ut
1105 3778 1362 3850 princeps
1386 3778 1642 3838 Salaman
1670 3783 1738 3839 de
1757 3783 1921 3841 domo

340 3860 652 3920 Jeroboam.
681 3862 741 3919 ln
769 3866 962 3923 diebus
1009 3867 1137 3923 belli
1178 3878 1406 3927 matrem
1452 3888 1617 3944 super
1640 3875 1767 3931 filiis
1800 3877 1921 3931 alli-

341 3964 552 4010 seruut.
584 3953 676 4011 Sic
704 3954 922 4024 faciam,
939 3959 1094 4014 vobis
1116 3958 1313 4018 domus
1341 3960 1531 4030 lsrael,
1557 3980 1586 4019 a
1610 3964 1746 4021 facie
1772 3966 1918 4036 injua

340 4041 549 4099 riarum
584 4053 915 4109 vestrarum.
965 4048 1123 4106 Mane
1154 4052 1313 4122 ejecti
1366 4063 1497 4110 sunt
1529 4075 1543 4111 :
1577 4056 1788 4127 ejectus
1831 4051 1917 4116 est

339 4150 438 4191 rex
470 4134 658 4206 lsrael,
688 4139 950 4210 quoniam
998 4140 1184 4199 infans
1241 4142 1430 4201 Israel.
1489 4146 1555 4203 Et
1607 4163 1708 4221 ego
1746 4150 1914 4207 dilexi

335 4237 464 4281 eum
492 4243 508 4280 :
539 4236 596 4284 et
640 4243 709 4285 ex
740 4227 980 4303 Egypto
1024 4235 1250 4290 evocavi
1300 4235 1442 4292 ﬁlios
1479 4238 1600 4308 ejus
1639 4240 1703 4294 ⁸³.
1746 4259 1765 4293 ι
1807 4241 1913 4296 Sed
1939 4279 1953 4291 ρ

336 4317 536 4388 Aquila
568 4358 585 4384 ,
644 4318 930 4378 Hebraicaa
981 4324 1279 4381 elocutioni
1348 4328 1685 4398 inserviens,
1745 4352 1764 4385 ι
1834 4333 1911 4388 Ex

338 4408 572 4482 x’Egypto
613 4415 804 4471 vocavi
861 4415 1033 4473 filium
1092 4433 1294 4499 meum,
1328 4440 1347 4475 ι
1382 4423 1771 4495 interpretatus
1802 4436 1907 4484 est.

335 4497 453 4571 Ego
486 4511 667 4559 autem
721 4509 1032 4564 necessario
1082 4497 1151 4565 ad
1199 4512 1424 4568 verbum
1475 4517 1660 4571 notavi
1706 4518 1905 4587 locum,

2095 3426 2363 3506 ςκάλεᾳα
2393 3424 2498 3484 τὸτέ-
2525 3433 2663 3506 Υίόν
2683 3449 2837 3506 μου,
2854 3424 3004 3488 fatal
3027 3424 3161 3504 περὶ
3207 3424 3461 3506 Ἡρώδου
3500 3424 3605 3496 ibi;

2088 3496 2419 3578 ξαριλέῳς,
2449 3502 2550 3578 καί
2594 3496 2728 3571 περὶ
2763 3503 2876 3573 τῆς
2902 3496 3303 3575 καθαιρέσεωξ·
3324 3508 3435 3578 τῆς
3470 3512 3599 3567 Ἰου-

2091 3565 2276 3622 δαίων
2297 3570 2642 3639 βασιλείας.

2096 3699 2116 3733 ι
2150 3681 2263 3736 Καὶ
2295 3682 2717 3759 ἐξαναστήσεται
2754 3689 3001 3753 ἀπώλεια
3028 3693 3086 3746 ἐν
3110 3693 3189 3765 τῷ
3219 3692 3335 3766 λαῷ
3361 3712 3477 3760 σου,
3508 3697 3604 3751 καὶ

2020 3773 2197 3828 πάντα
2228 3775 2298 3830 τὰ
2326 3782 2832 3854 περιτετειχισμένα
2865 3802 2958 3838 σου
2997 3787 3297 3857 οἰχήσεται,
3318 3788 3394 3854 ὡς
3418 3790 3601 3861 ἄρχων

2019 3866 2272 3938 Σαλαμάν
2289 3871 2354 3924 ἐκ
2374 3869 2465 3924 τοῦ
2486 3871 2637 3926 οἴκου
2652 3874 2951 3948 Ἰεροὸοάμ.
2986 3877 3077 3932 Ἐν
3093 3879 3329 3952 ἡμέραις
3362 3882 3598 3952 πολέμου

2021 3961 2233 4032 μητέρα
2244 3962 2336 4015 ἐπὶ
2359 3962 2567 4029 τέκνοις
2580 3966 2866 4036 ἡδάφισαν.
2886 3969 3042 4024 Οὕτω
3062 3973 3274 4042 ποιήσω
3285 3974 3315 4026 ὑ
3323 3976 3435 4045 μῖν,
3452 3971 3599 4039 οἶκος

2030 4052 2268 4125 Ἰσραὴλ,
2317 4055 2425 4109 ἀπὸ
2446 4057 2737 4128 προσώπου
2761 4059 2869 4115 τῶν
2899 4061 3121 4116 ἀδικιῶν
3147 4064 3321 4136 ὑμῶν.
3362 4065 3597 4138 Ὀρθρου

2016 4144 2418 4218 ἀπερρίφησαν*
2442 4149 2721 4222 ἀπερῤίφη
2739 4150 2990 4222 βασιλεὺς
3006 4155 3240 4228 Ἰσραὴλ,
3256 4156 3390 4210 διότι
3408 4160 3599 4230 νήπιος

2027 4237 2263 4310 Ἰσραήλ.
2282 4241 2392 4294 Καὶ
2419 4242 2530 4310 ἐγὼ
2567 4242 2829 4313 ἠγάπησα
2863 4245 3049 4311 αὐτὸν,
3093 4248 3187 4300 καὶ
3223 4247 3282 4313 ἐξ
3318 4248 3595 4318 Αἰγύπτου

2016 4330 2353 4398 μετεκάλεσα
2367 4333 2436 4387 τά
2449 4334 2612 4387 τέκνα
2627 4336 2808 4391 αὐτοῦ.
2842 4356 2860 4389 ι
2881 4337 3181 4411 Δουλεύσας
3202 4340 3281 4410 τῷ
3295 4340 3593 4415 Ἐὅραῖκῷ,

2016 4436 2035 4470 ι
2060 4420 2150 4488 Ἐξ
2180 4422 2452 4492 Αἰγύπτου
2487 4427 2722 4481 ἐκάλεσα
2765 4429 2859 4483 τὸν
2906 4430 3019 4484 υἰόν
3063 4448 3185 4502 μου,
3219 4452 3238 4483 ι
3274 4432 3536 4499 ἐξέδωκεν
3566 4437 3597 4488 ὁ

2023 4511 2273 4578 Ἀκύλας.
2291 4515 2626 4586 Ἀναγκαίως
2675 4520 2732 4575 δὲ
2777 4521 2839 4574 τὸ
2883 4522 3045 4594 ῥητὸν
3072 4525 3595 4598 ἐπεσημειωσάμην,

335 4592 597 4661 quoniam
624 4592 914 4655 Matthaaus
938 4614 1157 4672 quoque
1197 4602 1382 4672 posuit
1412 4605 1775 4677 prophetiam,
1813 4608 1906 4664 ubi

2031 4605 2238 4679 μπείπερ
2284 4609 2380 4662 καὶ
2422 4611 2451 4663 ὁ
2497 4610 2774 4677 Ματθαῖος
2803 4592 3040 4669 τέθειται
3083 4615 3184 4688 τὴν
3228 4592 3594 4689 προφητείαν,

332 4684 389 4740 in
422 4682 715 4758 Egyptum
743 4693 1137 4764 commigrasse
1177 4693 1386 4762 Jesum,
1411 4705 1466 4753 et
1499 4699 1649 4754 illinc
1678 4700 1910 4759 rediisse

2031 4696 2244 4768 »πηνίκα
2275 4700 2354 4762 εἰς
2382 4698 2656 4768 Αἴγυπτον
2683 4700 3096 4773 διακομισθῆναι
3117 4682 3208 4757 τὸν
3242 4682 3473 4776 Ἰησούν,
3494 4682 3596 4761 κάξ

333 4777 389 4829 in
416 4784 618 4832 terram
641 4779 810 4837 Israel
833 4782 1126 4849 indicavit;
1173 4788 1220 4842 si
1250 4791 1374 4858 quis
1391 4797 1573 4845 autem
1602 4789 1906 4852 Salvatoris

2031 4790 2190 4848 ιείθεν
2233 4792 2549 4848 ἐπανελθεῖν
2597 4793 2690 4847 ἐπὶ
2735 4794 2833 4867 τὴν
2865 4796 2969 4867 γῆν
2997 4796 3092 4849 τοῦ
3129 4796 3349 4869 Ἰσραὴλ
3380 4797 3590 4869 ἐδήλου.

331 4868 507 4923 nostri
538 4869 597 4924 in
626 4868 924 4942 Egyptum
965 4874 1357 4945 profectionem
1388 4887 1630 4945 accuset,
1663 4883 1804 4937 sciat
1848 4883 1903 4940 id

2031 4886 2072 4937 ιι
2107 4884 2165 4937 δὲ
2200 4885 2565 4956 ἐπιμέμφοιτό
2596 4902 2678 4951 τις
2708 4890 2774 4959 τῇ
2811 4889 2890 4953 εἰς
2925 4888 3199 4958 Αἴγυπτον
3241 4891 3591 4964 ἀναχωρήσει

328 4967 508 5016 totum
537 4962 776 5020 maxima
822 4978 946 5019 cum
992 4968 1204 5025 ratione
1236 4969 1440 5027 factum
1472 4972 1662 5031 fuisse.
1716 4975 1903 5050 Neque

2031 4975 2101 5029 τοῦ
2124 4976 2377 5047 Σωτῆρος
2401 4977 2579 5050 ἡμῶν,
2601 4978 2732 5033 ἴστω
2755 4981 2896 5034 κατὰ
2918 4980 3073 5050 λόγον
3090 4983 3259 5054 αὐτὴν
3282 4962 3585 5052 γεγονέναι.

327 5053 476 5106 enim
528 5050 763 5111 Herodis
795 5057 1157 5116 voluntariam
1211 5064 1472 5120 malitiam
1507 5068 1762 5126 cohibere
1806 5086 1908 5143 par

327 5154 471 5209 erat,
498 5158 680 5217 neque
705 5163 900 5206 rursus
928 5149 1292 5222 Salvatorem,
1334 5172 1562 5228 puerum
1594 5162 1777 5218 adhuc
1803 5166 1906 5219 mi-

326 5236 518 5291 racula
547 5239 795 5297 exordiri
851 5242 967 5313 jam
998 5252 1133 5313 tum,
1161 5256 1326 5319 atque
1354 5258 1485 5306 ante
1505 5258 1722 5324 tempus
1760 5254 1901 5311 divi-

323 5343 451 5384 nam
483 5337 764 5390 ostentare
781 5336 1038 5393 virtutem
1074 5358 1088 5395 :
1116 5340 1263 5412 quod
1297 5356 1430 5399 sane
1450 5342 1657 5399 factum
1683 5344 1899 5413 fuisset,

324 5421 370 5473 si
418 5421 656 5480 mirabili
692 5427 929 5497 quadam
968 5431 1178 5487 ratione
1206 5433 1555 5491 insidiantem
1589 5437 1693 5493 sibi
1719 5437 1896 5494 Hero-

321 5506 446 5560 dem
477 5512 801 5581 punivisset,
824 5532 1001 5588 neque
1021 5520 1130 5576 ullo
1157 5522 1319 5579 modo
1339 5524 1484 5580 illam
1514 5527 1568 5581 in
1598 5527 1895 5600 Egyptum

323 5612 434 5656 una
463 5616 591 5657 cum
643 5608 969 5676 parentibus
1013 5613 1379 5671 secessionem
1416 5619 1752 5688 pertulisset.
1791 5618 1894 5676 Ve-

2003 5066 2142 5122 Οὔτε
2174 5068 2282 5142 γὰρ
2315 5072 2560 5142 ἐπισχεῖν
2589 5071 2679 5126 τδν
2720 5072 2967 5147 Ἡρώδην
2990 5075 3090 5145 τῆς
3128 5076 3587 5148 αὐτοπροαιρέτου

2002 5159 2202 5222 κακίας
2230 5160 2507 5232 προσῆκον
2530 5155 2619 5233 ἦν,
2640 5160 2752 5214 οὔτ’
2775 5161 2840 5216 ἂν
2871 5162 3071 5239 βρέφος
3109 5165 3185 5218 ἔτ’
3205 5165 3336 5219 ὄντα
3361 5167 3453 5220 τὸν
3479 5169 3588 5221 Σω-

2000 5249 2146 5322 τῆρα
2170 5250 2278 5304 τῶν
2308 5251 2601 5323 θαυμάτων
2624 5254 2995 5327 ἀπάρξασθαι,
3019 5257 3113 5310 καὶ
3136 5258 3241 5330 πρὸ
3271 5263 3467 5334 καιροῦ
3489 5260 3582 5331 τὴν

2001 5340 2152 5394 θείαν
2184 5342 2586 5400 ἐπιδείκνυσθαι
2619 5345 2877 5419 δύναμιν·
2930 5349 3067 5421 ὅπερ
3115 5349 3181 5403 ἂν
3224 5354 3497 5431 ἐπράχθη,
3531 5361 3577 5413 εἰ

2000 5432 2317 5504 παραδόξως
2335 5434 2752 5490 ἐπιϐουλεύοντα
2768 5438 2920 5510 αὐτῷ
2947 5440 3036 5493 τὸν
3060 5442 3301 5517 Ἡρώδην
3326 5447 3571 5519 μετῆλθε,

2003 5523 2263 5595 μηδαμῶς
2294 5527 2590 5598 ὑπομείνας
2620 5529 2722 5601 τὴν
2761 5531 2844 5593 εἰς
2890 5532 3160 5601 Αἴγυπτον
3200 5537 3319 5607 ἅμα
3347 5541 3459 5604 τοῖς
3483 5556 3570 5610 γο-

1998 5616 2180 5673 νεῦσιν
2205 5620 2570 5694 ἀναχώρησιν.
2589 5619 2753 5675 Ἀλλά
2791 5622 2901 5695 γὰρ
2941 5619 3010 5695 ἦν
3039 5626 3137 5700 τῆς
3167 5629 3474 5701 κρείττονος
3496 5634 3563 5691 οῖ’

395 5761 615 5854 “‘Gen.
651 5766 904 5836 “13,9.
979 5770 1023 5804 ³ο
1063 5771 1195 5828 ibid.
1235 5773 1316 5831 to.
1398 5775 1438 5809 ει
1480 5775 1612 5833 ibid.
1646 5776 1702 5838 8.
1778 5780 1824 5814 ε’
1864 5780 1918 5837 ib

2032 5782 2084 5840 9.
2121 5784 2208 5817 ~u
2247 5784 2372 5841 Ose.
2403 5801 2475 5852 ι,
2511 5786 2731 5859 14,15;
2774 5804 2857 5860 ιι,
2890 5789 2942 5845 ί.
