  <div class='ocr_page' id='page_1' title='image "/cluster/home/n/w/nwhite01/storage/ocr_20150623/22/nnc1.0046978372/354.png"; bbox 0 0 3836 6220; ppageno 0'>
   <div class='ocr_carea' id='block_1_1' title="bbox 126 380 241 437">
    <p class='ocr_par' dir='ltr' id='par_1_1' title="bbox 126 380 241 437">
     <span class='ocr_line' id='line_1_1' title="bbox 126 380 241 437; baseline -0.009 0"><span class='ocrx_word' id='word_1_1' title='bbox 126 380 241 437; x_wconf 68' lang='grc' dir='ltr'><strong>εδδ</strong></span> 
     </span>
    </p>
   </div>
   <div class='ocr_carea' id='block_1_2' title="bbox 1013 369 2506 433">
    <p class='ocr_par' dir='ltr' id='par_1_2' title="bbox 1013 369 2506 433">
     <span class='ocr_line' id='line_1_2' title="bbox 1013 369 2506 433; baseline -0.003 0"><span class='ocrx_word' id='word_1_2' title='bbox 1013 372 1672 433; x_wconf 75' lang='lat' dir='ltr'><strong>DEMONSTBATIONIS</strong></span> <span class='ocrx_word' id='word_1_3' title='bbox 1718 369 2176 428; x_wconf 57' lang='lat' dir='ltr'><strong>EVANGELICIE</strong></span> <span class='ocrx_word' id='word_1_4' title='bbox 2225 370 2350 426; x_wconf 82' lang='lat' dir='ltr'><strong>LIB.</strong></span> <span class='ocrx_word' id='word_1_5' title='bbox 2417 371 2506 428; x_wconf 67' lang='lat' dir='ltr'><strong>IX.</strong></span> 
     </span>
    </p>
   </div>
   <div class='ocr_carea' id='block_1_3' title="bbox 3292 380 3395 436">
    <p class='ocr_par' dir='ltr' id='par_1_3' title="bbox 3292 380 3395 436">
     <span class='ocr_line' id='line_1_3' title="bbox 3292 380 3395 436; baseline 0 0"><span class='ocrx_word' id='word_1_6' title='bbox 3292 380 3395 436; x_wconf 79' lang='lat'><strong>666</strong></span> 
     </span>
    </p>
   </div>
   <div class='ocr_carea' id='block_1_4' title="bbox 124 490 1729 570">
    <p class='ocr_par' dir='ltr' id='par_1_4' title="bbox 124 492 1716 570">
     <span class='ocr_line' id='line_1_4' title="bbox 124 492 1716 570; baseline -0.004 -19"><span class='ocrx_word' id='word_1_7' title='bbox 124 497 396 569; x_wconf 84' lang='grc' dir='ltr'>κονομίας</span> <span class='ocrx_word' id='word_1_8' title='bbox 421 497 513 551; x_wconf 69' lang='grc' dir='ltr'><strong>ἐπὶ</strong></span> <span class='ocrx_word' id='word_1_9' title='bbox 547 496 738 568; x_wconf 77' lang='grc' dir='ltr'>καιροῦ</span> <span class='ocrx_word' id='word_1_10' title='bbox 766 496 859 550; x_wconf 80' lang='grc' dir='ltr'><strong>τοῦ</strong></span> <span class='ocrx_word' id='word_1_11' title='bbox 884 498 1251 570; x_wconf 80' lang='grc' dir='ltr'>προσήκοντος</span> <span class='ocrx_word' id='word_1_12' title='bbox 1274 495 1387 549; x_wconf 87' lang='grc' dir='ltr'>τῶν</span> <span class='ocrx_word' id='word_1_13' title='bbox 1406 495 1506 565; x_wconf 84' lang='grc' dir='ltr'>τῆς</span> <span class='ocrx_word' id='word_1_14' title='bbox 1527 492 1716 563; x_wconf 86' lang='grc' dir='ltr'>θεότη-</span> 
     </span>
    </p>
   </div>
   <div class='ocr_carea' id='block_1_5' title="bbox 1804 490 3397 570">
    <p class='ocr_par' dir='ltr' id='par_1_5' title="bbox 1823 490 3397 563">
     <span class='ocr_line' id='line_1_5' title="bbox 1823 490 3397 563; baseline 0.007 -20"><span class='ocrx_word' id='word_1_15' title='bbox 1823 504 1945 543; x_wconf 88' lang='lat' dir='ltr'><strong>rum</strong></span> <span class='ocrx_word' id='word_1_16' title='bbox 1975 492 2119 544; x_wconf 87' lang='lat' dir='ltr'><strong>enim</strong></span> <span class='ocrx_word' id='word_1_17' title='bbox 2176 490 2573 560; x_wconf 71' lang='lat' dir='ltr'><strong>praestantioris</strong></span> <span class='ocrx_word' id='word_1_18' title='bbox 2628 490 2917 560; x_wconf 72' lang='lat' dir='ltr'><strong>Cuiusdam</strong></span> <span class='ocrx_word' id='word_1_19' title='bbox 2974 492 3397 563; x_wconf 68' lang='lat' dir='ltr'><strong>dispensationis</strong></span> 
     </span>
    </p>
   </div>
   <div class='ocr_carea' id='block_1_6' title="bbox 125 580 1716 659">
    <p class='ocr_par' dir='ltr' id='par_1_6' title="bbox 125 580 1716 659">
     <span class='ocr_line' id='line_1_6' title="bbox 125 580 1716 659; baseline -0.006 -16"><span class='ocrx_word' id='word_1_20' title='bbox 125 607 223 653; x_wconf 86' lang='grc' dir='ltr'><strong>τος</strong></span> <span class='ocrx_word' id='word_1_21' title='bbox 255 587 608 659; x_wconf 75' lang='grc' dir='ltr'>ἀπάρξασθαι</span> <span class='ocrx_word' id='word_1_22' title='bbox 629 587 942 659; x_wconf 82' lang='grc' dir='ltr'><strong>θαυμάτων,</strong></span> <span class='ocrx_word' id='word_1_23' title='bbox 1044 605 1108 656; x_wconf 89' lang='grc' dir='ltr'><strong>γε</strong></span> <span class='ocrx_word' id='word_1_24' title='bbox 1136 587 1224 641; x_wconf 80' lang='grc' dir='ltr'>διὰ</span> <span class='ocrx_word' id='word_1_25' title='bbox 1256 585 1456 648; x_wconf 83' lang='grc' dir='ltr'>παντὸς</span> <span class='ocrx_word' id='word_1_26' title='bbox 1479 583 1572 637; x_wconf 85' lang='grc' dir='ltr'>τοῦ</span> <span class='ocrx_word' id='word_1_27' title='bbox 1601 582 1716 653; x_wconf 88' lang='grc' dir='ltr'>βίου</span> 
     </span>
    </p>
   </div>
   <div class='ocr_carea' id='block_1_7' title="bbox 122 675 1717 752">
    <p class='ocr_par' dir='ltr' id='par_1_7' title="bbox 122 675 1717 752">
     <span class='ocr_line' id='line_1_7' title="bbox 122 675 1717 752; baseline -0.004 -19"><span class='ocrx_word' id='word_1_28' title='bbox 122 682 189 734; x_wconf 70' lang='grc' dir='ltr'><strong>τὸ</strong></span> <span class='ocrx_word' id='word_1_29' title='bbox 244 682 421 752; x_wconf 80' lang='grc' dir='ltr'>πρᾶον</span> <span class='ocrx_word' id='word_1_30' title='bbox 462 680 556 733; x_wconf 71' lang='grc' dir='ltr'>καὶ</span> <span class='ocrx_word' id='word_1_31' title='bbox 597 679 915 744; x_wconf 81' lang='grc' dir='ltr'>ἀνεξίκακον</span> <span class='ocrx_word' id='word_1_32' title='bbox 964 679 1403 752; x_wconf 79' lang='grc' dir='ltr'><strong>μεμαρτύρηται,</strong></span> <span class='ocrx_word' id='word_1_33' title='bbox 1446 675 1717 748; x_wconf 77' lang='grc' dir='ltr'>προχείρῳ</span> 
     </span>
    </p>
   </div>
   <div class='ocr_carea' id='block_1_8' title="bbox 127 768 1715 843">
    <p class='ocr_par' dir='ltr' id='par_1_8' title="bbox 127 768 1715 843">
     <span class='ocr_line' id='line_1_8' title="bbox 127 768 1715 843; baseline -0.004 -17"><span class='ocrx_word' id='word_1_34' title='bbox 127 773 236 843; x_wconf 87' lang='grc' dir='ltr'><strong>μὲν</strong></span> <span class='ocrx_word' id='word_1_35' title='bbox 267 774 347 836; x_wconf 79' lang='grc' dir='ltr'>εἰς</span> <span class='ocrx_word' id='word_1_36' title='bbox 378 771 477 836; x_wconf 83' lang='grc' dir='ltr'>τὰς</span> <span class='ocrx_word' id='word_1_37' title='bbox 518 771 766 836; x_wconf 77' lang='grc' dir='ltr'><strong>εὐποιίας</strong></span> <span class='ocrx_word' id='word_1_38' title='bbox 801 774 893 826; x_wconf 77' lang='grc' dir='ltr'><strong>καὶ</strong></span> <span class='ocrx_word' id='word_1_39' title='bbox 932 772 1030 835; x_wconf 82' lang='grc' dir='ltr'>τὰς</span> <span class='ocrx_word' id='word_1_40' title='bbox 1065 771 1249 835; x_wconf 81' lang='grc' dir='ltr'>κοινὰς</span> <span class='ocrx_word' id='word_1_41' title='bbox 1277 768 1593 840; x_wconf 73' lang='grc' dir='ltr'>εὐεργεσίας</span> <span class='ocrx_word' id='word_1_42' title='bbox 1620 785 1715 836; x_wconf 79' lang='grc' dir='ltr'>γε·-</span> 
     </span>
    </p>
   </div>
   <div class='ocr_carea' id='block_1_9' title="bbox 122 864 1712 936">
    <p class='ocr_par' dir='ltr' id='par_1_9' title="bbox 122 864 1712 936">
     <span class='ocr_line' id='line_1_9' title="bbox 122 864 1712 936; baseline -0.001 -20"><span class='ocrx_word' id='word_1_43' title='bbox 122 865 365 935; x_wconf 86' lang='grc' dir='ltr'>νομένῳ,</span> <span class='ocrx_word' id='word_1_44' title='bbox 405 865 609 935; x_wconf 80' lang='grc' dir='ltr'><strong>μηδένα</strong></span> <span class='ocrx_word' id='word_1_45' title='bbox 650 865 706 918; x_wconf 80' lang='grc' dir='ltr'>δὲ</span> <span class='ocrx_word' id='word_1_46' title='bbox 749 864 857 918; x_wconf 82' lang='grc' dir='ltr'><strong>τῶν</strong></span> <span class='ocrx_word' id='word_1_47' title='bbox 903 864 977 936; x_wconf 85' lang='grc' dir='ltr'>μὴ</span> <span class='ocrx_word' id='word_1_48' title='bbox 1026 866 1331 919; x_wconf 79' lang='grc' dir='ltr'>ἀκουόντων</span> <span class='ocrx_word' id='word_1_49' title='bbox 1368 864 1712 935; x_wconf 81' lang='grc' dir='ltr'>ἀμυνομένῳ,</span> 
     </span>
    </p>
   </div>
   <div class='ocr_carea' id='block_1_10' title="bbox 126 955 1714 1030">
    <p class='ocr_par' dir='ltr' id='par_1_10' title="bbox 126 955 1714 1030">
     <span class='ocr_line' id='line_1_10' title="bbox 126 955 1714 1030; baseline -0.004 -17"><span class='ocrx_word' id='word_1_50' title='bbox 126 959 273 1029; x_wconf 76' lang='grc' dir='ltr'>μηδὲ</span> <span class='ocrx_word' id='word_1_51' title='bbox 321 958 409 1012; x_wconf 80' lang='grc' dir='ltr'>ὅτε</span> <span class='ocrx_word' id='word_1_52' title='bbox 451 958 528 1023; x_wconf 84' lang='grc' dir='ltr'>ὡς</span> <span class='ocrx_word' id='word_1_53' title='bbox 575 958 847 1030; x_wconf 77' lang='grc' dir='ltr'>πρόϐατον</span> <span class='ocrx_word' id='word_1_54' title='bbox 893 959 986 1011; x_wconf 77' lang='grc' dir='ltr'>ἐπὶ</span> <span class='ocrx_word' id='word_1_55' title='bbox 1032 956 1248 1028; x_wconf 79' lang='grc' dir='ltr'>σφαγὴν</span> <span class='ocrx_word' id='word_1_56' title='bbox 1287 956 1471 1026; x_wconf 75' lang='grc' dir='ltr'>ἡγετο,</span> <span class='ocrx_word' id='word_1_57' title='bbox 1503 956 1597 1007; x_wconf 76' lang='grc' dir='ltr'><strong>καὶ</strong></span> <span class='ocrx_word' id='word_1_58' title='bbox 1639 955 1714 1018; x_wconf 80' lang='grc' dir='ltr'>ὡς</span> 
     </span>
    </p>
   </div>
   <div class='ocr_carea' id='block_1_11' title="bbox 120 1041 1714 1123">
    <p class='ocr_par' dir='ltr' id='par_1_11' title="bbox 120 1041 1714 1123">
     <span class='ocr_line' id='line_1_11' title="bbox 120 1041 1714 1123; baseline -0.001 -20"><span class='ocrx_word' id='word_1_59' title='bbox 120 1051 305 1121; x_wconf 81' lang='grc' dir='ltr'>ἀμνὸς</span> <span class='ocrx_word' id='word_1_60' title='bbox 331 1050 569 1104; x_wconf 78' lang='grc' dir='ltr'>ἐναντίον</span> <span class='ocrx_word' id='word_1_61' title='bbox 609 1050 701 1103; x_wconf 84' lang='grc' dir='ltr'>τοῦ</span> <span class='ocrx_word' id='word_1_62' title='bbox 735 1051 1005 1123; x_wconf 85' lang='grc' dir='ltr'>κείροντος</span> <span class='ocrx_word' id='word_1_63' title='bbox 1027 1050 1260 1118; x_wconf 81' lang='grc' dir='ltr'>ἄφωνος.</span> <span class='ocrx_word' id='word_1_64' title='bbox 1292 1046 1417 1111; x_wconf 85' lang='grc' dir='ltr'><strong>Πῶς</strong></span> <span class='ocrx_word' id='word_1_65' title='bbox 1446 1041 1539 1100; x_wconf 80' lang='grc' dir='ltr'><strong>οὖν</strong></span> <span class='ocrx_word' id='word_1_66' title='bbox 1568 1048 1714 1112; x_wconf 73' lang='grc' dir='ltr'>εἰκὸς</span> 
     </span>
    </p>
   </div>
   <div class='ocr_carea' id='block_1_12' title="bbox 119 1138 1712 1213">
    <p class='ocr_par' dir='ltr' id='par_1_12' title="bbox 119 1138 1712 1213">
     <span class='ocr_line' id='line_1_12' title="bbox 119 1138 1712 1213; baseline -0.002 -17"><span class='ocrx_word' id='word_1_67' title='bbox 119 1138 193 1213; x_wconf 79' lang='grc' dir='ltr'>ἦν</span> <span class='ocrx_word' id='word_1_68' title='bbox 219 1142 317 1195; x_wconf 76' lang='grc' dir='ltr'><strong>τὸν</strong></span> <span class='ocrx_word' id='word_1_69' title='bbox 350 1140 589 1197; x_wconf 72' lang='grc' dir='ltr'>τοιοῦτον</span> <span class='ocrx_word' id='word_1_70' title='bbox 612 1143 720 1197; x_wconf 87' lang='grc' dir='ltr'>δεῖν</span> <span class='ocrx_word' id='word_1_71' title='bbox 753 1144 809 1195; x_wconf 79' lang='grc' dir='ltr'>ὲν</span> <span class='ocrx_word' id='word_1_72' title='bbox 846 1142 1044 1213; x_wconf 79' lang='grc' dir='ltr'>παιδίῳ</span> <span class='ocrx_word' id='word_1_73' title='bbox 1086 1141 1160 1212; x_wconf 85' lang='grc' dir='ltr'>μὴ</span> <span class='ocrx_word' id='word_1_74' title='bbox 1206 1142 1328 1211; x_wconf 78' lang='grc' dir='ltr'><strong>ούχὶ</strong></span> <span class='ocrx_word' id='word_1_75' title='bbox 1357 1140 1712 1212; x_wconf 80' lang='grc' dir='ltr'>ὑποχωρῆσαι</span> 
     </span>
    </p>
   </div>
   <div class='ocr_carea' id='block_1_13' title="bbox 118 1228 1711 1307">
    <p class='ocr_par' dir='ltr' id='par_1_13' title="bbox 118 1228 1711 1307">
     <span class='ocr_line' id='line_1_13' title="bbox 118 1228 1711 1307; baseline -0.001 -22"><span class='ocrx_word' id='word_1_76' title='bbox 118 1235 189 1305; x_wconf 79' lang='grc' dir='ltr'>τῇ</span> <span class='ocrx_word' id='word_1_77' title='bbox 227 1233 325 1288; x_wconf 77' lang='grc' dir='ltr'>τοῦ</span> <span class='ocrx_word' id='word_1_78' title='bbox 367 1233 605 1306; x_wconf 84' lang='grc' dir='ltr'>Ἡρώδου</span> <span class='ocrx_word' id='word_1_79' title='bbox 636 1234 824 1307; x_wconf 75' lang='grc' dir='ltr'>κακίᾳ,</span> <span class='ocrx_word' id='word_1_80' title='bbox 852 1228 897 1302; x_wconf 83' lang='grc' dir='ltr'>ᾧ</span> <span class='ocrx_word' id='word_1_81' title='bbox 929 1235 1023 1288; x_wconf 72' lang='grc' dir='ltr'><strong>καὶ</strong></span> <span class='ocrx_word' id='word_1_82' title='bbox 1047 1236 1103 1287; x_wconf 79' lang='grc' dir='ltr'>ὲν</span> <span class='ocrx_word' id='word_1_83' title='bbox 1134 1233 1288 1304; x_wconf 72' lang='grc' dir='ltr'>ἀνδρὶ</span> <span class='ocrx_word' id='word_1_84' title='bbox 1316 1232 1378 1285; x_wconf 83' lang='grc' dir='ltr'><strong>τὸ</strong></span> <span class='ocrx_word' id='word_1_85' title='bbox 1410 1234 1711 1303; x_wconf 82' lang='grc' dir='ltr'>ἀναχωρεῖν</span> 
     </span>
    </p>
   </div>
   <div class='ocr_carea' id='block_1_14' title="bbox 120 1323 1713 1399">
    <p class='ocr_par' dir='ltr' id='par_1_14' title="bbox 120 1323 1713 1399">
     <span class='ocr_line' id='line_1_14' title="bbox 120 1323 1713 1399; baseline -0.003 -20"><span class='ocrx_word' id='word_1_86' title='bbox 120 1328 220 1380; x_wconf 71' lang='grc' dir='ltr'><strong>καὶ</strong></span> <span class='ocrx_word' id='word_1_87' title='bbox 254 1329 682 1399; x_wconf 76' lang='grc' dir='ltr'>τοὺς.πονηροὺς</span> <span class='ocrx_word' id='word_1_88' title='bbox 709 1326 977 1380; x_wconf 76' lang='grc' dir='ltr'>ἐκκλίνειν</span> <span class='ocrx_word' id='word_1_89' title='bbox 1015 1325 1453 1397; x_wconf 77' lang='grc' dir='ltr'>μεμαρτύρηται,</span> <span class='ocrx_word' id='word_1_90' title='bbox 1484 1323 1713 1395; x_wconf 79' lang='grc' dir='ltr'>ἐπικρύ-</span> 
     </span>
    </p>
   </div>
   <div class='ocr_carea' id='block_1_15' title="bbox 119 1416 1709 1488">
    <p class='ocr_par' dir='ltr' id='par_1_15' title="bbox 119 1416 1709 1488">
     <span class='ocr_line' id='line_1_15' title="bbox 119 1416 1709 1488; baseline -0.001 -17"><span class='ocrx_word' id='word_1_91' title='bbox 119 1419 359 1472; x_wconf 70' lang='grc' dir='ltr'>πτεσθαι</span> <span class='ocrx_word' id='word_1_92' title='bbox 406 1437 466 1472; x_wconf 89' lang='grc' dir='ltr'><strong>τε</strong></span> <span class='ocrx_word' id='word_1_93' title='bbox 508 1421 599 1473; x_wconf 72' lang='grc' dir='ltr'><strong>καὶ</strong></span> <span class='ocrx_word' id='word_1_94' title='bbox 645 1417 973 1488; x_wconf 72' lang='grc' dir='ltr'>ὑποφεύγειν</span> <span class='ocrx_word' id='word_1_95' title='bbox 1003 1418 1094 1472; x_wconf 83' lang='grc' dir='ltr'><strong>τὸν</strong></span> <span class='ocrx_word' id='word_1_96' title='bbox 1132 1418 1223 1470; x_wconf 77' lang='grc' dir='ltr'><strong>ἐπὶ</strong></span> <span class='ocrx_word' id='word_1_97' title='bbox 1253 1421 1371 1482; x_wconf 85' lang='grc' dir='ltr'>ταῖς</span> <span class='ocrx_word' id='word_1_98' title='bbox 1410 1416 1709 1487; x_wconf 79' lang='grc' dir='ltr'>παραδοξο-</span> 
     </span>
    </p>
   </div>
   <div class='ocr_carea' id='block_1_16' title="bbox 119 1508 1709 1584">
    <p class='ocr_par' dir='ltr' id='par_1_16' title="bbox 119 1508 1709 1584">
     <span class='ocr_line' id='line_1_16' title="bbox 119 1508 1709 1584; baseline -0.001 -20"><span class='ocrx_word' id='word_1_99' title='bbox 119 1511 335 1575; x_wconf 84' lang='grc' dir='ltr'>ποιίαις</span> <span class='ocrx_word' id='word_1_100' title='bbox 357 1510 604 1579; x_wconf 76' lang='grc' dir='ltr'>ἓπαινον;</span> <span class='ocrx_word' id='word_1_101' title='bbox 650 1510 883 1584; x_wconf 80' lang='grc' dir='ltr'>παρῄνει</span> <span class='ocrx_word' id='word_1_102' title='bbox 921 1511 1053 1579; x_wconf 78' lang='grc' dir='ltr'>γοῦν</span> <span class='ocrx_word' id='word_1_103' title='bbox 1087 1514 1198 1574; x_wconf 82' lang='grc' dir='ltr'>τοῖς</span> <span class='ocrx_word' id='word_1_104' title='bbox 1230 1512 1321 1564; x_wconf 84' lang='grc' dir='ltr'>ὑπ’</span> <span class='ocrx_word' id='word_1_105' title='bbox 1354 1508 1516 1563; x_wconf 77' lang='grc' dir='ltr'>αὐτοῦ</span> <span class='ocrx_word' id='word_1_106' title='bbox 1546 1510 1709 1580; x_wconf 88' lang='grc' dir='ltr'>θερα-</span> 
     </span>
    </p>
   </div>
   <div class='ocr_carea' id='block_1_17' title="bbox 118 1601 1711 1674">
    <p class='ocr_par' dir='ltr' id='par_1_17' title="bbox 118 1601 1711 1674">
     <span class='ocr_line' id='line_1_17' title="bbox 118 1601 1711 1674; baseline -0.002 -19"><span class='ocrx_word' id='word_1_107' title='bbox 118 1602 450 1672; x_wconf 86' lang='grc' dir='ltr'>πευομένοις</span> <span class='ocrx_word' id='word_1_108' title='bbox 479 1601 663 1674; x_wconf 81' lang='grc' dir='ltr'>μηδενὶ</span> <span class='ocrx_word' id='word_1_109' title='bbox 689 1601 886 1671; x_wconf 85' lang='grc' dir='ltr'>λέγειν.</span> <span class='ocrx_word' id='word_1_110' title='bbox 923 1602 986 1654; x_wconf 85' lang='grc' dir='ltr'><strong>Εἰ</strong></span> <span class='ocrx_word' id='word_1_111' title='bbox 1011 1602 1054 1655; x_wconf 83' lang='grc' dir='ltr'>δ’</span> <span class='ocrx_word' id='word_1_112' title='bbox 1077 1604 1168 1655; x_wconf 76' lang='grc' dir='ltr'>ἐπὶ</span> <span class='ocrx_word' id='word_1_113' title='bbox 1188 1601 1279 1654; x_wconf 79' lang='grc' dir='ltr'><strong>τὸν</strong></span> <span class='ocrx_word' id='word_1_114' title='bbox 1306 1601 1435 1655; x_wconf 77' lang='grc' dir='ltr'>λαὸν</span> <span class='ocrx_word' id='word_1_115' title='bbox 1452 1602 1553 1672; x_wconf 84' lang='grc' dir='ltr'>τὴν</span> <span class='ocrx_word' id='word_1_116' title='bbox 1579 1617 1711 1670; x_wconf 89' lang='grc' dir='ltr'>προ-</span> 
     </span>
    </p>
   </div>
   <div class='ocr_carea' id='block_1_18' title="bbox 118 1690 1710 1764">
    <p class='ocr_par' dir='ltr' id='par_1_18' title="bbox 118 1690 1710 1764">
     <span class='ocr_line' id='line_1_18' title="bbox 118 1690 1710 1764; baseline 0 -21"><span class='ocrx_word' id='word_1_117' title='bbox 118 1691 357 1761; x_wconf 82' lang='grc' dir='ltr'>φητείαν</span> <span class='ocrx_word' id='word_1_118' title='bbox 388 1692 645 1764; x_wconf 81' lang='grc' dir='ltr'>ἀναφέροι</span> <span class='ocrx_word' id='word_1_119' title='bbox 679 1704 781 1757; x_wconf 86' lang='grc' dir='ltr'>τις,</span> <span class='ocrx_word' id='word_1_120' title='bbox 814 1692 1038 1763; x_wconf 78' lang='grc' dir='ltr'>φάσκων</span> <span class='ocrx_word' id='word_1_121' title='bbox 1070 1690 1197 1763; x_wconf 68' lang='grc' dir='ltr'>περὶ</span> <span class='ocrx_word' id='word_1_122' title='bbox 1242 1690 1335 1744; x_wconf 79' lang='grc' dir='ltr'><strong>τοῦ</strong></span> <span class='ocrx_word' id='word_1_123' title='bbox 1363 1693 1427 1743; x_wconf 77' lang='grc' dir='ltr'>ἐκ</span> <span class='ocrx_word' id='word_1_124' title='bbox 1462 1691 1710 1761; x_wconf 86' lang='grc' dir='ltr'>σπέρμα-</span> 
     </span>
    </p>
   </div>
   <div class='ocr_carea' id='block_1_19' title="bbox 114 1780 1705 1855">
    <p class='ocr_par' dir='ltr' id='par_1_19' title="bbox 114 1780 1705 1855">
     <span class='ocr_line' id='line_1_19' title="bbox 114 1780 1705 1855; baseline -0.001 -19"><span class='ocrx_word' id='word_1_125' title='bbox 114 1800 213 1847; x_wconf 86' lang='grc' dir='ltr'><strong>τος</strong></span> <span class='ocrx_word' id='word_1_126' title='bbox 264 1782 363 1836; x_wconf 77' lang='grc' dir='ltr'>τοῦ</span> <span class='ocrx_word' id='word_1_127' title='bbox 397 1783 611 1855; x_wconf 83' lang='grc' dir='ltr'>Ἰσραὴλ</span> <span class='ocrx_word' id='word_1_128' title='bbox 660 1782 788 1839; x_wconf 87' lang='grc' dir='ltr'><strong>λαοῦ</strong></span> <span class='ocrx_word' id='word_1_129' title='bbox 837 1782 1104 1855; x_wconf 77' lang='grc' dir='ltr'>εἰρῆσθαι,</span> <span class='ocrx_word' id='word_1_130' title='bbox 1136 1783 1484 1854; x_wconf 75' lang='grc' dir='ltr'>ἐπιστησάτω</span> <span class='ocrx_word' id='word_1_131' title='bbox 1512 1785 1576 1853; x_wconf 84' lang='grc' dir='ltr'>τῇ</span> <span class='ocrx_word' id='word_1_132' title='bbox 1611 1780 1705 1835; x_wconf 81' lang='grc' dir='ltr'>τοῦ</span> 
     </span>
    </p>
   </div>
   <div class='ocr_carea' id='block_1_20' title="bbox 1820 582 3396 659">
    <p class='ocr_par' dir='ltr' id='par_1_20' title="bbox 1820 582 3396 659">
     <span class='ocr_line' id='line_1_20' title="bbox 1820 582 3396 659; baseline 0.005 -22"><span class='ocrx_word' id='word_1_133' title='bbox 1820 599 1883 637; x_wconf 80' lang='lat' dir='ltr'><strong>ac</strong></span> <span class='ocrx_word' id='word_1_134' title='bbox 1903 583 2186 645; x_wconf 62' lang='lat' dir='ltr'><strong>sapientia:</strong></span> <span class='ocrx_word' id='word_1_135' title='bbox 2222 582 2349 646; x_wconf 79' lang='lat' dir='ltr'><strong>fuit,</strong></span> <span class='ocrx_word' id='word_1_136' title='bbox 2379 598 2480 638; x_wconf 92' lang='lat' dir='ltr'><strong>suo</strong></span> <span class='ocrx_word' id='word_1_137' title='bbox 2516 591 2681 653; x_wconf 88' lang='lat' dir='ltr'><strong>atque</strong></span> <span class='ocrx_word' id='word_1_138' title='bbox 2709 586 3122 641; x_wconf 89' lang='lat' dir='ltr'><strong>accommodato</strong></span> <span class='ocrx_word' id='word_1_139' title='bbox 3152 595 3396 659; x_wconf 86' lang='lat' dir='ltr'><strong>tempore</strong></span> 
     </span>
    </p>
   </div>
   <div class='ocr_carea' id='block_1_21' title="bbox 1817 675 3396 749">
    <p class='ocr_par' dir='ltr' id='par_1_21' title="bbox 1817 675 3396 749">
     <span class='ocr_line' id='line_1_21' title="bbox 1817 675 3396 749; baseline 0.004 -21"><span class='ocrx_word' id='word_1_140' title='bbox 1817 675 2231 740; x_wconf 82' lang='lat' dir='ltr'><strong>miraculorum,</strong></span> <span class='ocrx_word' id='word_1_141' title='bbox 2266 688 2388 746; x_wconf 59' lang='lat' dir='ltr'><strong>quae</strong></span> <span class='ocrx_word' id='word_1_142' title='bbox 2438 677 2505 731; x_wconf 84' lang='lat' dir='ltr'><strong>ad</strong></span> <span class='ocrx_word' id='word_1_143' title='bbox 2563 677 2903 732; x_wconf 82' lang='lat' dir='ltr'><strong>divinitatem</strong></span> <span class='ocrx_word' id='word_1_144' title='bbox 2964 680 3255 749; x_wconf 86' lang='lat' dir='ltr'><strong>pertinent.</strong></span> <span class='ocrx_word' id='word_1_145' title='bbox 3299 683 3396 737; x_wconf 88' lang='lat' dir='ltr'><strong>ini-</strong></span> 
     </span>
    </p>
   </div>
   <div class='ocr_carea' id='block_1_22' title="bbox 1817 765 3395 826">
    <p class='ocr_par' dir='ltr' id='par_1_22' title="bbox 1817 765 3395 826">
     <span class='ocr_line' id='line_1_22' title="bbox 1817 765 3395 826; baseline 0.006 -9"><span class='ocrx_word' id='word_1_146' title='bbox 1817 765 1953 817; x_wconf 85' lang='lat' dir='ltr'><strong>tium</strong></span> <span class='ocrx_word' id='word_1_147' title='bbox 1982 765 2162 820; x_wconf 79' lang='lat' dir='ltr'><strong>facere</strong></span> <span class='ocrx_word' id='word_1_148' title='bbox 2183 780 2307 820; x_wconf 76' lang='lat' dir='ltr'><strong>eum</strong></span> <span class='ocrx_word' id='word_1_149' title='bbox 2338 767 2428 820; x_wconf 88' lang='lat' dir='ltr'><strong>cui</strong></span> <span class='ocrx_word' id='word_1_150' title='bbox 2482 766 2535 819; x_wconf 82' lang='lat' dir='ltr'><strong>in</strong></span> <span class='ocrx_word' id='word_1_151' title='bbox 2573 774 2686 820; x_wconf 84' lang='lat' dir='ltr'><strong>tota</strong></span> <span class='ocrx_word' id='word_1_152' title='bbox 2718 768 2827 820; x_wconf 89' lang='lat' dir='ltr'><strong>vita</strong></span> <span class='ocrx_word' id='word_1_153' title='bbox 2858 771 3301 826; x_wconf 70' lang='lat' dir='ltr'><strong>mansuetudinis</strong></span> <span class='ocrx_word' id='word_1_154' title='bbox 3340 781 3395 826; x_wconf 91' lang='lat' dir='ltr'><strong>et</strong></span> 
     </span>
    </p>
   </div>
   <div class='ocr_carea' id='block_1_23' title="bbox 1816 856 3394 932">
    <p class='ocr_par' dir='ltr' id='par_1_23' title="bbox 1816 856 3394 932">
     <span class='ocr_line' id='line_1_23' title="bbox 1816 856 3394 932; baseline 0.006 -23"><span class='ocrx_word' id='word_1_155' title='bbox 1816 856 2117 911; x_wconf 63' lang='lat' dir='ltr'><strong>clementiae</strong></span> <span class='ocrx_word' id='word_1_156' title='bbox 2162 858 2534 912; x_wconf 84' lang='lat' dir='ltr'><strong>testimonium</strong></span> <span class='ocrx_word' id='word_1_157' title='bbox 2595 858 2869 913; x_wconf 76' lang='lat' dir='ltr'><strong>redditum</strong></span> <span class='ocrx_word' id='word_1_158' title='bbox 2927 868 3032 925; x_wconf 87' lang='lat' dir='ltr'><strong>est,</strong></span> <span class='ocrx_word' id='word_1_159' title='bbox 3075 864 3280 932; x_wconf 81' lang='lat' dir='ltr'><strong>quique</strong></span> <span class='ocrx_word' id='word_1_160' title='bbox 3329 866 3394 919; x_wconf 89' lang='lat' dir='ltr'><strong>ad</strong></span> 
     </span>
    </p>
   </div>
   <div class='ocr_carea' id='block_1_24' title="bbox 1815 949 3396 1025">
    <p class='ocr_par' dir='ltr' id='par_1_24' title="bbox 1815 949 3396 1025">
     <span class='ocr_line' id='line_1_24' title="bbox 1815 949 3396 1025; baseline 0.006 -24"><span class='ocrx_word' id='word_1_161' title='bbox 1815 949 2260 1018; x_wconf 78' lang='lat' dir='ltr'><strong>promerendam,</strong></span> <span class='ocrx_word' id='word_1_162' title='bbox 2294 957 2457 1019; x_wconf 73' lang='lat' dir='ltr'><strong>atque</strong></span> <span class='ocrx_word' id='word_1_163' title='bbox 2511 950 2579 1003; x_wconf 87' lang='lat' dir='ltr'><strong>ad</strong></span> <span class='ocrx_word' id='word_1_164' title='bbox 2614 952 2929 1006; x_wconf 86' lang='lat' dir='ltr'><strong>communia</strong></span> <span class='ocrx_word' id='word_1_165' title='bbox 2960 953 3132 1007; x_wconf 70' lang='lat' dir='ltr'><strong>cilicia</strong></span> <span class='ocrx_word' id='word_1_166' title='bbox 3162 954 3396 1025; x_wconf 80' lang='lat' dir='ltr'><strong>fungen-</strong></span> 
     </span>
    </p>
   </div>
   <div class='ocr_carea' id='block_1_25' title="bbox 1814 1039 3394 1113">
    <p class='ocr_par' dir='ltr' id='par_1_25' title="bbox 1814 1039 3394 1113">
     <span class='ocr_line' id='line_1_25' title="bbox 1814 1039 3394 1113; baseline 0.003 -18"><span class='ocrx_word' id='word_1_167' title='bbox 1814 1040 1884 1095; x_wconf 86' lang='lat' dir='ltr'><strong>da</strong></span> <span class='ocrx_word' id='word_1_168' title='bbox 1914 1054 2220 1110; x_wconf 78' lang='lat' dir='ltr'><strong>propensus</strong></span> <span class='ocrx_word' id='word_1_169' title='bbox 2247 1040 2477 1104; x_wconf 80' lang='lat' dir='ltr'><strong>exstitit,</strong></span> <span class='ocrx_word' id='word_1_170' title='bbox 2504 1054 2607 1095; x_wconf 86' lang='lat' dir='ltr'><strong>nec</strong></span> <span class='ocrx_word' id='word_1_171' title='bbox 2659 1041 2897 1112; x_wconf 83' lang='lat' dir='ltr'><strong>aliquem</strong></span> <span class='ocrx_word' id='word_1_172' title='bbox 2932 1039 3173 1113; x_wconf 77' lang='lat' dir='ltr'><strong>unqdam</strong></span> <span class='ocrx_word' id='word_1_173' title='bbox 3205 1060 3394 1100; x_wconf 85' lang='lat' dir='ltr'><strong>eorum</strong></span> 
     </span>
    </p>
   </div>
   <div class='ocr_carea' id='block_1_26' title="bbox 1814 1131 3398 1208">
    <p class='ocr_par' dir='ltr' id='par_1_26' title="bbox 1814 1131 3398 1208">
     <span class='ocr_line' id='line_1_26' title="bbox 1814 1131 3398 1208; baseline 0.004 -23"><span class='ocrx_word' id='word_1_174' title='bbox 1814 1131 1909 1202; x_wconf 85' lang='lat' dir='ltr'><strong>qui</strong></span> <span class='ocrx_word' id='word_1_175' title='bbox 1934 1146 2042 1185; x_wconf 90' lang='lat' dir='ltr'><strong>non</strong></span> <span class='ocrx_word' id='word_1_176' title='bbox 2070 1132 2171 1202; x_wconf 84' lang='lat' dir='ltr'><strong>ipsi</strong></span> <span class='ocrx_word' id='word_1_177' title='bbox 2205 1134 2675 1195; x_wconf 79' lang='lat' dir='ltr'><strong>auscultaverunt,</strong></span> <span class='ocrx_word' id='word_1_178' title='bbox 2705 1135 2855 1190; x_wconf 81' lang='lat' dir='ltr'><strong>ultas</strong></span> <span class='ocrx_word' id='word_1_179' title='bbox 2877 1144 2982 1199; x_wconf 88' lang='lat' dir='ltr'><strong>est,</strong></span> <span class='ocrx_word' id='word_1_180' title='bbox 3015 1150 3086 1191; x_wconf 86' lang='lat' dir='ltr'><strong>ne</strong></span> <span class='ocrx_word' id='word_1_181' title='bbox 3116 1145 3248 1193; x_wconf 83' lang='lat' dir='ltr'><strong>tunc</strong></span> <span class='ocrx_word' id='word_1_182' title='bbox 3273 1139 3398 1208; x_wconf 85' lang='lat' dir='ltr'><strong>qui-</strong></span> 
     </span>
    </p>
   </div>
   <div class='ocr_carea' id='block_1_27' title="bbox 1813 1223 3396 1298">
    <p class='ocr_par' dir='ltr' id='par_1_27' title="bbox 1813 1223 3396 1298">
     <span class='ocr_line' id='line_1_27' title="bbox 1813 1223 3396 1298; baseline 0.004 -21"><span class='ocrx_word' id='word_1_183' title='bbox 1813 1223 1935 1277; x_wconf 81' lang='lat' dir='ltr'><strong>dem</strong></span> <span class='ocrx_word' id='word_1_184' title='bbox 1962 1236 2088 1276; x_wconf 75' lang='lat' dir='ltr'><strong>cum</strong></span> <span class='ocrx_word' id='word_1_185' title='bbox 2120 1229 2180 1276; x_wconf 78' lang='lat' dir='ltr'><strong>ut</strong></span> <span class='ocrx_word' id='word_1_186' title='bbox 2211 1224 2330 1278; x_wconf 86' lang='lat' dir='ltr'><strong>ovis</strong></span> <span class='ocrx_word' id='word_1_187' title='bbox 2378 1224 2447 1279; x_wconf 90' lang='lat' dir='ltr'><strong>ad</strong></span> <span class='ocrx_word' id='word_1_188' title='bbox 2485 1227 2819 1282; x_wconf 77' lang='lat' dir='ltr'><strong>occisionem</strong></span> <span class='ocrx_word' id='word_1_189' title='bbox 2875 1226 3198 1292; x_wconf 71' lang='lat' dir='ltr'><strong>ducebatur,</strong></span> <span class='ocrx_word' id='word_1_190' title='bbox 3232 1238 3396 1298; x_wconf 90' lang='lat' dir='ltr'><strong>atque</strong></span> 
     </span>
    </p>
   </div>
   <div class='ocr_carea' id='block_1_28' title="bbox 1812 1317 3393 1394">
    <p class='ocr_par' dir='ltr' id='par_1_28' title="bbox 1812 1317 3393 1394">
     <span class='ocr_line' id='line_1_28' title="bbox 1812 1317 3393 1394; baseline 0.006 -27"><span class='ocrx_word' id='word_1_191' title='bbox 1812 1322 1873 1367; x_wconf 88' lang='lat' dir='ltr'><strong>ut</strong></span> <span class='ocrx_word' id='word_1_192' title='bbox 1898 1324 2074 1384; x_wconf 75' lang='lat' dir='ltr'><strong>agnas</strong></span> <span class='ocrx_word' id='word_1_193' title='bbox 2104 1328 2288 1368; x_wconf 90' lang='lat' dir='ltr'><strong>coram</strong></span> <span class='ocrx_word' id='word_1_194' title='bbox 2332 1317 2596 1372; x_wconf 85' lang='lat' dir='ltr'><strong>tondente</strong></span> <span class='ocrx_word' id='word_1_195' title='bbox 2627 1333 2686 1373; x_wconf 91' lang='lat' dir='ltr'><strong>se</strong></span> <span class='ocrx_word' id='word_1_196' title='bbox 2714 1359 2727 1380; x_wconf 86' lang='lat'><strong>.</strong></span> <span class='ocrx_word' id='word_1_197' title='bbox 2762 1320 3199 1376; x_wconf 82' lang='lat' dir='ltr'><strong>obmutescebat.</strong></span> <span class='ocrx_word' id='word_1_198' title='bbox 3230 1321 3393 1394; x_wconf 61' lang='grc'><strong>627</strong></span> 
     </span>
    </p>
   </div>
   <div class='ocr_carea' id='block_1_29' title="bbox 1811 1403 3388 1480">
    <p class='ocr_par' dir='ltr' id='par_1_29' title="bbox 1811 1403 3388 1480">
     <span class='ocr_line' id='line_1_29' title="bbox 1811 1403 3388 1480; baseline 0.006 -24"><span class='ocrx_word' id='word_1_199' title='bbox 1811 1403 1916 1470; x_wconf 81' lang='lat' dir='ltr'><strong>Qui</strong></span> <span class='ocrx_word' id='word_1_200' title='bbox 1937 1412 2140 1468; x_wconf 80' lang='lat' dir='ltr'><strong>autem,</strong></span> <span class='ocrx_word' id='word_1_201' title='bbox 2159 1418 2369 1476; x_wconf 66' lang='lat' dir='ltr'><strong>quasso,</strong></span> <span class='ocrx_word' id='word_1_202' title='bbox 2389 1408 2760 1475; x_wconf 79' lang='lat' dir='ltr'><strong>cenvenisset,</strong></span> <span class='ocrx_word' id='word_1_203' title='bbox 2784 1426 2931 1475; x_wconf 89' lang='lat' dir='ltr'><strong>eum,</strong></span> <span class='ocrx_word' id='word_1_204' title='bbox 2961 1411 3054 1480; x_wconf 89' lang='lat' dir='ltr'><strong>qui</strong></span> <span class='ocrx_word' id='word_1_205' title='bbox 3094 1412 3220 1466; x_wconf 90' lang='lat' dir='ltr'><strong>talis</strong></span> <span class='ocrx_word' id='word_1_206' title='bbox 3249 1423 3388 1473; x_wconf 85' lang='lat' dir='ltr'><strong>erat.</strong></span> 
     </span>
    </p>
   </div>
   <div class='ocr_carea' id='block_1_30' title="bbox 1810 1494 3394 1569">
    <p class='ocr_par' dir='ltr' id='par_1_30' title="bbox 1810 1494 3394 1569">
     <span class='ocr_line' id='line_1_30' title="bbox 1810 1494 3394 1569; baseline 0.007 -22"><span class='ocrx_word' id='word_1_207' title='bbox 1810 1506 2041 1563; x_wconf 85' lang='lat' dir='ltr'><strong>puerum</strong></span> <span class='ocrx_word' id='word_1_208' title='bbox 2072 1494 2253 1550; x_wconf 85' lang='lat' dir='ltr'><strong>adhuc</strong></span> <span class='ocrx_word' id='word_1_209' title='bbox 2285 1496 2518 1552; x_wconf 81' lang='lat' dir='ltr'><strong>Herodis</strong></span> <span class='ocrx_word' id='word_1_210' title='bbox 2547 1499 2767 1554; x_wconf 81' lang='lat' dir='ltr'><strong>malitiae</strong></span> <span class='ocrx_word' id='word_1_211' title='bbox 2803 1514 2912 1555; x_wconf 88' lang='lat' dir='ltr'><strong>non</strong></span> <span class='ocrx_word' id='word_1_212' title='bbox 2946 1502 3270 1569; x_wconf 77' lang='lat' dir='ltr'><strong>concedere,</strong></span> <span class='ocrx_word' id='word_1_213' title='bbox 3302 1508 3394 1559; x_wconf 89' lang='lat' dir='ltr'><strong>cui</strong></span> 
     </span>
    </p>
   </div>
   <div class='ocr_carea' id='block_1_31' title="bbox 1810 1586 3395 1660">
    <p class='ocr_par' dir='ltr' id='par_1_31' title="bbox 1810 1586 3395 1660">
     <span class='ocr_line' id='line_1_31' title="bbox 1810 1586 3395 1660; baseline 0.006 -21"><span class='ocrx_word' id='word_1_214' title='bbox 1810 1586 1972 1639; x_wconf 89' lang='lat' dir='ltr'><strong>etiam</strong></span> <span class='ocrx_word' id='word_1_215' title='bbox 2004 1586 2077 1639; x_wconf 85' lang='lat' dir='ltr'><strong>ad</strong></span> <span class='ocrx_word' id='word_1_216' title='bbox 2104 1587 2318 1641; x_wconf 78' lang='lat' dir='ltr'><strong>virilem</strong></span> <span class='ocrx_word' id='word_1_217' title='bbox 2378 1594 2591 1645; x_wconf 66' lang='lat' dir='ltr'><strong>aetatem</strong></span> <span class='ocrx_word' id='word_1_218' title='bbox 2656 1588 2923 1660; x_wconf 72' lang='lat' dir='ltr'><strong>proiecto,</strong></span> <span class='ocrx_word' id='word_1_219' title='bbox 2973 1593 3313 1648; x_wconf 82' lang='lat' dir='ltr'><strong>concedendi</strong></span> <span class='ocrx_word' id='word_1_220' title='bbox 3340 1605 3395 1650; x_wconf 89' lang='lat' dir='ltr'><strong>et</strong></span> 
     </span>
    </p>
   </div>
   <div class='ocr_carea' id='block_1_32' title="bbox 1809 1677 3397 1745">
    <p class='ocr_par' dir='ltr' id='par_1_32' title="bbox 1809 1677 3397 1745">
     <span class='ocr_line' id='line_1_32' title="bbox 1809 1677 3397 1745; baseline 0.008 -17"><span class='ocrx_word' id='word_1_221' title='bbox 1809 1677 2077 1745; x_wconf 84' lang='lat' dir='ltr'><strong>malignos</strong></span> <span class='ocrx_word' id='word_1_222' title='bbox 2129 1678 2466 1743; x_wconf 80' lang='lat' dir='ltr'><strong>declinandi,</strong></span> <span class='ocrx_word' id='word_1_223' title='bbox 2499 1681 2879 1736; x_wconf 85' lang='lat' dir='ltr'><strong>testimonium</strong></span> <span class='ocrx_word' id='word_1_224' title='bbox 2937 1684 3213 1739; x_wconf 81' lang='lat' dir='ltr'><strong>redditum</strong></span> <span class='ocrx_word' id='word_1_225' title='bbox 3267 1687 3397 1741; x_wconf 78' lang='lat' dir='ltr'><strong>est?</strong></span> 
     </span>
    </p>
   </div>
   <div class='ocr_carea' id='block_1_33' title="bbox 1809 1766 3394 1837">
    <p class='ocr_par' dir='ltr' id='par_1_33' title="bbox 1809 1766 3394 1837">
     <span class='ocr_line' id='line_1_33' title="bbox 1809 1766 3394 1837; baseline 0.011 -18"><span class='ocrx_word' id='word_1_226' title='bbox 1809 1766 2013 1837; x_wconf 80' lang='lat' dir='ltr'><strong>quique</strong></span> <span class='ocrx_word' id='word_1_227' title='bbox 2061 1777 2115 1822; x_wconf 88' lang='lat' dir='ltr'><strong>et</strong></span> <span class='ocrx_word' id='word_1_228' title='bbox 2175 1782 2234 1824; x_wconf 87' lang='lat' dir='ltr'><strong>se</strong></span> <span class='ocrx_word' id='word_1_229' title='bbox 2296 1772 2600 1837; x_wconf 86' lang='lat' dir='ltr'><strong>occultare,</strong></span> <span class='ocrx_word' id='word_1_230' title='bbox 2636 1780 2689 1827; x_wconf 84' lang='lat' dir='ltr'><strong>et</strong></span> <span class='ocrx_word' id='word_1_231' title='bbox 2720 1774 2775 1828; x_wconf 92' lang='lat' dir='ltr'><strong>in</strong></span> <span class='ocrx_word' id='word_1_232' title='bbox 2828 1776 3116 1831; x_wconf 79' lang='lat' dir='ltr'><strong>miraculis</strong></span> <span class='ocrx_word' id='word_1_233' title='bbox 3166 1778 3394 1837; x_wconf 79' lang='lat' dir='ltr'><strong>edendis</strong></span> 
     </span>
    </p>
   </div>
   <div class='ocr_carea' id='block_1_34' title="bbox 115 1859 1729 1948">
    <p class='ocr_par' dir='ltr' id='par_1_34' title="bbox 115 1874 1714 1948">
     <span class='ocr_line' id='line_1_34' title="bbox 115 1874 1714 1948; baseline -0.001 -21"><span class='ocrx_word' id='word_1_234' title='bbox 115 1874 285 1943; x_wconf 66' lang='grc' dir='ltr'>λόγου</span> <span class='ocrx_word' id='word_1_235' title='bbox 320 1874 628 1948; x_wconf 77' lang='grc' dir='ltr'>ἀκολουθίᾳ,</span> <span class='ocrx_word' id='word_1_236' title='bbox 659 1876 832 1931; x_wconf 75' lang='grc' dir='ltr'>ταῦτα</span> <span class='ocrx_word' id='word_1_237' title='bbox 878 1874 1094 1929; x_wconf 79' lang='grc' dir='ltr'>ἔσεσθαι</span> <span class='ocrx_word' id='word_1_238' title='bbox 1133 1875 1352 1947; x_wconf 85' lang='grc' dir='ltr'>φησάσῃ</span> <span class='ocrx_word' id='word_1_239' title='bbox 1386 1874 1523 1945; x_wconf 88' lang='grc' dir='ltr'><strong>μετά</strong></span> <span class='ocrx_word' id='word_1_240' title='bbox 1550 1874 1612 1926; x_wconf 83' lang='grc' dir='ltr'><strong>τὸ</strong></span> <span class='ocrx_word' id='word_1_241' title='bbox 1637 1874 1714 1926; x_wconf 88' lang='grc' dir='ltr'>εί-</span> 
     </span>
    </p>
   </div>
   <div class='ocr_carea' id='block_1_35' title="bbox 1804 1859 3396 1948">
    <p class='ocr_par' dir='ltr' id='par_1_35' title="bbox 1818 1859 3396 1939">
     <span class='ocr_line' id='line_1_35' title="bbox 1818 1859 3396 1939; baseline 0.011 -28"><span class='ocrx_word' id='word_1_242' title='bbox 1818 1859 2032 1914; x_wconf 83' lang='lat' dir='ltr'><strong>laudem</strong></span> <span class='ocrx_word' id='word_1_243' title='bbox 2057 1859 2295 1931; x_wconf 74' lang='lat' dir='ltr'><strong>effugere</strong></span> <span class='ocrx_word' id='word_1_244' title='bbox 2324 1866 2671 1920; x_wconf 79' lang='lat' dir='ltr'><strong>consueverit</strong></span> <span class='ocrx_word' id='word_1_245' title='bbox 2691 1866 2715 1918; x_wconf 87' lang='lat'><strong>?</strong></span> <span class='ocrx_word' id='word_1_246' title='bbox 2734 1880 2863 1920; x_wconf 89' lang='lat' dir='ltr'><strong>nam</strong></span> <span class='ocrx_word' id='word_1_247' title='bbox 2893 1882 3032 1938; x_wconf 80' lang='lat' dir='ltr'><strong>quos</strong></span> <span class='ocrx_word' id='word_1_248' title='bbox 3055 1869 3173 1939; x_wconf 89' lang='lat' dir='ltr'><strong>ipse</strong></span> <span class='ocrx_word' id='word_1_249' title='bbox 3205 1886 3396 1927; x_wconf 84' lang='lat' dir='ltr'><strong>curas--</strong></span> 
     </span>
    </p>
   </div>
   <div class='ocr_carea' id='block_1_36' title="bbox 118 1965 1713 2040">
    <p class='ocr_par' dir='ltr' id='par_1_36' title="bbox 118 1965 1713 2040">
     <span class='ocr_line' id='line_1_36' title="bbox 118 1965 1713 2040; baseline 0 -21"><span class='ocrx_word' id='word_1_250' title='bbox 118 1970 246 2020; x_wconf 83' lang='grc' dir='ltr'>πεῖν</span> <span class='ocrx_word' id='word_1_251' title='bbox 277 1966 352 2031; x_wconf 82' lang='grc' dir='ltr'>ὡς</span> <span class='ocrx_word' id='word_1_252' title='bbox 380 1968 516 2040; x_wconf 77' lang='grc' dir='ltr'>πρὸς</span> <span class='ocrx_word' id='word_1_253' title='bbox 551 1968 720 2038; x_wconf 76' lang='grc' dir='ltr'>αὐτὴν</span> <span class='ocrx_word' id='word_1_254' title='bbox 760 1968 859 2039; x_wconf 77' lang='grc' dir='ltr'>τὴν</span> <span class='ocrx_word' id='word_1_255' title='bbox 896 1967 1282 2040; x_wconf 83' lang='grc' dir='ltr'>Ἰερουσαλήμ·</span> <span class='ocrx_word' id='word_1_256' title='bbox 1329 1986 1346 2017; x_wconf 81' lang='grc' dir='ltr'><strong>ι</strong></span> <span class='ocrx_word' id='word_1_257' title='bbox 1376 1968 1486 2020; x_wconf 73' lang='grc' dir='ltr'>Καὶ</span> <span class='ocrx_word' id='word_1_258' title='bbox 1517 1965 1713 2031; x_wconf 70' lang='grc' dir='ltr'>ὲξανα-ιτ</span> 
     </span>
    </p>
   </div>
   <div class='ocr_carea' id='block_1_37' title="bbox 118 2058 1712 2130">
    <p class='ocr_par' dir='ltr' id='par_1_37' title="bbox 118 2058 1712 2130">
     <span class='ocr_line' id='line_1_37' title="bbox 118 2058 1712 2130; baseline -0.001 -19"><span class='ocrx_word' id='word_1_259' title='bbox 118 2060 384 2130; x_wconf 85' lang='grc' dir='ltr'>στήσεται</span> <span class='ocrx_word' id='word_1_260' title='bbox 409 2058 653 2113; x_wconf 77' lang='grc' dir='ltr'>ἀπώλεια</span> <span class='ocrx_word' id='word_1_261' title='bbox 677 2061 734 2112; x_wconf 83' lang='grc' dir='ltr'>ὲν</span> <span class='ocrx_word' id='word_1_262' title='bbox 764 2059 842 2130; x_wconf 80' lang='grc' dir='ltr'>τῷ</span> <span class='ocrx_word' id='word_1_263' title='bbox 871 2059 985 2130; x_wconf 82' lang='grc' dir='ltr'>λαῷ</span> <span class='ocrx_word' id='word_1_264' title='bbox 1016 2072 1131 2123; x_wconf 83' lang='grc' dir='ltr'>σου,</span> <span class='ocrx_word' id='word_1_265' title='bbox 1163 2061 1258 2112; x_wconf 71' lang='grc' dir='ltr'><strong>καὶ</strong></span> <span class='ocrx_word' id='word_1_266' title='bbox 1288 2059 1463 2112; x_wconf 83' lang='grc' dir='ltr'>πάντα</span> <span class='ocrx_word' id='word_1_267' title='bbox 1497 2073 1712 2130; x_wconf 85' lang='grc' dir='ltr'>περιτε-</span> 
     </span>
    </p>
   </div>
   <div class='ocr_carea' id='block_1_38' title="bbox 114 2147 1712 2222">
    <p class='ocr_par' dir='ltr' id='par_1_38' title="bbox 114 2147 1712 2222">
     <span class='ocr_line' id='line_1_38' title="bbox 114 2147 1712 2222; baseline -0.001 -20"><span class='ocrx_word' id='word_1_268' title='bbox 114 2148 443 2220; x_wconf 85' lang='grc' dir='ltr'>τειχισμὲνα</span> <span class='ocrx_word' id='word_1_269' title='bbox 469 2166 561 2203; x_wconf 89' lang='grc' dir='ltr'><strong>σου</strong></span> <span class='ocrx_word' id='word_1_270' title='bbox 576 2150 874 2221; x_wconf 75' lang='grc' dir='ltr'>οἰχήσεται.</span> <span class='ocrx_word' id='word_1_271' title='bbox 908 2169 926 2200; x_wconf 75' lang='lat' dir='ltr'><strong>i</strong></span> <span class='ocrx_word' id='word_1_272' title='bbox 956 2151 1065 2204; x_wconf 74' lang='grc' dir='ltr'>Καὶ</span> <span class='ocrx_word' id='word_1_273' title='bbox 1096 2150 1257 2222; x_wconf 79' lang='grc' dir='ltr'>ἀπερ,</span> <span class='ocrx_word' id='word_1_274' title='bbox 1283 2149 1468 2221; x_wconf 71' lang='grc' dir='ltr'>φησὶν,</span> <span class='ocrx_word' id='word_1_275' title='bbox 1490 2149 1518 2201; x_wconf 86' lang='grc' dir='ltr'>ὁ</span> <span class='ocrx_word' id='word_1_276' title='bbox 1545 2147 1712 2200; x_wconf 85' lang='grc' dir='ltr'>τοιόσ-</span> 
     </span>
    </p>
   </div>
   <div class='ocr_carea' id='block_1_39' title="bbox 112 2238 1709 2313">
    <p class='ocr_par' dir='ltr' id='par_1_39' title="bbox 112 2238 1709 2313">
     <span class='ocr_line' id='line_1_39' title="bbox 112 2238 1709 2313; baseline -0.002 -19"><span class='ocrx_word' id='word_1_277' title='bbox 112 2241 172 2294; x_wconf 86' lang='grc' dir='ltr'><strong>δε</strong></span> <span class='ocrx_word' id='word_1_278' title='bbox 200 2241 393 2313; x_wconf 79' lang='grc' dir='ltr'>ἅρχων</span> <span class='ocrx_word' id='word_1_279' title='bbox 419 2241 651 2295; x_wconf 80' lang='grc' dir='ltr'>πέπονθε</span> <span class='ocrx_word' id='word_1_280' title='bbox 684 2241 826 2296; x_wconf 83' lang='grc' dir='ltr'><strong>κατά</strong></span> <span class='ocrx_word' id='word_1_281' title='bbox 877 2242 968 2294; x_wconf 76' lang='grc' dir='ltr'><strong>τὸν</strong></span> <span class='ocrx_word' id='word_1_282' title='bbox 1022 2240 1317 2295; x_wconf 79' lang='grc' dir='ltr'>ἐπελθόντα</span> <span class='ocrx_word' id='word_1_283' title='bbox 1355 2238 1507 2310; x_wconf 80' lang='grc' dir='ltr'>αὐτῷ·</span> <span class='ocrx_word' id='word_1_284' title='bbox 1548 2238 1709 2292; x_wconf 85' lang='grc' dir='ltr'>πόλε-</span> 
     </span>
    </p>
   </div>
   <div class='ocr_carea' id='block_1_40' title="bbox 118 2320 1710 2405">
    <p class='ocr_par' dir='ltr' id='par_1_40' title="bbox 118 2320 1710 2405">
     <span class='ocr_line' id='line_1_40' title="bbox 118 2320 1710 2405; baseline -0.001 -21"><span class='ocrx_word' id='word_1_285' title='bbox 118 2349 245 2403; x_wconf 80' lang='grc' dir='ltr'>μον,</span> <span class='ocrx_word' id='word_1_286' title='bbox 279 2335 337 2386; x_wconf 71' lang='grc' dir='ltr'><strong>ἐν</strong></span> <span class='ocrx_word' id='word_1_287' title='bbox 382 2320 426 2400; x_wconf 78' lang='grc' dir='ltr'>ᾧ</span> <span class='ocrx_word' id='word_1_288' title='bbox 458 2333 667 2405; x_wconf 81' lang='grc' dir='ltr'>μητέρα</span> <span class='ocrx_word' id='word_1_289' title='bbox 708 2334 801 2386; x_wconf 77' lang='grc' dir='ltr'>ὲπ⁸ι</span> <span class='ocrx_word' id='word_1_290' title='bbox 849 2332 1061 2397; x_wconf 85' lang='grc' dir='ltr'>τέκνοις</span> <span class='ocrx_word' id='word_1_291' title='bbox 1096 2332 1385 2403; x_wconf 77' lang='grc' dir='ltr'>ἡδάφισαν,</span> <span class='ocrx_word' id='word_1_292' title='bbox 1415 2330 1485 2383; x_wconf 83' lang='grc' dir='ltr'>τὰ</span> <span class='ocrx_word' id='word_1_293' title='bbox 1530 2346 1710 2401; x_wconf 87' lang='grc' dir='ltr'>παρα-</span> 
     </span>
    </p>
   </div>
   <div class='ocr_carea' id='block_1_41' title="bbox 114 2422 1702 2497">
    <p class='ocr_par' dir='ltr' id='par_1_41' title="bbox 114 2422 1702 2497">
     <span class='ocr_line' id='line_1_41' title="bbox 114 2422 1702 2497; baseline -0.001 -20"><span class='ocrx_word' id='word_1_294' title='bbox 114 2426 329 2496; x_wconf 80' lang='grc' dir='ltr'>πλήσια</span> <span class='ocrx_word' id='word_1_295' title='bbox 348 2422 441 2479; x_wconf 73' lang='grc' dir='ltr'><strong>καὶ</strong></span> <span class='ocrx_word' id='word_1_296' title='bbox 460 2427 587 2497; x_wconf 83' lang='grc' dir='ltr'>ύμῖν</span> <span class='ocrx_word' id='word_1_297' title='bbox 614 2427 799 2490; x_wconf 79' lang='grc' dir='ltr'>αὐτοῖς</span> <span class='ocrx_word' id='word_1_298' title='bbox 824 2430 1032 2497; x_wconf 83' lang='grc' dir='ltr'>ποιήσω</span> <span class='ocrx_word' id='word_1_299' title='bbox 1061 2426 1148 2479; x_wconf 85' lang='grc' dir='ltr'><strong>διά</strong></span> <span class='ocrx_word' id='word_1_300' title='bbox 1180 2427 1278 2489; x_wconf 84' lang='grc' dir='ltr'>τὰς</span> <span class='ocrx_word' id='word_1_301' title='bbox 1299 2423 1496 2488; x_wconf 86' lang='grc' dir='ltr'>κακίας</span> <span class='ocrx_word' id='word_1_302' title='bbox 1528 2423 1702 2495; x_wconf 84' lang='grc' dir='ltr'>ὑμῶν.</span> 
     </span>
    </p>
   </div>
   <div class='ocr_carea' id='block_1_42' title="bbox 127 2510 1707 2588">
    <p class='ocr_par' dir='ltr' id='par_1_42' title="bbox 127 2510 1707 2588">
     <span class='ocr_line' id='line_1_42' title="bbox 127 2510 1707 2588; baseline -0.001 -20"><span class='ocrx_word' id='word_1_303' title='bbox 127 2510 292 2587; x_wconf 82' lang='grc' dir='ltr'>Ὑμῖν</span> <span class='ocrx_word' id='word_1_304' title='bbox 336 2515 395 2571; x_wconf 84' lang='grc' dir='ltr'>δὲ</span> <span class='ocrx_word' id='word_1_305' title='bbox 442 2516 551 2570; x_wconf 88' lang='grc' dir='ltr'>τίσι</span> <span class='ocrx_word' id='word_1_306' title='bbox 597 2516 630 2588; x_wconf 80' lang='grc' dir='ltr'>ἢ</span> <span class='ocrx_word' id='word_1_307' title='bbox 675 2519 789 2581; x_wconf 86' lang='grc' dir='ltr'>τοῖς</span> <span class='ocrx_word' id='word_1_308' title='bbox 839 2516 1197 2587; x_wconf 80' lang='grc' dir='ltr'>καλουμένοις</span> <span class='ocrx_word' id='word_1_309' title='bbox 1241 2514 1622 2588; x_wconf 80' lang='grc' dir='ltr'>Ἰσραηλίταις,</span> <span class='ocrx_word' id='word_1_310' title='bbox 1655 2514 1707 2568; x_wconf 84' lang='grc' dir='ltr'>οἳ</span> 
     </span>
    </p>
   </div>
   <div class='ocr_carea' id='block_1_43' title="bbox 113 2605 1706 2680">
    <p class='ocr_par' dir='ltr' id='par_1_43' title="bbox 113 2605 1706 2680">
     <span class='ocr_line' id='line_1_43' title="bbox 113 2605 1706 2680; baseline -0.001 -19"><span class='ocrx_word' id='word_1_311' title='bbox 113 2609 212 2661; x_wconf 84' lang='grc' dir='ltr'><strong>καί</strong></span> <span class='ocrx_word' id='word_1_312' title='bbox 250 2609 597 2680; x_wconf 77' lang='grc' dir='ltr'>ἀπερῤίφητε</span> <span class='ocrx_word' id='word_1_313' title='bbox 627 2608 725 2662; x_wconf 82' lang='grc' dir='ltr'><strong>σὺν</strong></span> <span class='ocrx_word' id='word_1_314' title='bbox 760 2607 836 2679; x_wconf 83' lang='grc' dir='ltr'>τῷ</span> <span class='ocrx_word' id='word_1_315' title='bbox 871 2608 1081 2678; x_wconf 79' lang='grc' dir='ltr'>βασιλεῖ</span> <span class='ocrx_word' id='word_1_316' title='bbox 1110 2607 1297 2678; x_wconf 80' lang='grc' dir='ltr'>ὑμῶν;</span> <span class='ocrx_word' id='word_1_317' title='bbox 1329 2607 1418 2659; x_wconf 81' lang='grc' dir='ltr'><strong>τὸν</strong></span> <span class='ocrx_word' id='word_1_318' title='bbox 1461 2605 1706 2678; x_wconf 85' lang='grc' dir='ltr'>Ἡρώδην</span> 
     </span>
    </p>
   </div>
   <div class='ocr_carea' id='block_1_44' title="bbox 114 2694 1705 2768">
    <p class='ocr_par' dir='ltr' id='par_1_44' title="bbox 114 2694 1705 2768">
     <span class='ocr_line' id='line_1_44' title="bbox 114 2694 1705 2768; baseline -0.001 -17"><span class='ocrx_word' id='word_1_319' title='bbox 114 2697 488 2768; x_wconf 80' lang='grc' dir='ltr'>αἰνιττόμενος</span> <span class='ocrx_word' id='word_1_320' title='bbox 507 2714 520 2727; x_wconf 78' lang='grc' dir='ltr'><strong><em>ο</em></strong></span> <span class='ocrx_word' id='word_1_321' title='bbox 547 2699 641 2751; x_wconf 80' lang='grc' dir='ltr'><strong>καὶ</strong></span> <span class='ocrx_word' id='word_1_322' title='bbox 681 2695 853 2751; x_wconf 68' lang='grc' dir='ltr'>ταῦτα</span> <span class='ocrx_word' id='word_1_323' title='bbox 882 2712 944 2766; x_wconf 87' lang='grc' dir='ltr'><strong>γε</strong></span> <span class='ocrx_word' id='word_1_324' title='bbox 989 2696 1168 2751; x_wconf 82' lang='grc' dir='ltr'>πάντα</span> <span class='ocrx_word' id='word_1_325' title='bbox 1189 2694 1514 2762; x_wconf 81' lang='grc' dir='ltr'>πεπόνθατε,</span> <span class='ocrx_word' id='word_1_326' title='bbox 1538 2696 1705 2749; x_wconf 78' lang='grc' dir='ltr'>«διότι</span> 
     </span>
    </p>
   </div>
   <div class='ocr_carea' id='block_1_45' title="bbox 115 2788 1703 2861">
    <p class='ocr_par' dir='ltr' id='par_1_45' title="bbox 115 2788 1703 2861">
     <span class='ocr_line' id='line_1_45' title="bbox 115 2788 1703 2861; baseline -0.001 -18"><span class='ocrx_word' id='word_1_327' title='bbox 115 2792 270 2854; x_wconf 86' lang='grc' dir='ltr'>παῖς,</span> <span class='ocrx_word' id='word_1_328' title='bbox 299 2808 318 2840; x_wconf 75' lang='grc' dir='ltr'><strong>ι</strong></span> <span class='ocrx_word' id='word_1_329' title='bbox 363 2790 549 2861; x_wconf 71' lang='grc' dir='ltr'>φησὶν,</span> <span class='ocrx_word' id='word_1_330' title='bbox 591 2809 609 2841; x_wconf 77' lang='grc' dir='ltr'><strong>ι</strong></span> <span class='ocrx_word' id='word_1_331' title='bbox 633 2788 869 2860; x_wconf 77' lang='grc' dir='ltr'>Ἰσραὴλ,</span> <span class='ocrx_word' id='word_1_332' title='bbox 908 2788 1005 2842; x_wconf 76' lang='grc' dir='ltr'><strong>καὶ</strong></span> <span class='ocrx_word' id='word_1_333' title='bbox 1053 2789 1162 2856; x_wconf 77' lang='grc' dir='ltr'><strong>ἐγὼ</strong></span> <span class='ocrx_word' id='word_1_334' title='bbox 1203 2788 1472 2860; x_wconf 72' lang='grc' dir='ltr'>ἠγάπησα</span> <span class='ocrx_word' id='word_1_335' title='bbox 1519 2788 1703 2852; x_wconf 81' lang='grc' dir='ltr'>αὐτὸν,</span> 
     </span>
    </p>
   </div>
   <div class='ocr_carea' id='block_1_46' title="bbox 114 2882 1705 2955">
    <p class='ocr_par' dir='ltr' id='par_1_46' title="bbox 114 2882 1705 2955">
     <span class='ocr_line' id='line_1_46' title="bbox 114 2882 1705 2955; baseline -0.002 -16"><span class='ocrx_word' id='word_1_336' title='bbox 114 2885 211 2939; x_wconf 73' lang='grc' dir='ltr'><strong>καὶ</strong></span> <span class='ocrx_word' id='word_1_337' title='bbox 259 2884 320 2950; x_wconf 74' lang='grc' dir='ltr'><strong>ἐξ</strong></span> <span class='ocrx_word' id='word_1_338' title='bbox 351 2883 629 2953; x_wconf 76' lang='grc' dir='ltr'>Αἰγύπτου</span> <span class='ocrx_word' id='word_1_339' title='bbox 680 2882 913 2938; x_wconf 73' lang='grc' dir='ltr'>ἐκάλεσα</span> <span class='ocrx_word' id='word_1_340' title='bbox 959 2882 1049 2936; x_wconf 85' lang='grc' dir='ltr'><strong>τὸν</strong></span> <span class='ocrx_word' id='word_1_341' title='bbox 1080 2882 1206 2935; x_wconf 85' lang='grc' dir='ltr'>Υίόν</span> <span class='ocrx_word' id='word_1_342' title='bbox 1239 2899 1359 2953; x_wconf 90' lang='grc' dir='ltr'>μου.</span> <span class='ocrx_word' id='word_1_343' title='bbox 1392 2901 1411 2933; x_wconf 82' lang='grc' dir='ltr'><strong>ι</strong></span> <span class='ocrx_word' id='word_1_344' title='bbox 1444 2882 1568 2946; x_wconf 78' lang='grc' dir='ltr'>Πῶς</span> <span class='ocrx_word' id='word_1_345' title='bbox 1595 2883 1705 2955; x_wconf 85' lang='grc' dir='ltr'><strong>γὰρ</strong></span> 
     </span>
    </p>
   </div>
   <div class='ocr_carea' id='block_1_47' title="bbox 112 2972 1704 3047">
    <p class='ocr_par' dir='ltr' id='par_1_47' title="bbox 112 2972 1704 3047">
     <span class='ocr_line' id='line_1_47' title="bbox 112 2972 1704 3047; baseline 0.001 -19"><span class='ocrx_word' id='word_1_346' title='bbox 112 2972 229 3030; x_wconf 77' lang='grc' dir='ltr'>οἷόν</span> <span class='ocrx_word' id='word_1_347' title='bbox 257 2994 316 3030; x_wconf 87' lang='grc' dir='ltr'><strong>τε</strong></span> <span class='ocrx_word' id='word_1_348' title='bbox 351 2976 493 3030; x_wconf 83' lang='grc' dir='ltr'><strong>κατά</strong></span> <span class='ocrx_word' id='word_1_349' title='bbox 522 2975 582 3029; x_wconf 83' lang='grc' dir='ltr'><strong>τὸ</strong></span> <span class='ocrx_word' id='word_1_350' title='bbox 607 2976 738 3029; x_wconf 80' lang='grc' dir='ltr'>αὐτὸ</span> <span class='ocrx_word' id='word_1_351' title='bbox 775 2978 887 3039; x_wconf 84' lang='grc' dir='ltr'>τοῖς</span> <span class='ocrx_word' id='word_1_352' title='bbox 931 2975 1112 3039; x_wconf 83' lang='grc' dir='ltr'>αὐτοῖς</span> <span class='ocrx_word' id='word_1_353' title='bbox 1145 2975 1574 3047; x_wconf 75' lang='grc' dir='ltr'>ἐπιμέμφεσθαι,</span> <span class='ocrx_word' id='word_1_354' title='bbox 1609 2975 1704 3030; x_wconf 72' lang='grc' dir='ltr'><strong>καὶ</strong></span> 
     </span>
    </p>
   </div>
   <div class='ocr_carea' id='block_1_48' title="bbox 113 3062 1705 3138">
    <p class='ocr_par' dir='ltr' id='par_1_48' title="bbox 113 3062 1705 3138">
     <span class='ocr_line' id='line_1_48' title="bbox 113 3062 1705 3138; baseline -0.002 -16"><span class='ocrx_word' id='word_1_355' title='bbox 113 3070 281 3125; x_wconf 69' lang='grc' dir='ltr'>πάλιν</span> <span class='ocrx_word' id='word_1_356' title='bbox 316 3069 451 3133; x_wconf 76' lang='grc' dir='ltr'>τοὺς</span> <span class='ocrx_word' id='word_1_357' title='bbox 488 3069 686 3131; x_wconf 80' lang='grc' dir='ltr'>αὐτοὺς</span> <span class='ocrx_word' id='word_1_358' title='bbox 731 3069 972 3121; x_wconf 76' lang='grc' dir='ltr'>ἐπαινεῖν</span> <span class='ocrx_word' id='word_1_359' title='bbox 991 3084 1006 3133; x_wconf 89' lang='lat'><strong>;</strong></span> <span class='ocrx_word' id='word_1_360' title='bbox 1025 3065 1164 3119; x_wconf 83' lang='grc' dir='ltr'>Ἀλλ’</span> <span class='ocrx_word' id='word_1_361' title='bbox 1191 3062 1259 3138; x_wconf 76' lang='grc' dir='ltr'>ἦν</span> <span class='ocrx_word' id='word_1_362' title='bbox 1289 3068 1318 3119; x_wconf 88' lang='grc' dir='ltr'><strong>ό</strong></span> <span class='ocrx_word' id='word_1_363' title='bbox 1344 3065 1548 3138; x_wconf 77' lang='grc' dir='ltr'>ἀληθὴς</span> <span class='ocrx_word' id='word_1_364' title='bbox 1578 3064 1705 3130; x_wconf 77' lang='grc' dir='ltr'>νοῦς</span> 
     </span>
    </p>
   </div>
   <div class='ocr_carea' id='block_1_49' title="bbox 112 3158 1700 3234">
    <p class='ocr_par' dir='ltr' id='par_1_49' title="bbox 112 3158 1700 3234">
     <span class='ocr_line' id='line_1_49' title="bbox 112 3158 1700 3234; baseline -0.002 -19"><span class='ocrx_word' id='word_1_365' title='bbox 112 3162 324 3234; x_wconf 86' lang='grc' dir='ltr'>ταύτην</span> <span class='ocrx_word' id='word_1_366' title='bbox 352 3160 490 3232; x_wconf 73' lang='grc' dir='ltr'>ἔχων</span> <span class='ocrx_word' id='word_1_367' title='bbox 515 3159 770 3234; x_wconf 89' lang='grc' dir='ltr'>θεωρίαν.</span> <span class='ocrx_word' id='word_1_368' title='bbox 789 3160 1008 3232; x_wconf 80' lang='grc' dir='ltr'>Ἰσραὴλ</span> <span class='ocrx_word' id='word_1_369' title='bbox 1026 3159 1134 3231; x_wconf 85' lang='grc' dir='ltr'>γὰρ</span> <span class='ocrx_word' id='word_1_370' title='bbox 1156 3160 1184 3212; x_wconf 82' lang='grc' dir='ltr'><strong>ό</strong></span> <span class='ocrx_word' id='word_1_371' title='bbox 1204 3159 1440 3230; x_wconf 84' lang='grc' dir='ltr'>Χριστὸς</span> <span class='ocrx_word' id='word_1_372' title='bbox 1460 3159 1553 3213; x_wconf 78' lang='grc' dir='ltr'>καὶ</span> <span class='ocrx_word' id='word_1_373' title='bbox 1577 3158 1700 3213; x_wconf 82' lang='grc' dir='ltr'>καθ’</span> 
     </span>
    </p>
   </div>
   <div class='ocr_carea' id='block_1_50' title="bbox 112 3248 1700 3327">
    <p class='ocr_par' dir='ltr' id='par_1_50' title="bbox 112 3248 1700 3327">
     <span class='ocr_line' id='line_1_50' title="bbox 112 3248 1700 3327; baseline -0.004 -17"><span class='ocrx_word' id='word_1_374' title='bbox 112 3255 311 3327; x_wconf 80' lang='grc' dir='ltr'>ἐτέρας</span> <span class='ocrx_word' id='word_1_375' title='bbox 357 3254 717 3326; x_wconf 83' lang='grc' dir='ltr'>ἀνηγόρευται</span> <span class='ocrx_word' id='word_1_376' title='bbox 766 3250 1122 3325; x_wconf 87' lang='grc' dir='ltr'>προφητείας,</span> <span class='ocrx_word' id='word_1_377' title='bbox 1157 3248 1440 3324; x_wconf 81' lang='grc' dir='ltr'>ὡσπεροῦν</span> <span class='ocrx_word' id='word_1_378' title='bbox 1477 3251 1574 3304; x_wconf 75' lang='grc' dir='ltr'><strong>καὶ</strong></span> <span class='ocrx_word' id='word_1_379' title='bbox 1606 3251 1700 3305; x_wconf 71' lang='grc' dir='ltr'><strong>ἐπὶ</strong></span> 
     </span>
    </p>
   </div>
   <div class='ocr_carea' id='block_1_51' title="bbox 110 3336 1703 3415">
    <p class='ocr_par' dir='ltr' id='par_1_51' title="bbox 110 3336 1703 3415">
     <span class='ocr_line' id='line_1_51' title="bbox 110 3336 1703 3415; baseline -0.001 -19"><span class='ocrx_word' id='word_1_380' title='bbox 110 3344 211 3413; x_wconf 77' lang='grc' dir='ltr'>τῆς</span> <span class='ocrx_word' id='word_1_381' title='bbox 244 3342 548 3415; x_wconf 76' lang='grc' dir='ltr'>παρούσης.</span> <span class='ocrx_word' id='word_1_382' title='bbox 568 3342 786 3415; x_wconf 79' lang='grc' dir='ltr'>Ἐπειδὴ</span> <span class='ocrx_word' id='word_1_383' title='bbox 832 3343 1010 3396; x_wconf 87' lang='grc' dir='ltr'>τοίνυν</span> <span class='ocrx_word' id='word_1_384' title='bbox 1039 3336 1213 3409; x_wconf 75' lang='grc' dir='ltr'>οὗτος,</span> <span class='ocrx_word' id='word_1_385' title='bbox 1243 3344 1426 3415; x_wconf 76' lang='grc' dir='ltr'>φησὶν,</span> <span class='ocrx_word' id='word_1_386' title='bbox 1463 3342 1703 3414; x_wconf 82' lang='grc' dir='ltr'>ὑπήκοός</span> 
     </span>
    </p>
   </div>
   <div class='ocr_carea' id='block_1_52' title="bbox 112 3432 1704 3508">
    <p class='ocr_par' dir='ltr' id='par_1_52' title="bbox 112 3432 1704 3508">
     <span class='ocr_line' id='line_1_52' title="bbox 112 3432 1704 3508; baseline 0 -20"><span class='ocrx_word' id='word_1_387' title='bbox 112 3453 205 3506; x_wconf 81' lang='grc' dir='ltr'><strong>μοι</strong></span> <span class='ocrx_word' id='word_1_388' title='bbox 223 3435 536 3506; x_wconf 84' lang='grc' dir='ltr'>γενόμενος,</span> <span class='ocrx_word' id='word_1_389' title='bbox 561 3436 773 3508; x_wconf 83' lang='grc' dir='ltr'>μορφὴν</span> <span class='ocrx_word' id='word_1_390' title='bbox 794 3433 981 3489; x_wconf 85' lang='grc' dir='ltr'>δούλου</span> <span class='ocrx_word' id='word_1_391' title='bbox 1012 3432 1224 3505; x_wconf 73' lang='grc' dir='ltr'>εἴληφε,</span> <span class='ocrx_word' id='word_1_392' title='bbox 1248 3437 1343 3490; x_wconf 80' lang='grc' dir='ltr'><strong>καὶ</strong></span> <span class='ocrx_word' id='word_1_393' title='bbox 1362 3435 1555 3506; x_wconf 85' lang='grc' dir='ltr'>γέγονε</span> <span class='ocrx_word' id='word_1_394' title='bbox 1574 3451 1704 3489; x_wconf 83' lang='grc' dir='ltr'>παι-</span> 
     </span>
    </p>
   </div>
   <div class='ocr_carea' id='block_1_53' title="bbox 105 3527 1700 3601">
    <p class='ocr_par' dir='ltr' id='par_1_53' title="bbox 105 3527 1700 3601">
     <span class='ocr_line' id='line_1_53' title="bbox 105 3527 1700 3601; baseline 0.001 -19"><span class='ocrx_word' id='word_1_395' title='bbox 105 3528 218 3582; x_wconf 83' lang='grc' dir='ltr'>δίον</span> <span class='ocrx_word' id='word_1_396' title='bbox 246 3528 531 3599; x_wconf 75' lang='grc' dir='ltr'>ἀγαπητὸν</span> <span class='ocrx_word' id='word_1_397' title='bbox 567 3528 711 3599; x_wconf 76' lang='grc' dir='ltr'>ἐμοὶ,</span> <span class='ocrx_word' id='word_1_398' title='bbox 748 3529 930 3583; x_wconf 79' lang='grc' dir='ltr'>πᾶσαν</span> <span class='ocrx_word' id='word_1_399' title='bbox 958 3527 1057 3600; x_wconf 81' lang='grc' dir='ltr'><strong>τὴν</strong></span> <span class='ocrx_word' id='word_1_400' title='bbox 1086 3529 1225 3601; x_wconf 74' lang='grc' dir='ltr'>ἐμὴν</span> <span class='ocrx_word' id='word_1_401' title='bbox 1254 3528 1541 3593; x_wconf 72' lang='grc' dir='ltr'>ἐκτελέσας</span> <span class='ocrx_word' id='word_1_402' title='bbox 1574 3527 1700 3600; x_wconf 83' lang='grc' dir='ltr'>βου·-</span> 
     </span>
    </p>
   </div>
   <div class='ocr_carea' id='block_1_54' title="bbox 104 3620 1702 3693">
    <p class='ocr_par' dir='ltr' id='par_1_54' title="bbox 104 3620 1702 3693">
     <span class='ocr_line' id='line_1_54' title="bbox 104 3620 1702 3693; baseline 0.003 -20"><span class='ocrx_word' id='word_1_403' title='bbox 104 3620 227 3693; x_wconf 79' lang='grc' dir='ltr'>λὴν,</span> <span class='ocrx_word' id='word_1_404' title='bbox 258 3620 349 3675; x_wconf 71' lang='grc' dir='ltr'>διὰ</span> <span class='ocrx_word' id='word_1_405' title='bbox 394 3621 553 3676; x_wconf 81' lang='grc' dir='ltr'>τοῦτο</span> <span class='ocrx_word' id='word_1_406' title='bbox 596 3622 759 3679; x_wconf 76' lang='grc' dir='ltr'>αὑτὸν</span> <span class='ocrx_word' id='word_1_407' title='bbox 792 3620 894 3693; x_wconf 78' lang='grc' dir='ltr'>μὲν</span> <span class='ocrx_word' id='word_1_408' title='bbox 937 3622 1044 3676; x_wconf 79' lang='grc' dir='ltr'><strong>ἀπὸ</strong></span> <span class='ocrx_word' id='word_1_409' title='bbox 1070 3621 1168 3693; x_wconf 86' lang='grc' dir='ltr'><strong>τῆς</strong></span> <span class='ocrx_word' id='word_1_410' title='bbox 1196 3620 1496 3691; x_wconf 73' lang='grc' dir='ltr'>Αἰγύπτου,</span> <span class='ocrx_word' id='word_1_411' title='bbox 1527 3622 1606 3686; x_wconf 83' lang='grc' dir='ltr'><strong>είς</strong></span> <span class='ocrx_word' id='word_1_412' title='bbox 1632 3622 1702 3693; x_wconf 74' lang='grc' dir='ltr'>ἢν</span> 
     </span>
    </p>
   </div>
   <div class='ocr_carea' id='block_1_55' title="bbox 105 3713 1700 3786">
    <p class='ocr_par' dir='ltr' id='par_1_55' title="bbox 105 3713 1700 3786">
     <span class='ocr_line' id='line_1_55' title="bbox 105 3713 1700 3786; baseline 0.001 -19"><span class='ocrx_word' id='word_1_413' title='bbox 105 3713 538 3786; x_wconf 80' lang='grc' dir='ltr'>ὲνανθρωπήσας</span> <span class='ocrx_word' id='word_1_414' title='bbox 558 3713 942 3786; x_wconf 86' lang='grc' dir='ltr'>κατελήλυθεν,</span> <span class='ocrx_word' id='word_1_415' title='bbox 961 3713 1103 3768; x_wconf 77' lang='grc' dir='ltr'>οὕτω</span> <span class='ocrx_word' id='word_1_416' title='bbox 1128 3713 1287 3785; x_wconf 86' lang='grc' dir='ltr'>δηλου</span> <span class='ocrx_word' id='word_1_417' title='bbox 1295 3714 1456 3785; x_wconf 76' lang='grc' dir='ltr'>μένου</span> <span class='ocrx_word' id='word_1_418' title='bbox 1487 3714 1579 3769; x_wconf 81' lang='grc' dir='ltr'>τοῦ</span> <span class='ocrx_word' id='word_1_419' title='bbox 1602 3730 1700 3768; x_wconf 87' lang='grc' dir='ltr'>πε-</span> 
     </span>
    </p>
   </div>
   <div class='ocr_carea' id='block_1_56' title="bbox 108 3801 1701 3879">
    <p class='ocr_par' dir='ltr' id='par_1_56' title="bbox 108 3801 1701 3879">
     <span class='ocr_line' id='line_1_56' title="bbox 108 3801 1701 3879; baseline 0.014 -23"><span class='ocrx_word' id='word_1_420' title='bbox 108 3804 317 3875; x_wconf 74' lang='grc' dir='ltr'>ριγείου</span> <span class='ocrx_word' id='word_1_421' title='bbox 337 3804 527 3870; x_wconf 78' lang='grc' dir='ltr'>τόπου,</span> <span class='ocrx_word' id='word_1_422' title='bbox 550 3805 585 3878; x_wconf 79' lang='grc' dir='ltr'>ἦ</span> <span class='ocrx_word' id='word_1_423' title='bbox 614 3807 711 3861; x_wconf 72' lang='grc' dir='ltr'><strong>καὶ</strong></span> <span class='ocrx_word' id='word_1_424' title='bbox 732 3806 790 3873; x_wconf 78' lang='grc' dir='ltr'>ἐξ</span> <span class='ocrx_word' id='word_1_425' title='bbox 810 3806 981 3877; x_wconf 79' lang='grc' dir='ltr'>αὐτῆς</span> <span class='ocrx_word' id='word_1_426' title='bbox 1003 3806 1102 3878; x_wconf 83' lang='grc' dir='ltr'>τῆς</span> <span class='ocrx_word' id='word_1_427' title='bbox 1133 3805 1426 3878; x_wconf 80' lang='grc' dir='ltr'>προχείρου</span> <span class='ocrx_word' id='word_1_428' title='bbox 1456 3801 1544 3861; x_wconf 65' lang='grc' dir='ltr'><strong>οἶα</strong></span> <span class='ocrx_word' id='word_1_429' title='bbox 1573 3807 1701 3879; x_wconf 81' lang='grc' dir='ltr'><strong>γνή-</strong></span> 
     </span>
    </p>
   </div>
   <div class='ocr_carea' id='block_1_57' title="bbox 109 3896 1696 3970">
    <p class='ocr_par' dir='ltr' id='par_1_57' title="bbox 109 3896 1696 3970">
     <span class='ocr_line' id='line_1_57' title="bbox 109 3896 1696 3970; baseline 0.003 -23"><span class='ocrx_word' id='word_1_430' title='bbox 109 3912 224 3948; x_wconf 88' lang='grc' dir='ltr'>σιον</span> <span class='ocrx_word' id='word_1_431' title='bbox 252 3896 351 3950; x_wconf 81' lang='grc' dir='ltr'><strong>καὶ</strong></span> <span class='ocrx_word' id='word_1_432' title='bbox 382 3897 664 3969; x_wconf 75' lang='grc' dir='ltr'>ἀγαπητὸν</span> <span class='ocrx_word' id='word_1_433' title='bbox 689 3897 816 3953; x_wconf 85' lang='grc' dir='ltr'>Υἱὺν</span> <span class='ocrx_word' id='word_1_434' title='bbox 838 3898 1287 3970; x_wconf 76' lang='grc' dir='ltr'>ἀνεκαλεσάμην·</span> <span class='ocrx_word' id='word_1_435' title='bbox 1312 3899 1455 3970; x_wconf 83' lang='grc' dir='ltr'>ὑμᾶς</span> <span class='ocrx_word' id='word_1_436' title='bbox 1472 3898 1548 3962; x_wconf 86' lang='grc' dir='ltr'>δὲ,</span> <span class='ocrx_word' id='word_1_437' title='bbox 1571 3898 1696 3963; x_wconf 80' lang='grc' dir='ltr'>τοὺς</span> 
     </span>
    </p>
   </div>
   <div class='ocr_carea' id='block_1_58' title="bbox 107 3986 1696 4064">
    <p class='ocr_par' dir='ltr' id='par_1_58' title="bbox 107 3986 1696 4064">
     <span class='ocr_line' id='line_1_58' title="bbox 107 3986 1696 4064; baseline 0.004 -27"><span class='ocrx_word' id='word_1_438' title='bbox 107 3986 244 4051; x_wconf 76' lang='grc' dir='ltr'>πρὸς</span> <span class='ocrx_word' id='word_1_439' title='bbox 272 3986 370 4052; x_wconf 77' lang='grc' dir='ltr'><strong>οὓς</strong></span> <span class='ocrx_word' id='word_1_440' title='bbox 400 3991 428 4042; x_wconf 86' lang='grc' dir='ltr'>ὁ</span> <span class='ocrx_word' id='word_1_441' title='bbox 459 3988 634 4058; x_wconf 79' lang='grc' dir='ltr'>λόγος,</span> <span class='ocrx_word' id='word_1_442' title='bbox 673 3991 770 4044; x_wconf 82' lang='grc' dir='ltr'><strong>σὺν</strong></span> <span class='ocrx_word' id='word_1_443' title='bbox 815 3990 910 4045; x_wconf 68' lang='grc' dir='ltr'><strong>καὶ</strong></span> <span class='ocrx_word' id='word_1_444' title='bbox 937 3993 1003 4063; x_wconf 82' lang='grc' dir='ltr'>τῇ</span> <span class='ocrx_word' id='word_1_445' title='bbox 1036 3990 1280 4064; x_wconf 77' lang='grc' dir='ltr'>ὑμετέρᾳ</span> <span class='ocrx_word' id='word_1_446' title='bbox 1310 3990 1556 4062; x_wconf 80' lang='grc' dir='ltr'>βασιλείᾳ</span> <span class='ocrx_word' id='word_1_447' title='bbox 1580 3991 1696 4044; x_wconf 77' lang='grc' dir='ltr'>ὄλε-</span> 
     </span>
    </p>
   </div>
   <div class='ocr_carea' id='block_1_59' title="bbox 105 4078 1695 4155">
    <p class='ocr_par' dir='ltr' id='par_1_59' title="bbox 105 4078 1695 4155">
     <span class='ocr_line' id='line_1_59' title="bbox 105 4078 1695 4155; baseline 0.004 -25"><span class='ocrx_word' id='word_1_448' title='bbox 105 4078 235 4149; x_wconf 74' lang='grc' dir='ltr'>θρος</span> <span class='ocrx_word' id='word_1_449' title='bbox 289 4081 382 4134; x_wconf 80' lang='grc' dir='ltr'><strong>καὶ</strong></span> <span class='ocrx_word' id='word_1_450' title='bbox 421 4081 669 4135; x_wconf 84' lang='grc' dir='ltr'>ἀπώλεια</span> <span class='ocrx_word' id='word_1_451' title='bbox 713 4083 1112 4155; x_wconf 80' lang='grc' dir='ltr'>παραλήψεται.</span> <span class='ocrx_word' id='word_1_452' title='bbox 1143 4080 1327 4137; x_wconf 76' lang='grc' dir='ltr'>Ταῦτα</span> <span class='ocrx_word' id='word_1_453' title='bbox 1372 4082 1468 4154; x_wconf 82' lang='grc' dir='ltr'><strong>μὲν</strong></span> <span class='ocrx_word' id='word_1_454' title='bbox 1496 4085 1528 4154; x_wconf 86' lang='grc' dir='ltr'>ὴ</span> <span class='ocrx_word' id='word_1_455' title='bbox 1559 4094 1695 4153; x_wconf 88' lang='grc' dir='ltr'>προ-</span> 
     </span>
    </p>
   </div>
   <div class='ocr_carea' id='block_1_60' title="bbox 104 4172 1697 4246">
    <p class='ocr_par' dir='ltr' id='par_1_60' title="bbox 104 4172 1697 4246">
     <span class='ocr_line' id='line_1_60' title="bbox 104 4172 1697 4246; baseline 0.002 -22"><span class='ocrx_word' id='word_1_456' title='bbox 104 4172 307 4242; x_wconf 81' lang='grc' dir='ltr'>φητεία</span> <span class='ocrx_word' id='word_1_457' title='bbox 328 4190 341 4203; x_wconf 91' lang='grc'><strong>·</strong></span> <span class='ocrx_word' id='word_1_458' title='bbox 385 4174 646 4245; x_wconf 82' lang='grc' dir='ltr'>πρόδηλον</span> <span class='ocrx_word' id='word_1_459' title='bbox 692 4174 749 4228; x_wconf 76' lang='grc' dir='ltr'><strong>δὲ</strong></span> <span class='ocrx_word' id='word_1_460' title='bbox 790 4176 939 4239; x_wconf 81' lang='grc' dir='ltr'>ὅπως</span> <span class='ocrx_word' id='word_1_461' title='bbox 991 4175 1098 4229; x_wconf 84' lang='grc' dir='ltr'>ἀπὸ</span> <span class='ocrx_word' id='word_1_462' title='bbox 1148 4174 1255 4228; x_wconf 81' lang='grc' dir='ltr'>τῶν</span> <span class='ocrx_word' id='word_1_463' title='bbox 1297 4174 1391 4228; x_wconf 82' lang='grc' dir='ltr'>τοῦ</span> <span class='ocrx_word' id='word_1_464' title='bbox 1445 4172 1697 4246; x_wconf 77' lang='grc' dir='ltr'>Σωτῆρος</span> 
     </span>
    </p>
   </div>
   <div class='ocr_carea' id='block_1_61' title="bbox 101 4265 1689 4341">
    <p class='ocr_par' dir='ltr' id='par_1_61' title="bbox 101 4265 1689 4341">
     <span class='ocr_line' id='line_1_61' title="bbox 101 4265 1689 4341; baseline 0.001 -22"><span class='ocrx_word' id='word_1_465' title='bbox 101 4265 266 4337; x_wconf 81' lang='grc' dir='ltr'>ήμῶν</span> <span class='ocrx_word' id='word_1_466' title='bbox 283 4267 491 4338; x_wconf 85' lang='grc' dir='ltr'>χρόνων</span> <span class='ocrx_word' id='word_1_467' title='bbox 523 4267 976 4341; x_wconf 82' lang='grc' dir='ltr'>πολιορκηθείσης</span> <span class='ocrx_word' id='word_1_468' title='bbox 1005 4269 1106 4338; x_wconf 76' lang='grc' dir='ltr'>τῆς</span> <span class='ocrx_word' id='word_1_469' title='bbox 1149 4267 1526 4339; x_wconf 81' lang='grc' dir='ltr'>Ἰερουσαλὴμ,</span> <span class='ocrx_word' id='word_1_470' title='bbox 1547 4265 1689 4321; x_wconf 83' lang='grc' dir='ltr'>καθ-</span> 
     </span>
    </p>
   </div>
   <div class='ocr_carea' id='block_1_62' title="bbox 104 4358 1692 4432">
    <p class='ocr_par' dir='ltr' id='par_1_62' title="bbox 104 4358 1692 4432">
     <span class='ocr_line' id='line_1_62' title="bbox 104 4358 1692 4432; baseline 0.001 -21"><span class='ocrx_word' id='word_1_471' title='bbox 104 4359 280 4432; x_wconf 77' lang='grc' dir='ltr'>ῃρέθη</span> <span class='ocrx_word' id='word_1_472' title='bbox 314 4360 409 4413; x_wconf 74' lang='grc' dir='ltr'>καὶ</span> <span class='ocrx_word' id='word_1_473' title='bbox 452 4361 531 4423; x_wconf 86' lang='grc' dir='ltr'><strong>είς</strong></span> <span class='ocrx_word' id='word_1_474' title='bbox 576 4359 639 4413; x_wconf 86' lang='grc' dir='ltr'><strong>τὸ</strong></span> <span class='ocrx_word' id='word_1_475' title='bbox 683 4360 945 4424; x_wconf 81' lang='grc' dir='ltr'>παντελὲς</span> <span class='ocrx_word' id='word_1_476' title='bbox 976 4360 1255 4432; x_wconf 72' lang='grc' dir='ltr'>ἀπερρίφη</span> <span class='ocrx_word' id='word_1_477' title='bbox 1289 4363 1323 4432; x_wconf 84' lang='grc' dir='ltr'><strong>ἡ</strong></span> <span class='ocrx_word' id='word_1_478' title='bbox 1376 4360 1537 4431; x_wconf 82' lang='grc' dir='ltr'>μέχρι</span> <span class='ocrx_word' id='word_1_479' title='bbox 1570 4358 1692 4412; x_wconf 87' lang='grc' dir='ltr'>τότε</span> 
     </span>
    </p>
   </div>
   <div class='ocr_carea' id='block_1_63' title="bbox 104 4451 1688 4523">
    <p class='ocr_par' dir='ltr' id='par_1_63' title="bbox 104 4451 1688 4523">
     <span class='ocr_line' id='line_1_63' title="bbox 104 4451 1688 4523; baseline -0.001 -18"><span class='ocrx_word' id='word_1_480' title='bbox 104 4454 354 4506; x_wconf 80' lang='grc' dir='ltr'>συστᾶσα</span> <span class='ocrx_word' id='word_1_481' title='bbox 376 4451 469 4506; x_wconf 80' lang='grc' dir='ltr'>τοῦ</span> <span class='ocrx_word' id='word_1_482' title='bbox 502 4452 772 4506; x_wconf 84' lang='grc' dir='ltr'>Ἰουδαίων</span> <span class='ocrx_word' id='word_1_483' title='bbox 799 4451 985 4516; x_wconf 77' lang='grc' dir='ltr'>ἔθνους</span> <span class='ocrx_word' id='word_1_484' title='bbox 1013 4452 1305 4523; x_wconf 83' lang='grc' dir='ltr'>αὐτονομία</span> <span class='ocrx_word' id='word_1_485' title='bbox 1324 4468 1384 4504; x_wconf 91' lang='grc' dir='ltr'><strong>τε</strong></span> <span class='ocrx_word' id='word_1_486' title='bbox 1406 4452 1501 4504; x_wconf 75' lang='grc' dir='ltr'><strong>καὶ</strong></span> <span class='ocrx_word' id='word_1_487' title='bbox 1526 4452 1688 4522; x_wconf 86' lang='grc' dir='ltr'>ἀρχή.</span> 
     </span>
    </p>
   </div>
   <div class='ocr_carea' id='block_1_64' title="bbox 100 4526 1769 4633">
    <p class='ocr_par' dir='ltr' id='par_1_64' title="bbox 100 4526 1769 4633">
     <span class='ocr_line' id='line_1_64' title="bbox 100 4526 1769 4633; baseline -0.001 -36"><span class='ocrx_word' id='word_1_488' title='bbox 100 4540 252 4615; x_wconf 77' lang='grc' dir='ltr'>Πλὴν</span> <span class='ocrx_word' id='word_1_489' title='bbox 276 4544 413 4598; x_wconf 87' lang='grc' dir='ltr'><strong>ἀλλά</strong></span> <span class='ocrx_word' id='word_1_490' title='bbox 434 4544 615 4616; x_wconf 86' lang='grc' dir='ltr'>τρίτον</span> <span class='ocrx_word' id='word_1_491' title='bbox 646 4544 746 4616; x_wconf 73' lang='grc' dir='ltr'>ἤδη</span> <span class='ocrx_word' id='word_1_492' title='bbox 774 4543 845 4598; x_wconf 83' lang='grc' dir='ltr'><strong>τά</strong></span> <span class='ocrx_word' id='word_1_493' title='bbox 874 4543 1005 4615; x_wconf 72' lang='grc' dir='ltr'>περὶ</span> <span class='ocrx_word' id='word_1_494' title='bbox 1032 4543 1133 4615; x_wconf 83' lang='grc' dir='ltr'>τῆς</span> <span class='ocrx_word' id='word_1_495' title='bbox 1160 4526 1441 4613; x_wconf 62' lang='grc' dir='ltr'>Αἰγύπτου</span> <span class='ocrx_word' id='word_1_496' title='bbox 1473 4543 1567 4597; x_wconf 80' lang='grc' dir='ltr'>καὶ</span> <span class='ocrx_word' id='word_1_497' title='bbox 1593 4543 1691 4614; x_wconf 83' lang='grc' dir='ltr'>τῆς</span> <span class='ocrx_word' id='word_1_498' title='bbox 1725 4578 1769 4633; x_wconf 77' lang='lat' dir='ltr'>D</span> 
     </span>
    </p>
   </div>
   <div class='ocr_carea' id='block_1_65' title="bbox 102 4634 1694 4708">
    <p class='ocr_par' dir='ltr' id='par_1_65' title="bbox 102 4634 1694 4708">
     <span class='ocr_line' id='line_1_65' title="bbox 102 4634 1694 4708; baseline -0.001 -20"><span class='ocrx_word' id='word_1_499' title='bbox 102 4635 293 4688; x_wconf 74' lang='grc' dir='ltr'>αὐτόθι</span> <span class='ocrx_word' id='word_1_500' title='bbox 327 4636 563 4705; x_wconf 80' lang='grc' dir='ltr'>ἀφίξεως</span> <span class='ocrx_word' id='word_1_501' title='bbox 591 4635 755 4689; x_wconf 79' lang='grc' dir='ltr'>αὑτοῦ</span> <span class='ocrx_word' id='word_1_502' title='bbox 786 4636 1246 4708; x_wconf 84' lang='grc' dir='ltr'>προπεφήτευται.</span> <span class='ocrx_word' id='word_1_503' title='bbox 1279 4634 1343 4689; x_wconf 74' lang='lat' dir='ltr'><strong>Et</strong></span> <span class='ocrx_word' id='word_1_504' title='bbox 1365 4635 1422 4688; x_wconf 83' lang='grc' dir='ltr'><strong>δέ</strong></span> <span class='ocrx_word' id='word_1_505' title='bbox 1446 4646 1530 4698; x_wconf 81' lang='grc' dir='ltr'><strong>τις</strong></span> <span class='ocrx_word' id='word_1_506' title='bbox 1555 4634 1694 4687; x_wconf 82' lang='grc' dir='ltr'><strong>αὐτά</strong></span> 
     </span>
    </p>
   </div>
   <div class='ocr_carea' id='block_1_66' title="bbox 105 4723 1697 4800">
    <p class='ocr_par' dir='ltr' id='par_1_66' title="bbox 105 4723 1697 4800">
     <span class='ocr_line' id='line_1_66' title="bbox 105 4723 1697 4800; baseline -0.019 -4"><span class='ocrx_word' id='word_1_507' title='bbox 105 4727 374 4799; x_wconf 77' lang='grc' dir='ltr'>μηδαμῶς</span> <span class='ocrx_word' id='word_1_508' title='bbox 404 4726 738 4800; x_wconf 76' lang='grc' dir='ltr'>ἐφαρμόζειν</span> <span class='ocrx_word' id='word_1_509' title='bbox 770 4728 862 4781; x_wconf 75' lang='grc' dir='ltr'><strong>ἐπὶ</strong></span> <span class='ocrx_word' id='word_1_510' title='bbox 896 4726 986 4781; x_wconf 78' lang='grc' dir='ltr'><strong>τὸν</strong></span> <span class='ocrx_word' id='word_1_511' title='bbox 1019 4726 1289 4799; x_wconf 75' lang='grc' dir='ltr'>ἡμέτερον</span> <span class='ocrx_word' id='word_1_512' title='bbox 1320 4725 1468 4793; x_wconf 84' lang='grc' dir='ltr'>λέγοι</span> <span class='ocrx_word' id='word_1_513' title='bbox 1510 4723 1697 4795; x_wconf 77' lang='grc' dir='ltr'><strong>Σωτῆ-</strong></span> 
     </span>
    </p>
   </div>
   <div class='ocr_carea' id='block_1_67' title="bbox 104 4815 1696 4889">
    <p class='ocr_par' dir='ltr' id='par_1_67' title="bbox 104 4815 1696 4889">
     <span class='ocr_line' id='line_1_67' title="bbox 104 4815 1696 4889; baseline 0 -17"><span class='ocrx_word' id='word_1_514' title='bbox 104 4834 195 4889; x_wconf 71' lang='lat' dir='ltr'><strong>pst,</strong></span> <span class='ocrx_word' id='word_1_515' title='bbox 228 4816 366 4872; x_wconf 82' lang='grc' dir='ltr'><strong>ἀλλά</strong></span> <span class='ocrx_word' id='word_1_516' title='bbox 411 4819 481 4871; x_wconf 83' lang='grc' dir='ltr'>τά</span> <span class='ocrx_word' id='word_1_517' title='bbox 523 4836 588 4887; x_wconf 89' lang='grc' dir='ltr'><strong>γε</strong></span> <span class='ocrx_word' id='word_1_518' title='bbox 636 4818 734 4888; x_wconf 81' lang='grc' dir='ltr'>τῆς</span> <span class='ocrx_word' id='word_1_519' title='bbox 765 4817 859 4871; x_wconf 73' lang='grc' dir='ltr'>τοῦ</span> <span class='ocrx_word' id='word_1_520' title='bbox 889 4816 1167 4871; x_wconf 86' lang='grc' dir='ltr'>Ματθαίου</span> <span class='ocrx_word' id='word_1_521' title='bbox 1200 4815 1558 4888; x_wconf 79' lang='grc' dir='ltr'>παραθέσεως</span> <span class='ocrx_word' id='word_1_522' title='bbox 1586 4816 1696 4872; x_wconf 79' lang='grc' dir='ltr'><strong>ἀπὸ</strong></span> 
     </span>
    </p>
   </div>
   <div class='ocr_carea' id='block_1_68' title="bbox 104 4907 1691 4981">
    <p class='ocr_par' dir='ltr' id='par_1_68' title="bbox 104 4907 1691 4981">
     <span class='ocr_line' id='line_1_68' title="bbox 104 4907 1691 4981; baseline 0 -19"><span class='ocrx_word' id='word_1_523' title='bbox 104 4910 204 4981; x_wconf 82' lang='grc' dir='ltr'>τῆς</span> <span class='ocrx_word' id='word_1_524' title='bbox 252 4909 408 4981; x_wconf 86' lang='grc' dir='ltr'><strong>παρά</strong></span> <span class='ocrx_word' id='word_1_525' title='bbox 453 4910 674 4963; x_wconf 79' lang='grc' dir='ltr'>Μωῡσεῖ</span> <span class='ocrx_word' id='word_1_526' title='bbox 718 4910 1024 4981; x_wconf 84' lang='grc' dir='ltr'>μαρτυρίας</span> <span class='ocrx_word' id='word_1_527' title='bbox 1068 4908 1217 4979; x_wconf 82' lang='grc' dir='ltr'>αὐτῷ</span> <span class='ocrx_word' id='word_1_528' title='bbox 1247 4907 1691 4980; x_wconf 81' lang='grc' dir='ltr'>παρειλημμένα,</span> 
     </span>
    </p>
   </div>
   <div class='ocr_carea' id='block_1_69' title="bbox 107 5000 1693 5074">
    <p class='ocr_par' dir='ltr' id='par_1_69' title="bbox 107 5000 1693 5074">
     <span class='ocr_line' id='line_1_69' title="bbox 107 5000 1693 5074; baseline 0.001 -21"><span class='ocrx_word' id='word_1_529' title='bbox 107 5003 171 5072; x_wconf 77' lang='grc' dir='ltr'>ἣν</span> <span class='ocrx_word' id='word_1_530' title='bbox 198 5001 297 5055; x_wconf 77' lang='grc' dir='ltr'>καὶ</span> <span class='ocrx_word' id='word_1_531' title='bbox 325 5001 524 5072; x_wconf 87' lang='grc' dir='ltr'>ἀρτίως</span> <span class='ocrx_word' id='word_1_532' title='bbox 554 5001 965 5074; x_wconf 86' lang='grc' dir='ltr'>διεληλύθαμεν,</span> <span class='ocrx_word' id='word_1_533' title='bbox 993 5000 1075 5064; x_wconf 74' lang='grc' dir='ltr'>τὸ,</span> <span class='ocrx_word' id='word_1_534' title='bbox 1121 5019 1139 5052; x_wconf 86' lang='grc' dir='ltr'><strong>ι</strong></span> <span class='ocrx_word' id='word_1_535' title='bbox 1162 5001 1219 5053; x_wconf 86' lang='lat'><strong>&#39;0</strong></span> <span class='ocrx_word' id='word_1_536' title='bbox 1243 5000 1375 5063; x_wconf 82' lang='grc' dir='ltr'>Θεὸς</span> <span class='ocrx_word' id='word_1_537' title='bbox 1410 5000 1693 5071; x_wconf 84' lang='grc' dir='ltr'>ὡδήγησεν</span> 
     </span>
    </p>
   </div>
   <div class='ocr_carea' id='block_1_70' title="bbox 108 5091 1691 5165">
    <p class='ocr_par' dir='ltr' id='par_1_70' title="bbox 108 5091 1691 5165">
     <span class='ocr_line' id='line_1_70' title="bbox 108 5091 1691 5165; baseline -0.001 -17"><span class='ocrx_word' id='word_1_538' title='bbox 108 5095 271 5148; x_wconf 82' lang='grc' dir='ltr'>αὑτὸν</span> <span class='ocrx_word' id='word_1_539' title='bbox 304 5093 362 5160; x_wconf 76' lang='grc' dir='ltr'>ἐξ</span> <span class='ocrx_word' id='word_1_540' title='bbox 395 5093 691 5163; x_wconf 77' lang='grc' dir='ltr'>Αἰγύπτου,</span> <span class='ocrx_word' id='word_1_541' title='bbox 714 5113 732 5145; x_wconf 75' lang='grc' dir='ltr'><strong>ι</strong></span> <span class='ocrx_word' id='word_1_542' title='bbox 766 5092 1151 5165; x_wconf 69' lang='grc' dir='ltr'>διηγούμενοι*</span> <span class='ocrx_word' id='word_1_543' title='bbox 1180 5093 1302 5146; x_wconf 77' lang='grc' dir='ltr'>ἐπεὶ</span> <span class='ocrx_word' id='word_1_544' title='bbox 1334 5091 1455 5163; x_wconf 78' lang='grc' dir='ltr'>μηδ’</span> <span class='ocrx_word' id='word_1_545' title='bbox 1483 5092 1691 5156; x_wconf 84' lang='grc' dir='ltr'>αὐτὸςὸ</span> 
     </span>
    </p>
   </div>
   <div class='ocr_carea' id='block_1_71' title="bbox 105 5182 1688 5256">
    <p class='ocr_par' dir='ltr' id='par_1_71' title="bbox 105 5182 1688 5256">
     <span class='ocr_line' id='line_1_71' title="bbox 105 5182 1688 5256; baseline 0 -19"><span class='ocrx_word' id='word_1_546' title='bbox 105 5184 494 5255; x_wconf 73' lang='grc' dir='ltr'>εὐαγγελιστης</span> <span class='ocrx_word' id='word_1_547' title='bbox 515 5186 623 5239; x_wconf 74' lang='grc' dir='ltr'><strong>ἀπὸ</strong></span> <span class='ocrx_word' id='word_1_548' title='bbox 650 5185 747 5256; x_wconf 85' lang='grc' dir='ltr'>τῆς</span> <span class='ocrx_word' id='word_1_549' title='bbox 772 5184 864 5239; x_wconf 80' lang='grc' dir='ltr'>τοῦ</span> <span class='ocrx_word' id='word_1_550' title='bbox 893 5185 1050 5255; x_wconf 78' lang='grc' dir='ltr'>Ὠσηὲ</span> <span class='ocrx_word' id='word_1_551' title='bbox 1078 5183 1416 5256; x_wconf 75' lang='grc' dir='ltr'>προφητείας</span> <span class='ocrx_word' id='word_1_552' title='bbox 1435 5182 1688 5253; x_wconf 75' lang='grc' dir='ltr'>εἰλῆφθαι</span> 
     </span>
    </p>
   </div>
   <div class='ocr_carea' id='block_1_72' title="bbox 102 5275 1691 5349">
    <p class='ocr_par' dir='ltr' id='par_1_72' title="bbox 102 5275 1691 5349">
     <span class='ocr_line' id='line_1_72' title="bbox 102 5275 1691 5349; baseline -0.001 -18"><span class='ocrx_word' id='word_1_553' title='bbox 102 5277 253 5348; x_wconf 73' lang='grc' dir='ltr'>αὐτῷ</span> <span class='ocrx_word' id='word_1_554' title='bbox 291 5277 352 5330; x_wconf 82' lang='grc' dir='ltr'>τὸ</span> <span class='ocrx_word' id='word_1_555' title='bbox 380 5277 556 5346; x_wconf 87' lang='grc' dir='ltr'>λόγιον</span> <span class='ocrx_word' id='word_1_556' title='bbox 589 5277 811 5349; x_wconf 77' lang='grc' dir='ltr'>ἔφησεν,</span> <span class='ocrx_word' id='word_1_557' title='bbox 844 5277 920 5341; x_wconf 86' lang='grc' dir='ltr'>ὡς</span> <span class='ocrx_word' id='word_1_558' title='bbox 949 5276 1229 5342; x_wconf 87' lang='grc' dir='ltr'>δύνασθαι,</span> <span class='ocrx_word' id='word_1_559' title='bbox 1255 5277 1352 5331; x_wconf 77' lang='grc' dir='ltr'><strong>καὶ</strong></span> <span class='ocrx_word' id='word_1_560' title='bbox 1385 5275 1551 5329; x_wconf 84' lang='grc' dir='ltr'>πόθεν</span> <span class='ocrx_word' id='word_1_561' title='bbox 1577 5277 1691 5329; x_wconf 67' lang='lat' dir='ltr'><strong>em-</strong></span> 
     </span>
    </p>
   </div>
   <div class='ocr_carea' id='block_1_73' title="bbox 102 5367 1688 5441">
    <p class='ocr_par' dir='ltr' id='par_1_73' title="bbox 102 5367 1688 5441">
     <span class='ocr_line' id='line_1_73' title="bbox 102 5367 1688 5441; baseline 0 -21"><span class='ocrx_word' id='word_1_562' title='bbox 102 5369 465 5440; x_wconf 75' lang='grc' dir='ltr'>ζητήσαντας,</span> <span class='ocrx_word' id='word_1_563' title='bbox 490 5371 668 5441; x_wconf 83' lang='grc' dir='ltr'>εὑρεῖν</span> <span class='ocrx_word' id='word_1_564' title='bbox 718 5369 848 5423; x_wconf 77' lang='grc' dir='ltr'>αὐτὸ</span> <span class='ocrx_word' id='word_1_565' title='bbox 891 5370 1175 5441; x_wconf 77' lang='grc' dir='ltr'>κείμενονο</span> <span class='ocrx_word' id='word_1_566' title='bbox 1228 5368 1359 5422; x_wconf 84' lang='grc' dir='ltr'>ὅθεν</span> <span class='ocrx_word' id='word_1_567' title='bbox 1404 5367 1551 5432; x_wconf 76' lang='grc' dir='ltr'>εἰκὸς</span> <span class='ocrx_word' id='word_1_568' title='bbox 1596 5367 1688 5420; x_wconf 85' lang='grc' dir='ltr'><strong>τὸν</strong></span> 
     </span>
    </p>
   </div>
   <div class='ocr_carea' id='block_1_74' title="bbox 101 5458 1446 5533">
    <p class='ocr_par' dir='ltr' id='par_1_74' title="bbox 101 5458 1446 5533">
     <span class='ocr_line' id='line_1_74' title="bbox 101 5458 1446 5533; baseline -0.001 -20"><span class='ocrx_word' id='word_1_569' title='bbox 101 5460 493 5533; x_wconf 65' lang='grc' dir='ltr'>εύαγγελιστὴν</span> <span class='ocrx_word' id='word_1_570' title='bbox 521 5462 848 5533; x_wconf 82' lang='grc' dir='ltr'>πεποιῆσθαι</span> <span class='ocrx_word' id='word_1_571' title='bbox 875 5460 1041 5516; x_wconf 86' lang='grc' dir='ltr'>αύτοῦ</span> <span class='ocrx_word' id='word_1_572' title='bbox 1075 5460 1172 5531; x_wconf 76' lang='grc' dir='ltr'>τὴν</span> <span class='ocrx_word' id='word_1_573' title='bbox 1210 5458 1446 5514; x_wconf 75' lang='grc' dir='ltr'>ἔκθεσιν.</span> 
     </span>
    </p>
   </div>
   <div class='ocr_carea' id='block_1_75' title="bbox 1814 1952 3393 2033">
    <p class='ocr_par' dir='ltr' id='par_1_75' title="bbox 1814 1952 3393 2033">
     <span class='ocr_line' id='line_1_75' title="bbox 1814 1952 3393 2033; baseline 0.009 -26"><span class='ocrx_word' id='word_1_574' title='bbox 1814 1960 1917 2015; x_wconf 83' lang='lat' dir='ltr'><strong>set,</strong></span> <span class='ocrx_word' id='word_1_575' title='bbox 1955 1952 2022 2008; x_wconf 89' lang='lat' dir='ltr'><strong>iis</strong></span> <span class='ocrx_word' id='word_1_576' title='bbox 2054 1953 2356 2022; x_wconf 83' lang='lat' dir='ltr'><strong>imperabat</strong></span> <span class='ocrx_word' id='word_1_577' title='bbox 2394 1964 2453 2008; x_wconf 88' lang='lat' dir='ltr'><strong>ut</strong></span> <span class='ocrx_word' id='word_1_578' title='bbox 2480 1956 2683 2011; x_wconf 86' lang='lat' dir='ltr'><strong>nemini</strong></span> <span class='ocrx_word' id='word_1_579' title='bbox 2708 1957 2973 2015; x_wconf 81' lang='lat' dir='ltr'><strong>dicerent.</strong></span> <span class='ocrx_word' id='word_1_580' title='bbox 3001 1961 3159 2028; x_wconf 79' lang='lat' dir='ltr'><strong>Quod</strong></span> <span class='ocrx_word' id='word_1_581' title='bbox 3191 1965 3236 2019; x_wconf 81' lang='lat' dir='ltr'><strong>si</strong></span> <span class='ocrx_word' id='word_1_582' title='bbox 3270 1967 3393 2033; x_wconf 83' lang='lat' dir='ltr'><strong>quis</strong></span> 
     </span>
    </p>
   </div>
   <div class='ocr_carea' id='block_1_76' title="bbox 1812 2043 3394 2124">
    <p class='ocr_par' dir='ltr' id='par_1_76' title="bbox 1812 2043 3394 2124">
     <span class='ocr_line' id='line_1_76' title="bbox 1812 2043 3394 2124; baseline 0.009 -28"><span class='ocrx_word' id='word_1_583' title='bbox 1812 2043 2152 2113; x_wconf 80' lang='lat' dir='ltr'><strong>prophetiam</strong></span> <span class='ocrx_word' id='word_1_584' title='bbox 2188 2044 2330 2100; x_wconf 88' lang='lat' dir='ltr'><strong>hanc</strong></span> <span class='ocrx_word' id='word_1_585' title='bbox 2360 2045 2433 2100; x_wconf 88' lang='lat' dir='ltr'><strong>ad</strong></span> <span class='ocrx_word' id='word_1_586' title='bbox 2454 2049 2713 2118; x_wconf 86' lang='lat' dir='ltr'><strong>populum</strong></span> <span class='ocrx_word' id='word_1_587' title='bbox 2746 2049 2969 2111; x_wconf 76' lang='lat' dir='ltr'><strong>referat,</strong></span> <span class='ocrx_word' id='word_1_588' title='bbox 2989 2052 3247 2124; x_wconf 75' lang='lat' dir='ltr'><strong>dicatque</strong></span> <span class='ocrx_word' id='word_1_589' title='bbox 3278 2056 3394 2111; x_wconf 81' lang='lat' dir='ltr'><strong>haec</strong></span> 
     </span>
    </p>
   </div>
   <div class='ocr_carea' id='block_1_77' title="bbox 1810 2134 3394 2213">
    <p class='ocr_par' dir='ltr' id='par_1_77' title="bbox 1810 2134 3394 2213">
     <span class='ocr_line' id='line_1_77' title="bbox 1810 2134 3394 2213; baseline 0.01 -25"><span class='ocrx_word' id='word_1_590' title='bbox 1810 2134 1878 2188; x_wconf 88' lang='lat' dir='ltr'><strong>de</strong></span> <span class='ocrx_word' id='word_1_591' title='bbox 1909 2136 2111 2205; x_wconf 87' lang='lat' dir='ltr'><strong>populo</strong></span> <span class='ocrx_word' id='word_1_592' title='bbox 2139 2151 2204 2190; x_wconf 68' lang='lat' dir='ltr'><strong>ex</strong></span> <span class='ocrx_word' id='word_1_593' title='bbox 2239 2139 2453 2194; x_wconf 87' lang='lat' dir='ltr'><strong>semine</strong></span> <span class='ocrx_word' id='word_1_594' title='bbox 2500 2138 2669 2195; x_wconf 87' lang='lat' dir='ltr'><strong>lsrael</strong></span> <span class='ocrx_word' id='word_1_595' title='bbox 2719 2143 2955 2197; x_wconf 83' lang='lat' dir='ltr'><strong>oriundo</strong></span> <span class='ocrx_word' id='word_1_596' title='bbox 2982 2144 3129 2199; x_wconf 88' lang='lat' dir='ltr'><strong>dicta</strong></span> <span class='ocrx_word' id='word_1_597' title='bbox 3167 2161 3310 2213; x_wconf 87' lang='lat' dir='ltr'><strong>esse,</strong></span> <span class='ocrx_word' id='word_1_598' title='bbox 3347 2149 3394 2205; x_wconf 89' lang='lat' dir='ltr'><strong>is</strong></span> 
     </span>
    </p>
   </div>
   <div class='ocr_carea' id='block_1_78' title="bbox 1810 2227 3394 2304">
    <p class='ocr_par' dir='ltr' id='par_1_78' title="bbox 1810 2227 3394 2304">
     <span class='ocr_line' id='line_1_78' title="bbox 1810 2227 3394 2304; baseline 0.011 -26"><span class='ocrx_word' id='word_1_599' title='bbox 1810 2227 2055 2280; x_wconf 82' lang='lat' dir='ltr'><strong>attendat</strong></span> <span class='ocrx_word' id='word_1_600' title='bbox 2085 2228 2380 2283; x_wconf 81' lang='lat' dir='ltr'><strong>verborum</strong></span> <span class='ocrx_word' id='word_1_601' title='bbox 2426 2231 2674 2287; x_wconf 79' lang='lat' dir='ltr'><strong>ordinem</strong></span> <span class='ocrx_word' id='word_1_602' title='bbox 2727 2232 2783 2286; x_wconf 88' lang='lat' dir='ltr'><strong>in</strong></span> <span class='ocrx_word' id='word_1_603' title='bbox 2815 2234 3017 2304; x_wconf 87' lang='lat' dir='ltr'><strong>quibus</strong></span> <span class='ocrx_word' id='word_1_604' title='bbox 3058 2236 3172 2292; x_wconf 63' lang='lat' dir='ltr'><strong>haec</strong></span> <span class='ocrx_word' id='word_1_605' title='bbox 3208 2237 3394 2296; x_wconf 83' lang='lat' dir='ltr'><strong>futura</strong></span> 
     </span>
    </p>
   </div>
   <div class='ocr_carea' id='block_1_79' title="bbox 1809 2316 3394 2399">
    <p class='ocr_par' dir='ltr' id='par_1_79' title="bbox 1809 2316 3394 2399">
     <span class='ocr_line' id='line_1_79' title="bbox 1809 2316 3394 2399; baseline 0.011 -30"><span class='ocrx_word' id='word_1_606' title='bbox 1809 2316 2089 2382; x_wconf 86' lang='lat' dir='ltr'><strong>dicuntur,</strong></span> <span class='ocrx_word' id='word_1_607' title='bbox 2112 2328 2403 2390; x_wconf 88' lang='lat' dir='ltr'><strong>postquam</strong></span> <span class='ocrx_word' id='word_1_608' title='bbox 2436 2323 2641 2378; x_wconf 87' lang='lat' dir='ltr'><strong>dietum</strong></span> <span class='ocrx_word' id='word_1_609' title='bbox 2687 2333 2774 2381; x_wconf 87' lang='lat' dir='ltr'><strong>est</strong></span> <span class='ocrx_word' id='word_1_610' title='bbox 2800 2328 2958 2396; x_wconf 87' lang='lat' dir='ltr'><strong>quasi</strong></span> <span class='ocrx_word' id='word_1_611' title='bbox 2989 2328 3057 2382; x_wconf 90' lang='lat' dir='ltr'><strong>ad</strong></span> <span class='ocrx_word' id='word_1_612' title='bbox 3095 2329 3272 2399; x_wconf 88' lang='lat' dir='ltr'><strong>ipsum</strong></span> <span class='ocrx_word' id='word_1_613' title='bbox 3302 2331 3394 2387; x_wconf 77' lang='lat' dir='ltr'><strong>Je-</strong></span> 
     </span>
    </p>
   </div>
   <div class='ocr_carea' id='block_1_80' title="bbox 1810 2411 3393 2491">
    <p class='ocr_par' dir='ltr' id='par_1_80' title="bbox 1810 2411 3393 2491">
     <span class='ocr_line' id='line_1_80' title="bbox 1810 2411 3393 2491; baseline 0.013 -30"><span class='ocrx_word' id='word_1_614' title='bbox 1810 2411 2076 2473; x_wconf 81' lang='lat' dir='ltr'><strong>rusalem,</strong></span> <span class='ocrx_word' id='word_1_615' title='bbox 2114 2429 2133 2462; x_wconf 75' lang='grc' dir='ltr'><strong>ι</strong></span> <span class='ocrx_word' id='word_1_616' title='bbox 2171 2421 2224 2466; x_wconf 89' lang='lat' dir='ltr'><strong>et</strong></span> <span class='ocrx_word' id='word_1_617' title='bbox 2253 2423 2516 2485; x_wconf 77' lang='lat' dir='ltr'><strong>exsurget</strong></span> <span class='ocrx_word' id='word_1_618' title='bbox 2562 2418 2800 2486; x_wconf 86' lang='lat' dir='ltr'><strong>perditio</strong></span> <span class='ocrx_word' id='word_1_619' title='bbox 2844 2421 2902 2474; x_wconf 89' lang='lat' dir='ltr'><strong>in</strong></span> <span class='ocrx_word' id='word_1_620' title='bbox 2936 2423 3138 2491; x_wconf 88' lang='lat' dir='ltr'><strong>populo</strong></span> <span class='ocrx_word' id='word_1_621' title='bbox 3186 2431 3301 2488; x_wconf 87' lang='lat' dir='ltr'><strong>tuo,</strong></span> <span class='ocrx_word' id='word_1_622' title='bbox 3336 2434 3393 2481; x_wconf 86' lang='lat' dir='ltr'><strong>et</strong></span> 
     </span>
    </p>
   </div>
   <div class='ocr_carea' id='block_1_81' title="bbox 1807 2501 3390 2584">
    <p class='ocr_par' dir='ltr' id='par_1_81' title="bbox 1807 2501 3390 2584">
     <span class='ocr_line' id='line_1_81' title="bbox 1807 2501 3390 2584; baseline 0.011 -32"><span class='ocrx_word' id='word_1_623' title='bbox 1807 2501 1993 2554; x_wconf 84' lang='lat' dir='ltr'><strong>omnia</strong></span> <span class='ocrx_word' id='word_1_624' title='bbox 2048 2502 2259 2557; x_wconf 84' lang='lat' dir='ltr'><strong>munita</strong></span> <span class='ocrx_word' id='word_1_625' title='bbox 2317 2513 2411 2559; x_wconf 91' lang='lat' dir='ltr'><strong>tua</strong></span> <span class='ocrx_word' id='word_1_626' title='bbox 2473 2508 2771 2577; x_wconf 89' lang='lat' dir='ltr'><strong>peribunt;</strong></span> <span class='ocrx_word' id='word_1_627' title='bbox 2832 2530 2852 2563; x_wconf 74' lang='grc' dir='ltr'><strong>ι</strong></span> <span class='ocrx_word' id='word_1_628' title='bbox 2891 2518 2945 2566; x_wconf 88' lang='lat' dir='ltr'><strong>et</strong></span> <span class='ocrx_word' id='word_1_629' title='bbox 2996 2527 3119 2582; x_wconf 72' lang='lat' dir='ltr'><strong>qua:</strong></span> <span class='ocrx_word' id='word_1_630' title='bbox 3169 2515 3390 2584; x_wconf 86' lang='lat' dir='ltr'><strong>quidem</strong></span> 
     </span>
    </p>
   </div>
   <div class='ocr_carea' id='block_1_82' title="bbox 1808 2592 3394 2677">
    <p class='ocr_par' dir='ltr' id='par_1_82' title="bbox 1808 2592 3394 2677">
     <span class='ocr_line' id='line_1_82' title="bbox 1808 2592 3394 2677; baseline 0.011 -34"><span class='ocrx_word' id='word_1_631' title='bbox 1808 2592 2064 2662; x_wconf 86' lang='lat' dir='ltr'><strong>princeps</strong></span> <span class='ocrx_word' id='word_1_632' title='bbox 2097 2610 2293 2664; x_wconf 86' lang='lat' dir='ltr'><strong>passus</strong></span> <span class='ocrx_word' id='word_1_633' title='bbox 2334 2605 2418 2652; x_wconf 89' lang='lat' dir='ltr'><strong>est</strong></span> <span class='ocrx_word' id='word_1_634' title='bbox 2458 2598 2513 2652; x_wconf 91' lang='lat' dir='ltr'><strong>in</strong></span> <span class='ocrx_word' id='word_1_635' title='bbox 2549 2599 2713 2665; x_wconf 88' lang='lat' dir='ltr'><strong>bello,</strong></span> <span class='ocrx_word' id='word_1_636' title='bbox 2748 2603 2802 2655; x_wconf 91' lang='lat' dir='ltr'><strong>in</strong></span> <span class='ocrx_word' id='word_1_637' title='bbox 2838 2617 2944 2672; x_wconf 87' lang='lat' dir='ltr'><strong>quo</strong></span> <span class='ocrx_word' id='word_1_638' title='bbox 2968 2613 3195 2659; x_wconf 82' lang='lat' dir='ltr'><strong>matrem</strong></span> <span class='ocrx_word' id='word_1_639' title='bbox 3229 2622 3394 2677; x_wconf 84' lang='lat' dir='ltr'><strong>super</strong></span> 
     </span>
    </p>
   </div>
   <div class='ocr_carea' id='block_1_83' title="bbox 1808 2683 3392 2769">
    <p class='ocr_par' dir='ltr' id='par_1_83' title="bbox 1808 2683 3392 2769">
     <span class='ocr_line' id='line_1_83' title="bbox 1808 2683 3392 2769; baseline 0.011 -32"><span class='ocrx_word' id='word_1_640' title='bbox 1808 2683 1956 2749; x_wconf 74' lang='lat' dir='ltr'><strong>(iiiis,</strong></span> <span class='ocrx_word' id='word_1_641' title='bbox 1993 2693 2156 2741; x_wconf 74' lang='lat' dir='ltr'><strong>terra:</strong></span> <span class='ocrx_word' id='word_1_642' title='bbox 2203 2688 2513 2756; x_wconf 88' lang='lat' dir='ltr'><strong>alliserunt,</strong></span> <span class='ocrx_word' id='word_1_643' title='bbox 2553 2693 2742 2748; x_wconf 88' lang='lat' dir='ltr'><strong>eadem</strong></span> <span class='ocrx_word' id='word_1_644' title='bbox 2779 2696 2932 2751; x_wconf 86' lang='lat' dir='ltr'><strong>vobis</strong></span> <span class='ocrx_word' id='word_1_645' title='bbox 2978 2712 3199 2767; x_wconf 88' lang='lat' dir='ltr'><strong>quoque</strong></span> <span class='ocrx_word' id='word_1_646' title='bbox 3255 2699 3392 2769; x_wconf 88' lang='lat' dir='ltr'><strong>ipsis</strong></span> 
     </span>
    </p>
   </div>
   <div class='ocr_carea' id='block_1_84' title="bbox 1807 2775 3393 2860">
    <p class='ocr_par' dir='ltr' id='par_1_84' title="bbox 1807 2775 3393 2860">
     <span class='ocr_line' id='line_1_84' title="bbox 1807 2775 3393 2860; baseline 0.009 -31"><span class='ocrx_word' id='word_1_647' title='bbox 1807 2775 2003 2831; x_wconf 84' lang='lat' dir='ltr'><strong>faciam</strong></span> <span class='ocrx_word' id='word_1_648' title='bbox 2038 2788 2263 2850; x_wconf 81' lang='lat' dir='ltr'><strong>propter</strong></span> <span class='ocrx_word' id='word_1_649' title='bbox 2299 2784 2540 2838; x_wconf 85' lang='lat' dir='ltr'><strong>malitias</strong></span> <span class='ocrx_word' id='word_1_650' title='bbox 2586 2795 2824 2842; x_wconf 85' lang='lat' dir='ltr'><strong>vestras.</strong></span> <span class='ocrx_word' id='word_1_651' title='bbox 2861 2786 3031 2843; x_wconf 81' lang='lat' dir='ltr'><strong>Vobis</strong></span> <span class='ocrx_word' id='word_1_652' title='bbox 3075 2804 3240 2859; x_wconf 89' lang='lat' dir='ltr'><strong>porro</strong></span> <span class='ocrx_word' id='word_1_653' title='bbox 3267 2790 3393 2860; x_wconf 89' lang='lat' dir='ltr'><strong>qui-</strong></span> 
     </span>
    </p>
   </div>
   <div class='ocr_carea' id='block_1_85' title="bbox 1803 2866 3393 2947">
    <p class='ocr_par' dir='ltr' id='par_1_85' title="bbox 1803 2866 3393 2947">
     <span class='ocr_line' id='line_1_85' title="bbox 1803 2866 3393 2947; baseline 0.01 -26"><span class='ocrx_word' id='word_1_654' title='bbox 1803 2866 1908 2923; x_wconf 88' lang='lat' dir='ltr'><strong>bus</strong></span> <span class='ocrx_word' id='word_1_655' title='bbox 1962 2869 2186 2924; x_wconf 85' lang='lat' dir='ltr'><strong>tandem</strong></span> <span class='ocrx_word' id='word_1_656' title='bbox 2232 2872 2377 2937; x_wconf 90' lang='lat' dir='ltr'><strong>aliis,</strong></span> <span class='ocrx_word' id='word_1_657' title='bbox 2442 2875 2551 2929; x_wconf 88' lang='lat' dir='ltr'><strong>nisi</strong></span> <span class='ocrx_word' id='word_1_658' title='bbox 2606 2879 2700 2947; x_wconf 93' lang='lat' dir='ltr'><strong>qui</strong></span> <span class='ocrx_word' id='word_1_659' title='bbox 2760 2880 3035 2933; x_wconf 89' lang='lat' dir='ltr'><strong>vocamini</strong></span> <span class='ocrx_word' id='word_1_660' title='bbox 3093 2880 3393 2937; x_wconf 60' lang='lat' dir='ltr'><strong>Isra&#39;elitm?</strong></span> 
     </span>
    </p>
   </div>
   <div class='ocr_carea' id='block_1_86' title="bbox 1803 2961 3391 3041">
    <p class='ocr_par' dir='ltr' id='par_1_86' title="bbox 1803 2961 3391 3041">
     <span class='ocr_line' id='line_1_86' title="bbox 1803 2961 3391 3041; baseline 0.01 -28"><span class='ocrx_word' id='word_1_661' title='bbox 1803 2961 2011 3030; x_wconf 77' lang='lat' dir='ltr'><strong>quique</strong></span> <span class='ocrx_word' id='word_1_662' title='bbox 2031 2963 2196 3017; x_wconf 89' lang='lat' dir='ltr'><strong>etiam</strong></span> <span class='ocrx_word' id='word_1_663' title='bbox 2227 2966 2419 3036; x_wconf 87' lang='lat' dir='ltr'><strong>rejecti</strong></span> <span class='ocrx_word' id='word_1_664' title='bbox 2444 2968 2582 3024; x_wconf 87' lang='lat' dir='ltr'><strong>estis</strong></span> <span class='ocrx_word' id='word_1_665' title='bbox 2604 2984 2727 3024; x_wconf 90' lang='lat' dir='ltr'><strong>cum</strong></span> <span class='ocrx_word' id='word_1_666' title='bbox 2761 2985 2888 3041; x_wconf 82' lang='lat' dir='ltr'><strong>rege</strong></span> <span class='ocrx_word' id='word_1_667' title='bbox 2918 2974 3137 3026; x_wconf 84' lang='lat' dir='ltr'><strong>vestro?</strong></span> <span class='ocrx_word' id='word_1_668' title='bbox 3162 2974 3253 3027; x_wconf 90' lang='lat' dir='ltr'><strong>ubi</strong></span> <span class='ocrx_word' id='word_1_669' title='bbox 3285 2973 3391 3029; x_wconf 89' lang='lat' dir='ltr'><strong>He-</strong></span> 
     </span>
    </p>
   </div>
   <div class='ocr_carea' id='block_1_87' title="bbox 1803 3051 3395 3134">
    <p class='ocr_par' dir='ltr' id='par_1_87' title="bbox 1803 3051 3395 3134">
     <span class='ocr_line' id='line_1_87' title="bbox 1803 3051 3395 3134; baseline 0.009 -29"><span class='ocrx_word' id='word_1_670' title='bbox 1803 3051 1989 3107; x_wconf 87' lang='lat' dir='ltr'><strong>rodem</strong></span> <span class='ocrx_word' id='word_1_671' title='bbox 2041 3054 2340 3113; x_wconf 88' lang='lat' dir='ltr'><strong>obscurius</strong></span> <span class='ocrx_word' id='word_1_672' title='bbox 2393 3057 2651 3115; x_wconf 85' lang='lat' dir='ltr'><strong>indicat:</strong></span> <span class='ocrx_word' id='word_1_673' title='bbox 2707 3068 2763 3115; x_wconf 87' lang='lat' dir='ltr'><strong>et</strong></span> <span class='ocrx_word' id='word_1_674' title='bbox 2814 3061 2931 3116; x_wconf 73' lang='lat' dir='ltr'><strong>hzec</strong></span> <span class='ocrx_word' id='word_1_675' title='bbox 2996 3063 3182 3117; x_wconf 88' lang='lat' dir='ltr'><strong>omnia</strong></span> <span class='ocrx_word' id='word_1_676' title='bbox 3239 3065 3395 3134; x_wconf 84' lang='lat' dir='ltr'><strong>passi</strong></span> 
     </span>
    </p>
   </div>
   <div class='ocr_carea' id='block_1_88' title="bbox 1802 3146 3390 3225">
    <p class='ocr_par' dir='ltr' id='par_1_88' title="bbox 1802 3146 3390 3225">
     <span class='ocr_line' id='line_1_88' title="bbox 1802 3146 3390 3225; baseline 0.007 -25"><span class='ocrx_word' id='word_1_677' title='bbox 1802 3146 1959 3209; x_wconf 85' lang='lat' dir='ltr'><strong>estis,</strong></span> <span class='ocrx_word' id='word_1_678' title='bbox 1993 3165 2012 3197; x_wconf 83' lang='grc' dir='ltr'><strong>ι</strong></span> <span class='ocrx_word' id='word_1_679' title='bbox 2056 3149 2316 3218; x_wconf 90' lang='lat' dir='ltr'><strong>quoniam</strong></span> <span class='ocrx_word' id='word_1_680' title='bbox 2339 3165 2495 3220; x_wconf 90' lang='lat' dir='ltr'><strong>puer,</strong></span> <span class='ocrx_word' id='word_1_681' title='bbox 2524 3151 2724 3222; x_wconf 84' lang='lat' dir='ltr'><strong>inquit,</strong></span> <span class='ocrx_word' id='word_1_682' title='bbox 2750 3162 2835 3207; x_wconf 89' lang='lat' dir='ltr'><strong>est</strong></span> <span class='ocrx_word' id='word_1_683' title='bbox 2864 3154 3031 3209; x_wconf 84' lang='lat' dir='ltr'><strong>Israel</strong></span> <span class='ocrx_word' id='word_1_684' title='bbox 3057 3195 3071 3218; x_wconf 92' lang='lat'><strong>,</strong></span> <span class='ocrx_word' id='word_1_685' title='bbox 3095 3164 3148 3210; x_wconf 86' lang='lat' dir='ltr'><strong>et</strong></span> <span class='ocrx_word' id='word_1_686' title='bbox 3175 3171 3275 3225; x_wconf 83' lang='lat' dir='ltr'><strong>ego</strong></span> <span class='ocrx_word' id='word_1_687' title='bbox 3303 3157 3390 3211; x_wconf 83' lang='lat' dir='ltr'><strong>di-</strong></span> 
     </span>
    </p>
   </div>
   <div class='ocr_carea' id='block_1_89' title="bbox 1802 3227 3382 3312">
    <p class='ocr_par' dir='ltr' id='par_1_89' title="bbox 1802 3227 3382 3312">
     <span class='ocr_line' id='line_1_89' title="bbox 1802 3227 3382 3312; baseline 0.007 -24"><span class='ocrx_word' id='word_1_688' title='bbox 1802 3235 1910 3289; x_wconf 84' lang='lat' dir='ltr'><strong>lexi</strong></span> <span class='ocrx_word' id='word_1_689' title='bbox 1939 3252 2064 3290; x_wconf 90' lang='lat' dir='ltr'><strong>eum</strong></span> <span class='ocrx_word' id='word_1_690' title='bbox 2107 3247 2207 3293; x_wconf 88' lang='lat' dir='ltr'><strong>:et</strong></span> <span class='ocrx_word' id='word_1_691' title='bbox 2243 3239 2313 3294; x_wconf 88' lang='lat' dir='ltr'><strong>de</strong></span> <span class='ocrx_word' id='word_1_692' title='bbox 2355 3239 2594 3312; x_wconf 67' lang='lat' dir='ltr'><strong>A‘Igypto</strong></span> <span class='ocrx_word' id='word_1_693' title='bbox 2644 3227 2834 3297; x_wconf 75' lang='lat' dir='ltr'><strong>vocavi</strong></span> <span class='ocrx_word' id='word_1_694' title='bbox 2893 3243 3064 3298; x_wconf 84' lang='lat' dir='ltr'><strong>ﬁlium</strong></span> <span class='ocrx_word' id='word_1_695' title='bbox 3119 3260 3322 3302; x_wconf 90' lang='lat' dir='ltr'><strong>meum.</strong></span> <span class='ocrx_word' id='word_1_696' title='bbox 3361 3265 3382 3299; x_wconf 70' lang='grc' dir='ltr'><strong>ι</strong></span> 
     </span>
    </p>
   </div>
   <div class='ocr_carea' id='block_1_90' title="bbox 1804 3326 3389 3403">
    <p class='ocr_par' dir='ltr' id='par_1_90' title="bbox 1804 3326 3389 3403">
     <span class='ocr_line' id='line_1_90' title="bbox 1804 3326 3389 3403; baseline 0.008 -22"><span class='ocrx_word' id='word_1_697' title='bbox 1804 3326 1910 3394; x_wconf 84' lang='lat' dir='ltr'><strong>Qui</strong></span> <span class='ocrx_word' id='word_1_698' title='bbox 1938 3330 2083 3384; x_wconf 91' lang='lat' dir='ltr'><strong>enim</strong></span> <span class='ocrx_word' id='word_1_699' title='bbox 2116 3331 2230 3387; x_wconf 83' lang='lat' dir='ltr'><strong>ﬁeri</strong></span> <span class='ocrx_word' id='word_1_700' title='bbox 2275 3340 2478 3403; x_wconf 88' lang='lat' dir='ltr'><strong>potest,</strong></span> <span class='ocrx_word' id='word_1_701' title='bbox 2502 3344 2561 3388; x_wconf 90' lang='lat' dir='ltr'><strong>ut</strong></span> <span class='ocrx_word' id='word_1_702' title='bbox 2588 3335 2780 3390; x_wconf 91' lang='lat' dir='ltr'><strong>eodem</strong></span> <span class='ocrx_word' id='word_1_703' title='bbox 2826 3336 2882 3390; x_wconf 92' lang='lat' dir='ltr'><strong>in</strong></span> <span class='ocrx_word' id='word_1_704' title='bbox 2923 3337 3046 3391; x_wconf 92' lang='lat' dir='ltr'><strong>loco</strong></span> <span class='ocrx_word' id='word_1_705' title='bbox 3079 3339 3303 3394; x_wconf 90' lang='lat' dir='ltr'><strong>eosdem</strong></span> <span class='ocrx_word' id='word_1_706' title='bbox 3333 3349 3389 3396; x_wconf 87' lang='lat' dir='ltr'><strong>et</strong></span> 
     </span>
    </p>
   </div>
   <div class='ocr_carea' id='block_1_91' title="bbox 1803 3423 3388 3502">
    <p class='ocr_par' dir='ltr' id='par_1_91' title="bbox 1803 3423 3388 3502">
     <span class='ocr_line' id='line_1_91' title="bbox 1803 3423 3388 3502; baseline 0.01 -30"><span class='ocrx_word' id='word_1_707' title='bbox 1803 3431 2029 3477; x_wconf 80' lang='lat' dir='ltr'><strong>accuset</strong></span> <span class='ocrx_word' id='word_1_708' title='bbox 2046 3429 2101 3477; x_wconf 90' lang='lat' dir='ltr'><strong>et</strong></span> <span class='ocrx_word' id='word_1_709' title='bbox 2132 3423 2350 3478; x_wconf 83' lang='lat' dir='ltr'><strong>laudet?</strong></span> <span class='ocrx_word' id='word_1_710' title='bbox 2377 3424 2471 3480; x_wconf 89' lang='lat' dir='ltr'><strong>sed</strong></span> <span class='ocrx_word' id='word_1_711' title='bbox 2504 3440 2669 3482; x_wconf 87' lang='lat' dir='ltr'><strong>verus</strong></span> <span class='ocrx_word' id='word_1_712' title='bbox 2696 3441 2895 3484; x_wconf 88' lang='lat' dir='ltr'><strong>sensus</strong></span> <span class='ocrx_word' id='word_1_713' title='bbox 2926 3437 3012 3483; x_wconf 90' lang='lat' dir='ltr'><strong>est</strong></span> <span class='ocrx_word' id='word_1_714' title='bbox 3044 3429 3111 3496; x_wconf 91' lang='lat' dir='ltr'><strong>is,</strong></span> <span class='ocrx_word' id='word_1_715' title='bbox 3134 3433 3225 3502; x_wconf 87' lang='lat' dir='ltr'><strong>qui</strong></span> <span class='ocrx_word' id='word_1_716' title='bbox 3244 3431 3388 3488; x_wconf 87' lang='lat' dir='ltr'><strong>hanc</strong></span> 
     </span>
    </p>
   </div>
   <div class='ocr_carea' id='block_1_92' title="bbox 1803 3510 3389 3594">
    <p class='ocr_par' dir='ltr' id='par_1_92' title="bbox 1803 3510 3389 3594">
     <span class='ocr_line' id='line_1_92' title="bbox 1803 3510 3389 3594; baseline 0.008 -29"><span class='ocrx_word' id='word_1_717' title='bbox 1803 3510 1968 3569; x_wconf 87' lang='lat' dir='ltr'><strong>habet</strong></span> <span class='ocrx_word' id='word_1_718' title='bbox 1993 3517 2537 3587; x_wconf 78' lang='lat' dir='ltr'><strong>contemplationem.</strong></span> <span class='ocrx_word' id='word_1_719' title='bbox 2569 3515 2738 3575; x_wconf 78' lang='lat' dir='ltr'><strong>Israel</strong></span> <span class='ocrx_word' id='word_1_720' title='bbox 2771 3521 2914 3575; x_wconf 91' lang='lat' dir='ltr'><strong>enim</strong></span> <span class='ocrx_word' id='word_1_721' title='bbox 2939 3521 2994 3576; x_wconf 92' lang='lat' dir='ltr'><strong>in</strong></span> <span class='ocrx_word' id='word_1_722' title='bbox 3023 3522 3129 3576; x_wconf 89' lang='lat' dir='ltr'><strong>alia</strong></span> <span class='ocrx_word' id='word_1_723' title='bbox 3158 3523 3389 3594; x_wconf 84' lang='lat' dir='ltr'><strong>prophe-</strong></span> 
     </span>
    </p>
   </div>
   <div class='ocr_carea' id='block_1_93' title="bbox 1802 3604 3386 3688">
    <p class='ocr_par' dir='ltr' id='par_1_93' title="bbox 1802 3604 3386 3688">
     <span class='ocr_line' id='line_1_93' title="bbox 1802 3604 3386 3688; baseline 0.008 -30"><span class='ocrx_word' id='word_1_724' title='bbox 1802 3604 1878 3658; x_wconf 88' lang='lat' dir='ltr'><strong>tia</strong></span> <span class='ocrx_word' id='word_1_725' title='bbox 1910 3606 2096 3665; x_wconf 90' lang='lat' dir='ltr'><strong>dictus</strong></span> <span class='ocrx_word' id='word_1_726' title='bbox 2124 3616 2211 3664; x_wconf 88' lang='lat' dir='ltr'><strong>est</strong></span> <span class='ocrx_word' id='word_1_727' title='bbox 2236 3608 2516 3675; x_wconf 87' lang='lat' dir='ltr'><strong>Christus,</strong></span> <span class='ocrx_word' id='word_1_728' title='bbox 2559 3611 3021 3681; x_wconf 90' lang='lat' dir='ltr'><strong>quemadmodum</strong></span> <span class='ocrx_word' id='word_1_729' title='bbox 3047 3613 3102 3668; x_wconf 92' lang='lat' dir='ltr'><strong>in</strong></span> <span class='ocrx_word' id='word_1_730' title='bbox 3123 3615 3225 3669; x_wconf 90' lang='lat' dir='ltr'><strong>hac</strong></span> <span class='ocrx_word' id='word_1_731' title='bbox 3246 3630 3386 3688; x_wconf 90' lang='lat' dir='ltr'><strong>quo-</strong></span> 
     </span>
    </p>
   </div>
   <div class='ocr_carea' id='block_1_94' title="bbox 1801 3704 3384 3773">
    <p class='ocr_par' dir='ltr' id='par_1_94' title="bbox 1801 3704 3384 3773">
     <span class='ocr_line' id='line_1_94' title="bbox 1801 3704 3384 3773; baseline 0.006 -22"><span class='ocrx_word' id='word_1_732' title='bbox 1801 3712 1908 3767; x_wconf 87' lang='lat' dir='ltr'><strong>que</strong></span> <span class='ocrx_word' id='word_1_733' title='bbox 1938 3714 2101 3768; x_wconf 85' lang='lat' dir='ltr'><strong>quam</strong></span> <span class='ocrx_word' id='word_1_734' title='bbox 2158 3716 2308 3756; x_wconf 88' lang='lat' dir='ltr'><strong>nunc</strong></span> <span class='ocrx_word' id='word_1_735' title='bbox 2365 3710 2687 3758; x_wconf 82' lang='lat' dir='ltr'><strong>tractamus.</strong></span> <span class='ocrx_word' id='word_1_736' title='bbox 2737 3704 3010 3769; x_wconf 84' lang='lat' dir='ltr'><strong>Quoniam</strong></span> <span class='ocrx_word' id='word_1_737' title='bbox 3058 3704 3225 3773; x_wconf 79' lang='lat' dir='ltr'><strong>igitur</strong></span> <span class='ocrx_word' id='word_1_738' title='bbox 3270 3707 3384 3772; x_wconf 88' lang='lat' dir='ltr'><strong>hic,</strong></span> 
     </span>
    </p>
   </div>
   <div class='ocr_carea' id='block_1_95' title="bbox 1801 3787 3382 3868">
    <p class='ocr_par' dir='ltr' id='par_1_95' title="bbox 1801 3787 3382 3868">
     <span class='ocr_line' id='line_1_95' title="bbox 1801 3787 3382 3868; baseline 0.008 -27"><span class='ocrx_word' id='word_1_739' title='bbox 1801 3787 2002 3858; x_wconf 89' lang='lat' dir='ltr'><strong>inquit,</strong></span> <span class='ocrx_word' id='word_1_740' title='bbox 2036 3788 2299 3845; x_wconf 86' lang='lat' dir='ltr'><strong>obediens</strong></span> <span class='ocrx_word' id='word_1_741' title='bbox 2327 3792 2459 3846; x_wconf 89' lang='lat' dir='ltr'><strong>mihi</strong></span> <span class='ocrx_word' id='word_1_742' title='bbox 2486 3791 2690 3853; x_wconf 82' lang='lat' dir='ltr'><strong>factus,</strong></span> <span class='ocrx_word' id='word_1_743' title='bbox 2715 3793 2946 3850; x_wconf 80' lang='lat' dir='ltr'><strong>formam</strong></span> <span class='ocrx_word' id='word_1_744' title='bbox 2966 3797 3111 3851; x_wconf 85' lang='lat' dir='ltr'><strong>servi</strong></span> <span class='ocrx_word' id='word_1_745' title='bbox 3149 3798 3382 3868; x_wconf 90' lang='lat' dir='ltr'><strong>accepit,</strong></span> 
     </span>
    </p>
   </div>
   <div class='ocr_carea' id='block_1_96' title="bbox 1798 3879 3386 3959">
    <p class='ocr_par' dir='ltr' id='par_1_96' title="bbox 1798 3879 3386 3959">
     <span class='ocr_line' id='line_1_96' title="bbox 1798 3879 3386 3959; baseline 0.006 -24"><span class='ocrx_word' id='word_1_746' title='bbox 1798 3890 1853 3936; x_wconf 86' lang='lat' dir='ltr'><strong>et</strong></span> <span class='ocrx_word' id='word_1_747' title='bbox 1885 3879 2063 3936; x_wconf 78' lang='lat' dir='ltr'><strong>factus</strong></span> <span class='ocrx_word' id='word_1_748' title='bbox 2090 3888 2177 3936; x_wconf 83' lang='lat' dir='ltr'><strong>est</strong></span> <span class='ocrx_word' id='word_1_749' title='bbox 2206 3897 2344 3952; x_wconf 90' lang='lat' dir='ltr'><strong>puer</strong></span> <span class='ocrx_word' id='word_1_750' title='bbox 2390 3884 2525 3939; x_wconf 85' lang='lat' dir='ltr'><strong>mihi</strong></span> <span class='ocrx_word' id='word_1_751' title='bbox 2571 3885 2823 3952; x_wconf 89' lang='lat' dir='ltr'><strong>dilectus,</strong></span> <span class='ocrx_word' id='word_1_752' title='bbox 2855 3887 2985 3943; x_wconf 91' lang='lat' dir='ltr'><strong>dum</strong></span> <span class='ocrx_word' id='word_1_753' title='bbox 3022 3888 3206 3941; x_wconf 89' lang='lat' dir='ltr'><strong>omnia</strong></span> <span class='ocrx_word' id='word_1_754' title='bbox 3236 3904 3386 3959; x_wconf 75' lang='lat' dir='ltr'><strong>qua:-</strong></span> 
     </span>
    </p>
   </div>
   <div class='ocr_carea' id='block_1_97' title="bbox 1799 3974 3384 4051">
    <p class='ocr_par' dir='ltr' id='par_1_97' title="bbox 1799 3974 3384 4051">
     <span class='ocr_line' id='line_1_97' title="bbox 1799 3974 3384 4051; baseline 0.006 -24"><span class='ocrx_word' id='word_1_755' title='bbox 1799 3989 2019 4045; x_wconf 89' lang='lat' dir='ltr'><strong>cunque</strong></span> <span class='ocrx_word' id='word_1_756' title='bbox 2058 3975 2181 4030; x_wconf 89' lang='lat' dir='ltr'><strong>volo</strong></span> <span class='ocrx_word' id='word_1_757' title='bbox 2223 3974 2407 4039; x_wconf 73' lang='lat' dir='ltr'><strong>edicit,</strong></span> <span class='ocrx_word' id='word_1_758' title='bbox 2442 3975 2651 4032; x_wconf 91' lang='lat' dir='ltr'><strong>idcirco</strong></span> <span class='ocrx_word' id='word_1_759' title='bbox 2703 3978 2859 4032; x_wconf 91' lang='lat' dir='ltr'><strong>illum</strong></span> <span class='ocrx_word' id='word_1_760' title='bbox 2913 3995 2981 4034; x_wconf 82' lang='lat' dir='ltr'><strong>ex</strong></span> <span class='ocrx_word' id='word_1_761' title='bbox 3025 3978 3284 4051; x_wconf 65' lang='lat' dir='ltr'><strong>Egypto,</strong></span> <span class='ocrx_word' id='word_1_762' title='bbox 3315 3983 3384 4037; x_wconf 89' lang='lat' dir='ltr'><strong>ad</strong></span> 
     </span>
    </p>
   </div>
   <div class='ocr_carea' id='block_1_98' title="bbox 1797 4068 3385 4141">
    <p class='ocr_par' dir='ltr' id='par_1_98' title="bbox 1797 4068 3385 4141">
     <span class='ocr_line' id='line_1_98' title="bbox 1797 4068 3385 4141; baseline 0.005 -21"><span class='ocrx_word' id='word_1_763' title='bbox 1797 4084 1960 4138; x_wconf 88' lang='lat' dir='ltr'><strong>quam</strong></span> <span class='ocrx_word' id='word_1_764' title='bbox 1996 4068 2235 4124; x_wconf 81' lang='lat' dir='ltr'><strong>hominis</strong></span> <span class='ocrx_word' id='word_1_765' title='bbox 2265 4068 2445 4123; x_wconf 81' lang='lat' dir='ltr'><strong>fama</strong></span> <span class='ocrx_word' id='word_1_766' title='bbox 2484 4078 2771 4141; x_wconf 90' lang='lat' dir='ltr'><strong>assumpta</strong></span> <span class='ocrx_word' id='word_1_767' title='bbox 2824 4071 3128 4137; x_wconf 90' lang='lat' dir='ltr'><strong>descendit,</strong></span> <span class='ocrx_word' id='word_1_768' title='bbox 3160 4072 3290 4127; x_wconf 91' lang='lat' dir='ltr'><strong>dum</strong></span> <span class='ocrx_word' id='word_1_769' title='bbox 3320 4089 3385 4129; x_wconf 90' lang='lat' dir='ltr'><strong>ea</strong></span> 
     </span>
    </p>
   </div>
   <div class='ocr_carea' id='block_1_99' title="bbox 1796 4162 3384 4233">
    <p class='ocr_par' dir='ltr' id='par_1_99' title="bbox 1796 4162 3384 4233">
     <span class='ocr_line' id='line_1_99' title="bbox 1796 4162 3384 4233; baseline 0.004 -18"><span class='ocrx_word' id='word_1_770' title='bbox 1796 4177 1932 4215; x_wconf 82' lang='lat' dir='ltr'><strong>voce</strong></span> <span class='ocrx_word' id='word_1_771' title='bbox 1962 4170 2216 4218; x_wconf 87' lang='lat' dir='ltr'><strong>terrenus</strong></span> <span class='ocrx_word' id='word_1_772' title='bbox 2248 4164 2407 4220; x_wconf 88' lang='lat' dir='ltr'><strong>locus</strong></span> <span class='ocrx_word' id='word_1_773' title='bbox 2440 4162 2803 4233; x_wconf 79' lang='lat' dir='ltr'><strong>signiﬁcatur,</strong></span> <span class='ocrx_word' id='word_1_774' title='bbox 2839 4172 2934 4219; x_wconf 90' lang='lat' dir='ltr'><strong>aut</strong></span> <span class='ocrx_word' id='word_1_775' title='bbox 2972 4165 3139 4220; x_wconf 88' lang='lat' dir='ltr'><strong>etiam</strong></span> <span class='ocrx_word' id='word_1_776' title='bbox 3179 4181 3240 4221; x_wconf 71' lang='lat' dir='ltr'><strong>ex</strong></span> <span class='ocrx_word' id='word_1_777' title='bbox 3290 4166 3384 4221; x_wconf 89' lang='lat' dir='ltr'><strong>illa</strong></span> 
     </span>
    </p>
   </div>
   <div class='ocr_carea' id='block_1_100' title="bbox 1797 4255 3380 4328">
    <p class='ocr_par' dir='ltr' id='par_1_100' title="bbox 1797 4255 3380 4328">
     <span class='ocr_line' id='line_1_100' title="bbox 1797 4255 3380 4328; baseline 0.002 -20"><span class='ocrx_word' id='word_1_778' title='bbox 1797 4255 2100 4325; x_wconf 75' lang='lat' dir='ltr'><strong>vulgat‘iore</strong></span> <span class='ocrx_word' id='word_1_779' title='bbox 2129 4265 2393 4326; x_wconf 87' lang='lat' dir='ltr'><strong>tanquam</strong></span> <span class='ocrx_word' id='word_1_780' title='bbox 2417 4259 2720 4328; x_wconf 83' lang='lat' dir='ltr'><strong>legitimum</strong></span> <span class='ocrx_word' id='word_1_781' title='bbox 2772 4256 3146 4328; x_wconf 89' lang='lat' dir='ltr'><strong>dilectumque</strong></span> <span class='ocrx_word' id='word_1_782' title='bbox 3178 4256 3380 4311; x_wconf 90' lang='lat' dir='ltr'><strong>Filium</strong></span> 
     </span>
    </p>
   </div>
   <div class='ocr_carea' id='block_1_101' title="bbox 1795 4348 3385 4419">
    <p class='ocr_par' dir='ltr' id='par_1_101' title="bbox 1795 4348 3385 4419">
     <span class='ocr_line' id='line_1_101' title="bbox 1795 4348 3385 4419; baseline 0.003 -17"><span class='ocrx_word' id='word_1_783' title='bbox 1795 4349 2019 4402; x_wconf 81' lang='lat' dir='ltr'><strong>evocavi</strong></span> <span class='ocrx_word' id='word_1_784' title='bbox 2047 4366 2060 4402; x_wconf 94' lang='lat'><strong>:</strong></span> <span class='ocrx_word' id='word_1_785' title='bbox 2086 4363 2185 4404; x_wconf 85' lang='lat' dir='ltr'><strong>vos</strong></span> <span class='ocrx_word' id='word_1_786' title='bbox 2223 4356 2405 4403; x_wconf 88' lang='lat' dir='ltr'><strong>autem</strong></span> <span class='ocrx_word' id='word_1_787' title='bbox 2437 4349 2587 4419; x_wconf 89' lang='lat' dir='ltr'><strong>ipsos</strong></span> <span class='ocrx_word' id='word_1_788' title='bbox 2618 4348 2687 4404; x_wconf 91' lang='lat' dir='ltr'><strong>ad</strong></span> <span class='ocrx_word' id='word_1_789' title='bbox 2716 4363 2873 4419; x_wconf 82' lang='lat' dir='ltr'><strong>quos</strong></span> <span class='ocrx_word' id='word_1_790' title='bbox 2911 4364 3095 4404; x_wconf 88' lang='lat' dir='ltr'><strong>sermo</strong></span> <span class='ocrx_word' id='word_1_791' title='bbox 3140 4349 3385 4406; x_wconf 86' lang='lat' dir='ltr'><strong>directus</strong></span> 
     </span>
    </p>
   </div>
   <div class='ocr_carea' id='block_1_102' title="bbox 1794 4443 3386 4514">
    <p class='ocr_par' dir='ltr' id='par_1_102' title="bbox 1794 4443 3386 4514">
     <span class='ocr_line' id='line_1_102' title="bbox 1794 4443 3386 4514; baseline 0.004 -19"><span class='ocrx_word' id='word_1_792' title='bbox 1794 4447 1899 4504; x_wconf 84' lang='lat' dir='ltr'><strong>est,</strong></span> <span class='ocrx_word' id='word_1_793' title='bbox 1937 4455 2049 4495; x_wconf 83' lang='lat' dir='ltr'><strong>una</strong></span> <span class='ocrx_word' id='word_1_794' title='bbox 2103 4456 2231 4496; x_wconf 81' lang='lat' dir='ltr'><strong>cum</strong></span> <span class='ocrx_word' id='word_1_795' title='bbox 2283 4457 2453 4513; x_wconf 80' lang='lat' dir='ltr'><strong>regno</strong></span> <span class='ocrx_word' id='word_1_796' title='bbox 2510 4451 2698 4499; x_wconf 84' lang='lat' dir='ltr'><strong>vestro</strong></span> <span class='ocrx_word' id='word_1_797' title='bbox 2753 4443 3009 4501; x_wconf 82' lang='lat' dir='ltr'><strong>interitus</strong></span> <span class='ocrx_word' id='word_1_798' title='bbox 3056 4453 3111 4501; x_wconf 89' lang='lat' dir='ltr'><strong>et</strong></span> <span class='ocrx_word' id='word_1_799' title='bbox 3151 4446 3386 4514; x_wconf 89' lang='lat' dir='ltr'><strong>perditio</strong></span> 
     </span>
    </p>
   </div>
   <div class='ocr_carea' id='block_1_103' title="bbox 1797 4534 3377 4608">
    <p class='ocr_par' dir='ltr' id='par_1_103' title="bbox 1797 4534 3377 4608">
     <span class='ocr_line' id='line_1_103' title="bbox 1797 4534 3377 4608; baseline 0.005 -21"><span class='ocrx_word' id='word_1_800' title='bbox 1797 4534 2244 4604; x_wconf 77' lang='lat' dir='ltr'><strong>comprehendet.</strong></span> <span class='ocrx_word' id='word_1_801' title='bbox 2288 4534 2416 4590; x_wconf 81' lang='lat' dir='ltr'><strong>Haec</strong></span> <span class='ocrx_word' id='word_1_802' title='bbox 2451 4536 2671 4607; x_wconf 89' lang='lat' dir='ltr'><strong>quidem</strong></span> <span class='ocrx_word' id='word_1_803' title='bbox 2707 4537 2825 4606; x_wconf 89' lang='lat' dir='ltr'><strong>ipsa</strong></span> <span class='ocrx_word' id='word_1_804' title='bbox 2876 4538 3164 4608; x_wconf 84' lang='lat' dir='ltr'><strong>prophetia</strong></span> <span class='ocrx_word' id='word_1_805' title='bbox 3193 4560 3206 4595; x_wconf 92' lang='lat'><strong>:</strong></span> <span class='ocrx_word' id='word_1_806' title='bbox 3236 4555 3377 4594; x_wconf 87' lang='lat' dir='ltr'><strong>con-</strong></span> 
     </span>
    </p>
   </div>
   <div class='ocr_carea' id='block_1_104' title="bbox 1797 4627 3376 4698">
    <p class='ocr_par' dir='ltr' id='par_1_104' title="bbox 1797 4627 3376 4698">
     <span class='ocr_line' id='line_1_104' title="bbox 1797 4627 3376 4698; baseline 0.005 -19"><span class='ocrx_word' id='word_1_807' title='bbox 1797 4633 1907 4679; x_wconf 85' lang='lat' dir='ltr'><strong>stat</strong></span> <span class='ocrx_word' id='word_1_808' title='bbox 1951 4633 2131 4681; x_wconf 89' lang='lat' dir='ltr'><strong>autem</strong></span> <span class='ocrx_word' id='word_1_809' title='bbox 2168 4628 2628 4697; x_wconf 84' lang='lat' dir='ltr'><strong>quemadmodum</strong></span> <span class='ocrx_word' id='word_1_810' title='bbox 2678 4637 2803 4698; x_wconf 91' lang='lat' dir='ltr'><strong>post</strong></span> <span class='ocrx_word' id='word_1_811' title='bbox 2862 4627 3167 4687; x_wconf 87' lang='lat' dir='ltr'><strong>Salvatoris</strong></span> <span class='ocrx_word' id='word_1_812' title='bbox 3196 4632 3376 4687; x_wconf 82' lang='lat' dir='ltr'><strong>nostri</strong></span> 
     </span>
    </p>
   </div>
   <div class='ocr_carea' id='block_1_105' title="bbox 1792 4717 3378 4787">
    <p class='ocr_par' dir='ltr' id='par_1_105' title="bbox 1792 4717 3378 4787">
     <span class='ocr_line' id='line_1_105' title="bbox 1792 4717 3378 4787; baseline 0.002 -15"><span class='ocrx_word' id='word_1_813' title='bbox 1792 4723 2063 4787; x_wconf 87' lang='lat' dir='ltr'><strong>tempora,</strong></span> <span class='ocrx_word' id='word_1_814' title='bbox 2091 4732 2216 4772; x_wconf 89' lang='lat' dir='ltr'><strong>cum</strong></span> <span class='ocrx_word' id='word_1_815' title='bbox 2253 4718 2481 4773; x_wconf 88' lang='lat' dir='ltr'><strong>obsessa</strong></span> <span class='ocrx_word' id='word_1_816' title='bbox 2535 4717 2732 4773; x_wconf 82' lang='lat' dir='ltr'><strong>fuisset</strong></span> <span class='ocrx_word' id='word_1_817' title='bbox 2790 4733 2854 4772; x_wconf 88' lang='lat' dir='ltr'><strong>ac</strong></span> <span class='ocrx_word' id='word_1_818' title='bbox 2893 4726 3108 4773; x_wconf 88' lang='lat' dir='ltr'><strong>vastata</strong></span> <span class='ocrx_word' id='word_1_819' title='bbox 3152 4718 3378 4775; x_wconf 67' lang='lat' dir='ltr'><strong>Jerusa-</strong></span> 
     </span>
    </p>
   </div>
   <div class='ocr_carea' id='block_1_106' title="bbox 1791 4810 3377 4882">
    <p class='ocr_par' dir='ltr' id='par_1_106' title="bbox 1791 4810 3377 4882">
     <span class='ocr_line' id='line_1_106' title="bbox 1791 4810 3377 4882; baseline 0.002 -19"><span class='ocrx_word' id='word_1_820' title='bbox 1791 4810 1918 4873; x_wconf 85' lang='lat' dir='ltr'><strong>lem,</strong></span> <span class='ocrx_word' id='word_1_821' title='bbox 1942 4811 2193 4866; x_wconf 88' lang='lat' dir='ltr'><strong>sublatus</strong></span> <span class='ocrx_word' id='word_1_822' title='bbox 2214 4817 2320 4875; x_wconf 87' lang='lat' dir='ltr'><strong>est,</strong></span> <span class='ocrx_word' id='word_1_823' title='bbox 2353 4819 2407 4865; x_wconf 91' lang='lat' dir='ltr'><strong>et</strong></span> <span class='ocrx_word' id='word_1_824' title='bbox 2432 4810 2500 4864; x_wconf 91' lang='lat' dir='ltr'><strong>ad</strong></span> <span class='ocrx_word' id='word_1_825' title='bbox 2528 4818 2828 4865; x_wconf 83' lang='lat' dir='ltr'><strong>extremam</strong></span> <span class='ocrx_word' id='word_1_826' title='bbox 2881 4811 3183 4880; x_wconf 85' lang='lat' dir='ltr'><strong>perniciem</strong></span> <span class='ocrx_word' id='word_1_827' title='bbox 3234 4813 3377 4882; x_wconf 79' lang='lat' dir='ltr'><strong>reje-</strong></span> 
     </span>
    </p>
   </div>
   <div class='ocr_carea' id='block_1_107' title="bbox 1791 4903 3375 4974">
    <p class='ocr_par' dir='ltr' id='par_1_107' title="bbox 1791 4903 3375 4974">
     <span class='ocr_line' id='line_1_107' title="bbox 1791 4903 3375 4974; baseline 0.001 -17"><span class='ocrx_word' id='word_1_828' title='bbox 1791 4910 1936 4965; x_wconf 88' lang='lat' dir='ltr'><strong>ctus,</strong></span> <span class='ocrx_word' id='word_1_829' title='bbox 1979 4904 2072 4974; x_wconf 84' lang='lat' dir='ltr'><strong>qui</strong></span> <span class='ocrx_word' id='word_1_830' title='bbox 2104 4916 2280 4974; x_wconf 87' lang='lat' dir='ltr'><strong>usque</strong></span> <span class='ocrx_word' id='word_1_831' title='bbox 2311 4904 2376 4958; x_wconf 86' lang='lat' dir='ltr'><strong>ad</strong></span> <span class='ocrx_word' id='word_1_832' title='bbox 2408 4903 2541 4957; x_wconf 85' lang='lat' dir='ltr'><strong>illud</strong></span> <span class='ocrx_word' id='word_1_833' title='bbox 2589 4911 2808 4974; x_wconf 87' lang='lat' dir='ltr'><strong>tempus</strong></span> <span class='ocrx_word' id='word_1_834' title='bbox 2856 4913 3084 4959; x_wconf 88' lang='lat' dir='ltr'><strong>steterat</strong></span> <span class='ocrx_word' id='word_1_835' title='bbox 3131 4903 3375 4959; x_wconf 83' lang='lat' dir='ltr'><strong>Judaicae</strong></span> 
     </span>
    </p>
   </div>
   <div class='ocr_carea' id='block_1_108' title="bbox 1789 4994 3375 5066">
    <p class='ocr_par' dir='ltr' id='par_1_108' title="bbox 1789 4994 3375 5066">
     <span class='ocr_line' id='line_1_108' title="bbox 1789 4994 3375 5066; baseline 0.001 -18"><span class='ocrx_word' id='word_1_836' title='bbox 1789 4996 1967 5064; x_wconf 83' lang='lat' dir='ltr'><strong>gentis</strong></span> <span class='ocrx_word' id='word_1_837' title='bbox 2010 4996 2186 5066; x_wconf 80' lang='lat' dir='ltr'><strong>legum</strong></span> <span class='ocrx_word' id='word_1_838' title='bbox 2246 5010 2382 5050; x_wconf 81' lang='lat' dir='ltr'><strong>usus</strong></span> <span class='ocrx_word' id='word_1_839' title='bbox 2433 4994 2724 5065; x_wconf 87' lang='lat' dir='ltr'><strong>omnisque</strong></span> <span class='ocrx_word' id='word_1_840' title='bbox 2756 4996 3117 5066; x_wconf 88' lang='lat' dir='ltr'><strong>principatus.</strong></span> <span class='ocrx_word' id='word_1_841' title='bbox 3143 4996 3375 5051; x_wconf 81' lang='lat' dir='ltr'><strong>Verum-</strong></span> 
     </span>
    </p>
   </div>
   <div class='ocr_carea' id='block_1_109' title="bbox 1794 5087 3369 5159">
    <p class='ocr_par' dir='ltr' id='par_1_109' title="bbox 1794 5087 3369 5159">
     <span class='ocr_line' id='line_1_109' title="bbox 1794 5087 3369 5159; baseline -0.001 -18"><span class='ocrx_word' id='word_1_842' title='bbox 1794 5096 1976 5143; x_wconf 88' lang='lat' dir='ltr'><strong>tamen</strong></span> <span class='ocrx_word' id='word_1_843' title='bbox 2035 5088 2148 5159; x_wconf 83' lang='lat' dir='ltr'><strong>jam</strong></span> <span class='ocrx_word' id='word_1_844' title='bbox 2195 5090 2381 5152; x_wconf 89' lang='lat' dir='ltr'><strong>tertio,</strong></span> <span class='ocrx_word' id='word_1_845' title='bbox 2431 5104 2551 5158; x_wconf 69' lang='lat' dir='ltr'><strong>quae</strong></span> <span class='ocrx_word' id='word_1_846' title='bbox 2589 5088 2656 5142; x_wconf 90' lang='lat' dir='ltr'><strong>ad</strong></span> <span class='ocrx_word' id='word_1_847' title='bbox 2711 5087 3008 5159; x_wconf 67' lang='lat' dir='ltr'><strong>Aigyptum</strong></span> <span class='ocrx_word' id='word_1_848' title='bbox 3072 5089 3369 5159; x_wconf 87' lang='lat' dir='ltr'><strong>pertinent,</strong></span> 
     </span>
    </p>
   </div>
   <div class='ocr_carea' id='block_1_110' title="bbox 1793 5180 3373 5251">
    <p class='ocr_par' dir='ltr' id='par_1_110' title="bbox 1793 5180 3373 5251">
     <span class='ocr_line' id='line_1_110' title="bbox 1793 5180 3373 5251; baseline 0.002 -16"><span class='ocrx_word' id='word_1_849' title='bbox 1793 5196 2024 5251; x_wconf 65' lang='lat' dir='ltr'><strong>quaeque</strong></span> <span class='ocrx_word' id='word_1_850' title='bbox 2057 5181 2124 5234; x_wconf 89' lang='lat' dir='ltr'><strong>ad</strong></span> <span class='ocrx_word' id='word_1_851' title='bbox 2158 5181 2263 5236; x_wconf 84' lang='lat' dir='ltr'><strong>iter</strong></span> <span class='ocrx_word' id='word_1_852' title='bbox 2289 5180 2433 5250; x_wconf 91' lang='lat' dir='ltr'><strong>quod</strong></span> <span class='ocrx_word' id='word_1_853' title='bbox 2470 5181 2527 5235; x_wconf 90' lang='lat' dir='ltr'><strong>in</strong></span> <span class='ocrx_word' id='word_1_854' title='bbox 2564 5182 2712 5235; x_wconf 90' lang='lat' dir='ltr'><strong>illam</strong></span> <span class='ocrx_word' id='word_1_855' title='bbox 2746 5189 2833 5236; x_wconf 91' lang='lat' dir='ltr'><strong>est</strong></span> <span class='ocrx_word' id='word_1_856' title='bbox 2866 5180 3373 5244; x_wconf 79' lang='lat' dir='ltr'><strong>factum,divinitus</strong></span> 
     </span>
    </p>
   </div>
   <div class='ocr_carea' id='block_1_111' title="bbox 1792 5274 3373 5345">
    <p class='ocr_par' dir='ltr' id='par_1_111' title="bbox 1792 5274 3373 5345">
     <span class='ocr_line' id='line_1_111' title="bbox 1792 5274 3373 5345; baseline 0.001 -17"><span class='ocrx_word' id='word_1_857' title='bbox 1792 5274 2051 5345; x_wconf 83' lang='lat' dir='ltr'><strong>praedicta</strong></span> <span class='ocrx_word' id='word_1_858' title='bbox 2091 5281 2220 5328; x_wconf 82' lang='lat' dir='ltr'><strong>sunt</strong></span> <span class='ocrx_word' id='word_1_859' title='bbox 2250 5290 2264 5328; x_wconf 90' lang='lat'><strong>:</strong></span> <span class='ocrx_word' id='word_1_860' title='bbox 2297 5274 2451 5344; x_wconf 84' lang='lat' dir='ltr'><strong>quod</strong></span> <span class='ocrx_word' id='word_1_861' title='bbox 2477 5274 2523 5329; x_wconf 92' lang='lat' dir='ltr'><strong>si</strong></span> <span class='ocrx_word' id='word_1_862' title='bbox 2554 5274 2677 5344; x_wconf 79' lang='lat' dir='ltr'><strong>quis</strong></span> <span class='ocrx_word' id='word_1_863' title='bbox 2725 5275 2878 5328; x_wconf 89' lang='lat' dir='ltr'><strong>nullo</strong></span> <span class='ocrx_word' id='word_1_864' title='bbox 2924 5275 3087 5330; x_wconf 89' lang='lat' dir='ltr'><strong>modo</strong></span> <span class='ocrx_word' id='word_1_865' title='bbox 3135 5275 3373 5330; x_wconf 81' lang='lat' dir='ltr'><strong>fateatur</strong></span> 
     </span>
    </p>
   </div>
   <div class='ocr_carea' id='block_1_112' title="bbox 1790 5364 3370 5430">
    <p class='ocr_par' dir='ltr' id='par_1_112' title="bbox 1790 5364 3370 5430">
     <span class='ocr_line' id='line_1_112' title="bbox 1790 5364 3370 5430; baseline 0.001 -9"><span class='ocrx_word' id='word_1_866' title='bbox 1790 5383 1853 5421; x_wconf 85' lang='lat' dir='ltr'><strong>ea</strong></span> <span class='ocrx_word' id='word_1_867' title='bbox 1898 5376 2089 5422; x_wconf 89' lang='lat' dir='ltr'><strong>nostro</strong></span> <span class='ocrx_word' id='word_1_868' title='bbox 2135 5364 2410 5420; x_wconf 84' lang='lat' dir='ltr'><strong>Salvatori</strong></span> <span class='ocrx_word' id='word_1_869' title='bbox 2441 5368 2757 5430; x_wconf 87' lang='lat' dir='ltr'><strong>convenire,</strong></span> <span class='ocrx_word' id='word_1_870' title='bbox 2787 5373 2842 5420; x_wconf 91' lang='lat' dir='ltr'><strong>at</strong></span> <span class='ocrx_word' id='word_1_871' title='bbox 2892 5367 3085 5421; x_wconf 90' lang='lat' dir='ltr'><strong>saltem</strong></span> <span class='ocrx_word' id='word_1_872' title='bbox 3126 5382 3252 5420; x_wconf 90' lang='lat' dir='ltr'><strong>cum</strong></span> <span class='ocrx_word' id='word_1_873' title='bbox 3304 5381 3370 5423; x_wconf 85' lang='lat' dir='ltr'><strong>ea</strong></span> 
     </span>
    </p>
   </div>
   <div class='ocr_carea' id='block_1_113' title="bbox 1792 5457 3370 5529">
    <p class='ocr_par' dir='ltr' id='par_1_113' title="bbox 1792 5457 3370 5529">
     <span class='ocr_line' id='line_1_113' title="bbox 1792 5457 3370 5529; baseline 0 -16"><span class='ocrx_word' id='word_1_874' title='bbox 1792 5458 2076 5514; x_wconf 70' lang='lat' dir='ltr'><strong>Matthazus</strong></span> <span class='ocrx_word' id='word_1_875' title='bbox 2106 5459 2443 5529; x_wconf 90' lang='lat' dir='ltr'><strong>apposuerit,</strong></span> <span class='ocrx_word' id='word_1_876' title='bbox 2482 5458 2550 5514; x_wconf 90' lang='lat' dir='ltr'><strong>de</strong></span> <span class='ocrx_word' id='word_1_877' title='bbox 2577 5458 2896 5513; x_wconf 86' lang='lat' dir='ltr'><strong>testimonio</strong></span> <span class='ocrx_word' id='word_1_878' title='bbox 2931 5457 3079 5529; x_wconf 89' lang='lat' dir='ltr'><strong>quod</strong></span> <span class='ocrx_word' id='word_1_879' title='bbox 3110 5466 3194 5512; x_wconf 85' lang='lat' dir='ltr'><strong>est</strong></span> <span class='ocrx_word' id='word_1_880' title='bbox 3224 5458 3370 5529; x_wconf 87' lang='lat' dir='ltr'><strong>apud</strong></span> 
     </span>
    </p>
   </div>
   <div class='ocr_carea' id='block_1_114' title="bbox 106 5550 3365 5625">
    <p class='ocr_par' dir='ltr' id='par_1_114' title="bbox 106 5550 3365 5625">
     <span class='ocr_line' id='line_1_114' title="bbox 106 5550 3365 5625; baseline 0.001 -20"><span class='ocrx_word' id='word_1_881' title='bbox 106 5552 308 5608; x_wconf 67' lang='lat' dir='ltr'><strong>Mosen:</strong></span> <span class='ocrx_word' id='word_1_882' title='bbox 342 5555 411 5608; x_wconf 84' lang='lat' dir='ltr'><strong>ab</strong></span> <span class='ocrx_word' id='word_1_883' title='bbox 455 5554 550 5617; x_wconf 86' lang='lat' dir='ltr'><strong>illo</strong></span> <span class='ocrx_word' id='word_1_884' title='bbox 583 5561 829 5624; x_wconf 85' lang='lat' dir='ltr'><strong>accepta,</strong></span> <span class='ocrx_word' id='word_1_885' title='bbox 861 5566 929 5609; x_wconf 89' lang='lat' dir='ltr'><strong>ne</strong></span> <span class='ocrx_word' id='word_1_886' title='bbox 950 5560 1130 5625; x_wconf 78' lang='lat' dir='ltr'><strong>neget,</strong></span> <span class='ocrx_word' id='word_1_887' title='bbox 1175 5553 1323 5624; x_wconf 87' lang='lat' dir='ltr'><strong>quod</strong></span> <span class='ocrx_word' id='word_1_888' title='bbox 1373 5552 1539 5623; x_wconf 91' lang='lat' dir='ltr'><strong>paulo</strong></span> <span class='ocrx_word' id='word_1_889' title='bbox 1598 5562 1722 5607; x_wconf 88' lang='lat' dir='ltr'><strong>ante</strong></span> <span class='ocrx_word' id='word_1_890' title='bbox 1760 5553 2139 5616; x_wconf 81' lang='lat' dir='ltr'><strong>tractavimus,</strong></span> <span class='ocrx_word' id='word_1_891' title='bbox 2180 5551 2460 5606; x_wconf 89' lang='lat' dir='ltr'><strong>dumillud</strong></span> <span class='ocrx_word' id='word_1_892' title='bbox 2482 5550 2649 5623; x_wconf 69' lang='grc'><strong>428</strong></span> <span class='ocrx_word' id='word_1_893' title='bbox 2685 5570 2697 5606; x_wconf 90' lang='lat'>:</span> <span class='ocrx_word' id='word_1_894' title='bbox 2738 5551 2912 5608; x_wconf 70' lang='lat' dir='ltr'><strong>«Deus</strong></span> <span class='ocrx_word' id='word_1_895' title='bbox 2938 5551 3094 5606; x_wconf 82' lang='lat' dir='ltr'><strong>duxit</strong></span> <span class='ocrx_word' id='word_1_896' title='bbox 3125 5551 3277 5606; x_wconf 89' lang='lat' dir='ltr'><strong>illum</strong></span> <span class='ocrx_word' id='word_1_897' title='bbox 3299 5568 3365 5609; x_wconf 81' lang='lat' dir='ltr'><strong>ex</strong></span> 
     </span>
    </p>
   </div>
   <div class='ocr_carea' id='block_1_115' title="bbox 101 5638 3364 5715">
    <p class='ocr_par' dir='ltr' id='par_1_115' title="bbox 101 5638 3364 5715">
     <span class='ocr_line' id='line_1_115' title="bbox 101 5638 3364 5715; baseline -0.001 -15"><span class='ocrx_word' id='word_1_898' title='bbox 101 5644 364 5715; x_wconf 57' lang='lat' dir='ltr'><strong>Egypto,</strong></span> <span class='ocrx_word' id='word_1_899' title='bbox 411 5665 429 5697; x_wconf 86' lang='grc'>›</span> <span class='ocrx_word' id='word_1_900' title='bbox 462 5658 806 5708; x_wconf 86' lang='lat' dir='ltr'><strong>enarremus,</strong></span> <span class='ocrx_word' id='word_1_901' title='bbox 838 5643 1061 5714; x_wconf 88' lang='lat' dir='ltr'><strong>quando</strong></span> <span class='ocrx_word' id='word_1_902' title='bbox 1096 5656 1166 5697; x_wconf 90' lang='lat' dir='ltr'><strong>ne</strong></span> <span class='ocrx_word' id='word_1_903' title='bbox 1208 5643 1330 5712; x_wconf 87' lang='lat' dir='ltr'><strong>ipse</strong></span> <span class='ocrx_word' id='word_1_904' title='bbox 1366 5640 1586 5712; x_wconf 85' lang='lat' dir='ltr'><strong>quidem</strong></span> <span class='ocrx_word' id='word_1_905' title='bbox 1608 5641 1965 5710; x_wconf 80' lang='lat' dir='ltr'><strong>evangelista,</strong></span> <span class='ocrx_word' id='word_1_906' title='bbox 1995 5655 2055 5696; x_wconf 86' lang='lat' dir='ltr'><strong>se</strong></span> <span class='ocrx_word' id='word_1_907' title='bbox 2079 5641 2148 5696; x_wconf 89' lang='lat' dir='ltr'><strong>ab</strong></span> <span class='ocrx_word' id='word_1_908' title='bbox 2176 5641 2353 5710; x_wconf 89' lang='lat' dir='ltr'><strong>ipsius</strong></span> <span class='ocrx_word' id='word_1_909' title='bbox 2399 5638 2555 5695; x_wconf 68' lang='lat' dir='ltr'><strong>Osca:</strong></span> <span class='ocrx_word' id='word_1_910' title='bbox 2584 5640 2868 5712; x_wconf 89' lang='lat' dir='ltr'><strong>prophetia</strong></span> <span class='ocrx_word' id='word_1_911' title='bbox 2913 5642 3197 5697; x_wconf 90' lang='lat' dir='ltr'><strong>oraculum</strong></span> <span class='ocrx_word' id='word_1_912' title='bbox 3270 5657 3364 5698; x_wconf 85' lang='lat' dir='ltr'><strong>ac-</strong></span> 
     </span>
    </p>
   </div>
   <div class='ocr_carea' id='block_1_116' title="bbox 102 5733 3364 5809">
    <p class='ocr_par' dir='ltr' id='par_1_116' title="bbox 102 5733 3364 5809">
     <span class='ocr_line' id='line_1_116' title="bbox 102 5733 3364 5809; baseline 0 -17"><span class='ocrx_word' id='word_1_913' title='bbox 102 5734 317 5807; x_wconf 81' lang='lat' dir='ltr'><strong>cepisse</strong></span> <span class='ocrx_word' id='word_1_914' title='bbox 348 5736 630 5802; x_wconf 80' lang='lat' dir='ltr'><strong>indicavit,</strong></span> <span class='ocrx_word' id='word_1_915' title='bbox 674 5744 734 5792; x_wconf 91' lang='lat' dir='ltr'><strong>ut</strong></span> <span class='ocrx_word' id='word_1_916' title='bbox 781 5736 1144 5806; x_wconf 82' lang='lat' dir='ltr'><strong>undecunque</strong></span> <span class='ocrx_word' id='word_1_917' title='bbox 1172 5742 1483 5805; x_wconf 85' lang='lat' dir='ltr'><strong>quaerentes</strong></span> <span class='ocrx_word' id='word_1_918' title='bbox 1532 5735 1744 5809; x_wconf 83' lang='lat' dir='ltr'><strong>possint</strong></span> <span class='ocrx_word' id='word_1_919' title='bbox 1785 5734 1862 5790; x_wconf 90' lang='lat' dir='ltr'><strong>illi</strong></span> <span class='ocrx_word' id='word_1_920' title='bbox 1894 5733 2206 5805; x_wconf 86' lang='lat' dir='ltr'><strong>ubicunque</strong></span> <span class='ocrx_word' id='word_1_921' title='bbox 2246 5734 2484 5804; x_wconf 88' lang='lat' dir='ltr'><strong>positum</strong></span> <span class='ocrx_word' id='word_1_922' title='bbox 2516 5736 2610 5803; x_wconf 88' lang='lat' dir='ltr'><strong>sit,</strong></span> <span class='ocrx_word' id='word_1_923' title='bbox 2658 5735 2907 5792; x_wconf 85' lang='lat' dir='ltr'><strong>invenire</strong></span> <span class='ocrx_word' id='word_1_924' title='bbox 2944 5753 2959 5790; x_wconf 86' lang='lat'><strong>:</strong></span> <span class='ocrx_word' id='word_1_925' title='bbox 2995 5734 3071 5791; x_wconf 89' lang='lat' dir='ltr'><strong>ibi</strong></span> <span class='ocrx_word' id='word_1_926' title='bbox 3113 5734 3364 5793; x_wconf 80' lang='lat' dir='ltr'><strong>videlicet</strong></span> 
     </span>
    </p>
   </div>
   <div class='ocr_carea' id='block_1_117' title="bbox 107 5824 1399 5903">
    <p class='ocr_par' dir='ltr' id='par_1_117' title="bbox 107 5824 1399 5903">
     <span class='ocr_line' id='line_1_117' title="bbox 107 5824 1399 5903; baseline -0.002 -20"><span class='ocrx_word' id='word_1_927' title='bbox 107 5828 247 5885; x_wconf 88' lang='lat' dir='ltr'><strong>unde</strong></span> <span class='ocrx_word' id='word_1_928' title='bbox 270 5843 371 5900; x_wconf 89' lang='lat' dir='ltr'><strong>par</strong></span> <span class='ocrx_word' id='word_1_929' title='bbox 395 5838 480 5885; x_wconf 84' lang='lat' dir='ltr'><strong>est</strong></span> <span class='ocrx_word' id='word_1_930' title='bbox 501 5829 889 5903; x_wconf 77' lang='lat' dir='ltr'><strong>evangelistam</strong></span> <span class='ocrx_word' id='word_1_931' title='bbox 916 5826 1050 5884; x_wconf 86' lang='lat' dir='ltr'><strong>illud</strong></span> <span class='ocrx_word' id='word_1_932' title='bbox 1080 5824 1399 5899; x_wconf 80' lang='lat' dir='ltr'><strong>protulisse.</strong></span> 
     </span>
    </p>
   </div>
  </div>
