  <div class='ocr_page' id='page_1' title='image "/cluster/home/n/w/nwhite01/storage/ocr_20150623/22/nnc1.0046978372/355.png"; bbox 0 0 3836 6220; ppageno 0'>
   <div class='ocr_carea' id='block_1_1' title="bbox 441 323 544 383">
    <p class='ocr_par' dir='ltr' id='par_1_1' title="bbox 441 323 544 383">
     <span class='ocr_line' id='line_1_1' title="bbox 441 323 544 383; baseline -0.039 0"><span class='ocrx_word' id='word_1_1' title='bbox 441 323 544 383; x_wconf 64' lang='grc' dir='ltr'><strong>ωἷ</strong></span> 
     </span>
    </p>
   </div>
   <div class='ocr_carea' id='block_1_2' title="bbox 512 438 1966 523">
    <p class='ocr_par' dir='ltr' id='par_1_2' title="bbox 512 438 1966 523">
     <span class='ocr_line' id='line_1_2' title="bbox 512 438 1966 523; baseline 0.001 -29"><span class='ocrx_word' id='word_1_2' title='bbox 512 440 594 494; x_wconf 82' lang='lat' dir='ltr'><strong>Ab</strong></span> <span class='ocrx_word' id='word_1_3' title='bbox 629 438 801 495; x_wconf 71' lang='lat' dir='ltr'><strong>Isaia.</strong></span> <span class='ocrx_word' id='word_1_4' title='bbox 833 469 901 480; x_wconf 96' lang='lat'><strong>—</strong></span> <span class='ocrx_word' id='word_1_5' title='bbox 938 438 1019 494; x_wconf 80' lang='lat' dir='ltr'><strong>De</strong></span> <span class='ocrx_word' id='word_1_6' title='bbox 1068 439 1298 523; x_wconf 65' lang='lat' dir='ltr'><strong>Joannis</strong></span> <span class='ocrx_word' id='word_1_7' title='bbox 1334 440 1391 495; x_wconf 75' lang='lat' dir='ltr'><strong>in</strong></span> <span class='ocrx_word' id='word_1_8' title='bbox 1441 441 1649 498; x_wconf 77' lang='lat' dir='ltr'><strong>deserto</strong></span> <span class='ocrx_word' id='word_1_9' title='bbox 1700 441 1966 513; x_wconf 65' lang='lat' dir='ltr'><strong>pradica-</strong></span> 
     </span>
    </p>
   </div>
   <div class='ocr_carea' id='block_1_3' title="bbox 1157 520 1317 565">
    <p class='ocr_par' dir='ltr' id='par_1_3' title="bbox 1157 520 1317 565">
     <span class='ocr_line' id='line_1_3' title="bbox 1157 520 1317 565; baseline 0.006 -2"><span class='ocrx_word' id='word_1_10' title='bbox 1157 520 1317 565; x_wconf 74' lang='lat' dir='ltr'><strong>tione.</strong></span> 
     </span>
    </p>
   </div>
   <div class='ocr_carea' id='block_1_4' title="bbox 517 623 2022 682">
    <p class='ocr_par' dir='ltr' id='par_1_4' title="bbox 517 623 2022 682">
     <span class='ocr_line' id='line_1_4' title="bbox 517 623 2022 682; baseline 0.002 -3"><span class='ocrx_word' id='word_1_11' title='bbox 517 646 537 679; x_wconf 75' lang='grc' dir='ltr'><strong>ι</strong></span> <span class='ocrx_word' id='word_1_12' title='bbox 572 625 690 681; x_wconf 76' lang='lat' dir='ltr'><strong>Vox</strong></span> <span class='ocrx_word' id='word_1_13' title='bbox 712 625 999 681; x_wconf 75' lang='lat' dir='ltr'><strong>clamantis</strong></span> <span class='ocrx_word' id='word_1_14' title='bbox 1017 625 1070 679; x_wconf 90' lang='lat' dir='ltr'><strong>in</strong></span> <span class='ocrx_word' id='word_1_15' title='bbox 1097 624 1347 680; x_wconf 85' lang='lat' dir='ltr'><strong>deserto:</strong></span> <span class='ocrx_word' id='word_1_16' title='bbox 1370 623 1570 681; x_wconf 87' lang='lat' dir='ltr'><strong>Paratc</strong></span> <span class='ocrx_word' id='word_1_17' title='bbox 1595 626 1738 680; x_wconf 91' lang='lat' dir='ltr'><strong>viam</strong></span> <span class='ocrx_word' id='word_1_18' title='bbox 1766 625 2022 682; x_wconf 81' lang='lat' dir='ltr'><strong>Domini:</strong></span> 
     </span>
    </p>
   </div>
   <div class='ocr_carea' id='block_1_5' title="bbox 444 714 2024 786">
    <p class='ocr_par' dir='ltr' id='par_1_5' title="bbox 444 714 2024 786">
     <span class='ocr_line' id='line_1_5' title="bbox 444 714 2024 786; baseline 0.001 -16"><span class='ocrx_word' id='word_1_19' title='bbox 444 726 621 772; x_wconf 83' lang='lat' dir='ltr'><strong>rectas</strong></span> <span class='ocrx_word' id='word_1_20' title='bbox 655 715 816 770; x_wconf 81' lang='lat' dir='ltr'><strong>facile</strong></span> <span class='ocrx_word' id='word_1_21' title='bbox 846 714 1073 769; x_wconf 87' lang='lat' dir='ltr'><strong>semitas</strong></span> <span class='ocrx_word' id='word_1_22' title='bbox 1103 714 1243 782; x_wconf 86' lang='lat' dir='ltr'><strong>ejus.</strong></span> <span class='ocrx_word' id='word_1_23' title='bbox 1274 714 1467 771; x_wconf 88' lang='lat' dir='ltr'><strong>Omnis</strong></span> <span class='ocrx_word' id='word_1_24' title='bbox 1500 717 1658 771; x_wconf 88' lang='lat' dir='ltr'><strong>vallis</strong></span> <span class='ocrx_word' id='word_1_25' title='bbox 1692 717 2024 786; x_wconf 86' lang='lat' dir='ltr'><strong>implebitur,</strong></span> 
     </span>
    </p>
   </div>
   <div class='ocr_carea' id='block_1_6' title="bbox 440 807 2027 879">
    <p class='ocr_par' dir='ltr' id='par_1_6' title="bbox 440 807 2027 879">
     <span class='ocr_line' id='line_1_6' title="bbox 440 807 2027 879; baseline -0.001 -16"><span class='ocrx_word' id='word_1_26' title='bbox 440 819 494 864; x_wconf 86' lang='lat' dir='ltr'><strong>et</strong></span> <span class='ocrx_word' id='word_1_27' title='bbox 520 810 701 863; x_wconf 88' lang='lat' dir='ltr'><strong>omnis</strong></span> <span class='ocrx_word' id='word_1_28' title='bbox 725 823 886 862; x_wconf 87' lang='lat' dir='ltr'><strong>mons</strong></span> <span class='ocrx_word' id='word_1_29' title='bbox 904 807 1541 861; x_wconf 86' lang='lat' dir='ltr'><strong>etcollisltumiliabitur</strong></span> <span class='ocrx_word' id='word_1_30' title='bbox 1574 826 1586 861; x_wconf 91' lang='lat'>:</span> <span class='ocrx_word' id='word_1_31' title='bbox 1621 817 1676 862; x_wconf 86' lang='lat' dir='ltr'><strong>et</strong></span> <span class='ocrx_word' id='word_1_32' title='bbox 1707 817 1863 863; x_wconf 83' lang='lat' dir='ltr'><strong>erunt</strong></span> <span class='ocrx_word' id='word_1_33' title='bbox 1902 825 2027 879; x_wconf 88' lang='lat' dir='ltr'><strong>pra-</strong></span> 
     </span>
    </p>
   </div>
   <div class='ocr_carea' id='block_1_7' title="bbox 440 899 2027 970">
    <p class='ocr_par' dir='ltr' id='par_1_7' title="bbox 440 899 2027 970">
     <span class='ocr_line' id='line_1_7' title="bbox 440 899 2027 970; baseline 0 -14"><span class='ocrx_word' id='word_1_34' title='bbox 440 916 506 956; x_wconf 89' lang='lat' dir='ltr'><strong>va</strong></span> <span class='ocrx_word' id='word_1_35' title='bbox 532 902 583 953; x_wconf 91' lang='lat' dir='ltr'><strong>iu</strong></span> <span class='ocrx_word' id='word_1_36' title='bbox 604 908 833 962; x_wconf 89' lang='lat' dir='ltr'><strong>rectam,</strong></span> <span class='ocrx_word' id='word_1_37' title='bbox 860 906 915 953; x_wconf 90' lang='lat' dir='ltr'><strong>et</strong></span> <span class='ocrx_word' id='word_1_38' title='bbox 942 915 1151 968; x_wconf 62' lang='lat' dir='ltr'><strong>aspera:</strong></span> <span class='ocrx_word' id='word_1_39' title='bbox 1178 899 1232 953; x_wconf 89' lang='lat' dir='ltr'><strong>in</strong></span> <span class='ocrx_word' id='word_1_40' title='bbox 1261 899 1380 954; x_wconf 85' lang='lat' dir='ltr'><strong>vias</strong></span> <span class='ocrx_word' id='word_1_41' title='bbox 1409 900 1598 970; x_wconf 85' lang='lat' dir='ltr'><strong>planas</strong></span> <span class='ocrx_word' id='word_1_42' title='bbox 1635 920 1648 954; x_wconf 88' lang='lat'><strong>:</strong></span> <span class='ocrx_word' id='word_1_43' title='bbox 1678 909 1733 954; x_wconf 93' lang='lat' dir='ltr'><strong>ct</strong></span> <span class='ocrx_word' id='word_1_44' title='bbox 1752 900 2027 956; x_wconf 89' lang='lat' dir='ltr'><strong>videbitur</strong></span> 
     </span>
    </p>
   </div>
   <div class='ocr_carea' id='block_1_8' title="bbox 439 991 2021 1063">
    <p class='ocr_par' dir='ltr' id='par_1_8' title="bbox 439 991 2021 1063">
     <span class='ocr_line' id='line_1_8' title="bbox 439 991 2021 1063; baseline 0.001 -18"><span class='ocrx_word' id='word_1_45' title='bbox 439 994 613 1063; x_wconf 76' lang='lat' dir='ltr'><strong>gloria</strong></span> <span class='ocrx_word' id='word_1_46' title='bbox 650 991 888 1047; x_wconf 82' lang='lat' dir='ltr'><strong>Domini.</strong></span> <span class='ocrx_word' id='word_1_47' title='bbox 927 992 990 1045; x_wconf 84' lang='lat' dir='ltr'><strong>Et</strong></span> <span class='ocrx_word' id='word_1_48' title='bbox 1019 992 1222 1046; x_wconf 88' lang='lat' dir='ltr'><strong>videbit</strong></span> <span class='ocrx_word' id='word_1_49' title='bbox 1258 992 1439 1046; x_wconf 88' lang='lat' dir='ltr'><strong>omnis</strong></span> <span class='ocrx_word' id='word_1_50' title='bbox 1469 1006 1600 1046; x_wconf 84' lang='lat' dir='ltr'><strong>caro</strong></span> <span class='ocrx_word' id='word_1_51' title='bbox 1630 993 1875 1048; x_wconf 87' lang='lat' dir='ltr'><strong>salutare</strong></span> <span class='ocrx_word' id='word_1_52' title='bbox 1905 992 2021 1058; x_wconf 92' lang='lat' dir='ltr'><strong>Dei,</strong></span> 
     </span>
    </p>
   </div>
   <div class='ocr_carea' id='block_1_9' title="bbox 438 1081 2026 1155">
    <p class='ocr_par' dir='ltr' id='par_1_9' title="bbox 438 1081 2026 1155">
     <span class='ocr_line' id='line_1_9' title="bbox 438 1081 2026 1155; baseline -0.001 -16"><span class='ocrx_word' id='word_1_53' title='bbox 438 1085 699 1155; x_wconf 82' lang='lat' dir='ltr'><strong>quoniam</strong></span> <span class='ocrx_word' id='word_1_54' title='bbox 742 1083 1009 1139; x_wconf 85' lang='lat' dir='ltr'><strong>Dominus</strong></span> <span class='ocrx_word' id='word_1_55' title='bbox 1036 1085 1253 1138; x_wconf 88' lang='lat' dir='ltr'><strong>locutus</strong></span> <span class='ocrx_word' id='word_1_56' title='bbox 1282 1082 1444 1137; x_wconf 64' lang='lat' dir='ltr'><strong>est”.</strong></span> <span class='ocrx_word' id='word_1_57' title='bbox 1480 1103 1498 1135; x_wconf 83' lang='grc'><strong>›</strong></span> <span class='ocrx_word' id='word_1_58' title='bbox 1529 1081 1643 1137; x_wconf 81' lang='lat' dir='ltr'><strong>Hoc</strong></span> <span class='ocrx_word' id='word_1_59' title='bbox 1675 1098 1893 1153; x_wconf 91' lang='lat' dir='ltr'><strong>quoque</strong></span> <span class='ocrx_word' id='word_1_60' title='bbox 1930 1099 2026 1137; x_wconf 83' lang='lat' dir='ltr'><strong>va-</strong></span> 
     </span>
    </p>
   </div>
   <div class='ocr_carea' id='block_1_10' title="bbox 436 1174 2023 1246">
    <p class='ocr_par' dir='ltr' id='par_1_10' title="bbox 436 1174 2023 1246">
     <span class='ocr_line' id='line_1_10' title="bbox 436 1174 2023 1246; baseline 0.001 -16"><span class='ocrx_word' id='word_1_61' title='bbox 436 1176 687 1232; x_wconf 87' lang='lat' dir='ltr'><strong>ticinium</strong></span> <span class='ocrx_word' id='word_1_62' title='bbox 723 1176 1015 1246; x_wconf 77' lang='lat' dir='ltr'><strong>Oportebat</strong></span> <span class='ocrx_word' id='word_1_63' title='bbox 1075 1175 1179 1230; x_wconf 90' lang='lat' dir='ltr'><strong>sub</strong></span> <span class='ocrx_word' id='word_1_64' title='bbox 1234 1174 1538 1229; x_wconf 90' lang='lat' dir='ltr'><strong>Salvatoris</strong></span> <span class='ocrx_word' id='word_1_65' title='bbox 1581 1177 1757 1230; x_wconf 87' lang='lat' dir='ltr'><strong>nostri</strong></span> <span class='ocrx_word' id='word_1_66' title='bbox 1808 1183 2023 1246; x_wconf 86' lang='lat' dir='ltr'><strong>tempus</strong></span> 
     </span>
    </p>
   </div>
   <div class='ocr_carea' id='block_1_11' title="bbox 437 1265 2019 1339">
    <p class='ocr_par' dir='ltr' id='par_1_11' title="bbox 437 1265 2019 1339">
     <span class='ocr_line' id='line_1_11' title="bbox 437 1265 2019 1339; baseline -0.003 -14"><span class='ocrx_word' id='word_1_67' title='bbox 437 1286 598 1325; x_wconf 85' lang='lat' dir='ltr'><strong>suum</strong></span> <span class='ocrx_word' id='word_1_68' title='bbox 633 1268 793 1323; x_wconf 88' lang='lat' dir='ltr'><strong>ﬁnem</strong></span> <span class='ocrx_word' id='word_1_69' title='bbox 844 1270 1182 1339; x_wconf 87' lang='lat' dir='ltr'><strong>contingere.</strong></span> <span class='ocrx_word' id='word_1_70' title='bbox 1221 1265 1518 1334; x_wconf 86' lang='lat' dir='ltr'><strong>Quocirca,</strong></span> <span class='ocrx_word' id='word_1_71' title='bbox 1557 1273 1617 1320; x_wconf 91' lang='lat' dir='ltr'><strong>ut</strong></span> <span class='ocrx_word' id='word_1_72' title='bbox 1644 1266 1789 1337; x_wconf 87' lang='lat' dir='ltr'><strong>apud</strong></span> <span class='ocrx_word' id='word_1_73' title='bbox 1816 1265 2019 1322; x_wconf 87' lang='lat' dir='ltr'><strong>Lucam</strong></span> 
     </span>
    </p>
   </div>
   <div class='ocr_carea' id='block_1_12' title="bbox 435 1360 2021 1431">
    <p class='ocr_par' dir='ltr' id='par_1_12' title="bbox 435 1360 2021 1431">
     <span class='ocr_line' id='line_1_12' title="bbox 435 1360 2021 1431; baseline -0.002 -14"><span class='ocrx_word' id='word_1_74' title='bbox 435 1361 825 1431; x_wconf 79' lang='lat' dir='ltr'><strong>evangelistam</strong></span> <span class='ocrx_word' id='word_1_75' title='bbox 862 1361 1129 1430; x_wconf 86' lang='lat' dir='ltr'><strong>scriptum</strong></span> <span class='ocrx_word' id='word_1_76' title='bbox 1152 1367 1263 1424; x_wconf 89' lang='lat' dir='ltr'><strong>est,</strong></span> <span class='ocrx_word' id='word_1_77' title='bbox 1310 1378 1329 1410; x_wconf 82' lang='grc' dir='ltr'><strong>ι</strong></span> <span class='ocrx_word' id='word_1_78' title='bbox 1370 1360 1431 1414; x_wconf 91' lang='lat' dir='ltr'><strong>ln</strong></span> <span class='ocrx_word' id='word_1_79' title='bbox 1465 1374 1611 1414; x_wconf 88' lang='lat' dir='ltr'><strong>anno</strong></span> <span class='ocrx_word' id='word_1_80' title='bbox 1642 1361 1837 1430; x_wconf 90' lang='lat' dir='ltr'><strong>quinto</strong></span> <span class='ocrx_word' id='word_1_81' title='bbox 1870 1360 2021 1415; x_wconf 89' lang='lat' dir='ltr'><strong>deci-</strong></span> 
     </span>
    </p>
   </div>
   <div class='ocr_carea' id='block_1_13' title="bbox 436 1451 2021 1525">
    <p class='ocr_par' dir='ltr' id='par_1_13' title="bbox 436 1451 2021 1525">
     <span class='ocr_line' id='line_1_13' title="bbox 436 1451 2021 1525; baseline -0.001 -18"><span class='ocrx_word' id='word_1_82' title='bbox 436 1469 537 1525; x_wconf 91' lang='lat' dir='ltr'><strong>tuo_</strong></span> <span class='ocrx_word' id='word_1_83' title='bbox 556 1454 771 1523; x_wconf 87' lang='lat' dir='ltr'><strong>imperii</strong></span> <span class='ocrx_word' id='word_1_84' title='bbox 799 1451 1004 1507; x_wconf 85' lang='lat' dir='ltr'><strong>Tiberii</strong></span> <span class='ocrx_word' id='word_1_85' title='bbox 1033 1453 1292 1518; x_wconf 76' lang='lat' dir='ltr'><strong>Caesaris,</strong></span> <span class='ocrx_word' id='word_1_86' title='bbox 1326 1459 1656 1521; x_wconf 83' lang='lat' dir='ltr'><strong>procurante</strong></span> <span class='ocrx_word' id='word_1_87' title='bbox 1701 1451 1899 1506; x_wconf 91' lang='lat' dir='ltr'><strong>Pontio</strong></span> <span class='ocrx_word' id='word_1_88' title='bbox 1929 1451 2021 1505; x_wconf 88' lang='lat' dir='ltr'><strong>Pi-</strong></span> 
     </span>
    </p>
   </div>
   <div class='ocr_carea' id='block_1_14' title="bbox 435 1542 2018 1614">
    <p class='ocr_par' dir='ltr' id='par_1_14' title="bbox 435 1542 2018 1614">
     <span class='ocr_line' id='line_1_14' title="bbox 435 1542 2018 1614; baseline 0.002 -18"><span class='ocrx_word' id='word_1_89' title='bbox 435 1542 823 1607; x_wconf 71' lang='lat' dir='ltr'><strong>latthtdteam,</strong></span> <span class='ocrx_word' id='word_1_90' title='bbox 851 1564 870 1596; x_wconf 79' lang='grc' dir='ltr'><strong>ι</strong></span> <span class='ocrx_word' id='word_1_91' title='bbox 893 1544 1216 1613; x_wconf 61' lang='lat' dir='ltr'><strong>exterisque</strong></span> <span class='ocrx_word' id='word_1_92' title='bbox 1238 1544 1632 1613; x_wconf 89' lang='lat' dir='ltr'><strong>imperantibus</strong></span> <span class='ocrx_word' id='word_1_93' title='bbox 1656 1544 1890 1614; x_wconf 89' lang='lat' dir='ltr'><strong>quicum</strong></span> <span class='ocrx_word' id='word_1_94' title='bbox 1915 1545 2018 1599; x_wconf 88' lang='lat' dir='ltr'><strong>hoc</strong></span> 
     </span>
    </p>
   </div>
   <div class='ocr_carea' id='block_1_15' title="bbox 434 1633 2018 1699">
    <p class='ocr_par' dir='ltr' id='par_1_15' title="bbox 434 1633 2018 1699">
     <span class='ocr_line' id='line_1_15' title="bbox 434 1633 2018 1699; baseline 0.001 -11"><span class='ocrx_word' id='word_1_95' title='bbox 434 1642 924 1699; x_wconf 86' lang='lat' dir='ltr'><strong>connumerantur,</strong></span> <span class='ocrx_word' id='word_1_96' title='bbox 969 1653 988 1684; x_wconf 74' lang='grc' dir='ltr'>σ</span> <span class='ocrx_word' id='word_1_97' title='bbox 1030 1635 1233 1688; x_wconf 85' lang='lat' dir='ltr'><strong>factum</strong></span> <span class='ocrx_word' id='word_1_98' title='bbox 1262 1641 1347 1689; x_wconf 90' lang='lat' dir='ltr'><strong>est</strong></span> <span class='ocrx_word' id='word_1_99' title='bbox 1377 1634 1602 1689; x_wconf 78' lang='lat' dir='ltr'><strong>verbum</strong></span> <span class='ocrx_word' id='word_1_100' title='bbox 1628 1633 1720 1689; x_wconf 90' lang='lat' dir='ltr'><strong>Dei</strong></span> <span class='ocrx_word' id='word_1_101' title='bbox 1750 1635 1817 1690; x_wconf 87' lang='lat' dir='ltr'><strong>ad</strong></span> <span class='ocrx_word' id='word_1_102' title='bbox 1849 1634 2018 1690; x_wconf 89' lang='lat' dir='ltr'><strong>Joan-</strong></span> 
     </span>
    </p>
   </div>
   <div class='ocr_carea' id='block_1_16' title="bbox 432 1725 2016 1791">
    <p class='ocr_par' dir='ltr' id='par_1_16' title="bbox 432 1725 2016 1791">
     <span class='ocr_line' id='line_1_16' title="bbox 432 1725 2016 1791; baseline -0.001 -9"><span class='ocrx_word' id='word_1_103' title='bbox 432 1743 558 1782; x_wconf 86' lang='lat' dir='ltr'><strong>nem</strong></span> <span class='ocrx_word' id='word_1_104' title='bbox 601 1727 884 1781; x_wconf 78' lang='lat' dir='ltr'><strong>Zacbaria:</strong></span> <span class='ocrx_word' id='word_1_105' title='bbox 915 1726 1108 1791; x_wconf 90' lang='lat' dir='ltr'><strong>ﬁlium,</strong></span> <span class='ocrx_word' id='word_1_106' title='bbox 1150 1727 1206 1780; x_wconf 92' lang='lat' dir='ltr'><strong>in</strong></span> <span class='ocrx_word' id='word_1_107' title='bbox 1237 1726 1475 1782; x_wconf 89' lang='lat' dir='ltr'><strong>deserto.</strong></span> <span class='ocrx_word' id='word_1_108' title='bbox 1524 1725 1745 1780; x_wconf 87' lang='lat' dir='ltr'><strong>Etcum</strong></span> <span class='ocrx_word' id='word_1_109' title='bbox 1776 1727 2016 1783; x_wconf 86' lang='lat' dir='ltr'><strong>venisset</strong></span> 
     </span>
    </p>
   </div>
   <div class='ocr_carea' id='block_1_17' title="bbox 1055 313 3048 379">
    <p class='ocr_par' dir='ltr' id='par_1_17' title="bbox 1055 313 3048 379">
     <span class='ocr_line' id='line_1_17' title="bbox 1055 313 3048 379; baseline -0.003 -4"><span class='ocrx_word' id='word_1_110' title='bbox 1055 319 1327 379; x_wconf 82' lang='lat' dir='ltr'><strong>EUSEBIJ</strong></span> <span class='ocrx_word' id='word_1_111' title='bbox 1370 319 1858 378; x_wconf 62' lang='lat' dir='ltr'><strong>CESARIENSIS</strong></span> <span class='ocrx_word' id='word_1_112' title='bbox 1898 319 2048 378; x_wconf 77' lang='lat' dir='ltr'><strong>OPP.</strong></span> <span class='ocrx_word' id='word_1_113' title='bbox 2110 317 2312 374; x_wconf 75' lang='lat' dir='ltr'><strong>PARS.</strong></span> <span class='ocrx_word' id='word_1_114' title='bbox 2361 317 2508 375; x_wconf 80' lang='lat' dir='ltr'><strong>il.—</strong></span> <span class='ocrx_word' id='word_1_115' title='bbox 2546 313 3048 372; x_wconf 77' lang='lat' dir='ltr'><strong>APOLOGETICA.</strong></span> 
     </span>
    </p>
   </div>
   <div class='ocr_carea' id='block_1_18' title="bbox 2062 427 3696 505">
    <p class='ocr_par' dir='ltr' id='par_1_18' title="bbox 2062 427 3696 505">
     <span class='ocr_line' id='line_1_18' title="bbox 2062 427 3696 505; baseline -0.008 -10"><span class='ocrx_word' id='word_1_116' title='bbox 2062 446 2110 500; x_wconf 77' lang='grc' dir='ltr'>Α</span> <span class='ocrx_word' id='word_1_117' title='bbox 2151 437 2283 494; x_wconf 74' lang='grc' dir='ltr'><strong>Ἀπὸ</strong></span> <span class='ocrx_word' id='word_1_118' title='bbox 2313 437 2421 493; x_wconf 84' lang='grc' dir='ltr'><strong>τοῦ</strong></span> <span class='ocrx_word' id='word_1_119' title='bbox 2461 437 2727 494; x_wconf 76' lang='grc' dir='ltr'>Ἡσαΐου.</span> <span class='ocrx_word' id='word_1_120' title='bbox 2755 465 2825 478; x_wconf 89' lang='lat'><strong>-—</strong></span> <span class='ocrx_word' id='word_1_121' title='bbox 2852 436 2995 505; x_wconf 79' lang='grc' dir='ltr'>Περὶ</span> <span class='ocrx_word' id='word_1_122' title='bbox 3020 431 3129 491; x_wconf 84' lang='grc' dir='ltr'><strong>τοῦ</strong></span> <span class='ocrx_word' id='word_1_123' title='bbox 3158 431 3307 487; x_wconf 82' lang='grc' dir='ltr'>κατὰ</span> <span class='ocrx_word' id='word_1_124' title='bbox 3345 427 3460 496; x_wconf 79' lang='grc' dir='ltr'>τὴν</span> <span class='ocrx_word' id='word_1_125' title='bbox 3496 427 3696 496; x_wconf 71' lang='grc' dir='ltr'>ἐρτυιον</span> 
     </span>
    </p>
   </div>
   <div class='ocr_carea' id='block_1_19' title="bbox 3610 310 3696 365">
    <p class='ocr_par' dir='ltr' id='par_1_19' title="bbox 3610 310 3696 365">
     <span class='ocr_line' id='line_1_19' title="bbox 3610 310 3696 365; baseline 0.023 -2"><span class='ocrx_word' id='word_1_126' title='bbox 3610 310 3696 365; x_wconf 75' lang='grc' dir='ltr'><strong>ὕ63</strong></span> 
     </span>
    </p>
   </div>
   <div class='ocr_carea' id='block_1_20' title="bbox 2588 505 3280 576">
    <p class='ocr_par' dir='ltr' id='par_1_20' title="bbox 2588 505 3280 576">
     <span class='ocr_line' id='line_1_20' title="bbox 2588 505 3280 576; baseline -0.009 -14"><span class='ocrx_word' id='word_1_127' title='bbox 2588 505 2859 562; x_wconf 78' lang='grc' dir='ltr'><strong>Ἰωάννου</strong></span> <span class='ocrx_word' id='word_1_128' title='bbox 2889 507 3280 576; x_wconf 57' lang='grc' dir='ltr'>κτιρύγιεςατος.</span> 
     </span>
    </p>
   </div>
   <div class='ocr_carea' id='block_1_21' title="bbox 2211 610 3694 693">
    <p class='ocr_par' dir='ltr' id='par_1_21' title="bbox 2211 610 3694 693">
     <span class='ocr_line' id='line_1_21' title="bbox 2211 610 3694 693; baseline -0.008 -18"><span class='ocrx_word' id='word_1_129' title='bbox 2211 641 2231 675; x_wconf 77' lang='grc' dir='ltr'><strong>ι</strong></span> <span class='ocrx_word' id='word_1_130' title='bbox 2256 620 2411 693; x_wconf 78' lang='grc' dir='ltr'>Φωνὴ</span> <span class='ocrx_word' id='word_1_131' title='bbox 2447 619 2678 691; x_wconf 84' lang='grc' dir='ltr'>βοῶντος</span> <span class='ocrx_word' id='word_1_132' title='bbox 2731 622 2788 673; x_wconf 89' lang='grc' dir='ltr'><strong>ἐν</strong></span> <span class='ocrx_word' id='word_1_133' title='bbox 2837 622 2905 692; x_wconf 81' lang='grc' dir='ltr'>τῇ</span> <span class='ocrx_word' id='word_1_134' title='bbox 2957 621 3176 691; x_wconf 78' lang='grc' dir='ltr'>ἐρήμῳ·</span> <span class='ocrx_word' id='word_1_135' title='bbox 3225 614 3579 685; x_wconf 73' lang='grc' dir='ltr'><strong>Ἑτοιμάσατε</strong></span> <span class='ocrx_word' id='word_1_136' title='bbox 3615 610 3694 682; x_wconf 67' lang='grc' dir='ltr'>τὴν</span> 
     </span>
    </p>
   </div>
   <div class='ocr_carea' id='block_1_22' title="bbox 2131 702 3695 784">
    <p class='ocr_par' dir='ltr' id='par_1_22' title="bbox 2131 702 3695 784">
     <span class='ocr_line' id='line_1_22' title="bbox 2131 702 3695 784; baseline -0.008 -16"><span class='ocrx_word' id='word_1_137' title='bbox 2131 713 2250 769; x_wconf 77' lang='grc' dir='ltr'>ὁδὸν</span> <span class='ocrx_word' id='word_1_138' title='bbox 2283 712 2492 784; x_wconf 85' lang='grc' dir='ltr'>Κυρίου</span> <span class='ocrx_word' id='word_1_139' title='bbox 2510 728 2524 741; x_wconf 95' lang='grc'><strong>·</strong></span> <span class='ocrx_word' id='word_1_140' title='bbox 2556 710 2771 774; x_wconf 78' lang='grc' dir='ltr'><strong>εὐθείας</strong></span> <span class='ocrx_word' id='word_1_141' title='bbox 2790 712 2995 763; x_wconf 81' lang='grc' dir='ltr'>ποιεῖτε</span> <span class='ocrx_word' id='word_1_142' title='bbox 3020 711 3117 772; x_wconf 78' lang='grc' dir='ltr'>τὰς</span> <span class='ocrx_word' id='word_1_143' title='bbox 3143 706 3361 778; x_wconf 70' lang='grc' dir='ltr'>τρίϐους</span> <span class='ocrx_word' id='word_1_144' title='bbox 3388 703 3574 759; x_wconf 69' lang='grc' dir='ltr'>αὑτοῦ.</span> <span class='ocrx_word' id='word_1_145' title='bbox 3602 702 3695 756; x_wconf 59' lang='lat' dir='ltr'><strong>Ilio</strong></span> 
     </span>
    </p>
   </div>
   <div class='ocr_carea' id='block_1_23' title="bbox 2134 795 3695 875">
    <p class='ocr_par' dir='ltr' id='par_1_23' title="bbox 2134 795 3695 875">
     <span class='ocr_line' id='line_1_23' title="bbox 2134 795 3695 875; baseline -0.006 -18"><span class='ocrx_word' id='word_1_146' title='bbox 2134 820 2203 857; x_wconf 88' lang='grc' dir='ltr'><strong>σα</strong></span> <span class='ocrx_word' id='word_1_147' title='bbox 2237 802 2455 875; x_wconf 77' lang='grc' dir='ltr'>φάραγξ</span> <span class='ocrx_word' id='word_1_148' title='bbox 2489 801 2928 873; x_wconf 78' lang='grc' dir='ltr'><strong>πληρωθήσεται,</strong></span> <span class='ocrx_word' id='word_1_149' title='bbox 2962 800 3057 853; x_wconf 67' lang='grc' dir='ltr'><strong>καὶ</strong></span> <span class='ocrx_word' id='word_1_150' title='bbox 3105 801 3211 853; x_wconf 80' lang='grc' dir='ltr'><strong>πᾶν</strong></span> <span class='ocrx_word' id='word_1_151' title='bbox 3239 798 3361 870; x_wconf 73' lang='grc' dir='ltr'>ὅρος</span> <span class='ocrx_word' id='word_1_152' title='bbox 3393 796 3489 850; x_wconf 73' lang='grc' dir='ltr'><strong>καὶ</strong></span> <span class='ocrx_word' id='word_1_153' title='bbox 3532 795 3695 866; x_wconf 74' lang='grc' dir='ltr'>βουνὸς</span> 
     </span>
    </p>
   </div>
   <div class='ocr_carea' id='block_1_24' title="bbox 2129 889 3692 967">
    <p class='ocr_par' dir='ltr' id='par_1_24' title="bbox 2129 889 3692 967">
     <span class='ocr_line' id='line_1_24' title="bbox 2129 889 3692 967; baseline -0.004 -18"><span class='ocrx_word' id='word_1_154' title='bbox 2129 896 2636 967; x_wconf 78' lang='grc' dir='ltr'>ταπεινωθήσεται·</span> <span class='ocrx_word' id='word_1_155' title='bbox 2675 896 2770 949; x_wconf 72' lang='grc' dir='ltr'><strong>καὶ</strong></span> <span class='ocrx_word' id='word_1_156' title='bbox 2814 894 2966 948; x_wconf 80' lang='grc' dir='ltr'>ἐσται</span> <span class='ocrx_word' id='word_1_157' title='bbox 3012 893 3080 947; x_wconf 80' lang='grc' dir='ltr'>τὰ</span> <span class='ocrx_word' id='word_1_158' title='bbox 3129 892 3316 946; x_wconf 78' lang='grc' dir='ltr'>σκολιά</span> <span class='ocrx_word' id='word_1_159' title='bbox 3348 893 3427 955; x_wconf 83' lang='grc' dir='ltr'>εἰς</span> <span class='ocrx_word' id='word_1_160' title='bbox 3472 889 3692 956; x_wconf 78' lang='grc' dir='ltr'>εὐθεῖαν,</span> 
     </span>
    </p>
   </div>
   <div class='ocr_carea' id='block_1_25' title="bbox 2130 983 3695 1060">
    <p class='ocr_par' dir='ltr' id='par_1_25' title="bbox 2130 983 3695 1060">
     <span class='ocr_line' id='line_1_25' title="bbox 2130 983 3695 1060; baseline -0.004 -17"><span class='ocrx_word' id='word_1_161' title='bbox 2130 990 2226 1043; x_wconf 77' lang='grc' dir='ltr'><strong>καὶ</strong></span> <span class='ocrx_word' id='word_1_162' title='bbox 2251 991 2304 1042; x_wconf 88' lang='grc' dir='ltr'><strong>αί</strong></span> <span class='ocrx_word' id='word_1_163' title='bbox 2338 990 2587 1060; x_wconf 83' lang='grc' dir='ltr'><strong>τραχεῖαι</strong></span> <span class='ocrx_word' id='word_1_164' title='bbox 2616 989 2697 1051; x_wconf 84' lang='grc' dir='ltr'>εἰς</span> <span class='ocrx_word' id='word_1_165' title='bbox 2727 986 2881 1049; x_wconf 75' lang='grc' dir='ltr'>ὁδοὺς</span> <span class='ocrx_word' id='word_1_166' title='bbox 2908 985 3087 1049; x_wconf 84' lang='grc' dir='ltr'>λείας·</span> <span class='ocrx_word' id='word_1_167' title='bbox 3116 984 3211 1038; x_wconf 80' lang='grc' dir='ltr'><strong>καὶ</strong></span> <span class='ocrx_word' id='word_1_168' title='bbox 3240 983 3536 1054; x_wconf 69' lang='grc' dir='ltr'>ὀφθήσεται</span> <span class='ocrx_word' id='word_1_169' title='bbox 3567 985 3597 1055; x_wconf 85' lang='grc' dir='ltr'>ἡ</span> <span class='ocrx_word' id='word_1_170' title='bbox 3622 983 3695 1037; x_wconf 75' lang='grc' dir='ltr'><strong>δόο</strong></span> 
     </span>
    </p>
   </div>
   <div class='ocr_carea' id='block_1_26' title="bbox 2131 1074 3693 1153">
    <p class='ocr_par' dir='ltr' id='par_1_26' title="bbox 2131 1074 3693 1153">
     <span class='ocr_line' id='line_1_26' title="bbox 2131 1074 3693 1153; baseline -0.006 -16"><span class='ocrx_word' id='word_1_171' title='bbox 2131 1082 2199 1150; x_wconf 82' lang='grc' dir='ltr'><strong>ξα</strong></span> <span class='ocrx_word' id='word_1_172' title='bbox 2230 1082 2460 1153; x_wconf 82' lang='grc' dir='ltr'>Κυρίου.</span> <span class='ocrx_word' id='word_1_173' title='bbox 2498 1081 2608 1135; x_wconf 78' lang='lat' dir='ltr'><strong>Kal.</strong></span> <span class='ocrx_word' id='word_1_174' title='bbox 2636 1078 2824 1149; x_wconf 74' lang='grc' dir='ltr'>ὄψεται</span> <span class='ocrx_word' id='word_1_175' title='bbox 2872 1079 3019 1131; x_wconf 85' lang='grc' dir='ltr'>πᾶσα</span> <span class='ocrx_word' id='word_1_176' title='bbox 3064 1075 3199 1148; x_wconf 80' lang='grc' dir='ltr'>σὰρξ</span> <span class='ocrx_word' id='word_1_177' title='bbox 3226 1077 3288 1129; x_wconf 80' lang='grc' dir='ltr'>τὸ</span> <span class='ocrx_word' id='word_1_178' title='bbox 3322 1077 3586 1147; x_wconf 83' lang='grc' dir='ltr'>σωτήριον</span> <span class='ocrx_word' id='word_1_179' title='bbox 3612 1074 3693 1129; x_wconf 80' lang='grc' dir='ltr'><strong>τοῦ</strong></span> 
     </span>
    </p>
   </div>
   <div class='ocr_carea' id='block_1_27' title="bbox 2128 1166 3692 1244">
    <p class='ocr_par' dir='ltr' id='par_1_27' title="bbox 2128 1166 3692 1244">
     <span class='ocr_line' id='line_1_27' title="bbox 2128 1166 3692 1244; baseline -0.006 -15"><span class='ocrx_word' id='word_1_180' title='bbox 2128 1174 2286 1239; x_wconf 91' lang='grc' dir='ltr'>Θεοῦ,</span> <span class='ocrx_word' id='word_1_181' title='bbox 2319 1175 2400 1227; x_wconf 88' lang='grc' dir='ltr'><strong>ὅτι</strong></span> <span class='ocrx_word' id='word_1_182' title='bbox 2429 1171 2635 1244; x_wconf 84' lang='grc' dir='ltr'>Κύριος</span> <span class='ocrx_word' id='word_1_183' title='bbox 2650 1170 3122 1241; x_wconf 79' lang='grc' dir='ltr'>ἐλάλησεν.›Ἔδει</span> <span class='ocrx_word' id='word_1_184' title='bbox 3155 1170 3246 1223; x_wconf 77' lang='grc' dir='ltr'><strong>καὶ</strong></span> <span class='ocrx_word' id='word_1_185' title='bbox 3266 1167 3467 1237; x_wconf 76' lang='grc' dir='ltr'>ταύτην</span> <span class='ocrx_word' id='word_1_186' title='bbox 3497 1166 3692 1220; x_wconf 71' lang='grc' dir='ltr'>ἐπὶτῶν</span> 
     </span>
    </p>
   </div>
   <div class='ocr_carea' id='block_1_28' title="bbox 2127 1260 3693 1340">
    <p class='ocr_par' dir='ltr' id='par_1_28' title="bbox 2127 1260 3693 1340">
     <span class='ocr_line' id='line_1_28' title="bbox 2127 1260 3693 1340; baseline -0.006 -19"><span class='ocrx_word' id='word_1_187' title='bbox 2127 1269 2333 1340; x_wconf 83' lang='grc' dir='ltr'>χρόνων</span> <span class='ocrx_word' id='word_1_188' title='bbox 2383 1264 2478 1320; x_wconf 91' lang='grc' dir='ltr'><strong>τοῦ</strong></span> <span class='ocrx_word' id='word_1_189' title='bbox 2525 1266 2776 1336; x_wconf 85' lang='grc' dir='ltr'>Σωτῆρος</span> <span class='ocrx_word' id='word_1_190' title='bbox 2826 1262 2980 1335; x_wconf 76' lang='grc' dir='ltr'>ἡμῶν</span> <span class='ocrx_word' id='word_1_191' title='bbox 3027 1262 3120 1316; x_wconf 70' lang='grc' dir='ltr'><strong>ἐπὶ</strong></span> <span class='ocrx_word' id='word_1_192' title='bbox 3166 1262 3338 1332; x_wconf 80' lang='grc' dir='ltr'>πέρας</span> <span class='ocrx_word' id='word_1_193' title='bbox 3385 1260 3563 1314; x_wconf 78' lang='grc' dir='ltr'>ἐλθεῖν</span> <span class='ocrx_word' id='word_1_194' title='bbox 3609 1261 3693 1332; x_wconf 74' lang='grc' dir='ltr'><strong>τὴν</strong></span> 
     </span>
    </p>
   </div>
   <div class='ocr_carea' id='block_1_29' title="bbox 2127 1355 3691 1432">
    <p class='ocr_par' dir='ltr' id='par_1_29' title="bbox 2127 1355 3691 1432">
     <span class='ocr_line' id='line_1_29' title="bbox 2127 1355 3691 1432; baseline -0.004 -18"><span class='ocrx_word' id='word_1_195' title='bbox 2127 1361 2449 1432; x_wconf 72' lang='grc' dir='ltr'>πρόρρησιν.</span> <span class='ocrx_word' id='word_1_196' title='bbox 2484 1358 2685 1430; x_wconf 85' lang='grc' dir='ltr'>Διόπερ</span> <span class='ocrx_word' id='word_1_197' title='bbox 2728 1357 2869 1411; x_wconf 83' lang='grc' dir='ltr'>κατὰ</span> <span class='ocrx_word' id='word_1_198' title='bbox 2914 1357 3008 1411; x_wconf 81' lang='grc' dir='ltr'><strong>τὸν</strong></span> <span class='ocrx_word' id='word_1_199' title='bbox 3048 1355 3440 1427; x_wconf 73' lang='grc' dir='ltr'>εὐαγγελιστὴν</span> <span class='ocrx_word' id='word_1_200' title='bbox 3469 1357 3691 1419; x_wconf 77' lang='grc' dir='ltr'>Λουκᾶν,</span> 
     </span>
    </p>
   </div>
   <div class='ocr_carea' id='block_1_30' title="bbox 2132 1446 3692 1519">
    <p class='ocr_par' dir='ltr' id='par_1_30' title="bbox 2132 1446 3692 1519">
     <span class='ocr_line' id='line_1_30' title="bbox 2132 1446 3692 1519; baseline -0.004 -15"><span class='ocrx_word' id='word_1_201' title='bbox 2132 1472 2150 1504; x_wconf 84' lang='grc' dir='ltr'><strong>ι</strong></span> <span class='ocrx_word' id='word_1_202' title='bbox 2175 1454 2262 1506; x_wconf 85' lang='grc' dir='ltr'>Ἐν</span> <span class='ocrx_word' id='word_1_203' title='bbox 2304 1452 2415 1505; x_wconf 78' lang='grc' dir='ltr'>ἔτει</span> <span class='ocrx_word' id='word_1_204' title='bbox 2470 1448 2939 1519; x_wconf 82' lang='grc' dir='ltr'>πεντεκαιδεκάτῳ</span> <span class='ocrx_word' id='word_1_205' title='bbox 2987 1448 3084 1518; x_wconf 80' lang='grc' dir='ltr'>τῆς</span> <span class='ocrx_word' id='word_1_206' title='bbox 3127 1446 3425 1518; x_wconf 76' lang='grc' dir='ltr'>ἡγεμονίας</span> <span class='ocrx_word' id='word_1_207' title='bbox 3455 1447 3500 1499; x_wconf 99' lang='grc' dir='ltr'><strong>Τ</strong></span> <span class='ocrx_word' id='word_1_208' title='bbox 3507 1446 3692 1519; x_wconf 79' lang='grc' dir='ltr'>ιϐερίου</span> 
     </span>
    </p>
   </div>
   <div class='ocr_carea' id='block_1_31' title="bbox 2125 1537 3694 1615">
    <p class='ocr_par' dir='ltr' id='par_1_31' title="bbox 2125 1537 3694 1615">
     <span class='ocr_line' id='line_1_31' title="bbox 2125 1537 3694 1615; baseline -0.004 -18"><span class='ocrx_word' id='word_1_209' title='bbox 2125 1544 2423 1615; x_wconf 80' lang='grc' dir='ltr'>Καίσαρος,</span> <span class='ocrx_word' id='word_1_210' title='bbox 2455 1539 2908 1613; x_wconf 81' lang='grc' dir='ltr'>ἐπιτροπεύοντος</span> <span class='ocrx_word' id='word_1_211' title='bbox 2934 1539 3157 1592; x_wconf 86' lang='grc' dir='ltr'>Ποντίου</span> <span class='ocrx_word' id='word_1_212' title='bbox 3191 1537 3427 1591; x_wconf 81' lang='grc' dir='ltr'>Πιλάτου</span> <span class='ocrx_word' id='word_1_213' title='bbox 3453 1539 3556 1609; x_wconf 81' lang='grc' dir='ltr'>τῆς</span> <span class='ocrx_word' id='word_1_214' title='bbox 3578 1540 3694 1592; x_wconf 78' lang='grc' dir='ltr'>Ἰον-</span> 
     </span>
    </p>
   </div>
   <div class='ocr_carea' id='block_1_32' title="bbox 2122 1631 3692 1706">
    <p class='ocr_par' dir='ltr' id='par_1_32' title="bbox 2122 1631 3692 1706">
     <span class='ocr_line' id='line_1_32' title="bbox 2122 1631 3692 1706; baseline -0.005 -16"><span class='ocrx_word' id='word_1_215' title='bbox 2122 1637 2295 1700; x_wconf 80' lang='grc' dir='ltr'>δαίας,</span> <span class='ocrx_word' id='word_1_216' title='bbox 2320 1657 2336 1688; x_wconf 79' lang='grc' dir='ltr'><strong>ι</strong></span> <span class='ocrx_word' id='word_1_217' title='bbox 2365 1637 2458 1689; x_wconf 77' lang='grc' dir='ltr'><strong>καὶ</strong></span> <span class='ocrx_word' id='word_1_218' title='bbox 2494 1635 2603 1689; x_wconf 84' lang='grc' dir='ltr'><strong>τῶν</strong></span> <span class='ocrx_word' id='word_1_219' title='bbox 2624 1635 2800 1705; x_wconf 80' lang='grc' dir='ltr'>τούτῳ</span> <span class='ocrx_word' id='word_1_220' title='bbox 2851 1632 3393 1706; x_wconf 81' lang='grc' dir='ltr'>συναριθμουμένων,</span> <span class='ocrx_word' id='word_1_221' title='bbox 3425 1651 3445 1681; x_wconf 69' lang='grc' dir='ltr'><strong>ι</strong></span> <span class='ocrx_word' id='word_1_222' title='bbox 3487 1631 3692 1699; x_wconf 80' lang='grc' dir='ltr'>ἐγένετο</span> 
     </span>
    </p>
   </div>
   <div class='ocr_carea' id='block_1_33' title="bbox 2125 1720 3695 1797">
    <p class='ocr_par' dir='ltr' id='par_1_33' title="bbox 2125 1720 3695 1797">
     <span class='ocr_line' id='line_1_33' title="bbox 2125 1720 3695 1797; baseline -0.005 -18"><span class='ocrx_word' id='word_1_223' title='bbox 2125 1727 2279 1797; x_wconf 76' lang='grc' dir='ltr'>ῥῆμα</span> <span class='ocrx_word' id='word_1_224' title='bbox 2297 1725 2431 1779; x_wconf 89' lang='grc' dir='ltr'>Θεοῦ</span> <span class='ocrx_word' id='word_1_225' title='bbox 2472 1725 2565 1778; x_wconf 76' lang='grc' dir='ltr'><strong>ἐπὶ</strong></span> <span class='ocrx_word' id='word_1_226' title='bbox 2605 1723 2855 1794; x_wconf 83' lang='grc' dir='ltr'>Ἰωάννην</span> <span class='ocrx_word' id='word_1_227' title='bbox 2886 1722 2976 1777; x_wconf 66' lang='grc' dir='ltr'>τὸν</span> <span class='ocrx_word' id='word_1_228' title='bbox 3004 1721 3099 1775; x_wconf 88' lang='grc' dir='ltr'><strong>τοῦ</strong></span> <span class='ocrx_word' id='word_1_229' title='bbox 3130 1720 3396 1791; x_wconf 83' lang='grc' dir='ltr'>Ζαχαρίου</span> <span class='ocrx_word' id='word_1_230' title='bbox 3426 1720 3540 1774; x_wconf 76' lang='grc' dir='ltr'>υἱὸν</span> <span class='ocrx_word' id='word_1_231' title='bbox 3563 1723 3616 1774; x_wconf 87' lang='grc' dir='ltr'><strong>ἐν</strong></span> <span class='ocrx_word' id='word_1_232' title='bbox 3637 1722 3695 1791; x_wconf 76' lang='grc' dir='ltr'>τῇ</span> 
     </span>
    </p>
   </div>
   <div class='ocr_carea' id='block_1_34' title="bbox 433 1812 2004 1891">
    <p class='ocr_par' dir='ltr' id='par_1_34' title="bbox 433 1817 2004 1891">
     <span class='ocr_line' id='line_1_34' title="bbox 433 1817 2004 1891; baseline 0.003 -19"><span class='ocrx_word' id='word_1_233' title='bbox 433 1818 490 1872; x_wconf 87' lang='lat' dir='ltr'><strong>in</strong></span> <span class='ocrx_word' id='word_1_234' title='bbox 516 1834 732 1874; x_wconf 88' lang='lat' dir='ltr'><strong>omnem</strong></span> <span class='ocrx_word' id='word_1_235' title='bbox 761 1825 987 1883; x_wconf 85' lang='lat' dir='ltr'><strong>terram,</strong></span> <span class='ocrx_word' id='word_1_236' title='bbox 1019 1834 1141 1889; x_wconf 67' lang='lat' dir='ltr'><strong>quae</strong></span> <span class='ocrx_word' id='word_1_237' title='bbox 1167 1826 1251 1873; x_wconf 87' lang='lat' dir='ltr'><strong>est</strong></span> <span class='ocrx_word' id='word_1_238' title='bbox 1296 1820 1505 1873; x_wconf 88' lang='lat' dir='ltr'><strong>circum</strong></span> <span class='ocrx_word' id='word_1_239' title='bbox 1536 1817 1851 1885; x_wconf 87' lang='lat' dir='ltr'><strong>Jordanem,</strong></span> <span class='ocrx_word' id='word_1_240' title='bbox 1881 1838 2004 1891; x_wconf 74' lang='lat' dir='ltr'><strong>prte-</strong></span> 
     </span>
    </p>
   </div>
   <div class='ocr_carea' id='block_1_35' title="bbox 2112 1812 3695 1891">
    <p class='ocr_par' dir='ltr' id='par_1_35' title="bbox 2119 1812 3695 1890">
     <span class='ocr_line' id='line_1_35' title="bbox 2119 1812 3695 1890; baseline -0.005 -19"><span class='ocrx_word' id='word_1_241' title='bbox 2119 1821 2339 1890; x_wconf 81' lang='grc' dir='ltr'>ἐρήμῳ·</span> <span class='ocrx_word' id='word_1_242' title='bbox 2376 1818 2434 1881; x_wconf 84' lang='grc' dir='ltr'>ὃς</span> <span class='ocrx_word' id='word_1_243' title='bbox 2468 1815 2635 1871; x_wconf 84' lang='grc' dir='ltr'>ἐλθὼν</span> <span class='ocrx_word' id='word_1_244' title='bbox 2665 1819 2745 1881; x_wconf 81' lang='grc' dir='ltr'>εἰς</span> <span class='ocrx_word' id='word_1_245' title='bbox 2776 1818 2958 1869; x_wconf 74' lang='grc' dir='ltr'>πᾶσαν</span> <span class='ocrx_word' id='word_1_246' title='bbox 2988 1816 3085 1886; x_wconf 77' lang='grc' dir='ltr'><strong>τὴν</strong></span> <span class='ocrx_word' id='word_1_247' title='bbox 3119 1814 3427 1886; x_wconf 87' lang='grc' dir='ltr'>περίχωρον</span> <span class='ocrx_word' id='word_1_248' title='bbox 3452 1812 3549 1867; x_wconf 83' lang='grc' dir='ltr'><strong>τοῦ</strong></span> <span class='ocrx_word' id='word_1_249' title='bbox 3577 1814 3695 1883; x_wconf 81' lang='grc' dir='ltr'>Ἰορ-</span> 
     </span>
    </p>
   </div>
   <div class='ocr_carea' id='block_1_36' title="bbox 432 1909 2017 1984">
    <p class='ocr_par' dir='ltr' id='par_1_36' title="bbox 432 1909 2017 1984">
     <span class='ocr_line' id='line_1_36' title="bbox 432 1909 2017 1984; baseline 0.002 -20"><span class='ocrx_word' id='word_1_250' title='bbox 432 1909 633 1965; x_wconf 83' lang='lat' dir='ltr'><strong>dicavit</strong></span> <span class='ocrx_word' id='word_1_251' title='bbox 657 1912 933 1981; x_wconf 84' lang='lat' dir='ltr'><strong>baptisma</strong></span> <span class='ocrx_word' id='word_1_252' title='bbox 971 1913 1308 1982; x_wconf 74' lang='lat' dir='ltr'><strong>pmnilentize</strong></span> <span class='ocrx_word' id='word_1_253' title='bbox 1330 1913 1383 1966; x_wconf 91' lang='lat' dir='ltr'><strong>in</strong></span> <span class='ocrx_word' id='word_1_254' title='bbox 1411 1913 1791 1968; x_wconf 88' lang='lat' dir='ltr'><strong>remissionem</strong></span> <span class='ocrx_word' id='word_1_255' title='bbox 1820 1930 2017 1984; x_wconf 69' lang='lat' dir='ltr'><strong>pecca-</strong></span> 
     </span>
    </p>
   </div>
   <div class='ocr_carea' id='block_1_37' title="bbox 434 2001 2018 2073">
    <p class='ocr_par' dir='ltr' id='par_1_37' title="bbox 434 2001 2018 2073">
     <span class='ocr_line' id='line_1_37' title="bbox 434 2001 2018 2073; baseline 0.002 -16"><span class='ocrx_word' id='word_1_256' title='bbox 434 2011 613 2057; x_wconf 86' lang='lat' dir='ltr'><strong>turum</strong></span> <span class='ocrx_word' id='word_1_257' title='bbox 636 2003 701 2057; x_wconf 78' lang='grc'>³³.</span> <span class='ocrx_word' id='word_1_258' title='bbox 732 2022 751 2054; x_wconf 85' lang='grc'><strong>›</strong></span> <span class='ocrx_word' id='word_1_259' title='bbox 789 2001 952 2058; x_wconf 85' lang='lat' dir='ltr'><strong>Hisce</strong></span> <span class='ocrx_word' id='word_1_260' title='bbox 981 2012 1163 2057; x_wconf 89' lang='lat' dir='ltr'><strong>autem</strong></span> <span class='ocrx_word' id='word_1_261' title='bbox 1196 2004 1529 2073; x_wconf 77' lang='lat' dir='ltr'><strong>evangelista</strong></span> <span class='ocrx_word' id='word_1_262' title='bbox 1560 2004 1748 2073; x_wconf 85' lang='lat' dir='ltr'><strong>adjicit</strong></span> <span class='ocrx_word' id='word_1_263' title='bbox 1769 2007 2018 2060; x_wconf 90' lang='lat' dir='ltr'><strong>testimo-</strong></span> 
     </span>
    </p>
   </div>
   <div class='ocr_carea' id='block_1_38' title="bbox 431 2093 2014 2165">
    <p class='ocr_par' dir='ltr' id='par_1_38' title="bbox 431 2093 2014 2165">
     <span class='ocr_line' id='line_1_38' title="bbox 431 2093 2014 2165; baseline 0.003 -16"><span class='ocrx_word' id='word_1_264' title='bbox 431 2095 605 2155; x_wconf 86' lang='lat' dir='ltr'><strong>nium,</strong></span> <span class='ocrx_word' id='word_1_265' title='bbox 630 2093 821 2149; x_wconf 88' lang='lat' dir='ltr'><strong>dicens</strong></span> <span class='ocrx_word' id='word_1_266' title='bbox 846 2110 861 2152; x_wconf 88' lang='lat'><strong>:</strong></span> <span class='ocrx_word' id='word_1_267' title='bbox 897 2114 915 2145; x_wconf 77' lang='grc' dir='ltr'><strong>ι</strong></span> <span class='ocrx_word' id='word_1_268' title='bbox 946 2093 1103 2149; x_wconf 84' lang='lat' dir='ltr'><strong>Sicut</strong></span> <span class='ocrx_word' id='word_1_269' title='bbox 1132 2095 1397 2165; x_wconf 88' lang='lat' dir='ltr'><strong>scriptum</strong></span> <span class='ocrx_word' id='word_1_270' title='bbox 1428 2103 1514 2150; x_wconf 86' lang='lat' dir='ltr'><strong>est</strong></span> <span class='ocrx_word' id='word_1_271' title='bbox 1544 2095 1598 2149; x_wconf 92' lang='lat' dir='ltr'><strong>in</strong></span> <span class='ocrx_word' id='word_1_272' title='bbox 1633 2097 1773 2151; x_wconf 89' lang='lat' dir='ltr'><strong>libro</strong></span> <span class='ocrx_word' id='word_1_273' title='bbox 1801 2112 2014 2153; x_wconf 87' lang='lat' dir='ltr'><strong>sermo-</strong></span> 
     </span>
    </p>
   </div>
   <div class='ocr_carea' id='block_1_39' title="bbox 430 2184 2010 2256">
    <p class='ocr_par' dir='ltr' id='par_1_39' title="bbox 430 2184 2010 2256">
     <span class='ocr_line' id='line_1_39' title="bbox 430 2184 2010 2256; baseline 0.003 -15"><span class='ocrx_word' id='word_1_274' title='bbox 430 2200 565 2241; x_wconf 89' lang='lat' dir='ltr'><strong>num</strong></span> <span class='ocrx_word' id='word_1_275' title='bbox 589 2185 745 2240; x_wconf 71' lang='lat' dir='ltr'><strong>lsaize</strong></span> <span class='ocrx_word' id='word_1_276' title='bbox 774 2187 1055 2256; x_wconf 70' lang='lat' dir='ltr'><strong>propheta:</strong></span> <span class='ocrx_word' id='word_1_277' title='bbox 1087 2204 1101 2241; x_wconf 88' lang='lat'><strong>:</strong></span> <span class='ocrx_word' id='word_1_278' title='bbox 1134 2184 1251 2242; x_wconf 72' lang='lat' dir='ltr'><strong>Vox</strong></span> <span class='ocrx_word' id='word_1_279' title='bbox 1289 2186 1580 2242; x_wconf 86' lang='lat' dir='ltr'><strong>clamantis</strong></span> <span class='ocrx_word' id='word_1_280' title='bbox 1639 2188 1693 2241; x_wconf 93' lang='lat' dir='ltr'><strong>in</strong></span> <span class='ocrx_word' id='word_1_281' title='bbox 1741 2188 1961 2245; x_wconf 89' lang='lat' dir='ltr'><strong>deserto</strong></span> <span class='ocrx_word' id='word_1_282' title='bbox 1997 2210 2010 2245; x_wconf 91' lang='lat'><strong>:</strong></span> 
     </span>
    </p>
   </div>
   <div class='ocr_carea' id='block_1_40' title="bbox 427 2277 2013 2351">
    <p class='ocr_par' dir='ltr' id='par_1_40' title="bbox 427 2277 2013 2351">
     <span class='ocr_line' id='line_1_40' title="bbox 427 2277 2013 2351; baseline 0.002 -17"><span class='ocrx_word' id='word_1_283' title='bbox 427 2277 628 2335; x_wconf 84' lang='lat' dir='ltr'><strong>Parate</strong></span> <span class='ocrx_word' id='word_1_284' title='bbox 652 2280 797 2334; x_wconf 88' lang='lat' dir='ltr'><strong>viam</strong></span> <span class='ocrx_word' id='word_1_285' title='bbox 847 2279 1064 2334; x_wconf 88' lang='lat' dir='ltr'><strong>Domini</strong></span> <span class='ocrx_word' id='word_1_286' title='bbox 1097 2280 1142 2312; x_wconf 79' lang='grc'><strong>³⁸</strong></span> <span class='ocrx_word' id='word_1_287' title='bbox 1169 2323 1186 2347; x_wconf 95' lang='grc'><strong>,</strong></span> <span class='ocrx_word' id='word_1_288' title='bbox 1222 2299 1241 2333; x_wconf 71' lang='grc' dir='ltr'><strong>ι</strong></span> <span class='ocrx_word' id='word_1_289' title='bbox 1285 2288 1339 2334; x_wconf 87' lang='lat' dir='ltr'><strong>et</strong></span> <span class='ocrx_word' id='word_1_290' title='bbox 1370 2296 1491 2350; x_wconf 71' lang='lat' dir='ltr'><strong>qua:</strong></span> <span class='ocrx_word' id='word_1_291' title='bbox 1510 2289 1837 2351; x_wconf 83' lang='lat' dir='ltr'><strong>sequuntur.</strong></span> <span class='ocrx_word' id='word_1_292' title='bbox 1872 2281 2013 2349; x_wconf 84' lang='lat' dir='ltr'><strong>Quid</strong></span> 
     </span>
    </p>
   </div>
   <div class='ocr_carea' id='block_1_41' title="bbox 429 2371 2016 2444">
    <p class='ocr_par' dir='ltr' id='par_1_41' title="bbox 429 2371 2016 2444">
     <span class='ocr_line' id='line_1_41' title="bbox 429 2371 2016 2444; baseline 0.001 -16"><span class='ocrx_word' id='word_1_293' title='bbox 429 2373 598 2444; x_wconf 82' lang='lat' dir='ltr'><strong>igitur</strong></span> <span class='ocrx_word' id='word_1_294' title='bbox 629 2373 847 2428; x_wconf 86' lang='lat' dir='ltr'><strong>tandem</strong></span> <span class='ocrx_word' id='word_1_295' title='bbox 880 2372 1029 2427; x_wconf 89' lang='lat' dir='ltr'><strong>aliud</strong></span> <span class='ocrx_word' id='word_1_296' title='bbox 1064 2372 1338 2428; x_wconf 70' lang='lat' dir='ltr'><strong>clamabat</strong></span> <span class='ocrx_word' id='word_1_297' title='bbox 1367 2371 1595 2428; x_wconf 87' lang='lat' dir='ltr'><strong>Joannis</strong></span> <span class='ocrx_word' id='word_1_298' title='bbox 1630 2375 1722 2428; x_wconf 93' lang='lat' dir='ltr'><strong>illa</strong></span> <span class='ocrx_word' id='word_1_299' title='bbox 1749 2376 1803 2428; x_wconf 93' lang='lat' dir='ltr'><strong>in</strong></span> <span class='ocrx_word' id='word_1_300' title='bbox 1833 2376 2016 2432; x_wconf 88' lang='lat' dir='ltr'><strong>deser-</strong></span> 
     </span>
    </p>
   </div>
   <div class='ocr_carea' id='block_1_42' title="bbox 427 2463 2013 2538">
    <p class='ocr_par' dir='ltr' id='par_1_42' title="bbox 427 2463 2013 2538">
     <span class='ocr_line' id='line_1_42' title="bbox 427 2463 2013 2538; baseline 0.002 -18"><span class='ocrx_word' id='word_1_301' title='bbox 427 2472 487 2520; x_wconf 92' lang='lat' dir='ltr'><strong>to</strong></span> <span class='ocrx_word' id='word_1_302' title='bbox 517 2464 825 2535; x_wconf 86' lang='lat' dir='ltr'><strong>praedicans</strong></span> <span class='ocrx_word' id='word_1_303' title='bbox 851 2480 957 2520; x_wconf 81' lang='lat' dir='ltr'><strong>vox</strong></span> <span class='ocrx_word' id='word_1_304' title='bbox 990 2463 1059 2519; x_wconf 88' lang='lat' dir='ltr'><strong>ad</strong></span> <span class='ocrx_word' id='word_1_305' title='bbox 1108 2466 1298 2523; x_wconf 86' lang='lat' dir='ltr'><strong>turbas</strong></span> <span class='ocrx_word' id='word_1_306' title='bbox 1350 2474 1639 2531; x_wconf 81' lang='lat' dir='ltr'><strong>exeuntes,</strong></span> <span class='ocrx_word' id='word_1_307' title='bbox 1693 2474 1753 2520; x_wconf 90' lang='lat' dir='ltr'><strong>ut</strong></span> <span class='ocrx_word' id='word_1_308' title='bbox 1782 2469 1852 2521; x_wconf 87' lang='lat' dir='ltr'><strong>ab</strong></span> <span class='ocrx_word' id='word_1_309' title='bbox 1891 2468 2013 2538; x_wconf 92' lang='lat' dir='ltr'><strong>ipso</strong></span> 
     </span>
    </p>
   </div>
   <div class='ocr_carea' id='block_1_43' title="bbox 426 2556 2010 2631">
    <p class='ocr_par' dir='ltr' id='par_1_43' title="bbox 426 2556 2010 2631">
     <span class='ocr_line' id='line_1_43' title="bbox 426 2556 2010 2631; baseline 0.001 -18"><span class='ocrx_word' id='word_1_310' title='bbox 426 2556 867 2628; x_wconf 59' lang='lat' dir='ltr'><strong>baptizarenturr,</strong></span> <span class='ocrx_word' id='word_1_311' title='bbox 909 2567 1170 2630; x_wconf 85' lang='lat' dir='ltr'><strong>tanquam</strong></span> <span class='ocrx_word' id='word_1_312' title='bbox 1196 2559 1287 2614; x_wconf 60' lang='lat' dir='ltr'><strong>&#39;ad</strong></span> <span class='ocrx_word' id='word_1_313' title='bbox 1333 2561 1549 2630; x_wconf 80' lang='lat' dir='ltr'><strong>reptilia</strong></span> <span class='ocrx_word' id='word_1_314' title='bbox 1589 2559 1814 2624; x_wconf 89' lang='lat' dir='ltr'><strong>deserti,</strong></span> <span class='ocrx_word' id='word_1_315' title='bbox 1846 2576 2010 2631; x_wconf 88' lang='lat' dir='ltr'><strong>quam</strong></span> 
     </span>
    </p>
   </div>
   <div class='ocr_carea' id='block_1_44' title="bbox 426 2646 2011 2717">
    <p class='ocr_par' dir='ltr' id='par_1_44' title="bbox 426 2646 2011 2717">
     <span class='ocr_line' id='line_1_44' title="bbox 426 2646 2011 2717; baseline 0.004 -19"><span class='ocrx_word' id='word_1_316' title='bbox 426 2646 763 2701; x_wconf 87' lang='lat' dir='ltr'><strong>conveniens</strong></span> <span class='ocrx_word' id='word_1_317' title='bbox 815 2647 1398 2717; x_wconf 88' lang='lat' dir='ltr'><strong>accommodatumque</strong></span> <span class='ocrx_word' id='word_1_318' title='bbox 1448 2649 1623 2705; x_wconf 89' lang='lat' dir='ltr'><strong>illud:</strong></span> <span class='ocrx_word' id='word_1_319' title='bbox 1670 2668 1691 2701; x_wconf 77' lang='grc' dir='ltr'><strong>ι</strong></span> <span class='ocrx_word' id='word_1_320' title='bbox 1753 2649 2011 2704; x_wconf 86' lang='lat' dir='ltr'><strong>Germina</strong></span> 
     </span>
    </p>
   </div>
   <div class='ocr_carea' id='block_1_45' title="bbox 424 2732 2010 2808">
    <p class='ocr_par' dir='ltr' id='par_1_45' title="bbox 424 2732 2010 2808">
     <span class='ocr_line' id='line_1_45' title="bbox 424 2732 2010 2808; baseline 0.004 -22"><span class='ocrx_word' id='word_1_321' title='bbox 424 2732 760 2804; x_wconf 84' lang='lat' dir='ltr'><strong>viperarum,</strong></span> <span class='ocrx_word' id='word_1_322' title='bbox 789 2737 914 2806; x_wconf 90' lang='lat' dir='ltr'><strong>quis</strong></span> <span class='ocrx_word' id='word_1_323' title='bbox 945 2738 1192 2792; x_wconf 89' lang='lat' dir='ltr'><strong>ostendit</strong></span> <span class='ocrx_word' id='word_1_324' title='bbox 1246 2738 1404 2793; x_wconf 88' lang='lat' dir='ltr'><strong>vobis</strong></span> <span class='ocrx_word' id='word_1_325' title='bbox 1452 2737 1641 2808; x_wconf 77' lang='lat' dir='ltr'><strong>fugere</strong></span> <span class='ocrx_word' id='word_1_326' title='bbox 1691 2754 1719 2792; x_wconf 87' lang='lat' dir='ltr'><strong>a</strong></span> <span class='ocrx_word' id='word_1_327' title='bbox 1776 2748 2010 2794; x_wconf 87' lang='lat' dir='ltr'><strong>ventura</strong></span> 
     </span>
    </p>
   </div>
   <div class='ocr_carea' id='block_1_46' title="bbox 423 2823 2007 2899">
    <p class='ocr_par' dir='ltr' id='par_1_46' title="bbox 423 2823 2007 2899">
     <span class='ocr_line' id='line_1_46' title="bbox 423 2823 2007 2899; baseline 0.002 -18"><span class='ocrx_word' id='word_1_328' title='bbox 423 2823 508 2881; x_wconf 70' lang='lat' dir='ltr'><strong>ira</strong></span> <span class='ocrx_word' id='word_1_329' title='bbox 539 2827 625 2881; x_wconf 73' lang='lat'><strong>&#39;7?</strong></span> <span class='ocrx_word' id='word_1_330' title='bbox 656 2847 675 2881; x_wconf 74' lang='grc' dir='ltr'><strong>ι</strong></span> <span class='ocrx_word' id='word_1_331' title='bbox 725 2827 793 2882; x_wconf 86' lang='grc' dir='ltr'>Ει</span> <span class='ocrx_word' id='word_1_332' title='bbox 826 2845 1020 2885; x_wconf 87' lang='lat' dir='ltr'><strong>rursus</strong></span> <span class='ocrx_word' id='word_1_333' title='bbox 1049 2829 1180 2884; x_wconf 87' lang='lat' dir='ltr'><strong>dum</strong></span> <span class='ocrx_word' id='word_1_334' title='bbox 1218 2845 1419 2899; x_wconf 88' lang='lat' dir='ltr'><strong>pravas</strong></span> <span class='ocrx_word' id='word_1_335' title='bbox 1460 2829 1672 2883; x_wconf 90' lang='lat' dir='ltr'><strong>animas</strong></span> <span class='ocrx_word' id='word_1_336' title='bbox 1710 2829 1765 2883; x_wconf 92' lang='lat' dir='ltr'><strong>in</strong></span> <span class='ocrx_word' id='word_1_337' title='bbox 1805 2839 2007 2897; x_wconf 85' lang='lat' dir='ltr'><strong>rectas,</strong></span> 
     </span>
    </p>
   </div>
   <div class='ocr_carea' id='block_1_47' title="bbox 424 2921 2005 2992">
    <p class='ocr_par' dir='ltr' id='par_1_47' title="bbox 424 2921 2005 2992">
     <span class='ocr_line' id='line_1_47' title="bbox 424 2921 2005 2992; baseline 0.003 -19"><span class='ocrx_word' id='word_1_338' title='bbox 424 2925 480 2973; x_wconf 89' lang='lat' dir='ltr'><strong>et</strong></span> <span class='ocrx_word' id='word_1_339' title='bbox 510 2934 736 2990; x_wconf 87' lang='lat' dir='ltr'><strong>asperas</strong></span> <span class='ocrx_word' id='word_1_340' title='bbox 770 2922 825 2975; x_wconf 92' lang='lat' dir='ltr'><strong>in</strong></span> <span class='ocrx_word' id='word_1_341' title='bbox 864 2922 980 2977; x_wconf 88' lang='lat' dir='ltr'><strong>vias</strong></span> <span class='ocrx_word' id='word_1_342' title='bbox 1002 2922 1193 2992; x_wconf 83' lang='lat' dir='ltr'><strong>planas</strong></span> <span class='ocrx_word' id='word_1_343' title='bbox 1231 2929 1473 2991; x_wconf 81' lang='lat' dir='ltr'><strong>reparat,</strong></span> <span class='ocrx_word' id='word_1_344' title='bbox 1501 2923 1720 2977; x_wconf 87' lang='lat' dir='ltr'><strong>dicebat</strong></span> <span class='ocrx_word' id='word_1_345' title='bbox 1760 2921 1951 2978; x_wconf 88' lang='lat' dir='ltr'><strong>iisdem</strong></span> <span class='ocrx_word' id='word_1_346' title='bbox 1992 2942 2005 2977; x_wconf 94' lang='lat'><strong>:</strong></span> 
     </span>
    </p>
   </div>
   <div class='ocr_carea' id='block_1_48' title="bbox 429 3006 2009 3085">
    <p class='ocr_par' dir='ltr' id='par_1_48' title="bbox 429 3006 2009 3085">
     <span class='ocr_line' id='line_1_48' title="bbox 429 3006 2009 3085; baseline 0.004 -24"><span class='ocrx_word' id='word_1_347' title='bbox 429 3026 452 3062; x_wconf 68' lang='grc' dir='ltr'><strong>ι</strong></span> <span class='ocrx_word' id='word_1_348' title='bbox 490 3006 679 3066; x_wconf 86' lang='lat' dir='ltr'><strong>Facite</strong></span> <span class='ocrx_word' id='word_1_349' title='bbox 710 3013 890 3085; x_wconf 37' lang='lat' dir='ltr'><strong>igitur‘</strong></span> <span class='ocrx_word' id='word_1_350' title='bbox 926 3012 1142 3068; x_wconf 80' lang='lat' dir='ltr'><strong>fruetus</strong></span> <span class='ocrx_word' id='word_1_351' title='bbox 1183 3012 1379 3083; x_wconf 84' lang='lat' dir='ltr'><strong>dignos</strong></span> <span class='ocrx_word' id='word_1_352' title='bbox 1412 3014 1748 3082; x_wconf 70' lang='lat' dir='ltr'><strong>pmoitenlia:</strong></span> <span class='ocrx_word' id='word_1_353' title='bbox 1774 3012 1842 3068; x_wconf 82' lang='grc'>³⁸.</span> <span class='ocrx_word' id='word_1_354' title='bbox 1886 3032 1905 3065; x_wconf 74' lang='grc' dir='ltr'><strong>ι</strong></span> <span class='ocrx_word' id='word_1_355' title='bbox 1941 3012 2009 3068; x_wconf 79' lang='lat' dir='ltr'><strong>Et</strong></span> 
     </span>
    </p>
   </div>
   <div class='ocr_carea' id='block_1_49' title="bbox 423 3096 2006 3175">
    <p class='ocr_par' dir='ltr' id='par_1_49' title="bbox 423 3096 2006 3175">
     <span class='ocr_line' id='line_1_49' title="bbox 423 3096 2006 3175; baseline 0.004 -21"><span class='ocrx_word' id='word_1_356' title='bbox 423 3096 542 3154; x_wconf 65' lang='lat' dir='ltr'><strong>haec</strong></span> <span class='ocrx_word' id='word_1_357' title='bbox 603 3102 814 3157; x_wconf 86' lang='lat' dir='ltr'><strong>scilicet</strong></span> <span class='ocrx_word' id='word_1_358' title='bbox 875 3103 1313 3172; x_wconf 87' lang='lat' dir='ltr'><strong>complebantur,</strong></span> <span class='ocrx_word' id='word_1_359' title='bbox 1383 3104 1512 3157; x_wconf 91' lang='lat' dir='ltr'><strong>dum</strong></span> <span class='ocrx_word' id='word_1_360' title='bbox 1576 3102 1817 3160; x_wconf 84' lang='lat' dir='ltr'><strong>Joannes</strong></span> <span class='ocrx_word' id='word_1_361' title='bbox 1862 3120 2006 3175; x_wconf 69' lang='lat' dir='ltr'><strong>prae-</strong></span> 
     </span>
    </p>
   </div>
   <div class='ocr_carea' id='block_1_50' title="bbox 420 3197 2006 3269">
    <p class='ocr_par' dir='ltr' id='par_1_50' title="bbox 420 3197 2006 3269">
     <span class='ocr_line' id='line_1_50' title="bbox 420 3197 2006 3269; baseline 0.004 -22"><span class='ocrx_word' id='word_1_362' title='bbox 420 3197 653 3265; x_wconf 88' lang='lat' dir='ltr'><strong>parabat</strong></span> <span class='ocrx_word' id='word_1_363' title='bbox 682 3213 777 3252; x_wconf 89' lang='lat' dir='ltr'><strong>eos</strong></span> <span class='ocrx_word' id='word_1_364' title='bbox 830 3199 922 3267; x_wconf 88' lang='lat' dir='ltr'><strong>qtti</strong></span> <span class='ocrx_word' id='word_1_365' title='bbox 970 3197 1143 3252; x_wconf 88' lang='lat' dir='ltr'><strong>visuri</strong></span> <span class='ocrx_word' id='word_1_366' title='bbox 1192 3207 1350 3252; x_wconf 90' lang='lat' dir='ltr'><strong>erant</strong></span> <span class='ocrx_word' id='word_1_367' title='bbox 1385 3200 1617 3269; x_wconf 77' lang='lat' dir='ltr'><strong>gloriam</strong></span> <span class='ocrx_word' id='word_1_368' title='bbox 1674 3198 1911 3264; x_wconf 86' lang='lat' dir='ltr'><strong>Domini,</strong></span> <span class='ocrx_word' id='word_1_369' title='bbox 1950 3206 2006 3254; x_wconf 80' lang='lat' dir='ltr'><strong>et</strong></span> 
     </span>
    </p>
   </div>
   <div class='ocr_carea' id='block_1_51' title="bbox 422 3288 2005 3362">
    <p class='ocr_par' dir='ltr' id='par_1_51' title="bbox 422 3288 2005 3362">
     <span class='ocr_line' id='line_1_51' title="bbox 422 3288 2005 3362; baseline 0.003 -23"><span class='ocrx_word' id='word_1_370' title='bbox 422 3288 571 3356; x_wconf 87' lang='lat' dir='ltr'><strong>quod</strong></span> <span class='ocrx_word' id='word_1_371' title='bbox 631 3297 861 3343; x_wconf 86' lang='lat' dir='ltr'><strong>vocatur</strong></span> <span class='ocrx_word' id='word_1_372' title='bbox 926 3290 1168 3344; x_wconf 90' lang='lat' dir='ltr'><strong>salutare</strong></span> <span class='ocrx_word' id='word_1_373' title='bbox 1231 3290 1363 3357; x_wconf 86' lang='lat' dir='ltr'><strong>Dei,</strong></span> <span class='ocrx_word' id='word_1_374' title='bbox 1429 3291 1576 3361; x_wconf 90' lang='lat' dir='ltr'><strong>quod</strong></span> <span class='ocrx_word' id='word_1_375' title='bbox 1627 3291 1848 3362; x_wconf 86' lang='lat' dir='ltr'><strong>quidem</strong></span> <span class='ocrx_word' id='word_1_376' title='bbox 1917 3291 2005 3345; x_wconf 89' lang='lat' dir='ltr'><strong>ni-</strong></span> 
     </span>
    </p>
   </div>
   <div class='ocr_carea' id='block_1_52' title="bbox 422 3376 2005 3451">
    <p class='ocr_par' dir='ltr' id='par_1_52' title="bbox 422 3376 2005 3451">
     <span class='ocr_line' id='line_1_52' title="bbox 422 3376 2005 3451; baseline 0.003 -18"><span class='ocrx_word' id='word_1_377' title='bbox 422 3376 503 3433; x_wconf 89' lang='lat' dir='ltr'><strong>hil</strong></span> <span class='ocrx_word' id='word_1_378' title='bbox 540 3377 685 3432; x_wconf 88' lang='lat' dir='ltr'><strong>aliud</strong></span> <span class='ocrx_word' id='word_1_379' title='bbox 743 3388 859 3446; x_wconf 87' lang='lat' dir='ltr'><strong>est,</strong></span> <span class='ocrx_word' id='word_1_380' title='bbox 903 3396 1067 3451; x_wconf 88' lang='lat' dir='ltr'><strong>quam</strong></span> <span class='ocrx_word' id='word_1_381' title='bbox 1128 3381 1387 3437; x_wconf 83' lang='lat' dir='ltr'><strong>Christus</strong></span> <span class='ocrx_word' id='word_1_382' title='bbox 1422 3422 1436 3444; x_wconf 88' lang='lat'><strong>,</strong></span> <span class='ocrx_word' id='word_1_383' title='bbox 1499 3383 1645 3439; x_wconf 90' lang='lat' dir='ltr'><strong>sicut</strong></span> <span class='ocrx_word' id='word_1_384' title='bbox 1699 3384 1885 3439; x_wconf 90' lang='lat' dir='ltr'><strong>verbis</strong></span> <span class='ocrx_word' id='word_1_385' title='bbox 1937 3384 2005 3437; x_wconf 92' lang='lat' dir='ltr'><strong>il-</strong></span> 
     </span>
    </p>
   </div>
   <div class='ocr_carea' id='block_1_53' title="bbox 420 3469 2002 3547">
    <p class='ocr_par' dir='ltr' id='par_1_53' title="bbox 420 3469 2002 3547">
     <span class='ocr_line' id='line_1_53' title="bbox 420 3469 2002 3547; baseline 0.002 -22"><span class='ocrx_word' id='word_1_386' title='bbox 420 3469 493 3525; x_wconf 82' lang='lat' dir='ltr'><strong>lis</strong></span> <span class='ocrx_word' id='word_1_387' title='bbox 559 3471 887 3527; x_wconf 87' lang='lat' dir='ltr'><strong>testiﬁcatur</strong></span> <span class='ocrx_word' id='word_1_388' title='bbox 942 3491 953 3526; x_wconf 91' lang='lat'><strong>:</strong></span> <span class='ocrx_word' id='word_1_389' title='bbox 1014 3490 1034 3524; x_wconf 73' lang='grc' dir='ltr'><strong>ι</strong></span> <span class='ocrx_word' id='word_1_390' title='bbox 1100 3472 1214 3543; x_wconf 82' lang='lat' dir='ltr'><strong>Ego</strong></span> <span class='ocrx_word' id='word_1_391' title='bbox 1262 3474 1484 3543; x_wconf 86' lang='lat' dir='ltr'><strong>quidem</strong></span> <span class='ocrx_word' id='word_1_392' title='bbox 1546 3490 1646 3530; x_wconf 91' lang='lat' dir='ltr'><strong>vos</strong></span> <span class='ocrx_word' id='word_1_393' title='bbox 1708 3490 1848 3547; x_wconf 91' lang='lat' dir='ltr'><strong>aqua</strong></span> <span class='ocrx_word' id='word_1_394' title='bbox 1907 3474 2002 3528; x_wconf 85' lang='lat' dir='ltr'><strong>ba—</strong></span> 
     </span>
    </p>
   </div>
   <div class='ocr_carea' id='block_1_54' title="bbox 420 3561 2003 3636">
    <p class='ocr_par' dir='ltr' id='par_1_54' title="bbox 420 3561 2003 3636">
     <span class='ocr_line' id='line_1_54' title="bbox 420 3561 2003 3636; baseline 0.003 -22"><span class='ocrx_word' id='word_1_395' title='bbox 420 3561 571 3634; x_wconf 80' lang='lat' dir='ltr'><strong>ptizo</strong></span> <span class='ocrx_word' id='word_1_396' title='bbox 630 3580 644 3617; x_wconf 92' lang='lat'><strong>:</strong></span> <span class='ocrx_word' id='word_1_397' title='bbox 702 3563 851 3617; x_wconf 86' lang='lat' dir='ltr'><strong>venit</strong></span> <span class='ocrx_word' id='word_1_398' title='bbox 898 3569 1078 3617; x_wconf 89' lang='lat' dir='ltr'><strong>autem</strong></span> <span class='ocrx_word' id='word_1_399' title='bbox 1143 3563 1340 3617; x_wconf 83' lang='lat' dir='ltr'><strong>fortior</strong></span> <span class='ocrx_word' id='word_1_400' title='bbox 1376 3580 1461 3619; x_wconf 88' lang='lat' dir='ltr'><strong>me</strong></span> <span class='ocrx_word' id='word_1_401' title='bbox 1503 3572 1629 3635; x_wconf 82' lang='lat' dir='ltr'><strong>post</strong></span> <span class='ocrx_word' id='word_1_402' title='bbox 1669 3580 1791 3633; x_wconf 90' lang='lat' dir='ltr'><strong>me,</strong></span> <span class='ocrx_word' id='word_1_403' title='bbox 1836 3562 2003 3636; x_wconf 67' lang='grc'><strong>429</strong></span> 
     </span>
    </p>
   </div>
   <div class='ocr_carea' id='block_1_55' title="bbox 420 3653 2002 3727">
    <p class='ocr_par' dir='ltr' id='par_1_55' title="bbox 420 3653 2002 3727">
     <span class='ocr_line' id='line_1_55' title="bbox 420 3653 2002 3727; baseline 0 -16"><span class='ocrx_word' id='word_1_404' title='bbox 420 3655 580 3725; x_wconf 80' lang='lat' dir='ltr'><strong>cujus</strong></span> <span class='ocrx_word' id='word_1_405' title='bbox 619 3668 730 3709; x_wconf 89' lang='lat' dir='ltr'><strong>non</strong></span> <span class='ocrx_word' id='word_1_406' title='bbox 773 3669 894 3709; x_wconf 86' lang='lat' dir='ltr'><strong>sunt</strong></span> <span class='ocrx_word' id='word_1_407' title='bbox 932 3653 1131 3726; x_wconf 84' lang='lat' dir='ltr'><strong>dignus</strong></span> <span class='ocrx_word' id='word_1_408' title='bbox 1181 3657 1554 3710; x_wconf 81' lang='lat' dir='ltr'><strong>calceamenta</strong></span> <span class='ocrx_word' id='word_1_409' title='bbox 1607 3666 1842 3727; x_wconf 82' lang='lat' dir='ltr'><strong>gestare.</strong></span> <span class='ocrx_word' id='word_1_410' title='bbox 1884 3655 2002 3726; x_wconf 85' lang='lat' dir='ltr'><strong>Ipse</strong></span> 
     </span>
    </p>
   </div>
   <div class='ocr_carea' id='block_1_56' title="bbox 420 3747 2000 3819">
    <p class='ocr_par' dir='ltr' id='par_1_56' title="bbox 420 3747 2000 3819">
     <span class='ocr_line' id='line_1_56' title="bbox 420 3747 2000 3819; baseline -0.001 -17"><span class='ocrx_word' id='word_1_411' title='bbox 420 3763 519 3804; x_wconf 85' lang='lat' dir='ltr'><strong>vos</strong></span> <span class='ocrx_word' id='word_1_412' title='bbox 556 3747 851 3818; x_wconf 84' lang='lat' dir='ltr'><strong>baptizabit</strong></span> <span class='ocrx_word' id='word_1_413' title='bbox 895 3748 950 3801; x_wconf 91' lang='lat' dir='ltr'><strong>in</strong></span> <span class='ocrx_word' id='word_1_414' title='bbox 998 3748 1204 3817; x_wconf 88' lang='lat' dir='ltr'><strong>Spiritu</strong></span> <span class='ocrx_word' id='word_1_415' title='bbox 1255 3756 1448 3805; x_wconf 86' lang='lat' dir='ltr'><strong>sancto</strong></span> <span class='ocrx_word' id='word_1_416' title='bbox 1496 3757 1551 3802; x_wconf 90' lang='lat' dir='ltr'><strong>et</strong></span> <span class='ocrx_word' id='word_1_417' title='bbox 1582 3752 1706 3819; x_wconf 86' lang='lat' dir='ltr'><strong>igne</strong></span> <span class='ocrx_word' id='word_1_418' title='bbox 1738 3750 1804 3805; x_wconf 74' lang='grc'><strong>³³.</strong></span> <span class='ocrx_word' id='word_1_419' title='bbox 1839 3769 1858 3801; x_wconf 73' lang='grc' dir='ltr'><strong>ι</strong></span> <span class='ocrx_word' id='word_1_420' title='bbox 1895 3748 2000 3815; x_wconf 86' lang='lat' dir='ltr'><strong>Qui</strong></span> 
     </span>
    </p>
   </div>
   <div class='ocr_carea' id='block_1_57' title="bbox 425 3838 2001 3904">
    <p class='ocr_par' dir='ltr' id='par_1_57' title="bbox 425 3838 2001 3904">
     <span class='ocr_line' id='line_1_57' title="bbox 425 3838 2001 3904; baseline -0.001 -9"><span class='ocrx_word' id='word_1_421' title='bbox 425 3841 593 3895; x_wconf 89' lang='lat' dir='ltr'><strong>etiam</strong></span> <span class='ocrx_word' id='word_1_422' title='bbox 644 3855 770 3893; x_wconf 88' lang='lat' dir='ltr'><strong>cum</strong></span> <span class='ocrx_word' id='word_1_423' title='bbox 830 3838 1018 3894; x_wconf 89' lang='lat' dir='ltr'><strong>Jesum</strong></span> <span class='ocrx_word' id='word_1_424' title='bbox 1081 3840 1310 3895; x_wconf 89' lang='lat' dir='ltr'><strong>vidisset</strong></span> <span class='ocrx_word' id='word_1_425' title='bbox 1355 3840 1680 3904; x_wconf 77' lang='lat' dir='ltr'><strong>venientem,</strong></span> <span class='ocrx_word' id='word_1_426' title='bbox 1729 3841 2001 3895; x_wconf 46' lang='lat' dir='ltr'><strong>exclama.</strong></span> 
     </span>
    </p>
   </div>
   <div class='ocr_carea' id='block_1_58' title="bbox 419 3930 1996 4003">
    <p class='ocr_par' dir='ltr' id='par_1_58' title="bbox 419 3930 1996 4003">
     <span class='ocr_line' id='line_1_58' title="bbox 419 3930 1996 4003; baseline 0 -17"><span class='ocrx_word' id='word_1_427' title='bbox 419 3931 497 3986; x_wconf 87' lang='lat' dir='ltr'><strong>vit</strong></span> <span class='ocrx_word' id='word_1_428' title='bbox 546 3952 559 3986; x_wconf 88' lang='lat'><strong>:</strong></span> <span class='ocrx_word' id='word_1_429' title='bbox 605 3950 625 3980; x_wconf 79' lang='grc' dir='ltr'><strong>ι</strong></span> <span class='ocrx_word' id='word_1_430' title='bbox 676 3930 816 3987; x_wconf 86' lang='lat' dir='ltr'><strong>Ecce</strong></span> <span class='ocrx_word' id='word_1_431' title='bbox 853 3931 1045 4002; x_wconf 85' lang='lat' dir='ltr'><strong>Agnus</strong></span> <span class='ocrx_word' id='word_1_432' title='bbox 1070 3931 1160 3987; x_wconf 83' lang='lat' dir='ltr'><strong>Dei</strong></span> <span class='ocrx_word' id='word_1_433' title='bbox 1191 3933 1282 4002; x_wconf 89' lang='lat' dir='ltr'><strong>qui</strong></span> <span class='ocrx_word' id='word_1_434' title='bbox 1308 3933 1451 3986; x_wconf 87' lang='lat' dir='ltr'><strong>tollit</strong></span> <span class='ocrx_word' id='word_1_435' title='bbox 1473 3939 1758 4003; x_wconf 84' lang='lat' dir='ltr'><strong>peccatum</strong></span> <span class='ocrx_word' id='word_1_436' title='bbox 1787 3933 1996 3987; x_wconf 87' lang='lat' dir='ltr'><strong>mundi.</strong></span> 
     </span>
    </p>
   </div>
   <div class='ocr_carea' id='block_1_59' title="bbox 419 4020 1999 4095">
    <p class='ocr_par' dir='ltr' id='par_1_59' title="bbox 419 4020 1999 4095">
     <span class='ocr_line' id='line_1_59' title="bbox 419 4020 1999 4095; baseline 0.003 -19"><span class='ocrx_word' id='word_1_437' title='bbox 419 4020 522 4077; x_wconf 77' lang='lat' dir='ltr'><strong>llic</strong></span> <span class='ocrx_word' id='word_1_438' title='bbox 564 4028 672 4086; x_wconf 80' lang='lat' dir='ltr'><strong>est,</strong></span> <span class='ocrx_word' id='word_1_439' title='bbox 706 4023 776 4079; x_wconf 90' lang='lat' dir='ltr'><strong>de</strong></span> <span class='ocrx_word' id='word_1_440' title='bbox 807 4037 917 4094; x_wconf 89' lang='lat' dir='ltr'><strong>quo</strong></span> <span class='ocrx_word' id='word_1_441' title='bbox 946 4039 1047 4094; x_wconf 86' lang='lat' dir='ltr'><strong>ego</strong></span> <span class='ocrx_word' id='word_1_442' title='bbox 1083 4023 1198 4078; x_wconf 79' lang='lat' dir='ltr'><strong>dixi</strong></span> <span class='ocrx_word' id='word_1_443' title='bbox 1232 4043 1245 4079; x_wconf 89' lang='lat'><strong>:</strong></span> <span class='ocrx_word' id='word_1_444' title='bbox 1273 4022 1518 4080; x_wconf 87' lang='lat' dir='ltr'><strong>Post&#39;me</strong></span> <span class='ocrx_word' id='word_1_445' title='bbox 1564 4026 1714 4079; x_wconf 90' lang='lat' dir='ltr'><strong>venit</strong></span> <span class='ocrx_word' id='word_1_446' title='bbox 1767 4024 1871 4089; x_wconf 87' lang='lat' dir='ltr'><strong>vir,</strong></span> <span class='ocrx_word' id='word_1_447' title='bbox 1903 4026 1999 4095; x_wconf 87' lang='lat' dir='ltr'><strong>qui</strong></span> 
     </span>
    </p>
   </div>
   <div class='ocr_carea' id='block_1_60' title="bbox 418 4116 1999 4184">
    <p class='ocr_par' dir='ltr' id='par_1_60' title="bbox 418 4116 1999 4184">
     <span class='ocr_line' id='line_1_60' title="bbox 418 4116 1999 4184; baseline 0.004 -17"><span class='ocrx_word' id='word_1_448' title='bbox 418 4122 547 4169; x_wconf 83' lang='lat' dir='ltr'><strong>ante</strong></span> <span class='ocrx_word' id='word_1_449' title='bbox 579 4130 664 4171; x_wconf 89' lang='lat' dir='ltr'><strong>me</strong></span> <span class='ocrx_word' id='word_1_450' title='bbox 699 4116 880 4172; x_wconf 82' lang='lat' dir='ltr'><strong>factus</strong></span> <span class='ocrx_word' id='word_1_451' title='bbox 917 4126 1002 4174; x_wconf 80' lang='lat' dir='ltr'><strong>est</strong></span> <span class='ocrx_word' id='word_1_452' title='bbox 1021 4116 1088 4171; x_wconf 66' lang='grc' dir='ltr'><strong>⁸ο.</strong></span> <span class='ocrx_word' id='word_1_453' title='bbox 1122 4136 1142 4169; x_wconf 71' lang='grc' dir='ltr'><strong>ι</strong></span> <span class='ocrx_word' id='word_1_454' title='bbox 1171 4117 1329 4184; x_wconf 82' lang='lat' dir='ltr'><strong>Quod</strong></span> <span class='ocrx_word' id='word_1_455' title='bbox 1362 4132 1492 4173; x_wconf 88' lang='lat' dir='ltr'><strong>vero</strong></span> <span class='ocrx_word' id='word_1_456' title='bbox 1530 4117 1673 4172; x_wconf 89' lang='lat' dir='ltr'><strong>idem</strong></span> <span class='ocrx_word' id='word_1_457' title='bbox 1721 4125 1868 4173; x_wconf 87' lang='lat' dir='ltr'><strong>esset</strong></span> <span class='ocrx_word' id='word_1_458' title='bbox 1908 4133 1999 4173; x_wconf 84' lang='lat' dir='ltr'><strong>sa-</strong></span> 
     </span>
    </p>
   </div>
   <div class='ocr_carea' id='block_1_61' title="bbox 417 4206 2000 4280">
    <p class='ocr_par' dir='ltr' id='par_1_61' title="bbox 417 4206 2000 4280">
     <span class='ocr_line' id='line_1_61' title="bbox 417 4206 2000 4280; baseline 0.003 -18"><span class='ocrx_word' id='word_1_459' title='bbox 417 4207 593 4264; x_wconf 89' lang='lat' dir='ltr'><strong>lutare</strong></span> <span class='ocrx_word' id='word_1_460' title='bbox 619 4206 736 4268; x_wconf 90' lang='lat' dir='ltr'><strong>Dei.</strong></span> <span class='ocrx_word' id='word_1_461' title='bbox 771 4207 993 4264; x_wconf 88' lang='lat' dir='ltr'><strong>Simeon</strong></span> <span class='ocrx_word' id='word_1_462' title='bbox 1021 4224 1241 4280; x_wconf 91' lang='lat' dir='ltr'><strong>quoque</strong></span> <span class='ocrx_word' id='word_1_463' title='bbox 1280 4209 1608 4265; x_wconf 87' lang='lat' dir='ltr'><strong>testiﬁcatus</strong></span> <span class='ocrx_word' id='word_1_464' title='bbox 1645 4217 1751 4273; x_wconf 90' lang='lat' dir='ltr'><strong>est,</strong></span> <span class='ocrx_word' id='word_1_465' title='bbox 1777 4211 1872 4280; x_wconf 88' lang='lat' dir='ltr'><strong>qui</strong></span> <span class='ocrx_word' id='word_1_466' title='bbox 1906 4225 2000 4266; x_wconf 89' lang='lat' dir='ltr'><strong>ac-</strong></span> 
     </span>
    </p>
   </div>
   <div class='ocr_carea' id='block_1_62' title="bbox 416 4299 1995 4371">
    <p class='ocr_par' dir='ltr' id='par_1_62' title="bbox 416 4299 1995 4371">
     <span class='ocr_line' id='line_1_62' title="bbox 416 4299 1995 4371; baseline 0.003 -16"><span class='ocrx_word' id='word_1_467' title='bbox 416 4308 577 4370; x_wconf 83' lang='lat' dir='ltr'><strong>cepto</strong></span> <span class='ocrx_word' id='word_1_468' title='bbox 608 4299 664 4356; x_wconf 87' lang='lat' dir='ltr'><strong>in</strong></span> <span class='ocrx_word' id='word_1_469' title='bbox 709 4302 870 4356; x_wconf 89' lang='lat' dir='ltr'><strong>ulnas</strong></span> <span class='ocrx_word' id='word_1_470' title='bbox 917 4317 1090 4371; x_wconf 88' lang='lat' dir='ltr'><strong>puero</strong></span> <span class='ocrx_word' id='word_1_471' title='bbox 1121 4301 1274 4365; x_wconf 86' lang='lat' dir='ltr'><strong>Jesu,</strong></span> <span class='ocrx_word' id='word_1_472' title='bbox 1307 4301 1445 4357; x_wconf 85' lang='lat' dir='ltr'><strong>dixit</strong></span> <span class='ocrx_word' id='word_1_473' title='bbox 1475 4321 1488 4357; x_wconf 91' lang='lat'><strong>:</strong></span> <span class='ocrx_word' id='word_1_474' title='bbox 1519 4320 1538 4353; x_wconf 88' lang='grc'><em>‹</em></span> <span class='ocrx_word' id='word_1_475' title='bbox 1569 4300 1725 4358; x_wconf 86' lang='lat' dir='ltr'><strong>Nunc</strong></span> <span class='ocrx_word' id='word_1_476' title='bbox 1764 4302 1995 4360; x_wconf 91' lang='lat' dir='ltr'><strong>dimittis</strong></span> 
     </span>
    </p>
   </div>
   <div class='ocr_carea' id='block_1_63' title="bbox 416 4389 1993 4458">
    <p class='ocr_par' dir='ltr' id='par_1_63' title="bbox 416 4389 1993 4458">
     <span class='ocr_line' id='line_1_63' title="bbox 416 4389 1993 4458; baseline 0.004 -14"><span class='ocrx_word' id='word_1_477' title='bbox 416 4403 637 4445; x_wconf 86' lang='lat' dir='ltr'><strong>servum</strong></span> <span class='ocrx_word' id='word_1_478' title='bbox 670 4398 844 4454; x_wconf 89' lang='lat' dir='ltr'><strong>tuum,</strong></span> <span class='ocrx_word' id='word_1_479' title='bbox 882 4389 1129 4457; x_wconf 82' lang='lat' dir='ltr'><strong>Domine,</strong></span> <span class='ocrx_word' id='word_1_480' title='bbox 1164 4392 1466 4448; x_wconf 87' lang='lat' dir='ltr'><strong>secundum</strong></span> <span class='ocrx_word' id='word_1_481' title='bbox 1490 4394 1908 4458; x_wconf 81' lang='lat' dir='ltr'><strong>verbumtuum,</strong></span> <span class='ocrx_word' id='word_1_482' title='bbox 1939 4396 1993 4450; x_wconf 91' lang='lat' dir='ltr'><strong>in</strong></span> 
     </span>
    </p>
   </div>
   <div class='ocr_carea' id='block_1_64' title="bbox 416 4481 1993 4555">
    <p class='ocr_par' dir='ltr' id='par_1_64' title="bbox 416 4481 1993 4555">
     <span class='ocr_line' id='line_1_64' title="bbox 416 4481 1993 4555; baseline 0.003 -19"><span class='ocrx_word' id='word_1_483' title='bbox 416 4496 571 4552; x_wconf 89' lang='lat' dir='ltr'><strong>pace.</strong></span> <span class='ocrx_word' id='word_1_484' title='bbox 597 4481 737 4550; x_wconf 90' lang='lat' dir='ltr'><strong>Quia</strong></span> <span class='ocrx_word' id='word_1_485' title='bbox 763 4483 1020 4538; x_wconf 89' lang='lat' dir='ltr'><strong>viderunt</strong></span> <span class='ocrx_word' id='word_1_486' title='bbox 1050 4485 1197 4538; x_wconf 92' lang='lat' dir='ltr'><strong>oculi</strong></span> <span class='ocrx_word' id='word_1_487' title='bbox 1227 4483 1334 4538; x_wconf 86' lang='lat' dir='ltr'><strong>mei</strong></span> <span class='ocrx_word' id='word_1_488' title='bbox 1366 4484 1605 4540; x_wconf 86' lang='lat' dir='ltr'><strong>salutare</strong></span> <span class='ocrx_word' id='word_1_489' title='bbox 1635 4492 1810 4550; x_wconf 90' lang='lat' dir='ltr'><strong>tuum,</strong></span> <span class='ocrx_word' id='word_1_490' title='bbox 1846 4485 1993 4555; x_wconf 85' lang='lat' dir='ltr'><strong>quod</strong></span> 
     </span>
    </p>
   </div>
   <div class='ocr_carea' id='block_1_65' title="bbox 2119 1905 3692 1981">
    <p class='ocr_par' dir='ltr' id='par_1_65' title="bbox 2119 1905 3692 1981">
     <span class='ocr_line' id='line_1_65' title="bbox 2119 1905 3692 1981; baseline -0.004 -18"><span class='ocrx_word' id='word_1_491' title='bbox 2119 1910 2300 1973; x_wconf 80' lang='grc' dir='ltr'>δάνου,</span> <span class='ocrx_word' id='word_1_492' title='bbox 2359 1910 2630 1981; x_wconf 73' lang='grc' dir='ltr'>ἐκήρυσσε</span> <span class='ocrx_word' id='word_1_493' title='bbox 2685 1906 2966 1978; x_wconf 83' lang='grc' dir='ltr'>βάπτισμα</span> <span class='ocrx_word' id='word_1_494' title='bbox 3031 1906 3318 1977; x_wconf 78' lang='grc' dir='ltr'>μετανοίας</span> <span class='ocrx_word' id='word_1_495' title='bbox 3375 1906 3457 1968; x_wconf 80' lang='grc' dir='ltr'>εἰς</span> <span class='ocrx_word' id='word_1_496' title='bbox 3513 1905 3692 1973; x_wconf 55' lang='grc' dir='ltr'>άξεσιν</span> 
     </span>
    </p>
   </div>
   <div class='ocr_carea' id='block_1_66' title="bbox 2120 1993 3693 2073">
    <p class='ocr_par' dir='ltr' id='par_1_66' title="bbox 2120 1993 3693 2073">
     <span class='ocr_line' id='line_1_66' title="bbox 2120 1993 3693 2073; baseline -0.004 -17"><span class='ocrx_word' id='word_1_497' title='bbox 2120 2000 2427 2073; x_wconf 80' lang='grc' dir='ltr'>ἁμαρτιῶν.</span> <span class='ocrx_word' id='word_1_498' title='bbox 2460 2022 2477 2053; x_wconf 72' lang='grc' dir='ltr'><strong><em>ο</em></strong></span> <span class='ocrx_word' id='word_1_499' title='bbox 2512 1999 2737 2063; x_wconf 82' lang='grc' dir='ltr'>Τούτοις</span> <span class='ocrx_word' id='word_1_500' title='bbox 2778 1998 2822 2052; x_wconf 85' lang='grc' dir='ltr'><strong>δ’</strong></span> <span class='ocrx_word' id='word_1_501' title='bbox 2859 1993 2951 2052; x_wconf 79' lang='grc' dir='ltr'><strong>οὖν</strong></span> <span class='ocrx_word' id='word_1_502' title='bbox 2982 1998 3011 2049; x_wconf 89' lang='grc' dir='ltr'><strong>ό</strong></span> <span class='ocrx_word' id='word_1_503' title='bbox 3038 1997 3427 2068; x_wconf 75' lang='grc' dir='ltr'>εὐαγγελιστὴς</span> <span class='ocrx_word' id='word_1_504' title='bbox 3472 1997 3693 2066; x_wconf 83' lang='grc' dir='ltr'>ἐπιμαρ-</span> 
     </span>
    </p>
   </div>
   <div class='ocr_carea' id='block_1_67' title="bbox 2114 2087 3693 2164">
    <p class='ocr_par' dir='ltr' id='par_1_67' title="bbox 2114 2087 3693 2164">
     <span class='ocr_line' id='line_1_67' title="bbox 2114 2087 3693 2164; baseline -0.002 -19"><span class='ocrx_word' id='word_1_505' title='bbox 2114 2097 2270 2164; x_wconf 87' lang='grc' dir='ltr'>τυρεῖ</span> <span class='ocrx_word' id='word_1_506' title='bbox 2319 2092 2493 2162; x_wconf 77' lang='grc' dir='ltr'>λέγων</span> <span class='ocrx_word' id='word_1_507' title='bbox 2517 2109 2530 2121; x_wconf 95' lang='grc'><strong>·</strong></span> <span class='ocrx_word' id='word_1_508' title='bbox 2574 2111 2592 2142; x_wconf 84' lang='grc' dir='ltr'><strong>ι</strong></span> <span class='ocrx_word' id='word_1_509' title='bbox 2620 2088 2818 2154; x_wconf 85' lang='grc' dir='ltr'>Καθὼς</span> <span class='ocrx_word' id='word_1_510' title='bbox 2862 2090 3172 2160; x_wconf 79' lang='grc' dir='ltr'>γέγραπται</span> <span class='ocrx_word' id='word_1_511' title='bbox 3218 2091 3275 2142; x_wconf 86' lang='grc' dir='ltr'><strong>ἐν</strong></span> <span class='ocrx_word' id='word_1_512' title='bbox 3316 2088 3482 2158; x_wconf 79' lang='grc' dir='ltr'>βίϐλῳ</span> <span class='ocrx_word' id='word_1_513' title='bbox 3531 2087 3693 2157; x_wconf 73' lang='grc' dir='ltr'>λόγων</span> 
     </span>
    </p>
   </div>
   <div class='ocr_carea' id='block_1_68' title="bbox 2127 2181 3691 2258">
    <p class='ocr_par' dir='ltr' id='par_1_68' title="bbox 2127 2181 3691 2258">
     <span class='ocr_line' id='line_1_68' title="bbox 2127 2181 3691 2258; baseline -0.004 -19"><span class='ocrx_word' id='word_1_514' title='bbox 2127 2186 2346 2240; x_wconf 79' lang='grc' dir='ltr'>Ἡσαΐου</span> <span class='ocrx_word' id='word_1_515' title='bbox 2371 2186 2464 2238; x_wconf 89' lang='grc' dir='ltr'><strong>τοῦ</strong></span> <span class='ocrx_word' id='word_1_516' title='bbox 2496 2185 2774 2258; x_wconf 80' lang='grc' dir='ltr'>προφήτου</span> <span class='ocrx_word' id='word_1_517' title='bbox 2796 2200 2809 2214; x_wconf 87' lang='grc'><strong>·</strong></span> <span class='ocrx_word' id='word_1_518' title='bbox 2851 2182 3006 2255; x_wconf 82' lang='grc' dir='ltr'>Φωνὴ</span> <span class='ocrx_word' id='word_1_519' title='bbox 3064 2181 3293 2253; x_wconf 82' lang='grc' dir='ltr'>βοῶντος</span> <span class='ocrx_word' id='word_1_520' title='bbox 3313 2183 3370 2233; x_wconf 86' lang='grc' dir='ltr'><strong>ἐν</strong></span> <span class='ocrx_word' id='word_1_521' title='bbox 3390 2185 3459 2253; x_wconf 81' lang='grc' dir='ltr'>τῇ</span> <span class='ocrx_word' id='word_1_522' title='bbox 3486 2182 3691 2253; x_wconf 77' lang='grc' dir='ltr'>ἐρήμῳ·</span> 
     </span>
    </p>
   </div>
   <div class='ocr_carea' id='block_1_69' title="bbox 2127 2271 3693 2347">
    <p class='ocr_par' dir='ltr' id='par_1_69' title="bbox 2127 2271 3693 2347">
     <span class='ocr_line' id='line_1_69' title="bbox 2127 2271 3693 2347; baseline -0.004 -17"><span class='ocrx_word' id='word_1_523' title='bbox 2127 2276 2486 2345; x_wconf 73' lang='grc' dir='ltr'>Ἑτοιμάσατε</span> <span class='ocrx_word' id='word_1_524' title='bbox 2518 2275 2618 2347; x_wconf 83' lang='grc' dir='ltr'><strong>τὴν</strong></span> <span class='ocrx_word' id='word_1_525' title='bbox 2650 2275 2767 2328; x_wconf 80' lang='grc' dir='ltr'>ὁδὸν</span> <span class='ocrx_word' id='word_1_526' title='bbox 2792 2273 2997 2345; x_wconf 84' lang='grc' dir='ltr'>Κυρίου</span> <span class='ocrx_word' id='word_1_527' title='bbox 3019 2293 3033 2306; x_wconf 90' lang='grc'><strong>·</strong></span> <span class='ocrx_word' id='word_1_528' title='bbox 3059 2291 3078 2323; x_wconf 75' lang='grc' dir='ltr'><strong>ι</strong></span> <span class='ocrx_word' id='word_1_529' title='bbox 3114 2272 3210 2326; x_wconf 77' lang='grc' dir='ltr'><strong>καὶ</strong></span> <span class='ocrx_word' id='word_1_530' title='bbox 3247 2271 3318 2326; x_wconf 80' lang='grc' dir='ltr'>τὰ</span> <span class='ocrx_word' id='word_1_531' title='bbox 3346 2272 3492 2343; x_wconf 80' lang='grc' dir='ltr'>ἑξῆς.</span> <span class='ocrx_word' id='word_1_532' title='bbox 3533 2272 3599 2324; x_wconf 93' lang='grc' dir='ltr'><strong>Τί</strong></span> <span class='ocrx_word' id='word_1_533' title='bbox 3633 2271 3693 2343; x_wconf 81' lang='grc' dir='ltr'><strong>δὴ</strong></span> 
     </span>
    </p>
   </div>
   <div class='ocr_carea' id='block_1_70' title="bbox 2113 2363 3689 2439">
    <p class='ocr_par' dir='ltr' id='par_1_70' title="bbox 2113 2363 3689 2439">
     <span class='ocr_line' id='line_1_70' title="bbox 2113 2363 3689 2439; baseline -0.004 -17"><span class='ocrx_word' id='word_1_534' title='bbox 2113 2363 2207 2422; x_wconf 76' lang='grc' dir='ltr'><strong>οὖν</strong></span> <span class='ocrx_word' id='word_1_535' title='bbox 2239 2367 2369 2421; x_wconf 78' lang='grc' dir='ltr'>ἐϐόα</span> <span class='ocrx_word' id='word_1_536' title='bbox 2410 2369 2443 2439; x_wconf 86' lang='grc' dir='ltr'>ὴ</span> <span class='ocrx_word' id='word_1_537' title='bbox 2492 2366 2581 2422; x_wconf 85' lang='grc' dir='ltr'><strong>διὰ</strong></span> <span class='ocrx_word' id='word_1_538' title='bbox 2626 2365 2720 2420; x_wconf 88' lang='grc' dir='ltr'><strong>τοῦ</strong></span> <span class='ocrx_word' id='word_1_539' title='bbox 2768 2365 3017 2420; x_wconf 87' lang='grc' dir='ltr'>Ἰωάννου</span> <span class='ocrx_word' id='word_1_540' title='bbox 3048 2364 3199 2436; x_wconf 82' lang='grc' dir='ltr'>φωνὴ</span> <span class='ocrx_word' id='word_1_541' title='bbox 3228 2365 3321 2418; x_wconf 80' lang='grc' dir='ltr'><strong>ἐπὶ</strong></span> <span class='ocrx_word' id='word_1_542' title='bbox 3361 2364 3465 2435; x_wconf 80' lang='grc' dir='ltr'>τῆς</span> <span class='ocrx_word' id='word_1_543' title='bbox 3490 2364 3689 2437; x_wconf 78' lang='grc' dir='ltr'>ἐρήμου</span> 
     </span>
    </p>
   </div>
   <div class='ocr_carea' id='block_1_71' title="bbox 2113 2454 3695 2530">
    <p class='ocr_par' dir='ltr' id='par_1_71' title="bbox 2113 2454 3695 2530">
     <span class='ocr_line' id='line_1_71' title="bbox 2113 2454 3695 2530; baseline -0.003 -18"><span class='ocrx_word' id='word_1_544' title='bbox 2113 2458 2462 2530; x_wconf 70' lang='grc' dir='ltr'>κηρύσσουσα</span> <span class='ocrx_word' id='word_1_545' title='bbox 2495 2457 2527 2528; x_wconf 82' lang='grc' dir='ltr'>ἢ</span> <span class='ocrx_word' id='word_1_546' title='bbox 2559 2460 2673 2522; x_wconf 89' lang='grc' dir='ltr'>τοῖς</span> <span class='ocrx_word' id='word_1_547' title='bbox 2717 2455 3379 2527; x_wconf 31' lang='grc' dir='ltr'>ἐκπορευομένοιςνῦχλοις</span> <span class='ocrx_word' id='word_1_548' title='bbox 3407 2454 3695 2528; x_wconf 72' lang='grc' dir='ltr'>βαπτισθῇ</span> 
     </span>
    </p>
   </div>
   <div class='ocr_carea' id='block_1_72' title="bbox 2111 2548 3690 2621">
    <p class='ocr_par' dir='ltr' id='par_1_72' title="bbox 2111 2548 3690 2621">
     <span class='ocr_line' id='line_1_72' title="bbox 2111 2548 3690 2621; baseline -0.002 -18"><span class='ocrx_word' id='word_1_549' title='bbox 2111 2566 2199 2605; x_wconf 90' lang='grc' dir='ltr'><strong>ναι</strong></span> <span class='ocrx_word' id='word_1_550' title='bbox 2233 2550 2322 2602; x_wconf 83' lang='grc' dir='ltr'>ὑπ’</span> <span class='ocrx_word' id='word_1_551' title='bbox 2347 2548 2535 2615; x_wconf 89' lang='grc' dir='ltr'>αὐτοῦ,</span> <span class='ocrx_word' id='word_1_552' title='bbox 2570 2549 2647 2612; x_wconf 80' lang='grc' dir='ltr'>ὡς</span> <span class='ocrx_word' id='word_1_553' title='bbox 2675 2550 2925 2621; x_wconf 81' lang='grc' dir='ltr'>ἑρπετοῖς</span> <span class='ocrx_word' id='word_1_554' title='bbox 2956 2550 3162 2620; x_wconf 77' lang='grc' dir='ltr'>ἐρήμου</span> <span class='ocrx_word' id='word_1_555' title='bbox 3208 2548 3591 2619; x_wconf 82' lang='grc' dir='ltr'>τυγχάνουσιν,</span> <span class='ocrx_word' id='word_1_556' title='bbox 3622 2550 3690 2603; x_wconf 81' lang='grc' dir='ltr'>οῖ-</span> 
     </span>
    </p>
   </div>
   <div class='ocr_carea' id='block_1_73' title="bbox 2111 2639 3692 2714">
    <p class='ocr_par' dir='ltr' id='par_1_73' title="bbox 2111 2639 3692 2714">
     <span class='ocr_line' id='line_1_73' title="bbox 2111 2639 3692 2714; baseline -0.002 -19"><span class='ocrx_word' id='word_1_557' title='bbox 2111 2642 2275 2705; x_wconf 87' lang='grc' dir='ltr'>κείως</span> <span class='ocrx_word' id='word_1_558' title='bbox 2303 2644 2367 2713; x_wconf 82' lang='grc' dir='ltr'>τῇ</span> <span class='ocrx_word' id='word_1_559' title='bbox 2402 2642 2740 2714; x_wconf 68' lang='grc' dir='ltr'>προφητεία·</span> <span class='ocrx_word' id='word_1_560' title='bbox 2777 2659 2797 2694; x_wconf 79' lang='grc' dir='ltr'><strong>ι</strong></span> <span class='ocrx_word' id='word_1_561' title='bbox 2825 2641 3148 2711; x_wconf 84' lang='grc' dir='ltr'>Γεννήματα</span> <span class='ocrx_word' id='word_1_562' title='bbox 3176 2639 3421 2711; x_wconf 82' lang='grc' dir='ltr'>ἐχιδνῶν,</span> <span class='ocrx_word' id='word_1_563' title='bbox 3452 2641 3540 2704; x_wconf 88' lang='grc' dir='ltr'><strong>τίς</strong></span> <span class='ocrx_word' id='word_1_564' title='bbox 3572 2639 3692 2692; x_wconf 81' lang='grc' dir='ltr'><strong>ὑπέ-</strong></span> 
     </span>
    </p>
   </div>
   <div class='ocr_carea' id='block_1_74' title="bbox 2108 2732 3688 2805">
    <p class='ocr_par' dir='ltr' id='par_1_74' title="bbox 2108 2732 3688 2805">
     <span class='ocr_line' id='line_1_74' title="bbox 2108 2732 3688 2805; baseline -0.004 -16"><span class='ocrx_word' id='word_1_565' title='bbox 2108 2735 2279 2799; x_wconf 81' lang='grc' dir='ltr'>δειξεν</span> <span class='ocrx_word' id='word_1_566' title='bbox 2308 2736 2435 2804; x_wconf 83' lang='grc' dir='ltr'>ὑμῖν</span> <span class='ocrx_word' id='word_1_567' title='bbox 2458 2736 2646 2804; x_wconf 83' lang='grc' dir='ltr'>φυγεῖν</span> <span class='ocrx_word' id='word_1_568' title='bbox 2669 2733 2778 2788; x_wconf 83' lang='grc' dir='ltr'>ἀπὸ</span> <span class='ocrx_word' id='word_1_569' title='bbox 2802 2732 2903 2803; x_wconf 80' lang='grc' dir='ltr'><strong>τῆς</strong></span> <span class='ocrx_word' id='word_1_570' title='bbox 2927 2732 3227 2803; x_wconf 74' lang='grc' dir='ltr'>μελλούσης</span> <span class='ocrx_word' id='word_1_571' title='bbox 3247 2734 3416 2805; x_wconf 80' lang='grc' dir='ltr'>ὀργῆς</span> <span class='ocrx_word' id='word_1_572' title='bbox 3436 2749 3450 2797; x_wconf 93' lang='lat'><strong>;</strong></span> <span class='ocrx_word' id='word_1_573' title='bbox 3479 2752 3500 2783; x_wconf 71' lang='grc' dir='ltr'><strong>ι</strong></span> <span class='ocrx_word' id='word_1_574' title='bbox 3532 2732 3688 2786; x_wconf 82' lang='grc' dir='ltr'>Πάλιν</span> 
     </span>
    </p>
   </div>
   <div class='ocr_carea' id='block_1_75' title="bbox 2114 2821 3685 2896">
    <p class='ocr_par' dir='ltr' id='par_1_75' title="bbox 2114 2821 3685 2896">
     <span class='ocr_line' id='line_1_75' title="bbox 2114 2821 3685 2896; baseline -0.003 -17"><span class='ocrx_word' id='word_1_575' title='bbox 2114 2843 2175 2879; x_wconf 84' lang='grc' dir='ltr'><strong>τε</strong></span> <span class='ocrx_word' id='word_1_576' title='bbox 2194 2821 2260 2879; x_wconf 80' lang='grc' dir='ltr'><strong>αὖ</strong></span> <span class='ocrx_word' id='word_1_577' title='bbox 2285 2825 2383 2890; x_wconf 78' lang='grc' dir='ltr'>τὰς</span> <span class='ocrx_word' id='word_1_578' title='bbox 2405 2824 2626 2888; x_wconf 85' lang='grc' dir='ltr'>σκολιὰς</span> <span class='ocrx_word' id='word_1_579' title='bbox 2645 2822 2816 2894; x_wconf 59' lang='grc' dir='ltr'>ψυχὰς</span> <span class='ocrx_word' id='word_1_580' title='bbox 2842 2824 2921 2886; x_wconf 86' lang='grc' dir='ltr'><strong>είς</strong></span> <span class='ocrx_word' id='word_1_581' title='bbox 2940 2823 3172 2887; x_wconf 83' lang='grc' dir='ltr'>εὐθείας,</span> <span class='ocrx_word' id='word_1_582' title='bbox 3191 2823 3287 2878; x_wconf 77' lang='grc' dir='ltr'><strong>καὶ</strong></span> <span class='ocrx_word' id='word_1_583' title='bbox 3315 2823 3415 2887; x_wconf 82' lang='grc' dir='ltr'><strong>τάς</strong></span> <span class='ocrx_word' id='word_1_584' title='bbox 3442 2823 3685 2896; x_wconf 77' lang='grc' dir='ltr'>τραχείας</span> 
     </span>
    </p>
   </div>
   <div class='ocr_carea' id='block_1_76' title="bbox 2111 2914 3687 2988">
    <p class='ocr_par' dir='ltr' id='par_1_76' title="bbox 2111 2914 3687 2988">
     <span class='ocr_line' id='line_1_76' title="bbox 2111 2914 3687 2988; baseline -0.001 -17"><span class='ocrx_word' id='word_1_585' title='bbox 2111 2920 2190 2982; x_wconf 89' lang='grc' dir='ltr'><strong>είς</strong></span> <span class='ocrx_word' id='word_1_586' title='bbox 2223 2918 2376 2980; x_wconf 77' lang='grc' dir='ltr'>ὁδοὺς</span> <span class='ocrx_word' id='word_1_587' title='bbox 2409 2916 2559 2980; x_wconf 89' lang='grc' dir='ltr'>λείας</span> <span class='ocrx_word' id='word_1_588' title='bbox 2587 2916 3072 2988; x_wconf 75' lang='grc' dir='ltr'>μετασκευάζουσα</span> <span class='ocrx_word' id='word_1_589' title='bbox 3101 2914 3309 2984; x_wconf 77' lang='grc' dir='ltr'>ἔφασκε</span> <span class='ocrx_word' id='word_1_590' title='bbox 3337 2918 3452 2979; x_wconf 87' lang='grc' dir='ltr'>τοῖς</span> <span class='ocrx_word' id='word_1_591' title='bbox 3480 2916 3687 2979; x_wconf 77' lang='grc' dir='ltr'>αὐτοῖς·</span> 
     </span>
    </p>
   </div>
   <div class='ocr_carea' id='block_1_77' title="bbox 2116 3011 3679 3087">
    <p class='ocr_par' dir='ltr' id='par_1_77' title="bbox 2116 3011 3679 3087">
     <span class='ocr_line' id='line_1_77' title="bbox 2116 3011 3679 3087; baseline -0.001 -20"><span class='ocrx_word' id='word_1_592' title='bbox 2116 3034 2136 3067; x_wconf 83' lang='grc' dir='ltr'><strong>ι</strong></span> <span class='ocrx_word' id='word_1_593' title='bbox 2164 3016 2435 3087; x_wconf 82' lang='grc' dir='ltr'>Ποιήσατε</span> <span class='ocrx_word' id='word_1_594' title='bbox 2486 3011 2579 3069; x_wconf 80' lang='grc' dir='ltr'><strong>οὖν</strong></span> <span class='ocrx_word' id='word_1_595' title='bbox 2642 3015 2890 3087; x_wconf 75' lang='grc' dir='ltr'>καρποὺς</span> <span class='ocrx_word' id='word_1_596' title='bbox 2943 3014 3126 3081; x_wconf 77' lang='grc' dir='ltr'>ἀξίους</span> <span class='ocrx_word' id='word_1_597' title='bbox 3175 3014 3277 3084; x_wconf 77' lang='grc' dir='ltr'>τῆς</span> <span class='ocrx_word' id='word_1_598' title='bbox 3328 3015 3632 3086; x_wconf 82' lang='grc' dir='ltr'>μετανοίας.</span> <span class='ocrx_word' id='word_1_599' title='bbox 3661 3034 3679 3066; x_wconf 74' lang='grc' dir='ltr'><strong>ι</strong></span> 
     </span>
    </p>
   </div>
   <div class='ocr_carea' id='block_1_78' title="bbox 2109 3106 3685 3179">
    <p class='ocr_par' dir='ltr' id='par_1_78' title="bbox 2109 3106 3685 3179">
     <span class='ocr_line' id='line_1_78' title="bbox 2109 3106 3685 3179; baseline 0.001 -18"><span class='ocrx_word' id='word_1_600' title='bbox 2109 3108 2221 3161; x_wconf 77' lang='grc' dir='ltr'><strong>Καὶ</strong></span> <span class='ocrx_word' id='word_1_601' title='bbox 2291 3106 2466 3161; x_wconf 89' lang='grc' dir='ltr'>ταῦτά</span> <span class='ocrx_word' id='word_1_602' title='bbox 2526 3125 2591 3176; x_wconf 90' lang='grc' dir='ltr'><strong>γε</strong></span> <span class='ocrx_word' id='word_1_603' title='bbox 2663 3107 2995 3161; x_wconf 82' lang='grc' dir='ltr'>συνετελεῖτο</span> <span class='ocrx_word' id='word_1_604' title='bbox 3073 3109 3685 3179; x_wconf 76' lang='grc' dir='ltr'>προπαρασκευάζοντος</span> 
     </span>
    </p>
   </div>
   <div class='ocr_carea' id='block_1_79' title="bbox 2033 3177 3688 3273">
    <p class='ocr_par' dir='ltr' id='par_1_79' title="bbox 2033 3177 3688 3273">
     <span class='ocr_line' id='line_1_79' title="bbox 2033 3177 3688 3273; baseline 0 -20"><span class='ocrx_word' id='word_1_605' title='bbox 2033 3177 2075 3235; x_wconf 76' lang='lat' dir='ltr'>C</span> <span class='ocrx_word' id='word_1_606' title='bbox 2120 3200 2365 3255; x_wconf 81' lang='grc' dir='ltr'>Ἰωάννου</span> <span class='ocrx_word' id='word_1_607' title='bbox 2416 3201 2544 3264; x_wconf 82' lang='grc' dir='ltr'>τοὺς</span> <span class='ocrx_word' id='word_1_608' title='bbox 2591 3199 2887 3272; x_wconf 72' lang='grc' dir='ltr'>ὀψομένους</span> <span class='ocrx_word' id='word_1_609' title='bbox 2930 3200 3029 3272; x_wconf 80' lang='grc' dir='ltr'>τὴν</span> <span class='ocrx_word' id='word_1_610' title='bbox 3074 3177 3231 3266; x_wconf 77' lang='grc' dir='ltr'>δόξαν</span> <span class='ocrx_word' id='word_1_611' title='bbox 3262 3177 3490 3273; x_wconf 86' lang='grc' dir='ltr'>Κυρίου,</span> <span class='ocrx_word' id='word_1_612' title='bbox 3518 3203 3611 3256; x_wconf 76' lang='grc' dir='ltr'><strong>καὶ</strong></span> <span class='ocrx_word' id='word_1_613' title='bbox 3630 3200 3688 3254; x_wconf 70' lang='grc' dir='ltr'><strong>τὸ</strong></span> 
     </span>
    </p>
   </div>
   <div class='ocr_carea' id='block_1_80' title="bbox 2103 3291 3685 3364">
    <p class='ocr_par' dir='ltr' id='par_1_80' title="bbox 2103 3291 3685 3364">
     <span class='ocr_line' id='line_1_80' title="bbox 2103 3291 3685 3364; baseline 0 -19"><span class='ocrx_word' id='word_1_614' title='bbox 2103 3291 2439 3363; x_wconf 77' lang='grc' dir='ltr'>καλούμενον</span> <span class='ocrx_word' id='word_1_615' title='bbox 2472 3295 2738 3364; x_wconf 84' lang='grc' dir='ltr'>σωτήριον</span> <span class='ocrx_word' id='word_1_616' title='bbox 2771 3293 2865 3346; x_wconf 90' lang='grc' dir='ltr'><strong>τοῦ</strong></span> <span class='ocrx_word' id='word_1_617' title='bbox 2909 3292 3065 3357; x_wconf 83' lang='grc' dir='ltr'>Θεοῦ,</span> <span class='ocrx_word' id='word_1_618' title='bbox 3090 3293 3191 3346; x_wconf 76' lang='grc' dir='ltr'><strong>οὐκ</strong></span> <span class='ocrx_word' id='word_1_619' title='bbox 3236 3293 3395 3348; x_wconf 83' lang='grc' dir='ltr'>ἄλλον</span> <span class='ocrx_word' id='word_1_620' title='bbox 3437 3293 3568 3349; x_wconf 76' lang='grc' dir='ltr'>ὄντα</span> <span class='ocrx_word' id='word_1_621' title='bbox 3598 3292 3685 3346; x_wconf 80' lang='grc' dir='ltr'><strong>τοῦ</strong></span> 
     </span>
    </p>
   </div>
   <div class='ocr_carea' id='block_1_81' title="bbox 2102 3383 3683 3457">
    <p class='ocr_par' dir='ltr' id='par_1_81' title="bbox 2102 3383 3683 3457">
     <span class='ocr_line' id='line_1_81' title="bbox 2102 3383 3683 3457; baseline 0.001 -20"><span class='ocrx_word' id='word_1_622' title='bbox 2102 3384 2360 3454; x_wconf 82' lang='grc' dir='ltr'>Χριστοῦ,</span> <span class='ocrx_word' id='word_1_623' title='bbox 2400 3385 2476 3448; x_wconf 87' lang='grc' dir='ltr'>ὡς</span> <span class='ocrx_word' id='word_1_624' title='bbox 2513 3384 2813 3457; x_wconf 73' lang='grc' dir='ltr'>ἐμαρτύρει</span> <span class='ocrx_word' id='word_1_625' title='bbox 2867 3383 3071 3453; x_wconf 77' lang='grc' dir='ltr'>λέγων·</span> <span class='ocrx_word' id='word_1_626' title='bbox 3117 3403 3135 3435; x_wconf 81' lang='grc' dir='ltr'><strong>ι</strong></span> <span class='ocrx_word' id='word_1_627' title='bbox 3188 3384 3332 3453; x_wconf 85' lang='grc' dir='ltr'><strong>Ἐγὼ</strong></span> <span class='ocrx_word' id='word_1_628' title='bbox 3383 3385 3485 3456; x_wconf 82' lang='grc' dir='ltr'><strong>μὲν</strong></span> <span class='ocrx_word' id='word_1_629' title='bbox 3547 3387 3683 3456; x_wconf 76' lang='grc' dir='ltr'>ὑμᾶς</span> 
     </span>
    </p>
   </div>
   <div class='ocr_carea' id='block_1_82' title="bbox 2104 3476 3688 3549">
    <p class='ocr_par' dir='ltr' id='par_1_82' title="bbox 2104 3476 3688 3549">
     <span class='ocr_line' id='line_1_82' title="bbox 2104 3476 3688 3549; baseline 0.001 -19"><span class='ocrx_word' id='word_1_630' title='bbox 2104 3476 2255 3531; x_wconf 78' lang='grc' dir='ltr'>ὕδατι</span> <span class='ocrx_word' id='word_1_631' title='bbox 2274 3476 2548 3547; x_wconf 80' lang='grc' dir='ltr'>βαπτίζω·</span> <span class='ocrx_word' id='word_1_632' title='bbox 2582 3477 2800 3548; x_wconf 81' lang='grc' dir='ltr'>ἔρχεται</span> <span class='ocrx_word' id='word_1_633' title='bbox 2831 3476 2888 3530; x_wconf 88' lang='grc' dir='ltr'><strong>δέ</strong></span> <span class='ocrx_word' id='word_1_634' title='bbox 2931 3480 2958 3530; x_wconf 89' lang='grc' dir='ltr'>ὁ</span> <span class='ocrx_word' id='word_1_635' title='bbox 2998 3477 3347 3549; x_wconf 78' lang='grc' dir='ltr'>ἰσχυρότερός</span> <span class='ocrx_word' id='word_1_636' title='bbox 3377 3494 3477 3549; x_wconf 90' lang='grc' dir='ltr'><strong>μου</strong></span> <span class='ocrx_word' id='word_1_637' title='bbox 3517 3477 3688 3531; x_wconf 78' lang='grc' dir='ltr'>ὀπίσω</span> 
     </span>
    </p>
   </div>
   <div class='ocr_carea' id='block_1_83' title="bbox 2105 3564 3690 3641">
    <p class='ocr_par' dir='ltr' id='par_1_83' title="bbox 2105 3564 3690 3641">
     <span class='ocr_line' id='line_1_83' title="bbox 2105 3564 3690 3641; baseline 0.001 -19"><span class='ocrx_word' id='word_1_638' title='bbox 2105 3584 2238 3640; x_wconf 86' lang='grc' dir='ltr'>μου·</span> <span class='ocrx_word' id='word_1_639' title='bbox 2288 3564 2349 3624; x_wconf 77' lang='grc' dir='ltr'><strong>οὗ</strong></span> <span class='ocrx_word' id='word_1_640' title='bbox 2391 3569 2490 3623; x_wconf 78' lang='grc' dir='ltr'>οὒκ</span> <span class='ocrx_word' id='word_1_641' title='bbox 2536 3570 2654 3640; x_wconf 71' lang='grc' dir='ltr'>εἰμὶ</span> <span class='ocrx_word' id='word_1_642' title='bbox 2700 3568 2849 3633; x_wconf 79' lang='grc' dir='ltr'>ἄξιος</span> <span class='ocrx_word' id='word_1_643' title='bbox 2933 3568 3000 3622; x_wconf 73' lang='grc' dir='ltr'>τὰ</span> <span class='ocrx_word' id='word_1_644' title='bbox 3092 3571 3419 3641; x_wconf 81' lang='grc' dir='ltr'>ὑποδήματα</span> <span class='ocrx_word' id='word_1_645' title='bbox 3490 3569 3690 3640; x_wconf 83' lang='grc' dir='ltr'>βαστά-</span> 
     </span>
    </p>
   </div>
   <div class='ocr_carea' id='block_1_84' title="bbox 2103 3659 3691 3733">
    <p class='ocr_par' dir='ltr' id='par_1_84' title="bbox 2103 3659 3691 3733">
     <span class='ocr_line' id='line_1_84' title="bbox 2103 3659 3691 3733; baseline 0.001 -19"><span class='ocrx_word' id='word_1_646' title='bbox 2103 3677 2213 3724; x_wconf 85' lang='grc' dir='ltr'>σαι,</span> <span class='ocrx_word' id='word_1_647' title='bbox 2271 3661 2433 3726; x_wconf 74' lang='grc' dir='ltr'>αὐτὸς</span> <span class='ocrx_word' id='word_1_648' title='bbox 2486 3661 2629 3733; x_wconf 80' lang='grc' dir='ltr'>ὑμᾶς</span> <span class='ocrx_word' id='word_1_649' title='bbox 2676 3659 2926 3731; x_wconf 88' lang='grc' dir='ltr'>βαπτίσει</span> <span class='ocrx_word' id='word_1_650' title='bbox 2980 3663 3039 3714; x_wconf 89' lang='grc' dir='ltr'><strong>ἐν</strong></span> <span class='ocrx_word' id='word_1_651' title='bbox 3084 3661 3363 3731; x_wconf 83' lang='grc' dir='ltr'>Πνεύματι</span> <span class='ocrx_word' id='word_1_652' title='bbox 3410 3661 3553 3733; x_wconf 79' lang='grc' dir='ltr'>ἁγίῳ</span> <span class='ocrx_word' id='word_1_653' title='bbox 3598 3663 3691 3716; x_wconf 73' lang='grc' dir='ltr'><strong>καὶ</strong></span> 
     </span>
    </p>
   </div>
   <div class='ocr_carea' id='block_1_85' title="bbox 2100 3742 3691 3825">
    <p class='ocr_par' dir='ltr' id='par_1_85' title="bbox 2100 3742 3691 3825">
     <span class='ocr_line' id='line_1_85' title="bbox 2100 3742 3691 3825; baseline -0.001 -19"><span class='ocrx_word' id='word_1_654' title='bbox 2100 3750 2253 3822; x_wconf 84' lang='grc' dir='ltr'>πυρί.</span> <span class='ocrx_word' id='word_1_655' title='bbox 2320 3770 2341 3802; x_wconf 74' lang='grc' dir='ltr'><strong>ι</strong></span> <span class='ocrx_word' id='word_1_656' title='bbox 2383 3753 2479 3814; x_wconf 92' lang='grc' dir='ltr'>Ὃς</span> <span class='ocrx_word' id='word_1_657' title='bbox 2505 3751 2600 3804; x_wconf 77' lang='grc' dir='ltr'><strong>καὶ</strong></span> <span class='ocrx_word' id='word_1_658' title='bbox 2629 3749 2752 3805; x_wconf 81' lang='grc' dir='ltr'>ἰδὼν</span> <span class='ocrx_word' id='word_1_659' title='bbox 2781 3751 2873 3805; x_wconf 79' lang='grc' dir='ltr'><strong>τὸν</strong></span> <span class='ocrx_word' id='word_1_660' title='bbox 2912 3742 3121 3823; x_wconf 81' lang='grc' dir='ltr'>Ἰησοῦν</span> <span class='ocrx_word' id='word_1_661' title='bbox 3154 3752 3449 3825; x_wconf 83' lang='grc' dir='ltr'>ἐρχόμενον</span> <span class='ocrx_word' id='word_1_662' title='bbox 3480 3751 3691 3822; x_wconf 66' lang='grc' dir='ltr'>ἀνευ,ςὼ-</span> 
     </span>
    </p>
   </div>
   <div class='ocr_carea' id='block_1_86' title="bbox 2099 3841 3689 3917">
    <p class='ocr_par' dir='ltr' id='par_1_86' title="bbox 2099 3841 3689 3917">
     <span class='ocr_line' id='line_1_86' title="bbox 2099 3841 3689 3917; baseline 0.003 -23"><span class='ocrx_word' id='word_1_663' title='bbox 2099 3858 2261 3912; x_wconf 84' lang='grc' dir='ltr'>νησεν</span> <span class='ocrx_word' id='word_1_664' title='bbox 2284 3859 2298 3873; x_wconf 86' lang='grc'><strong>·</strong></span> <span class='ocrx_word' id='word_1_665' title='bbox 2340 3863 2358 3894; x_wconf 81' lang='grc' dir='ltr'><strong>ι</strong></span> <span class='ocrx_word' id='word_1_666' title='bbox 2402 3843 2498 3897; x_wconf 80' lang='grc' dir='ltr'>Ἰδὲ</span> <span class='ocrx_word' id='word_1_667' title='bbox 2549 3845 2579 3897; x_wconf 85' lang='grc' dir='ltr'><strong>ὁ</strong></span> <span class='ocrx_word' id='word_1_668' title='bbox 2616 3841 2805 3914; x_wconf 83' lang='grc' dir='ltr'>Ἁμνός</span> <span class='ocrx_word' id='word_1_669' title='bbox 2832 3843 2925 3896; x_wconf 90' lang='grc' dir='ltr'><strong>τοῦ</strong></span> <span class='ocrx_word' id='word_1_670' title='bbox 2972 3843 3107 3897; x_wconf 84' lang='grc' dir='ltr'>Θεοῦ</span> <span class='ocrx_word' id='word_1_671' title='bbox 3144 3846 3172 3897; x_wconf 90' lang='grc' dir='ltr'><strong>ό</strong></span> <span class='ocrx_word' id='word_1_672' title='bbox 3204 3843 3374 3916; x_wconf 81' lang='grc' dir='ltr'>αἴρων</span> <span class='ocrx_word' id='word_1_673' title='bbox 3416 3845 3689 3917; x_wconf 82' lang='grc' dir='ltr'>ἁμαρτίαν</span> 
     </span>
    </p>
   </div>
   <div class='ocr_carea' id='block_1_87' title="bbox 2098 3926 3687 4005">
    <p class='ocr_par' dir='ltr' id='par_1_87' title="bbox 2098 3926 3687 4005">
     <span class='ocr_line' id='line_1_87' title="bbox 2098 3926 3687 4005; baseline 0.002 -20"><span class='ocrx_word' id='word_1_674' title='bbox 2098 3931 2192 3985; x_wconf 86' lang='grc' dir='ltr'><strong>τοῦ</strong></span> <span class='ocrx_word' id='word_1_675' title='bbox 2246 3933 2474 4004; x_wconf 85' lang='grc' dir='ltr'>κόσμου.</span> <span class='ocrx_word' id='word_1_676' title='bbox 2560 3926 2729 3999; x_wconf 78' lang='grc' dir='ltr'>υῦτός</span> <span class='ocrx_word' id='word_1_677' title='bbox 2781 3937 2898 3989; x_wconf 89' lang='grc' dir='ltr'>ἐστι</span> <span class='ocrx_word' id='word_1_678' title='bbox 2928 3934 3056 4005; x_wconf 76' lang='grc' dir='ltr'>περὶ</span> <span class='ocrx_word' id='word_1_679' title='bbox 3087 3928 3150 3988; x_wconf 77' lang='grc' dir='ltr'>οὗ</span> <span class='ocrx_word' id='word_1_680' title='bbox 3187 3930 3370 3988; x_wconf 80' lang='grc' dir='ltr'>εἷπον·</span> <span class='ocrx_word' id='word_1_681' title='bbox 3434 3954 3453 3986; x_wconf 79' lang='grc' dir='ltr'><strong>ι</strong></span> <span class='ocrx_word' id='word_1_682' title='bbox 3477 3935 3687 3988; x_wconf 82' lang='grc' dir='ltr'>Ὀπίσω</span> 
     </span>
    </p>
   </div>
   <div class='ocr_carea' id='block_1_88' title="bbox 2102 4023 3685 4099">
    <p class='ocr_par' dir='ltr' id='par_1_88' title="bbox 2102 4023 3685 4099">
     <span class='ocr_line' id='line_1_88' title="bbox 2102 4023 3685 4099; baseline 0.001 -22"><span class='ocrx_word' id='word_1_683' title='bbox 2102 4040 2204 4094; x_wconf 86' lang='grc' dir='ltr'><strong>μου</strong></span> <span class='ocrx_word' id='word_1_684' title='bbox 2258 4023 2481 4096; x_wconf 75' lang='grc' dir='ltr'>ἔρχεται</span> <span class='ocrx_word' id='word_1_685' title='bbox 2536 4025 2712 4099; x_wconf 81' lang='grc' dir='ltr'>ἀνὴρ,</span> <span class='ocrx_word' id='word_1_686' title='bbox 2771 4025 2831 4090; x_wconf 85' lang='grc' dir='ltr'>ὃς</span> <span class='ocrx_word' id='word_1_687' title='bbox 2888 4024 3196 4098; x_wconf 77' lang='grc' dir='ltr'>ἔμπροσθέν</span> <span class='ocrx_word' id='word_1_688' title='bbox 3251 4043 3355 4096; x_wconf 89' lang='grc' dir='ltr'><strong>μου</strong></span> <span class='ocrx_word' id='word_1_689' title='bbox 3427 4027 3643 4095; x_wconf 79' lang='grc' dir='ltr'>γέγονε.</span> <span class='ocrx_word' id='word_1_690' title='bbox 3663 4045 3685 4078; x_wconf 68' lang='grc' dir='ltr'><strong>ι</strong></span> 
     </span>
    </p>
   </div>
   <div class='ocr_carea' id='block_1_89' title="bbox 2099 4114 3688 4190">
    <p class='ocr_par' dir='ltr' id='par_1_89' title="bbox 2099 4114 3688 4190">
     <span class='ocr_line' id='line_1_89' title="bbox 2099 4114 3688 4190; baseline 0.001 -21"><span class='ocrx_word' id='word_1_691' title='bbox 2099 4116 2202 4171; x_wconf 78' lang='grc' dir='ltr'>Τὸν</span> <span class='ocrx_word' id='word_1_692' title='bbox 2251 4118 2414 4171; x_wconf 77' lang='grc' dir='ltr'>αὑτὸν</span> <span class='ocrx_word' id='word_1_693' title='bbox 2465 4117 2522 4172; x_wconf 80' lang='grc' dir='ltr'>δὲ</span> <span class='ocrx_word' id='word_1_694' title='bbox 2570 4114 2709 4173; x_wconf 80' lang='grc' dir='ltr'>εἶναι</span> <span class='ocrx_word' id='word_1_695' title='bbox 2765 4119 2826 4173; x_wconf 88' lang='grc' dir='ltr'><strong>τὸ</strong></span> <span class='ocrx_word' id='word_1_696' title='bbox 2876 4121 3144 4190; x_wconf 79' lang='grc' dir='ltr'>σωτήριον</span> <span class='ocrx_word' id='word_1_697' title='bbox 3195 4117 3290 4171; x_wconf 88' lang='grc' dir='ltr'><strong>τοῦ</strong></span> <span class='ocrx_word' id='word_1_698' title='bbox 3329 4118 3468 4173; x_wconf 89' lang='grc' dir='ltr'>Θεοῦ</span> <span class='ocrx_word' id='word_1_699' title='bbox 3519 4119 3620 4173; x_wconf 74' lang='grc' dir='ltr'><strong>καὶ</strong></span> <span class='ocrx_word' id='word_1_700' title='bbox 3660 4119 3688 4171; x_wconf 84' lang='grc' dir='ltr'><strong>ό</strong></span> 
     </span>
    </p>
   </div>
   <div class='ocr_carea' id='block_1_90' title="bbox 2097 4207 3687 4282">
    <p class='ocr_par' dir='ltr' id='par_1_90' title="bbox 2097 4207 3687 4282">
     <span class='ocr_line' id='line_1_90' title="bbox 2097 4207 3687 4282; baseline 0.001 -21"><span class='ocrx_word' id='word_1_701' title='bbox 2097 4207 2321 4280; x_wconf 82' lang='grc' dir='ltr'>Συμεὼν</span> <span class='ocrx_word' id='word_1_702' title='bbox 2380 4209 2764 4282; x_wconf 76' lang='grc' dir='ltr'>ἐμαρτύρησεν</span> <span class='ocrx_word' id='word_1_703' title='bbox 2792 4252 2809 4279; x_wconf 94' lang='grc'><strong>,</strong></span> <span class='ocrx_word' id='word_1_704' title='bbox 2841 4210 2902 4275; x_wconf 79' lang='grc' dir='ltr'>ὃς</span> <span class='ocrx_word' id='word_1_705' title='bbox 2946 4209 3125 4264; x_wconf 82' lang='grc' dir='ltr'>λαϐὼν</span> <span class='ocrx_word' id='word_1_706' title='bbox 3185 4210 3279 4264; x_wconf 79' lang='grc' dir='ltr'><strong>ἐπὶ</strong></span> <span class='ocrx_word' id='word_1_707' title='bbox 3333 4213 3457 4274; x_wconf 86' lang='grc' dir='ltr'>ταῖς</span> <span class='ocrx_word' id='word_1_708' title='bbox 3512 4211 3687 4280; x_wconf 81' lang='grc' dir='ltr'>ἀγκά-</span> 
     </span>
    </p>
   </div>
   <div class='ocr_carea' id='block_1_91' title="bbox 2095 4301 3689 4375">
    <p class='ocr_par' dir='ltr' id='par_1_91' title="bbox 2095 4301 3689 4375">
     <span class='ocr_line' id='line_1_91' title="bbox 2095 4301 3689 4375; baseline 0 -19"><span class='ocrx_word' id='word_1_709' title='bbox 2095 4301 2215 4367; x_wconf 87' lang='grc' dir='ltr'>λαις</span> <span class='ocrx_word' id='word_1_710' title='bbox 2270 4301 2467 4375; x_wconf 81' lang='grc' dir='ltr'>βρέφος</span> <span class='ocrx_word' id='word_1_711' title='bbox 2517 4302 2649 4357; x_wconf 80' lang='grc' dir='ltr'>ὅντα</span> <span class='ocrx_word' id='word_1_712' title='bbox 2684 4302 2776 4357; x_wconf 80' lang='grc' dir='ltr'><strong>τὸν</strong></span> <span class='ocrx_word' id='word_1_713' title='bbox 2842 4302 3083 4375; x_wconf 80' lang='grc' dir='ltr'>Ἰησοῦν,</span> <span class='ocrx_word' id='word_1_714' title='bbox 3141 4301 3280 4374; x_wconf 78' lang='grc' dir='ltr'>ἔφη·</span> <span class='ocrx_word' id='word_1_715' title='bbox 3328 4321 3347 4354; x_wconf 79' lang='grc' dir='ltr'><strong>ι</strong></span> <span class='ocrx_word' id='word_1_716' title='bbox 3385 4302 3507 4356; x_wconf 76' lang='grc' dir='ltr'>Νῦν</span> <span class='ocrx_word' id='word_1_717' title='bbox 3554 4305 3689 4357; x_wconf 84' lang='grc' dir='ltr'>ἀπο-</span> 
     </span>
    </p>
   </div>
   <div class='ocr_carea' id='block_1_92' title="bbox 2095 4394 3685 4467">
    <p class='ocr_par' dir='ltr' id='par_1_92' title="bbox 2095 4394 3685 4467">
     <span class='ocr_line' id='line_1_92' title="bbox 2095 4394 3685 4467; baseline -0.001 -19"><span class='ocrx_word' id='word_1_718' title='bbox 2095 4394 2242 4459; x_wconf 79' lang='grc' dir='ltr'>λύεις</span> <span class='ocrx_word' id='word_1_719' title='bbox 2284 4396 2374 4449; x_wconf 73' lang='grc' dir='ltr'>τὸν</span> <span class='ocrx_word' id='word_1_720' title='bbox 2412 4394 2592 4450; x_wconf 82' lang='grc' dir='ltr'>δοῦλον</span> <span class='ocrx_word' id='word_1_721' title='bbox 2620 4412 2713 4448; x_wconf 88' lang='grc' dir='ltr'><strong>σου</strong></span> <span class='ocrx_word' id='word_1_722' title='bbox 2732 4433 2747 4458; x_wconf 88' lang='grc'><strong>,</strong></span> <span class='ocrx_word' id='word_1_723' title='bbox 2773 4395 3051 4457; x_wconf 86' lang='grc' dir='ltr'>Δέσποτα,</span> <span class='ocrx_word' id='word_1_724' title='bbox 3105 4394 3246 4448; x_wconf 72' lang='grc' dir='ltr'>κατὰ</span> <span class='ocrx_word' id='word_1_725' title='bbox 3269 4394 3332 4448; x_wconf 69' lang='grc' dir='ltr'><strong>τὸ</strong></span> <span class='ocrx_word' id='word_1_726' title='bbox 3374 4394 3537 4467; x_wconf 76' lang='grc' dir='ltr'>ῥῆμά</span> <span class='ocrx_word' id='word_1_727' title='bbox 3570 4412 3685 4459; x_wconf 83' lang='grc' dir='ltr'>σου,</span> 
     </span>
    </p>
   </div>
   <div class='ocr_carea' id='block_1_93' title="bbox 2096 4483 3687 4560">
    <p class='ocr_par' dir='ltr' id='par_1_93' title="bbox 2096 4483 3687 4560">
     <span class='ocr_line' id='line_1_93' title="bbox 2096 4483 3687 4560; baseline 0 -20"><span class='ocrx_word' id='word_1_728' title='bbox 2096 4486 2155 4540; x_wconf 80' lang='grc' dir='ltr'><strong>ἐν</strong></span> <span class='ocrx_word' id='word_1_729' title='bbox 2201 4488 2411 4560; x_wconf 77' lang='grc' dir='ltr'>εἰρήνῃ.</span> <span class='ocrx_word' id='word_1_730' title='bbox 2479 4487 2601 4541; x_wconf 86' lang='grc' dir='ltr'>Ὅτι</span> <span class='ocrx_word' id='word_1_731' title='bbox 2638 4483 2778 4540; x_wconf 75' lang='grc' dir='ltr'>εἶδον</span> <span class='ocrx_word' id='word_1_732' title='bbox 2826 4487 2876 4541; x_wconf 83' lang='grc' dir='ltr'>οἱ</span> <span class='ocrx_word' id='word_1_733' title='bbox 2931 4485 3197 4557; x_wconf 77' lang='grc' dir='ltr'>ὀφθαλμοί</span> <span class='ocrx_word' id='word_1_734' title='bbox 3248 4503 3351 4556; x_wconf 85' lang='grc' dir='ltr'><strong>μου</strong></span> <span class='ocrx_word' id='word_1_735' title='bbox 3401 4487 3464 4540; x_wconf 82' lang='grc' dir='ltr'><strong>τὸ</strong></span> <span class='ocrx_word' id='word_1_736' title='bbox 3519 4486 3687 4558; x_wconf 78' lang='grc' dir='ltr'>σωτή-</span> 
     </span>
    </p>
   </div>
   <div class='ocr_carea' id='block_1_94' title="bbox 415 4573 2004 4651">
    <p class='ocr_par' dir='ltr' id='par_1_94' title="bbox 415 4574 1989 4646">
     <span class='ocr_line' id='line_1_94' title="bbox 415 4574 1989 4646; baseline 0.004 -19"><span class='ocrx_word' id='word_1_737' title='bbox 415 4574 620 4646; x_wconf 84' lang='lat' dir='ltr'><strong>parasti</strong></span> <span class='ocrx_word' id='word_1_738' title='bbox 650 4585 779 4631; x_wconf 88' lang='lat' dir='ltr'><strong>ante</strong></span> <span class='ocrx_word' id='word_1_739' title='bbox 816 4575 1010 4630; x_wconf 82' lang='lat' dir='ltr'><strong>faciem</strong></span> <span class='ocrx_word' id='word_1_740' title='bbox 1044 4575 1288 4630; x_wconf 87' lang='lat' dir='ltr'><strong>omnium</strong></span> <span class='ocrx_word' id='word_1_741' title='bbox 1324 4575 1672 4646; x_wconf 84' lang='lat' dir='ltr'><strong>populorum,</strong></span> <span class='ocrx_word' id='word_1_742' title='bbox 1705 4577 1886 4633; x_wconf 88' lang='lat' dir='ltr'><strong>lunten</strong></span> <span class='ocrx_word' id='word_1_743' title='bbox 1921 4577 1989 4633; x_wconf 88' lang='lat' dir='ltr'><strong>ad</strong></span> 
     </span>
    </p>
   </div>
   <div class='ocr_carea' id='block_1_95' title="bbox 2112 4573 3684 4651">
    <p class='ocr_par' dir='ltr' id='par_1_95' title="bbox 2112 4577 3684 4651">
     <span class='ocr_line' id='line_1_95' title="bbox 2112 4577 3684 4651; baseline -0.001 -18"><span class='ocrx_word' id='word_1_744' title='bbox 2112 4579 2210 4633; x_wconf 74' lang='lat' dir='ltr'><strong>&gt;t6v</strong></span> <span class='ocrx_word' id='word_1_745' title='bbox 2266 4596 2392 4645; x_wconf 90' lang='grc' dir='ltr'>σου,</span> <span class='ocrx_word' id='word_1_746' title='bbox 2457 4579 2486 4632; x_wconf 82' lang='grc' dir='ltr'><strong>ὃ</strong></span> <span class='ocrx_word' id='word_1_747' title='bbox 2524 4579 2832 4651; x_wconf 80' lang='grc' dir='ltr'>ἡτοίμασας</span> <span class='ocrx_word' id='word_1_748' title='bbox 2895 4578 3037 4635; x_wconf 78' lang='grc' dir='ltr'>κατὰ</span> <span class='ocrx_word' id='word_1_749' title='bbox 3106 4577 3396 4649; x_wconf 86' lang='grc' dir='ltr'>πρόσωπον</span> <span class='ocrx_word' id='word_1_750' title='bbox 3465 4579 3684 4633; x_wconf 78' lang='grc' dir='ltr'>πάντων</span> 
     </span>
    </p>
   </div>
   <div class='ocr_carea' id='block_1_96' title="bbox 412 4666 1992 4739">
    <p class='ocr_par' dir='ltr' id='par_1_96' title="bbox 412 4666 1992 4739">
     <span class='ocr_line' id='line_1_96' title="bbox 412 4666 1992 4739; baseline 0.001 -18"><span class='ocrx_word' id='word_1_751' title='bbox 412 4666 804 4722; x_wconf 85' lang='lat' dir='ltr'><strong>reveiationetn</strong></span> <span class='ocrx_word' id='word_1_752' title='bbox 841 4667 1086 4737; x_wconf 89' lang='lat' dir='ltr'><strong>gentium</strong></span> <span class='ocrx_word' id='word_1_753' title='bbox 1108 4667 1178 4722; x_wconf 77' lang='lat'><strong>“.</strong></span> <span class='ocrx_word' id='word_1_754' title='bbox 1214 4687 1232 4719; x_wconf 69' lang='grc' dir='ltr'><strong>ι</strong></span> <span class='ocrx_word' id='word_1_755' title='bbox 1277 4666 1488 4733; x_wconf 89' lang='lat' dir='ltr'><strong>Quibus</strong></span> <span class='ocrx_word' id='word_1_756' title='bbox 1515 4668 1681 4723; x_wconf 89' lang='lat' dir='ltr'><strong>etiam</strong></span> <span class='ocrx_word' id='word_1_757' title='bbox 1725 4669 1992 4739; x_wconf 80' lang='lat' dir='ltr'><strong>preplieta</strong></span> 
     </span>
    </p>
   </div>
   <div class='ocr_carea' id='block_1_97' title="bbox 411 4758 1992 4824">
    <p class='ocr_par' dir='ltr' id='par_1_97' title="bbox 411 4758 1992 4824">
     <span class='ocr_line' id='line_1_97' title="bbox 411 4758 1992 4824; baseline 0.001 -9"><span class='ocrx_word' id='word_1_758' title='bbox 411 4761 711 4824; x_wconf 86' lang='lat' dir='ltr'><strong>consentit,</strong></span> <span class='ocrx_word' id='word_1_759' title='bbox 741 4760 871 4814; x_wconf 85' lang='lat' dir='ltr'><strong>dum</strong></span> <span class='ocrx_word' id='word_1_760' title='bbox 912 4759 1027 4813; x_wconf 86' lang='lat' dir='ltr'><strong>ait:</strong></span> <span class='ocrx_word' id='word_1_761' title='bbox 1058 4778 1077 4811; x_wconf 74' lang='grc' dir='ltr'><strong>ι</strong></span> <span class='ocrx_word' id='word_1_762' title='bbox 1110 4758 1177 4813; x_wconf 84' lang='grc' dir='ltr'>Ει</span> <span class='ocrx_word' id='word_1_763' title='bbox 1209 4759 1413 4815; x_wconf 89' lang='lat' dir='ltr'><strong>videbit</strong></span> <span class='ocrx_word' id='word_1_764' title='bbox 1459 4761 1638 4816; x_wconf 89' lang='lat' dir='ltr'><strong>omnis</strong></span> <span class='ocrx_word' id='word_1_765' title='bbox 1670 4776 1801 4816; x_wconf 90' lang='lat' dir='ltr'><strong>caro</strong></span> <span class='ocrx_word' id='word_1_766' title='bbox 1842 4764 1992 4817; x_wconf 89' lang='lat' dir='ltr'><strong>salu-</strong></span> 
     </span>
    </p>
   </div>
   <div class='ocr_carea' id='block_1_98' title="bbox 412 4850 1992 4924">
    <p class='ocr_par' dir='ltr' id='par_1_98' title="bbox 412 4850 1992 4924">
     <span class='ocr_line' id='line_1_98' title="bbox 412 4850 1992 4924; baseline 0 -16"><span class='ocrx_word' id='word_1_767' title='bbox 412 4859 530 4908; x_wconf 87' lang='lat' dir='ltr'><strong>tare</strong></span> <span class='ocrx_word' id='word_1_768' title='bbox 560 4850 671 4906; x_wconf 88' lang='lat' dir='ltr'><strong>Dei.</strong></span> <span class='ocrx_word' id='word_1_769' title='bbox 707 4870 726 4903; x_wconf 77' lang='grc' dir='ltr'><strong>ι</strong></span> <span class='ocrx_word' id='word_1_770' title='bbox 764 4850 901 4906; x_wconf 89' lang='lat' dir='ltr'><strong>Illud</strong></span> <span class='ocrx_word' id='word_1_771' title='bbox 942 4852 1110 4917; x_wconf 87' lang='lat' dir='ltr'><strong>enim,</strong></span> <span class='ocrx_word' id='word_1_772' title='bbox 1151 4870 1170 4903; x_wconf 79' lang='grc' dir='ltr'><strong>ι</strong></span> <span class='ocrx_word' id='word_1_773' title='bbox 1197 4852 1377 4908; x_wconf 91' lang='lat' dir='ltr'><strong>omnis</strong></span> <span class='ocrx_word' id='word_1_774' title='bbox 1424 4867 1575 4917; x_wconf 86' lang='lat' dir='ltr'><strong>caro,</strong></span> <span class='ocrx_word' id='word_1_775' title='bbox 1614 4872 1632 4905; x_wconf 77' lang='grc' dir='ltr'><strong>ι</strong></span> <span class='ocrx_word' id='word_1_776' title='bbox 1669 4869 1768 4924; x_wconf 88' lang='lat' dir='ltr'><strong>pro</strong></span> <span class='ocrx_word' id='word_1_777' title='bbox 1812 4854 1992 4909; x_wconf 86' lang='lat' dir='ltr'><strong>omni-</strong></span> 
     </span>
    </p>
   </div>
   <div class='ocr_carea' id='block_1_99' title="bbox 411 4944 1990 5013">
    <p class='ocr_par' dir='ltr' id='par_1_99' title="bbox 411 4944 1990 5013">
     <span class='ocr_line' id='line_1_99' title="bbox 411 4944 1990 5013; baseline 0.001 -13"><span class='ocrx_word' id='word_1_778' title='bbox 411 4947 515 5001; x_wconf 87' lang='lat' dir='ltr'><strong>bus</strong></span> <span class='ocrx_word' id='word_1_779' title='bbox 545 4945 802 5013; x_wconf 79' lang='lat' dir='ltr'><strong>gentibus</strong></span> <span class='ocrx_word' id='word_1_780' title='bbox 845 4944 1055 5000; x_wconf 91' lang='lat' dir='ltr'><strong>dietum</strong></span> <span class='ocrx_word' id='word_1_781' title='bbox 1095 4952 1199 5000; x_wconf 89' lang='lat' dir='ltr'><strong>est.</strong></span> <span class='ocrx_word' id='word_1_782' title='bbox 1252 4944 1322 4999; x_wconf 92' lang='lat' dir='ltr'><strong>Ut</strong></span> <span class='ocrx_word' id='word_1_783' title='bbox 1364 4951 1549 5001; x_wconf 84' lang='lat' dir='ltr'><strong>autem</strong></span> <span class='ocrx_word' id='word_1_784' title='bbox 1579 4945 1990 5003; x_wconf 84' lang='lat' dir='ltr'><strong>demonstretur</strong></span> 
     </span>
    </p>
   </div>
   <div class='ocr_carea' id='block_1_100' title="bbox 409 5032 1989 5110">
    <p class='ocr_par' dir='ltr' id='par_1_100' title="bbox 409 5032 1989 5110">
     <span class='ocr_line' id='line_1_100' title="bbox 409 5032 1989 5110; baseline 0.004 -18"><span class='ocrx_word' id='word_1_785' title='bbox 409 5039 688 5108; x_wconf 85' lang='lat' dir='ltr'><strong>quomodo</strong></span> <span class='ocrx_word' id='word_1_786' title='bbox 735 5032 850 5092; x_wconf 67' lang='lat' dir='ltr'><strong>lucc</strong></span> <span class='ocrx_word' id='word_1_787' title='bbox 893 5053 1055 5094; x_wconf 90' lang='lat' dir='ltr'><strong>suum</strong></span> <span class='ocrx_word' id='word_1_788' title='bbox 1100 5039 1262 5094; x_wconf 90' lang='lat' dir='ltr'><strong>ﬁnem</strong></span> <span class='ocrx_word' id='word_1_789' title='bbox 1304 5039 1655 5110; x_wconf 88' lang='lat' dir='ltr'><strong>contigerint,</strong></span> <span class='ocrx_word' id='word_1_790' title='bbox 1703 5048 1759 5096; x_wconf 87' lang='lat' dir='ltr'><strong>et</strong></span> <span class='ocrx_word' id='word_1_791' title='bbox 1799 5050 1989 5110; x_wconf 84' lang='lat' dir='ltr'><strong>gentes</strong></span> 
     </span>
    </p>
   </div>
   <div class='ocr_carea' id='block_1_101' title="bbox 408 5127 1989 5202">
    <p class='ocr_par' dir='ltr' id='par_1_101' title="bbox 408 5127 1989 5202">
     <span class='ocr_line' id='line_1_101' title="bbox 408 5127 1989 5202; baseline 0.003 -19"><span class='ocrx_word' id='word_1_792' title='bbox 408 5127 450 5183; x_wconf 86' lang='lat' dir='ltr'><strong>C</strong></span> <span class='ocrx_word' id='word_1_793' title='bbox 478 5128 691 5183; x_wconf 82' lang='lat' dir='ltr'><strong>:ristum</strong></span> <span class='ocrx_word' id='word_1_794' title='bbox 730 5128 822 5184; x_wconf 91' lang='lat' dir='ltr'><strong>Dei</strong></span> <span class='ocrx_word' id='word_1_795' title='bbox 849 5130 1193 5200; x_wconf 82' lang='lat' dir='ltr'><strong>agnoverint,</strong></span> <span class='ocrx_word' id='word_1_796' title='bbox 1224 5131 1412 5187; x_wconf 89' lang='lat' dir='ltr'><strong>mttltis</strong></span> <span class='ocrx_word' id='word_1_797' title='bbox 1438 5146 1547 5186; x_wconf 91' lang='lat' dir='ltr'><strong>non</strong></span> <span class='ocrx_word' id='word_1_798' title='bbox 1582 5147 1722 5202; x_wconf 89' lang='lat' dir='ltr'><strong>opus</strong></span> <span class='ocrx_word' id='word_1_799' title='bbox 1747 5141 1833 5187; x_wconf 85' lang='lat' dir='ltr'><strong>est</strong></span> <span class='ocrx_word' id='word_1_800' title='bbox 1867 5149 1989 5189; x_wconf 88' lang='lat' dir='ltr'><strong>ver-</strong></span> 
     </span>
    </p>
   </div>
   <div class='ocr_carea' id='block_1_102' title="bbox 408 5220 1984 5293">
    <p class='ocr_par' dir='ltr' id='par_1_102' title="bbox 408 5220 1984 5293">
     <span class='ocr_line' id='line_1_102' title="bbox 408 5220 1984 5293; baseline 0.002 -16"><span class='ocrx_word' id='word_1_801' title='bbox 408 5220 496 5278; x_wconf 86' lang='lat' dir='ltr'><strong>bis</strong></span> <span class='ocrx_word' id='word_1_802' title='bbox 530 5241 543 5277; x_wconf 90' lang='lat'><strong>:</strong></span> <span class='ocrx_word' id='word_1_803' title='bbox 576 5230 631 5275; x_wconf 88' lang='lat' dir='ltr'><strong>et</strong></span> <span class='ocrx_word' id='word_1_804' title='bbox 663 5238 786 5293; x_wconf 65' lang='lat' dir='ltr'><strong>qua?</strong></span> <span class='ocrx_word' id='word_1_805' title='bbox 813 5222 1031 5293; x_wconf 88' lang='lat' dir='ltr'><strong>quidem</strong></span> <span class='ocrx_word' id='word_1_806' title='bbox 1060 5224 1129 5278; x_wconf 87' lang='lat' dir='ltr'><strong>ad</strong></span> <span class='ocrx_word' id='word_1_807' title='bbox 1157 5225 1380 5280; x_wconf 86' lang='lat' dir='ltr'><strong>verbum</strong></span> <span class='ocrx_word' id='word_1_808' title='bbox 1409 5226 1587 5281; x_wconf 89' lang='lat' dir='ltr'><strong>solent</strong></span> <span class='ocrx_word' id='word_1_809' title='bbox 1617 5226 1984 5293; x_wconf 85' lang='lat' dir='ltr'><strong>considerari,</strong></span> 
     </span>
    </p>
   </div>
   <div class='ocr_carea' id='block_1_103' title="bbox 410 5314 1983 5390">
    <p class='ocr_par' dir='ltr' id='par_1_103' title="bbox 410 5314 1983 5390">
     <span class='ocr_line' id='line_1_103' title="bbox 410 5314 1983 5390; baseline 0.002 -21"><span class='ocrx_word' id='word_1_810' title='bbox 410 5314 465 5370; x_wconf 89' lang='lat' dir='ltr'><strong>in</strong></span> <span class='ocrx_word' id='word_1_811' title='bbox 500 5316 645 5370; x_wconf 88' lang='lat' dir='ltr'><strong>hunc</strong></span> <span class='ocrx_word' id='word_1_812' title='bbox 708 5318 978 5388; x_wconf 83' lang='lat' dir='ltr'><strong>completa</strong></span> <span class='ocrx_word' id='word_1_813' title='bbox 1029 5325 1158 5373; x_wconf 91' lang='lat' dir='ltr'><strong>sunt</strong></span> <span class='ocrx_word' id='word_1_814' title='bbox 1203 5318 1451 5375; x_wconf 88' lang='lat' dir='ltr'><strong>modum.</strong></span> <span class='ocrx_word' id='word_1_815' title='bbox 1507 5319 1776 5375; x_wconf 74' lang='lat' dir='ltr'><strong>Caeterum</strong></span> <span class='ocrx_word' id='word_1_816' title='bbox 1829 5319 1983 5390; x_wconf 87' lang='lat' dir='ltr'><strong>quid,</strong></span> 
     </span>
    </p>
   </div>
   <div class='ocr_carea' id='block_1_104' title="bbox 408 5407 1981 5481">
    <p class='ocr_par' dir='ltr' id='par_1_104' title="bbox 408 5407 1981 5481">
     <span class='ocr_line' id='line_1_104' title="bbox 408 5407 1981 5481; baseline 0.003 -21"><span class='ocrx_word' id='word_1_817' title='bbox 408 5422 617 5476; x_wconf 75' lang='lat' dir='ltr'><strong>quaeso,</strong></span> <span class='ocrx_word' id='word_1_818' title='bbox 660 5407 764 5464; x_wconf 80' lang='lat' dir='ltr'><strong>fuit</strong></span> <span class='ocrx_word' id='word_1_819' title='bbox 793 5410 848 5464; x_wconf 91' lang='lat' dir='ltr'><strong>in</strong></span> <span class='ocrx_word' id='word_1_820' title='bbox 895 5425 1083 5474; x_wconf 87' lang='lat' dir='ltr'><strong>causa,</strong></span> <span class='ocrx_word' id='word_1_821' title='bbox 1126 5419 1187 5466; x_wconf 89' lang='lat' dir='ltr'><strong>ut</strong></span> <span class='ocrx_word' id='word_1_822' title='bbox 1216 5426 1325 5465; x_wconf 91' lang='lat' dir='ltr'><strong>non</strong></span> <span class='ocrx_word' id='word_1_823' title='bbox 1357 5411 1413 5465; x_wconf 90' lang='lat' dir='ltr'><strong>in</strong></span> <span class='ocrx_word' id='word_1_824' title='bbox 1444 5411 1677 5467; x_wconf 89' lang='lat' dir='ltr'><strong>urbibus</strong></span> <span class='ocrx_word' id='word_1_825' title='bbox 1718 5426 1897 5481; x_wconf 86' lang='lat' dir='ltr'><strong>neque</strong></span> <span class='ocrx_word' id='word_1_826' title='bbox 1928 5412 1981 5465; x_wconf 90' lang='lat' dir='ltr'><strong>in</strong></span> 
     </span>
    </p>
   </div>
   <div class='ocr_carea' id='block_1_105' title="bbox 408 5498 1983 5574">
    <p class='ocr_par' dir='ltr' id='par_1_105' title="bbox 408 5498 1983 5574">
     <span class='ocr_line' id='line_1_105' title="bbox 408 5498 1983 5574; baseline 0.003 -20"><span class='ocrx_word' id='word_1_827' title='bbox 408 5499 528 5569; x_wconf 85' lang='lat' dir='ltr'><strong>ipsa</strong></span> <span class='ocrx_word' id='word_1_828' title='bbox 561 5498 886 5565; x_wconf 84' lang='lat' dir='ltr'><strong>Jerusalem,</strong></span> <span class='ocrx_word' id='word_1_829' title='bbox 923 5503 1018 5559; x_wconf 89' lang='lat' dir='ltr'><strong>sed</strong></span> <span class='ocrx_word' id='word_1_830' title='bbox 1048 5503 1105 5558; x_wconf 90' lang='lat' dir='ltr'><strong>in</strong></span> <span class='ocrx_word' id='word_1_831' title='bbox 1134 5502 1374 5566; x_wconf 87' lang='lat' dir='ltr'><strong>deserto,</strong></span> <span class='ocrx_word' id='word_1_832' title='bbox 1398 5501 1641 5559; x_wconf 84' lang='lat' dir='ltr'><strong>Joannes</strong></span> <span class='ocrx_word' id='word_1_833' title='bbox 1669 5511 1983 5574; x_wconf 88' lang='lat' dir='ltr'><strong>suggestum</strong></span> 
     </span>
    </p>
   </div>
   <div class='ocr_carea' id='block_1_106' title="bbox 406 5589 1983 5672">
    <p class='ocr_par' dir='ltr' id='par_1_106' title="bbox 406 5589 1983 5672">
     <span class='ocr_line' id='line_1_106' title="bbox 406 5589 1983 5672; baseline 0.001 -25"><span class='ocrx_word' id='word_1_834' title='bbox 406 5589 514 5647; x_wconf 81' lang='lat' dir='ltr'><strong>sibi</strong></span> <span class='ocrx_word' id='word_1_835' title='bbox 558 5591 626 5648; x_wconf 89' lang='lat' dir='ltr'><strong>ad</strong></span> <span class='ocrx_word' id='word_1_836' title='bbox 675 5592 1078 5663; x_wconf 63' lang='lat' dir='ltr'><strong>praedicandum</strong></span> <span class='ocrx_word' id='word_1_837' title='bbox 1127 5595 1389 5666; x_wconf 84' lang='lat' dir='ltr'><strong>elegerit?</strong></span> <span class='ocrx_word' id='word_1_838' title='bbox 1438 5595 1510 5651; x_wconf 87' lang='lat' dir='ltr'><strong>ad</strong></span> <span class='ocrx_word' id='word_1_839' title='bbox 1558 5595 1663 5651; x_wconf 86' lang='lat' dir='ltr'><strong>hoc</strong></span> <span class='ocrx_word' id='word_1_840' title='bbox 1709 5595 1983 5672; x_wconf 59' lang='lat' dir='ltr'><strong>quispiam</strong></span> 
     </span>
    </p>
   </div>
   <div class='ocr_carea' id='block_1_107' title="bbox 476 5700 2004 5779">
    <p class='ocr_par' dir='ltr' id='par_1_107' title="bbox 476 5705 1948 5779">
     <span class='ocr_line' id='line_1_107' title="bbox 476 5705 1948 5779; baseline 0.002 -17"><span class='ocrx_word' id='word_1_841' title='bbox 476 5705 661 5779; x_wconf 15' lang='lat' dir='ltr'><strong>“rlsa.</strong></span> <span class='ocrx_word' id='word_1_842' title='bbox 695 5724 799 5769; x_wconf 70' lang='grc' dir='ltr'>ιι..</span> <span class='ocrx_word' id='word_1_843' title='bbox 831 5709 954 5765; x_wconf 76' lang='grc'><strong>5-5.</strong></span> <span class='ocrx_word' id='word_1_844' title='bbox 1031 5711 1077 5745; x_wconf 83' lang='grc'><strong>³⁸</strong></span> <span class='ocrx_word' id='word_1_845' title='bbox 1118 5710 1249 5767; x_wconf 85' lang='lat' dir='ltr'><strong>Luc.</strong></span> <span class='ocrx_word' id='word_1_846' title='bbox 1287 5729 1383 5779; x_wconf 84' lang='grc' dir='ltr'>ιιι,</span> <span class='ocrx_word' id='word_1_847' title='bbox 1450 5711 1562 5769; x_wconf 72' lang='lat'><strong>1-3.</strong></span> <span class='ocrx_word' id='word_1_848' title='bbox 1642 5712 1686 5744; x_wconf 76' lang='lat'><strong>&quot;</strong></span> <span class='ocrx_word' id='word_1_849' title='bbox 1722 5712 1860 5768; x_wconf 82' lang='lat' dir='ltr'><strong>ibid.</strong></span> <span class='ocrx_word' id='word_1_850' title='bbox 1896 5711 1948 5767; x_wconf 69' lang='grc'>4.</span> 
     </span>
    </p>
   </div>
   <div class='ocr_carea' id='block_1_108' title="bbox 2112 5700 3193 5779">
    <p class='ocr_par' dir='ltr' id='par_1_108' title="bbox 2112 5700 3193 5767">
     <span class='ocr_line' id='line_1_108' title="bbox 2112 5700 3193 5767; baseline -0.01 -1"><span class='ocrx_word' id='word_1_851' title='bbox 2112 5709 2241 5767; x_wconf 85' lang='lat' dir='ltr'><strong>ibid.</strong></span> <span class='ocrx_word' id='word_1_852' title='bbox 2280 5711 2331 5767; x_wconf 91' lang='lat'><strong>7.</strong></span> <span class='ocrx_word' id='word_1_853' title='bbox 2412 5703 2456 5743; x_wconf 83' lang='grc'><strong>⁸⁸</strong></span> <span class='ocrx_word' id='word_1_854' title='bbox 2524 5707 2657 5765; x_wconf 87' lang='lat' dir='ltr'><strong>ibid.</strong></span> <span class='ocrx_word' id='word_1_855' title='bbox 2692 5707 2746 5763; x_wconf 89' lang='lat'><strong>8.</strong></span> <span class='ocrx_word' id='word_1_856' title='bbox 2825 5707 2870 5740; x_wconf 83' lang='lat'>”</span> <span class='ocrx_word' id='word_1_857' title='bbox 2911 5703 3046 5763; x_wconf 80' lang='lat' dir='ltr'><strong>ibid.</strong></span> <span class='ocrx_word' id='word_1_858' title='bbox 3102 5700 3193 5763; x_wconf 80' lang='grc'><strong>16.</strong></span> 
     </span>
    </p>
   </div>
   <div class='ocr_carea' id='block_1_109' title="bbox 408 5775 1265 5850">
    <p class='ocr_par' dir='ltr' id='par_1_109' title="bbox 408 5775 1265 5850">
     <span class='ocr_line' id='line_1_109' title="bbox 408 5775 1265 5850; baseline 0.008 -17"><span class='ocrx_word' id='word_1_859' title='bbox 408 5775 498 5846; x_wconf 72' lang='lat' dir='ltr'><strong>se,</strong></span> <span class='ocrx_word' id='word_1_860' title='bbox 527 5778 616 5835; x_wconf 66' lang='grc' dir='ltr'><strong>σο.</strong></span> <span class='ocrx_word' id='word_1_861' title='bbox 700 5782 740 5813; x_wconf 72' lang='grc' dir='ltr'><strong>ιι</strong></span> <span class='ocrx_word' id='word_1_862' title='bbox 785 5779 918 5840; x_wconf 75' lang='lat' dir='ltr'><strong>Luc,</strong></span> <span class='ocrx_word' id='word_1_863' title='bbox 963 5798 1037 5850; x_wconf 80' lang='grc' dir='ltr'><strong>ιι,</strong></span> <span class='ocrx_word' id='word_1_864' title='bbox 1069 5781 1265 5841; x_wconf 72' lang='lat'><strong>29-32.</strong></span> 
     </span>
    </p>
   </div>
   <div class='ocr_carea' id='block_1_110' title="bbox 2099 4663 3685 4740">
    <p class='ocr_par' dir='ltr' id='par_1_110' title="bbox 2099 4663 3685 4740">
     <span class='ocr_line' id='line_1_110' title="bbox 2099 4663 3685 4740; baseline -0.002 -16"><span class='ocrx_word' id='word_1_865' title='bbox 2099 4671 2210 4725; x_wconf 83' lang='grc' dir='ltr'><strong>τῶν</strong></span> <span class='ocrx_word' id='word_1_866' title='bbox 2273 4669 2457 4735; x_wconf 73' lang='grc' dir='ltr'>λαῶν,</span> <span class='ocrx_word' id='word_1_867' title='bbox 2542 4670 2658 4740; x_wconf 81' lang='grc' dir='ltr'><strong>φῶς</strong></span> <span class='ocrx_word' id='word_1_868' title='bbox 2734 4672 2815 4735; x_wconf 84' lang='grc' dir='ltr'><strong>είς</strong></span> <span class='ocrx_word' id='word_1_869' title='bbox 2896 4670 3235 4740; x_wconf 56' lang='grc' dir='ltr'>ἀποκάλυψιν</span> <span class='ocrx_word' id='word_1_870' title='bbox 3294 4668 3505 4721; x_wconf 84' lang='grc' dir='ltr'>ἐθνῶν·</span> <span class='ocrx_word' id='word_1_871' title='bbox 3554 4688 3574 4721; x_wconf 74' lang='grc' dir='ltr'><strong>ι</strong></span> <span class='ocrx_word' id='word_1_872' title='bbox 3606 4663 3685 4731; x_wconf 75' lang='grc' dir='ltr'>οἷς</span> 
     </span>
    </p>
   </div>
   <div class='ocr_carea' id='block_1_111' title="bbox 2099 4759 3682 4835">
    <p class='ocr_par' dir='ltr' id='par_1_111' title="bbox 2099 4759 3682 4835">
     <span class='ocr_line' id='line_1_111' title="bbox 2099 4759 3682 4835; baseline -0.003 -20"><span class='ocrx_word' id='word_1_873' title='bbox 2099 4761 2312 4835; x_wconf 80' lang='grc' dir='ltr'>συνᾴδει</span> <span class='ocrx_word' id='word_1_874' title='bbox 2371 4762 2466 4815; x_wconf 70' lang='grc' dir='ltr'><strong>καὶ</strong></span> <span class='ocrx_word' id='word_1_875' title='bbox 2524 4763 2554 4815; x_wconf 84' lang='grc' dir='ltr'><strong>ὁ</strong></span> <span class='ocrx_word' id='word_1_876' title='bbox 2610 4762 2897 4834; x_wconf 79' lang='grc' dir='ltr'>προφήτης</span> <span class='ocrx_word' id='word_1_877' title='bbox 2972 4760 3181 4814; x_wconf 82' lang='grc' dir='ltr'>εἰπών·</span> <span class='ocrx_word' id='word_1_878' title='bbox 3246 4778 3264 4810; x_wconf 79' lang='grc' dir='ltr'><strong>ι</strong></span> <span class='ocrx_word' id='word_1_879' title='bbox 3303 4759 3416 4812; x_wconf 73' lang='grc' dir='ltr'>Καὶ</span> <span class='ocrx_word' id='word_1_880' title='bbox 3491 4759 3682 4829; x_wconf 58' lang='grc' dir='ltr'>δέρε-,ται</span> 
     </span>
    </p>
   </div>
   <div class='ocr_carea' id='block_1_112' title="bbox 2096 4850 3681 4926">
    <p class='ocr_par' dir='ltr' id='par_1_112' title="bbox 2096 4850 3681 4926">
     <span class='ocr_line' id='line_1_112' title="bbox 2096 4850 3681 4926; baseline -0.003 -17"><span class='ocrx_word' id='word_1_881' title='bbox 2096 4857 2246 4910; x_wconf 74' lang='grc' dir='ltr'>πᾶσα</span> <span class='ocrx_word' id='word_1_882' title='bbox 2318 4854 2454 4926; x_wconf 73' lang='grc' dir='ltr'>σὰρξ</span> <span class='ocrx_word' id='word_1_883' title='bbox 2519 4854 2581 4908; x_wconf 87' lang='grc' dir='ltr'>τὺ</span> <span class='ocrx_word' id='word_1_884' title='bbox 2646 4856 2910 4925; x_wconf 75' lang='grc' dir='ltr'>σωτήριον</span> <span class='ocrx_word' id='word_1_885' title='bbox 2961 4851 3056 4908; x_wconf 87' lang='grc' dir='ltr'><strong>τοῦ</strong></span> <span class='ocrx_word' id='word_1_886' title='bbox 3125 4850 3281 4906; x_wconf 88' lang='grc' dir='ltr'>Θεοῦ.</span> <span class='ocrx_word' id='word_1_887' title='bbox 3315 4872 3335 4903; x_wconf 70' lang='grc' dir='ltr'><strong>ι</strong></span> <span class='ocrx_word' id='word_1_888' title='bbox 3444 4852 3518 4905; x_wconf 73' lang='grc' dir='ltr'>Τὸ</span> <span class='ocrx_word' id='word_1_889' title='bbox 3574 4852 3681 4922; x_wconf 76' lang='grc' dir='ltr'><strong>γάρ</strong></span> 
     </span>
    </p>
   </div>
   <div class='ocr_carea' id='block_1_113' title="bbox 2101 4943 3682 5020">
    <p class='ocr_par' dir='ltr' id='par_1_113' title="bbox 2101 4943 3682 5020">
     <span class='ocr_line' id='line_1_113' title="bbox 2101 4943 3682 5020; baseline -0.005 -17"><span class='ocrx_word' id='word_1_890' title='bbox 2101 4967 2121 5002; x_wconf 74' lang='grc' dir='ltr'><strong>ι</strong></span> <span class='ocrx_word' id='word_1_891' title='bbox 2172 4949 2325 5002; x_wconf 81' lang='grc' dir='ltr'>πᾶσα</span> <span class='ocrx_word' id='word_1_892' title='bbox 2399 4946 2535 5020; x_wconf 80' lang='grc' dir='ltr'>σάρξ</span> <span class='ocrx_word' id='word_1_893' title='bbox 2561 4996 2573 5010; x_wconf 80' lang='grc'><strong>,</strong></span> <span class='ocrx_word' id='word_1_894' title='bbox 2629 4965 2648 4998; x_wconf 68' lang='grc' dir='ltr'><strong>ι</strong></span> <span class='ocrx_word' id='word_1_895' title='bbox 2723 4946 2843 5000; x_wconf 77' lang='grc' dir='ltr'>ἀντὶ</span> <span class='ocrx_word' id='word_1_896' title='bbox 2942 4945 3160 5000; x_wconf 82' lang='grc' dir='ltr'>πάντων</span> <span class='ocrx_word' id='word_1_897' title='bbox 3259 4944 3476 5016; x_wconf 73' lang='grc' dir='ltr'>εἴρηται</span> <span class='ocrx_word' id='word_1_898' title='bbox 3571 4943 3682 4997; x_wconf 78' lang='grc' dir='ltr'>τῶν</span> 
     </span>
    </p>
   </div>
   <div class='ocr_carea' id='block_1_114' title="bbox 2095 5034 3681 5106">
    <p class='ocr_par' dir='ltr' id='par_1_114' title="bbox 2095 5034 3681 5106">
     <span class='ocr_line' id='line_1_114' title="bbox 2095 5034 3681 5106; baseline -0.004 -11"><span class='ocrx_word' id='word_1_899' title='bbox 2095 5039 2285 5095; x_wconf 80' lang='grc' dir='ltr'>ἐθνῶν.</span> <span class='ocrx_word' id='word_1_900' title='bbox 2340 5040 2528 5104; x_wconf 89' lang='grc' dir='ltr'>Ὅπως</span> <span class='ocrx_word' id='word_1_901' title='bbox 2598 5038 2654 5092; x_wconf 85' lang='grc' dir='ltr'><strong>δὲ</strong></span> <span class='ocrx_word' id='word_1_902' title='bbox 2716 5038 2891 5093; x_wconf 82' lang='grc' dir='ltr'>ταῦτα</span> <span class='ocrx_word' id='word_1_903' title='bbox 2962 5036 3147 5098; x_wconf 77' lang='grc' dir='ltr'>τέλους</span> <span class='ocrx_word' id='word_1_904' title='bbox 3212 5035 3411 5106; x_wconf 75' lang='grc' dir='ltr'>ἔτυχε,</span> <span class='ocrx_word' id='word_1_905' title='bbox 3469 5035 3564 5089; x_wconf 71' lang='grc' dir='ltr'><strong>καὶ</strong></span> <span class='ocrx_word' id='word_1_906' title='bbox 3612 5034 3681 5088; x_wconf 74' lang='grc' dir='ltr'>τὰ</span> 
     </span>
    </p>
   </div>
   <div class='ocr_carea' id='block_1_115' title="bbox 2094 5127 3677 5205">
    <p class='ocr_par' dir='ltr' id='par_1_115' title="bbox 2094 5127 3677 5205">
     <span class='ocr_line' id='line_1_115' title="bbox 2094 5127 3677 5205; baseline -0.004 -19"><span class='ocrx_word' id='word_1_907' title='bbox 2094 5132 2221 5205; x_wconf 79' lang='grc' dir='ltr'>ἔθνη</span> <span class='ocrx_word' id='word_1_908' title='bbox 2270 5131 2361 5185; x_wconf 85' lang='grc' dir='ltr'><strong>τὸν</strong></span> <span class='ocrx_word' id='word_1_909' title='bbox 2398 5131 2633 5205; x_wconf 83' lang='grc' dir='ltr'>Χριστὸν</span> <span class='ocrx_word' id='word_1_910' title='bbox 2688 5128 2904 5198; x_wconf 80' lang='grc' dir='ltr'>ἐπέγνω</span> <span class='ocrx_word' id='word_1_911' title='bbox 2954 5128 3047 5181; x_wconf 85' lang='grc' dir='ltr'><strong>τοῦ</strong></span> <span class='ocrx_word' id='word_1_912' title='bbox 3098 5127 3233 5181; x_wconf 86' lang='grc' dir='ltr'>Θεοῦ</span> <span class='ocrx_word' id='word_1_913' title='bbox 3257 5168 3272 5192; x_wconf 89' lang='grc'><strong>,</strong></span> <span class='ocrx_word' id='word_1_914' title='bbox 3332 5128 3561 5199; x_wconf 76' lang='grc' dir='ltr'>μακρῶν</span> <span class='ocrx_word' id='word_1_915' title='bbox 3616 5128 3677 5181; x_wconf 71' lang='grc' dir='ltr'>οὗ</span> 
     </span>
    </p>
   </div>
   <div class='ocr_carea' id='block_1_116' title="bbox 2092 5219 3679 5293">
    <p class='ocr_par' dir='ltr' id='par_1_116' title="bbox 2092 5219 3679 5293">
     <span class='ocr_line' id='line_1_116' title="bbox 2092 5219 3679 5293; baseline -0.005 -14"><span class='ocrx_word' id='word_1_916' title='bbox 2092 5224 2172 5279; x_wconf 83' lang='grc' dir='ltr'>δεῖ</span> <span class='ocrx_word' id='word_1_917' title='bbox 2216 5225 2409 5293; x_wconf 89' lang='grc' dir='ltr'>λόγων.</span> <span class='ocrx_word' id='word_1_918' title='bbox 2478 5224 2587 5277; x_wconf 72' lang='grc' dir='ltr'><strong>Καὶ</strong></span> <span class='ocrx_word' id='word_1_919' title='bbox 2647 5222 2715 5276; x_wconf 78' lang='grc' dir='ltr'>τὰ</span> <span class='ocrx_word' id='word_1_920' title='bbox 2785 5221 2883 5293; x_wconf 80' lang='grc' dir='ltr'>μὲν</span> <span class='ocrx_word' id='word_1_921' title='bbox 2939 5219 3080 5291; x_wconf 75' lang='grc' dir='ltr'>ῥητὰ</span> <span class='ocrx_word' id='word_1_922' title='bbox 3137 5219 3323 5274; x_wconf 86' lang='grc' dir='ltr'>τοῦτον</span> <span class='ocrx_word' id='word_1_923' title='bbox 3374 5219 3679 5291; x_wconf 80' lang='grc' dir='ltr'>ἐπληροῦτο</span> 
     </span>
    </p>
   </div>
   <div class='ocr_carea' id='block_1_117' title="bbox 2090 5308 3675 5388">
    <p class='ocr_par' dir='ltr' id='par_1_117' title="bbox 2090 5308 3675 5388">
     <span class='ocr_line' id='line_1_117' title="bbox 2090 5308 3675 5388; baseline -0.006 -20"><span class='ocrx_word' id='word_1_924' title='bbox 2090 5316 2182 5370; x_wconf 71' lang='grc' dir='ltr'>τὸν</span> <span class='ocrx_word' id='word_1_925' title='bbox 2249 5315 2469 5388; x_wconf 85' lang='grc' dir='ltr'>τρόπον.</span> <span class='ocrx_word' id='word_1_926' title='bbox 2557 5313 2622 5366; x_wconf 89' lang='grc' dir='ltr'><strong>Τί</strong></span> <span class='ocrx_word' id='word_1_927' title='bbox 2661 5313 2704 5368; x_wconf 87' lang='grc' dir='ltr'><strong>δ’</strong></span> <span class='ocrx_word' id='word_1_928' title='bbox 2732 5308 2810 5384; x_wconf 51' lang='grc' dir='ltr'><strong>ἦν’</strong></span> <span class='ocrx_word' id='word_1_929' title='bbox 2840 5312 2902 5366; x_wconf 80' lang='grc' dir='ltr'>τὸ</span> <span class='ocrx_word' id='word_1_930' title='bbox 2950 5312 3122 5365; x_wconf 78' lang='grc' dir='ltr'>αἴτιον</span> <span class='ocrx_word' id='word_1_931' title='bbox 3167 5310 3262 5363; x_wconf 84' lang='grc' dir='ltr'><strong>τοῦ</strong></span> <span class='ocrx_word' id='word_1_932' title='bbox 3310 5309 3387 5382; x_wconf 81' lang='grc' dir='ltr'>μὴ</span> <span class='ocrx_word' id='word_1_933' title='bbox 3422 5311 3479 5362; x_wconf 84' lang='grc' dir='ltr'><strong>ἐν</strong></span> <span class='ocrx_word' id='word_1_934' title='bbox 3512 5308 3675 5362; x_wconf 67' lang='grc' dir='ltr'>τιόλεο</span> 
     </span>
    </p>
   </div>
   <div class='ocr_carea' id='block_1_118' title="bbox 2093 5395 3675 5479">
    <p class='ocr_par' dir='ltr' id='par_1_118' title="bbox 2093 5395 3675 5479">
     <span class='ocr_line' id='line_1_118' title="bbox 2093 5395 3675 5479; baseline -0.008 -19"><span class='ocrx_word' id='word_1_935' title='bbox 2093 5424 2186 5472; x_wconf 92' lang='grc' dir='ltr'><strong>σι,</strong></span> <span class='ocrx_word' id='word_1_936' title='bbox 2275 5406 2395 5479; x_wconf 82' lang='grc' dir='ltr'>μηδ’</span> <span class='ocrx_word' id='word_1_937' title='bbox 2443 5405 2531 5458; x_wconf 88' lang='grc' dir='ltr'>ἐπ’</span> <span class='ocrx_word' id='word_1_938' title='bbox 2581 5404 2750 5475; x_wconf 81' lang='grc' dir='ltr'>αὐτῆς</span> <span class='ocrx_word' id='word_1_939' title='bbox 2794 5402 2892 5473; x_wconf 73' lang='grc' dir='ltr'><strong>τῆς</strong></span> <span class='ocrx_word' id='word_1_940' title='bbox 2955 5399 3353 5472; x_wconf 73' lang='grc' dir='ltr'>Ἰερουσαλὴμ,</span> <span class='ocrx_word' id='word_1_941' title='bbox 3422 5397 3535 5452; x_wconf 84' lang='grc' dir='ltr'>ἀλλ’</span> <span class='ocrx_word' id='word_1_942' title='bbox 3583 5395 3675 5448; x_wconf 63' lang='grc' dir='ltr'>ἐπὶ</span> 
     </span>
    </p>
   </div>
   <div class='ocr_carea' id='block_1_119' title="bbox 2091 5490 3675 5572">
    <p class='ocr_par' dir='ltr' id='par_1_119' title="bbox 2091 5490 3675 5572">
     <span class='ocr_line' id='line_1_119' title="bbox 2091 5490 3675 5572; baseline -0.009 -17"><span class='ocrx_word' id='word_1_943' title='bbox 2091 5501 2193 5571; x_wconf 84' lang='grc' dir='ltr'>τῆς</span> <span class='ocrx_word' id='word_1_944' title='bbox 2265 5502 2473 5572; x_wconf 85' lang='grc' dir='ltr'>ἐρήμου</span> <span class='ocrx_word' id='word_1_945' title='bbox 2551 5496 2802 5569; x_wconf 85' lang='grc' dir='ltr'>Ἰωάννην</span> <span class='ocrx_word' id='word_1_946' title='bbox 2865 5493 3203 5566; x_wconf 82' lang='grc' dir='ltr'>παρελθόντα</span> <span class='ocrx_word' id='word_1_947' title='bbox 3255 5491 3578 5564; x_wconf 75' lang='grc' dir='ltr'>κηρύττεινς</span> <span class='ocrx_word' id='word_1_948' title='bbox 3644 5490 3675 5542; x_wconf 85' lang='grc' dir='ltr'><strong>ό</strong></span> 
     </span>
    </p>
   </div>
   <div class='ocr_carea' id='block_1_120' title="bbox 2096 5582 3671 5670">
    <p class='ocr_par' dir='ltr' id='par_1_120' title="bbox 2096 5582 3671 5670">
     <span class='ocr_line' id='line_1_120' title="bbox 2096 5582 3671 5670; baseline -0.008 -24"><span class='ocrx_word' id='word_1_949' title='bbox 2096 5593 2194 5665; x_wconf 78' lang='grc' dir='ltr'>μέν</span> <span class='ocrx_word' id='word_1_950' title='bbox 2243 5609 2328 5656; x_wconf 85' lang='grc' dir='ltr'><strong>τις</strong></span> <span class='ocrx_word' id='word_1_951' title='bbox 2391 5593 2559 5662; x_wconf 81' lang='grc' dir='ltr'>φήσαι</span> <span class='ocrx_word' id='word_1_952' title='bbox 2610 5589 2677 5643; x_wconf 86' lang='grc' dir='ltr'><strong>ἂν</strong></span> <span class='ocrx_word' id='word_1_953' title='bbox 2732 5590 2813 5651; x_wconf 87' lang='grc' dir='ltr'><strong>είς</strong></span> <span class='ocrx_word' id='word_1_954' title='bbox 2870 5586 3264 5670; x_wconf 69' lang='grc' dir='ltr'>ἀποπλήρωσιν</span> <span class='ocrx_word' id='word_1_955' title='bbox 3310 5582 3412 5653; x_wconf 82' lang='grc' dir='ltr'>τῆς</span> <span class='ocrx_word' id='word_1_956' title='bbox 3455 5596 3671 5654; x_wconf 73' lang='grc' dir='ltr'>προφη·</span> 
     </span>
    </p>
   </div>
   <div class='ocr_carea' id='block_1_121' title="bbox 3294 5697 3659 5772">
    <p class='ocr_par' dir='ltr' id='par_1_121' title="bbox 3294 5697 3659 5772">
     <span class='ocr_line' id='line_1_121' title="bbox 3294 5697 3659 5772; baseline -0.005 -14"><span class='ocrx_word' id='word_1_957' title='bbox 3294 5697 3536 5758; x_wconf 73' lang='lat' dir='ltr'><strong>“Joan.</strong></span> <span class='ocrx_word' id='word_1_958' title='bbox 3599 5713 3659 5772; x_wconf 82' lang='grc' dir='ltr'><strong>ι,</strong></span> 
     </span>
    </p>
   </div>
  </div>
