3836 6220
121 362 237 421 669

1006 356 1667 415 DEMONSTRATIONIS
1706 355 2174 414 ΕνΑΝῡευωΕ
2223 356 2357 414 LIB.
2397 359 2491 413 IX.

3291 356 3397 413 670

116 485 283 551 τείας
343 483 503 538 τοῦτο
550 482 715 539 αὐτὸν
757 482 1120 555 πεποιηκέναι
1143 497 1158 513 ο
1229 480 1345 536 ἀλλ’
1404 484 1440 537 ὁ
1481 479 1714 553 ἀκριϐὴς

1818 477 2051 534 fortasse
2077 477 2446 549 responderit,
2479 477 2633 533 illum
2661 477 2768 534 hoc
2796 476 2996 536 fecisse
3025 487 3087 535 ut
3110 477 3394 550 prophetia

118 579 335 642 εὐθέως
380 574 646 643 ἐξετάζων
670 615 687 640 ,
750 573 889 647 αὑτὴ
938 573 994 627 δέ
1047 574 1081 646 ή
1130 574 1437 647 προφητεία
1480 573 1534 628 τί
1587 571 1707 626 ποτ’

115 669 234 741 ἄρα
285 669 571 739 σημαίνειν
624 664 918 738 βουλομένη
961 666 1061 738 τὴν
1103 665 1306 738 ἔρημον
1354 665 1448 720 καὶ
1485 664 1555 719 τὰ
1585 666 1706 719 κατ’

112 756 297 828 αὐτὴν
344 755 529 826 ἐδήλου
554 796 571 820 ,
621 753 883 810 πεύσεται
908 772 923 785 ο
977 755 1114 827 πρὸς
1160 755 1219 808 ὃν
1269 760 1549 827 φήσομεν,
1624 755 1707 808 ὅτι

113 848 220 900 καὶ
283 847 441 901 τοῦτο
484 850 711 919 σημεῖον
768 842 839 919 ἦν
885 846 1256 918 καθαιρέσεως
1295 846 1395 918 τῆς
1443 847 1708 919 Ἰερουσα-

111 938 278 1011 λὴμ,
353 941 448 994 καὶ
494 938 590 993 τοῦ
640 939 777 1010 πρὸς
833 939 969 1011 αὐτῇ
1021 938 1450 1011 θυσιαστηρίου,
1502 939 1601 1010 τῆς
1644 954 1706 991 τε

110 1032 270 1087 κατὰ
339 1032 429 1086 τὸν
476 1032 758 1095 Μωῦσέως
810 1031 968 1102 νόμον
1002 1030 1257 1103 λατρείας
1283 1070 1297 1095 ,
1353 1030 1440 1083 ὅτε
1512 1029 1703 1100 μηκέτ’

110 1123 306 1188 αὐτοῖς
349 1122 438 1178 διὰ
482 1122 591 1177 τῶν
640 1123 783 1177 κατι)⁸
829 1123 993 1195 νόμον
1045 1122 1244 1176 θυσιῶν
1301 1121 1369 1176 τὰ
1417 1106 1520 1192 τῆς
1572 1121 1706 1191 ἀφέ-

111 1234 263 1281 σεως
320 1216 430 1270 τῶν
480 1216 765 1288 ἁμαρτιῶν
817 1215 1162 1289 προύξενεῖτο
1184 1254 1200 1280 ,
1250 1214 1387 1270 ἀλλά
1434 1215 1523 1269 διὰ
1572 1216 1711 1270 καθα

110 1314 338 1384 ἀρσεως
436 1312 663 1388 λουτροῦ
739 1313 834 1366 ἐπὶ
902 1313 1002 1384 τῆς
1073 1311 1242 1366 πάλαι
1320 1311 1539 1380 διψάδος
1611 1313 1704 1365 καὶ

109 1405 372 1477 ἐρήμου,
448 1404 592 1474 λέγω
644 1404 701 1459 δέ
767 1405 868 1477 τῆς
924 1404 1033 1459 τῶν
1086 1403 1254 1459 ἐθνῶν
1333 1403 1701 1476 Ἐκκλησίας,

108 1500 553 1572 παραδιδομένου
577 1540 592 1565 ,
646 1501 703 1553 ἐν
848 1497 944 1552 καὶ
988 1498 1022 1568 ή
1074 1496 1385 1568 προφητικὴ
1435 1497 1700 1568 γενομένη

108 1590 273 1663 φωνὴ
331 1590 639 1662 ἑτοιμάζειν
687 1588 1121 1663 παρακελεύεται
1157 1588 1255 1660 τὴν
1301 1588 1418 1643 ὁδὸν
1469 1588 1699 1661 Κυρίου,

105 1684 214 1748 τὰς
289 1684 390 1756 μὲν
458 1685 610 1739 κάτω
677 1701 780 1738 που
835 1685 915 1749 εἰς
980 1681 1142 1754 βάθος
1206 1682 1439 1747 κακίας,
1509 1681 1583 1745 ὡς
1644 1682 1702 1736 ἐν

105 1777 365 1847 φάραγγι
436 1776 696 1848 κειμένας
756 1774 933 1847 ψυχὰς
982 1773 1427 1847 ἐπαρθήσεσθαι,
1501 1773 1572 1827 τὰ
1644 1772 1702 1826 δὲ

1814 571 2204 643 compleretur.
2244 570 2351 628 Sed
2386 572 2480 643 qui
2519 571 2853 644 exquisitius
2884 586 2950 626 ac
2983 571 3302 643 diligentius
3335 585 3396 628 se

1812 664 1997 719 doceri
2029 664 2284 730 voluerit,
2319 664 2843 734 illicointerrogabit
2876 681 2890 718 :
2918 665 3079 742 Atqui
3107 663 3395 734 prophetia

1814 757 1929 813 hac
1960 758 2091 829 quid
2120 758 2340 814 tandem
2371 758 2476 814 sibi
2505 758 2743 821 volebat,
2775 773 2900 813 cum
2925 758 3225 821 desertum,
3250 766 3303 811 et
3329 770 3394 811 ea

1812 864 1934 919 qua:
1961 850 2028 904 ad
2057 849 2112 904 id
2140 865 2313 920 genus
2338 849 2615 920 pertinent
2653 849 3008 903 eimnliabat?
3038 849 3126 905 cui
3165 863 3397 919 respon-

1810 943 2083 1009 debimus,
2117 945 2263 1015 quod
2295 944 2399 999 hoc
2427 959 2649 1017 quoque
2683 944 2900 1013 signum
2932 950 3053 1001 erat
3086 942 3394 999 evertenda:

1812 1035 1965 1092 urbis
2000 1034 2330 1101 Jerusalem,
2358 1042 2413 1092 et
2444 1036 2567 1106 ejus
2599 1035 2747 1106 quod
2779 1037 2834 1091 in
2869 1037 2980 1105 ipsa
3014 1041 3137 1094 erat
3174 1034 3417 1111 altaris...

1810 1127 2059 1198 ritusque
2088 1128 2261 1194 illius,
2289 1128 2384 1199 qui
2411 1128 2714 1184 secundum
2744 1127 3037 1183 Mosaieam
3071 1127 3244 1197 legem
3272 1141 3392 1180 ser-

1808 1219 2063 1285 vabatur,
2094 1219 2316 1289 quando
2361 1234 2471 1274 non
2503 1221 2738 1292 amplius
2773 1236 2869 1291 per
2898 1220 3140 1291 legitima
3181 1216 3392 1274 sacriﬁ-

1808 1312 1894 1368 cia
1924 1312 2180 1368 remissio
2211 1312 2321 1367 illis
2346 1321 2696 1382 peccatorum
2721 1313 3139 1376 conciliabatur,
3174 1311 3268 1368 sed
3292 1325 3391 1382 per

1809 1405 2185 1474 purgationem
2218 1404 2441 1471 lavacri,
2468 1404 2616 1473 quod
2649 1405 2705 1459 in
2731 1404 2860 1459 olim
2896 1404 3175 1460 sitibunda
3208 1419 3272 1458 ac
3292 1402 3389 1459 de-

1809 1505 1974 1559 serta,
2007 1496 2132 1552 dico
2161 1504 2366 1565 autem,
2391 1500 2446 1552 in
2478 1498 2709 1553 collecta
2741 1497 2809 1552 de
2839 1496 3095 1568 gentibus
3116 1496 3387 1566 Ecclesia,

1808 1587 2149 1650 tradebatur,
2204 1587 2258 1641 iu
2299 1602 2409 1657 qua
2438 1588 2605 1643 etiam
2655 1586 2747 1640 illa
2793 1601 2916 1656 quae
2946 1586 3090 1640 facta
3148 1592 3232 1641 est
3268 1599 3390 1655 pro-

1806 1680 2023 1750 phetica
2057 1695 2186 1747 vox,
2220 1695 2417 1750 parare
2448 1681 2592 1735 viam
2617 1678 2831 1733 Domini
2855 1680 3031 1747 jubet,
3062 1678 3191 1733 dum
3224 1677 3385 1732 mali-

1807 1772 1912 1828 tias
1943 1771 2000 1826 in
2043 1771 2156 1826 imo
2190 1771 2428 1842 quodam
2459 1771 2650 1836 fundo,
2682 1772 2840 1843 quasi
2874 1771 2928 1825 in
2963 1771 3211 1825 convalle
3240 1770 3389 1841 posi-

106 1868 290 1922 πάλαι
345 1867 615 1940 ὑψώματα
659 1869 761 1939 τῆς
830 1866 1186 1941 Ἰερουσαλὴμ
1210 1910 1224 1934 ,
1300 1865 1396 1919 καὶ
1457 1864 1565 1920 τῶν
1614 1856 1737 1921 ἐπ’ἶ

1804 1871 1889 1920 tas
1919 1864 2227 1920 animarum
2260 1864 2613 1927 auferendas,
2659 1872 2715 1921 et
2745 1873 2961 1920 veteres
2987 1864 3141 1919 urbis
3164 1861 3390 1919 Jerusa-

103 1961 289 2033 αὐτῆς
340 1961 618 2034 ἀρχόντων
672 1979 733 2016 τε
782 1961 876 2015 καὶ
935 1961 1197 2033 βασιλέων
1220 2001 1236 2026 ,
1291 1959 1393 2034 ὅρη
1442 1960 1537 2014 καὶ
1579 1958 1702 2031 βου-

102 2055 239 2118 νοῦς
290 2053 667 2125 ὀνομαζόμενα
691 2093 707 2117 ,
785 2051 1288 2124 ταπεινωθήσεσθαι
1327 2051 1657 2116 θεσπίζουσα
1680 2067 1696 2081 ·

102 2139 188 2199 ὧν
241 2143 739 2208 ἐπιτελεσθέντων,
813 2143 981 2216 φησί’
1035 2162 1053 2195 ι
1088 2144 1247 2197 Πᾶσα
1320 2142 1457 2215 σὰρξ
1509 2143 1698 2213 ὖψεται

101 2239 171 2293 τὸ
224 2238 495 2310 σωτήριον
547 2236 642 2290 τοῦ
712 2236 870 2290 θεοῦ.
924 2254 945 2288 ›
1018 2236 1187 2307 Δῆλον
1235 2235 1286 2289 δ’
1339 2237 1423 2290 ὅτι
1467 2237 1617 2290 πᾶσα
1662 2236 1696 2307 ή

102 2327 169 2378 ἐν
222 2325 394 2396 σαρκὶ
448 2325 542 2379 ἐπὶ
593 2324 699 2395 γῆς
753 2323 1165 2399 ἀναστρέφουσα
1219 2324 1365 2397 ψυχή
1431 2325 1696 2396 Ἐλλήνων

99 2417 246 2488 ὁμοῦ
319 2418 413 2472 καὶ
482 2417 775 2491 βαρϐάρων
802 2459 818 2485 ,
897 2418 990 2472 καὶ
1062 2418 1282 2474 πάντων
1358 2418 1695 2485 ἁπαξαπλῶς

102 2507 219 2562 τῶν
279 2505 450 2562 ἐθνῶν
476 2524 490 2538 ·
547 2506 584 2562 ἃ
634 2506 730 2562 καὶ
786 2511 854 2580 τῇ
909 2510 1214 2581 προρρήσει
1265 2509 1572 2576 ἀκολούθως
1614 2513 1694 2577 είς

101 2600 288 2674 πέρας
326 2599 550 2654 ἐλθόντα
592 2599 886 2654 δείκνυται.
964 2600 1125 2670 Ζητῶ
1171 2601 1228 2655 δὲ
1272 2604 1401 2675 παρ’
1447 2602 1691 2675 ἐμαυτῷ,

100 2691 158 2745 τί
218 2691 331 2763 ἄρα
386 2686 456 2764 ἦν
508 2690 573 2745 τὸ
638 2691 916 2763 ἐκπλῆξαν
991 2693 1119 2758 τοὺς
1189 2692 1419 2760 πολλοὺς
1491 2697 1551 2749 ἐν
1614 2696 1693 2769 τῷ

112 2784 343 2856 Ἰωάννῃ
368 2825 384 2851 ,
469 2782 548 2847 ὡς
621 2782 896 2856 θαυμάσαι
962 2784 1123 2840 αὐτὸν
1195 2787 1289 2840 καὶ
1371 2787 1691 2860 κηρύττοντι

102 2874 393 2947 βάπτισμα
445 2876 731 2947 μετανοίας
787 2875 1114 2943 πιστεῦσαι,
1181 2877 1389 2943 πάντας
1440 2896 1499 2933 τε
1561 2898 1692 2935 παν-

96 2967 334 3039 ταχόθεν
387 2967 455 3022 τὰ
505 2969 678 3022 οἰκεῖα
731 2967 1099 3034 ἀπολιπόντας
1141 2971 1361 3042 συρρεῖν
1430 2971 1524 3025 ἐπὶ
1589 2974 1690 3045 τὴν

99 3059 314 3135 ἔρημον
337 3099 355 3125 ,
437 3060 672 3132 μάλιστα
737 3061 827 3115 ὅτε
906 3061 1176 3134 μηδεμίαν
1256 3062 1421 3118 αὐτοῦ
1489 3065 1689 3138 πρᾶξιν

100 3150 413 3223 ἱστοροῦσιν
464 3152 514 3205 οἰ
568 3151 738 3220 λόγοι.
829 3150 966 3207 Οὔτε
1022 3154 1132 3227 γὰρ
1172 3158 1400 3228 νεκροὺς
1445 3157 1684 3230 ἐγείρας,

95 3242 226 3298 οὗτε
300 3242 463 3317 ἕτερα
541 3243 794 3317 θαύματα
867 3246 1185 3318 πεποιηκὼς
1251 3249 1682 3322 ἀναγέγραπται.

96 3333 165 3387 Τί
212 3333 280 3404 δὴ
328 3330 423 3388 οῦν
470 3329 539 3407 ἦν
581 3335 644 3389 τὸ
688 3335 966 3407 ἐκπλῆξαν
1018 3339 1144 3402 τοὺς
1192 3338 1432 3403 πάντανςῖ
1489 3341 1522 3413 ἦ
1585 3342 1690 3413 μή“

278 3429 307 3481 ό
348 3426 498 3492 ξένος
537 3428 633 3483 καὶ
686 3429 1077 3499 παραλλάττων
1118 3431 1228 3485 τῶν
1268 3431 1479 3486 πολλῶν
1520 3433 1686 3487 αὑτοῦ

97 3519 248 3590 βίοςς
322 3518 519 3592 προῄει
615 3519 724 3593 γὰρ
780 3521 847 3575 ἐκ
904 3522 1004 3594 τῆς
1040 3523 1247 3595 ἐρήμου
1303 3521 1462 3596 ξένην
1516 3525 1690 3596 ἠμφι-

93 3612 331 3684 εσμένος
356 3612 547 3684 στολὴν
570 3652 586 3677 ,
638 3616 820 3667 πᾶσαν
881 3613 938 3668 δὲ
995 3614 1095 3687 τὴν
1140 3616 1326 3688 κοινὴν
1385 3616 1687 3689 ἀνθρώπων

92 3696 382 3778 διατριϐὴν
438 3705 873 3777 ἐκτρεπόμενος*
935 3705 1058 3760 οὔτε
1132 3706 1263 3777 γοῦν
1317 3710 1398 3772 είς
1467 3706 1685 3781 κώμην,

91 3798 221 3853 οὔτε
269 3802 351 3863 εἰς
401 3800 587 3864 πόλιν,
649 3799 773 3853 οὔτε
808 3801 890 3865 είς
945 3800 1124 3855 κοινὸν
1173 3801 1431 3871 σύλλογον
1476 3803 1686 3872 ἀνδρῶν

93 3890 462 3962 παρέϐαλλεν.
554 3891 715 3946 Ἀλλὰ.
749 3892 870 3946 οὐδὲ
920 3894 1019 3965 τῆς
1075 3895 1262 3966 κοινῆς
1321 3897 1533 3967 μετεῖχε
1563 3913 1688 3969 τρο-

92 3984 243 4054 φῆς·
306 3983 613 4057 γέγραπται
665 3984 832 4055 γοῦν,
893 3984 972 4050 ὡς
1034 4004 1053 4037 ι
1086 3986 1152 4039 ἐκ
1200 3986 1301 4057 τῆς
1357 3986 1451 4040 τοῦ
1493 3988 1686 4053 παιδὸς

92 4072 313 4144 ἡλικίας
361 4069 430 4144 ἦν
474 4075 532 4128 ἐν
580 4078 703 4139 ταῖς
752 4076 981 4147 ἐρήμοις
1035 4075 1142 4141 ἓως
1202 4078 1417 4149 ἡμέρας
1469 4079 1684 4134 ἀναδεί-

94 4165 236 4231 ξεως
302 4165 467 4221 αὐτοῦ
529 4167 665 4239 πρὸς
709 4168 801 4222 τὸν
878 4169 1119 4242 Ἰσραήλ.
1241 4170 1405 4226 Ἀλλά
1462 4173 1558 4226 καὶ⁹
1621 4173 1685 4227 τὸ

92 4258 305 4330 ἔνδυμα
349 4258 514 4313 αὑτοῦ
569 4255 639 4331 ἦν
696 4261 761 4315 ἐκ
809 4261 1010 4334 τριχῶν
1067 4263 1329 4335 καμήλων
1388 4266 1688 4338 πεποιημέ-

40 4364 223 4413 δνον,
274 4350 309 4421 ή
340 4348 397 4403 δὲ
424 4350 598 4422 τροφή
649 4350 813 4405 αὑτοῦ
860 4351 1083 4425 ἀκρίδες
1120 4355 1216 4408 καὶ
1258 4355 1382 4425 μέλι
1433 4354 1678 4429 ἄγριον.»

88 4442 187 4513 Μή
239 4459 319 4513 πη
370 4437 499 4506 οὖν,
571 4442 807 4515 ὁρῶντες
853 4444 1021 4517 ἄνδρα
1046 4442 1339 4519 Ναζιραῖον
1395 4447 1493 4519 μὲν
1545 4447 1682 4503 Θεοῦ

1802 1957 1907 2012 lem
1947 1963 2111 2027 atque
2141 1971 2331 2012 eorum
2368 1957 2461 2028 qui
2494 1958 2549 2011 in
2578 1958 2669 2011 illa
2709 1957 3050 2027 imperabant
3078 1956 3385 2026 principum

1801 2063 1865 2103 ac
1894 2064 2104 2120 regum,
2141 2049 2236 2120 qui
2298 2055 2516 2104 montes
2563 2057 2616 2104 et
2645 2049 2814 2103 colles
2850 2049 3227 2111 nominantur,
3262 2045 3387 2105 alti-

1800 2136 2019 2193 tudines
2066 2137 2405 2207 dejiciendas
2453 2136 2810 2200 vaticinatur,
2846 2137 3056 2207 quibus
3101 2134 3382 2207 perfectis,

1804 2246 1824 2280 ι
1870 2228 2084 2293 Omnis,
2128 2229 2329 2300 inquit,
2371 2245 2502 2285 caro
2541 2229 2748 2285 videbit
2792 2230 3036 2284 salutare
3072 2227 3191 2284 Dei.
3217 2248 3238 2281 ι
3267 2226 3384 2284 Hoc

1797 2328 1882 2375 est
1906 2322 2087 2378 omnis
2121 2337 2465 2392 quaecunque
2505 2323 2726 2390 corpori
2756 2320 2969 2376 inclusa
3001 2320 3058 2375 in
3084 2326 3231 2375 terra
3263 2334 3385 2375 ver-

1798 2420 1954 2469 satur
1999 2414 2203 2477 anima,
2257 2421 2370 2468 tam
2424 2413 2787 2468 barbarorum
2830 2427 2994 2482 quam
3041 2410 3379 2477 Graecorum,

1794 2505 1900 2560 hoc
1948 2512 2052 2569 est,
2099 2506 2347 2561 omnium
2401 2506 2626 2560 omnino
2665 2504 2909 2577 gentium
2942 2519 3102 2575 :quae
3159 2503 3382 2574 quidem

1794 2597 1898 2667 ipsi
1933 2597 2197 2653 vaticinio
2248 2604 2618 2654 consentanea
2666 2598 2734 2653 ad
2797 2613 2957 2655 suum
2999 2597 3160 2652 linem
3197 2610 3386 2666 perve-

1793 2689 1945 2744 nisse
1987 2689 2457 2744 demonstrantur.
2475 2687 2641 2760 430
2670 2686 2806 2741 Dum
2838 2688 3006 2758 igitur
3052 2700 3264 2741 mecum
3297 2690 3383 2739 ta-

1792 2782 1937 2837 citus
1977 2796 2187 2851 quaero,
2221 2781 2415 2836 oborta
2456 2783 2591 2835 mihi
2640 2788 2726 2837 est
2769 2779 3061 2842 dubitatio,
3093 2776 3225 2847 quid
3256 2782 3383 2832 tan-

1791 2871 1936 2929 dem
1965 2874 2100 2929 illud
2149 2881 2300 2931 esset
2340 2875 2397 2928 in
2438 2872 2673 2938 Joanne,
2721 2888 2831 2945 quo
2878 2880 3037 2943 capta
3087 2871 3381 2927 multitudo

1792 2966 1885 3021 illa
1936 2964 2303 3022 admiraretur
2335 2966 2638 3031 hominem,
2670 2974 2726 3021 et
2754 2964 3077 3035 praedicanti
3106 2963 3380 3033 baptisma

1788 3056 2126 3130 poenitentiae
2158 3058 2322 3114 ﬁdem
2359 3058 2609 3122 haberet,
2637 3058 2881 3129 quidque
2909 3055 3043 3111 illud
3082 3070 3193 3126 quo
3223 3055 3379 3110 ducti

1789 3166 1982 3207 omnes
2018 3151 2261 3222 undique
2300 3151 2465 3206 rebus
2500 3151 2740 3221 propriis
2782 3149 2993 3203 relictis
3039 3145 3380 3203 confluerent

1793 3246 1848 3301 in
1878 3244 2181 3307 desertum,
2210 3258 2336 3299 cum
2373 3242 2677 3313 praesertim
2713 3242 2863 3295 nulla
2896 3240 3044 3295 illius
3073 3249 3226 3310 gesta
3258 3253 3378 3293 me-

1790 3338 1981 3393 moriae
2003 3335 2218 3408 prodita
2254 3334 2367 3389 sint
2402 3352 2415 3388 :
2451 3347 2629 3403 neque
2658 3332 2806 3388 enim
2839 3329 2987 3402 quod
3017 3338 3113 3385 aut
3132 3335 3379 3383 mortuos

1789 3430 2143 3493 excitaverit,
2197 3434 2293 3482 aut
2345 3425 2452 3479 alia
2508 3425 2775 3479 miracula
2826 3422 3054 3484 fecerit,
3112 3421 3381 3490 scriptum

1790 3531 1994 3580 exstat.
2042 3521 2184 3589 Quid
2233 3520 2400 3591 igitur
2432 3518 2568 3573 illud
2599 3526 2718 3574 erat
2750 3516 2898 3588 quod
2949 3514 3378 3570 admirabundos

1789 3630 1982 3672 omnes
2023 3612 2324 3669 redderet?
2372 3609 2513 3665 Num
2548 3609 2786 3665 forsitan
2832 3622 3035 3662 novum
3082 3615 3136 3660 et
3166 3603 3310 3675 quod
3342 3619 3377 3659 a

1788 3705 2142 3762 multitudine
2172 3706 2496 3761 abhorreret
2522 3703 2649 3757 vitae
2676 3700 2827 3756 illius
2864 3698 3079 3771 genus?
3114 3696 3378 3768 procede-

1787 3800 1884 3855 bat
1916 3799 2061 3856 cnim
2104 3813 2173 3854 ex
2211 3797 2430 3853 deserto
2472 3795 2798 3850 inusitatum
2843 3792 3072 3848 indutus
3098 3792 3370 3856 habitum,

1786 3905 2116 3962 omnemque
2160 3902 2508 3945 communem
2561 3886 2846 3942 hominum
2905 3886 3369 3942 consuetudinem

1787 3983 2110 4039 declinans:
2137 3996 2266 4037 nam
2314 3995 2495 4052 neque
2532 3979 2589 4034 in
2632 3979 2814 4035 vicum
2850 3979 3046 4043 ullum,
3088 3993 3266 4049 neque
3314 3977 3372 4032 in

1786 4074 2000 4137 urbem,
2030 4087 2210 4144 neque
2240 4073 2298 4127 in
2333 4084 2680 4126 communem
2709 4069 2948 4140 aliquem
2986 4068 3230 4124 virorum
3263 4081 3373 4123 coe-

1786 4174 1899 4219 tum
1940 4163 2305 4219 commeabat.
2355 4159 2464 4217 Sed
2515 4176 2587 4216 ne
2634 4161 2783 4216 victu
2825 4160 3044 4231 quidem
3088 4158 3368 4215 communi

1784 4256 2108 4313 vescebatur
2131 4274 2147 4310 :
2168 4254 2437 4326 siquidem
2469 4253 2733 4324 scriptum
2750 4259 2856 4317 est,
2885 4253 3032 4324 quod
3074 4270 3093 4303 ι
3115 4266 3147 4306 a
3173 4250 3369 4323 puerili

1783 4356 1943 4405 aetate
1972 4349 2028 4403 in
2059 4347 2358 4404 solitudine
2376 4352 2694 4402 versaretur
2718 4344 2787 4400 ad
2809 4345 2964 4401 illum
2995 4360 3170 4416 usque
3197 4344 3365 4408 diem,

1785 4455 1896 4513 quo
1925 4439 2032 4511 ipsi
2074 4438 2246 4496 Israel
2275 4438 2684 4495 ostenderetur.
2720 4436 2866 4505 Quin
2911 4437 3078 4493 etiam
3123 4437 3244 4506 ejus
3272 4451 3368 4491 ve-

87 4534 196 4606 τήν
244 4533 444 4606 τρίχα,
496 4534 799 4609 θεοπρεπὲς
848 4537 906 4591 δὲ
956 4538 1246 4611 πρόσωπον
1300 4541 1737 4612 ὑποφαίνοντα,ι

1792 4532 2108 4589 stimentum
2153 4546 2221 4587 ex
2257 4531 2385 4603 pilis
2412 4530 2747 4586 camelorum
2778 4528 3090 4585 confectum
3133 4535 3275 4593 erat,
3310 4535 3370 4584 et

92 4625 291 4697 σχῆμά
340 4642 401 4680 τε
457 4626 605 4692 ξένον
661 4629 955 4701 περιϐολῆς
1007 4633 1378 4704 ἠμφιεσμένον
1406 4673 1420 4699 ,
1472 4634 1685 4708 ἀθρόως

89 4716 260 4771 ποθὲν
310 4717 370 4784 ἐξ
424 4720 666 4787 ἀφανοῦς
716 4724 926 4796 ἐρήμου
985 4725 1346 4798 φαινόμενον,
1403 4728 1496 4782 καὶ
1546 4728 1684 4799 μετά

87 4810 151 4909 τὸ
210 4810 477 4909 κήρυγμα
547 4812 709 4869 πάλιν
762 4816 842 4880 είς
897 4817 1000 4889 τὴν
1063 4817 1266 4890 ἔρημον
1324 4820 1419 4873 καὶ
1483 4821 1564 4886 είς
1622 4823 1683 4877 τὸ
1731 4895 1750 4909 .

86 4899 302 4967 ἀφανὲς
352 4900 741 4973 ὑποχωροῦντα
765 4944 780 4971 ,
835 4906 930 4959 καλ⁸
960 4907 1179 4973 ἄποτον,
1226 4906 1460 4979 ἄτροφον
1481 4949 1500 4978 ,
1530 4910 1683 4966 ἀκοι-

85 4989 331 5063 νώνητον
360 4994 473 5057 τοῖς
502 4994 717 5061 πολλοῖς
742 5036 758 5061 ,
795 4996 1022 5062 εἰκότως
1073 4997 1458 5070 ἐξεπλήττοντο
1480 5044 1495 5068 ,
1556 5003 1680 5075 μηδ’

85 5082 383 5155 ἄνθρωπον
415 5086 579 5141 αὐτὸν
632 5088 985 5153 ὑπονοοῦντες
1043 5090 1345 5164 ὑπάρχειν;
1400 5093 1519 5159 πῶς
1569 5078 1679 5166 γάρ

84 5175 180 5229 τὸν
206 5176 345 5248 μηδὲ
391 5178 450 5232 ἐν
478 5178 637 5251 χρεία
670 5179 878 5252 τροφῆς
913 5181 1196 5254 γινόμενον
1221 5199 1235 5249 ;
1264 5183 1346 5237 διὸ
1375 5185 1471 5239 καὶ
1513 5184 1679 5256 ἄγγε-

84 5278 180 5332 λον
230 5277 600 5351 ὑπειλήφεσαν
653 5278 791 5367 εῖναι
843 5281 1033 5338 τοῦτον
1088 5285 1248 5339 αὑτὸν
1295 5263 1533 5351 ἐκεῖνον,
1586 5285 1678 5339 τὸν

82 5368 176 5433 διὰ
230 5367 324 5435 τοῦ
382 5372 667 5443 προφήτου
713 5372 1043 5446 δηλούμενον
1066 5415 1081 5441 ,
1144 5376 1284 5431 κατά
1334 5376 1397 5430 τὸ
1421 5416 1438 5441 ,
1504 5396 1523 5429 ι
1546 5376 1677 5431 Ἰδοὺ

84 5458 202 5530 ἐγὼ
256 5462 578 5518 ἀποστέλλω
630 5463 724 5520 τὸν
770 5465 1001 5537 ἄγγελόν
1060 5485 1164 5539 μου
1215 5467 1323 5541 πρὸ
1380 5469 1675 5539 προσώπου

85 5567 183 5605 σου
215 5590 230 5615 ,
317 5550 377 5616 ὃς
427 5555 834 5611 κατασκευάσει
894 5556 992 5630 τὴν
1045 5558 1163 5614 ὁδόν
1221 5575 1315 5614 σου
1368 5559 1676 5633 ἔμπροσθέν

85 5672 239 5710 σου.ι
332 5655 615 5730 Κέχρηται
673 5657 806 5730 γοῦν
852 5662 919 5733 τῇ
976 5660 1275 5734 παραθέσει
1328 5664 1423 5720 καὶ
1470 5665 1672 5741 ταύτης

85 5756 191 5816 τῆς
239 5755 462 5831 Γραφῆς
487 5757 717 5835 Μᾶρκος
770 5763 798 5816 ό
851 5759 1266 5836 εὐαγγελιστής.
1342 5765 1455 5826 Καὶ
1499 5772 1527 5826 ὁ
1556 5773 1670 5828 Σω-

1781 4625 1939 4684 cibus
1962 4624 2192 4680 locustae
2220 4632 2276 4680 et
2304 4623 2409 4679 mel
2440 4623 2744 4680 silvestre.»
2772 4621 3024 4692 Nunquid
3054 4621 3220 4691 igitur
3240 4635 3366 4676 cum

1781 4719 1982 4790 capillo
2019 4717 2239 4789 quidem
2291 4715 2595 4771 Naziraaum
2643 4712 2738 4768 Dei
2771 4714 3043 4780 viderent,
3084 4713 3200 4784 qui,
3245 4726 3369 4783 qua

1779 4806 1950 4863 Deum
1994 4805 2156 4862 facile
2184 4805 2397 4871 deceat,
2445 4805 2639 4860 faciem
2684 4810 3010 4866 ostentaret,
3053 4802 3363 4859 vestimenti

1780 4906 1963 4970 autem
1994 4897 2317 4953 inusitatum
2369 4910 2542 4969 genus
2586 4895 2863 4958 indutum,
2905 4902 3131 4966 repente
3177 4893 3365 4949 nescio

1780 4991 1924 5047 unde
1975 5006 2008 5046 e
2052 4990 2278 5046 latebris
2335 4988 2650 5046 solitudinis
2687 4988 3084 5059 prodeuntem,
3140 4995 3195 5042 et
3238 4994 3364 5057 post

1777 5082 2247 5155 praedicationem,
2296 5096 2495 5137 rursus
2539 5080 2597 5134 in
2641 5078 2993 5136 solitudinem
3040 5085 3094 5133 et
3142 5078 3200 5132 in
3233 5078 3366 5133 late-

1776 5185 1905 5242 bras
1936 5184 2305 5249 recedentem,
2356 5184 2477 5240 sine
2522 5191 2675 5253 potu,
2705 5182 2826 5238 sine
2864 5181 3011 5247 cibo,
3060 5181 3365 5237 abhorren.

1777 5294 1885 5343 tem
1914 5284 2330 5349 amultitudine,
2354 5285 2552 5340 merito
2580 5284 3068 5365 obstupescebant.
3094 5290 3148 5339 et
3166 5299 3234 5338 ne
3255 5284 3360 5339 ho-

1777 5381 1979 5437 minem
2033 5380 2255 5450 quidem
2304 5379 2459 5434 illum
2501 5394 2626 5435 esse
2671 5378 3126 5434 arbitrabantur?
3168 5378 3359 5449 quidni

1781 5473 1935 5528 illum
1982 5473 2074 5544 qui
2110 5472 2196 5528 vel
2219 5472 2371 5527 nullo
2415 5472 2540 5527 cibo
2572 5471 2877 5543 indigeret?
2916 5472 3173 5541 quocirca
3213 5486 3363 5527 emn-

1781 5563 1904 5621 dem
1948 5563 2202 5635 angelum
2246 5577 2370 5620 esse
2410 5561 2710 5619 credebant
2749 5563 2903 5617 illum
2935 5562 3113 5634 ipsum
3145 5563 3213 5618 de
3249 5579 3361 5634 quo

1779 5666 2045 5739 propheta
2075 5665 2337 5738 loquitur,
2364 5665 2494 5721 dum
2526 5664 2664 5721 dicit
2688 5683 2702 5720 :
2740 5682 2759 5717 ι
2791 5663 2930 5720 Ecce
2959 5679 3060 5735 ego
3090 5663 3247 5719 mitto
3267 5678 3360 5718 an-

1777 5780 1953 5852 gelum
1986 5783 2170 5827 meum
2216 5774 2342 5826 ante
2375 5766 2568 5826 faciem
2618 5773 2792 5833 tuam,
2823 5765 2916 5837 qui
2959 5764 3172 5838 parabit
3198 5763 3356 5855 .viam
