3836 6220
142 280 262 335 675

1059 271 1720 331 ΒΕΜΟΝΒΤΒΔΤΙΟΜΞ
1756 273 2224 331 EVANGEUCE
2263 274 2393 332 LIB.
2428 273 2533 337 ΥΧ..

3336 269 3443 328 674

142 393 303 448 κατὰ
316 390 575 449 ,διάνοιαν
608 388 985 463 θεωρουμένου
1024 390 1210 444 εἰκόνα
1234 429 1252 457 ,
1306 391 1436 465 περὶ
1476 387 1542 447 οῦ
1571 393 1754 449 διαλα-

1860 411 1880 444 ‹
1908 390 2183 448 Fluminis
2228 392 2467 461 impetus
2500 388 2741 445 laniﬁca!
2781 387 3057 445 civitatem
3078 388 3176 445 Dei
3201 390 3266 448 δ’.
3302 411 3321 445 ι
3355 391 3433 447 Si-

142 485 341 540 λοῦσιν
383 486 439 540 αἰ
465 484 682 556 Γραφαὶ
729 482 985 553 λέγουσαι
1007 500 1021 514 °
1084 484 1222 538 «Τοῦ
1277 485 1524 557 ποταμοῦ
1556 485 1626 543 τὰ
1654 488 1745 558 ὀρ-

146 579 392 651 μήματα
416 576 770 648 εὐφραίνουσι
808 574 907 648 τὴν
948 575 1102 631 πόλιν
1142 575 1237 630 τοῦ
1268 576 1460 631 Θεοῦ.»
1536 578 1744 650 Σημαί-

138 688 231 725 νει
284 670 346 724 δὲ
388 669 546 723 τοῦτο
592 669 691 740 τὴν
724 668 919 722 ἀέναον
959 668 1222 741 ἐπιρῤοὴν
1266 669 1361 723 τοῦ
1396 669 1542 723 θείου
1573 669 1745 723 Πνεύ-

144 781 329 834 ματος
348 803 363 827 ,
409 761 616 818 ἄνωθεν
644 760 982 832 πηγάζοντος
1004 803 1020 828 ,
1052 762 1148 815 καὶ
1177 760 1274 833 τὴν
1302 761 1397 815 τοῦ
1426 762 1562 816 Θεοῦ
1588 762 1742 815 πόλιν

136 855 410 927 ἅρδοντος
436 895 451 919 ,
508 853 653 909 οὕτω
712 853 1052 924 καλουμένης
1106 854 1208 923 τῆς
1237 853 1381 907 κατὰ
1424 853 1557 907 Θεὸν
1593 853 1744 905 πολι-

135 947 321 1011 τείας.
397 938 570 1010 Οὗτος
608 945 673 1017 δὴ
714 940 810 1000 οὖν
841 946 1085 1015 ποταμὸς
1109 944 1204 998 τοῦ
1252 943 1390 998 Θεοῦ
1429 946 1526 999 καὶ
1580 945 1741 1018 μέχρι

136 1039 248 1109 τῆς
284 1039 498 1111 ἐρήμου
532 1036 863 1109 κατελήλυθε
886 1078 900 1097 .
954 1036 1157 1109 δηλαδὴ
1191 1036 1292 1107 τῆς
1323 1035 1382 1102 ἐξ
1410 1037 1580 1091 ἐθνῶν
1621 1038 1743 1091 Ἕκ-

136 1130 386 1202 κλησίας
408 1169 423 1194 ,
467 1131 562 1184 καὶ
609 1128 780 1201 ταύτῃ
829 1128 938 1183 τῶν
986 1131 1045 1183 ἐν
1074 1127 1226 1200 αὐτῷ
1268 1128 1515 1193 ζωτικῶν
1562 1129 1741 1200 ναμά-

134 1240 257 1277 των
288 1223 461 1277 εἰσέτι
504 1222 599 1276 νῦν
629 1223 968 1295 ἐπιχορηγεῖ.
1026 1221 1172 1292 Πρὸς
1210 1219 1421 1285 τούτοις
1467 1223 1501 1293 ἡ
1537 1239 1743 1295 προφη-

135 1310 269 1369 εἷα
324 1316 393 1387 τῇ
457 1312 761 1386 δηλωθείσῃ
815 1312 1011 1385 ἐρήμῳ
1059 1310 1385 1382 δοθήσεσθαι
1439 1328 1571 1381 φησι
1642 1312 1740 1385 τὴν

134 1406 306 1474 δόξαν
347 1405 445 1459 τοῦ
492 1404 729 1459 Λιϐάνου
754 1443 769 1468 ,
824 1405 918 1457 καὶ
948 1403 1049 1475 τὴν
1078 1403 1243 1474 τιμὴν
1284 1402 1379 1457 τοῦ
1412 1403 1736 1475 Καρμήλου.

135 1498 242 1563 Τίς
296 1498 342 1552 δ’
388 1499 538 1552 ἔστιν
590 1498 626 1570 ἡ
666 1496 793 1564 δόξα
845 1494 938 1549 τοῦ
991 1494 1209 1549 λιϐάνου
1250 1494 1282 1566 ἢ
1325 1499 1359 1567 ἡ
1391 1496 1480 1551 διὰ
1517 1495 1737 1562 θυσιῶν,

134 1589 297 1646 κατὰ
321 1588 415 1643 τὸν
452 1588 731 1653 Μωῦσέως
778 1587 944 1659 νόμον
968 1626 983 1651 ,
1030 1587 1425 1660 ἐπιτελουμένη
1473 1588 1736 1661 λατρείας

134 1678 211 1750 ῆν
260 1678 741 1751 παραιτησάμενος
770 1680 801 1732 6
850 1677 985 1742 Θεὸς
1018 1678 1109 1733 διὰ
1159 1678 1260 1749 τῆς
1297 1678 1568 1751 λεγούσης
1607 1696 1739 1752 προ-

1846 484 2074 555 gniﬁcat
2114 500 2284 555 porro
2338 484 2450 539 hoc
2495 489 2817 555 perpetuam
2858 480 3222 541 inﬂuxionem
3267 483 3440 541 divini

1846 576 2112 646 Spiritus,
2132 575 2227 646 qui
2269 574 2506 645 desuper
2538 573 2789 638 inundat,
2823 581 2878 629 et
2916 572 3013 631 Dei
3044 574 3325 635 civitatem
3361 576 3441 630 ir,-

1844 669 2008 738 rigat,
2062 668 2144 724 sic
2185 675 2366 723 autem
2400 674 2632 722 vocatur
2662 666 2791 721 vitae
2832 681 3030 736 genus.
3084 667 3208 735 ejus
3251 682 3376 737 qua:
3405 683 3438 729 α

1844 759 1958 816 Deo
1990 760 2268 831 dirigitur.
2302 759 2405 815 ilic
2432 760 2600 829 igitur
2624 759 2720 814 Dei
2748 756 2953 814 ﬂuvius
2982 774 3159 829 usque
3205 760 3272 819 ad
3304 761 3439 816 soli.-

1842 852 2091 908 tudinem
2139 854 2394 919 devenit,
2448 854 2733 911 collectam
2783 850 3041 907 videlicet
3069 852 3139 908 de
3184 854 3441 924 gentibus

1843 943 2149 1000 Ecclesiam
2169 965 2182 1000 :
2202 953 2256 1000 et
2282 946 2412 1001 huic
2439 961 2579 1017 quas
2602 948 2657 999 in
2682 962 2743 1001 se
2763 945 2888 1015 ipso
2919 944 3083 1001 habet
3106 961 3280 1017 aquas
3299 948 3439 1005 vita-

1843 1033 1927 1092 les
1963 1037 2130 1092 etiam
2170 1053 2320 1094 nunc
2348 1038 2566 1093 abunde
2599 1039 2854 1109 largitur.
2882 1036 3083 1093 Postea
3120 1039 3264 1095 idem
3297 1041 3438 1097 vati.-

1842 1130 2049 1184 einium
2094 1130 2272 1186 eidem
2329 1132 2618 1188 solitudini
2667 1133 2817 1187 canit
2848 1130 3040 1186 datum
3090 1132 3158 1187 iri
3203 1133 3434 1201 gloriam

1845 1223 2062 1289 Libani,
2094 1232 2150 1279 et
2174 1224 2442 1280 honorem
2472 1225 2713 1281 Carmeli
2744 1244 2757 1279 :
2786 1225 2881 1280 sed
2913 1241 3166 1296 quaenam
3197 1234 3285 1282 est
3312 1227 3434 1297 εἰει,

1840 1313 1921 1367 ria
1950 1313 2186 1370 Carmeli
2215 1315 2326 1371 nisi
2362 1316 2412 1371 is
2438 1315 2533 1385 qui
2564 1331 2631 1369 ex
2662 1316 2782 1385 lege
2822 1314 2990 1370 Musis
3033 1331 3131 1385 per
3161 1314 3434 1373 sacriﬁcia

1840 1407 2225 1463 celebrabatur
2264 1408 2447 1463 ritus?
2479 1424 2640 1479 quem
2674 1408 2769 1463 ubi
2808 1408 3119 1478 repudiavit
3152 1409 3297 1465 Deus
3336 1425 3436 1480 per

1839 1515 1959 1555 eam
1996 1502 2341 1571 prophetiam
2371 1517 2493 1571 quae
2517 1502 2593 1554 ait
2621 1521 2633 1556 :
2671 1520 2691 1553 ι
2718 1502 2832 1556 Cur
2871 1502 3007 1557 mihi
3036 1502 3165 1557 thus
3191 1501 3261 1557 de
3288 1501 3433 1559 Saba

1841 1592 2082 1650 a-t'fertis‘?
2107 1600 2161 1647 et
2194 1592 2327 1663 quid
2378 1593 2512 1647 mihi
2552 1592 2849 1648 multitudo
2893 1593 3291 1648 sacriﬁciorum
3338 1610 3436 1649 ve,

1840 1694 2083 1745 strorum
2108 1684 2189 1737 ‘3?
2222 1704 2241 1736 ι
2268 1684 2323 1737 in
2349 1683 2703 1739 solitudinem
2723 1681 2985 1739 Iordanis
3007 1684 3290 1739 transtulit
3316 1684 3435 1754 glow

138 1772 416 1844 φητείας,
482 1790 507 1824 ‹
540 1772 656 1831 Ἵνα
708 1772 763 1832 τί
805 1789 894 1843 μοι
944 1772 1179 1828 Λίόανον
1216 1774 1283 1827 ἐκ
1317 1772 1468 1827 Σαϐὰ
1505 1751 1734 1845 φέρετες

1842 1778 1979 1831 riam
2012 1775 2342 1841 Jerusalem,
2391 1783 2684 1846 postquam
2743 1777 2885 1831 ratio
2932 1777 3021 1847 pie
3069 1751 3434 1848 religioseque

135 1866 242 1919 καὶ
295 1865 349 1918 τί
400 1882 492 1937 μοι
544 1864 750 1935 πλῆθος
800 1864 908 1918 τῶν
947 1863 1144 1920 θυσιῶν
1188 1865 1383 1937 ὑμῶν;
1418 1886 1437 1919 ι
1508 1867 1602 1919 ἐπὶ
1640 1867 1738 1939 τὴν

136 1956 353 2030 ἔρημον
407 1957 506 2012 τοῦ
574 1957 842 2028 Ἰορδάνου
904 1957 1246 2030 μετατέθηκε
1292 1957 1389 2030 τὴν
1443 1958 1601 2026 δόξαν
1636 1960 1736 2031 τῆς

147 2048 518 2129 Ἰερουσαλὴμ
545 2089 561 2114 ,
599 2051 699 2121 τῆς
737 2050 857 2105 κατ’
907 2051 1189 2106 εύσέὸειαν
1224 2052 1451 2123 ἀγωγῆς
1486 2054 1589 2107 οὐκ
1644 2055 1737 2108 ἐπὶ

150 2142 550 2215 Ἰερουσαλὴμ,
614 2142 731 2196 ἀλλ’
787 2143 880 2195 ἐπὶ
937 2144 1038 2215 τῆς
1097 2145 1305 2217 ἐρήμου
1366 2146 1735 2200 συντελεῖσθαι

136 2235 463 2309 ἀρξαμένης
514 2234 623 2290 ἀπὸ
680 2235 791 2289 τῶν
840 2236 1086 2291 Ἰωάννου
1127 2237 1354 2309 χρόνων.
1463 2237 1735 2303 Ὡσαύτως

135 2330 201 2383 δὲ
239 2330 336 2383 καὶ
389 2330 422 2401 ἡ
460 2328 596 2401 τιμὴ
646 2328 742 2381 τοῦ
780 2328 946 2401 νόμου
975 2370 990 2393 ,
1031 2329 1139 2383 τῶν
1172 2347 1232 2383 τε
1268 2330 1389 2385 κατ’
1428 2330 1592 2384 αὐτὸν
1632 2347 1735 2383 σω·-

142 2418 521 2493 ματικώτερον
558 2418 1065 2491 νενομοθετημένων
1086 2420 1293 2475 δέδοται
1318 2424 1385 2492 τῇ
1417 2422 1610 2494 ἐρήμῳ
1636 2420 1732 2474 τοῦ

152 2511 429 2583 Ἰορδάνου
487 2511 576 2566 διὰ
610 2512 709 2584 τὴν
749 2510 1101 2567 ἀποδοθεῖσαν
1140 2513 1352 2579 αίτίαν,
1422 2514 1503 2567 ὅτι
1540 2514 1732 2585 μηκέτ’

139 2602 241 2654 ἐπὶ
276 2603 377 2675 τὴν
425 2602 783 2674 Ἰερουσαλὴμ
815 2602 1194 2674 προσέφευγον
1231 2605 1280 2657 ot
1317 2604 1417 2674 τῆς
1455 2605 1596 2659 κατὰ
1632 2604 1733 2675 ψυ-

138 2693 248 2766 χὴν
284 2692 583 2765 θεραπείας
620 2694 864 2766 δεόμενοι
886 2733 902 2758 ,
964 2694 1100 2748 ἀλλὰ
1139 2694 1232 2748 ἐπὶ
1262 2696 1362 2769 τὴν
1394 2696 1730 2767 ὀνομαζομέ-

138 2800 244 2854 νην
282 2783 513 2855 ερημον,
536 2786 633 2857 τῆς
669 2787 728 2843 ἐν
748 2787 885 2859 αὐτῇ
915 2787 1328 2860 κηρυττομένης
1356 2788 1602 2857 ἀφέσεως
1622 2789 1730 2842 τῶν

140 2878 566 2949 ἁμαρτημάτων
600 2878 809 2933 ἕνεκεν.
884 2876 1053 2952 Οἶμαι
1098 2880 1157 2933 δὲ
1210 2880 1304 2934 καὶ
1337 2881 1434 2934 τοῦ
1479 2881 1731 2953 Σωτῆρος

141 2969 307 3039 ἡμῶν
361 2969 461 3040 τὴν
513 2971 608 3024 ἐπὶ
666 2971 726 3024 τὸ
769 2971 1050 3043 βάπτισμα
1100 2973 1403 3044 παρουσίαν
1441 2972 1730 3044 δηλοῦσθαι

138 3061 234 3114 διὰ
266 3062 361 3115 τοῦ
380 3104 394 3127 ,
439 3081 457 3113 ι
482 3062 591 3116 Καὶ
626 3065 656 3117 6
684 3062 809 3126 λαός
846 3080 946 3134 μου
964 3063 1157 3132 ὄψεται
1186 3063 1284 3135 τὴν
1314 3062 1469 3128 δόξαν
1497 3063 1727 3137 Κυρίου,

140 3152 241 3205 καὶ
298 3150 359 3205 τὺ
416 3151 548 3221 ὕψος
602 3152 696 3206 τοῦ
734 3152 893 3207 Θεοῦ.
944 3172 963 3206 ι
996 3154 1130 3207 Τότε
1166 3152 1276 3225 γὰρ
1311 3154 1404 3207 καὶ
1437 3152 1594 3225 ὤφθη
1632 3152 1728 3207 τοῦ

142 3243 400 3315 Σωτῆρος
432 3242 592 3314 ἡμῶν
633 3247 667 3315 ἡ
694 3243 840 3311 δόξα,
864 3244 955 3297 ὅτε
995 3243 1311 3315 βαπτισθεὶς
1348 3264 1367 3297 ι
1416 3244 1581 3317 ἀνέϐη
1622 3246 1730 3299 άπὸ

138 3333 240 3389 τοῦ
276 3334 469 3400 ὓδατος
492 3376 509 3402 ,
549 3338 643 3391 καὶ
681 3336 1035 3407 ἀνεῴχθησαν
1072 3335 1223 3407 αὐτῷ
1259 3338 1308 3391 ot
1349 3337 1599 3409 οὐρανοὶ,
1638 3338 1731 3391 καὶ

139 3424 253 3482 εἶδε
286 3428 348 3481 τὺ
384 3430 609 3501 Πνεῦμα
643 3428 738 3484 τοῦ
775 3427 909 3482 Θεοῦ
944 3428 1272 3483 καταόαῖνον
1310 3430 1443 3484 ὡσεὶ
1480 3446 1732 3501 περιστε-

140 3521 245 3592 ράν
270 3561 286 3584 ,
327 3523 419 3575 καὶ
461 3522 620 3594 μένον
656 3523 742 3575 ἐπ’
778 3522 937 3576 αὐτόν
969 3539 983 3552 '
1028 3542 1046 3573 ι
1073 3523 1163 3575 ὅτε
1204 3522 1295 3576 καὶ
1333 3523 1485 3595 φωνὴ
1524 3526 1588 3576 ἐκ
1621 3524 1731 3579 τῶν

134 3610 385 3682 οὐρανῶν
425 3611 667 3684 ἠκούσθη
706 3611 939 3680 λέγουσα
963 3626 979 3644 ο
1092 3631 1112 3664 ι
1149 3606 1318 3675 Οὗτός
1352 3615 1497 3667 ἐστιν
1534 3616 1564 3667 6
1602 3615 1731 3679 Υἱός

141 3722 249 3775 μου
283 3706 313 3758 6
346 3705 630 3775 ἀγαπητὸς
660 3745 673 3768 ,
714 3707 772 3759 ἐν
809 3700 853 3773 ᾧ
890 3707 1189 3778 ηὐδόκησα.
1225 3726 1245 3759 ι
1302 3705 1463 3760 ’Δλλὰ
1499 3708 1593 3760 καῖ⁵
1623 3710 1730 3774 πᾶς

135 3795 169 3847 6
226 3797 467 3868 γνησίως
502 3796 596 3849 ἐπὶ
628 3796 690 3849 τὸ
720 3795 816 3849 τοῦ
856 3797 1084 3869 λουτροῦ
1123 3797 1334 3870 παριὼν
1390 3801 1687 3871 μυστήριον
1712 3841 1727 3864 ,

134 3888 239 3960 τὴν
277 3889 405 3960 περὶ
436 3889 531 3943 τοῦ
558 3889 795 3962 Χριστοῦ
822 3889 1156 3963 παραλαϐὼν
1182 3891 1461 3961 θεολογίαν
1479 3934 1493 3956 ,
1522 3894 1633 3964 τὴν
1653 3893 1731 3947 δό-

136 3981 240 4047 ξαν
278 3980 443 4035 αὐτοῦ
483 3982 735 4037 θεάσεται
755 4022 770 4046 ,
830 3982 1002 4050 λέξων
1040 3983 1106 4036 ἂν
1142 3984 1344 4054 ὁμοίως
1381 3984 1461 4056 τῷ
1498 3985 1725 4057 Παύλῳ·

141 4094 160 4125 ι
196 4075 263 4127 Et
318 4075 413 4129 καὶ
468 4074 788 4151 ἐγνώκαμεν
848 4076 988 4131 κατὰ
1030 4076 1208 4149 σάρκα
1245 4077 1479 4149 Χριστὸν
1506 4118 1523 4143 ,
1593 4078 1729 4133 ἀλλὰ

134 4164 235 4220 νῦν
273 4165 455 4220 οὐκέτι
491 4165 854 4236 γινώσκομεν.
888 4185 910 4218 ›

145 4280 284 4336 Ἄπὸ
329 4280 438 4336 τοῦ
474 4281 722 4351 ψαλμοῦ
764 4285 821 4350 ιι.
850 4281 1072 4347 -Περί
1102 4280 1208 4336 τοῦ
1236 4282 1387 4351 μετὰ
1412 4281 1729 4352 ,βάπτισμα

523 4352 854 4421 πειρασμοῦ
895 4352 1001 4405 τοῦ
1047 4353 1333 4419 Χριστοῦ.

1839 1870 2055 1926 vivendi
2095 1886 2208 1925 non
2239 1872 2296 1925 in
2322 1868 2652 1935 Ierusalem,
2689 1872 2784 1926 sed
2818 1871 2874 1925 in
2917 1871 3140 1927 deserto
3162 1885 3433 1927 consume

1838 1962 1979 2016 mari
2014 1969 2196 2033 empta
2236 1970 2348 2028 est,
2380 1963 2528 2033 quod
2575 1962 2834 2018 videlicet
2868 1963 3069 2019 accidit
3102 1971 3228 2034 post
3254 1962 3429 2021 Joanv

1836 2052 1925 2107 nis
1958 2059 2229 2123 tempora.
2258 2052 2439 2109 Simili
2486 2053 2726 2116 ratione.
2765 2053 2934 2108 etiam
2966 2053 3146 2109 honor
3175 2054 3314 2125 legis
3372 2062 3429 2113 et

1835 2159 2024 2198 eorum
2052 2159 2175 2214 quae
2205 2144 2261 2198 in
2285 2144 2404 2215 lege
2430 2143 2785 2214 corporalius
2809 2143 3024 2201 saucita
3050 2153 3201 2209 sunt,
3233 2140 3430 2197 Jorda-

1836 2236 1922 2289 nis
1951 2235 2235 2291 solitudini
2277 2235 2439 2291 datus
2476 2244 2584 2301 est,
2618 2243 2844 2306 propter
2892 2235 3143 2291 eamdem
3175 2248 3426 2299 causam,

1834 2329 2094 2397 quoniam
2138 2344 2248 2384 non
2303 2329 2542 2400 amplius
2576 2328 2631 2382 in
2665 2327 2974 2384 Jerusalem
3009 2326 3427 2398 confugiebant,

1836 2420 1927 2489 qui
1974 2421 2278 2476 curationis
2335 2420 2659 2490 indigebant
2717 2419 2840 2489 ejus
2890 2433 3014 2489 qua:
3056 2417 3126 2477 ad
3181 2418 3427 2475 animum

1835 2512 2095 2583 pertinet,
2121 2512 2219 2568 sed
2252 2512 2307 2566 in
2338 2512 2394 2567 id
2429 2511 2575 2582 quod
2618 2510 2938 2565 nominatur
2960 2510 3265 2571 desertum,
3293 2523 3426 2578 pro.

1834 2612 1956 2675 pter
1997 2622 2116 2660 eam
2154 2621 2277 2676 quae
2331 2604 2387 2658 in
2446 2604 2541 2657 illo
2585 2603 2989 2674 prmdicabatur
3040 2601 3425 2659 remissionem

1833 2704 2207 2772 peccatorum.
2241 2694 2382 2749 Puto
2420 2695 2586 2749 etiam
2642 2692 2948 2748 Salvatoris
2986 2691 3165 2747 nostri
3214 2690 3283 2749 ad
3328 2690 3427 2744 bac

1833 2789 2093 2860 ptismum
2130 2803 2419 2844 accessum
2454 2786 2755 2858 signiﬁca-ri
2784 2786 2896 2841 illis
2921 2785 3103 2839 verbis
3134 2802 3201 2838 ιι
3239 2781 3426 2851 Etpo-

1831 2881 1994 2951 pnlus
2028 2895 2186 2936 meus
2213 2881 2421 2936 videbit
2459 2880 2691 2950 gloriam
2726 2878 2968 2944 Domini,
3000 2886 3055 2933 et
3078 2876 3423 2933 altitudinem

1834 2972 1930 3028 Dei
1964 2991 1979 3041 ;
2011 2996 2033 3025 ι
2066 2981 2195 3028 tunc
2226 2974 2372 3026 enim
2401 2974 2522 3027 visa
2570 2981 2657 3027 est
2692 2970 2994 3026 Salvatoris
3023 2971 3199 3025 nostri
3223 2968 3424 3039 gloria,

1837 3083 1855 3116 ι
1894 3079 2019 3119 cum
2048 3065 2296 3120 ascendit
2328 3063 2396 3118 de
2426 3078 2589 3134 aqua,
2622 3071 2679 3117 et
2709 3061 2759 3117 ei
2795 3063 2969 3132 aperti
3016 3069 3147 3117 sunt
3178 3059 3328 3126 cteli,
3367 3064 3423 3115 et

1833 3155 1968 3209 vidit
2002 3155 2256 3225 spiritum
2293 3152 2387 3209 Dei
2415 3154 2841 3209 descendentem
2876 3153 3040 3222 quasi
3079 3150 3417 3216 columbam,

1830 3253 1885 3301 et
1916 3253 2226 3301 manentem
2255 3261 2423 3316 super
2443 3245 2588 3301 eo".
2614 3264 2634 3295 ι
2661 3245 2800 3300 Cum
2824 3259 2927 3298 vox
2942 3257 3162 3314 quoque
3181 3242 3251 3297 de
3279 3240 3422 3301 eozlo

1832 3340 2017 3395 att-(lita
2058 3347 2163 3401 est,
2191 3338 2419 3393 dicens:
2451 3358 2471 3390 ι
2505 3337 2605 3391 llic
2642 3346 2727 3394 est
2750 3336 2924 3393 Filius
2969 3350 3128 3391 meus
3157 3317 3416 3397 dilectus,

1832 3432 1887 3487 in
1928 3446 2039 3501 quo
2080 3429 2213 3484 mihi
2242 3429 2549 3499 complacui
2573 3429 2641 3483 ⁸ο.
2676 3448 2695 3483 ι
2746 3426 2853 3483 Sed
2893 3427 3059 3482 etiam
3101 3428 3421 3497 quicunque

1834 3524 2073 3593 legitime
2100 3520 2167 3576 ad
2205 3522 2405 3576 lavacri
2440 3522 2766 3592 mysterium
2803 3520 3036 3587 accedit,
3078 3520 3173 3576 ubi
3206 3519 3421 3575 theoto-

1831 3618 1973 3686 giam
2022 3616 2090 3670 de
2135 3615 2359 3670 Christo
2403 3616 2700 3686 acceperit,
2749 3616 2980 3686 gloriam
3023 3615 3143 3682 ejus
3174 3614 3421 3673 intuebit-

1831 3719 1941 3774 tur,
1973 3718 2178 3764 etcum
2221 3707 2395 3763 Paulo
2430 3709 2617 3763 dicere
2659 3708 2860 3779 poterit
2888 3727 2901 3763 :
2932 3727 2951 3758 ι
3001 3708 3119 3763 Etsi
3152 3706 3417 3777 cognovi-

1832 3820 1952 3859 mus
1994 3802 2295 3858 secundum
2329 3815 2553 3855 carnem
2587 3799 2896 3865 Christum,
2939 3805 2997 3857 at.
3043 3814 3195 3857 nunc
3226 3805 3412 3858 tamen

1832 3910 1939 3951 non
1975 3896 2212 3965 amplius
2240 3895 2629 3965 cognoscimus
2648 3894 2718 3949 σί.
2747 3912 2766 3947 ι

1824 4279 1986 4352 433
2025 4279 2069 4333 Α
2106 4280 2313 4350 psalmo
2359 4295 2447 4335 xc.
2482 4280 2656 4363 -ρε
2690 4279 2896 4335 Christi
2929 4289 3047 4349 post
3087 4278 3408 4349 baptismum

2466 4361 2771 4406 tentatiouc.

210 4485 231 4517 ι
285 4466 343 4519 '0
377 4464 645 4519 κατοικῶν
678 4466 757 4528 ἐν,
777 4465 997 4539 βοηθείᾳ
1027 4465 1122 4520 τοῦ
1160 4467 1439 4538 Ὑψίστου.
1459 4468 1516 4520 ἐν
1550 4469 1727 4542 σκέπῃ

1911 4485 1929 4517 ι
1972 4464 2076 4532 Qui
2118 4466 2327 4521 habitat
2365 4468 2421 4521 in
2454 4466 2733 4536 adjutorio
2772 4466 3040 4521 Altissimi
3068 4506 3082 4530 ,
3124 4465 3178 4519 in
3222 4474 3408 4534 prote-

129 4559 228 4614 τοῦ
273 4557 408 4611 Θεοῦ
454 4558 682 4631 ούρανοῦ
728 4560 1137 4633 αὑλισθήσεται.
1184 4560 1335 4633 Ἐρεῖ
1383 4561 1462 4633 τῷ
1494 4561 1717 4633 Κυρίῳ·

143 4648 519 4721 Ἀντιλήπτωρ
563 4667 664 4721 μου
708 4647 778 4716 εἴ,
815 4651 908 4704 καὶ
950 4653 1239 4724 καταφυγή
1293 4670 1415 4723 μου.
1481 4652 1539 4705 'O
1590 4652 1722 4717 Θεός

132 4758 238 4812 μου
267 4739 459 4814 βοηθός
491 4759 613 4812 μου,
646 4742 741 4795 καὶ
777 4741 947 4796 ἐλπιῶ
982 4743 1070 4795 ἐπ’
1095 4743 1287 4796 αὐτόν·
1325 4745 1404 4796 ὅτι
1434 4743 1594 4807 αὐτὸς
1622 4742 1719 4815 ῥύ-

131 4834 290 4888 σεταί
334 4850 401 4904 με
445 4835 509 4886 ἐκ
549 4834 779 4903 παγίδος
823 4834 1125 4905 θηρευτῶν,
1162 4836 1256 4888 καὶ
1288 4835 1397 4889 ἀπὸ
1437 4835 1594 4904 λόγου
1633 4851 1720 4889 τα-

133 4923 434 4997 ραχώδους.
492 4924 580 4978 Ἐν
618 4927 733 4988 τοῖς
775 4926 1130 4998 μεταφρένοις
1171 4925 1365 4980 ἑαυτοῦ
1408 4926 1717 4979 ἐπισκιάσει

128 5035 237 5082 σοι,
274 5016 381 5070 ὑπὸ
410 5017 507 5082 τὰς
532 5018 805 5089 πτέρυγας
834 5017 997 5071 αὐτοῦ
1024 5018 1247 5082 ἐλπιεῖς.
1287 5018 1476 5089 Ὄπλῳ
1505 5018 1718 5071 κυκλώ-

128 5127 215 5163 σει
267 5124 329 5162 cs
378 5111 412 5180 ἠ
461 5109 685 5181 ἀλήθεια
734 5108 920 5173 αὐτοῦ,
962 5111 1024 5163 ού
1075 5109 1360 5183 φοϐηθήσῃ
1399 5109 1506 5163 ἀπὸ
1548 5107 1714 5179 φόϐου

126 5201 468 5271 νυκτερινοῦ,
522 5202 632 5256 ἀπὸ
691 5201 876 5272 βέλους
934 5202 1249 5273 πετωμένου
1313 5201 1543 5274 ἡμέρας,
1607 5200 1715 5254 ἀπὸ

126 5292 455 5366 πράγματος
494 5291 946 5364 διαπορευομένου
986 5294 1045 5344 ἐν
1079 5291 1277 5357 σκότει,
1318 5293 1426 5346 ἀπὸ
1461 5293 1714 5366 συμπτώ-

1826 4560 2013 4613 ctione
2028 4557 2125 4612 Dei
2155 4558 2280 4612 caeli
2312 4559 2765 4613 commorabitur.
2796 4556 2949 4611 Dicet
2971 4555 3204 4611 Domino
3230 4573 3242 4609 :
3270 4555 3409 4609 διιε-

1823 4660 2014 4721 ccptor
2058 4666 2214 4705 meus
2259 4666 2354 4715 es,
2387 4660 2441 4705 et
2470 4649 2745 4720 refugium
2799 4664 3021 4716 meum,
3068 4647 3213 4703 Dens
3253 4662 3409 4701 meus

1824 4744 2044 4814 adiutor
2085 4759 2277 4805 meus,
2313 4751 2370 4798 et
2413 4744 2647 4814 sperabo
2673 4745 2726 4798 in
2782 4759 2904 4798 eum
2938 4761 2950 4798 :
2989 4742 3249 4813 quoniam
3290 4740 3409 4810 ipse

1828 4835 2087 4890 liberabit
2120 4851 2206 4890 me
2245 4834 2313 4890 de
2348 4835 2545 4906 laqueo
2579 4842 2901 4888 venatorum
2924 4875 2937 4896 ,
2972 4841 3025 4888 et
3057 4833 3127 4887 ab
3158 4832 3410 4888 oratione

1827 4925 2166 4979 turbulenta.
2216 4923 2272 4977 ln
2326 4925 2567 4995 scapulis
2620 4924 2736 4980 suis
2780 4922 3137 4978 obumbrabit
3188 4922 3322 4987 tibi,
3352 4928 3407 4977 et

1826 5017 1930 5072 sub
1959 5018 2062 5071 alis
2091 5016 2213 5086 ejus
2265 5019 2534 5087 sperabis.
2578 5015 2748 5071 Scuto
2812 5015 3179 5070 circumdabit
3215 5021 3273 5075 te
3310 5028 3405 5093 re.

1824 5110 1963 5165 ritas
1995 5109 2116 5179 ejus
2140 5148 2157 5174 ,
2189 5125 2300 5163 non
2335 5109 2555 5164 timebis
2588 5123 2618 5161 a
2655 5110 2856 5162 timore
2895 5114 3203 5168 nocturno,
3247 5119 3278 5158 ιι
3318 5119 3407 5159 sa-

1824 5204 1959 5274 gitta
1993 5202 2211 5256 volante
2262 5202 2320 5256 in
2370 5201 2491 5269 die,
2540 5216 2570 5255 a
2619 5201 2841 5272 negotio
2889 5198 3307 5270 perambulante
3346 5198 3405 5252 in

1821 5297 2097 5361 tenebris,
2137 5295 2206 5350 ab
2236 5295 2499 5361 incursu,
2535 5302 2589 5350 et
2623 5293 2896 5349 daemonio
2928 5292 3260 5347 meridiano.
3298 5290 3407 5344 Ca-

128 5399 323 5456 ματος,
353 5385 449 5438 καὶ
471 5384 749 5457 δαιμονίου
796 5383 1191 5461 μεημόρινοῦ.
1217 5385 1473 5439 Πεσεῖται
1514 5388 1580 5441 ἐκ
1610 5387 1707 5440 τοῦ

1829 5391 1947 5445 ient
1981 5404 2009 5443 a
2047 5390 2220 5444 latere
2254 5397 2350 5443 tuo
2384 5388 2565 5452 mille,
2601 5397 2655 5443 et
2690 5387 2880 5443 decem
2913 5386 3088 5440 millia
3127 5399 3156 5439 a
3185 5383 3404 5440 dextris

124 5477 346 5542 κλίτους
379 5494 472 5531 σου
505 5477 700 5549 χιλιὰς,
739 5477 834 5530 καὶ
864 5475 1061 5547 μυριὰς
1094 5477 1159 5529 ἐκ
1190 5476 1378 5543 δεξιῶν
1406 5496 1499 5532 σου
1526 5496 1538 5509 ·
1571 5480 1709 5552 πρὸς

126 5569 190 5622 σὲ
214 5567 272 5621 δὲ
316 5569 416 5623 οὐκ
442 5573 633 5640 ἐγγιεῖ.
659 5570 805 5642 Πλὴν
844 5569 955 5629 τοῖς
989 5568 1284 5641 ὀφθαλμοῖς
1317 5587 1410 5622 σου
1444 5574 1710 5644 κατανοή-

200 5750 247 5781 ⁵⁷
284 5748 412 5804 Psal
465 5766 604 5815 xu,
637 5751 689 5807 5.
765 5752 809 5784 “
847 5750 958 5809 Jer.
993 5767 1082 5821 vn,
1111 5750 1201 5807 20.
1279 5751 1324 5783 δ’
1366 5750 1531 5805 Marc.
1572 5769 1624 5818 ι,
1663 5753 1753 5811 l0.

1818 5481 1970 5536 tuis:
2027 5480 2094 5534 ad
2141 5488 2195 5535 te
2244 5489 2426 5534 autem
2469 5493 2578 5533 non
2625 5477 3113 5549 appropinquabit.
3166 5473 3403 5531 Verum-

1817 5582 1997 5628 tamen
2044 5573 2222 5628 oculis
2270 5573 2382 5628 tuis
2424 5572 2842 5637 considerabis,
2886 5583 2940 5625 et
2978 5570 3401 5629 retributionem

1830 5753 1876 5785 '°
1921 5752 2107 5807 Matth.
2148 5768 2243 5818 ιιι,
2280 5749 2370 5808 l7.
2448 5753 2492 5785 ⁵¹
2535 5751 2576 5806 ιι
2608 5752 2737 5809 Cor.
2776 5769 2843 5816 ν,
2882 5751 2969 5807 16.
