3836 6220
455 261 566 322 675

1089 257 1362 316 EUSEBII
1394 233 1874 317 CESARIENSIS
1910 257 2065 317 OPP.
2104 258 2305 317 PARS.
2339 259 2405 317 ll.
2443 291 2515 303 —
2553 256 3057 319 APOLOGETICA.

3619 264 3697 317 οτι

453 385 809 453 peccatorum
847 372 1103 431 videbis:
1174 373 1438 445 quoniam
1486 380 1579 438 tu,
1624 371 1856 428 Domine
1914 387 2030 442 sper

2142 391 2275 439 σεις,
2310 374 2406 428 καὶ
2437 372 2794 428 ἀνταπόδοσιν
2816 372 3157 448 ἁμαρτωλῶν
3187 372 3310 445 δψει
3328 389 3346 404 ·
3378 373 3465 429 δτι
3498 377 3583 441 σὺ,
3611 378 3698 431 Κύ-

457 486 602 536 mea,
637 469 981 525 Altissimum
1014 467 1251 539 posuisti
1280 465 1549 538 refugium
1584 474 1762 521 tuum.
1795 462 1914 521 Non
1949 480 2041 521 ac-

457 565 659 621 cedent
688 562 758 618 ad
790 569 845 617 te
874 561 1040 625 mala,
1075 568 1130 614 et
1159 558 1431 632 ﬂagellum
1451 573 1560 614 non
1583 557 2041 629 appropinquabit

454 654 814 713 tabernaculo
855 661 993 707 tuo:
1035 652 1299 723 quoniam
1346 651 1558 722 angelis
1600 651 1720 708 suis
1763 650 2041 705 mandavit

454 747 527 803 de
574 754 663 811 te,
716 751 776 798 ut
823 744 1136 799 custodiant
1172 754 1225 798 te
1263 744 1319 798 in
1362 744 1620 799 omnibus
1662 744 1767 801 viis
1808 746 1939 800 tuis.
1978 744 2038 799 ln

455 840 712 896 manibus
742 837 1037 909 portabunt
1078 844 1168 902 te,
1202 852 1273 892 ne
1321 836 1464 893 forte
1510 836 1760 894 oliendas
1790 837 1857 892 ad
1900 838 2039 910 lapi-

453 932 577 988 dem
625 931 816 1001 pedem
872 937 1050 983 tuum.
1104 927 1285 999 Super
1325 928 1572 1001 aspidem
1615 937 1671 986 et
1717 930 2038 986 basiliscum

455 1023 786 1084 ambulabis.
815 1030 872 1077 et
900 1023 1262 1079 conculcabis
1289 1023 1501 1079 leonem
1531 1031 1587 1078 et
1611 1022 1911 1080 draconem
1933 1024 2032 1076 η.»

455 1111 709 1169 Salvator
734 1118 790 1167 et
822 1111 1085 1167 Dominus
1124 1120 1313 1166 noster
1342 1111 1505 1169 Jcsus
1532 1112 1626 1183 qui
1654 1111 1915 1169 Christus
1942 1110 2038 1167 Dei

451 1212 571 1268 est,
601 1204 731 1259 dum
761 1212 1038 1274 quatenus
1066 1203 1234 1258 homo
1263 1203 1444 1261 factus
1473 1212 1558 1260 est
1580 1244 1596 1268 ,
1627 1205 2036 1271 consideratur,

452 1298 707 1354 habitans
735 1296 939 1352 dicitur
967 1298 1022 1352 in
1052 1296 1330 1367 adiutorio
1356 1296 1625 1353 Altissimi
1651 1335 1667 1362 ,
1699 1307 1887 1368 utpote
1911 1312 2037 1353 cum

450 1389 508 1444 in
537 1391 879 1461 protectione
908 1387 1002 1445 Dei
1033 1395 1089 1443 et
1118 1388 1302 1445 Patris
1329 1399 1720 1445 commoretur.
1746 1388 1847 1446 llic
1871 1391 2040 1461 igitur

450 1500 622 1539 unum
659 1482 874 1538 Patrem
904 1499 1010 1539 nec
1038 1484 1206 1538 alium
1240 1489 1505 1554 praeterea
1539 1482 1854 1553 quempiam
1878 1522 1895 1546 ,
1927 1497 2038 1553 quo

449 1586 699 1648 tempore
728 1592 759 1630 a
790 1576 1013 1633 diabolo
1042 1583 1289 1631 tentatus
1317 1582 1403 1631 est
1424 1614 1439 1638 ,
1473 1573 1783 1645 perfugium
1813 1582 2034 1639 nactus,

448 1671 716 1725 Lberatns
741 1676 827 1724 est
853 1670 985 1723 olim
1016 1668 1085 1723 de
1111 1667 1324 1738 laqueis
1354 1666 1766 1721 adversantium
1795 1675 2040 1737 potesta-

2143 483 2225 536 ριε
2255 470 2287 537 ή
2317 464 2474 531 ἐλπίς
2500 483 2624 538 μου,
2662 466 2757 520 τὸν
2789 466 3051 537 Ὕῲιστον
3090 464 3210 519 ἔθου
3242 467 3567 539 καταφυγήν
3605 484 3695 522 σον.

2140 558 2215 611 Οὐ
2250 558 2671 630 προσελεύσεται
2696 559 2833 630 πρὸς
2861 558 2922 611 σὲ
2955 557 3123 621 κακὰ,
3151 558 3245 611 καὶ
3279 559 3483 629 μάστιξ
3510 560 3605 614 οὐκ
3629 562 3699 630 ὲτ.

2139 651 2249 718 γιεί
2268 648 2348 720 τῷ
2377 648 2697 721 σκηνώματι
2724 665 2820 702 σου
2845 666 2860 679 ·
2888 650 2974 702 ὅτι
3011 651 3126 713 τοῖς
3151 650 3403 719 ἀγγέλοις
3442 650 3603 705 αὐτοῦ
3635 654 3698 705 ὲν-

2137 741 2371 795 τελεῖται
2412 741 2541 814 περὶ
2568 739 2685 805 σοῦ,
2709 740 2805 794 τοῦ
2834 740 3162 811 διαφυλάξαι
3189 758 3249 795 σε
3284 743 3344 795 ἐν
3374 744 3580 808 πάσαις
3607 748 3700 809 ui;

2139 834 2276 899 ὁδοῖς
2302 851 2416 888 σου.
2458 834 2581 887 Ἐπὶ
2608 832 2809 905 χειρῶν
2841 833 3034 905 ἀροῦσί
3062 850 3144 897 σε,
3177 835 3385 905 μήποτε
3410 836 3701 909 προσκόψῃς

2139 926 2277 999 πρὸς
2303 925 2449 980 λίθον
2468 925 2560 981 τὸν
2588 925 2726 980 πόδα
2752 942 2867 980 σου.
2912 927 3037 980 Ἐπὶ
3059 927 3263 981 ἀσπίδα
3294 928 3388 981 καὶ
3414 927 3700 998 βασιλίσκω

2139 1017 2399 1089 ἐπιϐήσῃ,
2437 1018 2533 1071 καλ⁸
2576 1018 2987 1090 καταπατήσεις
3018 1017 3212 1072 λέοντα
3242 1020 3337 1073 καὶ
3367 1019 3650 1091 δράκοντα.
3682 1039 3698 1073 ι

2151 1112 2210 1164 '0
2255 1111 2449 1182 Σωτὴρ
2490 1111 2586 1165 καὶ⁵
2637 1110 2844 1183 Κύριος
2888 1110 3047 1181 ἡμῶν
3104 1111 3312 1183 Ἰησοῦς
3352 1112 3591 1183 Χριστὸς
3626 1112 3703 1167 τοῦ

2138 1202 2295 1266 Θεοῦ,
2340 1202 2461 1257 καθ’
2499 1202 2530 1256 ὃ
2566 1202 2905 1275 ἐνηνθρώπει
2949 1203 3352 1275 ἐπινοούμενος,
3386 1207 3415 1258 ὁ
3460 1204 3703 1259 κατοικῶν

2138 1295 2358 1365 λέγεται
2384 1298 2441 1350 ἐν
2481 1294 2705 1367 βοηθείᾳ
2725 1295 2821 1350 τοῦ
2858 1282 3139 1368 Ὑψίστου,
3167 1297 3226 1350 ὲν
3253 1296 3434 1369 σκέπῃ
3465 1296 3564 1351 τοῦ
3589 1285 3702 1351 Θεοῦ

2138 1387 2233 1441 καὶ⁵
2270 1386 2484 1459 Πατρὸς
2526 1387 2898 1459 αὐλιζόμενος.
2945 1382 3115 1452 Οὗτος
3147 1388 3212 1460 δὴ
3255 1384 3371 1453 οὖν,
3423 1390 3589 1461 μόνον
3627 1388 3702 1442 τὸν

3786 874 3792 1235 l

3791 1258 3793 1413 Ν

2137 1479 2368 1551 Σωτῆρα
2399 1479 2493 1533 καὶ
2528 1479 2639 1534 οὐδ’
2664 1480 2852 1552 ἕτερον
2887 1481 3208 1551 καταφυγὴν
3233 1481 3292 1533 ἐν
3321 1480 3401 1551 τῷ
3430 1480 3608 1553 καιρῷ
3627 1479 3701 1533 τοῦ
3792 1488 3793 1527 ἓ

2137 1571 2278 1624 κατά
2325 1571 2416 1625 τὸν
2459 1570 2705 1625 διάϐολον
2752 1571 3060 1644 πειρασμοῦ
3096 1573 3433 1643 κεκτημένος
3486 1571 3701 1645 ἐῤῥύσθη

2140 1663 2270 1717 ποτὲ
2302 1665 2367 1718 ἐκ
2398 1664 2506 1717 τῶν
2552 1664 2793 1733 παγίδων
2832 1664 2940 1718 τῶν
2993 1664 3382 1735 ἀντικειμένων
3417 1664 3700 1736 δυνάμεων,

447 1769 596 1827 tum,
649 1776 772 1833 qure
821 1768 1113 1815 venatores
1167 1760 1271 1814 hoc
1323 1760 1446 1814 loco
1498 1760 1864 1828 appellantur,
1908 1774 2030 1813 cum

2137 1759 2202 1829 θη
2213 1757 2417 1829 ρευτῶν
2448 1757 2542 1811 νῦν
2579 1754 3017 1829 ὀνομαζομένων,
3045 1758 3298 1829 ὁπηνίκα,
3322 1753 3414 1811 οἶά
3436 1776 3528 1822 τις
3550 1759 3701 1823 κοινὸς

2137 1849 2443 1922 ἄνθρωπος,
2492 1870 2510 1901 ι
2552 1850 2760 1922 ἀνήχθη
2812 1853 2893 1915 εἰς
2939 1850 3038 1922 τὴν
3083 1850 3311 1923 ἔρημον,
3357 1851 3701 1923 πειρασθῆναι

446 1855 624 1911 instar
649 1854 940 1924 cujusdam
968 1853 1281 1907 communis
1310 1850 1552 1905 hominis
1581 1868 1601 1901 ι
1632 1850 1835 1905 ductus
1863 1859 1948 1907 est
1980 1852 2036 1905 in

448 1946 729 2001 desertum
753 1986 769 2011 ,
811 1954 874 2000 ut
913 1952 1224 2001 tentaretur
1255 1960 1285 1997 a
1316 1942 1537 1997 diabolo
1561 1983 1577 2009 ,
1609 1950 1664 1997 et
1708 1942 1811 1997 fuit
1844 1944 1899 1998 in
1943 1943 2040 1999 de-

449 2052 601 2095 serto
642 2038 1009 2110 quadraginta
1057 2037 1177 2093 dies
1216 2046 1271 2091 et
1311 2036 1677 2107 quadraginta
1723 2045 1951 2100 noctes,
1982 2042 2038 2091 et

447 2138 704 2186 tentatus
750 2139 837 2185 est
886 2146 916 2183 a
969 2127 1221 2183 Satana:
1270 2128 1511 2199 fuitque,
1551 2148 1569 2180 ι
1598 2135 1660 2182 ut
1703 2130 2038 2199 evangelista

448 2232 644 2279 auctor
683 2230 770 2278 est
790 2265 803 2286 ,
834 2242 853 2274 ι
887 2238 1012 2276 cum
1047 2221 1244 2277 bestiis
1273 2221 1342 2275 ⁸⁸.
1372 2241 1390 2273 ι
1418 2219 1526 2276 Sed
1556 2237 1678 2291 qua:
1706 2220 1925 2276 tandem
1956 2221 2039 2276 ba:

447 2313 638 2368 bestia:
684 2314 790 2368 nisi
838 2328 976 2382 quas
1024 2318 1426 2365 commemorat
1456 2314 1540 2373 is,
1588 2312 1681 2381 qui
1730 2326 1880 2366 nunc
1924 2320 2039 2365 tra-

446 2415 631 2459 ctatur
667 2406 913 2475 psalmus
946 2403 1014 2457 ad
1045 2419 1169 2457 eum
1196 2442 1211 2467 ,
1247 2403 1340 2473 qui
1374 2403 1428 2456 in
1464 2403 1739 2473 adjutorio
1769 2403 2038 2459 Altissimi

446 2495 682 2563 habitat,
703 2496 794 2551 ubi
818 2496 893 2550 ait
921 2515 934 2551 :
968 2515 986 2546 ι
1009 2493 1185 2565 Super
1214 2494 1458 2564 aspidem
1487 2503 1542 2550 et
1569 2496 1889 2551 basiliscum
1920 2511 2038 2550 am-

446 2589 689 2652 bulabis,
712 2596 766 2644 et
798 2589 1160 2643 conculcabis
1190 2588 1404 2642 leonem
1431 2594 1485 2641 et
1507 2587 1836 2644 draconem?
1874 2609 1892 2639 ι
1930 2603 2035 2643 εαξ-

444 2686 624 2735 terum
663 2696 771 2735 non
820 2680 891 2734 ab
934 2680 1021 2735 his
1070 2679 1248 2734 solum
1283 2678 1575 2733 liberatum
1610 2680 1675 2733 iri
1707 2696 1831 2736 eum
1863 2680 2031 2747 dicit,

445 2772 544 2829 sed
583 2772 752 2827 etiam
798 2771 867 2825 ab
912 2771 1169 2825 oratione
1213 2770 1554 2825 turbulenta.
1595 2769 1760 2844 434
1798 2772 1867 2826 At
1906 2790 2036 2830 vero

442 2879 566 2937 qua
587 2863 812 2919 tandem
845 2863 962 2919 haec
992 2861 1098 2917 fuit
1128 2863 1310 2916 oratio
1331 2903 1347 2928 ,
1378 2862 1485 2917 nisi
1515 2878 1678 2933 quam
1721 2864 1801 2918 illi
1832 2865 2035 2934 objecit

443 2965 705 3021 tentatur,
731 2965 792 3011 ut
818 2957 873 3011 in
897 2940 1060 3012 sacro
1082 2954 1381 3026 Evangelia
1406 2957 1671 3026 scriptum
1697 2965 1782 3011 est
1803 2955 2036 3028 ?Opera:

444 3060 626 3106 autem
658 3049 895 3121 pretium
928 3059 1018 3105 est.
1049 3050 1454 3120 contemplari,
1481 3064 1604 3120 quae
1629 3064 1799 3105 causa
1831 3049 2029 3116 fuerit,

442 3151 503 3198 ut
533 3142 787 3198 Salvator
814 3149 1025 3207 noster,
1058 3141 1150 3211 qui
1199 3143 1325 3197 talis
1374 3150 1665 3213 tantusque
1712 3150 1826 3206 cst,
1858 3148 2030 3197 tenta-

2133 3145 2266 3216 κροῦ
2299 3144 2405 3197 τῶν
2432 3144 2525 3197 ἐπὶ
2557 3144 2662 3214 γῆς
2688 3142 2907 3197 πάντων
2931 3142 3022 3196 διὰ
3042 3143 3142 3215 τῆς
3168 3142 3433 3198 πολυθέου
3468 3143 3701 3199 δεισιδαιο
3802 3128 3803 3179 Ὺ

445 3235 650 3288 tionem
683 3247 978 3303 perpessus
1013 3234 1105 3288 sit.
1139 3234 1275 3289 Cum
1307 3234 1473 3304 igitur
1498 3249 1712 3289 omnem
1743 3250 1810 3288 ex
1845 3233 2025 3287 homio

443 3327 611 3383 nibus
652 3325 1033 3396 rgritudinem
1093 3341 1423 3397 omnemque
1478 3327 1826 3397 languorem.
1887 3325 2028 3381 infe-

368 3462 369 3465 η
445 3425 671 3487 stusque
698 3416 927 3485 spiritus
959 3425 1123 3485 atque
1155 3417 1405 3488 impuros
1436 3417 1744 3480 daemonas,
1778 3419 1869 3487 qui
1900 3418 2027 3486 plu-

444 3508 601 3563 rimis
627 3516 754 3562 ante
780 3507 998 3562 saeculis
1028 3522 1221 3563 omnes
1249 3508 1343 3579 qui
1378 3508 1435 3561 in
1467 3517 1610 3562 terra
1642 3509 2024 3572 versabantur,

444 3615 540 3673 per
584 3615 706 3655 eam
754 3600 1245 3670 superstitionem,
1280 3616 1400 3670 qua:
1434 3602 1640 3655 multos
1687 3602 1819 3657 deos
1861 3603 2022 3665 colit,

445 3693 781 3764 subegerunt
799 3732 813 3756 ,
844 3700 993 3747 esset
1020 3693 1358 3762 expulsurus
1379 3732 1394 3758 ,
1423 3708 1535 3747 non
1563 3709 1629 3747 ex
1658 3693 1844 3749 abdito
1867 3695 2025 3764 quasi

447 3789 679 3844 latitans
710 3789 777 3842 ad
810 3803 874 3842 ea
905 3803 1027 3858 qua:
1056 3786 1201 3841 dicta
1234 3795 1397 3852 sunt,
1427 3788 1677 3842 accessit.
1705 3786 1809 3842 Sed
1835 3797 2026 3842 contra

446 3881 679 3937 infestos
711 3881 867 3951 prius
896 3879 1233 3949 eosdemque
1262 3879 1574 3935 invisibiles
1604 3881 1900 3950 principes,
1931 3896 2029 3952 per

444 3989 569 4031 eum
591 4013 606 4037 ,
639 3988 800 4043 quem
831 3973 1131 4042 assumpsit
1161 3971 1460 4036 hominem,
1493 3971 1845 4026 militantium
1874 3987 2028 4029 more

446 4063 761 4137 profectus,
798 4072 853 4119 et
885 4065 940 4118 in
978 4063 1156 4133 ipsius
1188 4062 1395 4118 diaboli
1430 4063 1667 4117 medium
1690 4102 1704 4128 ,
1736 4064 2029 4134 omnisque

448 4155 770 4211 daemonicae
799 4164 1037 4210 catervae
1069 4169 1430 4227 progressus,
1464 4154 1557 4209 ubi
1588 4169 1755 4224 super
1783 4156 2026 4227 aspidem

447 4256 503 4303 et
541 4248 861 4305 basiliscum
898 4248 1233 4311 ambulavit,
1264 4256 1318 4302 et
1353 4247 1698 4302 conculcavit
1731 4248 1942 4303 leonem
1974 4256 2028 4303 et

448 4338 781 4402 draconem,
834 4339 1122 4408 multoque
1167 4339 1324 4409 prius
1376 4339 1720 4409 regnantium
1777 4339 2030 4394 inimico-

448 4447 572 4486 rum
588 4471 604 4493 ,
631 4440 685 4487 et
706 4417 877 4486 millia
901 4440 957 4486 et
981 4431 1123 4487 dena
1151 4430 1319 4484 millia
1347 4430 1651 4495 subvertit,
1674 4430 2025 4502 principatus

448 4524 705 4580 videlicet
750 4539 816 4579 ac
858 4530 1199 4594 potestates,
1248 4523 1386 4578 alias
1423 4521 1643 4594 quidem
1693 4538 1725 4577 a
1772 4522 2022 4590 dextris,

449 4616 588 4670 alias
616 4630 746 4670 vero
774 4630 804 4668 a
836 4614 1083 4670 sinistris
1116 4613 1382 4669 bellantes
1402 4653 1417 4678 ,
1464 4617 1706 4685 itemque
1744 4629 1840 4671 eos
1862 4655 1878 4680 ,
1928 4616 2021 4687 qui

447 4708 638 4763 mundi
685 4716 931 4763 rectores
976 4706 1172 4761 harum
1223 4705 1575 4762 tenebrarum
1625 4705 1909 4771 dicuntur,
1960 4721 2027 4763 ac

448 4800 756 4872 spiritualia
789 4800 1051 4866 malitiae;
1081 4799 1301 4861 omnia,
1334 4798 1592 4870 inquam,
1627 4798 1742 4854 haec
1765 4839 1781 4864 ,
1810 4798 1907 4875 ubi
1940 4798 2026 4854 ni-

446 4891 525 4945 hil
568 4905 734 4962 posse
771 4889 1092 4961 redarguit,
1139 4900 1206 4941 ac
1248 4888 1488 4962 denique
1531 4890 1712 4960 ipsum
1753 4892 2023 4947 malorum

447 4984 753 5055 principem
779 4982 1057 5038 diabolum
1088 4983 1261 5038 verbo
1285 4984 1403 5039 oris
1432 4985 1516 5039 sui
1546 4984 1738 5056 procul
1767 4984 2025 5047 extrusit,

447 5075 835 5146 percurritque
867 5083 1032 5146 atque
1064 5075 1458 5141 inambulavit,
1489 5091 1705 5133 omnem
1737 5078 2030 5132 adversan-

446 5176 556 5223 tem
591 5176 917 5239 potestatem
941 5208 958 5235 ,
991 5183 1057 5224 ac
1087 5169 1330 5239 seipsum
1369 5168 1590 5240 quidem
1626 5170 1781 5225 adire
1807 5185 1872 5225 ac
1908 5177 2029 5225 teu-

445 5263 569 5313 tare
609 5258 925 5317 volentibus
971 5259 1257 5323 exhibuit,
1308 5274 1411 5315 nec
1458 5261 1747 5331 quisquam
1799 5261 2026 5316 omnino

447 5349 717 5409 adversus
741 5352 896 5409 illum
926 5361 1077 5411 stare
1103 5350 1285 5426 potuit
1310 5371 1325 5422 ;
1358 5362 1473 5409 tum
1503 5354 1721 5410 demum
1749 5353 1817 5410 ad
1846 5353 2025 5409 homi-

446 5458 581 5501 num
610 5444 842 5502 salutem
865 5448 1122 5505 accessit.
1147 5445 1415 5514 Quocirca
1440 5447 1716 5505 intuentes
1742 5447 1896 5502 illum
1922 5445 2026 5502 daa—

448 5548 642 5593 monn
667 5539 1069 5608 agnoscebant,
1092 5548 1314 5610 propter
1336 5551 1457 5594 eam
1484 5537 1553 5593 de
1574 5551 1682 5609 qua
1707 5537 1916 5593 dictum
1942 5545 2025 5592 est

517 5719 566 5752 ³³
603 5716 747 5776 Psal.
782 5735 877 5787 xc,
908 5719 1060 5777 1-13.

2139 1941 2244 1993 ὑπὸ
2276 1940 2370 1993 τοῦ
2397 1939 2665 2005 διαϐόλου,
2688 1941 2782 1993 καὶ
2806 1935 2874 2011 ἦν
2903 1941 2961 1993 ἐν
2983 1943 3051 2010 τῇ
3085 1941 3275 2011 ἐρήμῳ
3306 1940 3703 2012 τεσσαράκοντα

2137 2033 2349 2104 ἡμέρας
2374 2032 2470 2085 καὶ
2499 2032 2913 2102 τεσσαράκοντα
2939 2030 3142 2095 νύκτας
3173 2031 3578 2103 πειραζόμενος
3616 2031 3704 2086 ὑπὸ

2138 2125 2232 2179 τοῦ
2270 2126 2485 2178 Σατανᾶ
2510 2140 2525 2155 ⁸
2557 2125 2654 2179 κα)⁵
2676 2120 2766 2196 ἦν,
2798 2144 2817 2175 ι
2852 2124 2929 2188 ὡς
2950 2127 2979 2178 ὁ
3006 2122 3392 2196 εὐαγγελιστὴς
3427 2128 3702 2197 μαρτυρεῖ,

2143 2238 2162 2269 ι
2203 2218 2341 2289 μετὰ
2362 2219 2470 2272 τῶν
2500 2218 2727 2291 θηρίων.
2758 2238 2778 2271 ι
2816 2218 2994 2272 Ποίων
3019 2218 3079 2271 δέ
3104 2218 3310 2274 τούτων
3341 2220 3375 2291 ἦ
3402 2213 3482 2273 ὧν
3517 2235 3705 2291 μνημο-

2137 2310 2281 2364 νεύει
2326 2313 2356 2364 ὁ
2391 2310 2530 2381 μετά
2575 2314 2763 2383 χεῖρας
2807 2310 3042 2382 ψαλμδς,
3078 2311 3215 2382 πρὸς
3248 2311 3341 2365 τὸν
3394 2312 3455 2365 ἐν
3501 2310 3705 2383 βοηθείᾳ

2135 2402 2230 2456 τοῦ
2268 2403 2524 2473 Ὑψίστου
2547 2402 2903 2457 κατοικοῦντα
2929 2402 3104 2472 λέγων
3123 2420 3138 2433 ο
3181 2421 3201 2455 ι
3244 2403 3368 2456 Ἐπὶ
3395 2404 3599 2459 ἀσπίδα
3625 2403 3704 2457 καὶ

2139 2493 2452 2564 βασιλίσκον
2496 2493 2753 2565 ἐπιϐήση,
2799 2494 2895 2548 καὶ
2937 2498 3345 2565 καταπατήσεις
3390 2493 3582 2548 λέοντα
3624 2494 3703 2547 καὶ

2135 2586 2425 2659 δράκοντα.
2469 2605 2489 2638 ι
2536 2587 2633 2650 Τίς
2663 2586 2708 2639 δ’
2743 2585 2810 2641 ἂν
2847 2586 2934 2659 εἴη
2977 2588 3073 2641 καὶ
3109 2582 3262 2650 οὗτος
3294 2587 3328 2658 ἢ
3363 2588 3537 2660 ὅνπερ
3573 2588 3703 2659 αὐτῷ

2137 2679 2452 2752 προύτεινεν
2493 2682 2524 2733 ὁ
2565 2680 2839 2751 πειράζων
2886 2680 3028 2732 κατὰ
3074 2679 3137 2733 τὸ
3179 2679 3323 2751 ἱερὸν
3354 2680 3699 2749 Εὐαγγέλιονς

2136 2771 2210 2825 τὸ
2239 2772 2284 2825 δ’
2313 2772 2486 2825 αἴτιον
2506 2771 2601 2825 τοῦ
2630 2771 2986 2843 πειράζεσθαι
3007 2772 3099 2825 τὸν
3126 2770 3445 2842 τηλικοῦτον
3494 2773 3701 2842 Σωτῆρα

2135 2863 2295 2936 ἡμῶν
2322 2866 2595 2937 σκοπῆσαι
2627 2864 2796 2930 ἄξιον.
2837 2865 3063 2920 Μέλλων
3101 2864 3164 2930 ἐξ
3201 2864 3514 2940 ἀνθρώπων
3545 2867 3701 2920 πᾶσαν

2136 2957 2291 3011 νόσον
2324 2957 2418 3012 καὶ
2462 2959 2642 3012 πᾶσαν
2690 2958 2982 3029 μαλακίαν,
3013 2958 3085 3012 τά
3120 2975 3181 3011 τε
3214 2958 3540 3030 ἐνοχλοῦντα
3570 2957 3700 3012 πνεύ-

2140 3068 2305 3123 ματα,
2337 3051 2431 3105 καὶ
2462 3052 2589 3115 τοὺς
2619 3050 2960 3124 ἀκαθάρτους
3003 3050 3264 3121 δαίμονας
3286 3052 3345 3118 ἐξ
3388 3052 3589 3117 αἰῶνος
3616 3067 3702 3124 μα-

2133 3234 2321 3306 μονίας
2353 3235 2769 3307 κεκρατηκότας
2798 3234 3063 3299 ἐλαύνειν,
3098 3236 3200 3289 οὐκ
3230 3238 3296 3289 ἐκ
3329 3235 3428 3290 τοῦ
3456 3234 3700 3308 ἀφανοῦς,

2130 3326 2322 3399 ὥσπερ
2373 3328 2873 3399 ἐπικρυπτόμενος,
2920 3328 3012 3379 ἐπὶ
3056 3326 3128 3380 τὰ
3172 3328 3443 3399 εἰρημένα
3500 3325 3701 3400 παρῄει.

2135 3422 2264 3484 Τοῖς
2297 3419 2693 3493 παρενοχλοῦσι
2726 3418 2784 3473 δὲ
2807 3418 3070 3490 πρότερον
3100 3418 3355 3489 ἀοράτοις
3380 3420 3628 3490 ἄρχουσι,
3645 3416 3704 3471 δι·

2128 3507 2189 3567 οὗ
2215 3512 2504 3585 ἀνείληφεν
2529 3511 2819 3583 ἀνθρώπου
2846 3510 3300 3584 ἐπιστρατεύσας,
3332 3513 3427 3565 καὶ
3448 3512 3533 3576 είς
3560 3512 3705 3583 μέσον

2129 3605 2293 3659 αὐτοῦ
2324 3604 2417 3659 τοῦ
2447 3604 2716 3670 διαϐόλου,
2752 3606 2848 3658 καὶ
2892 3603 3094 3667 παντὸς
3132 3602 3227 3657 τοῦ
3259 3604 3580 3675 δαιμονικοῦ
3608 3605 3707 3657 στί-
3740 3620 3752 3635 ⁸

2129 3716 2265 3769 (ρους
2315 3696 2621 3771 παρελθὼν,
2666 3696 2862 3760 ἐπιϐάς
2902 3714 2966 3750 τε
3017 3696 3205 3750 ἀσπίδι
3254 3697 3348 3749 καὶ
3396 3695 3703 3767 βασιλίσκω,

2129 3791 2226 3846 καὶ
2274 3791 2671 3861 καταπατήσας
2713 3789 2905 3843 λέοντα
2957 3788 3052 3842 καὶ
3097 3787 3390 3860 δράκοντα,
3441 3790 3539 3844 καὶ
3585 3789 3704 3842 mla)

2130 3884 2393 3957 πρότερον
2430 3881 2677 3936 καθελὼν
2717 3880 2825 3934 τῶν
2858 3880 3194 3953 ἀρχοντικῶν
3223 3880 3433 3952 ἐχθρῶν
3472 3879 3705 3950 χιλιάδας

2129 3979 2224 4031 καὶ
2260 3974 2547 4048 μυριάδας,
2577 3973 2678 4039 τὰς
2715 3973 2813 4045 μὲν
2840 3974 2905 4026 ἐκ
2933 3973 3042 4026 τῶν
3064 3972 3274 4040 δεξιῶν,
3304 3973 3407 4037 τὰς
3431 3972 3490 4025 δὲ
3521 3974 3587 4025 ἐκ
3606 3971 3705 4025 τῶν

2128 4068 2425 4139 εὐωνύμων
2466 4065 2831 4138 πολεμούσας,
2871 4065 3044 4136 ἀρχάς
3078 4081 3139 4117 τε
3181 4065 3277 4119 καὶ
3321 4060 3595 4129 ἐξουσίας,
3621 4063 3705 4117 καὶ

2127 4160 2193 4230 δὴ
2247 4160 2343 4214 καὶ
2373 4159 2500 4222 τοὺς
2529 4158 2854 4229 λεγομένους
2886 4156 3334 4228 κοσμοκράτορας
3359 4154 3456 4208 τοῦ
3490 4155 3706 4217 σκότους

2128 4248 2340 4313 τούτου,
2389 4250 2459 4303 τά
2488 4266 2548 4302 τε
2591 4245 2936 4319 πνευματικὰ
2975 4247 3076 4317 τῆς
3104 4246 3405 4317 πονηρίαςο
3445 4246 3626 4301 πάντα
3650 4243 3707 4316 δὴ

2128 4338 2223 4396 οὖν
2265 4340 2437 4394 ταῦτα
2482 4340 2544 4393 τὸ
2585 4339 2754 4410 μηδὲν
2803 4337 3009 4409 ἰσχύειν
3052 4336 3383 4407 ἀπελέγξας,
3425 4337 3525 4390 καὶ
3564 4335 3707 4397 τέλος

2130 4433 2291 4487 αὑτὸν
2321 4433 2414 4486 τὸν
2444 4430 2552 4485 τῶν
2582 4430 2766 4484 κακῶν
2796 4429 3024 4501 ἔξαρχον
3054 4428 3299 4483 διάϐολον
3337 4428 3417 4499 τῷ
3448 4428 3596 4498 λόγῳ
3617 4424 3704 4480 τοῦ

2131 4526 2396 4597 στόματος
2423 4523 2589 4579 αὑτοῦ
2633 4523 2851 4595 μακρὰν
2876 4523 3246 4596 ἀποσοϐήσας,
3279 4521 3506 4575 διελθών
3534 4539 3596 4575 τε
3621 4518 3705 4575 καὶ

2128 4617 2584 4689 ὲμπεριπατήσας
2622 4615 2721 4687 τὴν
2764 4615 3149 4688 ἀντικειμένην
3198 4615 3418 4669 ἃπασαν
3463 4614 3703 4686 δύναμιν,

2127 4709 2224 4763 καὶ⁵
2250 4708 2439 4762 ἐαυτὸν
2469 4709 2568 4780 μὲν
2594 4707 2889 4781 παρασχὼν
2926 4711 3038 4772 τοῖς
3065 4707 3280 4762 θέλουσι
3308 4707 3596 4779 προσιέναι
3619 4704 3704 4759 καὶ

2128 4798 2435 4881 πειράζειν,
2464 4800 2691 4872 μηδενὸς
2726 4800 2783 4853 δέ
2832 4800 3022 4871 στῆναι
3061 4799 3196 4871 πρὸς
3227 4798 3391 4852 αὑτὸν
3420 4796 3705 4869 δεδυνημέο

2126 4909 2240 4955 νου,
2264 4890 2439 4956 οὕτως
2467 4892 2559 4945 ἐπὶ
2589 4892 2689 4964 τὴν
2715 4891 2824 4945 τῶν
2849 4891 3152 4966 ἀνθρώπων
3179 4893 3457 4965 σωτηρίαν
3489 4892 3700 4966 παρῄει.

2127 4984 2220 5037 Διὸ
2248 4985 2342 5038 καὶ
2374 4983 2607 5055 δρῶντες
2633 4984 2796 5038 αὑτὸν
2827 4986 2878 5038 οἱ
2910 4984 3163 5056 δαίμονες
3202 4984 3577 5054 ἐπεγίνωσκον
3603 4981 3703 5037 ἀπὸ

2126 5075 2230 5146 τῆς
2257 5075 2696 5149 προδηλωθείσης
2734 5075 2877 5130 κατά
2912 5076 3012 5149 τὴν
3041 5076 3247 5147 ἔρημον
3276 5075 3581 5148 διατριϐῆς.
3608 5074 3704 5145 ψά-

2130 5183 2351 5232 σκοντες
2397 5166 2584 5239 αὐτῷ’
2627 5186 2648 5219 ι
2677 5167 2744 5220 Τί
2793 5168 2927 5239 ήμῖν
2976 5166 3070 5222 καί
3104 5183 3209 5236 σοι,
3262 5167 3440 5240 Ἰησοῦ
3475 5167 3573 5221 Υἱὲ
3611 5163 3699 5220 τοῦ

2127 5257 2295 5326 Θεοῦ;
2337 5278 2357 5312 ι
2396 5258 2578 5313 Ταῦτα
2614 5258 2711 5331 μὲν
2737 5253 2830 5312 οὖν
2866 5259 2995 5328 περὶ
3024 5257 3196 5313 τῶνδε
3216 5275 3230 5290 ο
3264 5258 3336 5313 τά
3364 5259 3423 5313 δὲ
3455 5257 3579 5330 ἑξῆς
3610 5253 3699 5310 τοῦ

2127 5348 2341 5422 ψαλμοῦ
2366 5350 2504 5422 πρὸς
2542 5350 2705 5404 αὐτὸν
2735 5347 3162 5423 ἀναπεφώνηται
3190 5350 3283 5405 τὸν
3321 5349 3575 5423 Χριστὸν,
3601 5345 3699 5401 ad

2128 5443 2247 5509 τοῦ,
2279 5463 2298 5494 ι
2342 5443 2431 5499 Ἑν
2463 5446 2577 5509 τοῖς
2609 5444 2970 5517 μεταφρένοις
3005 5443 3172 5498 αὑτοῦ
3202 5442 3515 5497 ἐπισκιάσει
3546 5456 3643 5501 σοι.
3675 5455 3692 5485 »

2129 5534 2373 5607 δηλονότι
2398 5538 2427 5592 ὁ
2455 5535 2738 5607 Ὕψιστος,
2781 5554 2801 5589 ι
2841 5538 2936 5590 καὶ
2967 5536 3076 5591 ὑπὸ
3101 5534 3201 5601 τὰς
3239 5535 3519 5608 πτέρυγας
3544 5524 3695 5588 αὐτοῦ

1138 5721 1186 5754 ⁸³
1225 5718 1413 5777 llatth.
1446 5734 1537 5784 tv,
1574 5717 1720 5789 l,3;
1755 5717 1921 5774 Mare.
1955 5734 2007 5786 ι,
2048 5718 2227 5786 ιε,ιδ.

3784 2062 3798 2171 ι

3784 2190 3800 2483 π
