3836 6220
91 258 207 313 εῖτ

1028 258 1690 323 DEMONSTBATIONIS
1725 259 2185 317 EVANGELICE
2224 260 2353 318 LIB.
2395 260 2486 319 I'X.

3291 268 3396 325 678

92 372 330 440 ἑλπιεῖς.
382 373 575 446 Ὀπλῳ
601 371 876 429 κυκλώσει
904 390 965 428 σε
988 376 1024 447 ή
1053 374 1282 448 ἀλήθεια
1310 378 1476 433 αὑτοῦ
1496 396 1511 409 ο
1547 399 1566 431 ι
1600 379 1696 432 καὶ
1725 383 1752 438 Α

1796 376 1853 431 in
1876 376 2098 432 deserto
2120 380 2632 444 commorationem,
2658 394 2785 435 cum
2808 380 2878 436 ad
2899 381 3078 452 ipsum
3103 382 3348 438 dicerent
3375 404 3389 439 :

90 467 404 539 ἐπειδήπερ
448 467 687 538 ἡμέραις
727 467 1146 539 τεσσαράκοντα
1197 469 1293 523 καὶ
1334 472 1458 535 ταῖς
1504 471 1699 525 τοσαύ-

88 576 222 624 ταις
268 559 420 625 νυξὶν
464 559 811 631 ἑπειράζετο,
853 562 977 635 περὶ
1013 560 1116 633 μὲν
1146 561 1257 615 τῶν
1295 564 1440 633 ἀμφὶ
1469 562 1571 627 τὰς
1602 564 1697 617 νύ·-

91 667 239 714 κτας
272 649 537 705 ἐπιόντων
578 648 729 719 αὺτῷ
760 650 1043 704 λέλεκται·
1083 670 1102 702 ι
1140 652 1215 704 οὐ
1261 651 1551 726 φοϐηθήσῃ
1590 654 1699 707 ἀπὸ

90 741 271 811 φόϐου
314 741 666 814 νυκτερινοῦ’
711 761 731 793 ι
767 744 895 814 περὶ
924 742 982 797 δὲ
1019 742 1128 796 τῶν
1163 745 1308 816 ἀμφὶ
1351 745 1453 810 τὰς
1482 746 1699 818 ἡμέρας

91 834 267 889 αὑτὸν
313 834 721 907 πολεμούντων,
763 835 845 901 τὸ,
895 856 925 888 ι·
954 837 1086 891 Ἀπὸ
1138 837 1328 909 βέλους
1379 842 1697 912 πετωμένου

92 926 347 997 ἡμέρας·
386 946 405 977 ι
440 927 537 981 καὶ
574 922 730 990 αὖθις
759 927 889 999 περὶ
925 929 1023 998 μὲν
1049 929 1158 982 τῶν
1189 930 1249 983 έν
1277 930 1462 985 νυκτί⁸
1500 951 1519 983 ι
1564 932 1699 986 Ἀπὸ

92 1017 433 1089 πράγματος
455 1018 518 1070 ἐν
549 1017 730 1071 σκότει
758 1017 1223 1092 διαπορευομένου
1243 1036 1258 1051 °
1293 1039 1311 1072 ι
1348 1021 1476 1093 περὶ
1504 1020 1561 1074 δὲ
1587 1020 1697 1076 τῶν

88 1109 154 1161 ὲν
174 1109 395 1183 ἡμέρᾳο
421 1129 438 1159 ι
464 1108 596 1163 Ἀπὸ
622 1108 1030 1189 συμπτῲματος
1054 1111 1149 1165 καὶ
1172 1110 1452 1185 δαιμονίου
1481 1130 1699 1186 μεσημ-

88 1198 309 1270 ϐρινοῦ.
350 1220 371 1252 ι
426 1196 538 1255 Εἶτ’
586 1201 818 1274 ἐπείπερ
862 1203 921 1256 ἐν
962 1203 1042 1274 τῷ
1094 1203 1380 1276 πειράζειν
1436 1205 1697 1277 δυνάμεις

87 1294 339 1367 πονηραὶ
368 1293 633 1349 ὲκύκλουν
660 1295 844 1361 αὑτὸν,
874 1296 969 1350 καὶ
993 1298 1049 1351 at
1073 1296 1173 1369 μὲν
1204 1297 1274 1351 τὰ
1303 1297 1453 1365 δεξιά
1486 1298 1698 1371 πλευρά

92 1390 350 1458 συνεῖχον
383 1384 572 1450 αὐτοῦ,
609 1386 746 1442 πολὺ
774 1387 833 1441 δὲ
868 1388 1085 1454 πλείους
1121 1391 1231 1444 τῶν
1265 1391 1589 1464 ἀριστερῶν,
1621 1394 1698 1457 ὼς

96 1477 170 1531 ἂν
204 1478 602 1553 κρατερώτερα
630 1478 729 1550 μὲν
765 1480 836 1535 τὰ
863 1478 1035 1547 δεξιὰ.
1066 1483 1293 1548 εἰκότως
1333 1485 1482 1556 αὐτῷ
1515 1484 1698 1540 ἐπιλέ-

91 1587 263 1639 γεται
287 1588 302 1603 ·
343 1590 362 1623 ι
413 1572 675 1626 Πεσεῖται
722 1573 787 1625 ὲκ
826 1573 920 1627 τοῦ
973 1575 1190 1640 κλίτους
1235 1593 1329 1631 σου
1373 1577 1551 1648 χιλιὰς
1603 1580 1697 1632 καὶ

93 1661 306 1735 μυριὰς
339 1664 403 1717 ἐκ
434 1663 626 1731 δεξιῶν
653 1682 749 1720 σου
767 1684 779 1697 ’
815 1667 951 1739 πρὸς
976 1668 1035 1721 σὲ
1062 1668 1118 1722 δὲ
1139 1670 1239 1722 οὑκ
1265 1671 1457 1739 ὲγγιεςῖ.
1478 1689 1495 1721 ι
1530 1670 1697 1724 «Κλί-

91 1771 230 1819 τους
272 1774 297 1808 τ
337 1755 458 1808 ἀντὶ
476 1754 571 1809 τοῦ
599 1758 887 1831 ἀριστεροῦ
911 1759 1323 1831 ὠνομασμένοι),
1352 1777 1697 1832 παρασεσιω-

92 1844 351 1915 πημένου
383 1844 440 1899 δὲ
462 1846 685 1911 εἰκότως
708 1847 1091 1920 τοῦθόνόματος
1132 1849 1225 1903 τοῦ
1259 1851 1569 1923 ἀριστεροῦ,
1616 1851 1696 1923 τῷ

95 1939 273 2010 μηδὲν
297 1939 506 2003 σκαιὸν,
543 1939 679 2011 μηδὲ
711 1941 998 2012 ἀριστερὸν
1038 1941 1390 2013 εὑρίσκεσθαι
1432 1944 1491 1995 ὲν
1522 1941 1690 2014 αὐτῷ.

91 2032 213 2085 Καὶ
247 2031 436 2104 ἐπειδὴ
467 2032 562 2105 ὅλη
593 2032 809 2105 μυριὰς.
847 2033 983 2103 ὁμοῦ
1014 2034 1069 2088 δὲ
1099 2034 1193 2087 καὶ
1228 2033 1404 2104 χιλιὰς
1430 2034 1493 2088 ἐκ
1516 2052 1576 2088 τε
1598 2034 1693 2090 τοῦ

92 2123 319 2187 κλίτους
354 2123 520 2178 αὐτοῦ
550 2125 647 2178 καὶ
683 2126 791 2178 άπὸ
820 2126 927 2179 τῶν
965 2125 1154 2191 δεξιῶν
1190 2126 1473 2180 πεσεῖσθαι
1505 2127 1693 2197 λέγον-

91 2231 210 2279 ται,
247 2215 475 2280 εἰκότως
509 2217 602 2270 ἐπὶ
636 2215 849 2281 τούτοις
888 2217 1017 2288 ἑξῆς
1056 2218 1305 2288 εἴρηταιο
1342 2236 1361 2269 ι
1402 2218 1549 2290 Πλὴν
1579 2222 1695 2283 τοῖς

88 2304 402 2377 ὀφθαλμοῖς
443 2324 538 2361 σου
585 2310 964 2380 κατανοήσεις,
999 2310 1092 2363 καὶ
1125 2309 1478 2365 ἀνταπόδοσιν
1522 2312 1697 2382 ἀμαρα

89 2397 288 2451 τωλῶν
338 2396 480 2468 ὄψει.
528 2418 546 2452 ι
585 2400 696 2453 Καὶ
739 2400 891 2454 ἔσται
957 2400 1162 2465 ταῦτα,
1224 2403 1377 2474 φησὶ,
1458 2403 1587 2475 περὶ
1633 2403 1694 2457 σὲ

88 2489 189 2545 τὸν
225 2489 464 2562 Χριστὸν
484 2491 579 2545 τοῦ
591 2492 749 2558 Θεοῦ,
777 2512 795 2544 ι
823 2494 1118 2565 ἐπειδήπερ
1141 2496 1203 2548 σὺ
1228 2514 1246 2547 ι
1272 2495 1454 2559 αὐτὸς,
1488 2490 1533 2549 ὦ
1568 2494 1683 2549 Κύ-

93 2600 205 2654 ριε,
234 2582 297 2647 ὃς
323 2584 610 2656 τυγχάνεις
631 2584 706 2637 ῶν
737 2587 808 2656 ἠ(
841 2586 948 2658 ἐμὴ
982 2586 1157 2649 ἐλπὶς,
1180 2587 1271 2640 τὸν
1296 2586 1556 2657 Ὕψιστον
1569 2587 1692 2641 ἔθου

89 2676 425 2748 καταφυγήν
459 2692 574 2732 σου.
607 2696 624 2728 ι
660 2677 828 2731 Ἔνθα
861 2680 955 2732 καὶ
982 2680 1317 2750 ἐπιστήσεις,
1346 2679 1467 2733 τίνα
1492 2679 1692 2752 τρόπον

84 2765 437 2837 ὀπροφήτης
485 2767 622 2839 πρὸς
666 2769 827 2823 αὐτὸν
877 2770 969 2824 τὸν
1014 2769 1219 2842 Κύριόν
1262 2787 1461 2843 φησιν’
1504 2790 1524 2822 ι
1571 2771 1691 2825 Ὅτι

90 2858 185 2919 σὺ,
214 2857 391 2928 Κύριε
424 2858 584 2923 ἐλπίς
627 2878 752 2931 μου,
789 2861 882 2914 τὸν
911 2860 1173 2932 Ὕψιστον
1213 2862 1336 2917 ἔθου
1368 2864 1690 2935 καταφυγήν

89 2964 216 3011 σου,
253 2966 272 3000 ι
311 2947 534 3019 διαιρῶν
564 2948 807 3019 ἀκριϐῶς
836 2949 1023 3022 ἕτερον
1054 2951 1199 3017 ἰδίως
1230 2952 1452 3025 Κύριον,
1482 2955 1576 3008 καὶ
1600 2955 1690 3008 τὸν

86 3040 291 3093 τούτου
317 3039 537 3112 Πατέρα
580 3041 711 3095 Θεὸν
757 3040 981 3112 ὕψιστον
1002 3060 1016 3074 ’
1051 3043 1130 3097 διὸ
1162 3044 1462 3117 ἐπειδήπερ
1502 3045 1686 3109 αὑτὸν,

85 3136 175 3200 ὠς
220 3135 442 3207 Πατέρα
484 3135 578 3189 καὶ
617 3134 750 3187 Θεὸν
794 3134 1016 3205 ὕψιστον
1065 3137 1388 3208 καταφυγὴν
1433 3136 1627 3191 ἑαυτοῦ
1658 3140 1687 3190 ὁ

86 3228 335 3299 Χριστὸς
361 3226 620 3291 τέθειται,
651 3225 900 3280 λέλεκται
926 3226 1076 3299 αὐτῷ
1117 3227 1197 3293 τὸ,
1235 3246 1254 3279 ι
1292 3229 1365 3282 Οὐ
1402 3226 1688 3301 προσελεύ-

90 3336 257 3373 σεται
288 3318 425 3390 πρὸς
456 3318 517 3371 σὲ
548 3319 715 3384 κακὰ,
746 3321 838 3373 καὶ
880 3319 1078 3391 μάστιξ
1105 3321 1207 3374 οὐκ
1233 3322 1410 3389 έγγιεῖ
1441 3322 1518 3392 τῷ
1556 3339 1688 3394 σκη-

88 3407 312 3481 νώματί
338 3426 452 3463 σου.
479 3408 599 3462 Ὀτι
623 3412 736 3473 τοῖς
764 3409 1017 3479 ἀγγέλοις
1048 3409 1213 3463 αὑτοῦ
1239 3410 1535 3465 ἐντελεῖται
1558 3413 1687 3485 περὶ

89 3500 218 3566 σοῦ,
252 3500 348 3555 τοῦ
394 3500 718 3571 διαφυλάξαι
770 3519 828 3555 σε
871 3504 929 3555 ὲν
977 3502 1180 3566 πάσαις
1224 3505 1341 3567 ταῖς
1387 3502 1527 3567 όδοίς
1567 3521 1683 3559 σου.

103 3594 235 3649 Ἐπὶ
267 3592 467 3666 χειρῶν
505 3592 697 3665 ἀροῦσί
724 3610 805 3658 σε,
839 3594 1048 3665 μήποτε
1090 3593 1407 3667 προσκόψῃς
1448 3594 1584 3666 πρὸς
1610 3595 1687 3648 λί-

90 3690 190 3743 θον
216 3688 311 3742 τὸν
343 3687 481 3741 πόδα
505 3704 622 3740 σου.
655 3706 674 3738 ι
712 3687 823 3739 Καὶ
850 3685 1126 3755 ἐπιμελῶς
1152 3702 1215 3754 γε
1236 3687 1390 3757 τήρει
1420 3686 1538 3739 τίνα
1566 3686 1686 3759 τρό-

92 3795 197 3832 πον
229 3780 289 3832 ἐν
330 3776 433 3848 τῷ,
480 3795 500 3828 ι
540 3777 663 3828 Ὅτι
699 3775 785 3838 σὺ,
820 3773 993 3846 Κύριε
1036 3775 1191 3838 ἐλπίς
1237 3792 1362 3846 μου,
1405 3776 1495 3831 τὸν
1525 3776 1686 3846 Ὕψι-

95 3889 226 3926 στον
274 3870 398 3925 ἔθου
429 3870 753 3941 καταφυγήν
800 3885 916 3932 σου,
949 3887 968 3919 ι
997 3867 1088 3928 τὸ,
1121 3887 1138 3919 ι
1171 3868 1364 3940 Κύριε,
1398 3887 1417 3920 ›
1470 3868 1561 3922 διά
1588 3869 1682 3924 τοῦ

90 3964 525 4037 τετραγράμμου
578 3962 839 4033 ὀνόματος
874 3964 932 4015 ὲν
982 3959 1059 4032 τῷ
1115 3960 1382 4033 Ἑϐραῖκῷ
1433 3962 1680 4035 φέρεται,

88 4057 235 4129 ὅπερ
282 4053 661 4125 ανεκφώνήτον
701 4049 842 4107 εἶναι
874 4052 1122 4122 λέγοντες
1165 4053 1426 4125 Ἐϐραίων
1468 4056 1678 4121 παῖδες,

89 4150 189 4205 ἐπὶ
218 4150 383 4220 μόνου
410 4147 502 4201 τοῦ
537 4145 675 4201 Θεοῦ
710 4145 1160 4218 παραλαμϐάνειν
1205 4146 1486 4200 εἰώθασιν·
1520 4149 1680 4218 ἡμεῖς

86 4243 151 4298 δὲ
182 4242 282 4295 καὶ
310 4241 402 4294 ἐπὶ
429 4242 528 4311 τῆς
557 4238 650 4293 τοῦ
692 4239 864 4307 Λόγου
904 4238 1155 4309 θεότητος
1179 4239 1237 4292 ὲν
1257 4236 1535 4303 πλείσταις
1564 4239 1677 4292 κεί-

91 4350 263 4407 μενον
309 4333 553 4404 Γραφαῖς
597 4329 1089 4402 πρυαπεδείξαμεν,
1123 4329 1313 4399 ὥσπερ
1366 4331 1459 4384 καὶ
1502 4332 1561 4384 ἐν
1602 4331 1681 4402 τῷ

1806 487 1826 520 ι
1860 468 2001 534 Quid
2034 470 2194 524 nobis
2214 478 2266 524 et
2293 470 2390 525 tibi
2416 468 2546 527 Jesu
2571 510 2586 534 ,
2628 471 2732 526 Fili
2766 472 2942 529 Dei”
2966 473 2991 527 ?
3016 493 3034 527 ι
3068 473 3191 530 Haec
3226 475 3394 546 igitur

1804 561 1874 614 de
1906 560 1993 614 his
2031 560 2179 615 dicta
2224 574 2376 616 sunt.
2408 561 2542 628 Qua:
2590 580 2721 619 vero
2767 564 3032 635 deinceps
3079 567 3133 620 in
3179 570 3393 637 pSatmo

1803 662 2135 722 sequuntur,
2164 654 2230 709 ad
2258 654 2436 724 ipsum
2465 653 2745 710 Christum
2776 657 3137 712 enuntiautur
3166 675 3230 713 ex
3260 660 3390 717 illo:

1807 763 1826 795 ι
1864 743 1922 797 In
1976 746 2219 815 scapulis
2270 746 2389 800 suis
2438 747 2792 802 obumbrabit
2839 749 2971 812 tibi,
3019 768 3037 800 ι
3071 751 3392 807 Altissimus

1801 836 2090 899 videlicet,
2124 856 2143 889 ι
2172 845 2227 894 et
2254 839 2359 893 sub
2383 838 2485 893 alis
2513 839 2634 907 ejus
2662 840 2940 910 sperabis,
2969 849 3127 896 scuto
3153 843 3392 898 circum-

1800 927 1953 982 dabit
2000 936 2054 982 tc
2092 930 2298 985 veritas
2335 933 2458 999 ejus
2480 969 2495 993 ,
2531 950 2549 982 ι
2571 941 2625 986 et
2655 933 2916 1002 quoniam
2958 933 3154 989 diebus
3185 950 3253 989 τι.
3284 950 3387 989 no-

1800 1019 2096 1089 ctibusque
2126 1020 2356 1075 totidem
2394 1030 2637 1077 tentatus
2672 1031 2790 1090 est,
2822 1024 2893 1080 de
2924 1024 2992 1081 iis
3024 1027 3247 1096 quidem
3288 1029 3382 1096 qui

1799 1119 1966 1166 noctu
1994 1112 2146 1166 illum
2172 1110 2525 1177 invadebant,
2549 1112 2757 1168 dictum
2782 1123 2869 1171 est
2890 1115 2958 1170 ad
2987 1118 3165 1187 ipsum
3186 1136 3202 1172 :
3225 1136 3244 1169 ι
3268 1116 3390 1174 Non

1800 1203 2027 1259 timebis
2057 1218 2087 1256 a
2118 1204 2316 1259 timore
2348 1212 2621 1260 nocturno
2648 1224 2662 1272 ;
2696 1224 2716 1259 ι
2742 1205 2810 1260 de
2845 1206 3074 1263 iis’vero
3103 1209 3197 1278 qui
3227 1225 3387 1264 eum-

1798 1293 1921 1350 dem
1953 1311 2050 1366 per
2078 1296 2224 1352 diem
2255 1298 2682 1368 oppugnabant,
2717 1297 2854 1353 illud
2884 1320 2897 1355 :
2937 1317 2956 1351 ι
2990 1300 3033 1354 Α
3064 1300 3262 1372 sagitta
3293 1317 3391 1357 ro-

1797 1388 1946 1443 lante
1986 1388 2041 1442 in
2077 1388 2207 1457 die;
2234 1408 2253 1441 »
2279 1391 2408 1445 item
2450 1391 2519 1447 de
2556 1391 2844 1447 nocturnis
2890 1392 3036 1457 illis,
3082 1393 3258 1449 illud:
3288 1412 3309 1446 ι
3343 1395 3389 1450 Α

1797 1480 2021 1551 negotio
2048 1482 2470 1551 perambulante
2498 1484 2553 1538 in
2582 1483 2860 1551 tenebris;
2888 1503 2907 1536 ι
2929 1485 2997 1540 de
3019 1484 3233 1542 diurnis
3255 1502 3389 1543 vero

1798 1571 1931 1627 illud
1958 1592 1971 1627 :
2001 1591 2020 1623 ι
2057 1573 2142 1627 Ab
2175 1575 2398 1630 incursu
2430 1585 2484 1631 et
2510 1575 2782 1631 daemonio
2812 1577 3141 1634 meridiano.
3177 1598 3195 1631 ι
3222 1579 3387 1651 435

1797 1664 1878 1719 Ad
1922 1665 2059 1731 haec,
2098 1667 2359 1736 quoniam
2397 1667 2527 1721 dum
2568 1668 2906 1732 tentabatur,
2940 1670 3196 1740 malignae
3232 1678 3389 1741 pote-

1798 1764 1969 1813 states
1996 1759 2146 1812 illum
2173 1760 2641 1822 circumstabant,
2666 1769 2719 1815 et
2747 1778 2867 1831 qua:
2893 1762 3111 1831 quidem
3140 1764 3287 1819 illius
3315 1766 3387 1819 la-

1797 1855 1887 1904 tus
1911 1849 2166 1905 dextrum
2194 1851 2491 1919 stipabant,
2517 1851 2760 1907 sinistris
2785 1854 2955 1906 multo
2982 1854 3166 1927 plures
3189 1861 3347 1909 erant
3364 1894 3383 1922 ,

1796 1950 1984 2012 utpote
2030 1959 2154 1998 cum
2200 1943 2392 2000 dextra
2437 1945 2595 2015 longe
2647 1946 2756 1998 sint
2795 1945 3134 2009 valentiora,
3184 1948 3385 2003 merito

1795 2033 2114 2104 adjungitur
2129 2034 2197 2088 ad
2227 2033 2479 2089 eumdem
2504 2054 2516 2088 :
2544 2053 2562 2085 ι
2592 2032 2801 2089 Cadent
2829 2050 2857 2088 a
2890 2036 3059 2091 latere
3088 2043 3182 2091 tuo
3212 2038 3380 2100 mille,

1795 2132 1852 2181 et
1883 2126 2071 2180 decem
2103 2125 2271 2179 millia
2306 2140 2336 2178 a
2367 2125 2576 2180 dextris
2602 2126 2712 2182 tuis
2734 2166 2750 2190 ,
2775 2129 2839 2180 ad
2868 2135 2919 2182 te
2941 2136 3122 2184 autem
3148 2143 3255 2183 non
3287 2144 3384 2200 ap-

1793 2217 2208 2287 propinquabit.
2235 2236 2254 2268 ι
2281 2214 2385 2271 Ubi
2428 2234 2446 2266 ι
2473 2232 2503 2269 a
2548 2217 2718 2272 latere
2749 2236 2768 2269 ι
2798 2218 3008 2273 dictum
3049 2229 3158 2286 cst,
3188 2235 3289 2289 pro
3315 2235 3384 2275 co

1793 2305 1941 2376 quod
1964 2313 2044 2361 est
2076 2321 2106 2359 a
2135 2306 2386 2362 sinistro.
2416 2306 2554 2360 Cum
2586 2318 2767 2362 autem
2795 2324 2995 2363 nomen
3023 2308 3239 2365 sinistri
3267 2325 3382 2365 me-

1793 2399 1903 2453 rito
1929 2399 2363 2470 praetermissum
2398 2399 2470 2453 sit
2501 2414 2566 2453 ac
2594 2401 2823 2454 tacitum
2841 2440 2858 2465 ,
2883 2416 2954 2455 ne
2984 2401 3201 2457 adversi
3228 2402 3386 2470 quid-

1793 2491 1938 2561 piam
1971 2498 2067 2545 aut
2103 2491 2318 2546 sinistri
2356 2490 2411 2545 in
2445 2492 2539 2546 illo
2573 2492 2797 2562 reperiri
2834 2494 3111 2556 videatur,
3143 2508 3385 2565 cumquo

1794 2590 1910 2637 tota
1940 2581 2130 2637 decem
2160 2582 2330 2636 millia
2352 2622 2367 2643 ,
2398 2598 2612 2637 necnon
2642 2584 2761 2654 ipsa
2792 2584 2973 2649 mille,
3006 2593 3125 2640 tua:
3151 2600 3184 2641 ε
3209 2584 3381 2642 latere

1792 2675 1914 2743 ejus
1933 2714 1948 2737 ,
1978 2681 2092 2727 tum
2121 2690 2150 2727 a
2177 2674 2389 2729 dextris
2416 2689 2615 2730 casura
2638 2690 2764 2731 esse
2790 2675 3069 2743 dicantur,
3095 2676 3221 2745 jure
3244 2677 3383 2749 opti-

1792 2780 1883 2819 mo
1923 2771 2047 2835 post
2077 2766 2196 2835 ipsa
2228 2765 2343 2821 haec
2370 2766 2633 2836 deinceps
2667 2766 2873 2820 dictum
2905 2776 2990 2823 est
3023 2767 3159 2823 illud
3186 2787 3199 2823 :
3226 2787 3245 2821 ι
3275 2766 3381 2825 Ve-

1792 2866 2100 2913 rumtamen
2140 2859 2318 2915 oculis
2354 2859 2466 2914 tuis
2507 2859 2921 2923 considerabis,
2972 2866 3028 2916 et
3060 2860 3382 2916 retributio-

1793 2965 1914 3004 nem
1951 2962 2302 3019 peccatorum
2336 2950 2570 3017 videbis.
2600 2970 2619 3002 ι
2646 2950 2713 3004 Ει
2741 2951 2858 3007 haec
2878 2991 2893 3017 ,
2921 2951 3139 3022 inquit,
3167 2952 3381 3009 circum

1792 3049 1848 3097 te
1873 3048 2067 3107 erunt,
2100 3041 2194 3112 qui
2224 3058 2284 3097 es
2311 3041 2571 3099 Christus
2598 3042 2729 3107 Dei,
2760 3065 2779 3095 ‹
2803 3044 3067 3114 quoniam
3093 3050 3150 3098 tu
3174 3064 3193 3097 ι
3217 3044 3338 3115 ipse
3358 3083 3377 3109 .

1795 3136 1889 3205 qui
1938 3151 1999 3191 cs
2038 3155 2055 3185 ι
2088 3150 2215 3205 spes
2265 3150 2419 3200 mea,
2454 3136 2800 3190 Altissimum
2834 3136 3066 3205 posuisti
3105 3134 3377 3208 refugium

1795 3235 1970 3282 tuum.
2003 3225 2152 3281 iUbi
2206 3228 2374 3281 etiam
2431 3226 2724 3298 diligenter
2768 3227 3092 3284 observabis
3137 3242 3378 3299 quonam

1792 3328 1954 3390 pacto
1985 3320 2252 3390 propheta
2292 3318 2361 3373 ad
2406 3319 2587 3390 ipsum
2635 3318 2925 3374 Dominum
2957 3320 3105 3376 dicat
3131 3340 3145 3376 :
3177 3339 3197 3373 ι
3229 3320 3381 3388 Quo-

1794 3414 1937 3466 niam
1957 3418 2015 3465 tu
2072 3409 2459 3480 Domine,spes
2496 3426 2636 3477 mea,
2662 3411 3005 3466 Altissimum
3032 3413 3261 3481 posuisti
3287 3428 3380 3469 re-

1756 3508 1763 3516 '
1793 3502 2004 3573 fugiam
2038 3510 2189 3557 tuum
2217 3522 2231 3561 :
2268 3521 2286 3554 ι
2324 3502 2414 3557 ubi
2443 3504 2718 3573 exquisite
2752 3504 2987 3559 alterum
3010 3544 3024 3568 ,
3058 3505 3153 3574 qui
3193 3504 3379 3574 priva-

1791 3598 1890 3651 tim
1925 3603 2011 3651 est
2039 3595 2338 3660 Dominus,
2375 3596 2444 3650 ab
2475 3597 2648 3651 altero
2681 3597 2971 3667 distinguit
3004 3598 3098 3679 qui
3130 3604 3184 3653 et
3211 3598 3378 3667 hujus

1793 3690 1967 3760 ipsius
1999 3697 2085 3745 est
2118 3687 2311 3754 Pater,
2342 3698 2396 3744 et
2424 3697 2690 3760 praeterea
2716 3688 2856 3745 Deus
2897 3690 3202 3746 altissimus
3239 3689 3380 3746 dicl~

1792 3792 1919 3837 tur:
1972 3791 2329 3854 quapropter,
2380 3798 2504 3838 cum
2554 3784 2708 3838 illum
2758 3791 2821 3837 ut
2884 3781 3145 3844 Patrem,
3206 3794 3376 3853 utque

1791 3875 1961 3930 Deum
2002 3875 2331 3930 altissimum
2360 3914 2375 3939 ,
2419 3874 2689 3945 refugium
2735 3890 2935 3939 suum,
2974 3874 3228 3931 Christus
3270 3890 3375 3946 po-

1791 3968 1995 4031 suerit,
2033 3967 2240 4022 dictum
2281 3973 2368 4022 est
2405 3969 2457 4021 ei
2505 3965 2637 4020 illud
2668 3985 2681 4020 ε
2709 3984 2727 4017 ι
2755 3964 2876 4020 Νοιι
2910 3966 3174 4020 accedent
3212 3964 3282 4020 ad
3319 3971 3374 4020 te

1790 4056 1931 4110 mala
1952 4096 1966 4117 ,
1997 4062 2051 4109 et
2079 4054 2354 4124 ﬂagellum
2385 4070 2494 4109 non
2523 4055 2987 4126 appropinquabit
3016 4055 3374 4111 tabernaculo

1789 4155 1903 4201 tuo.
1939 4146 2210 4213 Quoniam
2244 4148 2454 4216 angelis
2485 4147 2603 4202 suis
2633 4148 2916 4202 mandabit
2942 4147 3012 4204 de
3039 4157 3125 4213 te,
3167 4154 3229 4202 ut
3274 4163 3373 4203 cu-

1788 4238 2027 4294 stodiant
2062 4246 2113 4294 te
2145 4239 2199 4293 in
2228 4240 2485 4295 omnibus
2512 4240 2614 4295 riis
2642 4240 2770 4294 tuis.
2805 4239 2862 4293 In
2892 4241 3147 4296 manibus
3175 4248 3366 4311 porta-

1785 4330 1923 4385 bunt
1946 4338 2029 4394 te,
2053 4346 2122 4384 ne
2146 4330 2288 4384 forte
2310 4330 2556 4386 otTendas
2580 4329 2649 4384 ad
2674 4329 2906 4400 lapidem
2933 4330 3125 4401 pedem
3153 4339 3328 4386 tuum.
3344 4351 3364 4385 ι

92 4426 242 4499 μετὰ
278 4426 465 4495 χεῖρας
510 4420 732 4492 ψαλμῷ,
766 4422 825 4486 ὅς
870 4439 1034 4493 φησιν
1062 4422 1143 4485 εἰς
1188 4421 1476 4493 πρόσωπον
1515 4421 1680 4476 αὑτοῦ
1718 4463 1752 4517 D

1792 4421 1853 4476 Et
1882 4438 2017 4478 sane
2046 4424 2340 4495 diligenter
2374 4424 2609 4480 observa
2640 4438 2877 4494 quonam
2909 4423 3076 4478 modo
3097 4464 3110 4487 ,
3144 4425 3201 4487 in
3234 4425 3365 4481 illo:

86 4519 187 4575 τοῦ
229 4516 472 4588 Κυρίου·
512 4534 533 4567 ι
577 4516 697 4569 Ὅτι
731 4514 817 4578 σὺ,
847 4513 1020 4585 Κύριε
1047 4512 1201 4577 ἐλπίς
1244 4530 1366 4584 μου,
1400 4514 1491 4567 τὸν
1525 4514 1686 4584 Ὕψι-
1718 4512 1748 4517 ⁷

1792 4534 1809 4567 ι
1841 4515 2108 4581 Quoniam
2142 4526 2219 4583 tu,
2254 4515 2483 4570 Domine
2541 4530 2669 4584 spes
2699 4530 2841 4577 mea,
2893 4513 3236 4571 Altissimum
3271 4532 3369 4587 po-

88 4629 222 4666 στον
256 4609 382 4664 ἑθου
424 4610 749 4679 καταφυγήν
780 4625 873 4662 σου
895 4625 909 4638 ·
955 4627 975 4659 ι
1007 4609 1291 4679 μονονουχὶ
1317 4607 1520 4677 λέγων·
1560 4609 1684 4663 Ὅτι

89 4706 161 4759 σὺ
202 4703 388 4766 αὐτὸς,
419 4695 465 4755 ὦ
496 4701 691 4774 Κύριε,
724 4700 784 4765 ὃς
817 4698 953 4772 ἐμοῦ
978 4698 1075 4753 τοῦ
1117 4698 1291 4753 ταῦτα
1323 4698 1687 4772 προφητεύον-

85 4814 184 4861 τος
211 4795 372 4859 ἐλπὶς
399 4793 474 4848 ὢν
504 4793 812 4866 τυγχάνεις,
845 4790 1069 4864 μείζονα
1104 4791 1301 4845 σαυτοῦ
1324 4792 1415 4845 τὸν
1438 4792 1571 4846 Θεὸν
1590 4791 1682 4847 τὸν

89 4887 324 4957 ὕψιστον
355 4884 509 4950 εἰδὼς
554 4888 782 4950 ἐκεῖνον,
823 4883 985 4938 αὑτὸν
1029 4882 1153 4936 ἔθου
1190 4883 1512 4953 καταφυγήν
1554 4888 1679 4936 σοῦ’

86 4979 215 5033 ὅθεν
259 4978 357 5033 καί
386 4980 445 5032 ὲν
488 4978 631 5050 ἀρχῇ
670 4975 887 5044 ἐλέγετο
915 4972 1011 5029 τοῦ
1041 4973 1257 5046 ψαλμοῦ
1292 4975 1420 5047 περὶ
1455 4974 1549 5029 τοῦ
1588 4975 1682 5029 αὑ-

1787 4605 1947 4659 suisti
1987 4604 2260 4675 refugium
2302 4613 2480 4671 tuum;
2511 4625 2529 4657 ι
2559 4604 2694 4659 illud
2730 4623 2743 4659 :
2776 4623 2793 4654 ι
2826 4602 3086 4666 Domine,
3118 4622 3137 4655 ›
3174 4619 3272 4674 per
3314 4605 3367 4659 id

1784 4713 1984 4753 nomen
2017 4699 2163 4768 quod
2196 4706 2433 4769 quatuor
2467 4698 2666 4752 litteris
2702 4702 2953 4759 constat,
2996 4696 3050 4750 in
3093 4694 3367 4751 llebraico

1786 4792 2053 4858 scriptum
2088 4789 2190 4856 sit,
2231 4789 2380 4858 quod
2413 4805 2537 4844 cum
2581 4788 2978 4844 iuenunliabile
3017 4803 3140 4843 esse
3178 4787 3367 4844 dicant

1784 4879 2020 4943 Hebraei,
2054 4896 2155 4951 pro
2186 4881 2306 4937 solo
2339 4880 2448 4936 Deo
2477 4890 2532 4937 et
2561 4878 2726 4935 Patre
2757 4895 3023 4950 usurpare
3052 4895 3358 4936 consueve-

1781 4980 1949 5041 runt;
1989 4988 2092 5028 nos
2129 4981 2312 5028 autem
2357 4972 2501 5028 idem
2543 4986 2741 5026 nomen
2786 4970 2877 5025 ubi
2919 4971 2987 5025 de
3024 4967 3185 5025 Verbi
3227 4986 3365 5041 quo-

84 5069 223 5125 τοῦο
277 5090 295 5123 ι
334 5071 395 5124 '0
439 5068 709 5124 κατοικῶν
775 5070 835 5122 ὲν
885 5066 1105 5139 βοηθείᾳ
1147 5066 1242 5121 τοῦ
1282 5067 1561 5138 Ὑψίστου,
1618 5070 1678 5121 ὲν

1792 5082 1890 5137 que
1940 5065 2232 5120 divinitate
2286 5065 2486 5135 agitur,
2530 5064 2600 5141 in
2636 5063 2907 5134 plurimis
2955 5063 3192 5133 positum
3240 5078 3365 5119 esse

86 5164 277 5236 σκέπῃ
324 5161 420 5217 τοῦ
463 5162 600 5217 Θεοῦ
649 5160 881 5235 οὐρανοῦ
926 5159 1334 5232 αὑλισθήσεται.
1398 5161 1544 5232 Ἑρεί
1597 5158 1676 5231 τῷ

85 5257 317 5329 Κυρίῳ·
366 5256 737 5328 ’Δντιλήπτωρ
782 5271 884 5325 μου
912 5249 963 5307 εἷ
1010 5255 1105 5307 καὶ
1139 5254 1427 5325 καταφυγή
1478 5269 1603 5324 μου,
1649 5255 1679 5306 ό

82 5351 223 5414 Θεός
261 5365 387 5419 μου,
422 5347 612 5419 βοηθός
648 5364 772 5419 μου,
803 5348 899 5400 καὶ
932 5344 1102 5399 έλπιῶ
1128 5346 1217 5398 ἐπ’
1242 5343 1425 5400 αὐτόν.
1458 5343 1676 5416 Ἐπειδὴ

81 5444 272 5498 τοίνυν
322 5444 412 5507 σὺ,
448 5435 495 5495 ὦ
524 5440 721 5514 Κύριε,
760 5440 852 5494 τὸν
886 5439 1151 5509 Ὕψιστον
1193 5438 1315 5493 ἔθου
1352 5438 1676 5510 καταφυγήν

86 5554 210 5600 σου,
240 5556 263 5589 ι
282 5534 476 5590 τούτου
505 5536 664 5605 χάριν
691 5531 856 5598 αὐτὸς
872 5534 902 5586 ὁ
926 5532 1210 5604 Ὕψιστος,
1231 5532 1420 5605 φησὶ,ι
1446 5529 1673 5603 ῥύσεταί

157 5714 207 5750 ⁸⁸
245 5715 435 5772 Matth.
472 5732 603 5781 mi,
637 5716 723 5773 Ὦ.

1782 5157 2090 5228 Scripturis
2130 5164 2294 5211 antea
2333 5155 2838 5211 demonstravimus
2865 5196 2880 5221 ,
2923 5163 2984 5208 ut
3023 5154 3152 5209 item
3192 5154 3246 5208 in
3296 5170 3361 5210 eo

1778 5250 1995 5320 psalmo
2028 5250 2123 5320 qui
2158 5264 2309 5305 nunc
2341 5249 2396 5303 in
2438 5249 2696 5304 manibus
2725 5257 2846 5313 cst,
2879 5248 2974 5318 qui
3014 5248 3092 5302 ait
3117 5248 3188 5303 'in
3234 5264 3359 5320 per-

1780 5356 1975 5398 sonam
2028 5340 2206 5412 ipsius
2259 5339 2480 5396 Dumini
2549 5359 2615 5396 :c
2651 5340 2926 5407 Quoniam
2975 5347 3075 5404 tu.
3130 5338 3381 5402 Domine.

1778 5447 1907 5504 spes
1954 5447 2098 5497 mea,
2139 5431 2483 5489 Altissimum
2523 5431 2756 5504 posuisti
2793 5431 3066 5503 refugium
3105 5438 3299 5499 tuum,
3332 5451 3356 5487 ι

1776 5535 2043 5601 tanquam
2075 5526 2126 5584 si
2159 5526 2407 5586 diceret:
2440 5524 2715 5594 Quoniam
2745 5534 2806 5584 tu
2838 5527 2989 5600 ipse,
3019 5541 3055 5584 o
3087 5524 3320 5585 Domino
3341 5567 3357 5595 ,
