3836 6220
464 249 569 304 079

1083 241 1357 300 EUSEBH
1393 242 1876 301 CAESARENSIS
1908 244 2065 302 OPP.
2110 242 2310 300 PARS.
2342 241 2407 297 ii.
2444 271 2515 283 —-
2552 236 3055 295 APOLOGETICA.

3638 234 3738 292 689

463 360 562 430 qui
600 372 722 415 mea
759 373 888 429 spes
918 373 980 413 es
1012 357 1315 413 divinantis
1345 359 1495 426 haec;
1528 359 1682 412 illum
1718 374 1748 412 a
1780 374 1892 430 quo
1922 359 2037 428 ipse

2144 377 2202 413 σε
2242 360 2306 411 ἐκ
2345 358 2573 427 παγίδος
2598 354 2882 427 θηρευτῶν
2909 355 3004 412 καὶ
3035 353 3144 408 ἀπὸ
3167 353 3327 421 λόγου
3359 350 3736 426 ταραχώδους,

463 467 526 506 es
590 448 760 505 Deum
820 450 1154 505 altissimum
1207 449 1397 515 nosti,
1436 449 1681 504 ethunc
1719 450 1901 519 ipsum
1948 465 2048 519 po-

465 543 627 599 suisti
666 541 940 613 refugium
983 549 1138 596 tuum
1163 583 1180 609 ,
1218 558 1283 595 ex
1320 556 1432 611 quo
1468 542 1635 597 etiam
1676 543 1734 596 in
1774 543 2047 613 principio

464 633 665 703 psalmi
694 632 763 688 de
796 633 989 691 eodem
1023 632 1313 688 dicebatur
1339 651 1352 686 :
1383 651 1401 683 ι
1425 630 1528 697 Qui
1560 632 1775 688 habitat
1806 633 1864 688 in
1892 634 2049 702 adju-

466 727 611 782 torio
640 724 910 779 Altissimi
934 763 949 787 ,
981 725 1036 781 in
1065 724 1408 792 protectione
1442 722 1537 779 Dei
1568 724 1693 778 cmli
1731 740 2046 780 commora-

463 816 631 871 bitur.
662 813 830 889 436
861 814 1015 871 Dicet
1048 814 1281 869 Domino
1301 854 1317 879 ,
1357 822 1647 882 susceptor
1680 830 1837 872 meus
1865 832 1925 873 es
1945 858 1962 885 ,
1991 826 2046 872 et

460 908 738 979 refugium
790 924 1007 970 meum,
1063 907 1206 962 Deus
1253 923 1450 973 meus,
1501 908 1723 977 adjutor
1758 924 1950 974 meus,
1992 918 2048 965 et

462 1002 699 1071 Sperabo
740 1002 794 1057 in
836 1017 959 1057 eum
992 1019 1004 1054 :
1046 1002 1311 1070 quoniam
1364 1001 1534 1072 igitur
1571 1009 1664 1068 tu,
1701 1017 1736 1057 ο
1776 1002 2042 1068 Domine,

459 1093 806 1151 Altissimum
838 1093 1077 1163 posuisti
1118 1093 1387 1163 refugium
1429 1102 1584 1148 tuum
1604 1133 1619 1157 ,
1649 1114 1668 1148 ι
1696 1094 1923 1159 idcirco,
1959 1095 2047 1150 in-

457 1186 580 1257 quit
602 1225 618 1250 ,
654 1187 771 1255 ipse
802 1184 1128 1242 Altissimus
1155 1205 1173 1238 ι
1204 1185 1457 1240 liberabit
1490 1192 1544 1240 te
1583 1201 1613 1239 a
1652 1187 1849 1258 laqueo
1877 1203 2046 1243 vena.-

459 1288 640 1335 torum
689 1286 743 1333 et
794 1278 864 1333 ab
912 1278 1163 1334 oratione
1207 1279 1563 1344 turbulenta,
1601 1286 1655 1335 et
1696 1281 1752 1334 in
1798 1280 2043 1350 scapulis

454 1373 575 1427 suis
606 1371 958 1427 obumbrabit
989 1372 1113 1429 tibi.
1147 1391 1165 1423 »
1194 1371 1547 1443 Quapropter
1577 1388 1701 1427 cum
1737 1373 1833 1426 tali
1874 1372 2043 1428 fultus

454 1464 538 1522 sis
576 1472 807 1536 paterno
840 1464 1113 1521 Altissimi
1147 1466 1355 1521 auxilio
1376 1506 1391 1530 ,
1425 1485 1444 1518 ι
1475 1482 1586 1522 non
1632 1466 1854 1521 timebis
1897 1480 1928 1518 a
1973 1467 2044 1519 ti-

456 1573 612 1614 more
642 1567 941 1622 nocturno,
965 1577 984 1610 ι
1012 1574 1194 1629 neque
1225 1560 1454 1615 omnino
1486 1576 1515 1613 a
1549 1560 1809 1630 quapiam
1848 1574 2041 1614 eorum

456 1665 579 1720 quas
607 1650 867 1720 praedicta
904 1659 1065 1718 sunt,
1096 1666 1162 1706 ac
1191 1667 1259 1706 ne
1289 1652 1358 1706 ab
1388 1653 1457 1708 iis
1486 1652 1707 1723 quidem
1733 1667 1857 1721 quae
1885 1651 2043 1707 dein-

2150 454 2242 505 καὶ
2273 453 2332 505 ἐν
2352 453 2463 514 τοῖς
2493 448 2852 520 μεταφρένοις
2874 444 3043 504 αὑτοῦ
3077 444 3387 503 ἐπισκιάσει
3416 461 3522 499 σοι.
3572 463 3594 499 ι
3624 445 3736 499 Διό-

2148 561 2253 615 περ
2280 542 2377 614 τὴν
2407 541 2661 611 τοιαύτην
2695 540 2834 611 ἔχων
2867 537 3140 611 πατρικὴν
3173 535 3267 592 τοῦ
3305 537 3567 606 Ὑψίστου
3619 534 3738 607 βοή-

2147 634 2317 699 θειαν,
2349 635 2411 687 ού
2447 632 2727 704 φοϐηθήσῃ
2764 630 2872 685 ἀπὸ
2903 629 3069 699 φόϐου
3096 627 3432 699 νυκτερινοῦ,
3467 626 3599 683 οὗτε
3638 626 3738 681 ἀπό

2144 743 2291 789 τινος
2324 724 2431 779 τῶν
2456 721 3022 797 προκατειλεγμένων,
3056 720 3192 773 ἀλλὰ
3223 720 3345 775 οὐδὲ
3371 722 3437 775 ἐκ
3463 720 3580 774 τῶν
3612 720 3735 791 ἑῆς

2144 819 2590 891 ἐπιφερομένων·
2651 834 2670 871 ι
2725 815 2878 870 Ἐπεὶ
2924 833 2950 891 γι
2999 814 3109 886 γὰρ
3170 832 3191 865 ι
3237 815 3340 878 σὺ,
3390 814 3596 886 Κύριε,
3650 815 3734 867 τὸν

2151 890 2414 980 Ὕψιστον
2448 910 2569 965 ἔθου
2619 890 2943 980 καταφυγήν
2989 925 3103 972 σου,
3138 906 3228 963 διά
3266 905 3422 960 τοῦτο
3466 908 3528 959 οὺ
3567 923 3736 979 apo»:-

2145 1007 2427 1061 ελεύσεται
2452 1005 2589 1078 πρός
2630 1023 2692 1059 σε
2725 1005 2896 1070 κακὰ,
2932 1004 3027 1058 καὶ
3068 1002 3269 1075 μάστιξ
3308 1003 3408 1057 οὐκ
3448 1002 3641 1071 ἐγγιεῖ
3668 1002 3736 1073 τῷ

2148 1096 2468 1169 σκηνώματι
2516 1113 2631 1150 σου.
2677 1114 2696 1145 ι
2741 1095 3033 1161 Μάστιγας
3076 1093 3134 1147 δὲ
3175 1092 3275 1156 τάς
3316 1092 3422 1147 ἀπὸ
3456 1093 3736 1163 δαιμόνων

2145 1190 2430 1261 ἐνεργείας
2464 1189 2557 1242 καὶ
2586 1189 2648 1243 ἐν
2684 1188 2800 1251 τοῖς
2839 1185 3198 1254 Εὑαγγελίοις
3225 1184 3647 1256 ὀνομαζομένας
3675 1183 3736 1239 ἂν

2143 1278 2347 1351 εὕροις,
2395 1279 2465 1345 ἃς
2508 1278 2633 1335 οὐδὲ
2681 1276 3003 1350 πλησιάζειν
3054 1276 3258 1348 τολμᾷν
3303 1275 3380 1347 τῷ
3409 1275 3735 1348 σκηνώματι

2141 1371 2237 1425 τοῦ
2285 1370 2545 1443 Χριστοῦ,
2585 1371 2832 1425 τουτέστι
2878 1368 2957 1440 τῷ
3000 1367 3213 1440 σώματι
3257 1369 3443 1434 αὑτοῦ,
3494 1368 3733 1432 δυνατὰς

2141 1461 2284 1520 εἷναί
2318 1482 2472 1536 φησι.
2506 1464 2633 1529 Πῶς
2664 1464 2795 1536 γὰρ,
2827 1464 2919 1518 ὅτε
2965 1462 3109 1534 λόγῳ
3145 1462 3305 1533 μόνον
3342 1462 3515 1526 αὑτὰς
3542 1461 3613 1535 ἐξ
3648 1463 3735 1515 ἀν-

2144 1558 2379 1631 θρώπων
2412 1559 2614 1631 ήλασες
2648 1557 2785 1629 Περὶ⁸
2813 1556 3003 1613 τούτου
3038 1557 3095 1610 δὲ
3119 1556 3212 1611 τοῦ
3242 1555 3610 1626 σκηνώματός
3645 1556 3734 1610 καὶ

2141 1659 2172 1711 ό
2221 1652 2385 1707 Δαϐίδ
2428 1668 2561 1707 ποτε
2615 1671 2635 1705 ι
2676 1649 2859 1722 ὤμοσε
2905 1650 2984 1723 τῷ
3031 1650 3242 1722 Κυρίῳ,
3277 1650 3372 1705 καὶ
3405 1648 3621 1721 ηὔξατο
3663 1651 3736 1720 τῷ

452 1719 586 1813 ceps
610 1719 944 1798 adduntur:
988 1759 1116 1797 nam
1158 1762 1180 1795 ι
1213 1745 1473 1812 quoniam
1504 1719 1610 1810 tu,
1650 1719 1902 1811 Domine,
1944 1745 2037 1799 Al-

2144 1742 2261 1814 Θεῷ
2300 1741 2518 1805 Ἰακὼϐ,
2547 1762 2566 1795 ›
2616 1719 2815 1811 λέγων·
2856 1762 2879 1793 ι
2914 1719 2978 1795 Ei
3015 1719 3360 1814 ἀναϐήσομαι
3402 1719 3498 1795 ἐπὶ
3536 1719 3738 1809 κλίνης

454 1836 736 1892 tissimum
784 1836 1021 1906 posuisti
1068 1835 1339 1907 refugium
1384 1845 1538 1891 tuum
1559 1876 1576 1900 ,
1602 1856 1622 1888 ι
1647 1836 1857 1891 idcirco
1886 1856 1905 1889 ι
1928 1852 2037 1891 non

455 1931 719 1986 accedent
766 1929 835 1984 ad
870 1936 927 1984 te
968 1929 1115 1982 mala
1137 1969 1151 1992 ,
1178 1936 1237 1984 et
1286 1928 1561 1999 ﬂagellum
1593 1943 1704 1983 non
1745 1929 2042 1999 appropin-

453 2024 646 2095 quabit
689 2023 1046 2078 tabernaculo
1074 2030 1192 2076 tuo.
1227 2040 1245 2070 ι
1274 2019 1514 2092 Flagella
1557 2037 1727 2091 porro
1763 2020 2040 2078 eﬂicacias

455 2116 705 2187 ipsorum
736 2116 1050 2171 daemonum
1088 2114 1261 2168 etiam
1311 2112 1368 2168 in
1410 2113 1726 2185 Evangeliis
1764 2112 2040 2169 nominari

453 2208 871 2280 deprehendes,
901 2223 1041 2278 quas
1083 2222 1151 2262 ne
1193 2206 1641 2278 appropinquare
1677 2188 1900 2276 quidem
1942 2220 2042 2259 au—

454 2303 588 2357 dere
639 2302 866 2356 idoneas
905 2316 1031 2356 esse
1108 2300 1187 2353 ait
1234 2300 1597 2354 tabernaculo
1644 2298 1887 2363 Christi,
1934 2298 2041 2353 hoc

452 2400 540 2447 cst
568 2392 788 2463 corpori
821 2391 967 2461 ejus.
1007 2390 1110 2457 Qui
1134 2390 1286 2445 enim
1330 2390 1387 2444 id
1426 2391 1773 2459 potuissent,
1819 2388 2041 2459 quando

454 2486 575 2540 solo
614 2486 784 2541 verbo
825 2501 920 2540 eas
954 2500 1025 2539 ex
1069 2483 1390 2543 hominibus
1435 2483 1778 2553 expellebat?
1823 2482 1892 2537 de
1935 2483 2041 2541 hoc

455 2588 635 2635 autem
670 2580 1059 2641 tabernaculo,
1089 2577 1259 2631 etiam
1300 2574 1470 2629 David
1500 2575 1739 2645 quodam
1785 2575 1842 2628 in
1882 2575 2036 2639 loco,

458 2673 689 2742 «juravit
716 2670 1043 2730 Domino,et
1071 2680 1256 2724 votum
1285 2668 1433 2721 vovit
1468 2665 1576 2721 Deo
1603 2664 1774 2721 Jaeob
1803 2667 1910 2729 ⁵⁸.»
1952 2666 2039 2720 his

451 2766 636 2823 verbis
662 2784 676 2821 :
706 2783 724 2817 ι
752 2762 808 2819 Si
843 2762 1147 2819 escendero
1181 2762 1234 2815 in
1267 2761 1469 2814 lectum
1504 2759 1663 2813 strati
1693 2759 1799 2813 mei
1819 2797 1835 2821 .
1866 2759 1912 2815 si
1943 2760 2041 2813 de-

452 2859 585 2914 dero
614 2871 869 2912 somnum
901 2854 1080 2909 oculis
1110 2852 1279 2917 meis,
1326 2857 1380 2905 et
1412 2848 1689 2919 palpebris
1732 2849 1867 2904 meis
1907 2849 2040 2903 dor-

453 2949 826 3009 mitationem.
873 2952 929 3000 et
967 2941 1214 3013 requiem
1262 2938 1609 3009 temporibus
1650 2936 1788 2992 meis
1812 2977 1826 3001 ,
1859 2936 2038 2993 donec

452 3041 724 3097 inveniam
763 3040 942 3094 locum
998 3034 1265 3098 Domino,
1316 3030 1735 3086 tabernaculum
1785 3029 1897 3085 Deo
1946 3030 2106 3127 Ja-c

450 3135 555 3188 cob
576 3134 646 3187 ⁵⁸.
668 3152 688 3185 ι
709 3130 889 3200 Hujus
919 3128 1087 3199 igitur
1118 3124 1467 3181 tabernaculi
1496 3137 1668 3178 causa
1700 3123 1994 3177 dicebatur
2018 3142 2031 3179 :

457 3245 476 3276 σ
510 3223 631 3279 Non
655 3222 878 3278 timebis
906 3236 937 3274 a
968 3220 1169 3274 timore
1199 3224 1495 3281 nocturno,
1525 3239 1544 3268 ι
1570 3223 1626 3271 et
1657 3216 1790 3271 illud
1822 3234 1835 3271 ;
1864 3234 1884 3266 ι
1913 3214 2037 3287 ipse

454 3316 715 3373 liberabit
747 3324 801 3369 te
833 3313 902 3368 de
948 3315 1145 3382 laqueo
1204 3318 1564 3373 venatorum,
1599 3318 1656 3365 et
1685 3310 1754 3363 ab
1786 3310 2037 3367 oratione

451 3411 823 3470 turbulenta,»
844 3415 899 3463 et
927 3406 1062 3461 illud
1086 3426 1103 3462 :
1127 3424 1148 3457 ι
1179 3404 1302 3460 Non
1330 3406 1595 3460 accedent
1612 3406 1678 3460 ad
1709 3414 1763 3459 te
1790 3405 1954 3470 mala,
1982 3412 2037 3460 et

449 3504 724 3575 nageiium
754 3515 864 3557 nou
896 3498 1361 3570 appropinquabit
1390 3497 1751 3552 tabernaculo
1778 3506 1875 3553 tuo
1897 3538 1913 3563 ,
1943 3517 1961 3551 ι
1981 3504 2036 3553 et

448 3610 794 3671 quascunque
835 3592 904 3648 ad
948 3592 1228 3647 hominem
1273 3590 1451 3661 magis
1493 3590 1799 3660 spectantia
1826 3588 1899 3643 de
1940 3591 2035 3645 illo

448 3692 597 3747 dicta
628 3696 792 3753 sunt,
826 3687 972 3743 sicut
1001 3684 1166 3740 etiam
1210 3683 1345 3738 illud
1374 3703 1387 3737 :
1413 3702 1431 3733 ι
1456 3682 1681 3753 Angelis
1722 3681 1840 3737 suis
1878 3698 2035 3738 mau—

448 3783 601 3838 dabit
642 3781 712 3838 de
755 3789 809 3836 te
830 3820 846 3844 ,
888 3787 951 3834 ut
991 3776 1307 3834 custodiant
1337 3782 1391 3829 te
1413 3815 1427 3839 ,
1460 3794 1479 3827 ›
1500 3783 1556 3829 et
1585 3775 1720 3833 illud
1744 3795 1756 3830 :
1782 3794 1800 3826 ι
1825 3775 1887 3833 In
1912 3789 2036 3829 ma-

450 3875 614 3929 nibus
662 3872 966 3943 portabunt
1007 3878 1094 3931 te,
1140 3884 1210 3923 ne
1252 3866 1393 3921 forte
1423 3865 1670 3922 offendas
1697 3867 1765 3920 ad
1800 3866 2034 3936 lapidem

449 3966 642 4037 pedem
673 3975 851 4020 tuum.
882 3983 900 4014 ι
924 3962 1079 4016 Talia
1105 3960 1251 4016 enim
1284 3958 1353 4014 ad
1378 3957 1552 4013 Deum
1592 3958 1706 4013 dici
1751 3973 2034 4029 nunquam

448 4058 767 4114 conveniet:
801 4064 857 4110 at
878 4069 1011 4110 vero
1040 4054 1108 4107 ad
1134 4052 1549 4107 tabernaculum
1573 4052 1715 4119 ejus,
1740 4052 1886 4119 quod
1914 4066 2037 4122 pro-

449 4161 570 4224 pter
606 4167 711 4207 nos
750 4147 1098 4218 assumpsit,
1140 4160 1253 4215 quo
1286 4152 1538 4215 tempore
1570 4164 1587 4195 ι
1624 4143 1863 4199 Verbum
1902 4160 2035 4199 caro

451 4245 655 4299 factum
699 4252 818 4310 est,
867 4249 924 4296 et
970 4238 1241 4293 habitavit
1284 4238 1341 4291 in
1371 4238 1533 4293 nobis
1566 4238 1636 4304 ⁸⁷,
1665 4256 1683 4290 ι
1709 4237 2026 4292 conveniet.

448 4339 723 4393 Caeterum
745 4350 856 4389 non
879 4332 978 4387 abs
1001 4347 1061 4386 re
1085 4328 1458 4399 mihiquidem
1476 4328 1702 4383 videbor
1728 4328 1930 4392 facere,
1956 4328 2028 4392 si,

2142 1838 2435 1910 στρωμνῆς
2475 1853 2597 1907 μου,
2632 1838 2683 1889 εἰ
2715 1835 2871 1890 δώσω
2909 1836 3076 1890 ὕπνον
3112 1838 3226 1898 τοῖς
3263 1833 3568 1905 ὀφθαλμοῖς
3610 1850 3732 1905 μου,

2139 1931 2381 1994 καὶτοῖς
2429 1928 2720 2001 βλεφάροις
2755 1946 2857 2000 μου
2903 1928 3235 1999 νυσταγμὸν,
3280 1929 3375 1987 καὶ
3416 1927 3736 1982 ἀνάπαυσιν

2139 2024 2251 2086 τοῖς
2295 2021 2592 2093 κροτάφοις
2628 2038 2753 2092 μου,
2787 2020 2895 2083 ἕως
2925 2013 2989 2073 οῦ
3026 2018 3174 2091 εὕρω
3204 2018 3368 2073 τόπον
3399 2017 3480 2089 τῷ
3511 2020 3735 2091 Κυρίῳ,

2142 2116 2408 2188 σκήνωμα
2437 2113 2513 2185 τῷ
2563 2113 2685 2184 Θεῷ
2729 2112 2941 2173 Ἰακώϐ.
2979 2132 2997 2163 ι
3048 2111 3160 2166 Καὶ
3196 2111 3390 2165 τούτου
3443 2128 3509 2181 γε
3563 2111 3739 2166 ἕνεκα

2139 2209 2234 2263 τοῦ
2270 2206 2626 2279 σκηνώματος
2657 2207 2875 2276 ἐλέγετο
2894 2224 2907 2237 °
2945 2226 2964 2258 ι
2998 2206 3072 2260 Οὐ
3101 2205 3386 2279 φοόηθήσῃ
3421 2205 3531 2259 ἀπὸ
3561 2205 3735 2274 φόϐου

2139 2302 2479 2375 νυκτερινοῦ,
2524 2321 2543 2353 ι
2576 2303 2671 2355 καὶ
2702 2301 2784 2368 τὸ,
2827 2319 2847 2352 ι
2886 2300 3059 2363 Αὐτὸς
3097 2298 3321 2370 ῥύσεταί
3358 2316 3417 2351 σε
3442 2301 3509 2352 ἐκ
3558 2300 3737 2368 παγὶ-

2138 2393 2227 2457 δος
2247 2394 2532 2465 θηρευτιῗΝ
2566 2394 2662 2449 καὶ
2704 2393 2813 2447 ἀπὸ
2843 2393 3004 2463 λόγου
3027 2391 3398 2464 ταραχώδους,
3440 2411 3464 2444 ι
3505 2393 3609 2445 καὶ
3648 2392 3732 2455 τὸ,

2146 2505 2163 2538 ι
2196 2487 2269 2539 Oti
2306 2486 2724 2559 προσελεύσεται
2757 2484 2897 2558 πρὸς
2937 2484 2996 2537 σὲ
3042 2483 3209 2550 κακὰ,
3250 2485 3346 2539 καὶ
3378 2483 3586 2555 μάστιξ
3635 2487 3734 2539 οὐκ

2139 2581 2314 2647 ἐγγιεῖ
2452 2576 2769 2649 σκηνώματι
2793 2595 2911 2641 σου,
2955 2597 2975 2629 ι
3012 2578 3108 2635 καὶ
3131 2578 3233 2631 ὅσα
3260 2575 3735 2649 ἀνθρωπινώτερα

2138 2671 2266 2743 περὶ
2295 2670 2459 2724 αὐτοῦ
2490 2670 2772 2727 λέλεκται·
2797 2669 2873 2733 ὡς
2903 2669 2999 2723 καὶ
3023 2669 3105 2733 τὸ,
3147 2686 3167 2720 ι
3193 2668 3321 2731 Τοῖς
3338 2668 3603 2738 ἀγγέλοις
3632 2667 3730 2721 αό-

2136 2762 2231 2816 τοῦ
2281 2762 2575 2816 ἐντελεῖται
2613 2761 2743 2833 περὶ
2787 2761 2905 2826 σοῦ,
2944 2760 3039 2814 τοῦ
3072 2760 3399 2831 διαφυλάξαι
3432 2777 3527 2814 σε·
3562 2780 3586 2812 ο
3638 2760 3732 2817 καὶ

2137 2853 2217 2919 τὸ,
2251 2874 2272 2907 ι
2313 2855 2435 2909 Ἐπὶ
2467 2854 2664 2927 χειρῶν
2688 2852 2884 2926 άροῦσί
2916 2869 2975 2906 σε
3004 2853 3214 2924 μήποτε
3246 2852 3569 2925 προσκόψῃς
3592 2851 3730 2923 πρὸς

2137 2944 2282 3000 λίθον
2313 2945 2404 3001 τὸν
2436 2946 2573 3003 πόδα
2621 2962 2735 2999 σου.
2768 2963 2791 2995 ι
2828 2943 3018 3001 Ταῦτα
3049 2942 3159 3015 γάρ
3203 2944 3306 2998 οὐκ
3348 2942 3418 3001 ἂν
3456 2944 3541 3006 ὡς
3592 2943 3731 3013 πρὸς

2137 3039 2271 3094 Θεδν
2297 3039 2551 3109 λέγεσθαι
2578 3039 2831 3112 ἁρμόσοι,
2862 3038 3002 3109 πρὸς
3027 3038 3085 3091 δὲ
3118 3037 3179 3091 τὸ
3225 3036 3496 3108 σκήνωμα
3535 3034 3725 3097 αὑτοῦ,

2137 3132 2274 3202 ὅπερ
2294 3131 2362 3185 δι’
2395 3132 2543 3202 ἡμᾶς
2562 3129 2876 3202 ἀνείληφεν,
2903 3130 2991 3184 ὅτε
3025 3148 3044 3180 ι
3072 3130 3101 3182 ὁ
3128 3128 3300 3196 Λόγος
3322 3125 3461 3198 σάρξ
3488 3126 3725 3195 ἐγένετο.

2138 3224 2234 3279 καὶ
2270 3225 2580 3295 ἐσκήνωσεν
2623 3225 2681 3277 ἐν
2705 3225 2859 3294 ἡμῖν.
2896 3242 2919 3275 θ
2954 3222 3115 3275 Δοκεῖ
3140 3219 3202 3273 δέ
3238 3236 3329 3291 μοι
3364 3217 3549 3281 καλῶς
3580 3217 3728 3288 ἔχειν

2138 3313 2277 3385 ὑπὲρ
2323 3310 2589 3385 ἀκριϐοῦς
2629 3310 2974 3382 βεϐαιώσεως
3010 3309 3120 3363 τῶν
3148 3304 3460 3381 εἰρημένων
3487 3307 3585 3361 καὶ
3627 3306 3729 3371 τὰς

2136 3406 2245 3465 τῶν
2295 3404 2498 3459 λοιπῶν
2543 3403 2897 3476 ἐρμηνευτῶν
2944 3401 3270 3475 παραθεῖναι
3319 3400 3539 3469 φωνάς’
3589 3391 3670 3454 ὧν
3700 3400 3732 3453 ό

2140 3497 2239 3569 μὲν
2284 3496 2514 3560 ’Δκύλας
2543 3495 2719 3560 οὕτως
2766 3494 3002 3565 ἔφησεν*
3054 3512 3077 3544 ι
3132 3494 3254 3550 Ὅτι
3294 3493 3382 3558 σὺ,
3415 3490 3598 3563 Κύριε
3644 3492 3737 3546 i1-

2137 3588 2229 3653 πίς
2265 3607 2390 3660 μου,
2429 3588 2693 3659 Ὕψιστον
2722 3586 2927 3659 ἔθηκας
2969 3585 3286 3657 οἱκητήριόν
3336 3601 3452 3638 σου.
3484 3584 3565 3638 οὐ
3602 3601 3735 3654 μετ-

2135 3681 2435 3754 αχθήσεται
2457 3679 2598 3753 πρὸς
2621 3681 2680 3737 σὲ
2698 3678 2867 3745 κακά,
2892 3678 2986 3732 καὶ
3008 3676 3121 3749 ἁφὴ
3141 3677 3242 3730 οὐκ
3269 3677 3446 3745 ἐγγιεῖ
3467 3678 3526 3729 ἐν
3544 3676 3735 3749 σκέπῃ

2139 3792 2234 3829 σου
2264 3792 2278 3805 ·
2333 3774 2417 3827 ὅτι
2456 3771 2711 3842 ἀγγέλοις
2754 3769 2923 3827 αὑτοῦ
2973 3768 3293 3835 ἐντελεῖται,
3338 3767 3435 3822 τοῦ
3482 3767 3735 3836 φυλάξαι

2138 3882 2198 3919 σε
2233 3869 2293 3921 ἐν
2332 3864 2534 3928 πάσαις
2560 3865 2682 3927 ταῖς
2709 3862 2849 3924 όδοίς
2888 3878 2982 3914 σου
3003 3878 3019 3893 ι
3056 3880 3076 3913 ι
3108 3862 3137 3921 ὁ
3165 3861 3224 3914 δὲ
3252 3860 3555 3931 Σύμμαχος
3580 3878 3598 3893 ·
3618 3861 3734 3913 (Σὺ

2135 3957 2265 4030 γὰρ,
2286 3957 2479 4029 Κύριε,
2499 3954 2700 4026 ἀφοὸία
2720 3972 2844 4026 μου,
2866 3954 3095 4024 ύψίστην
3106 3952 3230 4009 ἔθου
3252 3953 3353 4024 τὴν
3373 3954 3593 4025 οἴκησίν
3610 3973 3735 4009 σου.

2135 4050 2211 4103 Οὐ
2246 4046 2562 4118 κατισχύσει
2591 4063 2685 4099 σου
2717 4044 2908 4109 κακὸν,
2942 4044 3068 4097 οὐδὲ
3097 4042 3209 4114 ἁφὴ
3236 4045 3414 4111 ἐγγιεί
3442 4047 3512 4115 τῇ
3552 4048 3736 4117 σκηνῇ

2137 4157 2230 4193 σου
2251 4156 2265 4169 ·
2312 4141 2394 4193 ὅτι
2433 4141 2547 4201 τοῖς
2577 4137 2831 4208 ἀγγέλοις
2878 4134 3043 4197 αὑτοῦ
3086 4134 3384 4189 ἐντελεῖται
3436 4136 3572 4208 περὶ
3609 4136 3737 4199 σοῦ,

2132 4232 2226 4286 τοῦ
2275 4230 2599 4301 διαφυλάξαι
2644 4247 2706 4285 σε
2750 4231 2810 4287 ἐν
2855 4230 3058 4294 πάσαις
3115 4228 3273 4292 ὁδοῖς.
3308 4248 3332 4285 ›
3382 4228 3610 4284 Οὐκοῦν
3643 4230 3739 4284 διὰ

2131 4325 2335 4379 τούτων
2385 4324 2566 4378 αὐτῶν
2596 4323 2675 4394 τῷ
2701 4324 2893 4396 Κυρίῳ
2942 4324 3190 4377 λέλεκται
3233 4324 3310 4387 ὡς
3354 4324 3491 4395 περὶ
3537 4326 3737 4397 ἐτέρου

449 4445 561 4502 quo
577 4427 910 4499 exquisitius
932 4439 997 4480 ac
1011 4423 1269 4479 stabilius
1288 4437 1351 4476 ea
1374 4436 1496 4491 qua:
1517 4420 1664 4475 dicta
1685 4427 1813 4475 sunt
1833 4420 2031 4475 contir-

2144 4418 2382 4491 μείζονος
2427 4418 2509 4482 τὸ,
2563 4437 2581 4469 ι
2614 4419 2739 4481 Τοῖς
2773 4418 3024 4487 ἀγγέλοις
3060 4417 3227 4473 αὑτοῦ
3264 4417 3567 4473 ἐντελεῖται
3601 4421 3739 4493 περὶ

448 4531 689 4588 mentur,
713 4519 1051 4589 reliquorum
1084 4529 1307 4586 quoque
1338 4514 1702 4583 interpretum
1731 4512 2034 4569 sententias

447 4617 828 4684 editionesque
851 4613 954 4667 hoc
977 4611 1098 4664 loco
1126 4622 1382 4677 posuero.
1408 4621 1642 4675 quorum
1670 4621 1815 4660 unus
1839 4604 2035 4675 Aquiia

449 4711 504 4765 in
534 4708 680 4762 hunc
723 4705 946 4759 modum
986 4699 1225 4756 reddidit
1252 4718 1267 4755 :
1294 4717 1312 4749 ι
1341 4697 1612 4764 Quoniam
1640 4707 1697 4752 tu
1721 4736 1736 4761 ,
1768 4696 2032 4760 Domine.

447 4815 574 4870 spes
613 4813 754 4861 mea,
802 4795 1144 4851 Altissimum
1187 4791 1420 4863 posuisti
1460 4791 1829 4846 habitaculum
1854 4798 2029 4846 tuum.

445 4892 565 4948 Non
597 4890 957 4963 traducentur
993 4886 1060 4941 ad
1092 4894 1145 4940 te
1176 4884 1319 4939 mala
1348 4924 1363 4948 ,
1394 4892 1449 4938 et
1476 4892 1661 4938 tactus
1695 4898 1806 4941 non
1836 4897 2031 4953 appro-

447 4984 810 5058 pinquabitin
844 4981 1185 5052 protectione
1219 4987 1313 5032 tua
1337 4997 1350 5033 :
1372 4979 1628 5048 quoniam
1666 4977 1877 5045 angelis
1910 4976 2028 5031 suis

446 5071 768 5137 mandavit,
803 5083 863 5129 ut
895 5072 1210 5128 custodiant
1248 5079 1303 5125 te
1333 5071 1389 5125 in
1421 5070 1681 5125 omnibus
1710 5070 1816 5124 viis
1846 5070 1976 5123 tuis.
2006 5087 2023 5120 ι

449 5168 556 5225 Sed
589 5166 975 5241 Symmachus,
1000 5184 1018 5216 ι
1040 5163 1127 5218 Tu
1161 5166 1332 5229 enim,
1370 5163 1571 5233 inquit,
1601 5160 2031 5222 Domine,secu-

446 5263 584 5318 ritas
616 5275 736 5316 mea
758 5298 773 5322 ,
801 5258 1128 5313 altissimam
1164 5255 1398 5326 posuisti
1427 5253 1822 5308 habitationem
1850 5258 2023 5305 tuam.

443 5352 606 5429 43³1
638 5350 757 5407 Non
810 5351 1108 5405 invalescet
1144 5348 1434 5403 adversum
1468 5354 1523 5400 te
1577 5346 1804 5406 malum,
1846 5357 2030 5413 neque

443 5454 626 5500 tactus
678 5441 1142 5515 appropinquabit
1174 5439 1415 5495 tentorio
1439 5445 1535 5491 tuo
1575 5456 1589 5491 :
1630 5436 1892 5507 quoniam
1924 5450 2028 5488 an-

445 5540 580 5611 gelis
609 5538 726 5594 suis
770 5535 1055 5591 mandabit
1082 5535 1150 5589 de
1190 5541 1352 5601 te,,ut
1383 5530 1695 5588 custodiant
1742 5536 1798 5584 te
1829 5529 1886 5583 in
1914 5544 2030 5583 om-

521 5726 566 5759 ι·
606 5722 754 5779 Psal.
786 5680 995 5787 οχχιιξ
1020 5722 1077 5779 a.
1154 5723 1198 5754 σα
1238 5721 1367 5777 ibid.
1404 5722 1435 5776 5
1468 5721 1521 5779 5.
1600 5722 1642 5753 ιτ
1682 5718 1840 5776 Joau.
1882 5732 1930 5783 I,
1970 5716 2056 5771 ιι.

2133 4512 2250 4575 σοῦ,
2281 4510 2374 4565 τοῦ
2401 4510 2789 4581 διαφυλάσσειν
2824 4527 2882 4562 σε
2911 4512 2970 4564 ἐν
2999 4510 3203 4574 πάσαις
3235 4512 3358 4574 ταῖς
3391 4511 3558 4576 ὁδοῖς.
3607 4514 3733 4566 Ἐπὶ

2131 4604 2329 4677 χειρῶν
2374 4603 2566 4676 ἀροῦσί
2607 4620 2690 4669 σε,
2732 4601 2932 4673 δηλαδὴ
2974 4601 3037 4656 σὲ
3076 4601 3169 4659 τὸν
3211 4601 3454 4673 Κύριον,
3516 4604 3735 4674 μήποτε

2133 4697 2198 4748 σὺ
2234 4698 2266 4749 ὁ
2293 4695 2499 4767 Κύριος
2547 4695 2867 4768 προσκόψῃς
2907 4695 3043 4767 πρὸς
3074 4694 3225 4748 λίθον
3257 4694 3350 4748 τὸν
3384 4695 3527 4749 πόδα
3555 4713 3676 4749 σου.
3710 4724 3729 4745 .

2133 4792 2371 4855 Ταύταις
2388 4790 2445 4844 δὲ
2467 4790 2561 4843 καὶ
2581 4792 2610 4843 ό
2630 4789 2875 4852 διάϐολος
2895 4791 3015 4853 ταῖς
3037 4787 3248 4853 λέξεσιν
3269 4788 3330 4840 ἐν
3356 4786 3438 4858 τῷ
3466 4789 3611 4842 κατά
3632 4787 3733 4839 τοῦ

2127 4884 2381 4956 Σωτῆρος
2402 4882 2560 4953 ἡμῶν
2579 4880 2874 4954 πειρασμῷ
2898 4879 3186 4952 κέχρηται,
3210 4882 3324 4946 ὅτε,
3350 4898 3368 4930 ι
3383 4880 3735 4951 Παραλαϐὼν

2126 4977 2289 5032 αὑτὸν
2337 4978 2417 5040 εἰς
2444 4976 2544 5046 τὴν
2588 4975 2750 5044 ἁγίαν
2800 4974 2977 5037 πόλιν,
3027 4973 3257 5044 ἔστησεν
3310 4973 3478 5026 αὑτὸν
3528 4974 3625 5026 ἐπὶ
3672 4973 3737 5027 τὸ

2126 5067 2419 5140 πτερύγιον
2442 5067 2538 5122 τοῦ
2567 5066 2738 5140 ἱεροῦ,
2763 5067 2859 5120 καὶ
2885 5062 3039 5120 εἶπεν
3070 5064 3243 5136 αὐτῷ’
3279 5065 3345 5118 Ei
3381 5065 3515 5129 Υἱὸς
3544 5062 3595 5118 εἴ
3629 5066 3733 5119 τοῦ

2125 5160 2283 5228 Θεοῦ,
2314 5160 2445 5231 βάλε
2480 5159 2706 5214 σεαυτὸν
2743 5157 2993 5212 ἐντεῦθεν
3035 5156 3207 5213 κάτω.
3236 5156 3559 5228 Γέγραπται
3587 5159 3732 5229 γὰρ,

2135 5252 2219 5304 ὅτι
2258 5253 2373 5315 τοῖς
2417 5250 2675 5320 ἀγγέλοις
2706 5249 2875 5305 αὑτοῦ
2926 5249 3223 5306 ἐντελεῖται
3275 5251 3408 5323 περὶ
3440 5250 3571 5315 σοῦ,
3610 5252 3735 5307 -καὶ

2135 5344 2228 5397 ἐπὶ
2253 5343 2449 5415 χειρῶν
2473 5341 2668 5414 ἀροῦσι
2695 5359 2777 5405 σε,
2821 5343 3035 5414 μήποτε
3060 5342 3381 5415 προσκόψῃς
3415 5342 3551 5415 πρὸς
3572 5342 3733 5395 λίθον

2134 5436 2226 5491 τὸν
2264 5435 2399 5490 πόδα
2437 5452 2555 5489 σου.
2593 5435 2738 5508 Πρὸς
2786 5435 2847 5489 ὃν
2889 5437 2919 5489 ὁ
2945 5434 3151 5507 Κύριος
3200 5434 3363 5505 ἡμῶν
3401 5433 3731 5506 ἀποκριθεὶς

2136 5525 2257 5582 εἷπε
2281 5547 2294 5562 ·
2366 5528 2711 5598 Γέγραπταιο
2781 5528 2896 5585 οὐκ
2957 5526 3312 5599 ἐκπειράσεις
3365 5527 3569 5597 Κύριον
3627 5525 3729 5579 τὸν
