3836 6220
213 268 312 322 681

1135 267 1792 326 DEMONSTBATIONIS
1833 268 2298 328 EVANGELICE
2340 271 2471 330 LIB.
2509 273 2599 332 IX.

3381 279 3489 335 632

209 386 344 439 Θεόν
375 403 489 439 υυυ.
526 403 547 438 ›
601 388 697 439 Et‘:
754 385 877 438 ἐπεὶ
928 387 986 437 tv
1034 383 1114 455 τῷ
1159 387 1452 457 πειρασμῷ
1503 386 1640 455 μετὰ
1695 385 1804 439 τῶν

1909 387 2071 444 nibus
2097 389 2220 443 viis.
2262 406 2280 439 ι
2314 386 2484 459 Igitur
2515 393 2668 446 nisce
2717 391 2850 461 ipsis
2899 395 3237 457 auctoribus,
3281 397 3348 450 ad
3382 397 3490 451 Do-

208 483 446 557 θηρίων,
478 482 622 537 κατὰ
657 481 747 535 τον
781 477 1195 550 εὐαγγελιστὴν,
1244 479 1502 550 διέτριϐε,
1543 480 1714 533 ποίων
1745 479 1802 533 δὲ

209 576 313 629 οὐκ
358 575 811 644 ἀναγέγραπται,
871 571 1203 642 σαφέστερον
1253 569 1412 624 τοῦτο
1453 569 1587 623 αὐτὸ
1627 573 1661 641 ἡ
1706 568 1802 623 τοῦ

208 667 428 739 ψαλμοῦ
462 673 767 739 προφητεία
809 668 878 719 τά
912 665 1026 734 εἴδη
1060 664 1170 718 τῶν
1201 664 1409 734 Θηρίων
1452 664 1800 736 αἰνιττομένη

210 763 412 834 φησίν·
456 780 476 812 ι
519 762 642 814 Ἐπὶ
675 761 877 814 ἀσπίδα
907 759 1003 812 καὶ
1051 757 1362 828 βασιλίσκον
1399 755 1670 827 ὲπιϐήσῃ,
1707 755 1802 809 καὶ

211 857 623 927 καταπατήσεις
677 854 867 906 λέοντα
917 852 1010 905 καὶ
1056 851 1344 922 δράκοντα.
1390 868 1409 902 ι
1475 849 1646 912 Αὐτὸς
1703 849 1800 920 μὲν

209 944 307 1003 οὖν
342 949 410 1001 τὰ
449 945 802 1020 ἀρχικώτατα
855 944 962 1000 τῶν
1003 944 1210 1014 νοητῶν
1238 941 1440 1013 Θηρίων
1472 941 1662 995 λέοντα
1708 941 1802 995 καὶ

206 1041 502 1111 δράκοντα,
535 1039 738 1093 ἀσπίδα
771 1039 866 1091 καὶ
907 1035 1241 1108 βασιλίσκον,
1273 1035 1435 1089 αὐτὸν
1476 1033 1676 1106 δηλαδὴ
1707 1033 1801 1088 τὸν

205 1133 476 1196 διάϐολον,
507 1134 602 1186 καὶ
627 1132 728 1196 τὰς
756 1130 1052 1201 μετάὑτοῦ
1080 1128 1407 1203 άρχοντικὰς
1429 1129 1523 1182 καὶ
1555 1126 1802 1199 πονηρὰς

205 1223 470 1294 δυνάμεις
511 1225 923 1293 καταπατήσειν
966 1218 1418 1292 μεμαρτύρηταιο
1466 1219 1578 1280 τοῖς
1618 1215 1799 1288 δὲτὴν

204 1316 402 1387 ὁμοίαν
428 1315 626 1387 ἀρετὴν
657 1313 805 1384 αὐτῷ
833 1313 1190 1383 κεκτημένοις
1219 1310 1489 1382 μαθηταῖς
1527 1310 1622 1362 καὶ
1661 1311 1799 1362 ἀπο-

209 1409 424 1472 στόλοις
457 1408 620 1462 αὐτοῦ
656 1408 754 1478 τὴν
786 1405 1034 1470 ἐξουσίαν
1065 1404 1228 1467 αὐτὸς
1256 1402 1352 1459 τοῦ
1383 1403 1572 1455 πατεῖν
1615 1402 1800 1454 ἐπάνω

205 1501 386 1570 δφεων
450 1502 543 1553 καὶ
606 1499 882 1569 σκορπίων
931 1498 1216 1568 δωρεῖται,
1274 1496 1374 1549 οὐκ
1436 1493 1542 1549 ἐῶν
1603 1494 1800 1556 αὐτοὺς

209 1591 575 1662 πειρασθῆναι
619 1589 758 1660 ὑπὲρ
799 1588 827 1640 ὃ
868 1586 1150 1642 δύναιντο·
1193 1587 1354 1657 μόνου
1397 1586 1506 1658 γὰρ
1534 1581 1603 1656 ἦν
1632 1584 1796 1638 αὐτοῦ

1905 479 2114 534 minum
2173 474 2434 550 tanquam
2495 481 2563 538 de
2612 481 2849 539 Domino
2901 487 3108 540 dictum
3158 495 3243 541 est
3301 489 3486 546 illud:

1910 590 1929 623 ‹
1971 573 2194 644 Angelis
2245 575 2363 629 suis
2395 576 2669 629 mandavit
2700 577 2768 632 de
2809 587 2884 643 te,
2919 589 2977 634 ut
3005 581 3318 635 custodiant
3350 593 3402 638 te
3431 583 3486 638 in

1903 656 2160 721 omnibus
2194 667 2300 722 viis
2333 669 2461 723 luis.
2496 667 2551 723 In
2579 671 2830 726 manibus
2864 673 3159 741 portabunt
3188 681 3261 735 te.
3299 674 3490 729 videli-

1903 767 1988 814 cet
2012 765 2062 813 te
2096 756 2408 823 Dominum,
2444 776 2514 815 ne
2558 760 2696 817 forte
2729 773 2783 817 tu
2826 763 3092 822 Dominus
3133 764 3380 823 otfendas
3418 767 3488 821 ad

1902 850 2139 920 lapidem
2197 851 2388 921 pedem
2443 860 2617 907 tuum.
2669 876 2687 907 ι
2723 853 2864 922 Quin
2905 857 3068 912 etiam
3121 859 3374 916 diabolus
3429 861 3487 915 in

1903 943 2206 1000 tentatione
2253 944 2520 999 adversus
2565 945 2905 1002 Salvatorem
2957 958 3233 1013 nostrum,
3277 949 3485 1006 eisdem

1904 1051 2038 1090 usus
2069 1045 2152 1090 cst
2187 1037 2391 1095 verbis.
2415 1037 2635 1107 quando
2660 1057 2678 1088 ι
2711 1047 3052 1109 assumptum
3090 1042 3240 1094 illum
3274 1043 3325 1096 iu
3359 1057 3489 1096 san-

1902 1135 2046 1181 ctam
2079 1128 2351 1184 civitatem
2383 1130 2667 1182 constituit
2701 1144 2867 1198 supra
2893 1131 3249 1200 pinnaculum
3271 1133 3482 1202 templi,

1900 1227 1954 1275 et
1985 1219 2124 1274 dixit
2163 1221 2211 1275 ei
2249 1238 2262 1274 :
2301 1219 2358 1274 Si
2403 1218 2575 1274 Filius
2627 1219 2720 1276 Dei
2765 1237 2846 1288 es,
2890 1223 3042 1277 mitte
3084 1224 3316 1293 tcipsum
3355 1225 3485 1280 hinc

1900 1311 2179 1369 deorsum.
2237 1310 2514 1382 Scriptum
2570 1321 2654 1368 est
2703 1314 2871 1377 enim,
2928 1315 3073 1384 quod
3107 1317 3316 1387 angelis
3367 1319 3485 1373 suis

1901 1403 2179 1457 mandabit
2199 1402 2265 1457 de
2295 1409 2366 1466 te,
2393 1412 2446 1458 et
2472 1404 2524 1456 in
2559 1404 2809 1458 manibus
2827 1406 3121 1474 portabunt
3152 1418 3222 1473 te,
3257 1423 3324 1461 ne
3344 1407 3485 1465 forte

1899 1493 2144 1549 ollendas
2172 1495 2237 1548 ad
2289 1495 2520 1564 lapidem
2560 1498 2748 1565 pedem
2787 1505 2958 1551 tuum.
2988 1499 3070 1552 Ad
3108 1515 3269 1568 quem
3296 1500 3482 1555 Domi-

1899 1600 2005 1640 nus
2033 1587 2595 1655 nosterrespondens.
2623 1589 2697 1641 ait
2726 1608 2738 1642 :
2775 1589 3050 1659 Scriptum
3084 1599 3190 1655 est,
3228 1608 3334 1646 non
3363 1602 3484 1648 ιυιι-

205 1683 398 1746 τὸτάς
430 1682 646 1754 χείρους
689 1684 746 1734 tv
790 1681 1024 1752 πονηρίᾳ
1067 1680 1354 1750 δυνάμεις,
1399 1678 1495 1732 καὶ
1540 1677 1700 1730 αὐτὸν
1733 1675 1796 1748 δὴ

1902 1678 2044 1731 tabis
2077 1676 2368 1730 Dominum
2403 1677 2567 1731 Deum
2601 1687 2752 1733 tuum
2773 1680 2837 1733 ⁸⁸.
2872 1701 2888 1732 ι
2925 1680 3192 1739 Przctcrea
3221 1687 3483 1756 quoniam

201 1777 299 1831 τὸν
326 1777 542 1830 πάντων
571 1776 806 1847 ἄρχοντα
825 1776 919 1829 καὶ
946 1774 1209 1844 τύραννον
1234 1773 1329 1826 τοῦ
1360 1771 1556 1834 αἰῶνος
1586 1769 1797 1835 τούτου,

1902 1767 1957 1820 in
2012 1768 2316 1821 tentatione
2361 1783 2486 1821 cum
2543 1767 2695 1832 feris,
2741 1777 2800 1823 ut
2853 1771 2970 1842 ipse
3019 1776 3352 1845 evangelista
3401 1785 3487 1832 est

200 1872 272 1941 τῇ
303 1869 472 1940 ὲνθέῳ
497 1869 663 1922 αὐτοῦ
691 1867 921 1940 δυνάμει
957 1868 1265 1940 καθαιρεῖν.

1899 1868 2113 1925 auctor,
2141 1859 2486 1926 versabatur,
2519 1877 2644 1915 cum
2681 1863 2880 1932 quibus
2911 1873 3090 1920 autem
3137 1883 3246 1921 non
3275 1867 3486 1924 descri-

200 1974 358 2033 ptum
383 1971 468 2019 est
490 1964 690 2034 palam,
720 1979 840 2018 eam
872 1978 985 2018 rem
1016 1964 1191 2033 ipsius
1256 1961 1451 2031 psalmi
1513 1959 1856 2021 vaticinium,
1897 1957 2027 2012 dum
2082 1971 2280 2024 genera
2345 1955 2584 2010 ferarum
2645 1968 3071 2030 commemorat,
3139 1964 3485 2023 manifestius

198 2059 500 2128 eloquitur,
539 2057 628 2113 his
656 2057 840 2112 verbis
870 2073 882 2108 :
919 2077 937 2108 ι
981 2055 1157 2127 Super
1187 2057 1429 2127 aspidem
1473 2063 1526 2111 et
1561 2055 1882 2111 basiliscum
1940 2052 2232 2118 ascendes,
2273 2061 2329 2107 et
2351 2055 2708 2111 conculcabis
2739 2055 2950 2111 leonem
2981 2066 3035 2114 et
3083 2058 3405 2131 draconem;
3453 2085 3472 2118 ι

200 2153 298 2207 ιιδὶ
329 2153 574 2225 aspidem
605 2161 660 2207 et
687 2153 1027 2216 basiliscum,
1059 2154 1236 2222 ipsum
1268 2153 1454 2222 utique
1484 2151 1786 2213 diabolum,
1826 2157 1881 2205 et
1915 2151 2007 2219 qui
2038 2151 2214 2218 ipsum
2257 2158 2585 2220 sequuntur,
2618 2153 2961 2223 principatus
3041 2160 3323 2232 malasque
3383 2177 3484 2232 po-

196 2255 933 2315 testates,conculcaturum
969 2247 1222 2302 aﬂirmat.
1289 2247 1362 2303 lis
1400 2257 1608 2310 autem,
1661 2247 1755 2317 qui
1817 2245 2052 2302 similem
2105 2244 2209 2314 ipsi
2244 2245 2501 2300 virtutem
2547 2247 2694 2301 nacti
2749 2257 2898 2314 sunt,
2965 2251 3253 2324 discipulis
3296 2257 3483 2326 utique

198 2347 321 2401 suis
371 2353 534 2417 atque
580 2345 865 2416 apostolis,
912 2351 1236 2414 potestatem
1285 2343 1571 2398 incedendi
1620 2358 1786 2413 super
1823 2349 2108 2411 serpentes
2153 2349 2208 2395 et
2255 2341 2578 2410 scorpiones
2658 2341 2919 2411 donavit,
2982 2362 3095 2403 non
3159 2352 3484 2421 permittens

199 2455 302 2495 eos
350 2440 548 2494 tentari
590 2453 756 2508 supra
800 2452 962 2508 quam
1007 2435 1147 2491 ferre
1198 2445 1467 2506 possent:
1523 2435 1590 2490 ad
1635 2435 1788 2490 illum
1827 2433 1972 2489 enim
2005 2431 2182 2487 solum
2215 2432 2520 2502 spectabat,
2589 2433 2805 2504 pejores
2871 2435 2926 2488 in
2959 2438 3203 2508 nequitia
3237 2450 3484 2510 potesta-

200 2541 307 2594 tes,
346 2546 446 2586 nec
492 2547 600 2584 non
636 2531 814 2600 ipsum
850 2529 1096 2583 omnium
1148 2528 1450 2598 prim-ipem
1496 2527 1790 2597 sacculique
1829 2525 1995 2594 hujus
2024 2532 2340 2595 tyrannum,
2369 2523 2555 2578 divina
2581 2539 2680 2580 sua
2706 2526 2908 2582 virtute
2931 2537 3303 2598 prosternere.

213 2650 352 2704 Ἀπὸ
412 2649 517 2702 τοῦ
558 2651 820 2717 Ἡσαΐου.
850 2679 920 2688 -—-
947 2650 1086 2717 Περὶ
1135 2647 1248 2716 τῆς
1287 2650 1620 2716 Γαλιλαίας
1675 2647 1793 2702 τῶν

275 2719 618 2791 ἐθνῶλν,ὲφ’
655 2716 694 2791 ᾗ
730 2723 762 2774 ό
799 2721 1002 2791 Σωτὴρ
1029 2716 1217 2791 mea»
1263 2721 1336 2791 τὰ
1379 2721 1638 2791 αλεῑοξτα
1674 2719 1794 2772 τῶν

275 2787 632 2858 παραδόξων
660 2787 1140 2860 ἐἰργάσατο,“καὶ
1173 2789 1308 2858 περὶ
1348 2787 1456 2858 τῆς
1494 2789 1616 2844 τῶν
1645 2791 1792 2844 dao-

275 2863 515 2914 στόλων
540 2860 727 2914 αὐτοῦ
759 2861 1055 2927 κλήσεως.

279 2972 482 3027 «Τοῦτο
521 2974 735 3046 πρῶτον
770 2974 882 3038 πίε,
928 2976 1064 3043 ταχὺ
1099 2975 1264 3038 ποίει,
1291 2974 1445 3048 χώρα
1481 2973 1790 3038 Ζαϐουλὼν,

1898 2647 1974 2701 Ab
2016 2645 2188 2702 Isaia.
2225 2645 2400 2724 —_De
2423 2645 2650 2702 Galilwa
2690 2650 3040 2724 gent_ium,_in
3079 2671 3185 2724 qua
3234 2655 3483 2712 Salvator

1967 2729 2144 2793 noster
2174 2718 2473 2793 maximam
2499 2718 2717 2793 suorum
2739 2718 3120 2793 miraculorum
3148 2736 3350 2793 partem
3369 2731 3484 2784 edi-

1964 2789 2066 2853 dit,
2092 2797 2141 2843 et
2167 2787 2231 2842 de
2266 2788 2628 2859 apostolorum
2649 2790 2815 2860 ipsius
2845 2795 3133 2850 vocatione.

1966 2961 2136 3034 438
2154 2983 2172 3013 ι
2196 2960 2313 3017 Hoc
2335 2963 2573 3034 primum
2597 2964 2743 3030 bibe,
2769 2965 2882 3021 cito
2905 2965 3013 3032 fac,
3038 2971 3190 3041 regio
3209 2972 3479 3043 Zabulon,

198 3062 236 3135 ἠ
282 3064 356 3134 γῆ
406 3065 757 3136 Νεφθαλείμ,
811 3067 908 3120 καί¹
945 3069 994 3120 οἱ
1037 3066 1216 3120 λοιποὶ
1265 3068 1316 3119 oi
1370 3067 1470 3137 τὴν
1514 3066 1819 3139 παραλίαν‹

1896 3063 2036 3112 terra
2066 3055 2436 3126 Nephthalim,
2471 3064 2524 3112 et
2547 3059 2742 3128 reliqui
2772 3060 3104 3116 maritimam
3151 3064 3476 3134 incolentes,

197 3157 615 3224 κατοικοῦντες,
673 3159 765 3211 καὶ
821 3160 998 3231 πέραν
1045 3159 1138 3214 τοῦ
1183 3159 1446 3230 Ἰορδάνου
1468 3201 1484 3225 ,
1534 3159 1794 3215 Γαλιλαία

195 3246 310 3300 τῶν
355 3247 546 3311 ἐθνῶν,
597 3249 626 3300 ὁ
657 3247 786 3324 λαὸς
837 3251 866 3302 ό
894 3250 1258 3321 πορευόμενος
1306 3253 1364 3304 tv
1398 3252 1608 3316 σκότει,
1654 3251 1792 3305 ἴδετε

198 3339 321 3408 φῶς
357 3340 531 3410 μέγα,
577 3341 672 3394 καὶ
715 3343 828 3404 τοῖς
869 3343 1213 3397 κατοικοῦσιν
1253 3344 1311 3396 tv
1345 3341 1503 3416 χώρᾳ
1541 3343 1635 3398 καὶ
1663 3345 1793 3415 σκιᾷ

196 3435 468 3503 θανάτου,
514 3435 631 3506 φῶς
665 3436 867 3508 λάμψει
917 3437 1002 3506 ἐφ’
1046 3439 1208 3508 ὑμᾶς.
1265 3439 1339 3491 Τὸ
1393 3438 1646 3493 πλεῖστον
1693 3439 1789 3493 τοῦ

192 3531 329 3586 λαοῦ
367 3531 395 3585 ὅ
423 3534 735 3604 κατήγαγες
768 3535 828 3588 tv
859 3533 1166 3606 εὐφροσύνῃ
1201 3550 1316 3597 σου,
1354 3535 1449 3586 καὶ
1481 3534 1778 3606 εὐφρανθή-

194 3641 384 3678 σονται
424 3622 656 3678 ἐνώπιόν
693 3643 810 3693 σου,
841 3625 916 3690 ὡς
953 3627 1002 3679 οί
1041 3626 1454 3697 εὐφραινόμενοι
1483 3627 1540 3678 tv
1569 3625 1786 3698 ἀμητῷ,

193 3716 296 3770 καὶ
320 3716 379 3770 ὃν
407 3717 607 3788 τρόπον
645 3719 694 3770 oi
737 3717 1103 3790 διαιρούμενοι
1147 3717 1352 3773 σκῦλα’
1381 3719 1514 3773 διότι
1555 3721 1789 3791 ἀφαιρε-

194 3807 424 3878 θήσεται
457 3809 484 3860 ὁ
513 3807 675 3876 ζυγὸς
705 3809 733 3861 ὀ
758 3809 845 3861 ἐπ’
879 3808 1058 3861 αὐτῶν
1090 3808 1364 3877 κείμενος,
1397 3811 1493 3861 καὶ
1527 3811 1560 3879 ἡ
1597 3807 1787 3879 ῥάϐδος

194 3901 232 3970 ἡ
269 3901 362 3952 ἐπὶ
408 3899 502 3952 τοῦ
558 3901 829 3972 τραχήλου
877 3899 1076 3955 αὐτῶν.
1132 3901 1244 3972 Τὴν
1290 3901 1401 3973 γὰρ
1445 3901 1641 3970 ράσδον
1679 3900 1786 3954 τῶν

195 3989 576 4042 ἀπαιτούντων
631 3990 944 4043 διεσκέδασε
985 3990 1220 4061 Κύριος,
1255 3991 1330 4055 ώς
1379 3994 1444 4062 τῇ
1493 3992 1674 4063 ἡμέρᾳ
1721 3993 1784 4063 τῇ

194 4081 293 4133 ἰπὶ
317 4080 540 4151 Μαδιάμ
560 4099 572 4112 ·
601 4082 681 4134 ὅτι
711 4083 892 4134 πᾶσαν
930 4081 1121 4153 στολὴν
1154 4081 1593 4153 ὲπισυνηγμένην
1629 4083 1784 4153 δόλῳ,

195 4173 296 4226 καὶ
327 4174 540 4244 ἱμάτιον
569 4174 707 4245 μετὰ
744 4174 1091 4244 καταλλαγῆς
1125 4175 1466 4238 ἁποτίσουσι,
1495 4176 1591 4229 καὶ
1632 4175 1787 4248 θελή-

197 4281 386 4318 σουσιν
414 4268 462 4318 εί
491 4267 825 4336 ἐγενήθησαν
856 4269 1250 4340 πυρίκαυστον
1293 4268 1373 4323 ὅτι
1403 4267 1616 4322 παιδίον
1660 4271 1784 4338 ὲγε-

192 4355 336 4427 νήθη
365 4358 516 4427 ἡμῖν,
548 4359 639 4412 καὶ
681 4357 794 4422 υίὸς
835 4360 990 4430 ἐδόθη
1019 4362 1171 4432 ἡμῖν,
1201 4354 1261 4414 οὗ
1300 4361 1333 4431 ἡ
1362 4361 1503 4432 ἀρχὴ
1551 4359 1783 4432 ἐγενήθη

1894 3157 1948 3204 et
1973 3155 2129 3204 trans
2160 3146 2457 3204 Iordanem
2485 3148 2707 3205 Galilaea
2731 3153 2996 3223 gentium,
3023 3157 3256 3226 populus
3283 3159 3480 3214 ambu-

1893 3241 2013 3296 lans
2052 3242 2107 3296 in
2141 3241 2404 3308 tenebris,
2432 3242 2614 3298 videte
2643 3243 2820 3299 lucem
2856 3261 3132 3318 magnam,
3167 3249 3478 3309 habitantes

1893 3334 1950 3388 in
1996 3334 2221 3403 regione
2259 3341 2315 3389 et
2361 3335 2556 3390 umbra
2593 3337 2810 3402 mortis,
2838 3338 2927 3393 lux
2971 3341 3278 3410 splendebit
3315 3361 3482 3416 super

1891 3442 2011 3483 vos.
2059 3426 2365 3481 Plurimum
2419 3428 2605 3500 populi
2661 3432 2809 3499 quod
2856 3430 3132 3489 deduxisti
3184 3436 3240 3490 in
3289 3437 3475 3494 laetitia

1893 3527 2021 3575 tua:
2053 3529 2107 3575 et
2122 3521 2455 3576 laetabuntur
2487 3536 2674 3576 coram
2707 3530 2782 3588 te,
2815 3531 3078 3596 tanquam
3107 3529 3201 3597 qui
3226 3529 3478 3587 laetantur

1892 3612 1948 3668 in
1984 3628 2184 3675 messe,
2219 3619 2274 3668 et
2320 3613 2781 3683 quemadmodum
2826 3617 2919 3686 qui
2965 3618 3216 3674 dividunt
3246 3623 3421 3692 spolia
3457 3641 3474 3681 :

1889 3707 2147 3775 quoniam
2170 3705 2450 3762 auferetur
2467 3707 2658 3777 jugum
2697 3708 2843 3779 quod
2871 3725 3037 3780 super
3064 3711 3200 3782 ipsis
3236 3719 3478 3785 positum

1887 3808 2006 3864 est,
2051 3808 2108 3856 et
2154 3800 2311 3871 virga
2355 3815 2478 3871 qua
2535 3816 2703 3871 super
2752 3803 2896 3857 collo
2941 3806 3207 3874 ipsorum.
3251 3808 3474 3882 Virgam

1887 3892 2034 3947 enim
2067 3894 2432 3963 repetentium
2473 3894 2760 3964 dissipavit
2788 3894 3076 3965 Dominus,
3110 3901 3254 3956 sicut
3285 3904 3341 3958 in
3383 3905 3475 3962 die

1887 3999 2054 4054 super
2086 3985 2343 4049 Madiam,
2382 3985 2643 4055 quoniam
2673 4002 2892 4043 omnem
2935 3999 3143 4046 vestem
3175 4008 3477 4068 congrega-

1887 4081 2000 4128 tam
2043 4075 2190 4139 dolo,
2225 4084 2279 4131 et
2308 4079 2700 4132 vestimentum
2738 4095 2864 4134 cum
2919 4086 3318 4151 permutatione
3351 4103 3476 4158 per-

1889 4168 2126 4234 solvent,
2171 4175 2225 4223 et
2262 4169 2449 4224 volent
2475 4169 2521 4225 si
2569 4169 2698 4225 facti
2740 4171 2946 4229 fuerint
2997 4175 3122 4244 igne
3153 4180 3472 4237 combusti:

1884 4260 2148 4330 quoniam
2202 4263 2466 4331 puerulus
2496 4270 2659 4318 natus
2689 4272 2775 4319 est
2818 4266 2998 4330 nobis,
3043 4275 3098 4322 et
3138 4269 3284 4327 filius
3311 4273 3474 4330 (latus

1887 4359 1971 4406 est
2003 4351 2184 4419 nobis,
2205 4354 2366 4424 cujus
2389 4355 2726 4427 principatus
2754 4359 2964 4414 exstitit
2991 4377 3156 4431 super
3184 4362 3471 4422 humerum

193 4447 296 4501 ἐπὶ
330 4448 423 4502 τοῦ
458 4448 610 4519 ώμου
643 4449 827 4504 αὐτοῦ.
875 4451 985 4504 Καὶ
1026 4451 1274 4506 καλεῖται
1316 4451 1374 4504 τὸ
1408 4451 1580 4523 ὄνομα
1615 4451 1782 4507 αὑτοῦ
1818 4504 1819 4507 η

1896 4440 2030 4509 ejus.
2058 4440 2124 4494 Et
2154 4445 2444 4499 vocabitur
2490 4461 2689 4501 nomen
2741 4447 2863 4516 ejus
2897 4453 3082 4520 magni
3123 4457 3340 4511 consilii
3373 4474 3474 4513 an-

197 4539 444 4612 μεγάλης
489 4539 681 4612 βουλῆς
720 4541 980 4611 ἄγγελος,
1014 4543 1199 4614 ἅρχων
1254 4543 1497 4615 εἰρήνης,
1536 4542 1781 4608 ἐξουσια-

193 4629 354 4699 στὴς,
380 4629 512 4694 Θεὸς
555 4631 802 4702 ἰσχυρὸς,
841 4632 1022 4704 πατὴρ
1055 4633 1148 4686 τοῦ
1192 4633 1476 4704 μέλλοντος
1513 4635 1726 4700 αἰῶνος.
1757 4654 1775 4688 υ

190 4720 345 4791 Πρὸς
385 4722 557 4776 ἅπασι
595 4726 710 4787 τοῖς
751 4723 936 4788 ’ἄλλοις
985 4723 1290 4797 ἐπληροῦτο
1334 4727 1430 4780 καὶ
1476 4725 1650 4781 ταῦτα
1688 4728 1782 4781 ἐπὶ

190 4811 292 4867 τὸν
330 4814 564 4887 Σωτῆρα
605 4815 700 4870 καὶ
729 4815 929 4890 Κύριον
972 4817 1129 4889 ἡμῶν
1174 4817 1380 4889 Ἰησοῦν
1415 4818 1508 4872 τὸν
1539 4817 1777 4890 Χριστὸν

187 4904 293 4961 τοῦ
316 4905 478 4970 Θεοῦ,
521 4907 609 4960 ὅτε
651 4908 795 4962 κατὰ
845 4908 935 4961 τὸν
984 4909 1295 4980 θαυμαστὸν
1358 4909 1773 4982 εὐαγγελιστὴν,

193 5015 220 5052 σ
243 4995 528 5062 Ἀκούσας,
560 4998 642 5050 ὅτι
680 4998 930 5069 Ἰωάννης
965 4998 1235 5070 παρεδόθη
1254 5039 1268 5063 ,
1315 4997 1666 5071 ἀνεχώρησεν
1697 5001 1778 5064 εἰς

186 5088 296 5160 τὴν
327 5089 634 5153 Γαλιλαίαν,
683 5089 778 5143 καὶ
823 5088 1141 5144 καταλιπὼν
1182 5089 1281 5162 τὴν
1306 5089 1562 5163 Ναζαρὲθ
1607 5090 1778 5146 ἐλθὼν

188 5179 516 5254 κατῴκησεν
560 5183 640 5245 είς
670 5183 1040 5254 Καπερναοὺμ
1088 5183 1188 5254 τὴν
1225 5183 1676 5254 παραθαλασσίαν
1717 5185 1778 5240 ὲν

184 5271 363 5344 apice;
391 5271 675 5326 Ζαϐουλὼν
713 5274 807 5327 καὶ
841 5273 1186 5346 Νεφθαλείμ,
1227 5276 1376 5339 ὅπως
1420 5275 1680 5349 πληρωθῇ
1717 5277 1779 5330 τὸ

191 5363 362 5436 ῥηθὲν
401 5364 490 5418 διὰ
527 5365 748 5419 Ἡσαΐου
783 5365 877 5419 τοῦ
912 5368 1191 5438 προφήτου
1224 5367 1507 5436 λέγοντος’
1555 5369 1634 5440 Γῆ
1675 5371 1778 5423 Ζα-

187 5454 422 5522 ϐουλὼν,
469 5457 564 5510 καὶ
593 5457 665 5528 γῆ
691 5457 1007 5528 Νεφθαλείμ
1031 5499 1045 5522 ,
1089 5458 1206 5514 ὁδὸν
1239 5459 1514 5530 θαλάσσης
1537 5500 1552 5522 ,
1603 5460 1776 5530 πέραν

187 5546 290 5600 τοῦ
327 5545 590 5618 Ἰορδάνου
612 5588 628 5613 ,
669 5548 928 5602 Γαλιλαία
971 5549 1081 5602 τῶν
1120 5551 1312 5615 ἐθνῶν,
1357 5554 1386 5605 ὁ
1418 5551 1546 5614 λαὸς
1589 5551 1772 5624 καθή-

188 5653 362 5712 μενος
389 5639 449 5690 tv
478 5636 657 5692 σκότει
686 5638 804 5708 φῶς
829 5634 936 5693 εἶδε
969 5639 1134 5710 μέγα,
1167 5641 1260 5694 καὶ
1286 5645 1399 5706 τοῖς
1428 5641 1775 5700 κατοικοῦσιν

264 5791 315 5825 ⁸⁸
350 5789 542 5849 Matth.
575 5809 656 5857 tv,
689 5793 810 5848 5-7.
885 5795 933 5829 "
971 5795 1079 5848 lsa.
1117 5810 1201 5857 Ix,
1236 5795 1350 5850 1-6.

559 5881 834 5948 ΡΑτιιοι..
889 5884 1006 5946 Gn.
1057 5885 1256 5946 XXII.

1885 4533 2065 4602 gelus,
2124 4534 2382 4605 princeps
2441 4537 2616 4605 pacis,
2656 4538 2749 4608 jus
2791 4547 2846 4594 et
2888 4543 3189 4609 potentiam
3239 4546 3470 4616 habens,

1887 4623 2036 4679 Deus
2086 4624 2270 4690 fortis,
2324 4637 2482 4696 pater
2529 4629 2698 4684 futuri
2754 4634 3029 4688 saeculi”.
3063 4655 3082 4687 ι
3118 4634 3326 4694 Ριιαιιθι·
3365 4641 3473 4697 alia

1887 4719 2071 4773 omnia
2089 4719 2358 4789 completa
2384 4729 2514 4775 sunt
2543 4723 2706 4777 etiam
2741 4725 2856 4779 haec
2883 4726 2938 4780 in
2968 4725 3250 4786 Salvatore
3276 4746 3342 4788 ac
3372 4731 3477 4789 Do-

1886 4810 2036 4865 mino
2066 4818 2259 4867 nostro
2300 4810 2455 4877 Iesu,
2488 4814 2580 4884 qui
2616 4815 2875 4873 Christus
2919 4817 3012 4876 Dei
3049 4830 3153 4884 est,
3187 4839 3298 4894 quo
3326 4832 3471 4882 tem-

1883 4917 2038 4972 pore,
2076 4911 2137 4957 ut
2164 4903 2387 4962 divinus
2434 4909 2770 4978 evangelista
2803 4921 2999 4968 auctor
3033 4921 3140 4981 est,
3171 4934 3191 4967 ι
3223 4915 3471 4978 Audiens

1881 4999 2029 5068 quod
2061 4997 2305 5057 Joannes
2348 5003 2590 5060 traditus
2621 5013 2788 5070 esset,
2821 5009 3054 5065 secessit
3082 5011 3139 5066 in
3164 5009 3468 5083 Galilaeam,

1882 5092 1938 5142 et
1973 5088 2162 5142 relicta
2190 5088 2483 5157 Nazareth,
2508 5096 2732 5150 veniens
2754 5097 3018 5153 habitavit
3040 5101 3094 5155 in
3125 5102 3470 5173 Capernaum

1879 5180 2036 5250 juxta
2089 5197 2241 5238 mare
2289 5185 2346 5238 in
2397 5184 2597 5242 finibus
2627 5185 2872 5243 Zabulon
2914 5198 2970 5246 et
3005 5191 3380 5264 Neplithalim,
3409 5207 3471 5252 ut

1886 5273 2207 5344 impleretur
2234 5276 2381 5344 quod
2417 5278 2624 5334 dictum
2644 5287 2739 5335 est
2787 5297 2886 5351 per
2915 5280 3110 5339 Isaiam
3147 5288 3469 5356 prophetam

1883 5365 2153 5421 dicentem
2195 5383 2209 5420 :
2254 5367 2424 5423 Terra
2475 5369 2746 5437 Zabulon,
2787 5380 2843 5427 et
2893 5382 3038 5430 terra
3096 5376 3468 5448 Nepbthalim,

1881 5459 2026 5512 viam
2059 5461 2250 5522 maris,
2287 5467 2442 5517 trans
2479 5461 2774 5520 Jordanem
2803 5463 3026 5524 Galilaea
3059 5471 3340 5539 gentium:
3373 5489 3473 5536 po-

1882 5551 2048 5620 pulus
2078 5550 2275 5608 sedens
2324 5553 2380 5607 in
2425 5554 2670 5610 tenebris
2719 5556 2858 5612 vidit
2896 5558 3078 5616 lucem
3108 5577 3392 5633 magnam,
3418 5573 3473 5621 et

1881 5643 2259 5702 habitantibus
2301 5645 2360 5702 in
2397 5648 2620 5719 regione
2647 5657 2704 5707 et
2732 5651 2930 5732 umbra
2958 5654 3173 5723 mortis,
3211 5655 3306 5711 lux
3349 5666 3470 5713 orta

3038 5904 3118 5962 22
