3836 6220
402 223 504 280 683
1069 219 1338 276 EUSEBll
1372 221 1849 278 CAESARIENSIS
1888 222 2019 278 OPP
2072 224 2253 280 PARS
2293 224 2355 280 ll.
2381 258 2450 266 -—
2480 224 2961 284 APOLOGETICA
3551 237 3646 294 684

398 354 484 401 est
516 346 618 401 cis.
655 343 732 398 Ex
766 343 861 398 illo
889 342 1053 416 igitur
1083 344 1251 416 coepit
1283 339 1444 400 Jesus
1485 345 1782 415 praedicare
1809 354 1863 398 et
1889 345 1942 401 di

2072 350 2132 402 ἐν
2170 346 2320 418 χώρᾳ
2362 347 2454 400 καὶ
2503 350 2632 418 σκιᾷ
2673 348 2902 402 Θανάτου
2929 392 2942 415 ,
2978 350 3092 419 φῶς
3137 352 3409 406 ἀνέτειλεν
3444 358 3644 421 αὐτοῖς.

397 456 523 494 cere
551 455 564 490 :
598 437 982 493 Paenitentiam
1015 437 1178 507 agite,
1211 436 1473 505 quoniam
1513 438 1970 508 appropinquavit

397 544 626 600 regnum
651 529 936 583 ccelorum.
968 526 1293 582 Praeterieris
1322 535 1504 581 autem
1524 526 1680 596 juxta
1700 543 1850 582 mare
1873 525 1972 581 Ga-

396 621 548 675 lilaeae
575 619 710 674 vidit
733 619 871 673 duos
901 619 1120 685 fratres,
1155 616 1464 672 Simeonem
1498 619 1591 686 qui
1615 628 1842 674 vocatur
1867 617 1970 674 Pe-

395 723 538 778 trus,
587 721 640 768 et
681 711 956 766 Andream
1005 710 1230 765 fratrem
1280 711 1401 781 ejus
1447 713 1727 766 mittentes
1759 720 1872 765 rete
1911 713 1968 767 in

396 821 583 860 mare:
615 811 773 860 erant
824 806 966 858 enim
1023 803 1348 873 piscatores;
1377 811 1432 858 et
1473 804 1548 856 ait
1579 804 1687 858 illis
1721 824 1734 858 :
1774 803 1968 860 Venite

393 905 517 968 post
542 913 647 964 me,
671 906 724 952 et
758 896 955 953 faciam
981 912 1075 950 vos
1101 896 1402 966 piscatores
1433 895 1736 951 hominum.
1764 897 1845 950 llli
1871 913 1968 951 au-

391 999 498 1044 tem
527 989 708 1043 statim
740 989 944 1043 relictis
974 989 1178 1042 retibus
1206 987 1380 1042 secuti
1411 996 1540 1041 sunt
1576 1003 1721 1043 eum.
1756 988 1821 1041 Et
1848 1003 1969 1058 pro-

392 1081 572 1137 fectus
612 1082 738 1137 inde
771 1081 908 1135 vidit
951 1080 1087 1134 alios
1119 1081 1256 1135 duos
1292 1079 1509 1145 fratres,
1541 1079 1806 1136 Jacobum
1861 1081 1964 1135 Ze-

387 1173 582 1237 bedaai,
606 1180 659 1227 et
688 1170 952 1227 Joannem
991 1170 1213 1226 fratrem
1246 1171 1366 1241 ejus
1399 1173 1453 1225 in
1488 1172 1613 1226 navi
1644 1187 1769 1226 olim
1805 1170 1968 1226 Zebe-

387 1268 505 1320 daeo
531 1272 686 1336 patre
717 1266 956 1334 ipsorum
993 1264 1302 1319 reﬁcientes
1341 1263 1478 1318 retia
1513 1279 1633 1328 sua,
1663 1272 1717 1318 et
1749 1263 1967 1318 vocavit

385 1373 481 1412 eos
511 1374 524 1408 ε
559 1356 637 1410 illi
671 1362 848 1409 autem
884 1356 1147 1410 continuo
1177 1355 1361 1409 relicta
1394 1354 1518 1408 navi
1545 1362 1600 1408 et
1629 1362 1784 1424 patre
1813 1354 1959 1423 ipso-

385 1463 530 1510 rum,
562 1446 736 1500 secuti
764 1453 891 1499 sunt
919 1460 1062 1497 eum.
1094 1445 1159 1496 Et
1180 1444 1450 1498 circuibat
1479 1441 1638 1498 Jesus
1665 1451 1832 1497 totam
1864 1441 1967 1496 Ga-

385 1537 579 1591 lilream
608 1537 811 1592 docens
841 1537 894 1589 in
922 1537 1281 1590 conventibus
1309 1552 1522 1599 eorum,
1555 1535 1720 1607 439
1740 1544 1793 1591 et
1823 1553 1963 1606 prae-

381 1630 573 1686 dicans
602 1629 951 1700 Evangelium
994 1629 1227 1700 rcgni,et
1257 1645 1457 1684 sanans
1489 1643 1706 1683 omnem
1740 1630 1960 1697 aegritu-

2087 438 2220 491 Ἀπὸ
2263 438 2383 490 τότε
2427 438 2558 507 γοῦν
2606 435 2810 510 ἤρξατο
2868 444 2896 494 ό
2943 441 3152 514 Ἰησοῦς
3205 445 3503 516 κηρύσσειν
3560 451 3648 502 καὶ

2071 530 2285 599 λέγειν·
2348 531 2713 597 Μετανοεῖτε,
2761 532 2843 584 ὅτι
2876 534 3104 604 ήγγικεν
3160 536 3193 606 ἡ
3242 535 3488 605 βασιλεία
3545 540 3649 592 τῶν

2070 623 2334 694 οὐρανῶν.
2371 625 2643 696 Παρὰγων
2678 624 2734 677 δὲ
2772 624 2922 695 παρὰ
2955 625 3054 696 τὴν
3094 626 3370 681 θάλασσαν
3411 631 3511 700 τῆς
3544 632 3645 684 Fa—

2069 714 2278 778 λιλαίας
2311 710 2419 767 εἶδε
2460 715 2552 767 δύο
2592 715 2890 784 ἀδελφοὺς,
2925 716 3142 786 Σίμωνα
3184 719 3276 772 τὸν
3321 721 3647 792 καλούμενον

2069 807 2294 879 Πέτρον,
2335 807 2429 859 καὶ
2457 806 2712 878 Ἀνδρέαν
2743 807 2835 860 τὸν
2871 808 3098 878 ἀδελφὸν
3132 809 3320 874 αὑτοῦ,
3359 811 3645 880 βάλλοντας

2067 896 2476 968 ἀμφίϐληστρον
2523 899 2602 961 είς
2639 897 2736 968 τὴν
2771 897 3043 952 Θάλασσαν
3067 916 3080 928 ·
3116 896 3257 972 ἦσαν
3302 901 3411 973 γὰρ
3447 903 3640 967 ἁλιεῖς·

2066 991 2160 1042 καὶ
2201 989 2346 1058 λέγει
2399 990 2610 1052 αὐτοῖς’
2657 989 2822 1042 Δεῦτε
2869 990 3044 1043 ὀπίσω
3095 1009 3228 1062 μου,
3288 994 3382 1046 καὶ
3433 996 3645 1065 ποιήσω

2066 1079 2209 1148 ὑμᾶς
2256 1078 2428 1141 ἁλιεῖς
2479 1079 2807 1150 ἀνθρώπων.
2860 1081 2923 1133 Οἱ
2971 1081 3027 1134 δὲ
3072 1082 3272 1146 εὐθέως
3317 1084 3548 1151 ἀφέντες
3581 1085 3646 1138 τά

2065 1171 2256 1224 δίκτυα
2283 1171 2655 1242 ἠκολούθησαν
2694 1172 2860 1242 αὐτῷ.
2888 1173 2998 1226 Καὶ
3032 1174 3240 1244 προϐὰς
3270 1176 3479 1228 ἐκεῖθεν
3510 1171 3644 1228 εἶδεν

2064 1263 2255 1328 ἄλλους
2291 1265 2384 1318 δύο
2428 1265 2712 1334 ἀδελφοὺς,
2749 1265 3001 1318 Ἰάκωϐον
3053 1267 3142 1318 τὸν
3193 1266 3285 1318 τοῦ
3337 1267 3644 1331 Ζεϐεδαίου,

2063 1357 2155 1409 καὶ
2191 1357 2442 1428 Ἰωάννην
2471 1357 2562 1410 τὸν
2600 1356 2825 1426 ἀδελφὸν
2869 1357 3055 1421 αὑτοῦ,
3092 1361 3148 1411 ὲν
3179 1357 3257 1429 τῷ
3300 1357 3472 1428 πλοίῳ
3509 1361 3644 1428 μετὰ

2061 1446 2346 1501 Ζεϐεδαίου
2371 1447 2464 1501 τοῦ
2488 1449 2691 1520 πατρὸς
2713 1447 2893 1501 αὐτῶν
2916 1449 3341 1520 καταρτίζοντας
3366 1449 3435 1502 τὰ
3460 1450 3646 1504 δίκτυα

2061 1539 2261 1605 αὐτῶν,
2282 1614 2284 1616 τ
2304 1541 2398 1594 καὶ
2430 1540 2686 1594 ἐκάλεσεν
2713 1540 2929 1604 αὐτούς.
2967 1543 3028 1594 Οἱ
3061 1542 3118 1594 δὲ
3155 1541 3378 1605 εὐθέως,
3410 1542 3658 1611 ἀφέντες.

2059 1633 2120 1686 τὸ
2174 1633 2356 1686 πλοῖον
2421 1633 2517 1686 καὶ
2574 1633 2668 1686 τὸν
2720 1633 2934 1704 πατέρα
2996 1633 3209 1695 αὐτῶν,
3268 1633 3644 1704 ἠκολούθησαν

379 1723 561 1778 'dinem
585 1731 638 1777 et
663 1738 877 1777 omnem
908 1722 1223 1792 languorem
1249 1722 1302 1775 in
1337 1721 1553 1792 populo.
1585 1720 1648 1775 Et
1678 1722 1809 1776 abiit
1841 1723 1943 1792 opi-

2061 1722 2229 1793 αὐτῷ.
2264 1725 2376 1777 Καὶ
2407 1723 2671 1795 περιῆγεν
2717 1725 2746 1776 ό
2785 1703 2989 1794 Ἰησοῦς
3030 1725 3158 1796 ὅλην
3203 1724 3299 1795 τὴν
3330 1703 3642 1786 Γαλιλαίαν,

379 1816 473 1868 nio
500 1813 620 1882 ejus
651 1813 706 1866 in
745 1820 911 1867 totam
950 1812 1164 1882 Syriam
1193 1831 1205 1866 :
1251 1820 1304 1867 et
1337 1811 1634 1866 afferebant
1660 1813 1710 1866 ei
1762 1828 1956 1869 omnes

375 1907 521 1961 male
571 1906 857 1971 habentes,
891 1905 1059 1958 variis
1101 1903 1308 1957 morbis
1341 1911 1395 1957 et
1433 1904 1771 1960 cruciatibus
1803 1920 1956 1960 com-

378 1995 701 2065 prehensos,
736 2002 790 2048 et
828 1993 1096 2048 daemonia
1138 1992 1428 2059 habentes,
1471 2001 1526 2047 et
1576 1993 1869 2057 lunaticos,
1901 2001 1956 2049 et

376 2087 726 2156 paralyticos,
787 2093 841 2139 et
889 2084 1118 2139 sanabat
1147 2098 1265 2148 eos,
1317 2092 1376 2137 et
1431 2085 1801 2154 sequebantur
1828 2100 1951 2140 eum

368 2179 552 2234 turbae
597 2178 781 2232 multae
812 2193 842 2231 a
871 2175 1094 2231 Galilaea
1118 2177 1183 2230 °°.
1225 2195 1244 2229 ι
1288 2176 1433 2231 Sane
1464 2176 1579 2231 haec
1611 2178 1792 2231 omnia
1821 2193 1952 2247 pro-

366 2280 498 2342 pter
530 2271 872 2341 prophetiam
917 2271 1168 2340 exposui,
1207 2286 1327 2340 quae
1357 2271 1410 2324 in
1445 2269 1663 2325 Galilaea
1694 2285 1950 2342 magnum

365 2364 560 2417 'lumen
589 2363 703 2417 fore
731 2363 1038 2432 pollicetur,
1065 2373 1119 2417 et
1147 2363 1200 2416 in
1235 2363 1455 2433 regione
1485 2363 1728 2416 Zabulon
1753 2379 1816 2417 ac
1841 2362 1951 2417 Nc-

374 2454 661 2522 phthalim,
698 2470 821 2509 cum
857 2463 1038 2508 tamen
1087 2464 1279 2508 neutra
1313 2455 1383 2508 sit
1429 2453 1648 2507 Galilaza
1683 2455 1946 2524 gentium.

359 2547 483 2598 -Cnr
505 2557 685 2599 autem
713 2546 768 2600 in
798 2545 1016 2600 Galilaea
1049 2544 1288 2615 gentium
1317 2546 1612 2615 plurimum
1638 2545 1950 2601 diversatus

364 2640 491 2692 est?
519 2639 787 2692 Nimirum
817 2647 876 2691 ut
906 2638 1150 2692 omnium
1183 2638 1423 2708 gentium
1457 2637 1760 2694 vocationis
1789 2653 1949 2692 exor-

369 2731 459 2783 dia
492 2729 883 2793 constitueret;
916 2727 1116 2782 etenim
1149 2727 1276 2781 inde
1325 2728 1598 2797 profectos
1649 2730 1948 2799 discipulos

369 2837 498 2877 suos
531 2821 795 2876 evocavit.
827 2819 1097 2886 Quocirca
1129 2819 1294 2890 pau'lo
1335 2821 1529 2889 postin
1552 2823 1742 2876 eodem
1775 2822 1950 2877 Evan-

368 2916 508 2985 gelio
529 2915 771 2970 invenies
795 2913 1106 2968 Matthmum
1129 2913 1196 2968 de
1217 2911 1436 2968 Galilaea
1462 2922 1715 2969 vocatum
1737 2914 1940 2972 fuisse:

367 3013 421 3060 et
459 3007 513 3059 in
549 3006 657 3061 alio
697 3021 894 3060 rursus
941 3005 1094 3061 Levi.
1125 3004 1411 3076 Philippus
1456 3014 1660 3072 autem,
1689 3015 1748 3061 ut
1798 3007 1942 3078 apud

365 3095 630 3152 Joannem
661 3098 879 3168 legitur,
912 3097 978 3153 de
1019 3074 1326 3154 Bcthsaida—
1350 3098 1630 3169 profectus
1668 3106 1752 3154 est
1807 3074 1943 3154 civi-
1969 3074 2013 3135 ϐ

369 3196 478 3244 tate
507 3189 737 3244 Andrea:
768 3199 820 3244 et
852 3189 997 3244 Petri
1023 3207 1035 3241 :
1070 3192 1219 3261 atqui
1244 3192 1358 3246 hazc
1387 3192 1503 3261 ipsa
1538 3201 1656 3247 erat
1685 3193 1938 3248 Galilmw.

367 3279 508 3344 Quin
540 3279 702 3334 etiam
743 3279 887 3347 apud
933 3280 1183 3334 eumdem
1218 3281 1605 3350 evangelistam
1639 3284 1841 3353 nuptize
1870 3283 1943 3338 fa-

312 3367 314 3369 ’
366 3379 468 3425 ctae
497 3378 628 3425 sunt
660 3371 714 3424 in
737 3371 886 3426 Cana
915 3369 1169 3437 Galilzeze,
1203 3373 1294 3426 ubi
1323 3390 1446 3427 cum
1482 3373 1744 3431 Dominus
1775 3376 1942 3431 admi-

367 3463 610 3516 rabiliter
643 3477 840 3532 aquam
871 3462 926 3515 in
960 3463 1150 3525 vinum,
1185 3472 1596 3530 commutasset,
1644 3466 1940 3523 miraculo-

364 3569 486 3608 rum
515 3553 713 3609 ibidem
747 3555 961 3613 initium
995 3554 1142 3618 fecit,
1177 3570 1286 3625 quo
1317 3564 1560 3627 tempore
1591 3578 1609 3609 ι
1643 3559 1939 3614 declaravit

365 3645 594 3713 gloriam
645 3655 884 3706 suam,et
915 3645 1268 3699 crediderunt
1303 3647 1356 3700 in
1390 3663 1513 3702 eum
1539 3647 1870 3718 discipuli“.
1912 3670 1931 3702 ι

349 3732 664 3811 Considera
695 3751 822 3791 vero
855 3752 986 3790 num
1019 3736 1123 3790 hoc
1155 3737 1332 3806 ipsum
1366 3738 1601 3806 primum
1638 3737 1938 3796 Salvatoris

355 3829 539 3884 nostri
593 3829 939 3894 miraculum,
991 3828 1134 3898 quod
1169 3829 1225 3882 in
1275 3827 1425 3882 Cana
1455 3828 1688 3884 Galilaeat
1727 3831 1934 3886 editum

359 3927 466 3984 cst,
496 3921 624 3974 dum
654 3936 794 3990 aqua
825 3921 879 3974 in
917 3921 1105 3974 vinum
1145 3927 1538 3986 commutatur,
1591 3921 1846 3977 divinans
1877 3923 1934 3978 in

357 4017 476 4084 ipso
525 4015 825 4084 prophetiae
859 4013 1146 4082 principio,
1179 4028 1243 4067 ea
1295 4029 1414 4085 quae
1469 4031 1614 4068 nunc
1666 4022 1934 4070 tractatur

356 4106 532 4160 oratio
569 4107 838 4175 significet
877 4105 984 4158 illis
1032 4105 1252 4159 verbis:
1287 4122 1308 4156 ι
1343 4104 1456 4159 Hoc
1503 4107 1736 4174 primum
1782 4107 1928 4174 bibe,

355 4198 466 4250 cito
498 4196 603 4262 fac,
635 4196 784 4266 regio
829 4194 1072 4249 Zabulon
1115 4203 1170 4248 et
1211 4202 1358 4249 terra
1411 4195 1775 4266 Nephthalim,
1818 4197 1930 4253 Ga-

350 4287 493 4341 lilaaa
522 4287 785 4356 gentium.
807 4305 826 4336 ι
861 4283 1014 4350 Quod
1050 4285 1095 4339 si
1128 4285 1233 4339 tale
1262 4285 1585 4341 miraculum
1618 4295 1746 4342 nota
1775 4304 1927 4358 quae-

353 4379 478 4432 dam
531 4377 632 4432 fuit
681 4377 984 4432 arcanioris
1032 4377 1278 4431 mislura:
1323 4393 1391 4432 ex
1437 4393 1500 4433 ea
1551 4388 1921 4446 commutatae,
1957 4414 2000 4469 ι)

351 4486 472 4541 quae
503 4470 570 4524 ad
597 4484 797 4539 corpus
832 4469 1006 4538 magis
1040 4476 1336 4537 spectaret,
1368 4471 1422 4522 in
1446 4471 1834 4540 intelligentem
1860 4487 1926 4527 ac

350 4563 686 4632 spiritualem
711 4562 951 4616 lanitiam
976 4562 1276 4629 spectantis
1308 4560 1375 4614 ad
1401 4561 1558 4617 fidem
1579 4561 1713 4617 Novi
1731 4563 1924 4620 Testa-

349 4654 516 4709 menti
561 4655 830 4715 misturae,
867 4651 990 4706 vide
1039 4667 1106 4705 ne
1135 4652 1240 4706 hoc
1293 4652 1472 4722 ipsum
1503 4671 1720 4726 quoque
1751 4656 1819 4708 ad
1858 4671 1923 4710 ea

348 4761 470 4815 quae
500 4744 568 4799 de
600 4744 821 4798 Galilaea
856 4744 1001 4797 dicta
1044 4752 1195 4807 sunt,
1242 4745 1653 4800 accommodate
1708 4746 1921 4817 signifi-

341 4837 570 4899 caverit,
609 4850 814 4889 canens
842 4834 1299 4904 quemadmodum
1332 4835 1435 4890 sub
1467 4835 1671 4892 Christi
1719 4837 1922 4892 adven-

347 4939 462 4982 tum
497 4927 658 4996 primi
703 4927 970 4990 omnium,
1009 4926 1046 4979 ii
1079 4927 1171 4996 qui
1201 4926 1446 4980 Zabulon
1477 4943 1540 4982 ac
1568 4927 1915 4999 Nephthalim

345 5019 674 5081 habitarent,
706 5033 812 5071 non
879 5025 1059 5072 autem
1091 5019 1184 5088 qui
1215 5017 1458 5073 Judaaam
1492 5027 1546 5074 et
1586 5019 1915 5085 Jerusalem,

343 5118 507 5180 potus
563 5109 887 5180 evangelicae
932 5109 1338 5178 praedicationis
1394 5111 1690 5180 participes
1743 5110 1915 5166 futuri

341 5212 548 5258 essent.
583 5201 756 5256 Porro
790 5203 876 5259 his
905 5202 1104 5258 laetitiae
1139 5217 1364 5257 causam
1390 5204 1464 5256 ait
1494 5203 1684 5267 fuisse,
1725 5205 1915 5276 ingen-

343 5296 416 5352 tis
445 5296 585 5351 lucis
609 5296 1051 5361 illustrationem,
1083 5295 1176 5364 qui
1215 5295 1435 5364 quidem
1474 5303 1598 5349 ante
1620 5295 1912 5350 adventum

341 5391 398 5444 in
441 5388 682 5444 tenebris
719 5387 993 5450 sedentes,
1044 5388 1099 5440 in
1143 5389 1368 5457 regione
1401 5395 1454 5442 et
1491 5387 1688 5442 umbra
1718 5389 1912 5444 mortis

343 5481 626 5537 sedebant.
663 5477 863 5533 Exorto
906 5486 1084 5534 autem
1131 5479 1242 5541 illis
1291 5478 1518 5532 salutari
1570 5478 1794 5544 lumine,
1834 5478 1910 5532 ita

413 5664 456 5694 ⁶⁰
501 5663 666 5718 Matth
724 5681 806 5727 Iv,
843 5662 1030 5718 12-25.
1108 5661 1148 5692 ⁶¹
1179 5658 1336 5714 Joan.
1372 5674 1440 5724 ιι,
1476 5657 1560 5711 Η.

2057 1815 2321 1869 διδάσκων
2353 1817 2409 1868 ὲν
2435 1819 2554 1880 ταῖς
2585 1819 2928 1884 συναγωγαῖς
2972 1816 3172 1880 αὐτῶν,
3204 1817 3296 1868 καὶ
3343 1818 3644 1887 κηρύσσων

2054 1908 2115 1960 τὸ
2151 1908 2481 1976 Εὑαγγέλιον
2512 1907 2610 1977 τῆς
2646 1907 2936 1978 βασιλείας,
2972 1909 3066 1961 καὶ
3103 1907 3422 1980 θεραπεύων
3460 1911 3641 1962 πᾶσαν

2056 2000 2228 2060 νόσον,
2261 2002 2356 2054 καὶ
2393 2003 2574 2054 πᾶσαν
2624 2001 2893 2072 μαλακίαν
2933 2002 2991 2054 έν
3019 2000 3094 2071 τῷ
3138 2001 3270 2072 λαῷ.
3305 2003 3418 2054 Kal
3460 2002 3639 2072 ἀπῆλ-

2055 2092 2144 2146 θεν
2176 2093 2210 2164 ή
2243 2093 2378 2164 ἀκοὴ
2416 2093 2578 2147 αὑτοῦ
2615 2097 2695 2157 εἰς
2727 2093 2854 2164 ὅλην
2891 2094 2990 2164 τὴν
3041 2093 3273 2164 Συρίαν·
3323 2094 3419 2146 καὶ
3468 2111 3644 2165 προσ-

2057 2186 2295 2255 ήνεγκαν
2323 2185 2469 2256 αὐτῷ
2502 2185 2710 2248 πάντας
2736 2185 2862 2247 τοὺς
2892 2185 3077 2249 κακῶς
3108 2185 3349 2255 ἔχοντας,
3367 2186 3644 2248 ποικίλαις

2051 2274 2226 2337 νόσοις
2258 2275 2351 2328 καὶ
2387 2273 2639 2344 βασάνοις
2677 2272 3090 2344 συνεχομένους,
3136 2272 3639 2343 δαιμονιζομένους,

2052 2367 2146 2418 καὶ
2181 2363 2686 2436 σεληνιαζομένους,
2717 2367 2812 2418 καὶ
2844 2348 3268 2436 παραλυτικοῦς,
3300 2363 3396 2416 xal
3436 2362 3636 2434 ἐθερά-

2051 2475 2250 2512 πευσεν
2284 2457 2517 2522 αὐτοὺς,
2553 2458 2648 2511 xa‘t
2684 2457 3056 2529 ἠκολούθησαν
3087 2454 3235 2525 αὐτῷ
3263 2454 3406 2524 ὄχλοι
3454 2454 3639 2509 πολλοὶ

2049 2550 2156 2603 ἀπὸ
2185 2550 2284 2621 τῆς
2312 2549 2620 2613 Γαλιλαίας.
2658 2569 2676 2601 ι
2715 2551 2850 2603 Ὅλα
2882 2549 2939 2602 δὲ
2978 2546 3151 2601 ταῦτα
3183 2545 3498 2616 έκτέθειμαι
3533 2547 3637 2616 τῆς

2049 2641 2384 2714 προφητείας
2421 2641 2627 2705 ἕνεκεν,
2670 2645 2738 2713 τῇ
2764 2639 3021 2711 Γαλιλαίᾳ
3060 2639 3202 2710 μέγα
3248 2637 3364 2707 φῶς
3411 2637 3635 2690 ἔσεσθαι

2049 2732 2528 2803 ὲπαγγελλομένης
2542 2736 2608 2804 τῇ
2626 2751 2684 2785 τε
2703 2733 2854 2804 χώρᾳ
2875 2716 3156 2785 Ζαϐουλὼν
3182 2732 3276 2785 καὶ
3288 2731 3565 2799 Νεφθαλεὶ
3572 2749 3630 2800 μ,

2046 2826 2303 2897 οὐδετέρᾳ
2337 2825 2680 2899 τυγχανούσῃ
2712 2826 2810 2896 τῆς
2842 2825 3133 2887 Γαλιλαίας
3160 2823 3270 2876 τῶν
3310 2823 3500 2878 ἐθνῶν.
3532 2823 3632 2876 Διά

2045 2918 2098 2970 τί
2127 2918 2182 2971 δὲ
2211 2919 2302 2971 ἐπὶ
2335 2919 2434 2988 τῆς
2463 2917 2757 2980 Γαλιλαίας
2797 2915 2905 2968 τῶν
2959 2915 3126 2968 ἐθνῶν
3156 2915 3400 2986 κλήσεως
3446 2913 3632 2985 προοί-

2051 3026 2150 3079 μια
2212 3009 2718 3079 καταϐαλλόμενος;
2800 3007 3048 3060 ἐντεῦθεν
3100 3007 3230 3076 γοῦν
3274 3006 3632 3076 ὁρμωμένους

2042 3101 2167 3162 τοὺς
2200 3099 2364 3152 αὑτοῦ
2408 3100 2653 3171 μαθητὰς
2697 3099 3054 3170 ἀνακέκλητο.
3099 3097 3188 3150 Διὸ
3239 3097 3376 3168 μετὰ
3423 3096 3629 3168 βραχέα

2043 3189 2136 3242 τοῦ
2183 3191 2516 3260 Εὐαγγελίου
2571 3192 2826 3263 εὑρήσεις
2875 3191 2983 3244 ἀπὸ
3042 3190 3142 3260 τῆς
3184 3189 3473 3252 Γαλιλαίας
3536 3189 3628 3241 τὴν

2041 3281 2315 3334 Ματθαίον
2367 3282 2723 3353 κεκλημένον,
2781 3283 2875 3336 καὶ
2927 3283 2985 3334 ὲν
3035 3282 3203 3350 ἑτέρῳ
3234 3281 3290 3334 δὲ
3327 3280 3487 3333 πάλιν
3531 3278 3628 3330 τὸν

2040 3372 2222 3426 Λευῒν.
2269 3373 2380 3425 Kal
2427 3375 2455 3426 ό
2507 3373 2772 3436 Φίλιππος
2817 3373 2874 3425 δὲ
2917 3370 3058 3425 κατὰ
3097 3372 3188 3423 τὸν
3223 3371 3475 3439 Ἰωάννην
3511 3369 3628 3422 ἀπὸ

2040 3461 2312 3533 Βηθσαϊδὰ
2343 3463 2568 3534 ὡρμᾶτο
2603 3465 2666 3516 ἐκ
2706 3463 2805 3532 τῆς
2845 3461 3052 3524 πόλεως
3100 3459 3345 3530 Ἀνδρέου
3389 3459 3483 3510 καὶ
3516 3459 3630 3511 Πέ-

2038 3571 2165 3627 τρου
2185 3571 2199 3584 ⁸
2230 3556 2325 3608 καὶ
2352 3554 2490 3626 αῦτη
2519 3554 2576 3608 δὲ
2603 3553 2704 3624 τῆς
2729 3552 3015 3614 Γαλιλαίας
3042 3547 3131 3622 ἦν.
3175 3549 3334 3602 Ἀλλὰ.
3364 3550 3460 3602 καὶ
3488 3551 3624 3620 παρ’

2038 3647 2186 3717 αὐτῷ
2217 3645 2294 3717 τῷ
2335 3647 2694 3717 εύαγγελιστῇ
2742 3645 2916 3715 γάμος
2969 3642 3187 3710 ἐγένετο
3239 3644 3296 3694 ὲν
3318 3641 3477 3711 Κανᾷ
3520 3641 3628 3712 τῆς

2037 3739 2352 3802 Γαλιλαίας,
2385 3739 2512 3792 ἔνθα
2549 3737 2866 3810 παραδόξως
2905 3738 2933 3789 ὁ
2957 3735 3160 3807 Κύριος
3199 3733 3290 3787 τὸν
3335 3731 3395 3796 ἐξ
3429 3732 3626 3796 ὓδατος

2033 3825 2176 3882 οἶνον
2231 3829 2644 3900 μετασκευάσας
2668 3870 2684 3896 ,
2743 3827 2918 3898 ἀρχὴν
2972 3825 3158 3878 αύτόθι
3210 3823 3318 3876 τῶν
3371 3824 3627 3894 σημείων

2035 3921 2348 3992 ἐποιήσατο,
2395 3922 2484 3974 ὅτε
2529 3921 2623 3974 καὶ
2677 3939 2697 3970 ι
2730 3920 3040 3990 ὲφανέρωσε
3087 3918 3185 3989 τὴν
3229 3915 3383 3982 δόξαν
3423 3917 3622 3980 αὐτοῦ,

2035 4013 2130 4065 καὶ
2172 3999 2494 4064 ἐπίστευσαν
2543 4011 2594 4062 οἱ
2648 4009 2902 4081 μαθηταί.
2931 4029 2948 4061 ι
3006 4009 3114 4062 Θέα
3162 4009 3219 4062 δὲ
3269 4011 3316 4061 εξ
3367 4006 3441 4079 μὴ
3483 4007 3625 4061 αὐτὸ

2032 4100 2190 4153 τοῦτο
2231 4099 2447 4171 πρῶτον
2480 4098 2573 4152 τοῦ
2611 4098 2862 4170 Σωτῆρος
2906 4097 3064 4168 ήμῶν
3112 4097 3316 4168 θαῦμα,
3368 4099 3424 4148 έν
3457 4098 3627 4169 Κανᾷ

2032 4193 2132 4263 τῆς
2155 4192 2443 4256 Γαλιλαίας
2475 4191 2765 4262 γενόμενον
2800 4190 2892 4242 ἐπὶ
2921 4190 3022 4259 τῆς
3053 4189 3144 4242 τοῦ
3179 4190 3320 4242 οἴνου
3373 4189 3622 4260 μεταϐο-

2031 4285 2148 4355 λῆς,
2179 4283 2448 4348 θεσπίζων
2482 4285 2540 4336 ὲν
2569 4283 2708 4353 ἀρχῇ
2751 4282 2850 4352 τῆς
2885 4281 3223 4353 προφητείας
3275 4281 3624 4351 παρίστησιν

2030 4378 2058 4430 ό
2091 4375 2279 4446 παρὼν
2308 4376 2484 4444 λόγος,
2513 4374 2738 4443 φάσκων
2757 4390 2770 4403 ·
2814 4393 2832 4423 ι
2855 4373 3025 4426 Τοῦτο
3062 4361 3288 4442 πρῶτον
3324 4371 3438 4434 πίε,
3469 4374 3622 4441 ταχῦ

2029 4461 2193 4525 ποίει,
2225 4460 2378 4533 χώρα
2404 4459 2688 4514 Ζαϐουλὼν
2739 4459 2833 4513 καὶ
2865 4459 2935 4529 γῆ
2969 4459 3308 4529 Νεφθαλεὶμ,
3345 4459 3619 4513 Γαλιλαία

2025 4560 2133 4615 τῶν
2174 4559 2363 4614 ἐθνῶν.
2396 4579 2415 4611 ι
2469 4560 2532 4612 El
2567 4558 2624 4612 δὲ
2667 4557 2931 4629 σύμϐολον
2962 4555 3030 4628 ἦν
3064 4557 3125 4610 τὸ
3171 4556 3478 4626 παράδοξον
3517 4577 3622 4629 μυ-

2027 4651 2352 4720 στικωτέρου
2383 4652 2682 4722 κράματος,
2719 4647 3147 4720 μεταϐληθέντος
3180 4651 3244 4700 ὲκ
3275 4649 3378 4719 τῆς
3420 4667 3621 4719 σωμα-

2022 4743 2323 4814 τικωτέρας
2357 4743 2450 4794 ἐπὶ
2479 4743 2577 4813 τὴν
2607 4741 2798 4812 νοερὰν
2840 4740 2935 4792 καὶ
2977 4740 3352 4811 πνευματικὴν
3400 4740 3618 4810 εὐφρο-

2025 4833 2190 4905 σύνην
2218 4833 2312 4886 τοῦ
2349 4831 2597 4886 πιστικοῦ
2634 4832 2735 4902 τῆς
2767 4831 2959 4900 καινῆς
2989 4830 3262 4900 Διαθήκης
3293 4829 3612 4900 κράματος,

2016 4926 2118 4994 δρα
2171 4926 2377 4994 μήποτε
2421 4923 2512 4977 καὶ
2549 4921 2706 4976 τοῦτο
2748 4923 2860 4982 τοῖς
2897 4920 3026 4992 περὶ
3064 4921 3163 4990 τῆς
3187 4919 3482 4981 Γαλιλαίας
3504 4917 3612 4976 δη-

2017 5017 2294 5087 λουμένοις
2341 5015 2648 5078 ἀκολούθως
2695 5014 2976 5086 ᾐνίττετο,
3028 5011 3335 5075 θεσπίζων,
3380 5010 3457 5074 ὡς
3488 5009 3609 5082 ἄρα

2021 5110 2376 5182 μελλήσουσιν
2430 5109 2524 5162 ἐπὶ
2568 5110 2634 5178 τῇ
2682 5106 2921 5178 Χριστοῦ
2976 5104 3249 5176 παρουσίᾳ
3297 5101 3606 5173 πρώτιστοι

2017 5202 2234 5256 πάντων
2273 5203 2323 5254 οἱ
2359 5199 2455 5271 τὴν
2479 5198 2764 5254 Ζαϐουλὼν
2807 5200 2904 5252 καὶ
2930 5195 3248 5266 Νεφθαλεὶμ
3291 5193 3602 5256 οἰκοῦντες,

2014 5297 2128 5351 ἀλλ’
2157 5296 2253 5365 οὐχ
2293 5295 2344 5346 οί
2381 5293 2478 5364 τὴν
2514 5292 2772 5347 Ἰουδαίαν
2804 5293 2897 5346 καὶ
2928 5291 3025 5362 τὴν
3070 5288 3457 5362 Ἰερουσαλὴμ,
3491 5289 3600 5342 τοῦ

2015 5388 2255 5458 πόματος
2272 5384 2367 5438 τοῦ
2389 5383 2746 5453 εὐαγγελικοῦ
2779 5381 3134 5454 κηρύγματος
3157 5379 3593 5451 μεταλήψεσθαι.

2012 5479 2200 5534 Αίτίαν
2223 5478 2281 5532 δὲ
2312 5475 2520 5540 τούτοις
2547 5475 2644 5547 τῆς
2678 5473 3017 5546 εὐφροσύνης
3048 5472 3182 5545 φησὶ
3209 5470 3461 5540 γενέσθαι
3484 5471 3595 5541 τὴν

3791 2063 3800 2150 l
