3820 6220
149 338 263 398 685

1096 330 1748 397 DEMONSTRATIONIS
1776 328 2237 395 EVANGELICZE
2277 332 2405 394 LIB.
2450 331 2541 395 IX.

3329 337 3438 405 686

150 455 248 511 τοῦ
285 454 525 527 μεγάλου
552 455 731 526 φωτὸς
755 454 1047 526 ἔκλαμψιν,
1076 455 1148 520 οἳ,
1175 455 1283 525 πρὸ
1304 455 1406 526 τῆς
1441 422 1748 527 παρουσίας
1776 462 1823 518 Α
1851 452 2150 507 laetabuntu

1890 452 2204 517 elabuntur,
2245 461 2306 508 ut
2344 452 2380 506 ii
2411 454 2507 523 qui
2554 451 2809 506 laetantur
2855 450 2910 505 in
2952 462 3156 515 messe,
3201 458 3370 521 utque
3401 451 3436 504 ii

153 549 214 601 tv
259 547 445 600 σκότει
495 547 887 618 καθεζόμενοι,
935 548 995 601 ἐν
1023 545 1178 619 χώρᾳ
1209 547 1304 601 καὶ
1340 548 1468 618 σκιᾷ
1506 546 1740 600 θανάτου

153 638 340 709 διῆγον
360 655 373 667 ·
424 639 847 703 άνατεταλκότος
888 639 948 694 δὲ
977 639 1162 703 αὐτοῖς
1191 638 1285 692 τοῦ
1327 638 1598 711 σωτηρίου
1632 656 1745 708 φω-

153 729 267 794 τὸς,
306 729 498 784 τοῦτον
547 731 1014 804 εὐφρανθήσονται
1057 732 1151 785 τὸν
1193 732 1415 804 τρόπον,
1452 732 1528 796 ὼς
1567 734 1615 785 oi
1655 732 1745 785 εὐ-

155 826 510 896 φραινόμενοι
539 825 597 878 ἐν
616 823 833 895 άμητῷ,
864 825 959 879 καὶ
990 824 1050 878 ὃν
1074 825 1272 894 τρόπον
1304 826 1353 879 οἱ
1380 823 1744 896 διαιρούμενοι

156 914 351 969 σκῦλα.
406 915 520 969 Καὶ
567 915 739 969 ταῦτα
782 916 840 969 δέ
880 916 1026 988 ἔργῳ
1076 916 1411 989 ἐπληροῦτο,
1464 918 1582 982 ὅτε,
1620 919 1747 982 τοὺς

155 1010 490 1075 ἀποστόλους
520 1013 550 1064 6
570 1011 762 1083 Σωτὴρ
793 1013 887 1066 καί
902 1012 1107 1084 Κύριος
1137 1014 1295 1086 ἡμῶν
1323 1014 1432 1068 ἀπὸ
1456 1015 1557 1087 τῆς
1587 1016 1748 1068 Γαλι-

154 1102 316 1166 λαίας
354 1103 890 1175 προσκαλεσάμενος,
913 1104 981 1159 τὰ
1006 1106 1285 1178 παράδοξα
1311 1106 1420 1160 τῶν
1450 1106 1627 1179 ἔργων
1652 1107 1747 1161 καὶ

152 1194 255 1266 τὴν
301 1194 656 1249 διδασκαλίαν
701 1197 886 1262 αὐτοῖς
937 1197 1314 1252 ἐπεδείκνυτο
1369 1196 1748 1270 εὐφρανθήσε-

158 1286 283 1340 σθαι
314 1287 371 1341 δὲ
396 1288 594 1352 αὐτοὺς
628 1289 870 1343 ἐναντίον
897 1289 1062 1343 αὐτοῦ
1087 1292 1120 1362 ή
1152 1290 1459 1363 προφητεία
1475 1289 1745 1358 θεσπίζει,

155 1377 315 1450 δίκην
346 1379 458 1434 τῶν
485 1382 930 1453 εὐφραινομένων
959 1384 1017 1437 ἐν
1044 1382 1260 1454 άμητῷ.
1290 1383 1438 1454 Ποίῳ
1460 1382 1518 1436 δὲ
1549 1382 1746 1455 τούτῳ,

154 1468 345 1541 ἧπερὶ
381 1465 445 1526 οὗ
483 1469 751 1526 διδάσκων
784 1471 949 1535 αὐτὸς
983 1471 1168 1541 ἔλεγεν
1188 1486 1202 1503 ⁸
1257 1492 1277 1524 ι
1319 1473 1591 1546 Ἐπάρατε
1623 1474 1751 1539 τοὺς

155 1557 477 1632 ὀφθαλμοὺς
521 1561 699 1632 ὑμῶν,
744 1563 838 1616 καὶ
870 1562 1010 1616 ῐδετε
1035 1562 1134 1626 τὰς
1176 1561 1382 1635 χώρας,
1431 1565 1513 1617 ὅτι
1559 1562 1749 1617 λευκαί

143 1639 262 1705 ἐἱσι
310 1653 454 1723 πρὸς
490 1652 753 1725 θερισμὸν
805 1655 945 1726 ἦδη;
979 1675 998 1706 ι
1049 1648 1267 1726 Ἑδήλου
1317 1656 1374 1710 δὲ
1412 1656 1501 1710 διὰ
1544 1656 1750 1710 τούτων

153 1743 252 1815 τὴν
286 1743 401 1798 τῶν
444 1744 615 1799 ἐθνῶν
651 1746 1103 1818 ἐπισυναγωγήν·
1146 1748 1275 1819 περὶ
1322 1746 1432 1802 τῶν
1480 1747 1661 1802 αὐτῶν
1691 1747 1751 1802 δὲ

155 1837 399 1912 εἴρηται,
433 1841 516 1894 ὅτι
561 1859 581 1893 ι
605 1840 1096 1913 εὐφρανθήσονται,
1123 1842 1183 1895 ὃν
1207 1842 1408 1913 τρόπον
1436 1843 1484 1896 οἱ
1514 1842 1755 1915 διαιρού-

158 1946 312 1999 μενοι
362 1929 561 1986 σκῦλα.
607 1951 627 1983 ›
677 1928 985 2002 Διελόμενοι
1039 1932 1172 2002 γοῦν
1218 1935 1297 1996 εἰς
1337 1932 1603 2002 ἀλλήλους
1651 1935 1754 1999 τὰς

153 2021 348 2093 χώρας
381 2021 495 2076 τῶν
535 2022 705 2077 ἐθνῶν
745 2025 838 2077 καὶ
878 2025 978 2097 τὴν
1021 2025 1113 2095 ὐφ’
1145 2025 1297 2097 ἥλιον
1344 2026 1524 2079 πᾶσαν
1565 2027 1615 2079 οἱ
1656 2026 1751 2080 τοῦ

151 2110 417 2184 Σωτῆρος
439 2114 472 2184 ή
482 2112 598 2183 μῶν
629 2113 866 2185 μαθηταί
888 2131 950 2167 τε
975 2114 1069 2169 καὶ
1091 2115 1496 2184 εὐαγγελισταὶ,
1528 2117 1754 2188 μυρίους

151 2203 317 2267 ὅσους
351 2204 686 2261 ἐσκύλευσαν
720 2206 988 2279 ἄρχοντας
1023 2207 1118 2262 τοῦ
1151 2208 1346 2273 αἰῶνος
1380 2209 1593 2275 τούτου,
1622 2211 1754 2275 τοὺς

153 2294 429 2365 πρότερον
465 2294 575 2349 τῶν
614 2296 786 2351 ἐθνῶν
826 2296 1185 2370 κρατοῦντας.
1223 2299 1296 2353 Οὐ
1342 2299 1450 2371 μὴν
1483 2298 1620 2353 ἀλλὰ
1657 2301 1755 2355 καὶ

152 2382 284 2437 ἄλλο
329 2386 506 2439 αἴτιον
548 2386 644 2439 τοῦ
687 2387 1164 2461 εὐφρανθήσεσθαι
1220 2389 1418 2455 αὐτούς
1471 2409 1604 2463 φησι
1629 2435 1642 2457 ,
1694 2389 1756 2444 τὺ

149 2471 326 2547 ἧρθαι
372 2479 470 2531 ἀπ’
511 2478 692 2534 αὐτῶν
738 2481 829 2535 τὸν
872 2483 1184 2554 σωματικὸν
1227 2482 1323 2537 τοῦ
1360 2485 1528 2556 νόμου
1568 2484 1754 2554 ζυγὸν,

150 2569 241 2623 τὸν
294 2570 475 2624 πάλαι
528 2572 794 2645 πρότερον
842 2575 1191 2646 ἐπικείμενον
1239 2575 1459 2641 αὐτοῖς,
1515 2572 1576 2630 δν
1631 2576 1757 2630 οὐτε

153 2664 315 2718 αὐτοὶ
344 2663 472 2717 οὔτε
504 2665 555 2719 οἱ
584 2666 820 2736 πατέρες
859 2666 1036 2722 αὐτῶν
1074 2667 1420 2741 ἠδυνήθησαν
1465 2669 1754 2740 βαστάσαι.

154 2757 228 2809 Οὐ
278 2756 448 2826 μόνον
491 2759 551 2813 δὲ
593 2761 622 2813 6
650 2759 812 2829 ζυγὸς
846 2760 1127 2834 ἀφῄρηται
1174 2762 1379 2826 αὐτῶν,
1426 2761 1564 2818 ἀλλὰ
1593 2762 1689 2817 καὶ
1719 2765 1754 2833 ὴ

154 2846 360 2917 ῥάϐδος
392 2848 505 2905 τῶν
546 2853 922 2908 ἀπαιτούντων
968 2855 1002 2926 ή
1047 2853 1317 2926 πρότερον
1362 2855 1459 2908 ἐπὶ
1500 2853 1595 2909 τοῦ
1626 2871 1759 2928 τρα-

151 2946 327 3019 χήλου
368 2945 553 2999 αὐτῶν
585 2946 929 3018 ἐπικειμένη.
966 2947 1129 3020 Δηλοϊ
1151 2947 1208 3002 δὲ
1234 2949 1362 3013 τοὺς
1389 2949 1760 3017 ἀπαιτοῦντας

153 3038 210 3091 ἐν
248 3036 454 3109 ἐτέρῳ,
494 3037 669 3107 λέγων
693 3055 707 3069 ⁸
762 3056 782 3090 ι
812 3037 953 3102 Λαός
993 3057 1118 3110 μου,
1162 3043 1211 3094 οἱ
1262 3043 1571 3114 πράκτορες
1603 3043 1758 3115 ὐμῶν

153 3129 521 3201 καλαμῶνται
567 3131 740 3202 ὑμᾶς,
777 3133 874 3186 καὶ
913 3133 964 3185 οἱ
1001 3133 1362 3199 ἀπαιτοῦντες
1413 3136 1758 3208 κυριεύουσιν

155 3220 341 3292 ὐμῶν.
383 3242 405 3275 ι
438 3220 578 3274 Ἀλλ’
609 3216 754 3277 οὗτοι
791 3223 890 3294 μὲν
938 3225 988 3277 οἱ
1038 3223 1146 3278 ἀπὸ
1177 3225 1279 3296 τῆς
1325 3226 1611 3282 Ζαϐουλὼν
1665 3230 1760 3283 καὶ

154 3313 489 3384 Νεφθαλεὶμ
519 3313 580 3366 τὸ
613 3314 757 3385 μέγα
787 3315 904 3384 φῶς
934 3315 1255 3389 τεθεαμένοι
1286 3318 1759 3392 εὐφρανθήσονται

153 3403 245 3458 διὰ
264 3405 342 3457 τά
362 3406 773 3477 προειρημένα’
805 3409 854 3461 οἱ
880 3407 939 3461 δὲ
972 3408 1140 3464 πάλαι
1175 3410 1535 3476 ἀπαιτοῦντες
1563 3412 1761 3477 αὐτοὺς

157 3496 649 3568 ἐκπραχθήσονται
686 3499 847 3569 μέχρι
876 3500 1172 3573 κοδράντου
1202 3502 1453 3572 ἐσχάτου,
1486 3504 1667 3558 πᾶσάν
1700 3521 1761 3558 τε

158 3587 361 3659 στολὴν
400 3589 498 3642 καὶ
542 3591 650 3643 πᾶν
703 3591 917 3662 ἱμάτιον
966 3592 1357 3658 ἀποτίσαντες,
1398 3595 1762 3669 πυρίκαυστοι

156 3684 490 3752 γενήσονται
525 3683 583 3735 ἐν
612 3681 691 3754 τῷ
715 3679 816 3755 τῆς
849 3685 1171 3758 ἐκπράξεως
1200 3686 1381 3759 καιρῷ
1400 3704 1414 3717 ·
1458 3689 1554 3741 καὶ
1587 3688 1765 3743 ταῦτά

157 3789 223 3841 γε
244 3774 434 3827 πάντα
467 3775 601 3843 φησὶ
650 3777 958 3845 πείσεσθαι,
994 3778 1130 3833 διότι
1190 3801 1208 3832 ι
1238 3779 1451 3835 παιδίον
1498 3781 1761 3853 ἐγεννήθη

158 3866 321 3937 ἡμῖν,
370 3865 471 3918 καὶ
517 3865 631 3929 υίὸς
680 3867 835 3940 ἐδόθη
885 3872 1040 3941 ἡμῖν,
1074 3868 1103 3924 6
1127 3866 1226 3943 τῆς
1273 3870 1517 3943 μεγάλης
1569 3870 1765 3943 βουλῆς

160 3955 418 4026 ἅγγελος.
453 3974 473 4007 ι
510 3956 635 4009 Τίσι
659 3957 716 4010 δὲ
748 3960 880 4030 ἡμῖν
924 3960 957 4031 ἢ
990 3963 1105 4026 τοῖς
1150 3965 1230 4026 εἰς
1270 3962 1433 4016 αὐτὸν
1475 3979 1767 4016 πεπιστευ-

161 4049 287 4102 κόσι
307 4089 323 4113 ,
355 4049 454 4103 xui.
494 4049 646 4123 πάσῃ
677 4049 878 4123 δηλαδὴ
918 4055 983 4124 τῇ
1018 4053 1276 4126 Γαλιλαίᾳ
1320 4054 1426 4108 τῶν
1459 4054 1650 4119 ἐθνῶν,
1685 4051 1767 4119 οἷς

160 4140 224 4192 τὸ
257 4139 406 4211 μέγα
437 4139 553 4209 φῶς
566 4141 928 4209 ἁνατέταλκε;
963 4144 1017 4197 τί
1037 4145 1101 4216 δὴ
1131 4141 1201 4218 ἦν
1232 4145 1410 4206 τοῦτο,
1439 4144 1556 4200 ἀλλ’
1588 4146 1621 4217 ἢ
1657 4164 1675 4197 ι
1706 4146 1767 4200 τὸ

161 4232 573 4304 γεγεννημένον
608 4233 842 4299 παιδίον,
885 4236 981 4289 καὶ
1028 4238 1057 4290 6
1086 4237 1241 4310 παρὰ
1285 4236 1378 4292 τοῦ
1404 4237 1540 4291 Θεοῦ
1592 4237 1768 4303 δοθεὶς

162 4324 304 4388 υἱὸς,
351 4323 597 4394 μεγάλης
634 4322 832 4396 βουλῆς
870 4326 1122 4396 ἄγγελος,
1163 4331 1259 4384 καὶ
1293 4329 1479 4407 ἄρχων
1519 4330 1764 4401 εἰρήνης,

161 4415 265 4470 καὶ
294 4412 681 4487 ἐξουσιαστὴς,
715 4417 812 4470 καὶ
837 4417 971 4483 Θεὸς
1015 4421 1264 4492 ἰσχυρὸς,
1308 4422 1406 4475 καὶ
1457 4422 1640 4494 πατὴρ
1670 4420 1764 4475 τοῦ

167 4508 461 4578 μέλλοντος
515 4510 707 4573 αἰῶνος
757 4510 1180 4583 ὠνομασμένος;
1226 4531 1244 4563 ι
1313 4511 1487 4567 ταῦτα
1537 4511 1603 4584 δή
1657 4512 1760 4584 ήδη

1849 543 1945 613 qui
1988 541 2239 597 dividunt
2272 541 2468 611 spolia.
2500 538 2666 612 440
2693 538 2821 595 Haac
2849 554 2981 595 vero
3011 539 3132 610 ipsa
3172 553 3235 594 re
3287 554 3440 594 com-

1849 635 1993 705 pleta
2027 642 2177 696 sunt,
2205 646 2330 687 cum
2358 631 2426 687 de
2455 629 2679 687 Galilaea
2710 631 2922 687 vocatis
2953 631 3242 700 apostolis,
3271 631 3439 685 mira-

1850 726 1981 782 bilia
2012 740 2178 797 opera
2202 740 2302 781 sua
2334 735 2392 781 ct
2424 724 2732 780 doctrinam
2794 723 3050 779 Salvator
3082 740 3147 780 ac
3171 723 3439 781 Dominus

1852 826 2043 873 noster
2073 817 2184 872 illis
2231 821 2412 888 palam
2452 816 2744 873 exhibuit:
2782 816 3061 872 laetaturos
3115 824 3300 873 autem
3341 832 3440 873 eos

1850 925 2038 965 coram
2070 909 2192 982 ipso
2226 909 2517 981 prophetia
2546 908 2778 974 divinat,
2825 909 3004 965 instar
3047 909 3351 967 laetantium
3380 910 3441 967 in

1853 1021 2053 1061 messe.
2108 1001 2215 1059 Sed
2256 1004 2315 1058 in
2346 1017 2456 1074 qua
2506 1001 2727 1057 tandem
2778 1016 2982 1064 messe.
3021 1002 3131 1059 nisi
3179 1003 3238 1058 in
3268 1018 3334 1059 ea
3369 1002 3443 1061 de

1852 1112 1963 1169 qua
1992 1097 2109 1167 ipse
2136 1096 2385 1151 dicebat:
2421 1112 2441 1146 ι
2471 1095 2722 1150 Αιιοιιίιε
2771 1095 2964 1150 oculos
3010 1102 3246 1161 vestros,
3271 1101 3327 1150 et
3351 1095 3440 1150 vi-

1852 1191 1977 1247 dete
2000 1191 2272 1263 regiones.
2296 1199 2353 1244 ut
2380 1190 2517 1244 albae
2536 1195 2664 1244 sunt
2689 1187 2759 1242 ad
2775 1202 3011 1243 messem
3036 1188 3150 1259 jam
3177 1189 3438 1245 nunc“.r

1852 1281 1952 1338 His
1984 1291 2166 1338 autem
2196 1281 2378 1337 verbis
2432 1279 2677 1351 gentium
2708 1279 3186 1349 congregationem
3231 1281 3443 1352 signino

1854 1374 2013 1428 cabat
2040 1389 2054 1424 :
2081 1371 2148 1428 de
2178 1372 2385 1427 eisdem
2403 1386 2533 1425 vero
2563 1371 2773 1425 dictum
2808 1377 2914 1433 est,
2947 1369 3095 1440 quod
3121 1390 3141 1423 ‹
3174 1372 3442 1429 laatabun~

1853 1472 2018 1522 turnt
2049 1465 2087 1520 ii
2117 1466 2212 1536 qui
2245 1463 2501 1520 dividunt
2536 1463 2789 1533 spolia“.
2828 1483 2846 1517 ι
2873 1463 3011 1520 Cum
3035 1479 3166 1534 ergo
3196 1467 3442 1537 gentium

1852 1558 1997 1612 inter
2029 1572 2089 1613 se
2133 1556 2388 1626 regiones
2420 1563 2475 1610 et
2526 1555 2846 1610 universam
2892 1569 3015 1626 quae
3045 1556 3151 1612 sub
3197 1557 3314 1613 sole
3357 1568 3446 1614 est

1853 1657 2084 1714 terram,
2137 1648 2445 1704 Salvatoris
2482 1648 2664 1703 nostri
2715 1647 2971 1719 discipuli
3016 1656 3183 1720 atque
3210 1664 3446 1722 evange-

1855 1742 1997 1798 lista:
2025 1740 2367 1806 divisissent,
2398 1739 2835 1797 innumerabiles
2879 1741 3070 1796 saeculi
3099 1741 3268 1813 hujus
3299 1747 3445 1814 prin-

1856 1834 2007 1905 cipes
2035 1832 2433 1905 spoliaverunt.
2485 1849 2583 1890 cos
2616 1833 2809 1903 utique
2855 1834 2950 1905 qui
2995 1833 3150 1904 prius
3190 1835 3445 1906 gentibus

1855 1925 2489 1998 imperabant.Attamen
2520 1927 2682 1982 aliam
2702 1941 2919 1997 quoque
2948 1941 3196 1993 causam,
3222 1935 3447 1999 propter

1855 2036 2020 2092 quam
2073 2019 2261 2076 laetitia
2306 2021 2419 2076 sint
2467 2018 2758 2084 alliciendi,
2813 2028 3230 2086 commemorat,
3295 2021 3445 2093 quod

1856 2114 2219 2170 auferendum
2249 2113 2323 2168 sit
2349 2112 2420 2167 ab
2446 2112 2582 2184 ipsis
2612 2113 2900 2184 corporale
2932 2112 3069 2184 legis
3094 2112 3288 2184 jugum
3310 2113 3449 2183 jam-

1856 2205 2070 2277 pridem
2097 2205 2235 2276 ipsis
2268 2205 2611 2275 impositum,
2634 2198 2779 2276 quod
2802 2220 2982 2275 neque
3013 2205 3117 2277 ipsi
3142 2220 3322 2278 neque
3349 2221 3449 2277 pas-

1857 2307 1971 2355 tres
2003 2300 2252 2370 ipsorum
2283 2305 2583 2370 potuerunt
2628 2295 2794 2354 ferre.
2839 2298 3109 2354 Ceterum
3140 2314 3251 2353 non
3284 2298 3447 2353 modo

1854 2390 2047 2462 jugum
2080 2390 2356 2447 sublatum
2385 2397 2471 2446 est
2503 2390 2571 2444 ab
2601 2389 2758 2461 ipsis,
2778 2390 2876 2447 sed
2908 2391 3075 2446 etiam
3104 2391 3257 2463 virga
3287 2407 3447 2464 repes

1859 2481 2114 2547 tentiam,
2142 2494 2264 2552 quae
2294 2480 2451 2551 prius
2487 2481 2544 2535 in
2579 2481 2722 2536 collo
2753 2482 3000 2553 ipsorum
3025 2482 3284 2552 imposita
3307 2492 3446 2540 erat.

1859 2572 2116 2628 Declarat
2164 2588 2331 2645 porro
2377 2573 2471 2645 qui
2507 2575 2619 2655 sint
2660 2580 2991 2655 repetentes.
3025 2574 3177 2640 alibi,
3217 2575 3443 2631 dicens:

1865 2681 1886 2714 ς
1918 2661 2164 2734 Populus
2209 2678 2400 2730 meus,
2450 2652 2738 2722 exactores
2785 2665 2957 2720 vestri
2984 2652 3184 2737 vspicas
3233 2673 3449 2724 vestras

1859 2755 2151 2829 colligunt,
2193 2764 2248 2812 et
2271 2764 2581 2827 repetentes
2611 2757 2967 2813 dominantur
3002 2758 3181 2815 vobis.
3203 2756 3449 2815 «Verum

1861 2850 1916 2906 hi
1949 2850 2174 2922 quidem
2204 2864 2237 2904 a
2282 2849 2531 2907 Zabulon
2578 2858 2635 2907 et
2672 2850 3024 2923 Nephthalim
3064 2852 3309 2918 oriundi,
3353 2854 3452 2933 qui

1861 2944 2057 3015 ingens
2101 2944 2290 3001 lumen
2319 2943 2507 3000 intuiti
2539 2950 2692 3009 sunt,
2724 2944 3060 3002 laetabuntur
3093 2952 3318 3016 propter
3354 2946 3450 3001 illa

1860 3052 1984 3108 quae
2006 3037 2121 3108 jam
2156 3045 2318 3093 antea
2345 3037 2494 3093 dicta
2521 3048 2670 3104 sunt;
2698 3037 2791 3108 qui
2815 3051 2947 3092 vero
2972 3036 3042 3092 ab
3073 3036 3209 3108 ipsis
3240 3047 3450 3110 repetes

1786 3162 1829 3220 α
1864 3131 2018 3197 bant,
2053 3132 2123 3186 ab
2152 3132 2223 3187 iis
2250 3138 2530 3202 repetetur
2562 3145 2742 3202 usque
2772 3128 2844 3185 ad
2877 3130 3131 3186 ultimum
3172 3132 3451 3203 quadran-

1860 3231 1995 3288 tem,
2029 3221 2306 3295 iidemque
2349 3224 2442 3280 ubi
2492 3239 2711 3281 omnem
2750 3231 2958 3280 vestem
2981 3238 3257 3295 omneque
3279 3227 3452 3299 vestis

1862 3321 2108 3370 mentum
2141 3314 2531 3385 persolverint,
2575 3315 2701 3386 igne
2735 3314 3013 3370 combusti
3063 3315 3195 3370 tieat
3234 3315 3292 3370 in
3330 3316 3452 3386 ipso

1860 3406 2169 3464 exactionis
2216 3415 2486 3479 tempore,
2535 3409 2832 3481 omniaque
2874 3409 2991 3465 haec
3036 3424 3305 3480 passuros
3350 3409 3449 3474 ait,

1862 3508 2151 3572 propterea
2171 3501 2318 3572 quod
2354 3520 2373 3553 ι
2405 3501 2670 3573 puerulus
2703 3512 2867 3557 natus
2895 3510 2982 3558 est
3009 3503 3192 3568 nobis,
3223 3510 3277 3559 et
3306 3502 3452 3558 ﬁlius

1863 3592 2026 3649 datus
2059 3601 2144 3649 est
2190 3595 2373 3660 nobis,
2405 3595 2525 3665 ipse
2556 3595 2742 3666 magni
2777 3596 2998 3651 consilii
3037 3597 3287 3668 angelus.
3321 3616 3341 3649 ι
3384 3595 3454 3652 At

1862 3701 1995 3741 vero
2026 3686 2226 3757 quibus
2253 3687 2476 3743 tandem
2509 3684 2693 3753 nobis,
2726 3688 2836 3744 nisi
2864 3688 2961 3760 qui
3010 3688 3068 3744 in
3103 3688 3286 3760 ipsum
3328 3704 3453 3744 ere.

1865 3777 2128 3842 didimus,
2162 3786 2217 3834 et
2246 3780 2398 3834 omni
2428 3779 2688 3835 videlicet
2739 3778 2976 3836 Galilaeas
3024 3781 3298 3853 gentium,
3331 3781 3455 3852 quis

1864 3870 1970 3926 bus
1996 3886 2257 3942 magnum
2282 3872 2470 3929 lumen
2489 3884 2673 3929 ortum
2700 3874 2818 3929 est?
2832 3873 2928 3951 sed
2947 3873 3225 3945 quodnam
3242 3889 3451 3947 quaeso,

1865 3965 1975 4020 nisi
2006 3964 2126 4037 ipse
2157 3982 2178 4016 ι
2222 3974 2388 4022 natus
2423 3968 2710 4038 puerulus,
2739 3975 2794 4023 et
2824 3968 2920 4039 qui
2954 3984 2985 4023 a
3011 3966 3125 4024 Deo
3174 3968 3339 4025 datus
3370 3977 3456 4024 est

1869 4057 2035 4123 ﬁlius,
2066 4057 2162 4129 qui
2198 4058 2385 4129 magni
2414 4060 2633 4115 consilii
2675 4060 2926 4131 angelus,
2962 4069 3018 4115 et
3048 4059 3307 4131 princeps
3356 4075 3456 4131 pa~

1866 4146 1971 4216 cis,
2000 4154 2057 4202 et
2084 4147 2180 4218 jus
2208 4149 2626 4221 potentiamque
2657 4150 2891 4218 habens,
2927 4159 2983 4207 et
3011 4150 3158 4208 Deus
3183 4151 3367 4218 fortis,
3400 4156 3457 4207 et

1867 4244 2026 4308 pater
2074 4237 2250 4294 futuri
2302 4241 2491 4296 saeculi
2546 4244 2863 4321 nominatus
2904 4245 3020 4300 est?
3062 4263 3080 4297 ι
3117 4258 3305 4299 verum
3339 4243 3459 4299 htec

1868 4329 1987 4398 ipsa
2007 4329 2123 4399 jam
2155 4339 2316 4387 antea
2344 4331 2414 4387 ad
2443 4348 2616 4388 unum
2643 4335 2932 4392 referenda
2958 4352 3083 4394 esse
3114 4334 3457 4393 Salvatorem

1869 4418 2275 4494 Dominumque
2327 4434 2602 4491 nostrum,
2652 4441 2755 4484 suo
2808 4436 3056 4501 tempore
3107 4428 3458 4486 demonstra-

1866 4526 2069 4568 Vtmus.

164 4572 483 4668 ξρθάσαντες
525 4598 618 4652 ἐπὶ⁹
662 4599 822 4671 μόνον
870 4572 1259 4673 ’ἀναφέρεσθαι
1298 4602 1391 4657 τὸν
1424 4572 1657 4674 Σωτῆρα
1680 4572 1801 4655 ’καὶ
1836 4601 2044 4675 Κύριον
2080 4603 2239 4674 ἡμῶν
2283 4603 2427 4660 κατὰ
2473 4605 2564 4663 τὸν
2613 4610 2812 4666 οἰκεῖον
2887 4572 3081 4686 καιρὸν
3127 4612 3461 4687 προαπεδείι

166 4696 366 4768 ξαμεν.

250 4813 391 4869 Ἀπὸ
430 4815 681 4886 ψαλμοῦ
710 4813 830 4881 «ἵζ’.
859 4816 1000 4888 Περὶ
1034 4815 1145 4885 τῆς
1171 4817 1292 4872 τῶν
1317 4815 1682 4874 ἀποστόλων
1781 4818 1829 4875 D
1927 4808 2087 4885 44],
2121 4813 2155 4866 Α

1927 4808 2087 4885 ul
2121 4813 2166 4866 Α
2189 4813 2396 4884 psalmo
2418 4825 2588 4872 vau.
2627 4846 2702 4858 —
2724 4815 2805 4872 De
2833 4819 3199 4888 apostolorum
3230 4837 3388 4878 uoca-

826 4887 1126 4957 κλήσεως.

244 5015 265 5047 ι
313 4994 734 5069 Ἐθεωρήθησαν
781 5002 837 5053 αἱ
873 5001 1090 5072 πορεῖαί
1128 5017 1221 5054 σου
1248 5041 1263 5066 ,
1298 5004 1328 5056 6
1369 4999 1504 5067 Θεὸς
1528 5045 1542 5069 ,
1579 5002 1635 5058 αἱ
1671 5024 1770 5060 πο-

170 5086 318 5159 ρεῖαι
368 5087 466 5141 τοῦ
506 5079 642 5142 Θεοῦ
680 5107 781 5161 μου
812 5091 908 5145 τοῦ
951 5088 1235 5161 βασιλέως,
1269 5090 1364 5148 τοῦ
1407 5095 1465 5149 ἐν
1498 5095 1577 5166 τῷ
1602 5097 1764 5169 ἁγίῳ.

168 5177 536 5248 Προὲφθασαν
575 5181 835 5252 ἄρχοντες
874 5182 1123 5255 ἐχόμενοι
1163 5184 1491 5256 ψαλλόντων,
1519 5187 1577 5240 ἐν
1613 5188 1766 5260 μέσῳ

167 5268 430 5322 νεανίδων
472 5273 944 5346 τυμπανιστριῶν.
982 5271 1069 5329 Ἐν
1105 5277 1426 5349 ἐκκλησίαις
1491 5275 1767 5348 εὐλογεῖτε

164 5359 261 5415 τὸν
296 5358 432 5415 Θεὸν
458 5361 662 5435 Κύριον
693 5365 760 5419 ἐκ
790 5366 983 5437 πηγῶν
1035 5369 1274 5442 Ἰσραήλ.
1324 5366 1472 5422 Ἐκεῖ
1502 5370 1764 5442 Βενιαμὶν

167 5449 440 5526 νεώτερος
479 5456 539 5508 ἐν
579 5457 868 5523 ἐκστάσει,
919 5461 1181 5533 ἄρχοντες
1238 5455 1443 5529 Ἰούδα,
1497 5463 1764 5534 ἡγεμόνες

168 5541 387 5608 αὐτῶν,
438 5540 699 5616 ἄρχοντες
745 5547 1050 5614 Ζαϐουλὼν,
1080 5548 1339 5623 ἄρχοντες
1362 5551 1699 5622 Νεφθαλείμ.
1741 5572 1758 5604 ι

170 5632 469 5686 Κάνταῦθα
492 5637 620 5699 τοὺς
644 5636 1007 5710 δηλουμένους
1032 5639 1299 5712 ἄρχοντας
1322 5641 1641 5712 Νεφθαλεὶμ
1665 5643 1763 5695 οὐκ

239 5814 288 5848 ⁸³
325 5813 484 5872 Joan.
521 5832 608 5885 tv,
641 5818 731 5875 53.
810 5821 853 5853 ⁸³
893 5819 995 5876 lsa.
1029 5838 1137 5877 ιιι-ιι
1160 5864 1174 5889 ,
1210 5824 1262 5879 5.

2584 4887 2745 4942 tione.

1948 5015 1968 5051 ι
1999 4997 2135 5056 Visa
2193 5005 2324 5055 sunt
2361 5000 2562 5058 itinera
2591 5010 2713 5069 tua,
2766 4996 2930 5071 Deus,
2968 5005 3169 5063 itinera
3203 5007 3301 5065 Dei
3349 5011 3458 5068 mei

1864 5091 2032 5164 regis,
2054 5090 2151 5163 qui
2177 5100 2259 5148 est
2278 5093 2332 5147 in
2354 5100 2571 5150 sancto.
2588 5092 2982 5152 Praevenerunt
3017 5099 3296 5172 principes
3319 5118 3459 5160 con-

1865 5182 2043 5253 juncti
2062 5182 2425 5253 psallentibus
2454 5184 2511 5240 in
2530 5185 2712 5242 medio
2740 5187 3280 5249 adolescentularum
3314 5201 3459 5266 tym-

1870 5270 2285 5341 panistriarum.
2330 5273 2392 5327 In
2447 5275 2702 5332 ecclesiis
2742 5277 3053 5335 benedicite
3083 5279 3194 5338 Deo
3223 5282 3459 5341 Domino

1871 5363 1940 5419 de
1971 5363 2213 5420 fantibus
2245 5364 2435 5421 Israel.
2476 5364 2595 5423 Illic
2624 5367 2910 5439 Benjamin
2939 5372 3128 5443 junior
3157 5376 3212 5430 in
3258 5379 3458 5437 mentis

1871 5471 2125 5522 excessu,
2158 5458 2437 5528 principes
2481 5456 2643 5525 Juda,
2676 5461 2847 5519 duces
2868 5463 3138 5536 ipsorum,
3183 5470 3461 5542 principes

1873 5546 2141 5615 Zahulon,
2169 5552 2445 5623 principes
2482 5551 2828 5624 Nephthalim
2861 5558 2928 5614 “‘.
2959 5578 2978 5611 ι
3018 5558 3132 5616 Hoc
3152 5578 3372 5635 quoque
3401 5566 3458 5622 in

1872 5644 1996 5698 loco
2028 5653 2125 5701 eos
2173 5645 2267 5718 qui
2311 5645 2578 5704 dicuntur
2629 5650 2910 5725 principes
2940 5653 3292 5726 Nephthaltm
3345 5670 3460 5715 non

1371 5825 1415 5857 ⁸³
1452 5823 1595 5882 Psal.
1630 5840 1810 5894 vau,
1843 5826 2037 5884 25-98.
