3836 6220
388 293 492 351 687

1059 285 1330 342 Εῐεεηιι
1362 288 1846 344 (ἶλΕδΛΒΙΕΝδΙδ
1883 289 1938 344 Ol

2073 289 2255 345 PARS
2283 290 2348 347 II.
2391 319 2458 331 -—
2485 293 2969 352 APOLOGETICA
2999 337 3007 349 .

3550 303 3649 362 683

374 414 515 466 alios
544 427 667 466 esse
697 424 900 465 censeo
945 425 1111 480 quam
1147 412 1424 480 apostolos
1453 432 1466 467 :
1513 413 1640 468 inde
1677 413 1823 467 enim
1857 428 1938 467 eos

2065 415 2253 479 ἀλλους
2289 415 2533 487 ἠγοῦμαι
2567 418 2676 470 τῶν
2711 419 3028 471 ἀποστόλων
3072 421 3399 490 τυγχάνειν·
3440 423 3649 480 ἐνθένδε

375 502 628 558 Salvator
659 516 724 555 ac
753 500 1020 558 Dominus
1069 512 1262 558 noster
1309 505 1492 574 elegit,
1517 513 1577 558 ut
1624 519 1655 556 a
1708 503 1962 560 Matthazo

373 596 637 665 scriptum
671 602 777 650 est.
821 595 1132 666 Ingressum
1169 613 1297 651 vero
1344 597 1411 651 ad
1458 598 1731 662 homines,
1758 597 1961 652 adven-

370 695 599 756 tumque
633 685 726 740 Dei
745 684 909 739 Verbi
942 701 1064 739 cum
1088 701 1338 756 corpore,
1367 686 1496 740 dum
1529 688 1679 740 canit
1709 687 1960 756 Scriptu-

369 793 456 842 ra,
491 779 573 832 sic
603 779 679 830 ait
710 799 722 831 ;
763 795 783 828 ι
833 777 958 831 \‘isa
991 785 1119 831 sunt
1151 778 1346 832 itinera
1379 787 1490 840 tua,
1518 777 1684 842 Deus,
1717 798 1735 830 ι
1771 787 1825 834 et
1852 795 1959 834 ca:-

370 879 510 924 tera.
543 868 784 938 Hujusce
811 884 976 938 porro
1011 868 1278 924 adventus
1314 885 1438 923 cum
1462 872 1619 940 quasi
1649 887 1958 941 pmcursoo

370 979 460 1018 res
492 963 693 1017 fuerint
729 967 938 1017 veteres
976 959 1086 1016 Deo
1116 962 1276 1014 amici
1319 962 1615 1032 prophetae,
1651 962 1716 1015 ad
1754 963 1957 1032 psalte-

369 1054 513 1105 rium
548 1061 602 1106 et
633 1051 698 1104 ad
730 1052 912 1105 omnis
939 1052 1156 1120 generis
1189 1054 1459 1121 spiratilia
1499 1053 1863 1109 instrumenta
1887 1054 1954 1107 il-

367 1145 479 1201 lum
517 1146 570 1198 in
600 1145 786 1200 choris
816 1145 1198 1215 praedicantes,
1223 1154 1277 1199 et
1308 1146 1562 1201 laudibus
1607 1148 1952 1203 celebrantes

367 1246 791 1300 antevenerunt,
841 1239 892 1291 in
945 1238 1126 1292 medio
1154 1236 1683 1292 adolescentularum
1731 1247 1951 1308 tympa-

365 1330 708 1385 nistriarum.
781 1328 996 1399 [Ibique
1051 1330 1198 1383 enim
1253 1329 1310 1382 in
1374 1329 1585 1384 medios
1633 1327 1947 1384 Judworum

363 1430 668 1478 conventus
696 1422 972 1493 progressi
1017 1420 1186 1474 divini
1224 1422 1522 1492 prophetas,
1552 1422 1758 1479 Christi
1794 1433 1950 1480 tanto

365 1526 493 1572 ante
523 1517 926 1572 denuntiabant
958 1516 1251 1570 adventum
1281 1536 1294 1572 :
1327 1519 1456 1587 quin
1485 1518 1647 1572 etiam
1677 1518 1840 1573 iidem
1863 1520 1948 1574 di~

361 1611 492 1664 vino
524 1609 720 1680 spiritu
754 1608 918 1663 alllati
953 1607 1256 1664 Salvatoris
1312 1611 1488 1664 nostri
1533 1611 1835 1681 discipulos
1866 1612 1948 1665 al-

2064 509 2173 578 γάρ
2199 510 2397 572 αὐτοὺς
2431 511 2461 562 ό
2487 510 2678 581 Σωτὴρ
2719 511 2814 563 καὶ
2846 510 3052 580 Κύριος
3092 511 3249 580 ἡμῶν
3272 513 3649 580 ἀναλέλεκται,

2064 597 2206 650 κατά
2227 594 2324 666 τὴν
2349 597 2627 651 Ματθαίου
2655 600 2976 669 παράθεσιν.
3007 601 3118 668 Τὴν
3145 603 3227 663 είς
3251 602 3574 673 ἀνθριὶιπους
3597 605 3650 660 δὲ

2062 691 2289 762 πορείαν
2317 692 2412 744 καὶ
2437 693 2534 762 τὴν
2562 692 2828 762 ἒνσαρκον
2853 693 3148 762 ἐπιδημίαν
3181 693 3275 746 τοῦ
3311 695 3450 748 Θεοῦ
3476 698 3648 765 Λόγου

2061 781 2397 847 θεσπίζουσα
2432 786 2465 852 ὴ
2509 783 2700 855 Γραφή
2743 801 2925 854 φησιν,
2962 802 2980 835 ι
3023 783 3444 856 Ἐθεωρήθησαν
3471 789 3526 840 αἱ
3553 806 3647 841 πο-

2060 877 2200 947 ρεῖαί
2242 893 2335 930 σου
2361 878 2390 929 ό
2416 876 2548 940 Θεὸς
2568 918 2582 939 ,
2621 896 2638 928 ι
2668 877 2765 929 καὶ
2805 877 2874 930 τὰ
2899 878 3047 947 ἑῇς.
3081 879 3297 948 Ταύτης
3325 879 3382 930 δὲ
3405 879 3508 947 τῆς
3535 882 3649 934 ἐπι·

2057 964 2286 1033 φανείας
2325 966 2526 1018 ὡσανεὶ
2554 966 2850 1038 πρόδρομοι
2883 968 3165 1035 γεγονότες
3189 970 3237 1021 οἱ
3270 968 3441 1022 πάλαι
3466 969 3646 1039 050;:-

2055 1057 2165 1120 λεῖς
2193 1058 2486 1128 προᾳῆται,
2504 1057 2592 1110 διὰ
2614 1059 2915 1130 ψαλτηρίου
2941 1060 3035 1112 καὶ
3061 1058 3236 1130 χορῶν
3259 1061 3354 1113 καὶ
3377 1061 3647 1115 παντοίων

2054 1151 2443 1217 πνευματικῶν
2468 1151 2716 1222 ὀργάνων
2742 1152 3123 1223 κηρύττοντες,
3155 1153 3249 1207 καὶ
3279 1153 3644 1223 ἀνυμνοῦντες

2053 1240 2403 1310 προέρθασαν
2440 1244 2497 1295 ἐν
2526 1243 2675 1314 μέσῳ
2710 1245 2966 1299 νεανίδων
2992 1245 3463 1316 τυμπανιστριῶν.
3503 1247 3644 1299 ne»-

2049 1347 2158 1394 τως
2183 1331 2290 1402 γάρ
2315 1349 2419 1384 που
2445 1332 2554 1386 τῶν
2581 1335 2645 1386 ὲκ
2667 1335 2968 1405 περιτομῆς
3008 1336 3336 1404 συναγωγῶν
3363 1339 3446 1399 εἰς
3483 1337 3644 1406 μέσον

2050 1425 2337 1496 παριόντες
2390 1428 2438 1478 οἱ
2488 1425 2618 1478 θεῖοι
2658 1427 2934 1498 προφῆται
2976 1426 3077 1496 τὴν
3107 1426 3201 1481 τοῦ
3239 1429 3482 1499 Χριστοῦ
3511 1447 3644 1501 προ-

2049 1516 2416 1587 κατήγγελλον
2462 1516 2675 1586 ἄφιξιν
2738 1520 2785 1571 οἱ
2821 1518 2877 1571 δὲ
2913 1519 3068 1571 αὐτοὶ
3091 1520 3170 1590 τῷ
3206 1521 3338 1591 θείῳ
3374 1522 3644 1592 πνεύματι

2045 1611 2160 1672 τοῖς
2197 1609 2293 1662 τοῦ
2337 1610 2590 1681 Σωτῆρος
2633 1610 2789 1681 ἡμῶν
2829 1611 3146 1676 ἀποστόλοις
3175 1614 3530 1684 προεφῶνουν
3567 1616 3646 1668 λέ-

364 1703 729 1774 loquebantur
757 1703 1004 1757 dicentes
1033 1720 1046 1756 :
1080 1720 1097 1752 ι
1135 1700 1191 1755 In
1219 1702 1480 1758 Ecclesiis
1508 1701 1814 1758 benedicite
1836 1703 1938 1758 Deo

2065 1719 2236 1771 (οντες
2254 1720 2266 1731 ·
2303 1723 2322 1755 ι
2364 1705 2451 1757 Ἐν
2491 1703 2838 1773 Ἑκκλησίαις
2864 1705 3136 1773 εὐλογεῖτε
3160 1707 3251 1760 τόν
3276 1706 3410 1759 Θεὸν
3437 1708 3643 1779 Κύριον

361 1795 592 1850 Domino
637 1794 704 1849 de
732 1793 976 1848 fontibus
1030 1794 1219 1848 Israel.
1253 1813 1271 1845 ι
1316 1793 1518 1848 Fontes
1561 1801 1740 1849 autem
1778 1796 1938 1852 Israel

2065 1813 2110 1848 :x
2156 1795 2348 1866 πηγῶν
2387 1797 2626 1867 Ἰσραήλ.
2728 1797 2909 1868 Πηγαὶ
2942 1772 3010 1850 δὲί
3043 1799 3261 1869 Ἰσραηλ
3293 1800 3344 1851 οἱ
3381 1772 3541 1867 λόγοι.
3576 1800 3642 1854 ἂν

361 1889 526 1943 verba
563 1887 788 1944 fuerint.
822 1902 944 1955 quia:
975 1887 1074 1956 ipsi
1114 1885 1277 1940 Israel
1311 1886 1511 1939 tradita
1545 1897 1673 1940 sunt
1708 1906 1719 1941 :
1749 1889 1944 1958 primis

359 1983 506 2036 enim
543 1982 652 2037 illis
707 1981 913 2034 credita
947 1991 1074 2035 sunt
1104 1981 1193 2035 Dei
1219 1983 1462 2040 oracula.
1491 1981 1635 2036 unde
1667 1998 1768 2037 nos
1805 1999 1944 2053 quo-

360 2089 466 2143 que
497 2073 816 2127 haurientes
845 2072 1054 2127 Christi
1081 2071 1358 2127 Ecclesias
1386 2073 1618 2142 irrigare
1647 2075 1940 2144 oportebit.

357 2165 818 2221 Adolescentulas
842 2175 1024 2220 autem
1055 2172 1109 2219 et
1155 2164 1571 2236 tympanistrias
1604 2166 1762 2230 dixit,
1790 2174 1848 2221 ut
1882 2182 1943 2222 eo

358 2260 526 2315 modo
549 2261 762 2315 animas
785 2261 914 2314 olim
949 2261 1114 2314 vitam
1153 2274 1309 2315 suam
1339 2260 1406 2315 ad
1439 2259 1606 2315 IIosis
1636 2263 1808 2332 legem
1855 2263 1941 2317 di-

360 2355 621 2422 rigentes,
643 2359 697 2406 et
727 2353 1024 2408 secundum
1079 2369 1281 2424 corpus
1334 2353 1626 2423 plurimum
1683 2354 1942 2426 degentes

359 2446 716 2515 signiﬁcaret,
751 2444 840 2498 ubi
871 2443 1001 2498 dum
1033 2445 1474 2500 adolescentulas
1500 2445 1720 2516 quidem
1751 2456 1934 2511 vocat,

357 2551 546 2590 earum
571 2535 765 2589 rudius
788 2547 948 2604 atque
981 2533 1357 2604 imperfectius
1395 2536 1735 2606 propositum
1763 2543 1937 2601 notat,

356 2627 485 2680 dum
545 2636 725 2681 autem
780 2626 1214 2697 tympanistrias,
1263 2627 1579 2682 earumdem
1637 2630 1940 2698 corporalis

355 2721 696 2776 adorationis
731 2735 888 2774 usum
923 2719 1153 2790 intelligi
1182 2721 1319 2776 vult.

355 2833 517 2907 442
553 2835 627 2888 Ab
651 2833 823 2887 Isaia.
848 2863 913 2871 —
943 2831 1017 2886 De
1039 2835 1341 2902 prophetica
1367 2834 1604 2907 lectione,
1632 2851 1791 2904 quam
1825 2835 1938 2907 ipse

425 2904 685 2959 Dominus
742 2914 920 2958 noster
974 2907 1030 2957 in
1089 2914 1342 2959 conventu
1409 2904 1726 2959 Judworum
1787 2905 1939 2959 exhi-

403 2976 558 3032 -buit.

430 3107 449 3138 ι
488 3084 730 3156 Spiritus
760 3087 973 3142 Domini
1010 3104 1176 3158 super
1207 3103 1314 3152 me.
1351 3098 1575 3160 propter
1601 3091 1748 3162 quod
1781 3092 1936 3148 unxit
1963 3117 2004 3175 ε

354 3190 461 3230 me.
526 3175 914 3246 Evangelizare
966 3178 1301 3246 pauperibus
1356 3180 1507 3233 misit
1567 3195 1675 3246 me,
1737 3196 1935 3237 sanare

352 3268 620 3322 contritos
643 3268 828 3332 corde,
865 3268 1162 3336 pratdicare
1183 3270 1414 3339 captivis
1440 3271 1843 3336 remissionem,
1880 3280 1936 3327 et

353 3359 514 3414 eazcis
549 3358 748 3421 visum,
776 3373 972 3412 vocare
1013 3374 1214 3414 annum
1269 3359 1482 3414 Domini
1533 3371 1839 3432 acceptum,
1879 3371 1936 3418 et

353 3452 499 3506 diem
525 3449 906 3504 retributionis
938 3449 1003 3504 ⁸⁵.
1047 3469 1065 3500 ι
1091 3447 1204 3504 Hoc
1231 3465 1450 3520 quoque
1473 3453 1788 3507 vaticinium
1819 3455 1934 3522 ipse

355 3541 620 3598 Dominus
652 3548 841 3595 noster
875 3541 929 3594 in
982 3541 1170 3610 seipso
1214 3543 1545 3611 completum
1581 3559 1704 3599 esse
1732 3544 1934 3599 contir-

352 3640 488 3697 mat,
525 3646 635 3701 quo
691 3637 934 3699 tempore
964 3644 1090 3683 cum
1139 3632 1377 3684 venisset
1413 3630 1468 3683 in
1498 3629 1792 3697 Nazareth,
1839 3635 1932 3690 ubi

354 3723 532 3776 fuerat
565 3721 853 3796 educatus.
881 3719 1166 3789 ingressus
1196 3729 1300 3784 est,
1333 3727 1393 3773 ut
1427 3721 1660 3786 solebat,
1693 3723 1930 3792 quodam

355 3820 718 3874 Sabbatorum
767 3817 856 3873 die
893 3833 946 3870 In
979 3823 1335 3881 conventum,
1374 3818 1645 3888 siquidem
1673 3826 1928 3887 surgent;

354 3912 433 3966 illi
470 3918 754 3982 porrectus
785 3916 869 3964 est
898 3907 1036 3962 liber
1065 3905 1218 3962 Isaiae
1278 3907 1581 3976 prephetae,
1612 3924 1774 3977 quem
1805 3924 1928 3963 cum

351 4005 669 4066 evolvisset,
712 4002 840 4073 legit
869 4000 1002 4054 illud
1053 4000 1197 4070 quod
1257 4000 1312 4054 in
1365 4016 1429 4056 eo
1481 3999 1746 4070 scriptum
1793 4010 1926 4057 est:

357 4116 374 4146 ι
416 4094 654 4163 Spiritus
714 4091 930 4146 Domini
979 4106 1145 4160 super
1174 4106 1280 4155 me,
1316 4098 1539 4160 propter
1572 4091 1718 4160 quod
1775 4093 1931 4146 unxit

353 4201 459 4240 me.
494 4183 882 4255 Evangelizare
915 4181 1252 4252 pauperibus
1282 4182 1434 4236 misit
1490 4197 1598 4246 me,
1631 4183 1929 4252 praedicare

351 4278 583 4346 captivis
634 4275 1038 4339 remissionem,
1086 4281 1140 4329 et
1193 4275 1358 4331 caecis
1421 4275 1624 4340 visum,
1657 4275 1928 4332 dimittere

351 4368 663 4424 confractos
690 4369 744 4422 in
772 4368 1152 4424 remissionem
1192 4388 1204 4423 :
1246 4382 1445 4422 vocare
1476 4383 1679 4422 annum
1713 4367 1927 4422 Domini

2045 1886 2173 1952 εἶεν,
2209 1889 2258 1941 οἱ
2282 1887 2361 1960 τῷ
2395 1889 2612 1960 Ἰσραὴλ
2654 1891 3106 1961 παραδεδομένοι·
3135 1890 3341 1962 πρῶτοι
3367 1892 3480 1962 γάρ
3517 1895 3643 1946 ὲπι-

2045 1980 2347 2049 στεύθησαν
2390 1979 2458 2032 τά
2492 1980 2648 2048 λόγια
2683 1982 2779 2035 τοῦ
2822 1982 2988 2045 Θεοῦ,
3021 1982 3140 2035 ὅθεν
3179 1982 3513 2048 ἀντλοῦντας
3549 1986 3646 2039 καὶ

2043 2075 2191 2143 ἡμᾶς
2221 2072 2468 2145 ἀρδεύειν
2513 2073 2692 2145 δεήσει
2728 2074 2826 2138 τὰς
2864 2074 3193 2145 Ἐκκλησίας
3227 2075 3323 2128 τοῦ
3370 2078 3644 2148 Χριστοῦ.

2043 2165 2310 2229 Νεάνιδας
2335 2166 2392 2219 δὲ
2419 2167 2514 2220 καὶ
2536 2167 2970 2236 τυμπανιστρίας
2991 2166 3090 2232 τὰς
3121 2167 3288 2221 πάλαι
3316 2169 3647 2238 σωματικῶ-

2041 2271 2200 2326 τερον
2228 2255 2404 2309 -κατά
2469 2257 2562 2310 τὸν
2605 2257 2885 2320 Μωῦσέως
2943 2258 3106 2329 νόμον
3182 2258 3403 2329 βιούσας
3462 2261 3646 2331 ψυχὰς

2041 2346 2294 2418 ᾐνίξατο,
2325 2347 2413 2400 διὰ
2455 2348 2555 2418 μὲν
2587 2347 2650 2400 τὸ
2685 2346 2950 2419 νεώτερον
2983 2351 3078 2402 καὶ
3102 2349 3290 2413 ἀτεὶὶς
3314 2350 3409 2404 τοῦ
3438 2352 3647 2423 φρονήο

2045 2459 2212 2511 ματος
2238 2441 2484 2504 νεάνιδας
2507 2482 2521 2504 ,
2557 2440 2643 2495 διά
2676 2441 2732 2494 δὲ
2757 2442 2817 2494 τὸ
2844 2443 2972 2513 περὶ
3023 2443 3343 2514 σωματικὴν
3378 2445 3644 2515 κατατρί-

2041 2534 2232 2588 ϐεσθαι
2263 2534 2556 2605 θρησκείαν
2583 2536 3018 2606 τυμπανιστρίας
3057 2535 3226 2599 αύτάς
3266 2536 3640 2600 ἀποκαλέσας-

2055 2824 2181 2876 Άπὸ
2216 2822 2320 2875 τοῦ
2379 2823 2639 2878 Ἡσαΐου.
2665 2853 2732 2864 --
2756 2821 2894 2888 Περὶ
2941 2819 3050 2886 τῆς
3089 2818 3468 2888 προφητικῆς
3492 2820 3640 2874 dra-

2107 2892 2404 2962 γνώσεως,
2429 2893 2508 2959 ἣν
2536 2893 2718 2962 αὐτὸς
2753 2896 2784 2945 ὁ
2818 2894 3031 2962 Κύριος
3062 2889 3231 2958 ἡμῶν
3261 2889 3510 2958 διῆλθεν
3533 2891 3636 2943 ἐπι

2109 2960 2218 3031 τῆς
2243 2962 2599 3034 συναγωγῆς
2629 2960 2748 3016 τῶν
2782 2961 3099 3016 Ἰουδαίων.

2115 3096 2134 3128 ι
2167 3077 2394 3148 Πνεῦμα
2440 3077 2647 3149 Κυρίου
2688 3078 2774 3128 ἐπ’
2815 3075 2936 3146 ἐμὲ,
2966 3066 3027 3126 οὗ
3074 3073 3281 3126 εἵνεκεν
3315 3072 3500 3143 ἔχρισέ
3540 3090 3631 3144 με.

2038 3169 2507 3239 Εύαγγελίσασθαι
2554 3171 2792 3239 πτωχοῖς
2839 3165 3153 3221 ἀπέσταλκέ
3209 3182 3312 3236 με,
3372 3164 3635 3218 ἰάσασθαι

2035 3266 2164 3329 τοὺς
2191 3265 2680 3338 συντετριμμένους
2707 3265 2806 3338 τὴν
2840 3262 3090 3334 καρδίαν,
3128 3263 3224 3315 καὶ
3252 3261 3488 3333 κηρύξαι
3507 3263 3635 3332 αἰχ-

2040 3355 2308 3430 μαὶέποις
2351 3358 2544 3426 ἄφεσιν
2569 3396 2584 3419 ,
2631 3358 2726 3411 καὶ
2772 3357 2993 3426 τυφλοῖς
3029 3356 3344 3426 ἀνάϐλεψιν,
3400 3357 3634 3411 καλέσαι

2039 3451 2282 3504 ἐνιαυτὸν
2306 3450 2511 3522 Κυρίου
2540 3449 2748 3515 δεκτὸν,
2775 3450 2868 3502 καὶ
2897 3449 3108 3520 ἡμέραν
3135 3449 3568 3512 ἀνταποδόσεως.
3608 3469 3626 3500 ι

2034 3543 2145 3597 Καὶ
2176 3542 2377 3613 ταύτην
2402 3541 2564 3604 αὐτὸς
2588 3544 2617 3594 ὁ
2649 3542 2852 3614 Κύριος
2879 3541 3034 3612 ἡμῶν
3069 3539 3166 3612 τὴν
3204 3541 3512 3612 πρόρρησιν
3548 3543 3634 3605 είς

2035 3635 2224 3690 ἑαυτὸν
2265 3633 2518 3706 ὁμολογεῖ
2556 3632 2977 3704 πεπληρῶσθαι,
3033 3633 3158 3694 ὅτε,
3195 3631 3364 3684 ἐλθὼν
3404 3633 3488 3693 εἰς
3529 3630 3635 3702 τὴν

2032 3725 2316 3799 Ναζαρὲθ,
2343 3721 2404 3781 οὗ
2429 3721 2496 3796 ἦν
2536 3723 3017 3796 ἀνατεθραμμένος
3038 3764 3052 3786 ,
3082 3721 3329 3794 εἰσῆλθεν
3347 3763 3363 3786 ,
3394 3722 3540 3776 κατὰ
3569 3724 3636 3777 τὸ

2033 3818 2220 3881 εἰωθὸς
2241 3818 2408 3888 αὐτῷ,
2433 3818 2490 3870 ὲν
2514 3821 2580 3889 τῇ
2605 3819 2790 3890 ἡμέρᾳ
2811 3817 2918 3871 τῶν
2945 3816 3237 3871 Σαϐὁάτων
3260 3819 3340 3880 εἰς
3364 3817 3464 3886 τὴν
3497 3831 3634 3870 συν-

2032 3909 2279 3980 αγωγήνο
2311 3909 2602 3962 ἀναστάντι
2635 3909 2692 3962 δὲ
2713 3908 2862 3979 αὐτῷ
2890 3906 3117 3976 ἐπεδόθη
3159 3906 3383 3967 Ἡσαΐας
3418 3907 3448 3957 ὁ
3487 3921 3632 3976 προ-

2032 4005 2208 4073 φήτης
2228 4041 2242 4064 ν
2269 3994 2330 4055 οὗ
2370 4003 2464 4055 καὶ
2494 4000 2805 4066 ἀναπτύξας
2827 4001 2925 4071 τὴν
2955 3998 3134 4070 βίϐλον
3158 4037 3173 4061 ,
3200 3997 3411 4065 ἀνέγνω
3435 3996 3498 4048 τὸ
3526 3999 3631 4065 ἐγ-

2029 4094 2410 4165 γεγραμμένον
2430 4111 2443 4123 ·
2475 4112 2492 4145 ι
2539 4092 2764 4163 Πνεῦμα
2792 4093 2996 4162 Κυρίου
3023 4093 3108 4146 ἐπ’
3145 4093 3278 4161 ἐμὲ,
3315 4083 3376 4143 οὗ
3406 4091 3630 4144 εἵνεκεν

2030 4185 2214 4257 ἕχρισέ
2257 4202 2344 4255 με.
2387 4184 2856 4253 Εὐαγγελίσασθαι
2891 4187 3124 4253 πτωχοῖς
3165 4183 3479 4236 ἀπέσταλκέ
3527 4200 3629 4252 με,

2029 4279 2262 4350 κηρύξαι
2290 4278 2653 4349 αἰχμαλώτοις
2679 4277 2872 4346 ἄφεσιν
2891 4315 2906 4339 ,
2933 4277 3027 4329 καὶ
3051 4276 3270 4344 τυφλοῖς
3295 4273 3630 4343 ἀνάϐλεψιν,

2029 4371 2345 4424 ἀποστεῖλαι
2369 4369 2802 4440 τεθραυσμένους
2837 4369 2894 4421 ἐν
2921 4368 3146 4436 ἀφέσει,
3183 4365 3410 4420 καλέσαι
3439 4367 3631 4419 ὲνιαυ-

303 4447 313 4462 ’
352 4470 660 4531 acceptum.
698 4459 763 4512 Et
813 4475 936 4513 cum
998 4460 1283 4529 plicuisset
1317 4459 1538 4523 librum,
1570 4459 1924 4516 reddidisset-

2065 4461 2118 4514 ὸν
2144 4461 2346 4532 Κυρίου
2372 4460 2578 4516 δεκτόν.
2621 4459 2730 4512 Καὶ
2769 4458 2975 4525 πτύξας
3013 4458 3073 4511 τὸ
3110 4456 3312 4527 βιϐλίον
3339 4495 3356 4521 ,
3382 4456 3630 4520 ἀποδοὺς

350 4569 457 4624 que
483 4553 756 4615 ministro,
791 4559 904 4604 tum
934 4552 1077 4606 sedit
1111 4570 1125 4610 :
1157 4559 1212 4605 et
1249 4551 1494 4605 omnium
1531 4551 1675 4605 oculi
1705 4551 1762 4606 in
1791 4568 1925 4607 con-

350 4657 517 4704 ventu
539 4655 694 4706 erant
719 4647 913 4702 intenti
947 4647 1000 4701 in
1049 4647 1224 4701 illum.
1278 4645 1464 4717 Itaque
1493 4647 1661 4716 coepit
1705 4648 1770 4702 ad
1803 4649 1924 4705 illos

351 4741 556 4804 dicere,
587 4739 731 4808 quod
786 4739 880 4793 illo
910 4739 997 4793 die
1039 4739 1302 4808 completa
1331 4745 1476 4794 esset
1527 4738 1802 4810 scriptura
1836 4741 1926 4794 illa

355 4833 410 4887 in
443 4833 668 4887 auribus
693 4831 996 4885 illorum“.
1029 4850 1046 4881 ι
1085 4830 1226 4901 Ergo
1271 4827 1522 4884 Salvator
1566 4847 1631 4885 ac
1660 4830 1925 4888 Dominus

353 4932 541 4981 noster
565 4941 632 4980 ex
663 4924 766 4978 hac
803 4924 964 4994 plane
1002 4923 1270 4994 scriptura
1319 4922 1537 4978 videtur
1567 4924 1725 4994 longe
1746 4928 1928 4981 excel-

351 5017 552 5074 lentius
580 5032 643 5072 ac
674 5017 866 5072 melius
898 5031 1057 5086 quam
1082 5016 1157 5069 illi
1189 5016 1500 5071 sacerdotes
1529 5017 1621 5087 qui
1646 5018 1776 5071 olim
1812 5034 1926 5074 cor.

350 5106 526 5180 porali
574 5107 834 5161 unctione
883 5107 1244 5177 ungebantur,
1278 5121 1386 5159 non
1437 5107 1558 5160 oleo
1607 5117 1926 5176 comparato

350 5214 529 5270 neque
575 5199 644 5252 ab
688 5199 1024 5264 hominibus,
1058 5205 1116 5252 ut
1138 5197 1228 5251 alii
1261 5197 1530 5260 solebant,
1562 5197 1657 5252 sed
1709 5199 1915 5265 divino,

349 5294 456 5347 hoc
487 5300 592 5357 est,
629 5289 724 5347 Dei
753 5289 1043 5359 Patrisque
1097 5289 1182 5344 sui
1226 5290 1432 5360 Spiritu
1464 5296 1665 5344 unctus
1697 5308 1712 5344 :
1746 5307 1777 5346 a
1811 5307 1920 5362 quo

349 5384 514 5437 etiam
551 5382 673 5450 ejus
716 5380 1019 5436 divinitatis
1050 5397 1170 5451 quae
1206 5381 1346 5436 facta
1381 5398 1490 5436 non
1549 5394 1656 5446 est,
1695 5399 1919 5453 compos

349 5475 574 5529 enectus
609 5474 753 5531 Deus
785 5489 847 5529 ac
883 5471 1149 5528 Dominus
1180 5474 1236 5527 in
1267 5473 1442 5528 sacris
1483 5472 1664 5528 dictus
1717 5484 1802 5529 est
1829 5473 1921 5527 Li-

349 5567 486 5623 bris.
539 5566 677 5622 Iluic
706 5567 1004 5638 prophetiae
1051 5581 1166 5638 quae
1197 5580 1343 5620 nunc
1396 5572 1664 5620 tractatur
1718 5565 1919 5622 similia

420 5749 464 5781 ⁸⁸
503 5745 607 5805 Isa.
646 5765 756 5819 ut,
796 5749 843 5805 I.
923 5750 968 5782 “
1007 5748 1138 5804 Luc.
1180 5764 1265 5815 tv,
1303 5745 1487 5802 18-21.

2028 4553 2106 4626 τῷ
2135 4554 2404 4627 ὑπηρέτῃ,
2441 4553 2678 4607 ἐκάθισε.
2708 4555 2820 4608 Καὶ
2855 4554 3070 4606 πάντων
3091 4553 3139 4604 οἱ
3163 4549 3435 4620 ὀφθαλμοὶ
3463 4550 3522 4601 ἐν
3550 4552 3628 4622 τῇ

2033 4650 2319 4718 συναγωγῇ
2367 4644 2506 4718 ἦσαν
2559 4645 2894 4710 ἀτενίζοντες
2935 4644 3101 4716 αύτῷ.
3133 4642 3380 4714 Ἤρξατο
3415 4641 3472 4693 δὲ
3531 4641 3631 4695 λέ-

2030 4753 2150 4805 γειν
2176 4736 2312 4807 πρὸς
2337 4737 2556 4802 αὐτοὺς,
2585 4737 2687 4800 ὅτι,
2719 4737 2964 4808 Σήμερον
2988 4732 3392 4805 πεπλήρωταιὴ
3419 4730 3625 4801 Γραφὴ

2031 4829 2172 4899 αῦτη
2194 4830 2251 4882 ὲν
2294 4831 2407 4892 τοῖς
2446 4829 2580 4882 ὠσὶν
2623 4828 2796 4899 ὑμῶν.
2841 4847 2859 4878 ›
2913 4827 2968 4880 Ὀ
3007 4825 3106 4896 μὲν
3149 4819 3240 4876 οὖν
3289 4820 3484 4892 Σωτὴρ
3517 4823 3626 4873 ναὶ

2026 4921 2230 4992 Κύριος
2253 4921 2407 4992 ἡμῶλ
2429 4919 2516 4973 διὰ
2548 4920 2751 4989 ταύτης
2777 4918 3022 4988 φαίνεται
3055 4913 3242 4984 σαφῶς
3268 4913 3369 4984 τῆς
3389 4911 3626 4983 Γραφῆς

2024 5011 2386 5082 διαφερόντως
2414 5012 2508 5065 καὶ
2541 5011 2859 5084 κρειττόνως
2887 5006 3036 5078 παρά
3070 5007 3187 5068 τοὺς
3221 5003 3393 5057 πάλαι
3420 5019 3624 5074 σωμα-

2026 5103 2319 5174 τικώτερον
2355 5103 2674 5176 χριομένους
2717 5101 2896 5172 ἱερέας
2918 5138 2932 5163 ,
2971 5098 3072 5150 ούκ
3105 5096 3267 5166 ἐλαίῳ
3301 5093 3620 5163 σκευαστῷ,

2022 5198 2143 5252 οὐδὲ
2174 5198 2266 5251 ὑπ’
2301 5196 2624 5267 ἀνθρώπων,
2669 5193 2869 5265 ὁμοίως
2898 5193 3008 5255 τοῖς
3045 5189 3244 5256 ἄλλοις,
3291 5188 3408 5242 ἀλλ’
3441 5187 3623 5258 ὲνθέῳ

2025 5289 2306 5360 Πνεύματι
2337 5288 2501 5343 αὑτοῦ
2535 5287 2600 5358 δὴ
2630 5285 2724 5340 τοῦ
2751 5282 2886 5338 Θεοῦ
2932 5283 3027 5337 καὶ
3079 5281 3295 5352 Πατρός
3321 5278 3486 5333 αὑτοῦ
3512 5296 3621 5331 κε-

2023 5382 2317 5454 χρισμένος
2340 5398 2353 5411 ·
2386 5381 2514 5450 παρ’
2545 5375 2606 5434 οὗ
2638 5379 2732 5432 καὶ
2769 5376 2871 5448 τῆς
2899 5378 3195 5446 ἀγεννήτω
3223 5372 3480 5443 θεότητος
3513 5388 3620 5439 με-

2022 5469 2240 5543 τασχὼν
2261 5513 2275 5536 ,
2303 5472 2433 5536 Θεὸς
2468 5471 2558 5525 καὶ
2585 5471 2786 5541 Κύριος
2817 5468 2951 5540 πρὸς
2976 5467 3083 5520 τῶν
3123 5464 3285 5535 ἱερῶν
3311 5463 3620 5536 ἀνηγόρευ-

2023 5583 2114 5620 ται
2143 5565 2393 5638 Γραφῶν.
2439 5563 2767 5626 Ἀκολούθως
2806 5560 2859 5614 δὲ
2904 5562 2970 5631 τῇ
3009 5555 3145 5630 μετά
3169 5558 3361 5628 χεῖρας
3391 5569 3617 5626 προφη-
