3836 6220
210 309 326 366 689

1150 306 1814 367 ΒΕΜΟΝΞΤΒΑΤΙΟΝΙΒ
1848 305 2313 366 EVANGELICE
2348 306 2482 365 LIB.
2520 307 2612 366 IX.

3388 309 3499 367 δυο

207 428 342 503 uia
381 431 621 501 πτωχοῖς
667 381 1156 501 εὐαγγελιζόμενος
1216 429 1496 500 εἰσάγεται
1548 431 1701 505 παρά
1734 431 1813 503 τῷ

1917 432 2110 490 scribit
2141 432 2452 498 Mattheus,
2498 432 2592 489 ubi
2654 432 2804 489 illum
2860 447 3131 504 pauperes
3188 433 3500 502 evangeliee

210 521 508 593 Ματθαίῳ,
542 522 632 576 ὅτε
673 542 692 575 ι
736 521 860 576 ίδὼν
890 522 1020 586 τοὺς
1047 522 1236 593 ὄχλους
1267 522 1435 594 ἀνέϐη
1471 524 1551 587 είς
1574 523 1636 577 τὸ
1652 523 1780 595 ὅρος
1799 565 1816 589 ,

212 615 316 668 καὶ
362 613 686 676 καθίσαντος
732 611 899 665 αὑτοῦ
925 651 940 676 ,
995 610 1301 682 προσῆλθον
1355 610 1505 682 αύτῷ
1530 614 1580 665 οἱ
1638 612 1817 683 μαθη-

210 707 311 761 ταὶ
360 703 549 770 αὐτοῦ,
584 703 678 759 καὶ
715 702 934 770 ἀνοίξας
986 704 1049 758 τὸ
1091 705 1268 777 στόμα
1325 704 1490 759 αὑτοῦ
1535 704 1817 760 ἐδίδασκεν

211 797 449 861 αὐτοὺς,
490 796 667 866 λέγων
687 814 700 828 ’
743 797 1019 869 Μακάριοι
1061 797 1111 851 οί
1161 796 1366 868 πτωχοὶ
1408 795 1486 869 τῷ
1520 796 1814 869 πνεύματι,

211 889 304 943 ὅτι
343 889 523 945 αὐτῶν
568 892 717 944 ἐστιν
745 891 779 960 ἡ
810 888 1056 960 βασιλεία
1082 890 1191 943 τῶν
1220 890 1488 963 οὐρανῶν.
1518 910 1537 943 ι
1574 891 1681 944 Καὶ
1717 908 1815 945 τυ-

215 982 373 1053 φλοῖς
400 983 459 1038 δὲ
502 983 799 1055 ἀνάϐλεψιν
848 982 1270 1055 παρεσχημένος
1302 983 1403 1037 οὐκ
1443 982 1645 1054 ὀλίγοις
1682 986 1815 1039 ἀνα-

212 1077 564 1148 γέγραπται·
601 1077 664 1130 οὐ
716 1076 874 1148 μόνον
913 1075 1024 1149 γὰρ
1069 1077 1183 1139 τοῖς
1223 1075 1323 1140 τὰς
1368 1075 1521 1146 ὄψεις
1569 1076 1663 1130 τοῦ
1705 1075 1813 1129 σώ-

219 1184 394 1238 ματος
417 1167 806 1239 ἠφανισμένοις
830 1167 894 1221 τὸ
925 1166 1147 1237 βλέπειν
1176 1166 1450 1238 ἐδωρεῖτο,
1476 1167 1614 1221 ἀλλά
1632 1183 1695 1236 γε
1720 1168 1814 1222 καὶ

211 1260 335 1323 τοῖς
355 1259 618 1331 πρότερον
648 1262 714 1331 τῇ
736 1259 882 1331 ψυχῇ
914 1257 1317 1328 τυφλώττουσιν
1335 1261 1508 1326 αἴτιος
1542 1262 1643 1333 τῆς
1671 1262 1813 1317 κατὰ

212 1349 347 1407 νοῦν
402 1350 659 1424 θεωρίας,
712 1353 808 1406 καὶ
860 1352 959 1422 τῆς
1002 1351 1352 1419 ἐπιγνώσεως
1392 1351 1485 1405 τοῦ
1519 1353 1628 1406 τῶν
1675 1354 1812 1407 ὅλων

211 1443 355 1497 Θεοῦ
375 1444 620 1513 γέγονεν.
653 1444 765 1499 Kal
778 1444 953 1509 ἄλλως
978 1445 1077 1517 τῆς
1100 1441 1219 1499 οὖσι
1247 1445 1491 1517 δεσμίοις
1512 1448 1609 1500 καὶ
1632 1449 1813 1518 ἀπηγ-

218 1534 408 1606 μένοις
436 1534 807 1608 αἰχμαλώτοις
844 1536 948 1591 ύπὺ
974 1537 1079 1606 τῆς
1109 1537 1344 1608 ἀοράτου
1367 1539 1463 1592 καὶ
1489 1538 1813 1611 δαιμονικῆς

212 1627 535 1698 δυνάμεως,
570 1628 755 1682 κακῶν
791 1644 853 1682 τε
901 1631 1108 1698 σειραῖς
1156 1629 1556 1701 πεπεδημένοις
1596 1630 1812 1685 ἐλευθε-

218 1725 348 1798 ρίαν
395 1724 490 1780 καὶ
528 1725 715 1780 ἄνεσιν
747 1724 858 1778 τῶν
908 1703 1240 1796 συνεχόντων
1277 1727 1596 1796 ἐκήρυττεν,
1634 1727 1682 1779 εί
1715 1726 1809 1781 καὶ

1919 525 2284 580 instruentem
2314 523 2544 591 inducit,
2574 539 2685 594 quo
2730 532 3033 597 tempore:
3068 523 3262 579 videns
3306 524 3498 581 turbas

1918 615 2174 671 ascendit
2198 616 2257 671 in
2295 622 2559 680 montem,
2594 623 2650 670 et
2696 629 2822 671 cum
2867 614 3121 677 sedisset.
3147 623 3499 672 accesserurt

1918 708 1988 764 ad
2020 709 2172 763 illum
2199 708 2454 779 discnpuli
2494 710 2635 777 ejus,
2659 715 2714 763 et
2757 708 3010 779 aperiens
3034 724 3097 765 os
3127 723 3286 763 suum
3335 707 3499 766 doce-

1917 799 2013 854 bat
2038 815 2155 865 eos,
2216 800 2407 857 dicens
2441 818 2455 856 :
2513 798 2666 855 Beati
2696 815 2961 871 pauperes
2991 801 3207 872 spiritu,
3238 801 3497 869 quoniam

1916 890 2163 963 ipsorum
2190 899 2274 948 est
2301 907 2528 963 regnum
2563 894 2828 948 caelorum
2863 894 2931 948 ".
2964 912 2983 945 ι
3008 891 3142 946 Nam
3166 892 3329 947 etiam
3363 891 3498 946 illud

1918 984 2128 1054 scripto
2164 983 2438 1055 proditum
2470 993 2574 1049 est,
2601 985 2749 1056 quod
2772 984 2934 1040 caecis
2965 1000 3073 1040 non
3100 985 3290 1055 paucis
3315 985 3495 1041 visum

1917 1077 2251 1142 restituerit;
2279 1076 2442 1150 443
2472 1092 2583 1132 non
2614 1078 2792 1132 solum
2841 1078 2988 1132 enim
3036 1076 3126 1139 iis,
3172 1077 3265 1147 qui
3320 1076 3496 1133 oculis

1916 1171 2168 1241 corporis
2202 1171 2348 1241 capti
2383 1177 2564 1233 erant,
2594 1171 2772 1225 visum
2804 1170 3160 1239 largiebatur,
3197 1169 3292 1225 sed
3331 1170 3493 1225 etiam

1915 1262 2006 1326 iis,
2038 1262 2132 1334 qui
2159 1263 2214 1317 in
2237 1264 2410 1319 altero
2440 1278 2639 1333 genere
2669 1264 2998 1334 caligabant,
3034 1271 3092 1317 ut
3114 1264 3299 1318 animo
3325 1261 3495 1318 Deum

1914 1353 2161 1409 universi
2209 1354 2559 1409 intuerentur
2605 1363 2769 1425 atque
2799 1362 3178 1425 agnoscerent,
3213 1361 3495 1409 auctorem

1915 1457 1977 1498 se
2009 1443 2321 1498 exhibebat.
2363 1442 2581 1512 Alioqui
2611 1458 2741 1497 vero
2769 1444 2932 1497 etiam
2963 1442 3052 1506 iis,
3074 1443 3169 1513 qui
3197 1443 3266 1497 ab
3302 1440 3496 1496 invisi-

1918 1535 2018 1592 bili
2053 1550 2117 1590 ac
2146 1534 2449 1589 daemonica
2480 1542 2750 1606 potestate
2776 1533 2948 1588 vincti
2974 1542 3160 1590 essent
3189 1533 3496 1603 captivique

1915 1628 2136 1684 abducti
2164 1643 2229 1683 ac
2260 1628 2530 1684 malorum
2583 1628 2794 1685 catenis
2846 1627 3120 1699 impliciti,
3164 1629 3493 1695 libertatem,

1915 1720 2449 1792 dissolutionemque
2480 1736 2670 1776 earum
2700 1735 2908 1786 rerum,
2934 1734 2963 1774 a
2986 1721 3188 1792 quibus
3232 1721 3496 1776 teneban-

215 1817 397 1880 αὐτοὶ,
428 1815 507 1888 τῷ
547 1815 869 1888 κηρύγματι
900 1815 1312 1901 πιστεύσαντες,
1336 1812 1425 1869 οἷα
1450 1815 1697 1887 λυτρωτῇ
1724 1818 1816 1870 καὶ

1919 1822 2031 1878 tur,
2059 1812 2443 1878 denuntiabat,
2476 1813 2525 1868 si
2554 1812 2715 1868 modo
2735 1813 2840 1882 ipsi
2870 1827 3090 1883 quoque
3128 1812 3275 1868 illius
3300 1812 3496 1883 praedi-

214 1908 437 1981 Σωτῆρι
465 1908 867 1981 προσδράμοιεν
889 1907 1060 1979 αὐτῷ,
1078 1908 1173 1962 καὶ
1204 1909 1315 1972 τοῖς
1342 1905 1507 1961 αὑτοῦ
1533 1907 1804 1961 πεισθεῖεν

1914 1905 2116 1961 cationi
2151 1905 2310 1960 tidem
2340 1904 2683 1971 adhibentes,
2716 1903 2785 1957 ad
2826 1904 2980 1959 illum
3015 1910 3278 1974 tanquam
3310 1903 3377 1959 ad
3407 1918 3495 1959 re-

213 1999 666 2073 παραγγέλμασι.
720 2000 832 2055 Kal
889 1998 958 2054 τά
997 1999 1160 2053 λοιπά
1191 1999 1249 2053 δὲ
1287 1998 1382 2052 τοῦ
1432 1998 1614 2069 λογίου
1663 1998 1805 2054 κατά

1914 1997 2251 2069 demptorem
2270 2003 2325 2053 et
2353 1996 2692 2051 Salvatorem
2716 1996 3078 2052 accurrebant
3105 2001 3159 2051 et
3181 1995 3328 2050 illius
3358 2010 3496 2066 prae-

213 2091 412 2163 καιρδν
444 2094 504 2145 ἐν
534 2094 649 2156 τοῖς
683 2091 815 2161 περὶ
847 2090 957 2144 τῶν
985 2090 1331 2161 ἐπαγγελιῶν
1358 2089 1801 2162 ἐξετασθήσεται.

1913 2091 2090 2161 ceptis
2126 2091 2601 2162 obtemperabant.
2645 2087 2939 2153 Cazterum,
2986 2104 3107 2159 quae
3135 2104 3200 2144 ex
3237 2091 3339 2143 hoc
3369 2102 3498 2144 ora-

215 2188 346 2242 culo
381 2194 702 2257 supersunt,
737 2200 841 2242 suo
887 2196 1137 2256 tempore
1202 2186 1258 2240 in
1330 2184 1421 2252 iis,
1456 2200 1580 2256 quae
1630 2184 1698 2240 de
1742 2185 2208 2255 promissionibus
2230 2183 2515 2239 tractanda
2538 2190 2686 2248 sunt,
2717 2182 3096 2253 exquirentur.

228 2302 375 2357 ,Απὸ
410 2302 516 2383 ζιὲῦ
536 2304 1110 2383 Δῳτέρρνομίορ.-
1146 2302 1412 2383 "FN-7%
1428 2303 1577 2358 κατὰ
1595 2302 1661 2358 τὸ
1689 2305 1806 2359 Εὐ,
1904 2284 1950 2339 Α
1990 2280 2422 2383 υειιιενοηοηιὶο.

288 2372 574 2444 ansier
592 2374 708 2429 τοῦ
740 2372 1000 2444 Χριστοῦ
1029 2375 1411 2444 νομοθεσίας.

297 2505 316 2538 ι
341 2485 638 2558 Προφήτην
684 2487 749 2540 ἐκ
788 2486 897 2540 τῶν
934 2486 1175 2557 ἀδελφῶν
1220 2504 1315 2541 σου
1354 2488 1651 2560 ἀναστήσει
1692 2488 1807 2543 Κύ-

216 2597 337 2653 ριος
361 2582 390 2633 6
411 2580 543 2643 Θεός
572 2597 666 2633 σου
691 2580 768 2644 ὡς
797 2578 915 2651 ἐμέο
939 2579 1106 2634 αὐτοῦ
1136 2578 1436 2633 ἀκούσεσθε
1458 2579 1602 2634 κατὰ
1630 2579 1810 2635 πάντα

215 2672 321 2728 ὅσα
368 2672 557 2744 ῂτήσω
586 2670 739 2744 παρά
789 2673 995 2743 Κυρίου
1052 2670 1147 2724 τοῦ
1178 2670 1313 2724 Θεοῦ
1368 2687 1464 2725 σου
1506 2673 1564 2725 ἐν
1608 2670 1813 2743 Χωρὴϐ

213 2768 283 2836 τῇ
320 2764 505 2837 ἡμέρᾳ
528 2765 629 2836 τῆς
666 2763 983 2836 ἐκκλησίας,
1007 2763 1257 2833 λέγοντες
1281 2780 1296 2795 ο
1316 2764 1392 2817 Ού
1423 2763 1808 2836 προσθήσομεν

213 2857 451 2913 ἀκοῦσαι
486 2856 591 2928 τῆς
628 2857 814 2928 φωνῆς
840 2856 939 2926 τοῦ
968 2856 1175 2931 Κυρίου
1210 2856 1305 2911 τοῦ
1334 2856 1469 2911 Θεοῦ
1504 2856 1682 2929 ἡμῶν,
1712 2857 1806 2911 καὶ

215 2949 279 3004 τὸ
309 2949 423 3022 πῦρ
463 2949 526 3003 τὸ
569 2948 712 3020 μέγα
756 2948 917 3002 τοῦτο
963 2950 1064 3003 οὐκ
1116 2949 1360 3022 ὀψόμεθα
1412 2949 1529 3015 ἐτι,
1562 2949 1684 3003 οὐδὲ
1729 2950 1803 3021 μή

217 3040 602 3112 ἀποθάνωμεν.
651 3040 762 3094 Kal
817 3035 938 3092 εἷπε
986 3040 1191 3113 Κύριος
1242 3040 1381 3114 πρὸς
1442 3041 1543 3113 μέ·
1600 3040 1806 3113 Ὀρθῶς

217 3132 401 3187 πάντα
427 3133 527 3186 ὅσα
552 3132 820 3204 ἐλάλησαν
840 3149 854 3163 ·
880 3132 1175 3204 Προφήτην
1204 3134 1268 3187 ἐκ
1298 3132 1406 3188 τῶν
1440 3132 1683 3203 ἀδελφῶν
1710 3134 1808 3187 αὐ-

214 3227 329 3282 τῶν
363 3227 652 3298 ἀναστήσω
686 3227 874 3291 αὐτοῖς
898 3226 1088 3299 ῶσπερ
1121 3245 1179 3281 σε
1200 3268 1214 3290 ,
1244 3229 1341 3282 καὶ
1371 3227 1528 3283 δώσω
1565 3227 1625 3282 τδ
1655 3227 1808 3300 ῥῆμά

2470 2312 2541 2321 -—-
2582 2279 2660 2334 De
2718 2295 2866 2333 novre
2923 2278 3052 2348 legis
3101 2279 3156 2332 in
3206 2274 3494 2348 Evangelia

2437 2349 2639 2407 Christi
2677 2350 2972 2405 sanctione.

1984 2483 2005 2517 ι
2033 2463 2362 2537 Prophetam
2392 2461 2461 2518 de
2491 2461 2759 2517 fratribus
2793 2459 2902 2516 tuis
2936 2459 3223 2516 suscitabit
3246 2459 3346 2515 tibi
3380 2458 3493 2515 Do-

1912 2558 2097 2614 minus
2120 2557 2264 2614 Deus
2292 2564 2425 2614 tuus
2457 2555 2603 2610 sicut
2633 2569 2749 2609 me:
2774 2553 2925 2607 illum
2954 2550 3189 2607 audietis
3220 2552 3275 2606 in
3308 2551 3491 2607 omni-

1911 2651 2016 2707 bus
2062 2664 2403 2722 quaacunque
2450 2648 2739 2721 postulasti
2782 2664 2813 2703 a
2864 2642 3096 2701 Domino
3134 2642 3245 2699 Deo
3295 2653 3390 2699 tuo
3433 2644 3491 2699 in

1910 2743 2132 2800 Clioreb
2160 2742 2220 2798 in
2270 2741 2358 2797 die
2402 2740 2686 2796 concionis
2715 2738 3000 2796 dicentes:
3033 2738 3153 2793 Non
3206 2739 3349 2792 ultra
3392 2752 3494 2792 au-

1912 2837 2130 2892 diemus
2167 2849 2359 2890 vocem
2399 2832 2616 2887 Domini
2661 2831 2755 2888 Dei
2803 2831 3002 2894 nostri,
3038 2839 3094 2887 et
3123 2831 3303 2903 ignem
3344 2829 3493 2884 hunc

1909 2928 2171 3001 grandem
2200 2942 2312 2983 non
2333 2924 2640 2981 videbimus
2673 2924 2930 2993 amplius,
2954 2938 3132 2994 neque
3160 2921 3492 2989 moriemur;

1910 3028 1966 3077 et
1998 3020 2135 3076 dixit
2166 3019 2430 3075 Dominus
2457 3017 2525 3073 ad
2555 3033 2642 3072 me
2674 3014 2879 3073 :Recte
2903 3017 3087 3071 omnia
3110 3015 3281 3070 locuti
3321 3021 3448 3071 sunt
3474 3030 3492 3080 ;

1910 3114 2236 3187 prophetam
2269 3128 2338 3168 ex
2366 3111 2631 3167 fratribus
2662 3110 2906 3181 ipsorum
2930 3110 3211 3166 suscitabo
3240 3108 3322 3165 eis
3350 3107 3495 3163 sicut

1912 3215 1986 3273 te,
2024 3215 2079 3263 et
2111 3208 2255 3263 dabo
2282 3205 2523 3262 Verbum
2559 3220 2740 3261 meum
2785 3205 2842 3260 in
2871 3219 2934 3260 os
2972 3204 3114 3273 ejus,
3155 3211 3209 3257 et
3240 3203 3496 3273 loquetur

221 3339 328 3394 μου
360 3322 440 3386 είς
470 3322 531 3376 τὸ
556 3291 737 3393 στόμα
756 3320 946 3385 αὐτοῦ,
979 3291 1071 3377 καί
1089 3322 1315 3395 λαλήσει
1338 3324 1522 3388 αὐτοῖς
1549 3291 1674 3378 καθζ
1705 3291 1806 3377 δτι
1836 3305 1843 3341 ¹

1914 3300 1992 3356 eis
2033 3298 2338 3356 secundum
2374 3297 2742 3370 quodcunque
2788 3311 3099 3367 praacepero
3139 3295 3239 3359 illi,
3270 3301 3324 3350 et
3370 3292 3494 3364 qui-

218 3413 287 3467 ἆν
342 3413 666 3485 ἐντείλωμαι
714 3412 897 3485 αὐτῷ,
948 3414 1041 3468 καὶ
1092 3417 1121 3468 6
1166 3414 1454 3488 ἄνθρωπος
1491 3415 1550 3481 ὃς
1591 3415 1686 3469 ἐάν
1733 3415 1807 3487 μὴ

215 3506 431 3581 ἀκούσῃ
468 3507 643 3561 πάντα
679 3508 781 3561 ὅσα
819 3508 914 3561 ἐὰν
958 3507 1167 3580 λαλήσῃ
1206 3509 1235 3561 6
1273 3510 1560 3581 προφήτης
1597 3509 1690 3563 ἐπὶ
1728 3508 1808 3579 τῷ

216 3596 444 3668 ὀνόματί
477 3614 599 3668 μου,
625 3595 737 3665 ἐγὼ
757 3597 1030 3668 ἐκδικήσω
1057 3596 1118 3662 ἐξ
1143 3595 1330 3652 αὐτοῦ.
1347 3617 1365 3649 ι
1385 3597 1709 3668 Ἑπίστησον
1727 3598 1823 3672 ὅτι,

221 3687 418 3760 μηδεὶς
457 3691 585 3761 παρ’
627 3689 901 3762 Ἑϐραίοις
928 3690 1155 3743 Μωῦσεῖ
1184 3688 1570 3760 παραπλήσιος
1599 3691 1810 3761 προφή-

218 3797 324 3852 της
371 3781 706 3852 ἐγήγερται,
745 3782 990 3835 τουτέστι
1032 3779 1363 3851 νομοθέτης,
1398 3781 1491 3833 καὶ
1529 3778 1812 3844 εὐσεϐείας

218 3869 534 3942 ἀνθρώποις
560 3873 878 3943 είσηγητὴς,
908 3873 941 3943 ἢ
974 3871 1133 3944 μόνος
1160 3871 1189 3924 6
1220 3870 1489 3943 ήμέτερος
1520 3871 1735 3942 Σωτήρ,
1782 3872 1811 3924 6

218 3962 461 4034 Χριστὸς
498 3963 592 4017 τοῦ
621 3963 757 4017 Θεοῦ
778 3981 791 3994 ·
826 3965 962 4036 πρὸς
989 3962 1120 4033 γοῦν
1148 3962 1226 4034 τῷ
1249 3963 1396 4029 τέλει
1425 3961 1518 4016 τοῦ
1554 3964 1810 4034 Δευτεροο

219 4053 413 4125 νομίου
429 4054 667 4123 λέγεταν
694 4074 712 4105 ι
733 4056 845 4109 Οὐκ
875 4055 1072 4125 ἀνέστη
1098 4053 1178 4108 ἐτι
1201 4055 1487 4127 προφήτης
1508 4054 1565 4105 ἐν
1596 4051 1810 4125 Ἰσραήλ

219 4144 301 4210 ὠς
331 4145 630 4216 Μωῦσῆς.»
658 4148 769 4200 Kal
802 4147 907 4218 μὴν
939 4145 1121 4217 μυρίοι
1152 4134 1426 4217 προφῆται
1458 4145 1595 4216 μετά
1622 4144 1810 4199 τοῦτον

221 4240 513 4308 γεγόνασιν
533 4281 549 4306 ,
579 4240 716 4294 ἀλλά
746 4242 844 4312 οὐχ
876 4241 952 4305 ῶς
976 4242 1158 4305 αὐτός.
1189 4240 1348 4295 ’Ὀλον
1378 4240 1432 4292 δέ
1462 4238 1622 4293 τοῦτο
1650 4240 1683 4310 ή
1713 4237 1808 4292 τοῦ

221 4330 362 4385 Θεοῦ
395 4332 686 4402 ὑπόσχεσις
718 4333 1131 4402 ἐπαγγέλλεται,
1163 4333 1258 4386 ἕνα
1285 4331 1428 4395 τινὰ,
1456 4332 1575 4403 οὐχὶ
1595 4330 1651 4384 δέ
1681 4330 1811 4383 πολ-

220 4422 373 4488 λοὺς,
400 4423 493 4477 καὶ
532 4425 717 4496 ὅμοιον
754 4426 1080 4497 ἀναστήσειν
1127 4425 1295 4497 αὐτῷ.
1328 4424 1490 4497 Δηλοῖ
1536 4426 1592 4478 δέ
1624 4424 1812 4479 τοῦτον

222 4515 522 4587 νομοθέτην
550 4518 643 4570 καὶ
673 4518 952 4583 εὐσεϐείας
980 4517 1282 4591 ἀνθρώπων
1311 4517 1630 4573 διδάσκαλον
1650 4557 1664 4580 ,
1701 4512 1813 4582 οἷος

1911 3407 2130 3463 cunque
2154 3394 2320 3449 homo
2367 3407 2478 3448 non
2530 3391 2769 3447 audierit
2806 3389 2988 3444 omnia
3031 3402 3372 3459 quaecunque
3412 3386 3496 3440 lo-

1910 3492 2112 3555 quetur
2135 3484 2401 3555 propheta
2428 3484 2517 3539 ille
2546 3484 2601 3538 in
2627 3484 2849 3541 nomine
2876 3501 3021 3549 meo,
3053 3496 3151 3556 ego
3177 3479 3417 3537 ulciscar
3437 3477 3494 3531 in

1910 3595 1979 3634 eo
1997 3579 2064 3635 ⁸⁸.
2097 3598 2115 3632 ι
2140 3578 2528 3635 Animadverte
2554 3579 2844 3649 diligenter
2868 3587 2927 3634 ut
2959 3580 3143 3634 nullus
3167 3579 3324 3649 plane
3344 3569 3491 3647 apud

1913 3671 2175 3728 Hebrzeos
2208 3670 2347 3727 Mosi
2372 3673 2571 3729 similis
2603 3675 2870 3745 propheta
2897 3671 3217 3733 surrexerit,
3254 3670 3359 3724 hoc.
3381 3676 3487 3733 est,

1911 3766 2005 3837 qui
2040 3776 2093 3820 et
2121 3765 2302 3836 legum
2339 3774 2556 3830 auctor,
2591 3773 2646 3820 et
2680 3765 2900 3836 pietatis
2938 3766 3080 3836 apud
3122 3764 3371 3819 homines
3406 3763 3492 3816 in-

1913 3857 2198 3912 troductor
2225 3855 2522 3921 exstiterit,
2551 3856 2659 3911 nisi
2678 3873 2820 3912 unus
2838 3855 3090 3910 Salvator
3120 3864 3306 3909 noster
3333 3852 3495 3905 Chri—

1911 3958 2031 4005 stus
2090 3947 2219 4011 Dei;
2260 3948 2445 4018 itaque
2502 3948 2559 4002 in
2614 3948 2722 4004 ﬁne
2770 3947 3182 4004 Deuteronomii
3243 3945 3486 4016 legitur.

1917 4060 1936 4094 ι
1962 4040 2080 4096 Non
2127 4042 2367 4098 surrexit
2396 4042 2540 4095 ultra
2577 4041 2843 4111 propheta
2890 4040 2947 4095 in
2995 4040 3161 4095 Israel
3206 4040 3349 4095 sicut
3379 4038 3492 4101 Mo-

1912 4149 2002 4191 ses
2025 4134 2090 4191 ".
2130 4154 2149 4187 ι
2184 4131 2320 4187 Nam
2354 4134 2456 4189 etsi
2497 4132 2931 4188 innumerabiles
2956 4132 3237 4201 prophetae
3263 4137 3386 4202 post
3427 4129 3491 4183 il-

1910 4227 2026 4283 lum
2080 4227 2432 4289 exstiterunt,
2453 4235 2509 4280 at
2556 4242 2667 4281 non
2714 4235 2896 4281 tamen
2942 4227 3085 4282 sicut
3133 4227 3241 4282 ille.
3293 4226 3489 4280 Totum

1910 4335 2043 4375 vero
2076 4319 2182 4374 hoc
2217 4320 2335 4390 ipsa
2368 4317 2460 4373 Dei
2486 4319 2807 4390 pollicitatio
2841 4319 3125 4390 complexa
3157 4326 3264 4380 est,
3290 4318 3491 4389 quippe

1912 4429 2036 4484 qua:
2066 4429 2235 4468 unum
2282 4413 2546 4469 duntaxat
2579 4429 2688 4468 non
2723 4412 2922 4466 multos
2956 4420 3011 4467 et
3038 4412 3288 4466 eumdem
3339 4410 3494 4467 Simi-

1910 4506 2020 4561 lem
2058 4506 2134 4560 illi
2189 4507 2572 4561 suscitandum
2620 4506 2922 4577 promittat.
2973 4503 3259 4575 Signiﬁcat
3306 4515 3491 4559 autem

226 4607 390 4678 μόνος
436 4611 465 4662 ὀ
504 4608 696 4682 Σωτήρ
739 4612 833 4664 καὶ
875 4611 1079 4684 Κύριος
1119 4610 1275 4682 ήμῶν
1317 4608 1524 4683 Ἰησοῦς
1553 4607 1807 4680 Χριστὸς.

1916 4599 2063 4654 hunc
2096 4606 2151 4653 et
2182 4599 2362 4670 legum
2406 4606 2685 4653 auctorem
2725 4605 2778 4654 et
2805 4598 3026 4669 pietatis
3065 4597 3208 4667 apud
3242 4596 3491 4651 homines

222 4699 321 4752 καὶ
337 4698 458 4753 ούδέ
482 4698 638 4764 ἀλλος
662 4701 1058 4768 ἀναδέδεικται,
1076 4701 1377 4773 νομοθέτης
1404 4700 1540 4773 όμοῦ
1569 4700 1660 4754 καὶ
1683 4715 1809 4772 προ-

223 4791 404 4861 φήτης
444 4788 539 4844 τοῦ
571 4791 679 4845 τῶν
705 4792 841 4847 ὅλων
877 4793 1011 4848 Θεοῦ
1035 4834 1049 4859 ,
1080 4795 1174 4848 καὶ
1203 4793 1418 4866 Πατρὸς
1454 4793 1620 4847 αὐτοῦ
1651 4793 1807 4861 γενό-

225 4900 410 4954 μενος.
447 4883 587 4936 Ἀλλ’
613 4886 642 4937 6
679 4887 777 4957 μὲν
798 4885 984 4950 ἔθνους
1028 4887 1145 4951 ἐνὸς
1189 4888 1219 4940 6
1261 4886 1503 4958 Μωῦσῆς
1536 4888 1803 4957 ἡγήσατο,

222 4974 320 5026 καί
360 4974 669 5048 κατάλληλα
715 4977 772 5031 δὲ
792 4976 967 5048 τούτῳ
1013 4977 1159 5049 μόνῳ
1181 5017 1196 5042 ,
1235 4976 1358 5047 οὐχὶ
1393 4976 1450 5030 δὲ
1492 4976 1589 5031 καὶ
1627 4975 1808 5038 ἄλλοις

220 5062 402 5118 ἔθνεσι
435 5066 738 5136 νομοθετῶν
779 5068 1185 5122 ἀποδέδεικται·
1218 5069 1247 5122 ὁ
1279 5067 1333 5121 δέ
1356 5084 1420 5136 γε
1449 5066 1683 5139 Χριστὸς
1711 5064 1805 5119 τοῦ

218 5154 359 5209 Θεοῦ
383 5198 399 5222 ,
440 5155 619 5211 λαϐὼν
660 5158 992 5228 ἐπαγγελίαν
1052 5160 1204 5233 παρά
1254 5159 1348 5213 τοῦ
1398 5158 1612 5231 Πατρδς
1668 5157 1766 5230 τὴν
1790 5198 1805 5224 ,

226 5268 247 5299 σ
272 5247 505 5319 Δῖτησαι
532 5249 658 5322 παρ’
678 5250 835 5321 ἐμοῦ,
858 5253 951 5305 καὶ
976 5252 1131 5306 δώσω
1148 5269 1230 5306 σοι
1258 5250 1384 5322 ἔθνη
1416 5251 1514 5322 τὴν
1547 5250 1806 5322 κληρονο-

223 5344 359 5414 μίαν
388 5358 481 5395 σου
505 5359 519 5373 ο
556 5362 576 5396 ι
608 5343 685 5406 ὡς
708 5342 774 5396 ἂν
816 5343 891 5415 μὴ
928 5345 1088 5416 μόνον
1125 5343 1418 5407 Ἰουδαίοις,
1446 5342 1583 5396 ἀλλὰ
1606 5344 1698 5395 καὶ
1730 5339 1807 5413 τῷ

172 5484 178 5497 ,
222 5436 389 5487 παντὶ
434 5433 543 5487 τῶν
583 5433 884 5506 ἀνθρώπιον
926 5436 1073 5505 γένει
1113 5435 1296 5499 καινὸς
1326 5434 1625 5506 νομοθέτης
1652 5433 1808 5486 εὐσε-

1913 4693 2238 4761 magistrum
2282 4690 2552 4755 futurum,
2602 4689 2913 4759 cujusmodi
2947 4706 3088 4744 unus
3137 4688 3388 4743 Salvator
3427 4702 3493 4741 ac

1915 4782 2183 4840 Dominus
2207 4793 2397 4841 noster
2420 4784 2581 4840 Jesus
2610 4783 2886 4849 Christus,
2924 4801 3026 4839 nec
3056 4785 3199 4840 alius
3229 4792 3491 4855 praeterea

1912 4874 2086 4948 444
2114 4875 2386 4946 quiSpiam
2420 4875 2594 4933 fuisse
2631 4877 3061 4940 demonstratur,
3097 4883 3150 4931 et
3178 4876 3350 4945 legum
3387 4890 3490 4929 au-

1914 4976 2035 5022 ctor
2079 4969 2355 5034 videlicet,
2403 4975 2458 5025 et
2506 4969 2648 5025 idem
2698 4970 2783 5025 sui
2826 4970 3017 5039 patris,
3078 4970 3170 5041 qui
3214 4967 3358 5023 Deus
3406 4975 3493 5023 est

1913 5060 2178 5126 universi,
2232 5061 2523 5131 prOpheta.
2554 5060 2620 5116 Et
2667 5060 2843 5117 Moses
2887 5060 3107 5130 quidem
3155 5060 3317 5114 unius
3349 5058 3491 5113 dun-

1916 5160 2067 5207 taxat
2111 5153 2287 5225 gentis
2327 5152 2435 5207 dux
2490 5152 2613 5216 fuit,
2661 5159 2870 5222 etquae
2918 5152 3012 5206 uni
3050 5152 3269 5219 illi,non
3306 5159 3489 5205 autem

1913 5243 2127 5300 caeteris
2167 5258 2387 5314 quoque
2424 5243 2678 5314 gentibus
2720 5241 3126 5298 accommodari
3158 5247 3402 5311 possent.
3434 5239 3490 5292 in

1914 5335 2125 5406 legibus
2161 5337 2281 5389 suis
2320 5334 2573 5390 sanxisse
2604 5334 2899 5403 reperitur,
2928 5341 2984 5387 at
3014 5348 3143 5388 vero
3172 5333 3288 5403 ipse
3328 5330 3489 5386 Chri-

1914 5435 2033 5483 stus
2080 5426 2200 5492 Dei,
2252 5428 2344 5483 ubi
2395 5443 2427 5481 a
2459 5426 2623 5482 Patre
2668 5428 2999 5496 promissum
3045 5426 3181 5481 illud
3232 5423 3485 5496 accepit:

218 5530 378 5594 ϐείας
425 5529 529 5583 ὑπὸ
572 5529 665 5583 τοῦ
714 5529 930 5603 Πατρὸς
972 5530 1307 5599 καταστῆναι
1344 5530 1408 5599 τῇ
1445 5526 1661 5580 πάντων
1689 5524 1807 5578 ’τῶν

1919 5538 1938 5571 ι
1973 5519 2197 5575 Postula
2245 5534 2276 5574 a
2313 5535 2420 5583 me,
2462 5525 2517 5574 et
2564 5517 2706 5573 dabo
2737 5518 2836 5574 tibi
2888 5525 3079 5588 gentes
3116 5517 3487 5572 hereditatem

219 5619 396 5673 ἐθνῶν
428 5619 613 5691 κλήσει
642 5619 872 5692 δυνατὴν
911 5619 1005 5674 καὶ
1032 5619 1287 5691 ἁρμόδιον
1320 5617 1686 5690 προϐέϐληται
1723 5634 1810 5669 νο-

1915 5621 2065 5668 tuam
2084 5612 2172 5667 τοι
2206 5631 2224 5664 ι
2258 5618 2448 5681 utpote
2484 5610 2579 5681 qui
2626 5626 2736 5666 non
2763 5611 2897 5668 solis
2944 5608 3171 5675 Iudaeis,
3196 5609 3291 5667 sed
3322 5609 3487 5665 etiam

298 5806 342 5837 ⁸⁷
384 5803 572 5859 Matth.
609 5821 675 5868 v,
715 5803 829 5859 1-3.
908 5802 951 5834 ⁸⁸
992 5800 1147 5857 Deut.
1184 5815 1353 5866 xvut,
1387 5799 1572 5855 15-19.
1687 5798 1731 5830 σν
1775 5794 1843 5851 De

1919 5834 1931 5847 .
1968 5809 2166 5861 xxxiv,
2210 5792 2294 5848 ιο.
2372 5790 2419 5823 ⁷⁸
2458 5789 2601 5848 Psal.
2637 5806 2709 5855 ιι,
2741 5790 2795 5846 8.
