3836 6220
290 246 402 301 693

1213 239 1869 300 DEMONSTRATIONIS
1904 236 2363 296 EVANGELICIE
2400 234 2532 291 LIB.
2573 232 2667 288 1X.

3437 230 3540 288 694

282 358 376 411 τὸν
408 354 934 428 προαναφωνηθέντα
959 372 1052 410 και
1074 354 1212 429 πρὸς
1235 354 1328 409 τοῦ
1355 356 1569 428 Πατρὸς
1590 356 1859 410 ἀπεσταλ-

1961 355 2167 410 dictum
2191 354 2389 410 fuerat.
2431 350 2534 406 Sed
2555 364 2679 405 cum
2704 349 2868 405 talem
2906 352 3137 421 gratiam
3160 365 3271 405 non
3298 350 3541 420 accepis-

281 445 446 516 μένον
468 447 775 517 προφήτην,
806 446 903 499 ἆτε
932 445 1227 516 νομοθέτην
1251 445 1423 500 ἅπασι
1446 447 1734 519 γενόμενον
1765 448 1860 501 ἀν-

279 536 524 608 θρώποις
558 537 662 608 τῆς
704 539 784 601 είς
816 538 905 591 τὸν
936 537 1043 591 τῶν
1085 537 1220 591 ὅλων
1265 538 1395 592 Θεὸν
1446 538 1743 603 εὐσεϐείας,
1774 536 1862 593 διὰ

277 629 383 700 τῆς
414 629 685 702 σωτηρίου
716 629 810 682 καὶ
840 629 1201 700 εὐαγγελικῆς
1231 628 1581 693 διδασκαλίας
1616 629 1862 701 ἔγνωμεν

276 719 376 772 καὶ
413 718 840 790 κατεδεξάμεθα,
881 719 1262 791 πληρουμένης
1302 720 1444 774 κατά
1480 720 1541 774 τὸ
1592 720 1725 774 αὐτὸ
1764 723 1862 774 καὶ

277 809 476 881 ἐτέρας
522 811 910 884 προρρήσεως,
955 811 1020 863 δι’
1045 806 1114 883 ἦς
1151 811 1390 882 εἴρηται·
1431 829 1451 864 ι
1484 812 1857 883 Κατάστησον,

275 900 475 973 Κύριε,
498 900 795 972 νομοθέτην
818 901 1020 965 αὐτοῖς,
1047 899 1339 970 γνώτωσαν
1361 900 1508 972 ἔθνη,
1535 901 1614 954 ὅτι
1649 901 1858 974 ἄνθρω-

272 991 376 1046 ποί
403 992 542 1046 είσι·
584 1011 604 1043 ›
634 991 696 1044 τὸ
727 991 785 1045 δὲ
820 991 1086 1046 Ἰουδαίων
1122 990 1273 1055 ἔθνος
1308 991 1382 1063 μὴ
1415 989 1858 1063 παραδεξάμενον

270 1080 370 1137 τὸν
393 1082 887 1155 προφητευόμενον,
915 1083 1073 1155 δίκην
1099 1083 1244 1136 ἔτισε
1272 1083 1372 1155 τὴν
1392 1080 1568 1149 ἀξίαν,
1594 1082 1735 1137 κατά
1758 1083 1858 1155 τὴν

272 1173 430 1227 θείαν
453 1174 757 1246 πρόρρησιν
792 1173 1039 1245 φήσασαν
1058 1190 1073 1203 ·
1114 1192 1132 1225 ι
1171 1172 1284 1226 Καὶ
1313 1175 1341 1226 ὁ
1363 1171 1647 1245 ἄνθρωπος
1672 1172 1730 1236 ὃς
1762 1177 1857 1226 έαν

274 1264 354 1336 μὴ
384 1262 591 1336 ἀκούσῃ
621 1264 795 1319 πάντα
826 1264 926 1317 ὅσα
954 1262 1048 1317 ὲάν
1080 1262 1288 1336 λαλήσῃ
1321 1264 1350 1316 ὁ
1378 1263 1660 1335 προφήτης
1689 1263 1747 1315 ὲν
1777 1261 1856 1333 τῷ

268 1352 498 1424 ὀνόματί
526 1372 648 1425 μου,
675 1353 784 1424 ἐγὼ
811 1355 1081 1426 ἐκδικήσω
1111 1352 1172 1419 ἐξ
1201 1352 1384 1407 αὑτοῦ.
1421 1373 1440 1405 ι
1489 1353 1855 1425 Ἐκδεδίκηται

268 1444 406 1514 γοῦν
437 1448 502 1500 ἐκ
526 1445 622 1500 τοῦ
647 1445 784 1501 ςλαοῦ
819 1447 1028 1500 ἐκείνου
1053 1447 1161 1500 πᾶν
1185 1443 1324 1518 αἷμα
1355 1446 1582 1518 ἐκχυθὲν
1625 1445 1718 1498 ἐπὶ
1756 1445 1855 1517 τῆς

265 1537 398 1608 γῆς,
431 1537 538 1591 ἀπὸ
565 1538 796 1609 αἵματος
833 1537 999 1592 ’Ἅϐελ
1030 1538 1133 1602 ἓως
1165 1538 1396 1609 αἵματος
1441 1536 1732 1609 Ζαχαρίου,
1759 1536 1854 1590 καὶ

266 1629 439 1683 αὑτοῦ
460 1648 525 1700 γε
547 1631 641 1684 ἐπὶ
665 1633 797 1684 πᾶσι
818 1630 912 1684 τοῦ
934 1628 1192 1703 Χριστοῦ,
1217 1624 1279 1683 οὗ
1312 1631 1375 1684 τὸ
1400 1624 1541 1702 αἷμα
1573 1630 1694 1683 καθ’
1727 1630 1854 1682 έαυ-

1965 455 2105 510 sent,
2141 444 2361 501 eosdem
2406 443 2537 498 alibi
2576 442 2878 512 redarguit,
2919 442 3157 497 dicens:
3198 460 3217 491 ι
3268 440 3346 497 Eo
3391 442 3541 510 quod

1962 537 2178 602 veni,et
2219 551 2330 590 non
2368 534 2468 589 fuit
2507 535 2693 597 homo,
2726 532 2938 597 vocavi,
2967 540 3024 588 et
3051 546 3161 585 non
3190 531 3293 586 fuit
3320 531 3415 602 qui
3441 547 3539 586 au-

1961 624 2184 681 diret".
2216 646 2235 677 ι
2270 623 2473 679 Deinde
2494 623 2562 678 ad
2581 622 2703 677 illos
2737 618 2872 674 dicit
2901 639 2914 675 :
2949 639 2970 673 σ
2998 618 3292 676 Auferetur
3324 637 3355 673 a
3383 620 3541 675 vobis

1961 730 2187 786 regnum
2212 714 2329 781 Dei,
2359 721 2414 769 et
2439 713 2660 767 dabitur
2692 713 2841 784 genti
2866 712 3063 767 ferenti
3108 712 3323 767 fructus
3357 709 3531 781 ejus.»

1963 803 2090 862 Suis
2115 821 2244 861 vero
2274 805 2562 875 discipulis
2605 815 2728 876 post
2776 804 2994 859 illorum
3035 802 3386 873 rejectionem
3431 803 3539 857 im-

1961 903 2116 968 perat
2155 914 2167 951 :
2200 915 2218 947 ι
2277 895 2356 952 Ite
2391 904 2446 951 et
2495 896 2687 952 docete
2745 910 2936 950 omnes
2990 905 3178 966 gentes
3219 895 3275 949 in
3316 895 3538 951 nomine

1959 1005 2083 1051 meo
2104 990 2170 1042 ⁷⁸.
2222 1008 2243 1043 ι
2280 988 2373 1044 Sic
2414 988 2583 1058 igitur
2606 1004 2709 1044 nos
2733 989 2953 1059 quidem
2994 994 3205 1059 gentes,
3252 996 3409 1043 antea
3437 989 3537 1044 de-

1958 1081 2270 1135 nuntiatum
2324 1080 2476 1134 illum
2533 1088 2588 1135 et
2633 1094 2663 1133 a
2705 1064 3142 1135 Patremissum
3187 1079 3533 1149 prophetam,

1959 1181 2219 1244 tanquam
2251 1189 2378 1228 eum
2412 1173 2506 1244 qui
2542 1174 2799 1231 omnibus
2827 1172 3147 1229 hominibus
3177 1179 3232 1226 et
3265 1173 3444 1243 legum
3482 1179 3537 1228 et

1958 1266 2177 1337 pietatis
2223 1280 2354 1336 erga
2401 1264 2570 1320 Deum
2614 1265 2856 1321 universi
2897 1273 3091 1319 auctor
3116 1265 3409 1331 exstiterit,
3438 1280 3536 1335 per

1956 1356 2252 1411 salutarem
2270 1356 2444 1426 ipsius
2465 1357 2947 1427 evangelicamque
2978 1355 3284 1411 doctrinam
3317 1357 3537 1427 agnovi-

1955 1462 2119 1512 mus,
2174 1454 2231 1502 et
2286 1447 2653 1517 suscepimus,
2709 1463 2833 1503 cum
2883 1448 2942 1503 in
2999 1449 3104 1504 hoc
3151 1448 3258 1503 alia
3317 1464 3535 1518 quoque

1955 1538 2237 1608 prophetia
2263 1539 2534 1609 completa
2584 1539 2687 1606 sit,
2719 1555 2840 1610 qua:
2870 1540 2988 1596 ait:
3034 1559 3054 1591 ‹
3091 1540 3400 1607 Constitue,
3427 1541 3534 1595 Do-

1957 1628 2122 1691 mine,
2156 1628 2524 1698 legislatorem
2549 1629 2690 1698 apud
2723 1645 2840 1693 eos,
2864 1640 3164 1701 agnoscant
3183 1641 3372 1701 gentes
3386 1632 3529 1703 quod

262 1720 380 1775 τῶν
411 1721 825 1794 ὲξαιτησάμενοι
857 1723 949 1777 καὶ
980 1723 1120 1777 κατὰ
1161 1723 1271 1777 τῶν
1306 1723 1449 1776 ίδίων
1488 1722 1714 1785 παίδων,
1739 1721 1849 1772 εἰσ-

1953 1720 2201 1774 homines
2239 1727 2369 1774 sunt
2402 1721 2468 1775 7°.
2518 1739 2538 1772 ι
2580 1718 2754 1776 Ιυάωἰ
2799 1737 2930 1777 vero
2972 1731 3163 1777 contra
3213 1725 3308 1795 qui
3357 1725 3529 1793 illum,

263 1811 349 1865 έτι
383 1811 480 1866 νῦν
514 1812 616 1883 τῆς
652 1812 1014 1886 τολμηθείσης
1043 1817 1226 1880 αὐτοῖς
1255 1814 1509 1878 ἀσεϐείας
1540 1813 1641 1886 τὴν
1671 1828 1845 1883 τιμω-

265 1903 394 1973 ρίαν
420 1903 733 1974 ὑπέχουσιν.

1953 1826 2114 1881 quem
2150 1826 2248 1866 sua
2280 1811 2528 1882 ipsorum
2564 1815 2790 1868 oracula
2832 1823 3120 1870 venturum
3161 1816 3531 1886 praedia-bant

1951 1918 2061 1957 non
2083 1911 2464 1973 susceperunt,
2490 1902 2746 1960 idoneum
2777 1904 2973 1960 dedere
2992 1907 3320 1977 supplicium
3345 1949 3360 1972 ,
3387 1908 3531 1962 sicut

262 1996 555 2067 prophetia
592 1997 777 2054 divina
816 1998 1241 2071 signiﬁcaverat,
1287 2015 1414 2056 cum
1478 1998 1666 2055 dixit:
1733 2015 1753 2047 σ
1808 1996 1876 2050 Ει
1911 1997 2230 2068 quicunque
2273 1998 2437 2055 homo
2490 2015 2603 2055 non
2649 2000 2888 2056 audierit
2952 2002 3135 2056 omnia
3189 2016 3527 2072 quaecunque

264 2088 524 2159 loquetur
545 2092 812 2161 propheta
837 2092 928 2148 ille
956 2094 1013 2148 in
1045 2093 1269 2149 nomine
1308 2108 1452 2157 meo,
1478 2107 1581 2163 ego
1606 2088 1845 2146 ulciscar
1881 2104 1948 2145 ex
1976 2103 2062 2145 eo.
2099 2109 2119 2142 ι
2163 2089 2322 2147 Ultus
2345 2090 2513 2162 igitur
2568 2099 2654 2147 est
2690 2092 2759 2148 de
2783 2093 2985 2163 populo
3010 2094 3102 2148 illo
3124 2109 3341 2150 omnem
3398 2111 3527 2152 san-

261 2186 489 2253 guinem
519 2184 852 2242 effusumin
878 2195 1080 2244 terram
1121 2202 1149 2243 a
1201 2189 1469 2259 sanguine
1527 2186 1685 2252 Abel,
1745 2199 1922 2254 usque
1959 2183 2027 2239 ad
2076 2187 2398 2258 sanguinem
2428 2185 2730 2252 Zachariae,
2761 2195 2817 2242 et
2869 2186 2939 2241 ad
2990 2195 3295 2243 extremum
3352 2189 3527 2260 ipsius

263 2276 497 2342 Christi,
543 2279 705 2350 cujus
751 2282 1073 2353 sanguinem
1123 2298 1252 2338 cum
1277 2298 1446 2353 super
1473 2298 1553 2352 se,
1585 2289 1642 2338 et
1680 2296 1847 2352 super
1885 2279 2026 2337 ﬁlios
2049 2296 2185 2337 suos
2237 2282 2715 2354 expoposcisscnt,
2777 2282 2833 2338 in
2854 2283 3003 2339 hunc
3028 2299 3202 2355 usque
3225 2283 3367 2341 diem
3405 2285 3524 2357 ejus

262 2373 515 2436 sceleris,
532 2373 678 2443 quod
701 2375 1065 2433 audacissime
1085 2385 1488 2449 perpetrarunt,
1511 2360 1838 2449 supplicium
1878 2376 2144 2447 pendunt.

274 2481 420 2535 Ἀπὸ
452 2481 560 2538 τοῦ
589 2483 724 2538 Ἰώϐ.
751 2517 821 2526 -
842 2486 984 2554 Περὶ
1029 2485 1136 2555 τῆς
1174 2487 1242 2541 ἐν
1286 2486 1545 2543 θαλάττῃ
1602 2485 1845 2555 πορείας

843 2556 952 2611 τοῦ
980 2558 1261 2626 Χριστοῦ.

338 2682 360 2717 ι
409 2664 470 2719 ’0
501 2666 671 2735 λέγων
703 2668 782 2740 τῷ
822 2668 976 2741 ἡλίῳ,
1016 2671 1110 2725 καὶ
1141 2672 1240 2725 οὐκ
1287 2670 1587 2736 ἀνατέλλει,
1615 2671 1759 2724 κατά
1785 2669 1844 2723 δὲ

258 2755 480 2828 ἄστρων
505 2762 958 2833 κατασφραγίζει,
1001 2765 1031 2817 ὁ
1073 2765 1311 2829 τανύσας
1351 2764 1442 2818 τὸν
1485 2763 1710 2836 οὐρανὸν
1748 2761 1842 2835 μό-

259 2864 372 2915 νος,
399 2851 498 2904 καὶ
520 2855 835 2925 περιπατῶν
868 2856 961 2909 ἐπὶ
990 2855 1263 2926 θαλάσσης
1295 2856 1372 2919 ὡς
1401 2857 1488 2909 ἐπ’
1522 2855 1772 2924 ἐδάφους.
1815 2873 1834 2906 ι

1980 2485 2147 2560 446
2202 2486 2282 2541 Ab
2342 2486 2466 2543 Iob.
2509 2518 2582 2532 -
2636 2488 2711 2544 De
2770 2490 3134 2573 ambulatione
3178 2491 3382 2548 Christi
3430 2495 3488 2548 in

2645 2577 2803 2616 man.

2022 2687 2041 2721 ι
2072 2667 2176 2735 Qui
2198 2667 2329 2724 dicit
2347 2670 2471 2735 soli,
2495 2678 2549 2725 et
2573 2686 2683 2725 non
2709 2672 2904 2735 oritur,
2931 2680 2986 2728 ct
3009 2681 3159 2729 astra
3181 2674 3339 2743 quasi
3364 2673 3525 2745 signo

1945 2759 2218 2831 impresso
2261 2761 2489 2828 claudit,
2536 2762 2632 2832 qui
2677 2761 2924 2823 extendit
2975 2763 3175 2818 coelum
3210 2765 3393 2829 solus,
3426 2766 3521 2835 qui

1944 2848 2187 2906 ainbulat
2224 2852 2281 2907 in
2309 2853 2446 2907 mari
2500 2852 2645 2909 sicut
2689 2853 2746 2908 in
2787 2855 2905 2910 Solo
2941 2854 3010 2909 °°.
3042 2873 3063 2908 ι
3096 2853 3223 2910 Haec
3252 2855 3379 2910 item
3424 2857 3521 2911 uni

259 2943 376 2996 Καὶ
400 2943 572 2998 ταῦτα
610 2946 755 3018 μόνῳ
798 2945 877 3018 τῷ
914 2947 1127 3021 Σωτῆρι
1176 2949 1272 3003 καὶ
1315 2947 1507 3019 Κυρίῳ
1551 2947 1731 3019 ἡμῶν,
1763 2946 1840 3010 ὡς

1947 2939 2216 2998 Salvatori
2251 2958 2317 2998 ac
2345 2942 2578 3000 Domino
2602 2956 2815 3011 nostro,
2841 2952 3102 3016 tanquam
3135 2946 3228 3001 Dei
3255 2946 3436 3003 Verbo
3464 2957 3520 3003 et

258 3032 331 3086 ἂν
354 3033 490 3088 Θεοῦ
523 3036 697 3108 Λόγῳ,
728 3038 1042 3111 δημιουργῷ
1070 3039 1179 3093 τῶν
1210 3040 1345 3093 ὅλων
1385 3038 1703 3109 τυγχάνοντι
1744 3037 1843 3107 άρ-

1947 3049 2129 3089 rerum
2152 3036 2397 3090 omnium
2419 3036 2600 3106 opifici
2624 3038 3025 3093 accommodari
3064 3048 3300 3109 possunt
3327 3055 3342 3105 ;
3367 3039 3519 3095 solus

260 3124 419 3194 μάξω
451 3125 548 3179 ἄν·
598 3128 757 3198 μόνος
786 3128 917 3198 γοῦν
969 3129 1079 3183 τῶν
1121 3131 1339 3184 πώποτε
1389 3130 1531 3185 κατὰ
1573 3129 1700 3192 τοὺς
1744 3129 1843 3201 τῆς

256 3216 724 3291 ὲνανθρωπήσεως
747 3222 989 3293 χρόνους,
1024 3223 1181 3295 σῶμα
1212 3225 1306 3277 καὶ
1340 3224 1526 3294 σχῆμα
1559 3219 1840 3293 ἀνθρώπι-

256 3323 350 3360 νον
382 3308 683 3375 ἀναλαϐὼν,
714 3313 807 3366 ἐπὶ
836 3314 937 3385 τῆς
980 3314 1254 3386 θαλάσσης
1284 3313 1652 3386 περιπατῆσαι
1683 3311 1837 3381 λέγε-

254 3415 371 3463 ται,
396 3401 485 3453 ὅτε
509 3402 632 3466 τοὺς
663 3404 861 3459 ἑαυτοῦ
891 3406 1136 3480 μαθητὰς
1158 3406 1464 3477 ἠνάγκασεν
1499 3405 1731 3476 ἐμϐῆναι
1758 3406 1840 3468 είς

254 3489 460 3556 πλοῖον,
480 3493 572 3545 καὶ
596 3495 854 3565 προάγειν
876 3497 1038 3550 αὐτὸν
1065 3497 1145 3561 είς
1167 3496 1229 3550 τὸ
1253 3496 1444 3562 πέραν,
1471 3496 1575 3559 ἓως
1597 3490 1657 3550 οὗ
1678 3496 1839 3560 αὐτὸς

253 3580 504 3653 ἀπολύσῃ
521 3585 646 3648 τοὺς
664 3585 853 3657 ὄχλους
869 3604 883 3618 ·
905 3589 998 3642 καὶ
1018 3589 1293 3654 ἀπολύσας
1315 3591 1441 3654 τοὺς
1461 3590 1651 3661 ὄχλους
1671 3590 1837 3661 ἀνέϐη

253 3673 339 3736 είς
367 3673 428 3726 τὸ
459 3674 602 3746 ὅρος,
627 3681 748 3731 κατ’
781 3678 914 3732 ἰδίαν
946 3681 1361 3752 προσεύξασθαι.
1391 3681 1577 3752 Ὀψίας
1606 3683 1663 3736 δὲ
1686 3699 1839 3751 γενο-

257 3764 428 3837 μένης
456 3768 613 3839 μόνος
637 3766 706 3841 ῆν
732 3772 866 3825 ἐκεῖ.
885 3772 958 3825 Τὸ
983 3773 1039 3825 δὲ
1064 3775 1243 3830 πλοῖον
1268 3775 1370 3847 ήδη
1388 3770 1454 3847 ἦν
1475 3778 1534 3830 ὲν
1566 3775 1714 3846 μέσῳ
1734 3777 1837 3848 τῆς

254 3857 552 3931 θαλάσσης.
592 3863 810 3928 Ἰδόντες
841 3865 898 3919 δὲ
938 3865 1099 3920 αὐτὸν
1137 3867 1230 3921 ἐπὶ
1258 3868 1357 3939 τῆς
1387 3867 1682 3940 θαλάσσης,
1708 3871 1834 3923 ὲτα-

253 3951 558 4023 ράχθησαν,
590 3955 858 4025 λέγοντες,
891 3958 973 4011 ὅτι
999 3957 1292 4031 φάντασμά
1315 3962 1453 4025 ὲστι,
1481 3961 1576 4014 καὶ
1601 3959 1711 4014 άπὸ
1736 3957 1832 4013 τοῦ

252 4043 425 4113 φόϐου
456 4044 707 4116 ἔκραξαν.
738 4049 956 4114 Εὐθέως
994 4048 1050 4103 δὲ
1091 4050 1352 4123 ἐλάλησεν
1389 4053 1590 4121 αὐτοῖς,
1622 4054 1826 4123 λέγων⁸

256 4153 276 4186 ι
316 4135 598 4207 Θαρσεῖτε,
621 4139 732 4210 ἐγώ
756 4142 891 4213 είμι,
924 4141 998 4213 μὴ
1031 4142 1300 4211 φοϐεῖσθε.
1345 4164 1365 4197 ι
1406 4146 1614 4211 Ι’Δλλως
1642 4148 1699 4201 δὲ
1729 4149 1829 4204 ούκ

250 4226 321 4281 ἂν
356 4229 563 4296 γένοιτο
593 4232 895 4306 ἀξιοπρεπῆ
933 4234 1207 4305 θεολογίαν
1242 4237 1418 4291 δοκεῖν
1453 4238 1745 4310 περιέχειν,
1775 4243 1824 4295 εί

1943 3126 2091 3182 enim
2131 3143 2199 3181 ex
2217 3128 2476 3184 omnibus
2497 3128 2591 3198 qui
2623 3144 2864 3200 unquam
2892 3129 3117 3203 fuerint,
3140 3146 3250 3201 quo
3277 3140 3520 3200 tempore

1941 3219 2107 3275 homo
2139 3218 2321 3277 factus
2347 3228 2453 3285 est,
2477 3230 2533 3276 et
2566 3237 2794 3293 corpore
2821 3230 2876 3277 et
2916 3222 3089 3293 ﬁgura
3141 3223 3383 3280 hominis
3426 3239 3516 3279 as-

1943 3320 2182 3382 sumpta,
2206 3312 2262 3367 in
2280 3314 2568 3383 superﬁcie
2589 3313 2759 3369 maris
2782 3314 3093 3371 ambulasse
3111 3315 3313 3370 dicitur
3339 3335 3354 3372 :
3390 3332 3515 3372 cum

1943 3420 2077 3461 suos
2125 3403 2427 3474 discipulos
2466 3405 2734 3475 compulit
2777 3406 3075 3460 ascendere
3105 3404 3161 3460 in
3184 3406 3513 3474 naviculam,

1938 3500 1993 3548 et
2021 3493 2327 3563 praecedere
2349 3493 2528 3563 ipsum
2556 3503 2709 3549 trans
2734 3493 3147 3559 fretum,donec
3176 3496 3294 3566 ipse
3330 3496 3516 3551 dimit-

1939 3592 2078 3640 teret
2106 3585 2315 3650 turbas,
2332 3592 2389 3640 et
2412 3585 2659 3641 dimissis
2682 3585 2859 3642 turbis
2894 3586 3143 3642 ascendit
3181 3588 3237 3641 in
3276 3598 3513 3644 montem

1938 3685 1999 3729 ut
2018 3675 2171 3730 solus
2190 3682 2394 3731 oraret.
2434 3673 2673 3746 Vespere
2699 3683 2881 3730 autem
2917 3674 3062 3730 facto
3087 3677 3241 3732 solus
3264 3684 3382 3731 erat
3412 3678 3511 3735 ibi.

1935 3766 2198 3823 Navicula
2227 3778 2409 3823 autem
2447 3767 2561 3837 jam
2601 3774 2722 3823 erat
2761 3768 2819 3821 in
2864 3766 3043 3822 medio
3081 3769 3241 3826 mari.
3260 3768 3515 3827 Videntcs

1936 3872 2117 3921 autem
2146 3880 2272 3921 eum
2298 3880 2464 3935 supra
2487 3879 2641 3920 mare
2669 3863 2872 3918 turbati
2899 3871 3050 3930 sunt,
3078 3863 3326 3919 dicentes
3367 3866 3512 3935 quod

1933 3958 2259 4029 phantasma
2286 3965 2455 4024 esset,
2480 3963 2535 4012 et
2563 3971 2676 4027 prae
2710 3955 2908 4011 timore
2947 3956 3341 4010 clamaverunt.
3390 3955 3515 4010 Sta-

1931 4050 2031 4104 tim
2053 4064 2182 4105 vero
2199 4049 2416 4104 locutus
2441 4055 2525 4104 est
2550 4046 2857 4115 eis,dicens
2879 4045 3223 4110 :tConﬁdite,
3243 4060 3346 4117 ego
3367 4062 3513 4130 sum,

1930 4142 2103 4197 nolite
2126 4142 2321 4197 timere
2348 4140 2416 4195 ⁸³.
2457 4158 2477 4191 ι
2503 4138 2639 4193 Nam
2679 4138 2884 4209 alioqui
2922 4136 3040 4192 ﬁeri
3082 4153 3195 4192 non
3227 4139 3428 4207 poterit
3450 4150 3513 4193 ut

1931 4232 2042 4290 Deo
2066 4233 2479 4289 convenientem
2528 4230 2862 4300 theologiam
2921 4228 3391 4300 comprehendere
3427 4230 3514 4284 vi-

250 4318 349 4371 ἐπὶ
371 4319 467 4373 τοῦ
499 4323 760 4378 ἀνωτάτω
790 4325 924 4378 Θεοῦ
966 4327 1060 4380 καὶ
1085 4327 1298 4399 Πατρὸς
1321 4328 1429 4383 τῶν
1459 4330 1595 4383 ὅλων
1626 4331 1830 4405 ἐκλαμ-
1858 4376 1859 4379 η

1947 4327 2127 4383 leatur
2152 4326 2457 4389 oraculum,
2490 4324 2537 4378 si
2582 4323 2709 4394 quis
2738 4322 2871 4377 illud
2917 4322 2987 4376 de
3015 4337 3274 4392 supremo
3312 4321 3424 4378 Deo
3460 4331 3516 4377 et

248 4409 405 4465 ϐἀνοι
432 4430 517 4476 τις
542 4415 604 4468 τὸ
629 4415 826 4485 λόγιον.
852 4418 916 4471 Τί
940 4418 1048 4491 γὰρ
1072 4419 1185 4490 ἔχει
1221 4421 1417 4492 σεμνὸν
1437 4422 1533 4475 καὶ
1558 4421 1833 4495 ἀξιόλογον

247 4500 347 4556 ἐπὶ
372 4502 468 4557 τοῦ
495 4504 630 4559 Θεοῦ
668 4507 775 4560 τῶν
807 4508 943 4562 ὅλων
975 4515 1295 4582 περιπατεῖν
1335 4511 1585 4582 λέγεσθαι
1616 4515 1711 4569 ἐπὶ
1732 4518 1833 4590 τῆς

250 4591 558 4666 θαλάσσηςς
595 4597 721 4661 Πῶς
766 4598 823 4652 δὲ
876 4602 971 4655 καὶ
1013 4602 1227 4676 νοηθείη
1264 4605 1565 4676 περίπατος
1602 4608 1696 4661 ἐπὶ
1732 4609 1832 4681 τῆς

249 4683 528 4759 θαλάσσης
561 4688 656 4741 τοῦ
699 4689 769 4744 τά
801 4693 979 4747 πάντα
1016 4696 1379 4768 περιέχοντος,
1420 4698 1515 4751 καὶ
1546 4698 1635 4752 τὸν
1669 4700 1831 4773 οὐρα-

248 4775 342 4829 νὸν
368 4778 462 4830 καὶ
487 4778 586 4849 τὴν
607 4780 710 4852 γῆν
735 4782 1099 4855 πληροῦντας;
1127 4787 1217 4838 καὶ
1242 4788 1520 4857 μονονουχὶ
1544 4788 1795 4858 λέγοντος
1813 4807 1826 4820 ·

253 4886 276 4920 α
325 4868 385 4922 '0
411 4870 637 4941 οὐρανός
665 4889 755 4943 μοι
780 4872 986 4943 θρόνος,
1017 4876 1050 4946 ή
1078 4875 1137 4929 δὲ
1165 4876 1237 4947 γῆ
1263 4877 1550 4932 ὑποπόδιον
1587 4879 1697 4933 τῶν
1730 4898 1829 4934 πο-

249 4956 360 5011 δῶν
409 4977 538 5031 μου’
574 4981 594 5013 ι
620 4962 747 5015 καί⁸
795 4982 813 5014 ι
868 4964 971 5017 Τὸν
1015 4965 1244 5037 οὐρανὸν
1292 4968 1388 5021 καὶ
1429 4967 1529 5043 τὴν
1573 4969 1677 5040 γῆν
1718 4968 1828 5038 ἐγὼ

249 5048 474 5121 πληρῶ,
495 5051 642 5121 λέγει
668 5052 890 5126 Κύριος.
942 5073 962 5106 ι
995 5054 1053 5109 '0
1079 5055 1136 5109 δέ
1177 5073 1240 5125 γε
1276 5057 1471 5135 Σωτὴρ
1494 5060 1589 5112 καὶ
1625 5059 1828 5132 Κύριος

247 5141 430 5213 ήμῶν,
480 5143 670 5198 ἑαυτὸν
714 5145 979 5212 κενώσας,
1024 5148 1117 5201 καὶ
1154 5149 1367 5227 μορφὴν
1403 5150 1588 5204 δούλου
1626 5150 1825 5217 λαϐὼν,

245 5234 344 5286 καὶ
383 5236 620 5307 σχήματι
646 5238 890 5312 εὑρεθεὶς
911 5240 987 5304 ὡς
1010 5239 1314 5314 ἄνθρωπος,
1348 5242 1547 5313 δεῖγμα
1571 5242 1674 5313 τῆς
1704 5245 1830 5297 λαν-

247 5323 518 5399 θανούσης
542 5331 669 5394 τοὺς
698 5330 926 5395 πολλοὺς
954 5332 1135 5386 ἐνθέου
1157 5332 1436 5404 δυνάμεως
1466 5332 1661 5388 ἑαυτοῦ
1684 5351 1827 5406 παρ-

245 5426 389 5497 έχων
413 5423 547 5495 ὀρᾷν
568 5425 679 5486 τοῖς
701 5424 896 5477 ἑαυτοῦ
926 5423 1215 5497 μαθηταῖς,
1250 5426 1346 5478 καὶ
1381 5428 1494 5488 τοῖς
1526 5424 1830 5492 θαλαττίοις

1935 4415 2099 4473 Patre
2138 4415 2381 4471 universi
2417 4414 2707 4485 intelligat.
2756 4411 2900 4479 Quid
2945 4412 3094 4468 enim
3139 4413 3512 4468 venerationis

1935 4516 2029 4564 aut
2056 4507 2339 4579 dignitatis
2367 4507 2564 4561 habeat
2603 4506 2651 4561 si
2684 4504 2830 4560 Deus
2863 4504 3104 4560 universi
3145 4503 3428 4559 ambulare
3457 4504 3511 4561 in

1933 4599 2071 4654 mari
2099 4599 2355 4655 dicatur?
2392 4596 2712 4669 Cujusmodi
2738 4606 2918 4652 autem
2958 4595 3254 4650 ambulatio
3283 4594 3342 4649 in
3371 4594 3510 4651 mari

1930 4692 2265 4763 intelligetur
2298 4690 2464 4754 illius,
2495 4690 2591 4760 qui
2631 4688 2817 4744 omnia
2858 4688 3261 4758 complectitur,
3290 4701 3356 4741 ac
3399 4701 3513 4741 coa-

1937 4784 2051 4838 lum
2106 4791 2420 4852 terramque
2456 4781 2715 4850 complet,
2772 4788 2829 4835 et
2878 4778 3269 4849 propemodum
3322 4777 3456 4835 dicit
3494 4797 3506 4831 :

1942 4894 1961 4928 ε
1998 4875 2207 4931 leum
2233 4875 2367 4929 mihi
2391 4874 2571 4942 sedes,
2602 4882 2749 4928 terra
2775 4881 2956 4928 autem
2987 4871 3279 4929 scabellum
3313 4871 3511 4940 pedum

1934 4983 2183 5023 meorum
2214 4968 2260 5000 ⁸³
2286 4967 2310 5019 ?
2346 4987 2364 5019 ι
2402 4968 2529 5022 item
2550 4964 2824 5021 :chlum‘
2854 4972 2909 5019 et
2937 4972 3140 5017 terram
3161 4978 3263 5033 ego
3287 4962 3507 5034 impleo,

1932 5057 2068 5114 dicit
2120 5059 2384 5117 Dominus
2412 5061 2479 5114 ⁸³.
2544 5078 2565 5112 ι
2604 5057 2854 5115 Salvator
2904 5064 3089 5114 autem
3138 5070 3205 5114 ac
3248 5054 3509 5115 Dominus

1933 5159 2139 5218 noster,
2166 5166 2290 5206 cum
2339 5151 2581 5221 seipsum
2631 5148 2976 5205 evacuaverit
3002 5157 3058 5203 et
3101 5146 3333 5202 formam
3365 5145 3509 5202 servi

1934 5244 2227 5313 acceperit,
2257 5252 2313 5300 et
2341 5244 2529 5299 habitu
2561 5243 2815 5301 inventus
2845 5242 2917 5299 sit
2945 5250 3005 5297 ut
3033 5241 3227 5304 homo,
3265 5239 3396 5299 dum
3426 5238 3506 5293 si-

1934 5350 2099 5406 gnum
2125 5335 2248 5405 ejus
2272 5351 2393 5406 qua:
2437 5335 2641 5391 multos
2670 5335 2873 5391 latebat
2918 5333 3118 5391 divina:
3147 5331 3365 5389 virtutis
3396 5346 3510 5387 suae

1937 5427 2229 5484 videndum
2263 5428 2378 5483 suis
2428 5428 2630 5498 pra-bet
2686 5427 3001 5497 discipulis,
3061 5439 3227 5495 super
3264 5425 3529 5481 marinos.

315 5627 363 5658 ⁷⁷
407 5624 510 5680 lsa.
545 5641 610 5697 1.,
645 5624 700 5697 2.
776 5625 821 5657 ⁷⁸
858 5623 1055 5697 Matth.
1084 5641 1291 5694 xxvm,
1331 5626 1415 5682 l9.
1494 5627 1537 5660 ⁷⁹
1574 5625 1720 5684 Psal.
1757 5644 1833 5695 ιι,

1947 5672 1952 5683 .
2034 5629 2078 5661 ⁸⁸
2117 5627 2218 5684 Job
2250 5644 2326 5697 ιχ,
2359 5628 2474 5694 7,8.
2550 5626 2594 5659 ⁸¹
2636 5624 2823 5682 Matth.
2890 5640 3013 5692 xw,
3045 5621 3118 5676 22
3146 5620 3235 5677 27.
3314 5621 3511 5679 "18:1.

243 5712 404 5762 uvt,
443 5698 490 5751 l.
566 5696 612 5728 ⁸⁸
645 5694 754 5752 Jer.
785 5710 958 5761 um,
992 5694 1083 5751 24.
