3836 6220
364 309 474 366 695

1039 297 1308 360 susse“
1342 303 1825 362 cmsammsns
1863 272 2015 361 ora.
2047 303 2234 362 rans
2274 304 2340 362 ιι.
2373 337 2447 348 --
2487 305 3000 364 APOLOGETICA.

3539 308 3647 368 696

365 426 566 483 ﬂuctus
592 426 908 489 incessisse,
946 431 1001 478 et
1035 431 1439 499 tempestatem,
1469 429 1771 492 ventosque
1801 420 1924 478 colti

2058 421 2355 476 ἐπιϐαίνων
2387 422 2619 495 κύμασι,
2646 423 2742 476 καὶ
2771 420 2852 493 τῷ
2874 421 3105 476 κλύδωνι
3146 422 3240 476 καὶ
3275 425 3389 487 τοῖς
3422 423 3650 495 ἀνέμοις

362 521 575 587 buisse,
607 519 840 592 publicae
894 518 1180 588 scriptura:
1230 516 1546 573 testimonio
1604 515 1787 571 dictus
1837 523 1945 583 est,

362 629 476 687 quo
529 623 773 684 tempore
814 612 875 679 ii,
906 613 998 683 qui
1025 612 1152 665 talia
1183 609 1559 674 intuebantur,
1584 608 1940 680 obstupesce-

361 708 498 764 bant
529 707 778 762 dicentes
813 723 828 760 :
864 724 884 757 ι
926 704 1061 771 Quis
1093 712 1178 761 est
1214 705 1336 769 hic,
1372 706 1463 759 cui
1504 705 1651 759 venti
1684 719 1948 774 mareque

360 804 743 871 obtemperant
765 799 851 853 8"‘2
908 817 927 850 ι
967 799 1133 853 fuerit
1163 814 1294 853 vero
1339 797 1443 853 hoc
1496 799 1662 852 etiam
1719 796 1947 852 alterius

360 891 687 962 cujusdam,
743 891 890 962 quod
936 890 1290 961 intelligitur,
1349 889 1606 945 vastioris
1653 888 1822 944 maris
1865 889 1946 943 si-

355 999 562 1055 gnum,
619 983 675 1037 in
727 998 837 1054 quo
882 982 1049 1038 draco
1084 982 1306 1053 quidam
1355 997 1479 1038 esse
1511 981 1736 1047 dicitur,
1768 980 1945 1035 factus

358 1077 496 1132 utin
527 1092 653 1132 eum
689 1075 923 1131 illudant
956 1076 1135 1147 angeli
1159 1076 1277 1138 Dei,
1310 1090 1477 1145 super
1502 1090 1611 1145 quo
1640 1074 1768 1129 item
1805 1073 1942 1127 mari

359 1166 613 1223 Salvator
636 1183 701 1222 ae
729 1167 996 1223 Dominus
1014 1177 1200 1223 noster
1225 1166 1386 1241 447
1414 1166 1762 1221 inambulans
1781 1170 1944 1235 caput

355 1259 471 1315 illic
525 1260 813 1315 constituti
865 1258 1145 1325 draconis,
1201 1260 1649 1328 reliquorumque
1706 1257 1800 1310 illo
1853 1256 1942 1310 in-

354 1351 618 1408 feriorum
653 1352 956 1408 draconum
983 1353 1185 1407 dicitur
1215 1351 1561 1413 contrivisse,
1580 1350 1737 1420 juxta
1768 1348 1898 1403 illud
1924 1368 1938 1404 :

358 1462 380 1497 ι
418 1442 503 1499 Tu
536 1445 846 1500 contrivisti
879 1444 1057 1514 capita
1097 1443 1397 1498 draconum
1431 1456 1597 1512 super
1628 1455 1848 1510 aquam,
1881 1448 1941 1495 tu

352 1535 670 1607 conlregisti
694 1542 859 1607 caput
881 1535 1140 1591 draconis
1160 1535 1205 1567 ⁸⁸
1241 1552 1254 1590 :
1298 1555 1316 1586 ι
1344 1535 1505 1604 plane
1537 1534 1764 1588 alterius
1795 1533 1941 1603 quod

347 1628 675 1699 intelligitur
707 1627 899 1693 maris,
952 1626 1021 1681 de
1053 1642 1163 1698 quo
1208 1626 1351 1681 idem
1404 1641 1599 1681 rursus
1640 1627 1694 1679 in
1728 1626 1940 1696 psalmo

349 1721 428 1776 ait
456 1740 469 1775 :
510 1739 530 1772 ι
567 1720 770 1775 Deveni
800 1721 855 1774 in
884 1719 1158 1790 profunda
1184 1719 1352 1775 maris
1379 1718 1448 1772 ⁸⁸.
1491 1736 1511 1770 ›
1550 1717 1617 1771 Et
1650 1717 1719 1772 ad
1746 1716 1849 1772 Job
1871 1717 1938 1773 de

348 1811 533 1882 seipse
581 1811 861 1866 disserens
929 1851 943 1864 .

346 1902 519 1958 maris
537 1943 553 1967 ,
570 1910 624 1958 et
640 1902 695 1957 in
711 1902 958 1973 vestigiis
986 1902 1167 1973 abyssi
1193 1900 1590 1956 deambulasti?
1612 1902 1935 1969 aperiuntur

347 2008 478 2049 vero
511 1994 611 2048 tibi
647 1993 848 2048 timore
873 1999 1044 2063 portae
1076 1990 1314 2046 mortis?
1347 2000 1400 2046 et
1428 1990 1699 2059 janitores
1729 1988 1935 2044 infero-

347 2102 471 2143 rum
487 2086 737 2142 videntes
752 2094 808 2142 te
836 2092 1180 2156 expaverunt
1195 2084 1238 2115 ⁸⁷
1258 2083 1282 2137 ?
1299 2103 1318 2135 ι
1340 2082 1532 2139 Merito
1560 2083 1730 2154 igitur
1761 2081 1929 2137 etiam

346 2180 404 2236 in
433 2195 521 2244 ea,
548 2195 671 2249 quae
686 2178 753 2233 ad
773 2193 874 2234 nos
905 2179 1139 2248 pertinet
1168 2177 1300 2241 vita,
1328 2177 1456 2231 dum
1482 2177 1660 2248 ipsum
1681 2190 1829 2229 mare
1850 2174 1933 2228 in-

344 2272 590 2344 greditur
611 2281 665 2328 et
683 2280 899 2337 ventos,
927 2278 1417 2341 tempestatemque
1445 2269 1712 2341 increpat,
1748 2282 1930 2323 rerum

346 2365 404 2421 in
422 2364 641 2420 arcanis
665 2364 971 2435 positarum
1001 2364 1157 2435 signa
1198 2362 1419 2417 interim
1450 2360 1565 2417 obit
1601 2375 1666 2415 ac
1697 2360 1926 2432 peragit.

343 2493 424 2550 Ab
449 2494 620 2552 Isaia.
647 2524 719 2536 --
742 2493 823 2549 De
849 2493 1003 2550 rebus
1030 2492 1097 2548 ab
1123 2494 1240 2562 ipso
1282 2490 1695 2547 admirabilibus
1743 2492 1926 2547 acuis.

419 2669 438 2702 ι
467 2648 873 2715 Convaleseite,
897 2663 1094 2704 manus
1123 2647 1372 2703 remissae
1391 2655 1444 2703 et
1484 2662 1661 2719 genua
1690 2646 1932 2702 dissolu-

342 2750 418 2809 ta,
446 2740 1224 2814 consolamini,pusillanimes
1245 2741 1548 2805 intellectu,
1584 2738 1753 2797 fortes
1781 2746 1930 2795 esto-

340 2845 416 2901 te,
443 2844 499 2892 et
519 2836 690 2892 nolite
718 2836 943 2891 timere:
965 2848 1096 2889 ecce
1114 2831 1261 2888 Deus
1291 2839 1483 2888 noster
1509 2831 1779 2902 judicium
1805 2829 1929 2883 red-

337 2928 420 2984 dit
446 2935 500 2984 et
528 2927 743 2992 reddet,
774 2926 894 2998 ipse
909 2924 1091 2981 veniet
1116 2930 1172 2980 et
1204 2924 1389 2981 salvos
1420 2923 1586 2979 faciet
1619 2937 1721 2977 nos
1749 2938 1763 2973 :
1795 2929 1928 2975 tunc

339 3020 656 3088 aperientur
683 3017 831 3074 oeuli
880 3031 1178 3081 caecorum,
1209 3022 1264 3070 et
1309 3029 1473 3069 aures
1501 3012 1795 3068 surdorum
1825 3025 1926 3065 au-

338 3113 535 3177 dient;
574 3122 707 3166 tunc
752 3110 912 3166 saliet
944 3109 1091 3164 sicut
1134 3121 1333 3161 cervus
1377 3104 1631 3169 claudus,
1657 3109 1713 3158 et
1763 3103 1925 3174 plana

338 3206 445 3261 erit
470 3205 658 3275 lingua
680 3212 961 3257 mutorum
978 3204 1045 3255 ⁸⁸⁸.
1081 3220 1099 3253 ι
1124 3198 1334 3255 Harum
1364 3198 1532 3268 igitur
1562 3212 1745 3252 rerum
1770 3213 1931 3252 even-
1957 3168 2001 3230 Ο

335 3303 392 3351 ta
414 3296 469 3349 in
498 3292 814 3365 Evangeliis
841 3292 1040 3357 habes;
1066 3305 1215 3344 nunc
1232 3288 1476 3358 quidem,
1496 3285 1625 3340 dum
1654 3284 1723 3339 ad
1752 3285 1933 3355 ipsum

341 3384 687 3441 Saivatorem
727 3398 792 3437 ac
820 3382 1112 3436 Dominum
1155 3387 1434 3446 nostrum,
1464 3377 1827 3451 paralyticum
1850 3374 1933 3430 al-

339 3480 527 3536 l‘erunt
572 3479 629 3533 in
677 3477 821 3532 lecto
857 3476 1156 3546 jacentem,
1185 3487 1349 3543 quem
1407 3470 1655 3543 pristinas
1704 3469 1930 3526 sanitati

338 3587 452 3629 uno
482 3584 586 3626 suo
618 3568 787 3623 verbo
819 3565 1084 3631 restituit,
1110 3578 1260 3619 nunc
1291 3578 1424 3619 vero
1445 3562 1576 3617 dum
1612 3562 1930 3617 innumera-

338 3664 476 3721 biles
528 3662 662 3718 επεὶ
718 3668 773 3717 et
825 3659 1094 3715 daemonia
1142 3657 1434 3720 habentes,
1486 3671 1703 3711 necnon
1759 3653 1929 3708 variis

336 3756 755 3829 segritudinibus
786 3763 842 3810 et
861 3752 1221 3825 languoribus
1250 3749 1456 3813 affecti,
1489 3746 1752 3804 salutaris
1778 3745 1927 3803 illius

335 3862 563 3917 virtutis
618 3858 890 3916 beneﬁcio
942 3858 1012 3913 ab
1046 3856 1302 3912 omnibus
1351 3853 1561 3909 morbis
1594 3850 1922 3906 liberantur.

335 3955 607 4011 Praeterea
635 3954 803 4009 etiam
850 3966 1001 4006 nunc
1048 3950 1108 4004 in
1145 3949 1236 4013 iis,
1272 3963 1394 4020 quae
1422 3945 1479 4000 in
1509 3951 1626 3999 toto
1654 3942 1787 3997 orbe
1813 3950 1925 3995 ter-

336 4060 523 4102 rarum
569 4044 831 4111 ostendit,
872 4042 1005 4099 dum
1056 4038 1491 4096 innumerabiles
1538 4032 1923 4091 multitudines

336 4138 507 4195 variis
544 4137 769 4192 malitiae
807 4134 1103 4206 generibus
1144 4132 1464 4205 implicitas,
1489 4136 1544 4185 et
1577 4126 1923 4199 ignoratione

334 4245 579 4319 supremi
605 4244 702 4299 Dei
731 4224 964 4299 refertas
986 4242 1200 4298 animas
1222 4239 1505 4302 habentes,
1520 4235 1922 4292 admirabiliter

333 4349 389 4398 et
443 4354 611 4411 supra
666 4353 884 4394 omnem
935 4339 1207 4393 rationem
1237 4333 1503 4390 doctrinae
1534 4346 1647 4388 sua
1682 4331 1921 4387 medica-

333 4432 540 4489 mentis
566 4439 725 4485 curat
751 4435 808 4483 et
838 4435 1021 4491 sanat,
1043 4434 1099 4480 et
1130 4436 1314 4480 tamen
1341 4422 1489 4492 quod
1513 4422 1683 4476 etiam
1723 4421 1781 4475 iu
1829 4420 1919 4476 his

2049 514 2319 587 ἐπιτιμῶν
2345 516 2789 588 ἀναγέγραπταιυ
2816 515 2906 569 ὅτε
2926 515 3021 569 καὶ
3051 516 3100 569 oi
3119 515 3354 585 ὁρῶντες
3378 516 3643 591 ἐξεπλήτ·

2047 621 2202 661 τοντο
2243 608 2528 676 λέγοντες·
2567 625 2586 659 ι
2622 606 2872 671 Ποταπός
2911 610 3058 661 ἐστιν
3099 603 3274 673 οὗτος,
3324 609 3406 663 ὅτι
3450 610 3550 663 καὶ
3593 612 3647 663 et

2047 697 2236 769 ἄνεμοι
2277 698 2374 752 καὶ
2413 699 2447 769 η
2491 696 2736 752 θάλασσα
2770 696 2920 768 αὐτῷ
2951 696 3253 763 ὑπακούει;
3290 717 3309 750 ι
3337 694 3408 769 ἢν
3447 699 3509 753 δὲ
3549 699 3643 753 καὶ

2046 790 2205 845 τοῦτο
2227 790 2387 844 ἄλλου
2413 791 2559 855 τινος
2596 788 2842 861 μείζονος
2873 790 2936 843 σύ
2944 790 3140 861 μὸολον
3178 791 3477 863 νοουμένης
3525 791 3645 846 ἐτέ-

2049 902 2151 958 ρας
2193 884 2489 957 θαλάσσης,
2529 879 2649 960 ἐνῇ
2687 884 2906 952 λέγεται
2963 884 3182 956 δράκων
3231 901 3317 948 τις
3351 882 3513 947 εἶναι,
3546 902 3645 939 πε-

2046 977 2344 1049 ποιημένος
2386 975 2888 1046 ὲγκαταπαίζεσθαι
2929 976 3037 1029 ὑπὸ
3084 974 3195 1029 τῶν
3246 976 3497 1045 ἀγγέλων
3546 975 3642 1031 τοῦ

2044 1069 2203 1133 Θεοῦ,
2235 1070 2320 1140 ἐφ’
2352 1069 2419 1140 ἣν
2453 1069 2547 1123 καὶ
2585 1069 2756 1140 αὐτὴν
2791 1069 2820 1120 ό
2861 1068 3013 1138 Σωτῆ
3024 1084 3053 1139 ρ
3094 1068 3190 1121 καὶ
3236 1068 3439 1139 Κύριος
3480 1066 3643 1138 ἡμῶν

2045 1161 2523 1232 ἐμπεριπατήσας,
2564 1161 2663 1232 τὴν
2701 1160 2945 1231 κεφαλὴν
2984 1159 3079 1212 τοῦ
3126 1159 3310 1213 αὐτόθι
3348 1159 3643 1231 δράκοντος

2045 1253 2138 1307 καὶ
2183 1252 2293 1306 τῶν
2339 1252 2543 1306 λοιπῶν
2591 1252 3011 1324 ύποὸεϐηκότων
3054 1252 3364 1324 δρακόντων
3418 1251 3638 1320 λέγεται

2046 1345 2481 1416 συντετριφέναι,
2510 1343 2652 1398 κατὰ
2677 1344 2738 1397 τό
2757 1361 2771 1374 ·
2809 1363 2828 1395 ι
2866 1344 2937 1398 Σὺ
2976 1344 3307 1407 συνέθλασας
3333 1342 3433 1407 τὰς
3464 1360 3641 1408 κεφα-

2042 1433 2140 1500 λὰς
2167 1434 2276 1489 τῶν
2302 1436 2613 1507 δρακόντων
2643 1435 2738 1488 ἐπὶ
2765 1434 2860 1488 τοῦ
2899 1436 3110 1499 ὓδατος,
3137 1435 3233 1487 καὶ
3276 1436 3341 1489 σὺ
3377 1434 3640 1487 συνέθλα-

2044 1541 2144 1589 σας
2184 1525 2284 1589 τὰς
2333 1525 2575 1596 κεφαλὰς
2613 1526 2709 1580 τοῦ
2759 1526 3084 1599 δράκοντος·
3136 1546 3155 1579 ι
3202 1527 3392 1596 σαφῶς
3440 1528 3642 1600 ἐτέρας

2041 1617 2340 1690 νοουμένης
2372 1617 2669 1688 θαλάσσης,
2706 1619 2833 1690 περὶ
2851 1615 2920 1687 ἧς
2951 1618 3113 1682 αὐτὸς
3145 1619 3305 1673 πάλιν
3338 1621 3397 1672 ἐν
3435 1617 3644 1690 ψαλμῷ

2042 1726 2239 1780 φησιν·
2274 1730 2292 1761 ι
2329 1705 2534 1763 Ἦλθον
2570 1712 2651 1774 εἰς
2693 1710 2763 1764 τὰ
2821 1710 2959 1782 βάθη
2998 1710 3101 1781 τῆς
3138 1710 3448 1779 θαλάσσηςο
3486 1729 3507 1763 ι
3544 1709 3641 1765 καὶ

993 1828 1011 1862 ι
1077 1807 1308 1875 Venisti,
1360 1809 1557 1880 inquit,
1613 1808 1682 1862 ad
1735 1807 1929 1863 fontem

2041 1799 2179 1872 πρὸς
2202 1801 2294 1855 τὸν
2330 1799 2450 1855 Ἰὼὸ
2478 1799 2549 1856 τὰ
2580 1800 2711 1872 περὶ⁵
2753 1800 2948 1855 ἐαυτοῦ
2999 1800 3244 1866 διεξιών·
3276 1819 3297 1851 ι
3332 1797 3540 1863 Ἦλθες
3578 1799 3642 1855 δὲ

2041 1894 2133 1947 ἐπὶ
2179 1896 2364 1968 πηγὴν
2398 1895 2694 1966 θαλάσσης,
2760 1897 2820 1948 ἐν
2850 1894 2908 1948 δὲ
2948 1894 3150 1966 ἴχνεσιν
3193 1894 3432 1948 ἀόύσσου
3480 1911 3644 1966 περιρ

2039 1986 2358 2059 επάτησας;
2406 1986 2711 2056 ἀνοίγονται
2753 1987 2811 2040 δέ
2860 2004 2943 2041 σοι
2993 1987 3144 2059 φόϐῳ
3187 1987 3351 2041 πύλαι
3379 1987 3639 2052 θανάτου,

2039 2076 2281 2150 πυλωροὶ
2300 2078 2357 2133 δὲ
2380 2078 2505 2150 ᾇδου
2545 2078 2745 2143 ἰδόντες
2782 2096 2841 2132 σε
2886 2077 3156 2150 ἐπτηξαν;
3196 2098 3215 2131 ι
3250 2080 3494 2142 Εἰκότως
3540 2074 3638 2133 οὖν

2039 2171 2143 2223 κάν
2172 2169 2251 2241 τῷ
2283 2170 2402 2224 καθ’
2431 2173 2580 2243 ἡμᾶς
2612 2170 2714 2241 βίῳ
2745 2156 2939 2235 ἐπιϐὰς
2980 2174 3048 2242 τῇ
3085 2169 3348 2242 θαλάττῃ,
3390 2173 3485 2225 καὶ
3522 2173 3637 2234 τοῖς

2038 2260 2261 2333 ἀνέμοις
2284 2262 2619 2333 ἐπιτιμήσας
2643 2260 2738 2315 καί¹
2759 2260 2837 2333 τῷ
2869 2259 3121 2327 κλύδωνι,
3150 2262 3218 2315 τὰ
3246 2260 3496 2333 σύμϐολα
3523 2261 3637 2314 τῶν

2037 2354 2492 2427 ἀποῤῥητοτέρων
2512 2354 2772 2408 ἐπιτελεῖ.

2050 2489 2194 2545 Ἀπὸ
2226 2489 2332 2544 τοῦ
2375 2489 2633 2545 Ἡσαΐου.
2669 2521 2741 2532 -—
2782 2490 2925 2557 Περὶ
2963 2489 3084 2542 τῶν
3124 2489 3637 2543 ἐπιτελεσθέντων

2460 2559 2562 2615 ὑπ’
2595 2560 2783 2614 αὑτοῦ
2823 2558 3200 2627 παραδόξων.

2112 2671 2131 2702 ι
2183 2651 2671 2726 Ἰσχύσατε,χεῖρες
2705 2655 3007 2726 ἀνειμέναι,
3057 2656 3151 2710 καὶ
3193 2656 3402 2726 γόνατα
3450 2672 3631 2728 παρα-

2032 2741 2333 2815 λελυμένα⁸
2359 2746 2780 2818 παρακαλέσατε
2818 2751 2867 2801 ot
2910 2748 3244 2820 ὀλιγόψυχοι,
3290 2751 3358 2819 τῇ
3399 2748 3631 2820 διανοίᾳ,

2036 2841 2314 2913 ἰσχύσατε,
2349 2843 2423 2914 μὴ
2441 2842 2720 2912 φοϐεῖσθε⁸
2744 2845 2853 2899 ίδοὺ
2886 2849 2915 2899 ό
2936 2846 3070 2910 Θεὸς
3099 2846 3257 2918 ἡμῶν
3292 2847 3479 2918 κρίσιν
3502 2848 3630 2903 άντ-

2033 2928 2321 2983 αποδίδωσι
2345 2970 2361 2995 ,
2400 2933 2495 2984 καὶ
2533 2933 2923 3001 ἀνταποδώσει,
2967 2935 3129 3000 αὐτὸς
3178 2935 3298 3007 ῆξει
3333 2939 3431 2991 καὶ
3470 2937 3631 2992 σώσει

2033 3019 2199 3092 ἡμᾶς.
2259 3021 2393 3076 Τότε
2444 3023 2856 3096 ἀνοιχθήσονται
2912 3025 3181 3099 ὀφθαλμοὶ
3235 3027 3477 3098 τυφλῶν,
3538 3031 3632 3086 καὶ

2032 3106 2146 3166 ὦτα
2178 3113 2379 3185 κωφῶν
2413 3115 2769 3170 ἀκούσονται’
2817 3119 2939 3172 τότε
2990 3119 3200 3174 ἀλεῖται
3240 3120 3318 3185 ὡς
3361 3120 3562 3192 ἔλαφος
3602 3124 3632 3175 ό

2034 3203 2224 3275 χωλὸς,
2272 3206 2365 3261 καὶ
2403 3208 2577 3280 τρανὴ
2627 3207 2779 3262 ἔσται
2825 3208 3046 3279 γλῶσσα
3101 3210 3431 3281 μογιλάλων.
3467 3233 3486 3265 ι
3521 3215 3632 3267 Καὶ

2032 3296 2236 3351 τούτων
2265 3297 2407 3369 ἔχεις
2436 3300 2495 3352 ἐν
2526 3302 2638 3364 τοῖς
2670 3300 3024 3371 Εύαγγελίοις
3066 3302 3136 3357 τὰ
3176 3302 3627 3375 ἀποτελέσματαο

2031 3384 2220 3439 τούτου
2268 3387 2387 3459 μὲν,
2441 3390 2678 3460 ὁπηνίκα
2719 3390 2799 3462 τῷ
2845 3392 3056 3465 Σωτῆρι
3104 3394 3199 3447 καὶ
3242 3394 3435 3467 Κυρίῳ
3472 3394 3630 3467 ἡμῶν

2032 3478 2370 3549 προσέφερον
2399 3480 2772 3552 παραλυτικὸν
2814 3483 2907 3536 ἐπὶ
2941 3484 3129 3557 κλίνης
3171 3484 3534 3556 βεϐλημένον,
3569 3487 3631 3541 ὃν

2032 3571 2125 3623 καὶ
2153 3571 2280 3641 ὑγιῆ
2320 3571 2464 3643 λόγῳ
2512 3577 2904 3646 κατεστήσατο’
2947 3576 3136 3629 τούτου
3181 3577 3259 3637 δὲ.
3302 3578 3395 3631 ὅτε
3444 3578 3629 3651 μυρίοι

2028 3661 2218 3730 τυφλοὶ
2263 3664 2358 3716 καὶ
2399 3663 2805 3735 δαιμονιῶντες,
2840 3665 2919 3720 ἔτι
2964 3666 3071 3738 μὴν
3114 3666 3395 3739 διαφόροις
3448 3670 3630 3734 νόσοις

2029 3753 2123 3806 καὶ
2159 3753 2447 3824 μαλακίαις
2474 3757 2939 3829 καταπονούμενοι
2967 3759 3102 3832 πρὸς
3124 3759 3226 3830 τῆς
3255 3758 3423 3812 αὑτοῦ
3450 3776 3629 3831 σωτη-

2029 3845 2145 3916 ρίου
2175 3845 2456 3917 δυνάμεως
2476 3848 2582 3902 τῶν
2604 3849 2792 3904 παθῶν
2815 3850 3215 3921 ἀπηλλάττοντο
3234 3869 3247 3883 ·
3267 3852 3327 3905 ού
3352 3852 3460 3923 μὴν
3489 3852 3630 3907 ἀλλά

2027 3937 2122 3991 καὶ
2148 3938 2217 3993 δι’
2256 3932 2331 3993 ὧν
2364 3941 2530 3994 εἰσέτι
2572 3941 2666 3996 νῦν
2699 3941 2823 3997 καθ’
2864 3943 2992 4014 ὅλης
3028 3942 3131 4013 τῆς
3159 3945 3490 4016 οἰκουμένης
3525 3961 3628 4014 μυ-

2028 4028 2118 4101 ρία
2145 4030 2322 4103 πλήθη
2343 4031 2703 4103 πολυτρόποις
2729 4034 2928 4099 κακίας
2955 4033 3123 4088 εἴδεσι
3144 4034 3430 4107 δεδεμένα,
3454 4037 3637 4105 ἀγνω-

2026 4121 2147 4185 σίας
2179 4138 2239 4176 τε
2269 4123 2364 4179 τοῦ
2413 4126 2505 4178 ἐπὶ
2537 4125 2760 4181 πάντων
2795 4125 2932 4181 Θεοῦ
2967 4126 3067 4195 τὰς
3112 4125 3293 4197 ψυχὰς
3322 4127 3626 4199 πεπληρω-

2025 4213 2183 4284 μένα,
2217 4214 2536 4287 θαυμασίως
2582 4219 2677 4271 καὶ
2714 4218 2854 4291 ὑπὲρ
2889 4219 3067 4273 πάντα
3094 4219 3251 4288 λόγον
3275 4222 3391 4284 τοῖς
3417 4219 3521 4290 τῆς
3546 4219 3627 4273 δι-

2020 4304 2321 4372 δασκαλίας
2367 4308 2534 4365 αὑτοῦ
2584 4310 2897 4381 φαρμάκοις
2952 4313 3095 4365 ἰᾶται
3152 4312 3244 4366 καὶ
3300 4309 3620 4383 θεραπεύει.

2021 4398 2171 4470 Πλὴν
2196 4401 2277 4455 ὅτι
2301 4402 2396 4456 καὶ
2423 4402 2556 4466 Θεὸς
2581 4405 2639 4455 ὲν
2670 4403 2882 4468 τούτοις
2917 4403 3280 4477 ἀνηγόρευται
3318 4404 3465 4459 κατὰ
3502 4422 3627 4459 καις

332 4523 480 4580 Deus
513 4521 819 4594 appelletur
854 4534 957 4575 suo
993 4526 1259 4587 tempore,
1294 4525 1554 4586 tanquam
1583 4514 1631 4570 is
1659 4514 1755 4585 qui
1784 4513 1918 4568 talia

2038 4492 2138 4561 σὺν,
2167 4492 2244 4558 ὡς
2285 4493 2352 4548 ἂν
2390 4495 2614 4550 τοιαῦτα
2658 4496 2916 4568 ἐνεργῶν,
2958 4496 3058 4570 ήδη
3096 4497 3362 4571 πρότερον
3401 4501 3535 4570 ἡμῖν
3566 4503 3629 4554 ἐν

331 4627 553 4691 efﬁciat,
580 4625 907 4698 jampridem
961 4638 992 4677 a
1041 4622 1223 4687 nobis,
1248 4621 1345 4677 ubi
1377 4621 1446 4677 de
1475 4620 1763 4678 divinitate
1793 4620 1918 4691 ejus

332 4720 646 4776 testimonia
678 4716 1030 4789 protulimus,
1057 4715 1492 4771 demonstratum
1544 4721 1651 4778 est,
1675 4721 1731 4770 et
1783 4729 1920 4770 sane

332 4813 380 4870 si
409 4825 650 4883 unquam
697 4810 856 4873 alias,
888 4823 1036 4865 nunc
1085 4808 1322 4865 maxime
1380 4807 1700 4863 convenerit
1746 4805 1919 4862 Deum

329 4905 501 4981 ωε
551 4904 706 4958 illum
751 4903 1022 4971 conliteri,
1050 4901 1274 4973 quando
1304 4910 1359 4958 et
1388 4901 1587 4957 divinae
1618 4911 1673 4957 et
1728 4913 1921 4956 revera

333 4999 502 5056 Deum
538 4997 839 5069 complexa:
869 4996 1094 5052 virtutis
1121 4996 1237 5067 jam
1287 4995 1448 5065 plane
1499 5008 1667 5065 opera
1720 4993 1912 5051 edidit.

333 5093 393 5147 Si
417 5093 640 5164 quidem
670 5092 838 5147 unius
880 5089 977 5146 Dei
1006 5104 1110 5145 nec
1157 5089 1384 5144 alterius
1418 5098 1684 5160 praeterea
1726 5088 1916 5159 cujus-

333 5201 478 5271 piam
527 5212 728 5254 munus
772 5196 968 5262 fuerit,
1011 5194 1372 5251 corroborare
1423 5195 1746 5263 dissolutos,
1793 5197 1919 5252 vita:

330 5293 564 5350 reddere
587 5371 593 5380 Ι
617 5299 889 5357 mortuos,
950 5292 1195 5362 praebere
1232 5293 1464 5347 salutem
1494 5290 1915 5362 aegrotantibus,

327 5415 602 5458 meorum
655 5399 870 5471 aperire
924 5399 1138 5467 oculos,
1197 5414 1470 5471 auresque
1517 5399 1649 5454 item
1715 5411 1914 5456 sanare

328 5509 645 5576 surdorum,
670 5517 726 5567 et
753 5508 966 5580 erigere
986 5509 1236 5576 claudos,
1257 5517 1312 5566 et
1332 5509 1574 5581 linguam
1594 5509 1914 5580 impeditam

435 5696 480 5729 ⁸⁸
519 5681 714 5756 Matth.
749 5713 884 5764 vm,
917 5695 1009 5752 27.
1124 5696 1171 5730 ⁸⁵
1209 5692 1359 5752 Psal.
1394 5710 1602 5764 tum,
1640 5693 1828 5764 13,“.

328 5782 474 5823 xxxv
496 5807 512 5834 ,
545 5769 661 5825 5-5.

1937 5695 1984 5729 “
2018 5694 2162 5753 Psal.
2195 5710 2369 5754 uvm
2394 5735 2408 5763 ,
2445 5695 2500 5752 3.

2024 4587 2147 4648 ταῖς
2176 4585 2305 4657 περὶ
2337 4586 2436 4657 τῆς
2470 4586 2721 4658 θεότητος
2752 4587 2916 4642 αὐτοῦ
2968 4589 3299 4661 μαρτυρίαις
3344 4589 3625 4645 ἀποδέδει-

2027 4690 2173 4729 κται.
2203 4675 2331 4729 Καὶ·
2353 4675 2558 4748 ἔπρεπέ
2592 4694 2654 4747 γε
2691 4678 2788 4733 νῦν
2823 4678 2976 4750 γοῦν,
3012 4681 3063 4734 εί
3092 4680 3185 4734 καὶ
3227 4679 3440 4744 ἄλλοτε,
3487 4680 3625 4735 Θεὸν

2025 4767 2188 4822 αὑτὸν
2241 4769 2651 4840 ὁμολογεῖσθαι,
2716 4772 2799 4827 ὅτι
2859 4773 2951 4827 καὶ
3006 4772 3143 4845 ἔργα
3192 4765 3347 4837 θείας
3388 4774 3487 4826 καὶ
3543 4772 3623 4836 ὡς

2025 4860 2242 4933 ἀληθῶς
2295 4861 2477 4916 ἐνθέου
2549 4863 2833 4935 δυνάμεως
2891 4864 3255 4919 ἐπεδείκνυτο.
3310 4864 3450 4918 Θεοῦ
3509 4866 3621 4939 γὰρ

2029 4955 2192 5026 μόνου
2237 4950 2306 5026 ἦν
2353 4956 2445 5009 καὶ
2485 4957 2605 5013 οὐδὲ
2650 4957 2811 5012 ἄλλου
2867 4957 3132 5031 ρωννύναι
3188 4957 3289 5028 μὲν
3348 4957 3620 5030 παρειμέ-

2024 5064 2167 5112 νους,
2195 5047 2479 5116 ζωογονεῖν
2524 5048 2583 5103 δὲ
2625 5051 2868 5123 νεκροὺς,
2907 5050 3180 5122 σωτηρίαν
3224 5067 3285 5104 τε
3329 5050 3616 5105 ἀσθενοῦσι

2025 5139 2307 5212 παρέχειν,
2333 5141 2567 5211 ἀνοίγειν
2594 5160 2654 5197 τε
2677 5143 2990 5214 ὀφθαλμοὺς
3017 5142 3255 5213 τυφλῶν,
3284 5143 3381 5196 καὶ
3414 5143 3616 5214 κωφῶν

2023 5233 2286 5297 ὡσαύτως
2334 5234 2504 5299 ἀκοὰς
2561 5235 2770 5299 ίᾶσθαι,
2818 5236 3027 5307 χωλούς
3079 5254 3140 5290 τε
3182 5236 3468 5309 ἀνορθοῦν,
3521 5237 3614 5290 καὶ

2022 5328 2151 5391 τοὺς
2172 5328 2271 5399 τὴν
2298 5327 2543 5398 γλῶτταν
2570 5328 2885 5399 δεδεμένους
2916 5329 3173 5393 εύλάλους
3202 5330 3574 5402 ἀποκαθιστᾷν
3590 5343 3609 5360 ο

2021 5421 2165 5492 ειπερ
2200 5421 2413 5476 ἅπαντα
2443 5421 2547 5476 ὑπὸ
2580 5421 2673 5475 τοῦ
2700 5422 2955 5494 Σωτῆρος
2986 5421 3141 5494 ἡμῶν
3161 5421 3340 5494 Ἰησοῦ
3373 5420 3609 5495 Χριστοῦ

2022 5511 2356 5583 πέπρακται,
2383 5506 2469 5566 οἷα
2501 5513 2607 5566 ὑπὸ
2631 5511 2789 5578 Θεοῦ,
2815 5513 2912 5567 καὶ
2957 5512 3381 5586 μεμαρτύρηται
3414 5529 3478 5582 γε
3507 5510 3610 5565 ὑπὸ

2607 5696 2652 5730 ⁶”
2691 5693 2797 5754 Job
2826 5709 3070 5760 xxxvm,
3108 5691 3300 5752 16-17.
3414 5693 3462 5726 ⁸³
3500 5691 3604 5748 tsa.
