  <div class='ocr_page' id='page_1' title='image "/cluster/home/n/w/nwhite01/storage/ocr_20150623/22/nnc1.0046978372/370.png"; bbox 0 0 3836 6220; ppageno 0'>
   <div class='ocr_carea' id='block_1_1' title="bbox 204 268 314 324">
    <p class='ocr_par' dir='ltr' id='par_1_1' title="bbox 204 268 314 324">
     <span class='ocr_line' id='line_1_1' title="bbox 204 268 314 324; baseline -0.018 0"><span class='ocrx_word' id='word_1_1' title='bbox 204 268 314 324; x_wconf 76' lang='lat'><strong>697</strong></span> 
     </span>
    </p>
   </div>
   <div class='ocr_carea' id='block_1_2' title="bbox 1113 266 2565 328">
    <p class='ocr_par' dir='ltr' id='par_1_2' title="bbox 1113 266 2565 328">
     <span class='ocr_line' id='line_1_2' title="bbox 1113 266 2565 328; baseline 0.001 -4"><span class='ocrx_word' id='word_1_2' title='bbox 1113 266 1775 328; x_wconf 71' lang='lat' dir='ltr'><strong>DEHONSTRATIONIS</strong></span> <span class='ocrx_word' id='word_1_3' title='bbox 1815 268 2275 326; x_wconf 60' lang='lat' dir='ltr'><strong>EVANGELICIE</strong></span> <span class='ocrx_word' id='word_1_4' title='bbox 2310 268 2442 325; x_wconf 75' lang='lat' dir='ltr'><strong>LIB.</strong></span> <span class='ocrx_word' id='word_1_5' title='bbox 2471 266 2565 325; x_wconf 78' lang='lat' dir='ltr'><strong>IX.</strong></span> 
     </span>
    </p>
   </div>
   <div class='ocr_carea' id='block_1_3' title="bbox 3378 265 3484 326">
    <p class='ocr_par' dir='ltr' id='par_1_3' title="bbox 3378 265 3484 326">
     <span class='ocr_line' id='line_1_3' title="bbox 3378 265 3484 326; baseline 0.028 -3"><span class='ocrx_word' id='word_1_6' title='bbox 3378 265 3484 326; x_wconf 77' lang='lat'><strong>698</strong></span> 
     </span>
    </p>
   </div>
   <div class='ocr_carea' id='block_1_4' title="bbox 203 384 1828 463">
    <p class='ocr_par' dir='ltr' id='par_1_4' title="bbox 203 385 1828 463">
     <span class='ocr_line' id='line_1_4' title="bbox 203 385 1828 463; baseline 0.002 -23"><span class='ocrx_word' id='word_1_7' title='bbox 203 385 466 441; x_wconf 60' lang='grc' dir='ltr'>πλειόνων</span> <span class='ocrx_word' id='word_1_8' title='bbox 494 385 605 441; x_wconf 86' lang='grc' dir='ltr'><strong>τῶν</strong></span> <span class='ocrx_word' id='word_1_9' title='bbox 637 388 761 442; x_wconf 83' lang='grc' dir='ltr'>καθ’</span> <span class='ocrx_word' id='word_1_10' title='bbox 798 388 928 460; x_wconf 83' lang='grc' dir='ltr'>ὅλης</span> <span class='ocrx_word' id='word_1_11' title='bbox 948 388 1050 461; x_wconf 88' lang='grc' dir='ltr'><strong>τῆς</strong></span> <span class='ocrx_word' id='word_1_12' title='bbox 1085 390 1412 462; x_wconf 75' lang='grc' dir='ltr'><strong>οἰκουμένης</strong></span> <span class='ocrx_word' id='word_1_13' title='bbox 1440 389 1795 463; x_wconf 79' lang='grc' dir='ltr'><strong>κηρυξάντων</strong></span> <span class='ocrx_word' id='word_1_14' title='bbox 1823 442 1828 452; x_wconf 45' lang='grc' dir='ltr'><strong><em>η</em></strong></span> 
     </span>
    </p>
   </div>
   <div class='ocr_carea' id='block_1_5' title="bbox 1873 384 3473 463">
    <p class='ocr_par' dir='ltr' id='par_1_5' title="bbox 1897 384 3473 458">
     <span class='ocr_line' id='line_1_5' title="bbox 1897 384 3473 458; baseline -0.001 -14"><span class='ocrx_word' id='word_1_15' title='bbox 1897 389 2226 446; x_wconf 88' lang='lat' dir='ltr'><strong>habentibus</strong></span> <span class='ocrx_word' id='word_1_16' title='bbox 2283 387 2594 444; x_wconf 74' lang='lat' dir='ltr'><strong>facultatem</strong></span> <span class='ocrx_word' id='word_1_17' title='bbox 2644 384 2901 458; x_wconf 85' lang='lat' dir='ltr'><strong>loquendi</strong></span> <span class='ocrx_word' id='word_1_18' title='bbox 2955 387 3250 443; x_wconf 77' lang='lat' dir='ltr'><strong>restituere</strong></span> <span class='ocrx_word' id='word_1_19' title='bbox 3279 427 3294 452; x_wconf 96' lang='lat'><strong>,</strong></span> <span class='ocrx_word' id='word_1_20' title='bbox 3351 404 3473 458; x_wconf 68' lang='lat' dir='ltr'><strong>qua:</strong></span> 
     </span>
    </p>
   </div>
   <div class='ocr_carea' id='block_1_6' title="bbox 203 469 1799 555">
    <p class='ocr_par' dir='ltr' id='par_1_6' title="bbox 203 469 1799 555">
     <span class='ocr_line' id='line_1_6' title="bbox 203 469 1799 555; baseline 0.003 -25"><span class='ocrx_word' id='word_1_21' title='bbox 203 474 398 530; x_wconf 81' lang='grc' dir='ltr'>αὐτόν·</span> <span class='ocrx_word' id='word_1_22' title='bbox 435 469 511 532; x_wconf 79' lang='grc' dir='ltr'><strong>ὢν</strong></span> <span class='ocrx_word' id='word_1_23' title='bbox 548 478 611 533; x_wconf 86' lang='grc' dir='ltr'><strong>τὸ</strong></span> <span class='ocrx_word' id='word_1_24' title='bbox 651 479 927 535; x_wconf 79' lang='grc' dir='ltr'><strong>ἄπλαστον</strong></span> <span class='ocrx_word' id='word_1_25' title='bbox 962 482 1058 535; x_wconf 75' lang='grc' dir='ltr'>καὶ</span> <span class='ocrx_word' id='word_1_26' title='bbox 1101 480 1300 554; x_wconf 77' lang='grc' dir='ltr'>ἀληθὲς</span> <span class='ocrx_word' id='word_1_27' title='bbox 1346 483 1449 553; x_wconf 84' lang='grc' dir='ltr'><strong>τῆς</strong></span> <span class='ocrx_word' id='word_1_28' title='bbox 1495 483 1799 555; x_wconf 83' lang='grc' dir='ltr'>μαρτυρίας</span> 
     </span>
    </p>
   </div>
   <div class='ocr_carea' id='block_1_7' title="bbox 203 567 1800 645">
    <p class='ocr_par' dir='ltr' id='par_1_7' title="bbox 203 567 1800 645">
     <span class='ocr_line' id='line_1_7' title="bbox 203 567 1800 645; baseline 0.006 -26"><span class='ocrx_word' id='word_1_29' title='bbox 203 567 498 622; x_wconf 78' lang='grc' dir='ltr'>πιστοῦται</span> <span class='ocrx_word' id='word_1_30' title='bbox 531 570 565 640; x_wconf 81' lang='grc' dir='ltr'><strong>ὴ</strong></span> <span class='ocrx_word' id='word_1_31' title='bbox 596 569 687 625; x_wconf 81' lang='grc' dir='ltr'>διὰ</span> <span class='ocrx_word' id='word_1_32' title='bbox 713 569 964 643; x_wconf 83' lang='grc' dir='ltr'>βασάνων</span> <span class='ocrx_word' id='word_1_33' title='bbox 998 575 1184 645; x_wconf 87' lang='grc' dir='ltr'>πεῖρα,</span> <span class='ocrx_word' id='word_1_34' title='bbox 1219 574 1315 627; x_wconf 83' lang='grc' dir='ltr'>κα).</span> <span class='ocrx_word' id='word_1_35' title='bbox 1360 575 1394 644; x_wconf 77' lang='grc' dir='ltr'><strong>ἡ</strong></span> <span class='ocrx_word' id='word_1_36' title='bbox 1434 574 1594 645; x_wconf 87' lang='grc' dir='ltr'>μέχρι</span> <span class='ocrx_word' id='word_1_37' title='bbox 1636 574 1800 629; x_wconf 77' lang='grc' dir='ltr'>θανά-</span> 
     </span>
    </p>
   </div>
   <div class='ocr_carea' id='block_1_8' title="bbox 200 658 1800 738">
    <p class='ocr_par' dir='ltr' id='par_1_8' title="bbox 200 658 1800 738">
     <span class='ocr_line' id='line_1_8' title="bbox 200 658 1800 738; baseline 0.005 -27"><span class='ocrx_word' id='word_1_38' title='bbox 200 673 296 711; x_wconf 88' lang='grc' dir='ltr'><strong>του</strong></span> <span class='ocrx_word' id='word_1_39' title='bbox 329 658 598 727; x_wconf 77' lang='grc' dir='ltr'><strong>ἔνστασις,</strong></span> <span class='ocrx_word' id='word_1_40' title='bbox 632 663 700 735; x_wconf 77' lang='grc' dir='ltr'><strong>ῆν</strong></span> <span class='ocrx_word' id='word_1_41' title='bbox 726 665 818 717; x_wconf 83' lang='grc' dir='ltr'>ὲπί</span> <span class='ocrx_word' id='word_1_42' title='bbox 847 664 1130 734; x_wconf 85' lang='grc' dir='ltr'>βασιλέων,</span> <span class='ocrx_word' id='word_1_43' title='bbox 1157 666 1432 737; x_wconf 83' lang='grc' dir='ltr'>ἀρχόντων</span> <span class='ocrx_word' id='word_1_44' title='bbox 1456 683 1516 719; x_wconf 90' lang='grc' dir='ltr'><strong>τε</strong></span> <span class='ocrx_word' id='word_1_45' title='bbox 1549 666 1645 719; x_wconf 80' lang='grc' dir='ltr'>καὶ</span> <span class='ocrx_word' id='word_1_46' title='bbox 1668 668 1800 738; x_wconf 80' lang='grc' dir='ltr'>ἡγε-</span> 
     </span>
    </p>
   </div>
   <div class='ocr_carea' id='block_1_9' title="bbox 204 751 1796 823">
    <p class='ocr_par' dir='ltr' id='par_1_9' title="bbox 204 751 1796 823">
     <span class='ocr_line' id='line_1_9' title="bbox 204 751 1796 823; baseline 0.003 -17"><span class='ocrx_word' id='word_1_47' title='bbox 204 751 408 821; x_wconf 85' lang='grc' dir='ltr'>μόνων,</span> <span class='ocrx_word' id='word_1_48' title='bbox 439 756 535 809; x_wconf 77' lang='grc' dir='ltr'>καὶ</span> <span class='ocrx_word' id='word_1_49' title='bbox 569 755 707 809; x_wconf 84' lang='grc' dir='ltr'>ὅλων</span> <span class='ocrx_word' id='word_1_50' title='bbox 743 755 913 810; x_wconf 76' lang='grc' dir='ltr'>ἐθνῶν</span> <span class='ocrx_word' id='word_1_51' title='bbox 961 756 1316 823; x_wconf 75' lang='grc' dir='ltr'>ἐνεδείξαντο,</span> <span class='ocrx_word' id='word_1_52' title='bbox 1348 759 1461 821; x_wconf 85' lang='grc' dir='ltr'>τοῖς</span> <span class='ocrx_word' id='word_1_53' title='bbox 1493 756 1584 810; x_wconf 84' lang='grc' dir='ltr'><strong>ὑπ’</strong></span> <span class='ocrx_word' id='word_1_54' title='bbox 1618 757 1796 811; x_wconf 82' lang='grc' dir='ltr'>αὐτῶν</span> 
     </span>
    </p>
   </div>
   <div class='ocr_carea' id='block_1_10' title="bbox 200 846 1797 921">
    <p class='ocr_par' dir='ltr' id='par_1_10' title="bbox 200 846 1797 921">
     <span class='ocr_line' id='line_1_10' title="bbox 200 846 1797 921; baseline 0.002 -23"><span class='ocrx_word' id='word_1_55' title='bbox 200 846 630 918; x_wconf 77' lang='grc' dir='ltr'>κηρυττομένοις</span> <span class='ocrx_word' id='word_1_56' title='bbox 657 847 916 920; x_wconf 91' lang='grc' dir='ltr'>ἀλήθειαν</span> <span class='ocrx_word' id='word_1_57' title='bbox 958 849 1522 921; x_wconf 78' lang='grc' dir='ltr'>ὲπιμαρτυρήσαντες.</span> <span class='ocrx_word' id='word_1_58' title='bbox 1574 849 1797 913; x_wconf 84' lang='grc' dir='ltr'>Τούτοις</span> 
     </span>
    </p>
   </div>
   <div class='ocr_carea' id='block_1_11' title="bbox 194 937 1797 1012">
    <p class='ocr_par' dir='ltr' id='par_1_11' title="bbox 194 937 1797 1012">
     <span class='ocr_line' id='line_1_11' title="bbox 194 937 1797 1012; baseline 0.002 -21"><span class='ocrx_word' id='word_1_59' title='bbox 194 937 255 991; x_wconf 74' lang='grc' dir='ltr'>δὲ</span> <span class='ocrx_word' id='word_1_60' title='bbox 287 939 474 1002; x_wconf 82' lang='grc' dir='ltr'>αὐτοῖς</span> <span class='ocrx_word' id='word_1_61' title='bbox 505 939 745 1012; x_wconf 73' lang='grc' dir='ltr'>ἡγοῦμαι</span> <span class='ocrx_word' id='word_1_62' title='bbox 768 944 882 1005; x_wconf 84' lang='grc' dir='ltr'>τοῖς</span> <span class='ocrx_word' id='word_1_63' title='bbox 910 941 1322 1010; x_wconf 84' lang='grc' dir='ltr'>εύαγγελισταῖς</span> <span class='ocrx_word' id='word_1_64' title='bbox 1346 940 1511 995; x_wconf 82' lang='grc' dir='ltr'>αὐτοῦ</span> <span class='ocrx_word' id='word_1_65' title='bbox 1538 943 1633 996; x_wconf 73' lang='grc' dir='ltr'><strong>καὶ</strong></span> <span class='ocrx_word' id='word_1_66' title='bbox 1661 942 1797 995; x_wconf 89' lang='grc' dir='ltr'>ἀπο-</span> 
     </span>
    </p>
   </div>
   <div class='ocr_carea' id='block_1_12' title="bbox 197 1027 1793 1105">
    <p class='ocr_par' dir='ltr' id='par_1_12' title="bbox 197 1027 1793 1105">
     <span class='ocr_line' id='line_1_12' title="bbox 197 1027 1793 1105; baseline 0.002 -24"><span class='ocrx_word' id='word_1_67' title='bbox 197 1027 409 1092; x_wconf 81' lang='grc' dir='ltr'>στόλοις</span> <span class='ocrx_word' id='word_1_68' title='bbox 440 1030 732 1098; x_wconf 60' lang='grc' dir='ltr'>ὲπιφωνεῖν</span> <span class='ocrx_word' id='word_1_69' title='bbox 766 1030 828 1084; x_wconf 86' lang='grc' dir='ltr'><strong>τὸ</strong></span> <span class='ocrx_word' id='word_1_70' title='bbox 868 1030 1085 1102; x_wconf 78' lang='grc' dir='ltr'>πνεῦμα</span> <span class='ocrx_word' id='word_1_71' title='bbox 1120 1032 1182 1086; x_wconf 85' lang='grc' dir='ltr'><strong>τὸ</strong></span> <span class='ocrx_word' id='word_1_72' title='bbox 1216 1031 1554 1105; x_wconf 73' lang='grc' dir='ltr'>προφητικὸν</span> <span class='ocrx_word' id='word_1_73' title='bbox 1583 1030 1651 1084; x_wconf 79' lang='grc' dir='ltr'><strong>τὰ</strong></span> <span class='ocrx_word' id='word_1_74' title='bbox 1685 1030 1793 1085; x_wconf 87' lang='grc' dir='ltr'><strong>ἀπὸ</strong></span> 
     </span>
    </p>
   </div>
   <div class='ocr_carea' id='block_1_13' title="bbox 192 1119 1793 1196">
    <p class='ocr_par' dir='ltr' id='par_1_13' title="bbox 192 1119 1793 1196">
     <span class='ocr_line' id='line_1_13' title="bbox 192 1119 1793 1196; baseline 0 -22"><span class='ocrx_word' id='word_1_75' title='bbox 192 1119 316 1186; x_wconf 81' lang='grc' dir='ltr'>τοῦ,</span> <span class='ocrx_word' id='word_1_76' title='bbox 349 1140 368 1172; x_wconf 76' lang='grc' dir='ltr'><strong>ι</strong></span> <span class='ocrx_word' id='word_1_77' title='bbox 412 1121 707 1191; x_wconf 81' lang='grc' dir='ltr'>’1σχύσατε,</span> <span class='ocrx_word' id='word_1_78' title='bbox 738 1126 921 1196; x_wconf 86' lang='grc' dir='ltr'>χεῖρες</span> <span class='ocrx_word' id='word_1_79' title='bbox 955 1124 1255 1195; x_wconf 88' lang='grc' dir='ltr'>ἀνειμέναι,</span> <span class='ocrx_word' id='word_1_80' title='bbox 1283 1124 1377 1177; x_wconf 77' lang='grc' dir='ltr'>καὶ</span> <span class='ocrx_word' id='word_1_81' title='bbox 1396 1123 1597 1192; x_wconf 84' lang='grc' dir='ltr'>γόνατα</span> <span class='ocrx_word' id='word_1_82' title='bbox 1620 1138 1793 1193; x_wconf 88' lang='grc' dir='ltr'>παρα-</span> 
     </span>
    </p>
   </div>
   <div class='ocr_carea' id='block_1_14' title="bbox 193 1209 1787 1286">
    <p class='ocr_par' dir='ltr' id='par_1_14' title="bbox 193 1209 1787 1286">
     <span class='ocr_line' id='line_1_14' title="bbox 193 1209 1787 1286; baseline 0.001 -21"><span class='ocrx_word' id='word_1_83' title='bbox 193 1209 488 1282; x_wconf 81' lang='grc' dir='ltr'>λελυμένα.</span> <span class='ocrx_word' id='word_1_84' title='bbox 533 1232 551 1263; x_wconf 76' lang='grc' dir='ltr'><strong>ι</strong></span> <span class='ocrx_word' id='word_1_85' title='bbox 602 1213 757 1266; x_wconf 78' lang='grc' dir='ltr'>Ἐπεὶ</span> <span class='ocrx_word' id='word_1_86' title='bbox 789 1214 900 1286; x_wconf 81' lang='grc' dir='ltr'><strong>γὰρ</strong></span> <span class='ocrx_word' id='word_1_87' title='bbox 929 1214 1030 1279; x_wconf 73' lang='grc' dir='ltr'><strong>τὰς</strong></span> <span class='ocrx_word' id='word_1_88' title='bbox 1061 1218 1251 1286; x_wconf 86' lang='grc' dir='ltr'>χεῖρας</span> <span class='ocrx_word' id='word_1_89' title='bbox 1288 1216 1381 1269; x_wconf 79' lang='grc' dir='ltr'><strong>καί</strong></span> <span class='ocrx_word' id='word_1_90' title='bbox 1421 1214 1520 1278; x_wconf 84' lang='grc' dir='ltr'><strong>τὰς</strong></span> <span class='ocrx_word' id='word_1_91' title='bbox 1552 1231 1787 1286; x_wconf 85' lang='grc' dir='ltr'>πρακτι-</span> 
     </span>
    </p>
   </div>
   <div class='ocr_carea' id='block_1_15' title="bbox 190 1297 1788 1378">
    <p class='ocr_par' dir='ltr' id='par_1_15' title="bbox 190 1297 1788 1378">
     <span class='ocr_line' id='line_1_15' title="bbox 190 1297 1788 1378; baseline 0.003 -23"><span class='ocrx_word' id='word_1_92' title='bbox 190 1301 302 1365; x_wconf 75' lang='grc' dir='ltr'><strong>κάς</strong></span> <span class='ocrx_word' id='word_1_93' title='bbox 334 1302 594 1373; x_wconf 85' lang='grc' dir='ltr'>δυνάμεις</span> <span class='ocrx_word' id='word_1_94' title='bbox 622 1297 787 1369; x_wconf 79' lang='grc' dir='ltr'>οὗτοι,</span> <span class='ocrx_word' id='word_1_95' title='bbox 826 1304 925 1369; x_wconf 88' lang='grc' dir='ltr'><strong>τάς</strong></span> <span class='ocrx_word' id='word_1_96' title='bbox 957 1322 1016 1359; x_wconf 87' lang='grc' dir='ltr'><strong>τε</strong></span> <span class='ocrx_word' id='word_1_97' title='bbox 1065 1305 1253 1376; x_wconf 77' lang='grc' dir='ltr'>βάσεις</span> <span class='ocrx_word' id='word_1_98' title='bbox 1290 1307 1385 1360; x_wconf 74' lang='grc' dir='ltr'>καὶ</span> <span class='ocrx_word' id='word_1_99' title='bbox 1421 1306 1520 1378; x_wconf 82' lang='grc' dir='ltr'>τὴν</span> <span class='ocrx_word' id='word_1_100' title='bbox 1565 1306 1788 1378; x_wconf 79' lang='grc' dir='ltr'>πορείαν</span> 
     </span>
    </p>
   </div>
   <div class='ocr_carea' id='block_1_16' title="bbox 184 1392 1790 1470">
    <p class='ocr_par' dir='ltr' id='par_1_16' title="bbox 184 1392 1790 1470">
     <span class='ocr_line' id='line_1_16' title="bbox 184 1392 1790 1470; baseline 0.001 -21"><span class='ocrx_word' id='word_1_101' title='bbox 184 1392 304 1449; x_wconf 75' lang='grc' dir='ltr'><strong>ἀπὸ</strong></span> <span class='ocrx_word' id='word_1_102' title='bbox 355 1395 456 1466; x_wconf 89' lang='grc' dir='ltr'><strong>τῆς</strong></span> <span class='ocrx_word' id='word_1_103' title='bbox 506 1398 726 1468; x_wconf 79' lang='grc' dir='ltr'>μακρᾶς</span> <span class='ocrx_word' id='word_1_104' title='bbox 771 1398 1019 1470; x_wconf 87' lang='grc' dir='ltr'>περιόδου</span> <span class='ocrx_word' id='word_1_105' title='bbox 1049 1399 1151 1470; x_wconf 85' lang='grc' dir='ltr'><strong>τῆς</strong></span> <span class='ocrx_word' id='word_1_106' title='bbox 1197 1398 1339 1453; x_wconf 76' lang='grc' dir='ltr'>κατὰ</span> <span class='ocrx_word' id='word_1_107' title='bbox 1372 1398 1464 1453; x_wconf 89' lang='grc' dir='ltr'><strong>τὸν</strong></span> <span class='ocrx_word' id='word_1_108' title='bbox 1512 1400 1790 1462; x_wconf 84' lang='grc' dir='ltr'>Μωῦσὲως</span> 
     </span>
    </p>
   </div>
   <div class='ocr_carea' id='block_1_17' title="bbox 184 1480 1786 1561">
    <p class='ocr_par' dir='ltr' id='par_1_17' title="bbox 184 1480 1786 1561">
     <span class='ocr_line' id='line_1_17' title="bbox 184 1480 1786 1561; baseline 0.005 -27"><span class='ocrx_word' id='word_1_109' title='bbox 184 1480 357 1550; x_wconf 86' lang='grc' dir='ltr'>νόμον</span> <span class='ocrx_word' id='word_1_110' title='bbox 383 1481 638 1554; x_wconf 78' lang='grc' dir='ltr'>λατρείας</span> <span class='ocrx_word' id='word_1_111' title='bbox 670 1485 1031 1557; x_wconf 84' lang='grc' dir='ltr'>παρείθησαν,</span> <span class='ocrx_word' id='word_1_112' title='bbox 1053 1487 1337 1559; x_wconf 82' lang='grc' dir='ltr'>διεγείρων</span> <span class='ocrx_word' id='word_1_113' title='bbox 1359 1489 1556 1552; x_wconf 79' lang='grc' dir='ltr'>αὐτοὺς</span> <span class='ocrx_word' id='word_1_114' title='bbox 1575 1488 1668 1541; x_wconf 74' lang='grc' dir='ltr'><strong>ἐπὶ</strong></span> <span class='ocrx_word' id='word_1_115' title='bbox 1687 1490 1786 1561; x_wconf 84' lang='grc' dir='ltr'>τὴν</span> 
     </span>
    </p>
   </div>
   <div class='ocr_carea' id='block_1_18' title="bbox 186 1570 1783 1649">
    <p class='ocr_par' dir='ltr' id='par_1_18' title="bbox 186 1570 1783 1649">
     <span class='ocr_line' id='line_1_18' title="bbox 186 1570 1783 1649; baseline 0.004 -24"><span class='ocrx_word' id='word_1_116' title='bbox 186 1570 337 1626; x_wconf 88' lang='grc' dir='ltr'><strong>κατά</strong></span> <span class='ocrx_word' id='word_1_117' title='bbox 367 1570 429 1624; x_wconf 78' lang='grc' dir='ltr'><strong>τὸ</strong></span> <span class='ocrx_word' id='word_1_118' title='bbox 458 1572 790 1641; x_wconf 82' lang='grc' dir='ltr'>Εὑαγγέλιον</span> <span class='ocrx_word' id='word_1_119' title='bbox 847 1574 1161 1631; x_wconf 78' lang='grc' dir='ltr'>πολιτείανο</span> <span class='ocrx_word' id='word_1_120' title='bbox 1204 1596 1223 1628; x_wconf 76' lang='grc' dir='ltr'><strong>ι</strong></span> <span class='ocrx_word' id='word_1_121' title='bbox 1267 1576 1565 1648; x_wconf 86' lang='grc' dir='ltr'>’ῐσχύσατε,</span> <span class='ocrx_word' id='word_1_122' title='bbox 1627 1579 1783 1649; x_wconf 81' lang='grc' dir='ltr'>φησί,</span> 
     </span>
    </p>
   </div>
   <div class='ocr_carea' id='block_1_19' title="bbox 182 1665 1786 1740">
    <p class='ocr_par' dir='ltr' id='par_1_19' title="bbox 182 1665 1786 1740">
     <span class='ocr_line' id='line_1_19' title="bbox 182 1665 1786 1740; baseline 0.004 -23"><span class='ocrx_word' id='word_1_123' title='bbox 182 1666 376 1736; x_wconf 86' lang='grc' dir='ltr'>χεῖρες</span> <span class='ocrx_word' id='word_1_124' title='bbox 430 1665 738 1736; x_wconf 82' lang='grc' dir='ltr'>ἀνειμέναι,</span> <span class='ocrx_word' id='word_1_125' title='bbox 808 1666 904 1721; x_wconf 79' lang='grc' dir='ltr'>καὶ</span> <span class='ocrx_word' id='word_1_126' title='bbox 932 1667 1134 1736; x_wconf 89' lang='grc' dir='ltr'>γόνατα</span> <span class='ocrx_word' id='word_1_127' title='bbox 1167 1669 1609 1740; x_wconf 82' lang='grc' dir='ltr'>παραλελυμένα,</span> <span class='ocrx_word' id='word_1_128' title='bbox 1652 1691 1672 1723; x_wconf 71' lang='grc' dir='ltr'><strong>ι</strong></span> <span class='ocrx_word' id='word_1_129' title='bbox 1705 1672 1786 1734; x_wconf 88' lang='grc' dir='ltr'><strong>είς</strong></span> 
     </span>
    </p>
   </div>
   <div class='ocr_carea' id='block_1_20' title="bbox 1900 472 3480 537">
    <p class='ocr_par' dir='ltr' id='par_1_20' title="bbox 1900 472 3480 537">
     <span class='ocr_line' id='line_1_20' title="bbox 1900 472 3480 537; baseline -0.003 -1"><span class='ocrx_word' id='word_1_130' title='bbox 1900 480 2085 537; x_wconf 84' lang='lat' dir='ltr'><strong>omnia</strong></span> <span class='ocrx_word' id='word_1_131' title='bbox 2118 477 2372 534; x_wconf 81' lang='lat' dir='ltr'><strong>Salvator</strong></span> <span class='ocrx_word' id='word_1_132' title='bbox 2405 492 2470 532; x_wconf 91' lang='lat' dir='ltr'><strong>ac</strong></span> <span class='ocrx_word' id='word_1_133' title='bbox 2502 476 2766 532; x_wconf 78' lang='lat' dir='ltr'><strong>Dominus</strong></span> <span class='ocrx_word' id='word_1_134' title='bbox 2810 483 2999 531; x_wconf 90' lang='lat' dir='ltr'><strong>noster</strong></span> <span class='ocrx_word' id='word_1_135' title='bbox 3038 472 3198 531; x_wconf 68' lang='lat' dir='ltr'><strong>Iesus</strong></span> <span class='ocrx_word' id='word_1_136' title='bbox 3226 474 3480 532; x_wconf 81' lang='lat' dir='ltr'><strong>Christus</strong></span> 
     </span>
    </p>
   </div>
   <div class='ocr_carea' id='block_1_21' title="bbox 1899 567 3480 639">
    <p class='ocr_par' dir='ltr' id='par_1_21' title="bbox 1899 567 3480 639">
     <span class='ocr_line' id='line_1_21' title="bbox 1899 567 3480 639; baseline -0.003 -15"><span class='ocrx_word' id='word_1_137' title='bbox 1899 569 2300 625; x_wconf 79' lang='lat' dir='ltr'><strong>admirabiliter</strong></span> <span class='ocrx_word' id='word_1_138' title='bbox 2332 568 2608 639; x_wconf 65' lang='lat' dir='ltr'><strong>praestitit,</strong></span> <span class='ocrx_word' id='word_1_139' title='bbox 2648 574 2911 637; x_wconf 85' lang='lat' dir='ltr'><strong>tanquam</strong></span> <span class='ocrx_word' id='word_1_140' title='bbox 2962 567 3009 622; x_wconf 89' lang='lat' dir='ltr'><strong>is</strong></span> <span class='ocrx_word' id='word_1_141' title='bbox 3062 567 3156 637; x_wconf 88' lang='lat' dir='ltr'><strong>qui</strong></span> <span class='ocrx_word' id='word_1_142' title='bbox 3211 580 3374 621; x_wconf 88' lang='lat' dir='ltr'><strong>verus</strong></span> <span class='ocrx_word' id='word_1_143' title='bbox 3406 567 3480 622; x_wconf 88' lang='lat' dir='ltr'><strong>sit</strong></span> 
     </span>
    </p>
   </div>
   <div class='ocr_carea' id='block_1_22' title="bbox 1898 657 3477 728">
    <p class='ocr_par' dir='ltr' id='par_1_22' title="bbox 1898 657 3477 728">
     <span class='ocr_line' id='line_1_22' title="bbox 1898 657 3477 728; baseline -0.003 -12"><span class='ocrx_word' id='word_1_144' title='bbox 1898 661 2068 727; x_wconf 88' lang='lat' dir='ltr'><strong>Deus,</strong></span> <span class='ocrx_word' id='word_1_145' title='bbox 2099 670 2155 718; x_wconf 90' lang='lat' dir='ltr'><strong>et</strong></span> <span class='ocrx_word' id='word_1_146' title='bbox 2192 662 2308 717; x_wconf 71' lang='lat' dir='ltr'><strong>haec</strong></span> <span class='ocrx_word' id='word_1_147' title='bbox 2351 661 2537 715; x_wconf 86' lang='lat' dir='ltr'><strong>omnia</strong></span> <span class='ocrx_word' id='word_1_148' title='bbox 2577 660 2873 714; x_wconf 88' lang='lat' dir='ltr'><strong>multorum</strong></span> <span class='ocrx_word' id='word_1_149' title='bbox 2914 658 3247 725; x_wconf 89' lang='lat' dir='ltr'><strong>testimonio,</strong></span> <span class='ocrx_word' id='word_1_150' title='bbox 3281 658 3373 728; x_wconf 90' lang='lat' dir='ltr'><strong>qui</strong></span> <span class='ocrx_word' id='word_1_151' title='bbox 3406 657 3477 712; x_wconf 88' lang='lat' dir='ltr'><strong>il-</strong></span> 
     </span>
    </p>
   </div>
   <div class='ocr_carea' id='block_1_23' title="bbox 1898 750 3473 823">
    <p class='ocr_par' dir='ltr' id='par_1_23' title="bbox 1898 750 3473 823">
     <span class='ocr_line' id='line_1_23' title="bbox 1898 750 3473 823; baseline -0.001 -15"><span class='ocrx_word' id='word_1_152' title='bbox 1898 755 2010 809; x_wconf 91' lang='lat' dir='ltr'><strong>lum</strong></span> <span class='ocrx_word' id='word_1_153' title='bbox 2048 754 2103 809; x_wconf 89' lang='lat' dir='ltr'><strong>in</strong></span> <span class='ocrx_word' id='word_1_154' title='bbox 2141 761 2257 809; x_wconf 91' lang='lat' dir='ltr'><strong>toto</strong></span> <span class='ocrx_word' id='word_1_155' title='bbox 2289 755 2425 809; x_wconf 92' lang='lat' dir='ltr'><strong>orbe</strong></span> <span class='ocrx_word' id='word_1_156' title='bbox 2459 753 2843 823; x_wconf 70' lang='lat' dir='ltr'><strong>praedicarunt,</strong></span> <span class='ocrx_word' id='word_1_157' title='bbox 2889 750 3047 805; x_wconf 81' lang='lat' dir='ltr'><strong>[idem</strong></span> <span class='ocrx_word' id='word_1_158' title='bbox 3100 760 3473 822; x_wconf 87' lang='lat' dir='ltr'><strong>acceperunt:</strong></span> 
     </span>
    </p>
   </div>
   <div class='ocr_carea' id='block_1_24' title="bbox 1895 845 3479 918">
    <p class='ocr_par' dir='ltr' id='par_1_24' title="bbox 1895 845 3479 918">
     <span class='ocr_line' id='line_1_24' title="bbox 1895 845 3479 918; baseline -0.001 -16"><span class='ocrx_word' id='word_1_159' title='bbox 1895 862 2128 918; x_wconf 90' lang='lat' dir='ltr'><strong>quorum</strong></span> <span class='ocrx_word' id='word_1_160' title='bbox 2160 846 2459 902; x_wconf 84' lang='lat' dir='ltr'><strong>testimonii</strong></span> <span class='ocrx_word' id='word_1_161' title='bbox 2481 855 2535 900; x_wconf 92' lang='lat' dir='ltr'><strong>et</strong></span> <span class='ocrx_word' id='word_1_162' title='bbox 2562 845 2966 915; x_wconf 81' lang='lat' dir='ltr'><strong>simplicitatem</strong></span> <span class='ocrx_word' id='word_1_163' title='bbox 2992 851 3047 898; x_wconf 90' lang='lat' dir='ltr'><strong>et</strong></span> <span class='ocrx_word' id='word_1_164' title='bbox 3076 845 3354 897; x_wconf 81' lang='lat' dir='ltr'><strong>veritatem</strong></span> <span class='ocrx_word' id='word_1_165' title='bbox 3380 858 3479 900; x_wconf 75' lang='lat' dir='ltr'><strong>el-</strong></span> 
     </span>
    </p>
   </div>
   <div class='ocr_carea' id='block_1_25' title="bbox 1896 935 3476 1012">
    <p class='ocr_par' dir='ltr' id='par_1_25' title="bbox 1896 935 3476 1012">
     <span class='ocr_line' id='line_1_25' title="bbox 1896 935 3476 1012; baseline -0.003 -18"><span class='ocrx_word' id='word_1_166' title='bbox 1896 941 2130 1012; x_wconf 89' lang='lat' dir='ltr'><strong>ploratio</strong></span> <span class='ocrx_word' id='word_1_167' title='bbox 2164 954 2262 1009; x_wconf 85' lang='lat' dir='ltr'><strong>per</strong></span> <span class='ocrx_word' id='word_1_168' title='bbox 2301 946 2572 993; x_wconf 88' lang='lat' dir='ltr'><strong>tormenta</strong></span> <span class='ocrx_word' id='word_1_169' title='bbox 2604 935 2912 997; x_wconf 79' lang='lat' dir='ltr'><strong>conﬁrmat,</strong></span> <span class='ocrx_word' id='word_1_170' title='bbox 2942 943 2998 990; x_wconf 85' lang='lat' dir='ltr'><strong>et</strong></span> <span class='ocrx_word' id='word_1_171' title='bbox 3021 950 3195 1005; x_wconf 83' lang='lat' dir='ltr'><strong>usque</strong></span> <span class='ocrx_word' id='word_1_172' title='bbox 3226 936 3290 989; x_wconf 89' lang='lat' dir='ltr'><strong>ad</strong></span> <span class='ocrx_word' id='word_1_173' title='bbox 3327 950 3476 990; x_wconf 86' lang='lat' dir='ltr'><strong>mor-</strong></span> 
     </span>
    </p>
   </div>
   <div class='ocr_carea' id='block_1_26' title="bbox 1893 1027 3475 1099">
    <p class='ocr_par' dir='ltr' id='par_1_26' title="bbox 1893 1027 3475 1099">
     <span class='ocr_line' id='line_1_26' title="bbox 1893 1027 3475 1099; baseline -0.003 -12"><span class='ocrx_word' id='word_1_174' title='bbox 1893 1041 2003 1089; x_wconf 90' lang='lat' dir='ltr'><strong>tem</strong></span> <span class='ocrx_word' id='word_1_175' title='bbox 2036 1031 2284 1089; x_wconf 88' lang='lat' dir='ltr'><strong>certandi</strong></span> <span class='ocrx_word' id='word_1_176' title='bbox 2320 1027 2748 1099; x_wconf 88' lang='lat' dir='ltr'><strong>perseverantia,</strong></span> <span class='ocrx_word' id='word_1_177' title='bbox 2780 1042 2942 1095; x_wconf 89' lang='lat' dir='ltr'><strong>quam</strong></span> <span class='ocrx_word' id='word_1_178' title='bbox 2994 1028 3048 1081; x_wconf 89' lang='lat' dir='ltr'><strong>in</strong></span> <span class='ocrx_word' id='word_1_179' title='bbox 3089 1036 3385 1095; x_wconf 78' lang='lat' dir='ltr'><strong>conspectu</strong></span> <span class='ocrx_word' id='word_1_180' title='bbox 3418 1032 3475 1082; x_wconf 80' lang='lat' dir='ltr'><strong>et</strong></span> 
     </span>
    </p>
   </div>
   <div class='ocr_carea' id='block_1_27' title="bbox 1893 1118 3471 1196">
    <p class='ocr_par' dir='ltr' id='par_1_27' title="bbox 1893 1118 3471 1196">
     <span class='ocr_line' id='line_1_27' title="bbox 1893 1118 3471 1196; baseline -0.005 -16"><span class='ocrx_word' id='word_1_181' title='bbox 1893 1141 2105 1196; x_wconf 79' lang='lat' dir='ltr'><strong>regum,</strong></span> <span class='ocrx_word' id='word_1_182' title='bbox 2135 1132 2190 1179; x_wconf 91' lang='lat' dir='ltr'><strong>et</strong></span> <span class='ocrx_word' id='word_1_183' title='bbox 2236 1122 2566 1192; x_wconf 81' lang='lat' dir='ltr'><strong>principum,</strong></span> <span class='ocrx_word' id='word_1_184' title='bbox 2590 1127 2643 1174; x_wconf 85' lang='lat' dir='ltr'><strong>et</strong></span> <span class='ocrx_word' id='word_1_185' title='bbox 2674 1118 2965 1188; x_wconf 62' lang='lat' dir='ltr'><strong>praesidum</strong></span> <span class='ocrx_word' id='word_1_186' title='bbox 3014 1127 3068 1173; x_wconf 90' lang='lat' dir='ltr'><strong>et</strong></span> <span class='ocrx_word' id='word_1_187' title='bbox 3094 1119 3471 1172; x_wconf 82' lang='lat' dir='ltr'><strong>universarum</strong></span> 
     </span>
    </p>
   </div>
   <div class='ocr_carea' id='block_1_28' title="bbox 1891 1210 3468 1289">
    <p class='ocr_par' dir='ltr' id='par_1_28' title="bbox 1891 1210 3468 1289">
     <span class='ocr_line' id='line_1_28' title="bbox 1891 1210 3468 1289; baseline -0.004 -17"><span class='ocrx_word' id='word_1_188' title='bbox 1891 1216 2137 1289; x_wconf 77' lang='lat' dir='ltr'><strong>gentium</strong></span> <span class='ocrx_word' id='word_1_189' title='bbox 2198 1213 2590 1284; x_wconf 66' lang='lat' dir='ltr'><strong>praestiterunt,</strong></span> <span class='ocrx_word' id='word_1_190' title='bbox 2628 1212 2757 1267; x_wconf 87' lang='lat' dir='ltr'><strong>dum</strong></span> <span class='ocrx_word' id='word_1_191' title='bbox 2801 1225 3012 1274; x_wconf 87' lang='lat' dir='ltr'><strong>eorum,</strong></span> <span class='ocrx_word' id='word_1_192' title='bbox 3046 1225 3168 1280; x_wconf 65' lang='lat' dir='ltr'><strong>qua:</strong></span> <span class='ocrx_word' id='word_1_193' title='bbox 3220 1210 3288 1263; x_wconf 90' lang='lat' dir='ltr'><strong>ab</strong></span> <span class='ocrx_word' id='word_1_194' title='bbox 3333 1210 3468 1280; x_wconf 86' lang='lat' dir='ltr'><strong>ipsis</strong></span> 
     </span>
    </p>
   </div>
   <div class='ocr_carea' id='block_1_29' title="bbox 1893 1300 3469 1378">
    <p class='ocr_par' dir='ltr' id='par_1_29' title="bbox 1893 1300 3469 1378">
     <span class='ocr_line' id='line_1_29' title="bbox 1893 1300 3469 1378; baseline -0.003 -16"><span class='ocrx_word' id='word_1_195' title='bbox 1893 1305 2352 1378; x_wconf 67' lang='lat' dir='ltr'><strong>praedicabantur,</strong></span> <span class='ocrx_word' id='word_1_196' title='bbox 2405 1302 2623 1357; x_wconf 79' lang='lat' dir='ltr'><strong>veritati</strong></span> <span class='ocrx_word' id='word_1_197' title='bbox 2676 1302 2832 1357; x_wconf 82' lang='lat' dir='ltr'><strong>ﬁdem</strong></span> <span class='ocrx_word' id='word_1_198' title='bbox 2877 1302 2958 1357; x_wconf 92' lang='lat' dir='ltr'><strong>sic</strong></span> <span class='ocrx_word' id='word_1_199' title='bbox 3016 1300 3242 1355; x_wconf 80' lang='lat' dir='ltr'><strong>faciunt.</strong></span> <span class='ocrx_word' id='word_1_200' title='bbox 3297 1300 3469 1357; x_wconf 90' lang='lat' dir='ltr'><strong>Porro</strong></span> 
     </span>
    </p>
   </div>
   <div class='ocr_carea' id='block_1_30' title="bbox 1889 1393 3464 1466">
    <p class='ocr_par' dir='ltr' id='par_1_30' title="bbox 1889 1393 3464 1466">
     <span class='ocr_line' id='line_1_30' title="bbox 1889 1393 3464 1466; baseline -0.003 -13"><span class='ocrx_word' id='word_1_201' title='bbox 1889 1407 2073 1453; x_wconf 89' lang='lat' dir='ltr'><strong>autem</strong></span> <span class='ocrx_word' id='word_1_202' title='bbox 2092 1396 2158 1451; x_wconf 88' lang='lat' dir='ltr'><strong>ad</strong></span> <span class='ocrx_word' id='word_1_203' title='bbox 2186 1397 2288 1450; x_wconf 87' lang='lat' dir='ltr'><strong>hos</strong></span> <span class='ocrx_word' id='word_1_204' title='bbox 2314 1396 2465 1466; x_wconf 92' lang='lat' dir='ltr'><strong>ipsos</strong></span> <span class='ocrx_word' id='word_1_205' title='bbox 2483 1403 2536 1450; x_wconf 91' lang='lat' dir='ltr'><strong>et</strong></span> <span class='ocrx_word' id='word_1_206' title='bbox 2560 1395 2924 1464; x_wconf 77' lang='lat' dir='ltr'><strong>evangelistas</strong></span> <span class='ocrx_word' id='word_1_207' title='bbox 2947 1393 3066 1461; x_wconf 89' lang='lat' dir='ltr'><strong>ejus</strong></span> <span class='ocrx_word' id='word_1_208' title='bbox 3088 1401 3142 1447; x_wconf 88' lang='lat' dir='ltr'><strong>et</strong></span> <span class='ocrx_word' id='word_1_209' title='bbox 3167 1393 3464 1462; x_wconf 89' lang='lat' dir='ltr'><strong>apostolos,</strong></span> 
     </span>
    </p>
   </div>
   <div class='ocr_carea' id='block_1_31' title="bbox 1890 1484 3468 1561">
    <p class='ocr_par' dir='ltr' id='par_1_31' title="bbox 1890 1484 3468 1561">
     <span class='ocr_line' id='line_1_31' title="bbox 1890 1484 3468 1561; baseline -0.004 -15"><span class='ocrx_word' id='word_1_210' title='bbox 1890 1490 2143 1561; x_wconf 81' lang='lat' dir='ltr'><strong>Spiritum</strong></span> <span class='ocrx_word' id='word_1_211' title='bbox 2178 1487 2419 1542; x_wconf 83' lang='lat' dir='ltr'><strong>arbitror</strong></span> <span class='ocrx_word' id='word_1_212' title='bbox 2454 1485 2751 1539; x_wconf 88' lang='lat' dir='ltr'><strong>inclamare</strong></span> <span class='ocrx_word' id='word_1_213' title='bbox 2802 1484 3205 1554; x_wconf 88' lang='lat' dir='ltr'><strong>propheticum,</strong></span> <span class='ocrx_word' id='word_1_214' title='bbox 3252 1498 3315 1537; x_wconf 86' lang='lat' dir='ltr'><strong>ea</strong></span> <span class='ocrx_word' id='word_1_215' title='bbox 3346 1498 3468 1554; x_wconf 68' lang='lat' dir='ltr'><strong>qua:</strong></span> 
     </span>
    </p>
   </div>
   <div class='ocr_carea' id='block_1_32' title="bbox 1887 1573 3462 1652">
    <p class='ocr_par' dir='ltr' id='par_1_32' title="bbox 1887 1573 3462 1652">
     <span class='ocr_line' id='line_1_32' title="bbox 1887 1573 3462 1652; baseline -0.006 -13"><span class='ocrx_word' id='word_1_216' title='bbox 1887 1585 2146 1652; x_wconf 89' lang='lat' dir='ltr'><strong>deinceps</strong></span> <span class='ocrx_word' id='word_1_217' title='bbox 2175 1587 2503 1651; x_wconf 88' lang='lat' dir='ltr'><strong>sequuntur,</strong></span> <span class='ocrx_word' id='word_1_218' title='bbox 2537 1578 2607 1632; x_wconf 89' lang='lat' dir='ltr'><strong>ab</strong></span> <span class='ocrx_word' id='word_1_219' title='bbox 2658 1577 2750 1632; x_wconf 90' lang='lat' dir='ltr'><strong>illo</strong></span> <span class='ocrx_word' id='word_1_220' title='bbox 2788 1577 2910 1630; x_wconf 77' lang='lat' dir='ltr'><strong>loco</strong></span> <span class='ocrx_word' id='word_1_221' title='bbox 2941 1594 2955 1630; x_wconf 89' lang='lat'><strong>:</strong></span> <span class='ocrx_word' id='word_1_222' title='bbox 2993 1593 3011 1626; x_wconf 74' lang='grc' dir='ltr'><strong>ι</strong></span> <span class='ocrx_word' id='word_1_223' title='bbox 3063 1573 3462 1639; x_wconf 79' lang='lat' dir='ltr'><strong>Convalescite,</strong></span> 
     </span>
    </p>
   </div>
   <div class='ocr_carea' id='block_1_33' title="bbox 1886 1667 3464 1738">
    <p class='ocr_par' dir='ltr' id='par_1_33' title="bbox 1886 1667 3464 1738">
     <span class='ocr_line' id='line_1_33' title="bbox 1886 1667 3464 1738; baseline -0.004 -9"><span class='ocrx_word' id='word_1_224' title='bbox 1886 1689 2084 1730; x_wconf 88' lang='lat' dir='ltr'><strong>manus</strong></span> <span class='ocrx_word' id='word_1_225' title='bbox 2106 1674 2439 1730; x_wconf 67' lang='lat' dir='ltr'><strong>remissaa.et</strong></span> <span class='ocrx_word' id='word_1_226' title='bbox 2468 1685 2641 1733; x_wconf 70' lang='lat' dir='ltr'><strong>genua</strong></span> <span class='ocrx_word' id='word_1_227' title='bbox 2664 1670 2950 1724; x_wconf 91' lang='lat' dir='ltr'><strong>dissoluta.</strong></span> <span class='ocrx_word' id='word_1_228' title='bbox 2991 1687 3010 1719; x_wconf 72' lang='grc' dir='ltr'><strong>ι</strong></span> <span class='ocrx_word' id='word_1_229' title='bbox 3040 1667 3175 1721; x_wconf 83' lang='lat' dir='ltr'><strong>Nam</strong></span> <span class='ocrx_word' id='word_1_230' title='bbox 3206 1669 3464 1738; x_wconf 89' lang='lat' dir='ltr'><strong>quoniam</strong></span> 
     </span>
    </p>
   </div>
   <div class='ocr_carea' id='block_1_34' title="bbox 180 1753 1828 1832">
    <p class='ocr_par' dir='ltr' id='par_1_34' title="bbox 180 1753 1828 1832">
     <span class='ocr_line' id='line_1_34' title="bbox 180 1753 1828 1832; baseline 0.002 -24"><span class='ocrx_word' id='word_1_231' title='bbox 180 1755 508 1826; x_wconf 75' lang='grc' dir='ltr'>ἑτοιμασίαν</span> <span class='ocrx_word' id='word_1_232' title='bbox 541 1755 740 1830; x_wconf 77' lang='grc' dir='ltr'>δηλαδὴ</span> <span class='ocrx_word' id='word_1_233' title='bbox 772 1756 869 1811; x_wconf 81' lang='grc' dir='ltr'>τοῦ</span> <span class='ocrx_word' id='word_1_234' title='bbox 910 1757 1052 1812; x_wconf 88' lang='grc' dir='ltr'><strong>κατά</strong></span> <span class='ocrx_word' id='word_1_235' title='bbox 1092 1760 1153 1813; x_wconf 85' lang='grc' dir='ltr'><strong>τὸ</strong></span> <span class='ocrx_word' id='word_1_236' title='bbox 1201 1759 1530 1829; x_wconf 82' lang='grc' dir='ltr'>Εύαγγέλιον</span> <span class='ocrx_word' id='word_1_237' title='bbox 1557 1761 1777 1832; x_wconf 86' lang='grc' dir='ltr'>δρόμου.</span> <span class='ocrx_word' id='word_1_238' title='bbox 1814 1753 1828 1811; x_wconf 89' lang='grc' dir='ltr'><strong>Ι</strong></span> 
     </span>
    </p>
   </div>
   <div class='ocr_carea' id='block_1_35' title="bbox 1873 1753 3466 1832">
    <p class='ocr_par' dir='ltr' id='par_1_35' title="bbox 1885 1759 3466 1829">
     <span class='ocr_line' id='line_1_35' title="bbox 1885 1759 3466 1829; baseline -0.004 -9"><span class='ocrx_word' id='word_1_239' title='bbox 1885 1764 1939 1820; x_wconf 88' lang='lat' dir='ltr'><strong>hi</strong></span> <span class='ocrx_word' id='word_1_240' title='bbox 1968 1773 2022 1818; x_wconf 91' lang='lat' dir='ltr'><strong>et</strong></span> <span class='ocrx_word' id='word_1_241' title='bbox 2051 1762 2327 1824; x_wconf 89' lang='lat' dir='ltr'><strong>manibus,</strong></span> <span class='ocrx_word' id='word_1_242' title='bbox 2358 1772 2413 1817; x_wconf 88' lang='lat' dir='ltr'><strong>et</strong></span> <span class='ocrx_word' id='word_1_243' title='bbox 2437 1760 2646 1816; x_wconf 87' lang='lat' dir='ltr'><strong>viribus</strong></span> <span class='ocrx_word' id='word_1_244' title='bbox 2681 1774 2802 1828; x_wconf 57' lang='lat' dir='ltr'><strong>qua”:</strong></span> <span class='ocrx_word' id='word_1_245' title='bbox 2856 1760 2923 1813; x_wconf 89' lang='lat' dir='ltr'><strong>ad</strong></span> <span class='ocrx_word' id='word_1_246' title='bbox 2977 1759 3243 1829; x_wconf 77' lang='lat' dir='ltr'><strong>agendum</strong></span> <span class='ocrx_word' id='word_1_247' title='bbox 3298 1760 3466 1828; x_wconf 88' lang='lat' dir='ltr'><strong>perti-</strong></span> 
     </span>
    </p>
   </div>
   <div class='ocr_carea' id='block_1_36' title="bbox 190 1843 1781 1922">
    <p class='ocr_par' dir='ltr' id='par_1_36' title="bbox 190 1843 1781 1922">
     <span class='ocr_line' id='line_1_36' title="bbox 190 1843 1781 1922; baseline 0.004 -22"><span class='ocrx_word' id='word_1_248' title='bbox 190 1843 479 1918; x_wconf 80' lang='grc' dir='ltr'>ἰσχύσατε</span> <span class='ocrx_word' id='word_1_249' title='bbox 521 1847 579 1902; x_wconf 85' lang='grc' dir='ltr'>δὲ</span> <span class='ocrx_word' id='word_1_250' title='bbox 619 1850 714 1903; x_wconf 72' lang='grc' dir='ltr'><strong>καὶ</strong></span> <span class='ocrx_word' id='word_1_251' title='bbox 760 1849 842 1913; x_wconf 90' lang='grc' dir='ltr'><strong>εἰς</strong></span> <span class='ocrx_word' id='word_1_252' title='bbox 889 1850 952 1903; x_wconf 87' lang='grc' dir='ltr'><strong>τὸ</strong></span> <span class='ocrx_word' id='word_1_253' title='bbox 998 1851 1341 1921; x_wconf 79' lang='grc' dir='ltr'>παρακαλεῖν</span> <span class='ocrx_word' id='word_1_254' title='bbox 1384 1852 1635 1922; x_wconf 82' lang='grc' dir='ltr'>ἑτέρους,</span> <span class='ocrx_word' id='word_1_255' title='bbox 1688 1852 1781 1906; x_wconf 76' lang='grc' dir='ltr'>καὶ</span> 
     </span>
    </p>
   </div>
   <div class='ocr_carea' id='block_1_37' title="bbox 178 1939 1781 2016">
    <p class='ocr_par' dir='ltr' id='par_1_37' title="bbox 178 1939 1781 2016">
     <span class='ocr_line' id='line_1_37' title="bbox 178 1939 1781 2016; baseline 0.001 -21"><span class='ocrx_word' id='word_1_256' title='bbox 178 1940 480 2011; x_wconf 73' lang='grc' dir='ltr'>παρορμᾷν</span> <span class='ocrx_word' id='word_1_257' title='bbox 511 1939 727 2011; x_wconf 76' lang='grc' dir='ltr'>ἔχεσθαι</span> <span class='ocrx_word' id='word_1_258' title='bbox 758 1941 858 2014; x_wconf 86' lang='grc' dir='ltr'><strong>τῆς</strong></span> <span class='ocrx_word' id='word_1_259' title='bbox 887 1942 1247 2015; x_wconf 81' lang='grc' dir='ltr'>εύαγγελικῆς</span> <span class='ocrx_word' id='word_1_260' title='bbox 1294 1943 1587 2016; x_wconf 85' lang='grc' dir='ltr'>σωτηρίας,</span> <span class='ocrx_word' id='word_1_261' title='bbox 1622 1945 1781 2015; x_wconf 84' lang='grc' dir='ltr'>ὑμεῖς</span> 
     </span>
    </p>
   </div>
   <div class='ocr_carea' id='block_1_38' title="bbox 173 2033 1778 2112">
    <p class='ocr_par' dir='ltr' id='par_1_38' title="bbox 173 2033 1778 2112">
     <span class='ocr_line' id='line_1_38' title="bbox 173 2033 1778 2112; baseline 0.004 -26"><span class='ocrx_word' id='word_1_262' title='bbox 173 2034 230 2086; x_wconf 82' lang='grc' dir='ltr'><strong>οἰ</strong></span> <span class='ocrx_word' id='word_1_263' title='bbox 263 2033 329 2086; x_wconf 87' lang='grc' dir='ltr'><strong>τὸ</strong></span> <span class='ocrx_word' id='word_1_264' title='bbox 364 2034 494 2104; x_wconf 79' lang='grc' dir='ltr'>πρὶν</span> <span class='ocrx_word' id='word_1_265' title='bbox 525 2034 859 2105; x_wconf 77' lang='grc' dir='ltr'>όλιγόψυχοι,</span> <span class='ocrx_word' id='word_1_266' title='bbox 894 2037 989 2090; x_wconf 77' lang='grc' dir='ltr'>καὶ</span> <span class='ocrx_word' id='word_1_267' title='bbox 1027 2037 1099 2108; x_wconf 91' lang='grc' dir='ltr'><strong>μή</strong></span> <span class='ocrx_word' id='word_1_268' title='bbox 1132 2054 1217 2101; x_wconf 88' lang='grc' dir='ltr'><strong>τις</strong></span> <span class='ocrx_word' id='word_1_269' title='bbox 1250 2038 1394 2107; x_wconf 80' lang='grc' dir='ltr'>ὑμᾶς</span> <span class='ocrx_word' id='word_1_270' title='bbox 1425 2039 1650 2112; x_wconf 71' lang='grc' dir='ltr'>αίρείτω</span> <span class='ocrx_word' id='word_1_271' title='bbox 1679 2038 1778 2107; x_wconf 81' lang='grc' dir='ltr'>φό-</span> 
     </span>
    </p>
   </div>
   <div class='ocr_carea' id='block_1_39' title="bbox 174 2121 1776 2200">
    <p class='ocr_par' dir='ltr' id='par_1_39' title="bbox 174 2121 1776 2200">
     <span class='ocr_line' id='line_1_39' title="bbox 174 2121 1776 2200; baseline 0.002 -24"><span class='ocrx_word' id='word_1_272' title='bbox 174 2121 277 2187; x_wconf 73' lang='grc' dir='ltr'><strong>ϐος</strong></span> <span class='ocrx_word' id='word_1_273' title='bbox 305 2121 417 2176; x_wconf 86' lang='grc' dir='ltr'><strong>τῶν</strong></span> <span class='ocrx_word' id='word_1_274' title='bbox 450 2123 649 2191; x_wconf 69' lang='grc' dir='ltr'>ἔξωθεν</span> <span class='ocrx_word' id='word_1_275' title='bbox 682 2124 1090 2197; x_wconf 82' lang='grc' dir='ltr'>ἀνθισταμένων</span> <span class='ocrx_word' id='word_1_276' title='bbox 1120 2124 1204 2198; x_wconf 83' lang='grc' dir='ltr'>τῷ</span> <span class='ocrx_word' id='word_1_277' title='bbox 1236 2127 1574 2198; x_wconf 84' lang='grc' dir='ltr'>εὐαγγελικῷ</span> <span class='ocrx_word' id='word_1_278' title='bbox 1603 2126 1776 2200; x_wconf 88' lang='grc' dir='ltr'>κηρύ-</span> 
     </span>
    </p>
   </div>
   <div class='ocr_carea' id='block_1_40' title="bbox 173 2213 1774 2291">
    <p class='ocr_par' dir='ltr' id='par_1_40' title="bbox 173 2213 1774 2291">
     <span class='ocr_line' id='line_1_40' title="bbox 173 2213 1774 2291; baseline 0.004 -25"><span class='ocrx_word' id='word_1_279' title='bbox 173 2228 385 2284; x_wconf 75' lang='grc' dir='ltr'>γματι’</span> <span class='ocrx_word' id='word_1_280' title='bbox 436 2213 572 2269; x_wconf 86' lang='grc' dir='ltr'>ἀλλὰ</span> <span class='ocrx_word' id='word_1_281' title='bbox 615 2216 711 2269; x_wconf 76' lang='grc' dir='ltr'>καὶ</span> <span class='ocrx_word' id='word_1_282' title='bbox 762 2217 900 2288; x_wconf 84' lang='grc' dir='ltr'>πρὸς</span> <span class='ocrx_word' id='word_1_283' title='bbox 947 2216 1172 2281; x_wconf 76' lang='grc' dir='ltr'>τούτους</span> <span class='ocrx_word' id='word_1_284' title='bbox 1228 2218 1503 2287; x_wconf 87' lang='grc' dir='ltr'>ἰσχύσατε,</span> <span class='ocrx_word' id='word_1_285' title='bbox 1552 2220 1646 2273; x_wconf 78' lang='grc' dir='ltr'>καὶ</span> <span class='ocrx_word' id='word_1_286' title='bbox 1700 2219 1774 2291; x_wconf 80' lang='grc' dir='ltr'>μὴ</span> 
     </span>
    </p>
   </div>
   <div class='ocr_carea' id='block_1_41' title="bbox 173 2304 1775 2381">
    <p class='ocr_par' dir='ltr' id='par_1_41' title="bbox 173 2304 1775 2381">
     <span class='ocr_line' id='line_1_41' title="bbox 173 2304 1775 2381; baseline 0.004 -23"><span class='ocrx_word' id='word_1_287' title='bbox 173 2304 459 2373; x_wconf 74' lang='grc' dir='ltr'>φοϐεῖσθε.</span> <span class='ocrx_word' id='word_1_288' title='bbox 513 2306 647 2372; x_wconf 86' lang='grc' dir='ltr'>Θεὸς</span> <span class='ocrx_word' id='word_1_289' title='bbox 701 2308 810 2380; x_wconf 85' lang='grc' dir='ltr'><strong>γὰρ</strong></span> <span class='ocrx_word' id='word_1_290' title='bbox 859 2304 927 2381; x_wconf 82' lang='grc' dir='ltr'>ἦν</span> <span class='ocrx_word' id='word_1_291' title='bbox 982 2310 1077 2363; x_wconf 79' lang='grc' dir='ltr'>καὶ</span> <span class='ocrx_word' id='word_1_292' title='bbox 1134 2308 1270 2362; x_wconf 81' lang='grc' dir='ltr'>Θεοῦ</span> <span class='ocrx_word' id='word_1_293' title='bbox 1316 2310 1508 2379; x_wconf 86' lang='grc' dir='ltr'>Λόγος,</span> <span class='ocrx_word' id='word_1_294' title='bbox 1550 2309 1665 2363; x_wconf 82' lang='grc' dir='ltr'>ἀλλ’</span> <span class='ocrx_word' id='word_1_295' title='bbox 1713 2313 1775 2365; x_wconf 86' lang='grc' dir='ltr'><strong>ού</strong></span> 
     </span>
    </p>
   </div>
   <div class='ocr_carea' id='block_1_42' title="bbox 170 2398 1777 2473">
    <p class='ocr_par' dir='ltr' id='par_1_42' title="bbox 170 2398 1777 2473">
     <span class='ocr_line' id='line_1_42' title="bbox 170 2398 1777 2473; baseline 0.001 -21"><span class='ocrx_word' id='word_1_296' title='bbox 170 2398 411 2453; x_wconf 77' lang='grc' dir='ltr'>Μωῦσεῖ</span> <span class='ocrx_word' id='word_1_297' title='bbox 452 2416 538 2463; x_wconf 90' lang='grc' dir='ltr'><strong>τις</strong></span> <span class='ocrx_word' id='word_1_298' title='bbox 578 2401 977 2472; x_wconf 85' lang='grc' dir='ltr'>παραπλήσιος,</span> <span class='ocrx_word' id='word_1_299' title='bbox 1012 2399 1139 2454; x_wconf 79' lang='grc' dir='ltr'>οὐδέ</span> <span class='ocrx_word' id='word_1_300' title='bbox 1177 2417 1264 2464; x_wconf 90' lang='grc' dir='ltr'><strong>τις</strong></span> <span class='ocrx_word' id='word_1_301' title='bbox 1305 2404 1421 2465; x_wconf 87' lang='grc' dir='ltr'>τοῖς</span> <span class='ocrx_word' id='word_1_302' title='bbox 1469 2401 1777 2473; x_wconf 77' lang='grc' dir='ltr'>προφήταις</span> 
     </span>
    </p>
   </div>
   <div class='ocr_carea' id='block_1_43' title="bbox 167 2489 1772 2564">
    <p class='ocr_par' dir='ltr' id='par_1_43' title="bbox 167 2489 1772 2564">
     <span class='ocr_line' id='line_1_43' title="bbox 167 2489 1772 2564; baseline 0 -21"><span class='ocrx_word' id='word_1_303' title='bbox 167 2491 386 2561; x_wconf 84' lang='grc' dir='ltr'>ὅμοιος,</span> <span class='ocrx_word' id='word_1_304' title='bbox 411 2492 472 2545; x_wconf 84' lang='grc' dir='ltr'>οὐ</span> <span class='ocrx_word' id='word_1_305' title='bbox 506 2492 680 2563; x_wconf 88' lang='grc' dir='ltr'>μόνων</span> <span class='ocrx_word' id='word_1_306' title='bbox 705 2492 814 2546; x_wconf 81' lang='grc' dir='ltr'><strong>τῶν</strong></span> <span class='ocrx_word' id='word_1_307' title='bbox 841 2491 1157 2564; x_wconf 80' lang='grc' dir='ltr'>παραδόξων</span> <span class='ocrx_word' id='word_1_308' title='bbox 1189 2490 1419 2563; x_wconf 82' lang='grc' dir='ltr'>ποιητὴς</span> <span class='ocrx_word' id='word_1_309' title='bbox 1451 2489 1772 2561; x_wconf 86' lang='grc' dir='ltr'>θαυμάτων,</span> 
     </span>
    </p>
   </div>
   <div class='ocr_carea' id='block_1_44' title="bbox 167 2582 1775 2655">
    <p class='ocr_par' dir='ltr' id='par_1_44' title="bbox 167 2582 1775 2655">
     <span class='ocr_line' id='line_1_44' title="bbox 167 2582 1775 2655; baseline -0.001 -19"><span class='ocrx_word' id='word_1_310' title='bbox 167 2582 317 2636; x_wconf 82' lang='grc' dir='ltr'><strong>ἀλλά</strong></span> <span class='ocrx_word' id='word_1_311' title='bbox 342 2584 436 2637; x_wconf 76' lang='grc' dir='ltr'>καὶ</span> <span class='ocrx_word' id='word_1_312' title='bbox 462 2583 592 2655; x_wconf 85' lang='grc' dir='ltr'>ὑμῖν</span> <span class='ocrx_word' id='word_1_313' title='bbox 616 2585 798 2649; x_wconf 82' lang='grc' dir='ltr'>αὐτοῖς</span> <span class='ocrx_word' id='word_1_314' title='bbox 829 2584 931 2654; x_wconf 89' lang='grc' dir='ltr'><strong>τῆς</strong></span> <span class='ocrx_word' id='word_1_315' title='bbox 969 2583 1155 2654; x_wconf 83' lang='grc' dir='ltr'>ἰσχύος</span> <span class='ocrx_word' id='word_1_316' title='bbox 1187 2583 1427 2653; x_wconf 87' lang='grc' dir='ltr'>γεγονὼς</span> <span class='ocrx_word' id='word_1_317' title='bbox 1454 2583 1645 2647; x_wconf 77' lang='grc' dir='ltr'>αἴτιος.</span> <span class='ocrx_word' id='word_1_318' title='bbox 1676 2583 1775 2636; x_wconf 86' lang='grc' dir='ltr'><strong>Πί-</strong></span> 
     </span>
    </p>
   </div>
   <div class='ocr_carea' id='block_1_45' title="bbox 169 2674 1774 2748">
    <p class='ocr_par' dir='ltr' id='par_1_45' title="bbox 169 2674 1774 2748">
     <span class='ocr_line' id='line_1_45' title="bbox 169 2674 1774 2748; baseline -0.001 -19"><span class='ocrx_word' id='word_1_319' title='bbox 169 2690 297 2739; x_wconf 83' lang='grc' dir='ltr'>στις</span> <span class='ocrx_word' id='word_1_320' title='bbox 322 2674 368 2728; x_wconf 81' lang='grc' dir='ltr'>δ’</span> <span class='ocrx_word' id='word_1_321' title='bbox 398 2675 465 2729; x_wconf 78' lang='grc' dir='ltr'>ἂν</span> <span class='ocrx_word' id='word_1_322' title='bbox 511 2676 718 2744; x_wconf 87' lang='grc' dir='ltr'>γένοιτο</span> <span class='ocrx_word' id='word_1_323' title='bbox 757 2676 1128 2748; x_wconf 84' lang='grc' dir='ltr'>ὲναργεστάτη</span> <span class='ocrx_word' id='word_1_324' title='bbox 1170 2674 1273 2745; x_wconf 90' lang='grc' dir='ltr'><strong>τῆς</strong></span> <span class='ocrx_word' id='word_1_325' title='bbox 1304 2674 1398 2729; x_wconf 81' lang='grc' dir='ltr'>τοῦ</span> <span class='ocrx_word' id='word_1_326' title='bbox 1430 2692 1774 2747; x_wconf 84' lang='grc' dir='ltr'>προφητευο-</span> 
     </span>
    </p>
   </div>
   <div class='ocr_carea' id='block_1_46' title="bbox 170 2764 1770 2840">
    <p class='ocr_par' dir='ltr' id='par_1_46' title="bbox 170 2764 1770 2840">
     <span class='ocr_line' id='line_1_46' title="bbox 170 2764 1770 2840; baseline 0 -20"><span class='ocrx_word' id='word_1_327' title='bbox 170 2767 345 2838; x_wconf 85' lang='grc' dir='ltr'>μένου</span> <span class='ocrx_word' id='word_1_328' title='bbox 377 2767 632 2840; x_wconf 78' lang='grc' dir='ltr'>Σωτῆρος</span> <span class='ocrx_word' id='word_1_329' title='bbox 669 2768 829 2839; x_wconf 79' lang='grc' dir='ltr'>ἡμῶν</span> <span class='ocrx_word' id='word_1_330' title='bbox 862 2768 1044 2823; x_wconf 74' lang='grc' dir='ltr'>ἐνθέου</span> <span class='ocrx_word' id='word_1_331' title='bbox 1092 2768 1393 2839; x_wconf 89' lang='grc' dir='ltr'>δυνάμεως,</span> <span class='ocrx_word' id='word_1_332' title='bbox 1424 2767 1492 2820; x_wconf 83' lang='grc' dir='ltr'><strong>δι’</strong></span> <span class='ocrx_word' id='word_1_333' title='bbox 1528 2764 1598 2840; x_wconf 84' lang='grc' dir='ltr'><strong>ἧς</strong></span> <span class='ocrx_word' id='word_1_334' title='bbox 1635 2767 1770 2840; x_wconf 89' lang='grc' dir='ltr'>ἀλη-</span> 
     </span>
    </p>
   </div>
   <div class='ocr_carea' id='block_1_47' title="bbox 166 2857 1771 2931">
    <p class='ocr_par' dir='ltr' id='par_1_47' title="bbox 166 2857 1771 2931">
     <span class='ocr_line' id='line_1_47' title="bbox 166 2857 1771 2931; baseline -0.001 -18"><span class='ocrx_word' id='word_1_335' title='bbox 166 2858 287 2922; x_wconf 81' lang='grc' dir='ltr'>θῶς</span> <span class='ocrx_word' id='word_1_336' title='bbox 335 2859 543 2929; x_wconf 77' lang='grc' dir='ltr'>χωλοὺς</span> <span class='ocrx_word' id='word_1_337' title='bbox 589 2860 681 2912; x_wconf 76' lang='grc' dir='ltr'>καὶ</span> <span class='ocrx_word' id='word_1_338' title='bbox 734 2858 987 2927; x_wconf 78' lang='grc' dir='ltr'>τυφλοὺς,</span> <span class='ocrx_word' id='word_1_339' title='bbox 1032 2860 1126 2914; x_wconf 82' lang='grc' dir='ltr'>καὶ</span> <span class='ocrx_word' id='word_1_340' title='bbox 1167 2857 1425 2931; x_wconf 77' lang='grc' dir='ltr'>λεπροὺς,</span> <span class='ocrx_word' id='word_1_341' title='bbox 1485 2859 1578 2911; x_wconf 75' lang='grc' dir='ltr'>καὶ</span> <span class='ocrx_word' id='word_1_342' title='bbox 1630 2875 1771 2929; x_wconf 88' lang='grc' dir='ltr'>παρ-</span> 
     </span>
    </p>
   </div>
   <div class='ocr_carea' id='block_1_48' title="bbox 165 2949 1768 3024">
    <p class='ocr_par' dir='ltr' id='par_1_48' title="bbox 165 2949 1768 3024">
     <span class='ocr_line' id='line_1_48' title="bbox 165 2949 1768 3024; baseline 0 -20"><span class='ocrx_word' id='word_1_343' title='bbox 165 2949 430 3020; x_wconf 80' lang='grc' dir='ltr'>ειμένους</span> <span class='ocrx_word' id='word_1_344' title='bbox 478 2952 665 3006; x_wconf 87' lang='grc' dir='ltr'>ίάσατό</span> <span class='ocrx_word' id='word_1_345' title='bbox 720 2969 853 3006; x_wconf 89' lang='grc' dir='ltr'>ποτε</span> <span class='ocrx_word' id='word_1_346' title='bbox 908 2951 1079 3024; x_wconf 84' lang='grc' dir='ltr'>λόγῳ,</span> <span class='ocrx_word' id='word_1_347' title='bbox 1131 2950 1276 3005; x_wconf 85' lang='grc' dir='ltr'><strong>κατά</strong></span> <span class='ocrx_word' id='word_1_348' title='bbox 1328 2950 1429 3015; x_wconf 81' lang='grc' dir='ltr'>τὰς</span> <span class='ocrx_word' id='word_1_349' title='bbox 1480 2952 1609 3024; x_wconf 88' lang='grc' dir='ltr'><strong>περί</strong></span> <span class='ocrx_word' id='word_1_350' title='bbox 1668 2952 1768 3005; x_wconf 87' lang='grc' dir='ltr'><strong>αὐ-</strong></span> 
     </span>
    </p>
   </div>
   <div class='ocr_carea' id='block_1_49' title="bbox 162 3041 1768 3117">
    <p class='ocr_par' dir='ltr' id='par_1_49' title="bbox 162 3041 1768 3117">
     <span class='ocr_line' id='line_1_49' title="bbox 162 3041 1768 3117; baseline 0.001 -20"><span class='ocrx_word' id='word_1_351' title='bbox 162 3041 266 3097; x_wconf 71' lang='grc' dir='ltr'>τοῦ</span> <span class='ocrx_word' id='word_1_352' title='bbox 304 3042 563 3115; x_wconf 77' lang='grc' dir='ltr'>Γραφὰς,</span> <span class='ocrx_word' id='word_1_353' title='bbox 616 3047 651 3116; x_wconf 86' lang='grc' dir='ltr'><strong>ή</strong></span> <span class='ocrx_word' id='word_1_354' title='bbox 702 3047 798 3099; x_wconf 74' lang='grc' dir='ltr'>καὶ</span> <span class='ocrx_word' id='word_1_355' title='bbox 841 3043 1008 3098; x_wconf 89' lang='grc' dir='ltr'>εἰσέτι</span> <span class='ocrx_word' id='word_1_356' title='bbox 1068 3042 1161 3097; x_wconf 79' lang='grc' dir='ltr'><strong>νῦν</strong></span> <span class='ocrx_word' id='word_1_357' title='bbox 1216 3042 1582 3117; x_wconf 78' lang='grc' dir='ltr'>ἐνεργουμένη</span> <span class='ocrx_word' id='word_1_358' title='bbox 1630 3041 1768 3115; x_wconf 85' lang='grc' dir='ltr'>πρὸς</span> 
     </span>
    </p>
   </div>
   <div class='ocr_carea' id='block_1_50' title="bbox 160 3097 1835 3208">
    <p class='ocr_par' dir='ltr' id='par_1_50' title="bbox 160 3097 1835 3208">
     <span class='ocr_line' id='line_1_50' title="bbox 160 3097 1835 3208; baseline -0.005 -15"><span class='ocrx_word' id='word_1_359' title='bbox 160 3133 276 3207; x_wconf 80' lang='grc' dir='ltr'><strong>τῆς</strong></span> <span class='ocrx_word' id='word_1_360' title='bbox 325 3097 797 3208; x_wconf 50' lang='grc' dir='ltr'>αὐτοῦ-θεότητος</span> <span class='ocrx_word' id='word_1_361' title='bbox 848 3135 1148 3206; x_wconf 81' lang='grc' dir='ltr'>καθ’δλης</span> <span class='ocrx_word' id='word_1_362' title='bbox 1191 3097 1647 3205; x_wconf 46' lang='grc' dir='ltr'>τῆςιάνθρώπὸυν</span> <span class='ocrx_word' id='word_1_363' title='bbox 1676 3097 1768 3187; x_wconf 50' lang='grc' dir='ltr'>ὀίί</span> <span class='ocrx_word' id='word_1_364' title='bbox 1793 3097 1835 3155; x_wconf 79' lang='lat' dir='ltr'><strong><em>C</em></strong></span> 
     </span>
    </p>
   </div>
   <div class='ocr_carea' id='block_1_51' title="bbox 162 3222 1768 3299">
    <p class='ocr_par' dir='ltr' id='par_1_51' title="bbox 162 3222 1768 3299">
     <span class='ocr_line' id='line_1_51' title="bbox 162 3222 1768 3299; baseline -0.002 -20"><span class='ocrx_word' id='word_1_365' title='bbox 162 3226 450 3297; x_wconf 84' lang='grc' dir='ltr'>κουμένης</span> <span class='ocrx_word' id='word_1_366' title='bbox 493 3226 661 3298; x_wconf 82' lang='grc' dir='ltr'>ἀρετὴ</span> <span class='ocrx_word' id='word_1_367' title='bbox 689 3266 705 3290; x_wconf 90' lang='grc'><strong>,</strong></span> <span class='ocrx_word' id='word_1_368' title='bbox 756 3226 823 3280; x_wconf 90' lang='grc' dir='ltr'><strong>δι’</strong></span> <span class='ocrx_word' id='word_1_369' title='bbox 863 3222 933 3299; x_wconf 80' lang='grc' dir='ltr'>ἧς</span> <span class='ocrx_word' id='word_1_370' title='bbox 984 3226 1170 3289; x_wconf 80' lang='grc' dir='ltr'>αὐτοῖς</span> <span class='ocrx_word' id='word_1_371' title='bbox 1225 3223 1410 3296; x_wconf 76' lang='grc' dir='ltr'>ἔργοις</span> <span class='ocrx_word' id='word_1_372' title='bbox 1448 3224 1632 3287; x_wconf 85' lang='grc' dir='ltr'>ὁποῖός</span> <span class='ocrx_word' id='word_1_373' title='bbox 1683 3240 1768 3287; x_wconf 91' lang='grc' dir='ltr'><strong>τις</strong></span> 
     </span>
    </p>
   </div>
   <div class='ocr_carea' id='block_1_52' title="bbox 162 3310 1763 3387">
    <p class='ocr_par' dir='ltr' id='par_1_52' title="bbox 162 3310 1763 3387">
     <span class='ocr_line' id='line_1_52' title="bbox 162 3310 1763 3387; baseline -0.001 -20"><span class='ocrx_word' id='word_1_374' title='bbox 162 3310 241 3385; x_wconf 80' lang='grc' dir='ltr'>ἦν</span> <span class='ocrx_word' id='word_1_375' title='bbox 287 3316 386 3369; x_wconf 77' lang='grc' dir='ltr'>καὶ</span> <span class='ocrx_word' id='word_1_376' title='bbox 436 3315 589 3378; x_wconf 84' lang='grc' dir='ltr'>τότε,</span> <span class='ocrx_word' id='word_1_377' title='bbox 640 3318 753 3381; x_wconf 89' lang='grc' dir='ltr'>τοῖς</span> <span class='ocrx_word' id='word_1_378' title='bbox 803 3316 935 3380; x_wconf 80' lang='grc' dir='ltr'>οἵοις</span> <span class='ocrx_word' id='word_1_379' title='bbox 985 3332 1046 3369; x_wconf 80' lang='grc' dir='ltr'><strong>τε</strong></span> <span class='ocrx_word' id='word_1_380' title='bbox 1094 3316 1324 3387; x_wconf 83' lang='grc' dir='ltr'>συνορᾷν</span> <span class='ocrx_word' id='word_1_381' title='bbox 1368 3313 1763 3367; x_wconf 67' lang='grc' dir='ltr'>ὲπιδείκνυταν</span> 
     </span>
    </p>
   </div>
   <div class='ocr_carea' id='block_1_53' title="bbox 162 3404 1767 3478">
    <p class='ocr_par' dir='ltr' id='par_1_53' title="bbox 162 3404 1767 3478">
     <span class='ocr_line' id='line_1_53' title="bbox 162 3404 1767 3478; baseline 0 -20"><span class='ocrx_word' id='word_1_382' title='bbox 162 3406 260 3459; x_wconf 75' lang='grc' dir='ltr'>ὅτε</span> <span class='ocrx_word' id='word_1_383' title='bbox 287 3405 384 3459; x_wconf 81' lang='grc' dir='ltr'>καὶ</span> <span class='ocrx_word' id='word_1_384' title='bbox 408 3406 501 3459; x_wconf 77' lang='grc' dir='ltr'><strong>ἐπὶ</strong></span> <span class='ocrx_word' id='word_1_385' title='bbox 518 3406 794 3470; x_wconf 82' lang='grc' dir='ltr'>τοσούτοις</span> <span class='ocrx_word' id='word_1_386' title='bbox 818 3407 958 3478; x_wconf 83' lang='grc' dir='ltr'>μετὰ</span> <span class='ocrx_word' id='word_1_387' title='bbox 976 3405 1153 3461; x_wconf 80' lang='grc' dir='ltr'>ταῦτα</span> <span class='ocrx_word' id='word_1_388' title='bbox 1180 3405 1394 3477; x_wconf 90' lang='grc' dir='ltr'>χρόνοις</span> <span class='ocrx_word' id='word_1_389' title='bbox 1420 3404 1651 3478; x_wconf 86' lang='grc' dir='ltr'>διαρκὴς</span> <span class='ocrx_word' id='word_1_390' title='bbox 1671 3405 1767 3459; x_wconf 76' lang='grc' dir='ltr'>καὶ</span> 
     </span>
    </p>
   </div>
   <div class='ocr_carea' id='block_1_54' title="bbox 163 3498 1765 3574">
    <p class='ocr_par' dir='ltr' id='par_1_54' title="bbox 163 3498 1765 3574">
     <span class='ocr_line' id='line_1_54' title="bbox 163 3498 1765 3574; baseline 0.001 -20"><span class='ocrx_word' id='word_1_391' title='bbox 163 3498 460 3569; x_wconf 83' lang='grc' dir='ltr'>ἀνίκητος,</span> <span class='ocrx_word' id='word_1_392' title='bbox 502 3500 593 3553; x_wconf 63' lang='grc' dir='ltr'>καὶ</span> <span class='ocrx_word' id='word_1_393' title='bbox 635 3500 711 3564; x_wconf 84' lang='grc' dir='ltr'>ὼς</span> <span class='ocrx_word' id='word_1_394' title='bbox 738 3500 956 3574; x_wconf 80' lang='grc' dir='ltr'>ἀληθῶς</span> <span class='ocrx_word' id='word_1_395' title='bbox 981 3499 1117 3554; x_wconf 81' lang='grc' dir='ltr'>Θεοῦ</span> <span class='ocrx_word' id='word_1_396' title='bbox 1146 3501 1337 3570; x_wconf 87' lang='grc' dir='ltr'>Λόγος,</span> <span class='ocrx_word' id='word_1_397' title='bbox 1369 3502 1398 3554; x_wconf 89' lang='grc' dir='ltr'><strong>ό</strong></span> <span class='ocrx_word' id='word_1_398' title='bbox 1427 3501 1564 3573; x_wconf 89' lang='grc' dir='ltr'>πρὸς</span> <span class='ocrx_word' id='word_1_399' title='bbox 1600 3502 1765 3556; x_wconf 82' lang='grc' dir='ltr'>αὑτοῦ</span> 
     </span>
    </p>
   </div>
   <div class='ocr_carea' id='block_1_55' title="bbox 165 3589 1766 3664">
    <p class='ocr_par' dir='ltr' id='par_1_55' title="bbox 165 3589 1766 3664">
     <span class='ocr_line' id='line_1_55' title="bbox 165 3589 1766 3664; baseline 0 -18"><span class='ocrx_word' id='word_1_400' title='bbox 165 3589 570 3660; x_wconf 77' lang='grc' dir='ltr'>καταγγελθεὶς</span> <span class='ocrx_word' id='word_1_401' title='bbox 606 3591 1008 3656; x_wconf 75' lang='grc' dir='ltr'>ἀποδείκνυται,</span> <span class='ocrx_word' id='word_1_402' title='bbox 1045 3591 1257 3656; x_wconf 85' lang='grc' dir='ltr'>πάντας</span> <span class='ocrx_word' id='word_1_403' title='bbox 1290 3592 1766 3664; x_wconf 80' lang='grc' dir='ltr'>ὑπερὸαλλόμενος</span> 
     </span>
    </p>
   </div>
   <div class='ocr_carea' id='block_1_56' title="bbox 163 3680 1763 3754">
    <p class='ocr_par' dir='ltr' id='par_1_56' title="bbox 163 3680 1763 3754">
     <span class='ocr_line' id='line_1_56' title="bbox 163 3680 1763 3754; baseline 0.001 -18"><span class='ocrx_word' id='word_1_404' title='bbox 163 3682 303 3745; x_wconf 74' lang='grc' dir='ltr'>τοὺς</span> <span class='ocrx_word' id='word_1_405' title='bbox 331 3680 571 3754; x_wconf 82' lang='grc' dir='ltr'>ἀρχῆθεν</span> <span class='ocrx_word' id='word_1_406' title='bbox 599 3683 694 3735; x_wconf 79' lang='grc' dir='ltr'>καὶ</span> <span class='ocrx_word' id='word_1_407' title='bbox 726 3680 891 3753; x_wconf 85' lang='grc' dir='ltr'>μέχρι</span> <span class='ocrx_word' id='word_1_408' title='bbox 919 3681 1013 3735; x_wconf 78' lang='grc' dir='ltr'>τοῦ</span> <span class='ocrx_word' id='word_1_409' title='bbox 1044 3681 1141 3736; x_wconf 83' lang='grc' dir='ltr'>νῦν</span> <span class='ocrx_word' id='word_1_410' title='bbox 1170 3682 1269 3753; x_wconf 84' lang='grc' dir='ltr'>τὴν</span> <span class='ocrx_word' id='word_1_411' title='bbox 1290 3682 1639 3737; x_wconf 86' lang='grc' dir='ltr'>διδασκαλίαν</span> <span class='ocrx_word' id='word_1_412' title='bbox 1663 3683 1763 3737; x_wconf 85' lang='grc' dir='ltr'><strong>αὑ-</strong></span> 
     </span>
    </p>
   </div>
   <div class='ocr_carea' id='block_1_57' title="bbox 164 3769 1765 3848">
    <p class='ocr_par' dir='ltr' id='par_1_57' title="bbox 164 3769 1765 3848">
     <span class='ocr_line' id='line_1_57' title="bbox 164 3769 1765 3848; baseline 0.002 -23"><span class='ocrx_word' id='word_1_413' title='bbox 164 3769 270 3825; x_wconf 80' lang='grc' dir='ltr'><strong>τοῦ</strong></span> <span class='ocrx_word' id='word_1_414' title='bbox 300 3770 559 3842; x_wconf 85' lang='grc' dir='ltr'>πολεμεῖν</span> <span class='ocrx_word' id='word_1_415' title='bbox 589 3773 1165 3845; x_wconf 83' lang='grc' dir='ltr'>παρεσκευασμένους,</span> <span class='ocrx_word' id='word_1_416' title='bbox 1209 3773 1267 3841; x_wconf 74' lang='grc' dir='ltr'><strong>ἐξ</strong></span> <span class='ocrx_word' id='word_1_417' title='bbox 1303 3775 1521 3847; x_wconf 86' lang='grc' dir='ltr'>ἀπάσης</span> <span class='ocrx_word' id='word_1_418' title='bbox 1560 3793 1619 3829; x_wconf 90' lang='grc' dir='ltr'><strong>τε</strong></span> <span class='ocrx_word' id='word_1_419' title='bbox 1664 3776 1765 3848; x_wconf 84' lang='grc' dir='ltr'><strong>τῆς</strong></span> 
     </span>
    </p>
   </div>
   <div class='ocr_carea' id='block_1_58' title="bbox 164 3862 1765 3939">
    <p class='ocr_par' dir='ltr' id='par_1_58' title="bbox 164 3862 1765 3939">
     <span class='ocr_line' id='line_1_58' title="bbox 164 3862 1765 3939; baseline 0.004 -24"><span class='ocrx_word' id='word_1_420' title='bbox 164 3862 505 3935; x_wconf 61' lang='grc' dir='ltr'>οἰκοιιμένης</span> <span class='ocrx_word' id='word_1_421' title='bbox 534 3862 879 3935; x_wconf 80' lang='grc' dir='ltr'>ὑπαγόμενος</span> <span class='ocrx_word' id='word_1_422' title='bbox 905 3863 1082 3936; x_wconf 79' lang='grc' dir='ltr'>ἑαυτῷ</span> <span class='ocrx_word' id='word_1_423' title='bbox 1112 3864 1281 3937; x_wconf 84' lang='grc' dir='ltr'>μυρία</span> <span class='ocrx_word' id='word_1_424' title='bbox 1310 3864 1509 3939; x_wconf 83' lang='grc' dir='ltr'>πλήθη,</span> <span class='ocrx_word' id='word_1_425' title='bbox 1536 3867 1631 3922; x_wconf 77' lang='grc' dir='ltr'>καὶ</span> <span class='ocrx_word' id='word_1_426' title='bbox 1658 3868 1765 3922; x_wconf 86' lang='grc' dir='ltr'>πά-</span> 
     </span>
    </p>
   </div>
   <div class='ocr_carea' id='block_1_59' title="bbox 168 3954 1764 4028">
    <p class='ocr_par' dir='ltr' id='par_1_59' title="bbox 168 3954 1764 4028">
     <span class='ocr_line' id='line_1_59' title="bbox 168 3954 1764 4028; baseline 0.004 -21"><span class='ocrx_word' id='word_1_427' title='bbox 168 3971 277 4025; x_wconf 80' lang='grc' dir='ltr'><strong>σης</strong></span> <span class='ocrx_word' id='word_1_428' title='bbox 309 3955 410 4025; x_wconf 79' lang='grc' dir='ltr'>μὲν</span> <span class='ocrx_word' id='word_1_429' title='bbox 435 3954 711 4026; x_wconf 82' lang='grc' dir='ltr'>ἁμαρτίας</span> <span class='ocrx_word' id='word_1_430' title='bbox 743 3955 970 4009; x_wconf 79' lang='grc' dir='ltr'>καὶτῶν</span> <span class='ocrx_word' id='word_1_431' title='bbox 997 3955 1138 4010; x_wconf 86' lang='grc' dir='ltr'><strong>κατά</strong></span> <span class='ocrx_word' id='word_1_432' title='bbox 1164 3956 1343 4028; x_wconf 78' lang='grc' dir='ltr'>ψυχὴν</span> <span class='ocrx_word' id='word_1_433' title='bbox 1370 3956 1559 4011; x_wconf 82' lang='grc' dir='ltr'>παθῶν</span> <span class='ocrx_word' id='word_1_434' title='bbox 1581 3975 1641 4012; x_wconf 86' lang='grc' dir='ltr'><strong>τε</strong></span> <span class='ocrx_word' id='word_1_435' title='bbox 1670 3959 1764 4014; x_wconf 76' lang='grc' dir='ltr'><strong>καὶ</strong></span> 
     </span>
    </p>
   </div>
   <div class='ocr_carea' id='block_1_60' title="bbox 165 4046 1763 4119">
    <p class='ocr_par' dir='ltr' id='par_1_60' title="bbox 165 4046 1763 4119">
     <span class='ocr_line' id='line_1_60' title="bbox 165 4046 1763 4119; baseline 0.003 -18"><span class='ocrx_word' id='word_1_436' title='bbox 165 4047 499 4117; x_wconf 85' lang='grc' dir='ltr'>νοσημάτων</span> <span class='ocrx_word' id='word_1_437' title='bbox 534 4048 661 4111; x_wconf 79' lang='grc' dir='ltr'>τοὺς</span> <span class='ocrx_word' id='word_1_438' title='bbox 695 4046 847 4118; x_wconf 82' lang='grc' dir='ltr'>αὐτῷ</span> <span class='ocrx_word' id='word_1_439' title='bbox 883 4047 1208 4119; x_wconf 88' lang='grc' dir='ltr'>προσιόντας</span> <span class='ocrx_word' id='word_1_440' title='bbox 1246 4047 1629 4115; x_wconf 84' lang='grc' dir='ltr'>ἀπαλλάσσων,</span> <span class='ocrx_word' id='word_1_441' title='bbox 1670 4051 1763 4105; x_wconf 74' lang='grc' dir='ltr'><strong>ἐπὶ</strong></span> 
     </span>
    </p>
   </div>
   <div class='ocr_carea' id='block_1_61' title="bbox 163 4139 1761 4214">
    <p class='ocr_par' dir='ltr' id='par_1_61' title="bbox 163 4139 1761 4214">
     <span class='ocr_line' id='line_1_61' title="bbox 163 4139 1761 4214; baseline 0.003 -22"><span class='ocrx_word' id='word_1_442' title='bbox 163 4139 226 4193; x_wconf 82' lang='grc' dir='ltr'>δὲ</span> <span class='ocrx_word' id='word_1_443' title='bbox 255 4140 358 4211; x_wconf 83' lang='grc' dir='ltr'>τὴν</span> <span class='ocrx_word' id='word_1_444' title='bbox 382 4139 583 4210; x_wconf 81' lang='grc' dir='ltr'>εὐσεϐῆ</span> <span class='ocrx_word' id='word_1_445' title='bbox 609 4139 957 4195; x_wconf 83' lang='grc' dir='ltr'>διδασκαλίαν</span> <span class='ocrx_word' id='word_1_446' title='bbox 981 4140 1147 4195; x_wconf 78' lang='grc' dir='ltr'>αὑτοῦ</span> <span class='ocrx_word' id='word_1_447' title='bbox 1177 4141 1285 4194; x_wconf 77' lang='grc' dir='ltr'><strong>πᾶν</strong></span> <span class='ocrx_word' id='word_1_448' title='bbox 1307 4141 1463 4209; x_wconf 85' lang='grc' dir='ltr'>γένος</span> <span class='ocrx_word' id='word_1_449' title='bbox 1496 4140 1761 4214; x_wconf 78' lang='grc' dir='ltr'>Ἑλλήνων</span> 
     </span>
    </p>
   </div>
   <div class='ocr_carea' id='block_1_62' title="bbox 163 4231 1761 4306">
    <p class='ocr_par' dir='ltr' id='par_1_62' title="bbox 163 4231 1761 4306">
     <span class='ocr_line' id='line_1_62' title="bbox 163 4231 1761 4306; baseline 0.001 -20"><span class='ocrx_word' id='word_1_450' title='bbox 163 4233 265 4287; x_wconf 79' lang='grc' dir='ltr'>καὶ</span> <span class='ocrx_word' id='word_1_451' title='bbox 322 4231 614 4305; x_wconf 80' lang='grc' dir='ltr'>βαρϐάρων</span> <span class='ocrx_word' id='word_1_452' title='bbox 665 4232 1163 4306; x_wconf 84' lang='grc' dir='ltr'>προσκαλούμενος,</span> <span class='ocrx_word' id='word_1_453' title='bbox 1214 4235 1444 4305; x_wconf 89' lang='grc' dir='ltr'>μυρίους</span> <span class='ocrx_word' id='word_1_454' title='bbox 1489 4251 1551 4287; x_wconf 92' lang='grc' dir='ltr'><strong>τε</strong></span> <span class='ocrx_word' id='word_1_455' title='bbox 1602 4235 1761 4300; x_wconf 79' lang='grc' dir='ltr'>ὅσους</span> 
     </span>
    </p>
   </div>
   <div class='ocr_carea' id='block_1_63' title="bbox 162 4324 1761 4398">
    <p class='ocr_par' dir='ltr' id='par_1_63' title="bbox 162 4324 1761 4398">
     <span class='ocr_line' id='line_1_63' title="bbox 162 4324 1761 4398; baseline 0.001 -21"><span class='ocrx_word' id='word_1_456' title='bbox 162 4324 467 4397; x_wconf 87' lang='grc' dir='ltr'>προσάγων</span> <span class='ocrx_word' id='word_1_457' title='bbox 496 4325 588 4379; x_wconf 74' lang='grc' dir='ltr'><strong>ἐπὶ</strong></span> <span class='ocrx_word' id='word_1_458' title='bbox 614 4324 712 4397; x_wconf 86' lang='grc' dir='ltr'>τὴν</span> <span class='ocrx_word' id='word_1_459' title='bbox 741 4324 836 4379; x_wconf 81' lang='grc' dir='ltr'><strong>τοῦ</strong></span> <span class='ocrx_word' id='word_1_460' title='bbox 867 4326 1028 4397; x_wconf 86' lang='grc' dir='ltr'>μόνου</span> <span class='ocrx_word' id='word_1_461' title='bbox 1058 4327 1154 4380; x_wconf 74' lang='grc' dir='ltr'>καὶ</span> <span class='ocrx_word' id='word_1_462' title='bbox 1182 4324 1417 4398; x_wconf 77' lang='grc' dir='ltr'>ἀληθοῦς</span> <span class='ocrx_word' id='word_1_463' title='bbox 1445 4324 1582 4379; x_wconf 89' lang='grc' dir='ltr'>Θεοῦ</span> <span class='ocrx_word' id='word_1_464' title='bbox 1617 4324 1761 4396; x_wconf 85' lang='grc' dir='ltr'>γνῶ-</span> 
     </span>
    </p>
   </div>
   <div class='ocr_carea' id='block_1_64' title="bbox 165 4416 1834 4512">
    <p class='ocr_par' dir='ltr' id='par_1_64' title="bbox 165 4416 1834 4512">
     <span class='ocr_line' id='line_1_64' title="bbox 165 4416 1834 4512; baseline 0.003 -44"><span class='ocrx_word' id='word_1_465' title='bbox 165 4432 279 4480; x_wconf 88' lang='grc' dir='ltr'>σιν,</span> <span class='ocrx_word' id='word_1_466' title='bbox 301 4416 394 4469; x_wconf 68' lang='grc' dir='ltr'>ἐπί</span> <span class='ocrx_word' id='word_1_467' title='bbox 422 4433 485 4469; x_wconf 85' lang='grc' dir='ltr'><strong>τε</strong></span> <span class='ocrx_word' id='word_1_468' title='bbox 509 4416 599 4470; x_wconf 81' lang='grc' dir='ltr'>τὸν</span> <span class='ocrx_word' id='word_1_469' title='bbox 626 4417 753 4489; x_wconf 84' lang='grc' dir='ltr'>ὑγιῆ</span> <span class='ocrx_word' id='word_1_470' title='bbox 779 4418 874 4471; x_wconf 79' lang='grc' dir='ltr'>καὶ</span> <span class='ocrx_word' id='word_1_471' title='bbox 900 4416 1153 4490; x_wconf 79' lang='grc' dir='ltr'>σώφρονα</span> <span class='ocrx_word' id='word_1_472' title='bbox 1179 4416 1314 4488; x_wconf 83' lang='grc' dir='ltr'>βίον,</span> <span class='ocrx_word' id='word_1_473' title='bbox 1336 4418 1395 4483; x_wconf 82' lang='grc' dir='ltr'>ὃς</span> <span class='ocrx_word' id='word_1_474' title='bbox 1416 4417 1480 4490; x_wconf 85' lang='grc' dir='ltr'>δὴ</span> <span class='ocrx_word' id='word_1_475' title='bbox 1505 4420 1599 4473; x_wconf 70' lang='grc' dir='ltr'><strong>καί⁵</strong></span> <span class='ocrx_word' id='word_1_476' title='bbox 1620 4419 1758 4491; x_wconf 83' lang='grc' dir='ltr'>πρέ·</span> <span class='ocrx_word' id='word_1_477' title='bbox 1790 4457 1834 4512; x_wconf 79' lang='lat' dir='ltr'><strong>D</strong></span> 
     </span>
    </p>
   </div>
   <div class='ocr_carea' id='block_1_65' title="bbox 162 4508 1760 4583">
    <p class='ocr_par' dir='ltr' id='par_1_65' title="bbox 162 4508 1760 4583">
     <span class='ocr_line' id='line_1_65' title="bbox 162 4508 1760 4583; baseline 0.003 -22"><span class='ocrx_word' id='word_1_478' title='bbox 162 4525 288 4561; x_wconf 85' lang='grc' dir='ltr'><strong>πων</strong></span> <span class='ocrx_word' id='word_1_479' title='bbox 336 4509 422 4581; x_wconf 85' lang='grc' dir='ltr'>εἴη</span> <span class='ocrx_word' id='word_1_480' title='bbox 454 4508 521 4563; x_wconf 81' lang='grc' dir='ltr'>ἂν</span> <span class='ocrx_word' id='word_1_481' title='bbox 569 4509 870 4582; x_wconf 73' lang='grc' dir='ltr'>ἐπαγγελίᾳ</span> <span class='ocrx_word' id='word_1_482' title='bbox 916 4509 1216 4583; x_wconf 86' lang='grc' dir='ltr'>θρησκείας</span> <span class='ocrx_word' id='word_1_483' title='bbox 1258 4510 1353 4565; x_wconf 82' lang='grc' dir='ltr'>τοῦ</span> <span class='ocrx_word' id='word_1_484' title='bbox 1405 4512 1497 4565; x_wconf 74' lang='grc' dir='ltr'><strong>ἐπὶ</strong></span> <span class='ocrx_word' id='word_1_485' title='bbox 1541 4512 1760 4566; x_wconf 85' lang='grc' dir='ltr'>πάντων</span> 
     </span>
    </p>
   </div>
   <div class='ocr_carea' id='block_1_66' title="bbox 161 4593 1758 4676">
    <p class='ocr_par' dir='ltr' id='par_1_66' title="bbox 161 4593 1758 4676">
     <span class='ocr_line' id='line_1_66' title="bbox 161 4593 1758 4676; baseline 0.002 -21"><span class='ocrx_word' id='word_1_486' title='bbox 161 4600 327 4655; x_wconf 77' lang='grc' dir='ltr'>Θεοῦ.</span> <span class='ocrx_word' id='word_1_487' title='bbox 368 4593 539 4666; x_wconf 79' lang='grc' dir='ltr'>Οὗτος</span> <span class='ocrx_word' id='word_1_488' title='bbox 582 4602 639 4655; x_wconf 83' lang='grc' dir='ltr'>δὲ</span> <span class='ocrx_word' id='word_1_489' title='bbox 676 4602 843 4666; x_wconf 85' lang='grc' dir='ltr'>αὐτὸς</span> <span class='ocrx_word' id='word_1_490' title='bbox 869 4604 898 4656; x_wconf 88' lang='grc' dir='ltr'><strong>ό</strong></span> <span class='ocrx_word' id='word_1_491' title='bbox 926 4602 1059 4666; x_wconf 83' lang='grc' dir='ltr'>Θεὸς</span> <span class='ocrx_word' id='word_1_492' title='bbox 1104 4602 1283 4674; x_wconf 83' lang='grc' dir='ltr'>ἡμῶν,</span> <span class='ocrx_word' id='word_1_493' title='bbox 1326 4602 1423 4657; x_wconf 77' lang='grc' dir='ltr'>ἆτε</span> <span class='ocrx_word' id='word_1_494' title='bbox 1476 4603 1758 4676; x_wconf 82' lang='grc' dir='ltr'>τυγχάνων</span> 
     </span>
    </p>
   </div>
   <div class='ocr_carea' id='block_1_67' title="bbox 161 4691 1756 4765">
    <p class='ocr_par' dir='ltr' id='par_1_67' title="bbox 161 4691 1756 4765">
     <span class='ocr_line' id='line_1_67' title="bbox 161 4691 1756 4765; baseline 0 -20"><span class='ocrx_word' id='word_1_495' title='bbox 161 4691 306 4746; x_wconf 80' lang='grc' dir='ltr'>Θεοῦ</span> <span class='ocrx_word' id='word_1_496' title='bbox 362 4693 556 4761; x_wconf 87' lang='grc' dir='ltr'>Λόγος,</span> <span class='ocrx_word' id='word_1_497' title='bbox 609 4712 629 4744; x_wconf 76' lang='grc' dir='ltr'><strong>ι</strong></span> <span class='ocrx_word' id='word_1_498' title='bbox 673 4692 891 4764; x_wconf 81' lang='grc' dir='ltr'>Κρίσιν,</span> <span class='ocrx_word' id='word_1_499' title='bbox 957 4694 1140 4765; x_wconf 77' lang='grc' dir='ltr'>φησὶν,</span> <span class='ocrx_word' id='word_1_500' title='bbox 1199 4693 1610 4758; x_wconf 85' lang='grc' dir='ltr'>ἀνταποδίδωσι,</span> <span class='ocrx_word' id='word_1_501' title='bbox 1660 4693 1756 4746; x_wconf 66' lang='grc' dir='ltr'><strong>κα)⁵</strong></span> 
     </span>
    </p>
   </div>
   <div class='ocr_carea' id='block_1_68' title="bbox 163 4782 1755 4857">
    <p class='ocr_par' dir='ltr' id='par_1_68' title="bbox 163 4782 1755 4857">
     <span class='ocr_line' id='line_1_68' title="bbox 163 4782 1755 4857; baseline -0.001 -19"><span class='ocrx_word' id='word_1_502' title='bbox 163 4782 561 4848; x_wconf 83' lang='grc' dir='ltr'>ἀνταποδώσει,</span> <span class='ocrx_word' id='word_1_503' title='bbox 587 4784 749 4848; x_wconf 78' lang='grc' dir='ltr'>αὐτὸς</span> <span class='ocrx_word' id='word_1_504' title='bbox 775 4785 894 4856; x_wconf 79' lang='grc' dir='ltr'>ἥξει</span> <span class='ocrx_word' id='word_1_505' title='bbox 918 4785 1011 4839; x_wconf 77' lang='grc' dir='ltr'>καὶ</span> <span class='ocrx_word' id='word_1_506' title='bbox 1039 4783 1201 4838; x_wconf 83' lang='grc' dir='ltr'>σώσει</span> <span class='ocrx_word' id='word_1_507' title='bbox 1226 4786 1390 4857; x_wconf 79' lang='grc' dir='ltr'>ἡμᾶς.</span> <span class='ocrx_word' id='word_1_508' title='bbox 1424 4804 1441 4837; x_wconf 75' lang='grc' dir='ltr'><strong>ι</strong></span> <span class='ocrx_word' id='word_1_509' title='bbox 1470 4784 1627 4838; x_wconf 78' lang='grc' dir='ltr'>Κατὰ</span> <span class='ocrx_word' id='word_1_510' title='bbox 1646 4782 1755 4855; x_wconf 85' lang='grc' dir='ltr'><strong>γὰρ</strong></span> 
     </span>
    </p>
   </div>
   <div class='ocr_carea' id='block_1_69' title="bbox 161 4873 1756 4947">
    <p class='ocr_par' dir='ltr' id='par_1_69' title="bbox 161 4873 1756 4947">
     <span class='ocr_line' id='line_1_69' title="bbox 161 4873 1756 4947; baseline -0.002 -18"><span class='ocrx_word' id='word_1_511' title='bbox 161 4876 259 4929; x_wconf 86' lang='grc' dir='ltr'><strong>τὸν</strong></span> <span class='ocrx_word' id='word_1_512' title='bbox 288 4874 505 4946; x_wconf 80' lang='grc' dir='ltr'>ψαλμὸν</span> <span class='ocrx_word' id='word_1_513' title='bbox 539 4877 819 4946; x_wconf 72' lang='grc' dir='ltr'>φήσανταο</span> <span class='ocrx_word' id='word_1_514' title='bbox 866 4895 885 4927; x_wconf 73' lang='grc' dir='ltr'><strong>ι</strong></span> <span class='ocrx_word' id='word_1_515' title='bbox 934 4876 992 4928; x_wconf 83' lang='lat'><strong>&#39;0</strong></span> <span class='ocrx_word' id='word_1_516' title='bbox 1021 4874 1153 4940; x_wconf 77' lang='grc' dir='ltr'>Θεὸς</span> <span class='ocrx_word' id='word_1_517' title='bbox 1178 4914 1193 4940; x_wconf 92' lang='grc'><strong>,</strong></span> <span class='ocrx_word' id='word_1_518' title='bbox 1238 4875 1301 4929; x_wconf 90' lang='grc' dir='ltr'><strong>τὸ</strong></span> <span class='ocrx_word' id='word_1_519' title='bbox 1332 4873 1507 4947; x_wconf 86' lang='grc' dir='ltr'>κρῖμά</span> <span class='ocrx_word' id='word_1_520' title='bbox 1539 4890 1634 4927; x_wconf 91' lang='grc' dir='ltr'><strong>σου</strong></span> <span class='ocrx_word' id='word_1_521' title='bbox 1676 4873 1756 4945; x_wconf 82' lang='grc' dir='ltr'>τῷ</span> 
     </span>
    </p>
   </div>
   <div class='ocr_carea' id='block_1_70' title="bbox 166 4965 1751 5040">
    <p class='ocr_par' dir='ltr' id='par_1_70' title="bbox 166 4965 1751 5040">
     <span class='ocr_line' id='line_1_70' title="bbox 166 4965 1751 5040; baseline 0.001 -21"><span class='ocrx_word' id='word_1_522' title='bbox 166 4965 385 5036; x_wconf 83' lang='grc' dir='ltr'>βασιλεῖ</span> <span class='ocrx_word' id='word_1_523' title='bbox 406 4966 516 5033; x_wconf 89' lang='grc' dir='ltr'>δός,</span> <span class='ocrx_word' id='word_1_524' title='bbox 544 4987 564 5021; x_wconf 73' lang='grc' dir='ltr'><strong>ι</strong></span> <span class='ocrx_word' id='word_1_525' title='bbox 596 4971 691 5023; x_wconf 81' lang='grc' dir='ltr'>καὶ</span> <span class='ocrx_word' id='word_1_526' title='bbox 713 4967 857 5022; x_wconf 86' lang='grc' dir='ltr'><strong>κατά</strong></span> <span class='ocrx_word' id='word_1_527' title='bbox 874 4968 971 5040; x_wconf 78' lang='grc' dir='ltr'>τὴν</span> <span class='ocrx_word' id='word_1_528' title='bbox 992 4967 1355 5040; x_wconf 83' lang='grc' dir='ltr'>εὐαγγελικὴν</span> <span class='ocrx_word' id='word_1_529' title='bbox 1386 4966 1751 5032; x_wconf 87' lang='grc' dir='ltr'>διδασκαλίαν,</span> 
     </span>
    </p>
   </div>
   <div class='ocr_carea' id='block_1_71' title="bbox 162 5054 1753 5132">
    <p class='ocr_par' dir='ltr' id='par_1_71' title="bbox 162 5054 1753 5132">
     <span class='ocr_line' id='line_1_71' title="bbox 162 5054 1753 5132; baseline -0.001 -20"><span class='ocrx_word' id='word_1_530' title='bbox 162 5056 233 5112; x_wconf 78' lang='grc' dir='ltr'><strong>δι’</strong></span> <span class='ocrx_word' id='word_1_531' title='bbox 260 5054 333 5129; x_wconf 80' lang='grc' dir='ltr'>ἧς</span> <span class='ocrx_word' id='word_1_532' title='bbox 364 5059 597 5131; x_wconf 73' lang='grc' dir='ltr'>εἴρηταιο</span> <span class='ocrx_word' id='word_1_533' title='bbox 632 5079 651 5114; x_wconf 76' lang='grc' dir='ltr'><strong>ι</strong></span> <span class='ocrx_word' id='word_1_534' title='bbox 699 5060 757 5114; x_wconf 90' lang='lat'><strong>&#39;0</strong></span> <span class='ocrx_word' id='word_1_535' title='bbox 796 5058 988 5131; x_wconf 86' lang='grc' dir='ltr'>Πατὴρ</span> <span class='ocrx_word' id='word_1_536' title='bbox 1026 5058 1198 5132; x_wconf 85' lang='grc' dir='ltr'>κρίνει</span> <span class='ocrx_word' id='word_1_537' title='bbox 1232 5057 1443 5121; x_wconf 81' lang='grc' dir='ltr'>οὐδένα,</span> <span class='ocrx_word' id='word_1_538' title='bbox 1487 5056 1624 5111; x_wconf 82' lang='grc' dir='ltr'>ἀλλὰ</span> <span class='ocrx_word' id='word_1_539' title='bbox 1652 5056 1753 5128; x_wconf 84' lang='grc' dir='ltr'>τὴν</span> 
     </span>
    </p>
   </div>
   <div class='ocr_carea' id='block_1_72' title="bbox 164 5147 1750 5223">
    <p class='ocr_par' dir='ltr' id='par_1_72' title="bbox 164 5147 1750 5223">
     <span class='ocr_line' id='line_1_72' title="bbox 164 5147 1750 5223; baseline -0.003 -18"><span class='ocrx_word' id='word_1_540' title='bbox 164 5149 353 5222; x_wconf 84' lang='grc' dir='ltr'>κρίσιν</span> <span class='ocrx_word' id='word_1_541' title='bbox 376 5152 558 5205; x_wconf 77' lang='grc' dir='ltr'>πᾶσαν</span> <span class='ocrx_word' id='word_1_542' title='bbox 585 5152 786 5206; x_wconf 87' lang='grc' dir='ltr'>δέδωκε</span> <span class='ocrx_word' id='word_1_543' title='bbox 810 5150 888 5223; x_wconf 83' lang='grc' dir='ltr'>τῷ</span> <span class='ocrx_word' id='word_1_544' title='bbox 909 5150 1043 5222; x_wconf 84' lang='grc' dir='ltr'><strong>Υἱῷ,</strong></span> <span class='ocrx_word' id='word_1_545' title='bbox 1072 5171 1089 5203; x_wconf 73' lang='grc' dir='ltr'><strong>ι</strong></span> <span class='ocrx_word' id='word_1_546' title='bbox 1119 5149 1270 5221; x_wconf 76' lang='grc' dir='ltr'>πιρά</span> <span class='ocrx_word' id='word_1_547' title='bbox 1295 5149 1388 5203; x_wconf 85' lang='grc' dir='ltr'>τοῦ</span> <span class='ocrx_word' id='word_1_548' title='bbox 1415 5149 1629 5221; x_wconf 85' lang='grc' dir='ltr'>Πατρὸς</span> <span class='ocrx_word' id='word_1_549' title='bbox 1651 5147 1750 5220; x_wconf 80' lang='grc' dir='ltr'>τὴν</span> 
     </span>
    </p>
   </div>
   <div class='ocr_carea' id='block_1_73' title="bbox 163 5239 1753 5316">
    <p class='ocr_par' dir='ltr' id='par_1_73' title="bbox 163 5239 1753 5316">
     <span class='ocr_line' id='line_1_73' title="bbox 163 5239 1753 5316; baseline -0.001 -21"><span class='ocrx_word' id='word_1_550' title='bbox 163 5240 264 5295; x_wconf 76' lang='grc' dir='ltr'><strong>τοῦ</strong></span> <span class='ocrx_word' id='word_1_551' title='bbox 293 5241 501 5313; x_wconf 88' lang='grc' dir='ltr'>κρίνειν</span> <span class='ocrx_word' id='word_1_552' title='bbox 527 5243 766 5316; x_wconf 79' lang='grc' dir='ltr'>εἰληφὼς</span> <span class='ocrx_word' id='word_1_553' title='bbox 792 5243 1060 5309; x_wconf 75' lang='grc' dir='ltr'>ἐξουσίαν,</span> <span class='ocrx_word' id='word_1_554' title='bbox 1086 5242 1403 5316; x_wconf 86' lang='grc' dir='ltr'>δικαιοσύνῃ</span> <span class='ocrx_word' id='word_1_555' title='bbox 1426 5241 1648 5314; x_wconf 89' lang='grc' dir='ltr'>κρίνων,</span> <span class='ocrx_word' id='word_1_556' title='bbox 1673 5239 1753 5313; x_wconf 88' lang='grc' dir='ltr'>τῷ</span> 
     </span>
    </p>
   </div>
   <div class='ocr_carea' id='block_1_74' title="bbox 168 5332 1752 5408">
    <p class='ocr_par' dir='ltr' id='par_1_74' title="bbox 168 5332 1752 5408">
     <span class='ocr_line' id='line_1_74' title="bbox 168 5332 1752 5408; baseline -0.002 -19"><span class='ocrx_word' id='word_1_557' title='bbox 168 5334 274 5405; x_wconf 81' lang='grc' dir='ltr'>μὲν</span> <span class='ocrx_word' id='word_1_558' title='bbox 307 5334 375 5389; x_wconf 81' lang='grc' dir='ltr'>ὲκ</span> <span class='ocrx_word' id='word_1_559' title='bbox 400 5335 702 5408; x_wconf 80' lang='grc' dir='ltr'>περιτομῆς</span> <span class='ocrx_word' id='word_1_560' title='bbox 729 5335 843 5407; x_wconf 84' lang='grc' dir='ltr'>λαῷ</span> <span class='ocrx_word' id='word_1_561' title='bbox 869 5335 968 5406; x_wconf 82' lang='grc' dir='ltr'>τὴν</span> <span class='ocrx_word' id='word_1_562' title='bbox 1002 5335 1382 5407; x_wconf 85' lang='grc' dir='ltr'>προσήκουσαν</span> <span class='ocrx_word' id='word_1_563' title='bbox 1414 5332 1523 5387; x_wconf 83' lang='grc' dir='ltr'><strong>τῶν</strong></span> <span class='ocrx_word' id='word_1_564' title='bbox 1549 5334 1629 5398; x_wconf 90' lang='grc' dir='ltr'><strong>εἰς</strong></span> <span class='ocrx_word' id='word_1_565' title='bbox 1653 5333 1752 5387; x_wconf 86' lang='grc' dir='ltr'><strong>αὺ-</strong></span> 
     </span>
    </p>
   </div>
   <div class='ocr_carea' id='block_1_75' title="bbox 163 5424 1754 5498">
    <p class='ocr_par' dir='ltr' id='par_1_75' title="bbox 163 5424 1754 5498">
     <span class='ocr_line' id='line_1_75' title="bbox 163 5424 1754 5498; baseline -0.001 -18"><span class='ocrx_word' id='word_1_566' title='bbox 163 5425 259 5480; x_wconf 87' lang='grc' dir='ltr'><strong>τόν</strong></span> <span class='ocrx_word' id='word_1_567' title='bbox 297 5443 358 5479; x_wconf 87' lang='grc' dir='ltr'><strong>τε</strong></span> <span class='ocrx_word' id='word_1_568' title='bbox 384 5428 620 5491; x_wconf 77' lang='grc' dir='ltr'>καὶτοὺς</span> <span class='ocrx_word' id='word_1_569' title='bbox 647 5426 811 5480; x_wconf 80' lang='grc' dir='ltr'>αὑτοῦ</span> <span class='ocrx_word' id='word_1_570' title='bbox 840 5427 1126 5498; x_wconf 80' lang='grc' dir='ltr'>προφήτας</span> <span class='ocrx_word' id='word_1_571' title='bbox 1153 5424 1571 5497; x_wconf 88' lang='grc' dir='ltr'>τετολμημένων</span> <span class='ocrx_word' id='word_1_572' title='bbox 1596 5425 1754 5497; x_wconf 85' lang='grc' dir='ltr'>δίκην</span> 
     </span>
    </p>
   </div>
   <div class='ocr_carea' id='block_1_76' title="bbox 163 5515 1754 5590">
    <p class='ocr_par' dir='ltr' id='par_1_76' title="bbox 163 5515 1754 5590">
     <span class='ocr_line' id='line_1_76' title="bbox 163 5515 1754 5590; baseline 0 -18"><span class='ocrx_word' id='word_1_573' title='bbox 163 5518 501 5584; x_wconf 74' lang='grc' dir='ltr'>ἀποδέδωκε,</span> <span class='ocrx_word' id='word_1_574' title='bbox 548 5520 758 5584; x_wconf 86' lang='grc' dir='ltr'>πάντας</span> <span class='ocrx_word' id='word_1_575' title='bbox 796 5519 856 5573; x_wconf 83' lang='grc' dir='ltr'>δὲ</span> <span class='ocrx_word' id='word_1_576' title='bbox 897 5516 1233 5585; x_wconf 82' lang='grc' dir='ltr'>ἁπαξαπλῶς</span> <span class='ocrx_word' id='word_1_577' title='bbox 1270 5515 1591 5590; x_wconf 84' lang='grc' dir='ltr'>ἀνθρώπους</span> <span class='ocrx_word' id='word_1_578' title='bbox 1629 5518 1754 5581; x_wconf 80' lang='grc' dir='ltr'>τοὺς</span> 
     </span>
    </p>
   </div>
   <div class='ocr_carea' id='block_1_77' title="bbox 165 5608 1748 5684">
    <p class='ocr_par' dir='ltr' id='par_1_77' title="bbox 165 5608 1748 5684">
     <span class='ocr_line' id='line_1_77' title="bbox 165 5608 1748 5684; baseline -0.001 -20"><span class='ocrx_word' id='word_1_579' title='bbox 165 5610 319 5682; x_wconf 83' lang='grc' dir='ltr'>αύτῷ</span> <span class='ocrx_word' id='word_1_580' title='bbox 342 5611 671 5684; x_wconf 85' lang='grc' dir='ltr'>προσιόντας</span> <span class='ocrx_word' id='word_1_581' title='bbox 703 5610 762 5678; x_wconf 69' lang='grc' dir='ltr'>εξ</span> <span class='ocrx_word' id='word_1_582' title='bbox 785 5610 899 5666; x_wconf 86' lang='grc' dir='ltr'>ἴσου</span> <span class='ocrx_word' id='word_1_583' title='bbox 936 5609 1078 5664; x_wconf 85' lang='grc' dir='ltr'>κατὰ</span> <span class='ocrx_word' id='word_1_584' title='bbox 1100 5610 1161 5663; x_wconf 89' lang='grc' dir='ltr'><strong>τὸ</strong></span> <span class='ocrx_word' id='word_1_585' title='bbox 1183 5609 1390 5664; x_wconf 86' lang='grc' dir='ltr'>δίκαιον</span> <span class='ocrx_word' id='word_1_586' title='bbox 1417 5608 1748 5663; x_wconf 79' lang='grc' dir='ltr'>ἀνεσώσατοο</span> 
     </span>
    </p>
   </div>
   <div class='ocr_carea' id='block_1_78' title="bbox 167 5696 1752 5776">
    <p class='ocr_par' dir='ltr' id='par_1_78' title="bbox 167 5696 1752 5776">
     <span class='ocr_line' id='line_1_78' title="bbox 167 5696 1752 5776; baseline -0.003 -18"><span class='ocrx_word' id='word_1_587' title='bbox 167 5696 247 5758; x_wconf 77' lang='grc' dir='ltr'>ὧν</span> <span class='ocrx_word' id='word_1_588' title='bbox 271 5702 342 5758; x_wconf 78' lang='grc' dir='ltr'><strong>τά</strong></span> <span class='ocrx_word' id='word_1_589' title='bbox 361 5696 476 5759; x_wconf 78' lang='grc' dir='ltr'>ὦτα</span> <span class='ocrx_word' id='word_1_590' title='bbox 489 5703 590 5776; x_wconf 86' lang='grc' dir='ltr'><strong>τῆς</strong></span> <span class='ocrx_word' id='word_1_591' title='bbox 614 5703 855 5767; x_wconf 83' lang='grc' dir='ltr'>διανοίας</span> <span class='ocrx_word' id='word_1_592' title='bbox 880 5702 977 5758; x_wconf 71' lang='grc' dir='ltr'>καὶ</span> <span class='ocrx_word' id='word_1_593' title='bbox 1001 5703 1130 5767; x_wconf 79' lang='grc' dir='ltr'>τοὺς</span> <span class='ocrx_word' id='word_1_594' title='bbox 1152 5700 1467 5775; x_wconf 80' lang='grc' dir='ltr'>ὀφθαλμοὺς</span> <span class='ocrx_word' id='word_1_595' title='bbox 1497 5700 1752 5772; x_wconf 78' lang='grc' dir='ltr'>ἀνέῳξεν.</span> 
     </span>
    </p>
   </div>
   <div class='ocr_carea' id='block_1_79' title="bbox 1884 1846 3464 1920">
    <p class='ocr_par' dir='ltr' id='par_1_79' title="bbox 1884 1846 3464 1920">
     <span class='ocr_line' id='line_1_79' title="bbox 1884 1846 3464 1920; baseline -0.002 -15"><span class='ocrx_word' id='word_1_596' title='bbox 1884 1859 2039 1917; x_wconf 85' lang='lat' dir='ltr'><strong>nent,</strong></span> <span class='ocrx_word' id='word_1_597' title='bbox 2067 1861 2123 1904; x_wconf 89' lang='lat' dir='ltr'><strong>et</strong></span> <span class='ocrx_word' id='word_1_598' title='bbox 2153 1850 2357 1920; x_wconf 87' lang='lat' dir='ltr'><strong>plantis</strong></span> <span class='ocrx_word' id='word_1_599' title='bbox 2391 1849 2528 1919; x_wconf 90' lang='lat' dir='ltr'><strong>ipsis</strong></span> <span class='ocrx_word' id='word_1_600' title='bbox 2556 1857 2609 1902; x_wconf 92' lang='lat' dir='ltr'><strong>et</strong></span> <span class='ocrx_word' id='word_1_601' title='bbox 2633 1846 2877 1911; x_wconf 87' lang='lat' dir='ltr'><strong>incessu,</strong></span> <span class='ocrx_word' id='word_1_602' title='bbox 2903 1863 2971 1901; x_wconf 82' lang='lat' dir='ltr'><strong>ex</strong></span> <span class='ocrx_word' id='word_1_603' title='bbox 3004 1847 3162 1917; x_wconf 78' lang='lat' dir='ltr'><strong>longo</strong></span> <span class='ocrx_word' id='word_1_604' title='bbox 3187 1847 3464 1902; x_wconf 85' lang='lat' dir='ltr'><strong>adoratio-</strong></span> 
     </span>
    </p>
   </div>
   <div class='ocr_carea' id='block_1_80' title="bbox 1880 1938 3464 2009">
    <p class='ocr_par' dir='ltr' id='par_1_80' title="bbox 1880 1938 3464 2009">
     <span class='ocr_line' id='line_1_80' title="bbox 1880 1938 3464 2009; baseline -0.003 -11"><span class='ocrx_word' id='word_1_605' title='bbox 1880 1943 1966 1998; x_wconf 88' lang='lat' dir='ltr'><strong>nis</strong></span> <span class='ocrx_word' id='word_1_606' title='bbox 2016 1941 2319 1998; x_wconf 90' lang='lat' dir='ltr'><strong>secundum</strong></span> <span class='ocrx_word' id='word_1_607' title='bbox 2371 1939 2665 1995; x_wconf 82' lang='lat' dir='ltr'><strong>Mosaieam</strong></span> <span class='ocrx_word' id='word_1_608' title='bbox 2701 1939 2872 2009; x_wconf 77' lang='lat' dir='ltr'><strong>legem</strong></span> <span class='ocrx_word' id='word_1_609' title='bbox 2928 1938 3163 1992; x_wconf 87' lang='lat' dir='ltr'><strong>circuitu</strong></span> <span class='ocrx_word' id='word_1_610' title='bbox 3205 1938 3464 2009; x_wconf 78' lang='lat' dir='ltr'><strong>elangue-</strong></span> 
     </span>
    </p>
   </div>
   <div class='ocr_carea' id='block_1_81' title="bbox 1880 2028 3462 2103">
    <p class='ocr_par' dir='ltr' id='par_1_81' title="bbox 1880 2028 3462 2103">
     <span class='ocr_line' id='line_1_81' title="bbox 1880 2028 3462 2103; baseline 0.001 -15"><span class='ocrx_word' id='word_1_611' title='bbox 1880 2042 2026 2092; x_wconf 85' lang='lat' dir='ltr'><strong>rant.</strong></span> <span class='ocrx_word' id='word_1_612' title='bbox 2059 2034 2462 2103; x_wconf 89' lang='lat' dir='ltr'><strong>solutioresque</strong></span> <span class='ocrx_word' id='word_1_613' title='bbox 2485 2038 2796 2092; x_wconf 87' lang='lat' dir='ltr'><strong>evaserant,</strong></span> <span class='ocrx_word' id='word_1_614' title='bbox 2820 2028 3025 2084; x_wconf 90' lang='lat' dir='ltr'><strong>idcirco</strong></span> <span class='ocrx_word' id='word_1_615' title='bbox 3056 2032 3305 2089; x_wconf 82' lang='lat' dir='ltr'><strong>excitans</strong></span> <span class='ocrx_word' id='word_1_616' title='bbox 3336 2034 3462 2090; x_wconf 86' lang='lat' dir='ltr'><strong>illos</strong></span> 
     </span>
    </p>
   </div>
   <div class='ocr_carea' id='block_1_82' title="bbox 1878 2121 3459 2196">
    <p class='ocr_par' dir='ltr' id='par_1_82' title="bbox 1878 2121 3459 2196">
     <span class='ocr_line' id='line_1_82' title="bbox 1878 2121 3459 2196; baseline -0.003 -16"><span class='ocrx_word' id='word_1_617' title='bbox 1878 2125 1947 2180; x_wconf 86' lang='lat' dir='ltr'><strong>ad</strong></span> <span class='ocrx_word' id='word_1_618' title='bbox 1975 2127 2342 2196; x_wconf 78' lang='lat' dir='ltr'><strong>evangelicam</strong></span> <span class='ocrx_word' id='word_1_619' title='bbox 2371 2126 2497 2182; x_wconf 68' lang='lat' dir='ltr'><strong>vitae</strong></span> <span class='ocrx_word' id='word_1_620' title='bbox 2531 2122 2965 2178; x_wconf 88' lang='lat' dir='ltr'><strong>institutionem:</strong></span> <span class='ocrx_word' id='word_1_621' title='bbox 3004 2140 3023 2173; x_wconf 76' lang='grc' dir='ltr'><strong>ι</strong></span> <span class='ocrx_word' id='word_1_622' title='bbox 3060 2121 3459 2190; x_wconf 84' lang='lat' dir='ltr'><strong>Convaleseite,</strong></span> 
     </span>
    </p>
   </div>
   <div class='ocr_carea' id='block_1_83' title="bbox 1876 2212 3459 2288">
    <p class='ocr_par' dir='ltr' id='par_1_83' title="bbox 1876 2212 3459 2288">
     <span class='ocr_line' id='line_1_83' title="bbox 1876 2212 3459 2288; baseline -0.001 -16"><span class='ocrx_word' id='word_1_623' title='bbox 1876 2218 2075 2288; x_wconf 88' lang='lat' dir='ltr'><strong>inquit,</strong></span> <span class='ocrx_word' id='word_1_624' title='bbox 2126 2233 2323 2273; x_wconf 90' lang='lat' dir='ltr'><strong>manus</strong></span> <span class='ocrx_word' id='word_1_625' title='bbox 2369 2217 2632 2278; x_wconf 67' lang='lat' dir='ltr'><strong>remissae,</strong></span> <span class='ocrx_word' id='word_1_626' title='bbox 2668 2221 2724 2269; x_wconf 88' lang='lat' dir='ltr'><strong>et</strong></span> <span class='ocrx_word' id='word_1_627' title='bbox 2756 2228 2931 2285; x_wconf 78' lang='lat' dir='ltr'><strong>genua</strong></span> <span class='ocrx_word' id='word_1_628' title='bbox 2980 2212 3272 2277; x_wconf 90' lang='lat' dir='ltr'><strong>dissoluta,</strong></span> <span class='ocrx_word' id='word_1_629' title='bbox 3318 2234 3337 2266; x_wconf 75' lang='grc' dir='ltr'><strong>ι</strong></span> <span class='ocrx_word' id='word_1_630' title='bbox 3391 2216 3459 2270; x_wconf 83' lang='lat' dir='ltr'><strong>ad</strong></span> 
     </span>
    </p>
   </div>
   <div class='ocr_carea' id='block_1_84' title="bbox 1876 2306 3460 2378">
    <p class='ocr_par' dir='ltr' id='par_1_84' title="bbox 1876 2306 3460 2378">
     <span class='ocr_line' id='line_1_84' title="bbox 1876 2306 3460 2378; baseline -0.001 -15"><span class='ocrx_word' id='word_1_631' title='bbox 1876 2310 2215 2367; x_wconf 86' lang='lat' dir='ltr'><strong>alacritatem</strong></span> <span class='ocrx_word' id='word_1_632' title='bbox 2239 2308 2497 2363; x_wconf 84' lang='lat' dir='ltr'><strong>videlicet</strong></span> <span class='ocrx_word' id='word_1_633' title='bbox 2537 2306 2841 2377; x_wconf 77' lang='lat' dir='ltr'><strong>evangelici</strong></span> <span class='ocrx_word' id='word_1_634' title='bbox 2886 2322 3103 2362; x_wconf 82' lang='lat' dir='ltr'><strong>cursus.</strong></span> <span class='ocrx_word' id='word_1_635' title='bbox 3152 2306 3460 2378; x_wconf 75' lang='lat' dir='ltr'><strong>Conﬁrma-</strong></span> 
     </span>
    </p>
   </div>
   <div class='ocr_carea' id='block_1_85' title="bbox 1876 2398 3455 2468">
    <p class='ocr_par' dir='ltr' id='par_1_85' title="bbox 1876 2398 3455 2468">
     <span class='ocr_line' id='line_1_85' title="bbox 1876 2398 3455 2468; baseline -0.002 -12"><span class='ocrx_word' id='word_1_636' title='bbox 1876 2403 2010 2456; x_wconf 90' lang='lat' dir='ltr'><strong>miui</strong></span> <span class='ocrx_word' id='word_1_637' title='bbox 2039 2404 2205 2458; x_wconf 88' lang='lat' dir='ltr'><strong>etiam</strong></span> <span class='ocrx_word' id='word_1_638' title='bbox 2242 2401 2307 2457; x_wconf 89' lang='lat' dir='ltr'><strong>ad</strong></span> <span class='ocrx_word' id='word_1_639' title='bbox 2360 2400 2754 2464; x_wconf 76' lang='lat' dir='ltr'><strong>exbortaudos,</strong></span> <span class='ocrx_word' id='word_1_640' title='bbox 2794 2398 3268 2468; x_wconf 87' lang='lat' dir='ltr'><strong>concitandosque</strong></span> <span class='ocrx_word' id='word_1_641' title='bbox 3296 2399 3455 2462; x_wconf 88' lang='lat' dir='ltr'><strong>alios,</strong></span> 
     </span>
    </p>
   </div>
   <div class='ocr_carea' id='block_1_86' title="bbox 1875 2493 3453 2564">
    <p class='ocr_par' dir='ltr' id='par_1_86' title="bbox 1875 2493 3453 2564">
     <span class='ocr_line' id='line_1_86' title="bbox 1875 2493 3453 2564; baseline -0.003 -16"><span class='ocrx_word' id='word_1_642' title='bbox 1875 2501 1937 2548; x_wconf 90' lang='lat' dir='ltr'><strong>ut</strong></span> <span class='ocrx_word' id='word_1_643' title='bbox 1963 2494 2333 2564; x_wconf 80' lang='lat' dir='ltr'><strong>evangelicam</strong></span> <span class='ocrx_word' id='word_1_644' title='bbox 2358 2493 2592 2548; x_wconf 89' lang='lat' dir='ltr'><strong>salutem</strong></span> <span class='ocrx_word' id='word_1_645' title='bbox 2616 2493 3037 2563; x_wconf 79' lang='lat' dir='ltr'><strong>amplectantur,</strong></span> <span class='ocrx_word' id='word_1_646' title='bbox 3064 2507 3185 2554; x_wconf 91' lang='lat' dir='ltr'><strong>vos,</strong></span> <span class='ocrx_word' id='word_1_647' title='bbox 3209 2493 3453 2561; x_wconf 88' lang='lat' dir='ltr'><strong>inquam,</strong></span> 
     </span>
    </p>
   </div>
   <div class='ocr_carea' id='block_1_87' title="bbox 1874 2583 3456 2656">
    <p class='ocr_par' dir='ltr' id='par_1_87' title="bbox 1874 2583 3456 2656">
     <span class='ocr_line' id='line_1_87' title="bbox 1874 2583 3456 2656; baseline -0.001 -15"><span class='ocrx_word' id='word_1_648' title='bbox 1874 2588 1969 2654; x_wconf 83' lang='lat' dir='ltr'><strong>qui</strong></span> <span class='ocrx_word' id='word_1_649' title='bbox 2015 2586 2167 2656; x_wconf 89' lang='lat' dir='ltr'><strong>prius</strong></span> <span class='ocrx_word' id='word_1_650' title='bbox 2213 2584 2382 2640; x_wconf 86' lang='lat' dir='ltr'><strong>eratis</strong></span> <span class='ocrx_word' id='word_1_651' title='bbox 2432 2585 2634 2654; x_wconf 85' lang='lat' dir='ltr'><strong>pusillo</strong></span> <span class='ocrx_word' id='word_1_652' title='bbox 2684 2585 2888 2647; x_wconf 87' lang='lat' dir='ltr'><strong>animo,</strong></span> <span class='ocrx_word' id='word_1_653' title='bbox 2951 2599 3126 2653; x_wconf 88' lang='lat' dir='ltr'><strong>neque</strong></span> <span class='ocrx_word' id='word_1_654' title='bbox 3162 2583 3308 2638; x_wconf 87' lang='lat' dir='ltr'><strong>ullus</strong></span> <span class='ocrx_word' id='word_1_655' title='bbox 3358 2597 3456 2639; x_wconf 85' lang='lat' dir='ltr'><strong>vos</strong></span> 
     </span>
    </p>
   </div>
   <div class='ocr_carea' id='block_1_88' title="bbox 1871 2674 3458 2748">
    <p class='ocr_par' dir='ltr' id='par_1_88' title="bbox 1871 2674 3458 2748">
     <span class='ocr_line' id='line_1_88' title="bbox 1871 2674 3458 2748; baseline -0.001 -17"><span class='ocrx_word' id='word_1_656' title='bbox 1871 2678 2052 2748; x_wconf 85' lang='lat' dir='ltr'><strong>capiat</strong></span> <span class='ocrx_word' id='word_1_657' title='bbox 2109 2678 2272 2732; x_wconf 87' lang='lat' dir='ltr'><strong>timor</strong></span> <span class='ocrx_word' id='word_1_658' title='bbox 2329 2693 2543 2742; x_wconf 90' lang='lat' dir='ltr'><strong>eorum,</strong></span> <span class='ocrx_word' id='word_1_659' title='bbox 2589 2676 2683 2746; x_wconf 85' lang='lat' dir='ltr'><strong>qui</strong></span> <span class='ocrx_word' id='word_1_660' title='bbox 2737 2676 3076 2731; x_wconf 83' lang='lat' dir='ltr'><strong>extrinsecus</strong></span> <span class='ocrx_word' id='word_1_661' title='bbox 3131 2674 3458 2744; x_wconf 62' lang='lat' dir='ltr'><strong>evangelica:</strong></span> 
     </span>
    </p>
   </div>
   <div class='ocr_carea' id='block_1_89' title="bbox 1872 2766 3454 2839">
    <p class='ocr_par' dir='ltr' id='par_1_89' title="bbox 1872 2766 3454 2839">
     <span class='ocr_line' id='line_1_89' title="bbox 1872 2766 3454 2839; baseline -0.003 -15"><span class='ocrx_word' id='word_1_662' title='bbox 1872 2769 2248 2839; x_wconf 66' lang='lat' dir='ltr'><strong>praedicationi</strong></span> <span class='ocrx_word' id='word_1_663' title='bbox 2287 2769 2556 2825; x_wconf 81' lang='lat' dir='ltr'><strong>resistunt</strong></span> <span class='ocrx_word' id='word_1_664' title='bbox 2589 2788 2602 2823; x_wconf 95' lang='lat'>:</span> <span class='ocrx_word' id='word_1_665' title='bbox 2634 2782 2822 2823; x_wconf 87' lang='lat' dir='ltr'><strong>verum</strong></span> <span class='ocrx_word' id='word_1_666' title='bbox 2858 2775 3053 2820; x_wconf 90' lang='lat' dir='ltr'><strong>contra</strong></span> <span class='ocrx_word' id='word_1_667' title='bbox 3103 2766 3204 2819; x_wconf 88' lang='lat' dir='ltr'><strong>hos</strong></span> <span class='ocrx_word' id='word_1_668' title='bbox 3232 2779 3454 2834; x_wconf 88' lang='lat' dir='ltr'><strong>quoque</strong></span> 
     </span>
    </p>
   </div>
   <div class='ocr_carea' id='block_1_90' title="bbox 1870 2855 3452 2932">
    <p class='ocr_par' dir='ltr' id='par_1_90' title="bbox 1870 2855 3452 2932">
     <span class='ocr_line' id='line_1_90' title="bbox 1870 2855 3452 2932; baseline -0.003 -17"><span class='ocrx_word' id='word_1_669' title='bbox 1870 2863 2040 2916; x_wconf 91' lang='lat' dir='ltr'><strong>robur</strong></span> <span class='ocrx_word' id='word_1_670' title='bbox 2061 2860 2311 2932; x_wconf 88' lang='lat' dir='ltr'><strong>accipite,</strong></span> <span class='ocrx_word' id='word_1_671' title='bbox 2332 2868 2388 2916; x_wconf 89' lang='lat' dir='ltr'><strong>et</strong></span> <span class='ocrx_word' id='word_1_672' title='bbox 2418 2875 2489 2915; x_wconf 90' lang='lat' dir='ltr'><strong>ne</strong></span> <span class='ocrx_word' id='word_1_673' title='bbox 2532 2859 2743 2914; x_wconf 88' lang='lat' dir='ltr'><strong>timete.</strong></span> <span class='ocrx_word' id='word_1_674' title='bbox 2778 2857 2923 2912; x_wconf 85' lang='lat' dir='ltr'><strong>Deus</strong></span> <span class='ocrx_word' id='word_1_675' title='bbox 2967 2857 3112 2911; x_wconf 81' lang='lat' dir='ltr'><strong>enim</strong></span> <span class='ocrx_word' id='word_1_676' title='bbox 3155 2865 3238 2911; x_wconf 92' lang='lat' dir='ltr'><strong>est</strong></span> <span class='ocrx_word' id='word_1_677' title='bbox 3271 2864 3325 2911; x_wconf 91' lang='lat' dir='ltr'><strong>et</strong></span> <span class='ocrx_word' id='word_1_678' title='bbox 3358 2855 3452 2911; x_wconf 88' lang='lat' dir='ltr'><strong>Dei</strong></span> 
     </span>
    </p>
   </div>
   <div class='ocr_carea' id='block_1_91' title="bbox 1870 2948 3453 3021">
    <p class='ocr_par' dir='ltr' id='par_1_91' title="bbox 1870 2948 3453 3021">
     <span class='ocr_line' id='line_1_91' title="bbox 1870 2948 3453 3021; baseline 0 -16"><span class='ocrx_word' id='word_1_679' title='bbox 1870 2952 2135 3018; x_wconf 77' lang='lat' dir='ltr'><strong>Verbum,</strong></span> <span class='ocrx_word' id='word_1_680' title='bbox 2174 2967 2284 3006; x_wconf 92' lang='lat' dir='ltr'><strong>non</strong></span> <span class='ocrx_word' id='word_1_681' title='bbox 2313 2959 2496 3007; x_wconf 92' lang='lat' dir='ltr'><strong>autem</strong></span> <span class='ocrx_word' id='word_1_682' title='bbox 2528 2950 2801 3021; x_wconf 88' lang='lat' dir='ltr'><strong>quispiam</strong></span> <span class='ocrx_word' id='word_1_683' title='bbox 2852 2948 2988 3004; x_wconf 85' lang='lat' dir='ltr'><strong>Mosi</strong></span> <span class='ocrx_word' id='word_1_684' title='bbox 3040 2948 3255 3015; x_wconf 87' lang='lat' dir='ltr'><strong>similis,</strong></span> <span class='ocrx_word' id='word_1_685' title='bbox 3288 2962 3353 3001; x_wconf 88' lang='lat' dir='ltr'><strong>ac</strong></span> <span class='ocrx_word' id='word_1_686' title='bbox 3382 2963 3453 3005; x_wconf 84' lang='lat' dir='ltr'><strong>ne</strong></span> 
     </span>
    </p>
   </div>
   <div class='ocr_carea' id='block_1_92' title="bbox 1870 3042 3449 3117">
    <p class='ocr_par' dir='ltr' id='par_1_92' title="bbox 1870 3042 3449 3117">
     <span class='ocr_line' id='line_1_92' title="bbox 1870 3042 3449 3117; baseline -0.001 -16"><span class='ocrx_word' id='word_1_687' title='bbox 1870 3048 2016 3102; x_wconf 84' lang='lat' dir='ltr'><strong>ullus</strong></span> <span class='ocrx_word' id='word_1_688' title='bbox 2048 3045 2268 3117; x_wconf 91' lang='lat' dir='ltr'><strong>quidem</strong></span> <span class='ocrx_word' id='word_1_689' title='bbox 2304 3044 2695 3115; x_wconf 88' lang='lat' dir='ltr'><strong>prophetarum</strong></span> <span class='ocrx_word' id='word_1_690' title='bbox 2740 3042 2871 3098; x_wconf 87' lang='lat' dir='ltr'><strong>huic</strong></span> <span class='ocrx_word' id='word_1_691' title='bbox 2899 3050 2983 3099; x_wconf 90' lang='lat' dir='ltr'><strong>est</strong></span> <span class='ocrx_word' id='word_1_692' title='bbox 3025 3042 3449 3112; x_wconf 88' lang='lat' dir='ltr'><strong>comparandus,</strong></span> 
     </span>
    </p>
   </div>
   <div class='ocr_carea' id='block_1_93' title="bbox 1870 3134 3448 3209">
    <p class='ocr_par' dir='ltr' id='par_1_93' title="bbox 1870 3134 3448 3209">
     <span class='ocr_line' id='line_1_93' title="bbox 1870 3134 3448 3209; baseline -0.004 -16"><span class='ocrx_word' id='word_1_693' title='bbox 1870 3140 1963 3209; x_wconf 89' lang='lat' dir='ltr'><strong>qui</strong></span> <span class='ocrx_word' id='word_1_694' title='bbox 1986 3154 2095 3195; x_wconf 92' lang='lat' dir='ltr'><strong>non</strong></span> <span class='ocrx_word' id='word_1_695' title='bbox 2128 3139 2304 3195; x_wconf 91' lang='lat' dir='ltr'><strong>solum</strong></span> <span class='ocrx_word' id='word_1_696' title='bbox 2336 3137 2605 3192; x_wconf 89' lang='lat' dir='ltr'><strong>miracula</strong></span> <span class='ocrx_word' id='word_1_697' title='bbox 2655 3136 2922 3192; x_wconf 89' lang='lat' dir='ltr'><strong>inusitata</strong></span> <span class='ocrx_word' id='word_1_698' title='bbox 2951 3134 3114 3190; x_wconf 90' lang='lat' dir='ltr'><strong>edere</strong></span> <span class='ocrx_word' id='word_1_699' title='bbox 3141 3135 3448 3199; x_wconf 88' lang='lat' dir='ltr'><strong>consuevit,</strong></span> 
     </span>
    </p>
   </div>
   <div class='ocr_carea' id='block_1_94' title="bbox 1868 3225 3450 3296">
    <p class='ocr_par' dir='ltr' id='par_1_94' title="bbox 1868 3225 3450 3296">
     <span class='ocr_line' id='line_1_94' title="bbox 1868 3225 3450 3296; baseline -0.002 -12"><span class='ocrx_word' id='word_1_700' title='bbox 1868 3244 2062 3285; x_wconf 78' lang='lat' dir='ltr'><strong>verum</strong></span> <span class='ocrx_word' id='word_1_701' title='bbox 2092 3229 2260 3283; x_wconf 91' lang='lat' dir='ltr'><strong>etiam</strong></span> <span class='ocrx_word' id='word_1_702' title='bbox 2284 3227 2442 3281; x_wconf 86' lang='lat' dir='ltr'><strong>vobis</strong></span> <span class='ocrx_word' id='word_1_703' title='bbox 2479 3226 2615 3296; x_wconf 91' lang='lat' dir='ltr'><strong>ipsis</strong></span> <span class='ocrx_word' id='word_1_704' title='bbox 2642 3226 2824 3280; x_wconf 90' lang='lat' dir='ltr'><strong>omnis</strong></span> <span class='ocrx_word' id='word_1_705' title='bbox 2866 3225 3203 3280; x_wconf 85' lang='lat' dir='ltr'><strong>fortitudinis</strong></span> <span class='ocrx_word' id='word_1_706' title='bbox 3235 3232 3288 3279; x_wconf 88' lang='lat' dir='ltr'><strong>et</strong></span> <span class='ocrx_word' id='word_1_707' title='bbox 3318 3240 3450 3281; x_wconf 83' lang='lat' dir='ltr'><strong>con-</strong></span> 
     </span>
    </p>
   </div>
   <div class='ocr_carea' id='block_1_95' title="bbox 1867 3318 3453 3389">
    <p class='ocr_par' dir='ltr' id='par_1_95' title="bbox 1867 3318 3453 3389">
     <span class='ocr_line' id='line_1_95' title="bbox 1867 3318 3453 3389; baseline -0.003 -11"><span class='ocrx_word' id='word_1_708' title='bbox 1867 3323 2086 3378; x_wconf 64' lang='lat' dir='ltr'><strong>stantia:</strong></span> <span class='ocrx_word' id='word_1_709' title='bbox 2116 3329 2312 3376; x_wconf 87' lang='lat' dir='ltr'><strong>auctor</strong></span> <span class='ocrx_word' id='word_1_710' title='bbox 2350 3318 2600 3375; x_wconf 81' lang='lat' dir='ltr'><strong>exsistit.</strong></span> <span class='ocrx_word' id='word_1_711' title='bbox 2625 3318 3026 3389; x_wconf 74' lang='lat' dir='ltr'><strong>Argumentum</strong></span> <span class='ocrx_word' id='word_1_712' title='bbox 3052 3334 3179 3373; x_wconf 85' lang='lat' dir='ltr'><strong>vero</strong></span> <span class='ocrx_word' id='word_1_713' title='bbox 3208 3319 3453 3374; x_wconf 87' lang='lat' dir='ltr'><strong>certissi-</strong></span> 
     </span>
    </p>
   </div>
   <div class='ocr_carea' id='block_1_96' title="bbox 1866 3408 3449 3479">
    <p class='ocr_par' dir='ltr' id='par_1_96' title="bbox 1866 3408 3449 3479">
     <span class='ocr_line' id='line_1_96' title="bbox 1866 3408 3449 3479; baseline -0.002 -14"><span class='ocrx_word' id='word_1_714' title='bbox 1866 3428 2016 3466; x_wconf 89' lang='lat' dir='ltr'><strong>mum</strong></span> <span class='ocrx_word' id='word_1_715' title='bbox 2052 3411 2219 3467; x_wconf 83' lang='lat' dir='ltr'><strong>fuerit</strong></span> <span class='ocrx_word' id='word_1_716' title='bbox 2241 3410 2443 3465; x_wconf 65' lang='lat' dir='ltr'><strong>divina:</strong></span> <span class='ocrx_word' id='word_1_717' title='bbox 2471 3410 2616 3478; x_wconf 87' lang='lat' dir='ltr'><strong>ejus,</strong></span> <span class='ocrx_word' id='word_1_718' title='bbox 2642 3423 2803 3477; x_wconf 90' lang='lat' dir='ltr'><strong>quem</strong></span> <span class='ocrx_word' id='word_1_719' title='bbox 2852 3408 3131 3479; x_wconf 76' lang='lat' dir='ltr'><strong>prophetae</strong></span> <span class='ocrx_word' id='word_1_720' title='bbox 3161 3416 3449 3462; x_wconf 89' lang='lat' dir='ltr'><strong>venturum</strong></span> 
     </span>
    </p>
   </div>
   <div class='ocr_carea' id='block_1_97' title="bbox 1866 3500 3450 3569">
    <p class='ocr_par' dir='ltr' id='par_1_97' title="bbox 1866 3500 3450 3569">
     <span class='ocr_line' id='line_1_97' title="bbox 1866 3500 3450 3569; baseline -0.003 -11"><span class='ocrx_word' id='word_1_721' title='bbox 1866 3505 2193 3559; x_wconf 88' lang='lat' dir='ltr'><strong>nuntiarunt</strong></span> <span class='ocrx_word' id='word_1_722' title='bbox 2246 3500 2550 3556; x_wconf 90' lang='lat' dir='ltr'><strong>Salvatoris</strong></span> <span class='ocrx_word' id='word_1_723' title='bbox 2585 3500 2760 3554; x_wconf 90' lang='lat' dir='ltr'><strong>nostri</strong></span> <span class='ocrx_word' id='word_1_724' title='bbox 2788 3500 3033 3561; x_wconf 81' lang='lat' dir='ltr'><strong>virtutis,</strong></span> <span class='ocrx_word' id='word_1_725' title='bbox 3070 3514 3167 3569; x_wconf 90' lang='lat' dir='ltr'><strong>per</strong></span> <span class='ocrx_word' id='word_1_726' title='bbox 3195 3515 3355 3569; x_wconf 88' lang='lat' dir='ltr'><strong>quam</strong></span> <span class='ocrx_word' id='word_1_727' title='bbox 3390 3515 3450 3555; x_wconf 82' lang='lat' dir='ltr'><strong>re</strong></span> 
     </span>
    </p>
   </div>
   <div class='ocr_carea' id='block_1_98' title="bbox 1864 3588 3449 3660">
    <p class='ocr_par' dir='ltr' id='par_1_98' title="bbox 1864 3588 3449 3660">
     <span class='ocr_line' id='line_1_98' title="bbox 1864 3588 3449 3660; baseline -0.003 -11"><span class='ocrx_word' id='word_1_728' title='bbox 1864 3610 1994 3650; x_wconf 86' lang='lat' dir='ltr'><strong>vera</strong></span> <span class='ocrx_word' id='word_1_729' title='bbox 2031 3602 2086 3648; x_wconf 91' lang='lat' dir='ltr'><strong>et</strong></span> <span class='ocrx_word' id='word_1_730' title='bbox 2116 3593 2367 3656; x_wconf 87' lang='lat' dir='ltr'><strong>claudos,</strong></span> <span class='ocrx_word' id='word_1_731' title='bbox 2408 3600 2463 3647; x_wconf 88' lang='lat' dir='ltr'><strong>et</strong></span> <span class='ocrx_word' id='word_1_732' title='bbox 2514 3608 2710 3658; x_wconf 71' lang='lat' dir='ltr'><strong>caecos,</strong></span> <span class='ocrx_word' id='word_1_733' title='bbox 2768 3602 2821 3647; x_wconf 93' lang='lat' dir='ltr'><strong>et</strong></span> <span class='ocrx_word' id='word_1_734' title='bbox 2871 3592 3039 3660; x_wconf 87' lang='lat' dir='ltr'><strong>lepris</strong></span> <span class='ocrx_word' id='word_1_735' title='bbox 3091 3588 3344 3654; x_wconf 82' lang='lat' dir='ltr'><strong>infectos,</strong></span> <span class='ocrx_word' id='word_1_736' title='bbox 3394 3598 3449 3644; x_wconf 84' lang='lat' dir='ltr'><strong>et</strong></span> 
     </span>
    </p>
   </div>
   <div class='ocr_carea' id='block_1_99' title="bbox 1866 3681 3448 3757">
    <p class='ocr_par' dir='ltr' id='par_1_99' title="bbox 1866 3681 3448 3757">
     <span class='ocr_line' id='line_1_99' title="bbox 1866 3681 3448 3757; baseline -0.003 -16"><span class='ocrx_word' id='word_1_737' title='bbox 1866 3686 2127 3743; x_wconf 83' lang='lat' dir='ltr'><strong>membris</strong></span> <span class='ocrx_word' id='word_1_738' title='bbox 2158 3684 2478 3757; x_wconf 77' lang='lat' dir='ltr'><strong>dissolutos.</strong></span> <span class='ocrx_word' id='word_1_739' title='bbox 2510 3685 2700 3751; x_wconf 80' lang='lat' dir='ltr'><strong>verbo,</strong></span> <span class='ocrx_word' id='word_1_740' title='bbox 2737 3691 2799 3739; x_wconf 90' lang='lat' dir='ltr'><strong>ut</strong></span> <span class='ocrx_word' id='word_1_741' title='bbox 2829 3681 3125 3753; x_wconf 65' lang='lat' dir='ltr'><strong>Scriptura:</strong></span> <span class='ocrx_word' id='word_1_742' title='bbox 3150 3697 3271 3752; x_wconf 64' lang='lat' dir='ltr'><strong>quae</strong></span> <span class='ocrx_word' id='word_1_743' title='bbox 3290 3684 3358 3737; x_wconf 89' lang='lat' dir='ltr'><strong>de</strong></span> <span class='ocrx_word' id='word_1_744' title='bbox 3382 3683 3448 3737; x_wconf 84' lang='lat' dir='ltr'><strong>il-</strong></span> 
     </span>
    </p>
   </div>
   <div class='ocr_carea' id='block_1_100' title="bbox 1865 3774 3445 3845">
    <p class='ocr_par' dir='ltr' id='par_1_100' title="bbox 1865 3774 3445 3845">
     <span class='ocr_line' id='line_1_100' title="bbox 1865 3774 3445 3845; baseline -0.003 -12"><span class='ocrx_word' id='word_1_745' title='bbox 1865 3778 1918 3833; x_wconf 92' lang='lat' dir='ltr'><strong>lo</strong></span> <span class='ocrx_word' id='word_1_746' title='bbox 1962 3784 2183 3834; x_wconf 79' lang='lat' dir='ltr'><strong>exstant</strong></span> <span class='ocrx_word' id='word_1_747' title='bbox 2234 3774 2395 3831; x_wconf 81' lang='lat' dir='ltr'><strong>[idem</strong></span> <span class='ocrx_word' id='word_1_748' title='bbox 2439 3774 2670 3840; x_wconf 81' lang='lat' dir='ltr'><strong>faciunt,</strong></span> <span class='ocrx_word' id='word_1_749' title='bbox 2725 3774 3022 3845; x_wconf 89' lang='lat' dir='ltr'><strong>aliquando</strong></span> <span class='ocrx_word' id='word_1_750' title='bbox 3053 3775 3350 3833; x_wconf 86' lang='lat' dir='ltr'><strong>sanaverit.</strong></span> <span class='ocrx_word' id='word_1_751' title='bbox 3380 3788 3445 3828; x_wconf 91' lang='lat' dir='ltr'><strong>ea</strong></span> 
     </span>
    </p>
   </div>
   <div class='ocr_carea' id='block_1_101' title="bbox 1864 3864 3445 3942">
    <p class='ocr_par' dir='ltr' id='par_1_101' title="bbox 1864 3864 3445 3942">
     <span class='ocr_line' id='line_1_101' title="bbox 1864 3864 3445 3942; baseline -0.004 -16"><span class='ocrx_word' id='word_1_752' title='bbox 1864 3887 1985 3942; x_wconf 70' lang='lat' dir='ltr'><strong>quae</strong></span> <span class='ocrx_word' id='word_1_753' title='bbox 2012 3871 2176 3925; x_wconf 91' lang='lat' dir='ltr'><strong>etiam</strong></span> <span class='ocrx_word' id='word_1_754' title='bbox 2204 3883 2355 3923; x_wconf 88' lang='lat' dir='ltr'><strong>nunc</strong></span> <span class='ocrx_word' id='word_1_755' title='bbox 2375 3867 2671 3923; x_wconf 87' lang='lat' dir='ltr'><strong>ellicaciam</strong></span> <span class='ocrx_word' id='word_1_756' title='bbox 2702 3881 2855 3922; x_wconf 90' lang='lat' dir='ltr'><strong>suam</strong></span> <span class='ocrx_word' id='word_1_757' title='bbox 2890 3881 2954 3920; x_wconf 81' lang='lat' dir='ltr'><strong>ex</strong></span> <span class='ocrx_word' id='word_1_758' title='bbox 2986 3866 3134 3921; x_wconf 91' lang='lat' dir='ltr'><strong>illius</strong></span> <span class='ocrx_word' id='word_1_759' title='bbox 3157 3864 3445 3919; x_wconf 88' lang='lat' dir='ltr'><strong>divinitate</strong></span> 
     </span>
    </p>
   </div>
   <div class='ocr_carea' id='block_1_102' title="bbox 1864 3955 3445 4034">
    <p class='ocr_par' dir='ltr' id='par_1_102' title="bbox 1864 3955 3445 4034">
     <span class='ocr_line' id='line_1_102' title="bbox 1864 3955 3445 4034; baseline -0.004 -15"><span class='ocrx_word' id='word_1_760' title='bbox 1864 3963 1921 4019; x_wconf 85' lang='lat' dir='ltr'><strong>in</strong></span> <span class='ocrx_word' id='word_1_761' title='bbox 1964 3972 2103 4027; x_wconf 95' lang='lat' dir='ltr'><strong>toto,</strong></span> <span class='ocrx_word' id='word_1_762' title='bbox 2134 3964 2229 4034; x_wconf 91' lang='lat' dir='ltr'><strong>qui</strong></span> <span class='ocrx_word' id='word_1_763' title='bbox 2262 3963 2332 4018; x_wconf 89' lang='lat' dir='ltr'><strong>ab</strong></span> <span class='ocrx_word' id='word_1_764' title='bbox 2379 3962 2697 4017; x_wconf 89' lang='lat' dir='ltr'><strong>hominibus</strong></span> <span class='ocrx_word' id='word_1_765' title='bbox 2729 3955 2989 4014; x_wconf 90' lang='lat' dir='ltr'><strong>incolitur</strong></span> <span class='ocrx_word' id='word_1_766' title='bbox 3013 3958 3166 4022; x_wconf 86' lang='lat' dir='ltr'><strong>orbe,</strong></span> <span class='ocrx_word' id='word_1_767' title='bbox 3198 3958 3445 4013; x_wconf 78' lang='lat' dir='ltr'><strong>ostendit</strong></span> 
     </span>
    </p>
   </div>
   <div class='ocr_carea' id='block_1_103' title="bbox 1862 4051 3445 4126">
    <p class='ocr_par' dir='ltr' id='par_1_103' title="bbox 1862 4051 3445 4126">
     <span class='ocr_line' id='line_1_103' title="bbox 1862 4051 3445 4126; baseline -0.003 -15"><span class='ocrx_word' id='word_1_768' title='bbox 1862 4057 2063 4121; x_wconf 90' lang='lat' dir='ltr'><strong>virtus,</strong></span> <span class='ocrx_word' id='word_1_769' title='bbox 2093 4071 2191 4126; x_wconf 91' lang='lat' dir='ltr'><strong>per</strong></span> <span class='ocrx_word' id='word_1_770' title='bbox 2239 4070 2403 4125; x_wconf 89' lang='lat' dir='ltr'><strong>quam</strong></span> <span class='ocrx_word' id='word_1_771' title='bbox 2441 4054 2605 4109; x_wconf 89' lang='lat' dir='ltr'><strong>rebus</strong></span> <span class='ocrx_word' id='word_1_772' title='bbox 2649 4052 2786 4123; x_wconf 85' lang='lat' dir='ltr'><strong>ipsis</strong></span> <span class='ocrx_word' id='word_1_773' title='bbox 2814 4062 2868 4107; x_wconf 89' lang='lat' dir='ltr'><strong>et</strong></span> <span class='ocrx_word' id='word_1_774' title='bbox 2898 4051 3058 4106; x_wconf 81' lang='lat' dir='ltr'><strong>factis</strong></span> <span class='ocrx_word' id='word_1_775' title='bbox 3088 4053 3268 4121; x_wconf 88' lang='lat' dir='ltr'><strong>qualis</strong></span> <span class='ocrx_word' id='word_1_776' title='bbox 3315 4058 3445 4106; x_wconf 92' lang='lat' dir='ltr'><strong>tunc</strong></span> 
     </span>
    </p>
   </div>
   <div class='ocr_carea' id='block_1_104' title="bbox 1862 4143 3443 4216">
    <p class='ocr_par' dir='ltr' id='par_1_104' title="bbox 1862 4143 3443 4216">
     <span class='ocr_line' id='line_1_104' title="bbox 1862 4143 3443 4216; baseline -0.001 -16"><span class='ocrx_word' id='word_1_777' title='bbox 1862 4161 2084 4216; x_wconf 79' lang='lat' dir='ltr'><strong>quoque</strong></span> <span class='ocrx_word' id='word_1_778' title='bbox 2117 4147 2282 4201; x_wconf 83' lang='lat' dir='ltr'><strong>fuerit</strong></span> <span class='ocrx_word' id='word_1_779' title='bbox 2312 4146 2401 4208; x_wconf 90' lang='lat' dir='ltr'><strong>iis,</strong></span> <span class='ocrx_word' id='word_1_780' title='bbox 2438 4145 2531 4215; x_wconf 93' lang='lat' dir='ltr'><strong>qui</strong></span> <span class='ocrx_word' id='word_1_781' title='bbox 2569 4144 2771 4199; x_wconf 90' lang='lat' dir='ltr'><strong>intueri</strong></span> <span class='ocrx_word' id='word_1_782' title='bbox 2805 4152 3059 4213; x_wconf 87' lang='lat' dir='ltr'><strong>possunt,</strong></span> <span class='ocrx_word' id='word_1_783' title='bbox 3093 4143 3397 4197; x_wconf 88' lang='lat' dir='ltr'><strong>ostenditur</strong></span> <span class='ocrx_word' id='word_1_784' title='bbox 3425 4158 3443 4199; x_wconf 92' lang='lat'><strong>:</strong></span> 
     </span>
    </p>
   </div>
   <div class='ocr_carea' id='block_1_105' title="bbox 1860 4235 3447 4313">
    <p class='ocr_par' dir='ltr' id='par_1_105' title="bbox 1860 4235 3447 4313">
     <span class='ocr_line' id='line_1_105' title="bbox 1860 4235 3447 4313; baseline -0.003 -19"><span class='ocrx_word' id='word_1_785' title='bbox 1860 4238 2027 4313; x_wconf 64' lang='grc'><strong>449</strong></span> <span class='ocrx_word' id='word_1_786' title='bbox 2051 4236 2270 4308; x_wconf 89' lang='lat' dir='ltr'><strong>quando</strong></span> <span class='ocrx_word' id='word_1_787' title='bbox 2303 4237 2356 4290; x_wconf 92' lang='lat' dir='ltr'><strong>in</strong></span> <span class='ocrx_word' id='word_1_788' title='bbox 2409 4247 2518 4297; x_wconf 87' lang='lat' dir='ltr'><strong>tam</strong></span> <span class='ocrx_word' id='word_1_789' title='bbox 2567 4236 2769 4289; x_wconf 91' lang='lat' dir='ltr'><strong>multos</strong></span> <span class='ocrx_word' id='word_1_790' title='bbox 2818 4250 2993 4289; x_wconf 90' lang='lat' dir='ltr'><strong>annos</strong></span> <span class='ocrx_word' id='word_1_791' title='bbox 3024 4241 3146 4304; x_wconf 92' lang='lat' dir='ltr'><strong>post</strong></span> <span class='ocrx_word' id='word_1_792' title='bbox 3190 4235 3280 4288; x_wconf 91' lang='lat' dir='ltr'><strong>illa</strong></span> <span class='ocrx_word' id='word_1_793' title='bbox 3322 4247 3447 4303; x_wconf 59' lang='lat' dir='ltr'><strong>qua</strong></span> 
     </span>
    </p>
   </div>
   <div class='ocr_carea' id='block_1_106' title="bbox 1863 4322 3442 4402">
    <p class='ocr_par' dir='ltr' id='par_1_106' title="bbox 1863 4322 3442 4402">
     <span class='ocr_line' id='line_1_106' title="bbox 1863 4322 3442 4402; baseline -0.006 -14"><span class='ocrx_word' id='word_1_794' title='bbox 1863 4332 2069 4402; x_wconf 86' lang='lat' dir='ltr'><strong>scripta</strong></span> <span class='ocrx_word' id='word_1_795' title='bbox 2106 4338 2234 4386; x_wconf 89' lang='lat' dir='ltr'><strong>sunt</strong></span> <span class='ocrx_word' id='word_1_796' title='bbox 2266 4329 2429 4384; x_wconf 89' lang='lat' dir='ltr'><strong>durat</strong></span> <span class='ocrx_word' id='word_1_797' title='bbox 2459 4328 2717 4391; x_wconf 88' lang='lat' dir='ltr'><strong>invictus,</strong></span> <span class='ocrx_word' id='word_1_798' title='bbox 2748 4335 2802 4381; x_wconf 92' lang='lat' dir='ltr'><strong>et</strong></span> <span class='ocrx_word' id='word_1_799' title='bbox 2845 4340 3038 4381; x_wconf 90' lang='lat' dir='ltr'><strong>revera</strong></span> <span class='ocrx_word' id='word_1_800' title='bbox 3071 4324 3164 4379; x_wconf 89' lang='lat' dir='ltr'><strong>Dei</strong></span> <span class='ocrx_word' id='word_1_801' title='bbox 3202 4322 3442 4380; x_wconf 78' lang='lat' dir='ltr'><strong>Verbum</strong></span> 
     </span>
    </p>
   </div>
   <div class='ocr_carea' id='block_1_107' title="bbox 1862 4415 3442 4494">
    <p class='ocr_par' dir='ltr' id='par_1_107' title="bbox 1862 4415 3442 4494">
     <span class='ocr_line' id='line_1_107' title="bbox 1862 4415 3442 4494; baseline -0.008 -14"><span class='ocrx_word' id='word_1_802' title='bbox 1862 4439 2008 4488; x_wconf 90' lang='lat' dir='ltr'><strong>esse,</strong></span> <span class='ocrx_word' id='word_1_803' title='bbox 2040 4421 2186 4494; x_wconf 88' lang='lat' dir='ltr'><strong>quod</strong></span> <span class='ocrx_word' id='word_1_804' title='bbox 2217 4422 2286 4476; x_wconf 89' lang='lat' dir='ltr'><strong>ab</strong></span> <span class='ocrx_word' id='word_1_805' title='bbox 2312 4422 2432 4492; x_wconf 89' lang='lat' dir='ltr'><strong>ipso</strong></span> <span class='ocrx_word' id='word_1_806' title='bbox 2462 4419 2846 4475; x_wconf 88' lang='lat' dir='ltr'><strong>denuntiatum</strong></span> <span class='ocrx_word' id='word_1_807' title='bbox 2864 4423 2970 4478; x_wconf 90' lang='lat' dir='ltr'><strong>est,</strong></span> <span class='ocrx_word' id='word_1_808' title='bbox 3011 4415 3442 4481; x_wconf 87' lang='lat' dir='ltr'><strong>demonstratur,</strong></span> 
     </span>
    </p>
   </div>
   <div class='ocr_carea' id='block_1_108' title="bbox 1863 4505 3444 4582">
    <p class='ocr_par' dir='ltr' id='par_1_108' title="bbox 1863 4505 3444 4582">
     <span class='ocr_line' id='line_1_108' title="bbox 1863 4505 3444 4582; baseline -0.006 -15"><span class='ocrx_word' id='word_1_809' title='bbox 1863 4519 2052 4582; x_wconf 90' lang='lat' dir='ltr'><strong>utpote</strong></span> <span class='ocrx_word' id='word_1_810' title='bbox 2080 4511 2225 4582; x_wconf 90' lang='lat' dir='ltr'><strong>quod</strong></span> <span class='ocrx_word' id='word_1_811' title='bbox 2268 4526 2461 4566; x_wconf 90' lang='lat' dir='ltr'><strong>omnes</strong></span> <span class='ocrx_word' id='word_1_812' title='bbox 2486 4510 2599 4580; x_wconf 90' lang='lat' dir='ltr'><strong>jam</strong></span> <span class='ocrx_word' id='word_1_813' title='bbox 2635 4509 2849 4566; x_wconf 87' lang='lat' dir='ltr'><strong>vicerit.</strong></span> <span class='ocrx_word' id='word_1_814' title='bbox 2887 4507 3202 4577; x_wconf 89' lang='lat' dir='ltr'><strong>quicunque</strong></span> <span class='ocrx_word' id='word_1_815' title='bbox 3229 4505 3299 4559; x_wconf 93' lang='lat' dir='ltr'><strong>ab</strong></span> <span class='ocrx_word' id='word_1_816' title='bbox 3334 4505 3444 4559; x_wconf 88' lang='lat' dir='ltr'><strong>ini-</strong></span> 
     </span>
    </p>
   </div>
   <div class='ocr_carea' id='block_1_109' title="bbox 1862 4592 3445 4666">
    <p class='ocr_par' dir='ltr' id='par_1_109' title="bbox 1862 4592 3445 4666">
     <span class='ocr_line' id='line_1_109' title="bbox 1862 4592 3445 4666; baseline -0.006 -14"><span class='ocrx_word' id='word_1_817' title='bbox 1862 4599 1940 4652; x_wconf 91' lang='lat' dir='ltr'><strong>tio</strong></span> <span class='ocrx_word' id='word_1_818' title='bbox 1989 4599 2046 4652; x_wconf 89' lang='lat' dir='ltr'><strong>in</strong></span> <span class='ocrx_word' id='word_1_819' title='bbox 2091 4603 2238 4654; x_wconf 90' lang='lat' dir='ltr'><strong>hunc</strong></span> <span class='ocrx_word' id='word_1_820' title='bbox 2285 4611 2462 4666; x_wconf 91' lang='lat' dir='ltr'><strong>usque</strong></span> <span class='ocrx_word' id='word_1_821' title='bbox 2510 4594 2654 4650; x_wconf 88' lang='lat' dir='ltr'><strong>diem</strong></span> <span class='ocrx_word' id='word_1_822' title='bbox 2703 4593 3011 4648; x_wconf 90' lang='lat' dir='ltr'><strong>doctrinam</strong></span> <span class='ocrx_word' id='word_1_823' title='bbox 3048 4592 3222 4661; x_wconf 90' lang='lat' dir='ltr'><strong>ipsius</strong></span> <span class='ocrx_word' id='word_1_824' title='bbox 3270 4606 3445 4662; x_wconf 83' lang='lat' dir='ltr'><strong>oppu-</strong></span> 
     </span>
    </p>
   </div>
   <div class='ocr_carea' id='block_1_110' title="bbox 1860 4682 3442 4758">
    <p class='ocr_par' dir='ltr' id='par_1_110' title="bbox 1860 4682 3442 4758">
     <span class='ocr_line' id='line_1_110' title="bbox 1860 4682 3442 4758; baseline -0.004 -16"><span class='ocrx_word' id='word_1_825' title='bbox 1860 4703 2029 4758; x_wconf 78' lang='lat' dir='ltr'><strong>gnare</strong></span> <span class='ocrx_word' id='word_1_826' title='bbox 2066 4688 2250 4743; x_wconf 90' lang='lat' dir='ltr'><strong>conati</strong></span> <span class='ocrx_word' id='word_1_827' title='bbox 2293 4688 2423 4753; x_wconf 91' lang='lat' dir='ltr'><strong>sint,</strong></span> <span class='ocrx_word' id='word_1_828' title='bbox 2459 4693 2612 4757; x_wconf 35' lang='lat' dir='ltr'><strong>etlex</strong></span> <span class='ocrx_word' id='word_1_829' title='bbox 2658 4684 2918 4739; x_wconf 88' lang='lat' dir='ltr'><strong>universo</strong></span> <span class='ocrx_word' id='word_1_830' title='bbox 2958 4684 3092 4737; x_wconf 89' lang='lat' dir='ltr'><strong>orbe</strong></span> <span class='ocrx_word' id='word_1_831' title='bbox 3122 4682 3442 4737; x_wconf 85' lang='lat' dir='ltr'><strong>innumera-</strong></span> 
     </span>
    </p>
   </div>
   <div class='ocr_carea' id='block_1_111' title="bbox 1859 4773 3442 4846">
    <p class='ocr_par' dir='ltr' id='par_1_111' title="bbox 1859 4773 3442 4846">
     <span class='ocr_line' id='line_1_111' title="bbox 1859 4773 3442 4846; baseline -0.003 -11"><span class='ocrx_word' id='word_1_832' title='bbox 1859 4780 1999 4835; x_wconf 91' lang='lat' dir='ltr'><strong>biles</strong></span> <span class='ocrx_word' id='word_1_833' title='bbox 2029 4785 2334 4834; x_wconf 87' lang='lat' dir='ltr'><strong>conventus</strong></span> <span class='ocrx_word' id='word_1_834' title='bbox 2364 4777 2430 4832; x_wconf 90' lang='lat' dir='ltr'><strong>ad</strong></span> <span class='ocrx_word' id='word_1_835' title='bbox 2480 4777 2725 4846; x_wconf 87' lang='lat' dir='ltr'><strong>seipsum</strong></span> <span class='ocrx_word' id='word_1_836' title='bbox 2770 4774 2992 4830; x_wconf 89' lang='lat' dir='ltr'><strong>assidue</strong></span> <span class='ocrx_word' id='word_1_837' title='bbox 3039 4773 3243 4836; x_wconf 88' lang='lat' dir='ltr'><strong>trahat,</strong></span> <span class='ocrx_word' id='word_1_838' title='bbox 3288 4780 3344 4829; x_wconf 91' lang='lat' dir='ltr'><strong>ct</strong></span> <span class='ocrx_word' id='word_1_839' title='bbox 3373 4775 3442 4830; x_wconf 91' lang='lat' dir='ltr'><strong>ab</strong></span> 
     </span>
    </p>
   </div>
   <div class='ocr_carea' id='block_1_112' title="bbox 1861 4868 3440 4942">
    <p class='ocr_par' dir='ltr' id='par_1_112' title="bbox 1861 4868 3440 4942">
     <span class='ocr_line' id='line_1_112' title="bbox 1861 4868 3440 4942; baseline -0.002 -16"><span class='ocrx_word' id='word_1_840' title='bbox 1861 4871 2008 4926; x_wconf 90' lang='lat' dir='ltr'><strong>omni</strong></span> <span class='ocrx_word' id='word_1_841' title='bbox 2037 4880 2284 4942; x_wconf 91' lang='lat' dir='ltr'><strong>peccato,</strong></span> <span class='ocrx_word' id='word_1_842' title='bbox 2319 4871 2685 4941; x_wconf 91' lang='lat' dir='ltr'><strong>omnibusque</strong></span> <span class='ocrx_word' id='word_1_843' title='bbox 2715 4869 2883 4923; x_wconf 88' lang='lat' dir='ltr'><strong>animi</strong></span> <span class='ocrx_word' id='word_1_844' title='bbox 2926 4875 2981 4924; x_wconf 93' lang='lat' dir='ltr'><strong>et</strong></span> <span class='ocrx_word' id='word_1_845' title='bbox 3011 4868 3440 4939; x_wconf 68' lang='lat' dir='ltr'><strong>perturbationi-</strong></span> 
     </span>
    </p>
   </div>
   <div class='ocr_carea' id='block_1_113' title="bbox 1860 4960 3440 5032">
    <p class='ocr_par' dir='ltr' id='par_1_113' title="bbox 1860 4960 3440 5032">
     <span class='ocr_line' id='line_1_113' title="bbox 1860 4960 3440 5032; baseline -0.002 -14"><span class='ocrx_word' id='word_1_846' title='bbox 1860 4963 1966 5018; x_wconf 90' lang='lat' dir='ltr'><strong>bus</strong></span> <span class='ocrx_word' id='word_1_847' title='bbox 1998 4973 2054 5017; x_wconf 90' lang='lat' dir='ltr'><strong>et</strong></span> <span class='ocrx_word' id='word_1_848' title='bbox 2083 4963 2290 5018; x_wconf 86' lang='lat' dir='ltr'><strong>morbis</strong></span> <span class='ocrx_word' id='word_1_849' title='bbox 2333 4977 2429 5017; x_wconf 92' lang='lat' dir='ltr'><strong>eos</strong></span> <span class='ocrx_word' id='word_1_850' title='bbox 2499 4963 2594 5032; x_wconf 93' lang='lat' dir='ltr'><strong>qui</strong></span> <span class='ocrx_word' id='word_1_851' title='bbox 2636 4961 2703 5015; x_wconf 91' lang='lat' dir='ltr'><strong>ad</strong></span> <span class='ocrx_word' id='word_1_852' title='bbox 2746 4975 2805 5015; x_wconf 86' lang='lat' dir='ltr'><strong>se</strong></span> <span class='ocrx_word' id='word_1_853' title='bbox 2836 4960 3190 5022; x_wconf 87' lang='lat' dir='ltr'><strong>accesserint.</strong></span> <span class='ocrx_word' id='word_1_854' title='bbox 3224 4960 3440 5026; x_wconf 83' lang='lat' dir='ltr'><strong>liberet,</strong></span> 
     </span>
    </p>
   </div>
   <div class='ocr_carea' id='block_1_114' title="bbox 1858 5050 3444 5123">
    <p class='ocr_par' dir='ltr' id='par_1_114' title="bbox 1858 5050 3444 5123">
     <span class='ocr_line' id='line_1_114' title="bbox 1858 5050 3444 5123; baseline -0.002 -15"><span class='ocrx_word' id='word_1_855' title='bbox 1858 5061 1915 5108; x_wconf 91' lang='lat' dir='ltr'><strong>et</strong></span> <span class='ocrx_word' id='word_1_856' title='bbox 1970 5053 2040 5109; x_wconf 88' lang='lat' dir='ltr'><strong>ad</strong></span> <span class='ocrx_word' id='word_1_857' title='bbox 2088 5053 2426 5123; x_wconf 77' lang='lat' dir='ltr'><strong>religiosam,</strong></span> <span class='ocrx_word' id='word_1_858' title='bbox 2484 5052 2743 5122; x_wconf 90' lang='lat' dir='ltr'><strong>piamque</strong></span> <span class='ocrx_word' id='word_1_859' title='bbox 2796 5050 3105 5105; x_wconf 89' lang='lat' dir='ltr'><strong>doctrinam</strong></span> <span class='ocrx_word' id='word_1_860' title='bbox 3162 5065 3325 5104; x_wconf 91' lang='lat' dir='ltr'><strong>omne</strong></span> <span class='ocrx_word' id='word_1_861' title='bbox 3386 5055 3444 5105; x_wconf 86' lang='lat' dir='ltr'><strong>et</strong></span> 
     </span>
    </p>
   </div>
   <div class='ocr_carea' id='block_1_115' title="bbox 1858 5140 3443 5213">
    <p class='ocr_par' dir='ltr' id='par_1_115' title="bbox 1858 5140 3443 5213">
     <span class='ocr_line' id='line_1_115' title="bbox 1858 5140 3443 5213; baseline -0.002 -15"><span class='ocrx_word' id='word_1_862' title='bbox 1858 5142 2174 5199; x_wconf 63' lang='lat' dir='ltr'><strong>Graecorum</strong></span> <span class='ocrx_word' id='word_1_863' title='bbox 2217 5151 2270 5198; x_wconf 93' lang='lat' dir='ltr'><strong>et</strong></span> <span class='ocrx_word' id='word_1_864' title='bbox 2320 5142 2676 5197; x_wconf 88' lang='lat' dir='ltr'><strong>barbarorum</strong></span> <span class='ocrx_word' id='word_1_865' title='bbox 2715 5156 2888 5213; x_wconf 77' lang='lat' dir='ltr'><strong>genus</strong></span> <span class='ocrx_word' id='word_1_866' title='bbox 2936 5141 3150 5206; x_wconf 87' lang='lat' dir='ltr'><strong>invitet,</strong></span> <span class='ocrx_word' id='word_1_867' title='bbox 3192 5140 3443 5195; x_wconf 84' lang='lat' dir='ltr'><strong>innume-</strong></span> 
     </span>
    </p>
   </div>
   <div class='ocr_carea' id='block_1_116' title="bbox 1858 5231 3442 5305">
    <p class='ocr_par' dir='ltr' id='par_1_116' title="bbox 1858 5231 3442 5305">
     <span class='ocr_line' id='line_1_116' title="bbox 1858 5231 3442 5305; baseline -0.002 -15"><span class='ocrx_word' id='word_1_868' title='bbox 1858 5236 2171 5305; x_wconf 82' lang='lat' dir='ltr'><strong>rabilesque</strong></span> <span class='ocrx_word' id='word_1_869' title='bbox 2223 5234 2292 5289; x_wconf 90' lang='lat' dir='ltr'><strong>ad</strong></span> <span class='ocrx_word' id='word_1_870' title='bbox 2337 5235 2502 5288; x_wconf 86' lang='lat' dir='ltr'><strong>unius</strong></span> <span class='ocrx_word' id='word_1_871' title='bbox 2541 5234 2768 5303; x_wconf 88' lang='lat' dir='ltr'><strong>verique</strong></span> <span class='ocrx_word' id='word_1_872' title='bbox 2816 5231 2910 5287; x_wconf 89' lang='lat' dir='ltr'><strong>Dei</strong></span> <span class='ocrx_word' id='word_1_873' title='bbox 2955 5232 3345 5303; x_wconf 79' lang='lat' dir='ltr'><strong>cognitionem,</strong></span> <span class='ocrx_word' id='word_1_874' title='bbox 3385 5239 3442 5287; x_wconf 86' lang='lat' dir='ltr'><strong>et</strong></span> 
     </span>
    </p>
   </div>
   <div class='ocr_carea' id='block_1_117' title="bbox 1859 5323 3438 5384">
    <p class='ocr_par' dir='ltr' id='par_1_117' title="bbox 1859 5323 3438 5384">
     <span class='ocr_line' id='line_1_117' title="bbox 1859 5323 3438 5384; baseline 0.001 -2"><span class='ocrx_word' id='word_1_875' title='bbox 1859 5342 2054 5384; x_wconf 89' lang='lat' dir='ltr'><strong>sanum</strong></span> <span class='ocrx_word' id='word_1_876' title='bbox 2106 5340 2173 5381; x_wconf 88' lang='lat' dir='ltr'><strong>ac</strong></span> <span class='ocrx_word' id='word_1_877' title='bbox 2211 5326 2552 5380; x_wconf 87' lang='lat' dir='ltr'><strong>moderatum</strong></span> <span class='ocrx_word' id='word_1_878' title='bbox 2582 5324 2802 5378; x_wconf 89' lang='lat' dir='ltr'><strong>vivendi</strong></span> <span class='ocrx_word' id='word_1_879' title='bbox 2835 5324 3148 5379; x_wconf 80' lang='lat' dir='ltr'><strong>institutum</strong></span> <span class='ocrx_word' id='word_1_880' title='bbox 3179 5323 3438 5383; x_wconf 73' lang='lat' dir='ltr'><strong>adducat;</strong></span> 
     </span>
    </p>
   </div>
   <div class='ocr_carea' id='block_1_118' title="bbox 1873 5416 3438 5490">
    <p class='ocr_par' dir='ltr' id='par_1_118' title="bbox 1873 5416 3438 5490">
     <span class='ocr_line' id='line_1_118' title="bbox 1873 5416 3438 5490; baseline 0 -17"><span class='ocrx_word' id='word_1_881' title='bbox 1873 5416 2330 5490; x_wconf 88' lang='lat' dir='ltr'><strong>quemadmodum</strong></span> <span class='ocrx_word' id='word_1_882' title='bbox 2364 5417 2620 5472; x_wconf 81' lang='lat' dir='ltr'><strong>videlicet</strong></span> <span class='ocrx_word' id='word_1_883' title='bbox 2649 5433 2772 5472; x_wconf 89' lang='lat' dir='ltr'><strong>cum</strong></span> <span class='ocrx_word' id='word_1_884' title='bbox 2821 5418 3033 5484; x_wconf 83' lang='lat' dir='ltr'><strong>deceat,</strong></span> <span class='ocrx_word' id='word_1_885' title='bbox 3061 5418 3156 5487; x_wconf 87' lang='lat' dir='ltr'><strong>qui</strong></span> <span class='ocrx_word' id='word_1_886' title='bbox 3195 5417 3438 5488; x_wconf 80' lang='lat' dir='ltr'><strong>supremi</strong></span> 
     </span>
    </p>
   </div>
   <div class='ocr_carea' id='block_1_119' title="bbox 1858 5507 3438 5577">
    <p class='ocr_par' dir='ltr' id='par_1_119' title="bbox 1858 5507 3438 5577">
     <span class='ocr_line' id='line_1_119' title="bbox 1858 5507 3438 5577; baseline 0.002 -13"><span class='ocrx_word' id='word_1_887' title='bbox 1858 5510 1958 5567; x_wconf 84' lang='lat' dir='ltr'><strong>Dei</strong></span> <span class='ocrx_word' id='word_1_888' title='bbox 1994 5511 2201 5566; x_wconf 89' lang='lat' dir='ltr'><strong>cultum</strong></span> <span class='ocrx_word' id='word_1_889' title='bbox 2248 5509 2585 5577; x_wconf 78' lang='lat' dir='ltr'><strong>proﬁteatur.</strong></span> <span class='ocrx_word' id='word_1_890' title='bbox 2617 5507 2926 5577; x_wconf 80' lang='lat' dir='ltr'><strong>Quinetiam</strong></span> <span class='ocrx_word' id='word_1_891' title='bbox 2975 5510 3062 5566; x_wconf 88' lang='lat' dir='ltr'><strong>hic</strong></span> <span class='ocrx_word' id='word_1_892' title='bbox 3109 5510 3252 5566; x_wconf 86' lang='lat' dir='ltr'><strong>idem</strong></span> <span class='ocrx_word' id='word_1_893' title='bbox 3292 5509 3438 5567; x_wconf 83' lang='lat' dir='ltr'><strong>Deus</strong></span> 
     </span>
    </p>
   </div>
   <div class='ocr_carea' id='block_1_120' title="bbox 1861 5600 3431 5673">
    <p class='ocr_par' dir='ltr' id='par_1_120' title="bbox 1861 5600 3431 5673">
     <span class='ocr_line' id='line_1_120' title="bbox 1861 5600 3431 5673; baseline -0.002 -15"><span class='ocrx_word' id='word_1_894' title='bbox 1861 5615 2069 5666; x_wconf 86' lang='lat' dir='ltr'><strong>noster,</strong></span> <span class='ocrx_word' id='word_1_895' title='bbox 2095 5609 2355 5671; x_wconf 88' lang='lat' dir='ltr'><strong>tanquam</strong></span> <span class='ocrx_word' id='word_1_896' title='bbox 2385 5602 2434 5656; x_wconf 90' lang='lat' dir='ltr'><strong>is</strong></span> <span class='ocrx_word' id='word_1_897' title='bbox 2456 5601 2548 5672; x_wconf 89' lang='lat' dir='ltr'><strong>qui</strong></span> <span class='ocrx_word' id='word_1_898' title='bbox 2572 5604 2644 5658; x_wconf 91' lang='lat' dir='ltr'><strong>sit</strong></span> <span class='ocrx_word' id='word_1_899' title='bbox 2678 5600 2769 5657; x_wconf 85' lang='lat' dir='ltr'><strong>Dei</strong></span> <span class='ocrx_word' id='word_1_900' title='bbox 2793 5600 3054 5665; x_wconf 75' lang='lat' dir='ltr'><strong>Verbum,</strong></span> <span class='ocrx_word' id='word_1_901' title='bbox 3094 5620 3113 5654; x_wconf 73' lang='grc' dir='ltr'><strong>ι</strong></span> <span class='ocrx_word' id='word_1_902' title='bbox 3139 5601 3431 5673; x_wconf 88' lang='lat' dir='ltr'><strong>judicium,</strong></span> 
     </span>
    </p>
   </div>
   <div class='ocr_carea' id='block_1_121' title="bbox 1864 5695 3435 5770">
    <p class='ocr_par' dir='ltr' id='par_1_121' title="bbox 1864 5695 3435 5770">
     <span class='ocr_line' id='line_1_121' title="bbox 1864 5695 3435 5770; baseline -0.003 -14"><span class='ocrx_word' id='word_1_903' title='bbox 1864 5699 2064 5770; x_wconf 78' lang='lat' dir='ltr'><strong>inquit,</strong></span> <span class='ocrx_word' id='word_1_904' title='bbox 2116 5697 2297 5754; x_wconf 87' lang='lat' dir='ltr'><strong>reddit</strong></span> <span class='ocrx_word' id='word_1_905' title='bbox 2345 5705 2400 5753; x_wconf 90' lang='lat' dir='ltr'><strong>et</strong></span> <span class='ocrx_word' id='word_1_906' title='bbox 2429 5696 2643 5763; x_wconf 78' lang='lat' dir='ltr'><strong>reddet,</strong></span> <span class='ocrx_word' id='word_1_907' title='bbox 2697 5697 2812 5767; x_wconf 88' lang='lat' dir='ltr'><strong>ipse</strong></span> <span class='ocrx_word' id='word_1_908' title='bbox 2856 5697 3037 5753; x_wconf 82' lang='lat' dir='ltr'><strong>veniet</strong></span> <span class='ocrx_word' id='word_1_909' title='bbox 3089 5704 3145 5753; x_wconf 89' lang='lat' dir='ltr'><strong>et</strong></span> <span class='ocrx_word' id='word_1_910' title='bbox 3193 5695 3435 5753; x_wconf 78' lang='lat' dir='ltr'><strong>servabit</strong></span> 
     </span>
    </p>
   </div>
  </div>
