3836 6220
409 301 513 357 699
1020 297 1295 356 EUSEBII
1331 294 1819 355 CESARIENSIS
1855 292 2007 350 ΟΡΡ.
2052 291 2232 350 PARS
2272 292 2338 351 ll.
2369 325 2439 336 —
2476 290 2980 349 APOLOGE'I‘ICA.
3575 289 3680 346 700

410 436 535 476 nos.
572 438 591 471 ι
625 416 761 473 Nam
791 424 852 474 ut
882 428 968 475 est
1009 419 1065 474 in
1100 419 1332 489 psalmo,
1380 417 1475 489 qui
1510 416 1624 471 ait:
1656 434 1676 467 ι
1706 414 1873 481 Deus,
1898 414 1969 484 ju-

2100 411 2181 464 Διὸ
2208 412 2411 466 καὶτὸν
2436 413 2623 483 καιρὸν
2645 411 2747 482 τῆς
2772 409 3073 484 παρουσίας
3097 407 3284 474 αὑτοῦ,
3307 407 3501 479 καιρὸν
3522 408 3682 460 ἀντα-

412 511 617 567 dicium
666 518 819 564 tuum
867 510 984 581 regi
1030 509 1098 563 da
1120 510 1189 575 “,
1220 528 1240 561 ι
1297 515 1466 579 utque
1509 517 1594 563 est
1635 507 1690 561 in
1739 506 1969 561 doctrin:

2100 504 2367 568 ποδόσεως
2388 507 2416 558 6
2443 504 2583 568 θεῖος
2609 503 2875 558 ἀποκαλεῖ
2899 502 3075 572 λόγος,
3103 503 3160 556 ὲν
3192 501 3399 573 ἑτέροις
3429 500 3674 570 φάσκων·

412 599 750 670 evangelica,
784 601 842 653 in
880 614 987 670 qua
1035 598 1170 653 illud
1215 598 1425 653 dictum
1473 607 1551 653 est
1587 617 1600 653 :
1633 616 1653 650 ι
1682 596 1846 651 Pater
1880 610 1990 651 non

408 691 622 763 judicat
640 691 973 761 quempiam,
989 690 1083 747 sed
1097 706 1259 747 omne
1270 690 1538 760 judicium
1559 688 1705 744 dedit
1727 688 1868 745 Filio
1883 688 1984 751 ⁹⁰,›

412 794 637 859 accepta
679 801 708 840 a
737 785 899 840 Patre
921 785 1209 856 judicandi
1244 791 1535 855 potestate,
1560 782 1690 838 dum
1721 783 1871 852 juste
1897 783 1990 853 ju-

410 879 579 945 dicat,
612 877 812 949 populo
841 877 1062 947 quidem
1090 877 1157 931 ad
1181 875 1657 932 circumcisionem
1693 876 1985 946 spectanti,

410 985 514 1040 pro
542 971 610 1026 iis
636 985 760 1040 qua:
784 975 839 1024 et
868 970 926 1024 in
961 969 1205 1039 seipsum
1230 976 1285 1023 et
1318 969 1375 1022 in
1395 968 1690 1039 prophetas
1712 983 1844 1023 suos
1866 968 1984 1024 ausi

408 1069 560 1126 sunt,
591 1067 872 1126 meritum,
907 1059 1349 1129 conveniensque
1374 1059 1702 1129 supplicium
1735 1061 1986 1129 assigna-
2022 1116 2031 1121 ς

403 1152 505 1219 vit,
536 1167 729 1207 omnes
763 1159 945 1205 autem
980 1150 1227 1215 omnino,
1261 1149 1354 1220 qui
1397 1150 1465 1205 ad
1502 1153 1679 1220 ipsum
1735 1164 1986 1204 accesse-

405 1252 537 1299 runt
565 1244 816 1300 homines
844 1259 909 1298 ex
943 1258 1100 1311 aequo
1132 1248 1191 1295 ut
1210 1241 1422 1312 justum
1452 1249 1558 1306 est,
1591 1242 1939 1296 conservavit
1966 1257 1981 1294 :

405 1352 640 1408 quorum
673 1337 860 1406 utique
899 1344 952 1389 et
990 1349 1153 1389 aures
1187 1342 1242 1389 et
1286 1334 1478 1389 oculos
1511 1334 1711 1389 mentis
1744 1335 1979 1404 aperuit.

403 1427 677 1495 Quocirca
711 1437 930 1497 tempus
973 1425 1120 1481 illius
1156 1425 1442 1490 adventus,
1488 1430 1706 1495 tempus
1742 1425 1982 1480 retribu-

403 1519 571 1574 tionis
602 1518 846 1572 divinum
878 1522 1036 1571 vocat
1072 1516 1380 1577 oraculum,
1423 1515 1569 1585 quod
1609 1515 1665 1568 in
1694 1515 1817 1571 aliis
1852 1516 1981 1571 item

403 1615 484 1668 sic
507 1613 582 1665 ait
611 1630 624 1666 :
657 1630 676 1663 ι
709 1608 918 1664 Vocare
939 1622 1144 1662 annum
1174 1605 1390 1662 Domini
1425 1615 1733 1677 acceptum,
1759 1615 1813 1662 et
1834 1607 1981 1663 diem

400 1703 786 1761 retributionis
809 1703 876 1756 ⁸³.
912 1720 930 1752 ›
960 1697 1134 1754 Porro
1155 1700 1260 1755 hoc
1295 1700 1398 1754 fuit
1426 1699 1806 1755 retributionis
1837 1706 1979 1754 tem-

400 1814 526 1869 pus,
569 1797 625 1851 in
663 1810 773 1865 quo
828 1794 1008 1848 onmis
1059 1792 1344 1864 sanguinis
1393 1791 1573 1855 ell'usi,
1626 1806 1658 1845 a
1709 1791 1978 1863 sanguine

397 1884 555 1948 Abel,
599 1898 772 1953 usque
819 1883 887 1936 ad
941 1880 1264 1952 sanguinem
1318 1879 1626 1948 Zacharim,
1678 1888 1734 1936 et
1794 1881 1977 1951 ipsum

399 1975 704 2045 pretiosum
752 1972 1077 2043 sanguinem
1124 1970 1280 2035 Jesu,
1312 1972 1450 2026 ultio
1500 1979 1719 2043 sumpta
1766 1981 1872 2037 est,
1924 1979 1980 2028 et

399 2066 727 2136 supplicium
775 2065 844 2119 de
878 2064 1095 2117 illorum
1144 2065 1386 2126 natione,
1439 2065 1534 2134 qui
1566 2065 1623 2118 in
1655 2064 1807 2119 illum
1850 2079 1981 2135 pee-

397 2166 682 2223 caverunt,
714 2172 887 2227 usque
915 2158 1073 2220 adeo,
1109 2163 1169 2211 ut
1198 2173 1261 2212 ex
1310 2158 1404 2212 illo
1446 2170 1748 2213 extremum
1787 2158 1978 2212 interi-

400 2258 514 2304 tum
540 2260 951 2321 extremamque
970 2255 1331 2307 vastationem
1359 2251 1706 2321 pertulerint.
1734 2249 1800 2304 Et
1827 2250 1975 2321 quod

395 2343 616 2413 quidem
659 2344 728 2398 ad
774 2345 897 2400 illos
938 2346 1172 2414 pertinet
1218 2342 1516 2413 judicium,
1560 2344 1728 2398 talem
1780 2352 1974 2398 contra

394 2434 520 2490 illos
553 2436 964 2491 retributionem
1004 2435 1254 2489 molitum
1288 2442 1413 2488 est:
1440 2450 1506 2488 ex
1544 2449 1655 2504 quo
1683 2433 1972 2504 prophetia

395 2525 477 2582 sic
507 2526 583 2580 ait
608 2545 621 2581 :
652 2545 670 2577 ι
700 2527 841 2582 Ecce
865 2527 1008 2582 Deus
1038 2534 1228 2581 noster
1250 2524 1519 2595 judicium
1557 2525 1737 2579 reddit
1767 2532 1824 2580 et
1849 2525 1974 2581 red-

392 2618 505 2674 det.
541 2636 560 2670 )
618 2602 774 2686 Quod
821 2635 950 2675 vero
995 2620 1064 2675 ad
1106 2619 1230 2674 illos
1275 2625 1519 2688 spectat,
1572 2621 1667 2689 qui
1719 2620 1973 2676 servandi

390 2718 541 2776 sunt,
574 2710 630 2766 in
676 2712 1037 2783 sequentibus
1067 2712 1366 2774 indicatur,
1415 2711 1525 2766 illis
1553 2712 1778 2766 verbis:
1805 2730 1824 2763 ι
1852 2711 1974 2782 Ipse

389 2802 593 2867 veniet,
626 2810 680 2857 et
709 2801 952 2858 servabit
986 2817 1087 2857 nos
1116 2820 1129 2856 :
1157 2809 1290 2856 tunc
1338 2800 1655 2872 aperientur
1682 2799 1825 2854 oculi
1861 2814 1968 2854 cae-

388 2904 603 2955 corum,
639 2898 694 2945 et
735 2905 896 2947 aures
930 2890 1221 2945 surdorum
1268 2890 1509 2956 audient,
1546 2908 1566 2941 ›
1603 2896 1656 2944 et
1708 2904 1831 2960 quae
1877 2904 1966 2946 se-

2011 1763 2052 1818 Β

2098 615 2118 648 ι
2146 595 2386 650 Καλέσαι
2413 595 2656 650 ἐνιαυτὸν
2678 593 2887 667 Κυρίου
2912 594 3120 658 δεκτὸν,
3153 593 3251 646 καὶ
3272 591 3486 664 ἡμέραν
3512 593 3678 644 ἀντα-

2092 684 2382 748 ποδόσεως.
2420 703 2440 736 ›
2477 678 2647 749 Οὗτος
2687 684 2744 737 δὲ
2780 679 2851 754 ἦν
2887 683 3082 753 καιρὸς
3112 683 3213 755 τῆς
3244 680 3675 747 ἀνταποδόσεως,

2089 775 2183 827 καὶ
2215 774 2336 827 καθ’
2367 774 2427 828 ὃν
2459 776 2569 828 πᾶν
2616 769 2756 846 αἷμα
2800 772 3031 844 ἐκχυθὲν
3077 773 3187 827 ἀπὸ
3228 773 3463 844 αἵματος
3512 772 3673 826 ’Δὸελ

2088 865 2194 930 ἕως
2217 866 2447 937 αἵματος
2481 865 2772 937 Ζαχαρίου,
2821 866 2915 919 ml
2959 864 3124 918 αὑτοῦ
3157 881 3223 932 γε
3254 861 3348 916 τοῦ
3379 862 3571 933 τιμίου
3596 864 3676 916 αῖ-

2092 976 2260 1029 ματος
2312 956 2508 1029 Ἰησοῦ,
2545 956 2881 1029 ὲκδεδίκηται
2919 955 3027 1010 ἀπὸ
3066 956 3168 1026 τῆς
3208 956 3401 1024 γενεᾶς
3444 954 3558 1008 τῶν
3599 958 3677 1020 εἰς

2087 1049 2251 1103 αὐτὸν
2285 1047 2854 1119 πεπλημμεληκότων,
2894 1046 2971 1110 ὡς
2995 1046 3055 1112 ἐξ
3079 1046 3290 1100 ἐκείνου
3323 1045 3416 1101 τὸν
3449 1046 3674 1117 ἔσχατον

2087 1142 2282 1204 αὐτοὺς
2319 1141 2611 1210 ὑπομεῖναι
2654 1138 2895 1210 ὄλεθρον,
2936 1139 3031 1192 καὶ
3061 1138 3162 1210 τὴν
3190 1138 3428 1208 ἐσχάτην
3452 1138 3674 1209 πολιορ-

2085 1235 2233 1287 κίαν.
2264 1233 2373 1287 Καὶ
2403 1234 2437 1303 ή
2476 1232 2574 1302 μὲν
2607 1231 2725 1285 κατ’
2750 1231 2990 1295 ἐκείνους
3016 1230 3194 1303 κρίσις
3213 1230 3469 1301 τοιαύτην
3488 1231 3677 1301 ἐποιή-

2087 1345 2217 1382 σατο
2250 1327 2371 1379 κατ’
2410 1323 2589 1378 αὐτῶν
2622 1325 2721 1396 τὴν
2761 1322 3135 1377 ἀνταπόδοσιν·
3164 1322 3245 1376 διό
3276 1340 3441 1393 φησιν
3474 1325 3509 1393 ἡ
3539 1339 3675 1394 προ-

2084 1419 2301 1489 φητεία·
2328 1436 2346 1468 ι
2390 1418 2520 1471 Ἰδοὺ
2546 1420 2573 1471 6
2597 1417 2730 1479 Θεὸς
2752 1416 2909 1488 ἡμῶν
2930 1415 3110 1488 κρίσιν
3136 1415 3530 1469 ἀνταποδίδωσι
3582 1416 3677 1468 καὶ

2083 1508 2473 1565 ἀνταποδώσει.
2511 1528 2529 1561 ι
2571 1510 2636 1562 Ἡ
2677 1508 2735 1562 δὲ
2761 1508 2892 1580 περὶ
2922 1508 3031 1562 τῶν
3060 1507 3126 1560 δι’
3160 1506 3325 1562 αὐτοῦ
3356 1507 3676 1578 σωθησομέ-

2082 1620 2188 1656 νων
2217 1602 2344 1673 ὲξῆς
2375 1601 2630 1671 δηλοῦται
2670 1600 2761 1654 διά
2791 1599 2886 1654 τοῦ
2905 1618 2918 1629 ·
2952 1619 2969 1651 ι
2997 1599 3172 1663 Αὐτὸς
3207 1598 3345 1670 ἥξει,
3379 1600 3478 1652 καὶ
3508 1598 3675 1652 σώσει

2082 1696 2249 1766 ἡμᾶς.
2278 1694 2414 1748 Τότε
2442 1692 2852 1765 ἀνοιχθήσονται
2878 1692 3149 1763 ὀφθαλμοὶ
3174 1692 3415 1762 τυφλῶν,
3442 1693 3541 1746 ml.
3561 1685 3679 1749 ὦτα

2081 1786 2280 1855 κωφῶν
2326 1785 2674 1850 ἀκούσονται,
2720 1804 2740 1837 ι
2773 1786 2868 1839 ml
2899 1784 2968 1837 τὰ
3011 1784 3159 1854 ἑξῆς.
3208 1783 3424 1853 Ταύτην
3470 1784 3533 1837 δὲ
3576 1785 3677 1855 τὴν

2083 1879 2351 1950 σωτήριον
2403 1878 2585 1951 κρίσιν
2632 1877 2727 1931 ml.
2777 1876 2913 1948 άλλη
2964 1876 3270 1949 προφητεία
3312 1876 3547 1940 ἐξοίσειν
3586 1877 3680 1931 τὸν

2080 1972 2315 2044 Χριστὸν
2336 1971 2731 2041 ἐπαγγέλλεται
2764 1971 3067 2040 φάσκουσαν
3102 1989 3122 2021 ι
3162 1970 3290 2024 Ἰδοὺ
3324 1972 3352 2023 6
3377 1974 3508 2034 παῖς
3546 1989 3676 2042 μου,

2081 2064 2444 2137 ἀντιλήψομαι
2468 2064 2654 2118 αὑτοῦ·
2688 2065 2716 2116 ὁ
2751 2062 3006 2125 ἐκλεκτός
3031 2079 3155 2133 μου,
3183 2062 3553 2133 προσεδέξατο
3572 2065 3676 2117 αὖ·

2077 2157 2167 2211 τὸν
2191 2159 2223 2229 ή
2255 2140 2398 2228 ψυχή
2438 2174 2558 2229 μου·
2590 2157 2770 2228 κρίσιν
2795 2158 2909 2219 τοῖς
2935 2155 3145 2208 ἔθνεσιν
3169 2155 3383 2222 ἐξοίσει.
3422 2176 3442 2207 ι
3466 2158 3561 2210 Διὸ
3579 2157 3677 2211 καὶ

2078 2249 2212 2320 περὶ
2238 2248 2332 2301 τοῦ
2359 2248 2527 2317 λόγου
2559 2249 2660 2319 τῆς
2693 2248 2888 2318 καινῆς
2915 2245 3191 2318 Διαθήκης
3220 2245 3457 2318 εἴρηται·
3501 2265 3521 2298 ι
3580 2247 3676 2300 Ἐκ

2075 2339 2184 2411 γὰρ
2230 2338 2367 2392 Σιὼν
2415 2339 2759 2406 ἐξελεύσεται
2806 2340 2991 2409 νόμος,
3035 2339 3130 2392 καὶ
3170 2338 3330 2408 λόγος
3370 2337 3587 2409 Κυρίου
3613 2335 3675 2404 ἐξ

2086 2430 2462 2503 Ἰερουσαλὴμ,
2483 2432 2575 2485 καὶ
2600 2433 2780 2502 κρινεῖ
2803 2430 2907 2484 ἀνά
2933 2431 3098 2502 μέσον
3123 2430 3232 2484 τῶν
3263 2430 3503 2500 ἐθνῶν.)
3530 2430 3672 2499 Κρί-

2074 2541 2156 2577 σει
2189 2524 2298 2596 γάρ
2331 2524 2452 2595 θεία
2496 2525 2590 2577 καὶ
2628 2524 2808 2594 λόγοις
2852 2525 2984 2595 ἡμῖν
3014 2524 3295 2595 ἀρρήτοις,
3338 2524 3437 2577 ml.
3460 2522 3535 2576 τὰ
3568 2522 3670 2593 τῆς

2070 2615 2315 2688 κλήσεως
2348 2616 2461 2669 τῶν
2508 2618 2590 2680 είς
2631 2616 2794 2670 αὑτὸν
2833 2615 3273 2688 ἐπιστρεφόντων
3314 2616 3466 2679 εἰκὸς
3502 2615 3668 2669 αὐτὸν

2068 2709 2333 2780 ἐνεργεῖν.
2376 2708 2537 2762 Ἀλλά
2569 2710 2666 2763 καὶ
2692 2709 2788 2779 τὴν
2817 2707 2968 2761 θείαν
2995 2708 3264 2762 διδάσκων
3285 2709 3438 2779 ἡμᾶς
3460 2707 3665 2779 κρίσιν,

2070 2801 2166 2854 καὶ
2192 2801 2367 2854 πάντα
2387 2801 2727 2873 κεκριμένως
2754 2802 2901 2872 ἡμᾶς
2934 2801 3193 2873 πράττειν
3219 2800 3518 2865 παιδεύων,
3539 2799 3663 2873 κρί-

2075 2908 2160 2945 σιν
2186 2893 2299 2954 τοῖς
2331 2890 2537 2945 ἔθνεσιν
2570 2890 2799 2956 ἐξοίσειν
2830 2892 3066 2961 λέγεται.

388 2991 656 3053 quuntur.
681 2983 795 3039 Hoc
822 3000 953 3040 vero
976 2985 1217 3041 salutare
1246 2984 1517 3055 judicium
1543 3001 1572 3038 a
1602 2984 1825 3041 Christo
1846 3000 1969 3042 esse
2005 2985 2420 3057 proferendum,
2453 2988 2561 3041 alia
2617 3004 2836 3058 quoque
2855 2989 3140 3059 pr0phetia
3170 2988 3483 3053 denuntiat,
3541 3002 3664 3059 quae

388 3080 471 3134 sie
514 3081 591 3133 ait
617 3100 628 3134 :
653 3079 818 3152 450
851 3100 869 3132 ι
898 3080 1040 3136 Ecce
1070 3096 1206 3150 puer
1235 3096 1413 3142 meus.
1464 3081 1763 3153 suscipiam
1799 3097 1923 3136 eum
1953 3100 1966 3136 :
2006 3083 2215 3138 electus
2252 3098 2428 3147 meus,
2466 3083 2709 3153 suscepit
2745 3098 2872 3138 eum
2937 3083 3120 3137 anima
3164 3098 3286 3136 mea
3344 3081 3665 3151 :judiciuni

389 3171 646 3242 gentibus
666 3172 904 3241 proferet
924 3175 994 3227 θ’.
1028 3192 1046 3224 ι
1083 3171 1324 3227 Proinde
1382 3173 1549 3229 etiam
1585 3175 1653 3228 de
1681 3173 1852 3229 verbo
1874 3172 2011 3229 Novi
2052 3173 2393 3231 Testamenti
2436 3173 2645 3229 dictum
2694 3181 2818 3229 est:
2856 3191 2876 3225 ‹
2937 3173 3015 3228 De
3063 3172 3194 3227 Sion
3234 3155 3428 3229 exibit.
3455 3174 3561 3237 lex,
3607 3187 3669 3231 et

385 3264 615 3318 verbum
666 3263 883 3318 Domini
929 3266 995 3320 de
1036 3264 1363 3332 Jerusalem,
1413 3275 1468 3322 et
1504 3266 1778 3337 judicabit
1818 3267 1964 3321 inter
1999 3280 2193 3338 gentes
2215 3270 2283 3322 ’⁸.
2352 3286 2372 3321 ι
2407 3265 2601 3321 Divino
2630 3266 2774 3321 enim
2798 3265 3031 3336 judicio,
3092 3264 3523 3335 rationibusque
3559 3280 3666 3319 no—

387 3354 474 3409 bis
517 3355 751 3409 occultis
791 3366 958 3426 atque
1006 3358 1374 3416 inelTahilibus
1405 3375 1468 3415 ea
1498 3376 1619 3430 qua:
1684 3361 1753 3415 ad
1796 3363 2135 3416 vocationem
2198 3360 2474 3433 pertinent
2533 3375 2749 3425 eorum,
2792 3358 2887 3431 qui
2919 3358 2989 3413 ad
3016 3358 3195 3429 ipsum
3237 3367 3664 3423 convertuntur,

387 3447 775 3504 administrare
842 3451 997 3505 illum
1040 3469 1140 3522 par
1184 3463 1290 3511 est.
1358 3454 1502 3521 Quin
1549 3456 1713 3510 etiam
1758 3455 1888 3512 dum
1931 3471 2035 3513 nos
2073 3456 2320 3511 divinum
2376 3456 2533 3511 docet
2573 3455 2866 3526 judicium,
2907 3453 3150 3525 dumque
3200 3459 3263 3508 ut
3307 3454 3491 3509 omnia
3532 3469 3669 3518 cum

381 3542 590 3614 judicio
621 3543 910 3612 faciamus,
948 3547 1207 3614 instituit,
1229 3549 1495 3619 judicium
1528 3551 1784 3622 gentibus
1822 3551 2026 3606 dicitur
2052 3551 2384 3623 prolaturus.

453 3661 534 3714 Ab
554 3661 753 3718 eodem.
783 3694 853 3704 —
872 3663 953 3719 De
977 3665 1142 3738 signis
1175 3677 1222 3720 et
1262 3667 1521 3737 prodigiis
1556 3684 1673 3739 quae
1701 3667 1889 3723 edidit.

460 3859 479 3893 ι
511 3840 667 3899 Tune
706 3844 983 3901 manifesti
1016 3857 1176 3901 erunt
1206 3846 1300 3917 qui
1336 3846 1556 3917 signant
1601 3856 1656 3903 et
1698 3847 1964 3903 claudunt

383 3930 581 4002 legem,
607 3949 675 3988 ne
696 3934 933 3991 discant.
965 3935 1190 3991 Etdicet
1219 3955 1232 3990 :
1266 3920 1612 4007 Eispectabo
1649 3937 1843 4001 Deum,
1867 3938 1959 4007 qui

382 4025 583 4078 avertit
628 4024 825 4083 faciem
865 4042 1021 4082 suam
1071 4043 1102 4082 a
1137 4029 1300 4085 dOIIIO
1348 4028 1538 4097 Jacob,
1590 4041 1643 4084 et
1681 4029 1961 4086 confidens

379 4132 477 4173 ero
511 4119 751 4187 in'ipso.
804 4119 947 4176 Ecce
987 4136 1086 4193 ego
1131 4134 1186 4178 et
1232 4126 1407 4194 pueri,
1442 4138 1580 4194 quos
1630 4122 1763 4177 mihi
1810 4124 1961 4178 dedit

379 4208 543 4265 Deus.
593 4209 657 4264 Et
686 4222 850 4267 erunt
896 4214 1050 4284 signa
1097 4223 1149 4269 et
1197 4215 1444 4287 prodigia
1492 4215 1745 4272 inlsrael
1775 4231 1805 4270 a
1852 4216 1959 4271 Do-

378 4302 529 4356 mino
573 4301 838 4368 Sabaoth,
893 4306 980 4374 qui
1031 4306 1238 4361 habitat
1267 4300 1319 4361 in
1360 4315 1545 4363 monte
1591 4308 1768 4362 Sion:
1810 4317 1864 4364 et
1910 4308 1957 4363 si

378 4393 620 4450 dixerint
651 4395 720 4449 ad
749 4412 866 4459 vos,
900 4397 1128 4466 quaerite
1167 4397 1466 4470 Pythonas,
1514 4407 1568 4455 et
1610 4416 1729 4465 eos,
1766 4401 1859 4470 qui
1889 4402 1957 4455 de

378 4491 525 4539 terra
572 4500 735 4541 voces
778 4486 970 4550 edunt,
1007 4488 1101 4558 qui
1145 4490 1329 4544 inania
1374 4491 1697 4560 loquuntur,
1745 4494 1841 4562 qui
1888 4491 1956 4547 de

377 4583 568 4630 ventre
596 4590 759 4632 voces
790 4578 1072 4632 emittunt.
1120 4579 1239 4634 Non
1279 4597 1413 4651 gens
1454 4582 1522 4638 ad
1554 4583 1725 4639 Deum
1759 4583 1955 4639 suum?

378 4664 510 4734 quid
554 4666 855 4736 exquirunt
897 4668 966 4723 de
1020 4670 1332 4727 viventibus
1390 4687 1420 4726 a
1470 4675 1743 4731 mortuis?
1781 4674 1952 4747 legem

377 4757 522 4811 enim
544 4757 599 4811 in
640 4759 904 4813 auxilium
935 4760 1085 4815 dedit
1105 4762 1172 4815 9‘.
1207 4782 1224 4814 ι
1252 4761 1457 4820 Paulus
1485 4765 1705 4835 quidem
1733 4775 1954 4838 aposto-

380 4849 469 4906 lus
497 4850 553 4905 in
585 4851 819 4920 epistola
847 4852 913 4907 ad
943 4852 1222 4920 llebrmos,
1248 4857 1429 4912 citans
1467 4858 1633 4928 hujus
1661 4859 1768 4913 loci
1787 4862 1952 4916 verba

380 4941 472 4996 illa
505 4960 520 4996 :
559 4961 577 4994 ι
611 4941 749 4998 Ecce
775 4959 876 5015 ego
904 4952 959 4999 et
992 4947 1167 5015 pueri,
1203 4963 1343 5017 quos
1379 4948 1530 5003 dedit
1568 4950 1700 5004 mihi
1726 4949 1870 5006 Deus
1891 4971 1903 5005 :
1926 4970 1945 5003 ι

1989 3677 2032 3733 C
2078 3667 2210 3724 Ἀπὸ
2240 3666 2348 3721 τοῦ
2374 3668 2580 3721 αὐτοῦ.
2633 3696 2705 3733 --_
2724 3664 2865 3732 Περὶ
2910 3661 3327 3733 τῶν-σημείων
3356 3661 3458 3715 καὶ
3490 3661 3666 3730 τερά-

2495 3753 2632 3801 των,
2664 3729 2752 3789 ὧν
2775 3729 3227 3810 κατειργάσατο.

2199 3849 2331 3905 Τότε
2353 3849 2577 3920 φανεροὶ
2600 3847 2816 3902 ἔσονται
2835 3848 2884 3900 οἱ
2912 3842 3339 3918 σφραγιςόμενοι
3359 3842 3453 3898 τὸν
3471 3843 3663 3915 νόμον,

2068 3941 2161 3995 τοῦ
2198 3941 2272 4014 μὴ
2308 3942 2515 4012 μαθεῖν,
2567 3941 2676 3995 Καὶ
2719 3941 2864 4012 ἐρεῖ·
2896 3937 3060 3992 Μενῶ
3090 3936 3181 3989 τὸν
3215 3936 3368 4001 Θεὸν,
3398 3936 3667 3990 τὸνάπο-

2071 4035 2375 4107 στρέψαντα
2393 4034 2453 4086 τὸ
2479 4032 2767 4105 πρόσωπον
2797 4029 2963 4084 αὐτοῦ
2998 4029 3107 4082 ἀπὸ
3132 4026 3227 4081 τοῦ
3251 4027 3404 4080 οἴκου
3436 4026 3661 4093 Ἰακὼϐ,

2066 4127 2161 4181 καὶ
2183 4125 2456 4189 πεποιθὼς
2478 4124 2674 4195 ἔσομαι
2699 4123 2785 4177 ἐπ’
2808 4121 2977 4194 αὐτῷ.
3013 4120 3145 4174 Ἰδοὺ
3163 4118 3293 4189 ἐγὼ,
3325 4119 3419 4172 καὶ
3441 4120 3512 4172 τὰ
3535 4137 3666 4172 παι-

2065 4219 2154 4273 δία
2181 4219 2217 4273 ἆ
2248 4235 2337 4289 μοι
2356 4217 2554 4271 ἔδωκεν
2573 4217 2601 4269 6
2623 4215 2777 4280 Θεός.
2800 4214 2910 4268 Καὶ
2932 4213 3086 4266 ἔσται
3107 4214 3308 4283 σημεῖα
3334 4212 3431 4265 ml.
3450 4211 3664 4283 τέρατα

2064 4314 2123 4364 ὲν
2149 4311 2228 4383 τῷ
2267 4309 2479 4383 Ἰσραὴλ
2517 4307 2668 4380 παρὰ
2694 4306 2898 4379 Κυρίου
2933 4303 3158 4359 Σαϐαὼθ
3181 4344 3196 4369 ,
3226 4303 3288 4367 ὃς
3314 4307 3573 4356 κατοικεῖ
3603 4307 3661 4357 ἐν

2064 4403 2143 4476 τῷ
2170 4405 2284 4478 ὄρει
2324 4403 2482 4457 Σιὼψ
2520 4403 2615 4456 καὶ
2646 4400 2741 4456 ὲάν
2776 4400 2973 4454 εἴπωσι
3006 4398 3143 4470 πρὸς
3172 4398 3337 4468 ὑμᾶς·
3371 4398 3660 4468 Ζητήσατε

2062 4497 2190 4558 τοὺς
2215 4492 2707 4565 ἐγγαστριμύθους,
2748 4493 2842 4546 καὶ
2872 4493 3001 4555 τοὺς
3031 4489 3141 4544 ἀπὸ
3175 4490 3280 4560 γῆς
3318 4490 3656 4558 φωνοῦντας,

2061 4588 2189 4651 τοὺς
2220 4585 2654 4655 κενολογοῦντας,
2683 4585 2732 4638 οἳ
2758 4586 2822 4638 ὲκ
2840 4585 2942 4654 τῆς
2973 4583 3178 4646 κοιλίας
3210 4581 3506 4652 φωνοῦσιν.
3540 4585 3657 4638 Οὐκ

2061 4678 2213 4741 ἔθνος
2247 4679 2382 4751 πρὸς
2406 4677 2537 4731 Θεὸν
2571 4675 2773 4741 ain-oi};
2807 4676 2862 4729 τί
2892 4673 3181 4747 ἐπιζητοῦσι
3218 4674 3349 4745 περὶ
3376 4673 3487 4727 τῶν
3518 4673 3652 4738 ζών-

2059 4788 2169 4825 των
2194 4771 2318 4835 τοὺς
2347 4770 2601 4843 νεκρούς;
2641 4770 2805 4841 νόμον
2836 4767 2946 4840 γὰρ
2977 4770 3059 4831 είς
3090 4766 3343 4838 βοήθειαν
3371 4766 3598 4821 ἔδωκεν.
3632 4787 3651 4819 ι

2074 4864 2162 4916 Ἐν
2201 4865 2266 4934 τῇ
2314 4863 2451 4934 πρὸς
2495 4861 2782 4934 Ἐϐραίους
2815 4860 3071 4931 ἐπιστολῇ
3117 4859 3388 4929 παραθεὶς
3422 4862 3453 4914 6
3488 4861 3654 4914 Ἀπό-

2064 4954 2248 5018 στολος
2273 4954 2372 5026 τὴν
2401 4955 2712 5024 φάσκουσαν
2736 4952 2904 5019 λέξιν·
2935 4971 2953 5004 ι
2995 4952 3124 5005 Ἰδοὺ
3148 4950 3281 5020 ἐγὼ,
3312 4953 3409 5005 καὶ
3432 4952 3503 5005 τὰ
3526 4969 3657 5007 παι-

378 5037 698 5106 exsequitur
757 5039 1195 5108 explanationem
1260 5041 1329 5097 de
1383 5041 1647 5107 Christo,
1695 5044 1887 5099 dicens
1934 5062 1947 5099 :

2102 5065 2137 5099 α
2169 5046 2206 5100 ἆ
2247 5063 2335 5117 μοι
2371 5046 2570 5100 ἔδωκεν
2608 5046 2636 5098 6
2679 5046 2831 5109 Θεὸς,
2872 5063 2890 5096 ι
2928 5041 3356 5116 ὲπεξεργάζεται
3388 5046 3516 5117 περὶ
3554 5044 3653 5099 τοῦ

384 5144 405 5178 ι
433 5125 572 5193 Quia
611 5144 742 5198 ergo
784 5130 938 5198 pueri
969 5134 1514 5189 communicaverunt
1544 5135 1706 5191 'carni
1737 5143 1791 5192 et
1824 5150 1957 5191 san—

377 5218 553 5288 guini,
596 5230 650 5274 et
685 5220 803 5290 ipse
834 5222 1086 5278 similiter
1118 5226 1465 5297 participavit
1507 5228 1735 5293 eisdem,
1772 5236 1832 5282 ut
1858 5243 1956 5298 per

380 5319 609 5367 mortem
641 5315 947 5370 destrueret
964 5332 1089 5372 eum
1112 5319 1206 5388 qui
1232 5320 1461 5374 habebat
1488 5320 1780 5391 imperium
1806 5336 1954 5376 mor-

377 5405 449 5460 tis
473 5405 538 5458 ".
583 5424 601 5456 ι
639 5404 847 5463 Pueros
890 5416 1073 5464 autem
1119 5426 1251 5466 suos
1280 5411 1386 5467 hoc
1421 5413 1478 5467 in
1522 5414 1642 5468 loco
1675 5415 1954 5484 apostolos

375 5496 643 5564 nominat,
691 5514 788 5568 per
818 5515 958 5570 quos
996 5498 1288 5558 Dominum
1330 5501 1572 5560 Sabaoth
1601 5505 1697 5576 qui
1742 5505 1954 5562 habitat

449 5717 869 5801 "_Ps:ll_._L_!gx_t,
906 5723 959 5776 2.
1058 5726 1115 5801 ὀἳ
1153 5723 1311 5781 Joan.
1349 5742 1416 5801 v,
1452 5729 1540 5787 22.

381 5789 570 5846 ιιι-19.
648 5794 694 5824 π
736 5793 899 5852 Hebr.
938 5810 1011 5863 ιι,
1052 5794 1137 5850 ιι.

1647 5732 1692 5767 ’⁸
1735 5732 1838 5790 lsa.
1875 5748 2000 5801 ιιι,
2030 5733 2085 5791 2.

2062 5139 2300 5211 Χριστοῦ
2328 5139 2521 5207 λέγων’
2560 5159 2578 5190 ι
2627 5139 2781 5192 Ἐπεὶ
2808 5134 2900 5192 οῦν
2935 5136 3006 5190 τὰ
3032 5136 3217 5190 παιδία
3249 5138 3654 5205 κεκοινώνηκεν

2053 5234 2286 5304 αἵματος
2306 5232 2402 5297 καὶ
2420 5233 2642 5303 σαρκὸς,
2672 5234 2768 5287 ml.
2796 5232 2958 5296 αὐτὸς
2983 5229 3388 5301 παραπλησίως
3415 5231 3649 5302 μετέσχε

2051 5323 2160 5377 τῶν
2192 5324 2392 5388 αὐτῶν,
2439 5314 2659 5378 ἵνα’διά
2697 5322 2791 5377 τοῦ
2829 5322 3058 5377 θανάτου
3095 5324 3423 5395 καταργήσῃ
3461 5322 3555 5374 τὸν
3588 5321 3651 5375 τὸ

2053 5417 2255 5488 κράτος
2304 5417 2497 5489 ἔχοντα
2541 5417 2635 5471 τοῦ
2681 5416 2933 5471 θανάτου.
2974 5436 2993 5468 ι
3027 5415 3233 5478 Παῖδας
3272 5414 3332 5469 δὲ
3373 5413 3541 5470 αὑτοῦ
3588 5416 3649 5467 ἐν

2051 5507 2260 5574 τούτοις
2281 5511 2407 5574 τοὺς
2439 5509 2771 5573 ἀποστόλους
2794 5507 3068 5579 ὀνομάζει,
3094 5509 3181 5578 ἐφ’
3200 5500 3280 5562 ὧν
3312 5509 3518 5580 σημεῖα
3550 5506 3648 5560 καὶ

2190 5736 2237 5769 ⁸⁸
2276 5734 2380 5791 lsa.
2413 5752 2523 5793 χιιι
2548 5777 2562 5806 ,
2602 5738 2652 5793 1.
2750 5737 2797 5769 ⁸³
2838 5735 2943 5795 lsa.
2976 5749 3050 5802 lt,
3082 5732 3198 5802 5,4.
3277 5734 3322 5768 "'
3361 5733 3468 5792 13a.
3502 5749 3643 5801 vlu,
