3836 6220
178 290 280 348 701

1085 287 1739 347 υΕΜοΝδΤΜΤιοΝιε
1787 285 2252 361 ΕἾΑΝΟΕῌΟᾸΞ
2287 283 2419 343 LIB.
2456 284 2551 339 IX.
2584 334 2585 337 η

3331 285 3436 341 702

173 412 383 483 τέρατα
406 410 467 465 ὲν
490 409 570 483 τῷ
599 409 733 480 οἰκῳ
771 408 987 482 Ἰσραὴλ
1017 410 1265 480 ποιήσειν
1296 407 1389 462 τὸν
1417 406 1622 478 Κύριον
1652 408 1750 462 Σα-

1865 406 1921 460 ἰη
1953 415 2139 462 monte
2186 403 2339 465 Sion.
2375 404 2527 473 signa
2568 407 2624 458 et
2667 400 2914 473 prodigia
2961 402 3017 456 in
3053 400 3224 457 'domo
3263 402 3432 457 Israel

175 502 353 566 ϐαὼθ,
387 504 480 557 τὸν
522 501 881 556 κατοικοῦντα
925 503 982 554 ὲν
1020 499 1098 571 τῷ
1146 500 1263 572 δρει
1298 498 1457 562 Σιὼν,
1495 498 1754 552 διδάσκει·

173 593 404 658 τούτους
429 594 488 648 δὲ
513 595 709 657 αὐτοὺς
739 592 1005 664 φανεροὺς
1032 591 1249 646 ἔσεσθαι
1274 590 1516 662 συνήθως
1538 592 1669 663 ἡμῖν
1692 589 1762 643 τά

171 687 452 758 πρόσωπα
488 684 954 759 σφραγεζομένους
987 685 1054 755 τῇ
1086 681 1180 736 τοῦ
1210 681 1447 754 Χριστοῦ
1483 682 1757 753 σφραγῖδι,

173 778 603 851 παιδευομένους
632 794 693 831 τε
720 773 915 850 μηκέτι
938 777 1029 831 τὸν
1060 776 1336 839 Μωῦσέως
1357 775 1518 846 νόμον
1557 773 1761 846 μανθά-

172 889 316 937 νειν,
343 871 421 943 τῷ
454 870 652 943 μηκέτι
676 870 996 924 συνεστάναι
1026 868 1208 931 αὑτὸν,
1233 867 1326 923 καὶ
1349 866 1426 938 τῷ
1454 867 1544 921 τὸν
1565 866 1761 921 καλού-

178 980 344 1034 μενον
392 960 541 1017 οἷκον
605 960 798 1017 Ἰακὼϐ
843 957 1258 1029 καταλελεῖφθαι
1311 959 1416 1017 ὑπὸ
1451 957 1546 1015 τοῦ
1599 957 1756 1011 Θεοῦ·

174 1054 408 1125 ἀσαφῶς
427 1055 484 1108 δὲ
503 1054 661 1127 παρά
687 1057 800 1119 τοῖς
827 1054 1222 1125 Ἑϐδομήκοντα
1244 1051 1549 1124 εἰρημένον·
1582 1070 1602 1102 ί
1626 1050 1758 1107 Τότε

176 1147 411 1220 φανεροὶ
449 1147 663 1201 ἔσονται
693 1148 744 1200 οἰ
772 1145 1194 1219 σφραγιζιὴιενοι
1230 1143 1322 1198 τὸν
1360 1144 1522 1214 νόμον
1551 1141 1646 1196 τοῦ
1684 1141 1758 1214 μὴ

179 1238 398 1310 μαθεῖν.
442 1238 554 1293 Καὶ
587 1239 720 1310 ὲρεῖ·
750 1237 916 1292 Μενῶ
939 1237 1029 1292 τὸν
1055 1237 1187 1291 Θεὸν
1221 1236 1312 1290 τὸν
1341 1233 1760 1306 ἀποστρέψαντα

172 1330 239 1383 τὸ
261 1330 551 1402 πρόσωπον
567 1327 728 1383 αὐτοῦ
753 1328 861 1382 ἀπὸ
875 1328 967 1383 τοῦ
983 1328 1133 1382 οἴκου
1149 1325 1361 1391 Ἰακὼϐ,
1382 1326 1474 1380 καὶ
1488 1322 1762 1387 πεποιθὼς

172 1421 376 1490 ἔσομαι
399 1423 485 1475 ἐπ’
505 1420 669 1492 αὐτῷ.
705 1438 724 1471 ι
757 1421 1094 1492 Σαφέστερον
1126 1421 1154 1472 6
1185 1418 1477 1491 Σύμμαχος
1501 1416 1760 1481 ἐξέδωκεν

174 1512 373 1568 εἰπών·
415 1533 434 1566 ι
464 1515 636 1585 Δῆσον
678 1512 991 1586 μαρτύριον,
1035 1513 1332 1584 σφράγισον
1367 1512 1529 1582 νόμον
1561 1513 1619 1564 ὲν
1647 1513 1761 1575 τοῖς

170 1603 510 1676 διατάγμασί
563 1622 686 1676 μου.
740 1605 850 1658 Καὶ
888 1602 1241 1676 προσδοκήσω
1277 1602 1368 1656 τὸν
1414 1601 1618 1673 Κύριον
1666 1600 1759 1654 τὸν

171 1695 450 1765 κρυϐόντα
481 1697 542 1751 τὸ
573 1697 863 1769 πρόσωπον
892 1695 1056 1750 αὐτοῦ
1084 1694 1192 1749 ἀπὸ
1227 1695 1322 1748 τοῦ
1351 1694 1502 1748 οἴκου
1543 1693 1757 1763 Ἰακὼϐ,

170 1789 275 1843 καὶ
317 1787 568 1860 ἀναμενῶ
604 1788 784 1842 αὐτόν.
820 1806 839 1839 ι
870 1789 981 1842 Καὶ
1017 1788 1046 1840 6
1096 1785 1325 1849 Ἀκύλας
1351 1785 1407 1838 δὲ
1438 1785 1626 1838 τοῦτον
1665 1786 1759 1839 καὶ

170 1880 345 1944 αὐτὸς
392 1881 623 1948 ἐξέδωκε
663 1880 756 1933 τὸν
800 1880 1029 1952 τρόπον·
1077 1898 1095 1930 ι
1132 1878 1391 1948 Ἔνδησον
1442 1876 1756 1949 μαρτύριον,

170 1973 482 2046 σφράγισον
507 1973 671 2044 νόμον
699 1973 757 2026 ὲν
791 1972 1060 2034 διδακτοῖς
1097 1989 1222 2042 μου,
1274 1970 1366 2024 καὶ
1394 1968 1758 2040 προσδέξομαι

168 2065 267 2119 τὸν
313 2065 443 2119 Θεὸν
483 2064 575 2118 τὸν
605 2062 986 2137 ἀποκρυϐόντα
1020 2063 1083 2114 τὸ
1126 2062 1415 2133 πρόσωπον
1456 2058 1620 2114 αὐτοῦ
1649 2059 1758 2114 ἀπὸ

166 2157 268 2210 τοῦ
302 2156 452 2211 οἴκου
492 2153 708 2218 Ἰακὼϐ,
737 2155 831 2207 καὶ
859 2152 1115 2224 ὑπομενῶ
1141 2153 1324 2205 αὐτόν.
1349 2171 1368 2203 ι
1394 2151 1581 2205 Ταῦτα
1600 2150 1643 2203 δ’
1664 2146 1758 2204 οὖν

165 2249 222 2303 οἰ
259 2248 355 2302 τοῦ
388 2248 639 2320 Σωτῆρος
668 2246 826 2319 ἡμῶν
861 2244 1148 2298 ἀπόστολοι
1180 2245 1519 2299 διδάσκονται
1562 2245 1755 2309 ποιεῖν,

165 2336 255 2404 οἷς
296 2340 428 2410 ἑξῆς
469 2338 729 2408 ἐπιλέγει·
762 2356 781 2389 ι
828 2338 960 2391 Ἰδοὺ
991 2336 1102 2406 ἐγὼ
1132 2336 1226 2390 καὶ
1252 2335 1322 2390 τὰ
1361 2335 1570 2400 παιδία,
1603 2335 1638 2389 ἀ
1669 2352 1759 2406 μοι

165 2431 374 2486 ἔδωκεν
405 2432 434 2484 6
467 2431 616 2495 Θεός.
651 2430 763 2485 Καὶ
800 2430 951 2483 ἔσται
983 2429 1065 2492 εἰς
1100 2430 1301 2506 σημεῖα
1333 2426 1428 2482 καὶ
1456 2426 1663 2498 τέρατα
1701 2426 1759 2479 ὲν

162 2522 250 2595 τῷ
284 2524 502 2596 Ἰσραὴλ
525 2522 675 2595 παρά
693 2521 897 2595 Κυρίου
916 2519 1165 2576 Σαϐαὼθ.
1194 2540 1212 2572 ι
1250 2520 1308 2574 '0
1321 2519 1416 2572 τοῦ
1432 2516 1567 2571 Θεοῦ
1587 2518 1760 2587 Λόγος

162 2618 228 2673 ὲν
250 2608 299 2684 ᾧ
328 2615 614 2686 ἀνείληφεν
644 2613 932 2686 ἀνθρώπῳ,
968 2614 1065 2668 καὶ
1092 2612 1193 2676 τάς
1220 2609 1503 2683 διατριϐὰς
1536 2626 1761 2680 πεποιη-

167 2706 335 2779 μένος
366 2708 424 2760 ὲν
457 2705 536 2776 τῷ
578 2705 693 2776 ὄρει
725 2703 885 2768 Σιὼν,
938 2704 1142 2775 σημεῖά
1176 2719 1238 2755 τε
1285 2702 1381 2756 καὶ
1414 2701 1618 2772 τέρατα
1646 2699 1761 2753 δια-

164 2795 543 2869 πραξάμενος,
575 2794 709 2867 ὁμοῦ
731 2798 843 2858 τοῖς
867 2793 1031 2848 αὑτοῦ
1056 2792 1341 2865 μαθηταῖς,
1373 2792 1466 2845 καὶ
1493 2793 1625 2845 πᾶσι
1650 2793 1760 2855 τοῖς

166 2890 254 2951 εἰς
281 2888 444 2942 αὐτὸν
472 2887 892 2940 πεπιστευκόσιν
931 2885 990 2951 ἐξ
1025 2884 1278 2940 ἁπάντων
1306 2883 1415 2936 τῶν
1444 2883 1572 2952 πρὶν
1609 2883 1761 2935 εἰδω-

161 2980 448 3052 λολατρῶν
488 2978 919 3051 παρακελεύεται
957 2977 1149 3050 μηκέτι
1191 2975 1420 3029 δεδιέναι
1467 2973 1608 3027 κατὰ
1651 2991 1758 3045 μη-

161 3074 297 3126 δένα
336 3072 539 3144 τρόπον
576 3071 674 3143 τὴν
718 3070 1085 3140 δεισιδαίμονα
1136 3068 1382 3139 πλάνην·
1425 3066 1537 3120 ἀλλ’
1580 3067 1627 3118 εἰ
1663 3066 1758 3119 καὶ
1784 3093 1825 3149 c

163 3160 603 3233 παρασαλεύοιεν
628 3160 846 3223 αὐτοὺς,
874 3158 1024 3229 ἢκαὶ
1048 3156 1406 3227 ἀναγκάζοιεν
1430 3156 1479 3209 οἱ
1502 3154 1560 3222 ἐξ
1587 3154 1753 3208 ἐθνῶν

161 3249 553 3320 εἰδωλολάτραι
599 3247 781 3318 ζητεῖν
830 3248 956 3310 τοὺς
1002 3245 1503 3317 ἐγγαστριμύθους,
1555 3244 1649 3298 καὶ
1685 3244 1755 3298 τὰ

160 3343 277 3396 τῶν
309 3340 578 3412 δαιμόνων
619 3342 845 3412 μαντεῖα
876 3339 952 3401 ὡς
984 3337 1283 3410 θαυμάσια,
1324 3339 1415 3391 καὶ
1448 3338 1567 3391 κατ’
1602 3335 1754 3390 οὐδὲν

160 3434 427 3489 λείποντα
452 3432 555 3502 τῆς
579 3431 685 3487 τῶν
715 3430 874 3485 θείων
900 3430 995 3484 καὶ
1020 3429 1282 3499 θεοφιλῶν
1309 3429 1518 3504 ἀνδρῶν
1546 3445 1756 3500 προφη-

161 3525 331 3594 τικῆς
356 3523 588 3594 διαίτης,
634 3523 831 3585 αὐτοὺς
857 3522 967 3576 δεῖν
995 3522 1388 3594 ἀποκρίνεσθαι
1434 3521 1530 3575 καὶ
1575 3520 1755 3589 λέγειν

160 3613 431 3667 διδάσκει·
473 3632 491 3663 ι
533 3611 597 3665 Τί
637 3611 926 3683 ὲκζητοῦσι
955 3612 1082 3683 περὶ
1109 3612 1218 3665 τῶν
1251 3611 1467 3678 ζώντων
1504 3612 1631 3674 τοὺς
1665 3628 1753 3663 νε-

162 3707 372 3777 κρούς;
405 3705 567 3776 νόμον
597 3704 702 3777 γὰρ
728 3706 806 3769 εἰς
832 3703 1084 3775 βοήθειαν
1114 3703 1337 3770 δέδωκε,
1370 3722 1388 3755 ι
1415 3707 1509 3757 καὶ⁴
1539 3702 1607 3757 τά
1633 3702 1756 3756 τού-

160 3813 282 3859 τοις
312 3793 597 3848 ἀκόλουθα.
633 3796 772 3860 Τοὺς
806 3794 916 3868 γάρ
948 3794 1092 3861 ἅπαξ
1128 3794 1292 3865 νόμον
1335 3792 1623 3865 εἰληφότας
1660 3794 1755 3848 καὶ

166 3884 477 3955 σωτηρίους
523 3883 744 3947 ὲντολάς
790 3884 883 3936 ἐπὶ
934 3882 1159 3955 βοηθείᾳ
1203 3882 1299 3937 καὶ
1347 3881 1614 3955 θεραπείᾳ
1658 3883 1753 3936 τοῦ

165 3974 302 4027 ἰδίου
334 3975 453 4045 βίου
482 3975 733 4047 περιττὸν
766 3975 1024 4045 μαντείας
1054 3973 1530 4046 πολυπραγμονεῖν
1551 3972 1640 4027 διὰ
1656 3974 1755 4046 τῆς

158 4067 492 4138 δαιμονικῖκ
519 4067 737 4139 ἀπάτης
767 4068 989 4139 ὲνεργου
998 4067 1185 4139 μένας.

173 4358 318 4413 Ἀπὸ
348 4358 456 4414 τοῦ
483 4358 690 4432 αὐτοῦ.
720 4390 792 4432 τ·-
818 4359 960 4432 Περγὶ
991 4361 1098 4416 τοῦ
1125 4361 1212 4431 μὴ
1243 4363 1544 4432 φανητιᾷν
1574 4364 1645 4418 ἐν
1676 4364 1754 4432 τῷ

490 4430 986 4498 παραδοξοποιεῖν
1019 4430 1136 4485 τὸν·
1158 4430 1434 4501 Χριστόν.

241 4540 261 4573 ι
308 4520 504 4576 Ἰακὼϐ
529 4524 559 4575 6
586 4525 716 4586 παῖς
738 4540 861 4594 μου,
889 4522 1248 4595 ἀντιλήψομαι
1268 4525 1457 4578 αὐτοῦ·
1484 4526 1700 4599 Ἰσραὴλ
1723 4527 1754 4580 6

158 4614 424 4678 ἐκλεκτός
452 4631 574 4686 μου,
608 4614 966 4687 προσεδέξατο
994 4616 1157 4670 αὐτὸν
1183 4616 1381 4689 ἡψυχή
1408 4634 1530 4689 μου.
1555 4618 1751 4691 Κρίσιν

156 4709 277 4770 τοῖς
306 4706 512 4760 ἔθνεσιν
540 4706 757 4773 ἐξοίσει,
781 4709 842 4761 ού
868 4708 1217 4781 κεκράξεται,
1245 4709 1366 4762 οὐδὲ
1394 4711 1606 4782 ἀνήσει,
1629 4711 1751 4765 οὐδὲ

158 4798 563 4869 ἀκουσθήσεται
586 4798 741 4871 ἕξωή
766 4800 917 4871 φωνὴ
942 4800 1130 4870 αὐτοῦ.
1156 4801 1415 4872 Κάλαμον
1438 4819 1683 4876 συντετρι
1692 4821 1752 4875 μ-

162 4891 329 4962 μένον
352 4890 415 4943 ού
444 4891 718 4956 κατεάξει,
750 4892 845 4945 καὶ
867 4891 1009 4946 λίνον
1033 4893 1427 4965 καπνιζόμενον
1455 4895 1515 4948 οὐ
1545 4895 1746 4961 σϐέσει,

159 4983 281 5037 ἀλλ’
316 4981 398 5046 εἰς
429 4980 683 5054 ἀλήθειαν
716 4981 914 5047 ἐξοίσει
944 4984 1145 5055 κρίσιν.
1200 4984 1531 5056 Ἀναλάμψει
1563 4986 1658 5040 καὶ
1687 4987 1746 5040 οὐ

159 5070 589 5142 θραυσθήσεται,
614 5073 719 5138 ἕως
744 5074 812 5129 ἃν
851 5074 916 5147 θῇ
944 5076 1036 5128 ἐπὶ
1059 5076 1163 5148 γῆς
1195 5075 1396 5148 κρίσιν,
1428 5078 1521 5131 καὶ
1552 5078 1646 5132 ἐπὶ
1669 5078 1749 5149 τῷ

156 5162 391 5234 ὀνόματι
420 5163 586 5217 αὑτοῦ
620 5164 748 5237 ἔθνη
786 5166 1083 5223 ἐλπιοῦσιν.
1129 5168 1285 5223 Οὕτω
1313 5169 1460 5239 λέγει
1489 5172 1693 5242 Κύριος
1719 5175 1748 5226 6

157 5253 318 5318 Θεὸς,
347 5256 376 5307 6
404 5256 632 5327 ποιήσας
658 5257 748 5311 τὸν
770 5259 1014 5332 οὐρανὸν,
1043 5261 1138 5314 καὶ
1164 5260 1341 5334 πήξας
1362 5262 1544 5329 αὐτὸν,
1572 5266 1601 5317 6
1628 5281 1749 5318 στε-

160 5346 383 5417 ρεώσας
417 5347 516 5419 τὴν
559 5349 663 5419 γῆν
715 5350 815 5404 καὶ
846 5351 917 5404 τὰ
962 5354 1020 5406 ἐν
1054 5353 1215 5425 αὐτῇ,
1248 5354 1340 5408 καὶ
1372 5355 1550 5420 διδοὺς
1579 5356 1748 5428 πνοὴν

154 5435 240 5506 τῷ
266 5435 386 5506 λαῷ
411 5438 490 5509 τῷ
524 5440 610 5492 ἐπ’
634 5440 823 5511 αὐτῆς,
850 5443 944 5496 καὶ
969 5444 1187 5516 πνεῦμα
1217 5448 1332 5510 τοῖς
1361 5447 1621 5501 πατοῦσιν
1651 5449 1749 5501 αύ-

156 5531 277 5601 τήν.
327 5530 470 5599 Ἐγὼ
506 5531 709 5605 Κύριος
739 5536 768 5588 ὁ
797 5537 928 5602 Θεὸς
956 5538 1192 5592 ἐκάλεσά
1220 5556 1281 5592 σε
1320 5540 1377 5593 ὲν
1406 5540 1743 5614 δικαιοσύνῃ,

157 5623 258 5675 καὶ
299 5623 563 5694 κρατήσω
606 5625 704 5696 τῆς
742 5628 922 5698 χειρός
953 5645 1066 5692 σου,
1108 5630 1203 5683 καὶ
1236 5629 1502 5701 ὲνισχύσω
1538 5648 1621 5698 σε,
1652 5632 1747 5686 καὶ

160 5712 345 5767 ἔδωκά
370 5730 429 5767 σε
452 5716 533 5780 εἰς
554 5715 815 5789 διαθήκην
839 5720 1047 5789 γένους,
1088 5722 1168 5786 εἰς
1188 5721 1302 5792 φῶς
1324 5720 1513 5791 ἐθνῶν,
1538 5723 1743 5794 ἀνοῖξαι

1859 495 2134 551 editurum
2202 494 2450 558 indicat,
2513 492 2846 562 eosdemque
2903 490 3019 548 fore
3076 491 3434 557 manifestos,

1859 585 1987 641 dum
2042 600 2193 639 more
2236 592 2427 638 nostro
2481 582 2664 638 vultus
2711 580 2916 637 Christi
2964 582 3166 637 annulo
3208 583 3439 654 impres-

1861 690 1954 732 sos
2008 681 2064 730 et
2120 674 2362 743 signatos
2402 678 2629 742 gerent,
2678 672 3153 743 monebunturque
3203 689 3273 728 ne
3321 689 3440 729 am-

1861 769 2007 839 plius
2062 765 2231 822 Mosis
2290 765 2461 836 legem
2528 764 2785 827 discant,
2863 765 3063 836 quippe
3129 781 3251 836 quae
3314 782 3436 821 am-

1862 861 2008 932 plius
2046 873 2159 912 non
2219 858 2531 923 consistat,
2595 872 2662 912 eo
2700 856 2849 928 quod
2896 874 3017 928 quae
3073 867 3302 914 vocatur
3347 859 3441 914 do-

1862 966 1986 1006 mus
2032 947 2238 1011 Jacob,
2299 962 2329 1001 a
2387 945 2498 1002 Deo
2548 948 2743 1002 relicta
2808 949 2899 1003 sit.
2956 947 3094 1003 Cum
3150 965 3283 1006 vero
3333 950 3437 1006 ob-

1861 1040 2081 1097 scurius
2108 1039 2252 1110 apud
2283 1037 2424 1092 LXX
2455 1038 2660 1093 dictum
2693 1039 2766 1093 sit
2807 1040 2938 1094 illud
2970 1059 2983 1094 :
3023 1060 3041 1092 ι
3071 1038 3225 1095 Tunc
3258 1042 3440 1096 mani-

1861 1131 1987 1187 festi
2003 1138 2166 1185 erunt
2187 1129 2278 1200 qui
2313 1128 2533 1200 signant
2558 1136 2612 1184 et
2633 1130 2895 1184 claudunt
2915 1131 3085 1202 legem
3107 1146 3177 1186 ne
3198 1132 3435 1187 discant.

1860 1217 2020 1290 451
2054 1216 2120 1271 Ει
2156 1218 2341 1272 dicet:
2386 1216 2727 1288 Exspectabo
2766 1218 2937 1273 Deum
2977 1222 3070 1290 qui
3112 1222 3308 1277 avertit
3349 1221 3437 1276 fa-

1861 1310 2001 1364 ciem
2030 1324 2184 1364 suam
2212 1325 2240 1362 a
2270 1309 2433 1363 domo
2459 1307 2661 1373 Jacob,
2696 1317 2750 1365 et
2777 1310 3057 1368 conlidens
3083 1327 3178 1367 ero
3206 1313 3261 1367 in
3287 1329 3373 1370 eo.
3411 1332 3431 1367 ι

1859 1399 2084 1455 Planius
2112 1401 2252 1456 idem
2281 1401 2516 1457 reddidit
2541 1400 2901 1474 Symmachus
2922 1403 3010 1458 his
3034 1404 3240 1459 verbis:
3266 1423 3286 1456 ι
3305 1404 3436 1476 Liga

1859 1492 2237 1547 testimonium
2260 1531 2276 1554 ,
2313 1492 2472 1564 signa
2501 1494 2673 1565 legem
2709 1496 2763 1548 in
2797 1494 3239 1552 ordinationibus
3275 1498 3436 1554 meis.

1861 1579 1929 1635 Et
1954 1583 2285 1653 exspectabo
2314 1581 2603 1638 Dominum
2627 1584 2722 1653 qui
2745 1584 3033 1639 abscondit
3057 1584 3251 1640 faciem
3276 1601 3437 1641 suam

1861 1688 1889 1727 a
1924 1674 2086 1729 domo
2116 1672 2286 1731 Jacob
2306 1715 2320 1740 ,
2353 1682 2408 1731 et
2440 1675 2773 1745 exspectabo
2805 1676 3006 1746 ipsum.
3038 1695 3057 1728 ι
3083 1676 3279 1746 Aquila
3306 1691 3439 1732 vero

1791 1754 1830 1810 Β
1860 1766 2024 1821 etiam
2064 1767 2182 1837 ipse
2219 1768 2274 1822 in
2314 1767 2464 1822 hunc
2502 1767 2725 1821 modum
2765 1768 3077 1825 convertit:
3105 1785 3125 1820 ι
3155 1767 3306 1839 llliga
3367 1775 3442 1823 te-

1860 1858 2179 1913 stimonium
2201 1900 2216 1922 ,
2245 1860 2402 1931 signa
2424 1859 2598 1930 legem
2626 1859 2681 1912 in
2714 1857 3046 1915 docibilibus
3077 1860 3246 1922 meis,
3270 1868 3324 1914 et
3350 1875 3442 1915 as-

1859 1964 2072 2005 sumam
2102 1948 2271 2004 Deum
2311 1950 2407 2020 qui
2447 1950 2734 2005 abscondit
2774 1948 2967 2005 faciem
3007 1966 3161 2005 suam
3204 1966 3233 2005 a
3273 1951 3439 2007 domo

1856 2042 2059 2108 Jacob,
2100 2049 2155 2098 et
2192 2042 2523 2114 exspectabo
2564 2042 2767 2111 ipsum.
2806 2060 2825 2093 ι
2874 2041 3002 2096 llaec
3039 2041 3208 2110 igitur
3258 2041 3440 2099 facere

1861 2135 2167 2192 Salvatoris
2196 2136 2370 2192 nostri
2406 2136 2662 2206 discipuli
2687 2135 2973 2196 docentur,
3000 2142 3124 2206 post
3146 2150 3266 2204 quae
3291 2135 3442 2189 dein-

1858 2242 1986 2296 ceps
2015 2228 2299 2297 subjungit
2325 2245 2337 2280 :
2371 2245 2388 2277 ι
2413 2225 2554 2280 Ecce
2580 2241 2679 2296 ego
2708 2233 2762 2280 et
2787 2227 2942 2295 pueri
2969 2242 3108 2296 quos
3134 2225 3282 2280 dedit
3303 2225 3439 2284 mihi

1860 2317 2027 2373 Deus.
2061 2317 2127 2371 Et
2154 2325 2317 2373 erunt
2344 2317 2399 2371 in
2435 2317 2589 2387 signa
2618 2324 2671 2371 et
2701 2324 2955 2387 portenta
2986 2317 3041 2370 in
3071 2316 3239 2372 Israel
3274 2331 3303 2370 a
3335 2316 3442 2371 Do-

1858 2412 2008 2466 mino
2044 2409 2285 2465 Sabaoth
2305 2451 2320 2475 ,
2353 2411 2448 2480 qui
2480 2409 2690 2464 habitat
2719 2410 2774 2463 in
2812 2419 2997 2466 monte
3028 2411 3182 2467 Sion.
3219 2430 3238 2464 ›
3264 2409 3441 2465 Porro

1859 2500 2125 2557 Dominus
2159 2500 2437 2565 Sabaoth,
2473 2501 2653 2572 ipsum
2688 2499 2784 2556 Dei
2819 2500 3058 2556 Verbum
3083 2542 3098 2566 ,
3146 2509 3437 2572 postquam

1858 2593 2124 2648 habitavit
2165 2594 2222 2647 in
2262 2608 2329 2648 eo
2371 2593 2625 2657 homine,
2675 2607 2839 2662 quem
2888 2592 3221 2660 assumpsit,
3275 2598 3332 2647 et
3378 2592 3436 2646 in

1859 2693 2045 2739 monte
2098 2683 2232 2739 Sion
2279 2691 2539 2740 versatus
2591 2690 2712 2749 est,
2769 2684 3038 2754 signaque
3086 2691 3139 2737 et
3184 2690 3440 2753 portenta

1858 2774 2066 2830 edidit:
2098 2781 2213 2829 tum
2243 2790 2376 2830 vero
2405 2774 2522 2830 suis
2550 2774 2839 2843 discipulis
2861 2813 2875 2837 ,
2903 2780 2958 2828 et
2987 2773 3246 2827 omnibus
3272 2813 3286 2836 ,
3315 2776 3439 2843 qui-

1859 2881 2076 2936 cunque
2121 2874 2281 2921 antea
2327 2866 2641 2921 simulacris
2684 2866 2924 2928 addicti,
2968 2865 3022 2918 in
3064 2864 3222 2919 ﬁdem
3264 2864 3440 2935 ipsius

1859 2958 2176 3022 venissent,
2211 2960 2472 3029 praacepit
2493 2997 2508 3021 ,
2540 2973 2609 3013 ne
2639 2957 2877 3028 amplius
2907 2956 3321 3027 superstitionis
3351 2971 3440 3010 er-

1860 3066 2039 3106 rorem
2069 3051 2181 3105 ullo
2224 3050 2388 3105 modo
2430 3051 2720 3113 timerent,
2768 3065 2957 3104 verum
3000 3049 3217 3119 potius,
3247 3063 3441 3118 quam-

1856 3143 1939 3198 vis
1968 3144 2118 3213 ipsos
2146 3142 2448 3212 agitarent,
2495 3148 2591 3195 aut
2634 3142 2798 3195 etiam
2835 3151 3129 3211 cogerent,
3172 3141 3264 3212 qui
3294 3141 3439 3211 apud

1855 3241 2047 3305 gentes
2081 3233 2335 3288 colebant
2384 3233 2718 3297 simulacra,
2770 3248 3018 3302 quaerere
3063 3231 3337 3304 Pythones
3385 3239 3441 3288 et

1855 3326 2080 3380 oracula
2114 3325 2422 3380 daemonum
2460 3333 2720 3394 tanquam
2762 3324 3140 3388 admirabilia,
3171 3332 3225 3380 et
3266 3325 3437 3380 nullis

1824 3419 2105 3488 .partibus
2160 3415 2421 3472 inferiora
2505 3416 2819 3471 divinorum
2865 3417 3085 3488 Dcoque
3132 3418 3436 3473 amicorum

1854 3511 2175 3574 hominum,
2222 3510 2545 3581 prophetico
2584 3512 2731 3575 ritu,
2771 3519 3014 3566 attamen
3049 3513 3153 3583 ipsi
3198 3512 3308 3567 illis
3350 3528 3447 3592 re:

1854 3604 2188 3674 sponderent
2253 3620 2318 3660 ac
2381 3605 2671 3662 dicerent:
2714 3624 2731 3655 ι
2765 3604 2906 3671 Quid
2964 3605 3306 3673 interrogant
3359 3604 3438 3660 de

1859 3697 2168 3753 viventibus
2208 3699 2500 3754 mortuos?
2529 3700 2699 3770 legem
2745 3699 2890 3753 enim
2937 3697 2991 3750 in
3039 3697 3305 3751 auxilium
3348 3697 3440 3753 dea

1855 3785 1974 3842 dit:
2011 3807 2031 3840 ι
2058 3795 2112 3842 et
2152 3803 2275 3857 quae
2315 3790 2577 3860 deinceps
2625 3799 2953 3860 sequuntur.
2996 3787 3105 3844 Eos
3147 3788 3292 3843 enim
3340 3789 3437 3859 qui

1856 3878 2024 3934 semel
2057 3885 2112 3934 et
2141 3879 2314 3949 legem
2360 3886 2416 3935 et
2471 3879 2739 3934 salutaria
2782 3886 3058 3949 praecepta
3091 3878 3159 3932 ad
3198 3878 3438 3949 propriae

1855 3969 2105 4039 ipsorum
2158 3971 2287 4026 vitae
2335 3986 2495 4041 opem
2553 3979 2720 4041 atque
2771 3969 3038 4025 medelam
3089 3971 3434 4040 acceperint,

1855 4064 2080 4117 oracula
2137 4080 2261 4134 quae
2318 4064 2639 4119 daemonicis
2678 4063 2967 4118 fraudibus
3027 4062 3156 4117 nixa
3213 4077 3438 4134 respon-

1855 4154 2053 4220 deant,
2104 4157 2381 4213 curiosius
2431 4156 2712 4226 inquirere
2770 4169 3243 4226 supervacaneum
3322 4154 3439 4209 ina-

1855 4261 2034 4317 neque
2066 4245 2254 4303 fuerit.

1961 4362 2039 4416 Ab
2078 4362 2276 4418 eodem.
2305 4394 2377 4404 —
2403 4363 2480 4418 De
2508 4362 2849 4419 enuntianda
2882 4371 2976 4417 aut
3006 4360 3326 4427 indicando,

2177 4433 2303 4488 dum
2345 4435 2608 4488 miracula
2646 4435 2820 4489 ederet
2849 4434 3112 4489 Christus.

1932 4549 1950 4579 c
1978 4526 2146 4584 Iacob
2188 4544 2326 4600 puer
2356 4544 2510 4584 meus
2532 4570 2547 4592 ,
2583 4529 2882 4599 suscipiam
2916 4544 3040 4583 eum
3070 4546 3084 4581 :
3118 4526 3289 4583 Israel
3331 4526 3444 4581 ele-

1852 4628 1976 4676 ctus
2023 4637 2213 4686 meus,
2246 4621 2549 4691 assumpsit
2579 4637 2702 4676 eum
2735 4621 2918 4674 anima
2953 4634 3072 4674 mea
3108 4637 3123 4673 :
3163 4618 3432 4689 judicium

1851 4714 2106 4784 gentibus
2139 4714 2415 4784 proferet,
2450 4730 2562 4768 non
2596 4714 2888 4778 clamabit,
2938 4728 3118 4783 neque
3158 4714 3432 4779 remittet,

1850 4820 2030 4875 neque
2093 4805 2256 4877 452
2295 4805 2552 4861 audietur
2602 4806 2739 4863 foris
2792 4821 2898 4861 vox
2953 4805 3106 4875 ejus,
3160 4805 3433 4860 calamum

1850 4898 2148 4952 contritum
2198 4913 2308 4952 non
2360 4896 2608 4968 franget,
2664 4905 2720 4953 et
2768 4897 2943 4951 linum
2995 4896 3268 4967 fumigans
3318 4911 3431 4952 non

1849 4990 2193 5060 exstinguet,
2224 4990 2318 5046 sed
2353 4990 2408 5044 in
2442 4989 2674 5045 veritate
2707 4988 2952 5060 proferet
2995 4987 3265 5058 judicium
3286 5031 3300 5056 ,
3343 5003 3432 5044 re-

1850 5082 2158 5153 splendebit
2192 5090 2247 5138 et
2276 5099 2387 5138 non
2431 5083 2917 5154 conquassabitur,
2953 5081 3134 5137 donec
3170 5090 3341 5152 ponat
3372 5082 3430 5136 in

1850 5181 1996 5228 terra
2042 5174 2307 5244 judicium
2334 5215 2349 5240 ,
2399 5184 2454 5229 et
2491 5174 2548 5229 in
2588 5174 2813 5230 nomine
2845 5175 2967 5244 ejus
3012 5181 3204 5245 gentes
3239 5188 3430 5244 spera-

1847 5264 2008 5320 bunt.
2047 5265 2140 5321 Sic
2173 5264 2308 5321 dicit
2342 5264 2609 5321 Dominus
2643 5265 2789 5323 Deus
2822 5268 2916 5337 qui
2951 5266 3078 5322 fecit
3110 5267 3346 5333 caelum,
3375 5272 3432 5322 et

1848 5357 2084 5413 intendit
2119 5358 2253 5415 illud
2274 5398 2289 5423 ,
2324 5358 2420 5429 qui
2457 5358 2694 5413 ﬁrmavit
2724 5366 2931 5415 terram
2963 5366 3018 5414 et
3051 5373 3115 5414 ea
3149 5373 3271 5429 quae
3299 5366 3430 5414 sunt

1847 5450 1903 5505 in
1936 5450 2053 5521 ipsa
2075 5490 2089 5512 ,
2127 5450 2335 5522 quique
2367 5451 2464 5505 dat
2495 5449 2681 5504 ﬂatum
2717 5451 2953 5522 populo,
2992 5451 3086 5520 qui
3116 5459 3202 5506 est
3241 5447 3296 5505 in
3330 5466 3428 5520 ea,

1845 5550 1901 5599 et
1947 5543 2201 5614 spiritum
2250 5544 2592 5599 calcantibus
2643 5559 2788 5599 eam.
2840 5527 2958 5615 Ego
2990 5542 3254 5600 Dominus
3287 5542 3432 5601 Deus

1847 5641 1975 5688 tuus
2003 5633 2192 5689 vocavi
2220 5642 2271 5689 te
2296 5635 2352 5689 in
2382 5635 2600 5705 justitia
2624 5675 2639 5699 ,
2673 5642 2729 5690 et
2762 5636 3169 5707 apprehendam
3205 5651 3427 5691 manum

1847 5733 2024 5796 tuam,
2059 5733 2112 5782 et
2143 5726 2513 5783 corroborabo
2548 5734 2636 5794 te,
2687 5736 2740 5783 et
2772 5726 2896 5785 dedi
2930 5738 2982 5784 te
3042 5728 3097 5786 in
3132 5735 3428 5787 testamen-
