3836 6220
416 313 521 370 703

1092 309 1367 368 EUSEBII
1403 308 1890 367 CESARIENSIS
1925 309 2081 369 OPP.
2118 309 2303 367 PARS
2328 310 2398 366 II.
2434 340 2505 351 —
2543 304 3046 363 APOLOGETICA.

3586 302 3683 361 τοι

414 445 535 489 tum
565 432 784 505 generis
816 432 872 487 in
902 432 1088 487 lumen
1123 433 1369 503 gentium
1392 472 1408 496 ,
1442 439 1503 486 ut
1533 432 1778 503 aperires
1804 432 1997 487 oculos

2110 430 2409 501 5φθαλμσδς
2433 426 2673 496 τυφλῶν,
2710 427 2803 480 καὶ
2838 425 3130 495 ἐξαγαγεῖν
3178 424 3243 478 ἐκ
3286 422 3506 495 δεσμῶν
3544 422 3684 476 6565-

415 540 693 583 caecorum
714 566 730 588 ,
765 533 822 580 et
865 526 1132 580 educeres
1173 541 1240 580 ex
1274 525 1515 581 vinculis
1547 525 1818 596 illigatos,
1852 533 1907 581 et
1933 525 2004 581 de

416 619 584 674 domo
614 617 856 673 carceris
888 617 1143 671 sedentes
1176 618 1232 670 in
1268 616 1515 672 tenebris
1542 617 1611 671 ".
1645 635 1665 670 ι
1694 616 1870 687 Atque
1899 617 2003 671 hu-

412 710 508 781 jus
549 709 656 764 loci
700 710 1038 780 evangelista
1069 708 1348 774 meminit,
1383 724 1494 779 quo
1526 716 1775 780 tempore
1800 707 2000 762 Phari-

424 804 521 859 saei
586 802 881 856 consilium
937 810 1203 871 ceperunt
1251 810 1443 855 contra
1497 798 1837 856 Salvatorem
1899 815 2002 855 no-

417 904 594 950 strum
616 934 632 959 ,
680 902 739 949 ut
765 909 890 949 eum
924 895 1327 961 interficerent,
1365 902 1651 965 propterea
1684 896 1832 966 quod
1864 892 2003 949 Sab-

415 988 560 1044 batis
580 995 911 1058 aegrotantes
933 996 1183 1054 curaret;
1206 1006 1225 1038 ι
1251 997 1384 1041 tunc
1406 988 1576 1049 enim,
1602 987 1779 1061 inquit
1801 1029 1815 1052 ,
1838 984 2003 1042 Jesus

416 1080 694 1135 intellecta
727 1080 1019 1134 adversum
1083 1095 1142 1135 se
1175 1081 1620 1150 conspiratione,
1657 1080 1885 1135 secessit
1918 1079 2003 1133 in-

414 1172 521 1235 de,
557 1181 613 1226 et
652 1180 859 1226 secuta:
903 1178 1033 1224 sunt
1078 1187 1202 1225 eum
1241 1172 1417 1225 turbae
1452 1172 1664 1234 multm,
1703 1179 1757 1226 et
1786 1172 2002 1226 curavit

415 1278 515 1320 eos
544 1278 769 1326 omnes,
815 1268 868 1315 et
910 1262 1171 1332 praecepit
1209 1262 1291 1316 eis
1334 1277 1402 1316 ne
1430 1263 1784 1318 manifestum
1818 1263 1999 1335 ipsum

416 1354 669 1411 facerent
702 1355 771 1408 ".
805 1374 824 1406 ι
856 1355 1068 1421 Quibus
1115 1355 1232 1410 haec
1270 1354 1522 1424 adjungit
1555 1354 1816 1425 deinceps
1844 1373 1858 1409 :
1899 1356 2005 1410 «Et

414 1449 534 1504 haec
554 1449 763 1512 omnia,
799 1448 998 1519 inquit,
1034 1447 1177 1503 facta
1204 1461 1335 1505 sunt
1368 1468 1381 1503 :
1424 1468 1441 1501 ι
1487 1450 1589 1503 hoc
1619 1456 1705 1505 est
1736 1447 1884 1518 quod
1916 1463 2004 1503 se-

419 1538 685 1603 cesserit,
718 1540 866 1609 quod
899 1539 1260 1595 declinaverit
1295 1539 1687 1603 insidiatores,
1727 1538 1873 1610 quod
1918 1540 2001 1593 la—

416 1638 535 1685 tere
570 1630 887 1694 studuerit,
923 1629 1054 1684 dum
1090 1631 1359 1686 miracula
1390 1631 1602 1697 ederet,
1635 1632 1892 1701 quodque
1918 1631 2003 1688 eis

418 1738 560 1794 quos
590 1731 884 1787 curasset,
924 1724 1288 1794 praeceperit,
1323 1739 1394 1778 ne
1428 1723 1783 1778 manifestum
1820 1724 1999 1792 ipsum

2107 524 2321 596 μένους,
2347 521 2443 576 καὶ
2466 520 2527 586 ἐξ
2546 520 2697 575 οἴκου
2721 518 2968 590 φυλακῆς
2992 517 3336 591 καθημένους
3360 519 3420 570 ἐν
3441 517 3642 570 σκότει.
3660 536 3679 569 ι

2102 618 2213 671 Καὶ
2243 614 2445 685 ταύτης
2482 615 2512 668 6
2543 611 2937 684 εὐαγγελιστὴς
2972 613 3303 683 μνημονεύει
3331 609 3436 680 τῆς
3465 608 3682 674 λέξεως,

2100 708 2191 761 ὅτε
2218 706 2530 773 ἐξελθόντες
2556 706 2607 759 οί
2636 706 2920 778 Φαρισαῖοι
2957 702 3282 775 συμϐούλιον
3318 702 3515 756 ἔλαϐον
3551 702 3684 756 κατὰ

2099 800 2195 854 τοῦ
2226 799 2477 869 Σωτῆρος
2510 795 2688 868 ήμῶν,
2731 796 2879 859 ὅπως
2915 795 3076 849 αὑτὸν
3112 794 3472 855 ἀπολέσωσιν,
3505 792 3685 865 ἐπειῶ⁴

2100 895 2215 956 τοῖς
2234 890 2508 947 Σάϐϐασιν
2535 890 2665 953 τοὺς
2696 889 3005 959 κάμνοντας
3031 887 3352 960 ἐθεράπευε.
3383 905 3404 939 ι
3440 886 3519 939 T6
3538 904 3683 958 τηνι-

2063 983 2279 1055 ,καῦτα
2323 982 2453 1053 γὰρ,
2519 980 2595 1044 ὥς
2647 997 2802 1051 φησι,
2861 980 3025 1048 γνοὺς
3078 980 3108 1031 6
3152 978 3361 1050 Ἰησοῦς
3427 978 3534 1050 τὴν
3568 976 3685 1033 καθ’

2101 1074 2267 1131 αὐτοῦ
2300 1072 2591 1144 συσκευὴν,
2628 1070 2975 1144 ἀνεχώρησεν
3008 1070 3238 1136 ἐκεῖθεν,
3274 1073 3369 1125 καὶ
3391 1070 3686 1143 ἠκολούθη-

2102 1186 2203 1222 σαν
2223 1166 2373 1238 αύτῷ
2398 1166 2544 1238 ὄχλοι
2579 1165 2783 1229 πολλοὶ,
2818 1165 2914 1218 καὶ
2937 1163 3304 1235 ἐθεράπευσεν
3330 1164 3530 1228 αὐτοὺς
3556 1164 3687 1218 πάν-

2098 1279 2219 1326 τας,
2274 1262 2369 1315 καὶ
2414 1258 2723 1331 ἐπέπληξεν
2770 1258 2954 1322 αὐτοῖς
2996 1258 3085 1311 ῐνα
3139 1256 3214 1329 μή
3257 1257 3493 1327 φανερὸν
3530 1256 3688 1311 αὑτὸν

2101 1356 2419 1426 ποιήσωσιν·
2448 1371 2466 1403 ι
2511 1345 2595 1416 οἷς
2622 1349 2876 1422 ἐπιφέρει
2906 1349 3101 1419 λέγων’
3132 1368 3152 1401 ι
3186 1350 3297 1402 Καὶ
3320 1350 3495 1403 ταῦτα
3515 1349 3691 1403 πάντα

2100 1446 2313 1517 γέγονε,
2344 1465 2363 1498 ι
2405 1444 2729 1498 τουτέστιτὸ
2746 1444 3046 1514 ἀναχωρεῖν
3080 1441 3263 1504 αὐτὸν,
3290 1442 3387 1496 καὶ
3415 1440 3479 1494 τδ
3510 1440 3692 1495 ἐκκλί-

2100 1556 2214 1593 νειν
2240 1541 2369 1602 τοὺς
2397 1535 2735 1602 ἐπιϐούλους,
2764 1536 2859 1589 καὶ
2884 1535 2947 1588 τὸ
2983 1534 3267 1597 λανθάνειν
3291 1533 3617 1598 σπουδάζειν
3633 1535 3690 1587 ἐν

2099 1628 2182 1696 οἷς
2206 1632 2412 1703 ἔπραξε
2433 1628 2778 1701 παραδόξοις,
2814 1629 2909 1682 καὶ
2946 1627 3008 1681 τὸ
3042 1629 3361 1699 παρεγγυᾷν
3395 1629 3509 1689 τοῖς
3532 1625 3692 1698 θερα-

2103 1723 2425 1794 πευομένοις
2467 1720 2542 1793 μὴ
2575 1718 2807 1792 φανερὸν
2840 1719 3001 1773 αὑτὸν
3031 1723 3229 1784 ποιεῖν,
3258 1737 3279 1770 ι
3314 1720 3401 1773 ῖνα
3425 1717 3691 1790 πληρωθῇ

419 1816 698 1880 facerent,
734 1835 752 1867 ι
784 1824 845 1870 ut
878 1816 1201 1887 impleretur
1230 1817 1376 1886 quod
1405 1816 1610 1871 dictum
1638 1824 1718 1870 est
1747 1829 1844 1885 per
1872 1829 2001 1885 pro-

2110 1813 2164 1866 τὸ
2197 1812 2359 1885 ῥηθὲν
2391 1810 2483 1866 διὰ
2522 1811 2616 1864 τοῦ
2663 1811 2942 1883 προφήτου
2981 1809 3263 1879 λέγοντος·
3313 1811 3444 1865 Ἰδοὺ
3492 1812 3524 1863 ό
3564 1812 3694 1873 παῖς

417 1906 639 1977 pbetam
676 1907 947 1961 dicentem
979 1925 993 1961 :
1039 1907 1182 1962 Ecce
1224 1922 1361 1977 puer
1401 1922 1587 1970 meus,
1623 1906 1679 1961 in
1707 1921 1817 1977 quo
1849 1921 2002 1962 com-

418 1998 601 2070 placui
637 2016 652 2054 :
688 1998 925 2055 dilectus
970 2014 1156 2064 meus,
1199 2015 1364 2069 quem
1412 1999 1574 2070 elegit
1623 1999 1807 2053 anima
1857 2014 1999 2054 mea.

417 2091 626 2148 Ponam
652 2092 904 2162 spiritum
929 2107 1107 2145 meum
1134 2107 1299 2162 super
1321 2107 1446 2147 eum
1467 2133 1480 2155 ,
1508 2099 1562 2149 et
1580 2091 1848 2163 judicium
1871 2106 2004 2163 gen-

419 2186 572 2240 tibus
615 2185 912 2239 nuntiabit.
957 2183 1075 2238 Non
1135 2183 1431 2239 contendet
1475 2199 1655 2254 neque
1706 2184 1998 2249 clamabit,

420 2293 601 2346 neque
629 2277 815 2332 audiet
843 2277 1114 2347 quispiam
1145 2277 1201 2329 in
1226 2276 1417 2346 plateis
1440 2291 1628 2332 vocem
1656 2277 1796 2347 ejus.
1815 2275 2001 2330 Arun-

419 2371 604 2426 dinem
646 2380 961 2441 quassatam
1003 2385 1112 2424 non
1151 2370 1498 2441 confringet,
1527 2378 1582 2424 et
1624 2370 1796 2424 linum
1837 2368 2003 2423 fumi-

423 2480 562 2537 gans
600 2480 711 2519 non
754 2463 1099 2535 exstinguet,
1147 2464 1325 2519 donec
1373 2464 1562 2533 ejiciat
1612 2464 1670 2518 in
1714 2463 2000 2517 victoriam

417 2556 686 2625 judicium
706 2595 722 2617 ,
750 2563 805 2610 et
834 2555 888 2609 in
921 2554 1143 2610 nomine
1174 2555 1298 2624 ejus
1328 2563 1522 2625 gentes
1550 2555 1852 2626 sperabunt
1882 2553 1948 2609 ".
1976 2571 1996 2604 ι

418 2644 816 2700 Animadverte
862 2645 1154 2716 diligenter
1203 2661 1442 2717 quonam
1496 2646 1660 2700 modo
1715 2645 2001 2702 Matthaaus

2108 1923 2231 1977 μου,
2272 1905 2333 1959 ὃν
2368 1904 2632 1976 ᾑρέτισα,
2675 1904 2705 1957 6
2744 1903 3031 1975 ἀγαπητός
3065 1920 3168 1975 μου
3201 1905 3283 1968 εις
3312 1903 3372 1957 ὃν
3398 1902 3695 1973 εὐδόκησεν

2105 1999 2139 2068 ή
2176 1996 2321 2069 ψυχή
2377 2014 2499 2069 μου.
2541 1999 2704 2070 Θήσω
2736 1997 2797 2052 τδ
2829 1998 3048 2071 πνεῦμά
3098 2017 3200 2071 μου
3248 1999 3337 2052 ἐπ’
3376 1998 3565 2061 αὐτὸν,
3603 2000 3696 2051 καὶ

2104 2090 2286 2161 κρίσιν
2306 2093 2420 2155 τοῖς
2451 2091 2660 2145 ἔθνεσιν
2689 2091 3013 2162 ἀπαγγελεῖ.
3046 2093 3161 2146 Ούκ
3180 2092 3353 2164 ἐρίσει
3374 2091 3500 2145 ούδέ
3529 2108 3697 2163 κραυ-

2103 2183 2283 2252 γάσει,
2314 2185 2436 2238 οὐδὲ
2469 2184 2767 2240 ἀκούσεταί
2794 2203 2880 2249 τις
2909 2188 2967 2239 ἐν
2996 2188 3118 2250 ταῖς
3140 2184 3424 2248 πλατείαις
3453 2185 3560 2254 τὴν
3588 2201 3697 2252 φω-

2104 2278 2202 2349 νὴν
2230 2278 2416 2334 αὑτοῦ.
2447 2279 2708 2350 Κάλαμον
2737 2279 3195 2351 συντετριμμένον
3217 2279 3277 2332 οὐ
3301 2276 3580 2343 κατεάξει,
3605 2276 3696 2330 καὶ

2102 2368 2249 2424 λίνον
2277 2370 2580 2442 τυφόμενον
2612 2372 2673 2424 ού
2710 2370 2914 2437 σϐέσει,
2952 2371 3059 2436 ἓως
3095 2370 3161 2426 ἂν
3192 2369 3398 2442 ἐκϐάλῃ
3435 2372 3519 2434 είς
3551 2372 3697 2434 νῖκος

2103 2462 2201 2534 τὴν
2227 2464 2408 2535 κρίσιν
2434 2464 2527 2518 καὶ
2546 2465 2641 2518 ἐπὶ
2660 2464 2739 2536 τῷ
2778 2463 3002 2536 ὀνόματι
3028 2463 3195 2518 αὐτοῦ
3226 2464 3352 2534 ἐθνη
3383 2462 3652 2517 ἐλπιοῦσι.
3672 2483 3690 2513 ι

2103 2555 2271 2628 Τήρει
2311 2555 2369 2609 δὲ
2406 2555 2683 2628 ἐπιμελῶς
2715 2557 2837 2610 τίνα
2873 2556 3072 2628 τρόπον
3110 2559 3139 2611 6
3182 2556 3459 2621 Ματθαῖος
3504 2555 3690 2609 εἰπών·

2109 2664 2128 2698 ι
2179 2647 2311 2702 Ἰδοὺ
2341 2652 2370 2703 6
2404 2651 2535 2715 παῖς
2567 2668 2690 2721 μου,
2721 2649 2780 2704 ὃν
2816 2650 3065 2723 ᾑρέτισα,
3098 2653 3128 2706 6
3160 2651 3444 2722 ἀγαπητός
3479 2669 3606 2721 μου,
3639 2652 3695 2703 ἐν

420 2738 514 2793 ubi
558 2738 697 2794 dixit
724 2758 738 2794 :
770 2757 789 2799 ι
821 2737 963 2794 Ecce
1007 2754 1144 2810 puer
1184 2753 1339 2794 meus
1366 2754 1529 2810 quem
1562 2739 1698 2810 elegi
1718 2778 1735 2805 ,
1767 2739 2001 2795 dilectus

2110 2732 2459 2811 ᾧεῦδόκησεν
2484 2744 2517 2812 ἡ
2545 2741 2691 2813 ψυχή
2723 2760 2847 2814 μου,
2885 2763 2903 2795 ι
2938 2741 3065 2797 οὔτε
3093 2742 3188 2797 τοῦ
3235 2742 3429 2797 Ἰακὼϐ
3455 2742 3585 2797 οὔτε
3602 2740 3693 2795 τοῦ

419 2846 577 2887 meus
619 2830 677 2885 in
721 2846 832 2902 quo
874 2831 1209 2901 complacuit
1247 2832 1431 2885 anima
1477 2846 1627 2894 mea,
1661 2849 1681 2884 ι
1707 2846 1883 2900 neque
1909 2828 2002 2884 Ja-

419 2926 561 2989 cob,
595 2940 775 2994 neque
820 2924 992 2981 Israel
1031 2925 1438 2990 nominaverit;
1487 2940 1599 2979 non
1639 2923 1787 2979 enim
1819 2923 1996 2979 dixit:

418 3013 590 3071 Jacob
621 3032 755 3086 puer
787 3032 943 3072 meus
963 3057 978 3081 ,
1016 3017 1187 3073 Israel
1218 3017 1426 3073 electus
1456 3031 1611 3070 meus
1631 3054 1646 3079 ,
1679 3015 1775 3072 sed
1809 3014 2002 3071 indefi-

2115 2831 2331 2905 Ἰσραὴλ
2366 2834 2632 2907 ἐμνήσθη.
2669 2835 2742 2888 Ού
2773 2834 2883 2907 γὰρ
2917 2830 3087 2889 εἶπεν
3126 2833 3319 2888 Ἰακὼϐ
3344 2837 3373 2888 6
3406 2837 3539 2898 παῖς
3572 2851 3690 2906 μου,

2117 2924 2336 2997 Ἰσραὴλ
2366 2927 2395 2979 6
2423 2926 2676 2991 ἐκλεκτός
2709 2944 2836 2998 μου,
2878 2926 3150 2998 ἀορίστως
3182 2926 3239 2981 δὲ
3280 2925 3577 2998 ἐξήνεγκεν
3614 2927 3690 2978 εί-

2105 3016 2242 3071 πών·
2277 3035 2297 3068 ι
2331 3016 2463 3072 Ἰδοὺ
2482 3020 2511 3072 6
2534 3020 2663 3082 παῖς
2686 3036 2809 3089 μου,
2832 3020 2928 3072 καὶ
2949 3021 2976 3072 6
2999 3018 3281 3088 ἀγαπητός
3306 3035 3430 3089 μου.
3463 3038 3482 3069 ι
3514 3017 3689 3079 Ὅθεν,

420 3106 536 3161 nite
563 3107 903 3172 enuntiavit,
937 3107 1129 3163 dicens
1157 3126 1172 3163 :
1209 3126 1228 3160 ι
1260 3106 1399 3161 Ecce
1432 3121 1566 3176 puer
1596 3121 1788 3170 meus,
1816 3108 1882 3161 ‘et
1916 3105 2002 3160 di-

2110 3109 2181 3174 ὼς
2195 3108 2331 3181 μηδὲ
2342 3111 2400 3163 ἐν
2408 3108 2487 3181 τῷ
2511 3108 2783 3182 Ἐϐραῖκῷ
2794 3109 2895 3179 τῆς
2908 3108 3240 3180 προφητείας
3252 3106 3536 3177 κειμένης,

421 3199 601 3255 lectus
632 3215 808 3255 meus.
840 3220 859 3251 ι
886 3198 1191 3266 Quocirca,
1218 3199 1375 3270 quasi
1406 3199 1462 3253 in
1490 3198 1757 3253 Hebraico
1783 3213 1848 3253 ea
1876 3213 2003 3268 pro-

423 3291 609 3362 phetia
664 3306 773 3346 non
823 3292 919 3355 sit,
959 3293 1102 3362 apud
1144 3293 1294 3361 ipsos
1334 3292 1554 3363 quidem
1586 3289 1731 3344 LXX
1761 3290 2005 3347 obelisco

425 3383 700 3453 signatum
746 3391 832 3438 est
884 3398 1085 3438 nomen
1136 3381 1343 3448 Iacob,
1409 3390 1576 3453 atque
1609 3381 1823 3437 Israel:
1856 3382 2005 3454 apud

424 3472 670 3541 reliquos
728 3479 911 3525 autem
969 3472 1297 3543 interpretes
1351 3472 1572 3527 silentio
1625 3471 2004 3541 praeteritum,

425 3572 716 3634 propterea
762 3563 909 3633 quod
961 3578 1032 3618 ne
1083 3563 1141 3618 in
1192 3562 1460 3617 Ilebraico
1508 3563 1729 3633 quidem
1772 3564 2004 3619 feratur.

423 3656 587 3729 453
612 3655 847 3712 Proinde
888 3656 1053 3713 etiam
1084 3656 1423 3727 evangelista
1456 3655 1652 3710 merito
1700 3655 1754 3709 id
1779 3663 2008 3726 praeter-

425 3751 599 3812 misit,
636 3749 842 3822 quippe
871 3750 963 3821 qui
997 3760 1050 3805 et
1080 3748 1343 3806 Hebmus
1371 3757 1539 3814 esset,
1591 3756 1647 3804 et
1678 3749 1735 3804 in
1768 3749 2009 3821 prophe-

425 3842 516 3896 tiae
549 3842 825 3913 positione
854 3841 1156 3898 Hebraicus
1188 3842 1358 3897 libros
1394 3850 1737 3912 sequeretur.
1767 3839 1911 3912 Ergo
1937 3856 2009 3896 ne

425 3934 756 3990 sententiam
779 3934 1001 4005 quidem
1030 3935 1075 3990 si
1107 3944 1345 4004 spectes,
1380 3934 1582 4005 populo
1611 3933 1680 3988 ad
1710 3933 2007 3988 circumci-

425 4027 638 4083 sionem
679 4027 970 4098 spectanti,
1006 4026 1290 4081 oraculum
1331 4025 1734 4082 accommodari
1783 4025 2006 4095 poterit,

427 4118 523 4174 sed
550 4118 644 4173 uni
675 4117 898 4173 Christo
933 4117 1049 4181 Dei,
1078 4118 1169 4172 cui
1201 4125 1257 4173 et
1285 4118 1401 4186 ipsa
1431 4116 1709 4172 evidentia
1766 4124 1822 4170 et
1851 4131 2012 4173 even-

425 4217 519 4266 tus
555 4225 739 4265 rerum
775 4209 934 4267 ﬁdem
986 4210 1351 4265 indubitatam
1382 4208 1529 4263 facit.
1562 4208 1715 4264 Unus
1745 4208 1891 4264 enim
1920 4209 2011 4263 hic

427 4302 673 4357 futurum
715 4302 988 4372 judicium
1038 4302 1294 4372 gentibus
1354 4302 1570 4372 publice
1626 4301 2006 4368 denuntiavit,

426 4409 554 4447 cum
579 4395 821 4464 seipsum
844 4396 1009 4450 tacite
1034 4395 1089 4448 in
1119 4395 1285 4449 vitam
1309 4394 1592 4450 hominum
1624 4393 2008 4459 insinuaverit,

2113 3202 2212 3274 μὲν
2231 3203 2343 3265 τοῖς
2374 3201 2772 3274 Ἐϐδομήκοντα
2801 3200 3088 3255 ὼϐέλισται
3110 3200 3171 3254 τὸ
3187 3198 3283 3253 τοῦ
3325 3197 3522 3252 Ἰακὼϐ
3539 3197 3695 3251 καὶτὸ

2109 3294 2204 3349 τοῦ
2231 3294 2445 3367 Ἰσραὴλ
2455 3294 2641 3366 ὄνομα
2657 3296 2753 3349 καλ⁵
2764 3294 2912 3364 παρὰ
2924 3297 3036 3359 τοῖς
3045 3293 3250 3357 λοιποῖς
3261 3293 3320 3346 δὲ
3338 3293 3363 3344 ἐ
3371 3294 3696 3363 ρμηνευταῖς

2111 3384 2623 3456 παρασεσιώπηται,
2657 3388 2780 3439 ἐπεὶ
2802 3382 2927 3458 μηδ’
2953 3388 3009 3439 ἐν
3033 3383 3112 3456 τῷ
3149 3383 3427 3455 Ἑϐραῖκῷ
3451 3384 3693 3455 φέρεται.

2116 3480 2306 3533 Ἔνθεν
2357 3479 2582 3543 εἰκότως
2612 3479 2730 3532 οὐδὲ
2763 3476 2916 3548 παρὰ
2961 3475 3040 3548 τῷ
3088 3474 3450 3545 εὐαγγελιστῇ
3486 3475 3697 3545 εἴρηται

2123 3571 2363 3644 Ἑϐραίῳ
2394 3571 2505 3625 ϐντι
2529 3610 2546 3634 ,
2596 3570 2690 3624 καὶ
2737 3568 3046 3632 ἀκολούθως
3095 3570 3162 3638 τῇ
3199 3566 3475 3637 Ἐϐραίων
3512 3566 3697 3637 γραφῇ

2111 3664 2212 3735 τὴν
2242 3663 2575 3736 προφητείαν
2605 3662 2907 3734 ἐκθεμένῳ.
2932 3657 3234 3732 Τοιγαροῦν
3267 3656 3395 3711 οὗτε
3418 3656 3563 3711 κατά
3590 3656 3699 3709 διὰ-

2113 3772 2262 3810 νοιαν
2287 3754 2365 3826 τῷ
2396 3756 2460 3809 ἐκ
2485 3754 2788 3826 περιτομῆς
2817 3751 2933 3823 λαῷ
2953 3750 3023 3805 τὰ
3056 3749 3425 3818 θεσπιζόμενα
3451 3744 3697 3821 ἁρμόζει,

2117 3848 2263 3918 μόνῳ
2289 3847 2345 3901 δὲ
2372 3845 2450 3918 τῷ
2481 3844 2702 3918 Χριστῷ
2731 3844 2825 3899 τοῦ
2852 3843 2988 3897 Θεοῦ
3014 3841 3450 3915 μαρτυρουμένῳ
3473 3840 3580 3894 ύπὺ
3603 3839 3700 3910 τῆς

2114 3939 2405 4010 ἐναργείας
2432 3938 2526 3992 καὶ
2552 3937 2652 4009 τῆς
2683 3936 2793 3991 τῶν
2822 3936 3165 4008 πραγμάτων
3195 3934 3498 3999 ἐκϐάσεως.
3527 3935 3700 3997 Μόνος

2114 4030 2224 4102 γὰρ
2257 4023 2410 4093 οὗτος
2432 4030 2531 4100 τὴν
2568 4029 2867 4101 μέλλουσαν
2900 4027 3081 4098 κρίσιν
3112 4029 3225 4089 τοῖς
3250 4025 3431 4079 ἔθνεσι
3465 4028 3702 4096 προεκή-

2119 4123 2304 4193 ρυξεν,
2349 4121 2528 4194 ἠσυχῆ
2574 4120 2651 4192 τῷ
2687 4120 2787 4192 βίῳ
2819 4119 2926 4174 τῶν
2965 4117 3269 4190 ἀνθρώπων
3318 4117 3697 4190 ἐπιδημήσας,

2118 4215 2211 4270 καὶ⁵
2241 4213 2421 4286 κρίσιν
2449 4213 2543 4267 ἐπὶ
2564 4214 2663 4283 τῆς
2693 4213 2799 4282 γῆς
2833 4212 3090 4283 θέμενος”
3116 4211 3208 4264 καὶ
3238 4209 3300 4263 ού
3337 4210 3502 4281 μόνον
3536 4211 3700 4264 κάλα-

2119 4324 2220 4381 μον
2252 4306 2710 4379 συντετριμμένον
2735 4307 2795 4359 οὐ
2831 4304 3094 4372 κατέαξεν
3112 4346 3127 4369 ,
3158 4302 3299 4357 ἀλλὰ
3319 4343 3335 4368 ,
3363 4305 3415 4356 εί
3443 4303 3591 4357 ἐστιν
3623 4304 3699 4356 εί-

2117 4402 2259 4463 πεῖν,
2287 4399 2598 4469 συνέδησεν,
2628 4396 2943 4470 ἀνορθώσας
2969 4398 3063 4451 καὶ
3095 4397 3349 4469 ἰσχυροὺς
3382 4396 3699 4469 ἀπεργασά-

425 4494 594 4556 atque
638 4494 693 4542 in
753 4496 898 4543 terra
945 4487 1219 4556 judicium
1276 4488 1540 4559 posuerit,
1587 4495 1642 4543 et
1684 4503 1792 4542 non
1841 4488 2003 4544 modo

2112 4508 2270 4563 μενος
2301 4491 2430 4554 τοὺς
2480 4489 2754 4555 ἀσθενεῖς,
2783 4490 2878 4543 καὶ
2908 4490 3036 4553 τοὺς
3069 4489 3571 4560 συντετριμμένους
3607 4488 3701 4560 τὴν

426 4577 752 4633 arundinem
787 4579 1079 4633 contritam
1106 4594 1218 4634 non
1244 4578 1535 4651 confregit,
1576 4579 1695 4644 sed,
1724 4579 1772 4635 si
1812 4579 1895 4636 fas
1920 4590 2009 4637 est

425 4667 632 4736 dicere,
663 4673 961 4742 colligavit,
998 4686 1123 4727 cum
1171 4672 1418 4729 infirmos
1445 4682 1500 4729 et
1533 4675 1805 4731 contritos
1843 4674 2010 4731 corde

429 4763 686 4826 erexerit,
739 4764 1016 4835 fortesque
1067 4764 1387 4828 reddiderit,
1442 4773 1497 4821 et
1541 4766 2005 4837 quemadmodum

427 4856 679 4912 infirmos
717 4872 782 4911 ac
808 4856 1039 4922 debiles,
1079 4865 1134 4913 et
1170 4874 1285 4914 suae
1311 4859 1483 4928 ipsius
1519 4861 1821 4917 curationis
1859 4861 2006 4916 indi-

428 4955 621 5017 gentes
663 4962 772 5002 non
804 4947 1172 5018 despiciebat,
1222 4966 1403 5021 neque
1454 4966 1595 5021 quos
1643 4951 1845 5023 prioris
1884 4954 2010 5008 vita:

426 5036 798 5107 paenituisset,
830 5038 1251 5104 condemnabat,
1297 5046 1390 5093 aut
1422 5043 1773 5107 conterebat;
1812 5042 1895 5098 sic
1937 5058 2007 5098 ne

429 5128 555 5183 illos
583 5128 803 5199 quidem
836 5131 929 5201 qui
974 5131 1029 5186 iu
1072 5133 1233 5188 malis
1280 5142 1719 5206 perseverarent.
1765 5143 1860 5190 aut
1907 5136 2005 5206 qui

429 5222 614 5290 pravis
635 5224 799 5279 animi
823 5223 1108 5281 affectibus
1131 5226 1572 5290 incenderentur,
1601 5227 2006 5298 exstinguebat,

428 5321 626 5369 autne
663 5330 730 5370 ex
779 5331 881 5372 suo
917 5318 1196 5388 proposito
1238 5334 1448 5389 suaque
1494 5320 1741 5389 ipsorum
1783 5320 2010 5376 libidine

429 5414 674 5476 agerent,
702 5407 1044 5476 prohibebat;
1070 5424 1246 5479 neque
1273 5425 1402 5465 vero
1435 5419 1632 5480 praeter
1657 5418 1873 5480 tempus
1902 5427 2007 5466 un-

428 5511 596 5566 quam
632 5496 826 5552 horum
861 5499 1096 5570 aliquem
1138 5501 1411 5572 supplicio
1449 5499 1651 5566 affecit,
1680 5503 1881 5572 quippe
1910 5501 2004 5572 qui

429 5587 632 5646 talibus
660 5588 871 5645 debitas
900 5605 999 5661 pro
1044 5592 1256 5648 meritis
1291 5607 1483 5663 pmnas
1517 5593 1572 5648 in
1613 5601 1829 5663 tempus
1855 5609 2006 5649 eom-

2115 4583 2364 4654 καρδίαν.
2390 4583 2602 4652 ’Ὠσπερ
2635 4582 2691 4636 δὲ
2723 4582 2852 4645 τοὺς
2884 4581 3129 4645 ἀσθενεῖς
3163 4582 3258 4636 καὶ
3301 4581 3576 4651 σαθροὺς,
3610 4582 3702 4635 καὶ

2114 4674 2212 4745 τῆς
2259 4673 2425 4728 αὑτοῦ
2473 4673 2772 4747 θεραπείας
2805 4674 3092 4745 δεομένους
3133 4674 3195 4727 ού
3229 4674 3533 4745 παρεώρα,
3584 4674 3703 4726 οὐδὲ

2120 4767 2516 4838 μετανοοῦντας
2568 4767 2914 4839 κατακρίνων
2963 4766 3308 4838 συνέτριϐεν·
3362 4766 3541 4832 οὓτως
3584 4765 3701 4820 οὐδὲ

2113 4860 2240 4923 τοὺς
2286 4862 2400 4923 τοῖς
2440 4862 2631 4922 κακοῖς
2661 4859 3055 4930 ἐπιμένοντας,
3090 4858 3185 4911 καὶ
3217 4858 3323 4911 ὑπὺ
3366 4858 3478 4911 τῶν
3518 4856 3701 4911 παθῶν

2111 4950 2448 5022 τυφομένους
2480 4951 2762 5015 ἐσϐέννυε,
2798 4950 3022 5004 κωλύων
3064 4950 3217 5021 παρὰ
3242 4949 3340 5021 τὴν
3365 4951 3547 5003 αὐτῶν
3573 4966 3703 5019 προ-

2113 5024 2326 5115 αίρεσιν
2355 5045 2629 5115 ἐνεργεῖν·
2661 5044 2781 5097 ούδέ
2819 5042 2926 5114 μὴν
2960 5042 3111 5115 παρά
3142 5043 3333 5113 καιρὸν
3376 5040 3700 5113 ἐτιμωρεῖτό

2112 5152 2236 5189 τινα
2274 5135 2479 5189 τούτων
2500 5176 2516 5201 ,
2558 5135 2656 5207 τὴν
2689 5137 2810 5189 κατ’
2837 5135 2996 5201 ἀξίαν
3039 5134 3222 5188 αὐτῶν
3247 5134 3471 5188 κόλασιν
3505 5137 3581 5197 είς
3612 5132 3700 5185 τὸν

2114 5228 2216 5298 τῆς
2257 5227 2487 5306 καθόλορ
2527 5229 2761 5299 κρίσεως
2787 5228 2979 5297 καιρὸν
3013 5225 3435 5298 ὑπερτιθέμενος
3454 5242 3469 5256 ·
3500 5225 3581 5278 διὸ
3608 5224 3698 5277 λέ·-

2114 5319 2331 5375 λεκται·
2375 5339 2394 5372 ι
2425 5322 2537 5375 Καὶ
2581 5319 2723 5373 λίνον
2767 5320 3072 5390 τυφόμενον
3113 5318 3175 5371 οὐ
3225 5318 3430 5372 σϐέσει.
3463 5338 3482 5370 ι
3523 5319 3699 5370 ’Δντιτ

2113 5429 2250 5482 κρυς
2278 5412 2335 5466 δὲ
2366 5413 2539 5485 πέρας
2564 5412 2753 5485 εἴληφε
2780 5412 2860 5476 τὸ,
2889 5432 2908 5464 ι
2938 5413 3048 5465 Καὶ
3080 5412 3137 5464 ἐν
3169 5410 3247 5481 τῷ
3279 5411 3507 5481 ὀνόματι
3533 5406 3695 5465 αὑτοῦ

2112 5501 2239 5575 ἔθνη
2284 5502 2584 5558 ἐλπιοῦσιν.
2620 5523 2639 5554 ι
2689 5504 2813 5557 Ἐπὶ
2844 5503 2991 5574 μόνῳ
3020 5500 3151 5570 γοῦν
3189 5500 3268 5571 τῷ
3306 5499 3406 5554 τοῦ
3450 5499 3693 5569 Σωτῆρος

2111 5594 2270 5665 ἡμῶν
2301 5594 2477 5668 Ἰησοῦ
2511 5595 2747 5667 Χριστοῦ
2781 5595 3006 5665 ὀνόματι
3037 5592 3234 5663 ἤλπισε
3254 5592 3323 5647 τὰ
3352 5588 3691 5665 Χριστιανῶν

500 5767 548 5802 ⁸⁸
586 5766 691 5826 lsa.
719 5783 870 5836 mi,
908 5769 1018 5826 l-7.
1095 5771 1139 5803 ’τ
1179 5768 1365 5827 Matth.
1402 5788 1477 5828 xu
1502 5812 1516 5840 ,
1558 5772 1739 5834 15,16.
1812 5772 1858 5807 "
1896 5770 2031 5829 ibid.
2072 5769 2253 5828 17-21.
