3836 6220
157 306 268 363 763

1057 306 1721 364 DEMONSTRATIONIS
1761 307 2225 364 EVANGELICAE
2263 309 2392 366 LIB.
2436 309 2528 368 IX.

3336 315 3440 372 706

157 426 287 495 ἔθνη
309 467 323 492 ,
359 427 459 497 τὴν
493 426 808 496 ἐπωνυμίαν
849 425 1016 482 αυτοῦ
1049 427 1124 492 ὡς
1153 427 1361 500 πατρὸς
1391 423 1460 499 ἦς
1489 428 1751 498 παρειλή-
1779 434 1826 487 Α
1856 443 1883 480 ιι

1856 427 2039 483 munis
2061 429 2255 496 judicii
2289 437 2619 493 reservaret,
2645 444 2710 485 ex
2743 445 2857 500 quo
2889 431 3025 487 illud
3070 431 3277 487 dictum
3310 442 3394 488 est
3421 452 3436 467 -

155 535 326 586 φασιν
356 518 640 582 εὐσεϐείας
671 521 1110 592 ἐπιγραφόμενα.
1135 521 1244 573 Kal.
1271 521 1382 591 γὰρ
1408 523 1488 584 εἰς
1519 521 1633 590 φῶς
1656 521 1755 575 οὐκ

154 608 344 673 ἄλλοις
377 610 409 682 ἢ
446 614 559 674 τοῖς
590 610 766 665 ἔθνεσι
799 611 1043 665 δεδόσθαι
1077 610 1524 683 προπεφώνηται,
1551 612 1617 664 δι’
1657 612 1755 664 αὐ-

153 701 254 756 τοῦ
287 719 380 764 τε,
416 705 482 774 τῇ
522 705 822 775 προρρήσει
849 704 1160 768 ἀκολούθως
1182 745 1196 769 ,
1226 704 1496 776 ὀφθαλμοὶ
1533 703 1754 774 τυφλῶν

153 796 270 850 τῶν
305 797 474 851 πάλαι
501 797 602 868 τὴν
630 797 868 851 διάνοιαν
898 796 1343 868 πεπηρωμένων,
1376 797 1470 849 καὶ
1499 796 1560 848 ού
1590 795 1752 867 μόνον

155 889 386 954 τούτων,
419 890 557 944 ἀλλά
600 891 696 944 καὶ¹
730 890 838 944 τῶν
876 890 1008 944 αὐτὸ
1040 890 1102 942 τὸ
1136 889 1297 960 σῶμα
1328 889 1713 960 ἠφανισμένων
1734 927 1748 952 ,

152 982 256 1036 καὶ
280 984 328 1034 οἱ
349 981 566 1051 δεσμοῖς
586 998 644 1033 τε
667 980 761 1034 καὶ
788 983 996 1050 σειραῖς
1029 979 1336 1050 ἁμαρτιῶν,
1368 982 1425 1033 ὲν
1451 980 1631 1033 σκότει
1656 981 1752 1032 καὶ

151 1073 356 1144 ἀγνοίᾳ
384 1074 481 1144 τῆς
514 1072 749 1141 ἀληθοῦς
782 1073 1064 1137 εὐσεϐείας
1098 1073 1158 1126 τὸ
1197 1075 1325 1144 πρὶν
1355 1071 1751 1143 κεκαλινδημέ-

152 1181 260 1228 vos,
285 1164 350 1217 δι’
382 1162 546 1216 αὑτοῦ
573 1163 682 1216 τῶν
706 1163 990 1235 ἁμαρτιῶν
1015 1163 1286 1228 λυθέντες,
1323 1163 1416 1217 τοῦ
1449 1163 1626 1232 φωτὸς
1652 1163 1752 1234 τῆς

152 1256 415 1325 γνώσεως
444 1255 539 1308 καὶ
568 1253 668 1324 τῆς
703 1255 856 1325 παρά
888 1254 967 1325 τῷ
994 1255 1111 1325 Θεῷ
1140 1255 1453 1327 ἐλευθερίας
1474 1253 1750 1324 ἠξίωνται.

153 1350 271 1404 Καὶ
303 1351 368 1402 σὺ
398 1349 476 1414 δὲ,
500 1348 592 1402 ἐπὶ
620 1348 814 1419 σχολῆς
849 1350 962 1412 τοῖς
991 1348 1409 1419 ἀποδεδομένοις
1441 1347 1751 1412 ἀκολούθως

154 1439 458 1509 βασανίσας
485 1440 584 1511 τὴν
635 1437 800 1502 λέξιν,
838 1439 930 1491 ἐπὶ
967 1439 1114 1508 μόνῳ
1148 1437 1213 1491 ἂν
1247 1437 1427 1510 εὕροις
1457 1437 1536 1508 τῷ
1565 1437 1755 1509 Κυρίῳ

151 1537 248 1590 καὶ
281 1537 494 1607 Σωτῆρι
537 1534 694 1606 ἡμῶν
737 1535 967 1588 ἕκαστον
1014 1533 1260 1604 ἀκριϐῶς
1309 1532 1419 1587 τῶν
1466 1533 1533 1586 δι’
1581 1533 1754 1603 αὐτῆς

148 1627 501 1700 δηλουμένων
525 1647 593 1681 πε
601 1629 705 1698 πλη
716 1645 792 1698 ρω
799 1627 977 1699 μένον.

1860 539 1880 574 ι
1913 520 1979 574 Ει
2005 521 2177 576 linum
2224 519 2504 594 fumigans
2534 538 2644 578 non
2691 523 3026 594 exstinguet.
3059 544 3079 577 ι
3116 522 3443 584 Planissime

1853 623 2038 668 autem
2069 613 2232 669 tinem
2267 629 2427 670 suum
2454 615 2666 686 accepit
2690 615 2852 671 etiam
2881 615 3012 671 illud
3051 632 3064 668 :
3104 635 3123 668 ι
3157 616 3224 670 Ει
3258 617 3313 671 in
3349 635 3443 674 uo-

1851 707 1999 762 mine
2031 706 2151 775 ejus
2183 717 2370 776 gentes
2397 708 2697 777 sperabunt
2725 707 2842 762 :iin
2873 709 2993 763 solo
3017 710 3163 764 cnim
3194 707 3443 765 Salvato-

1850 799 1931 855 ris
1968 799 2146 854 nostri
2177 797 2308 855 Jcsu
2343 800 2552 854 Christi
2595 800 2840 864 nomine,
2875 800 3204 857 Christiana:
3250 811 3444 874 gentes

1853 898 2234 961 speraverunt,
2265 907 2387 960 qua:
2413 893 2579 947 etiam
2619 909 2684 948 ex
2721 895 2986 964 religione
3019 910 3184 964 quam
3214 910 3446 965 accepe-

1853 999 1934 1047 re,
1985 984 2133 1039 illius
2165 983 2323 1052 quasi
2370 986 2616 1053 parentis
2670 985 3001 1056 cognomine
3042 994 3242 1042 notatae
3285 995 3437 1043 sunt.

1856 1073 2069 1129 Etenim
2103 1076 2246 1145 quod
2279 1077 2446 1132 nullis
2495 1077 2621 1132 aliis
2655 1078 2763 1132 nisi
2796 1079 3051 1148 gentibus
3079 1080 3132 1132 in
3159 1081 3335 1134 lucem
3369 1079 3446 1135 sit

1854 1168 2041 1231 datus,
2089 1167 2201 1237 jam
2235 1176 2396 1222 antea
2435 1168 2644 1222 dictum
2691 1170 2870 1224 fuerat
2899 1190 2912 1227 :
2947 1178 3002 1225 et
3036 1187 3134 1241 per
3161 1170 3444 1237 eumdem,

1853 1265 1914 1312 ut
1949 1258 2129 1328 ipsum
2174 1259 2460 1313 oraculum
2495 1259 2926 1330 signiﬁcaverat,
2959 1262 3104 1316 oculi
3141 1277 3438 1325 caecorum,

1852 1363 2042 1404 eorum
2072 1351 2260 1420 utique
2293 1352 2385 1420 qui
2429 1351 2707 1422 quondam
2740 1363 2920 1408 mente
2961 1355 3217 1409 excaacati
3259 1363 3441 1421 erant,

1852 1443 2023 1508 aperti
2057 1448 2207 1502 sunt,
2243 1456 2421 1510 neque
2453 1457 2643 1496 eorum
2673 1443 2857 1506 modo,
2891 1443 2984 1498 sed
3014 1445 3179 1499 etiam
3227 1445 3321 1515 qui
3351 1445 3440 1514 ip-

1853 1546 1974 1601 sum
2011 1548 2214 1602 corpus
2263 1534 2654 1603 perdidissent.
2683 1534 2846 1605 Atqui
2875 1537 3114 1593 vinculis
3142 1545 3198 1592 et
3227 1537 3441 1593 catenis

1851 1633 2200 1694 peccatorum
2226 1627 2281 1680 in
2312 1628 2557 1683 tenebris
2587 1635 2642 1682 et
2665 1629 3010 1698 ignoratione
3053 1645 3195 1685 verae
3217 1630 3440 1700 pietatis

149 1725 309 1794 prius
348 1725 728 1784 versabantur,
773 1738 867 1792 per
926 1722 1174 1777 eumdem
1214 1736 1244 1775 a
1283 1720 1526 1792 peccatis
1578 1719 1768 1786 soluti,
1835 1720 2018 1775 lumen
2083 1722 2414 1792 cognitionis
2462 1721 2884 1793 libertatemque
2914 1724 3056 1793 apud
3094 1723 3260 1779 Deum
3289 1724 3432 1777 accio

150 1831 288 1884 pere
316 1821 655 1870 meruerunt.
691 1812 773 1868 Tu
807 1829 935 1868 vero
983 1813 1050 1870 ad
1081 1814 1275 1868 horum
1311 1814 1590 1884 exemplar
1622 1829 1744 1883 qua:
1781 1813 2030 1884 exposita
2067 1822 2217 1878 sunt,
2264 1815 2310 1869 si
2361 1813 2630 1884 reliquam
2705 1816 2835 1870 item
2906 1815 3201 1871 dictionem
3252 1817 3441 1887 capto-

145 1909 385 1971 raveris,
417 1907 472 1961 in
503 1907 622 1962 solo
648 1905 878 1962 Domino
897 1897 1293 1977 Salvatoreque
1349 1915 1562 1972 nostro,
1622 1907 2057 1978 unumquodque
2087 1923 2303 1974 eorum,
2331 1923 2453 1978 qua:
2515 1909 2570 1963 in
2611 1909 2704 1963 illa
2753 1909 3127 1973 continentur,
3192 1909 3442 1966 absolute

143 2004 484 2074 completum
522 2003 787 2058 invenies.

157 2121 300 2177 Ἀπὸ
341 2122 449 2177 τοῦ
479 2125 798 2206 ᾳὺτοῦη-
829 2125 1108 2206 ῌερίοτοῇ
1135 2126 1221 2206 μὴ
1260 2127 1618 2206 πιστεύσειν
1656 2126 1745 2190 εἰς
1777 2133 1818 2186 Β
1847 2121 1883 2194 ἀ

1855 2121 2014 2194 454
2043 2121 2121 2174 Ab
2146 2119 2347 2203 eodem.
2381 2149 2450 2158 —
2479 2119 2647 2206 Demea
2671 2119 2812 2190 quod
2837 2118 3101 2206 Iudaicus
3128 2121 3353 2190 populus
3379 2121 3437 2178 in

436 2194 626 2248 αὑτὸν
656 2196 764 2250 τὸν
795 2194 917 2252 τῶν
949 2194 1249 2252 Ἰουδαίων
1283 2199 1458 2254 λαόν.

228 2324 247 2356 ι
280 2301 436 2358 Εἶδον
469 2307 559 2360 τὸν
601 2309 804 2378 Κύριον
837 2310 1147 2382 καθήμενον
1181 2311 1272 2363 ὲπὶ
1309 2309 1499 2381 θρόνου
1539 2307 1742 2379 ὑψηλοῦ

143 2397 249 2450 καὶ
281 2399 618 2468 ἐπηρμένου,
641 2402 738 2454 καὶ
764 2405 1041 2473 σεραφεὶμ
1071 2405 1420 2473 είστήκεισαν
1449 2401 1634 2472 κύκλῳ
1656 2402 1748 2453 αὑ-

145 2487 268 2542 τοῦ.
301 2509 320 2541 ι
367 2487 484 2544 Εἶθ’
515 2492 724 2555 ὑποϐάς
754 2510 887 2564 φησι
915 2512 926 2522 ·
981 2512 999 2545 ι
1050 2494 1162 2548 Καὶ
1197 2494 1406 2564 ηκουσα
1436 2493 1535 2562 τῆς
1564 2492 1746 2561 φωνῆς

146 2583 364 2654 Κυρίου
398 2583 649 2652 λέγοντος
669 2603 682 2616 ·
709 2585 843 2639 Τίνα
877 2586 1183 2640 ἀποστείλω
1203 2626 1217 2650 ,
1250 2587 1343 2640 καὶ
1368 2585 1452 2648 τίς
1485 2584 1746 2656 πορεύσε-

143 2690 241 2726 ται
268 2674 407 2747 πρὸς
428 2676 520 2729 τὸν
548 2675 678 2732 λαὸν
709 2677 934 2743 τοῦτον;
967 2680 1079 2732 Καὶ
1105 2673 1264 2730 εἶπαι
1306 2677 1437 2730 Ἰδοὺ
1475 2677 1584 2745 ἐγώ
1608 2681 1742 2747 εἰμι,

145 2767 476 2819 ἀπόστειλόν
508 2785 597 2838 με.
632 2770 742 2823 Καὶ
771 2765 925 2822 εἷπε·
979 2769 1310 2841 Πορεύθητι,
1356 2769 1450 2823 καὶ
1496 2769 1616 2822 είπὲ
1667 2769 1746 2840 τῷ

144 2856 266 2926 λαῷ
294 2857 501 2929 τούτῳ’
544 2860 702 2931 Ἀκοῇ
729 2861 1021 2925 ἀκούσετε,
1055 2863 1151 2915 καὶ
1183 2863 1244 2916 οὐ
1278 2861 1353 2932 μὴ
1387 2862 1582 2931 συνῆτε
1601 2901 1616 2923 ,
1653 2863 1747 2914 καὶ

147 2947 448 3016 βλέποντες
477 2951 702 3021 βλέψετε
731 2993 745 3018 ,
771 2955 866 3006 καὶ
887 2956 949 3008 οὐ
984 2956 1058 3025 μὴ
1091 2955 1260 3025 ἴδητε.
1297 2954 1606 3025 Ἐπαχύνθη
1637 2955 1746 3026 γὰρ

146 3040 182 3110 ἠ
211 3040 412 3110 καρδία
443 3040 538 3094 τοῦ
573 3041 703 3094 λαοῦ
735 3042 928 3096 τούτου
956 3084 970 3107 ,
1001 3046 1096 3098 καὶ
1125 3047 1239 3107 τοῖς
1272 3044 1408 3096 ὠσὶν
1438 3045 1618 3096 αὐτῶν
1650 3045 1746 3116 βα-

147 3133 296 3203 ρέως
325 3134 599 3205 ῆκουσαν,
633 3136 728 3189 καὶ
756 3138 881 3198 τοὺς
923 3137 1237 3209 ὀφθαλμοὺς
1269 3140 1452 3194 αὐτῶν
1495 3139 1748 3210 ἐκάμμυ-

147 3242 290 3288 σαν,
325 3227 539 3297 μήποτε
593 3227 742 3282 ἴδωσι
787 3230 900 3292 τοῖς
933 3228 1267 3299 ὀφθαλμοῖς,
1317 3232 1413 3286 καὶ
1457 3235 1568 3295 τοῖς
1613 3233 1748 3286 ὠσὶν

147 3318 435 3372 ἀκούσωσι
455 3359 469 3383 ,
495 3319 589 3372 καὶ
611 3321 677 3390 τῇ
713 3321 909 3393 καρδίᾳ
944 3321 1176 3389 συνῶσι,
1205 3324 1300 3376 καὶ
1341 3325 1770 3409 ἐπιστρέφου-ιη

144 3411 249 3466 καὶ
288 3411 527 3482 ίάσωμαι
576 3413 792 3477 αὐτούς.
825 3433 843 3464 ›
886 3415 1072 3485 Ἔχεις
1120 3417 1215 3468 καὶ
1258 3416 1461 3471 τούτων
1505 3418 1567 3470 τὸ
1613 3419 1748 3470 ἀπο-

147 3503 401 3574 τέλεσμα
423 3505 515 3558 ἐπὶ
547 3505 640 3558 τοῦ
672 3507 926 3578 Σωτῆρος
953 3508 1133 3579 ἡμῶν,
1161 3511 1302 3563 κατὰ
1329 3511 1425 3582 μὲν
1446 3510 1536 3563 τὸν
1573 3511 1748 3564 Ίωάν-
1773 3530 1818 3590 C

149 3614 256 3668 νην
290 3599 543 3668 φήσαντα
565 3614 578 3627 ·
633 3617 650 3650 ι
683 3598 934 3652 Τοσαῦτα
974 3600 1031 3652 δὲ
1066 3601 1233 3654 αὑτοῦ
1265 3605 1466 3672 σημεῖα
1513 3619 1745 3673 πεποιη-

147 3686 315 3750 κότος
346 3686 655 3759 ἐμπροσθεν
685 3688 864 3741 αὐτῶν
885 3730 900 3753 ,
932 3691 1032 3744 οὐκ
1067 3691 1395 3746 ἐπίστευσαν
1433 3694 1511 3756 εἰς
1558 3693 1743 3756 αὑτὸν,

148 3779 243 3831 ἶνα
294 3781 324 3832 6
371 3779 528 3848 λόγος
591 3782 814 3835 Ἡσαΐου
864 3780 958 3836 τοῦ
1011 3794 1292 3855 προφητου
1350 3783 1646 3856 πληρωθῇ,
1689 3784 1746 3837 ὃν

147 3870 310 3925 εἷπε·
355 3873 564 3945 Κύριε,
605 3874 690 3938 τίς
735 3874 1025 3928 ἐπίστευσε
1063 3879 1127 3947 τῇ
1162 3878 1299 3948 ἀκοῇ
1348 3877 1542 3948 ἡμῶν,
1598 3879 1692 3930 καὶ
1719 3879 1748 3929 6

151 3967 402 4038 βραχίων
447 3969 652 4040 Κυρίου
698 3969 802 4022 τίνι
851 3969 1250 4042 ἀπεκαλύφθη,
1313 3970 1397 4024 διὰ
1451 3969 1604 4023 τοῦτο
1648 3969 1749 4023 οὐκ

150 4060 422 4128 ἠδύναντο
457 4061 764 4115 πιστεύειν·
799 4057 921 4115 εἷπε
951 4061 1059 4135 γὰρ
1088 4063 1248 4117 πάλιν
1288 4063 1517 4126 Ἡσαΐας
1536 4079 1549 4092 ·
1579 4061 1750 4114 Τετύ-

151 4153 377 4224 φλωκεν
407 4153 588 4206 αὐτῶν
610 4155 734 4217 τοὺς
761 4153 1093 4226 ὀφθαλμοὺς,
1124 4155 1218 4207 καὶ
1243 4153 1536 4225 ἐπώρωσεν
1569 4152 1748 4206 αὐτῶν

148 4247 261 4314 τὴν
296 4245 542 4315 καρδίαν,
571 4244 659 4297 ἵνα
691 4243 764 4315 μὴ
790 4243 939 4297 ἴδωσι
960 4246 1071 4306 τοῖς
1103 4243 1436 4313 ὀφθαλμοῖς,
1484 4241 1580 4294 καὶ
1626 4241 1750 4312 νοή-

154 4353 302 4392 σωσι
326 4339 394 4407 τῇ
419 4336 614 4407 καρδίᾳ
635 4376 650 4400 ,
685 4337 778 4388 καὶ
809 4336 1177 4406 ὲπιστρὲψωσι
1200 4374 1212 4398 ,
1255 4335 1350 4388 καὶ
1383 4333 1623 4404 ίάσωμαι
1649 4333 1749 4386 αύ-

151 4430 309 4494 τούς.
361 4429 546 4482 Ταῦτα
591 4425 745 4483 εἶπεν
781 4429 1042 4492 Ἡσαΐας,
1080 4429 1169 4480 ὅτε
1199 4424 1307 4480 εἶδε
1345 4426 1442 4498 τὴν
1474 4426 1628 4490 δόξαν
1661 4426 1752 4478 αύ-

152 4521 279 4584 τοῦ,
297 4520 391 4573 καὶ
415 4520 643 4592 ὲλάλησε
672 4518 798 4589 περὶ
829 4517 992 4571 αὐτοῦ
1011 4535 1024 4548 ·
1052 4537 1069 4568 ι
1095 4515 1238 4570 κατά
1261 4517 1318 4569 δὲ
1341 4515 1432 4568 τὸν
1451 4514 1748 4577 Ματθαῖον,

155 4615 252 4668 ὅτε
308 4613 696 4684 προσελθόντες
741 4613 791 4664 οἱ
841 4611 1080 4682 μαθηταὶ
1135 4608 1300 4662 αὑτοῦ
1352 4604 1504 4660 εἷπον
1568 4605 1749 4676 αὐτῷ’

155 4706 266 4761 Διά
294 4706 346 4759 τί
379 4707 436 4758 ὲν
467 4705 803 4775 παραϐολαῖς
833 4704 1017 4767 αὐτοῖς
1051 4702 1260 4767 λαλεῖς;
1290 4702 1319 4754 6
1345 4701 1401 4754 δὲ
1431 4698 1751 4771 ἀποκριθεὶς

157 4793 350 4851 εἷπεψ
394 4797 552 4867 Ὑμῖν
582 4795 788 4849 δέδοται
827 4797 1029 4863 γνῶναι
1055 4794 1124 4848 τὰ
1156 4794 1431 4866 μυστήρια
1465 4793 1563 4864 τῆς
1597 4792 1751 4863 βασι-

2228 2194 2402 2260 ipsum
2434 2191 2730 2245 crediturus
2763 2208 2866 2244 non
2889 2200 3044 2246 esset.

1925 2325 1943 2358 ι
1978 2306 2100 2360 Vidi
2132 2303 2422 2358 Dominum
2464 2303 2742 2359 sedentem
2778 2320 2943 2374 super
2976 2305 3115 2360 solio
3143 2305 3360 2360 excelso
3387 2311 3442 2361 et

1850 2398 2071 2453 sublimi
2102 2417 2114 2452 :
2148 2407 2202 2451 et
2233 2397 2507 2466 seraphim
2546 2397 2766 2451 stabant
2796 2399 2851 2450 in
2887 2398 3123 2451 circuitu
3165 2397 3285 2465 ejus
3305 2399 3372 2454 ’³.
3413 2417 3432 2450 ι

1850 2489 2055 2544 Deinde
2101 2490 2382 2558 paululum
2425 2504 2754 2559 progressus
2807 2490 2888 2544 sic
2920 2492 3036 2543 ait:
3078 2508 3096 2539 ι
3138 2489 3204 2542 Ει
3253 2490 3436 2544 audivi

1849 2597 2038 2635 vocem
2090 2579 2303 2633 Domini
2357 2581 2594 2635 dicentis
2639 2599 2652 2634 :
2697 2579 2869 2646 Quem
2932 2581 3178 2635 mittam?
3220 2589 3271 2636 et
3312 2584 3440 2651 quis

1851 2670 1953 2724 ibit
1979 2669 2047 2722 ad
2096 2668 2353 2737 populum
2407 2667 2596 2721 hunc?
2629 2666 2694 2720 Et
2725 2668 2837 2722 dixi
2871 2685 2882 2720 :
2914 2666 3054 2723 Ecce
3081 2685 3182 2738 ego
3217 2670 3435 2734 adsum,

1849 2763 2006 2815 mitte
2036 2775 2140 2813 me.
2185 2758 2250 2813 Et
2285 2760 2422 2813 dixit
2455 2779 2467 2813 :
2503 2757 2671 2821 Vade,
2705 2768 2759 2813 et
2791 2759 2881 2813 dic
2925 2761 3127 2830 populo
3155 2760 3302 2826 huic,
3337 2777 3438 2815 au-

1849 2853 1965 2906 ditu
2008 2852 2264 2914 audietis,
2295 2858 2348 2904 et
2371 2865 2478 2903 non
2512 2850 2848 2918 intelligetis,
2874 2860 2926 2904 et
2956 2851 3232 2906 intuentes
3256 2853 3436 2907 intue-

1849 2945 2063 3007 himini,
2106 2951 2160 2997 et
2193 2959 2300 2996 non
2341 2943 2614 2996 videbitis.
2646 2940 2909 2996 Crassum
2940 2941 3087 2996 enim
3119 2941 3323 2996 factum
3353 2949 3439 2998 est

1849 3051 1946 3090 cor
1971 3036 2154 3105 populi
2188 3035 2370 3103 Imjus,
2402 3046 2454 3088 et
2477 3034 2703 3087 auribus
2727 3034 2842 3087 suis
2863 3033 3102 3103 graviter
3119 3035 3436 3100 audierunt,

1849 3135 1904 3182 et
1933 3128 2124 3182 oculos
2155 3143 2286 3182 suns
2312 3127 2652 3191 clauserunt,
2686 3127 2976 3195 nequando
2994 3127 3213 3181 videant
3235 3127 3435 3193 oculis,

1849 3228 1904 3276 et
1933 3219 2162 3273 auribus
2197 3217 2448 3280 audiant,
2482 3225 2538 3270 et
2571 3217 2736 3271 corde
2763 3216 3091 3287 intelligant,
3121 3224 3176 3273 et
3214 3233 3440 3274 conver-

1849 3318 2060 3374 tantur,
2112 3316 2167 3363 et
2215 3324 2404 3363 sanem
2452 3309 2606 3364 eos‘.
2659 3327 2678 3359 ι
2728 3307 2931 3362 llarum
2979 3324 3200 3380 quoque
3250 3324 3438 3364 rerum

1850 3402 2020 3458 habes
2053 3409 2308 3456 eventum
2347 3401 2403 3453 in
2445 3397 2732 3453 Salvatore
2759 3407 2970 3464 nostro,
3005 3407 3065 3453 ut
3090 3399 3234 3470 apud
3271 3397 3442 3454 Joan-

1850 3508 1974 3547 nem
2030 3493 2284 3562 legimus,
2329 3489 2424 3558 qui
2464 3490 2540 3542 ait
2581 3504 2594 3540 :
2634 3507 2652 3539 ι
2691 3489 2828 3543 Cum
2875 3497 3058 3544 autem
3112 3499 3222 3541 tam
3268 3491 3440 3542 multa

1851 3585 2006 3656 signa
2049 3584 2270 3639 fecisset
2303 3596 2489 3635 coram
2522 3581 2625 3646 eis,
2668 3579 2776 3635 non
2803 3581 3155 3636 crediderunt
3190 3581 3244 3634 in
3277 3596 3426 3644 eum,

1851 3684 1910 3730 ut
1941 3691 2123 3732 sermo
2155 3674 2309 3730 Isaiae
2342 3675 2623 3745 prophetae
2671 3674 3012 3743 impleretur,
3052 3687 3214 3742 quem
3251 3673 3389 3727 dixit
3419 3687 3434 3725 :

1849 3765 2102 3832 Domine,
2147 3767 2272 3837 quis
2308 3767 2537 3820 credidit
2567 3765 2777 3820 auditui
2813 3763 3046 3818 nostro?
3073 3776 3126 3818 et
3155 3764 3438 3817 brachium

1849 3858 2090 3924 Domini,
2117 3863 2206 3914 cui
2236 3859 2536 3915 revelatum
2571 3858 2693 3912 est?
2722 3865 3008 3928 propterea
3042 3873 3150 3912 non
3188 3864 3440 3925 poterant

1849 3955 2092 4021 credere,
2127 3955 2256 4024 quia
2308 3954 2506 4007 iterum
2541 3951 2681 4007 dixit
2725 3952 2898 4008 Isaias
2929 3967 2941 4002 :
2975 3949 3279 4004 Excaecavit
3305 3964 3442 4004 ocu-

1849 4050 1937 4107 los
1964 4068 2180 4117 eorum,
2211 4059 2266 4105 et
2297 4051 2575 4104 induravit
2605 4064 2702 4104 cor
2726 4064 2940 4111 eorum,
2966 4064 3034 4103 ne
3062 4048 3281 4102 videant
3305 4062 3442 4102 ocu-

1850 4147 1940 4207 lis,
1974 4153 2027 4201 et
2063 4147 2227 4200 corde
2269 4145 2596 4214 intelligant,
2630 4151 2687 4199 et
2714 4151 3130 4206 convertantur,
3152 4150 3207 4195 et
3247 4158 3436 4198 sanem

1851 4257 1966 4297 eos.
2018 4241 2143 4295 Haec
2173 4240 2311 4294 dixit
2358 4240 2550 4304 Isaias,
2583 4238 2806 4308 quando
2853 4239 2993 4292 vidit
3029 4239 3256 4308 gloriam
3292 4237 3436 4307 ejus,

1850 4339 1904 4385 et
1959 4332 2180 4385 locutus
2237 4338 2322 4385 est
2367 4328 2434 4382 de
2488 4343 2554 4382 eo
2576 4329 2616 4381 ί.
2661 4347 2679 4380 ι
2715 4327 3024 4393 Οαιιενιιιη,
3078 4335 3136 4380 ιιι
3181 4333 3264 4381 est
3293 4326 3436 4397 apud

1854 4423 2192 4487 Matth:eum,
2232 4425 2556 4478 accedentes
2587 4420 2845 4490 discipuli
2891 4420 3011 4489 ejus
3043 4418 3301 4472 dixerunt
3331 4419 3380 4472 ei
3418 4437 3432 4472 :

1861 4535 1878 4566 ι
1913 4516 2094 4582 Quare
2131 4516 2184 4568 in
2216 4499 2492 4586 parabolis
2516 4513 2759 4583 loqueris
2789 4512 2903 4566 eis?
2958 4511 3050 4580 qui
3100 4509 3438 4578 respondens

1854 4608 1931 4660 ait
1959 4609 2067 4662 illis
2094 4623 2105 4657 :
2135 4607 2301 4662 Vobis
2324 4607 2510 4660 datum
2541 4613 2623 4660 est
2655 4619 2819 4658 nosse
2853 4602 3111 4673 mysteria
3137 4600 3310 4670 regni,
3330 4600 3438 4654 illis

1855 4707 2036 4754 autem
2090 4713 2200 4752 non
2254 4705 2337 4752 est
2383 4697 2571 4752 datum
2608 4713 2620 4748 :
2651 4695 2773 4750 ideo
2811 4695 2863 4748 in
2917 4693 3192 4756 parabolis
3243 4693 3438 4760 loquor

1855 4790 1958 4853 eis,
1992 4797 2052 4842 ut
2082 4789 2329 4843 videntes
2368 4804 2477 4843 non
2511 4788 2754 4851 videant,
2784 4795 2838 4842 et
2873 4785 3161 4840 audientes
3196 4799 3303 4838 non
3339 4797 3440 4835 an-

157 4887 340 4949 λείας,
366 4883 592 4950 ἐκείνοις
614 4887 669 4940 δὲ
694 4887 755 4939 οὐ
777 4887 984 4939 δέδοται
1000 4904 1012 4914 ·
1039 4883 1124 4938 διὰ
1149 4882 1310 4936 τοῦτο
1329 4885 1387 4935 ὲν
1415 4880 1753 4951 παραϐολαῖς
1786 4882 1828 4936 D
1858 4881 1883 4935 d

1858 4881 2030 4945 diant,
2061 4895 2130 4934 ne
2165 4881 2386 4949 quando
2409 4889 2820 4940 convertantur,
2851 4885 2906 4933 et
2937 4891 3122 4932 sanem
3149 4874 3437 4931 eos.Tunc

161 4979 357 5041 αὐτοῖς
386 4978 530 5031 λαλῶ
549 5017 562 5040 ,
592 4977 687 5030 ἵνα
719 4975 1010 5046 βλέποντες
1046 4983 1120 5046 μη
1155 4973 1427 5044 βλέπωσι,
1466 4973 1560 5024 καὶ
1591 4971 1757 5024 ἀκού-

159 5085 323 5131 οντες
351 5073 424 5139 μὴ
455 5067 692 5122 ἀκούωσι
714 5108 728 5130 ,
763 5069 836 5140 μή
868 5084 995 5121 ποτε
1030 5064 1399 5138 ὲπιστρέψωσι
1418 5104 1432 5126 ,
1461 5063 1558 5116 καὶ
1589 5062 1754 5116 ἰάσω-

168 5177 275 5231 μαι
305 5159 520 5222 αὐτούς.
555 5159 688 5213 Τότε
714 5157 1004 5232 ἐπληρώθη
1039 5159 1127 5210 ἐπ’
1161 5158 1346 5218 αὐτοῖς
1383 5156 1415 5226 ἡ
1449 5153 1757 5227 προφητεία

181 5251 411 5304 Ἡσαΐου
455 5253 489 5322 ἠ
517 5250 752 5319 λέγουσα
772 5267 784 5280 ·
820 5269 838 5302 ι
867 5248 1202 5321 Πορεύθητι,
1233 5255 1329 5300 καὶ
1365 5244 1496 5322 εἰπὲ
1527 5242 1605 5314 τῷ
1641 5241 1757 5314 λαῷ

164 5338 380 5409 τούτῳ⁶
425 5339 582 5410 ’Δκοῇ
615 5337 908 5401 ἀκούσετε,
943 5339 1038 5390 καὶ
1061 5338 1122 5389 οὐ
1153 5337 1228 5407 μὴ
1264 5335 1483 5405 συνῆτε,
1516 5352 1535 5386 ι
1569 5334 1663 5387 καὶ
1690 5335 1758 5388 τὰ

166 5430 388 5492 τούτοις
429 5430 566 5500 ἑξῆς.
623 5429 902 5501 Ἐπιτήρει
945 5429 1003 5481 δὲ
1047 5429 1168 5481 τίνα
1201 5428 1404 5502 τρόπον
1435 5429 1464 5479 6
1507 5427 1759 5498 Ἰωάννης

168 5524 375 5590 ἐπάγει
406 5521 610 5589 λέγων·
646 5541 663 5572 ι
694 5521 879 5574 Ταῦτα
910 5517 1063 5573 εἶπεν
1097 5520 1347 5582 Ἡσαΐας,
1381 5519 1470 5573 ὅτε
1508 5513 1615 5570 εἶδε
1659 5518 1758 5588 τὴν

167 5615 332 5682 δόξαν
349 5613 536 5677 αὐτοῦ,
551 5614 644 5667 καὶ
665 5612 890 5684 ὲλὰλησε
910 5613 1038 5684 περὶ
1058 5610 1244 5675 αὐτοῦ,
1275 5632 1293 5663 δ
1307 5612 1382 5674 ὡς
1404 5612 1496 5664 τὸν
1521 5610 1756 5681 Χριστὸν

245 5771 291 5802 ’³
335 5769 442 5823 Isa.
479 5783 560 5828 vr,
597 5765 704 5829 ιε.

788 5765 804 5796 ¹
843 5766 974 5822 ibid.
1007 5765 1163 5824 8-I0.
1238 5769 1258 5798 ¹
1305 5765 1462 5822 Joan.
1503 5782 1612 5832 ιιι,
1646 5762 1841 5818 37-“.

1863 4970 2134 5039 completa
2168 4977 2254 5023 est
2296 4970 2352 5024 in
2402 4971 2482 5026 eis
2524 4971 2810 5041 prophetia
2864 4967 3052 5030 Isaize,
3101 4982 3219 5032 qua:
3251 4965 3385 5019 dicit
3419 4979 3432 5014 :

1863 5059 2034 5126 Vade,
2065 5069 2118 5116 et
2166 5061 2256 5116 die
2298 5064 2501 5133 populo
2547 5063 2694 5126 huic,
2733 5062 2920 5116 auditu
2953 5059 3210 5123 audietis,
3244 5067 3296 5110 οι
3325 5073 3435 5112 non

1864 5154 2260 5224 intelligetis',
2308 5175 2327 5209 ι
2361 5165 2414 5210 ει
2471 5171 2590 5226 quae
2649 5163 2975 5225 sequuntur.
3027 5152 3260 5207 Attende
3306 5163 3440 5204 vero

1864 5246 1992 5315 quid
2032 5247 2114 5300 isit
2158 5247 2302 5315 quod
2355 5246 2594 5302 Joannes
2636 5247 2902 5317 adjungit,
2947 5235 3035 5299 tibi
3088 5231 3209 5296 ait.‘
3252 5263 3270 5295 ι
3312 5241 3439 5298 Haec

1860 5339 1998 5395 dixit
2027 5337 2214 5402 Isaias,
2249 5341 2470 5410 quando
2518 5341 2652 5394 vidit
2683 5341 2910 5410 gloriam
2946 5337 3088 5405 ejus,
3115 5344 3171 5390 et
3217 5335 3438 5392 locutus

1861 5438 1945 5484 est
1997 5429 2066 5485 de
2123 5445 2210 5485 eo.
2267 5449 2284 5482 ι
2346 5430 2503 5497 Quod
2558 5446 2691 5486 sane
2744 5446 2853 5486 non
2922 5429 3082 5484 aliter
3156 5426 3437 5496 accipien-

1861 5521 1990 5576 dum
2055 5529 2180 5583 est,
2242 5535 2307 5575 ac
2365 5523 2411 5576 si
2484 5521 2762 5576 Christum
2831 5519 3146 5590 Christique
3205 5518 3436 5588 gloriam

1862 5613 2126 5683 propheta
2184 5614 2240 5668 in
2307 5629 2371 5668 ea
2428 5613 2640 5669 visione
2713 5612 2955 5680 viderit,
3010 5611 3067 5666 in
3118 5624 3228 5679 qua
3287 5609 3364 5664 ait
3415 5623 3438 5667 :

1921 5765 1941 5796 '
1976 5763 2169 5822 Matth.
2203 5782 2338 5831 xm.
2383 5768 2562 5825 lC-N.
