3836 6220
408 306 510 363 707

1011 306 1282 364 EUSEBII
1321 305 1805 365 CIESARIENSIS
1842 307 2215 365 OPP..PARS
2253 309 2317 365 II.
2354 342 2424 353 —
2460 311 2957 372 APOLOCETICA.

3547 323 3649 381 708

404 419 568 494 455
604 439 625 472 ι
657 418 779 476 Vidi
815 417 1106 476 Dominum
1138 418 1378 475 Sabaoth
1408 419 1690 475 sedentem
1733 421 1787 475 in
1837 422 1974 477 solio

2079 425 2384 495 ἑωρακότος
2431 429 2525 482 καὶ
2570 430 2668 501 τὴν
2710 431 2946 502 Χριστοῦ
2990 416 3148 500 δόξαν
3192 434 3287 489 τοῦ
3325 440 3611 511 προφήτου
3636 482 3652 507 ,

405 512 625 567 excelso
646 519 700 565 et
721 510 961 579 sublimi,
998 529 1019 563 ι
1051 519 1105 565 et
1133 525 1255 580 qua
1278 517 1604 580 sequuntur.
1637 508 1771 576 Quis
1793 517 1977 565 autem

408 615 521 655 non
549 600 854 655 admiretur
900 600 1226 655 oraculum?
1279 615 1404 655 cum
1444 601 1610 656 etiam
1665 615 1815 655 nunc
1842 599 1978 655 adeo

408 692 689 746 evidenter
738 691 937 747 intueri
990 691 1153 747 liceat
1192 689 1414 746 Judaici
1455 692 1640 762 populi
1712 690 1978 748 adversus

407 779 685 836 Christum
722 779 1200 835 incredulitatem?
1233 781 1367 836 Nam
1412 780 1543 835 olim
1575 780 1796 851 quidem
1822 781 1978 835 illum

409 871 684 926 hominem
715 872 938 937 factum,
962 871 1338 942 miraculaque
1357 871 1606 928 edentem
1639 870 1782 942 apud
1814 886 1873 927 se
1893 871 1983 927 in-

407 969 646 1029 tuentes,
697 964 867 1018 animi
923 971 1087 1034 atque
1132 964 1506 1035 intelligentia
1547 964 1724 1019 oculis
1753 979 1981 1020 cernere

406 1068 519 1109 non
552 1062 826 1124 poterant,
864 1070 1040 1125 neque
1074 1056 1221 1125 apud
1264 1056 1415 1126 ipsos
1456 1055 1603 1111 ullus
1632 1064 1753 1111 erat
1785 1057 1980 1112 anima

406 1144 757 1216 intelligentis
790 1145 1042 1209 intuitus,
1069 1159 1178 1215 quo
1201 1147 1592 1216 perspicerent,
1625 1162 1874 1218 quanam
1889 1162 1983 1203 es-

407 1245 491 1293 set
518 1237 575 1291 in
608 1237 803 1292 mediis
839 1238 975 1308 ipsis
1005 1237 1206 1301 virtus,
1243 1253 1365 1308 qua
1392 1247 1544 1293 tanta
1581 1246 1636 1294 et
1666 1247 1776 1294 tam
1808 1241 1980 1295 multa

405 1328 671 1383 miracula
699 1327 956 1384 ediceret.
989 1327 1133 1395 Quin
1167 1329 1333 1384 etiam
1366 1345 1490 1383 cum
1537 1330 1766 1386 au'ribus
1811 1331 1980 1387 verba

406 1419 529 1473 vita
559 1425 775 1473 aeterna
797 1418 1077 1488 percipere
1104 1416 1285 1472 idonei
1316 1418 1515 1473 redditi
1543 1427 1751 1485 essent,
1788 1429 1844 1476 et
1878 1435 1978 1476 vo-

405 1525 523 1565 cem
555 1510 754 1566 divina
781 1512 1061 1581 sapientia
1089 1512 1365 1576 audirent,
1396 1513 1624 1570 auribus
1646 1515 1846 1569 mentis
1867 1529 1979 1571 non

405 1600 722 1666 audiebant,
754 1609 813 1655 ut
843 1602 924 1657 sic
971 1603 1223 1658 videlicet
1257 1602 1476 1673 ipsimet
1508 1604 1809 1674 prophetia
1854 1621 1976 1660 ma-

406 1692 669 1749 nifestum
718 1692 878 1749 linem
910 1693 1274 1764 imponerent.
1311 1693 1503 1749 Adhuc
1529 1701 1713 1749 autem
1738 1710 1864 1749 cum
1892 1695 1980 1750 di-

2078 516 2220 569 κατά
2245 515 2343 588 τὴν
2374 519 2659 584 ὀπτασίαν,
2683 521 2741 574 ἐν
2831 520 3065 592 ἔφησεν·
3108 543 3128 575 ι
3157 519 3312 578 Εἶδον
3341 526 3433 580 τὸν
3453 527 3654 602 Κύρων

2078 606 2304 661 Σαϐαὼθ
2329 607 2645 681 ⁴καθήμενον
2675 612 2767 665 ἐπὶ
2810 612 2998 684 θρόνου
3034 613 3238 685 ὑψηλοῦ
3272 616 3368 671 καὶ
3410 620 3655 692 ἐπηρμέ-

2077 715 2193 763 νου,
2224 717 2244 751 ›
2294 700 2393 753 καὶ
2433 701 2503 755 τὰ
2551 700 2698 772 ἑξῆς.
2747 702 2845 766 Τίς
2881 703 2928 755 δ’
2957 705 3059 757 οὐκ
3105 705 3172 760 ἂν
3214 707 3522 781 ἐκπλαγείη
3561 710 3654 783 τὴν

2080 791 2402 864 πρόρρησιν,
2442 793 2688 865 ἐναργῶς
2720 793 2894 859 οὕτως
2937 797 3105 850 είσέτι
3145 796 3243 853 νῦν
3280 800 3425 873 ὁρῶν
3455 801 3569 855 τῶν
3597 806 3656 857 ἐκ

2080 885 2383 955 περιτομῆς
2408 885 2508 957 τὴν
2540 887 2622 950 είς
2652 887 2889 958 Χριστὸν
2919 888 3213 956 ἁπιστίαν;
3244 892 3336 945 καὶ
3361 892 3536 947 πάλαι
3563 895 3656 965 μὲν

2080 976 2190 1047 γὰρ
2232 977 2685 1049 ἐνανθρωποῦντα
2712 981 2806 1034 καὶ
2849 980 3369 1051 παραδοξοποιοῦντσ
3395 987 3452 1039 ἐν
3478 988 3657 1052 αὐτοῖς

2081 1069 2315 1141 ὁρῶντες
2344 1070 2526 1136 αὐτὸν,
2560 1069 2859 1142 ὀφθαλμοῖς
2888 1074 3068 1144 ψυχῆς
3094 1074 3186 1127 καὶ
3210 1071 3453 1140 διανοίας
3476 1077 3651 1149 ὄμμα-

2083 1178 2167 1215 σιν
2190 1162 2290 1214 οὐκ
2316 1160 2576 1227 ἐθεῶντο,
2607 1162 2729 1215 οὐδέ
2760 1180 2843 1226 τις
2874 1162 2943 1232 ἦν
2973 1167 3032 1218 ἐν
3064 1166 3248 1230 αὐτοῖς
3270 1171 3465 1241 νοερᾶς
3505 1170 3657 1223 ἐνθυ-

2086 1256 2159 1327 μή
2171 1271 2301 1318 τέως
2333 1254 2542 1327 ὅρασις,
2569 1256 2647 1319 εις
2673 1254 2735 1308 τὸ
2762 1256 2997 1310 συνιέναι
3030 1257 3114 1320 τίς
3158 1259 3275 1311 ποτ’
3298 1260 3407 1331 ἄρα
3438 1256 3509 1332 ἦν
3540 1265 3575 1333 η
3594 1264 3659 1316 τὰ

2080 1347 2318 1402 τοσαῦτα
2364 1348 2458 1402 καὶ
2497 1347 2796 1419 τηλικαῦτα
2846 1348 3336 1423 θαυματουργοῦσα
3375 1355 3436 1407 ἐν
3478 1355 3660 1421 αὐτοῖς

2079 1441 2327 1511 δύναμις.
2363 1439 2523 1493 Ἀλλὰ
2550 1441 2644 1494 καὶ
2669 1442 2859 1505 αὐταῖς
2891 1443 3082 1506 ἀκοαῖς
3108 1445 3329 1515 ῥήματα
3356 1444 3507 1518 ζωῆς
3533 1450 3655 1500 alm-

2080 1533 2193 1588 νίου
2213 1532 2467 1598 δέξασθαι
2492 1534 2911 1605 κατηξιωμένοι,
2934 1537 3029 1590 καὶ
3054 1538 3237 1608 φωνῆς
3262 1539 3447 1592 ἐνθέου
3472 1540 3662 1609 σοφίας

2081 1626 2456 1701 ἀκροώμενοι,
2503 1627 2606 1682 ὠσὶ
2638 1627 2878 1691 διανοίας
2911 1630 3012 1682 οὐκ
3054 1630 3278 1701 ἢκουον,
3309 1631 3387 1695 ὠς
3431 1633 3660 1703 ἐναργὲς

2080 1721 2234 1783 τέλος
2264 1720 2564 1789 ἐπαγαγεῖν
2590 1720 2789 1783 αὐτοὺς
2807 1723 2875 1791 τῇ
2898 1722 3225 1792 προφητείᾳ.
3252 1723 3365 1776 Καὶ
3396 1725 3482 1787 είς
3501 1723 3661 1796 δεῦρο

406 1783 591 1839 vinam
621 1784 825 1840 Christi
861 1784 1139 1851 virtutem,
1167 1801 1264 1855 per
1284 1800 1449 1855 quam
1482 1800 1644 1842 omne
1674 1794 1848 1857 genus
1875 1786 1974 1841 ho-

2077 1808 2131 1862 δέ
2159 1808 2258 1881 τὴν
2282 1783 2470 1863 ἔνθεον.
2494 1809 2588 1863 τοῦ
2620 1783 3141 1883 Χριστούυδύναμιν,
3175 1783 3242 1866 δι’
3265 1809 3333 1887 ῆς
3367 1783 3482 1869 πᾶν
3504 1783 3664 1884 γένος

406 1879 614 1932 minum
644 1878 836 1947 patriis
864 1878 1351 1948 superstitionibus
1387 1880 1697 1945 liberatum,
1729 1897 1843 1937 sua
1892 1882 1978 1952 ip-

407 1968 524 2023 sius
557 1967 811 2038 religioni
843 1968 1095 2037 subjecit,
1131 1975 1241 2022 tam
1276 1970 1423 2025 clare
1476 1971 1769 2027 micantem
1800 1972 1977 2042 inspi-

406 2059 587 2128 ciant,
661 2073 1006 2130 nequaquam
1057 2059 1111 2113 vi
1165 2061 1363 2115 mentis
1411 2061 1743 2127 attendunt,
1799 2078 1977 2133 neque

407 2148 868 2216 animadvertunt,
893 2149 1373 2221 quemadmodum,
1400 2151 1546 2221 quod
1576 2164 1754 2222 neque
1777 2168 1808 2206 a
1827 2151 1977 2209 Mose

406 2255 585 2310 neque
608 2255 640 2295 a
667 2242 1067 2311 posterioribus
1098 2240 1247 2297 Mose
1281 2242 1561 2312 projihetis
1595 2243 1652 2296 in
1684 2244 1815 2299 solis
1842 2244 1978 2314 ipsis

405 2332 640 2388 obtineri
668 2334 868 2403 potuit,
905 2334 1009 2389 hoc
1051 2342 1135 2390 est
1184 2351 1253 2390 ne
1286 2336 1597 2392 simulacris
1651 2336 1975 2400 addiceren-

405 2429 517 2490 tur,
552 2440 728 2495 neque
759 2425 1056 2479 multorum
1079 2426 1306 2480 deorum
1330 2428 1708 2499 superstitioni
1740 2426 1978 2485 adnare-

406 2523 548 2582 rent,
584 2517 765 2588 ipsum
797 2517 902 2572 hoc
935 2517 992 2571 in
1034 2517 1251 2574 cunctis
1283 2518 1535 2589 gentibus
1565 2519 1750 2573 divina
1783 2518 1975 2574 Salva-

407 2606 544 2662 toris
605 2606 780 2662 nostri
840 2608 1040 2671 virtus,
1100 2614 1160 2661 ut
1212 2608 1660 2674 constitueretur,
1711 2595 1973 2663 eﬂecerit.

405 2697 610 2755 Deinde
627 2700 943 2771 prophetica
965 2700 1033 2757 de
1056 2698 1150 2755 illo
1174 2701 1488 2756 testimonia
1514 2700 1734 2756 assidue
1755 2716 1977 2757 versan-

405 2801 509 2858 tes,
541 2793 731 2847 auditu
762 2791 982 2863 quidem
1036 2793 1292 2858 audiunt,
1329 2791 1427 2848 sed
1480 2808 1589 2847 non
1638 2792 1972 2863 intelligunt,

407 2888 594 2951 utpote
642 2896 766 2935 cum
826 2881 989 2935 etiam
1028 2896 1177 2936 nunc
1225 2880 1531 2952 prophetia,
1574 2898 1696 2952 qua
1730 2898 1876 2938 nunc
1917 2882 1974 2937 in

404 2973 658 3029 manibus
683 2979 787 3041 est,
806 2980 1013 3028 .contra
1046 2974 1197 3046 ipsos
1228 2988 1419 3029 revera
1447 2976 1807 3045 compleatur.

403 3088 449 3142 A
480 3087 1335 3154 Zacharia.—Quemadmodum
1383 3104 1540 3157 super
1588 3089 1736 3157 pullo
1789 3087 1973 3145 sedens

569 3158 942 3228 Hierosolyma
970 3160 1304 3229 ingressurus
1326 3160 1542 3213 oraculo
1570 3160 1801 3214 dicatur.

482 3287 504 3321 ι
548 3268 736 3326 Gaude
777 3271 1147 3335 vehementer,
1198 3271 1309 3326 tilia
1358 3272 1527 3340 Sion;
1573 3273 1831 3343 pradica,
1865 3273 1976 3330 lilia

403 3362 728 3418 Jerusalem.
761 3361 902 3417 Ecce
935 3364 1047 3419 Rex
1072 3371 1202 3419 tuus
1232 3365 1383 3419 venit
1412 3365 1511 3420 tibi
1544 3365 1732 3435 justus
1770 3375 1828 3421 et
1861 3368 1977 3423 sal-

404 3470 503 3510 vos
548 3453 756 3509 faciens
791 3474 806 3508 :
838 3454 955 3525 ipse
1006 3464 1329 3511 mansuetus
1382 3465 1438 3511 et
1470 3457 1762 3527 impositus
1809 3474 1976 3528 super

399 3543 712 3614 jumentum
746 3551 801 3600 et
829 3544 1040 3616 pullum
1070 3544 1495 3602 adolescentem.
1532 3548 1601 3602 Et
1633 3548 1825 3618 perdet
1847 3565 1976 3605 cur-

404 3649 529 3690 rum
565 3650 636 3690 ex
678 3633 934 3705 Ephrem,
961 3643 1016 3691 et
1046 3651 1244 3705 equum
1270 3651 1337 3689 ex
1365 3634 1664 3694 Jerusalem
1695 3657 1710 3694 :
1752 3647 1806 3695 et
1831 3640 1979 3710 peri-

403 3721 484 3777 bit
516 3736 680 3778 arcus
706 3723 955 3789 bellicus,
986 3731 1042 3779 et
1071 3723 1405 3779 abundantia
1424 3726 1579 3796 pacis
1603 3742 1669 3783 ex
1698 3729 1973 3798 gentibus.

406 3814 471 3868 Et
490 3815 858 3886 principatum
882 3816 1153 3871 obtinebit
1177 3830 1214 3893 ,ιι
1236 3817 1375 3871 mari
1406 3832 1583 3888 usque
1613 3816 1682 3872 ad
1714 3833 1885 3883 mare,
1919 3827 1977 3875 et

404 3920 435 3958 a
467 3902 784 3961 ﬂuminibus
833 3920 929 3975 per
974 3907 1421 3978 exporrectiones
1475 3915 1634 3962 terra
1661 3907 1705 3963 ⁸.
1757 3927 1778 3961 ι
1833 3909 1974 3964 Cum

405 3993 523 4049 hac
549 4000 674 4063 post
703 3994 935 4049 reditum
965 3994 1032 4050 de
1056 3996 1349 4068 Babylone,
1383 3996 1697 4054 novissimis
1734 4000 1975 4069 prophe-

403 4090 582 4135 tarum
607 4082 944 4153 temporibus
975 4081 1272 4141 Zacharias
1297 4086 1577 4153 cecinerit,
1601 4085 1765 4160 456
1787 4092 1973 4147 nullus

402 4179 527 4244 post
551 4173 670 4243 ejus
694 4174 995 4244 prephetia
1038 4186 1252 4246 tempus
1277 4191 1367 4231 rex
1394 4175 1539 4247 apud
1559 4175 1777 4235 Judaos
1801 4178 1973 4237 fuisse

401 4273 757 4334 memoratur,
809 4268 1026 4337 qualem
1081 4268 1195 4323 hac
1227 4269 1514 4339 pr0phetia
1544 4270 1825 4336 describit,
1862 4274 1973 4330 nisi

403 4374 548 4414 unus
576 4357 843 4413 duntaxat
884 4358 1140 4416 Salvator
1167 4375 1233 4417 ac
1268 4360 1534 4419 Dominus
1568 4370 1758 4420 noster
1784 4363 1973 4434 Jesus,

2077 1900 2379 1972 ἀνθρώπιον
2412 1902 2727 1972 ἀποστήσας
2771 1902 2873 1974 τῆς
2916 1903 3148 1974 πατρίου
3194 1904 3626 1977 δεισιδαιμονίας
3645 1944 3660 1970 ,

2076 1993 2390 2063 ὑπηγάγετο
2413 1997 2480 2066 τῇ
2504 1996 2624 2047 κατ’
2663 1994 2826 2047 αὐτὸν
2861 1994 3173 2068 θεοσεϐείᾳ,
3200 1997 3450 2068 ἐναργῶς
3486 1999 3665 2065 οὓτως

2076 2085 2483 2157 ἐμφαινομένην
2514 2086 2782 2157 ὁρῶντες,
2813 2087 3065 2161 οὐδαμῶς
3106 2090 3399 2159 ἐφιστῶσιν
3437 2095 3507 2164 τῇ
3550 2093 3665 2147 διαί

2075 2177 2217 2248 νοίᾳ,
2247 2178 2355 2231 οὐδ’
2378 2180 2782 2245 ἐπιϐάλλουσιν,
2805 2182 2954 2246 ὅπως
2982 2182 3045 2235 τὸ
3076 2186 3215 2256 μήτε
3238 2185 3484 2250 Μωῦσεῖ,
3523 2188 3661 2257 μήτε

2071 2272 2184 2335 τοῖς
2216 2273 2356 2342 μετά
2386 2272 2625 2327 Μωῦσέα
2651 2275 2955 2345 προφήταις
2979 2275 3074 2329 ἐπὶ
3109 2275 3285 2347 μόνων
3307 2277 3492 2330 αὐτῶν
3526 2295 3654 2331 κατ-

2073 2361 2315 2435 ορθωθὲν
2338 2405 2353 2431 ,
2396 2364 2555 2417 τοῦτο
2580 2364 2646 2436 δὴ
2686 2364 2746 2418 τὸ
2793 2365 2869 2437 μὴ
2912 2365 3352 2442 εἰδωλολατρεῖν,
3400 2368 3541 2440 μηδὲ
3592 2374 3660 2442 τῇ

2076 2454 2321 2526 πολυθέῳ
2369 2456 2657 2528 προσέχειν
2685 2457 2864 2533 πλάνῃ
2885 2501 2900 2527 ,
2929 2458 3076 2513 τοῦτ’
3105 2460 3200 2513 ἐπὶ
3233 2462 3455 2516 πάντων
3486 2462 3663 2517 ἐθνῶν

2075 2545 2109 2614 ἡ
2136 2545 2229 2599 τοῦ
2258 2549 2510 2621 Σωτῆρος
2532 2548 2686 2621 ὴμῶν
2719 2548 2899 2614 ἔνθεος
2920 2550 3089 2623 ἀρετὴ
3113 2554 3503 2624 συνεστήσατο.
3527 2552 3663 2609 Εἶτα

2075 2641 2132 2694 δὲ
2162 2642 2282 2704 ταῖς
2311 2643 2677 2712 προφητικαῖς
2701 2641 3122 2712 ἐντυγχάνοντες
3166 2643 3295 2714 περὶ
3317 2644 3490 2699 αὐτοῦ
3522 2663 3662 2718 μαρ-

2074 2732 2312 2805 τυρίαις,
2341 2733 2477 2802 ἀκοῇ
2505 2733 2609 2803 μὲν,
2630 2732 2941 2799 ἀκούουσιν,
2967 2734 3083 2788 ἀλλ’
3112 2735 3174 2788 οὐ
3198 2738 3472 2801 συνιᾶσιν,
3510 2737 3661 2810 ἔργῳ

2077 2824 2461 2897 πληρουμένης
2487 2825 2654 2880 εἰσέτι
2680 2826 2775 2880 καὶ
2807 2826 2902 2883 νῦν
2927 2827 3048 2882 κατ’
3075 2828 3258 2883 αὐτῶν
3282 2829 3385 2895 τῆς
3415 2831 3477 2887 ἐν
3500 2833 3661 2903 χερσὶ

2077 2918 2435 2990 προφητείας.

2090 3074 2352 3151 ἈπόΑτ-οῦ
2379 3075 2783 3151 Ζαχαρίουέ-
2814 3077 2912 3151 Ὠς
2949 3078 3048 3133 ἐπὶ
3081 3078 3289 3134 πῶλον
3328 3081 3658 3151 ὀχούμενος

2179 3144 2425 3199 ἐλάσειν
2448 3144 2547 3212 εἰς
2560 3147 2634 3201 τὰ
2663 3149 3044 3218 Ἰεροσόλυμα
3075 3144 3534 3220 προφητεῦετὰι.

2152 3278 2172 3310 ι
2198 3261 2368 3331 Χαῖρε
2405 3261 2627 3332 σφόδρα,
2656 3260 2894 3335 θύγατερ
2920 3260 3083 3329 Σιὼν,
3113 3264 3390 3335 κήρυσσε,
3419 3264 3658 3337 θύγατερ

2068 3350 2474 3424 Ἰερουσαλήμ·
2524 3352 2633 3407 ἰδοὺ
2676 3356 2704 3407 ὁ
2748 3352 3002 3423 βασιλεύς
3038 3371 3132 3408 σου
3182 3354 3404 3426 ἔρχεταί
3455 3373 3538 3409 σοι
3581 3355 3659 3409 δί-

2076 3460 2230 3507 καιος
2253 3445 2348 3498 καὶ
2376 3445 2583 3511 σώζων,
2613 3446 2778 3510 αὐτὸς
2811 3446 3019 3518 πραῢς,
3056 3450 3151 3501 καὶ
3181 3447 3531 3519 ἐπιϐεϐηκὼς
3564 3449 3658 3501 ἐπὶ

2076 3536 2365 3606 ὑποζύγιον
2397 3537 2491 3590 καὶ
2520 3537 2696 3591 πῶλον
2724 3538 2863 3592 νέον.
2898 3540 3010 3593 Καὶ
3032 3538 3400 3610 ἐξολοθρεύσει
3434 3539 3658 3612 ἅρματα

2074 3630 2133 3696 ἐξ
2164 3631 2465 3701 Ἐφραεὶμ,
2502 3631 2596 3683 καὶ
2643 3631 2809 3685 ἵππον
2839 3629 2899 3697 ἐξ
2931 3631 3317 3703 Ἰερουσαλήμ·
3353 3632 3450 3686 καὶ
3474 3632 3649 3696 ἐξολο-

2074 3721 2429 3793 θρευθήσεται
2455 3720 2609 3786 τόξον
2643 3722 2957 3795 πολεμικὸν,
2993 3725 3086 3778 καὶ
3114 3724 3319 3795 πλῆθος
3344 3728 3570 3799 εἰρήνης
3596 3727 3659 3793 ἐξ

2074 3812 2243 3867 ἐθνῶν
2267 3851 2283 3876 ,
2328 3813 2420 3866 καὶ
2455 3813 2717 3884 κατάρξει
2758 3812 2866 3868 ἀπὸ
2893 3814 3168 3885 θαλάσσης
3205 3816 3310 3879 ἕως
3338 3816 3619 3887 θαλάσσης
3638 3857 3655 3879 ,

2075 3902 2167 3956 καὶ
2198 3901 2306 3956 ἀπὺ
2343 3901 2604 3973 ποταμῶν
2637 3905 2718 3966 είς
2758 3902 3042 3965 διεκϐολὰς
3073 3902 3200 3972 γῆς.
3233 3922 3251 3952 ι
3293 3901 3481 3955 Ταῦτα
3514 3904 3660 3974 μετὰ

2072 3994 2171 4067 τὴν
2218 3995 2325 4049 ἀπὸ
2363 3994 2680 4058 Βαϐυλῶνος
2726 3993 2984 4049 ἐπάνοδον
3023 3993 3117 4048 τοῦ
3156 3994 3427 4065 Ζαχαρίου
3464 3997 3549 4059 εἰς
3589 3995 3657 4048 τὰ

2075 4087 2282 4141 ὕστατα
2307 4086 2413 4141 τῶν
2442 4086 2737 4159 προφητῶν
2761 4085 3135 4151 θεσπίσαντος,
3157 4087 3331 4151 οὐδεὶς
3360 4087 3501 4157 μετὰ
3526 4089 3659 4151 τοὺς

2072 4179 2172 4250 τῆς
2220 4178 2555 4251 προφητείας
2590 4178 2817 4251 χρόνους
2869 4178 3120 4250 βασιλεὺς
3171 4179 3321 4252 παρὰ
3378 4179 3659 4244 Ἰουδαίοις

2073 4269 2312 4340 γεγονὼς
2342 4272 2654 4342 ἱστορεῖται,
2681 4264 2793 4325 οἷον
2816 4272 2849 4341 ἡ
2877 4270 3184 4342 προφητεία
3216 4270 3574 4342 παρίστησιν,
3608 4273 3659 4324 εἰ

2077 4363 2151 4434 μὴ
2189 4363 2347 4435 μόνος
2376 4365 2404 4417 ὁ
2426 4363 2617 4434 Σωτὴρ
2643 4362 2738 4415 καὶ
2764 4362 2968 4434 Κύριος
2997 4361 3153 4433 ἡμῶν
3186 4361 3399 4433 Ἰησοῦς
3418 4362 3660 4434 Χριστὸς

400 4450 655 4508 Christus
683 4450 798 4518 Dei,
821 4452 980 4522 cujus
1007 4462 1249 4522 tempore
1278 4454 1383 4508 hoc
1408 4470 1625 4527 quoque
1650 4457 1966 4513 vaticinium

2077 4456 2164 4510 τοῦ
2213 4455 2383 4518 Θεοῦ,
2430 4454 2550 4507 καθ’
2603 4455 2663 4507 ὃν
2702 4455 2797 4507 καὶ
2849 4452 2989 4524 αὕτη
3030 4453 3223 4518 τέλους
3264 4454 3572 4524 ἐτύγχανεν
3620 4454 3655 4524 ἡ

401 4558 561 4598 suum
590 4542 752 4599 ﬁnem
782 4553 867 4600 est
904 4554 1283 4611 consecutum,
1315 4561 1439 4602 cum
1469 4548 1536 4602 ad
1566 4564 1697 4605 suos
1728 4551 1971 4622 discipu-

400 4634 485 4690 los
519 4633 687 4690 verba
716 4635 807 4688 illa
835 4634 972 4689 dixit
1003 4654 1018 4690 :
1057 4654 1076 4687 ι
1110 4636 1273 4692 Ite-in
1303 4636 1485 4691 vicum
1519 4639 1613 4709 qui
1649 4647 1841 4695 contra
1869 4658 1968 4698 vos

398 4733 503 4793 est,
533 4733 587 4781 et
614 4726 903 4782 invenietis
931 4728 1139 4782 asinam
1168 4737 1222 4784 et
1265 4729 1473 4799 pullum
1510 4732 1811 4802 alligatum.
1846 4733 1969 4789 Sol-

400 4817 512 4873 vite
540 4817 693 4871 illum
722 4826 777 4873 et
820 4817 1075 4873 adducite
1107 4837 1121 4873 :
1153 4826 1208 4873 et
1257 4819 1306 4874 si
1354 4820 1478 4889 quis
1526 4822 1683 4877 vobis
1739 4823 1962 4890 dixerit,

397 4909 529 4980 quid
561 4908 776 4965 facitis?
813 4910 977 4966 dicite
1026 4911 1104 4965 illi
1140 4931 1153 4966 :
1187 4911 1449 4968 Dominus
1482 4912 1568 4968 his
1615 4913 1840 4986 indiget.
1896 4916 1963 4972 Et

398 5002 662 5058 abeuntes
690 5002 768 5056 illi
799 5001 1048 5058 fecerunt
1080 5013 1139 5059 ut
1172 5014 1503 5075 praceperat
1523 5007 1633 5064 illis
1661 5007 1823 5067 Jesus
1856 5012 1900 5068 ⁸.
1940 5031 1963 5065 ›

396 5093 464 5149 Ει
495 5109 558 5149 ea
588 5094 808 5167 quidem
842 5111 964 5167 qua
994 5096 1080 5152 vel
1109 5097 1178 5152 ad
1200 5099 1509 5165 oraculum,
1547 5101 1635 5156 vel
1659 5101 1729 5157 ad
1755 5103 1967 5159 oraculi

396 5193 651 5241 eventum
677 5187 973 5256 pertinent,
1007 5187 1064 5242 in
1094 5188 1243 5246 hunc
1269 5191 1493 5245 modum
1522 5207 1582 5248 se
1599 5192 1819 5248 habent.
1857 5192 1967 5249 Sed

395 5277 530 5347 quid
557 5280 773 5333 tandem
809 5279 912 5334 sibi
948 5280 1065 5336 vult
1112 5280 1228 5336 hac
1255 5279 1402 5339 illius
1436 5282 1494 5337 in
1520 5284 1677 5339 asino
1704 5285 1962 5350 vectatio,

396 5370 503 5425 nisi
526 5370 788 5426 humilem
814 5371 963 5428 illius
994 5382 1049 5429 et
1076 5375 1375 5430 obscurum
1419 5375 1731 5447 signiﬁcare
1760 5377 1965 5433 adven-

394 5467 533 5527 tum,
570 5462 729 5533 cujus
761 5473 1003 5534 tempore
1029 5466 1266 5536 primum
1292 5467 1467 5538 ipsius
1494 5482 1778 5524 accessum
1809 5483 1967 5539 pere-

394 5556 504 5628 git?
528 5571 658 5611 nam
709 5564 795 5613 est
847 5558 986 5614 alter
1022 5559 1155 5616 item
1192 5561 1491 5633 gloriosus,
1522 5562 1591 5617 de
1634 5576 1746 5632 quo
1780 5559 1969 5615 Daniel

2075 4546 2379 4618 πρόρρησις
2400 4585 2415 4609 ,
2438 4545 2527 4597 ὅτε
2561 4546 2674 4608 τοῖς
2708 4545 2900 4598 ἑαυτοῦ
2930 4543 3198 4615 μαθηταῖς
3231 4544 3370 4613 πρὸς
3403 4544 3551 4612 λέξιν
3576 4545 3656 4597 εί-

2074 4637 2190 4691 πὼν
2210 4653 2223 4667 ⁸
2259 4656 2277 4687 ι
2306 4633 2668 4707 Πορευθέντες
2696 4637 2777 4700 είς
2805 4634 2904 4707 τὴν
2938 4635 3202 4689 ἀπέναντι
3228 4635 3459 4707 κώμην,
3493 4637 3660 4708 εὑρή-

2074 4742 2194 4782 σετε
2220 4728 2338 4782 ὄνον
2372 4728 2466 4783 καὶ
2500 4727 2678 4781 πῶλον
2706 4727 3007 4799 δεδεμένον.
3030 4727 3106 4781 Λύ
3116 4740 3306 4791 σαντες
3333 4729 3502 4782 αὑτὸν
3526 4731 3659 4799 ἀγά-

2070 4836 2222 4888 γετεο
2272 4819 2367 4873 καὶ
2414 4820 2509 4873 ἐάν
2545 4837 2628 4883 τις
2669 4820 2797 4890 ὑμῖν
2848 4818 3007 4891 εἴπῃ·
3052 4820 3118 4872 Τί
3161 4821 3404 4886 ποιεῖτε;
3460 4820 3654 4875 εἴπατε

2068 4911 2214 4983 αὐτῷ
2233 4929 2246 4943 ο
2283 4913 2340 4965 Ὀ
2361 4910 2564 4983 Κύριος
2592 4908 2769 4965 αὐτῶν
2794 4911 2982 4983 χρείαν
3015 4910 3146 4982 ἔχει.
3184 4912 3295 4964 Καὶ
3325 4911 3657 4978 ἀπελθόντες

2072 5002 2267 5057 ἐκεῖνοι
2291 5000 2550 5073 ἐποίησαν
2584 5002 2706 5056 καθ’
2728 5003 2764 5057 ἃ
2786 5001 3116 5075 προσέταξεν
3148 5003 3351 5066 αὐτοῖς.
3386 5022 3405 5055 ι
3432 5003 3517 5057 Τὰ
3547 5005 3652 5075 μὲν

2071 5093 2165 5151 οὖν
2214 5098 2311 5168 τῆς
2366 5098 2723 5169 προρρήσεως
2763 5096 2857 5149 καὶ
2907 5095 2975 5149 τὰ
3036 5093 3128 5148 τοῦ
3179 5097 3652 5167 συμπεράσματος

2070 5188 2256 5244 τοῦτον
2287 5189 2400 5261 ἔχει
2423 5190 2514 5243 τὸν
2532 5190 2753 5261 τρόπον.
2779 5189 2923 5245 Τίλδὲ
2950 5188 3060 5260 ἄρα
3085 5187 3334 5241 ἐϐούλετο
3360 5189 3653 5261 σημαίνειν

2071 5283 2104 5352 ή
2151 5282 2244 5335 ἐπὶ
2285 5281 2391 5352 ὄνῳ
2428 5276 2617 5354 ϐχησις
2656 5279 2820 5335 αὐτοῦ
2863 5280 2979 5333 ἀλλ’
3027 5280 3061 5351 ἧ
3099 5279 3197 5350 τὴν
3242 5281 3506 5352 ταπεινὴν
3551 5281 3652 5334 καὶ

2070 5373 2255 5439 ἄδοξον
2300 5372 2465 5427 αὐτοῦ
2514 5374 2852 5445 παρουσίαν,
2900 5374 3022 5428 καθ’
3068 5375 3136 5448 ῆν
3186 5374 3482 5443 ἐποιήσατο
3544 5372 3649 5443 τὴν

2072 5466 2293 5538 πρώτην
2319 5465 2523 5535 ἀφιξινς
2548 5465 2713 5538 οὔσης
2738 5466 2847 5538 γὰρ
2868 5469 2961 5521 καὶ
2980 5467 3236 5539 δευτέρας
3260 5464 3498 5532 ἐνδόξου,
3516 5465 3651 5536 περὶ

2072 5554 2139 5631 ἧς
2169 5559 2263 5612 καὶ
2289 5558 2490 5629 Δανιὴλ
2533 5558 2863 5632 γυμνότερον
2904 5558 3259 5615 ἐκκαλύπτων
3290 5558 3391 5630 τὴν
3416 5555 3655 5630 θεωρίαν

466 5736 486 5767 ⁸
527 5733 754 5795 Zachar.
779 5746 841 5794 ἰχ
863 5781 876 5808 ,
912 5740 965 5809 9,
1004 5742 1090 5798 l0.
1168 5743 1187 5775 '
1220 5741 1408 5800 Matth.
1440 5758 1570 5812 xxi,
1598 5742 1663 5810 2,
1695 5743 1758 5810 5,
1786 5741 1860 5813 6;
1892 5740 1974 5797 Ma

2097 5758 2174 5809 xv,
2209 5740 2296 5798 1-6
2318 5759 2336 5812 η;
2368 5738 2500 5797 Luc.
2534 5757 2648 5810 xu,
2682 5740 2881 5797 50-54.
