3836 6220
189 263 293 319 709

1107 268 1761 330 DEMONSTRATIONIS
1800 275 2261 333 EVANGELICXE
2303 279 2429 334 LIB.
2470 281 2561 336 IX.

3340 296 3443 351 7H:

184 376 412 448 εἴρηκεν
435 394 449 407 ·
482 396 499 427 ι
542 380 837 449 Ἐθεώρουν
862 377 970 441 ἕως
997 378 1117 432 ὅτου
1154 380 1330 450 θρόνοι
1354 383 1637 453 ἐτέθησαν,
1671 386 1765 438 καὶ

1871 389 2115 457 apertius
2143 392 2378 459 prodens
2403 409 2523 462 quae
2553 396 2971 466 contemplanda
3003 400 3136 465 sint,
3169 407 3392 473 exponit
3426 429 3438 462 :

179 470 424 533 Παλαιὸς
458 469 681 540 ἡμερῶν
714 469 965 539 ἐκάθητο.
1000 469 1185 522 Χίλιαι
1225 471 1458 541 χιλιάδες
1503 474 1772 547 ἐλειτούρ-

180 577 313 629 γουν
362 559 547 629 αὐτῷ,
606 560 703 612 καὶ
753 558 945 629 μύριαι
1001 561 1257 632 μυριάδες
1307 565 1770 636 παρειστήκεισαν

179 651 492 723 ἔμπροσθεν
529 649 717 704 αὐτοῦ.
757 651 868 703 Καὶ
916 652 1024 704 ἰδοὺ
1069 653 1207 722 μετὰ
1245 653 1353 706 τῶν
1395 658 1634 724 νεφελῶν
1673 660 1768 713 τοῦ

177 743 434 814 οὐρανοῦ,
465 742 540 805 ὡς
574 741 702 805 Υἱὸς
734 741 1018 813 ἀνθρώπου
1052 744 1362 814 ἐρχόμενος.
1396 747 1506 799 Καὶ
1529 748 1636 812 ἐως
1665 750 1760 803 τοῦ

179 834 423 888 Παλαιοῦ
451 834 560 887 τῶν
587 832 809 904 ἡμερῶν
831 833 1052 902 ἔφθασε,
1071 836 1164 888 καὶ
1189 837 1337 908 αὐτῷ
1353 837 1508 908 ἐδόθη
1537 841 1569 909 ἡ
1599 840 1764 911 ἀρχὴ,

179 927 278 978 καὶ
298 927 331 994 ἡ
354 925 509 995 τιμὴ,
540 927 634 978 καὶ
663 927 696 995 ἡ
732 925 997 995 βασιλεία,
1025 927 1116 978 καὶ
1139 928 1334 991 πάντες
1353 929 1555 992 οἱλαοὶ,
1582 932 1762 994 φυλαὶ,

177 1016 426 1084 γλῶσσαι
454 1015 603 1086 αὐτῷ
634 1015 994 1070 δουλεύουσιν.
1024 1018 1086 1070 Ἡ
1109 1017 1325 1083 ἐξουσία
1354 1021 1517 1073 αὑτοῦ
1550 1022 1765 1088 ἐξουσία

176 1108 417 1171 αἰώνιος,
447 1109 573 1178 ἥτις
605 1110 664 1161 οὐ
697 1107 1117 1178 παρελεύσεται,
1142 1112 1235 1165 καὶ
1264 1115 1296 1184 ἡ
1326 1111 1568 1182 βασιλεία
1598 1116 1762 1169 αὐτοῦ

173 1199 235 1251 οὐ
271 1198 727 1270 διαφθαρήσεται.
754 1219 772 1252 ι
799 1200 878 1252 Τὰ
913 1200 1012 1270 μὲν
1032 1201 1132 1271 τῆς
1155 1201 1379 1274 πρώτης
1407 1202 1644 1273 ἀφίξεως
1665 1206 1764 1276 τῆς

171 1290 737 1363 ἐνανθρωπικωτέρας
767 1293 861 1346 καὶ
881 1294 1147 1364 ταπεινῆς
1176 1296 1315 1364 μετὰ
1337 1296 1446 1348 τῶν
1469 1296 1642 1350 ἄλλων
1669 1300 1764 1351 καὶ

171 1382 333 1435 τοῦτο
364 1382 476 1452 ἔχει
511 1383 652 1452 μέγα
679 1384 884 1455 δεῖγμα
915 1387 1010 1438 καὶ
1043 1389 1288 1456 σημεῖον,
1323 1387 1384 1440 τὸ
1417 1389 1591 1459 πρᾶον
1619 1388 1764 1457 λέγει·

171 1475 303 1527 σθαι
336 1477 429 1527 καὶ
459 1476 704 1546 ἡσύχιον,
738 1475 889 1546 ἥξειν
919 1494 977 1529 τε
1002 1477 1295 1548 ὀχούμενον
1327 1480 1605 1550 ὑποζυγίῳ
1629 1498 1763 1552 προ-

171 1567 536 1638 φητεύεσθαι·
569 1568 727 1621 τοῦτο
758 1569 866 1639 γὰρ
900 1569 1080 1622 κοινοῦ
1116 1571 1210 1623 καὶ
1253 1570 1596 1642 ἀνθρωπίνου
1645 1573 1760 1643 βίου

169 1661 372 1728 γένοιτ’
404 1659 469 1714 ἂν
494 1661 796 1731 τεκμήριον
815 1679 828 1690 ·
857 1661 924 1713 τὰ
953 1661 1008 1713 δὲ
1041 1661 1139 1731 τῆς
1161 1661 1417 1733 δευτέρας
1449 1663 1545 1716 καὶ
1575 1663 1759 1717 ἐνθέου

1873 497 1897 566 λι
1940 479 2285 548 Aspiciebam
2315 483 2492 538 donec
2521 486 2704 540 throni
2732 489 2895 556 positi
2928 499 3075 555 sunt,
3099 494 3444 566 etAntiquus

1870 565 2082 622 dierum
2113 569 2274 625 sedit.
2303 569 2470 624 Millia
2501 573 2730 626 millium
2757 575 3142 631 ministrabant
3167 580 3239 644 ei,
3268 565 3435 637 etde—

1869 657 1982 711 cies
2011 657 2209 712 millies
2244 660 2380 713 dena
2407 661 2575 714 millia
2608 662 2861 718 astabant
2887 665 2942 718 in
2975 676 3274 736 conspectu
3297 671 3440 740 ejus.

1867 745 1933 799 Et
1956 763 2084 802 ecce
2111 763 2234 802 cum
2266 751 2502 806 nubibus
2527 753 2651 806 coeli
2679 756 2838 824 quasi
2885 755 3056 814 Filius
3084 760 3323 818 hominis
3350 780 3442 818 ve-

1866 837 2046 891 niens.
2079 837 2146 892 Et
2169 855 2342 909 usque
2372 842 2438 896 ad
2465 842 2764 914 Antiquum
2809 847 3021 902 dierum
3065 854 3309 922 pervenit
3340 873 3355 910 :
3386 864 3442 910 et

1867 931 2027 984 datus
2055 937 2138 984 est
2167 932 2219 986 ei
2263 933 2623 1003 principatus,
2671 944 2726 991 et
2778 939 2971 1004 honor,
3003 950 3058 996 et
3090 960 3338 1014 regnum.
3372 946 3439 1001 Et

1866 1038 2058 1077 omnes
2090 1024 2296 1093 populi,
2334 1025 2532 1090 tribus,
2565 1029 2781 1096 linguai,
2811 1033 3062 1087 serviunt
3090 1036 3162 1088 ei.
3189 1035 3438 1092 Potestas

1863 1112 2006 1179 ejus,
2045 1120 2286 1180 potestas
2319 1121 2546 1181 aeterna,
2587 1134 2708 1186 quae
2748 1136 2858 1174 non
2892 1125 3210 1192 praeteribit,
3244 1139 3303 1180 ει·
3347 1143 3438 1182 re-

1865 1217 2029 1272 gnum
2046 1203 2166 1272 ejus
2188 1219 2298 1258 non
2324 1217 2708 1277 corrumpetur
2736 1211 2775 1263 ⁸.
2814 1230 2833 1262 ι
2881 1212 3082 1268 Verum
3107 1232 3170 1271 ea
3192 1217 3434 1287 quidem,

1863 1309 1986 1363 qua:
2016 1293 2083 1347 ad
2109 1294 2346 1364 primum
2374 1297 2666 1353 adventum
2714 1305 3006 1372 pertinent,
3036 1308 3129 1376 qui
3161 1316 3216 1362 et
3243 1309 3437 1362 huma-

1863 1387 1986 1441 nior
2027 1395 2082 1442 et
2115 1388 2378 1457 abjectior
2407 1390 2528 1456 fuit,
2563 1408 2686 1448 cum
2712 1395 2854 1459 aliis,
2890 1397 2993 1453 hoc
3023 1415 3241 1471 quoque
3271 1417 3434 1472 argu-

1863 1479 2033 1533 menti
2067 1480 2320 1550 signique
2345 1481 2566 1549 habent,
2595 1486 2741 1554 quod
2762 1496 3083 1546 mansuetus
3104 1500 3159 1546 et
3185 1493 3435 1562 placidus

1863 1567 2080 1624 futurus
2109 1570 2342 1636 dicatur,
2372 1580 2746 1644 venturusque
2784 1577 3028 1634 insidens
3054 1581 3305 1651 jumento
3333 1603 3432 1642 eo-

1865 1658 1987 1712 dem
2019 1661 2246 1714 oraculo
2286 1661 2597 1717 declaretur
2627 1681 2641 1718 :
2680 1664 2784 1718 hoc
2810 1668 2956 1721 enim
2989 1675 3297 1729 communis
3329 1675 3435 1730 bu-

170 1753 532 1823 λαμπρότατα
573 1751 823 1821 δηλοῦται
863 1751 950 1805 διὰ
984 1753 1082 1822 τῆς
1124 1754 1215 1806 ἐπὶ
1246 1751 1484 1822 νεφελῶν
1527 1754 1758 1825 ούρανοῦ

1862 1750 2122 1820 manique
2162 1751 2341 1807 victus
2386 1762 2770 1823 argumentum
2820 1757 3004 1815 fuerit.
3042 1762 3173 1827 Quae
3205 1780 3333 1820 vero
3362 1767 3434 1822 ad

169 1843 588 1914 παρακομιδῆς,
630 1845 727 1896 καὶ
765 1843 867 1912 τῆς
911 1843 1130 1897 αἰωνίου
1177 1844 1394 1898 πάντων
1440 1845 1550 1898 τῶν
1587 1845 1756 1898 ἐθνῶν

171 1933 472 2002 βασιλείας.
522 1932 632 1986 Καὶ
663 1928 732 2004 ἦν
772 1949 835 2000 γε
868 1932 1032 1986 καλὸν
1074 1934 1392 2004 ἀμφοτέρας
1434 1935 1758 2006 παραθεῖναι

166 2028 284 2088 τοῖς
310 2027 376 2078 ἐκ
402 2024 723 2095 περιτομῆς,
755 2024 910 2094 λόγον
943 2042 1004 2076 τε
1035 2025 1233 2088 αὐτοὺς
1262 2027 1564 2098 ἀπαιτῆσαι
1588 2066 1602 2090 ,
1639 2027 1758 2090 πῶς

169 2115 238 2168 ἂν
286 2114 519 2168 σώσαιεν
564 2115 663 2178 τὰς
707 2115 1076 2186 προφητείας,
1123 2115 1253 2185 μίαν
1291 2116 1472 2186 ἄφιξιν
1518 2117 1754 2188 Χριστοῦ

167 2205 579 2276 προσδοκῶντες
597 2223 610 2236 ·
657 2207 780 2259 ἐπεὶ
797 2206 906 2277 γὰρ
937 2207 1202 2278 ἑκατέραν
1217 2207 1324 2262 τῶν
1348 2209 1756 2279 παρατεθεισῶν

166 2299 517 2370 προπτειῶν
541 2299 635 2352 καὶ
675 2299 832 2352 αὐτοὶ
853 2299 944 2352 τὸν
966 2298 1199 2370 Χριστὸν
1221 2302 1351 2371 ὁρᾷν
1379 2300 1753 2370 ὁμολογοῦσιν,

164 2389 289 2461 ὥρα
325 2389 535 2458 λέγειν,
570 2390 664 2443 καὶ
707 2389 1129 2461 πυνθανομένοις
1163 2392 1295 2461 ἡμῖν
1335 2392 1752 2463 ἀποκρίνασθαι,

163 2481 290 2544 πῶς
325 2476 435 2534 οἷόν
468 2499 527 2534 τε
560 2483 651 2551 ὑφ’
684 2481 778 2534 ἕνα
813 2483 904 2535 καὶ
936 2483 1024 2535 τὸν
1075 2483 1238 2536 αὐτὸν
1267 2483 1490 2555 καιρὸν,
1525 2485 1618 2537 καὶ
1651 2485 1756 2538 ὑπὸ

166 2573 301 2643 μίαν
334 2570 547 2642 ἄφιξιν,
581 2573 675 2626 ἐπὶ
698 2573 934 2642 νεφελῶν
973 2574 1207 2645 ούρανοῦ
1241 2574 1500 2645 φέρεσθαι
1533 2575 1624 2628 τὸν
1657 2576 1757 2630 αύ-

159 2663 260 2715 τὸν
285 2702 302 2726 ,
335 2664 432 2716 καὶ
479 2663 573 2715 ἐπὶ
601 2662 896 2731 ὑποζυγίου
951 2663 1047 2715 καὶ
1089 2661 1270 2716 πώλου
1316 2663 1437 2716 νέου
1479 2665 1740 2735 ὀχεῖσθαι.

177 2754 306 2806 Ἐπὶ
361 2753 493 2806 πολὺ
546 2754 655 2826 γὰρ
699 2753 872 2807 ταῦτα
915 2753 1196 2824 διέστηκεν
1243 2754 1502 2826 ἀλλήλων.
1541 2758 1754 2829 Μυρίας

169 2847 218 2900 δ’
255 2843 350 2900 οὖν
381 2845 636 2910 τοιαύτας
669 2847 764 2900 καὶ
795 2845 959 2910 ἄλλας
993 2848 1121 2918 περὶ
1147 2847 1240 2900 τοῦ
1279 2846 1512 2918 Χριστοῦ
1540 2865 1753 2920 προφη-

160 2939 321 3002 τείας
379 2939 719 3008 συναγαγὼν,
763 2939 1028 3010 παραθείς
1072 2956 1133 2992 τε
1171 2939 1265 2992 καὶ
1301 2939 1642 3012 συγκρούσας
1683 2940 1752 2994 τὰ

157 3033 435 3104 διαφόρως
461 3033 853 3104 σημαινόμενα,
885 3032 1256 3104 ἐναργέστατα
1285 3033 1574 3104 καταλήψῃ
1591 3034 1745 3098 τινὰς

161 3125 268 3195 μὲν
312 3125 413 3195 τῆς
453 3124 673 3197 πρώτης
715 3124 881 3178 αὐτοῦ
913 3123 1213 3195 παρουσίας
1262 3123 1556 3195 δηλώματα
1591 3141 1749 3196 περι-

1852 3124 2037 3197 Longe
2093 3132 2238 3182 enim
2286 3130 2403 3184 haec
2460 3145 2491 3182 a
2547 3146 2606 3186 se
2667 3131 2900 3185 invicem
2953 3132 3162 3187 distant

161 3217 420 3286 εχούσας,
449 3217 879 3289 πεπληρωμένας
899 3217 1038 3271 κατὰ
1056 3217 1153 3288 τὴν
1178 3216 1400 3287 πρώτην
1431 3218 1750 3285 ἐπιφάνειαν

159 3309 354 3372 αὐτοῦ,
389 3309 538 3372 τινὰς
568 3309 624 3362 δὲ
653 3312 732 3373 εἰς
759 3309 856 3381 τὴν
898 3309 1157 3380 δευτέραν
1191 3307 1355 3362 αὑτοῦ
1399 3309 1494 3361 καὶ
1541 3308 1750 3374 ἔνδοξον

157 3398 350 3470 ἄφιξιν
383 3399 810 3472 ἀναφερομένας.
875 3399 1269 3471 Ἐξωλόθρευσε
1307 3398 1414 3471 γὰρ
1440 3399 1744 3470 λεληθότως

157 3489 410 3559 ἅρματα,
450 3490 544 3542 καὶ
577 3489 774 3554 ἵππον,
816 3489 908 3542 καὶ
935 3491 1042 3542 πᾶν
1074 3488 1224 3556 τόξον
1261 3490 1554 3560 πολεμικὸν
1585 3492 1617 3561 ἡ
1653 3489 1748 3542 τοῦ

156 3580 418 3651 Σωτῆρος
459 3579 613 3650 ἡμῶν
664 3580 841 3644 ἔνθεος
893 3578 1150 3652 δύναμις,
1202 3580 1343 3634 κατὰ
1387 3582 1486 3652 τὴν
1524 3581 1748 3654 πρώτην

156 3671 330 3724 αὑτοῦ
388 3673 720 3743 παρουσίαν,
767 3675 832 3726 ἐκ
882 3673 980 3744 τῆς
1032 3673 1490 3744 σωματικωτέρας
1551 3674 1748 3744 Ἰερου-

161 3763 382 3833 σαλὴμ,
423 3764 516 3816 καὶ
553 3762 649 3816 τοῦ
695 3763 1030 3835 καλουμένου
1086 3763 1325 3835 Ἐφραῒμ
1366 3763 1494 3817 λαοῦ
1519 3782 1533 3795 ο
1569 3765 1648 3817 διὸ
1688 3765 1747 3830 ἐξ

158 3854 375 3907 ἐκείνου
409 3855 502 3908 καὶ
533 3856 611 3918 εἰς
638 3854 796 3926 δεῦρο
819 3855 919 3908 οὐκ
947 3855 1025 3907 ἔτι
1053 3855 1281 3926 συνέστη
1309 3855 1485 3908 αὐτῶν
1505 3855 1566 3908 τὸ
1594 3854 1745 3924 βασί-

158 3947 326 4010 λειον,
352 3946 473 3998 οὺδέ
493 3948 525 4016 ἡ
549 3946 715 3999 πάλαι
738 3947 795 4000 ἐν
828 3945 1085 4016 πολέμοις
1124 3946 1388 4016 ἰσχύσασα
1424 3950 1743 4020 παρασκευή

156 4056 223 4092 τε
251 4037 431 4091 αὐτῶν
465 4039 560 4091 καὶ
585 4039 836 4108 ὁπλιτικὴ
862 4038 1106 4108 δύναμις.
1140 4037 1335 4101 Καλῶς
1359 4038 1416 4091 δὲ
1447 4041 1504 4092 ἐν
1536 4039 1745 4104 τούτοις

157 4131 254 4183 τὸν
290 4131 465 4184 πάντα
495 4130 604 4183 τῶν
654 4130 918 4183 Ἰουδαίων
959 4128 1085 4182 λαὸν
1135 4129 1373 4201 Ἐφραῒμ
1412 4129 1700 4201 ὠνόμασεν
1725 4170 1742 4195 ,

157 4222 278 4276 ἀλλ’
304 4223 426 4293 οὐχὶ
463 4221 693 4294 Ἰσραὴλ,
723 4221 844 4274 οὐδὲ
877 4221 1074 4274 Ἰούδαν
1096 4262 1110 4285 ,
1146 4221 1233 4274 ἵνα
1273 4221 1345 4292 μὴ
1399 4222 1498 4284 τὰς
1555 4239 1745 4293 σεμνο-

157 4314 328 4385 τέρας
358 4313 628 4367 διαϐαλλοι
663 4313 1049 4385 προσηγορίας.
1085 4311 1280 4383 Εῦροις
1317 4312 1361 4364 δ’
1404 4311 1469 4364 ἂν
1505 4313 1599 4365 καὶ
1624 4315 1743 4376 ταῖς

156 4402 350 4465 ἄλλαις
397 4404 755 4474 προφητείαις
807 4403 868 4455 τὸ
924 4404 1030 4457 πᾶν
1092 4403 1242 4466 ἔθνος
1312 4401 1554 4473 Ἐφραῖμ
1606 4403 1741 4473 μετὰ
1774 4440 1818 4494 D

157 4494 366 4565 πολλῆς
425 4493 676 4564 διαϐολῆς
746 4495 840 4547 καὶ
913 4495 1244 4566 κατηγορίας
1311 4493 1736 4565 ὠνομασμένον,

156 4583 352 4656 ῶσπερ
401 4585 496 4638 καὶ
551 4584 667 4638 νῦν.
718 4584 871 4638 Μετὰ
914 4585 1043 4654 γοῦν
1092 4585 1191 4656 τὴν
1254 4585 1361 4638 ἀπὸ
1421 4585 1738 4649 Βαϐυλῶνος

154 4675 441 4740 ἐπάνοδον,
474 4675 664 4746 μηκέθ’
690 4675 910 4745 ὁμοίως,
931 4675 1007 4738 ὼς
1035 4674 1094 4727 τὸ
1126 4676 1274 4746 πρὶν,
1296 4675 1623 4748 διῃρημένου
1643 4676 1736 4728 τοῦ

155 4767 323 4832 λαοῦ,
355 4767 504 4830 τίνας
537 4763 604 4838 ἦν
633 4767 779 4830 εἰκὸς
821 4766 1109 4836 δηλοῦσθαι
1149 4767 1237 4820 διὰ
1275 4767 1370 4820 τοῦ
1428 4766 1667 4838 Ἐιρραῒμ
1700 4766 1734 4837 ἢ

154 4861 358 4922 αὐτοὺς
381 4859 506 4922 τοὺς
537 4858 636 4928 τὴν
672 4858 1022 4929 Ἰερουσαλὴμ
1047 4858 1363 4923 οἰκοῦντας;
1399 4851 1474 4911 ὧν
1511 4858 1606 4929 τὴν
1634 4875 1736 4910 πο-

155 4951 392 5023 λεμικὴν
423 4952 517 5004 καὶ
544 4951 824 5021 ὁπλιτικὴν
851 4949 1076 5021 δύναμιν
1101 4990 1115 5012 ,
1152 4949 1311 5020 μέχρι
1344 4949 1454 5002 τῶν
1499 4951 1736 5019 Ῥωμαῖ-

155 5045 271 5097 γ.ῶν
304 5045 510 5116 χρόνων
540 5043 922 5115 διαρκέσασαν,
953 5044 985 5113 ἡ
1011 5041 1104 5094 τοῦ
1134 5043 1381 5113 Σωτῆρος
1406 5041 1562 5113 ἡμῶν
1591 5059 1734 5112 παρ-

155 5138 322 5191 ουσία
348 5136 514 5207 ἐνθέῳ
543 5137 637 5189 καὶ
663 5136 958 5206 ἀπορρήτῳ
981 5135 1204 5204 δυνάμει
1230 5134 1499 5197 καθεῖλεν,
1533 5133 1737 5203 ὁμοίως

154 5231 222 5298 τῇ
266 5227 595 5297 προφητείᾳ.
639 5227 824 5280 Ταῦτα
860 5225 917 5280 δὲ
956 5225 1052 5297 τὴν
1095 5225 1154 5289 ἐξ
1188 5224 1356 5278 ἐθνῶν
1413 5225 1736 5294 Ἐκκλησίαν

154 5317 567 5386 εὐαγγελίζεται
596 5320 625 5371 ὁ
655 5317 809 5385 λόγος
827 5357 841 5382 ,
873 5317 971 5387 οὐχ
1000 5315 1183 5378 ἁπλῶς
1212 5317 1441 5388 χαίρειν,
1479 5315 1612 5368 ἀλλὰ
1642 5315 1735 5368 καὶ

157 5411 366 5480 σφόδρα
409 5408 619 5480 χαίρειν
666 5407 800 5479 αὐτῇ
831 5407 1329 5479 παρακελευόμενος
1365 5406 1453 5459 διὰ
1497 5407 1594 5476 τὴν
1642 5403 1735 5456 τοῦ

155 5500 294 5553 Θεοῦ
331 5498 506 5567 Λόγου
548 5501 624 5561 είς
666 5498 834 5570 αὐτὴν
872 5499 1192 5570 παρουσίαν,
1223 5497 1289 5569 ἣν
1333 5499 1426 5552 καὶ
1464 5497 1738 5567 θυγατέρα

231 5683 252 5714 ⁵
280 5685 411 5737 Dan.
433 5697 531 5747 vlt,
562 5681 716 5738 9-H.

1860 1841 2091 1895 alterum
2120 1843 2272 1896 illum
2303 1851 2358 1898 et
2398 1844 2706 1902 divinitatis
2746 1851 2981 1918 amplius
3011 1869 3121 1922 prae
3157 1871 3216 1910 se
3246 1856 3430 1912 feren-

1859 1941 1989 1997 tem,
2016 1934 2463 1991 manifestissime
2505 1938 2820 1994 indicantur
2850 1957 2947 2011 per
2979 1944 3123 1998 illam
3177 1947 3232 2000 in
3265 1950 3430 2004 nubi-

1857 2023 1961 2078 bus
1987 2026 2111 2079 cceli
2153 2026 2605 2098 advectationem,
2652 2047 2858 2102 perque
2891 2035 3023 2089 illud
3075 2046 3338 2093 mternum
3371 2041 3430 2096 in

1857 2117 2114 2172 omnibus
2151 2119 2404 2187 gentibus
2452 2137 2678 2192 regnum
2711 2143 2725 2177 :
2757 2140 2859 2179 nec
2890 2142 3023 2182 sane
3067 2129 3136 2182 ab
3165 2146 3223 2184 re
3267 2131 3432 2188 fuerit

1859 2217 2155 2278 utrumque
2186 2210 2390 2268 Judmis
2429 2229 2752 2284 proponere,
2791 2220 3166 2290 rationemque
3203 2223 3272 2277 ab
3318 2225 3428 2281 illis

1857 2302 2157 2372 postulare,
2190 2319 2426 2373 quonam
2460 2314 2642 2375 pacto,
2656 2308 2701 2362 si
2731 2325 2898 2362 unum
2930 2310 3195 2366 duntaxat
3217 2313 3427 2371 Christi

1856 2395 2147 2449 adventum
2177 2406 2514 2466 exspectant,
2569 2401 2881 2469 prophetias
2933 2418 3062 2458 suas
3107 2405 3211 2460 sibi
3259 2407 3428 2462 velint

1855 2493 2112 2540 constare
2138 2505 2150 2540 :
2187 2501 2315 2540 nam
2341 2502 2465 2542 cum
2491 2498 2778 2560 utramque
2811 2508 3023 2556 earum,
3057 2511 3178 2565 quas
3205 2501 3428 2568 exposi-

1854 2583 1923 2628 tae
1947 2583 2096 2640 sunt,
2123 2576 2192 2630 ad
2221 2575 2501 2634 Christum
2527 2581 2800 2649 pertinere
2845 2583 2946 2653 ipsi
2977 2601 3192 2655 quoque
3218 2588 3428 2643 fatean-

1857 2672 1966 2728 tur,
2021 2665 2208 2720 dicant
2255 2683 2463 2738 quaaso,
2514 2677 2568 2723 et
2614 2669 3076 2742 interrogantibus
3132 2677 3294 2731 nobis
3338 2694 3425 2734 re-

1856 2758 2198 2828 spondeant,
2264 2763 2358 2832 qui
2426 2765 2543 2819 lieri
2596 2767 2768 2836 possit
2836 2775 2897 2820 ut
2950 2784 3061 2824 uno
3121 2771 3426 2841 eodemque

1857 2857 2146 2920 tempore,
2217 2853 2322 2907 sub
2402 2871 2568 2908 unum
2643 2857 3002 2928 eumdemque
3076 2860 3422 2929 adventum,

1853 2939 2000 2996 idem
2051 2950 2106 2997 et
2158 2943 2214 2997 in
2267 2945 2507 3002 nubibus
2572 2947 2698 3002 ταὶιί
2759 2946 3006 3014 feratur,
3071 2957 3126 3004 et
3171 2951 3425 3020 jumento

1846 3036 2114 3106 .pulloque
2192 3038 2536 3094 adolescente
2604 3040 2850 3096 insidens
2927 3043 3178 3097 vehatur.
3257 3043 3422 3115 457

3216 3153 3230 3188 :
3286 3151 3422 3204 qua-

1849 3227 2071 3289 propter
2104 3219 2150 3274 si
2175 3228 2231 3273 tu
2265 3236 2483 3291 quoque
2513 3222 2938 3278 innumerabiles
2977 3225 3111 3281 alias
3158 3226 3242 3281 his
3265 3227 3424 3283 simi-

1847 3310 1928 3366 les
1959 3311 2027 3365 de
2060 3309 2279 3367 Christo
2319 3312 2633 3381 prophetias
2677 3314 2962 3384 collegeris
2996 3321 3050 3370 et
3092 3317 3418 3382 contuleris,

1847 3409 1902 3456 et
1950 3415 2140 3455 earum
2196 3401 2501 3471 signiﬁcata
2547 3402 2764 3457 diversa
2827 3405 2989 3458 simul
3046 3405 3418 3469 contenderis,

1848 3492 1984 3546 alias
2009 3491 2226 3562 quidem
2250 3508 2437 3547 earum
2468 3493 2712 3550 invenies
2746 3495 2904 3564 primi
2960 3496 3107 3551 illius
3153 3497 3420 3552 adventus

1849 3585 2105 3638 vaticinia
2156 3584 2639 3653 comprehendere,
2669 3600 2789 3654 quae
2840 3587 3004 3640 etiam
3031 3587 3134 3640 sub
3167 3587 3418 3642 eumdem

1845 3677 2078 3745 primum
2141 3677 2411 3746 completa
2463 3683 2612 3738 sunt,
2657 3677 2793 3731 alias
2822 3691 2951 3730 vero
3004 3676 3072 3729 ad
3115 3678 3418 3732 secundum

1845 3766 2203 3836 eumdemque
2219 3767 2515 3837 gloriosum
2552 3764 2742 3820 referri
2799 3775 3073 3836 oportere.
3124 3767 3189 3820 Et
3219 3783 3418 3823 currus

1845 3857 1989 3911 enim
2013 3866 2065 3913 et
2092 3874 2290 3928 equum
2315 3869 2367 3913 et
2392 3871 2606 3912 omnem
2625 3873 2812 3912 arcum
2831 3859 3080 3912 bellicum
3116 3857 3417 3915 Salvatoris

1844 3950 2020 4004 nostri
2048 3950 2231 4004 divina
2285 3951 2462 4007 virtus
2518 3953 2573 4006 in
2625 3951 2806 4020 priore
2835 3949 3008 4019 ipsius
3063 3951 3320 4014 adventu,
3348 3951 3418 4005 de

1845 4041 1937 4094 illa
1971 4041 2038 4094 ad
2059 4057 2259 4112 corpus
2309 4044 2668 4112 umbramque
2725 4042 3031 4112 pertinente
3075 4038 3412 4104 Jerusalem,

1843 4131 2018 4202 deque
2046 4147 2112 4186 eo
2141 4134 2234 4202 qui
2255 4133 2481 4202 Ephrem
2501 4141 2727 4188 vocatur
2754 4132 2975 4202 populo,
3001 4132 3228 4185 latenter
3255 4131 3417 4200 ejecit

1841 4236 1906 4275 ac
1934 4222 2166 4292 perdidit
2192 4241 2204 4276 :
2231 4238 2398 4292 quare
2423 4238 2487 4277 ex
2514 4223 2606 4277 illo
2637 4222 2704 4277 ad
2740 4221 2885 4274 hunc
2917 4236 3090 4292 usque
3112 4218 3253 4273 diem
3283 4235 3418 4274 nus-

1841 4330 2002 4385 quam
2026 4315 2258 4384 amplius
2286 4315 2500 4369 illorum
2526 4315 2670 4385 regia
2699 4313 2934 4384 dignitas
2971 4318 3202 4377 constat,
3239 4326 3417 4384 neque

1842 4406 2164 4462 eorumdem
2194 4406 2286 4476 qui
2315 4406 2444 4460 olim
2501 4405 2716 4459 valebat
2741 4404 2796 4456 in
2826 4402 3007 4466 bellis,
3044 4408 3338 4470 apparatus
3360 4408 3416 4454 et

1844 4499 1901 4552 in
1932 4497 2100 4552 armis
2119 4498 2314 4552 virtus.
2357 4495 2642 4566 Sapienter
2655 4510 2784 4549 vero
2806 4493 2860 4547 in
2877 4494 2963 4547 his
2980 4507 3196 4547 onmem
3227 4491 3415 4546 Judai-

1844 4603 1967 4642 cum
2004 4588 2262 4657 populum
2281 4587 2515 4657 Ephrem
2541 4585 2866 4648 nominavit,
2892 4600 3001 4639 non
3020 4593 3198 4637 autem
3221 4582 3410 4647 Israel,

1843 4693 2019 4748 neque
2071 4677 2231 4741 Juda,
2269 4694 2334 4732 ne
2361 4679 2711 4733 veneratione
2749 4677 3024 4748 digniores
3051 4676 3414 4730 calumnietur

1843 4769 2254 4838 appellationes.
2292 4769 2541 4822 Invenies
2581 4776 2762 4823 autem
2793 4770 2847 4822 in
2872 4769 2994 4822 aliis
3026 4782 3244 4838 quoque
3277 4782 3408 4834 pro-

1842 4859 2045 4929 phetiis
2092 4867 2258 4912 totam
2287 4868 2497 4930 gentem
2526 4859 2760 4930 Ephrem
2787 4874 2912 4913 cum
2947 4860 3116 4912 multa
3139 4858 3411 4912 calumnia

1842 4958 1897 5004 et
1921 4948 2270 5004 accusatione
2325 4949 2616 5012 nominari,
2656 4950 2799 5004 sicut
2858 4949 2948 5002 hic
2986 4963 3221 5018 quoque.
3272 4945 3408 5000 Cum

1842 5039 2007 5110 igitur
2034 5046 2156 5108 post
2187 5039 2423 5094 reditum
2470 5038 2537 5094 de
2583 5040 2859 5110 Babylone
2915 5055 3026 5093 non
3060 5038 3292 5107 amplius
3325 5037 3413 5090 iti-

1843 5131 1965 5186 dem
1993 5139 2053 5185 ut
2078 5130 2231 5199 prius
2261 5130 2317 5183 in
2349 5130 2527 5186 tribus
2551 5130 2761 5186 divisus
2785 5140 2936 5185 esset
2980 5129 3238 5200 populus,
3269 5143 3410 5197 quos

1842 5223 2064 5278 tandem
2097 5237 2194 5292 per
2221 5221 2456 5292 Ephrem
2487 5222 2682 5278 merito
2726 5222 3024 5293 signiﬁcari
3051 5217 3406 5282 intellexeris,

1841 5314 1946 5368 nisi
1977 5329 2071 5370 eos
2117 5314 2212 5384 qui
2259 5316 2432 5384 ipsam
2461 5313 2764 5370 Jerusalem
2796 5312 3146 5366 habitarent?
3173 5325 3407 5379 quorum

1842 5405 1898 5460 in
1931 5405 2090 5461 bellis
2119 5414 2174 5460 et
2196 5406 2252 5460 in
2286 5407 2454 5462 armis
2482 5405 2750 5476 egregiam
2780 5405 3052 5470 virtutem,
3088 5417 3210 5472 qua:
3234 5414 3410 5470 usque

1845 5495 1911 5550 ad
1944 5493 2191 5550 Romana
2220 5501 2465 5565 tempora
2516 5495 2704 5565 vigens
2741 5491 2862 5560 fuit,
2901 5492 3201 5547 Salvatoris
3229 5485 3407 5546 nostri
