3836 6220
386 252 484 308 7H
1057 249 1326 306 EUSEBH
1362 245 1844 305 CASSARIENSIS
1881 245 2031 302 OPP.
2072 241 2253 298 PARS
2291 239 2354 296 ll.
2385 271 2457 284 —-
2493 238 2994 298 APOLOGETICA.
3557 239 3668 292 7!!

385 365 672 427 adventus,
701 364 844 418 sicut
873 363 928 418 in
963 364 1248 433 prophetia
1278 361 1486 414 dictum
1524 361 1721 424 fuerat,
1775 359 1960 414 divina

2084 358 2161 428 τῆς
2190 356 2516 428 ἐπουρανίου
2551 356 2689 409 Σιὼν
2711 398 2726 421 ,
2755 356 2790 426 ἦ
2821 357 2916 409 καὶ
2945 354 3049 426 τῆς
3090 355 3366 428 προτέρας
3411 371 3675 430 ονιιναγιιι-⁸

385 467 438 511 et
469 455 726 510 ineffabili
754 457 956 511 virtute
999 455 1216 509 delevit.
1277 453 1512 508 Proinde
1561 453 1846 507 collectam
1893 451 1961 505 de

2084 448 2164 517 ’ἧς
2195 448 2481 510 ἀποκαλεῖ,
2512 447 2599 500 διὰ
2628 446 2688 499 τὸ
2720 447 2931 509 πάντας
2963 447 3114 517 ἡμᾶς
3141 445 3270 508 τοὺς
3298 443 3360 510 ἐξ
3382 445 3557 497 ὲθνῶν
3584 447 3664 506 εἱς

387 546 642 615 gentibus
678 544 974 600 Ecclesiam
1001 545 1286 599 oraculum
1307 542 1614 612 evangelice
1645 540 1867 594 instruit
1896 553 1961 593 ac

2084 540 2152 592 :6v
2214 540 2448 610 Χριστὸν
2490 538 2584 592 τοῦ
2651 537 2787 592 Θεοῦ
2846 539 3279 602 πεπιστευκότας
3339 539 3664 609 γεννήματα

388 646 594 700 monet,
626 652 736 691 non
783 645 843 690 ut
877 637 1200 706 simpliciter
1253 635 1506 705 gaudeat,
1557 635 1652 687 sed
1685 643 1744 686 ut
1800 631 1963 685 veheo

390 735 603 782 menter
633 727 884 796 gaudeat,
917 729 1116 796 quippe
1140 726 1282 794 quod
1308 725 1453 777 illam
1479 724 1546 776 ad
1569 722 1622 776 id
1655 721 1963 775 faciendum

390 820 711 874 exhortetur
743 828 964 889 propter
1008 818 1100 873 Dei
1138 817 1302 873 Verbi
1332 815 1401 870 ad
1431 816 1606 887 ipsam
1648 813 1962 876 adventum,

389 928 552 982 quam
593 921 723 966 item
777 912 1019 966 caelestis
1074 911 1226 974 Sion,
1293 911 1578 965 autetiam
1606 909 1805 977 prioris
1833 923 1968 966 con.-

391 1003 724 1074 gregationis
753 1003 918 1057 ﬁliam
950 1013 1128 1065 vocat,
1160 1011 1442 1072 propterea
1469 1000 1614 1070 quod
1645 1015 1745 1055 nos
1775 1015 1970 1056 omnes

392 1095 484 1164 qui
508 1109 572 1147 ex
607 1094 858 1163 gentibus
895 1093 1124 1163 profecti
1168 1095 1222 1146 in
1259 1092 1541 1146 Christum
1592 1089 1687 1144 Dei
1737 1091 1972 1145 credidi-

391 1199 539 1247 mus,
559 1184 761 1239 Christi
793 1185 1276 1252 apostolorumque
1308 1183 1428 1251 ejus
1456 1183 1636 1252 proles
1667 1189 1722 1234 et
1755 1180 1848 1233 filii
1879 1195 1973 1235 su-

393 1289 541 1340 mus,
592 1280 778 1341 utpote
811 1273 904 1342 qui
938 1273 1006 1327 de
1038 1272 1350 1326 Judaaorum
1393 1271 1818 1341 congregatione
1854 1280 1974 1324 tan-

397 1380 559 1434 quam
620 1365 688 1418 de
741 1374 915 1417 matre
967 1363 1074 1416 orti
1115 1363 1288 1417 simus
1317 1380 1330 1416 :
1363 1376 1488 1415 nam
1523 1362 1689 1415 etiam
1715 1362 1858 1430 quod
1887 1376 1975 1415 se-

393 1456 598 1525 quitur,
623 1457 677 1509 in
713 1454 1011 1509 Salvatoris
1034 1455 1209 1509 nostri
1241 1454 1474 1508 adventu
1495 1453 1826 1522 completum
1853 1468 1977 1509 esse

392 1554 628 1601 constat.
689 1545 824 1610 Quis
877 1546 1023 1599 enim
1077 1545 1295 1615 ignorat
1341 1544 1613 1613 ejusmodi
1665 1559 1853 1614 pacem
1911 1559 1977 1598 ex

394 1637 646 1708 gentibus
678 1645 801 1706 post
823 1633 1092 1690 adventus
1125 1636 1532 1704 illiustempora
1557 1636 1858 1698 exstitisse,
1879 1651 1977 1688 cu-

2063 627 2203 684 εἶναι
2246 633 2347 684 καὶ
2380 632 2547 684 τέκνα
2576 629 2814 702 Χριστοῦ
2854 631 2948 684 καὶ
2976 630 3085 684 τῶν
3125 629 3439 683 ἀποστόλων
3471 631 3662 692 αὑτοῦ,
3707 651 3730 660 -

2064 715 2153 774 οἷα
2181 723 2245 774 ὲκ
2280 720 2485 792 μητρὸς
2519 721 2620 789 τῆς
2655 720 2764 772 τῶν
2807 719 3079 772 Ἰουδαίων
3119 717 3443 786 συναγωγῆς
3468 715 3667 788 προελ-

2067 813 2277 872 θόντας.
2319 814 2430 865 Kal
2473 811 2535 864 τὸ
2578 813 2706 882 ἑξῆς
2740 812 2796 864 δὲ
2836 811 3140 882 ἐπληροῦτο
3172 811 3266 863 ἐπὶ
3298 813 3365 881 τῇ
3408 808 3508 862 τοῦ
3546 810 3668 861 Σω-

2066 905 2232 976 τῆρος
2262 904 2420 975 ἡμῶν
2443 904 2738 977 παρουσίᾳ.
2771 905 2974 976 Εἰρήνη
2997 903 3128 972 γοῦν
3157 901 3218 967 ἐξ
3245 902 3419 956 ἐθνῶν
3439 901 3670 969 γέγονεν

2069 996 2179 1050 ἀπὸ
2198 995 2306 1049 τῶν
2335 996 2542 1065 χρόνων
2573 997 2672 1067 τῆς
2701 995 2938 1065 ἀφίξεως
2963 994 3150 1060 αὐτοῦ,
3179 997 3268 1049 οἵα
3292 992 3668 1047 οὐδεπώποτε⁸

2070 1090 2172 1143 οὐκ
2199 1089 2280 1142 ἔτι
2301 1087 2432 1157 γοῦν
2465 1088 2648 1152 πόλεις
2671 1089 2910 1152 πόλεσιν,
2932 1087 3008 1152 ὡς
3039 1089 3101 1142 τὸ
3130 1089 3280 1159 πρὶν,
3310 1085 3668 1156 πολεμοῦσιν,

2072 1179 2192 1233 οὐδὲ
2227 1179 2354 1250 ἔθνη
2397 1180 2572 1234 ἔθνεσι
2607 1181 3026 1251 συρράσσουσιν,
3056 1179 3187 1244 οὐδ’,
3221 1179 3296 1242 ὡς
3324 1177 3386 1231 τὸ
3410 1175 3668 1240 παλαιὸν,

2073 1271 2103 1322 6
2145 1269 2256 1322 τῶν
2302 1269 2606 1342 ἀνθρώπων
2655 1269 2766 1339 βίος
2802 1271 3192 1331 ἀκαταστατεῖ,
3231 1267 3337 1320 οὐδ’
3393 1265 3674 1335 Ἀθηναῖοι

2079 1362 2180 1432 μὲν
2207 1360 2658 1431 Λακεδαιμονίοις
2709 1358 3191 1430 ἐπιστρατεύονται
3216 1398 3231 1421 ,
3270 1356 3430 1427 Σύροι
3459 1356 3517 1408 δὲ
3545 1356 3676 1407 dﬁci-

2076 1453 2237 1518 νιξιν,
2285 1452 2526 1522 Ἀράϐιοι
2554 1451 2610 1503 δέ
2640 1450 3020 1512 Παλαιστίνοις
3040 1490 3054 1514 ,
3087 1448 3184 1502 καὶ
3224 1446 3515 1516 Αἰγύπτιοι
3555 1449 3676 1510 τοῖς

2079 1543 2494 1615 πλησιοχώροις.
2543 1544 2784 1595 ’Ἠνωται
2831 1542 2887 1595 δὲ
2929 1541 2990 1606 ἐξ
3029 1542 3239 1595 ἐκείνου
3286 1542 3383 1594 σὺν
3421 1540 3545 1610 Θεῷ
3602 1541 3676 1594 τὰ

2082 1633 2291 1697 πάντα,
2340 1635 2435 1688 καὶ
2491 1633 2704 1704 ἀληθῶς
2763 1633 2969 1704 πλῆθος
3019 1634 3240 1705 εἰρήνης
3275 1632 3336 1699 ἐξ
3391 1632 3560 1685 ἐθνῶν
3613 1633 3675 1698 ἐξ

388 1701 632 1797 jusmodi
679 1701 978 1796 nunquam
1026 1733 1186 1780 antea
1235 1701 1466 1781 fuisset?
1516 1742 1694 1796 neque
1741 1727 1884 1781 enim
1916 1735 1975 1779 nt

2084 1725 2285 1778 ἐκείνου
2315 1726 2403 1778 καὶ
2436 1729 2516 1790 εἰς
2537 1701 2697 1797 δεῦρο
2717 1701 2962 1794 γέγονεν,
2999 1701 3306 1787 ἀκολούθως
3343 1727 3410 1794 τῇ
3449 1741 3675 1796 προφη-

393 1819 571 1888 prius,
607 1819 687 1873 sic
717 1835 863 1872 nunc
880 1819 1136 1872 civitates
1164 1833 1193 1872 a
1224 1818 1540 1874 civitatibus
1570 1827 1974 1888 Oppugnantur,

393 1924 573 1978 neque
597 1915 786 1976 gentes
823 1921 946 1962 cum
971 1907 1229 1976 gentibus
1253 1908 1614 1971 colliduntur,
1648 1923 1824 1978 neque
1847 1923 1977 1964 vero

394 2007 457 2055 ut
491 1999 689 2069 priscis
728 1998 1069 2067 temporibus
1095 2037 1110 2062 ,
1167 1999 1248 2052 sic
1277 2001 1485 2054 nostris
1532 2001 1643 2053 vita
1693 1999 1975 2054 hominum

397 2093 640 2161 inquieta
675 2091 1058 2160 iustabilisque
1074 2099 1178 2155 est,
1213 2089 1382 2162 458
1432 2091 1636 2162 quippe
1655 2107 1781 2147 cum
1803 2108 1978 2162 neque

395 2185 756 2240 Athenienses
789 2192 976 2238 contra
1006 2182 1450 2239 Lacedannonios
1502 2185 1766 2249 ferantur,
1800 2203 1978 2256 neque

399 2273 522 2346 Syri
555 2277 816 2330 adversus
846 2274 1159 2337 Phtenicas,
1188 2291 1365 2344 neque
1395 2276 1605 2331 Arabes
1655 2282 1710 2331 in
1733 2275 1974 2332 Palaesti-

397 2381 520 2424 nos.
549 2380 726 2434 neque
772 2367 901 2419 item
954 2362 1196 2436 Egyptii
1229 2367 1494 2421 adversus
1528 2367 1791 2422 finitimos
1833 2370 1978 2421 mili-

399 2460 531 2513 tiam
562 2465 874 2514 exerceant.
927 2456 1033 2512 Sed
1083 2472 1148 2511 ex
1185 2458 1278 2512 illo
1315 2459 1369 2510 in
1427 2457 1574 2511 hunc
1610 2475 1786 2529 usque
1807 2459 1974 2523 diem,

398 2549 511 2604 Deo
537 2550 770 2615 favente,
801 2550 1055 2603 in.unum
1088 2549 1272 2602 omnia
1296 2548 1532 2614 coivere,
1558 2557 1612 2602 et
1636 2565 1843 2614 revera,
1864 2551 1976 2605 sic-

402 2647 467 2694 ut
523 2640 577 2692 in
619 2640 902 2708 prophetia
937 2638 1146 2692 dictum
1201 2637 1399 2703 fuerat,
1456 2638 1790 2693 abundantia
1824 2653 1978 2706 pacs

401 2747 468 2787 ex
493 2732 746 2800 gentibus
776 2731 994 2800 prodiit,
1052 2737 1106 2784 et
1157 2746 1300 2784 unus
1326 2727 1507 2794 Jcsus,
1543 2737 1597 2784 et
1631 2731 1698 2784 ab
1729 2731 1850 2796 ipso
1880 2729 1976 2784 de-

401 2828 712 2880 nuntiatum
756 2825 1085 2896 evangelicaa
1117 2826 1382 2879 doctrinae
1415 2823 1663 2889 verbum,
1701 2823 1978 2892 principa-

397 2926 536 2980 tum,
601 2931 632 2970 a
680 2916 818 2970 mari
870 2931 1042 2984 usque
1089 2915 1158 2970 ad
1208 2931 1380 2978 mare,
1417 2915 1521 2969 hoc
1552 2921 1637 2968 est
1661 2914 1730 2968 ab
1767 2915 1980 2968 oriente

2075 1817 2216 1888 τείᾳ.
2241 1818 2414 1874 Μόνος
2443 1818 2502 1871 δὲ
2546 1817 2773 1889 Ἰησοῦς,
2801 1818 2896 1870 καὶ
2919 1820 2947 1870 ὁ
2966 1818 3032 1870 δι’
3058 1817 3226 1872 αὐτοῦ
3248 1816 3548 1889 κηρυχθεὶς
3567 1819 3678 1886 τῆς

2075 1909 2440 1980 εὐαγγελικῆς
2461 1909 2810 1974 διδασκαλίας
2836 1909 2994 1978 λόγος
3026 1906 3189 1981 ἧρξεν
3209 1911 3316 1964 ἀπὸ
3341 1914 3444 1982 τῆς
3467 1911 3680 1964 θαλάσ-

2079 2015 2178 2067 σης
2203 1999 2307 2062 ἕως
2333 1999 2634 2072 Θαλάσσης,
2667 2002 2774 2055 ἀπὸ
2796 2003 2894 2073 τῆς
2919 2003 2993 2054 ἕω
3028 2005 3108 2065 εἰς
3137 2003 3228 2056 τὸν
3264 2004 3680 2076 καταδυόμενον

2089 2090 2260 2159 ἥλιον,
2297 2093 2392 2144 καὶ
2436 2092 2547 2146 ἀπὸ
2592 2093 2853 2164 ποταμῶν
2877 2097 2956 2156 εἰς
2979 2094 3077 2158 τὰς
3106 2096 3389 2160 διεκϐολὰς
3410 2097 3513 2167 τῆς
3543 2097 3675 2166 γῆς,

2077 2182 2385 2246 ἀκολούθως
2405 2187 2519 2247 τοῖς
2541 2185 2598 2237 ἐν
2616 2184 2694 2255 τῷ
2719 2187 2971 2258 προφήτῃ
2996 2187 3469 2259 προλελεγμένοις.
3491 2190 3677 2258 Ἀπερ

2078 2275 2172 2328 καὶ
2201 2277 2228 2328 6
2269 2275 2497 2339 Ἀκύλας
2522 2269 2624 2329 ὧδέ
2648 2294 2765 2340 πως
2787 2279 3128 2349 ἡρμήνευσεν
3157 2278 3351 2332 εἰπών·
3393 2299 3412 2331 ι
3440 2280 3557 2332 Kal
3574 2279 3676 2331 λα-

2078 2363 2230 2436 λήσει
2261 2368 2480 2438 εἰρήνην
2512 2369 2570 2420 ἐν
2613 2371 2724 2431 τοῖς
2763 2369 2973 2434 ἔθνεσι,
3028 2372 3123 2423 καὶ
3157 2372 3190 2440 ή
3240 2371 3461 2438 ἐξουσία
3504 2370 3677 2424 αὐτοῦ

2081 2456 2190 2508 ἀπὸ
2247 2453 2540 2529 θαλάσσης
2585 2459 2691 2522 ἓως
2739 2459 3049 2531 θαλάσσης,
3098 2463 3191 2514 καὶ
3241 2463 3350 2515 ἀπὸ
3405 2463 3676 2532 ποταμῶν

2078 2548 2182 2612 ἕως
2206 2551 2455 2620 περάτων
2490 2553 2592 2622 τῆς
2625 2554 2747 2624 γῆς.
2790 2571 2809 2604 ι
2833 2553 3017 2606 Ταῦτα
3046 2555 3104 2608 δὲ
3125 2558 3238 2618 τοῖς
3263 2558 3321 2608 ἐν
3351 2555 3429 2625 τῷ
3469 2554 3675 2626 ψαλμῷ

2081 2645 2369 2716 σύγκρινω
2407 2645 2486 2717 τῷ
2530 2647 2992 2718 ἐπιγεγραμμένῳ
3051 2651 3134 2712 εἰς
3191 2649 3485 2720 Σολομῶνα
3545 2652 3676 2720 περὶ

2078 2738 2174 2791 τοῦ
2223 2737 2340 2790 υἱοῦ
2388 2738 2481 2790 τοῦ
2525 2737 2825 2807 βασιλέως,
2871 2739 3069 2811 δηλαδὴ
3107 2740 3203 2792 τοῦ
3238 2741 3302 2792 ἐκ
3355 2741 3676 2811 σπέρματος

2081 2829 2396 2900 Σολομῶνος
2459 2830 2962 2902 προελευσομένουξ,
3026 2832 3371 2901 λεγομένοις,
3436 2834 3566 2904 περὶ
3608 2826 3671 2885 οὗ
3751 2856 3755 2863 ·

2080 2923 2245 2992 φησιν
2291 2923 2320 2974 ὁ
2361 2920 2610 2992 ψαλμός·
2651 2941 2670 2972 ι
2702 2923 2810 2975 Kal
2854 2923 3273 2992 κατακυριεύσει
3319 2923 3428 2976 ἀπὸ
3472 2923 3671 2976 θαλάσ-

398 3008 512 3064 sole
530 3022 702 3076 usque
729 3005 794 3058 ad
820 3007 1183 3072 occidentem,
1208 3017 1261 3061 et
1283 3022 1313 3059 a
1346 3005 1664 3060 ﬂuminibus
1697 3005 1763 3058 ad
1782 3021 1976 3074 expor-

2084 3031 2184 3085 σης
2228 3014 2335 3077 ἓως
2391 3013 2693 3084 θαλάσσης,
2735 3014 2830 3066 καὶ
2865 3014 2971 3067 ἀπὸ
3031 3014 3288 3086 ποταμῶν
3344 3015 3454 3079 ἕως
3501 3016 3673 3086 περά-

397 3093 673 3147 rcctioncs
697 3101 874 3154 terra,
903 3092 1047 3145 sicut
1066 3106 1130 3145 ea
1165 3091 1626 3160 signiﬁcaverant,
1662 3105 1785 3160 qua:
1833 3092 1976 3160 apud

399 3189 715 3254 prophetam
735 3183 991 3252 praedicta
1017 3191 1167 3245 sunt,
1190 3183 1422 3252 accepit;
1469 3199 1590 3253 quae
1620 3198 1753 3237 sane
1783 3182 1978 3252 Aquila

401 3289 618 3344 quoque
647 3274 702 3326 in
726 3275 871 3327 hunc
920 3273 1138 3326 modum
1166 3273 1554 3342 interpretatus
1581 3281 1667 3328 est
1695 3289 1706 3324 :
1748 3291 1767 3325 ι
1802 3276 1867 3325 ιι
1897 3275 1980 3326 lo-

407 3375 604 3435 quetur
641 3380 828 3433 pacem
849 3365 904 3418 in
938 3365 1214 3434 gentibus,
1247 3372 1300 3418 et
1329 3373 1573 3433 potestas
1611 3367 1730 3434 ejus
1775 3381 1806 3420 a
1839 3365 1978 3419 mari

403 3473 579 3525 uSque
601 3457 666 3510 ad
691 3471 858 3519 mare,
878 3464 930 3508 et
949 3473 978 3507 a
1000 3456 1314 3510 fluminibus
1336 3473 1510 3526 usque
1526 3457 1593 3510 ad
1608 3459 1743 3512 ﬁnes
1765 3467 1939 3512 terrae.
1954 3477 1973 3508 ι

404 3547 486 3602 Tu
513 3563 638 3602 vero
656 3547 766 3601 hinc
783 3559 1100 3616 comparato
1127 3562 1251 3600 cum
1281 3548 1390 3602 illis
1411 3562 1532 3612 qua:
1552 3547 1604 3600 in
1625 3549 1836 3616 psalmo
1857 3565 1981 3602 con-

403 3642 666 3702 tinentur,
687 3640 776 3709 qui
795 3639 1092 3708 inscriptus
1112 3640 1261 3692 estin
1289 3637 1780 3709 Salomo:iem,qua:
1794 3641 1981 3694 videli-

403 3746 490 3789 cet
517 3734 584 3789 de
609 3734 720 3788 ﬁlio
758 3733 900 3802 regis
920 3748 984 3786 ex
1015 3731 1222 3787 semine
1271 3731 1583 3786 Salomonis
1626 3732 1864 3786 oriundo
1895 3732 1981 3786 di-

405 3823 708 3889 cuntur;dc
736 3839 842 3892 quo
861 3822 908 3875 is
928 3822 1169 3891 psalmus
1195 3820 1266 3874 ita
1296 3820 1536 3889 loquitur
1565 3838 1578 3873 :
1614 3839 1631 3871 ι
1656 3819 1981 3874 Etdomiua-

407 3917 554 3970 bitur
578 3932 608 3969 a
644 3917 779 3970 mari
814 3930 984 3982 usque
1017 3914 1082 3967 ad
1111 3929 1279 3980 mare,
1319 3921 1372 3968 et
1399 3928 1428 3966 a
1459 3912 1776 3970 ﬂuminibus
1807 3930 1981 3984 usque

409 4010 474 4062 ad
496 4010 626 4062 lines
657 4010 804 4062 orbis
830 4007 1047 4062 terrae'.
1083 4025 1100 4055 ι
1126 4005 1296 4061 Porro
1317 4007 1458 4062 idem
1483 4007 1571 4060 hic
1590 4007 1835 4075 psalmus
1857 4023 1978 4062 eam

416 4108 542 4159 item
573 4121 695 4174 qua:
718 4105 807 4159 hic
825 4103 1184 4175 significatur,
1209 4115 1416 4168 pacein,
1438 4098 1517 4152 sic
1540 4095 1778 4149 futuram
1802 4094 2001 4147 descri-

415 4199 492 4251 bit
525 4217 537 4252 :
572 4217 590 4249 ι
621 4197 839 4252 Oi'ictur
869 4199 920 4250 in
945 4196 1136 4249 diebus
1165 4193 1285 4262 ejus
1325 4191 1538 4260 justitia
1569 4197 1623 4242 et
1665 4187 1999 4241 abundantia

2083 3121 2191 3156 των
2229 3105 2330 3174 τῆς
2373 3104 2750 3176 οἰκουμένης.»
2783 3107 3044 3175 Σημαίνει
3076 3107 3132 3158 δὲ
3164 3108 3257 3160 καὶ
3296 3109 3397 3178 τὴν
3442 3107 3674 3160 ἐνταῦθα

2084 3195 2418 3267 δηλουμένην
2443 3198 2664 3269 εἰρήνην
2689 3201 2718 3251 6
2741 3197 2901 3261 αὐτὸς
2925 3197 3141 3269 ψαλμὸς
3167 3199 3393 3267 φάσκων
3422 3217 3437 3229 ·
3467 3218 3489 3250 α
3525 3201 3676 3252 Ἀνα·

2083 3287 2230 3340 τελεῖ
2253 3290 2311 3340 ἐν
2341 3291 2462 3351 ταῖς
2491 3290 2728 3359 ἡμέραις
2762 3289 2928 3342 αὑτοῦ
2954 3290 3266 3361 δικαιοσύνη
3296 3330 3311 3353 ,
3341 3291 3438 3344 καὶ
3473 3291 3675 3361 πλῆθος

2085 3381 2325 3451 εἰρήνης.
2359 3400 2377 3431 ι
2422 3382 2534 3433 Kal
2573 3376 2800 3444 Ἡσαΐας
2829 3382 2886 3434 δὲ
2930 3383 3140 3446 τούτοις
3175 3383 3460 3455 συντρέχει
3503 3384 3569 3437 δι’
3602 3377 3676 3437 ὧν

2087 3487 2220 3541 φησι
2245 3489 2262 3500 ο
2307 3491 2326 3522 ι
2366 3472 2474 3524 Kal
2518 3471 2850 3540 συγκόψουσι
2901 3473 3173 3545 μαχαίρας
3201 3475 3382 3527 αὐτῶν
3430 3478 3514 3539 εἰς
3552 3477 3679 3547 ἀρο-

2084 3579 2221 3632 τρα,
2257 3563 2351 3616 καὶ
2390 3563 2489 3626 τὰς
2541 3563 2763 3626 ζιὸύνας
2815 3563 2994 3616 αὐτῶν
3041 3567 3121 3628 εἰς
3167 3565 3433 3636 δρέπανα.
3472 3569 3586 3622 Kal
3618 3570 3680 3621 ὠ

2086 3656 2312 3726 λήψεται
2360 3655 2440 3710 ἔτι
2487 3655 2636 3719 ἔθνος
2682 3657 2769 3710 ἐπ’
2818 3657 2970 3720 ἔθνος
3023 3659 3328 3730 μάχαιραν,
3365 3661 3464 3712 καὶ
3503 3662 3567 3714 ού
3608 3665 3680 3733 μὴ

2089 3749 2334 3819 μάθωσιν
2364 3748 2441 3800 ἔτι
2481 3749 2756 3819 πολεμεῖν.
2793 3769 2811 3800 ι
2851 3749 3043 3820 Εὖροις
3097 3751 3139 3803 δ’
3179 3751 3246 3804 ἂν
3295 3753 3388 3805 καὶ
3436 3753 3682 3824 Μιχαίαν

2087 3841 2296 3903 τούτοις
2323 3841 2614 3912 συνᾴδοντα
2637 3881 2650 3904 ,
2687 3841 2783 3894 xal
2813 3841 3009 3907 ἄλλους
3047 3844 3268 3908 πλείους
3309 3845 3420 3898 τῶν
3466 3864 3684 3918 προφηο

2087 3934 2220 3987 τῶν.
2269 3934 2598 4004 Ἐπιστήσας
2622 3932 2679 3985 δὲ
2706 3973 2721 3997 ,
2753 3933 2830 3997 ὡς
2854 3933 2990 4006 ἔφην
3016 3975 3029 3997 ,
3059 3939 3174 3999 τοῖς
3205 3937 3440 4008 χρόνοις,
3471 3939 3684 4011 δυνήσῃ

2091 4027 2319 4078 συνιδεῖν
2343 4064 2357 4086 ,
2392 4025 2468 4087 ὡς
2499 4025 2608 4078 ἀπὸ
2645 4025 2754 4078 τῶν
2787 4027 3099 4094 Αὐγούστου
3140 4030 3350 4100 χρόνων
3373 4068 3388 4092 ,
3452 4032 3553 4084 καὶ
3585 4034 3685 4102 τῆς

2089 4117 2210 4169 κατ’
2245 4116 2405 4170 αὑτὸν
2433 4116 2818 4188 ἐπιλαμψάσης
2851 4118 2944 4171 τοῦ
2985 4120 3252 4196 Σωτῆρος.
3275 4120 3438 4190 ήμῶν
3484 4124 3686 4191 ἐπιπα-

2088 4209 2271 4271 νείας,
2304 4208 2404 4276 τῆς
2439 4208 2723 4278 Ῥωμαίων
2773 4210 3070 4281 μοναρχίας
3099 4212 3592 4284 ἐπικρατησάσης,
3629 4216 3684 4268 ai

413 4289 562 4347 Dacis
590 4286 630 4339 ⁸.
673 4307 691 4339 ι
723 4286 892 4342 Isaias
939 4298 1160 4352 quoque
1208 4299 1331 4337 eum
1383 4283 1468 4336 his
1512 4280 1648 4348 ipsis
1684 4276 1976 4332 concordat

2091 4300 2256 4352 πάλαι
2286 4298 2394 4351 τῶν
2419 4276 2588 4351 ὲθνῶν
2619 4276 3276 4372 διελύθησαν-διαστάσεις
3307 4276 3403 4358 καὶ
3438 4276 3683 4379 πολυαρ-

412 4389 536 4428 cuin
571 4374 647 4427 ait
677 4388 692 4424 :
731 4391 748 4422 ι
775 4371 838 4426 Ει
868 4370 1179 4426 conﬂabunt
1205 4369 1416 4440 gladios
1461 4385 1591 4426 suos
1623 4371 1678 4424 in
1704 4387 1976 4435 vomeres,

2093 4391 2236 4461 χίαι,
2294 4390 2388 4443 καὶ
2429 4391 2580 4443 τόνδε
2629 4390 2691 4456 ἐξ
2733 4369 2943 4445 ἐκείνου
2985 4394 3187 4464 τρόπον
3234 4396 3424 4461 τέλους
3479 4369 3686 4469 ἤρξατο

411 4477 467 4520 ct
496 4467 768 4520 lanceolas
799 4479 927 4519 suas
983 4464 1039 4516 in
1068 4462 1258 4517 falces.
1289 4461 1354 4515 Et
1389 4478 1497 4516 non
1531 4470 1712 4517 sumet
1749 4465 1976 4533 amplius

2091 4481 2378 4555 τυγχάνειν
2410 4480 2478 4534 τὰ
2520 4482 2621 4551 τῆς
2671 4461 3159 4554 προφητεύομένης
3206 4488 3450 4557 εἰρήνης.
3503 4461 3684 4542 ’Ἆλλά

411 4573 547 4628 gens
579 4557 632 4610 in
662 4565 874 4626 gentem
906 4554 1166 4624 gladium,
1191 4561 1246 4609 et
1279 4569 1390 4608 non
1437 4553 1653 4609 discent
1694 4555 1835 4608 ultra
1872 4556 1976 4610 hel-

2092 4570 2189 4623 νῦν
2241 4553 2519 4640 μὲνίτέως
2563 4570 2794 4642 ἤρξατο,
2844 4553 2999 4625 ἔσται
3034 4573 3091 4625 δὲ
3119 4553 3224 4626 γὸτε
3257 4553 3621 4645 πληρέστατα
3651 4578 3683 4648 ή

415 4651 526 4704 lum
552 4665 740 4720 gerere
771 4651 812 4701 '.
847 4668 867 4701 ι
905 4647 1176 4702 Caeterum
1241 4647 1522 4702 Michtcam
1579 4663 1797 4717 quoque
1832 4649 1976 4702 inve-

2095 4660 2402 4731 προφητεία
2430 4661 2969 4731 συμπερασθήσεται,
3004 4663 3142 4716 ἐπὰν
3178 4663 3240 4718 τὸ
3270 4665 3554 4736 πλήρωμα
3578 4647 3684 4720 τῶν

415 4745 534 4800 nies
566 4743 758 4798 iisdem
800 4751 1170 4797 consentanea
1213 4743 1506 4807 dicentem,
1567 4744 1806 4814 itemque
1849 4745 1976 4801 alios

2095 4749 2268 4806 ἐθνῶν
2297 4750 2515 4822 εἰσέλθῃ
2539 4751 2760 4822 τὸςπρὸς
2783 4751 2878 4805 τοῦ
2916 4753 3061 4826 ίεροῦ
3100 4754 3423 4808 Ἀποστόλου
3451 4757 3680 4829 δεδηλω-

414 4848 484 4886 ex
549 4833 826 4903 prophetis
859 4834 1081 4889 multos.
1141 4833 1198 4888 Si
1233 4850 1360 4889 vero
1393 4834 1701 4906 diligenter,
1743 4845 1802 4890 ut
1849 4838 1986 4894 alias
2099 4842 2279 4912 μένον.

415 4927 552 4992 dixi,
580 4939 820 4998 tempora
867 4929 1267 4994 observaveris,
1309 4929 1466 4984 facile
1525 4932 1724 4986 intueri
1753 4936 1978 5003 poteris,
2021 4937 2486 5005 quemadmodum
2546 4938 2616 4993 ab
2685 4939 2918 5010 Augusti
2975 4941 3340 5011 temporibus,
3388 4950 3446 4998 et
3486 4960 3517 4998 a
3562 4942 3684 4999 Sal-

420 5021 623 5076 vatoris
652 5020 827 5075 nostri
847 5021 1102 5079 adventu.
1133 5022 1226 5090 qui
1255 5037 1351 5091 per
1380 5039 1443 5077 ea
1504 5031 1751 5094 tempora
1814 5026 2064 5091 emicuit,
2107 5044 2231 5082 cum
2289 5030 2357 5084 ad
2408 5046 2578 5085 unum
2628 5031 2909 5086 redactum
2971 5031 3344 5088 Romanorum
3388 5034 3681 5105 imperium

420 5108 602 5162 omnia
631 5108 996 5173 obtinuisset,
1062 5119 1274 5165 veteres
1314 5112 1560 5181 gentium
1633 5113 1977 5180 differentiae,
2009 5124 2063 5171 et
2102 5118 2440 5188 multiplices
2491 5121 2834 5191 principatus
2882 5121 3072 5176 aboliti
3105 5133 3256 5188 sunt,
3289 5132 3458 5195 atque
3492 5141 3564 5178 ex
3591 5125 3683 5179 illo

420 5200 475 5254 in
494 5199 641 5255 hunc
667 5202 908 5267 modum,
971 5219 1090 5274 quae
1123 5204 1190 5257 ad
1235 5221 1423 5274 pacem
1464 5208 1824 5276 pertinerent,
1895 5226 2058 5280 quam
2100 5214 2378 5283 prophetae
2407 5216 2796 5285 praedixerant,
2832 5232 2896 5271 ea
2949 5215 3110 5272 linem
3147 5234 3311 5273 suum
3365 5219 3682 5290 contingere

420 5293 996 5361 cmperint.Ca>.terum
1055 5297 1318 5353 hactenus
1365 5299 1590 5368 quidem
1655 5300 1845 5370 erepit,
1925 5309 2137 5373 tempus
2203 5313 2386 5358 autem
2454 5308 2656 5368 veniet,
2691 5324 2814 5362 cum
2848 5310 3480 5382 plcnissimeprophetia
3535 5326 3681 5366 com-

422 5387 678 5458 plebitur,
709 5387 799 5441 ubi
833 5389 1073 5458 gentium
1122 5391 1403 5460 plenitudo
1433 5393 1680 5462 ingressa
1709 5394 1843 5448 illud
1874 5393 2061 5460 fuerit,
2095 5396 2239 5464 quod
2267 5413 2296 5450 a
2331 5407 2525 5455 sancto
2547 5400 2810 5472 Apostolo
2842 5401 3051 5460 dictum
3085 5410 3171 5458 est
3197 5405 3263 5458 θ’.

493 5646 514 5679 τ
551 5645 695 5703 Psal.
739 5665 861 5704 tui
887 5689 900 5715 ,
937 5649 989 5706 8.
1065 5653 1086 5684 ⁸
1124 5651 1254 5707 ibid.
1295 5651 1344 5708 'l.
1420 5653 1440 5684 ’
1482 5654 1588 5710 Isa.
1623 5671 1681 5718 ii,
1734 5655 1785 5711 ι.
1860 5655 1904 5687 "
1942 5653 1976 5708 Ε

2093 5695 2106 5710 .
2140 5657 2352 5726 ιι,25.
