3836 6220
137 239 243 294 713

146 343 292 404 ’.4πό
350 343 458 401 τοῦ

139 440 146 453 ι
574 414 755 469 Δαϐὶδ
771 453 788 478 ,
815 414 1292 486 ἐπιφωνήματος.

213 550 233 584 ι
270 529 432 585 Λίθον
472 529 532 583 δν
572 529 982 600 ἀπεδοκίμασαν
1015 531 1064 584 οἱ
1096 528 1503 601 οἰκοδομοῦντες
1531 570 1547 596 ,
1580 522 1734 595 οὗτος

133 622 369 694 ἐγενήθη
410 624 489 685 εἰς
532 621 775 692 κεφαλὴν
817 622 1041 690 γωνίας.
1081 620 1244 694 Παρὰ
1273 621 1487 697 Κυρίου
1518 622 1735 691 ἐγένετο

132 715 277 785 αῦτη
297 754 312 777 ,
336 714 431 768 καὶ
458 713 574 767 ἐστι
606 714 893 783 θαυμαστὴ
926 716 983 768 ἐν
1014 712 1315 785 ὀφθαλμοῖς
1348 713 1527 786 ἡμῶν.
1582 713 1733 785 Αὕτη

132 810 169 879 ἡ
194 806 380 878 ἡμέρα
416 809 483 879 ἢν
513 807 770 883 ἐποίησεν
798 808 828 859 6
860 806 1103 879 Κύριος,
1139 805 1599 878 ἀγαλλιασώμεθα
1640 807 1735 860 καὶ

132 897 537 971 εὐφρανθῶμεν
592 899 650 952 ἐν
708 899 872 970 αὐτῇ.
920 894 992 952 Ὦ
1042 898 1255 971 Κύριε,
1317 899 1490 954 σῶσον
1544 899 1648 971 δὴ,
1688 893 1734 952 ὦ

133 990 350 1061 Κύριε,
394 990 656 1043 εὑόδωσον
698 989 783 1060 δή.
828 990 1210 1062 Εὐλογημένος
1260 993 1290 1045 6
1335 991 1630 1063 ἐρχόμενος
1675 990 1734 1044 ἐν

133 1083 365 1154 ὀνόματι
406 1083 632 1155 Κυρίου.
671 1083 805 1148 Θεὸς
841 1083 1047 1156 Κύριος
1088 1082 1183 1137 καὶ
1219 1083 1491 1153 ἐπέφανεν
1515 1084 1670 1155 ἡμῖν.
1708 1102 1728 1135 ι

135 1176 247 1241 Ἱῖοῦ
278 1176 530 1247 Σωτῆρος
567 1176 725 1248 ἡμῶν
768 1176 946 1247 Ἰησοῦ
975 1177 1212 1249 Χριστοῦ
1245 1177 1576 1241 εἰσελθόντος
1604 1176 1733 1230 ποτέ

136 1272 223 1335 εἰς
271 1272 342 1326 τὰ
405 1273 770 1345 Ἱεροσόλυμα,
805 1274 896 1328 ὅτε
933 1275 1077 1330 κατὰ
1099 1274 1197 1346 τὴν
1230 1275 1338 1346 πρὸ
1367 1276 1576 1347 ταύτης
1601 1294 1735 1348 προ-

138 1364 375 1432 φητείαν
411 1366 701 1438 ὀχούμενος
739 1368 845 1439 ὄνῳ
881 1368 981 1438 τὴν
1012 1370 1069 1421 ἐν
1104 1367 1183 1439 τῷ
1212 1369 1460 1441 Ζαχαρία
1487 1369 1733 1442 πρόρρη-

139 1471 230 1509 σιν
274 1458 535 1530 ἐπλήρου,
571 1459 713 1513 κατὰ
739 1460 833 1513 τὸν
873 1458 1016 1514 θεῖον
1053 1460 1476 1532 εὐαγγελιστὴν,
1510 1463 1560 1514 οἱ
1587 1462 1732 1532 ὀχλοι

138 1551 482 1620 προάγοντες
509 1552 671 1605 αὐτὸν
697 1553 790 1606 καὶ
812 1551 1235 1617 ἀκολουθοῦντες
1264 1554 1618 1625 ἐπευφήμουν
1648 1553 1735 1606 λέ-

138 1660 334 1714 γοντες
361 1661 373 1674 ·
417 1662 436 1694 ι
487 1643 577 1707 Ὠς
622 1644 757 1697 ἀννὰ
788 1643 866 1714 τῷ
904 1642 1006 1714 υίῷ
1045 1644 1230 1697 Δαϐίδ.
1280 1645 1657 1716 Εὐλογημένος
1704 1648 1733 1700 ὀ

137 1733 440 1814 ἐρχόμενος
470 1734 529 1785 ἐν
555 1732 781 1809 ὀνόματι
812 1733 1041 1803 Κυρίου,
1083 1733 1159 1795 ὡς
1201 1733 1339 1786 ἀννὰ
1375 1734 1434 1785 ἐν
1465 1734 1579 1795 τοῖς
1604 1732 1730 1801 ὀψί-

140 1842 314 1889 στοις.
354 1826 481 1879 Ὅτε
510 1825 604 1878 καί
627 1824 960 1889 εἰσελθόντος
985 1825 1152 1879 αὐτοῦ
1180 1829 1261 1890 είς
1282 1825 1351 1880 τὰ
1387 1826 1731 1897 Ἰεροσόλυμα

136 1915 367 1985 ἐσείσθη
398 1916 545 1970 πᾶσα
569 1917 602 1987 ὴ
632 1915 786 1979 πόλις
813 1915 1080 1985 λεγόντων
1101 1934 1114 1946 ’
1144 1916 1241 1979 Τίς
1266 1917 1415 1970 ἐστιν
1449 1908 1636 1978 07310;;
1668 1919 1730 1970 Oi

135 2005 199 2061 δὲ
239 2006 385 2079 ὄχλοι
423 2005 608 2074 ελεγον
631 2022 646 2035 ·
682 2000 849 2068 Οὗτός
877 2007 1024 2058 ἐστιν
1049 2007 1079 2058 ὀ
1107 2009 1391 2077 προφήτης
1437 2003 1669 2074 Ἰησοῦς,
1703 2006 1732 2057 ὀ

135 2097 254 2151 ἀπὸ
280 2094 534 2169 Ναζαρὲθ
579 2095 678 2166 τῆς
719 2094 1030 2160 Γαλιλαίας.
1065 2116 1084 2148 ι
1145 2097 1300 2150 Ἐπεὶ
1330 2097 1512 2150 τοίνυν
1544 2099 1610 2150 ἐκ
1637 2094 1731 2149 τοῦ

136 2188 508 2261 προκειμένου
559 2186 776 2258 ψαλμοῦ
813 2189 1025 2260 εἴρηται
1049 2229 1064 2252 ,
1110 2189 1171 2241 τὸ
1197 2230 1211 2252 ,
1259 2189 1345 2252 Ὡς
1392 2190 1547 2253 ἁννὰ,
1594 2190 1734 2259 ὅπερ

135 2280 481 2351 ἐρμηνευθὲν
498 2279 674 2351 δηλοῖ,
710 2278 891 2333 Σῶσον
918 2279 1012 2351 δὴ,
1033 2280 1096 2333 τὸ
1118 2280 1176 2332 δὲ
1218 2280 1524 2352 Ἐδραῖκὸν,
1576 2281 1733 2335 Ἀννὰ

148 2368 387 2424 ’Δδωναῒ
409 2370 485 2431 ὡς
514 2369 672 2432 ἀννὰ,
702 2369 968 2441 περιέχει.
1012 2368 1171 2422 Ἀλλὰ
1196 2369 1406 2436 καὶτὸ,
1444 2389 1463 2421 ι
1494 2370 1734 2442 Εὐλογη-

77 2454 81 2456 ⁷
139 2461 310 2531 μένος
347 2449 379 2515 6
407 2461 700 2533 ἐρχόμενος
746 2462 803 2514 ἐν
837 2462 1061 2532 ὀνόματι
1110 2461 1353 2533 Κυρίου,
1382 2483 1401 2514 ›
1436 2462 1734 2534 ἐπειδήπερ

135 2555 243 2608 καὶ
270 2553 407 2608 αὐτὸ
430 2553 541 2608 ἀπὸ
573 2552 668 2606 τοῦ
693 2552 860 2607 αὐτοῦ
885 2552 1103 2624 ψαλμοῦ
1134 2553 1491 2626 μετείληπται
1515 2597 1529 2620 ,
1559 2554 1733 2611 ταῦτα

133 2647 203 2701 δὲ
247 2645 441 2715 σαφῶς
478 2646 572 2699 ἐπὶ
614 2645 710 2699 τὸν
758 2645 994 2717 Χριστὸν
1037 2644 1134 2699 τοῦ
1177 2644 1313 2699 Θεοῦ
1355 2647 1733 2718 ἀνενήνεκταιο

138 2722 377 2800 εἰκότως
423 2737 504 2801 εἰς
556 2736 718 2790 αὐτὸν
774 2736 869 2789 καὶ
910 2736 981 2791 τὰ
1025 2736 1189 2791 λοιπὰ
1231 2737 1330 2808 τῆς
1375 2740 1733 2810 προρρήσεως

134 2808 536 2900 ἐξειληφαμεν.
565 2822 733 2892 Οὗτος
753 2827 861 2902 γὰρ
894 2827 970 2884 ὢν
1003 2828 1261 2901 τυγχάνει
1292 2808 1673 2901 εὐλογημένος,
1704 2833 1733 2885 6

136 2920 246 2975 καὶ
289 2918 358 2972 δι’
386 2918 576 2991 ἐτέρου
601 2920 882 2992 προφήτου
913 2919 1305 2991 ὠνομασμένος
1342 2922 1371 2974 6
1417 2922 1730 2993 ἐρχόμενος,

136 3010 244 3064 τοῦ
272 3011 572 3082 φήσαντος·
620 3031 640 3064 ι
673 3012 795 3064 Ἐτι
837 3013 1061 3083 μικρὸν,
1092 3013 1187 3066 καὶ¹
1209 3015 1238 3066 6
1267 3012 1558 3085 ἐρχόμενος
1590 3015 1730 3086 ἥξει,

140 3104 244 3159 καὶ
278 3105 342 3159 οὐ
378 3104 453 3176 μὴ
496 3105 755 3176 χρονίσῃ,
810 3125 831 3157 9
872 3105 931 3169 ὃς
974 3106 1069 3159 καὶ
1114 3103 1371 3177 ἐλήλυθεν
1405 3107 1465 3160 ἐν
1512 3108 1738 3179 ὀνόματι

139 3196 359 3269 Κυρίου
388 3195 481 3250 τοῦ
508 3196 666 3261 Θεοῦ,
699 3198 795 3251 καὶ
826 3196 1040 3270 Πατρὸς
1064 3197 1282 3252 ἑαυτοῦ.
1304 3199 1478 3262 Αὐτὸς
1497 3201 1542 3253 δ’
1564 3200 1630 3254 ἂν
1656 3201 1739 3272 εἴη

139 3288 246 3343 καὶ
287 3306 309 3338 ι
347 3287 479 3352 Θεὸς
504 3287 709 3359 Κύριος
742 3290 771 3342 ὀ
814 3289 1097 3358 ἐπιφανεὶς
1127 3291 1280 3360 ἡμῖν.
1322 3308 1341 3341 ι
1387 3290 1474 3344 Ἐν
1514 3291 1740 3362 ὀνόματι

138 3380 283 3450 γοῦν
321 3379 416 3434 τοῦ
455 3380 667 3451 Πατρὸς
710 3381 873 3434 αὐτοῦ
910 3382 1162 3452 ὁμολογεί
1204 3383 1522 3454 ἐληλυθέναι
1565 3386 1739 3454 λέγων

139 3474 290 3545 πρὸς
340 3476 469 3537 τοὺς
516 3474 801 3537 Ἰουδαίους
827 3491 843 3506 ο
886 3493 906 3527 ι
951 3474 1092 3544 Ἐγὼ
1129 3476 1365 3549 ἐλήλυθα
1405 3480 1464 3531 ἐν
1507 3478 1584 3549 τῷ
1631 3480 1741 3532 ὀνό-

141 3582 286 3636 ματι
330 3562 425 3617 τοῦ
475 3564 685 3634 Πατρός
723 3582 824 3634 μου
848 3605 863 3630 ,
897 3567 992 3619 καί
1017 3567 1077 3619 οὐ
1096 3566 1407 3637 λαμϐάνετέ
1436 3585 1501 3636 με
1524 3585 1538 3597 ·
1580 3567 1740 3633 ἄλλος

137 3657 244 3710 ἐὰν
269 3655 400 3728 ἔλθῃ
440 3659 498 3710 ἐν
521 3655 600 3726 τῷ
623 3656 846 3726 ὀνόματι
878 3656 957 3727 τῷ
999 3658 1144 3729 ἰδίῳ,
1172 3660 1379 3713 ἐκεῖνον
1415 3658 1670 3729 λήψεσθε.
1714 3678 1732 3711 ι

136 3749 325 3812 Αὐτὸς
348 3750 413 3820 δὴ
435 3746 530 3803 οὖν
563 3751 591 3802 6
616 3749 903 3818 ἐπιφανεὶς
932 3752 1064 3822 ἡμῖν
1090 3749 1223 3813 Θεὸς
1254 3750 1459 3821 Κύριος
1477 3790 1492 3814 ,
1524 3740 1553 3804 6
1582 3750 1733 3804 εόλο·

106 3824 416 3913 ’γημένος,
443 3843 473 3895 6
498 3841 670 3895 ἐλθὼν
696 3844 754 3897 ἐν
776 3842 1001 3912 ὀνόματι
1022 3843 1254 3914 Κυρίου,
1283 3844 1447 3908 αὐτὸς
1470 3840 1539 3915 ἦν
1576 3844 1670 3898 καί
1710 3846 1739 3896 6

90 5942 129 5965 *ι

137 3934 297 3998 λίθος
324 3974 339 3999 ,
375 3933 433 3987 ὃν
476 3934 887 4005 ἀπεδοκίμασαν
926 3936 974 3987 οἰ
1014 3934 1183 3988 πάλαι
1222 3935 1485 4007 πρότερον
1532 3936 1625 3990 τὸν
1673 3937 1739 3989 ἐκ

140 4025 458 4098 περιτομῆς
483 4025 610 4080 λαὸν
631 4026 720 4080 διὰ
742 4025 842 4096 τῆς
865 4027 1168 4096 Μωσαῖκῆς
1198 4026 1556 4091 διδασκαλίας
1585 4030 1735 4082 οἰκο-

138 4118 466 4191 δομοῦντες,
500 4118 559 4182 ὃς
588 4119 681 4172 καί
704 4117 1159 4189 ἀποδοκιμασθεὶς
1186 4119 1277 4171 ὑπ’
1301 4119 1512 4185 αὐτῶν,
1536 4122 1617 4184 εἰς
1648 4138 1740 4174 κε-

141 4210 329 4283 φαλὴν
359 4210 552 4282 ἐτέρας
577 4211 779 4278 γωνίας
803 4209 903 4279 τῆς
927 4209 986 4273 ἐξ
1011 4208 1177 4263 ἐθνῶν
1220 4209 1545 4282 Ἐκκλησίας
1607 4229 1739 4265 κατ-

139 4306 308 4378 έστη,
334 4306 401 4377 ἢν
433 4304 508 4368 ὡς
537 4304 612 4375 μὴ
649 4306 766 4369 τοῖς
800 4305 965 4357 πᾶσιν
990 4303 1298 4374 ὁρωμένην,
1332 4305 1513 4375 μόνοις
1544 4304 1601 4359 δὲ
1623 4310 1738 4371 τοῖς

141 4398 512 4472 προφητικοῖς
568 4394 900 4466 ὀφθαλμοῖς,
949 4394 1267 4466 θαυμαστὴν
1308 4391 1449 4451 εἷναί
1498 4413 1661 4469 φησιν
1706 4400 1735 4452 ὀ

140 4486 310 4557 λόγος
336 4487 560 4557 φάσκων
590 4503 603 4516 ·
657 4506 674 4536 ι
707 4487 818 4540 Καὶ
854 4486 968 4539 ἔστι
1016 4486 1304 4558 θαυμαστὴ
1343 4488 1402 4540 ἐν
1435 4488 1731 4559 ὀφθαλμοῖς

140 4581 332 4654 ἡμῶν.
378 4601 398 4632 ι
431 4580 540 4651 Τὴν
563 4579 621 4633 δὲ
659 4578 980 4647 ἐπιφάνειαν
1004 4579 1165 4632 αὐτοῦ
1199 4580 1360 4634 πάλιν
1384 4579 1596 4652 ἡμέραν
1616 4580 1735 4633 ὀνο-

147 4672 340 4746 μάζει,
373 4673 438 4742 ἣν
462 4671 718 4742 ἐποίησεν
747 4673 776 4725 ὀ
800 4670 1024 4742 Κύριος,
1053 4671 1177 4724 ἐπεὶ
1209 4672 1303 4725 καὶ
1333 4671 1448 4741 φῶς
1473 4667 1543 4742 ἦν
1573 4671 1732 4736 αὐτὸς

143 4765 209 4821 τὸ
238 4763 514 4854 ἀληθινὸν,
552 4762 650 4816 καὶ
694 4761 843 4832 ἥλιος
884 4760 1229 4833 δικαιοσύνης
1253 4803 1268 4827 ,
1308 4761 1403 4815 καὶ
1424 4761 1608 4834 ἡμέρα
1638 4759 1730 4814 τοῦ

144 4857 289 4912 Θεοῦ
310 4848 335 4919 ,⁷
354 4858 412 4908 ἐν
498 4855 707 4924 γένοιτο
737 4854 831 4908 καὶ
855 4855 1003 4926 ἡμᾶς
1032 4856 1205 4908 εἰπεῖν
1236 4872 1249 4885 ·
1285 4873 1305 4907 ι
1322 4852 1469 4925 Αῦτη
1494 4856 1527 4924 ἠ
1546 4853 1733 4925 ἡμέρα

144 4951 217 5023 ῆν
242 4949 499 5019 ἐποίησεν
532 4950 562 5001 6
597 4946 800 5018 Κύριος
821 4986 835 5010 ,
872 4945 1329 5016 ἀγαλλιασώμεθα
1368 4947 1464 4999 καὶ
1494 4946 1731 5016 εὐφραν-

147 5042 340 5113 θῶμεν
356 5042 415 5093 ἐν
430 5041 590 5111 αὐτῇ.
602 5058 622 5091 ι
647 5039 757 5092 Καὶ
774 5037 978 5093 τούτων
993 5038 1053 5092 δὲ
1072 5036 1260 5092 τοῦτον
1282 5054 1548 5109 συντετμη
1558 5037 1731 5108 μένων

145 5132 240 5188 τὸν
283 5132 520 5202 τρόπον,
561 5129 752 5201 καιρὸς
798 5130 894 5183 καὶ
942 5131 1035 5184 ἐπὶ
1073 5129 1172 5195 τὰς
1210 5131 1340 5202 περί
1381 5129 1476 5184 τοῦ
1525 5130 1733 5193 πάθους

147 5224 319 5282 αὑτοῦ
353 5222 655 5295 μεταϐῆναι
680 5222 1035 5293 προφητείας.

1043 231 1702 291 DEMONSTRATIONIS
1724 231 2200 294 'EVANGELiCxE
2233 235 2363 291 LIB.
2403 236 2494 294 IX.

492 342 889 418 ψαλμεῦφιξ-
916 374 985 384 -
1011 345 1152 418 Περὶ
1195 345 1294 410 Ὠς
1326 343 1485 399 ἀννὰ
1512 342 1596 410 τῷ
1620 343 1730 410 vici:
1757 348 1801 411 Α

1839 343 2003 417 459
2041 346 2085 400 Α
2144 348 2350 417 psalmo
2390 363 2558 406 cxvn.
2583 378 2655 389 --
2699 348 2777 405 De
2815 351 3219 418 acclamatione,
3265 353 3413 412 llos-

1763 3067 1809 3129 C

1766 4409 1810 4464 D

3310 242 3416 299 7M

2367 435 2509 473 arma
2545 420 2659 490 ﬁlio
2691 419 2886 477 David.

1911 548 1931 581 ι
1965 528 2226 613 Lapidem
2255 548 2418 603 quem
2449 534 2886 604 reprobaverunt
2913 534 3247 593 aediﬁcantes
3267 577 3283 602 ,
3330 539 3420 596 hic

1835 622 2015 679 factus
2028 630 2111 679 est
2128 623 2183 678 in
2201 631 2363 695 caput
2384 626 2587 696 anguli.
2607 626 2650 679 A
2668 625 2901 682 Domino
2922 627 3126 684 factum
3145 637 3231 685 est
3248 632 3416 696 istud,

1834 722 1891 770 et
1916 722 2001 770 est
2032 713 2285 769 mirabile
2331 716 2384 769 in
2415 715 2591 773 oculis
2625 718 2850 774 nostris.
2904 717 3032 775 Haec
3084 722 3202 776 dies
3252 739 3418 792 quam

1836 804 1966 861 fecit
1995 804 2282 870 Dominus,
2314 808 2652 864 exsultemus
2677 817 2733 863 et
2767 809 3013 865 laetemur
3044 810 3100 866 in
3121 827 3202 866 ea.
3237 809 3283 866 0
3314 811 3423 867 Do-

1835 898 1983 953 mine
2017 938 2032 960 ,
2089 900 2302 954 salvum
2336 900 2422 955 fac
2461 900 2576 970 jam
2612 916 2795 970 nunc;
2831 917 2864 957 ο
2901 902 3163 968 Domine,
3195 905 3262 958 da
3295 920 3419 974 pro-

1834 986 2037 1044 fectum
2066 990 2181 1061 jam
2226 1007 2393 1048 nunc.
2425 991 2753 1049 Benedictus
2794 995 2889 1065 qui
2919 998 3067 1050 venit
3094 996 3150 1050 in
3196 997 3419 1050 nomine

1834 1081 2052 1137 Domini
2084 1102 2097 1138 :
2134 1081 2556 1156 [Benediximus
2599 1086 2754 1142 vobis
2787 1087 2857 1142 de
2907 1086 3072 1143 domo
3101 1086 3317 1142 Domini
3355 1084 3415 1160 :]

1835 1171 1982 1230 Deus
2013 1173 2361 1239 Dominus,et
2407 1176 2587 1229 illuxit
2630 1175 2790 1232 nobis
2842 1176 2903 1231 ".
2948 1197 2967 1230 ι
3007 1177 3290 1233 Salvatore
3318 1192 3419 1232 no~

1835 1275 1952 1322 stro
1987 1265 2115 1324 Jesu
2137 1267 2359 1324 Christo
2390 1268 2641 1339 ingresso
2668 1269 2942 1339 quondam
2975 1270 3032 1325 in
3058 1271 3250 1325 urbem
3278 1269 3409 1326 Hie-

1834 1358 2130 1430 rosolyma,
2158 1374 2269 1428 quo
2298 1366 2564 1429 tempore,
2596 1359 2738 1413 sicut
2767 1360 3074 1430 prophetia,
3099 1376 3263 1431 quam
3294 1376 3420 1432 pro-

1834 1452 1980 1506 xime
2007 1462 2134 1506 ante
2167 1453 2308 1505 hanc
2345 1451 2732 1522 exposuimus.
2766 1454 3040 1519 continet,
3090 1453 3219 1508 dum
3248 1455 3417 1510 asello

1835 1541 2081 1598 insidens
2112 1542 2359 1607 vehitur,
2396 1543 2554 1598 ﬁdem
2588 1544 2716 1599 huic
2759 1544 2840 1598 rei
2895 1543 3130 1598 faciente
3184 1560 3418 1616 evange-

1835 1632 1958 1687 lista
1981 1672 1998 1694 ,
2056 1634 2376 1688 vaticinium
2425 1635 2570 1704 quod
2605 1644 2690 1690 est
2726 1635 2867 1705 apud
2920 1634 3240 1690 Zachariam
3272 1651 3419 1692 com-

1838 1724 2025 1794 plevit,
2056 1725 2233 1780 turbas
2266 1741 2388 1795 quae
2425 1726 2688 1796 pi'seibant
2729 1735 2786 1782 et
2843 1743 2965 1797 quae
3013 1728 3416 1796 sequebantur,

1840 1815 2216 1871 acclamabant
2253 1817 2679 1873 benedicentes:
2717 1837 2736 1868 ‹
2770 1816 3024 1872 Hosanna
3071 1817 3181 1872 (ilio
3220 1817 3413 1875 David.

1839 1906 2164 1964 Benedictus
2195 1909 2289 1979 qui
2319 1911 2470 1963 venit
2520 1910 2575 1963 in
2623 1910 2844 1964 nomine
2891 1908 3125 1976 Domini,
3169 1909 3416 1965 hosanna

1839 2001 1895 2055 in
1939 2001 2244 2057 altissimis.
2295 1999 2416 2068 Quo
2464 2000 2628 2056 etiam
2685 2006 2930 2070 tempore
2974 2014 3101 2055 cum
3154 2000 3417 2056 intrasset

1842 2089 2297 2161 Hierosolymam,
2326 2099 2599 2145 commota
2649 2098 2734 2146 est
2790 2093 3047 2146 universa
3087 2092 3301 2158 civitas,
3330 2091 3418 2147 di-

1839 2197 1970 2237 cens
2001 2201 2015 2236 :
2058 2181 2193 2248 Quis
2219 2189 2305 2237 est
2334 2182 2459 2238 hic?
2496 2182 2692 2239 Turbae
2740 2191 2918 2236 autem
2962 2183 3217 2239 dicebant
3251 2202 3265 2239 :
3316 2182 3419 2240 Hic

1838 2281 1922 2329 est
1951 2276 2214 2345 propheta
2261 2274 2423 2331 Jesus
2454 2292 2483 2331 a
2525 2275 2794 2332 Nazareth
2830 2275 3064 2333 Galilaeaa
3094 2278 3157 2332 υ.
3199 2297 3219 2330 ι
3268 2277 3418 2345 Quo-

1839 2368 1984 2422 niam
2024 2368 2192 2437 igitur
2222 2382 2289 2422 ex
2336 2369 2586 2438 proximo
2617 2370 2829 2441 psalmo
2856 2370 3062 2425 dictum
3096 2379 3182 2426 est
3242 2370 3373 2426 illud
3397 2411 3414 2436 ,

1839 2461 2110 2524 hosanna,
2143 2460 2291 2531 quod
2330 2461 2375 2517 si
2410 2462 2808 2532 interpreteris,
2852 2463 3145 2534 signiﬁcat,
3205 2466 3417 2520 salvum

1840 2552 1926 2608 fac
1954 2551 2067 2621 jam
2115 2566 2295 2616 nunc,
2329 2562 2385 2607 et
2416 2550 2718 2609 Heb‘raicus
2743 2562 3057 2621 contextus,
3092 2555 3248 2610 Anna
3272 2556 3417 2613 Ado-

1838 2647 1928 2698 nai
1960 2644 2229 2710 bosanna,
2278 2645 2474 2709 habet,
2537 2660 2748 2701 necnon
2807 2645 2986 2700 illud:
3036 2665 3057 2698 ‹
3090 2644 3417 2705 Benedictus

1838 2740 1932 2810 qui
1956 2739 2103 2795 venit
2135 2739 2190 2792 in
2238 2739 2458 2793 nomine
2486 2737 2739 2804 Domini,
2790 2758 2808 2790 ι
2869 2740 3047 2808 ipsum
3087 2755 3306 2810 quoque
3347 2741 3417 2794 ab

1838 2831 2029 2886 eodem
2067 2831 2277 2901 psalmo
2304 2839 2390 2886 est
2422 2840 2728 2900 acceptum,
2764 2839 2819 2886 et
2856 2831 2970 2885 lucc
3003 2832 3120 2903 ipsa
3156 2832 3316 2902 plane
3348 2833 3416 2887 ad

1838 2924 2119 2980 Christum
2179 2923 2348 2979 Deum
2404 2922 2595 2979 referri
2631 2930 2884 2978 constat:
2921 2924 3117 2978 merito
3159 2923 3226 2979 ad
3271 2940 3417 2980 eum-

1838 3015 1962 3070 dem
1992 3016 2202 3087 reliqua
2235 3030 2453 3087 quoque
2490 3014 2735 3084 ejusdem
2782 3015 3025 3070 vaticinii
3071 3015 3173 3070 hoc
3203 3017 3258 3070 in
3296 3017 3417 3072 loco

1843 3107 2151 3165 retulimus.
2182 3106 2282 3163 Hic
2308 3109 2454 3163 enim
2491 3115 2574 3163 est
2626 3108 2717 3163 ille
2775 3107 3132 3170 benedictus.
3197 3109 3292 3180 qui
3348 3111 3418 3165 ab

1842 3197 1949 3252 alio
1978 3198 2240 3267 propheta
2261 3197 2489 3252 veniens
2515 3203 2600 3252 est
2646 3196 2962 3251 nominatus
2985 3236 3003 3261 ,
3050 3197 3143 3253 ubi
3178 3197 3260 3253 sic
3295 3198 3371 3252 ait
3400 3216 3414 3252 :

1847 3307 1867 3340 ι
1907 3287 2101 3343 Adhuc
2155 3289 2428 3343 modicum
2454 3327 2471 3352 ,
2515 3295 2570 3342 et
2611 3288 2834 3344 veniens
2867 3288 3049 3343 veniet
3079 3298 3132 3344 et
3158 3304 3269 3344 non
3304 3298 3418 3344 tar-

1841 3382 1993 3437 dabit
2017 3383 2082 3446 ",
2118 3400 2137 3434 ι
2174 3381 2269 3451 qui
2302 3382 2429 3436 item
2462 3381 2609 3436 venit
2660 3381 2714 3434 in
2760 3382 2980 3437 nomine
3017 3380 3111 3437 Dei
3153 3390 3208 3438 et
3235 3381 3417 3440 Patris

1843 3475 1949 3530 sui.
1986 3474 2132 3530 Idem
2168 3488 2297 3529 vero
2352 3471 2517 3528 fuerit
2559 3472 2723 3527 etiam
2759 3491 2779 3523 ι
2838 3472 2984 3529 Deus
3022 3474 3287 3531 Dominus
3320 3477 3415 3549 qui

1840 3567 2020 3622 illuxit
2052 3567 2230 3623 nobis.
2270 3584 2290 3617 ι
2330 3564 2518 3635 Itaque
2560 3565 2616 3620 in
2671 3566 2892 3620 nomine
2917 3565 3096 3622 Patris
3125 3568 3209 3622 sui
3240 3566 3417 3623 conii-

1841 3665 1987 3714 tetur
2014 3674 2074 3714 se
2104 3658 2323 3713 venisse
2360 3658 2428 3713 ad
2452 3655 2692 3721 Judmos,
2724 3657 2914 3713 dicens
2946 3676 2960 3711 :
3000 3675 3021 3709 ι
3058 3656 3170 3729 Ego
3201 3660 3324 3715 veni
3357 3661 3415 3715 in

1839 3750 2060 3805 nomine
2096 3748 2276 3805 Patris
2298 3750 2426 3812 mei,
2455 3758 2509 3804 et
2541 3764 2651 3804 non
2671 3749 2920 3818 accipitis
2944 3763 3047 3803 me.
3099 3749 3256 3805 Alius
3285 3766 3413 3805 cum

1838 3843 2049 3898 venerit
2078 3842 2133 3896 in
2169 3842 2392 3896 nomine
2433 3842 2655 3912 proprio
2681 3881 2696 3906 ,
2754 3841 2907 3896 illum
2961 3841 3244 3911 accipietis
3282 3844 3346 3895 ¹³.
3390 3864 3408 3895 ι

1839 3934 1942 3991 Hic
1972 3935 2091 4007 ipse
2112 3936 2300 4006 igitur,
2328 3937 2422 4005 qui
2456 3935 2635 3990 illuxit
2663 3935 2822 3992 nobis
2849 3934 2992 3991 Deus
3018 3934 3284 3996 Dominus
3319 3939 3418 3996 bo-

1837 4027 2111 4093 nedictus,
2141 4028 2234 4098 qui
2274 4028 2423 4083 venit
2471 4027 2528 4082 in
2566 4027 2787 4083 nomine
2832 4026 3088 4093 Domini,
3141 4029 3280 4099 lapis
3324 4030 3417 4086 ille

1837 4118 1963 4185 fuit,
1990 4134 2151 4189 quem
2180 4119 2629 4189 reprobaverunt,
2652 4118 2743 4188 qui
2767 4118 3038 4188 quondam
3062 4125 3224 4175 antea
3248 4135 3417 4191 popu-

1837 4210 1950 4265 lum
1984 4210 2409 4265 circumcisione
2434 4210 2741 4281 signatum,
2788 4208 2955 4282 460
2986 4225 3082 4280 per
3119 4209 3416 4268 Mosaicam

1838 4303 2143 4359 doctrinam
2169 4302 2513 4358 aediﬁcabant
2543 4323 2557 4358 :
2586 4303 2679 4373 qui
2704 4303 2829 4357 item
2864 4303 2933 4357 ab
2957 4303 3067 4358 illis
3089 4306 3415 4375 reprobatus

1839 4393 1895 4447 in
1924 4392 2102 4461 capite
2132 4392 2359 4449 alterius
2388 4394 2596 4463 anguli,
2629 4392 2871 4447 collectae
2908 4393 3097 4463 utique
3138 4394 3206 4449 de
3232 4397 3413 4466 genti-

1836 4486 1941 4541 bus
1966 4484 2243 4553 Ecclesiae,
2270 4494 2351 4542 est
2374 4486 2728 4552 constitutus,
2750 4501 2913 4557 quam
2934 4502 3065 4541 sane
3077 4485 3408 4554 Ecclesiam,

1837 4590 1948 4631 non
1982 4582 2038 4631 ut
2058 4591 2177 4631 eam
2206 4592 2326 4646 quae
2352 4576 2420 4631 ab
2449 4578 2704 4632 omnibus
2726 4616 2742 4640 ,
2794 4577 2888 4632 sed
2917 4584 2979 4632 ut
3031 4593 3151 4633 eam
3182 4595 3303 4649 quae
3345 4580 3415 4635 ab

1838 4669 1965 4725 unis
2004 4668 2336 4739 propheticis
2357 4670 2532 4725 oculis
2554 4678 2832 4734 cernatur,
2856 4668 3229 4726 admirabilem
3265 4688 3412 4737 esse,

1839 4760 1915 4815 ait
1947 4759 2360 4825 oraculum,ubi
2387 4761 2467 4816 sic
2489 4761 2565 4814 ait
2593 4778 2608 4815 :
2649 4780 2668 4812 ι
2696 4760 2761 4814 Et
2781 4769 2864 4816 est
2886 4762 3201 4817 mirabilein
3238 4764 3415 4819 oculis

1837 4853 2062 4909 nostris.
2087 4871 2106 4904 ι
2142 4852 2446 4908 Adventum
2477 4868 2606 4908 vero
2634 4852 2754 4923 ejus
2775 4891 2790 4916 ,
2822 4868 3015 4909 rursus
3059 4852 3204 4909 diem
3236 4855 3414 4910 nomi-

1836 4952 1973 5009 nat,
2037 4960 2200 5015 quam
2254 4944 2383 5000 fecit
2441 4944 2744 5011 Dominus,
2802 4944 3242 5016 quandoquidem
3295 4946 3414 5017 ipse

1838 5038 1999 5093 etiam
2029 5037 2124 5091 lux
2150 5036 2251 5091 fuit
2282 5051 2430 5102 vera,
2461 5044 2515 5091 et
2543 5037 2625 5092 sol
2664 5036 2916 5107 iustitiae,
2959 5047 3015 5092 et
3039 5038 3157 5093 dies
3190 5036 3325 5103 Dei,
3357 5038 3412 5092 in

1837 5145 1944 5200 qua
1974 5129 2182 5184 utinam
2212 5129 2368 5184 nobis
2389 5144 2607 5199 quoque
2630 5128 2814 5183 dicere
2844 5129 3007 5184 liceat
3032 5148 3046 5184 :
3086 5147 3105 5180 ι
3139 5127 3265 5184 Haec
3295 5127 3413 5183 dies

1838 5235 2001 5291 quam
2058 5219 2186 5276 fecit
2232 5216 2498 5276 Dominus
2533 5259 2552 5287 ,
2597 5220 2935 5276 exsultemus
2980 5228 3035 5277 et
3077 5221 3325 5276 laetemur
3354 5221 3411 5277 in

148 5339 236 5380 ea.
274 5342 295 5376 ι
329 5322 600 5378 Caeterum
645 5334 773 5375 cum
815 5319 933 5376 base
970 5336 1001 5374 a
1029 5321 1189 5377 nobis
1224 5322 1279 5377 in
1313 5321 1462 5377 hunc
1506 5320 1732 5375 modum
1767 5319 2006 5375 breviter
2033 5317 2432 5388 comprehensa
2491 5319 2622 5385 sint,
2668 5324 2887 5389 tempus
2932 5317 3047 5388 jam
3090 5317 3255 5374 fuerit
3278 5355 3300 5387 ,
3340 5314 3413 5373 ad

151 5429 248 5472 eas
268 5428 393 5486 qua:
425 5412 495 5468 de
534 5412 789 5482 passione
823 5410 971 5467 illius
1028 5413 1347 5485 loquuntur,
1379 5413 1721 5485 prophetias,
1761 5411 2020 5468 transire.

224 5597 272 5630 ¹⁶
314 5594 464 5649 Psal.
502 5609 644 5650 cxvn
668 5639 682 5661 ,
716 5595 914 5650 Ωιι-26.

440 5800 706 5860 Parnm.
742 5797 857 5864 GR.
906 5793 1084 5861 XXII
1099 5838 1113 5853 .

328 5929 369 5962 ο

260 6036 431 6082 .“ο

992 5594 1032 5624 ¹¹
1072 5592 1267 5648 Matth.
1300 5606 1421 5657 XXI,
1453 5589 1608 5647 9-H.
1687 5589 1731 5623 “
1770 5587 1801 5643 Ii

1839 5589 1977 5647 ibac.
2018 5608 2086 5657 ιι,
2123 5591 2157 5647 3
2256 5590 2299 5623 υ
2335 5587 2497 5648 Joan.
2531 5606 2597 5657 v,
2630 5588 2720 5645 45.

2986 5723 3065 5778 “1'5
