3836 6220
420 296 547 353 ’πε

1081 289 1876 349 EUSEBH'CJESARIENSIS
1907 291 2060 349 OPP.
2101 290 2284 347 PARS
2316 290 2382 347 ll.
2424 321 2483 333 —
2531 287 3033 346 AP‘OLOGETICA.

3589 292 3693 348 716

1516 479 2605 797 ἕν’ἕἔῶ

1608 901 1838 989 ΤΟΥ
1920 896 2522 989 ΠΑΜΦΙΛΟΥ

888 1093 2073 1230 ΕΥΑΓΓΕΛΙΚΗΣ
2153 1087 3252 1229 ΑΠΟΔΕΙΞΕΩΣ

1526 1336 1976 1422 ΒΙΒΛΙΟΝ
2043 1330 2600 1421 ΔΕΚΑΤΟΝ.

1180 1694 1941 1853 EUSEBlI
2031 1693 2955 1862 PAMPHILI

729 1986 2236 2121 DEMONSTRATIONIS
2334 1982 3386 2117 EVANGELICfE
3497 1967 3503 1971 ’

1574 2264 1929 2353 LIBER
2004 2261 2566 2352 DECIMUS.

561 2613 603 2682 1
666 2608 856 2682 11439-
884 2608 1195 2682 _1_N_SU_N_T
1244 2606 2009 2682 ηΙνῙἹηΒΕΕζῦἕομέιέἐῖζίρ

2128 2611 2300 2663 TAAE
2346 2611 2673 2664 ΕΝΕΣΤῙΝ
2720 2610 2826 2682 ΕῘΝ
2862 2609 2949 2682 [ο
2974 2608 3270 2682 essent
3284 2610 3707 2682 ,zrrrpaar-

444 2612 603 2736 5%]
666 2612 835 2690 ῌΕίῖ
900 2612 1195 2664 INSUNT
1269 2612 1359 2663 IN
1428 2612 1717 2665 DECIMO
1788 2612 2009 2663 LIBRO

507 2730 515 2735 .
581 2678 1023 2735 νΑΜΕιιεΑῖ
1075 2679 1172 2733 DE
1232 2678 1666 2736 SALVATORE
1720 2678 2012 2735 NOSTRO

522 2749 1267 2807 DEMONSTRATIONIS.

436 2861 522 2915 De
548 2860 695 2915 Iuda
728 2862 1015 2932 proditore,
1044 2872 1094 2915 et
1116 2861 1300 2930 futura
1338 2878 1455 2917 cum
1485 2877 1545 2915 eo
1574 2860 1828 2932 adversus
1858 2858 2017 2932 Chri-

518 2944 658 3056 stmln
688 2930 1103 3013 conspiratione,
1134 2948 1197 2985 ex
1227 2933 1518 2988 subnotatis
1546 2931 1738 2985 divina:
1776 2930 2017 3000 Scriptu-

517 3020 591 3057 ra:
641 3019 768 3056 ocra.

519 3119 569 3172 l.
609 3118 652 3171 Α
685 3117 888 3186 psalmo
919 3132 1007 3170 ιι..

492 3188 569 3242 '2.
606 3185 650 3239 Α
690 3187 894 3255 psalmo
922 3202 1031 3241 LIV.

514 3257 569 3311 5.
609 3258 648 3310 Α
692 3257 895 3324 psalmo
920 3270 1075 3311 cvm.

516 3330 573 3381 4.
613 3327 655 3381 Α
692 3325 978 3380 Zacharia.

516 3398 569 3452 5.
605 3397 649 3450 A
680 3396 939 3459 ,Jeremia.

518 3489 593 3541 De
618 3488 687 3542 iis
736 3504 852 3558 qua:
881 3489 975 3541 sub
1011 3487 1155 3541 illius
1184 3489 1447 3558 passionis
1479 3497 1678 3559 tempus
1717 3504 1943 3543 evenere.

515 3643 570 3696 6.
608 3641 685 3696 Ab
718 3643 899 3697 Amos.

515 3714 571 3769 7.
613 3715 656 3766 Α
688 3711 975 3767 Zacharia.

515 3785 568 3838 8.
611 3781 655 3836 Α
687 3783 891 3852 psalmo
925 3799 1038 3838 χιι.

1026 3893 1446 3953 PROGEMIUM.

518 3989 644 4046 Post
676 3991 922 4061 exposita
953 3990 1173 4046 oracula
1202 3992 1270 4047 de
1323 3992 1470 4046 illius
1527 3990 1622 4044 Dei
1670 3990 1738 4044 ad
1769 3989 2014 4046 homines

446 4095 696 4144 accessu,
756 4081 847 4149 qui
898 4087 1057 4135 antea
1095 4080 1452 4136 nuntiabatur
1501 4090 1789 4143 venturus,
1822 4080 2016 4135 invitat

442 4175 555 4241 jam
591 4188 737 4228 nunc
772 4184 983 4243 tempus
1015 4189 1137 4238 nos,
1192 4181 1252 4228 ut
1290 4173 1359 4229 de
1403 4172 1472 4229 iis
1507 4172 1864 4238 disseramus,
1896 4188 2018 4243 qua:

448 4263 843 4320 consideranda
903 4270 1032 4318 sunt
1083 4263 1138 4316 in
1183 4263 1433 4332 ejusdem
1493 4261 1561 4316 de
1619 4262 1725 4316 vita
1779 4262 2016 4317 humana

449 4353 715 4421 discessu,
750 4354 1140 4423 videamusque
1195 4353 1502 4424 diligenter,
1558 4368 1678 4423 quae
1731 4369 1925 4410 rursus
1953 4368 2017 4409 ea

448 4444 647 4509 forent,
701 4460 820 4515 quae
852 4443 931 4498 illi
974 4444 1043 4498 ab
1096 4443 1253 4498 initio
1307 4455 1361 4499 et
1393 4458 1425 4497 a
1456 4444 1788 4515 propheticis
1840 4459 2019 4515 usque

447 4537 783 4607 temporibus
819 4543 1078 4592 eventura
1107 4533 1268 4606 462
1300 4546 1643 4601 canerentur,
1682 4550 1747 4590 ac
1781 4537 2017 4607 primum

445 4640 513 4682 ea
541 4634 797 4697 putamus
839 4642 961 4682 esse
989 4627 1291 4689 tractanda,
1327 4641 1447 4695 qua:
1477 4625 1544 4679 ad
1566 4627 1689 4680 illos
1722 4627 2013 4696 pertinent,

448 4719 542 4788 qui
566 4717 643 4771 illi
677 4725 905 4772 mortem
930 4731 994 4770 ac
1022 4715 1224 4771 caedem
1247 4717 1542 4771 machinati
1561 4726 1709 4783 sunt,
1739 4732 1860 4787 quae
1887 4732 2019 4773 sane

448 4828 559 4867 non
599 4824 813 4880 parvam
838 4825 1023 4864 rerum
1054 4810 1157 4866 hoc
1186 4811 1307 4864 loco
1331 4811 1734 4880 propositarum
1773 4810 1874 4866 sibi
1901 4810 2021 4865 vin-

446 4903 632 4959 dicant
662 4909 867 4972 partem
903 4920 917 4956 :
951 4902 1044 4957 sed
1073 4908 1361 4973 antequam
1393 4903 1461 4957 ad
1494 4903 1548 4957 id
1582 4904 1896 4970 veniamus,
1952 4918 2018 4959 ea

450 4994 606 5048 nobis
643 4993 870 5049 ﬁrmiter
895 4993 1128 5048 tenenda
1155 5001 1321 5061 sunt,
1358 5009 1478 5064 qua:
1524 4994 1842 5066 plerumque
1879 4994 2022 5049 dixi-

449 5096 571 5136 mus
618 5081 684 5136 de
712 5081 1140 5151 dispensatione,
1186 5098 1307 5153 quae
1359 5099 1552 5139 omnes
1583 5084 1731 5140 illius
1776 5085 2019 5140 rationes

449 5172 732 5241 complexa
763 5183 868 5236 est,
898 5173 956 5227 in
980 5189 1090 5244 qua
1118 5174 1252 5229 illud
1284 5175 1621 5230 considerari
1671 5177 1830 5243 solet,
1871 5175 2018 5247 quod

2186 2682 2369 2733 ΜΑΤΙ
2419 2684 2557 2736 ΤΗΣ
2627 2675 2812 2734 ΠΕΡΙ
2871 2675 3019 2733 ΤΟΥ
3080 2675 3415 2733 ΣΩΤΗΡΟΣ
3484 2682 3703 2736 Hm

2189 2754 2235 2804 Ε
2248 2752 2722 2804 ΥΑΓΓΕΛΙΚΗΣ
2758 2748 3242 2805 ΑΠΟΔΕΙΞΕΩΣ.

2114 2863 2256 2931 Περὶ
2292 2862 2397 2916 τοῦ
2443 2862 2629 2917 Ἰούδα
2651 2861 2761 2915 τοῦ
2795 2859 3125 2930 προδότου,
3159 2861 3257 2915 καὶ
3296 2862 3408 2930 τῆς
3436 2863 3563 2918 σὺν
3590 2865 3707 2917 σὺν

2184 2932 2265 3011 τῷ
2294 2932 2461 3011 κειτὰ-
2473 2932 2578 2986 τοῦ
2617 2932 2875 3001 Χριστοῦ
2913 2931 3326 3011 γενησομένης
3353 2931 3707 3002 συσηυῆς,

2185 3003 2253 3055 ἐκ
2282 3002 2403 3056 τῶν
2434 3001 3049 3072 ὺποσεσημειωμένων
3086 3001 3363 3071 Γραφῶν.

2117 3122 2187 3169 α’.
2240 3115 2373 3168 Ὰπὸ
2412 3116 2517 3169 τοῦ
2546 3115 2794 3184 ψαλμοῦ
2820 3121 2903 3184 μ’.

2120 3184 2184 3255 β’.
2238 3185 2370 3255 Ἀπὸ
2405 3186 2512 3239 τοῦ
2544 3186 2787 3254 Ψαλμοῦ
2821 3184 2928 3239 νδ’.

2118 3254 2186 3322 γ’.
2234 3254 2378 3307 Ἀπὸ
2406 3255 2512 3309 τοῦ
2543 3255 2790 3324 ψαλμοῦ
2809 3261 2925 3323 ρη’.

2116 3323 2177 3377 δ’.
2231 3325 2374 3378 Ἀπὸ
2406 3325 2512 3378 τοῦ
2542 3323 2858 3394 Ζαχαρίου.

2117 3402 2178 3447 ε’.
2232 3394 2374 3450 Ἀπὸ
2405 3394 2512 3450 τοῦ
2553 3396 2842 3464 Ἰερεμίου.

2116 3486 2256 3554 Περὶ
2300 3487 2421 3540 τῶν
2462 3487 2608 3557 ἀμφὶ
2657 3486 2765 3541 τὸν
2824 3490 3031 3555 καιρὸν
3070 3486 3175 3541 τοῦ
3233 3488 3466 3555 πάθους
3509 3478 3705 3544 αὐτ-οὗ

2186 3558 2663 3627 συμϐεϐηκότων.

2119 3646 2193 3713 ς’.
2225 3647 2366 3702 Ἀπὸ
2397 3649 2502 3702 τοῦ
2537 3649 2740 3718 Ἀμώς.

2119 3718 2182 3782 ζ’.
2229 3718 2370 3772 Ἀπὸ
2397 3718 2502 3772 τοῦ
2527 3720 2844 3788 Ζαχαρίου.

2114 3795 2186 3858 η’.
2224 3788 2366 3843 Ἀπὸ
2395 3788 2500 3842 τοῦ
2525 3789 2769 3858 ψαλμοῦ
2802 3789 2913 3843 κεί.

2698 3902 3098 3957 ΠΡΟΟΙΜΙΟΝ.

2187 3993 2343 4048 Μετὰ
2374 3992 2473 4057 τὰς
2504 3994 2900 4066 ἀποδεδομένας
2943 3998 3277 4069 προρρήσεις
3318 3999 3445 4071 περὶ
3477 3998 3581 4070 τῆς
3618 4000 3703 4061 εἰς

2118 4082 2438 4155 ἀνθρώπους
2465 4083 2702 4154 ἀφίξεως
2726 4085 2820 4138 τοῦ
2848 4087 3358 4158 προκηρυττομένου
3381 4087 3519 4141 Θεοῦ
3547 4088 3707 4142 καλεῖ

2116 4175 2180 4247 δὴ
2215 4173 2404 4245 καιρὸς
2435 4176 2529 4228 καὶ
2553 4175 2624 4229 τὰ
2654 4177 2784 4248 περὶ
2805 4178 2903 4248 τὴν
2930 4177 3248 4250 ἀπαλλαγὴν
3277 4177 3373 4231 τοῦ
3400 4177 3461 4242 ἐξ
3485 4177 3701 4250 ἀνθρὼ-

2119 4281 2236 4318 πων
2258 4264 2423 4318 αὐτοῦ
2454 4264 2570 4335 βίου
2595 4265 2899 4333 διεξελθεῖν,
2924 4268 3152 4321 συνιδεῖν
3178 4285 3236 4321 τε
3261 4264 3421 4333 αὖθις
3442 4263 3534 4323 οἷα
3561 4287 3701 4341 συμο

2119 4354 2378 4425 ϐήσεσθαι
2434 4356 2563 4426 περὶ
2608 4355 2787 4408 αὐτῶν
2831 4355 3037 4410 ἄνωθεν
3080 4357 3146 4409 ἐκ
3196 4355 3307 4409 τῶν
3342 4356 3705 4428 προφητικῶν

2119 4446 2430 4511 ὲθεσπίζετο
2458 4447 2689 4518 χρόνων.
2735 4447 2936 4519 Πρῶτα
2973 4447 3030 4500 δὲ
3057 4448 3400 4521 διελεύσομαι
3443 4449 3519 4503 τὰ
3574 4448 3704 4518 περὶ

2117 4538 2225 4591 τῶν
2249 4539 2340 4590 τὸν
2367 4537 2596 4592 θάνατον
2624 4538 2774 4609 αὐτῷ
2800 4540 3395 4611 συσκευωρησαμένων,
3434 4541 3605 4613 μέρος
3638 4541 3702 4592 οὐ

2122 4629 2316 4701 μικρὸν
2344 4630 2678 4701 τυγχάνοντα
2699 4632 2800 4701 τῆς
2831 4633 3196 4703 προκειμένης
3221 4634 3566 4703 προτάσεως.
3592 4630 3703 4701 Πρὸ

2117 4714 2255 4790 δέ’γε
2281 4720 2374 4774 τοῦ
2400 4720 2559 4790 λόγου
2581 4721 2649 4774 τὰ
2682 4721 2939 4785 πολλάκις
2972 4724 3103 4794 ἡμῖν
3145 4722 3414 4794 εἰρημένα
3441 4726 3578 4795 περὶ
3605 4721 3704 4790 τῆς

2120 4814 2238 4867 κατ’
2265 4813 2428 4867 αὐτὸν
2455 4815 2768 4886 οἰκονομίας
2796 4816 3082 4887 τηρητέον,
3111 4816 3193 4869 ὅτι
3221 4815 3286 4887 δὴ
3326 4815 3400 4869 τὰ
3430 4817 3535 4887 μὲν
3566 4814 3705 4870 κατὰ

2119 4905 2216 4976 τὴν
2264 4905 2490 4977 θεότητα
2535 4905 2699 4959 αὐτοῦ
2721 4947 2734 4971 ,
2769 4906 2837 4959 τὰ
2866 4907 2922 4959 δὲ
2956 4906 3097 4961 κατὰ
3140 4906 3239 4978 τὴν
3285 4907 3701 4979 ὲνανθρώπησιν

2119 4997 2429 5050 ἐπινοεῖται.
2452 4996 2535 5068 Πὴ
2556 4997 2657 5067 μὲν
2688 4997 2796 5069 γὰρ
2822 4997 3098 5066 εἰσάγεται
3122 4998 3296 5064 Λόγος
3322 4997 3402 5050 ὢν
3430 4996 3705 5062 Θεοῦ,κιιὶ

2120 5086 2255 5140 Θεοῦ
2272 5086 2521 5159 δύναμις,
2535 5089 2632 5142 καὶ
2647 5089 2781 5142 Θεοῦ
2806 5089 2997 5157 σοφία·
3031 5088 3275 5160 μεγάλης
3301 5106 3361 5142 τε
3385 5089 3590 5162 βουλῆς
3607 5089 3703 5158 ἄγ-

2120 5176 2294 5245 γελος,
2319 5177 2492 5247 μέγας
2524 5194 2585 5230 τε
2610 5179 2705 5231 καὶ
2722 5177 2942 5242 αἰώνιος
2973 5179 3285 5251 ἀρχιερεὺς,
3301 5180 3451 5253 ὑπὲρ
3470 5181 3579 5251 τῆς
3597 5179 3700 5234 τῶν

450 5262 555 5315 alia
585 5270 713 5317 sunt
745 5279 866 5334 quae
891 5264 957 5319 ad
985 5264 1230 5335 ejusdem
1258 5266 1620 5332 divinitatem,
1657 5268 1763 5322 alia
1796 5283 1917 5340 qua:
1950 5269 2017 5324 ad

2128 5267 2394 5340 γεννητῶν
2426 5269 2681 5324 ἁπάντων
2699 5268 3007 5333 οὐσιώσεώς
3025 5287 3089 5323 τε
3115 5271 3211 5324 καὶ
3239 5272 3525 5343 σωτηρίας
3550 5274 3696 5342 ἱερω-

451 5361 785 5424 assumptam
823 5356 1214 5414 humanitatem
1244 5358 1539 5428 pertinent.
1568 5359 1720 5413 Alias
1750 5360 1898 5416 enim
1932 5360 2019 5415 in-

2126 5358 2303 5428 μένος,
2332 5358 2425 5411 καὶ
2469 5358 2772 5430 ίλεούμενος
2810 5361 2902 5414 τὸν
2934 5361 3152 5431 Πατέρα
3170 5379 3185 5390 ·
3218 5361 3297 5430 πὴ
3348 5360 3411 5415 δὲ
3436 5363 3467 5414 ὁ
3513 5359 3701 5431 ’Δμνὺς

448 5443 573 5498 duci
604 5445 740 5499 solet
766 5453 1022 5518 tanquam
1051 5456 1105 5503 et
1142 5447 1239 5504 Dei
1260 5447 1524 5515 Verbum,
1558 5457 1612 5506 et
1633 5450 1729 5506 Dei
1753 5451 2017 5519 virtus,et

2128 5450 2215 5504 τοῦ
2245 5450 2403 5519 Θεοῦ,
2445 5454 2475 5506 ὁ
2506 5451 2676 5524 αἴρων
2720 5453 2821 5524 τὴν
2872 5452 3146 5523 ἁμαρτίαν
3191 5450 3289 5504 τοῦ
3314 5451 3559 5522 κόσμου,
3608 5448 3699 5505 καὶ

450 5536 545 5590 Dei
597 5538 1053 5606 sapientia:item
1105 5540 1289 5611 magni
1335 5541 1551 5598 consilii
1600 5541 1861 5613 Angelus,
1902 5558 2022 5597 ma-

447 5640 696 5696 gnusque
722 5634 776 5681 et
797 5638 1031 5683 aeternus
1056 5626 1332 5693 Pontifex,
1362 5632 1451 5701 qui
1477 5641 1536 5686 ut
1554 5632 1736 5687 omnia
1758 5647 2015 5702 quaecun-

436 5732 553 5801 que
575 5718 751 5790 genita
790 5728 913 5778 sunt
941 5728 996 5776 et
1047 5721 1156 5775 sint
1183 5721 1234 5775 id
1269 5722 1413 5791 quod
1444 5729 1592 5789 sunt,
1621 5731 1675 5778 et
1704 5723 1758 5778 in
1787 5740 1851 5780 eo
1882 5741 2012 5780 con-

2123 5543 2391 5615 πρόὸατον
2423 5544 2516 5597 ἐπὶ
2546 5544 2760 5615 σφαγὴν
2787 5544 3069 5615 ἀγόμενον.
3116 5542 3287 5596 Τοῦτο
3322 5542 3382 5596 δὲ
3406 5538 3478 5614 ἦν
3513 5542 3575 5596 τὺ
3602 5541 3698 5595 ἀν-

2124 5633 2388 5705 θρώπειον
2424 5639 2652 5707 σκῆνος,
2702 5636 2731 5689 ὃ
2768 5635 2927 5707 δίκην
2973 5634 3145 5706 ἀμνοῦ
3189 5635 3285 5688 καὶ
3328 5634 3603 5707 προϐάτου
3628 5631 3695 5686 ἑκ

2117 5729 2215 5797 τῆς
2246 5727 2522 5799 ἡμετέρας
2553 5726 2771 5799 ἀγέλης,
2805 5723 2895 5783 οἷά
2920 5742 3005 5791 τις
3040 5727 3357 5800 ἀρχιερεὺς,
3394 5724 3692 5789 ἀναλαϐὼν,
