3836 6220
143 286 236 339 717

1033 281 1687 338 DEMONSTRATIONIS
1725 282 2181 342 EVANGELICJE
2218 285 2349 344 LIB.
2387 284 2455 341 Χ.

3283 297 3386 351 ’118

141 398 230 454 καὶ
255 397 352 469 τὴν
390 396 647 469 ἀπαρχὴν
681 395 776 450 τοῦ
810 396 918 450 τῶν
963 397 1268 469 ἀνθρώπων
1290 398 1482 466 γένους
1527 399 1710 452 καλλι-

1821 409 2118 468 serventur,
2174 402 2304 455 dum
2359 417 2517 458 sacro
2581 418 2807 460 munere
2864 405 3127 476 fungitur,
3173 418 3384 478 patrem

139 491 499 562 ερησάμενος,
536 491 914 562 προσηγάγετο
955 490 1035 560 τῷ
1064 491 1259 562 Πατρὶ,
1303 491 1372 545 δι’
1405 485 1466 545 οῦ
1510 492 1604 544 καὶ
1643 496 1709 564 τῇ

138 582 241 634 τῶν
257 581 564 654 ἀνθρώπων
606 582 850 652 ὡμίλησε
885 581 1064 651 φύσει,
1098 584 1198 636 οὐκ
1233 583 1407 646 άλλως
1436 583 1712 657 δυναμένῃ

135 674 302 742 Λόγου
329 673 466 726 Θεοῦ
494 673 590 726 καὶ
613 674 893 744 δυνάμεως
914 676 1205 746 ἀσωμάτου
1232 677 1326 728 καὶ
1355 677 1548 747 νοερᾶς
1576 677 1712 746 ἐπη-

137 766 247 836 κόῳ
274 765 547 834 γενέσθαι,
581 765 700 818 ούδέ
731 784 784 818 τι
839 766 1020 837 μεῖζον
1061 768 1280 839 σαρκῶν
1323 770 1417 821 καὶ
1445 768 1712 839 σωμάτων

137 855 201 908 δι’
228 854 516 925 ὀφθαλμῶν
557 855 760 926 σαρκὸς
790 857 1094 926 ἐπινοῆσαι.
1129 858 1268 910 Ὅσα
1313 858 1492 910 τοίνυν
1525 858 1618 910 ἐπὶ
1653 858 1714 911 τὸ

137 947 510 1016 ταπεινότερον
532 946 730 1013 δόξειεν
761 948 817 999 ἐν
842 951 954 1011 τοῖς
982 950 1362 1020 προκειμένοις
1389 952 1517 1022 περὶ
1549 950 1712 1004 αὐτοῦ

136 1037 400 1106 λέγεσθαι,
418 1038 589 1092 ταῦτα
608 1039 698 1093 τὸν
727 1040 919 1110 ’Ᾱμνὸν
944 1043 1075 1112 ὁρᾷν
1101 1041 1194 1094 τοῦ
1211 1042 1368 1108 Θεοῦ,
1382 1044 1472 1096 τὸν
1493 1043 1714 1114 αἴροντα

137 1129 231 1202 τὴν
259 1132 530 1202 ἁμαρτίαν
555 1130 647 1184 τοῦ
684 1132 913 1202 κόσμου,
947 1136 1042 1187 καὶ
1081 1134 1140 1187 τὸ
1177 1136 1376 1205 σκῆνος
1414 1136 1474 1189 τὸ
1503 1137 1718 1208 ἀνθρώ-

138 1237 287 1273 πειον
343 1221 634 1276 ὑποϐάλλει
685 1228 846 1280 νοεῖν.
909 1225 1104 1296 ’Δμνὸς
1138 1227 1235 1297 μὲν
1266 1228 1376 1300 γὰρ
1424 1225 1493 1300 ἦν
1546 1229 1718 1302 αἴρων

134 1310 232 1382 τὴν
253 1312 526 1384 ἁμαρτίαν
551 1314 644 1368 τοῦ
676 1316 903 1387 κόσμου,
923 1317 1063 1371 κατὰ
1084 1319 1175 1372 τὸν
1205 1319 1510 1392 Βαπτιστὴν
1539 1323 1720 1376 Ἰωάν-

134 1420 232 1475 νην
267 1403 352 1456 τὸν
397 1405 654 1474 λέγονταο
702 1426 723 1458 ι
759 1409 856 1461 Ἶδὲ
882 1411 910 1462 ὁ
950 1410 1143 1480 Ἀμνὸς
1179 1411 1272 1464 τοῦ
1303 1412 1459 1477 Θεοῦ,
1492 1415 1522 1467 ὁ
1549 1413 1718 1486 αἴρων

134 1494 232 1567 τὴν
264 1497 536 1568 ἁμαρτίαν
587 1498 681 1552 τοῦ
713 1499 954 1572 κόσμου’
989 1521 1008 1553 ι
1046 1503 1216 1573 ἀμνὸς
1245 1503 1300 1557 δὲ
1333 1501 1401 1576 ἦν
1427 1507 1520 1558 καὶ
1563 1509 1591 1559 ὁ
1629 1508 1720 1560 ἐπὶ

136 1589 346 1659 σφαγὴν
373 1590 658 1660 ἀγόμενος,
691 1592 831 1645 κατὰ
861 1592 924 1645 τὸ
970 1595 1119 1664 παρά
1161 1595 1239 1666 τῷ
1296 1596 1492 1669 Ἡσαΐᾳ
1540 1597 1722 1666 λόγιον

135 1681 367 1749 φάσκον·
415 1702 434 1733 ι
476 1683 562 1747 Ὠς
589 1683 858 1756 πρόϐατον
908 1685 1002 1738 ἐπὶ
1047 1687 1258 1758 σφαγὴν
1288 1688 1427 1759 ἢχθη
1452 1729 1466 1752 ,
1506 1689 1602 1741 καὶ
1642 1688 1719 1753 ὡς

131 1772 301 1842 ἀμνὸς
336 1774 580 1827 ἐναντίον
627 1751 723 1828 τοῦ
773 1777 1052 1846 κείροντος
1093 1751 1576 1850 ἀφωνοςίηίΠερὶ
1619 1751 1714 1833 τοῦ
1747 1751 1789 1806 Β

131 1863 294 1915 αὑτοῦ
321 1862 377 1915 δὲ
408 1863 483 1926 ώς
516 1865 644 1935 περὶ
684 1865 857 1936 ἀμνοῦ
890 1865 1109 1935 ἐλέγετο
1148 1868 1241 1920 καὶ
1269 1869 1351 1932 τὸ,
1388 1887 1406 1920 ι
1447 1869 1579 1923 Ἀπὸ
1607 1871 1718 1923 τῶν

132 1953 414 2025 ἁμαρτιῶν
441 1955 532 2008 τοῦ
557 1955 686 2008 λαοῦ
715 1974 816 2026 μου
840 1957 980 2029 ἤχθη
1005 1961 1086 2022 είς
1119 1959 1346 2014 θάνατον
1366 1978 1378 1989 ·
1417 1980 1436 2011 ι
1470 1961 1576 2015 ἔδει
1609 1962 1720 2034 γὰρ

128 2045 220 2098 τὸν
266 2047 460 2116 Ἀμνὸν
489 2047 582 2100 τοῦ
615 2048 751 2101 Θεοῦ
777 2049 869 2102 τὸν
898 2049 1003 2103 ὑπὸ
1029 2050 1120 2103 τοῦ
1152 2052 1388 2121 μεγάλου
1419 2053 1717 2124 ἀρχιερέως

127 2139 502 2210 ἀναληφθέντα
534 2143 674 2212 ὑπὲρ
695 2142 803 2194 τῶν
842 2143 1044 2197 λοιπῶν
1082 2144 1357 2212 συγγενῶν
1385 2145 1592 2215 ἀμνῶν,
1621 2147 1717 2200 καὶ

128 2232 271 2302 ὑπὲρ
297 2234 475 2302 πάσης
506 2237 606 2305 τῆς
637 2235 986 2308 ἀνθρωπίνης
1012 2237 1212 2308 ἀγέλης
1255 2237 1442 2291 θυσίαν
1485 2238 1564 2309 τῷ
1592 2238 1712 2309 Θεῷ

127 2324 525 2395 προσαχθῆναι.
571 2345 589 2375 ι
650 2326 865 2399 Ἐπειδὴ
922 2326 1034 2397 γὰρ
1090 2328 1156 2380 δι’
1219 2313 1577 2402 ἀνθρώπουὸ
1619 2331 1717 2383 0d-

127 2433 286 2478 νατος
319 2416 413 2468 καὶ
447 2417 512 2469 δι’
552 2416 837 2489 ἀνθρώπου
867 2422 899 2490 ή
928 2420 1220 2483 ἀνάστασις
1261 2422 1293 2490 ἡ
1329 2422 1393 2474 ἐκ
1435 2421 1662 2493 νεκρῶν,
1691 2441 1710 2474 ι

129 2508 294 2578 φησὶν
322 2509 350 2560 ὁ
393 2507 712 2571 Ἀπόστολος
732 2525 744 2537 ·
783 2510 875 2562 καὶ
905 2529 923 2560 ι
949 2509 1138 2582 ὥσπερ
1169 2510 1235 2563 δι’
1260 2510 1378 2574 ἐνὸς
1418 2511 1719 2583 παραπτώ-

130 2615 304 2668 ματος
339 2600 420 2662 εἰς
467 2599 674 2664 πάντας
709 2599 1026 2670 ἀνθρώπους
1072 2603 1151 2664 εἰς
1183 2601 1531 2674 κατάκριμα,
1577 2602 1720 2655 οὕτω

126 2691 223 2744 καὶ
250 2691 318 2743 δι’
353 2691 471 2754 ἐνὸς
503 2691 870 2763 δικαιώματος
907 2695 988 2756 εἰς
1022 2694 1231 2757 πάντας
1273 2692 1596 2763 ἀνθρώπους
1636 2697 1716 2758 εἰς

126 2783 411 2837 δικαίωσιν
443 2784 616 2854 ζωῆς·
657 2804 674 2834 ι
713 2785 865 2838 ἔνθεν
896 2787 991 2838 καὶ
1023 2787 1188 2849 αὐτὸς
1228 2786 1354 2850 τοὺς
1393 2787 1489 2856 μὲν
1523 2787 1718 2840 ἑαυτοῦ

129 2875 383 2947 μαθητὰς
411 2874 554 2947 ζωὴν
592 2877 687 2929 καὶ
715 2877 832 2946 φῶς
875 2880 968 2930 καὶ
999 2877 1276 2948 ’ἀλήθειαν
1320 2878 1509 2931 ἑαυτὸν
1554 2874 1714 2941 εἶναι,

125 2968 356 3030 καὶτὰς
405 2968 597 3033 λοιπὰς
644 2971 888 3033 ἐπινοίας
931 2970 1031 3041 τῆς
1083 2971 1202 3024 κατ’
1231 2971 1394 3024 αὐτὸν
1440 2970 1716 3040 θεολογίας

128 3061 404 3125 ἐπαίδευε,
428 3064 538 3124 τοῖς
559 3061 614 3113 δὲ
641 3063 905 3134 ἀμυήτοις
931 3062 1040 3115 τῶν
1067 3064 1184 3115 κατ’
1207 3063 1367 3115 αὑτὸν
1393 3065 1714 3134 ἀπορρήτων

125 3152 313 3220 ἐλεγε-
352 3172 370 3204 ι
393 3155 434 3206 Τ
442 3153 456 3205 ί
493 3173 558 3225 με
587 3156 801 3225 ζητεῖτε
833 3157 1153 3208 ἀποκτεῖναι
1186 3155 1492 3227 ἄνθρωπον,
1522 3155 1580 3218 ὃς
1616 3155 1712 3226 τὴν

124 3245 390 3316 ἀλήθειαν
412 3247 539 3315 ὑμῖν
567 3245 869 3318 λελάληκα;
892 3267 911 3298 ι
941 3248 1151 3320 Ὥσπερ
1184 3243 1277 3300 οὖν
1311 3246 1379 3300 τὰ
1407 3248 1505 3317 τῆς
1535 3247 1714 3300 θεολο-

123 3339 254 3405 γίας
299 3337 563 3409 ἰδιώματα
606 3342 662 3393 ἐν
709 3343 822 3404 τοῖς
871 3339 1178 3411 ἔμπροσθεν
1219 3339 1574 3405 ἀποδέδοται,
1624 3341 1716 3393 τὸν

123 3431 316 3500 ὅμοιον
357 3431 420 3502 δὴ
465 3431 666 3504 τρόπον
717 3431 996 3486 κάνταῦθα
1033 3431 1128 3485 τοῦ
1180 3429 1354 3502 ἀμνοῦ
1404 3431 1472 3484 τὰ
1503 3432 1715 3502 ἀνθρω-

123 3522 354 3592 ποπαθῆ
390 3526 836 3595 παραστήσεται,
867 3525 974 3578 τῶν
1024 3524 1132 3596 πρὸ
1168 3522 1263 3577 τοῦ
1299 3513 1504 3587 πάθους
1545 3523 1711 3576 αὑτοῦ

125 3617 318 3685 μέσων
354 3615 542 3683 ὄντων,
579 3616 713 3688 ὁμοῦ
750 3634 809 3670 τε
844 3616 1032 3688 ἄμφω,
1067 3616 1137 3670 τά
1166 3633 1226 3670 τε
1267 3615 1408 3670 κατὰ
1458 3615 1550 3668 τὸν
1582 3615 1713 3667 Θεὸν

121 3709 223 3760 καὶ
269 3709 342 3761 τὰ
393 3711 532 3763 κατὰ
576 3710 668 3764 τὸν
713 3710 999 3781 ἄνθρωπον
1040 3709 1203 3762 αὐτοῦ
1260 3709 1712 3780 περιειληφότων.

122 3800 350 3856 Τούτων
398 3803 684 3874 χρησίμως
729 3807 860 3874 ἡμῖν
905 3803 1438 3877 προτετηρημένων,
1473 3804 1574 3873 ἢδη
1624 3805 1718 3857 καὶ

117 3894 236 3948 τῶν
270 3895 467 3963 λογίων
509 3896 689 3949 αὐτῶν
721 3896 1078 3967 ὲφαψώμεθα,
1110 3898 1238 3969 περὶ
1268 3898 1367 3968 τῆς
1412 3896 1579 3949 Ἰούδα
1620 3895 1713 3948 τοῦ

118 3987 416 4059 προδότου,
439 3991 531 4043 καὶ
562 3989 669 4041 τῶν
706 3991 801 4042 σὺν
834 3988 982 4059 αὐτῷ
1013 3988 1153 4042 κατὰ
1171 3988 1264 4041 τοῦ
1295 3986 1534 4059 Χριστοῦ
1566 4004 1719 4056 γενο-

121 4079 308 4150 μένης
342 4081 630 4152 συσκευῆς,
665 4081 792 4153 περί
823 4099 881 4134 τε
926 4082 1034 4135 τῶν
1068 4083 1211 4152 ἀμφὶ
1251 4081 1343 4134 τὸν
1394 4080 1585 4151 καιρὸν
1619 4079 1713 4132 τοῦ

115 4171 340 4236 πάθους
370 4174 532 4227 αὐτοῦ
570 4174 1015 4246 συμϐεϐηκότων.

1814 505 1975 544 suum
2003 501 2213 547 exorat.
2253 493 2404 549 Alias
2438 501 2616 549 autem
2645 503 2905 566 tanquam
2950 506 3004 552 et
3046 498 3235 568 Agnus
3267 501 3386 566 Dei,

1813 583 1906 651 qui
1962 584 2112 636 tollat
2140 594 2360 653 peccata
2417 589 2626 650 mundi,
2660 597 2712 642 et
2743 589 2859 644 ovis
2893 605 3014 659 quae
3061 593 3129 645 ad
3186 595 3387 650 caedem

1813 673 2066 730 ducatur.
2111 675 2225 730 lloc
2255 686 2436 732 autem
2473 677 2574 732 fuit
2609 679 2785 749 ipsqu
2829 681 3126 736 humanum
3162 701 3385 756 corpus.

1815 766 1960 836 quod
2011 768 2101 822 ille
2136 769 2310 822 instar
2361 769 2486 838 agni
2533 778 2696 840 atque
2724 771 2864 837 ovis,
2901 788 3024 826 cum
3075 777 3143 829 de
3198 786 3388 832 nostro

1815 873 1975 928 grege
2013 860 2178 914 veluti
2207 859 2458 916 Pontifex
2511 863 2936 933 assumpsisset,
2992 867 3249 934 primitiis
3285 870 3388 924 hu-

1815 952 1962 1004 mani
2015 953 2232 1022 generis
2281 952 2459 1008 l'auste
2505 954 2848 1025 feliciterque
2903 961 3180 1027 operatus,
3239 960 3390 1018 Patri

1816 1057 2017 1096 munus
2051 1045 2254 1107 attulit,
2288 1060 2384 1114 per
2415 1045 2559 1115 quod
2590 1047 2750 1099 etiam
2776 1062 2898 1100 cum
2928 1048 3164 1103 humana
3192 1061 3389 1108 natura

1815 1135 2202 1188 commercium
2253 1136 2459 1202 habuit,
2495 1152 2614 1207 quae
2647 1138 2849 1208 alioqui
2887 1155 3062 1208 neque
3117 1140 3211 1196 Dei
3255 1141 3391 1198 Ver-

1816 1226 1968 1290 bum,
2000 1243 2175 1297 neque
2226 1229 2333 1282 vim
2372 1229 2745 1299 incorpoream
2808 1239 2968 1301 azque
3000 1234 3387 1304 intelligentem

1815 1321 2076 1375 exaudire
2103 1327 2197 1374 aut
2238 1321 2514 1390 percipere
2548 1323 2833 1390 potuisset,
2887 1339 3062 1392 neque
3092 1326 3388 1397 quidquam

1818 1428 1982 1482 supra
2009 1428 2228 1468 carnem
2283 1421 2376 1467 aut
2406 1428 2605 1482 corpus
2653 1429 2748 1483 per
2779 1417 2969 1470 oculos
2999 1418 3248 1486 corporis
3307 1419 3389 1473 in-

1817 1505 1980 1559 tueri.
2011 1504 2360 1576 Quaecunque
2410 1506 2576 1575 igitur
2625 1506 2694 1560 de
2745 1507 2838 1562 illo
2891 1508 2946 1561 in
2984 1509 3066 1565 his
3095 1526 3388 1580 quaenunc

1817 1605 2142 1662 tractamus,
2187 1597 2449 1652 humilius
2485 1597 2860 1668 abjectiusque
2897 1599 3004 1653 dici
3038 1601 3387 1665 videbuntur,

1821 1703 1882 1749 ea
1917 1697 2163 1758 spectare
2182 1689 2391 1758 Agnum
2425 1685 2540 1749 Dei,
2573 1690 2664 1757 qui
2687 1690 2827 1742 tollit
2859 1698 3140 1760 peccatum
3175 1691 3386 1753 mundi,

1818 1792 2127 1847 corpusque
2179 1778 2311 1830 illud
2363 1777 2684 1842 humanum,
2727 1779 3043 1835 meminisse
3093 1782 3386 1850 oportebit.

1819 1867 2008 1938 Agnus
2032 1868 2121 1922 ille
2148 1866 2364 1936 quidem
2396 1865 2517 1933 fuit,
2549 1867 2746 1921 tollens
2776 1877 3060 1937 peccatum
3093 1870 3304 1934 mundi,
3329 1878 3390 1924 ut

1817 1958 2057 2028 Baptista
2085 1956 2325 2011 Joannes
2347 1939 2619 2012 “dicebat:
2656 1978 2674 2009 ι
2733 1958 2893 2023 Ecce,
2945 1961 3140 2029 inquit,
3200 1962 3390 2031 Agnus

1818 2050 1935 2116 Dei,
1965 2052 2056 2120 qui
2081 2051 2224 2106 tollit
2255 2058 2539 2118 peccatum
2570 2051 2758 2104 mundi
2792 2051 2857 2118 “;
2891 2071 2908 2102 ι
2933 2067 3107 2121 agnus
3133 2053 3281 2118 item,
3316 2054 3386 2108 ad

1817 2143 2018 2198 caedem
2069 2143 2288 2207 ductus,
2325 2150 2384 2202 ut
2420 2153 2504 2197 est
2538 2143 2593 2197 in
2638 2143 2788 2198 Isaiae
2830 2145 3106 2214 prophetae
3142 2148 3387 2213 oraculo,

1817 2237 1962 2307 quod
2017 2236 2090 2289 ita
2131 2237 2204 2288 ait
2240 2254 2253 2288 :
2296 2254 2315 2285 ‹
2355 2233 2639 2304 Tanquam
2670 2237 2788 2289 ovis
2830 2236 2896 2289 ad
2939 2239 3138 2294 caedem
3191 2239 3392 2294 ductus

1817 2333 1923 2384 est.
1981 2331 2035 2378 et
2084 2331 2344 2394 tanquam
2397 2340 2570 2395 agnus
2627 2339 2810 2379 coram
2882 2327 3140 2382 tondente
3194 2329 3391 2382 obmu-

1817 2418 1922 2471 tuit
1956 2417 2019 2472 ιδ.
2055 2435 2074 2467 ι
2115 2415 2189 2470 De
2217 2415 2407 2470 eodem
2443 2431 2575 2470 vero
2630 2424 2889 2485 tanquam
2939 2417 3007 2472 de
3061 2435 3200 2488 agno
3223 2423 3388 2474 etiam

1819 2507 1948 2562 illud
1981 2508 2185 2562 dictum
2213 2515 2294 2562 est
2333 2526 2347 2561 :
2387 2526 2405 2558 ι
2442 2505 2519 2560 Ex
2550 2509 2790 2576 peccatis
2838 2509 3023 2577 populi
3058 2511 3159 2563 mei
3188 2510 3388 2566 ductus

1818 2609 1902 2655 est
1930 2600 1998 2654 ad
2027 2607 2255 2655 mortem
2287 2600 2331 2631 ³⁵
2368 2617 2382 2652 :
2423 2619 2442 2651 ι
2474 2599 2759 2669 oportebat
2815 2600 2958 2653 enim
3007 2600 3216 2670 Agnum
3269 2600 3386 2660 Dei.

1819 2695 1912 2765 qui
1941 2710 1971 2747 a
2006 2694 2242 2749 maximo
2266 2691 2529 2748 Pentiﬁce
2564 2701 2879 2761 assumptus
2913 2692 3112 2759 fuerat,
3164 2709 3262 2762 pro
3301 2710 3388 2749 re-

1818 2789 1981 2858 liquis
2006 2787 2254 2856 cognatis
2284 2787 2460 2856 agnis,
2493 2795 2548 2840 et
2581 2801 2677 2855 pro
2709 2786 2854 2840 omni
2918 2785 3153 2839 humano
3203 2802 3386 2857 grege,

1820 2881 1930 2935 Deo
1956 2881 2234 2936 victimam
2290 2880 2492 2934 allerri.
2553 2879 2684 2932 Nam
2724 2899 2741 2930 ι
2783 2881 3038 2949 quoniam
3079 2895 3174 2949 per
3213 2880 3387 2933 homi-

1818 2989 1942 3027 nem
1975 2989 2144 3037 mors,
2195 2987 2292 3042 per
2320 2971 2595 3024 hominem
2627 2971 2790 3024 etiam
2826 2972 3156 3024 resurrectio
3182 2985 3211 3022 a
3243 2987 3390 3025 mor—

1821 3067 1928 3121 tuis
1956 3067 2016 3131 ”,
2063 3086 2081 3117 ι
2113 3065 2290 3134 inquit
2320 3063 2633 3134 Apostolus,
2662 3071 2715 3115 et
2743 3080 2761 3112 ι
2801 3063 2942 3117 sicut
2975 3077 3070 3132 per
3109 3062 3272 3116 unius
3294 3064 3388 3116 (Ie-

1815 3158 2000 3212 lictum
2052 3158 2105 3210 in
2137 3171 2326 3211 omnes
2357 3155 2602 3209 homines
2635 3155 2689 3207 in
2717 3154 3257 3226 condemnationem,
3309 3154 3390 3208 sic

1815 3265 1911 3318 per
1936 3249 2097 3302 unius
2126 3247 2416 3316 justitiam,
2453 3246 2505 3299 in
2535 3260 2726 3299 omnes
2762 3244 3010 3298 homines
3039 3245 3093 3298 in
3118 3244 3390 3314 justiﬁca-

1815 3341 2017 3394 tionem
2046 3341 2171 3394 vitai
2205 3340 2270 3403 ⁸⁸,
2329 3358 2346 3391 ι
2381 3354 2448 3392 ex
2481 3338 2585 3391 hoc
2613 3338 2730 3407 ipse
2759 3352 2976 3405 quoque
3005 3337 3120 3390 suis
3167 3336 3386 3406 quidem

1817 3431 2101 3500 discipulis
2129 3446 2187 3485 se
2212 3437 2266 3484 et
2289 3429 2479 3493 vitam,
2506 3436 2558 3483 et
2588 3429 2788 3492 lucem,
2825 3435 2877 3483 et
2922 3429 3203 3483 veritatem
3244 3443 3385 3491 esse,

1815 3531 1868 3580 et
1901 3525 2108 3592 reliqua
2141 3523 2302 3594 [‘63
2351 3521 2533 3577 omnia
2586 3535 2706 3589 quae
2756 3535 2820 3574 ex
2870 3520 3139 3591 theologia
3176 3519 3242 3574 de
3295 3522 3390 3574 illo

1814 3616 2258 3680 considerantur,
2286 3613 2630 3669 ostendebat.
2660 3611 2743 3665 Ad
2774 3611 3035 3679 profanos
3067 3621 3244 3665 autem
3266 3653 3280 3676 ,
3336 3620 3389 3666 ct

1815 3723 2139 3762 arcanorum
2193 3707 2366 3776 ipsius
2424 3717 2674 3775 expertes
2734 3705 2990 3760 dicebat:
3028 3723 3045 3753 ι
3109 3703 3251 3768 Quid
3304 3719 3391 3757 me

1817 3799 2060 3870 quaeritis
2089 3799 2394 3852 interﬁcere
2423 3797 2697 3852 hominem
2717 3838 2730 3861 ,
2767 3798 2857 3866 qui
2913 3796 3194 3849 veritatem
3233 3795 3388 3848 vobis

1821 3896 2038 3950 locutus
2069 3909 2187 3950 sum
2211 3895 2288 3947 ‘9?
2323 3914 2342 3946 ι
2364 3892 2829 3960 Quemadmodum
2853 3891 3019 3959 igitur
3043 3905 3164 3958 qua:
3188 3888 3392 3942 theolo-

1821 3988 1921 4058 gia:
1949 3990 2017 4041 de
2047 3987 2139 4041 illo
2168 3985 2385 4055 propria
2416 3992 2581 4052 sunt,
2628 3986 2681 4038 in
2731 3983 3009 4053 prioribus
3062 3981 3218 4035 libris
3263 3987 3390 4034 sunt

1819 4078 2090 4148 exposita,
2112 4077 2186 4130 ita
2218 4076 2272 4128 in
2303 4076 2408 4130 hoc
2435 4090 2556 4145 quae
2585 4075 2652 4128 ad
2685 4075 2808 4143 agni
2848 4073 3115 4125 humanas
3145 4069 3388 4124 alfectio-

1821 4185 1940 4236 nes,
1966 4169 2350 4240 patibilemque
2384 4177 2631 4221 naturam
2663 4167 2954 4236 pertinent,
2975 4163 3390 4218 tractabuntur:

114 4283 252 4339 quae
298 4269 462 4322 medii
492 4269 776 4338 cujusdam
809 4270 984 4325 instar
1020 4269 1204 4334 luere,
1231 4267 1298 4322 ad
1344 4282 1407 4322 ea
1453 4282 1573 4336 qua:
1625 4265 1933 4335 passionem
1987 4263 2140 4317 illius
2184 4269 2618 4324 antecesserunt,
2670 4267 2724 4314 et
2797 4267 3028 4326 utraque
3069 4256 3232 4312 simul
3276 4267 3392 4310 tum

113 4377 188 4417 ea
219 4377 350 4432 quin
395 4361 462 4415 ad
503 4356 668 4416 Deum
706 4353 1010 4431 pertinent,
1041 4367 1159 4413 tum
1195 4373 1258 4413 ea
1287 4373 1409 4428 qua:
1454 4358 1520 4412 ad
1560 4356 1860 4421 hominem,
1916 4354 2010 4423 qui
2055 4353 2146 4408 ille
2193 4360 2333 4419 erat,
2371 4353 2652 4421 complexa
2691 4357 2840 4404 sunt.
2877 4347 3175 4431 Postquam
3228 4348 3395 4418 igitur

112 4457 246 4512 hare
277 4457 491 4511 anobis
521 4472 628 4510 non
684 4455 952 4509 inutiliter
995 4453 1311 4520 observata;
1363 4457 1685 4519 retentaque
1725 4455 1875 4512 sunt,
1932 4447 2044 4517 jam
2079 4453 2191 4498 tum
2241 4445 2359 4515 ipsa
2417 4445 2581 4498 etiam
2632 4442 2853 4496 oracula
2901 4439 3122 4510 aggredi
3177 4447 3392 4509 tempus

109 4565 254 4606 esse
282 4550 515 4612 videtur,
549 4563 671 4618 quae
691 4557 744 4601 et
773 4548 964 4602 ludam
991 4547 1349 4617 proditorem,
1379 4558 1614 4614 cumque
1645 4558 1711 4598 eo
1750 4541 1990 4597 futuram
2024 4541 2287 4595 adversus
2319 4537 2598 4594 Christum
2629 4535 3109 4606 conspirationem,
3164 4540 3218 4588 et
3273 4548 3395 4604 quae

111 4644 206 4698 illi
238 4644 350 4698 sub
372 4643 549 4712 ipsum
583 4643 856 4712 passionis
883 4653 1096 4712 tempus
1123 4650 1382 4697 eventura
1410 4648 1596 4704 erant,
1633 4637 2036 4709 signiﬁcabant.

124 4759 302 4837 Ἀπὸ.
327 4757 594 4837 ψαλμοῦ.
605 4765 683 4827 μ’.
723 4791 793 4837 ——_-
827 4757 972 4837 ῌερζ
1027 4756 1221 4837 Ἰούδᾳ
1249 4755 1714 4837 τοῦηπρηοδόῖου,

1821 4752 1860 4805 Α
1892 4752 2108 4834 psalmo.
2127 4767 2214 4837 ξι..
2247 4779 2316 4788 --
2335 4747 2426 4837 ρο
2455 4746 2924 4837 Judanproditore,
2953 4751 3003 4798 et
3046 4744 3111 4837 iis
3137 4745 3227 4814 qui
3270 4759 3390 4796 cum

192 4829 308 4884 καὶ
338 4825 470 4883 τῶνε
530 4825 652 4882 σὺν
704 4829 860 4894 αὐτῷ
907 4825 1030 4896 ’τὴν
1084 4826 1234 4880 κατὰ
1284 4825 1391 4880 τοῦ
1440 4825 1716 4893 Σωτῆρος

189 4898 377 4970 ἡμῶν
395 4898 726 4968 ἐπιϐουλὴν
747 4897 1324 4968 συσκευασαμένων.

196 5037 220 5070 c
251 5017 545 5088 Μακάριος
580 5015 610 5068 ὁ
639 5013 832 5068 συνιὼν
869 5014 961 5066 ἐπὶ
1010 5013 1225 5083 πτωχὸν
1258 5011 1353 5064 καὶ⁸
1397 5011 1626 5082 πένητα,
1657 5009 1716 5061 ὲν

1892 4817 1950 4876 eo
2007 4822 2230 4875 insidias
2291 4819 2541 4873 adversus
2599 4817 2935 4874 Salvatorem
2995 4825 3233 4869 nostrum
3267 4830 3394 4868 con-

1893 4902 2155 4946 struxere.

1897 5024 1917 5057 ε
1940 5005 2139 5060 Beatus
2160 5003 2252 5074 qui
2280 5001 2530 5074 intelligit
2549 5015 2713 5070 super
2739 5013 2968 5070 egenum
2996 5005 3050 5052 et
3079 5009 3392 5068 pauperem,

1824 5098 1882 5152 in
1924 5096 2011 5152 die
2031 5095 2174 5150 mala
2208 5095 2461 5150 liberabit
2493 5107 2614 5148 eum
2648 5089 2927 5145 Dominus.
2969 5087 3233 5142 Dominus
3261 5099 3399 5141 con-

1826 5197 2003 5245 servet
2029 5201 2177 5251 eum,
2208 5193 2264 5240 et
2290 5185 2522 5239 viviﬁcet
2547 5199 2670 5239 eum
2693 5223 2708 5248 ,
2743 5193 2798 5237 et
2823 5183 3040 5236 beatum
3075 5177 3239 5233 faciat
3266 5193 3390 5233 eum

1825 5284 1882 5338 in
1911 5289 2079 5347 terra,
2107 5288 2162 5334 et
2183 5295 2294 5335 non
2339 5278 2516 5333 tradat
2544 5291 2670 5332 eum
2699 5275 2756 5328 in
2803 5289 2999 5329 manus
3044 5271 3392 5326 inimicorum

1825 5376 1967 5445 ejus.
2001 5373 2266 5426 Dominus
2295 5385 2450 5441 opem
2490 5369 2625 5423 feret
2651 5367 2729 5421 illi
2761 5380 2926 5436 super
2956 5365 3154 5418 lectum
3191 5362 3396 5417 doloris

1825 5469 1968 5538 ejus,
1994 5466 2311 5521 universum
2351 5471 2582 5519 stratum
2607 5461 2725 5529 ejus
2740 5458 2972 5514 versasti
3001 5457 3057 5511 in
3088 5455 3397 5510 inﬁrmitate

1825 5559 1967 5630 ejus.
1992 5555 2106 5627 Ego
2119 5555 2232 5612 dixi
2261 5574 2275 5610 :
2305 5553 2554 5619 Domine,
2575 5553 2836 5607 miserere
2863 5550 2992 5615 mei,
3009 5563 3140 5604 sana
3155 5546 3392 5602 animam

1833 5674 2065 5731 "lCor.
2105 5689 2210 5742 xv,
2269 5671 2359 5728 21.
2509 5671 2556 5703 ¹⁸
2591 5669 2751 5725 Rom.
2789 5686 2854 5734 v,
2901 5666 2988 5722 18.
3137 5664 3179 5695 ¹⁹
3238 5661 3393 5719 Joan.

93 5115 187 5184 ὴμ.
205 5109 322 5182 έρᾳ
345 5109 556 5179 πονηρᾷ
591 5107 810 5178 ῥύσεται
837 5105 997 5158 αὐτὸν
1029 5107 1058 5157 ὁ
1091 5104 1313 5177 Κύριος.
1363 5101 1566 5174 Κύριος
1597 5100 1715 5152 δια-

92 5223 176 5275 φυ
193 5201 370 5268 λάξαι
391 5202 570 5265 αὐτὸν,
591 5201 685 5254 καὶ
711 5199 870 5272 ζήσαι
897 5199 1076 5260 αὐτὸν,
1103 5197 1198 5251 καὶ
1233 5195 1532 5268 μακαρίσαι
1554 5193 1718 5247 αὐτὸν

90 5300 162 5348 ὲν
206 5297 288 5365 τῇ
310 5295 405 5364 γῇ,
441 5293 534 5346 καὶ
577 5292 651 5363 μὴ
683 5291 910 5363 παραδῷ
953 5290 1115 5344 αὐτὸν
1148 5291 1230 5351 είς
1270 5290 1460 5358 χεῖρας
1505 5284 1716 5357 ἐχθρῶν

103 5387 324 5442 αὑτοῦ.
361 5386 562 5456 Κύριος
596 5384 848 5455 βοηθήσει
874 5382 1022 5452 αὐτῷ
1055 5381 1146 5434 ἐπὶ
1184 5379 1371 5450 κλίνης
1400 5376 1590 5448 ὀδύνης
1623 5375 1722 5428 αὐ-

101 5477 244 5543 τοῦ,
273 5478 408 5549 ὅλην
431 5477 531 5549 τὴν
559 5476 744 5548 κοίτην
777 5473 939 5529 αὑτοῦ
973 5473 1238 5546 ἕστρεψας
1259 5474 1316 5524 ὲν
1337 5472 1403 5540 τῇ
1439 5466 1720 5540 ἀρρωστίᾳ

102 5572 322 5633 αὐτοῦ.
367 5569 510 5640 Ἐγὼ
548 5567 710 5625 εἶπα·
757 5569 930 5641 Κύριε
953 5608 968 5632 ,
1022 5563 1245 5635 ἐλέησόν
1276 5579 1344 5635 με
1368 5604 1385 5630 ,
1414 5560 1571 5616 οῐασαι
1619 5560 1719 5628 τὴν

190 5666 249 5716 ιδ
286 5681 452 5742 Joan.
486 5701 532 5752 ι,
573 5683 662 5740 29.
789 5683 833 5716 ’³
870 5681 976 5738 lsa.
1028 5696 1157 5747 un,
1193 5681 1244 5748 7,
1385 5679 1428 5712 “
1469 5676 1602 5734 ἰδία·
1638 5676 1691 5731 3-

105 5769 226 5813 τω
251 5797 267 5824 ,
311 5754 402 5808 40.

789 5683 833 5716 ¹³
870 5681 976 5738 lsa.
1028 5696 1157 5747 un,
1193 5681 1244 5748 7,
