3836 6220
380 274 500 330 ’719

1071 264 1342 323 EUSEBll
1380 261 1862 319 CESARIENSIS
1900 261 2053 318 OPP.
2098 259 2282 316 PARS
2318 262 2384 316 ll.
2426 291 2498 302 —
2534 259 3041 317 APOLOGETICA.

3571 261 3683 318 ’ἴΞο

391 385 733 454 meam,quia
761 381 982 453 peccavi
1012 380 1144 447 tibi;
1178 379 1385 434 inimici
1423 379 1529 433 mei
1555 377 1815 433 dixerunt
1842 378 1982 430 mala

2101 377 2265 450 ζκυχήν
2297 395 2397 449 μου
2421 417 2435 441 ,
2471 379 2552 430 ὅτι
2587 377 2834 448 ἥμαρτόν
2883 394 2984 431 σοι.
3039 378 3101 430 Ol
3136 376 3317 448 ἐχθροί
3364 393 3467 446 μου
3519 373 3683 433 εἶπαν

392 479 530 536 mihi
557 477 812 547 :quando
834 474 1117 540 morietur,
1149 484 1202 528 et
1238 473 1434 543 peribit
1466 487 1664 526 nomen
1709 473 1830 541 ejus
1862 472 1885 524 ?
1917 471 1981 526 Et

393 573 441 629 si
464 569 873 642 ingrediebatur
889 566 1188 629 utvideret,
1213 581 1354 619 vana
1381 565 1709 635 loquebatur
1722 579 1818 618 cor
1834 565 1978 634 ejus,

393 663 748 734 congregavit
772 659 1119 730 iniquitatem
1152 658 1279 722 sibi,
1314 659 1697 726 egrediebatur
1726 657 1896 717 foras,
1928 665 1983 710 et

395 757 720 828 loquebatur
751 753 806 807 in
833 751 1120 822 idipsumf,
1176 749 1466 804 adversum
1497 764 1584 803 me
1615 750 1984 804 susurrabant

395 865 587 906 omnes
640 847 850 901 inimici
884 844 1013 908 mei,
1053 843 1347 904 adversum
1380 857 1466 897 me
1488 842 1806 911 cogitabant
1837 843 1982 895 mala

395 944 550 1005 mihi,
579 941 807 995 verbum
837 938 1089 1008 iniquum
1113 935 1523 992 constituerunt
1540 934 1833 989 adversum
1870 950 1980 997 me,

396 1034 644 1106 nunquid
679 1033 774 1103 qui
803 1031 1029 1098 dormit,
1053 1045 1164 1084 non
1195 1026 1422 1098 adjiciet
1451 1034 1512 1080 ut
1543 1035 1799 1096 resurgat
1833 1027 1856 1079 ?
1909 1034 1986 1081 et.

397 1131 542 1186 enim
577 1130 741 1184 homo
793 1127 948 1198 pacis
971 1140 1105 1181 mea
1132 1163 1148 1189 ,
1182 1124 1238 1178 in
1271 1137 1384 1194 quo
1401 1121 1639 1192 speravi,
1671 1122 1764 1191 qui
1788 1120 1987 1176 edebat

399 1237 572 1294 panes
605 1235 778 1286 meos,
814 1217 1190 1290 magnilicavit
1234 1231 1400 1286 super
1447 1229 1536 1270 me
1593 1215 1990 1285 supplantatio-

400 1333 548 1374 nem.
582 1315 662 1370 Tu
694 1313 1172 1380 autem,Domine,
1199 1311 1461 1366 miserere
1487 1309 1689 1374 mei,et
1711 1308 1987 1364 resuscita

399 1426 510 1476 me,
541 1417 595 1465 et
624 1408 921 1463 retribuam
957 1407 1036 1460 eis
1063 1423 1078 1471 ;
1109 1405 1166 1459 in
1198 1403 1302 1458 hoc
1326 1402 1558 1473 cognovi
1595 1401 1743 1472 quod
1765 1401 1987 1456 voluisti

401 1520 511 1566 me,
537 1503 796 1574 quoniam
824 1497 989 1572 464
1006 1513 1115 1552 non
1138 1497 1398 1568 gaudebit
1421 1496 1682 1552 inimicus
1711 1510 1866 1550 meus
1899 1511 1990 1550 su-

401 1611 499 1665 per
516 1610 622 1654 me.
650 1608 736 1648 me
749 1601 929 1646 autem
951 1595 1174 1659 propter
1194 1587 1567 1642 innocentiam
1596 1585 1910 1655 suscepisti,
1933 1590 1990 1639 et

403 1685 745 1741 conﬁrmasti
789 1697 876 1736 me
906 1681 961 1734 in
996 1687 1295 1748 conspectu
1353 1687 1448 1732 tuo
1473 1678 1528 1732 in
1553 1688 1818 1732 aeternum
1852 1678 1918 1728 ὀ.
1963 1694 1983 1728 ι

404 1776 676 1844 Quoniam
708 1773 958 1829 nonnulli
979 1771 1241 1840 suspicati
1257 1777 1386 1824 sunt
1402 1770 1601 1825 librum
1619 1771 1986 1835 Psalmorum,

402 1869 642 1942 hymnos
664 1875 874 1921 tantum
911 1868 966 1918 in
992 1863 1162 1918 Deum
1183 1871 1236 1917 et
1264 1862 1509 1916 carmina
1528 1862 1832 1932 theologica
1853 1878 1988 1917 con-

403 1964 602 2025 tinere,
635 1960 901 2031 praesagia
931 1971 1063 2012 vero
1093 1965 1186 2010 aut
1213 1956 1280 2010 de
1312 1954 1477 2009 rebus
1518 1953 1718 2009 futuris
1753 1955 1990 2025 prophe—

404 2053 515 2108 tias
542 2067 650 2106 non
676 2053 828 2113 item,
857 2049 1092 2120 primum
1120 2047 1252 2101 illud
1281 2046 1991 2116 eritobscrvandum,quod

409 2140 836 2196 innumerabilia
884 2146 1044 2200 sunt,
1081 2150 1204 2205 quae
1247 2135 1299 2186 in
1337 2133 1446 2187 illis
1479 2134 1659 2186 futura
1691 2143 1989 2197 canuntur,

407 2250 531 2312 quae
555 2234 777 2305 quidem
827 2233 1048 2302 longum
1083 2235 1228 2283 esset
1261 2227 1316 2279 in
1367 2227 1659 2296 praesentia
1709 2225 1989 2294 colligere,

411 2327 506 2383 sed
521 2327 654 2381 satis
681 2324 848 2380 fuerit
869 2324 937 2378 ad
958 2321 1188 2391 hujusce
1205 2319 1472 2389 propositi
1488 2317 1989 2380 conlirmationem,

409 2419 627 2476 duobus
657 2433 805 2473 nunc
857 2419 937 2470 uti
971 2415 1221 2485 psalmis,
1247 2413 1343 2482 qui
1399 2411 1502 2480 ipsi
1535 2409 1756 2480 quidem
1807 2409 1991 2480 Asapb

410 2511 661 2580 inscripti
697 2516 844 2572 sunt,
875 2506 1005 2562 dicti
1052 2519 1183 2560 vero
1223 2503 1397 2572 ipsius
1433 2498 1602 2553 David
1627 2499 1989 2568 temporibus.

412 2605 568 2660 Tunc
591 2603 734 2658 enim
768 2615 894 2654 cum
925 2598 1107 2667 Asaph
1145 2609 1290 2650 unus
1305 2599 1452 2649 esset
1477 2605 1543 2644 ex
1587 2589 1655 2644 iis
1683 2588 1819 2642 viris
1866 2602 1995 2643 san-

411 2698 516 2752 ctis
537 2696 629 2765 qui
651 2693 892 2763 psalmos
921 2689 1212 2752 canebant,
1239 2697 1302 2742 ut
1355 2686 1622 2755 scriptum
1643 2691 1727 2738 est
1763 2682 1820 2736 in
1851 2669 1995 2736 libro

410 2790 506 2861 qui
541 2785 986 2854 Paralipomenon
1019 2781 1362 2843 inscribitur,
1403 2779 1644 2850 psalmos
1673 2775 1767 2846 qui
1803 2774 1880 2829 illi
1908 2781 1994 2826 at-

413 2881 752 2942 tribuuntur,
790 2875 980 2930 divino
1009 2873 1224 2934 alllatus
1267 2871 1474 2942 Spiritu
1505 2867 1827 2926 enuntiavit.
1853 2865 1995 2934 Quid

414 2975 580 3045 igitur
607 2968 990 3042 hujuscemodi
1016 2965 1214 3037 psalmi
1240 2963 1528 3020 continent
1557 2963 1581 3016 ?
1611 2961 1874 3016 nimirum
1906 2973 1996 3014 va-

414 3067 625 3130 ticinia,
684 3064 886 3135 Quibus
929 3059 1246 3114 Iudaeorum
1294 3057 1457 3128 regiae
1487 3055 1728 3112 civitatis
1757 3053 1993 3108 vastatio

414 3158 747 3230 praedicitur,
775 3169 898 3224 quae
933 3151 1168 3206 vastatio
1188 3148 1392 3204 Iudaeis
1423 3146 1623 3202 accidit
1648 3161 1792 3200 anno
1823 3141 1990 3198 circi-

413 3261 499 3306 ter
524 3245 964 3318 quingentesimo
999 3252 1125 3314 post
1156 3240 1430 3312 ejusmodi
1474 3237 1818 3293 vaticinium.
1851 3234 1994 3304 Ergo

415 3341 660 3411 psalmus
680 3339 1114 3406 septuagesimus
1136 3333 1354 3396 tertius,
1373 3332 1465 3401 qui
1481 3330 1797 3384 intellectus
1810 3325 1995 3394 Asapb

415 3428 760 3491 inscribitur,
791 3426 866 3479 ita
899 3426 1060 3480 habet
1092 3421 1234 3479 :tUt
1257 3421 1412 3493 quid,
1446 3421 1613 3487 Deus,
1654 3417 1907 3491 repulisti
1937 3417 1996 3471 in

415 3518 630 3574 linem?
684 3517 857 3572 iratus
896 3523 982 3570 est
1013 3513 1167 3568 furor
1225 3520 1354 3566 tuus
1405 3526 1568 3579 super
1619 3524 1748 3565 oves
1778 3521 1997 3578 pascua

415 3611 564 3667 tuae?
595 3623 805 3664 memor
821 3616 942 3664 esto
971 3603 1420 3676 congregationis
1444 3609 1580 3665 tuae,
1614 3614 1778 3671 quam
1812 3612 1998 3668 posse-

415 3702 547 3758 disti
581 3702 649 3756 ab
705 3700 884 3768 initio,
937 3698 1219 3754 redemisti
1250 3698 1458 3767 virgam
1490 3691 1824 3749 haereditatis
1857 3700 1992 3754 tuae,

415 3807 577 3851 mons
621 3793 754 3850 Sion
783 3794 894 3860 hic,
915 3794 970 3846 in
1003 3808 1112 3863 quo
1143 3789 1404 3845 habitasti
1437 3788 1490 3843 in
1520 3800 1606 3851 eo,
1645 3786 1765 3840 leva
1796 3799 1995 3838 manus

417 3897 540 3944 tuas
574 3889 630 3943 in
653 3886 938 3958 superbias
966 3898 1158 3940 eorum
1190 3882 1246 3936 in
1276 3882 1461 3948 ﬁnem,
1487 3886 1694 3950 quanta
1722 3876 1996 3945 maligna-

413 3989 506 4036 tus
537 3987 621 4036 est
651 3979 908 4034 inimicus
939 3977 996 4031 in
1029 3974 1236 4032 sanctis
1299 3973 1412 4028 tuis
1435 4010 1451 4036 ,
1490 3979 1544 4025 et
1593 3968 1815 4040 gloriati
1866 3973 1996 4022 sunt

416 4071 512 4141 qui
535 4071 772 4126 oderunt
803 4078 854 4123 te
885 4069 940 4122 in
968 4065 1146 4120 medio
1174 4059 1534 4121 solemnitatis
1552 4065 1996 4128 tuac,posuerunt

415 4165 572 4235 signa
604 4178 704 4218 sua
732 4163 888 4232 signa
921 4180 934 4215 :
962 4170 1016 4214 et
1037 4174 1146 4213 non
1174 4165 1550 4229 cognoverunt
1584 4154 1729 4210 sicut
1761 4153 1817 4207 in
1844 4151 1992 4207 exitu

416 4257 672 4325 desuper,
699 4254 854 4324 quasi
886 4253 942 4306 in
965 4252 1101 4307 silva
1124 4251 1402 4320 lignorum
1455 4246 1743 4303 securibus
1770 4243 1994 4300 excide-

415 4352 548 4400 runt
565 4345 765 4416 januas
791 4343 912 4413 ejus
957 4342 1011 4395 in
1041 4341 1300 4409 idipsum,
1328 4339 1384 4392 in
1413 4337 1595 4393 securi
1627 4343 1682 4392 et
1709 4342 1864 4391 vecte
1891 4334 1989 4389 de-

411 4437 669 4506 iecerunt
693 4450 836 4499 eam,
889 4431 1254 4488 incenderunt
1272 4429 1382 4500 igni
1405 4428 1781 4485 sanctuarium
1812 4436 1990 4490 tuum,

2086 469 2232 525 κακά
2263 488 2384 542 μοι·
2432 471 2563 523 πότε
2599 469 2952 524 ἀποθανεῖται
2985 469 3080 524 καὶ
3110 469 3392 524 ἀπολεῖται
3423 470 3487 524 τὸ
3509 470 3684 542 ὄνομα

2083 563 2288 628 αύτοῦ;
2335 563 2446 616 Καὶ
2479 565 2527 616 εί
2560 562 2943 634 εἰσεπορεύετο
2962 562 3058 616 τοῦ
3094 563 3223 616 ἰδεῖν
3245 604 3260 628 ,
3293 563 3472 634 μάτην
3503 564 3685 620 ἐλάλει

2084 659 2118 728 ἡ
2150 657 2346 729 καρδία
2381 655 2568 719 αὑτοῦ,
2605 657 2913 728 συνήγαγεν
2947 656 3178 725 ἀνομίαν
3210 656 3409 728 ἐαυτῷ.
3457 657 3683 722 Ἐξετω·

2087 750 2277 822 ρεύετο
2311 750 2437 815 ἔξω,
2478 749 2575 802 καὶ
2606 749 2781 804 ἐλάλει
2805 750 2910 802 -ἐπὶ
2936 749 2998 801 τὸ
3021 749 3172 803 αὐτό.
3211 751 3348 803 Κατ’
3390 747 3528 822 ἐμοῦ
3563 751 3684 820 ἐψι-

2086 842 2306 916 θύριζον
2341 847 2542 907 πάντες
2577 845 2626 896 oi
2661 841 2846 915 ἐχθροί
2882 859 3007 914 μου,
3053 845 3174 896 κατ’
3205 843 3339 915 ἐμοῦ
3372 843 3684 914 ἐλογίζοντο

2087 937 2232 991 κακά
2246 955 2356 1008 μοι.
2378 937 2469 1009 Μὴ
2485 939 2512 989 6
2531 935 2872 1007 κοιμώμενος
2887 934 3007 1006 οὐχὶ
3022 934 3318 1008 προσθήσει
3330 937 3426 990 τοῦ
3442 938 3688 1009 ἀναστῆ-

2085 1048 2173 1085 ναι
2195 1031 2318 1096 ;καὶ
2331 1029 2779 1101 γάρόᾶνθρωπος
2810 1029 2912 1099 τῆς
2931 1029 3154 1100 εἰρήνης
3179 1047 3302 1100 μου,
3327 1031 3412 1099 ἐφ’
3431 1030 3496 1083 ὂν
3523 1029 3688 1101 ἠλπι-

2090 1141 2178 1186 σα,
2195 1126 2223 1176 6
2247 1123 2440 1176 ἐσθίων
2464 1123 2663 1194 ἄρτους
2691 1139 2815 1192 μου,
2842 1121 3178 1192 ἐμεγάλυνεν
3197 1122 3283 1174 ἐπ’
3317 1123 3417 1193 ἐμὲ
3455 1139 3687 1194 πτερνῑ-

2089 1215 2247 1286 σμόν.
2265 1216 2336 1268 Σὺ
2354 1215 2431 1278 δὲ,
2448 1215 2644 1287 Κύριε,
2666 1215 2886 1285 ἐλέησόν
2906 1232 2994 1286 με,
3027 1215 3124 1268 καὶ
3152 1214 3458 1285 ἀνάπησὸν
3479 1233 3572 1286 με,
3592 1216 3688 1271 καὶ

2087 1307 2452 1361 ἀνταποδώσω
2477 1309 2677 1372 αὐτοῖς.
2717 1308 2806 1361 Ἐν
2831 1307 3010 1378 τούτῳ
3040 1306 3231 1376 ἔγνων,
3266 1308 3347 1360 ὅτι
3380 1307 3690 1381 τεθέληκάς

2092 1419 2179 1472 με,
2213 1403 2294 1454 ὅτι
2327 1403 2388 1454 ού
2422 1402 2494 1473 μὴ
2518 1403 2754 1474 ἐπιχαρῇ
2789 1403 2818 1454 6
2850 1400 3043 1473 ἐχθρός
3075 1419 3174 1473 μου
3211 1402 3297 1455 ἐπ’
3327 1403 3472 1474 ἐμοί.
3514 1403 3690 1475 Ἐμοῦ

2087 1494 2143 1547 δὲ
2188 1495 2275 1547 διὰ
2315 1495 2415 1566 τὴν
2453 1495 2688 1548 ἀκακίαν
2725 1493 3056 1560 ἀντελάὄου,
3092 1497 3186 1548 καὶ
3238 1494 3584 1560 ἐϐεϐαίωσάς
3622 1513 3691 1567 με

2090 1585 2320 1639 ἐνώπιόν
2346 1603 2439 1639 σου
2470 1588 2550 1650 είς
2582 1586 2675 1639 τὸν
2716 1587 2908 1640 αἰῶνα.
2943 1608 2960 1639 ι
3000 1587 3216 1658 Ἐπειδή
3263 1603 3409 1650 τινες
3456 1589 3693 1660 ὑπειλήο

2093 1697 2224 1749 φασι
2257 1679 2353 1749 τὴν
2387 1677 2571 1749 βίϐλον
2591 1677 2700 1732 τῶν
2729 1679 2977 1750 Ψαλμῶν
2996 1679 3199 1751 ὕμνους
3235 1679 3391 1750 μόνον
3412 1681 3496 1742 είς
3526 1680 3692 1744 Θεὸν,

2094 1772 2186 1825 καὶ
2219 1771 2363 1841 ᾠδὰς
2396 1770 2711 1839 θεολογικάς
2741 1773 3041 1844 περιέχειν,
3067 1772 3128 1825 οὐ
3160 1773 3267 1843 μὴν
3300 1773 3395 1826 καὶ
3433 1773 3696 1845 προγνιὶι-

2095 1881 2226 1927 σεις,
2263 1863 2381 1915 οὐδὲ
2417 1862 2722 1934 μελλόντων
2757 1863 3113 1935 προφητείας,
3133 1863 3290 1916 τοῦτο
3321 1863 3544 1934 πρῶτον
3570 1864 3696 1915 ἐπι-

2090 1956 2388 2028 τηρητέον,
2441 1956 2517 2020 ὡς
2567 1955 2738 2028 μυρία
2785 1955 3098 2020 θεσπίζεται
3129 1956 3195 2008 δι’
3239 1955 3456 2018 αὐτῶν,
3504 1954 3542 2009 ἆ
3599 1957 3698 2008 καὶ

2097 2048 2304 2119 μακρὸν
2340 2047 2405 2100 ἂν
2439 2047 2523 2118 ετη
2562 2049 2890 2114 συναγαγεῖν
2936 2047 3029 2099 ἐπὶ
3059 2045 3153 2099 τοῦ
3200 2045 3490 2113 παρόντος,
3529 2047 3698 2117 ἀρκεῖ

2091 2140 2146 2192 δέ
2180 2139 2488 2211 χρήσασθαι
2520 2141 2599 2202 εἰς
2634 2138 2944 2210 μαρτυρίαν
2973 2138 3068 2192 τοῦ
3098 2139 3256 2207 λόγου
3287 2137 3380 2191 δύο
3411 2139 3694 2210 ψαλμοίς’

2095 2232 2592 2304 ἐπιγεγραμμένως
2641 2231 2698 2284 δὲ
2752 2231 2894 2284 κατὰ
2948 2230 3044 2284 τοῦ
3094 2232 3259 2284 Δα6¹ιδ
3313 2232 3564 2302 χρόνους.
3621 2231 3694 2284 Τὸ

2091 2323 2394 2395 τηνικαῦτα
2425 2322 2533 2393 γάρ
2565 2316 2646 2385 εἷς
2679 2321 2788 2375 τῶν
2829 2322 3161 2394 ἱεροψαλτῶν
3193 2325 3223 2376 ό
3263 2323 3435 2393 Ἀσάφ
3475 2325 3691 2392 τυγχά-

2092 2428 2220 2476 νων,
2257 2411 2333 2476 ὡς
2365 2413 2422 2464 ἐν
2454 2414 2520 2482 τῇ
2559 2411 2726 2482 βίϐλῳ
2765 2411 2988 2482 φέρεται
3021 2411 3129 2466 τῶν
3161 2413 3689 2484 Παραλειπομένων,

2093 2505 2221 2567 τοὺς
2269 2503 2784 2576 ἐπιγεγραμμένους
2835 2502 2998 2555 αὑτὸν
3043 2503 3292 2574 ψαλμοὺς
3339 2501 3473 2573 θείῳ
3518 2504 3694 2556 Πνεύ-

2097 2612 2226 2665 ματι
2254 2595 2666 2667 προσεφώνησε.
2684 2595 2749 2647 Τί
2779 2594 2842 2666 δὴ
2868 2576 2961 2648 οὖν
2985 2595 3333 2666 περιέχουσιν
3360 2595 3411 2647 οί
3441 2594 3655 2666 ψαλμοί
3675 2612 3689 2658 ;

2094 2689 2429 2760 προρρήσεις
2486 2688 2586 2758 τῆς
2619 2687 2936 2758 πολιορκίας
2983 2687 3085 2757 τῆς
3145 2685 3434 2756 βασιλικῆς
3478 2687 3692 2750 πόλεως

2093 2780 2188 2832 τοῦ
2226 2779 2498 2833 Ἰουδαίων
2549 2778 2758 2844 ἔθνους,
2789 2780 2912 2850 ἥτις
2941 2778 3167 2846 γέγονεν
3207 2777 3377 2846 ἐγγύς
3409 2793 3518 2830 που
3563 2796 3691 2832 πεν-

2094 2874 2364 2937 τακοσίοις
2412 2873 2556 2926 ἔτεσι
2585 2873 2724 2944 μετὰ
2757 2872 2854 2944 τὴν
2889 2872 3213 2945 πρόρρησιν.
3251 2871 3417 2942 Λέγει
3457 2872 3506 2927 δ’
3539 2869 3632 2928 οὖν
3661 2876 3690 2927 ό

2097 2964 2495 3034 ἐϐδομηκοστὸς
2550 2965 2732 3036 τρίτος
2778 2965 3261 3036 ἐπιγεγραμμένος
3304 2966 3578 3030 συνέσεως
3609 2967 3689 3038 τῷ

2115 3057 2309 3126 Ἀσάφ,
2332 3075 2350 3108 t
2383 3059 2497 3110 ’Ίνα
2527 3058 2578 3110 τί
2603 3056 2830 3124 ἀπώσω,
2847 3059 2876 3110 6
2901 3056 3053 3122 Θεὸς,
3091 3059 3170 3120 είς
3186 3057 3339 3122 τέλος
3356 3076 3371 3124 ;
3391 3058 3642 3131 ὠργίσθη
3660 3062 3689 3112 6

2099 3143 2270 3216 θυμός
2318 3161 2412 3198 σου
2458 3144 2550 3198 ἐπὶ
2595 3146 2842 3216 πρόϐατα
2891 3145 3066 3218 νομῆς
3114 3163 3242 3212 σου;
3283 3149 3559 3220 μνήσθητι
3589 3149 3692 3218 τῆς

2099 3237 2424 3308 συναγωγῆς
2471 3256 2601 3304 σου,
2643 3234 2712 3310 ἦς
2742 3241 2958 3311 ἐκτήσω
2985 3241 3082 3294 ἀπ’
3133 3241 3340 3312 ἀρχῆς,
3393 3239 3691 3315 ἐλυτρώσω

2101 3331 2293 3404 ρἀδον
2355 3331 2719 3404 κληρονομίας
2753 3349 2866 3387 σου.
2906 3335 3071 3405 Ὄρος
3109 3333 3248 3388 Σιὼν
3279 3332 3473 3397 τοῦτο,
3495 3335 3524 3387 δ
3556 3352 3691 3388 κατ-

2097 3425 2412 3496 εσκήνωσας
2453 3425 2511 3476 ἐν
2543 3423 2712 3494 αὐτῷ,
2741 3424 2942 3495 ἔπαρον
2985 3423 3086 3488 τάς
3112 3427 3300 3496 χεῖράς
3339 3443 3435 3479 σου
3467 3426 3561 3478 ἐπὶ
3590 3426 3693 3488 τὰς

2098 3518 2473 3588 ὑπερηφανίας
2505 3517 2684 3570 αὐτῶν
2715 3517 2795 3580 είς
2839 3516 3010 3580 τέλος.
3041 3518 3180 3572 Ὅσα
3224 3519 3635 3590 ἐπονηρεύσατο
3660 3519 3690 3570 6

2097 3608 2290 3680 ἐχθρὸς
2345 3610 2402 3662 ἐν
2453 3612 2564 3674 τοῖς
2621 3610 2796 3677 ἁγίοις
2848 3626 2963 3674 σου,
3019 3610 3112 3662 καὶ
3147 3611 3594 3682 ἐνεκαυχήσαντο
3641 3612 3693 3662 oi.

2101 3701 2386 3772 μισοῦντές
2416 3718 2475 3754 σε
2522 3703 2580 3754 ἐν
2642 3702 2792 3772 μέσῳ
2831 3701 2932 3771 τῆς
2963 3702 3159 3774 ἑορτῆς
3215 3720 3330 3764 σου,
3385 3703 3574 3756 ἔθεντο
3623 3703 3692 3756 τὰ

2099 3795 2300 3864 σημεῖα
2337 3793 2516 3847 αὐτῶν
2543 3797 2744 3864 σημεῖα
2764 3808 2782 3826 °
2820 3794 2914 3847 καὶ
2961 3795 3060 3846 οὐκ
3092 3794 3334 3860 ἔγνωσαν
3367 3794 3446 3857 ὡς
3479 3797 3561 3857 είς
3591 3795 3693 3865 τὴν

2097 3883 2272 3948 ἔξοδον
2328 3885 2605 3956 ὑπεράνω.
2652 3885 2739 3948 Ὡς
2788 3887 2846 3937 ἐν
2877 3885 3066 3956 δρυμῷ
3099 3884 3299 3949 ξύλων,
3347 3884 3565 3951 ἀξίναις
3607 3885 3694 3949 ἐξ·

2098 3974 2300 4044 έκοψαν
2331 3973 2430 4038 τὰς
2457 3974 2627 4046 θύρας
2659 3975 2830 4045 αὐτῆς
2864 3976 2957 4028 ἐπὶ
2991 3977 3052 4029 τὸ
3083 3976 3233 4038 αὐτὸ,
3257 3979 3316 4028 ἐν
3343 3976 3567 4030 πελέκει
3595 3979 3691 4030 καὶ

2094 4068 2434 4140 λαξευτηρίῳ
2465 4067 2807 4140 κατέρῤαξαν
2842 4068 3031 4138 αὐτήν.
3071 4067 3431 4137 Ἐνεπύρισαν
3463 4069 3525 4119 ἐν
3558 4067 3692 4139 πυρὶ

2093 4162 2155 4214 τὸ
2189 4162 2542 4232 ἀγιαστήριόν
2571 4177 2684 4224 σου,
2719 4163 2799 4225 εἰς
2824 4162 2922 4232 τὴν
2952 4161 3054 4230 γῆν
3089 4159 3438 4230 ἐϐεϐήλωσαν
3457 4160 3522 4212 τὸ
3553 4162 3692 4230 σ’κή·⁵

2095 4271 2253 4325 νωμα
2285 4253 2381 4306 τοῦ
2407 4253 2667 4324 ὀνόματός
2700 4269 2814 4306 σου.
2847 4273 2866 4304 ι
2891 4252 3078 4306 Ταῦτα
3102 4252 3201 4324 μὲν
3227 4255 3255 4304 6
3281 4252 3692 4322 ἐϐδομηκοστὸς

2093 4347 2276 4420 τρίτος
2303 4346 2514 4418 ψαλμός
2535 4363 2548 4377 ·
2595 4346 2689 4400 καὶ
2735 4349 2764 4400 6
2795 4345 3191 4417 ἑϐδομηκοστὸς
3221 4345 3277 4397 δὲ
3335 4344 3559 4413 ὄγδοος,
3594 4345 3692 4398 τοῦ

2108 4441 2281 4510 Ἀσάφ
2329 4440 2422 4494 καὶ
2465 4438 2630 4503 αὐτὸς
2672 4439 2987 4509 τυγχάνων,
3040 4439 3167 4491 τάδε
3214 4439 3497 4508 περιέχει·
3560 4460 3581 4492 ε
3633 4443 3690 4494 Ὀ

417 4532 474 4583 in
507 4536 652 4584 terra
680 4528 994 4597 polluerunt
1017 4522 1432 4578 tabernaculum
1467 4519 1708 4575 nominis
1743 4518 1822 4572 tui
1851 4520 1918 4570 ἰ.
1965 4537 1984 4568 ι

2101 4529 2265 4593 Θεὸς,
2318 4529 2638 4599 είσήλθοσαν
2670 4529 2796 4601 ἔθνη
2851 4533 2932 4593 εἰς
2977 4531 3075 4602 τὴν
3134 4529 3502 4601 κληρονομίαν
3569 4551 3689 4594 σου,

418 4619 543 4674 Haec
563 4619 783 4691 quidem
833 4615 1270 4687 septuagesimus
1317 4613 1512 4668 tertius
1555 4613 1823 4684 psalmus.
1890 4610 1990 4665 Se-

413 4712 789 4782 ptuagesimus
803 4715 984 4764 autem
998 4717 1248 4774 octavus,
1265 4707 1358 4777 qui
1374 4707 1490 4776 ipse
1520 4719 1737 4775 quoque
1750 4710 1834 4758 est
1850 4703 1991 4757 Asa-

413 4802 651 4874 phi,hmc
676 4800 922 4855 continet
950 4817 994 4854 ε(
1020 4799 1184 4862 Deus,
1212 4805 1480 4854 venerunt
1493 4793 1992 4868 gentesinhaaredi-

415 4903 580 4948 tatem
600 4901 768 4955 tuam,
784 4892 1096 4961 polluerunt
1111 4891 1368 4960 templum
1386 4897 1638 4945 sanctum
1654 4895 1994 4956 tuum,posu—

414 4984 890 5040 eruntJerusalem
915 4982 1075 5053 quasi
1110 4997 1399 5053 pomorum
1433 4981 1762 5043 custodiam,
1790 4993 1992 5049 posue-

417 5085 549 5131 runt
593 5076 889 5132 morticina
919 5091 1203 5132 servorum
1227 5085 1448 5131 tuorum
1474 5088 1632 5130 escas
1673 5073 1992 5128 volatilibus

417 5169 567 5233 cmli,
589 5183 784 5224 carnes
797 5177 1111 5223 sanctorum
1128 5175 1344 5223 tuorum
1369 5167 1562 5223 bestiis
1580 5174 1740 5222 terrae
1770 5168 1836 5217 “.
1869 5185 1888 5217 ι
1913 5164 1992 5218 Ex

419 5261 504 5315 his
528 5275 592 5316 ea
613 5276 734 5330 quae
744 5262 896 5330 prius
916 5261 1148 5316 recitata
1175 5268 1322 5325 sunt,
1347 5261 1470 5316 dico
1487 5269 1664 5315 autem
1680 5273 1764 5322 ea,
1788 5274 1908 5328 qua:
1925 5259 1994 5312 de

419 5355 823 5424 septuagesimo
835 5355 1045 5423 psalmo
1056 5355 1296 5424 accepim
1306 5354 1653 5424 us,praedicta
1675 5352 1993 5409 suntadhuc

419 5450 683 5513 regnante
698 5443 1187 5514 David,antequam
1211 5445 1470 5514 templum
1497 5461 1527 5499 a
1552 5443 1846 5499 Salomone
1865 5458 1992 5498 con-

418 5541 688 5590 structum
713 5544 878 5592 esset.
894 5536 1056 5609 5.65
1076 5536 1181 5592 Sed
1205 5552 1363 5592 suum
1389 5537 1547 5592 linem
1565 5538 1863 5606 contigere,
1883 5551 1990 5590 non

2097 4621 2326 4693 ἐμίαναν
2359 4621 2450 4674 τὸν
2480 4621 2606 4674 ναὸν
2629 4621 2720 4675 τὸν
2754 4621 2908 4690 ἆγιόν
2940 4640 3052 4676 σου.
3079 4622 3298 4676 Ἐθεντο
3330 4624 3690 4697 Ἰερουσαλὴμ

2098 4714 2173 4776 ὡς
2199 4712 2663 4784 όπωροφυλάκιον,
2694 4712 2877 4767 ἔθεντο
2909 4714 2978 4767 τά
3011 4715 3309 4785 θνησιμαῖα
3334 4716 3444 4769 τῶν
3478 4717 3691 4772 δούλων

2101 4821 2194 4857 σου
2229 4805 2491 4877 βρώματα
2534 4807 2646 4868 τοῖς
2679 4809 2942 4870 πετεινοῖς
2970 4807 3062 4859 τοῦ
3105 4808 3334 4879 ούρανοῦ
3354 4850 3368 4874 ,
3410 4810 3512 4872 τὰς
3549 4813 3685 4883 acip-

2101 4913 2202 4959 κας
2232 4895 2342 4949 τῶν
2371 4897 2532 4950 ὁσίων
2564 4915 2657 4950 σου
2679 4901 2792 4960 τοῖς
2812 4898 3019 4970 θηρίοις
3049 4900 3147 4970 τῆς
3173 4900 3296 4970 γῆς.
3327 4919 3345 4951 ι
3375 4900 3601 4954 Τούτων
3628 4901 3686 4954 δὲ

2096 4987 2164 5040 τὰ
2210 4989 2308 5058 μὲν
2352 4989 2564 5060 πρῶτα,
2594 4989 2739 5058 λέγω
2769 4989 2824 5042 δέ
2856 4990 2925 5043 τά
2971 4989 3080 5043 ἀπὸ
3131 4991 3225 5043 τοῦ
3273 4991 3681 5063 ἑϐδομηκοποῦ

2097 5077 2280 5150 τρίτου
2309 5078 2558 5150 ψαλμοῦ,
2596 5081 2780 5151 εἴρητο
2821 5079 3193 5149 βασιλεύοντος
3223 5079 3304 5132 ἔτι
3345 5081 3442 5133 τοῦ
3488 5081 3679 5144 Δαεὶδ,

2099 5170 2206 5241 πρὸ
2241 5170 2338 5223 τοῦ
2374 5171 2462 5224 τὸν
2496 5171 2624 5225 ναὸν
2652 5171 2758 5224 ὑπὸ
2795 5169 3104 5241 Σολομῶνος
3127 5170 3639 5241 κατασκευασθῆναι
3660 5189 3676 5201 ·

2098 5261 2284 5324 τέλους
2315 5263 2372 5316 δὲ
2402 5263 2588 5333 ἔτυχεν
2637 5264 2738 5317 οὐκ
2779 5262 2965 5317 ἄλλοτε
2999 5262 3032 5332 ἢ
3064 5261 3281 5334 πρῶτον
3315 5263 3413 5333 μὲν
3444 5262 3536 5315 ἐπὶ
3574 5261 3678 5336 τῆς

2100 5351 2452 5406 Βαϐυλωνίων
2505 5353 2840 5424 πολιορκίας,
2884 5353 3134 5425 δεύτερον
3169 5354 3226 5407 δὲ
3266 5355 3361 5405 ἐπὶ
3412 5353 3505 5406 τοῦ
3544 5355 3678 5412 Ῥωτ

2103 5443 2298 5514 μα’ἱκοῦ
2340 5444 2475 5513 πρὸς
2515 5445 2801 5509 Ἰουδαίους
2853 5446 3086 5516 πολέμου
3108 5463 3122 5476 ·
3170 5445 3377 5499 ἕκαστα
3414 5445 3520 5516 γὰρ
3568 5445 3678 5496 τῶν

2099 5536 2401 5606 εἰρημένων
2446 5535 2747 5608 ἐπληροῦτο
2781 5537 2873 5590 ἐπί
2922 5555 2982 5591 τε
3025 5538 3124 5608 τῆς
3175 5535 3399 5608 πρώτης
3427 5539 3519 5590 καὶ
3558 5536 3678 5591 δευ-

489 5715 535 5749 ³⁰
568 5715 714 5774 Psal.
750 5734 817 5773 η
841 5758 854 5783 ,
883 5718 1043 5774 2-15.
1120 5721 1160 5750 ²¹
1204 5717 1347 5773 Psal.
1381 5731 1586 5778 Lxxm,
1622 5715 1737 5770 1-7.
1815 5717 1859 5747 ”
1901 5714 2045 5769 Psal.
2082 5729 2324 5782 Lxxvm,
2366 5716 2416 5780 l,
2440 5714 2496 5768 2.
