3836 6220
183 374 286 432 ἠί

1090 369 1739 428 DEMONSTRATIONIS
1777 372 2234 430 EVANGELICE
2268 373 2379 428 LIB
2415 374 2481 430 Χ.

3325 384 3444 441 712‘

179 495 350 563 τέρας
372 487 466 542 τοῦ
493 487 638 560 ίεροῦ
674 485 1048 555 κατασκαφῆς,
1075 486 1489 557 προγνωσθέντα
1518 488 1612 540 καὶ
1634 489 1755 541 ἀνα-

1866 490 2024 554 alias,
2061 505 2224 559 quam
2252 488 2420 544 semel
2447 487 2666 558 quidem
2684 488 3069 559 populantibus
3093 487 3427 564 Babyloniis:

182 583 505 656 φωνηθέντα
550 583 609 634 ἐν
670 581 780 642 τοῖς
824 577 1134 649 εἰρημένοις
1184 577 1431 648 Ψαλμοῖς
1499 580 1604 632 ὑπὸ
1665 579 1758 632 τοῦ

197 677 392 745 Ἀσάφ.
425 675 505 728 Τὰ
530 673 587 727 δὲ
606 671 834 742 δεύτερα
855 670 964 725 άπὸ
983 669 1078 724 τοῦ
1109 670 1508 742 ἐϐδομηκοστοῦ
1538 672 1725 740 ὀγδόου
1743 713 1757 736 ,

181 766 490 840 ἐπληροῦτο
534 763 676 819 κατὰ
714 762 844 825 τοὺς
891 762 1164 830 Ἀντιόχου
1211 763 1454 834 χρόνους,
1493 762 1587 816 τοῦ
1627 763 1759 833 κλη-

181 863 370 924 θέντος
415 855 758 926 Ἐπιφανοῦς,
789 855 868 918 ὃς,
896 856 996 926 τῆς
1037 854 1236 927 Συρίας
1275 854 1614 924 βασιλεύσας,
1656 859 1760 912 ύπ-

181 957 377 1025 ἀγεται
418 952 515 1023 μὲν
549 949 618 1004 τά
654 949 1014 1020 Ἰεροσόλυμα,
1059 948 1258 1019 μιαίνει
1285 949 1342 1002 δέ
1380 950 1469 1003 τὸν
1497 949 1641 1016 ναὸν,
1667 953 1760 1005 καὶ

181 1047 440 1119 καθαιρεῖ
481 1042 543 1098 τὸ
601 1043 1014 1112 θυσιαστήριονο
1058 1041 1245 1094 ἔπειτα
1291 1043 1420 1106 τοὺς
1479 1044 1760 1108 Ἰουδαίους

193 1136 539 1207 Ἑλληνίςων,
577 1133 860 1196 πλείστους
889 1133 1046 1196 ὅσους
1075 1133 1254 1186 αὐτῶν
1293 1134 1492 1205 ἄνδρας
1539 1137 1634 1188 καὶ
1661 1152 1759 1204 γυ-

177 1233 375 1294 ναῖκας
422 1229 562 1299 ὑπὲρ
609 1225 703 1279 τοῦ
747 1225 952 1278 οίκείου
1001 1226 1164 1297 νόμου
1216 1227 1312 1280 καὶ
1356 1228 1456 1298 τῆς
1502 1227 1760 1298 πατρῴας

176 1323 462 1387 εὐσεϐείας
504 1319 712 1392 ἀνῄρει,
742 1317 1010 1382 ποικίλαις
1042 1317 1492 1392 προαικιζόμενος
1529 1320 1758 1390 τιμωρί-

181 1435 296 1482 αις.
323 1417 420 1480 Είς
467 1416 671 1466 ἐκεῖνον
701 1410 986 1482 τοιγαροῦν
1023 1411 1114 1464 τὸν
1155 1411 1364 1481 καιρὸν,
1399 1413 1492 1465 καὶ
1523 1413 1604 1476 είς
1635 1413 1760 1476 τοὺς

181 1508 326 1581 μετὰ
367 1504 539 1561 ταῦτα
587 1501 665 1573 τῷ
722 1501 977 1571 Ἀντιόχῳ
1011 1500 1080 1554 τὰ
1124 1499 1213 1553 ἴσα
1251 1500 1581 1571 πράξαντας,
1629 1503 1762 1555 ἀνα-

176 1599 351 1668 φωνεῖ
409 1598 438 1650 ὁ
508 1596 678 1666 Ἀσὰφ
741 1589 804 1642 τὸ
849 1590 956 1645 ἀπὸ
993 1589 1087 1643 τοῦ
1141 1590 1537 1662 ἐϐδομηκοστοῦ
1574 1592 1758 1661 ὀγδόου

174 1687 414 1759 ψαλμοῦ.
462 1688 744 1759 Μαρτυρεῖ
793 1685 849 1738 δὲ
902 1680 980 1752 τῷ
1023 1679 1165 1750 λόγῳ
1195 1682 1228 1750 ἠ
1262 1679 1368 1732 τῶν
1411 1680 1759 1752 καλουμένων

176 1779 554 1834 Μακκαϐαίων
608 1777 815 1850 γραφὴ,
873 1772 1060 1826 τοῦτον
1127 1770 1322 1842 ἔχουσα
1365 1772 1460 1826 τὸν
1521 1773 1754 1844 τρόπον·

184 1889 205 1922 ι
247 1872 360 1924 Καὶ
407 1869 983 1942 προσεπισυνήχθησαν
1017 1867 1152 1939 πρὸς
1193 1866 1460 1936 Ἰάκειμον
1488 1866 1581 1918 καὶ
1614 1865 1755 1917 Βακ-

175 1962 334 2033 χίδην
392 1962 679 2032 συναγωγὴ
734 1960 1104 2031 γραμματέων
1141 1959 1444 2028 ἐκζητοῦσα
1486 1959 1688 2012 δίκαια.
1733 1979 1752 2010 ι

175 2053 292 2106 Καὶ
313 2051 442 2121 ἑξῆς
469 2051 742 2120 ἐπιλέγει·
769 2071 786 2102 ι
814 2053 925 2104 Καὶ
958 2049 1169 2120 ὤμοσεν
1196 2050 1380 2112 αὐτοῖς
1400 2049 1573 2118 λέγων
1592 2066 1604 2079 ·
1643 2051 1759 2103 Ούκ

174 2142 554 2215 ἐκζητήσομεν
584 2144 712 2215 ὑμῖν
744 2143 933 2207 κακὸν,
951 2144 1047 2196 καὶ
1078 2144 1191 2205 τοῖς
1219 2141 1392 2211 φίλοις
1434 2141 1586 2212 ὑμῶν
1605 2159 1619 2173 ·
1663 2144 1758 2195 καὶ

175 2232 568 2287 ἐνεπίστευσαν
613 2231 794 2302 αὐτῷ’
842 2232 938 2287 καὶ
998 2231 1286 2284 συνέλαϐεν
1327 2230 1386 2296 ἐξ
1422 2231 1600 2285 αὐτῶν
1627 2231 1755 2303 ἐξή-

174 2341 345 2380 κοντα
377 2324 596 2397 ἄνδρας,
637 2325 731 2378 καὶ
759 2324 1077 2378 ἀπέκτεινεν
1107 2324 1302 2387 αὐτοὺς
1323 2325 1380 2377 ἐν
1411 2324 1596 2396 ἡμέρᾳ
1637 2326 1753 2396 μιᾷ,

175 2417 322 2471 κατὰ
354 2417 444 2469 τὸν
474 2417 629 2486 λόγον
669 2416 838 2485 Ἀσάφ
866 2417 926 2470 ὃν
955 2415 1210 2486 ἔγραψεν,
1238 2415 1444 2470 ἔδωκαν
1474 2415 1545 2469 τὰ
1570 2416 1756 2488 θνησι-

177 2511 317 2580 μαῖα
364 2508 471 2561 τῶν
525 2507 723 2561 δούλων
780 2525 872 2562 σου
921 2507 1184 2579 βρώματα
1214 2510 1328 2571 τοῖς
1364 2510 1628 2571 πετεινοῖς
1660 2506 1754 2560 τοῦ

173 2598 432 2671 ούρανοῦ,
465 2599 674 2670 σάρκας
698 2597 869 2662 ,ὁσίων
911 2615 1005 2652 σου
1037 2601 1151 2662 τοῖς
1181 2599 1340 2664 ζώοις
1380 2600 1478 2671 τῆς
1513 2600 1636 2670 γῆς,
1675 2601 1758 2654 αἴ·-

177 2707 328 2761 ματα
370 2690 546 2744 αὐτῶν
570 2690 791 2761 ἐξέχεαν
819 2691 1002 2762 κύκλῳ
1037 2690 1409 2762 Ἰερουσαλὴμ,
1435 2693 1526 2744 καὶ
1560 2693 1659 2745 οὐκ
1689 2688 1757 2763 ἦν

171 2783 204 2834 ὁ
225 2782 468 2836 θάπτων.
503 2801 523 2834 ι
553 2782 771 2835 Τούτων
804 2782 946 2859 οὕτω
980 2782 1398 2854 προρρηθέντων
1432 2784 1526 2836 καὶ
1564 2784 1759 2837 ἀποτε-

173 2873 498 2939 λεσθέντων,
533 2875 593 2927 ού
626 2874 956 2945 θαυμαστὸν,
985 2875 1033 2927 εί
1067 2873 1207 2930 κατὰ
1235 2875 1327 2928 τὸν
1365 2875 1526 2927 αὐτὸν
1559 2875 1758 2946 τρόπον

173 2969 275 3022 καὶ
344 2967 414 3021 τὰ
462 2966 856 3038 προεκτεθέντα
899 2965 992 3019 τοῦ
1037 2967 1475 3038 τεσσαρακοστοῦ
1541 2965 1757 3037 ψαλμοῦ

172 3057 335 3128 λόγια
389 3057 640 3128 σημαίνει
686 3056 755 3109 τὰ
795 3056 1053 3127 μέλλοντα
1095 3056 1312 3111 ἔσεσθαι
1358 3057 1498 3112 κατὰ
1539 3057 1627 3110 τὸν
1657 3057 1757 3128 τῆς

1861 583 2060 636 iterum
2078 589 2257 636 autem
2272 581 2412 638 bello
2424 582 2568 652 quod
2590 585 2877 639 adversum
2889 582 3105 639 Judaeos
3117 599 3146 636 a
3169 584 3429 642 Romanis

1862 681 2075 744 gestum
2106 681 2212 738 est,
2237 675 2666 746 unumquodque
2706 676 2850 732 enim
2875 691 3094 740 eorum,
3119 693 3242 749 quat
3281 679 3431 734 dicta

1861 773 2012 829 sunt,
2044 767 2374 838 completum
2409 775 2492 824 est
2536 776 2648 823 tam
2681 769 2858 840 prima
2889 770 3076 843 templi
3121 772 3426 837 eversione,

1859 873 2023 928 quam
2053 874 2117 914 ea
2156 875 2278 930 quae
2320 869 2506 916 secuta
2535 869 2640 926 εει,
2684 863 2901 919 tametsi
2940 863 2996 917 in
3028 863 3180 919 hisce
3215 864 3428 919 duobus

1859 950 2086 1020 psalmis
2123 959 2177 1006 et
2207 954 2488 1022 provisum
2534 962 2590 1009 et
2618 955 2964 1010 enuntiatum
3004 964 3108 1011 est.
3144 955 3275 1022 Quae
3301 972 3428 1011 vero

1860 1041 2102 1096 secundo
2127 1040 2249 1096 loco
2271 1039 2644 1110 recitavimus,
2671 1053 2726 1100 et
2747 1059 2777 1097 a
2807 1046 3210 1116 septuagesimo
3235 1053 3428 1103 octavo

1859 1132 2070 1201 psalmo
2117 1132 2448 1203 accepimus,
2502 1135 2773 1205 completa
2831 1144 2960 1191 sunt
3008 1137 3129 1207 ejus
3173 1137 3430 1193 Antiochi

1859 1223 2219 1292 temporibus,
2264 1225 2360 1294 qui
2391 1232 2620 1281 vocatus
2653 1236 2738 1282 est
2783 1227 3041 1291 lllustris,
3087 1227 3181 1298 qui
3215 1243 3339 1283 cum
3373 1232 3429 1284 in

1861 1311 2018 1384 Syria
2043 1325 2314 1385 regnaret,
2351 1316 2548 1388 irrupit
2593 1317 2813 1388 quidem
2842 1318 2899 1374 in
2944 1319 3137 1374 urbem
3173 1317 3433 1374 Hieroso-

1860 1405 2024 1476 lyma,
2049 1405 2270 1462 foedavit
2291 1423 2424 1465 vero
2451 1409 2738 1479 templum,
2765 1418 2821 1466 et
2857 1411 3232 1467 sanctuarium
3278 1427 3433 1466 ever-

1858 1499 1943 1554 tit.
1970 1498 2216 1570 Dumque
2260 1499 2481 1558 Judaeos
2519 1499 2834 1560 Graecorum
2877 1504 3121 1560 moribus
3172 1505 3319 1574 cogit
3352 1506 3434 1558 ιι-

1857 1605 2008 1656 vere,
2042 1592 2475 1662 quamplurimos
2511 1609 2703 1650 eorum
2729 1601 2839 1648 tam
2871 1609 3049 1650 mares
3077 1610 3242 1666 quam
3277 1595 3434 1650 femi-

1860 1697 1979 1747 nas,
2007 1682 2101 1752 qui
2130 1698 2308 1754 neque
2339 1685 2589 1755 proprias
2622 1686 2770 1756 leges
2801 1700 2978 1756 neque
3009 1687 3245 1756 patriam
3268 1687 3436 1756 pieta-

1860 1780 1970 1828 tem
1992 1773 2244 1830 deserere
2279 1775 2554 1843 volebant,
2578 1776 2745 1833 variis
2771 1777 2926 1847 prius
2971 1785 3194 1835 vexatos
3222 1778 3431 1849 suppli-

1859 1864 1982 1925 ciis,
2016 1864 2309 1921 interfecit.
2341 1865 2402 1920 ln
2433 1865 2566 1924 illud
2605 1880 2737 1937 ergo
2764 1875 3000 1937 tempus,
3025 1875 3080 1922 et
3109 1868 3165 1922 in
3198 1883 3294 1922 eos
3335 1869 3430 1937 qui

1857 1956 2110 2026 posthac,
2141 1957 2333 2013 eadem
2365 1973 2486 2028 quae
2513 1959 2817 2014 Antiochus
2847 1961 3204 2029 patraverint,
3232 1961 3431 2015 clamat

1855 2048 2040 2119 Asaph
2068 2064 2132 2105 ea
2159 2065 2282 2120 quae
2328 2055 2733 2129 septuagesimo
2771 2059 2966 2108 octavo
3009 2053 3220 2123 psalmo
3251 2054 3432 2106 conti--

1856 2148 2075 2194 nentur.
2103 2137 2291 2196 Fidem
2322 2139 2450 2195 huic
2480 2142 2559 2197 rei
2606 2141 2756 2207 facit,
2787 2156 2852 2198 ea
2899 2156 3022 2212 quae
3052 2149 3280 2196 vocatur
3317 2140 3432 2194 Ma-

1857 2231 2162 2286 cabaeorum
2194 2232 2447 2299 historia,
2472 2249 2594 2304 quae
2613 2235 2669 2288 in
2701 2234 2850 2289 hunc
2878 2233 3099 2293 modum
3133 2249 3193 2289 se
3222 2234 3385 2289 habet
3411 2253 3425 2288 :

1862 2338 1882 2372 ι
1912 2320 1978 2376 Ει
2006 2332 2382 2378 convenerunt
2412 2323 2482 2378 ad
2509 2321 2779 2378 Jacimum
2823 2331 2880 2380 et
2914 2323 3243 2380 Bacchidem
3289 2339 3427 2378 con-

1855 2413 2100 2484 gregatio
2126 2414 2432 2470 scribarum
2453 2415 2852 2485 requirentium
2875 2430 2995 2486 quae
3005 2416 3155 2486 justa
3178 2400 3420 2481 sunt",i

1855 2511 1913 2558 et
1941 2501 2200 2574 deinceps
2233 2502 2517 2575 adiungit:
2543 2522 2562 2556 ι
2587 2503 2654 2558 Ει
2676 2504 2884 2575 juravit
2911 2505 3022 2560 illis
3053 2504 3242 2560 dicens
3266 2524 3280 2559 :
3306 2504 3426 2559 Non

1856 2591 2155 2648 inferemus
2191 2592 2348 2649 vobis
2395 2594 2622 2658 malum,
2659 2608 2837 2664 neque
2875 2593 3066 2650 amicis
3107 2594 3328 2660 vestris,
3373 2603 3428 2649 ει.

1857 2683 2205 2741 crediderunt
2251 2685 2325 2750 ei,
2361 2694 2416 2742 et
2462 2685 2872 2757 comprehendit
2915 2702 2984 2742 ex
3021 2687 3090 2742 iis
3143 2686 3428 2757 sexaginta

1856 2777 2027 2841 viros,
2055 2783 2110 2832 et
2137 2777 2339 2832 occidit
2365 2792 2460 2834 eos
2489 2778 2546 2832 in
2579 2794 2688 2834 uno
2721 2778 2829 2845 die,
2864 2779 3164 2834 secundum
3200 2779 3427 2833 verbum

1855 2867 2041 2940 Asaph
2069 2868 2215 2940 quod
2257 2869 2500 2939 scripsit,
2523 2869 2790 2925 dederunt
2819 2871 3110 2926 morticina
3143 2885 3426 2925 servorum

1858 2967 2076 3014 tuorum
2120 2974 2280 3016 escas
2314 2959 2630 3017 volatilibus
2668 2962 2814 3028 εωιί,
2873 2977 3069 3017 carnes
3108 2968 3427 3017 sanctorum

1860 3062 2074 3107 tuorum
2104 3051 2296 3109 bestiis
2324 3060 2506 3119 terrae,
2544 3060 2975 3125 sanguinemque
3007 3069 3198 3110 eorum
3219 3052 3428 3110 effude-

171 3147 274 3203 τοῦ
316 3149 566 3220 Σωτῆρος
603 3149 757 3219 ἡμῶν
787 3149 1077 3221 ἐπιϐουλῆς
1103 3151 1314 3221 χρόνον,
1343 3151 1486 3221 ἆπερ
1517 3152 1590 3222 μὴ
1619 3151 1755 3204 πάν-

1859 3153 1986 3199 runt
2012 3147 2070 3200 in
2106 3145 2342 3200 circuitu
2381 3145 2706 3211 Jerusalem,
2759 3155 2814 3202 et
2845 3161 2957 3202 non
2984 3154 3102 3202 erat
3133 3147 3226 3216 qui
3269 3161 3426 3216 sepe~

172 3256 288 3294 των
320 3237 620 3310 ἀνθρώπων
651 3241 958 3304 συνιέντων,
994 3241 1139 3304 ὅπως
1175 3240 1345 3310 Λόγος
1373 3239 1447 3293 ὢν
1482 3241 1638 3304 Θεοῦ,
1661 3243 1755 3296 καὶ

176 3329 364 3398 σοφία,
400 3329 492 3381 καὶ
523 3327 654 3399 ζωὴ,
670 3329 762 3381 καὶ
789 3328 903 3398 φῶς
927 3329 1196 3399 ἀληθινὸν,
1215 3331 1308 3384 καὶ
1331 3331 1508 3384 πάντα
1531 3331 1755 3385 πλοῦτον

172 3418 400 3485 ἀγαθῶν
426 3418 779 3488 κεκτημένος,
809 3419 874 3470 δι’
903 3421 1049 3489 ἡμᾶς
1092 3418 1401 3489 ἐπτώχευσε
1455 3419 1633 3491 σάρκα
1663 3421 1757 3474 λα-

171 3509 310 3573 ϐὼν,
344 3511 438 3564 καὶ
479 3513 592 3575 τοῖς
622 3511 682 3564 τὸ
711 3511 865 3580 γένος
893 3511 1104 3582 θνητοῖς
1140 3511 1446 3584 ἀνθρώποις
1480 3515 1574 3566 καὶ
1613 3529 1758 3566 πτω-

170 3605 295 3674 χοῖς
326 3603 629 3672 όμοιωθεὶς,
648 3606 858 3674 μορφήν
879 3620 938 3654 τε
959 3602 1144 3658 δούλου
1171 3605 1264 3656 καὶ
1289 3603 1516 3673 πένητος
1535 3603 1721 3675 άνειλη
1761 3624 1765 3629 ·

172 3695 314 3764 φὼς,
341 3697 434 3749 καὶ
463 3695 692 3766 μάλιστα
716 3696 835 3750 καθ’
860 3696 917 3748 ὃν
942 3697 1130 3767 καιρὸν
1151 3696 1388 3768 ἐπλήρου
1411 3696 1509 3766 τὴν
1536 3696 1642 3749 ἀπὸ
1662 3695 1754 3749 τοῦ

170 3786 394 3859 ψαλμοῦ
440 3789 798 3860 προφητείαν,
858 3788 1080 3850 εἰκότως
1123 3788 1179 3840 ἐν
1231 3789 1371 3858 ἀρχῇ
1403 3786 1498 3839 τοῦ
1541 3786 1756 3856 ψαλμοῦ

175 3879 543 3954 μακαρίζεται
576 3880 604 3930 ὁ
630 3879 798 3932 ταῦτα
821 3881 948 3950 περὶ
979 3879 1144 3933 αὐτοῦ
1185 3879 1406 3941 συνιεὶς,
1430 3878 1753 3947 ἐπαγγελίας

173 3976 462 4042 τυγχάνων
491 3973 586 4043 τῆς
620 3972 1131 4043 ἀναγεγραμμένης.
1161 3969 1272 4024 Εἴθ’
1300 3971 1426 4042 ἑξῆς
1457 3973 1519 4024 ἐκ
1547 3969 1743 4042 προσώ-

173 4081 284 4118 που
301 4063 484 4116 λοιπὸν
505 4062 568 4133 δὴ
599 4062 692 4115 τοῦ
719 4063 946 4132 πένητος
981 4063 1075 4115 καὶ
1104 4061 1341 4131 πτωχοῦ,
1360 4060 1523 4114 αὑτοῦ
1556 4061 1760 4133 δηλαδὴ

171 4154 273 4208 τοῦ
316 4155 382 4208 δι’
410 4157 557 4228 ἡμᾶς
596 4154 1002 4224 πτωχεύσαντος
1045 4154 1293 4225 Σωτῆρος
1339 4152 1495 4224 ἡμῶν
1515 4193 1529 4218 ,
1582 4152 1732 4206 ἐπιλέ

173 4265 367 4318 γεταιο
409 4267 425 4298 ι
480 4247 619 4316 Ἐγὼ
667 4245 821 4300 εἷπα’
857 4247 1051 4318 Κύριε,
1105 4247 1324 4318 ἐλέησόν
1363 4265 1450 4318 με.
1495 4267 1514 4299 ι
1553 4250 1669 4302 ’Ότι
1699 4247 1756 4300 δε

173 4344 244 4396 ὲκ
275 4340 568 4411 προσώπου
593 4339 685 4392 τοῦ
718 4339 968 4410 Σωτῆρος
1008 4339 1076 4392 τὰ
1115 4342 1173 4392 ἐν
1218 4339 1295 4410 τῷ
1339 4339 1537 4410 ψαλμῷ
1567 4339 1744 4392 θεσπίο
1771 4378 1773 4380 -

173 4432 365 4498 ζεται,
402 4434 678 4505 αὐτάρκης
735 4432 944 4505 μάρτυς
990 4433 1018 4484 ὁ
1066 4434 1458 4504 εύαγγελιστὴς
1508 4434 1758 4504 Ἰωάννης

1861 3238 2058 3294 tiret“.
2094 3256 2115 3290 ι
2155 3236 2294 3292 Cum
2324 3238 2440 3293 haec
2485 3238 2543 3292 in
2571 3237 2718 3292 hunc
2745 3237 2966 3292 modum
2992 3244 3048 3293 et
3089 3237 3346 3307 praedicta
3374 3244 3429 3291 et

1856 3330 2123 3400 completa
2160 3330 2290 3395 sint,
2334 3330 2536 3384 mirum
2564 3329 2738 3385 videri
2780 3345 2890 3385 non
2936 3329 3116 3397 debet,
3161 3331 3208 3385 si
3235 3329 3426 3385 eodem

1857 3422 2018 3476 modo
2037 3422 2202 3476 etiam
2224 3422 2447 3476 oracula
2480 3421 2548 3476 de
2578 3421 2996 3492 quadragesimo
3025 3422 3234 3492 psalmo
3256 3436 3430 3491 nuper

1855 3526 2098 3585 accepta,
2127 3515 2260 3585 quid
2313 3513 2560 3570 futurum
2608 3523 2755 3572 esset
2804 3531 2909 3586 per
2947 3515 3002 3570 id
3046 3524 3278 3586 tempus,
3317 3530 3430 3584 quo

1854 3606 2024 3661 Judaei
2060 3608 2323 3663 adversus
2353 3606 2690 3663 Salvatorem
2723 3614 2972 3662 nostrum
3016 3607 3425 3675 conspirarunt,

1857 3696 2168 3768 signiﬁcant
2198 3717 2213 3753 :
2239 3714 2308 3753 ex
2336 3699 2537 3768 quibus
2587 3712 2712 3752 cum
2742 3695 2986 3752 universi
3033 3695 3286 3751 homines
3313 3708 3428 3749 non

1856 3791 2245 3862 intelligerent,
2277 3806 2518 3862 quonam
2566 3799 2729 3862 pacto
2771 3790 2868 3862 qui
2901 3788 3140 3844 Verbum
3187 3787 3284 3842 Dei
3315 3795 3422 3851 est,

1857 3893 1910 3940 et
1949 3884 2240 3953 sapientia,
2270 3892 2326 3939 et
2361 3885 2494 3948 vita,
2530 3890 2585 3939 et
2633 3884 2817 3938 lumen
2859 3895 3082 3946 verum,
3136 3886 3191 3934 et
3233 3893 3438 3934 omnes

1859 3976 2126 4032 bonorum
2167 3975 2386 4031 divitias
2417 3975 2728 4045 possidens,
2751 3981 2975 4044 propter
3016 3985 3119 4026 nos
3142 3977 3427 4040 assumpto

1854 4083 2102 4138 corpore,
2128 4075 2182 4122 et
2214 4082 2420 4138 pauper
2450 4074 2505 4122 et
2533 4073 2728 4120 natura
2759 4064 3081 4120 mortalibus
3112 4061 3434 4117 hominibus-

1857 4171 1910 4217 et
1934 4161 2120 4232 egenis
2158 4160 2357 4216 similis
2387 4159 2459 4215 sit
2487 4158 2687 4223 factus,
2731 4157 3074 4226 formamque
3099 4163 3154 4210 et
3196 4155 3341 4211 servi
3371 4163 3427 4210 et

1858 4253 2110 4323 pauperis
2157 4251 2448 4321 acceperit,
2480 4250 2717 4305 maxime
2760 4265 2870 4319 quo
2908 4256 3150 4318 tempore
3187 4247 3429 4317 comple-

1859 4345 1949 4400 bat
1998 4359 2062 4398 ea
2092 4357 2214 4414 quae
2242 4343 2309 4396 ad
2336 4342 2676 4412 prophetiam
2712 4341 2878 4410 hujus
2906 4338 3103 4409 psalmi
3128 4338 3425 4409 pertinent,

1857 4439 2052 4493 merito
2078 4438 2130 4492 in
2162 4437 2318 4490 initio
2348 4436 2565 4506 psalmi,
2595 4435 2642 4490 is
2670 4440 2731 4488 ut
2766 4433 2957 4489 beatus
2988 4429 3423 4493 commendatur,

172 4527 457 4596 τυγχάνει.
495 4526 718 4596 Ἱστορεῖ
749 4525 876 4598 γὰρ,
915 4527 994 4579 ὅτι
1045 4544 1064 4577 ι
1104 4525 1346 4579 Λαϐὼνὸ
1391 4524 1596 4596 Ἰησοῦς
1626 4543 1753 4579 ποτε

1857 4531 1952 4600 qui
1983 4531 2097 4584 haec
2126 4529 2194 4584 de
2223 4529 2317 4583 illo
2348 4525 2697 4590 intellexerit,
2735 4531 2922 4593 utpote
2972 4521 3065 4592 qui
3093 4519 3426 4591 promissum

172 4618 387 4672 λέντιον
420 4615 806 4689 περιεζώσατο,
841 4619 934 4671 καὶ
975 4618 1132 4684 νίψας
1167 4619 1293 4680 τοὺς
1318 4617 1484 4680 πόδας
1517 4617 1623 4671 τῶν
1653 4635 1756 4689 μα-

173 4707 361 4780 θητῶν
402 4709 564 4762 αὐτοῦ
606 4706 786 4763 εἶπεν·
826 4707 965 4777 Ἐγὼ
991 4702 1108 4762 οἶδα
1137 4708 1230 4773 οὓς
1261 4709 1608 4780 ἐξελεξάμην
1639 4709 1754 4764 ἀλλ’

173 4801 270 4856 ἵνα
317 4802 350 4871 ἡ
401 4800 590 4872 Γραφὴ
623 4801 923 4874 πληρωθῇ·
969 4802 1029 4855 ’0
1070 4800 1296 4874 τρώγων
1350 4803 1465 4872 μετ’
1499 4802 1634 4872 ἐμοῦ
1662 4802 1753 4857 τὸν

172 4892 346 4966 ἄρτον
391 4895 590 4966 ἐπῆρεν
640 4895 728 4946 ἐπ’
760 4893 858 4964 ἐμὲ
895 4893 992 4966 τὴν
1033 4895 1268 4966 πτέρναν
1311 4893 1496 4949 αὑτοῦ.
1529 4913 1547 4946 ι
1587 4894 1752 4947 Ποίαν

171 4985 291 5058 γὰρ
325 4984 714 5057 πεπληρῶσθαι
760 4986 977 5058 γραφὴν
1015 4988 1074 5040 ἐν
1104 4985 1313 5050 τούτοις
1353 4985 1539 5057 ἐδήλου
1571 4986 1687 5040 ἀλλ’
1720 4987 1753 5056 ἢ

170 5079 280 5150 τὴν
309 5078 403 5132 τοῦ
428 5079 567 5150 μετὰ
589 5083 774 5152 χεῖρας
793 5079 1008 5151 ψαλμοῦ
1041 5081 1100 5135 ἐν
1129 5073 1174 5148 ᾧ
1205 5080 1439 5152 εἴρηταν
1461 5100 1479 5132 ‹
1517 5081 1627 5134 Καὶ
1648 5080 1756 5152 γὰρ

169 5157 207 5225 ὁ
238 5171 526 5243 ἄνθρωπος
543 5171 644 5241 τῆς
673 5173 894 5244 εἰρήνης
915 5189 1036 5243 μου,
1065 5173 1148 5242 ἐφ’
1176 5173 1234 5226 ὃν
1255 5173 1480 5242 ἤλπισα,
1504 5173 1532 5224 ὁ
1561 5171 1753 5226 ἐσθίων

170 5263 381 5334 ἄρτους
428 5279 552 5333 μου,
587 5264 914 5335 ἐμεγάλυνεν
955 5266 1040 5318 ἐπ’
1069 5263 1170 5334 ἐμὲ
1199 5263 1558 5334 πτερνισμόν;
1592 5281 1610 5314 ι
1644 5264 1754 5334 Φη-

174 5356 266 5409 σὶν
297 5350 393 5408 οὖν
425 5355 750 5428 ἀρχόμενος·
784 5374 802 5408 ι
846 5353 986 5424 Ἐγὼ
1017 5351 1177 5408 εἶπα·
1210 5353 1639 5426 Κύριε,ἐλέησόν
1664 5371 1754 5424 με,

176 5444 334 5499 ἴασαι
360 5446 462 5516 τὴν
491 5446 668 5517 ψυχήν
703 5447 924 5517 μου,ὃτι
943 5443 1188 5517 ἥμαρτόν
1221 5460 1334 5497 σοι·
1365 5461 1385 5495 ι
1425 5443 1518 5497 καὶ
1546 5442 1611 5496 δι’
1632 5443 1755 5497 ὅλου

171 5535 274 5591 τοῦ
303 5537 520 5609 ψαλμοῦ
540 5555 553 5568 ·
579 5539 722 5610 άπερ
758 5537 1082 5608 σαφέστερον
1102 5539 1130 5590 ό
1151 5535 1442 5607 Σύμμαχος
1470 5533 1657 5588 τοῦτον
1672 5533 1758 5600 ἐξ-

172 5628 351 5684 έδωκε
372 5629 463 5683 τὸν
494 5629 723 5701 τρόπον’
763 5647 784 5684 ‹
825 5628 988 5702 Ἐμοῦ
1021 5628 1297 5698 λέγοντος·
1332 5625 1527 5698 Κύριε,
1559 5624 1758 5681 οἴκτει-

1861 4621 2091 4694 publicae
2144 4619 2421 4674 memoriae
2466 4619 2728 4672 traditum
2789 4616 3050 4671 obtineat.
3078 4613 3242 4685 466
3287 4612 3428 4667 Tum

1859 4712 2137 4780 deinceps,
2168 4711 2314 4780 quod
2345 4716 2616 4780 superest,
2650 4723 2716 4763 ex
2750 4707 2924 4778 ipsius
2971 4706 3226 4776 pauperis
3265 4712 3428 4775 atque

1859 4803 2012 4872 egeni
2039 4816 2298 4871 persona.
2337 4800 2514 4870 ipsius
2562 4799 2820 4856 videlicet
2875 4796 3177 4852 Salvatoris
3223 4796 3424 4859 nostri,

1858 4894 1955 4964 qui
1984 4900 2206 4964 propter
2230 4909 2332 4949 nos
2358 4893 2577 4963 inopem
2619 4892 2788 4947 vitam
2818 4889 3139 4960 assumpsit,
3172 4889 3394 4959 adjungi
3423 4924 3429 4930 .

1857 4995 1988 5040 tur:
2031 5004 2051 5038 ι
2088 4985 2203 5057 Ego
2233 4987 2370 5052 dixi,
2404 4986 2653 5052 Domine,
2695 4985 2955 5043 miserere
2996 4984 3104 5038 mei
3119 4984 3184 5037 “.
3224 5003 3242 5035 ι
3270 4983 3439 5049 Quod.

1856 5093 1988 5134 vero
2008 5094 2076 5133 ex
2108 5094 2343 5149 persona
2379 5078 2699 5145 Salvatoris,
2721 5094 2843 5148 qua:
2878 5072 2945 5132 ad
2972 5077 3118 5132 hunc
3155 5077 3434 5147 psalmum-

1856 5168 2152 5238 pertinent,
2186 5169 2448 5238 praedicta
2497 5171 2629 5233 sint,
2673 5169 2912 5240 optimus
2965 5182 3099 5224 sane
3148 5169 3220 5222 sit
3269 5167 3428 5221 testis

1856 5261 2188 5332 evangelista
2220 5259 2482 5317 Joannes.
2510 5259 2708 5316 Narrat
2755 5260 2924 5325 enim,
2975 5268 3037 5315 ut
3083 5260 3210 5316 olim
3241 5257 3424 5322 Iesus,

1857 5368 1982 5408 cum
2031 5353 2334 5422 accepisset
2384 5354 2633 5418 linteum,
2676 5353 3025 5422 praecinxerit
3072 5367 3152 5417 se,
3196 5367 3429 5420 cumque

1859 5442 2026 5514 pedes
2043 5441 2436 5513 discipulorum
2459 5458 2684 5498 suorum
2710 5443 2995 5506 abluisset,
3021 5441 3220 5496 dixerit
3245 5456 3258 5491 :
3284 5441 3440 5511 «Ego.

1858 5534 1976 5589 scio
1997 5548 2136 5604 quos
2163 5534 2440 5604 elegerim,
2478 5535 2574 5590 sed
2611 5541 2671 5589 ut
2714 5535 3054 5606 compleatur
3095 5530 3379 5604 Scriptura
3411 5552 3428 5588 :

1858 5625 1965 5691 Qui
1993 5626 2104 5684 edit
2149 5641 2360 5683 mecum
2393 5641 2612 5698 panem,
2659 5627 2859 5686 levavit
2887 5634 3080 5683 contra
3111 5640 3199 5683 me
3246 5626 3430 5682 calcav-

257 5809 303 5840 ²³
342 5806 364 5862 ι
395 5806 639 5865 Μεεὶηώ.
673 5822 783 5878 vn,
819 5807 908 5864 12.
986 5808 1031 5844 "
1069 5805 1199 5865 ibid.
1238 5804 1419 5862 15-17.
1495 5803 1551 5881 "_
1583 5800 1730 5860 Psal.
1768 5817 1858 5872 ιι,
1891 5802 1944 5857 5.
