3836 6220
421 344 526 399 723

1081 345 1353 402 EUSEBII
1392 346 1874 404 CESARIENSIS
1906 347 2058 403 OPP.
2097 347 2275 401 PARS
2309 347 2373 402 ll.
2414 349 2497 388 -—-‘
2521 346 3020 404 APOLOGE’TICA.

3577 349 3684 407 τα

421 481 586 522 neum
615 480 774 520 suum
796 466 862 516 “.
897 485 916 519 ›
951 464 1165 521 Etenim
1195 482 1355 537 quam
1381 467 1600 522 tandem
1631 467 1793 521 aliam
1824 469 1879 522 in
1913 467 1994 523 his

2105 467 2196 538 ρόν
2241 485 2332 538 με,
2369 469 2518 521 τασαι
2564 466 2663 538 τὴν
2694 467 2870 538 ψυχήν
2907 485 3030 538 μου,
3067 467 3160 521 xui
3195 469 3242 521 εἰ
3293 467 3548 540 ἦμαρ-δάν
3578 486 3679 535 σοι,

423 557 766 628 Scripturam
802 557 1126 627 completam
1156 573 1279 613 esse
1307 558 1543 621 dicebat,
1579 559 1688 614 nisi
1717 574 1837 613 eam
1872 575 1993 629 quae

421 649 478 702 in
510 647 614 702 hoc
641 648 852 716 psalmo
887 647 1138 711 habetur,
1173 648 1267 717 qui
1314 663 1460 702 nunc
1494 649 1549 702 in
1584 650 1838 704 manibus
1886 659 1990 716 est,

421 742 478 795 in
515 756 624 810 quo
655 740 871 809 quidem
901 740 1109 808 psalmo
1138 739 1271 794 illud
1310 740 1515 794 dictum
1551 750 1634 796 est
1665 758 1678 793 :
1725 760 1745 792 ι
1778 741 1991 796 Etenim

422 827 588 882 homo
616 827 766 895 pacis
796 842 928 880 meae
961 829 1015 879 in
1044 842 1153 896 quo
1186 829 1420 898 speravi,
1457 830 1548 897 qui
1591 831 1786 885 edebat
1825 847 1993 900 panes

421 935 598 982 meos,
630 920 993 989 magniﬁcavit
1025 936 1190 990 super
1230 938 1316 977 me
1350 925 1849 993 supplantationem
1866 925 1932 977 ’⁷.
1969 944 1987 976 ι

419 1011 584 1067 Initio
613 1029 744 1084 ergo
789 1015 870 1068 sic
911 1015 987 1068 ait
1018 1035 1031 1069 :
1069 1035 1087 1066 ‹
1123 1015 1234 1086 Ego
1267 1017 1401 1081 dixi,
1440 1018 1686 1083 Domine,
1734 1022 1994 1076 miserere

418 1107 546 1168 mei.
584 1121 718 1160 sana
742 1108 980 1160 animam
1017 1124 1212 1172 meam,
1241 1113 1366 1179 quia
1395 1114 1613 1182 peccavi
1647 1112 1802 1165 tibi”8
1837 1133 1850 1167 :
1885 1134 1904 1165 ι
1939 1123 1994 1169 et

418 1215 516 1269 per
554 1207 726 1253 totum
764 1201 1052 1269 psalmum,
1099 1218 1162 1256 ea
1198 1219 1318 1273 qua:
1353 1205 1566 1271 planius
1601 1206 1652 1258 in
1699 1207 1848 1260 hunc
1875 1223 1995 1260 mo-

418 1292 547 1345 dum
587 1289 959 1362 Symmachus
999 1293 1208 1347 edidit:
1250 1312 1268 1344 ι
1327 1295 1408 1350 Me
1454 1296 1704 1359 dicente,
1740 1297 1990 1364 Domine,

417 1382 683 1437 miserere
733 1384 861 1447 mei,
901 1399 1034 1438 sana
1059 1385 1295 1440 animam
1329 1404 1545 1454 meam;
1585 1397 1640 1443 et
1671 1391 1716 1444 si
1771 1395 1994 1460 peccavi

417 1473 536 1537 tibi,
576 1474 784 1527 inimici
839 1475 944 1528 mei
1000 1476 1254 1530 dixerunt
1311 1478 1378 1532 de
1430 1495 1514 1533 me
1565 1486 1728 1547 mala,
1774 1483 1994 1550 quando

417 1565 705 1631 morietur,
736 1573 788 1620 et
818 1567 1018 1634 peribit
1045 1583 1242 1622 nomen
1265 1570 1418 1636 ejus?
1441 1580 1494 1624 et
1523 1586 1646 1625 cum
1681 1572 1995 1643 ingredere-

418 1671 526 1724 tur,
559 1675 698 1713 vana
732 1660 1054 1730 loquebatur
1092 1676 1186 1714 cor
1217 1663 1357 1730 ejus,
1385 1666 1747 1735 congregabat
1785 1667 1997 1735 injusti-

420 1752 548 1804 tiam
599 1753 723 1807 sibi.
770 1751 906 1805 Cum
960 1753 1312 1821 egrederetur
1362 1755 1530 1822 foras,
1570 1759 1988 1828 obloquebatur,

417 1859 530 1898 uno
561 1846 746 1898 animo
782 1845 1146 1899 susurrabant
1173 1854 1362 1900 contra
1404 1864 1490 1903 me
1520 1865 1710 1904 omnes
1736 1853 1829 1920 qui
1861 1854 1990 1908 ode-

416 1943 542 1990 rant
573 1951 680 1999 me,
705 1935 772 1990 de
805 1953 888 1991 me
918 1937 1232 2006 cogitabant
1267 1941 1408 1992 mala
1442 1940 1596 2006 mihi,
1629 1943 1855 1996 verbum
1887 1944 1994 1998 ini-

417 2043 586 2097 quum
619 2026 848 2082 elTusum
882 2037 1001 2082 erat
1048 2029 1189 2083 inter
1215 2031 1384 2098 ipsos,
1421 2038 1476 2084 et
1514 2032 1608 2100 qui
1644 2033 1842 2086 cecidit
1883 2050 1992 2090 non

418 2121 655 2190 amplius
691 2129 896 2192 surget,
947 2124 1038 2177 sed
1088 2132 1142 2176 et
1183 2123 1347 2177 homo
1375 2125 1468 2194 qui
1517 2140 1705 2195 pacem
1759 2128 1992 2183 habebat

418 2229 654 2279 mecum,
687 2215 774 2269 cui
817 2216 1178 2282 conﬁdebam,
1210 2218 1502 2272 comedens
1553 2234 1766 2273 mecum
1795 2236 1992 2289 panem

416 2320 621 2370 meum,
659 2308 1042 2378 magniﬁcatus
1080 2316 1164 2363 est
1204 2320 1395 2364 contra
1429 2326 1513 2366 me
1544 2320 1989 2381 consequenter;

419 2404 476 2449 tu
509 2403 712 2460 autem,
751 2397 998 2465 Domine,
1019 2400 1276 2454 miserere
1305 2401 1432 2464 mei,
1464 2409 1517 2456 et
1545 2404 1754 2456 suscita
1786 2419 1892 2465 me,
1935 2411 1994 2457 ut

417 2488 719 2542 retribuam
752 2489 834 2544 eis
865 2509 880 2544 :
910 2499 1132 2560 prepter
1162 2491 1266 2545 hoc
1291 2506 1619 2561 cognoscam
1648 2495 1794 2564 quod
1819 2496 1992 2560 voles,

417 2583 466 2637 si
496 2598 605 2637 non
635 2583 1234 2652 obloqueturinimicus
1260 2600 1435 2650 meus,
1454 2601 1540 2641 me
1562 2595 1744 2642 autem
1772 2597 1996 2658 propter

417 2675 825 2743 simplicitatem
856 2677 1171 2746 suscepisti,
1202 2686 1257 2731 et
1300 2678 1603 2734 constitues
1641 2694 1728 2733 me
1773 2680 1826 2733 in
1861 2695 1996 2734 con-

417 2775 610 2836 spectu
637 2774 734 2822 tuo
758 2769 813 2822 in
844 2776 1133 2825 aeternum.
1171 2788 1190 2821 ι
1220 2769 1358 2824 Cum
1396 2770 1483 2826 his
1518 2785 1648 2826 vero
1674 2787 1797 2842 qua;
1829 2771 1994 2843 Sym-

417 2858 646 2912 machus
679 2857 851 2915 edidit
875 2857 1213 2914 concordant
1244 2859 1408 2914 etiam
1459 2875 1523 2914 ea
1549 2874 1673 2930 quae
1698 2859 1767 2914 ab
1797 2860 1995 2930 Aquila

417 2951 564 3005 edita
594 2959 743 3015 sunt,
772 2967 1045 3021 sensuque
1066 2951 1207 3006 idem
1232 2953 1435 3006 valent.
1461 2949 1706 3006 Primum
1734 2951 1902 3023 igitur
1928 2952 1994 3008 de

416 3058 483 3096 eo
531 3044 676 3113 quod
719 3060 785 3098 ex
832 3059 1067 3113 persona
1123 3043 1429 3099 Salvatoris
1487 3045 1664 3100 nostri
1717 3046 1994 3102 enuntiari

2091 562 2142 611 οί
2171 558 2354 630 ἐχθροί
2385 575 2487 628 μου
2512 558 2698 626 έλεγον
2730 559 2859 631 περὶ
2885 559 3019 629 ἐμοῦ
3053 559 3224 613 κακά·
3247 560 3382 614 Πότε
3410 561 3677 634 ἀποθάνῃ,

2093 651 2188 703 xui
2213 649 2496 704 ἀπολεῖται
2527 651 2587 703 τὸ
2612 650 2782 721 ὄνομα
2801 651 2964 704 αὑτοῦ
2986 668 3000 716 ;
3033 652 3431 723 Εἰσερχόμενος
3463 657 3684 708 ἐπισκέ-

2092 742 2324 811 ψασθαι,
2381 743 2583 812 μάταια
2635 743 2813 796 ἐλάλει
2861 745 2894 814 ἡ
2943 743 3138 813 καρδία
3192 745 3392 807 αὐτοῦ,
3432 746 3680 815 ἥθροιζεν

2094 833 2308 887 ἀδικίαν
2345 835 2532 904 ἑαυτῇ.
2565 834 2944 905 Ἑξερχόμενος
2968 835 3025 887 δὲ
3051 834 3154 898 ἔξω
3182 837 3489 890 κατελάλει.
3522 839 3680 907 Ὁμο-

2095 927 2332 997 Θυμαδδν
2383 927 2694 996 ἐψιθύριζον
2728 929 2848 981 κατ’
2889 929 3020 998 ἐμοῦ
3067 930 3271 993 πάντες
3313 934 3362 983 οἱ
3397 931 3684 1001 μισοῦντές

2100 1035 2188 1088 με,
2224 1019 2352 1088 περὶ
2382 1019 2517 1089 ἐμοῦ
2542 1018 2852 1080 ἐννοοῦντες
2877 1021 3022 1072 κακά
3037 1037 3145 1089 μοι.
3171 1021 3344 1088 Λόγος
3365 1022 3685 1092 παράνομκ

2095 1113 2359 1182 ἐκκέχυτο
2396 1111 2542 1164 ἔνδον
2585 1113 2782 1176 αὐτῶν,
2816 1113 2908 1166 xui
2942 1114 3123 1167 πεσὼν
3155 1117 3336 1168 οὐκέτι
3379 1118 3686 1187 ἀναστήσει

2093 1221 2216 1256 ται·
2262 1204 2398 1257 ἀλλά
2450 1206 2542 1257 xui
2581 1205 2885 1277 ἄνθρωπος,
2920 1206 2980 1267 ὃς
3019 1209 3264 1278 εἰρήνευέ
3313 1225 3422 1278 μοι,
3463 1203 3509 1276 ᾧ
3556 1211 3686 1261 ἐπε-

2095 1295 2325 1358 ποίθειν,
2357 1296 2649 1349 συνεσθίων
2694 1315 2783 1368 μοι
2827 1299 2991 1367 ἄρτον
3035 1299 3186 1369 ἐμὸν,
3231 1301 3686 1372 κατεμεγαλύνθη

2099 1404 2218 1457 μου.
2256 1387 2604 1452 Ἀκολούθως,
2631 1389 2695 1442 σὺ
2717 1389 2794 1450 δὲ,
2823 1389 3294 1460 Κύριε,οί’κτειρόν
3329 1409 3417 1459 με,
3447 1391 3547 1443 xui
3596 1393 3689 1444 ἀν-

2096 1476 2307 1547 έγειρόν
2346 1495 2433 1546 με,
2466 1478 2552 1530 ἴνα
2590 1476 2956 1530 ἀνταποδώσω
2985 1479 3188 1542 αὐτοῖς.
3224 1480 3322 1530 Διά
3349 1479 3512 1532 τοῦτο
3539 1479 3688 1547 «(vrb-

2097 1570 2386 1639 σομαι,ὅτι
2421 1569 2688 1640 θελήσεις,
2725 1569 2819 1622 ἐὰν
2880 1569 2953 1642 μὴ
3002 1570 3351 1642 καταλαλὴσῃ
3399 1575 3429 1624 6
3484 1572 3692 1642 £1696;

2079 1678 2218 1732 μου.
2266 1661 2430 1730 Ἐμοῦ
2453 1662 2508 1714 δὲ
2531 1662 2618 1714 διὰ
2645 1661 2741 1732 τὴν
2767 1661 3044 1731 ἁπλότητα
3076 1663 3352 1732 ἀντέσχον,
3383 1665 3475 1716 καὶ
3504 1681 3692 1734 παρα-

2098 1754 2312 1822 στήσεις
2349 1769 2416 1822 με
2463 1751 2771 1822 ἔμπροσθέν
2806 1769 2898 1805 σου
2946 1752 3011 1805 δι’
3040 1753 3250 1816 αἰῶνος.
3283 1774 3302 1806 ι
3349 1755 3692 1824 Ίσοδυναμεῖ

2094 1842 2152 1896 δὲ
2198 1846 2312 1906 τοῖς
2347 1842 2440 1896 τοῦ
2474 1843 2771 1914 Συμμάχου
2807 1845 2898 1897 καὶ
2940 1845 3007 1897 τὰ
3047 1844 3292 1897 Ἀκύλου.
3329 1845 3565 1918 Πρῶτον
3598 1842 3692 1899 οὖν

2095 1934 2224 2005 περὶ
2272 1932 2366 1986 τοῦ
2420 1933 2595 1986 δοκεῖν
2629 1934 2994 2004 ἀπεμφαίνειν
3030 1937 3094 1988 ὲκ
3123 1934 3411 2006 προσώπου
3443 1937 3545 1989 τοῦ
3578 1939 3695 1991 Σω-

2092 2027 2255 2097 τῆρος
2286 2025 2443 2096 ήμῶν
2473 2026 2532 2078 τὸ
2555 2027 2862 2097 εἰρημένον,
2881 2029 2961 2091 τὸ,
2990 2047 3008 2078 ι
3032 2029 3212 2080 Ἴασαι
3233 2029 3328 2098 τὴν
3348 2029 3529 2099 ψυχήν
3561 2047 3690 2100 μου,

2093 2119 2174 2170 ὅτι
2222 2117 2469 2188 ἦμαρτὸν
2511 2134 2613 2183 σοι,
2652 2138 2669 2168 ι
2703 2121 2966 2190 τηρήσεις
2995 2120 3055 2172 τὸ
3087 2119 3237 2192 παρὰ
3276 2121 3354 2190 τῷ
3395 2123 3692 2192 Συμμάχῳ

2098 2209 2171 2279 μὴ
2216 2209 2388 2272 οὕτως
2435 2208 2576 2278 ἕχον,
2609 2209 2763 2273 ἀλλά,
2801 2229 2820 2260 ‹
2864 2213 3040 2264 Ἴασαι
3072 2213 3171 2282 τὴν
3209 2213 3385 2282 ψυχήν
3424 2231 3554 2282 μου,
3601 2217 3693 2266 xui

2094 2305 2142 2354 εί
2167 2302 2411 2373 ἥμαρτόν
2447 2319 2547 2356 σοι.
2590 2321 2608 2354 ι
2645 2304 2755 2356 Καὶ
2797 2302 2942 2364 οὕτω
2976 2304 3034 2356 δὲ
3065 2304 3224 2358 τοῦτό
3271 2323 3450 2375 φησιν,
3493 2308 3691 2378 ἐπειδὴ

2093 2396 2192 2459 τὰς
2243 2397 2519 2467 ἡμετέρας
2559 2401 2855 2450 κοινοποιεῖ
2907 2400 2986 2461 είς
3033 2400 3224 2452 ἑαυτὸν
3268 2400 3565 2470 ἁμαρτίας.
3604 2400 3692 2453 Διὸ

2095 2487 2376 2541 λέλεκται*
2409 2507 2427 2539 ι
2455 2489 2566 2542 Καὶ
2586 2489 2790 2561 Κύριος
2823 2489 3139 2560 παρέδωκεν
3169 2492 3329 2544 αὑτὸν
3359 2495 3480 2555 ταῖς
3508 2494 3693 2563 ἀμαρ-

2093 2580 2236 2642 τίαις
2275 2579 2433 2651 ήμῶν
2458 2598 2470 2609 ·
2501 2599 2518 2631 ι
2557 2581 2670 2643 xui,
2703 2600 2722 2630 ι
2762 2581 2933 2644 Αὐτὸς
2962 2582 3237 2652 ἁμαρτίας
3268 2582 3426 2652 ἡμῶν
3456 2583 3638 2654 φέρει.
3665 2604 3684 2635 ι

2096 2669 2291 2738 Γέγονε
2325 2671 2455 2738 γοῦν
2479 2673 2618 2743 ὑπὲρ
2643 2672 2798 2742 ἡμῶν
2835 2673 3047 2743 κατάρα
3075 2676 3102 2725 6
3138 2674 3333 2743 Ἀμνὸς
3360 2673 3457 2727 τοῦ
3480 2675 3644 2740 Θεοῦ,
3661 2678 3688 2727 6

2094 2761 2266 2832 αἴρων
2309 2763 2407 2834 τὴν
2457 2765 2727 2834 ἁμαρτίαν
2770 2763 2866 2816 τοῦ
2913 2765 3116 2835 κόσμου
3139 2782 3151 2794 ⁸
3185 2766 3243 2818 ὃν
3273 2768 3364 2819 καὶ
3391 2767 3467 2837 μὴ
3490 2769 3686 2835 γνόντα

2098 2855 2371 2926 ἁμαρτίαν
2423 2859 2451 2909 6
2508 2856 2642 2919 Θεὸς
2687 2858 2828 2928 ὑπὲρ
2871 2857 3027 2929 ὴμῶν
3073 2859 3348 2930 ἁμαρτίαν
3401 2861 3686 2930 ἐποίησεν,

2095 2934 2386 3019 ἀντίψυχον
2424 2949 2565 3021 ὑπὲρ
2612 2950 2830 3002 πάντων
2863 2950 3020 3021 ἡμῶν
3053 2952 3352 3022 προέμενος
3388 2955 3576 3018 αὑτὸν,
3604 2957 3687 3008 ἵνα

2095 3045 2256 3113 ἡμεῖς
2285 3043 2570 3114 γενώμεθα
2595 3043 2908 3114 δικαιοσύνη
2943 3043 3079 3096 Θεοῦ
3103 3047 3160 3096 ἐν
3191 3044 3359 3114 αὐτῷ.
3399 3046 3542 3098 Ἀλλ’
3568 3047 3689 3099 ἐπεὶ

417 3134 688 3198 videatur,
722 3135 858 3189 illud
892 3136 1036 3204 quod
1091 3135 1298 3190 dictum
1344 3145 1466 3192 est:
1506 3155 1524 3186 ι
1565 3135 1709 3191 Sana
1753 3138 1990 3192 animam

2099 3136 2188 3188 xui
2225 3137 2282 3188 έν
2311 3134 2614 3206 ὁμοιώματι
2673 3135 2875 3207 σαρκὸς
2924 3136 3196 3207 ἁμαρτίας
3223 3139 3517 3208 γενόμενος
3559 3157 3689 3192 xu:-

417 3240 617 3288 meam,
651 3226 778 3295 quia
809 3228 1024 3295 peccavi
1060 3227 1179 3291 tibi.
1213 3247 1231 3279 ι
1265 3228 1574 3296 observato,
1617 3245 1804 3299 quaeso
1833 3240 1905 3296 te,
1937 3239 1995 3285 ut

419 3316 564 3371 idem
594 3318 734 3386 apud
783 3316 1166 3387 Symmachum
1214 3335 1325 3375 non
1358 3321 1548 3376 eodem
1594 3322 1758 3376 modo
1807 3338 1865 3378 se
1899 3322 1995 3376 ha-

418 3408 566 3472 beat,
600 3407 694 3462 sed
728 3409 808 3462 sic
837 3427 849 3461 :
883 3406 1028 3462 Sana
1069 3411 1309 3464 animam
1354 3427 1552 3477 meam,
1585 3420 1640 3468 et
1678 3416 1725 3470 si
1771 3415 1996 3484 peccavi

416 3499 541 3553 tibi.
574 3519 594 3552 ι
629 3497 722 3553 Sic
750 3508 931 3555 autem
955 3501 1060 3555 hoc
1088 3501 1178 3554 ille
1197 3504 1292 3568 ait,
1320 3513 1606 3573 propterea
1634 3506 1781 3575 quod
1807 3514 1996 3562 nostra

418 3607 608 3647 secum
665 3592 784 3662 ipse
828 3603 1049 3663 peccata
1097 3594 1547 3650 communicavit.
1589 3595 1669 3651 Ex
1717 3615 1828 3669 quo
1861 3599 1996 3658 illud

416 3682 628 3738 dictum
672 3692 799 3739 est:
839 3703 857 3736 ι
890 3683 954 3739 Et
1000 3685 1262 3742 Dominus
1312 3687 1537 3742 tradidit
1583 3705 1708 3744 eum
1757 3692 1997 3760 peccatis

417 3774 647 3840 nostris,
678 3783 753 3839 et,
789 3775 909 3846 ipse
957 3783 1178 3845 peccata
1203 3785 1390 3833 nostra
1423 3777 1602 3834 fert".
1644 3799 1662 3831 ι
1701 3780 1862 3852 467
1895 3780 1998 3836 Fa-

417 3875 542 3920 ctus
573 3874 660 3920 est
693 3866 862 3938 igitur
890 3882 990 3938 pro
1015 3867 1176 3924 nobis
1203 3872 1512 3927 exsecratio
1541 3871 1632 3926 ille
1659 3873 1847 3941 Agnus
1879 3872 1994 3939 Dei,

417 3958 512 4028 qui
557 3958 701 4012 tollit
732 3969 1017 4031 peccatum
1051 3961 1263 4025 mundi,
1306 3977 1468 4032 quem
1504 3977 1614 4017 non
1659 3978 1999 4034 cognoscen-

418 4053 526 4102 tem
557 4057 862 4116 peccatum,
893 4047 1038 4105 Deus
1067 4065 1162 4119 pro
1187 4052 1347 4107 nobis
1377 4063 1660 4122 peccatum
1694 4053 1842 4118 fecit,
1867 4053 1998 4108 dum

418 4139 572 4193 illum
608 4141 842 4210 pretium
874 4143 1174 4195 animatum
1207 4158 1271 4196 ac
1301 4143 1482 4197 vivum
1513 4161 1613 4215 pro
1641 4146 1848 4201 nostris
1877 4161 1996 4200 om-

415 4227 572 4281 nium
603 4229 804 4284 animis
855 4231 1043 4295 tradit,
1074 4240 1134 4285 ut
1179 4249 1281 4288 nos
1311 4233 1613 4289 elﬁciamur
1653 4234 1870 4304 justitia
1899 4234 1995 4290 Dei

417 4319 476 4373 in
508 4319 650 4389 ipso.
683 4319 789 4374 Sed
819 4321 1040 4391 quando
1068 4323 1231 4377 etiam
1281 4324 1336 4377 in
1367 4325 1780 4382 similitudinem
1810 4329 1996 4384 carnis

416 4412 630 4482 peccati
681 4410 882 4479 factus,
941 4413 1325 4477 condemnavit
1368 4426 1651 4486 peccatum
1703 4419 1761 4472 in
1806 4433 1992 4483 carne,

2103 3223 2286 3295 έκρινε
2313 3226 2412 3296 τὴν
2435 3225 2704 3297 ἁμαρτίαν
2722 3228 2779 3278 ἐν
2802 3229 2867 3296 τῇ
2894 3226 3076 3297 σαρκὶ,
3100 3227 3324 3290 εἰκότως
3352 3229 3688 3301 προφέρεται

2101 3322 2170 3374 τὰ
2203 3321 2515 3391 ἐκκείμενα.
2543 3321 2664 3373 Ὅτι
2704 3320 2760 3373 δὲ
2792 3320 2893 3384 τὰς
2931 3320 3206 3393 ἡμετέρας
3237 3323 3516 3394 ἁμαρτίας
3551 3323 3691 3389 ἐξοι-

2101 3411 2438 3482 κειούμενος,
2474 3411 2562 3465 διὰ
2618 3412 2719 3483 τὴν
2763 3412 2901 3483 πρὸς
2944 3415 3092 3483 ἡμᾶς
3116 3413 3337 3485 ἀγάπην
3364 3416 3461 3468 καὶ
3503 3416 3689 3484 φιλαν-

2103 3503 2372 3575 θρωπίαν,
2403 3503 2576 3558 ταῦτά
2605 3521 2787 3572 φησιν,
2827 3503 2955 3576 ἑξῆς
2980 3504 3333 3568 ὑποκαταϐὰς
3355 3507 3413 3558 ἐν
3441 3507 3597 3578 αὐτῷ
3616 3507 3690 3577 τῷ

2101 3596 2300 3668 ψαλμῷ
2326 3595 2593 3666 ἐπιφέρει,
2628 3594 2830 3664 λέγων·
2871 3613 2889 3646 ι
2931 3595 3094 3666 Ἐμοῦ
3120 3596 3176 3649 δὲ
3201 3596 3290 3649 διά
3317 3597 3415 3668 τὴν
3452 3599 3690 3653 ἀκακίαν

2102 3689 2428 3744 ἀντελάϐουο
2465 3707 2484 3739 ι
2522 3688 2709 3757 σαφῶς
2736 3687 2797 3740 τὸ
2830 3689 3197 3759 ἁπειρόκακον
3228 3688 3323 3742 τοῦ
3361 3691 3566 3759 ’Δμνοῦ
3595 3691 3687 3745 τοῦ

2102 3778 2238 3832 Θεοῦ
2264 3779 2550 3851 παριστὰς.
2576 3777 2700 3839 Πῶς
2726 3778 2783 3831 δὲ
2813 3779 2913 3841 τὰς
2939 3779 3216 3850 ἡμετέρας
3236 3780 3515 3850 ἁμαρτίας
3546 3781 3688 3846 ἐξοι-

2102 3869 2379 3933 κειοῦται;
2415 3868 2508 3920 xui
2538 3866 2657 3931 πῶς
2690 3867 2874 3939 φέρειν
2897 3866 3110 3937 λέγεται
3139 3867 3238 3932 τὰς
3258 3869 3492 3940 ἀνομίας
3508 3870 3686 3941 ἡμῶν,

2102 3963 2136 4034 ἢ
2171 3960 2291 4014 καθ’
2325 3961 2354 4014 ὃ
2385 3959 2542 4031 σῶμα
2557 3959 2720 4013 αὐτοῦ
2745 3955 2882 4013 εἶναι
2910 3960 3206 4032 λεγόμεθα;
3236 3961 3379 4015 κατά
3397 3962 3496 4016 τὸν
3530 3964 3692 4016 Ἀπό-

2105 4053 2290 4108 στολον
2318 4053 2568 4124 φήσαντα
2586 4069 2601 4084 ο
2626 4071 2644 4103 ι
2668 4052 2856 4123 Ὑμεῖς
2888 4052 2946 4106 δέ
2977 4053 3100 4106 ἐστε
3129 4053 3287 4124 σῶμα
3309 4054 3578 4126 Χριστοῦ,
3596 4053 3692 4108 xui

2105 4143 2240 4215 μέλη
2268 4144 2333 4196 ὲκ
2361 4143 2593 4214 μέρους·
2631 4141 2726 4195 xui
2761 4141 2883 4194 καθ’
2921 4141 2951 4194 ὃ
2985 4141 3287 4213 πάσχοντος
3317 4145 3437 4208 ἑνὸς
3469 4145 3687 4216 μέλους,

2103 4235 2412 4306 συμπάσχει
2449 4234 2628 4288 πάντα
2649 4233 2717 4288 τὰ
2744 4233 2900 4306 μέλη,
2932 4253 2951 4286 ι
2971 4233 3113 4288 οὕτω
3132 4236 3239 4290 τῶν
3261 4236 3476 4292 πολλῶν
3510 4237 3692 4310 μελῶν

2102 4327 2418 4398 πασχόντων
2441 4329 2536 4382 καὶ
2564 4329 2681 4398 ἀμα
2690 4327 3009 4400 ρτανόντων,
3035 4331 3130 4382 xui
3169 4329 3333 4394 αὐτὸς
3368 4330 3520 4385 κατά
3563 4333 3689 4395 τοὺς

2101 4420 2200 4490 τῆς
2253 4419 2597 4490 συμπαθείας
2637 4418 2850 4487 λόγους,
2883 4419 3200 4494 (ἐπειδήπερ
3240 4421 3526 4492 εὑδόκησε,
3553 4421 3687 4476 Θεοῦ

417 4504 616 4560 merito
662 4504 1019 4575 proferuntur
1070 4521 1134 4561 ea
1191 4523 1313 4577 quae
1355 4509 1469 4578 jam
1518 4511 1763 4580 exposita
1839 4518 1988 4566 sunt.

2099 4511 2269 4577 Λόγος
2296 4507 2392 4571 ὢν,
2428 4509 2642 4578 μορφὴν
2668 4507 2852 4561 δούλου
2872 4509 3077 4572 λαϐεῖν,
3111 4513 3204 4563 xui
3235 4511 3314 4582 τῷ
3349 4512 3522 4584 κοινῷ
3562 4513 3689 4567 πᾶν·

417 4594 576 4662 Quod
617 4605 800 4654 autem
841 4605 1069 4668 peccata
1114 4607 1328 4665 nostra,
1381 4615 1482 4655 sua
1527 4601 1733 4656 faciens
1776 4609 1998 4672 propter

416 4689 743 4745 charitatem
774 4705 905 4761 erga
933 4705 1033 4745 nos
1079 4705 1142 4745 ac
1171 4690 1605 4748 benevolentiam
1630 4733 1646 4758 ,
1683 4694 1799 4748 haec
1827 4695 1995 4758 dicat,

417 4783 678 4854 deinceps
706 4786 954 4840 oratione
985 4801 1313 4856 progressus
1340 4787 1396 4842 in
1430 4787 1620 4842 eodem
1670 4789 1881 4860 psalmo
1907 4787 2002 4842 de-

415 4884 716 4940 monstrat,
742 4877 930 4932 dicens
959 4897 972 4931 :
1007 4897 1026 4928 ι
1057 4876 1141 4933 Me
1169 4887 1351 4934 autem
1378 4888 1602 4950 propter
1630 4879 2000 4937 innocentiam

415 4970 710 5039 suscepisti
731 4970 799 5024 ⁸ο.
852 4987 871 5021 ι
923 4969 1135 5036 Quibus
1178 4971 1362 5027 verbis
1408 4972 1727 5041 planissime
1775 4973 1990 5043 Agnum

416 5057 536 5126 Dei,
573 5059 754 5114 omnis
803 5061 931 5114 mali
976 5069 1255 5131 eXpertem
1289 5070 1342 5116 et
1392 5063 1688 5117 innocuum
1733 5067 1990 5122 ostendit.

420 5152 530 5208 Sed
559 5168 669 5224 quo
700 5154 919 5209 tandem
957 5154 1119 5209 modo
1157 5154 1249 5210 ille
1286 5162 1508 5225 peccata
1538 5163 1731 5210 nostra
1776 5173 1875 5212 sua
1919 5157 1999 5212 fe-

417 5246 518 5311 cit,
553 5253 609 5300 et
645 5261 756 5316 quo
802 5246 933 5300 item
986 5245 1151 5301 modo
1215 5246 1531 5316 iniquitates
1579 5256 1799 5304 nostras
1842 5249 2002 5303 tulit?

417 5352 552 5397 num
583 5352 651 5391 ex
673 5352 740 5392 eo
769 5338 916 5408 quod
942 5353 1144 5410 corpus
1167 5339 1316 5392 illius
1347 5352 1448 5392 nos
1473 5353 1596 5395 esse
1621 5340 1752 5394 dicti
1782 5354 1995 5405 sumus,

418 5435 482 5483 ut
504 5429 582 5482 ait
619 5427 950 5498 Apostolus:
997 5446 1014 5478 ι
1042 5427 1153 5482 Vos
1183 5437 1366 5482 autem
1401 5429 1536 5483 estis
1567 5443 1769 5498 corpus
1791 5428 1998 5485 Christi

418 5525 478 5575 et
509 5520 752 5574 membra
793 5534 859 5573 ex
913 5527 1088 5588 parte,
1137 5527 1192 5574 et
1233 5535 1298 5574 ex
1347 5533 1413 5573 eo
1459 5519 1605 5589 quod
1651 5519 1781 5574 dum
1826 5535 1997 5573 unum

423 5608 732 5664 membrum
776 5607 1000 5678 patitur,
1055 5608 1218 5663 simul
1248 5611 1433 5664 omnia
1483 5625 1608 5664 cum
1638 5624 1704 5665 eo
1752 5609 1998 5671 membra

2090 4615 2200 4652 των
2242 4596 2400 4668 ἡμῶν
2453 4596 2773 4668 σκηνώματι
2820 4597 3218 4667 συναφθῆναι·)
3249 4601 3378 4663 τοὺς
3426 4601 3537 4654 τῶν
3585 4619 3689 4655 πα-

2097 4691 2336 4760 σχόντων
2367 4688 2542 4760 μελῶν
2575 4689 2773 4752 πόνους
2818 4690 2898 4752 είς
2944 4689 3135 4743 ἑαυτὸν
3171 4691 3568 4761 ἀναλαμϐάνει,
3597 4694 3687 4747 καὶ

2093 4783 2195 4846 τὰς
2227 4782 2498 4852 ἡμετέρας
2532 4781 2720 4842 νόσους
2751 4780 3105 4845 ἰδιοποιεῖται,
3133 4783 3228 4835 xui
3270 4783 3495 4838 πάντων
3531 4783 3686 4855 ἡμῶν

2099 4873 2399 4946 ὑπεραλγεῖ
2438 4873 2531 4926 xui
2575 4874 2892 4944 ὑπερπονεῖ,
2927 4873 3070 4926 κατὰ
3092 4875 3219 4937 τοὺς
3243 4876 3343 4946 τῆς
3384 4876 3686 4947 φιλανθρω-

2095 4967 2230 5030 πίας
2255 4965 2471 5036 νόμους.
2505 4965 2580 5018 Οὐ
2607 4963 2764 5035 μόνον
2786 4963 2841 5017 δὲ
2869 4964 3042 5017 ταῦτα
3064 4965 3273 5036 πράξας
3305 4969 3334 5019 6
3373 4967 3572 5036 Ἀμνὸς
3593 4965 3683 5020 τοῦ

2099 5057 2257 5123 Θεοῦ,
2293 5056 2429 5111 ἀλλά
2470 5056 2563 5110 xui
2600 5057 2739 5127 ὑπὲρ
2771 5055 2928 5127 ἡμῶν
2969 5057 3251 5120 κολασθεὶς
3284 5057 3380 5112 xui
3416 5056 3685 5130 τιμωρίαν

2100 5147 2372 5219 ὑποσχὼν,
2413 5149 2478 5219 ἣν
2517 5147 2676 5210 αὐτὸς
2711 5148 2808 5217 μὲν
2843 5147 2941 5200 οὐκ
2973 5146 3220 5216 ὤφειλεν,
3254 5147 3368 5200 ἀλλ’
3399 5150 3562 5218 ἡμεῖς
3591 5146 3682 5200 τοῦ

2095 5240 2335 5313 πλήθους
2367 5239 2553 5293 ἕνεκεν
2591 5238 2698 5292 τῶν
2747 5239 3315 5311 πεπλημμελημένων,
3352 5241 3486 5310 ἡμῖν
3514 5239 3684 5300 αἴτιος

2097 5333 2199 5402 τῆς
2239 5333 2348 5385 τῶν
2395 5332 2808 5404 ἁμαρτημάτων
2859 5333 3105 5405 ἀφέσεως
3149 5334 3410 5405 κατέστη,
3446 5334 3540 5388 ἁτε
3594 5333 3683 5385 τὸν

2101 5424 2241 5496 ὑπὲρ
2277 5402 2447 5494 ἡμῶν
2472 5402 2865 5494 ἀναδεξάμενος
2895 5402 3142 5488 θάνατον,
3181 5402 3455 5496 μάστιγάς
3487 5441 3544 5478 τε
3590 5425 3681 5478 καὶ

2106 5513 2310 5586 ὕϐρεις,
2346 5513 2440 5568 xui
2481 5515 2704 5585 ἀτιμίας
2754 5515 2884 5584 ἡμῖν
2916 5516 3342 5587 ὲποφειλομένας
3393 5520 3474 5582 εἰς
3521 5517 3679 5570 αὐτὸν

2108 5610 2381 5678 μεταθεὶς,
2421 5609 2516 5663 καὶ
2555 5609 2655 5680 τὴν
2709 5610 2838 5678 ἡμῖν
2879 5611 3394 5683 προστετιμημένην
3439 5611 3680 5681 κατάραν

495 5793 540 5825 ⁸⁸
577 5791 734 5850 Joan.
771 5804 900 5860 x’m,
940 5795 1020 5849 l8.
1100 5796 1143 5828 ’⁷
1187 5793 1331 5850 Psal.
1364 5809 1467 5862 XL,
1503 5794 1589 5850 lO.
1649 5796 1715 5874 _."
1761 5792 1896 5853 ibid.
1933 5791 1983 5849 5.
2016 5869 2027 5876 υ
2146 5790 2249 5850 lsa.
2291 5807 2423 5860 Lm,
2459 5791 2574 5852 4-6.
2651 5792 2696 5874 ξθ
2737 5791 2881 5851 Psal.
2917 5806 3018 5856 XL.
3056 5793 3143 5850 i3.

297 6111 524 6179 ,βλ
