3836 6220
180 384 296 439 7‘25

1098 373 1749 432 DEMONSTBATIONlS
1785 373 2246 431 EVANGELICE
2284 371 2412 428 LIB.
2451 370 2522 430 Χ.

3335 364 3437 421 726

180 503 273 570 ἐφ’
299 498 489 555 ἑαυτὸν
534 497 789 560 ἐλκύσας,
818 495 1107 566 γενόμενος
1139 494 1281 564 ὑπὲρ
1322 493 1479 564 ήμῶν
1513 491 1726 564 κατάρα
1745 509 1760 524 θ

1865 489 2225 561 patiuntur“,
2256 506 2277 541 ι
2307 487 2382 542 ita
2409 482 2694 549 nimirum,
2718 481 2908 538 multis
2929 480 3073 536 enim
3105 480 3436 552 patientibus

181 592 282 644 καὶ
337 589 392 642 τί
425 588 534 659 γὰρ
575 586 788 657 ἀλλο,ἥ
837 584 1161 656 ἀντίψυγῳνς
1211 584 1293 638 διό
1335 601 1501 655 φησιν
1547 583 1606 647 ἐξ
1639 586 1772 654 ἡμε-

177 682 347 752 τέρου
400 677 693 749 προσώπου
744 676 807 729 τὸ
854 676 1059 744 λόγιον·
1105 694 1126 726 ι
1175 674 1266 746 Τῷ
1324 674 1549 746 μώλωπι
1606 672 1769 727 αὑτοῦ

181 774 350 842 ήμεῖς
428 769 689 841 ίάθημεν-
777 768 872 821 καὶ
941 767 1144 838 Κύριος
1215 766 1531 836 παρέδωκεν
1609 764 1770 818 αὐτὸν

179 867 308 926 ταῖς
351 862 645 933 ἁμαρτίαις
704 860 882 931 ἡμῶν.
926 879 945 910 ›
987 861 1150 912 ’Ὠστε
1190 860 1414 922 είκότως
1465 857 1598 911 ἐνῶν
1644 859 1770 910 ἐαυ-

178 952 279 1007 τὸν
330 954 482 1021 ἡμῖν,
535 952 682 1021 ἡμᾶς
729 967 789 1002 τε
851 947 1033 1018 αὐτῷ,
1081 949 1172 1002 καὶ
1216 948 1285 1002 τὰ
1331 948 1573 1018 ἡμέτερα
1623 945 1767 1017 πάθη

185 1043 610 1112 ίδιοποιούμενός
653 1022 844 1111 φησιν·
876 1059 895 1090 ι
944 1038 1086 1107 Ἐγὼ
1126 1036 1274 1094 εἶπα·
1310 1039 1504 1110 Κύριε,
1551 1038 1771 1109 ἐλέησόν

185 1153 280 1207 με,
307 1134 455 1188 ἴασαι
491 1135 589 1206 τὴν
611 1135 786 1204 ψυχήν
822 1133 1039 1204 μου,ὃτι
1067 1131 1310 1202 ἤμαρτόν
1334 1147 1433 1184 σοι.
1463 1149 1482 1181 ι
1505 1130 1772 1200 Ὀρῶντας

181 1225 485 1287 δέείκότως
529 1225 655 1286 τοὺς
689 1221 1137 1284 ἐπιϐουλεύοντας
1163 1221 1223 1273 οὐ
1260 1219 1417 1290 μόνον
1449 1218 1772 1290 ἀνθρώπους

180 1313 326 1366 ἀλλὰ
346 1316 439 1366 καὶ
456 1313 717 1384 ἀοράτους
739 1312 994 1381 δυνάμεις
1022 1310 1118 1381 τὴν
1144 1308 1588 1380 ὑπερϐάλλουσαν
1617 1309 1769 1378 ἰσχὺν

181 1405 352 1457 αὐτοῦ
383 1405 485 1474 τῆς
531 1404 680 1468 Θείας
715 1402 1084 1475 προσηγορίας
1124 1401 1218 1454 καὶ
1263 1399 1357 1452 τοῦ
1393 1399 1675 1469 ὀνόματος,
1703 1399 1768 1452 δι’

178 1488 248 1548 οὗ
272 1497 468 1568 μικρὸν
486 1495 612 1548 ῦστε
623 1512 712 1566 ρον
737 1493 1078 1566 Χριστιανῶν
1106 1493 1204 1562 τὴν
1229 1493 1406 1544 πᾶσαν
1431 1491 1769 1562 κατέπλησεν

179 1591 534 1662 οἰκουμένην,
571 1591 783 1643 σϐέσειν
823 1589 989 1658 αὐτὴν
1011 1584 1161 1659 οἶμαι
1199 1587 1574 1658 ὑπειληφέναι,
1616 1587 1663 1638 εί
1701 1584 1770 1637 τὰ

180 1682 326 1753 πρὸς
373 1683 603 1736 θάνατον
654 1679 1097 1733 ἐπιϐουλεύσαιεν
1149 1680 1314 1750 αὐτῷ.
1357 1679 1528 1732 Τοῦτο
1570 1678 1633 1748 δὴ
1673 1673 1768 1756 οῦν

180 1775 321 1828 αὐτὸ
348 1774 610 1843 διελέγχει
653 1772 877 1842 φάσκων
896 1788 910 1801 °
952 1789 971 1822 ι
1001 1773 1063 1825 OE
1096 1772 1276 1844 ἐχθροί
1310 1789 1410 1842 μου
1436 1768 1594 1825 εἶπαν
1621 1772 1769 1824 κακά

185 1883 312 1938 μοι’
366 1867 505 1919 Πότε
545 1865 895 1918 ἀποθανεῖται
938 1865 1032 1916 καὶ
1063 1863 1340 1916 ἀπολεῖται
1369 1863 1430 1915 τὸ
1469 1862 1638 1932 ὄνομα
1671 1863 1767 1916 αὐ-

178 1957 314 2023 τοῦ;
353 1976 371 2009 ι
416 1957 566 2009 Ἐπεὶ
596 1957 652 2008 δὲ
691 1953 1213 2028 καθυποκρινόμενοι
1241 1952 1548 2023 προσῄεσαν
1574 1952 1766 2023 πειρά-

179 2049 370 2111 ζοντες
412 2049 559 2109 ὅπως
604 2045 764 2098 αὐτὸν
805 2044 1221 2112 παγιδεύσωσιν,
1255 2044 1330 2106 ώς
1359 2045 1392 2114 ἡ
1427 2043 1545 2096 θεία
1576 2041 1765 2114 Γραφὴ

183 2141 473 2210 μαρτυρεῖ,
496 2137 680 2192 ἄλλοτε
712 2136 874 2199 ἄλλας
901 2135 1097 2197 αὐτοὺς
1127 2134 1425 2204 προφάσεις
1458 2135 1550 2187 xa‘t
1598 2151 1766 2205 κατη-

177 2231 374 2302 γορίας
412 2233 532 2284 κατ’
566 2229 730 2283 αὐτοῦ
761 2227 1186 2290 συσκευάζεσθαι
1224 2227 1532 2300 ἱστοροῦσα,
1557 2228 1765 2282 τούτων

177 2322 344 2378 ἕνεκα
361 2321 622 2390 ἐπιλέγει·
655 2341 672 2372 ι
701 2321 811 2373 Kal
834 2323 881 2374 εί
907 2320 1282 2392 εἰσεπορεύετο
1303 2319 1396 2372 τοῦ
1417 2319 1563 2382 ἰδεῖν,
1591 2319 1765 2393 μάτην

177 2413 360 2468 ἐλάλει
412 2416 444 2485 ή
487 2413 685 2485 καρδία
729 2412 913 2474 αὐτοῦ,
951 2414 1254 2484 συνήγαγεν
1292 2412 1521 2483 ἀνομίαν
1566 2412 1764 2482 ἐαυτῷ.

189 2505 576 2579 Ἐξεπορεύετο
602 2505 706 2572 ἔξω
731 2506 825 2558 xal
853 2505 1030 2559 ἐλάλει
1069 2506 1162 2560 ἐπὶ
1190 2506 1250 2558 τὸ
1270 2505 1403 2559 αὐτὸ
1422 2505 1542 2558 κατ’
1559 2504 1713 2575 ἐμοῦ.
1741 2524 1760 2558 ι

189 2598 350 2670 Ἑξῆς
377 2599 435 2651 δὲ
461 2598 672 2660 τούτοις
703 2597 802 2668 ἤδη
831 2597 1017 2667 σαφῶς
1040 2597 1293 2668 ἐμφαίνει
1319 2599 1413 2652 καὶ
1440 2598 1600 2652 αὐτὸν
1627 2600 1767 2650 ἐκεῖ·

177 2704 272 2743 νον
321 2687 413 2740 τὸν
466 2686 886 2740 δυσσεϐέστατον
924 2687 1224 2758 προδότηνο
1265 2686 1452 2757 ἐπειδὴ
1486 2687 1766 2741 συνέϐαινε

179 2776 301 2848 μεθ’
339 2776 408 2841 ἃς
439 2778 702 2847 πεποίητο
749 2777 1022 2848 συνθήκας
1078 2781 1192 2841 τοῖς
1231 2777 1457 2849 ἄρχουσι
1488 2777 1596 2830 τῶν
1633 2777 1764 2831 Ἰου-

174 2865 343 2924 δαίων
387 2869 516 2940 περὶ
550 2869 648 2939 τῆς
700 2867 792 2922 τοῦ
836 2867 1154 2922 διδασκάλου
1208 2870 1514 2941 προδοσίας,
1575 2871 1764 2941 μηκέτ’

172 2958 424 3031 ἀπαντᾷν
450 2960 610 3014 αὑτὸν
639 2959 885 3030 συνήθως
903 2961 996 3014 ἐπὶ
1019 2961 1116 3032 τὴν
1130 2960 1240 3014 τῶν
1256 2959 1413 3014 θείων
1431 2961 1766 3032 μαθημάτων

175 3051 546 3119 διδασκαλίαν,
598 3053 721 3124 μηδ’
754 3053 828 3117 ώς
859 3051 1010 3124 παρά
1050 3051 1368 3106 διδάσκαλον
1391 3053 1600 3123 φοιτᾷν,
1641 3044 1765 3124 μηδ’

176 3143 382 3212 ὁμοίως
423 3146 534 3206 τοῖς
583 3144 790 3215 ἑτέροις
834 3143 1204 3217 παραϐάλλειν
1249 3145 1316 3214 τῇ
1371 3142 1464 3196 τοῦ
1512 3143 1763 3214 Σωτῆρος
1789 3183 1830 3242 C

174 3235 459 3312 διατριϐῇ,
490 3236 603 3288 ἀλλ’
628 3237 722 3290 ἐπὶ
753 3237 832 3308 τῷ
856 3237 1210 3292 κατοπτεύειν
1237 3237 1331 3290 καὶ
1361 3235 1612 3308 θηρεύειν
1636 3255 1759 3292 και-

180 3327 299 3398 96v,
326 3329 416 3381 ὅτε
447 3327 554 3381 δέοι
583 3328 864 3383 ἐπιθέσθαι
885 3328 1052 3399 αύτῷ.
1087 3327 1257 3381 Τοῦτο
1288 3328 1334 3381 δ’
1351 3323 1442 3382 οὖν
1471 3329 1564 3382 καὶ
1595 3346 1764 3402 κατη-

177 3422 424 3491 γορεῖται
485 3420 738 3491 πράττων
792 3421 897 3474 ὑπὸ
941 3420 1051 3474 τῶν
1132 3420 1292 3492 ἱερῶν
1345 3420 1759 3490 εὐαγγελιστῶν,

175 3505 255 3565 ὧν
286 3511 314 3564 6
352 3512 451 3582 μὲν
494 3511 772 3576 Ματθαῖὸς
805 3531 938 3585 φησι
960 3530 974 3544 ο
1017 3532 1035 3564 ι
1061 3513 1195 3566 Τότε
1227 3511 1509 3583 πορευθεὶς
1542 3506 1623 3576 εἷς
1653 3512 1762 3567 τῶν

174 3603 408 3666 δώδεκα,
440 3604 470 3656 6
501 3603 790 3675 λεγόμενος
834 3604 1032 3668 Ἰούδας
1071 3601 1448 3675 Ἰσκαριώτης,
1475 3604 1612 3675 πρὸς
1633 3607 1764 3671 τοὺς

175 3697 476 3768 ἀρχιερεῖς,
518 3689 669 3749 εἶπεν
696 3697 908 3760 αὐτοῖς·
947 3696 1012 3748 Τί
1044 3693 1227 3749 θέλετὲ
1269 3713 1358 3766 μοι
1385 3695 1761 3766 δοῦναι,κάγὼ

177 3788 311 3859 ὑμῖν
364 3787 671 3859 παραδώσω
713 3788 916 3853 αὑτόν;
962 3790 1022 3842 Οἱ
1072 3789 1130 3842 δὲ
1170 3788 1404 3860 ἔστησαν
1456 3788 1604 3860 αὐτῷ
1646 3807 1762 3862 τρι-

175 3881 386 3934 άκοντα
417 3880 673 3952 ἀργύρια.
696 3883 806 3935 Kal
831 3881 940 3935 ἀπὸ
967 3881 1090 3935 τότε
1123 3880 1304 3953 ἐζήτει
1333 3882 1636 3954 εὐκαιρίαν,
1673 3875 1764 3938 ἵνά

174 3972 342 4025 αὐτὸν
370 3971 595 4044 παραδῷ
619 3974 828 4036 αὐτοῖς·
862 3992 880 4024 ι
904 3975 932 4025 6
955 3973 1011 4026 δὲ
1029 3974 1255 4044 Μάρκος
1277 3991 1291 4004 ·
1317 3992 1336 4025 ‹
1363 3975 1472 4028 Kal
1510 3973 1704 4038 Ἰούδας
1730 3976 1760 4028 6

189 4063 543 4136 Ἰσκαριώτης
587 4059 668 4128 εἷς
717 4065 824 4119 τῶν
871 4065 1078 4118 δώδεκα
1121 4064 1330 4135 ἀπῆλθε
1357 4067 1492 4137 πρὸς
1516 4068 1642 4130 τοὺς
1663 4059 1763 4138 ἀρέ

173 4160 382 4228 χιερεῖς
411 4158 498 4210 ἵνα
543 4158 706 4212 αὐτὸν
753 4157 980 4230 παραδῷ
1018 4159 1220 4222 αὐτοῖς.
1253 4160 1316 4212 Οἱ
1350 4158 1406 4212 δὲ
1430 4159 1760 4225 ἀκούσαντες

172 4251 474 4320 ἐχάρησαν,
505 4250 602 4303 καὶ
651 4249 1044 4321 ἐπηγγείλαντο
1081 4250 1232 4320 αὐτῷ
1261 4250 1523 4323 ἀργύριον
1551 4251 1753 4306 δοῦναι.

172 4339 289 4391 Kal
313 4339 492 4409 ἐζήτει
516 4339 633 4402 πῶς
655 4340 816 4394 αὐτὸν
848 4341 1118 4412 εὐκαίρως
1148 4341 1373 4414 παραδῷ
1394 4360 1406 4372 ·
1441 4361 1459 4394 ι
1486 4344 1515 4396 6
1540 4343 1595 4397 δὲ
1619 4345 1756 4398 Λου-

173 4431 281 4492 κᾶς
308 4430 506 4501 γράφει
541 4430 714 4500 λέγων
734 4449 747 4462 ο
784 4450 803 4484 ι
832 4433 1062 4504 Εἰσῆλθε
1095 4433 1152 4488 δὲ
1183 4435 1211 4486 6
1239 4435 1481 4500 Σατανᾶς
1507 4438 1586 4500 είς
1631 4436 1760 4489 Ἰού-

1869 589 1925 638 et
1956 579 2312 651 peccantibus
2341 575 2623 641 membris,
2661 576 2777 646 ipse
2817 589 3035 646 quoque
3063 576 3274 631 ratione
3302 590 3438 632 con-

1871 670 2159 728 sentientis
2240 668 2347 724 sibi
2407 666 2642 749 invicem
2695 673 2907 722 naturae
2959 665 3435 737 (quandoquidem

1869 779 1992 818 cum
2027 761 2121 817 Dei
2149 761 2389 816 Verbum
2418 766 2586 824 esset,
2619 759 2668 814 ei
2701 758 2926 829 placuit,
2944 764 2999 813 et
3036 757 3268 813 formam
3293 759 3435 814 servi

1869 853 2141 923 accipere,
2171 860 2224 908 et
2254 852 2533 907 communi
2559 849 2803 904 omnium
2828 857 3020 905 nostro
3043 849 3323 904 domicilio
3353 863 3439 904 co-

1869 944 2068 1016 pulari)
2098 943 2420 1014 patientium
2451 946 2821 998 membrorum
2844 942 3062 998 labores
3095 941 3153 995 in
3191 941 3436 1012 seipsum

1868 1035 2189 1105 assumpsit,
2227 1042 2281 1089 et
2309 1042 2534 1088 nostras
2565 1032 2894 1088 valetudinis
2913 1024 3278 1096 inﬁrmitates,
3305 1045 3436 1087 suas

1866 1127 2020 1193 fecit,
2053 1135 2108 1182 et
2130 1142 2198 1181 ex
2229 1127 2440 1197 legibus
2469 1124 2829 1180 humanitatis
2859 1139 2958 1194 pro
2995 1123 3248 1178 omnibus
3278 1122 3438 1176 nobis

1867 1228 1922 1275 et
1951 1219 2166 1273 dolores
2196 1224 2248 1272 et
2279 1218 2492 1272 labores
2522 1217 2798 1271 sustinuit.
2831 1216 3098 1272 Caeterum
3133 1229 3242 1268 non
3274 1213 3437 1268 modo

1867 1313 2032 1366 rebus
2063 1311 2150 1364 bis
2173 1309 2344 1380 gestis
2375 1307 2468 1363 Dei
2497 1309 2706 1378 Agnus,
2739 1323 2926 1364 verum
2955 1307 3116 1362 etiam
3147 1319 3248 1377 pro
3277 1304 3436 1358 nobis

1855 1409 2139 1458 tormenta
2195 1416 2416 1471 passus,
2461 1402 2836 1472 supplicioque
2881 1398 3129 1464 aﬂ‘ectus,
3159 1411 3268 1467 quo
3319 1396 3437 1465 ipse

1866 1495 2086 1565 quidem
2117 1495 2316 1567 dignus
2356 1496 2580 1551 minime
2619 1502 2757 1558 erat,
2800 1493 2895 1548 sed
2933 1508 3034 1547 nos
3071 1491 3178 1560 ipsi
3211 1496 3437 1559 propter

1867 1586 2273 1641 multitudinem
2313 1595 2687 1657 peccatorum,
2713 1593 2775 1638 ut
2805 1590 3026 1654 peccata
3045 1581 3209 1639 nobis
3248 1578 3436 1633 dimit-

1878 1685 2145 1742 terentur,
2177 1685 2371 1732 auctor
2404 1676 2616 1735 exstitit
2645 1694 2657 1730 :
2698 1683 2883 1746 utpote
2935 1673 3026 1743 qui
3054 1686 3154 1742 pro
3185 1669 3344 1725 nobis
3381 1676 3436 1723 et

1867 1775 2096 1822 mortem
2121 1767 2367 1831 subierit,
2401 1776 2454 1822 et
2479 1765 2728 1831 verbera,
2757 1772 2811 1820 et
2831 1763 3053 1834 probra,
3082 1769 3136 1817 et
3158 1767 3435 1816 contume-

1794 1849 1839 1905 B
1866 1857 1989 1922 lias,
2021 1857 2222 1927 quibus
2253 1873 2354 1910 nos
2383 1856 2534 1926 digni
2558 1870 2799 1919 eramus,
2833 1856 2888 1908 in
2920 1854 3158 1923 seipsum
3194 1858 3434 1906 transtuo
3528 1861 3536 1875 '

1864 1947 2008 2011 lerit,
2036 1957 2089 2003 ct
2118 1948 2420 2003 exsecratio
2452 1963 2551 2018 pro
2580 1947 2739 2003 nobis
2772 1946 2969 2010 factus,
3004 1945 3434 2000 exsecrationem

1865 2054 1986 2110 quae
2015 2038 2175 2094 nobis
2204 2039 2528 2105 debebatur,
2573 2039 2640 2093 ad
2687 2038 2926 2110 seipsum
2954 2035 3261 2091 attraxerit.
3290 2033 3432 2100 Quid

1865 2131 2014 2187 enim
2043 2133 2192 2188 aliud
2222 2132 2334 2196 ille,
2369 2147 2532 2202 quam
2565 2147 2667 2201 pro
2703 2131 2899 2185 animis
2929 2129 3135 2185 nostris
3158 2127 3435 2198 pretium?

1865 2224 2055 2296 Itaque
2097 2241 2162 2280 ex
2196 2239 2430 2294 persona
2470 2231 2658 2280 nostra
2697 2225 2979 2279 oraculum
3019 2224 3136 2277 ait:
3186 2242 3204 2274 (
3240 2221 3436 2277 Livore

1863 2317 1986 2388 ejus
2016 2331 2118 2373 nos
2159 2319 2338 2373 sanati
2377 2331 2567 2372 sumus
2600 2334 2614 2371 :
2647 2323 2701 2372 et
2736 2315 3000 2371 Dominus
3045 2314 3272 2370 tradidit
3308 2328 3434 2368 eum

1865 2409 2108 2480 peccatis
2147 2409 2436 2465 nostris”.
2468 2428 2486 2462 ι
2512 2408 2749 2464 Proinde
2784 2408 2980 2464 merito
3023 2408 3151 2462 dum
3190 2406 3435 2476 seipsum

1865 2502 2025 2558 nobis
2047 2500 2351 2573 conjungit,
2379 2511 2432 2558 et
2455 2517 2558 2556 nos
2579 2516 2643 2556 ac
2672 2501 2802 2556 vitia
2831 2508 3021 2557 nostra
3051 2500 3155 2556 sibi
3189 2498 3432 2562 asciscit,

1867 2595 1944 2648 ita
1973 2594 2050 2648 ait
2087 2611 2102 2648 :
2146 2613 2166 2646 ι
2199 2593 2312 2666 Ego
2345 2594 2480 2659 dixi,
2527 2593 2778 2658 Domine,
2819 2592 3083 2649 miserere
3121 2591 3248 2657 mei,
3297 2603 3436 2647 sana

1866 2687 2106 2740 animam
2155 2701 2354 2751 meam,
2388 2687 2516 2757 quia
2559 2687 2784 2758 peccavi
2831 2686 2931 2742 tibi
2970 2705 2983 2740 :
3026 2704 3045 2736 ι
3078 2684 3436 2753 videntesque

1866 2778 1996 2833 item
2020 2779 2216 2835 merito
2238 2793 2350 2834 non
2383 2780 2560 2834 solum
2593 2780 2944 2835 insidiatores
2968 2777 3239 2841 homines,
3268 2774 3436 2846 408

1867 2867 1963 2924 sed
2001 2870 2163 2925 etiam
2204 2871 2573 2927 insidiatrices
2631 2871 2936 2926 invisibiles
2965 2875 3286 2939 potestates,
3321 2867 3435 2920 vim

1866 2959 2188 3016 immensam
2234 2961 2380 3018 illius
2423 2961 2620 3017 divinae
2667 2961 3048 3032 appellationis
3081 2967 3134 3013 et
3167 2957 3432 3020 nominis,

1866 3064 1976 3119 quo
2020 3050 2168 3107 haud
2217 3052 2294 3108 ita
2332 3054 2505 3108 multo
2551 3061 2677 3123 post
2713 3061 2887 3109 totum
2935 3053 3120 3108 orbem
3166 3061 3433 3107 terrarum

1866 3140 2199 3201 Christianis
2243 3145 2515 3216 implevit,
2562 3145 2714 3200 illam
2762 3161 2821 3202 se
2872 3159 3035 3215 posse
3087 3143 3438 3214 exstinguere

1865 3241 2224 3303 putaverunt,
2287 3237 2334 3291 si
2381 3244 2612 3292 mortem
2667 3237 2746 3291 illi
2799 3236 3268 3291 macbinarentur.
3319 3232 3435 3288 Hoc

1864 3325 2044 3394 ipsum
2077 3327 2245 3396 igitur
2293 3327 2382 3383 his
2427 3329 2607 3384 verbis
2639 3327 2964 3399 redarguit:
3007 3345 3027 3378 ι
3066 3325 3277 3381 Inimici
3327 3325 3436 3379 mei

1863 3416 2121 3472 dixerunt
2150 3419 2293 3472 mala
2347 3420 2504 3485 mihi,
2547 3419 2769 3491 quando
2823 3420 3090 3473 morietur
3137 3425 3193 3473 et
3237 3415 3438 3487 peribit

1863 3523 2064 3563 nomen
2093 3509 2214 3579 ejus
2237 3509 2324 3564 3"2
2355 3529 2372 3563 ι
2411 3509 2680 3578 Quoniam
2730 3517 2914 3566 autem
2949 3508 3221 3564 simulatis
3255 3507 3436 3562 verbis

1864 3597 2232 3666 accedebant,
2268 3608 2546 3658 tentantes
2591 3609 2652 3657 ut
2693 3601 2874 3672 ipsum
2916 3607 3172 3671 caperent
3217 3599 3275 3654 in
3318 3613 3436 3654 ser-

1863 3704 2045 3754 mone,
2077 3697 2138 3744 ut
2166 3690 2397 3761 legimus
2438 3692 2582 3762 apud
2625 3693 2867 3748 divinam
2917 3690 3275 3760 Scripturam,
3313 3705 3436 3760 qua:

1862 3777 1987 3832 illos
2016 3787 2207 3835 contra
2240 3780 2393 3836 illum
2427 3781 2564 3837 alias
2591 3782 2716 3837 aliis
2741 3789 2794 3836 et
2824 3779 3208 3836 occasionibus
3233 3787 3289 3835 et
3326 3780 3437 3834 (τιεί-μ

1861 3869 2104 3926 minibus
2157 3877 2377 3927 utentes
2411 3872 2640 3938 inducit,
2694 3872 2900 3928 idcirco
2945 3872 3078 3927 illud
3131 3870 3377 3942 adjungit
3415 3887 3431 3922 :

1867 3978 1886 4011 ι
1917 3959 1984 4017 Et
2009 3963 2418 4034 ingrediebatur
2451 3978 2512 4020 ut
2558 3965 2788 4033 videret,
2816 3981 2954 4021 vana
2985 3963 3309 4036 loquebatur
3338 3979 3435 4019 cor

1860 4053 2002 4123 ejus,
2051 4057 2403 4126 congregavit
2463 4057 2808 4127 iniquitatem
2859 4057 2997 4121 sibi,
3052 4056 3435 4128 egrediebatur

1863 4143 2014 4200 foras
2040 4153 2094 4201 et
2115 4147 2439 4217 loquebatur
2469 4149 2525 4202 in
2556 4149 2792 4218 idipsum
2822 4156 3010 4204 contra
3033 4164 3119 4203 me
3133 4147 3236 4203 ⁸⁸.»
3271 4146 3436 4204 llisce

1859 4251 1989 4292 vero
2016 4239 2180 4296 rebus
2211 4240 2499 4310 expositis,
2541 4239 2822 4310 deinceps.
2851 4241 3032 4309 ipsum
3064 4240 3218 4294 illum
3259 4239 3435 4295 scele-
3527 4309 3531 4313 1

1859 4327 2164 4383 stissimum
2196 4329 2535 4400 proditorem
2586 4331 2763 4386 verbis
2801 4331 3053 4385 indicat:
3088 4330 3433 4401 quandoqui-

1859 4419 1982 4475 dem
2031 4422 2167 4478 illud
2201 4425 2402 4488 evenit,
2455 4433 2515 4478 ut
2545 4435 2834 4494 postquam
2867 4424 2934 4478 de
2968 4423 3250 4494 prodendo
3289 4438 3434 4493 prae—

170 4521 272 4575 δαν
294 4521 384 4574 τὸν
412 4523 835 4595 ἐπικαλούμενον
873 4525 1252 4598 Ἰσκαριώτην,
1265 4526 1394 4580 ὅντα
1425 4528 1490 4580 ἐκ
1516 4527 1610 4581 τοῦ
1637 4529 1757 4601 ἀρι-

1865 4523 2079 4582 ceptore
2116 4530 2242 4571 cum
2281 4516 2625 4587 principibus
2661 4515 2976 4574 Iudaeorum
3021 4522 3216 4585 pactus
3263 4523 3430 4579 esset,

172 4614 316 4685 Θμοῦ
341 4616 449 4668 τῶν
471 4615 698 4671 δώδεκα.
735 4618 844 4670 Kal
871 4616 1118 4670 ἀπελθὼν
1157 4618 1486 4690 συνελάλησε
1508 4621 1620 4682 τοῖς
1660 4621 1760 4693 ἀρ-

1865 4623 1967 4662 non
1995 4609 2231 4678 amplius
2273 4617 2330 4662 ul.
2361 4608 2572 4664 solebat
2619 4607 2688 4662 ad
2722 4607 2908 4662 divina
2937 4605 3220 4677 praecepta
3252 4605 3436 4676 perdi-5

170 4706 420 4779 χιερεῦσι
456 4710 550 4762 κα).
577 4707 984 4779 γραμματεῦσι,
1024 4709 1120 4762 xal
1155 4710 1267 4772 τοῖς
1310 4713 1633 4779 στρατηγοῖς
1661 4709 1754 4762 τοῦ

1865 4701 2062 4756 scenda
2107 4701 2444 4765 conveniret,
2489 4716 2668 4771 neque
2707 4714 2846 4755 vero.
2883 4706 3144 4769 tanquam
3188 4697 3255 4752 ad
3293 4712 3436 4767 praes

173 4796 348 4868 ἱεροῦ,
377 4797 463 4850 ἶνα
500 4798 661 4850 αὐτὸν
699 4797 926 4870 παραδῷ
960 4797 1161 4862 αὐτοῖς.
1203 4798 1314 4852 Kal
1339 4799 1635 4869 ἐχάρησαν,
1661 4801 1756 4852 καὶ

1865 4802 2131 4864 ceptorem
2168 4796 2474 4858 accederet,
2505 4803 2601 4849 aut
2630 4795 2863 4849 aliorum
2895 4809 3045 4848 more
3076 4791 3440 4862 praeceptoris

174 4889 462 4942 συνέθεντο
505 4889 652 4958 αὐτῷ
697 4888 958 4961 ἀργύριον
989 4888 1188 4943 δοῦναι.
1214 4890 1323 4942 Kal
1353 4890 1532 4963 ἐζήτει
1568 4891 1754 4944 εὐκαι-

1865 4886 2256 4942 consuetudine
2294 4893 2563 4951 uteretur,
2611 4886 2708 4942 sed
2741 4896 2958 4956 tempus
3007 4885 3273 4939 duntaxat
3317 4883 3436 4937 cir-

172 4981 301 5055 ρίαν
323 4979 416 5033 τοῦ
444 4979 774 5052 παραδοῦναι
801 4980 962 5033 αὐτὸν
983 4981 1165 5044 αὐτοῖς
1185 4980 1317 5053 ἄτερ
1335 4981 1511 5052 ὄχλου.
1533 5001 1550 5034 ι
1572 4981 1756 5034 Ταῦτα

1865 4979 2230 5049 cumspiceret.
2257 4989 2420 5052 atque
2468 4981 2967 5050 observaret,,quo
3023 4976 3225 5032 adoriri
3279 4977 3433 5033 illum

168 5072 238 5143 δὴ
271 5067 364 5126 οὖν
398 5071 536 5125 αὐτά
565 5071 898 5136 θεσπίζουσα
936 5074 970 5143 ή
1024 5072 1164 5143 μετά
1210 5077 1397 5145 χεῖρας
1447 5073 1748 5145 πρόρρησις

1865 5081 2062 5141 posset.
2083 5071 2320 5130 Proinde
2345 5075 2498 5128 illum
2525 5073 2632 5128 ista
2659 5073 2971 5130 molientem
3005 5085 3069 5124 ac
3087 5075 3429 5140 apatrantcm,

168 5160 446 5230 ἐπιλέγει·
469 5163 608 5215 «Καὶ
626 5164 674 5216 εί
701 5163 1074 5233 εἰσεπορεύετο
1086 5163 1180 5218 τοῦ
1199 5165 1346 5230 ἰδεῖν,
1375 5167 1550 5236 μάτην
1569 5165 1746 5218 ἐλάλει

1865 5165 2032 5219 sancti
2063 5165 2410 5236 evangelista:
2425 5166 2834 5220 criminantur:
2866 5177 3100 5233 quorum
3132 5175 3277 5215 unus
3300 5158 3433 5214 Mat-

168 5255 210 5325 ή
224 5252 420 5325 καρδία
436 5254 623 5320 αὐτοῦ,
641 5257 946 5326 συνήγαγεν
973 5256 1202 5327 ἀνομίαν
1221 5256 1418 5328 ἐαυτῷ.
1437 5256 1750 5328 Ἐξεπορεύ-

1865 5257 2032 5312 Lilaeus
2065 5257 2157 5312 ita.
2182 5258 2258 5311 ait
2289 5276 2302 5312 :
2335 5277 2356 5308 ι
2386 5256 2543 5312 Tunc
2590 5257 2782 5312 abiens
2818 5271 2969 5311 unus.
3008 5269 3091 5309 ex.
3118 5250 3428 5315 duodecim,

168 5361 266 5400 ετο
288 5345 414 5411 ἔξω,
435 5346 529 5400 καὶ
549 5346 726 5400 ἐλάλει
755 5347 848 5401 ἐπὶ
870 5347 931 5400 τὸ
949 5347 1100 5402 αὐτό.
1120 5348 1253 5401 Κατ’
1279 5346 1414 5418 ἐμοῦ
1436 5347 1746 5420 ἐψιθύριζον

1865 5351 1950 5421 qui
1986 5351 2272 5406 dicebatur
2301 5349 2474 5405 Judas
2515 5349 2802 5404 lscariotes
2831 5347 2900 5402 ad
2939 5345 3216 5417 principes
3245 5357 3429 5399 sacer-

166 5437 378 5502 πάντες
391 5438 441 5492 οἱ
457 5439 638 5512 ἐχθροί
665 5457 785 5511 μου.
810 5457 830 5492 ι
850 5440 908 5494 'O
923 5439 1054 5510 γοῦν
1071 5439 1386 5511 Σύμμαχος,
1398 5442 1753 5513 (Εἰσερχόμε-

1865 5440 2074 5508 dctum,
2102 5442 2352 5497 aitillis:
2383 5441 2528 5508 Quid
2551 5441 2717 5496 vultis
2746 5439 2878 5494 mihi
2908 5437 3060 5504 dare,
3089 5443 3144 5492 et
3167 5450 3273 5507 .ego
3302 5449 3430 5488 eum

157 5543 338 5592 ,νος,,»
371 5529 555 5599 φησὶν,
585 5530 1004 5602 ιέπισκοπῆσαι,
1055 5531 1258 5602 μάταια
1298 5531 1754 5605 ἐλάλειήκαρδία

1865 5537 2014 5593 vobis
2039 5535 2250 5592 tradam
2271 5537 2298 5591 2.
2323 5536 2403 5591 illi
2453 5543 2634 5591 autem
2675 5533 3082 5591 constituerunt
3107 5527 3158 5585 ei
3201 5527 3438 5600 triginta

168 5619 364 5686 αὐτοῦ,
389 5620 640 5694 ήθροιζεν
658 5623 874 5680 ἀδικίαν
904 5623 1094 5697 ἐαυτῇ.
1136 5623 1523 5695 Ἐξερχόμενος
1546 5625 1604 5679 δὲ
1638 5625 1742 5693 ἔξω

1865 5637 2167 5700 argenteos.
2199 5627 2268 5683 Et
2293 5643 2361 5684 ex
2388 5628 2483 5684 illo
2543 5625 2820 5698 quaerebat
2853 5621 3338 5696 opportunitatem,
3366 5623 3433 5679 ut

191 5768 194 5770 ⁷
245 5801 290 5834 ει
330 5799 880 5873 teor.m,26,27.
955 5803 1142 5884 8119a.
1180 5819 1296 5880 mn,
1333 5804 1447 5865 ι-θ.
1527 5806 1572 5840 ιε
1611 5805 1758 5866 Psal.

1865 5845 1889 5876 ,
1917 5805 1968 5863 6.
2048 5808 2093 5842 ³⁵
2129 5807 2259 5867 ibid.
2297 5808 2349 5877 7,
2382 5809 2434 5868 8.

923 5909 953 5917 .-
