3836 6220
414 354 529 413 727

416 473 598 544 ipsum
637 473 720 528 eis
763 472 1009 528 traderet
1031 473 1096 526 ³⁸.
1150 496 1169 527 ι
1205 474 1421 532 Marcus
1465 483 1648 531 autem
1689 475 1771 530 sic
1814 490 1830 528 :

414 566 588 623 Judas
626 563 920 622 lscariotes
957 583 1101 623 unus
1129 583 1196 623 ex
1225 567 1535 633 duodecim,
1571 568 1718 622 abiit.
1741 565 1809 621 ad
1847 568 1998 637 prin-

417 660 572 728 cipes
597 656 944 713 sacerdotum
977 665 1038 712 ut
1079 674 1204 716 eum
1250 660 1359 716 illis
1397 659 1656 715 traderet.
1690 658 1772 712 illi
1815 665 1997 714 autem

417 750 706 804 audientes
734 749 908 820 gavisi
943 757 1092 805 sunt.
1125 749 1191 802 Et
1225 753 1596 821 promiserunt
1623 766 1682 806 se
1711 758 1994 822 argentum

413 842 468 897 el
496 841 721 896 daturos
754 858 766 894 :
803 849 858 898 et
885 843 1163 912 quaerebat
1191 845 1469 914 quomodo
1501 846 1652 900 illum
1692 855 1996 915 opportune

415 932 735 988 traderet".
777 953 796 986 ι
835 932 1014 990 Lucas
1044 949 1172 989 vero
1219 935 1277 989 in
1321 935 1468 990 hunc
1497 936 1720 991 modum
1758 936 1991 991 scribit:

417 1041 438 1073 ι
474 1021 704 1077 Intravit
745 1031 928 1080 autem
986 1025 1220 1080 Satanas
1270 1030 1325 1080 in
1373 1025 1571 1080 Judam
1625 1026 1718 1097 qui
1766 1035 1994 1081 vocatur

411 1113 729 1180 lscariotes,
767 1133 936 1171 unum
969 1118 1036 1172 de
1074 1118 1387 1174 duodecim.
1429 1119 1494 1172 Et
1523 1119 1658 1172 abiit
1689 1127 1742 1174 et
1775 1120 1992 1173 locutus

409 1217 496 1264 est
515 1225 638 1264 cum
672 1211 1017 1281 principibus
1048 1213 1397 1268 sacerdotum
1431 1221 1485 1267 et
1533 1213 1728 1267 scribis
1757 1220 1812 1267 et
1835 1213 1993 1268 duci-

409 1299 514 1355 bus
548 1303 757 1372 templi,
790 1309 851 1356 ut
897 1318 1023 1358 eum
1058 1305 1168 1359 illis
1213 1304 1476 1358 traderet.
1510 1303 1576 1358 Et
1622 1304 1795 1374 gavisi
1838 1312 1988 1369 sunt,

407 1399 464 1446 et
501 1393 642 1461 pacti
682 1402 812 1448 sunt
843 1402 1134 1464 argentum
1174 1397 1252 1449 illi
1281 1396 1453 1452 dare:
1484 1403 1541 1452 et
1580 1397 1859 1466 quaerebat
1892 1411 1990 1465 op-

406 1485 822 1552 portunitatem,
849 1495 906 1540 ut
936 1487 1177 1542 traderet
1212 1489 1364 1543 illum
1397 1492 1516 1544 sine
1544 1489 1722 1543 turbis
1740 1490 1805 1544 '7.
1842 1508 1860 1541 ›
1885 1488 1989 1541 Ea-

407 1575 530 1628 dem
563 1576 730 1644 igitur
761 1577 905 1641 hate,
940 1579 1256 1632 vaticinium
1293 1581 1439 1649 quod
1470 1594 1619 1634 nunc
1646 1581 1700 1634 in
1733 1579 1988 1633 manibus

404 1675 510 1730 est,
535 1682 762 1732 canens,
781 1669 855 1722 ita
879 1670 984 1722 ait:
1007 1671 1104 1723 «Et
1120 1671 1524 1742 ingrediebatur
1539 1681 1598 1727 ut
1614 1672 1987 1737 videret,vana

405 1760 735 1829 loquebatur
768 1776 864 1814 cor
902 1763 1045 1831 ejus,
1075 1767 1428 1835 congregavit
1468 1766 1814 1836 iniquitatem
1858 1765 1984 1821 sibi.

403 1851 977 1924 569Egrediebatur
990 1856 1158 1920 foras,
1187 1858 1582 1927 etloquehatur
1611 1859 1664 1912 in
1686 1857 1980 1927 idipsum.»

402 1944 610 2000 Contra
641 1963 727 2000 me
772 1948 1140 2002 susurrabant
1176 1964 1368 2004 omnes
1406 1949 1614 2004 inimici
1665 1950 1792 2004 mei.
1829 1947 1988 2020 Sym-

403 2038 636 2093 machus
667 2047 847 2094 autem
883 2058 896 2092 :
935 2060 952 2092 ι
984 2040 1322 2110 Ingrediens,
1353 2041 1556 2111 inquit,
1580 2048 1638 2094 ut
1663 2042 1982 2112 inspiceret,

402 2145 545 2184 vana
578 2130 908 2200 loquebatur
936 2146 1032 2184 cor
1060 2131 1203 2200 ejus,
1243 2132 1612 2202 congregabat
1653 2132 1985 2202 injustitiam

403 2224 532 2278 sibi.
589 2224 890 2294 Egrediens
943 2235 1125 2280 autem
1184 2225 1334 2282 foras
1381 2226 1802 2297 obloquebatur.
1864 2225 1986 2282 Uno

403 2316 588 2370 animo
630 2318 999 2373 susurrabant
1053 2326 1246 2372 contra
1295 2333 1382 2374 me
1409 2333 1605 2375 omnes
1628 2320 1723 2390 qui
1751 2320 1986 2376 oderunt

401 2424 508 2464 me.
549 2427 568 2460 ο
622 2406 785 2464 Solus
814 2411 981 2480 igitur
1015 2417 1276 2480 tanquam
1319 2410 1608 2468 familiaris
1636 2422 1692 2468 et
1740 2412 1986 2484 discipu-

401 2499 489 2552 lus
517 2499 824 2570 ingressus,
857 2501 1341 2571 circumspiciebat
1368 2509 1422 2556 et
1461 2503 1780 2574 explorabat
1809 2505 1981 2571 intus,

402 2590 636 2646 insidias
690 2592 745 2645 in
789 2593 956 2647 corde
1001 2609 1104 2648 suo
1140 2593 1445 2649 occultans.
1474 2593 1744 2665 Egressus
1775 2603 1980 2664 autem,

399 2695 525 2734 cum
557 2679 810 2750 pluribus
839 2695 948 2734 uno
973 2683 1159 2736 animo
1187 2683 1318 2737 etin
1352 2682 1496 2738 idem
1519 2684 1980 2754 obloquebantur,

396 2771 528 2826 dum
557 2769 898 2828 Salvatorem
946 2773 1186 2828 inimicis
1221 2774 1495 2837 tradebat,
1527 2782 1584 2829 et
1621 2775 1855 2830 latenter
1885 2792 1982 2846 pa-

396 2864 712 2920 ciscebatur
739 2881 864 2919 cum
900 2866 1240 2936 principibus
1260 2865 1576 2920 Iudaeorum
1607 2880 1733 2920 cum
1764 2869 1832 2921 de
1857 2869 1980 2924 aliis

397 2956 586 3020 rebus,
612 2965 728 3010 tum
760 2973 891 3012 vero
929 2957 1092 3012 etiam
1136 2957 1203 3012 de
1247 2958 1478 3028 pecunia
1508 2973 1616 3028 qua
1647 2974 1707 3014 se
1739 2958 1978 3013 traditu-

396 3064 521 3104 rum
555 3049 705 3104 illum
751 3051 1120 3120 promittebat,
1157 3059 1210 3105 et
1259 3051 1327 3106 de
1362 3065 1470 3121 qua
1523 3065 1632 3106 una
1661 3067 1785 3104 cum
1841 3050 1977 3121 ipsis

395 3138 508 3195 illis
533 3141 874 3196 susurrabat.
895 3140 971 3194 Ex
997 3155 1106 3210 quo
1132 3142 1233 3195 ait:
1259 3161 1278 3191 ι
1304 3141 1700 3212 Egrediebatur
1729 3141 1899 3208 foras,
1925 3151 1979 3199 et
2003 3169 2045 3226 ρ

399 3233 727 3301 loquebatur
757 3233 811 3285 in
867 3233 1125 3302 idipsum.
1179 3233 1460 3290 Adversus
1492 3251 1579 3290 me
1613 3235 1978 3290 susurrabant

397 3339 590 3378 omnes
626 3324 834 3377 inimici
862 3325 990 3378 mei.
1022 3325 1328 3379 Adversum
1357 3341 1444 3380 me
1484 3326 1800 3397 cogitabant
1835 3327 1976 3381 mala

395 3415 553 3471 mihi.
599 3415 838 3470 Verbum
901 3415 1148 3484 iniquum
1220 3418 1628 3473 constituerunt
1684 3421 1976 3476 adversum

395 3508 576 3562 me”.
621 3526 640 3559 ι
673 3505 904 3562 Videtur
963 3515 1145 3562 autem
1204 3511 1512 3580 pactionem
1571 3511 1640 3566 de
1681 3513 1972 3582 argenteis,

399 3600 626 3654 verbum
658 3599 931 3669 iniquum,
956 3600 1276 3669 prophetiee
1322 3602 1610 3657 nominare
1642 3621 1657 3657 :
1694 3612 1788 3658 aut
1810 3604 1976 3662 etiam

397 3693 472 3746 ita
505 3693 660 3754 dicit,
694 3703 982 3763 propterea
1015 3693 1162 3762 quod
1194 3693 1401 3748 nefaria
1430 3701 1484 3750 et
1504 3694 1692 3764 iniqua
1714 3696 1977 3752 adversus

398 3784 552 3838 illum
596 3784 932 3853 cogitabant,
960 3791 1146 3852 utpote
1194 3785 1289 3853 qui
1331 3784 1485 3838 illum
1518 3787 1975 3856 exstinguendum

397 3885 453 3929 ct
491 3884 611 3942 post
642 3891 832 3930 necem
877 3874 1229 3940 abolendum,
1263 3891 1441 3946 neque
1472 3877 1706 3947 amplius
1731 3878 1870 3934 inter
1895 3879 1974 3933 vi-

398 3979 497 4018 vos
533 3966 921 4035 requirendum
959 3951 1392 4021 arbitrarentur.
1426 3965 1558 4021 Tale
1596 3974 1682 4020 est
1729 3967 1874 4026 enim
1906 3969 1975 4022 il-

395 4055 491 4110 }ud
529 4077 542 4111 :
581 4076 600 4110 ι
633 4057 894 4128 Nunquid
923 4059 1015 4128 qui
1044 4059 1268 4127 dormit,
1299 4076 1410 4113 non
1455 4060 1674 4128 adjiciet
1703 4067 1761 4113 ut
1792 4075 1976 4115 resur-

395 4157 489 4220 gat
527 4150 610 4203 a9?
643 4169 662 4202 ι
713 4152 860 4221 quod
908 4151 1142 4206 lucidius
1193 4153 1420 4222 protulit
1482 4151 1844 4223 Symmachus
1890 4153 1976 4210 bis

395 4241 628 4297 verbis:
684 4260 702 4293 ι
755 4241 821 4294 Ει
865 4242 958 4310 qui
1008 4241 1210 4296 cecidit
1267 4257 1378 4295 non
1434 4241 1578 4295 ultra
1641 4253 1908 4315 resurget.
1950 4265 1969 4297 ι

394 4331 592 4403 Aquila
625 4347 772 4395 vero,
835 4352 852 4382 ι
891 4332 1090 4402 thui,
1125 4333 1326 4402 inquit,
1359 4332 1665 4398 dormierit,
1700 4350 1806 4390 non
1839 4336 1977 4406 adji-

342 4486 343 4489 η
395 4423 505 4478 ciet
535 4429 594 4476 ut
626 4432 879 4494 resurgat
904 4424 950 4456 ‘°
979 4444 990 4478 :
1036 4445 1054 4476 ι
1085 4434 1140 4480 et
1168 4426 1286 4480 haec
1327 4425 1549 4496 quidem
1599 4426 1779 4482 adhuc
1826 4443 1978 4482 com-

1095 355 1369 414 EUSEBII
1405 355 1888 414 CESARIENSIS
1925 355 2078 414 OPP.
2115 357 2302 415 PARS
2337 358 2404 414 ll.
2443 388 2514 402 —-
2550 358 3052 416 APOLOGETICA.

1878 492 1898 526 ι
1933 474 1997 528 Et
2027 478 2075 536 Α
2102 475 2404 531 κατελάλει.
2457 475 2829 548 Ὀμοθυμαδὸν
2876 474 3185 549 ἐψιθύριζον
3223 479 3344 531 κατ’
3375 479 3513 548 ἐμοῦ
3546 481 3682 534 πάν-

3584 364 3684 419 728

2098 586 2191 633 τες
2221 570 2270 622 οἱ
2303 568 2587 640 μισοῦντές
2621 587 2710 639 με.
2749 588 2768 620 ι
2807 569 2982 632 Μόνος
3025 569 3122 640 μὲν
3152 563 3244 622 οὖν
3275 569 3352 632 ὼς
3385 567 3454 622 ἂν
3478 568 3680 640 γνώρι-

2102 677 2203 731 μος
2221 662 2316 713 καὶ
2342 659 2590 732 μαθητὴς
2604 661 2756 730 παρά
2775 661 3092 714 διδάσκαλον
3107 660 3308 723 εἰσιὼν,
3326 661 3681 732 περιεσκόπει

2099 755 2192 807 καὶ
2244 753 2671 826 κατεμάνθανεν,
2737 753 2883 806 ἔνδον
2929 755 3021 807 ἐπὶ
3069 755 3170 824 τῆς
3209 752 3400 806 ἐαυτοῦ
3450 753 3681 823 καρδίας

2096 848 2355 919 κρύπτων
2409 847 2508 918 τὴν
2566 846 2876 918 ἐπιϐουλήν.
2908 846 3094 912 Ἑξιὼν
3126 847 3182 900 δὲ
3203 888 3218 911 ,
3258 847 3393 916 μετὰ
3416 846 3681 899 πλειόνων

2095 939 2436 1010 ὁμοθυμαδὸν
2466 940 2558 993 καὶ
2594 941 2686 992 ἐπὶ
2705 940 2766 992 τὸ
2805 939 2934 992 αὐτὸ
2968 937 3274 1003 κατελάλει,
3314 940 3428 1001 τοῖς
3461 938 3682 1009 ἐχθροῖς

2095 1032 2380 1104 προδιδοὺς
2434 1033 2527 1085 τὸν
2578 1033 2825 1103 Σωτῆρα,
2867 1033 2960 1085 καὶ
2992 1031 3414 1102 συνταττόμενος
3435 1030 3680 1092 τοῖς-τῶν

2107 1125 2376 1180 Ἰουδαίων
2421 1125 2646 1195 ἄρχουσι
2673 1123 2972 1194 λεληθότως
3018 1123 3146 1194 περὶ
3193 1123 3410 1193 ἐτέρων,
3451 1122 3512 1174 ού
3571 1119 3682 1191 μὴν

2094 1217 2231 1271 ἀλλά
2270 1218 2364 1270 καὶ
2414 1217 2541 1286 περὶ
2586 1214 2695 1268 τῶν
2739 1215 3059 1286 χρημάτων,
3096 1215 3182 1282 ἐφ’
3213 1209 3297 1276 οἷς
3329 1212 3682 1284 παραδώσειν

2092 1307 2254 1360 αὐτὸν
2286 1308 2616 1376 ὑπισχνεῖτο,
2663 1308 2791 1376 περὶ
2831 1300 2905 1358 ὧν
2947 1309 3065 1376 μετ’
3100 1306 3275 1359 αὐτῶν
3311 1306 3535 1358 ἐκείνων
3559 1304 3684 1373 ἐψι-

2091 1396 2297 1469 θύριζε.
2331 1399 2422 1450 Διό
2465 1414 2662 1467 φησιν·
2704 1416 2722 1447 ‹
2779 1397 3167 1468 Ἐξεπορεύετο
3213 1397 3338 1462 ἔξω,
3368 1399 3462 1449 καὶ
3489 1396 3680 1449 ἐλάλει

2092 1487 2185 1538 ἐπὶ
2211 1485 2271 1538 τὸ
2308 1486 2459 1538 αὐτό.
2494 1488 2629 1538 Κατ’
2659 1486 2792 1556 ἐμοῦ
2834 1486 3146 1557 ἐψιθύριζον
3179 1487 3376 1549 πάντες
3401 1491 3450 1540 οἱ
3484 1486 3681 1558 ἐχθροί

2093 1594 2215 1647 μου,
2239 1578 2357 1631 κατ’
2384 1577 2518 1648 ἐμοῦ
2576 1577 2878 1646 ἐλογίζοντο
2913 1579 3060 1631 κακά
3092 1595 3199 1648 μοι.
3231 1580 3399 1647 Λόγον
3431 1581 3682 1651 παράνο-

2089 1684 2191 1737 μον
2232 1668 2518 1721 κατέθεντο
2559 1670 2678 1721 κατ’
2708 1667 2868 1738 ἐμοῦ.
2913 1688 2932 1718 ι
2977 1669 3159 1719 Ἔοικε
3188 1667 3244 1720 δὲ
3274 1667 3372 1738 τὴν
3394 1668 3682 1739 συνταγὴν

2089 1758 2186 1828 τὴν
2245 1759 2373 1831 περὶ
2423 1759 2531 1812 τῶν
2582 1759 2858 1831 ἀργυρίων
2906 1759 3063 1827 λόγον
3101 1761 3410 1830 παράνομον
3446 1760 3538 1813 διὰ
3573 1763 3680 1831 τῆς

2091 1848 2428 1919 προφητείας
2446 1848 2732 1918 ὀνομάζειν
2751 1865 2764 1877 ’
2787 1849 2818 1920 ἢ
2843 1849 2935 1902 καὶ
2957 1850 3039 1900 ὅτι
3071 1850 3238 1919 ἀσεϐῆ
3261 1851 3353 1902 καὶ
3373 1851 3682 1922 παράνομα

2089 1945 2210 1995 κατ’
2269 1940 2434 1996 αὐτοῦ
2471 1942 2790 2006 διενοοῦντο,
2833 1944 2907 2007 ὡς
2947 1942 3015 1996 ἂν
3078 1943 3510 2015 σϐεσθησομένου
3581 1946 3681 1998 καὶ

2086 2031 2590 2103 διαφθαρησομένου
2624 2033 2761 2104 μετὰ
2795 2035 2886 2087 τὸν
2921 2035 3170 2098 θάνατον,
3193 2038 3287 2088 καὶ
3315 2036 3514 2107 μηκέτι
3561 2038 3677 2102 ζῶ-

2089 2142 2176 2179 σιν
2221 2125 2736 2196 ἐξετασθησομένου.
2781 2126 3034 2180 Τοιοῦτον
3090 2129 3199 2200 γάρ
3238 2130 3355 2182 ἐστι
3394 2129 3474 2192 τὸ,
3507 2149 3524 2180 ι
3582 2132 3676 2202 Μὴ

2085 2219 2115 2270 6
2144 2217 2482 2288 κοιμώμενος
2509 2218 2629 2287 οὐχὶ
2663 2217 2962 2290 προσθήσει
2987 2219 3080 2272 τοῦ
3103 2221 3394 2291 ἀναστῆναι
3419 2238 3434 2284 ;
3469 2241 3490 2272 ι
3527 2223 3678 2294 ὅπερ

2085 2309 2406 2380 λευκότερον
2447 2312 2476 2363 6
2517 2309 2813 2381 Σύμμαχος
2844 2309 3101 2382 ἐξέφηνεν
3130 2311 3298 2366 εἰπών
3322 2329 3334 2342 ·
3378 2332 3396 2363 ι
3436 2315 3547 2366 Καὶ
3585 2332 3677 2367 πε-

2088 2399 2196 2454 σὼν
2219 2401 2394 2454 οὐκέτ’
2425 2404 2857 2474 ἀναστήσεταιμ
2889 2404 2917 2455 ὁ
2943 2403 3000 2455 δὲ
3037 2404 3267 2469 Ἀκύλας
3297 2407 3480 2474 φησιν,
3523 2407 3673 2459 «Kal

2081 2493 2144 2556 ὃς
2171 2493 2237 2547 ἂν
2262 2492 2523 2566 κοιμηθῇ,
2556 2494 2617 2547 ού
2660 2494 2959 2566 προσθήσει
2994 2497 3088 2549 τοῦ
3136 2497 3466 2566 ἀναστῆναις
3509 2516 3527 2548 ι
3554 2499 3674 2551 Καὶ

2083 2583 2258 2638 ταῦτα
2289 2584 2370 2638 ἔτι
2404 2585 2599 2650 κοινῶς
2627 2585 2756 2656 περὶ
2786 2586 3001 2639 πάντων
3034 2586 3250 2658 εἴρηται
3277 2588 3384 2639 τῶν
3405 2588 3544 2640 κατά
3576 2586 3671 2639 τὸν

2083 2676 2274 2747 καιρὸν
2336 2675 2432 2731 τοῦ
2481 2677 2687 2741 πάθους
2726 2678 3254 2732 ἐπιϐεϐουλευκότων
3298 2679 3481 2750 αὐτῷ·
3519 2680 3671 2743 ἰδίως

2081 2766 2141 2820 δὲ
2197 2767 2360 2820 πάλιν
2400 2767 2528 2839 περὶ
2559 2769 2654 2821 τοῦ
2704 2769 2982 2839 προδότου,
3007 2769 3084 2832 ὡς
3125 2771 3193 2823 ἂν
3225 2769 3352 2840 περὶ
3387 2769 3668 2840 patir-rsu-

2083 2857 2266 2921 θέντος
2297 2858 2466 2929 αὐτῷ,
2502 2859 2627 2930 ἑξῆς
2672 2860 2922 2931 ἐπιφέρει
2947 2862 3145 2929 λέγων·
3187 2879 3205 2912 ι
3240 2861 3352 2914 Καὶ
3374 2862 3484 2934 γὰρ
3519 2865 3547 2915 ἐ
3575 2865 3667 2916 ἄν·

2081 2948 2298 3020 θρωπος
2353 2951 2456 3020 τῆς
2511 2951 2735 3023 εἰρήνης
2775 2970 2896 3023 μου,
2933 2953 3018 3020 ἐφ’
3046 2952 3105 3004 ὃν
3138 2953 3362 3023 ἤλπισα,
3409 2955 3436 3004 6
3470 2953 3667 3007 ἐσθίων

2079 3041 2278 3112 ἄρτους
2311 3059 2436 3114 μου,
2470 3043 2803 3114 ἐμεγάλυνεν
2847 3044 2934 3096 ἐπ’
2967 3043 3068 3113 ἐμὲ
3102 3045 3431 3115 πτερνισμὸν
3454 3061 3468 3071 ”
3502 3065 3520 3095 ι
3549 3046 3663 3097 ἀνθ’

2080 3129 2141 3187 οῦ
2175 3137 2336 3189 πάλιν
2368 3137 2396 3188 6
2427 3136 2740 3208 Σύμμαχος,
2771 3155 2790 3188 ι
2815 3137 2924 3189 Καὶ
2949 3136 3251 3209 ἄνθρωπος,
3281 3157 3299 3187 ι
3322 3139 3510 3206 φησὶν,
3551 3157 3570 3187 ι
3604 3140 3665 3198 ὃς

2079 3227 2330 3298 είρήνευέ
2384 3245 2494 3298 μοι,
2646 3227 2976 3292 ἐπεποίθειν,
3039 3228 3332 3282 συνεσθίων
3379 3248 3468 3298 μοι
3503 3231 3666 3302 ἄρτον

2077 3316 2230 3385 ἐμὸν,
2264 3316 2720 3390 κατεμεγαλύνθη
2757 3335 2880 3389 μου.
2925 3339 2943 3370 ι
2997 3320 3280 3390 Χείριστος
3304 3319 3415 3389 γὰρ
3447 3320 3667 3391 ἀληθῶς

2075 3409 2330 3462 ἁπάντων
2376 3411 2471 3463 καὶ
2528 3411 2923 3481 ἐναργέστατος
2953 3414 2982 3464 6
3012 3410 3150 3481 μετὰ
3170 3411 3350 3481 κοινὴν
3384 3411 3665 3482 τράπεζαν

2075 3501 2172 3555 καὶ
2199 3500 2296 3571 τὴν
2332 3501 2390 3554 ἐν
2449 3500 2625 3571 λόγοις
2664 3501 2759 3555 τοῦ
2815 3502 3137 3556 διδασκάλου
3190 3503 3400 3572 τροφὴν
3457 3505 3551 3555 ἐπὶ
3597 3505 3664 3556 τὰ

2075 3592 2243 3663 χείρω
2299 3593 2529 3663 τραπεὶς
2556 3634 2570 3660 ,
2622 3593 2715 3646 καὶ
2770 3597 2884 3658 τοῖς
2934 3593 3198 3656 ἐναντίοις
3230 3592 3324 3644 τὸν
3367 3595 3666 3664 εὐεργέτην

2075 3685 2568 3756 ἀνταμειψάμενος.
2612 3685 2753 3739 Ἀλλ’
2786 3686 3082 3756 ἐπειδήπερ
3123 3683 3568 3747 ἐπιϐουλεύοντες
3617 3686 3667 3738 οι

2075 3776 2264 3848 ἐχθροὶ
2289 3777 2473 3846 ἔλεγον
2497 3795 2510 3808 ·
2543 3796 2562 3829 t
2589 3779 2728 3831 Πότε
2755 3777 3132 3839 ἀποθανεῖται,
3171 3777 3264 3831 καὶ
3285 3777 3575 3830 ἀπολεῖται
3603 3775 3665 3828 τὸ

2075 3867 2247 3939 ὄνομα
2272 3869 2436 3923 αὑτοῦ
2461 3887 2508 3936 ;›
2550 3870 2718 3941 ᾤοντό
2746 3887 2806 3923 τε
2830 3868 3170 3940 κοιμηθένταξ
3187 3869 3380 3940 μηκέτ’
3419 3870 3662 3938 ἀναστή-

2077 3963 2291 4029 σεσθαι,
2336 3963 2528 4015 τούτου
2591 3963 2751 4033 χάριν
2804 3961 2966 4024 αὐτὸς
3007 3962 3035 4012 ὁ
3079 3960 3265 4031 Σωτὴρ
3310 3961 3408 4013 καὶ
3458 3960 3664 4031 Κύριος

2074 4056 2107 4124 ἡ
2118 4055 2234 4124 μῶν
2265 4054 2524 4108 τάναντία
2571 4053 2782 4116 τούτοις
2829 4052 3143 4122 εὐχόμενος,
3179 4053 3392 4122 καὶτῆς
3422 4053 3665 4106 ἀναστά-

2078 4163 2214 4210 σεως
2271 4145 2564 4209 ἀκωλύτως
2627 4147 2810 4216 τυχεῖν
2865 4143 3034 4209 ἀξιῶν
3071 4145 3161 4197 τὸν
3203 4143 3447 4214 Πατέρα,
3493 4145 3660 4214 φησί·

2081 4258 2101 4290 ι
2131 4241 2204 4294 Σὺ
2237 4241 2313 4305 δὲ,
2349 4240 2540 4311 Κύριε,
2574 4238 2795 4307 ἐλέησόν
2825 4255 2914 4308 με,
2961 4238 3055 4290 καὶ
3106 4237 3408 4306 ἀνάστησόν
3442 4254 3534 4306 με,
3566 4237 3664 4289 καὶ

2075 4331 2441 4386 ἀνταποδώσω
2466 4331 2668 4393 αὐτοῖς.
2710 4330 2797 4382 Ἐν
2828 4328 3001 4398 τούτῳ
3025 4328 3213 4396 ἔγνων,
3243 4328 3324 4379 ὅτι
3357 4327 3665 4396 τεθέληκάς

2079 4441 2168 4493 με,
2200 4425 2282 4476 ὃτι
2305 4423 2365 4475 ού
2404 4422 2478 4493 μὴ
2514 4423 2749 4492 ἐπιχαρῇ
2783 4423 2811 4474 6
2856 4420 3050 4491 ἐχθρός
3073 4436 3175 4490 μου
3213 4420 3300 4471 ἐπ’
3334 4419 3482 4488 ἐμοί.
3510 4439 3529 4470 ι
3551 4421 3662 4472 Καὶ

347 4513 358 4580 ἔ
395 4516 639 4569 munitet
678 4513 748 4570 de
798 4516 1074 4571 universis
1131 4517 1278 4572 dicta
1310 4527 1461 4580 sunt,
1515 4518 1610 4588 qui
1659 4520 1764 4574 sub
1796 4520 1972 4590 ipsum

2083 4512 2344 4584 πρόδηλόν
2380 4529 2444 4581 γε
2481 4512 2603 4565 τίνα
2651 4513 2851 4583 τρόπον
2881 4511 3018 4582 μετὰ
3048 4511 3146 4582 τὴν
3177 4513 3241 4564 ἐκ
3269 4511 3484 4582 νεκρῶν
3529 4513 3664 4566 ἀνά-

346 4593 350 4600 “
395 4608 675 4678 passionis
717 4616 936 4679 tempus
965 4608 1194 4665 insidias
1227 4610 1304 4663 illi
1339 4609 1604 4665 fecerunt.
1637 4611 1970 4668 Atseorsum

396 4700 464 4754 de
488 4701 786 4770 proditore,
843 4710 1101 4770 tanquam
1131 4702 1198 4756 de
1229 4717 1294 4757 eo
1314 4718 1473 4771 quem
1499 4703 1614 4773 ipse
1639 4715 1699 4759 ut
1732 4705 1974 4774 discipu-

396 4793 508 4845 lum
544 4792 893 4856 instituisset,
932 4793 1190 4863 deinceps
1243 4793 1512 4865 adjungit,
1539 4795 1729 4851 dicens
1765 4813 1778 4847 :
1824 4815 1844 4849 ι
1880 4795 1974 4850 Et-

395 4884 544 4940 enim
570 4884 733 4938 homo
765 4886 921 4955 pacis
956 4899 1108 4950 meae,
1141 4886 1198 4939 in
1251 4901 1360 4955 quo
1390 4888 1624 4955 speravi,
1655 4887 1747 4957 qui
1778 4888 1974 4942 edebat

395 4991 566 5044 panes
599 4992 775 5044 meos,
805 4976 1173 5046 magniﬁcavit
1219 4992 1384 5047 super
1427 4993 1514 5033 me
1568 4979 1968 5048 supplantatio-

400 5085 524 5124 nem
559 5069 626 5124 “.
658 5091 677 5123 ι
711 5070 818 5125 Pro
852 5087 960 5140 quo
992 5087 1208 5126 rursum
1233 5069 1591 5142 Symmachus
1627 5092 1639 5128 :
1667 5074 1762 5129 «Et
1783 5075 1968 5139 homo,

397 5159 597 5229 inquit,
623 5161 715 5230 qui
750 5176 934 5231 pacem
965 5163 1196 5218 habebat
1223 5178 1457 5228 meeum,
1491 5165 1581 5218 cui
1608 5165 1970 5230 conﬁdebam,

395 5249 692 5306 comedens
737 5266 950 5307 mecum
983 5267 1175 5323 panem
1225 5268 1429 5321 meum,
1464 5255 1842 5326 magniﬁcatus
1887 5264 1976 5312 est

396 5351 588 5396 contra
647 5357 754 5398 me.
794 5361 812 5394 ι
879 5341 1160 5400 Pessimus
1202 5346 1349 5400 enim
1405 5361 1596 5403 revera
1641 5347 1887 5403 omnium
1919 5355 1976 5403 et

397 5432 882 5500 sceleratissimus,
911 5435 1006 5506 qui
1036 5445 1160 5507 post
1216 5453 1564 5494 communem
1617 5454 1884 5504 mensam,
1918 5447 1972 5495 et

393 5533 519 5594 post
568 5527 677 5582 cibi
727 5529 868 5586 inter
900 5529 1068 5586 verba
1105 5532 1458 5601 praeceptoris
1511 5531 1966 5602 assumptionem,

467 5703 516 5779 '_'_
543 5702 744 5779 Matth.
781 5722 939 5772 xxvi,
983 5708 1062 5763 Η.
1145 5709 1188 5740 ³⁸
1229 5705 1394 5765 Marc.
1432 5724 1543 5777 xxv,
1583 5709 1668 5779 10,
1703 5710 1790 5766 il.

397 5772 442 5806 δ’
481 5775 615 5834 ibid.
658 5778 738 5833 10.

1867 5711 1921 5787 '1
1950 5707 2083 5766 Luc.
2123 5726 2265 5775 xxn,
2296 5709 2349 5777 ’5,
2373 5709 2423 5765 6.

2074 4619 2259 4656 στασιν
2283 4603 2468 4668 αὐτοῦ,
2498 4604 2838 4674 παραχρῆμα
2890 4604 2984 4655 καὶ
3015 4604 3115 4656 οὐκ
3147 4605 3227 4666 εἰς
3260 4604 3484 4675 μακρὰν
3527 4620 3662 4674 μετ-

2077 4697 2210 4766 ῆλθε
2259 4699 2384 4761 τοὺς
2433 4695 2958 4759 ἐπιϐεϐουλευκότας
3005 4695 3152 4766 αὐτῷ
3185 4698 3218 4766 ἠ
3269 4696 3656 4760 ἀνταπόδοσις,

2072 4791 2218 4852 ὅπως
2251 4805 2310 4842 τε
2338 4792 2367 4843 6
2397 4789 2588 4859 ἐχθρὸς
2615 4786 2806 4852 αὐτοῦ,
2837 4787 2984 4858 ζωῆς
3017 4787 3393 4858 τυγχάνοντος,
3426 4788 3661 4851 θάνατος

2072 4881 2439 4955 κατῃσχύνθη,
2462 4880 2604 4933 ὥστε
2625 4881 2750 4944 τοὺς
2779 4880 3202 4945 ἐπονειδίξοντας
3238 4882 3415 4933 εἰπεῖν
3434 4897 3447 4910 ·
3485 4899 3505 4931 ι
3545 4881 3658 4934 Ποῦ

2076 4993 2191 5039 σου,
2217 4975 2432 5037 θάνατε,
2459 4972 2521 5026 τὸ
2540 4973 2796 5044 κέντρον;
2825 4973 2927 5026 ποῦ
2960 4989 3073 5037 σου,
3102 4971 3318 5036 θάνατε,
3348 4972 3411 5024 τὸ
3436 4976 3652 5036 vitex;-

2087 5065 2355 5138 Ἐντυχὼν
2387 5065 2445 5118 δέ
2470 5083 2554 5129 τις
2582 5070 2702 5129 ταῖς
2729 5067 2868 5136 μετά
2896 5066 2991 5136 τὴν
3023 5065 3316 5118 ἀνάστασιν
3349 5064 3446 5118 τοῦ
3470 5066 3657 5135 Σωτῆ-

2081 5177 2170 5229 ρος
2193 5159 2351 5232 ήμῶν
2388 5161 2647 5231 ἱστορίαις
2674 5158 2752 5231 τῷ
2798 5161 3042 5230 Ἰωσήπῳ
3069 5159 3415 5229 γραφείσαις,
3452 5157 3654 5211 εἴσεται

2077 5255 2177 5318 τὰς
2208 5254 2569 5324 μετελθούσας
2601 5253 2662 5307 τδ
2694 5253 2962 5307 Ἰουδαίων
3003 5251 3152 5314 ἔθνος
3184 5253 3278 5303 καὶ
3316 5251 3446 5314 τοὺς
3463 5251 3655 5320 ἄρχον-

2077 5361 2176 5409 τας
2209 5343 2386 5397 αὐτῶν
2420 5343 2724 5415 συμφορὰς,
2767 5339 2856 5406 αἷς
2893 5343 3120 5406 εἰκότως
3178 5340 3650 5412 περιπετπὼκασι,

2076 5437 2145 5491 τά
2167 5438 2420 5508 ἐπίχειρα
2440 5429 2514 5491 ὧν
2553 5439 2633 5500 είς
2689 5435 2851 5489 αὐτὸν
2895 5435 3127 5508 ἔδρασαν
3156 5434 3649 5505 ἀπολαμϐάνοντες.

2076 5529 2188 5584 Καὶ
2206 5530 2375 5584 ταῦτα
2413 5529 2512 5601 μὲν
2539 5530 2618 5592 είς
2653 5528 2895 5591 ἐκείνους
2937 5527 3238 5600 ἐπληροῦτο
3269 5529 3467 5593 πάντα,
3511 5525 3652 5579 κατὰ

2534 5710 2574 5742 ³³
2615 5706 2757 5765 Psal.
2797 5724 2886 5777 λι,
2925 5709 2974 5776 7,
3000 5709 3051 5765 8.
3096 5709 3137 5742 ³⁸
3179 5707 3311 5765 ibid.
3343 5707 3398 5764 9-
3435 5707 3477 5739 δί’
3513 5704 3644 5761 ῖῦίίι-
