3836 6220
117 355 234 413 729

1071 350 1736 411 υΕκοΝδτιιΑτιοΝιε
1773 352 2237 413 ΕῩΑΝϐΕιΙΟιΕ
2278 355 2409 412 LIB.
2447 356 2515 412 X.

3301 356 3407 415 73G

118 474 228 546 τὴν
260 469 570 543 πρόρρησιν
590 484 605 499 '
664 466 760 523 τοῦ
792 467 850 522 δέ
888 468 1138 542 Σωτῆρος
1167 469 1326 541 ἡμῶν
1351 472 1385 542 ἡ
1415 473 1481 525 ἐκ
1512 470 1724 542 νεκρῶν
1752 475 1786 532 Α

1848 488 1888 529 e
1912 472 1982 528 ad
2005 473 2278 530 deteriora
2304 473 2599 540 convertit,
2621 480 2676 528 et
2705 471 3005 528 contrariis
3034 471 3199 526 rebus
3218 487 3345 528 eum
3374 488 3412 531 ιι

119 565 430 625 ἀνάστασις
485 559 708 625 διέδειξε
762 564 878 624 τοῖς
905 563 1091 626 πᾶσιν,
1124 563 1273 627 ὅπως
1302 564 1360 615 ἐν
1392 562 1544 634 αὐτῷ
1575 563 1724 618 εὐδό-

122 674 304 729 κησεν
354 657 385 709 ό
434 654 661 725 Πατὴρ,
723 653 784 717 ὃς
841 654 939 708 καὶ
1003 654 1166 718 αὐτὸς
1213 654 1459 709 διδάσκει
1509 654 1685 725 λέγων
1706 674 1721 689 ’

128 771 152 803 ι
202 747 459 820 Ἐλέησόν
492 764 583 819 με,
618 746 714 800 καὶ
756 746 1066 818 ἀνάστησόν
1104 764 1192 819 με,
1228 749 1325 801 καὶ
1358 747 1727 805 ἀνταποδώσω

123 845 341 903 αὐτοῖς.
374 841 465 895 Ἐν
500 838 679 911 τούτῳ
721 837 917 908 ἔγνων,
960 840 1046 894 ὅτι
1092 841 1393 913 τεθέληκάς
1427 858 1516 913 με,
1549 843 1632 895 ὅτι
1663 843 1725 896 οὐ

129 934 212 1007 μὴ
245 935 482 1006 ἐπιχαρῇ
506 934 536 986 ό
557 930 753 1004 ἐχθρός
788 949 888 1003 μου
920 933 1008 986 ἐπ’
1036 934 1180 1005 ἐμοί.
1222 952 1242 987 ι
1286 934 1509 999 Τούτοις
1548 935 1729 989 ἐπιλέ-

124 1044 261 1096 γει·
302 1047 322 1077 ι
362 1025 528 1098 Ἐμοῦ
581 1024 639 1078 δὲ
685 1024 776 1079 διὰ
801 1024 900 1096 τὴν
942 1026 1177 1081 ἀκακίαν
1214 1026 1534 1081 ἀπελάὅου.
1571 1045 1591 1079 ›
1617 1027 1729 1081 Kal.

123 1121 293 1193 τήρει
317 1136 381 1188 γε
405 1118 529 1172 τίνα
559 1118 760 1190 τρόπον
790 1117 941 1190 αὑτῷ
966 1118 1045 1190 τῷ
1073 1117 1192 1190 Θεῷ
1219 1118 1316 1173 καὶ
1354 1118 1531 1190 Πατρὶ
1560 1116 1727 1173 αὐτοῦ

123 1213 235 1284 τὴν
286 1210 454 1283 εὐχὴν
510 1209 887 1282 ἀναπέμπων,
947 1211 1041 1264 ἐπὶ
1104 1210 1345 1283 τοσαύτῃ
1413 1210 1727 1283 τεθάῤῥηκε

127 1305 448 1377 παρρησίᾳ,
472 1304 548 1368 ὡς
575 1304 813 1360 ἀκακίαν
837 1303 1015 1375 ἐαυτῷ
1044 1307 1363 1377 μαρτυρεῖν,
1384 1304 1562 1359 καίτοι
1590 1305 1731 1358 ἀνω-

127 1394 286 1466 τέρω
307 1396 518 1466 φήσαςο
556 1414 576 1446 ι
618 1395 801 1449 Ἴασαι
836 1396 935 1466 τὴν
983 1394 1162 1467 ψυχήν
1195 1412 1318 1466 μου,
1353 1396 1437 1449 ὅτι
1478 1394 1730 1467 ἦμαρτόν

131 1503 246 1540 σοι.
283 1504 303 1537 ι
353 1485 514 1541 Ἀλλά
542 1486 604 1540 τὸ
640 1487 761 1557 μὲν,
795 1506 812 1538 ι
842 1485 1091 1558 ἧμαρτόν
1126 1503 1231 1549 σοι,
1278 1507 1296 1539 ι
1323 1487 1516 1551 ὁποίας
1549 1486 1729 1558 ἔχεται

129 1577 381 1642 διανοίας
434 1578 921 1651 προδιειλήφαμεν.
958 1580 1068 1632 Καὶ
1098 1581 1127 1632 ό
1154 1580 1449 1651 Σύμμαχος
1480 1579 1536 1633 δέ
1567 1579 1732 1647 σαφέ-

132 1687 336 1746 στερον
365 1671 709 1744 παρέστησεν
748 1670 952 1726 είπών²
981 1690 1001 1724 ι
1035 1674 1217 1726 Ἰασαι
1253 1672 1357 1744 τὴν
1393 1671 1573 1743 ψυχήν
1604 1688 1728 1743 μου,

134 1765 239 1817 καὶ
299 1765 352 1816 εί
396 1764 644 1837 ἥμαρτόν
706 1780 824 1817 σοι·
868 1783 887 1814 ι
921 1764 950 1817 δ
977 1765 1072 1819 καὶ
1103 1764 1235 1818 αὐτὸ
1272 1763 1471 1833 λέγοιτ’
1502 1762 1569 1817 ἂν
1602 1765 1731 1835 περὶ

1822 581 1938 635 quo
1956 566 2277 637 juvabatur,
2318 574 2375 623 et
2400 565 2670 621 beneﬁcia
2698 563 2977 634 capiebat,
3009 564 3409 623 remuneravit.

1822 660 1895 716 At
1955 674 2089 717 vero
2140 659 2403 731 quoniam
2455 657 2669 713 inimici
2740 656 3066 713 insidiantes
3130 654 3410 726 dicebant,

1831 774 1851 807 ι
1873 755 2097 826 quando
2127 754 2415 817 morietur,
2440 760 2494 807 et
2520 750 2723 821 peribit
2748 764 2951 805 nomen
2974 748 3145 820 ejus?
3180 768 3199 802 ι
3224 756 3281 806 et
3309 764 3415 821 pu-

1825 848 2017 902 tabant
2052 854 2232 902 morte
2273 846 2514 917 sopitum
2566 859 2677 899 non
2739 843 2978 913 amplius
3007 849 3412 909 surrecturum,

1826 938 2037 993 idcirco
2059 938 2178 1009 ipse
2211 936 2465 991 Salvator
2493 951 2558 990 ac
2595 933 2861 989 Dominus
2896 933 3063 1006 47o
3105 941 3299 990 noster
3325 933 3417 991 bis

1828 1031 2058 1086 adversa
2087 1036 2366 1100 precatur,
2395 1036 2449 1083 et
2469 1026 2759 1084 reditionis
2786 1026 2855 1081 ad
2888 1027 3059 1082 vitam
3085 1028 3208 1082 sine
3234 1026 3416 1097 impe-

1827 1125 2072 1180 dimento
2114 1137 2174 1177 se
2202 1129 2508 1192 compotem
2544 1120 2661 1175 fieri
2693 1119 2913 1175 Patrem
2950 1134 3112 1174 suum
3157 1127 3299 1183 orat,
3329 1118 3419 1175 dl-

1828 1231 1999 1271 cens:
2034 1233 2053 1266 ι
2089 1214 2171 1269 Tu
2194 1222 2396 1276 autem,
2428 1213 2676 1278 Domine,
2713 1212 2975 1268 miserere
3018 1212 3148 1277 mei,
3184 1219 3240 1268 et
3290 1224 3419 1268 sus-

1827 1308 1938 1362 cita
1962 1322 2069 1372 me,
2104 1315 2158 1362 et
2182 1306 2481 1361 retribuam
2516 1306 2619 1362 eis.
2653 1305 2710 1361 In
2742 1307 2848 1362 hoc
2879 1306 3112 1377 cognovi
3138 1303 3284 1375 quod
3322 1317 3419 1359 vo-

1830 1399 1981 1454 luisti
2018 1415 2124 1464 me,
2153 1400 2301 1469 quod
2333 1414 2444 1453 non
2475 1397 2739 1469 gaudebit
2762 1399 3023 1453 inimicus
3060 1413 3220 1453 meus
3249 1411 3424 1468 super

1829 1507 1918 1547 me
1940 1492 2008 1548 ".
2050 1512 2069 1545 ι
2110 1490 2175 1545 Et
2204 1507 2338 1547 sane
2367 1491 2514 1546 haud
2552 1491 2852 1547 obscurum
2882 1499 2991 1555 est,
3024 1506 3185 1562 quem
3213 1491 3269 1545 in
3299 1504 3421 1545 mo-

1829 1586 1961 1641 dum
1993 1594 2284 1657 postquam
2313 1601 2344 1640 a
2372 1586 2605 1641 mortuis
2635 1585 2820 1647 rediit,
2847 1585 3126 1657 evestigio
3148 1598 3325 1655 neque
3343 1583 3419 1639 ita

1830 1678 2005 1732 multo
2030 1686 2173 1749 post,
2193 1694 2288 1734 eos
2321 1677 2414 1748 qui
2438 1678 2517 1732 illi
2566 1678 2800 1733 insidias
2832 1686 3153 1733 struxerant
3180 1675 3432 1745 retribu-y

1833 1772 1913 1827 tio
1943 1773 2055 1826 ulta
2096 1772 2188 1838 sit,
2222 1780 2392 1841 utque
2444 1786 2529 1836 ea,
2556 1786 2678 1841 quae
2714 1771 2836 1826 vita:
2882 1770 3002 1840 ejus
3037 1770 3259 1824 inimica
3302 1773 3423 1823 erat

133 1855 255 1910 τῶν
284 1856 572 1929 ἡμετέρων
595 1857 1031 1930 ἁμαρτημάτων,
1053 1857 1197 1929 ἅπερ
1221 1858 1251 1909 ό
1277 1857 1465 1929 Σωτὴρ
1493 1857 1588 1910 καὶ
1620 1856 1733 1910 Κύ-
1763 1842 1786 1897 Ῑ

1848 1878 2006 1927 mors,
2057 1864 2131 1917 sit
2179 1863 2389 1933 pudore
2433 1862 2689 1930 confusa,
2744 1863 2882 1917 adeo
2942 1861 3036 1916 illa
3084 1860 3306 1933 quidem
3360 1866 3425 1915 ut

140 1966 262 2023 ριος
298 1950 456 2022 ήμῶν
481 1952 561 2015 είς
617 1951 810 2005 ἑαυτὸν
847 1950 1150 2017 ἀνεδέξατο.
1202 1950 1276 2004 Τὸ
1304 1950 1386 2013 δὲ,
1421 1970 1440 2001 ‹
1491 1950 1654 2022 Ἐμοῦ
1679 1951 1736 2005 δὲ

132 2040 232 2095 διά
250 2042 355 2113 τὴν
388 2043 626 2097 ἀκακίαν
651 2043 967 2106 ἀηλάὁου,
992 2062 1009 2093 ι
1033 2043 1130 2115 τὴν
1145 2042 1209 2095 δι’
1243 2042 1364 2096 ὅλου
1388 2042 1738 2115 καθαρότητα

132 2133 248 2203 τῆς
279 2134 448 2188 αὑτοῦ
476 2133 693 2205 φύσεως
739 2135 1060 2208 παρίστησι,
1099 2135 1167 2187 δι’
1211 2135 1277 2205 ἣν
1303 2136 1396 2188 καὶ
1420 2136 1481 2188 τὺ
1526 2135 1738 2208 ἑδραῖον

134 2228 239 2299 καὶ.
265 2228 523 2283 ἄσειστον
558 2230 659 2303 τῆς
683 2228 851 2299 ζωῆς,
874 2229 967 2283 καὶ⁸
997 2228 1099 2299 τῆς
1137 2228 1275 2300 μετὰ
1315 2228 1413 2300 τὴν
1447 2229 1741 2282 ἀνάστασιν

134 2318 311 2374 αὐτοῦ
342 2319 617 2392 σωτηρίας
663 2320 927 2376 διδάσκων
960 2321 1201 2390 ἐπιλέγει
1223 2338 1237 2351 ο
1271 2341 1290 2372 ι
1330 2321 1439 2375 Καὶ
1482 2320 1740 2374 ἐϐεϐαίω-

140 2412 247 2476 σάς
277 2430 347 2484 με
374 2412 605 2468 ἐνώπιόν
635 2431 730 2468 σου
776 2416 857 2479 είς
893 2414 985 2468 τὸν
1005 2414 1208 2468 αίῶνα’
1245 2433 1264 2466 ι
1285 2413 1341 2485 ἢ,
1374 2433 1394 2465 ι
1423 2414 1533 2468 Καὶ
1564 2431 1740 2486 παρα-

138 2506 367 2577 στήσεις
422 2523 491 2579 με
547 2506 857 2580 ἔμπροσθέν
916 2523 1009 2561 σου
1055 2506 1123 2553 δι’
1178 2508 1390 2571 αίῶνος,
1423 2525 1442 2557 ι
1476 2506 1620 2560 κατά
1644 2506 1737 2560 τὸν

138 2598 466 2671 Σύμμαχον.

1836 1958 1996 2031 quasi
2031 1956 2291 2027 probrum
2322 1957 2373 2012 ei
2421 1956 2749 2026 objieientes
2780 1955 3029 2010 dicerent
3064 1972 3078 2009 :
3120 1973 3140 2005 ι
3180 1952 3284 2009 Ubi
3314 1961 3420 2018 est,

1837 2064 2009 2113 mors,
2044 2049 2301 2104 stimulus
2321 2048 2483 2104 tuus?
2505 2049 2597 2103 ubi
2620 2056 2727 2111 est,
2748 2063 2917 2112 mors,
2937 2046 3172 2102 victoria
3197 2053 3290 2100 tua
3309 2043 3419 2099 ⁸³⁸1»

1838 2141 2128 2207 Caeterum,
2162 2142 2208 2197 si
2238 2142 2363 2211 quis
2410 2140 2673 2197 historias
2722 2149 2970 2211 tempora
3024 2145 3150 2211 post
3198 2136 3424 2193 reditio-

1840 2251 1964 2291 nem
2005 2235 2074 2291 ad
2104 2235 2274 2291 vitam
2308 2234 2612 2291 Salvatoris
2645 2234 2823 2289 nostri
2870 2234 3211 2303 complexas.
3240 2244 3363 2300 qua:
3393 2242 3426 2282 a

1840 2325 2081 2398 Josepho
2121 2326 2446 2396 conscriptae
2489 2326 2624 2390 sint,
2669 2324 2957 2385 evolverit.
3017 2322 3178 2378 facile
3222 2318 3428 2376 videbit

1842 2432 2090 2488 quaenam
2115 2416 2461 2473 calamitates
2503 2413 2787 2469 Iudaicam
2821 2421 3039 2485 gentem
3087 2422 3253 2482 atque
3303 2408 3427 2478 ejus

1840 2511 2118 2581 principes
2147 2510 2488 2574 invaserint,
2519 2516 2683 2580 atque
2711 2507 3025 2570 alllixerint,
3055 2507 3111 2561 in
3142 2519 3283 2575 quas
3312 2516 3433 2556 ine-

1842 2602 1950 2657 rito
1990 2602 2067 2656 illi
2107 2601 2445 2666 inciderunt,
2472 2609 2532 2655 ut
2576 2599 2803 2655 sceleris
2831 2598 2978 2670 quod
3032 2597 3088 2652 in
3144 2596 3299 2650 illum
3331 2609 3429 2665 pa-

135 2697 429 2745 traverant
459 2691 685 2761 praemia
733 2687 896 2760 digna
939 2689 1294 2760 reciperent:
1322 2698 1377 2745 et
1410 2688 1528 2744 haec
1571 2690 1794 2759 quidem
1834 2693 2017 2747 omnia
2068 2691 2333 2747 adversus
2363 2692 2487 2746 illos
2536 2690 2809 2761 completa
2861 2698 3008 2752 sunt,
3060 2695 3120 2743 ut
3144 2685 3430 2741 oraculum

137 2784 495 2856 prgdixerat.
544 2782 846 2840 Salvatoris
876 2791 1070 2840 autem
1112 2784 1289 2840 nostri
1343 2784 1410 2839 de
1451 2792 1627 2839 morte
1664 2783 1730 2837 ad
1769 2784 1934 2837 vitam
1984 2783 2181 2837 reditio
2239 2784 2398 2854 plane
2432 2783 2690 2838 omnibus
2720 2781 3140 2843 demonstravit,
3160 2787 3428 2850 quantum

139 2878 253 2932 sibi
283 2876 450 2934 Pater
483 2876 541 2932 in
588 2876 685 2933 illo
725 2877 1016 2948 placuerit,
1050 2891 1214 2946 quam
1262 2876 1483 2947 quidem
1532 2891 1647 2930 rem
1698 2875 1815 2944 ipse
1850 2874 2113 2939 ostendit,
2148 2874 2381 2930 dicens:
2419 2892 2438 2924 ι
2471 2872 2733 2929 Miserere
2764 2872 2894 2934 mei,
2923 2878 2977 2925 et
3004 2871 3213 2926 suscita
3236 2884 3345 2931 me,
3373 2876 3430 2924 et

139 2971 452 3026 retribuam
508 2970 612 3028 eis.
660 2968 721 3026 ln
766 2971 872 3026 hoc
917 2971 1150 3042 cognovi
1191 2972 1339 3042 quod
1400 2969 1623 3025 voluisti
1670 2985 1778 3034 me,
1841 2968 1987 3039 quod
2041 2984 2153 3022 non
2206 2968 2462 3039 gaudebit
2525 2967 2783 3021 inimicus
2841 2980 2997 3020 meus
3040 2977 3206 3032 super
3259 2975 3364 3015 me.
3405 2979 3426 3013 ο

141 3061 357 3118 Deinde
387 3061 682 3134 adjungit:
722 3081 741 3114 ι
785 3061 871 3117 Me
898 3070 1079 3119 autem
1105 3072 1331 3134 propter
1358 3062 1731 3118 innocentiam
1774 3063 2089 3134 suscepisti.
2119 3083 2137 3115 ι
2174 3062 2408 3118 Attende
2451 3068 2632 3116 autem
2669 3072 2910 3129 quonam
2965 3066 3126 3127 pacto
3157 3054 3264 3127 ipsi
3318 3052 3431 3110 Deo

139 3166 201 3213 et
239 3157 393 3212 Patri
442 3172 544 3213 suo
600 3156 942 3234 supplicans,
985 3165 1137 3212 tanta
1187 3166 1377 3213 utatur
1426 3158 1681 3214 libertate
1729 3159 2009 3228 loquendi,
2061 3167 2121 3214 ut
2175 3158 2280 3214 sibi
2326 3156 2433 3227 ipsi
2479 3156 2807 3210 innocentiae
2854 3152 3229 3208 testimonium
3276 3149 3433 3207 exhi-

143 3249 300 3311 beat,
347 3245 568 3303 tametsi
617 3246 872 3318 superius
926 3247 1067 3303 dixit
1098 3267 1153 3302 τι
1181 3247 1324 3303 Sana
1376 3248 1615 3302 animam
1650 3264 1849 3317 meam,
1888 3250 2021 3321 quia
2050 3249 2272 3320 peccavi
2306 3250 2427 3303 tibi.
2461 3266 2481 3300 ι
2522 3245 2629 3302 Sed
2680 3243 2813 3300 illud
2861 3243 3104 3315 quidem,
3134 3261 3152 3294 ι
3209 3245 3432 3314 peccavi

144 3326 283 3405 tibi,
311 3344 496 3409 »ξιιυο
521 3355 691 3397 sensu
732 3340 805 3395 sit
853 3339 1269 3411 accipiendum,‘
1295 3349 1456 3398 antea
1513 3342 1735 3413 planum
1776 3341 2028 3408 fecimus,
2061 3341 2207 3411 quod
2270 3339 2633 3413 Symmachus
2676 3338 2921 3410 apertius
2968 3336 3245 3406 exposuit,
3305 3351 3432 3391 eum

147 3432 294 3493 dixit
330 3450 346 3486 :
383 3451 403 3485 ι
433 3430 579 3487 Sana
624 3432 862 3489 animam
895 3449 1100 3499 meam,
1130 3435 1239 3491 etsi
1268 3434 1490 3506 peccavi
1534 3434 1632 3489 tibi
1667 3453 1679 3488 :
1720 3454 1739 3486 ι
1778 3434 1925 3505 quod
1958 3450 2090 3490 sane
2115 3435 2294 3505 ipsum
2330 3435 2494 3489 etiam
2529 3433 2597 3490 de
2650 3433 2890 3503 peccatis
2930 3432 3139 3488 nostris
3167 3430 3276 3486 dici
3332 3444 3432 3500 po-

147 3532 284 3590 test,
320 3536 444 3593 quae
475 3519 729 3578 Salvator
777 3538 842 3578 ac
889 3523 1155 3581 Dominus
1187 3535 1373 3581 noster
1416 3526 1473 3580 in
1521 3526 1759 3593 seipsum
1800 3526 2060 3595 suscepit.
2113 3524 2247 3580 lllud
2283 3534 2465 3580 autem
2508 3544 2521 3581 :
2559 3544 2577 3576 ι
2614 3525 2699 3580 Me
2752 3533 2933 3580 autem
2978 3532 3197 3594 propter
3251 3523 3412 3575 inno-

149 3619 393 3671 centiam
456 3614 772 3683 suscepisti,
832 3633 851 3667 ι
908 3614 1205 3684 puritatem
1263 3623 1475 3671 naturae
1527 3615 1723 3685 ipsius,
1779 3630 1941 3685 quam
1995 3622 2165 3669 totam
2213 3614 2551 3685 possidebat,
2589 3614 2948 3676 demonstrat,
2979 3627 3047 3666 ex
3077 3626 3182 3681 qua
3212 3610 3422 3679 purita-

155 3716 214 3761 te
285 3705 461 3761 vitam
528 3720 749 3776 quoque
791 3713 848 3762 et
888 3709 1118 3765 salutem
1159 3709 1411 3765 stabilem
1465 3717 1629 3779 atque
1668 3710 2053 3766 inconcussam
2117 3716 2242 3781 post
2290 3709 2525 3765 reditum
2581 3709 2756 3779 ipsius
2803 3705 2872 3761 ad
2922 3706 3087 3758 vitam
3154 3715 3434 3773 exponens

155 3799 409 3869 adjungit
442 3815 458 3852 :
492 3814 512 3848 ι
555 3795 622 3851 Et
652 3797 993 3855 conﬁrmasti
1025 3816 1112 3855 me
1142 3801 1199 3855 in
1231 3809 1532 3871 conspectu
1566 3811 1659 3856 tuo
1687 3801 1742 3855 in
1779 3809 2066 3867 aeternum,
2101 3822 2120 3855 ι
2186 3809 2283 3857 aut
2330 3802 2489 3857 aliter
2524 3819 2539 3858 :
2581 3818 2600 3851 ι
2638 3798 2704 3852 Et
2737 3796 3041 3854 constitues
3074 3811 3161 3850 me
3204 3802 3331 3849 ante
3363 3802 3425 3850 te

154 3896 216 3954 in
241 3907 528 3963 aeternum,
559 3918 580 3952 ι
616 3906 677 3953 ut
703 3897 1100 3969 interpretatus
1130 3901 1215 3950 est
1248 3892 1634 3966 Symmachus.

170 4014 308 4070 Ἀπὸ
335 4013 442 4068 τοῦ
467 4010 713 4082 ψαλμοῦ
740 4010 846 4082 κδ’.
877 4041 949 4052 -
968 4011 1089 4082 Ἔτι
1108 4010 1252 4082 ᾲπερὶ
1278 4007 1620 4082 τοῦ-Ἰούδα,
1643 4006 1738 4082 καὶ
1771 4024 1786 4078 ς

1848 4004 2004 4077 47],
2030 4004 2069 4057 Α
2101 4002 2308 4082 psalmo
2340 4018 2447 4057 LIV.
2479 3999 2716 4082 —:_It_em
2763 3999 2827 4054 de
2868 3997 3015 4079 Iuda
3046 4006 3101 4082 et
3142 3998 3206 4053 de
3246 3998 3317 4082 iis
3342 4000 3439 4071 qui

231 4084 351 4139 τῶν
373 4076 494 4138 ain:
516 4076 678 4149 αὐτῷ
703 4081 819 4151 τὴν
846 4080 997 4135 κατὰ
1027 4080 1133 4134 τοῦ
1148 4078 1405 4149 Χριστοῦ
1426 4076 1746 4145 συσκευὴν

230 4152 674 4224 πεποιημένων.

238 4287 259 4320 ι
307 4266 615 4333 Ἐνώτισαι,
638 4267 841 4332 όΘεδς,
872 4266 972 4338 τὴν
1016 4265 1321 4338 προσευχήν
1354 4281 1480 4334 μου,
1530 4262 1625 4316 καὶ
1675 4260 1748 4332 μὴ

162 4357 428 4430 ὑπερίδῃς
485 4356 583 4429 τὴν
635 4358 817 4430 δέησίν
856 4374 981 4428 μου.
1040 4356 1285 4428 Πρόσχες
1324 4372 1434 4427 μοι,
1488 4354 1582 4408 καὶ
1640 4356 1751 4406 εἰσ-

160 4451 403 4507 άκουσόν
465 4467 586 4521 μου.
617 4448 924 4521 Ἐλυπήθην
968 4452 1026 4503 ἐν
1060 4451 1126 4519 τῇ
1185 4446 1467 4518 ἀδολεσχίᾳ
1510 4463 1630 4519 μου,
1658 4445 1751 4498 καὶ

162 4542 473 4616 ἐταράχθην
536 4542 644 4597 ἀπὸ
701 4541 885 4612 φωνῆς
936 4539 1152 4613 ἐχθροῦ,
1216 4540 1310 4593 καὶ
1362 4539 1470 4593 ἀπὸ
1522 4537 1753 4608 θλίψεως

162 4634 524 4707 apage-to).on
568 4636 651 4689 ὅτι
700 4634 977 4699 ἐξέκλιναν
1010 4634 1096 4687 ἐπ’
1129 4632 1230 4704 ἐμὲ
1278 4630 1529 4703 ἀνομίαν,
1568 4630 1663 4683 καὶ
1694 4630 1752 4681 ἐν

163 4730 305 4800 ὀργῇ
361 4726 640 4781 ἐνεκότουν
697 4743 805 4797 μοι.
875 4725 939 4780 Ἡ
991 4723 1189 4797 καρδία
1232 4740 1332 4796 μου
1375 4719 1652 4794 ἐταράχθη
1695 4721 1753 4772 ἐν

164 4821 316 4892 ἐμοὶ,
369 4819 465 4873 καὶ
519 4817 692 4873 δειλία
744 4816 974 4872 θανάτου
1023 4815 1289 4870 ἐπέπεσεν
1323 4816 1412 4869 ἐπ’
1444 4811 1563 4885 ἐμέ.
1585 4811 1754 4875 Φόϐος

167 4914 265 4968 καὶ
295 4911 499 4982 τρόμος
528 4906 692 4982 ἦλθεν
716 4909 802 4961 ἐπ’
836 4908 958 4978 ἐμὲ,
989 4908 1085 4961 καὶ
1111 4905 1350 4975 ἐκάλυψε
1390 4921 1458 4977 με
1492 4904 1702 4968 σκότος,
1731 4921 1748 4953 ι

168 5005 266 5059 καὶ
293 5002 363 5055 τὰ
396 5001 556 5071 ἐξῆς’
596 4996 679 5066 οἷς
714 4999 989 5069 ἐπιλέγειο
1026 5017 1045 5051 ι
1092 4997 1524 5061 Καταπόντισον,
1559 4994 1753 5066 Κύριε,

170 5099 265 5155 καὶ
289 5097 569 5152 καταδίελε
592 5095 692 5161 τὰς
720 5094 971 5165 γλώσσας
1003 5092 1180 5147 αὐτῶν
1198 5109 1213 5125 ο
1244 5092 1327 5146 ὅτι
1356 5085 1495 5144 εἶδον
1527 5087 1756 5159 ἀνομίαν

170 5189 270 5242 καὶ
309 5185 618 5256 ἀντιλογίαν
652 5186 712 5240 ἐν
737 5188 805 5257 τῇ
829 5185 1002 5239 πόλει.
1044 5182 1285 5255 Ἡμέρας
1321 5181 1415 5236 καὶ
1441 5178 1632 5242 νυκτὸς
1657 5195 1756 5232 κυ-

172 5279 376 5335 κλώσει
427 5277 596 5349 αὐτὴν
643 5277 737 5331 ἐπὶ
764 5275 836 5331 τά
862 5276 1020 5348 τείχη
1058 5275 1247 5346 αὐτῆς,
1286 5273 1381 5328 καὶ
1426 5270 1627 5343 ἀνομία
1664 5270 1758 5323 καὶ

172 5371 345 5435 κόπος
377 5370 436 5424 ἐν
460 5369 613 5440 μέσῳ
638 5368 827 5440 αὐτῆς,
846 5369 942 5423 καὶ
985 5367 1199 5422 ἀδικία·
1240 5366 1337 5420 καὶ
1378 5366 1480 5418 οὐκ
1511 5362 1759 5429 ἐξέλιπεν

173 5464 243 5519 ἐκ
271 5462 383 5517 τῶν
422 5460 696 5516 πλατειῶν
749 5461 919 5533 αὐτῆς
955 5458 1114 5523 τόκος
1168 5459 1264 5513 καὶ
1298 5456 1467 5520 δόλος.
1514 5456 1658 5522 Ὅτι,
1709 5457 1758 5509 εί

176 5554 373 5628 ἐχθρὸς
416 5552 661 5610 ὠνείδισέ
704 5570 795 5625 με,
840 5553 1124 5623 ὑπήνεγκα
1173 5549 1260 5605 ἄν.
1307 5550 1372 5604 El
1409 5548 1438 5601 ό
1474 5546 1649 5619 μισῶν
1690 5563 1759 5618 με

179 5650 269 5704 ἐπ’
299 5645 402 5721 ἐμὲ
432 5644 1038 5720 ἐμγαλορρημόνησεν,
1077 5641 1317 5716 ἐκρύόην
1350 5640 1417 5696 ἂν
1448 5639 1534 5694 ἐπ’
1568 5637 1732 5694 αὑτοῦ

1919 4069 2039 4129 ἓιῦη
2079 4069 2138 4129 eo
2199 4073 2450 4127 adversus
2503 4069 2775 4127 Christum
2832 4069 3254 4139 conjurationem
3290 4069 3431 4140 fesc-

1920 4155 2063 4200 runt.

1928 4282 1946 4313 ‹
1988 4261 2231 4318 Auribus
2263 4260 2506 4331 percipe,
2537 4256 2706 4320 Deus,
2731 4255 3036 4310 orationem
3058 4268 3258 4319 meam,
3290 4264 3344 4308 et
3366 4267 3439 4309 ne

1852 4352 2168 4424 despexeris
2196 4350 2636 4422 deprecationem
2683 4362 2883 4402 meam.
2929 4345 3135 4402 Praesta
3167 4352 3434 4401 attentum

1852 4453 1906 4500 te
1929 4444 2084 4509 mihi,
2120 4451 2175 4499 et
2217 4442 2417 4498 exaudi
2466 4456 2574 4497 me.
2610 4440 2985 4495 Contristatus
3019 4454 3140 4494 sum
3175 4438 3231 4491 in
3264 4453 3438 4508 nuga-

1852 4538 1999 4592 tione
2036 4551 2179 4604 mea,
2208 4544 2262 4592 et
2283 4534 2644 4590 conturbatus
2674 4547 2795 4588 sum
2830 4546 2861 4585 a
2892 4546 3023 4586 voce
3062 4530 3291 4593 inimici,
3313 4539 3363 4584 et
3403 4544 3436 4583 a

1854 4629 2205 4684 tribulatione
2232 4628 2573 4698 peccatoris:
2622 4627 2883 4698 quoniam
2939 4626 3352 4681 declinaverunt
3378 4623 3435 4677 in

1854 4733 1939 4773 me
1967 4718 2332 4787 iniquitatem,
2357 4724 2412 4772 et
2456 4718 2512 4771 in
2546 4716 2628 4771 ira
2677 4716 2896 4771 molesti
2943 4724 3102 4770 erant
3133 4714 3289 4767 mihi.
3325 4712 3445 4767 Cor

1854 4826 2035 4865 meum
2056 4809 2440 4865 conturbatum
2467 4816 2548 4864 est
2574 4809 2629 4863 in
2655 4824 2762 4873 me,
2783 4815 2838 4863 et
2868 4805 3104 4863 formido
3129 4805 3324 4860 mortis
3346 4818 3437 4859 ce-

1854 4901 1988 4956 cidit
2020 4916 2186 4971 super
2214 4915 2319 4957 me.
2351 4898 2537 4955 Timor
2562 4907 2615 4955 et
2638 4906 2843 4956 tremor
2857 4905 3128 4954 venerunt
3149 4912 3312 4967 super
3329 4912 3445 4961 me.

1854 4999 1909 5046 et
1935 4999 2298 5046 contexerunt
2337 5006 2425 5047 me
2456 4991 2694 5047 tenebra:
2716 4990 2788 5055 “,
2816 5010 2835 5043 ι
2868 4999 2923 5045 et
2963 5004 3084 5059 qua:
3105 4997 3435 5059 sequuntur,

1856 5084 2057 5155 quibus
2092 5083 2374 5155 adjungit:
2414 5100 2434 5134 ι
2483 5081 2791 5152 Praecipita,
2846 5080 3096 5145 Domine,
3155 5088 3208 5135 et
3258 5079 3451 5134 divide-

1858 5176 2072 5246 linguas
2095 5189 2286 5229 eorum
2316 5189 2328 5225 :
2351 5173 2610 5243 quoniam
2626 5172 2736 5227 vidi
2769 5170 3109 5241 iniquitatem
3136 5178 3191 5224 et
3217 5177 3441 5223 contra-

1858 5267 2156 5323 dictionem
2189 5265 2248 5319 in
2265 5266 2505 5320 civitate.
2525 5263 2621 5320 Die
2650 5279 2714 5318 ac
2737 5270 2899 5318 nocte
2925 5261 3289 5318 circumdabit
3315 5276 3442 5316 eam

1861 5376 2026 5430 super
2052 5374 2242 5415 muros
2269 5358 2410 5428 ejus,
2440 5366 2494 5413 et
2547 5355 2810 5427 iniquitas
2860 5362 2915 5410 et
2966 5354 3122 5409 labor
3172 5355 3228 5407 in
3259 5353 3445 5407 medio

1863 5454 1985 5526 ejus
2007 5461 2063 5509 et
2099 5450 2369 5522 iniustitia
2404 5468 2418 5505 :
2453 5457 2509 5506 et
2539 5464 2650 5504 non
2699 5446 2902 5504 defecit
2950 5446 3018 5502 de
3071 5445 3265 5518 plateis
3319 5444 3445 5515 ejus

1864 5561 2035 5602 usura
2063 5553 2118 5601 et
2133 5545 2314 5602 dolus.
2344 5540 2614 5610 Quoniam
2646 5540 2692 5596 si
2728 5539 2985 5596 inimicus
3018 5538 3221 5610 probro
3245 5552 3333 5593 me
3361 5536 3439 5591 af-

1863 5634 2103 5702 fecisset,
2139 5633 2526 5693 sustinuissem
2562 5631 2771 5705 utique.
2834 5629 2901 5687 Et
2950 5631 2997 5687 si
3047 5629 3096 5688 is
3130 5627 3222 5699 qui
3250 5627 3445 5686 oderat

255 5825 302 5861 δ’
339 5823 486 5883 Psal.
521 5840 612 5895 ιι,
649 5824 737 5895 Η,
774 5822 860 5882 1ι2.
935 5822 981 5857 ⁸³
1017 5821 1040 5879 l
1072 5821 1200 5881 Cor.
1235 5836 1341 5894 xv,
1376 5819 1465 5879 55.
1521 5817 1589 5900 ,⁸⁸
1624 5814 1769 5876 Psal.

1848 5830 1915 5886 tv,
1961 5812 2079 5870 2-6.
