3836 6220
448 346 551 404 ’131

1048 343 1319 400 EUSEBII
1353 342 1832 401 CIESABIENSIS
1870 342 2022 400 OPP.
2062 342 2242 400 PARS
2282 344 2347 400 ll.
2385 374 2457 386 —
2495 343 2993 402 APOLOGETICA.

3597 346 3694 400 73!

447 470 560 520 ne,
591 468 758 525 super
784 469 872 510 me
898 468 1093 524 magna
1120 456 1337 510 locutus
1367 453 1580 519 fuisset,
1610 455 2020 512 abscondissem

2124 455 2197 507 Σὺ
2247 456 2325 521 δὲ,
2375 455 2629 528 ἄνθρωπε
2681 457 2920 529 ίσόψυχε,
2959 456 3183 529 ἡγεμών
3226 474 3327 528 μου
3372 461 3692 528 καὶγνωστέ

447 561 537 602 me
558 544 792 601 forsitan
843 545 911 600 ab
936 561 1019 601 eo.
1054 544 1135 599 Tu
1162 561 1293 601 vero
1320 546 1482 601 homo
1503 546 1798 612 unanimis,
1823 555 1878 602 et
1909 546 2021 602 dux

447 646 627 698 meus,
656 643 712 690 et
736 641 901 690 notus
933 651 1125 690 meus:
1159 637 1254 704 qui
1286 638 1342 690 in
1364 634 1505 690 idem
1532 635 1722 691 dulces
1744 650 2023 706 compara-

446 725 548 779 bas
600 723 731 778 mihi
776 724 953 780 cibos.
1008 724 1067 777 ln
1100 724 1263 779 domo
1307 723 1403 779 Dei
1447 725 1846 782 ambulavimus
1891 740 2018 781 cum

445 829 720 870 consensu
750 815 816 870 "'.
857 834 876 866 ι
916 816 991 868 Ex
1020 815 1107 870 bis
1147 815 1313 885 igitur
1363 815 1495 869 illud
1530 833 1546 871 :
1582 832 1603 867 ι
1651 814 1710 870 Si
1763 816 2019 873 inimicus

440 903 648 969 probro
669 918 756 957 me
786 903 1076 970 affecisset,
1107 904 1492 960 sustinuisscm
1522 905 1729 975 utique.
1771 904 1838 958 Et
1884 908 1930 963 si
1970 907 2018 962 is

446 992 539 1062 qui
565 992 758 1047 oderat
793 1008 896 1056 me,
942 1010 1105 1062 super
1150 1009 1237 1050 me
1292 1010 1491 1065 magna
1544 996 1759 1051 locutus
1801 995 2014 1063 fuisset,

445 1083 855 1139 abscondissem
917 1101 1003 1139 me
1037 1084 1265 1141 forsitan
1310 1088 1387 1141 ab
1434 1102 1518 1142 eo.
1584 1086 1664 1141 Tu
1695 1103 1822 1144 vero
1855 1090 2020 1144 homo

445 1176 743 1240 unanimis,
766 1185 821 1231 et
840 1176 951 1230 dux
981 1192 1155 1241 meus,
1188 1188 1243 1232 et
1272 1189 1436 1234 notus
1466 1194 1641 1243 meus,
1662 1181 1757 1251 qui
1789 1181 1847 1235 in
1876 1181 2019 1237 idem

420 1265 637 1337 dulces
670 1270 1030 1338 comparabas
1070 1269 1203 1322 mibi
1243 1270 1420 1333 cibos,
1462 1289 1480 1320 ι
1538 1272 1715 1327 simile
1756 1280 1840 1328 est
1888 1274 1964 1327 illi
2000 1293 2014 1329 :

450 1375 471 1409 ι
517 1358 729 1412 Etenim
774 1358 937 1413 homo
987 1360 1139 1429 pacis
1195 1375 1349 1423 meae,
1395 1362 1448 1415 in
1491 1379 1601 1433 quo
1654 1365 1892 1434 speravi,
1923 1366 2017 1436 qui

443 1448 639 1503 edebat
668 1465 835 1518 panes
859 1466 1029 1515 meos,
1065 1451 1430 1521 magnificavit
1451 1469 1616 1524 super
1637 1470 1723 1510 me
1754 1457 2017 1527 supplan-

443 1539 706 1591 tationem
738 1539 783 1569 ‘°
816 1559 828 1592 :
863 1559 882 1592 ι
920 1540 1067 1610 quod
1098 1557 1219 1595 cum
1245 1542 1311 1597 de
1342 1542 1480 1598 Juda
1514 1544 1587 1599 sit
1616 1546 2015 1615 accipiendum,

444 1628 501 1682 in
527 1630 798 1698 superiori
842 1631 1126 1700 prephelia
1153 1632 1390 1701 positum
1424 1642 1527 1689 est.
1560 1634 1629 1689 Ut
1659 1651 1789 1707 ergo
1821 1637 1875 1691 in
1922 1639 2018 1692 illo

444 1720 746 1783 dicebatur,
775 1722 938 1776 homo
972 1724 1124 1792 pacis
1157 1725 1450 1794 aliquando
1480 1725 1684 1793 fuisse,
1718 1729 1810 1798 qui
1840 1745 2016 1800 quou-

2129 562 2253 615 μου,
2286 546 2344 610 ὃς
2367 547 2458 600 ἐπὶ
2479 546 2540 600 τὸ
2568 548 2698 601 αὐτὸ
2747 548 3051 616 ἐγλύκανάς
3076 563 3167 618 μοι
3200 548 3496 619 ἐδέσματα,
3534 552 3596 605 ἐν
3622 552 3693 620 τῷ

2123 636 2257 707 οἴκῳ
2309 637 2402 690 τοῦ
2434 637 2569 692 Θεοῦ
2617 638 2990 710 ἐπορεύθημεν
3031 639 3090 692 ἐν
3120 640 3360 710 ὁμονοίᾳ.
3395 658 3414 691 ι
3454 640 3551 706 Τδ,
3582 659 3607 691 ‹
3637 642 3692 695 El

2124 726 2314 797 ἐχθρὸς
2338 726 2577 779 ὠνείδισέ
2613 744 2701 798 με,
2727 728 3008 798 ὑπήνεγκα
3036 726 3124 793 ἂν,
3167 745 3187 778 ι
3216 728 3310 780 καὶ
3335 746 3354 779 ι
3381 729 3450 781 Ei.
3468 732 3499 782 6
3529 730 3693 800 μισῶν

2129 835 2196 888 με
2221 820 2309 871 ἐπ’
2343 819 2444 890 ἐμὲ
2492 817 3093 890 ἐμεγαλορρημόνησεν,
3126 818 3363 890 ἐκρύϐην
3382 820 3451 874 ἂν
3484 822 3575 873 ἐπ’
3604 824 3694 876 αὖλ-

2122 910 2239 965 τοῦ.
2265 911 2338 965 Σὺ
2369 911 2446 974 δὲ,
2479 911 2729 983 ἄνθρωπε
2776 910 3019 981 ίσόψυχε,
3058 910 3282 982 ἡγεμὼν
3310 928 3409 981 μου
3438 913 3542 965 καὶ
3572 930 3697 982 γνω-

2126 1002 2220 1056 στέ
2254 1020 2378 1073 μου,
2409 1004 2469 1067 ὃς
2510 1004 2605 1057 ἐπὶ
2645 1003 2707 1056 τὸ
2731 1003 2862 1056 αὐτὸ
2890 1002 3197 1077 ἐγλύκανάς
3231 1019 3321 1072 μοι
3348 1003 3650 1073 ἐδέσματα,
3674 1025 3691 1055 ι

2122 1094 2305 1165 ὅμοιόν
2366 1095 2483 1147 ἐστι
2516 1093 2617 1165 τῷ,
2655 1111 2674 1145 τι
2712 1094 2822 1148 Καὶ
2843 1092 2951 1163 γὰρ
2974 1094 3003 1146 6
3034 1092 3319 1164 ἄνθρωπος
3348 1094 3451 1163 τῆς
3476 1096 3698 1165 εἰρήνης

2126 1202 2249 1255 μου,
2284 1185 2369 1253 ἐφ’
2398 1183 2457 1237 ὃν
2480 1184 2748 1253 ῆλπισα,ὁ
2773 1183 2967 1237 ἐσθίων
2990 1182 3187 1253 ἄρτους
3217 1200 3339 1252 μου,
3366 1183 3698 1252 ἐμεγάλυνεν

2123 1278 2208 1329 ἐπ’
2238 1276 2337 1345 ἐμὲ
2387 1275 2749 1346 πτερνισμόν·
2786 1293 2806 1326 ›
2835 1274 2962 1346 περὶ
3000 1272 3096 1327 τοῦ
3161 1273 3328 1326 Ἰούδα
3387 1275 3446 1327 ἐν
3483 1277 3554 1344 τῇ
3601 1274 3699 1343 πρὸ

2123 1369 2323 1438 ταύτης
2378 1368 2680 1439 προφητείᾳ
2738 1368 2994 1438 κειμένῳ.
3028 1367 3235 1437 ’Ὠσπερ
3264 1361 3356 1420 οὖν
3399 1369 3461 1419 ἐν
3509 1367 3699 1435 ἐκείνῳ

2122 1460 2397 1512 ἐδείκνυτο
2440 1459 2724 1530 ἄνθρωπος
2762 1459 2985 1529 εἰρήνης
3019 1459 3151 1512 ποτέ
3199 1457 3461 1526 γεγονὼς,
3505 1459 3598 1511 ὅτε
3625 1458 3698 1527 τῷ

2122 1551 2337 1622 Σωτῆρι
2364 1549 2750 1622 ἐμαθητεύετο,
2779 1545 2861 1613 εἷς
2896 1550 2992 1603 καὶ
3023 1550 3182 1613 αὐτὸς
3211 1549 3306 1602 τοῦ
3324 1549 3433 1603 τῶν
3470 1549 3697 1603 ἀποστό-

2122 1638 2228 1693 λων
2272 1638 2505 1710 άριθμοῦ
2561 1639 2903 1710 χρηματίσας
2925 1655 2937 1669 ·
2964 1637 3106 1692 οὕτω
3136 1639 3232 1693 καὶ
3265 1640 3322 1692 ἐν
3362 1639 3443 1709 τῷ
3477 1655 3699 1711 προκει-

2127 1730 2271 1800 μένῳ
2301 1729 2551 1799 ἰσόψυχος
2574 1729 2668 1781 καὶ
2682 1727 2907 1799 ήγεμὼν
2936 1729 3029 1781 καὶ¹
3051 1729 3289 1796 γνωστὸς
3322 1728 3475 1798 αὐτῷ
3532 1745 3695 1799 προσ-

444 1811 568 1865 dam
594 1827 625 1865 a
660 1811 939 1868 Salvatore
966 1815 1370 1881 instituebatur,
1402 1834 1528 1871 cum
1556 1818 1675 1889 ipse
1704 1835 1921 1891 quoque
1948 1836 2016 1875 ex

2124 1821 2457 1892 αγορεύεται.
2476 1823 2586 1875 Καὶ
2603 1820 2760 1875 πάλιν
2779 1821 2854 1883 ὡς
2869 1821 2926 1873 ἐν
2942 1819 3135 1890 ἐκείνῳ
3152 1820 3280 1892 ’περὶ¹
3295 1820 3459 1874 αὑτοῦ
3480 1820 3671 1892 εἴρητο
3683 1838 3697 1851 ο

444 1918 675 1958 numero
703 1906 1076 1974 apostolorum
1108 1924 1250 1963 unus
1287 1918 1453 1973 esset,
1478 1910 1558 1964 sic
1602 1910 1762 1965 etiam
1790 1911 1844 1965 in
1876 1927 2016 1981 pra:-

445 1996 609 2059 senti,
639 2003 695 2051 et
743 1999 1038 2065 unanimis,
1089 2008 1143 2056 et
1200 2000 1330 2063 dux,
1365 2008 1419 2055 et
1475 2008 1639 2057 notus
1688 2002 1864 2058 dictus
1911 2011 2017 2061 est.

445 2085 578 2141 Item
612 2088 1069 2157 quemadmodum
1100 2092 1157 2145 ill
1196 2092 1290 2146 illo
1323 2092 1390 2147 de
1417 2092 1608 2147 eodem
1651 2093 1855 2148 dictum
1887 2104 1972 2149 est
2003 2115 2015 2150 :

452 2197 472 2231 ι
509 2179 611 2245 Qui
642 2180 836 2235 edebat
889 2198 1058 2252 panes
1098 2198 1269 2248 meos,
1303 2185 1671 2255 magniticavit
1719 2202 1883 2256 super
1934 2202 2021 2243 me

447 2274 980 2344 supplantationem,
1048 2294 1067 2325 ι
1122 2275 1192 2328 ita
1242 2277 1404 2329 etiam
1462 2290 1611 2330 nunc
1660 2291 1728 2331 ex
1785 2292 2020 2348 persona

446 2365 621 2435 ipsius
657 2365 860 2419 dicitur
892 2365 1025 2420 illud
1059 2385 1072 2419 :
1110 2385 1129 2418 ι
1165 2366 1269 2432 Qui
1308 2367 1361 2420 in
1392 2366 1534 2421 idem
1569 2367 1755 2422 dulces
1799 2383 2022 2438 compa-

445 2457 611 2512 rubas
643 2457 776 2511 mibi
810 2458 985 2512 cibos.
1011 2476 1030 2508 ι
1058 2456 1270 2512 Etenim
1297 2473 1361 2512 ex
1388 2458 1455 2512 iis
1478 2458 1591 2528 ipse
1621 2474 1838 2529 quoque
1879 2476 2018 2515 unus

445 2559 584 2616 erat,
617 2551 708 2620 qui
737 2549 805 2604 ad
834 2565 1115 2615 arcanam,
1149 2565 1257 2620 qua
1277 2566 1400 2605 cum
1440 2551 1556 2606 suis
1588 2552 1871 2621 discipulis
1900 2561 2021 2607 ute-

445 2640 630 2704 batur,
687 2638 988 2698 Salvatoris
1035 2643 1211 2697 nostri
1260 2642 1714 2698 consuetudinem
1761 2645 2019 2714 spiritua-

446 2732 662 2802 lemque
699 2733 884 2788 cibum
934 2735 1203 2806 assumpti
1263 2733 1521 2789 fuerant:
1572 2733 1734 2805 472
1773 2751 1899 2790 nam
1951 2737 2020 2791 ad

444 2822 731 2893 profanam
760 2824 1164 2880 multitudinem
1194 2832 1249 2879 et
1268 2823 1336 2877 ad
1367 2823 1556 2879 turbas
1588 2839 1713 2878 cum
1740 2825 1905 2880 verba
1934 2825 2018 2880 fa-

445 2923 614 2980 ceret,
638 2917 917 2986 parabolis
937 2918 1210 2973 utebatur.
1240 2916 1385 2971 Solis
1412 2932 1542 2971 vero
1563 2918 1681 2973 suis
1711 2916 2015 2988 discipulis,

445 3008 503 3061 in
528 3024 760 3077 quorum
788 3008 1035 3065 ordinem
1085 3010 1249 3065 etiam
1283 3006 1454 3064 Iudas
1498 3009 1774 3065 admissus
1819 3009 2017 3075 fuerat,

446 3101 688 3169 apertius
709 3101 893 3154 omnia
921 3099 1354 3155 demonstrabat.
1395 3099 1471 3154 Ex
1502 3116 1611 3172 quo
1640 3100 1773 3155 illud
1811 3100 2016 3157 dictum

445 3198 568 3245 est:
608 3210 627 3241 ‹
660 3189 761 3255 Qui
793 3191 987 3245 edebat
1016 3206 1187 3261 panes
1222 3207 1406 3257 meos,
1435 3192 1807 3263 magniﬁcavit
1856 3209 2022 3264 super

446 3294 535 3333 me
583 3280 1114 3349 supplantationem;
1161 3300 1179 3333 ι
1217 3289 1272 3337 et
1321 3282 1504 3338 illud:
1554 3301 1573 3334 ι
1637 3284 1733 3354 qui
1779 3285 1835 3339 in
1880 3285 2023 3341 idem

447 3369 636 3424 dulces
667 3371 1022 3439 comparabas
1052 3372 1183 3425 mibi
1217 3373 1392 3438 cibos,
1453 3396 1474 3431 ι
1530 3376 1676 3447 quod
1727 3388 1860 3430 sane
1909 3378 2025 3432 evi-

449 3460 673 3515 dentius
713 3459 985 3530 expressit
1022 3461 1219 3530 Aquila
1257 3463 1479 3533 quidem
1509 3480 1591 3521 διο
1625 3477 1641 3519 :
1671 3483 1689 3516 ι
1727 3464 1834 3531 Qui
1860 3463 2023 3525 simul

448 3550 611 3604 dulce
647 3551 1100 3621 comparabamus
1132 3566 1419 3608 arcanum.
1461 3573 1480 3606 ι
1515 3551 1877 3625 Symmachus
1927 3569 2025 3608 au-

449 3649 558 3695 tem
585 3640 664 3696 sic
700 3661 713 3695 :
748 3660 767 3692 ι
805 3639 908 3708 Qui
934 3642 1080 3696 inter
1110 3658 1212 3698 nos
1241 3645 1780 3701 communicabamus
1807 3645 2022 3701 dulcem

447 3732 721 3787 sermonis
749 3733 1225 3789 consuetudinem.
1267 3754 1286 3786 ι
1320 3733 1429 3789 Pro
1450 3736 1544 3790 illo
1566 3751 1733 3791 vero:
1767 3755 1785 3788 ι
1821 3736 1902 3790 Tu
1932 3753 2026 3792 au-

448 3831 561 3876 tem
603 3824 765 3876 homo
803 3824 1099 3888 unanimis,
1127 3823 1237 3879 dux
1269 3841 1445 3890 meus,
1480 3833 1535 3881 et
1563 3834 1728 3881 notus
1781 3843 1958 3893 mens,
1998 3848 2016 3881 ›

453 3913 814 3986 Symmachus
848 3915 922 3968 ita
970 3916 1242 3971 convertit
1275 3935 1290 3971 :
1329 3936 1348 3968 ι
1390 3915 1473 3971 Τιι
1506 3925 1686 3972 autem
1719 3917 1881 3973 homo
1907 3935 2023 3973 mo-

450 4007 529 4061 ris
560 4007 803 4077 ejusdem
834 4022 1069 4071 mecum,
1092 4015 1145 4062 et
1164 4006 1273 4062 dux
1307 4022 1483 4071 meus,
1514 4016 1568 4063 et
1593 4015 1758 4063 notus
1784 4024 1972 4064 meus:
1998 4029 2017 4062 ι

451 4113 575 4151 nam
603 4114 729 4153 cum
765 4099 833 4153 ad
879 4108 1087 4153 tantam
1126 4098 1445 4170 dignitatem
1492 4108 1811 4171 assumptus
1852 4110 2020 4167 esset,

450 4196 505 4243 et
532 4189 601 4242 ob
626 4190 679 4243 id
714 4190 856 4244 inter
886 4191 1091 4260 primos
1122 4188 1422 4246 Salvatoris
1449 4192 1657 4247 amicos
1682 4203 2018 4259 censeretur,

450 4280 648 4333 merito
682 4281 750 4335 de
781 4296 846 4335 eo
886 4283 967 4336 sic
997 4282 1073 4335 ait
1110 4300 1123 4335 :
1159 4299 1179 4333 ι
1211 4280 1268 4336 Si
1302 4282 1560 4338 inimicus
1594 4284 1795 4353 probro
1827 4301 1913 4352 me
1943 4285 2027 4339 af-

452 4369 696 4434 fecisset,
725 4372 1114 4427 sustinuissem
1160 4373 1368 4442 utique,
1406 4391 1425 4424 ι
1461 4382 1515 4428 et
1547 4390 1668 4443 quae
1695 4386 2020 4445 sequuntur.

2124 1930 2145 1962 ‹
2170 1912 2225 1964 '0
2254 1910 2449 1964 ἐσθίων
2484 1911 2681 1981 ἄρτους
2707 1928 2831 1982 μου,
2863 1912 3191 1982 ἐμεγάλυνεν
3222 1912 3307 1964 ἐπ’
3340 1911 3443 1981 ἐμὲ
3480 1927 3700 1981 πτερνι-

2122 2004 2255 2072 σμόν
2281 2021 2327 2056 ⁸)
2366 2004 2457 2057 τὸν
2491 2004 2654 2057 αὑτὸν
2708 2004 2906 2075 τρόπον
2937 2005 3031 2057 καὶ
3073 2003 3168 2055 ἐπὶ
3195 2001 3288 2056 τοῦ
3324 2001 3601 2074 παρόντος
3630 2005 3702 2066 είς

2120 2094 2283 2147 αὐτοῦ
2334 2096 2621 2165 πρόσωπον
2639 2093 2854 2163 λέγεται
2877 2094 2959 2160 τὸ,
3002 2113 3021 2146 ι
3051 2096 3148 2156 Ὃς
3182 2094 3275 2147 ἐπὶ
3298 2094 3359 2147 τὸ
3389 2095 3527 2147 αὐτὸ
3546 2095 3701 2162 ἐγλύ-

2122 2185 2289 2249 κανάς
2325 2202 2412 2255 μοι
2437 2185 2725 2255 ἐδέσματα.
2757 2203 2776 2236 ι
2805 2185 2915 2237 Καὶ
2960 2184 3070 2257 γὰρ
3110 2185 3219 2238 τῶν
3258 2185 3701 2257 καταξιουμένιιν
3798 2182 3799 2195 ¹

2121 2274 2214 2325 καὶ
2237 2273 2397 2336 αὐτὸς
2429 2266 2507 2336 εἷς
2549 2268 2616 2344 ἦν
2670 2274 2768 2345 τῆς
2801 2274 3111 2346 ἀπορρήτου
3135 2275 3273 2345 πρὸς
3297 2276 3423 2339 τοὺς
3455 2276 3703 2347 μαθητὰς

2114 2363 2213 2417 τοῦ
2239 2364 2485 2434 Σωτῆρος
2518 2363 2676 2436 ἡμῶν
2697 2366 2913 2435 ὁμιλίας
2954 2382 3015 2419 τε
3052 2366 3144 2418 καὶ
3173 2367 3558 2437 πνευματικῆς
3583 2384 3703 2439 τρο-

2122 2453 2230 2523 φῆς
2252 2470 2265 2482 '
2291 2453 2404 2515 τοῖς
2441 2454 2538 2523 μὲν
2560 2453 2669 2524 γὰρ
2707 2454 2810 2518 ἔξω
2841 2454 3070 2523 πλήθεσι
3123 2457 3217 2509 καὶ
3259 2460 3373 2518 τοῖς
3421 2456 3607 2527 ὄχλοις
3650 2460 3703 2511 ἐν

2119 2545 2455 2616 παραϐολαῖς
2488 2545 2686 2612 ἐλάλει,
2729 2546 2910 2617 μόνοις
2951 2547 3007 2600 δὲ
3039 2550 3153 2611 τοῖς
3186 2547 3381 2601 ἐαυτοῦ
3412 2548 3700 2621 μαθηταῖς,

2118 2638 2176 2689 ἐν
2226 2631 2309 2699 οἷς
2370 2639 2463 2690 καὶ
2506 2638 2535 2688 6
2588 2637 2787 2702 Ἰούδας
2828 2637 3150 2708 ἐξητάζετο,
3215 2638 3442 2693 ἐπέλυεν
3468 2641 3700 2696 ἅπαντα.

2119 2726 2209 2779 Διὸ
2262 2726 2544 2782 λέλεκται·
2583 2746 2602 2779 ι
2649 2730 2706 2781 ὐ
2726 2729 2920 2782 ἐσθίων
2975 2730 3171 2800 ἄρτους
3221 2748 3321 2802 μου
3370 2732 3700 2802 ἐμεγάλυνεν

2119 2817 2205 2871 ἐπ’
2234 2817 2333 2887 ἐμὲ
2378 2817 2731 2888 πτερνισμὺν,
2771 2835 2790 2868 ›
2824 2818 2938 2881 καὶ,
2972 2836 2991 2868 ι
3035 2818 3130 2881 Ὃς
3167 2816 3259 2869 ἐπὶ
3286 2816 3347 2870 τὸ
3384 2818 3522 2870 αὐτὸ
3554 2817 3701 2886 ἐγλύ-

2119 2902 2288 2965 κανάς
2317 2920 2406 2972 μοι
2440 2903 2738 2973 ἐδέσματα’
2781 2923 2800 2955 ι
2846 2904 2989 2976 ἅπερ
3033 2904 3365 2976 σαφέστερον
3391 2905 3699 2978 ἐξέφηνενὸ

2123 2993 2219 3064 μὲν
2259 2993 2488 3057 Ἀκύλας
2537 2994 2738 3047 εἰπών’
2777 3014 2797 3046 ι
2842 2997 2906 3049 Οἳ
2955 2995 3090 3066 ὁμοῦ
3125 2995 3508 3067 ἐγλυκάναμεν
3538 2998 3699 3066 ἀπόρ-

2123 3088 2315 3156 ρητονο
2363 3105 2381 3137 ι
2413 3088 2441 3139 6
2476 3085 2533 3137 δέ
2570 3085 2865 3157 Σύμμαχος
2885 3105 2896 3116 ·
2940 3106 2959 3137 ι
2993 3087 3199 3150 Οἴτινες
3220 3086 3702 3159 ἐκοινολογούμεθα

2046 3148 2092 3210 c
2122 3148 2377 3243 γλυκεῖαν
2421 3148 2662 3247 ὁμιλίανξ
2694 3148 2720 3228 ,ι
2767 3148 2913 3231 ﬁnal
2955 3177 3013 3230 δὲ
3034 3176 3148 3240 τοῦ,
3237 3178 3307 3231 Σὺ
3340 3179 3422 3244 δὲ,
3452 3148 3702 3251 ἀνθρωπε

2126 3265 2367 3337 ίσόψυχε,
2403 3267 2626 3338 ἡγεμών
2659 3284 2780 3339 μου,
2815 3268 2911 3321 xal
2960 3267 3167 3336 γνωστέ
3196 3285 3319 3339 μου,
3350 3287 3371 3320 ι
3408 3270 3438 3322 6
3480 3270 3705 3339 Σύμμα-

2122 3356 2216 3426 χός
2248 3374 2378 3428 φησι
2404 3375 2416 3387 ·
2458 3377 2476 3408 ι
2517 3358 2588 3410 Σὺ
2614 3357 2692 3423 δὲ,
2723 3357 2975 3429 ἄνθρωπε
3002 3357 3269 3431 ὁμότροπέ
3307 3377 3421 3430 μοι,
3452 3361 3554 3413 καὶ
3584 3362 3704 3431 ἠγε-

2127 3447 2241 3517 μών
2290 3466 2413 3520 μου,
2462 3451 2555 3503 καὶ
2607 3450 2816 3518 γνωστέ
2854 3466 2954 3520 μου
2975 3466 2988 3478 ⁶
3031 3468 3050 3500 ι
3103 3450 3404 3522 ἐπειδήπερ
3437 3453 3704 3504 τοσούτων

2122 3538 2423 3610 ἠξιωμένος
2479 3540 2633 3609 φίλος
2679 3543 2737 3593 ἐν
2787 3542 2902 3603 τοῖς
2938 3537 3171 3609 μάλιστα
3201 3535 3268 3611 ἦν
3299 3539 3397 3593 τοῦ
3433 3541 3702 3611 ﬁer-7390;,

2122 3629 2347 3693 εἰκότως
2377 3631 2509 3702 φησὶ
2544 3631 2671 3701 περὶ⁴
2712 3628 2876 3683 αὐτού
2900 3628 2981 3691 τὸ,
3026 3646 3046 3679 ι
3082 3629 3223 3691 Ὅτι,
3248 3629 3297 3681 εἰ
3332 3628 3535 3699 ἐχθρὸς
3559 3628 3707 3682 ὠνεί-

2122 3720 2237 3774 δισέ
2272 3738 2359 3791 με,
2389 3723 2672 3793 ὑπήνεγκα
2698 3720 2761 3774 ἄν
2787 3736 2800 3749 ⁸
2842 3738 2861 3771 ι
2898 3720 2992 3772 καὶ
3017 3717 3086 3771 τά
3110 3716 3256 3788 ἑξῆς.
3289 3716 3478 3771 Ταῦτα
3504 3718 3563 3771 δέ
3588 3717 3707 3789 περὶ

2121 3811 2216 3865 τοῦ
2263 3812 2434 3866 Ἰούδα
2487 3811 2771 3878 θεσπίσας,
2808 3811 3115 3876 ἀκολούθως
3143 3810 3241 3882 τὴν
3267 3812 3332 3863 ἐκ
3354 3808 3451 3863 τοῦ
3477 3809 3704 3863 θανάτου

2126 3904 2397 3976 σωτηρίαν
2418 3904 2511 3957 καὶ
2556 3903 2840 3975 ἀποφυγὴν
2872 3903 3065 3957 ἐαυτοῦ
3109 3902 3462 3975 προδιδάσκει
3498 3901 3703 3969 λέγων’

2129 4017 2148 4049 ‹
2203 3995 2340 4065 Ἐγὼ
2376 3996 2511 4066 πρὸς
2531 3998 2622 4049 τὸν
2649 3997 2779 4049 Θεὸν
2806 3995 3100 4068 ἐκέκραξα,
3129 3995 3225 4049 καὶ
3255 3997 3283 4048 6
3306 3994 3517 4064 Κύριος
3541 3992 3707 4046 ἔσωσέ

2127 4105 2213 4161 με.
2261 4087 2531 4156 Ἐσπέρας
2564 4089 2658 4141 καὶ
2700 4086 2845 4160 πρωῒ
2870 4088 2965 4141 καὶ
2998 4086 3346 4159 μεσημϐρίας
3369 4086 3708 4156 διηγήσομαι

2123 4182 2218 4235 καὶ
2270 4179 2588 4249 ἀπαγγελῶ,
2639 4180 2733 4233 καὶ
2783 4179 3161 4233 είσακούσεται
3210 4179 3312 4249 τῆς
3365 4178 3562 4248 φωνῆς
3591 4195 3705 4248 μου.

2123 4272 2470 4344 Λυτρώσεται
2496 4275 2554 4327 ἐν
2588 4274 2777 4345 εἰρήνῃ
2808 4271 2908 4343 τὴν
2942 4271 3119 4343 ψυχήν
3148 4289 3248 4342 μου
3270 4286 3286 4300 ’
3313 4288 3331 4323 ι
3363 4270 3443 4333 ὡς
3480 4272 3544 4323 ἐν
3584 4270 3706 4340 εὐχῇ

2121 4364 2213 4416 τὸν
2247 4364 2353 4433 πρὸ
2382 4362 2476 4415 τοῦ
2511 4363 2741 4417 θανάτου
2787 4362 2979 4433 καιρὸν
3017 4360 3291 4432 σημαίνει,
3318 4360 3444 4413 καθ’
3466 4360 3529 4413 ὃν
3564 4361 3657 4413 καὶ
3681 4360 3708 4410 6

452 4459 556 4519 Ubi
589 4471 770 4518 autem
809 4463 924 4518 haec
957 4464 1025 4519 de
1072 4461 1213 4518 Juda
1262 4464 1481 4529 cecinit,
1511 4465 1705 4521 ordine
1761 4467 2020 4537 deinceps

2136 4456 2337 4519 Ἰούδας
2370 4454 2440 4508 τά
2462 4454 2563 4525 τῆς
2584 4455 2705 4507 κατ’
2737 4451 2901 4507 αὑτοῦ⁹
2938 4452 3225 4525 προδοσίας
3252 4455 3705 4507 συνεσκευάσατο.

452 4554 831 4609 liberationem
869 4569 900 4608 a
959 4562 1134 4610 morte
1189 4555 1611 4627 evasionemque
1663 4571 1818 4612 suam
1871 4563 2021 4613 tanto

452 4651 581 4700 ante
607 4644 812 4699 indicat
851 4645 960 4700 illis
988 4645 1170 4701 verbis
1198 4664 1211 4700 :
1235 4663 1256 4698 ι
1296 4646 1407 4717 Ego
1450 4647 1519 4701 ad
1566 4643 1737 4702 Deum
1766 4647 2020 4713 clamavi,

451 4744 510 4793 et
528 4734 791 4791 Dominus
818 4735 1047 4791 salvavit
1077 4752 1183 4793 me.
1210 4736 1451 4809 Vespere
1468 4744 1522 4793 et
1545 4752 1705 4794 mane
1723 4747 1778 4794 et
1799 4738 2026 4796 meridie

454 4829 693 4883 narrabo
725 4837 779 4883 et
806 4829 1166 4893 annnntiabo,
1192 4837 1247 4885 et
1279 4829 1533 4886 exaudiet
1570 4845 1761 4886 vocem
1818 4845 2022 4897 meam,

456 4918 685 4977 redimet
716 4921 771 4975 in
794 4936 927 4991 pace
948 4924 1183 4976 animam
1207 4937 1383 4977 meam
1400 4922 1468 4978 ⁵⁷.
1498 4941 1519 4975 ι
1557 4920 1649 4977 Sic
1673 4930 1932 4994 tanquam
1967 4923 2025 4978 in

456 5025 620 5081 prece
645 5018 858 5080 tempus
885 5011 1029 5081 quod
1090 5018 1320 5067 mortem
1374 5013 1691 5079 antecessit,
1732 5013 2025 5084 significat,

458 5115 568 5170 quo
599 5099 818 5169 quidem
848 5107 1091 5171 tempore
1108 5099 1277 5157 Iudas
1315 5118 1534 5174 quoque
1562 5103 1629 5157 ad
1660 5102 2027 5173 proditionem

459 5192 879 5258 comparabatur
901 5200 1092 5247 contra
1116 5194 1291 5250 illum.
1321 5192 1479 5250 Tunc
1510 5196 1656 5249 enim
1685 5193 1935 5249 Salvator
1962 5208 2028 5248 ac

460 5278 725 5335 Dominus
755 5288 960 5345 noster,
996 5282 1161 5336 veluti
1217 5284 1287 5338 ob
1319 5284 1617 5353 perniciem
1657 5293 1822 5354 atque
1855 5285 2028 5339 inter-

463 5369 598 5423 itum
629 5371 713 5424 sui
746 5370 1031 5429 familiaris
1083 5374 1276 5430 dolens
1323 5391 1693 5445 maerensque,
1739 5390 1803 5430 ac
1852 5376 2031 5430 multo

462 5460 627 5515 etiam
664 5464 839 5534 magis
864 5466 933 5519 ob
953 5466 1119 5523 totius
1147 5464 1389 5522 Iudaicae
1428 5470 1606 5538 gentis
1644 5466 2028 5536 perditionem,

463 5555 723 5621 tauquam
753 5553 823 5609 ob
843 5569 974 5612 suos
990 5553 1059 5610 ad
1084 5555 1357 5612 insaniam
1388 5555 1662 5622 redactos,
1683 5561 1739 5611 et
1768 5562 2030 5625 tanquam

2126 4546 2260 4600 Τότε
2283 4542 2375 4600 οὖν
2404 4545 2432 4598 6
2459 4545 2650 4618 Σωτὴρ
2701 4544 2797 4599 καὶ
2832 4544 3037 4616 Κύριος
3064 4542 3241 4615 ήμῶν,
3265 4542 3342 4606 ὡς
3376 4543 3476 4597 ἐπὶ
3508 4543 3709 4614 ὀλέθρῳ

2126 4637 2223 4691 καὶ
2245 4636 2470 4708 ἀπολείᾳ
2495 4637 2589 4690 τοῦ
2612 4635 2888 4707 γνωρίμου
2930 4633 3231 4705 δυσφορῶν,
3262 4632 3359 4685 καὶ
3397 4632 3482 4685 ἔτι
3514 4633 3708 4702 μᾶλλον

2129 4728 2223 4782 ἐπὶ
2252 4730 2321 4800 τῇ
2343 4727 2439 4782 τοῦ
2484 4728 2685 4791 παντὸς
2723 4725 2993 4780 Ἰουδαίων
3016 4725 3200 4788 ἔθνους
3222 4723 3489 4795 ἀποϐολῇ,
3525 4724 3707 4794 ὥσπερ

2130 4818 2226 4872 ἐπὶ
2294 4819 2593 4892 μεμηνόσιν
2643 4817 2884 4883 οἰκείοις,
2911 4817 3006 4872 καὶ
3040 4816 3115 4880 ὡς
3147 4816 3242 4870 ἐπὶ
3270 4814 3558 4884 φιλτάτοις
3580 4832 3707 4886 συμ-

2130 4911 2376 4982 πάσχων,
2399 4913 2579 4965 πᾶσαν
2596 4911 2695 4982 τὴν
2722 4909 2858 4981 πρὸς
2881 4909 3077 4972 αὐτοὺς
3090 4907 3307 4979 ὁμιλίαν
3331 4908 3424 4960 καὶ
3454 4907 3709 4961 διδασκα-

2131 5001 2273 5068 λίαν,
2295 5002 2383 5056 διά
2435 5001 2499 5056 τὸ
2543 5001 2710 5073 μηδὲν
2746 5001 2942 5066 αὐτοὺς
2986 4998 3349 5070 ὠφεληκέναι,
3394 4997 3709 5069 ἀδολεσχίαν

2134 5094 2424 5160 ἀποκαλεῖ,
2453 5094 2679 5165 φάσκων
2699 5109 2714 5124 ο
2736 5110 2756 5145 ι
2778 5091 3084 5162 Ἐλυπήθην
3106 5090 3164 5143 ἐν
3184 5091 3253 5158 τῇ
3274 5088 3567 5159 ἀδολεσχίᾳ
3585 5105 3700 5159 μου,

2139 5186 2236 5240 καὶ
2285 5186 2593 5258 ἐταράχθην
2617 5184 2727 5238 ἀπὸ
2770 5182 2952 5254 φωνῆς
2979 5180 3196 5252 ἐχθροῦ,
3227 5180 3321 5233 καὶ
3344 5179 3455 5233 ἀπὸ
3474 5179 3703 5249 θλίψεως

2127 5276 2453 5350 ἁμαρτωλοῦ
2472 5294 2487 5308 ο
2515 5278 2597 5331 ὅτι
2616 5276 2944 5341 ἐξέκλιναν,›
2963 5273 3149 5344 φησὶν,
3179 5290 3199 5324 ι
3226 5272 3312 5324 ἐπ’
3352 5271 3456 5341 ἐμὲ
3478 5270 3703 5341 ἀνομίαν

2133 5370 2228 5422 καὶ
2255 5371 2314 5423 ἐν
2346 5369 2482 5441 ὀργῇ
2510 5369 2792 5422 ἐνεκότουν
2829 5383 2919 5437 μοι
2942 5381 2959 5397 ·
2995 5383 3015 5417 ι
3040 5363 3185 5434 άπερ
3227 5360 3456 5417 δύναται
3486 5363 3589 5433 μὲν
3618 5360 3704 5416 καὶ

2132 5459 2226 5512 ἐπὶ
2269 5460 2396 5524 τοὺς
2448 5461 2713 5532 ἄρχοντας
2745 5456 2852 5512 τῶν
2883 5458 2949 5512 ἐκ
2981 5456 3284 5529 περιτομῆς
3313 5454 3700 5528 ἀναφέρεσθαι.

2135 5551 2261 5614 τοὺς
2287 5550 2572 5624 ἐχθρωδῶς
2603 5552 2696 5607 καὶ
2739 5547 3191 5611 ἐπιϐουλευτικῶς
3215 5546 3523 5618 ἐνεδρεύειν
3548 5545 3703 5601 αὐτὸν

553 5722 601 5756 ⁸⁸
637 5722 777 5783 Psal.
804 5741 912 5795 le,
938 5726 1116 5786 10-15.
1158 5730 1238 5808 __“
1275 5730 1422 5789 Psal.
1456 5746 1558 5803 ιι,
1591 5730 1682 5788 10.
1757 5731 1802 5773 ⁸⁷
1836 5729 1983 5791 Psal.
2017 5747 2020 5786 :

2124 5773 2127 5790 .
2170 5729 2354 5788 17-19.
