3820 6220
152 341 275 399 755

1061 347 1712 408 DEMONSTRATlO-NIS
1748 353 2208 410 EVANGELICE
2247 354 2372 409 LIB.
2416 351 2483 409 Χ.

3314 362 3414 416 75‘

153 457 546 529 πειρωμένους
567 474 581 487 ·
614 457 833 511 δύναται
852 458 909 512 δὲ
926 460 1169 532 καὶπερὶ
1192 461 1473 533 δυνάμεων
1502 464 1743 535 ἀοράτων

1851 465 1923 520 ob
1956 465 2063 520 sibi
2104 464 2464 520 ebarissimos
2511 465 2887 521 misericordia
2944 475 3413 534 eommotus,ont-

150 550 369 617 ἔξωθεν
382 551 548 606 αὐτὸν
569 550 1082 623 προσπολεμουσῶν,
1106 555 1199 607 καὶ
1229 554 1326 626 τὴν
1350 555 1417 607 δι’
1444 554 1745 627 ἀνθρώπιον

154 643 521 714 κατασκευὴν
575 643 913 715 ἐνεργουσῶν
960 643 1213 713 λέγεσθαι
1236 663 1252 679 ο
1294 645 1333 699 ἃ.
1375 647 1471 700 καὶ
1502 647 1745 719 συνᾴδειν

158 750 262 802 μοι
294 736 448 789 δοκεῖ
463 737 586 799 -τοϊς
618 736 676 788 ἐν
722 735 800 806 τῷ
832 735 1146 806 Εὐαγγελίῳ
1177 737 1267 790 ὑπ’
1300 738 1464 791 αὐτοῦ
1485 738 1743 809 λελεγμέ-

153 845 279 891 νοις
311 827 461 881 κατά
479 826 572 881 τὸν
598 826 693 880 τοῦ
727 827 934 890 πάθους
955 829 1167 900 καιρὸν,
1192 829 1281 882 ὅτε
1306 829 1453 898 λέγει
1476 833 1588 893 τοῖς
1615 832 1745 884 ἐαυ-

151 920 261 976 τοῦ
333 919 609 992 μαθηταῖς
636 936 650 949 ·
713 938 732 971 ι
787 919 1090 993 Περίλυπός
1138 922 1286 974 ἐστιν
1348 923 1381 993 ὴ
1452 921 1596 992 ψυχή
1645 938 1744 993 μου

153 1014 274 1078 ἕως
332 1013 588 1066 θανάτου.
634 1012 871 1066 Μείνατε
928 1006 1030 1066 ὧδε
1054 1053 1071 1077 ,
1122 1015 1216 1066 καὶ¹
1256 1017 1576 1086 γρηγορεῖτε
1628 1013 1744 1084 μετ’

155 1104 305 1175 ἐμοῦ
329 1120 344 1134 ·
379 1123 401 1155 ι
437 1104 534 1157 καὶ
561 1102 756 1156 πάλιν·
785 1122 804 1154 ι
845 1103 956 1156 Νῦν
980 1104 1178 1176 ἡψυχὴ
1213 1122 1313 1176 μου
1342 1107 1688 1178 τετάρακται.
1719 1126 1739 1158 ι

157 1191 380 1262 Ὅμοια
411 1192 541 1263 γοῦν
576 1192 785 1256 τούτοις
814 1193 931 1246 ἐστὶ
959 1195 1052 1246 καὶ
1078 1192 1146 1247 τὰ
1175 1196 1231 1248 ἐν
1255 1193 1330 1264 τῷ
1362 1194 1578 1265 ψαλμῷ,
1614 1197 1671 1247 ἐν

153 1281 454 1336 λέλεκται·
508 1302 526 1333 ι
573 1284 637 1336 Ἡ
674 1282 871 1354 καρδία
907 1301 1009 1354 μου
1058 1284 1333 1355 ἐταράχθη
1381 1287 1438 1338 ἐν
1464 1287 1606 1357 ἐμοὶ,
1652 1287 1746 1341 καὶ

150 1374 343 1429 δειλία
377 1374 608 1429 Θανάτου
639 1376 905 1428 ἐπέπεσεν
934 1376 1018 1429 ἐπ’
1051 1377 1171 1448 ἐμέ.
1214 1376 1381 1441 Φόϐος
1423 1379 1517 1431 καὶ
1548 1380 1748 1451 τρόμος

148 1463 331 1538 ἦλθεν
356 1468 444 1521 ἐπ’
481 1468 600 1539 ἐμὲ,
634 1468 729 1522 καὶ
756 1468 993 1538 ἐκάλυψέ
1031 1487 1096 1539 με
1121 1470 1308 1533 σκότος
1330 1488 1343 1501 ·
1386 1491 1403 1522 ι
1443 1471 1507 1523 δι’
1540 1465 1613 1525 ὧν
1640 1474 1747 1528 τῶν

151 1561 564 1632 ἀντικειμένων
592 1560 873 1632 δυνάμεων
894 1562 992 1625 τὰς
1020 1562 1141 1616 καθ’
1167 1563 1329 1616 αὑτοῦ
1362 1563 1536 1634 ὁρμάς
1561 1564 1749 1635 σημαί-

153 1668 270 1705 νει.
330 1651 424 1716 Ὧς
472 1652 603 1721 γοῦν
653 1655 710 1707 ἐν
754 1657 876 1717 ταῖς
929 1654 1288 1725 προφητείαις
1335 1654 1644 1724 ὠνόμασταί
1693 1675 1747 1709 τι

153 1742 391 1813 πνεῦμα
437 1744 714 1816 πορνείας,
767 1744 910 1798 κατὰ
957 1744 1039 1807 τὸ,
1100 1763 1117 1795 ι
1158 1745 1436 1816 Πνεύματι
1494 1748 1747 1818 πορνείας

1845 574 1972 613 nem
2017 573 2125 628 qua
2157 573 2283 613 cum
2318 557 2425 613 illis
2456 556 2711 612 utebatur
2734 594 2744 603 .
2768 560 3038 614 sermonis
3066 562 3416 617 consuetudi-

1846 665 1969 704 nem
1996 664 2061 703 ac
2091 649 2422 712 doctrinam,
2455 663 2521 702 eo
2569 648 2713 718 quod
2749 649 2858 703 illis
2911 650 3047 704 nihil
3095 652 3411 721 profuisset,

1847 743 2199 812 nugationem
2246 741 2504 810 appellat,
2551 740 2784 796 dicens:
2822 760 2840 792 ι
2897 741 3266 801 Contristatus
3290 760 3414 801 sum

1847 834 1902 888 iu
1936 834 2235 904 nugatione
2276 849 2415 897 mea,
2447 843 2501 887 et
2528 834 2892 887 conturbatus
2935 849 3055 888 sum
3090 850 3121 888 a
3154 852 3286 892 voce
3310 839 3418 892 ini-

1848 924 2000 989 mici,
2023 933 2077 979 et
2106 940 2136 977 a
2167 926 2517 979 tribulatione
2548 929 2851 993 peccatoris
2887 941 2901 977 :
2937 928 3194 996 quoniam
3243 928 3415 984 decli-

1847 1027 2140 1083 naverunt,
2164 1016 2362 1087 inquit,
2404 1019 2457 1071 in
2493 1032 2580 1071 me
2614 1017 3051 1086 iniquitatem,et‘
3080 1020 3131 1073 in
3164 1021 3243 1073 ira
3293 1036 3413 1074 mo-

1847 1106 2153 1161 lesticrant
2191 1106 2323 1159 mihi
2358 1126 2372 1161 :
2415 1125 2432 1157 ι
2479 1123 2602 1177 quae
2641 1108 2873 1177 quidem
2896 1116 3126 1178 possunt
3152 1111 3317 1164 etiam
3345 1112 3414 1166 ad

1847 1197 2120 1268 principes
2147 1195 2457 1251 Judaeorum
2493 1198 2707 1262 referri,
2737 1201 2828 1269 qui
2861 1201 3082 1255 inimico
3106 1202 3416 1257 insidianti-

1848 1305 1953 1359 que
1973 1290 2155 1343 animo
2183 1290 2581 1344 circumvenire
2608 1291 2757 1344 illum
2783 1293 3144 1348 conabantur.
3180 1292 3415 1349 Possunt

1847 1382 2009 1436 etiam
2045 1380 2113 1434 de
2161 1382 2525 1450 potestatibus
2558 1383 2957 1449 invisibilibus,
2987 1401 3107 1453 qua:
3145 1387 3416 1442 extrinse-

1847 1487 1946 1526 cus
2000 1471 2151 1524 illum
2204 1472 2615 1547 oppugnabant,
2655 1487 2718 1526 ae
2742 1488 2838 1541 per
2867 1473 3116 1528 homines
3165 1476 3291 1529 talia
3337 1476 3413 1531 illi

1847 1562 2327 1626 machinabantur,
2359 1562 2609 1631 intelligi.
2660 1560 2895 1617 Proinde
2926 1564 3115 1617 eadem
3169 1566 3301 1619 mihi
3341 1566 3415 1620 vi-

1849 1652 2048 1706 dentur
2077 1652 2417 1707 concordare
2448 1669 2573 1707 cum
2615 1655 2681 1707 iis
2717 1669 2838 1724 quae
2862 1655 2930 1707 ab
2959 1656 3076 1725 ipso
3131 1655 3186 1709 in
3239 1654 3416 1710 Evan-

1848 1745 1989 1812 gelio
2031 1744 2178 1797 dicta
2222 1750 2349 1799 sunt
2391 1744 2493 1797 sub
2522 1745 2698 1813 ipsum
2738 1745 3012 1814 passionis
3057 1757 3289 1816 tempus,
3323 1746 3414 1802 ubi

153 1832 572 1906 ἐπλανήθησαν,
616 1854 635 1886 ι
661 1835 755 1890 καὶ
800 1837 927 1891 ἄλλο
962 1835 1173 1906 πνεῦμα
1204 1837 1523 1908 πλανήσεως
1576 1840 1634 1891 ἐν
1678 1841 1743 1910 τῇ

1849 1832 1924 1885 ait
1980 1833 2047 1888 ad
2090 1849 2221 1889 suos
2271 1834 2572 1904 discipulos
2608 1853 2622 1889 :
2663 1854 2681 1886 ι
2718 1834 2918 1891 Tristis
2948 1844 3033 1891 est
3071 1838 3250 1891 anima
3293 1852 3414 1892 mea

150 1928 360 1999 ἐρήμῳ
384 1945 401 1959 ο
450 1928 542 1981 τὸν
588 1928 752 1982 αὑτὸν
797 1929 998 2000 τρόπον
1031 1930 1124 1982 καὶ
1155 1928 1368 2000 πνεῦμα
1397 1929 1626 1984 θανάτου
1661 1933 1746 2003 εἴη

149 2018 225 2072 ἂν
249 2019 460 2084 δειλίας
482 2022 782 2091 ποιητικὸν,
804 2021 880 2085 ὡς
902 2023 997 2074 καὶ
1019 2019 1234 2091 πνεῦμα
1266 2021 1447 2092 ἰσχύος
1474 2024 1568 2077 καὶ
1592 2023 1747 2077 δυνά-

154 2129 312 2182 μεως
345 2114 441 2166 καὶ
468 2112 716 2185 ἀνδρείας
742 2112 842 2183 τῆς
868 2114 1011 2167 κατά
1030 2114 1163 2168 Θεὸν
1195 2115 1561 2185 ἐνεργητικόν.
1592 2114 1747 2183 Οὕτω

147 2203 197 2256 δ’
233 2203 307 2257 ἂν
352 2205 570 2275 λεχθείη
607 2204 821 2275 πνεῦμα
867 2204 1031 2274 φόϐου
1077 2206 1170 2259 καὶ⁸
1200 2207 1426 2279 τρόμου,
1459 2208 1553 2260 καὶ
1584 2207 1744 2261 πάλιν

148 2288 354 2361 ἕτερον
392 2291 540 2362 παρὰ
571 2292 743 2345 ταῦτα
774 2292 988 2363 πνεῦμα
1019 2293 1182 2363 φόϐου
1215 2296 1309 2349 καὶ
1345 2295 1676 2367 συγχύσεως,
1711 2297 1746 2351 ά

148 2382 258 2434 καὶ
291 2382 502 2452 σχεδὸν,
536 2386 731 2448 εἰπεῖν,
766 2384 933 2438 ἅπασι
983 2387 1079 2456 μὲν
1112 2389 1223 2450 τοῖς
1251 2388 1308 2440 ἐν
1338 2388 1623 2460 μαρτυρίῳ
1654 2389 1744 2441 τὸν

151 2475 310 2546 ὑπὲρ
377 2474 658 2539 εὐσεϐείας
725 2475 954 2531 θάνατον
1021 2478 1432 2550 ἀναδεχομένοις
1502 2481 1746 2551 ἐφορμᾷν

147 2566 351 2629 εἴωθε,
394 2565 526 2620 πολὺ
559 2566 722 2622 πλέον
765 2568 820 2620 δὲ
852 2570 945 2622 καὶ
985 2568 1183 2639 μᾶλλον
1229 2571 1554 2625 ἐπιτέθειται
1601 2570 1746 2640 αύτῷ

148 2659 254 2712 τὸν
287 2659 432 2731 ὑπὲρ
474 2659 727 2712 ἁπάντων
764 2658 992 2713 θάνατον
1026 2660 1393 2731 ὑπομείναντι.
1442 2661 1586 2733 Πλὴν
1630 2662 1746 2715 ἀλλ’

149 2748 279 2802 εἴτε
308 2748 525 2821 πνεῦμα
548 2749 750 2813 δειλίας
779 2750 871 2803 καί¹
903 2749 1152 2812 θανάτου,
1181 2750 1291 2804 εἴτε
1324 2750 1487 2820 φόϐου
1512 2754 1605 2806 καὶ⁹
1630 2738 1749 2824 τρό-

153 2858 298 2913 μου,
334 2842 368 2912 ῆ
408 2842 463 2894 εἴ
507 2858 592 2905 τις
628 2842 791 2912 ἐτέρα
828 2841 1048 2911 τοιαύτη
1100 2840 1327 2912 δύναμις
1367 2843 1744 2897 ἐπιπέπτωκεν

151 2932 339 3002 αὐτῷ,
366 2931 482 2986 ἀλλ’
506 2933 622 2986 ούτι
653 2950 717 3002 γε
744 2931 1076 3006 κατέρῤαξεν
1103 2934 1263 2987 αὐτόν
1288 2950 1302 2965 ο
1332 2936 1472 2999 ἐπεὶ,
1498 2916 1592 2988 ⁸οἵα
1622 2951 1747 3005 γεν-

106 3088 109 3089 ν
152 3028 317 3088 ναῖος
351 3025 611 3096 ἀθλητὴς,
638 3024 734 3096 τὴν
771 3026 869 3097 μὲν
910 3025 1110 3080 δειλίαν
1142 3025 1237 3079 τοῦ
1270 3025 1522 3091 θανάτου,
1554 3044 1747 3080 πεποι-

152 3116 325 3188 θήσει
371 3114 538 3188 ζωῆς,
574 3116 757 3187 (αὐτὸς
796 3117 905 3190 γὰρ
945 3120 979 3189 ἠ
1010 3118 1168 3190 ζωὴ,)
1201 3118 1415 3191 μακρὰν
1445 3119 1745 3192 ἀπέρριψεν

150 3207 619 3277 ἀποσεισάμενος.
666 3207 936 3271 Ὡσαύτως
981 3207 1040 3262 δὲ
1086 3210 1180 3262 καὶ
1223 3209 1284 3262 τὸ
1323 3209 1546 3264 ἐπελθὸν
1595 3208 1744 3280 αὑτῷ

150 3299 388 3371 πνεῦμα
414 3298 579 3369 φόϐου
610 3299 642 3371 ἢ
677 3301 877 3372 τρόμου
905 3301 1182 3373 ποιητικὸν
1210 3300 1479 3372 πνεύματι
1509 3300 1745 3372 θάρσους

151 3392 261 3444 καὶ
300 3389 588 3460 δυνάμεως
638 3390 732 3443 καὶ
763 3390 943 3461 ἰσχύος
976 3390 1310 3463 πορρωτάτω
1336 3391 1700 3462 ἀπηκόντισεν
1724 3409 1739 3421 ·

150 3483 312 3548 ἐπεὶ,
347 3482 494 3536 κατά
517 3483 609 3536 τὸν
655 3483 903 3548 Ἡσαΐαν,
945 3503 964 3535 ι
1001 3483 1409 3538 ἐπανεπαύσατο
1451 3484 1540 3536 ἐπ’
1582 3483 1743 3538 αὐτὸν

156 3574 309 3646 μετά
346 3574 454 3629 τῶν
498 3573 670 3628 ἄλλων
704 3576 1029 3646 πνευμάτων
1061 3577 1154 3629 καὶ
1183 3574 1395 3648 πνεῦμα
1428 3574 1620 3647 βουλῆς
1652 3577 1745 3629 καὶ⁵

156 3665 374 3736 ἰσχύος.
410 3685 431 3719 ι
481 3664 642 3723 Οὕτω
686 3669 779 3721 καὶ
810 3669 872 3721 τὸ
904 3666 1122 3738 πνεῦμα
1164 3667 1257 3722 τοῦ
1301 3669 1524 3733 σκότους
1559 3671 1624 3740 τῇ
1650 3667 1743 3721 τοῦ

157 3758 301 3811 ἰδίου
332 3758 514 3828 φωτὸς
543 3759 883 3814 ἀπεσκέδασε
929 3759 1185 3831 δυνάμει·
1222 3760 1342 3813 ἐπεὶ
1376 3780 1395 3811 ι
1444 3759 1505 3813 τὸ
1540 3759 1654 3830 φῶς
1687 3760 1744 3813 ἐν

153 3853 229 3921 τῇ
268 3851 463 3921 σκοτία
498 3851 630 3904 αὐτὸ
660 3852 720 3905 οὐ
748 3851 1062 3908 κατέλαϐεν.
1098 3871 1116 3904 ι
1150 3850 1344 3924 Εὖροις
1374 3853 1418 3907 δ’
1447 3853 1513 3906 ἂν
1539 3852 1609 3906 τά
1635 3870 1743 3905 πα-

160 3943 451 4014 ραπλήσια
483 3943 691 4007 τούτοις
718 3947 813 3999 καὶ
849 3947 908 3999 ἐν
945 3944 1177 4016 εἰκοστῷ
1210 3944 1409 4017 πρώτῳ
1437 3944 1657 4016 ψαλμῷ,
1686 3946 1745 3998 ἐν

155 4038 245 4109 τῷ
278 4037 442 4091 πάλιν
466 4039 531 4092 ἐκ
556 4037 654 4091 τοῦ
686 4037 849 4093 αὐτοῦ
879 4037 1125 4092 λέλεκται
1155 4035 1443 4109 προσώπου
1465 4054 1478 4067 ·
1535 4056 1553 4105 ι
1584 4038 1747 4110 Περι-

156 4128 488 4183 εκύκλωσάν
513 4145 580 4201 με
606 4128 794 4200 μόσχοι
819 4128 1022 4194 πολλοὶ,
1046 4128 1237 4201 ταῦροι
1263 4129 1442 4193 πίονες
1462 4129 1745 4201 περιέσχον

161 4238 260 4291 με.
292 4219 552 4287 Ἠνοιξαν
589 4220 676 4274 ἐπ’
709 4221 811 4292 ἐμὲ
859 4221 922 4275 τὸ
957 4221 1132 4292 στόμα
1175 4222 1374 4285 αὐτῶν,
1421 4223 1497 4284 ὡς
1540 4221 1675 4275 λέων
1717 4223 1747 4276 ὁ

156 4311 435 4385 ἁρπάξων
469 4312 561 4366 καὶ
597 4311 933 4385 ώρυόμενοςο
972 4331 996 4365 ι
1043 4311 1138 4365 καὶ
1172 4311 1360 4365 πάλιν·
1396 4329 1415 4362 ι
1455 4311 1575 4365 Ὅτι
1615 4310 1745 4365 ἐκύ-

157 4402 387 4457 κλωσάν
432 4418 499 4474 με
531 4402 691 4467 κύνες
735 4402 939 4470 πολλοὶ,
976 4403 1263 4475 συναγωγὴ
1300 4402 1747 4474 πονηρευομένων

1770 3159 1817 3222 C

1849 1938 2020 1993 usque
2047 1923 2114 1977 ad
2145 1932 2397 1988 mortem,
2414 1931 2629 1979 manete
2653 1925 2743 1979 hic
2763 1927 3049 1996 etvigilate
3075 1942 3285 1982 mecum
3309 1926 3410 1983 ⁸⁸.»

1848 2007 1913 2060 Ει
1942 2023 2134 2063 rursus
2168 2027 2181 2062 :
2218 2026 2238 2059 ι
2278 2006 2433 2062 Nunc
2457 2007 2642 2060 anima
2673 2023 2790 2062 mea
2825 2011 3148 2065 conturbata
3173 2012 3257 2066 e'st
3282 2011 3348 2066 ".
3388 2029 3411 2065 ι

1846 2098 2007 2170 473
2034 2098 2245 2152 Similia
2279 2114 2516 2167 namque
2544 2099 2627 2153 bis
2657 2107 2784 2154 sunt
2811 2102 2997 2166 etiam,
3023 2117 3144 2173 quae
3172 2104 3415 2172 psalmus

1848 2193 1936 2246 hic
1969 2192 2232 2255 continet,
2285 2191 2378 2247 ubi
2417 2192 2497 2246 sic
2546 2193 2663 2246 ait:
2717 2210 2735 2242 ι
2765 2190 2873 2246 Cor
2900 2209 3077 2247 meum
3121 2194 3418 2249 conturba-

1846 2291 1964 2336 tum
1995 2283 2155 2337 estin
2178 2298 2285 2346 me,
2315 2293 2367 2336 ct
2396 2283 2628 2337 formido
2653 2283 2847 2337 mortis
2877 2285 3074 2338 cecidit
3104 2300 3269 2353 super
3306 2300 3413 2352 me,

1845 2384 1899 2430 et
1941 2382 2305 2428 contexerunt
2339 2390 2423 2431 me
2477 2370 2751 2431 tenebrae}
2786 2395 2803 2426 ι
2837 2377 3038 2446 quibus
3069 2376 3252 2432 verbis
3283 2393 3417 2431 con.-

1846 2465 2133 2520 trariarum
2151 2472 2480 2536 potestatum
2503 2474 2732 2523 conatus
2748 2467 3034 2523 adversum
3051 2483 3109 2522 se
3122 2467 3412 2538 significat.

1846 2555 2316 2622 Quemadmodum
2355 2557 2498 2613 enim
2529 2558 2582 2611 in
2611 2559 2908 2628 proplietiis
2949 2559 3265 2613 nominatur
3295 2559 3417 2628 qui-

1845 2648 1970 2704 dem
2011 2649 2239 2719 spiritus
2287 2650 2690 2715 fornicationis,
2746 2658 2803 2704 ut
2835 2659 2919 2707 est
2966 2651 3135 2706 illud:
3166 2670 3185 2703 ι
3217 2652 3415 2722 spiritu

1846 2739 2226 2797 fornicationis
2257 2741 2664 2805 aberraverunt,
2695 2742 2739 2774 '°
2768 2762 2786 2794 ι
2823 2750 2877 2797 et
2897 2743 3037 2798 alius
3069 2743 3298 2813 spiritus
3323 2758 3414 2798 er-

1843 2832 1989 2888 roris
2019 2832 2074 2885 iu
2105 2832 2345 2897 deserto,
2392 2833 2467 2886 ita
2493 2834 2654 2888 etiam
2705 2833 2929 2902 spiritus
2971 2833 3134 2887 fuerit
3166 2832 3415 2889 formidi-

1845 2941 1969 2982 nem
2000 2930 2192 2981 mortis
2223 2926 2461 2982 ellieiens
2496 2946 2509 2981 :
2546 2942 2677 2980 sane
2708 2934 2764 2979 ut
2796 2926 2959 2980 etiam
2993 2926 3218 2995 spiritus
3248 2926 3413 2981 robo-

1846 3020 1943 3086 ris,
2002 3027 2056 3074 et
2107 3020 2394 3090 potentiae,
2440 3027 2495 3074 et
2546 3018 2883 3074 fortitudinis
2931 3019 3083 3087 ejus,
3136 3033 3258 3089 qua:
3302 3018 3415 3073 Deo

1848 3114 2024 3169 aliena
2069 3130 2183 3170 non
2236 3121 2343 3181 est,
2384 3121 2597 3170 auctor.
2645 3113 2824 3180 Quare
2869 3113 2951 3168 sic
2995 3113 3158 3167 etiam
3203 3112 3417 3165 dicetur

1848 3206 2072 3276 spiritus
2100 3208 2315 3262 timoris
2353 3220 2417 3260 ac
2443 3207 2718 3267 tremoris,
2753 3214 2806 3261 et
2836 3221 3030 3261 rursus
3056 3204 3197 3259 alius
3220 3211 3418 3273 praeter

1847 3297 1967 3364 hos,
2014 3296 2243 3367 spiritus
2297 3295 2512 3351 timoris
2546 3304 2600 3351 et
2647 3295 3012 3359 confusionis,
3053 3295 3147 3364 qui
3194 3293 3415 3363 quidem

1846 3404 2018 3459 paene,
2037 3397 2098 3442 ut
2127 3389 2200 3443 ita
2228 3387 2482 3452 dixerim,
2519 3402 2710 3444 omnes
2744 3398 2973 3443 mortem
2999 3404 3098 3458 pro
3126 3403 3253 3442 vera
3288 3387 3420 3441 reli-

1845 3481 2004 3551 gione
2049 3480 2352 3536 testimonii
2393 3480 2573 3551 gratia
2620 3480 2938 3546 subeuntes,
2986 3478 3246 3535 invadere
3283 3494 3417 3534 con-

1846 3583 2160 3635 sueverunt,
2185 3586 2249 3626 ac
2264 3570 2438 3625 multo
2457 3570 2622 3626 etiam
2644 3570 2818 3640 magis
2842 3569 3108 3638 longeque
3132 3570 3418 3623 vehemen-

1846 3663 1952 3718 tius
1979 3663 2130 3718 illum
2159 3662 2402 3733 aggressi
2437 3669 2587 3727 sunt,
2619 3661 2711 3730 qui
2744 3675 2845 3729 pro
2873 3659 3130 3713 omnibus
3182 3668 3414 3713 mortem

1846 3756 2150 3811 sustinuit:
2181 3763 2557 3811 verumtamen
2597 3754 2712 3808 sive
2751 3752 2978 3822 spiritus
3017 3749 3325 3805 formidinis
3361 3757 3417 3804 et

1846 3848 2059 3914 mortis,
2090 3847 2206 3902 sive
2234 3846 2448 3901 timoris
2478 3853 2532 3901 et
2558 3844 2832 3908 tremoris,
2861 3844 2976 3898 sive
3009 3844 3115 3896 alia
3145 3842 3412 3912 quaepiam

1845 3939 2093 4009 ejusdem
2114 3940 2333 4010 generis
2361 3946 2605 4009 potestas
2632 3936 2784 3990 illum
2813 3934 3003 3989 adorta
3036 3943 3138 3999 est,
3168 3948 3232 3987 ea
3262 3933 3415 3986 illum

1846 4048 1958 4087 non
1987 4031 2279 4102 confregit,
2319 4038 2610 4100 propterea
2636 4027 2782 4099 quod
2822 4036 3081 4096 tanquam
3115 4039 3416 4095 generosus

1846 4130 2106 4186 eertator,
2149 4121 2496 4177 formidinem
2540 4119 2758 4189 quidem
2803 4117 2999 4171 mortis
3025 4157 3039 4182 ,
3085 4112 3417 4169 confidentia

1844 4213 1972 4268 vitae
2009 4211 2148 4283 (ipse
2187 4210 2332 4265 enim
2384 4208 2537 4280 vita),
2579 4207 2771 4278 procul
2797 4207 3142 4261 deturbatum
3191 4202 3413 4269 abjecit.

1845 4304 2025 4359 Alium
2064 4309 2246 4358 autem
2295 4300 2390 4372 qui
2437 4300 2618 4370 ipsum
2661 4299 2787 4352 item
2837 4297 3114 4350 invaserat
3161 4293 3415 4363 spiritum

1847 4395 2061 4451 timoris
2083 4403 2137 4451 et
2157 4393 2414 4450 tremoris
2440 4391 2782 4455 efficientem,
2811 4389 3009 4460 spiritu
3048 4384 3414 4450 confidentiae,

160 4493 459 4565 περιέσχον
493 4510 591 4566 με·
635 4514 655 4547 ι
689 4496 786 4547 καὶ
825 4489 980 4559 αὖθις
1005 4513 1019 4526 ·
1056 4514 1075 4546 ι
1109 4494 1304 4548 Ῥῢσαι
1332 4492 1441 4548 ἀπὸ
1473 4492 1743 4565 ῥομφαίας

1848 4497 1903 4545 et
1929 4488 2205 4561 potentiae,
2235 4494 2291 4541 et
2328 4487 2563 4552 roboris,
2597 4484 2916 4556 longissime
2947 4497 2977 4535 a
3016 4496 3076 4537 se
3110 4479 3418 4550 praecipita-

157 4588 268 4659 τὴν
316 4585 494 4658 ψυχήν
537 4604 661 4659 μου,
707 4588 801 4641 καὶ
833 4588 897 4641 ἐκ
926 4588 1109 4660 χειρὸς
1155 4587 1315 4650 κυνὸς
1346 4585 1442 4658 τὴν
1483 4584 1747 4656 μονογενῆ

164 4697 293 4752 μου.
325 4678 507 4732 Σῶσόν
539 4696 605 4751 με
635 4681 701 4733 ἐκ
743 4681 1006 4752 στόματος
1034 4680 1266 4744 λέοντος,
1294 4680 1388 4733 καὶ
1430 4678 1537 4732 ἀπὸ
1580 4677 1748 4749 κερά-

160 4787 275 4824 των
313 4769 700 4842 μονοκερώτων
727 4771 825 4841 τὴν
853 4771 1179 4826 ταπείνωσίν
1208 4788 1330 4843 μου.
1366 4790 1384 4822 ι
1418 4768 1613 4839 Σαφῶς
1639 4769 1748 4840 γὰρ

159 4861 225 4915 ἐν
250 4861 465 4925 τοὲτοις
493 4863 751 4934 δυνάμεις
782 4863 1046 4936 πονηράς,
1076 4862 1331 4934 ταύρους,
1366 4863 1459 4917 καὶ
1491 4863 1741 4933 μόσχους,

160 4952 267 5007 καὶ
305 4952 546 5019 λέοντας,
575 4956 669 5008 καὶ
699 4954 887 5020 κύνας,
914 4957 1005 5009 καὶ¹
1050 4955 1424 5027 μονοκέρωτας
1459 4953 1742 5017 ἀποκαλεῖ,

161 5044 225 5099 αἶ
262 5045 552 5116 περιέσχον
587 5046 683 5117 μὲν
707 5047 868 5100 αὑτὸν
899 5048 993 5099 κα)⁸
1017 5044 1461 5119 περιεκύκλωσαν
1495 5042 1632 5097 κατά
1655 5042 1745 5097 τὸν

159 5135 264 5190 τοῦ
304 5135 508 5201 πάθους
549 5138 713 5192 αὐτοῦ
748 5137 958 5210 καιρὸν,
990 5138 1051 5191 οὐ
1093 5137 1198 5209 μὴν
1241 5136 1334 5191 καὶ¹
1370 5133 1663 5206 ἐνεργῆσαί
1695 5151 1746 5186 τι

163 5228 293 5282 κατ’
324 5226 487 5280 αὐτοῦ
516 5228 847 5299 δεδύνηνται.
874 5230 980 5282 Καὶ¹
1009 5227 1180 5282 ταῦτα
1214 5226 1332 5298 μὲν,
1367 5227 1415 5279 εί
1446 5225 1540 5279 καὶ
1570 5224 1741 5279 ταῦτα

160 5317 261 5372 τοῦ
308 5316 524 5388 ψαλμοῦ
575 5318 646 5372 τὰ
684 5319 826 5390 μέρη
867 5319 960 5372 ἐπὶ
1000 5318 1092 5371 τὸν
1142 5316 1371 5387 Σωτῆρα
1417 5315 1511 5368 καὶ
1539 5314 1742 5385 Κύριον

162 5408 332 5480 ἡμῶν
356 5408 609 5477 ἀνάγοιτο
630 5426 644 5440 ·
674 5411 722 5462 εί
747 5410 804 5464 δὲ
840 5410 915 5481 μὴ
953 5408 1040 5462 ἐπ’
1070 5408 1252 5471 αὐτὸν,
1288 5405 1402 5459 ἀλλ’
1436 5405 1520 5476 ἐφ’
1559 5405 1743 5476 ἕτερον

163 5498 498 5568 πρόσωπον,
545 5499 859 5570 ἐπιστήσεις
904 5499 999 5553 καὶ
1051 5498 1212 5560 αὐτὸς
1255 5495 1331 5559 ὡς
1375 5494 1444 5550 ἂν
1495 5493 1745 5565 ἐξομαλι-

168 5586 370 5641 σθέντα
394 5584 467 5639 τὰ
489 5586 631 5643 κατὰ
663 5587 757 5641 τὸν
786 5587 967 5642 τόπον.
1013 5586 1161 5658 Πλὴν
1186 5583 1323 5639 ἀλλά
1361 5586 1456 5638 καὶ
1486 5585 1615 5656 περὶ
1645 5583 1745 5654 τῆς

1848 4580 1927 4637 vit
1967 4577 2480 4651 :quandoquidem,
2531 4586 2590 4632 ut
2632 4583 2717 4631 est
2763 4574 2905 4644 apud
2946 4572 3165 4636 Isaiam,
3207 4569 3417 4641 quievit

1850 4687 2016 4743 super
2052 4687 2176 4727 eum
2214 4685 2326 4726 una
2347 4685 2473 4724 cum
2504 4669 2630 4725 aliis
2655 4667 2965 4738 spiritibus,
2988 4665 3150 4721 etiam
3183 4662 3416 4734 spiritus

1851 4764 2069 4821 consilii
2114 4772 2170 4819 et
2203 4763 2566 4823 fortitudinis.
2601 4759 2694 4817 Sic
2740 4775 2906 4831 porro
2950 4760 3114 4814 etiam
3158 4756 3415 4827 spiritum

1848 4858 2198 4913 tenebrarum
2220 4855 2425 4926 pr0prii
2456 4853 2677 4909 luminis
2709 4852 2762 4906 vi
2792 4851 3098 4921 dissipavit,
3131 4856 3417 4941 propterea

1849 4948 1993 5019 quod
2027 4966 2046 4999 ι
2086 4948 2176 5001 lux
2205 4948 2260 5001 in
2293 4945 2533 5001 tenebris
2567 4945 2730 5007 lucet,
2759 4952 2815 4999 et
2865 4942 3101 4997 tenebrae
3144 4954 3263 4992 eam
3303 4953 3416 4993 non

1849 5036 2463 5108 comprehenderunt“.
2497 5056 2516 5088 ι
2552 5036 2842 5096 Caeterum,
2885 5033 2972 5089 bis
3011 5032 3209 5088 similia
3248 5030 3413 5085 etiam

1851 5129 1907 5184 in
1934 5128 2198 5199 vigesimo
2237 5129 2411 5197 primo
2447 5127 2658 5197 psalmo
2692 5124 2935 5178 invenire
2964 5120 3275 5193 poteris,.in
3305 5135 3414 5188 quo

1846 5234 1915 5275 ex
1944 5217 2188 5288 ejusdem
2220 5232 2454 5288 persona
2482 5233 2674 5273 rursus
2699 5215 2831 5270 illud
2861 5215 3068 5268 dictum
3095 5221 3179 5268 est
3205 5232 3219 5268 :
3249 5231 3268 5262 ι
3291 5212 3414 5265 Cir-

1847 5310 2247 5366 cumdederunt
2286 5326 2373 5364 me
2399 5309 2557 5363 vituli
2587 5309 2742 5362 multi
2774 5326 2788 5362 :
2814 5307 2955 5361 tauri
3007 5307 3233 5376 pingues
3260 5304 3416 5361 obse-

1847 5400 2045 5456 derunt
2072 5416 2178 5455 me.
2203 5399 2551 5469 Aperuerunt
2580 5413 2743 5468 super
2771 5413 2857 5452 me
2881 5414 2943 5454 os
2969 5412 3127 5451 suum
3159 5396 3303 5451 sicut
3327 5396 3413 5450 leo

1848 5491 2070 5562 rapiens
2098 5497 2153 5546 et
2187 5491 2409 5561 rugiens
2429 5491 2496 5544 ⁸⁸.
2534 5511 2553 5543 ο
2598 5488 2666 5543 Ει
2694 5504 2890 5543 rursus
2916 5508 2930 5542 :
2962 5507 2981 5540 ι
3014 5487 3281 5553 Quoniam
3304 5485 3413 5540 eir-

1848 5582 2244 5639 cumdederunt
2273 5596 2359 5636 me
2388 5595 2554 5637 canes
2582 5579 2736 5635 multi
2758 5597 2770 5633 :
2789 5580 3079 5635 concilium
3108 5579 3413 5650 malignan-

241 5766 287 5799 ⁸⁸
323 5762 518 5821 Μειιὶι.
554 5782 677 5823 xxvr
699 5807 714 5836 ,
751 5768 839 5826 58.
915 5769 961 5804 ⁸⁸
999 5765 1156 5827 Joan.
1186 5784 1299 5837 xu,
1330 5768 1425 5826 27.
1497 5768 1545 5805 ³ο
1585 5767 1711 5826 Ose.

1865 5765 1948 5822 l2.
2024 5766 2068 5800 “
2108 5763 2264 5822 Joan.
2296 5778 2355 5834 ι,
2386 5763 2436 5820 5.
2516 5765 2559 5796 "
2597 5760 2742 5820 Psal.
2780 5777 2898 5829 ut,
2935 5761 3022 5832 l3,
3051 5759 3138 5816 14.
