3836 6220
452 347 561 407 735

1110 324 1384 398 EL'SEBII
1420 339 1905 398 CESARIENSIS
1940 339 2093 398 OPP.
2136 339 2319 396 PARS
2358 338 2424 394 ll.
2468 368 2541 380 —-
2577 333 3080 392 APOLOGE'IICA.

446 464 588 521 tium
620 461 840 519 obsedit
869 477 958 519 me
979 462 1046 517 ⁸³.
1081 481 1102 515 ι
1134 461 1200 516 Ει
1225 477 1418 517 rursus
1445 479 1458 516 :
1497 480 1518 514 ι
1550 459 1698 517 Erue
1726 476 1756 515 a
1800 459 2007 517 framea

2140 460 2249 515 τῶν
2289 458 2561 513 Ἰουδαίων
2589 454 2995 529 μητροπόλεως,
3023 451 3197 522 αὐτῆς
3226 450 3292 523 δὴ
3318 452 3417 522 τῆς
3449 451 3717 524 Ἰερουσα-

447 552 618 620 Deus,
665 553 905 609 animam
938 568 1138 619 meam,
1185 560 1241 609 et
1284 551 1353 608 de
1400 566 1567 607 manu
1607 553 1763 609 canis
1807 552 2011 608 uniean

2132 551 2265 623 λὴμ,
2294 549 2602 613 ἀκολούθως
2629 549 2767 620 μετὰ
2788 547 2885 619 τὴν
2911 545 3054 600 κατὰ
3080 544 3190 599 τῶν
3220 543 3714 599 ἐπιϐουλευσάντων
3804 606 3805 625 γ

2131 643 2282 716 αὐτῷ
2334 642 2639 715 πρόρῤησιν
2686 639 2928 710 ἐπιλέγει
2978 628 3140 709 ἑξῆς·
3200 655 3219 689 ι
3268 632 3423 691 Εἶδον
3488 636 3713 707 ἀνομίαν
3804 628 3805 677 ἲ

446 738 702 792 cornium
760 736 1124 794 humilitatem
1175 753 1355 794 meam
1383 737 1504 793 “.‘t
1559 736 1731 793 Plane
1773 736 1919 792 enim
1969 735 2011 791 ir

2131 738 2229 792 atat
2274 735 2584 805 ἀντιλογίαν
2624 736 2682 788 ἐν
2713 736 2778 805 τῇ
2813 731 2963 786 πόλει
2987 749 3000 762 ·
3046 749 3064 784 ι
3108 730 3203 784 καὶ
3232 729 3303 784 τὰ
3331 728 3547 793 τούτοις
3588 728 3711 783 ἀκό-
3804 736 3805 743 ‘

446 659 651 700 meam.
688 642 851 698 Salva
879 658 968 699 me
996 659 1065 700 ex
1103 659 1199 700 ore
1233 643 1429 707 leonis,
1452 651 1508 698 et
1535 656 1567 696 a
1596 642 1863 699 cornibus
1896 643 2025 698 uni-

445 827 535 884 his
583 828 854 900 malignas
897 836 1219 899 potestates,
1262 837 1571 896 taurorum,
1621 836 1677 885 et
1702 827 2024 893 vitulorum,

2127 827 2313 893 λουθα,
2337 828 2375 882 ἀ
2399 827 2493 882 καὶ
2517 825 2710 890 ὁποίας
2734 825 2915 896 ἔχεται
2948 822 3186 886 διανοίας
3211 820 3272 876 οὐ
3297 821 3393 876 νῦν
3420 821 3596 892 σχολὴ
3640 820 3710 874 δι-

444 926 503 976 et
539 919 783 987 leonum,
837 927 896 976 et
940 936 1161 986 canum,
1210 927 1266 977 et
1309 922 1658 977 unicornium
1706 920 2025 976 nominibus
2125 921 2397 995 ηγεῖσθαι.

445 1013 706 1084 appellat,
753 1030 876 1084 quae
912 1015 1132 1085 quidem
1187 1016 1342 1070 illum
1384 1016 1490 1072 sub
1522 1017 1702 1088 ipsum
1754 1016 2034 1087 passionis
2071 1025 2289 1088 tempus
2328 1015 2665 1073 obsederunt
2704 1027 2770 1068 ac
2826 1008 3335 1074 circumdederunt,
3382 1006 3560 1081 4⁸14
3612 1021 3715 1063 non

441 1110 627 1160 tamen
671 1107 836 1161 etiam
891 1108 1096 1178 aliquid
1162 1108 1375 1166 elhcere
1439 1119 1633 1167 contra
1698 1111 1851 1166 illum
1903 1118 2222 1182 potuerunt.
2283 1110 2352 1167 Et
2404 1110 2523 1167 haec
2588 1109 2808 1180 quidem
2857 1105 3020 1161 talem
3067 1104 3305 1160 habeant
3339 1103 3639 1163 rationem,
3672 1103 3715 1157 si

442 1196 607 1251 modo
635 1197 801 1252 etiam
834 1199 916 1254 hae
963 1200 1157 1270 psalmi
1193 1211 1397 1272 partes,
1449 1204 1519 1260 ad
1576 1203 1913 1261 Salvatorem
1955 1205 2358 1277 Dominumque
2418 1210 2672 1260 nostrum
2728 1200 3071 1256 referantur.
3120 1195 3278 1264 Quod
3306 1196 3354 1251 si
3398 1210 3516 1250 non
3560 1193 3632 1249 ad
3655 1194 3718 1249 il-
3804 1248 3805 1271 ξ

440 1286 577 1352 lum,
594 1289 689 1345 sed
741 1291 811 1345 ad
858 1292 1018 1346 aliam
1067 1308 1378 1363 personam,
1422 1296 1537 1367 ipse
1577 1311 1795 1367 quoque
1844 1297 2133 1368 diligenter
2182 1297 2453 1361 attendes,
2512 1301 2573 1350 ut
2610 1309 2677 1350 ea
2710 1307 2832 1364 qua:
2866 1291 2936 1347 ad
2992 1291 3172 1361 ipsum
3208 1287 3354 1342 hunc
3377 1286 3568 1340 locum
3599 1299 3716 1354 per-

441 1380 641 1445 tinent,
688 1384 791 1439 sibi
837 1384 1072 1440 invicem
1110 1397 1326 1455 aequata
1385 1389 1779 1458 respondeant.
1842 1388 2232 1445 Verumtamen
2291 1389 2360 1446 de
2402 1388 2521 1460 ipsa
2562 1387 2730 1442 etiam
2787 1382 3105 1439 Iudaeorum
3152 1381 3393 1443 civitate,
3438 1377 3515 1432 de
3579 1376 3715 1446 ipsa:

440 1474 688 1545 inquam,
733 1475 1062 1543 Jerusalem,
1114 1479 1305 1535 ordine
1349 1480 1609 1553 deinceps
1656 1489 1780 1553 post
1816 1482 2141 1538 vaticinium
2206 1481 2275 1537 de
2324 1480 2395 1537 iis
2461 1478 2556 1550 qui
2628 1476 2859 1533 insidias
2904 1474 2985 1530 illi
3051 1473 3308 1539 fecerint,
3364 1469 3625 1541 adjungit
3665 1468 3715 1521 in
3804 1468 3805 1539 ἢ

441 1568 591 1625 hunc
633 1571 853 1626 modum
883 1591 940 1628 ει
972 1572 1093 1628 Vidi
1127 1574 1471 1645 iniquitatem
1514 1585 1570 1633 et
1618 1576 2110 1633 contradictionem
2149 1576 2206 1631 in
2256 1575 2514 1632 civitate:
2546 1593 2564 1626 ι
2591 1579 2648 1629 et
2691 1585 2815 1643 quae
2868 1576 3196 1641 sequuntur,
3244 1581 3366 1639 quae
3399 1580 3524 1637 quo,
3549 1578 3714 1621 sensu

441 1664 555 1720 sint
587 1667 930 1736 accipienda,
966 1684 1078 1723 non
1112 1679 1197 1724 est
1230 1686 1375 1726 nunc
1407 1673 1666 1727 narrandi
1694 1680 1930 1743 tempus.

440 1784 485 1843 Α
518 1784 725 1865 psalmo
750 1800 902 1865 CVlll.
933 1817 1003 1826 —
1027 1787 1161 1865 Item
1195 1789 1259 1841 de
1285 1786 1450 1865 (uda,
1492 1798 1541 1843 et
1594 1790 1658 1865 d_e
1703 1791 1924 1865 suﬂ'eclo
1968 1790 2011 1844 ἱππ

2136 1788 2291 1865 Ἀπὸ.
2320 1783 2443 1865 τοῦ.
2461 1782 2710 1865 ψαλμοῦ
2744 1788 2951 1865 ρηνμ-
2983 1781 3105 1865 Ἔτι
3146 1775 3461 1865 {metisci

604 1854 778 1910 locum
807 1856 921 1925 ejus
952 1858 1216 1928 apostolo,
1258 1859 1306 1912 el
1337 1859 1400 1913 de
1431 1869 1578 1930 gente
1604 1854 1857 1916 Judaica.

518 2050 537 2084 ι
567 2029 732 2096 Deus,
777 2031 991 2085 laudem
1026 2046 1203 2086 meam
1235 2048 1303 2087 ne
1339 2033 1600 2097 tacueris,
1640 2034 1767 2104 quia
1790 2049 1854 2091 os
1890 2049 2020 2106 pec-

440 2122 646 2175 catoris
684 2131 740 2177 et
766 2137 830 2177 os
870 2122 1048 2177 dolosi
1085 2137 1250 2194 super
1279 2138 1365 2178 me
1406 2131 1654 2191 apertum
1694 2133 1797 2181 est.
1824 2124 2011 2184 Locuti

2126 2132 2300 2202 στόμα
2331 2127 2655 2201 ἁμαρτωλοῦ
2683 2127 2777 2180 καὶ
2808 2126 2981 2197 στόμα
3004 2123 3177 2178 δολίου
3210 2123 3297 2176 ἐπ’
3330 2121 3432 2193 ἐμὲ
3460 2121 3705 2193 ἠνοίχθη.
3801 2121 3806 2187 1

440 2217 572 2266 sunt
621 2211 911 2267 adversum
951 2227 1037 2268 me
1081 2213 1268 2285 lingua
1311 2213 1524 2278 dolosa,
1571 2223 1625 2270 et
1670 2216 2017 2272 sermonibus

439 2301 553 2356 odii
600 2300 1086 2357 circumdederunt
1134 2318 1265 2367 me,
1329 2311 1384 2358 et
1424 2316 1878 2374 Oppugnaverunt
1929 2322 2016 2364 me

439 2395 631 2464 gratis.
663 2391 771 2447 Pro
802 2408 867 2448 eo
898 2400 956 2447 ut
986 2408 1072 2449 me
1098 2393 1411 2464 diligerent,
1445 2394 1810 2450 detrahebant
1838 2397 1970 2452 mihi
1996 2415 2011 2465 ;

436 2498 542 2555 ego
587 2490 770 2537 autem
809 2483 1053 2538 orabam.
1110 2482 1176 2536 Et
1224 2492 1528 2553 posuerunt
1577 2485 1869 2543 adversum
1929 2503 2015 2543 me

438 2574 579 2628 mala
611 2588 712 2644 pro
734 2572 915 2636 bonis,
951 2581 1007 2627 et
1038 2572 1224 2627 odium
1259 2587 1358 2642 pro
1384 2574 1676 2630 dilectione
1697 2591 1838 2630 mea.
1869 2577 2015 2632 Con-

438 2666 608 2720 stitue
653 2679 820 2734 super
867 2680 991 2720 eum
1036 2673 1398 2735 peccator-em,
1449 2674 1504 2721 et
1547 2667 1800 2724 diabolus
1840 2676 1945 2725 stet
1981 2684 2013 2724 a

437 2756 649 2812 dextris
693 2756 834 2827 ejus.
865 2754 1004 2811 Dum
1048 2756 1351 2826 judicatur,
1393 2765 1551 2811 exeat
1586 2758 2010 2826 condemnatus,

437 2856 494 2904 et
523 2848 705 2904 oratio
756 2849 877 2918 ejus
921 2848 1014 2902 ﬁat
1060 2848 1117 2902 in
1164 2856 1472 2917 peccatum.
1521 2847 1681 2904 Fiant
1725 2851 1843 2907 dies
1890 2852 2012 2922 ejus

442 2942 623 3011 pauci,
655 2947 711 2997 et
737 2943 1109 3013 episcopatum
1140 2940 1260 3011 ejus
1289 2942 1524 3012 accipiat
1549 2943 1687 2998 alter
1706 2944 1773 2999 ⁸⁵.
1806 2963 1827 2996 ι
1855 2943 2013 3011 Quod

437 3037 603 3090 etiam
654 3035 768 3089 haec
812 3033 882 3089 ad
931 3034 1266 3105 proditorem
1294 3031 1489 3087 Judam
1540 3034 1651 3089 sint
1701 3035 2008 3102 referenda,

2199 1856 2299 1910 καὶ
2339 1853 2446 1908 τοῦ
2469 1845 2571 1920 ⁷εὶς
2588 1845 2725 1921 ’τὴν
2745 1845 2952 1922 χώραν
2993 1847 3179 1922 αὑτοῦ
3191 1845 3715 1922 ,ἀντειοςαχθέντος

2200 1916 2570 1989 ἀποστόλου,
2618 1916 2720 1978 κάι
2751 1916 2888 1990 ᾶερι
2921 1919 3030 1974 τοῦ
3069 1916 3365 1973 Ἰουδαίων
3400 1916 3645 1982 ἔθνους.

2200 2060 2219 2093 ι
2253 2041 2313 2094 '0
2342 2038 2494 2104 Θεὸς,
2518 2038 2617 2108 τὴν
2648 2034 2852 2090 αῖνεσίν
2889 2051 2989 2106 μου
3027 2030 3101 2104 μὴ
3134 2031 3605 2102 παρασιωπήσῃς,
3635 2031 3712 2087 ὅτι

2136 2221 2440 2292 Ἐλάλησαν
2484 2220 2606 2273 κατ’
2637 2217 2772 2291 ἐμοῦ
2817 2215 3034 2287 γλώσσῃ
3064 2214 3236 2285 δολία,
3273 2213 3367 2267 καὶ
3398 2212 3587 2281 λόγοις
3622 2210 3708 2285 μί-

2124 2331 2249 2377 σους
2302 2310 2621 2365 ἐκύκλωσάν
2671 2326 2759 2380 με,
2804 2308 2901 2362 καὶ
2950 2305 3297 2378 ἐπλέμησὰν
3354 2321 3421 2376 με
3473 2303 3702 2377 δωρεάν.

2135 2406 2283 2458 Ἀντί
2312 2402 2408 2458 τοῦ
2438 2403 2658 2474 ἀγαπᾷν
2691 2418 2785 2470 με,
2820 2398 3151 2455 ἐνδιέϐαλλόν
3183 2415 3280 2470 με·
3311 2396 3422 2466 ἐγὼ
3450 2397 3514 2450 δὲ
3543 2413 3705 2468 προσ-

2118 2495 2387 2567 ηυχόμην.
2425 2496 2537 2548 Καὶ
2576 2493 2758 2548 ἔθεντο
2796 2491 2918 2546 κατ’
2946 2488 3082 2562 ἐμοῦ
3121 2489 3268 2544 κακὰ
3310 2489 3435 2543 ἀντὶ
3459 2488 3698 2558 ἀγαθῶν,

2120 2587 2215 2639 καὶ
2246 2588 2401 2656 μῖσος
2429 2584 2551 2639 ἀντὶ
2585 2583 2685 2655 τῆς
2715 2578 3043 2654 ἁγαπήσεὼς
3070 2597 3193 2651 μου.
3221 2577 3589 2648 Κατὰστησον
3619 2578 3700 2631 ἐπ’

2119 2678 2284 2732 αὑτὸν
2313 2676 2656 2749 ἁμαρτωλὸν,
2686 2676 2780 2729 καὶ
2807 2673 3052 2738 διάϐολος
3080 2674 3261 2744 στήτω
3287 2674 3351 2724 ἐκ
3375 2670 3574 2738 δεξιῶν
3604 2671 3698 2725 αὖ·

2117 2767 2237 2822 τοῦ.
2276 2769 2363 2822 Ἐν
2391 2767 2469 2840 τῷ
2501 2766 2781 2840 κρίνεσθαι
2811 2765 2972 2821 αὐτὸν
2998 2763 3202 2830 ἐξέλθοι
3233 2761 3697 2833 καταδεδικασμέ-

3622 332 3716 389 736
3804 332 3805 379 ἲ

2118 2877 2228 2925 νος,
2258 2860 2411 2931 καὶὴ
2445 2858 2718 2932 προσευχὴ
2761 2857 2924 2913 αὑτοῦ
2958 2856 3244 2929 γενηθήτω
3274 2855 3358 2919 είς
3401 2854 3696 2927 ἁμαρτίαν.
3804 2860 3805 2863 “

2117 2952 2505 3025 Γενηθήτωσαν
2537 2952 2595 3007 ai
2629 2952 2831 3023 ἡμέραι
2880 2948 3047 3004 αὑτοῦ
3080 2948 3278 3019 ὀλίγαι,
3320 2949 3418 3002 καὶ
3447 2949 3555 3021 τὴν
3586 2949 3696 3002 ἐπι-

2120 3044 2325 3117 σκοπὴν
2354 3044 2519 3099 αὑτοῦ
2551 3044 2760 3099 λαϐέτω
2791 3043 2997 3116 ἕτερος.
3033 3062 3054 3094 ι
3085 3042 3195 3096 Καὶ
3214 3041 3316 3112 τῆς
3340 3040 3453 3094 τῶν
3483 3057 3698 3113 προκει-

438 3126 673 3181 idoneus
702 3141 835 3181 sane
864 3133 983 3180 esto
1010 3126 1166 3181 testis
1194 3126 1479 3194 apostolus
1509 3124 1727 3192 Petrus,
1765 3129 1859 3198 qui
1891 3135 2011 3198 post

2125 3136 2295 3207 μένων
2327 3137 2422 3189 ἐπὶ
2452 3136 2541 3190 τὸν
2587 3135 2850 3208 προδότην
2891 3134 3089 3188 Ἰούδαν
3119 3131 3401 3205 ἀναφορᾶς
3440 3131 3699 3203 ἐχέγγυος

442 3216 746 3272 Salvatoris
792 3217 971 3271 nostri
1017 3231 1328 3281 ascensum,
1374 3217 1580 3272 coactis
1639 3218 1695 3271 in
1731 3233 1899 3273 unum
1932 3219 2014 3274 lo-

440 3323 567 3362 cum
598 3308 860 3378 apostolis
883 3308 1160 3372 omnibus,
1185 3309 1416 3378 aliisque
1451 3294 1872 3381 quamplurimis
1900 3310 2013 3365 l'rar-

440 3399 640 3465 tribus,
672 3398 729 3452 in
772 3398 965 3453 mediis
1001 3399 1108 3454 illis
1142 3400 1294 3454 stetit
1343 3407 1507 3471 atque
1550 3402 1627 3455 ait
1657 3421 1669 3457 :
1701 3421 1719 3452 ι
1757 3400 1869 3457 Viri
1903 3402 2014 3457 fra-

440 3502 578 3556 tres,
610 3489 853 3560 oportuit
880 3490 1091 3559 impleri
1126 3488 1467 3560 Scripturam
1487 3492 1651 3556 hanc,
1682 3509 1848 3564 quam
1872 3510 2014 3564 prre-

440 3584 580 3637 dixit
622 3580 861 3652 Spiritus
908 3594 1131 3638 sanctus
1171 3598 1269 3653 per
1298 3598 1360 3638 os
1410 3582 1581 3638 David
1623 3585 1691 3640 de
1719 3584 1882 3651 Juda,
1918 3587 2012 3658 qui

444 3675 546 3730 fuit
573 3675 685 3731 dux
719 3689 909 3730 eorum
933 3675 1027 3744 qui
1069 3673 1601 3744 comprehenderunt
1625 3671 1850 3743 Iesum;
1885 3678 2012 3747 quia

439 3774 764 3823 numeratus
804 3773 923 3821 erat
953 3766 1262 3831 nobiscum,
1307 3774 1362 3821 Cl
1401 3767 1631 3823 εοτῑίιιιε
1659 3776 1778 3824 erat
1810 3777 2012 3824 sortem

440 3859 738 3914 ministerii
787 3860 974 3928 hujus.
1023 3857 1123 3912 llic
1174 3858 1342 3928 igitur
1400 3859 1644 3928 possedit
1706 3874 1897 3930 agrum
1947 3861 2014 3917 de

440 3950 693 4006 mercede
736 3949 1021 4019 injustitize
1051 3964 1164 4005 suae
1190 3968 1202 4003 :
1225 3957 1280 4004 et
1309 3965 1613 4019 suspensus
1640 3951 1854 4020 crepuit
1900 3967 2015 4006 me-

440 4041 587 4107 dius,
636 4048 689 4094 et
726 4039 898 4097 ell'usa
950 4049 1078 4095 sunt
1122 4043 1306 4096 omnia
1353 4042 1570 4097 viscera
1597 4041 1738 4111 ejus.
1764 4040 2015 4113 475Ει

439 4139 630 4187 notum
682 4130 886 4186 factum
941 4139 1024 4187 est
1078 4133 1334 4187 omnibus
1379 4132 1753 4188 habitantibus
1793 4132 2015 4188 Jerusa-

439 4223 586 4278 lem:
618 4222 693 4277 ita
745 4231 804 4277 ut
855 4224 1219 4294 appellaretur
1262 4239 1392 4295 ager
1437 4223 1529 4278 ille
1575 4224 1761 4295 lingua
1800 4239 2011 4291 eorum,

438 4315 831 4377 Akeldamach,
863 4315 968 4369 boc
997 4324 1101 4378 est,
1131 4316 1272 4386 Ager
1291 4315 1586 4385 sanguinis.
1622 4315 1902 4386 Scriptum
1930 4322 2016 4371 est

437 4406 583 4461 enim
615 4407 670 4460 in
701 4406 842 4461 libro
871 4405 1251 4460 Psalmorum:
1284 4425 1302 4457 ι
1332 4404 1454 4461 Fiat
1491 4407 1850 4462 commoratio
1892 4406 2013 4478 ejus

2118 3226 2327 3298 μάρτυς
2354 3229 2383 3279 ό
2425 3228 2719 3291 ἀπόστολος
2752 3226 2977 3300 Πέτρος,
3014 3225 3152 3297 μετά
3183 3223 3281 3296 τὴν
3319 3223 3417 3277 τοῦ
3451 3222 3700 3294 Σωτῆρος

2114 3321 2147 3391 ἡ
2155 3320 2270 3389 μῶν
2303 3319 2566 3391 ἀνάληψιν
2617 3320 2969 3391 συνηγμένων
3005 3318 3113 3373 τῶν
3144 3316 3459 3372 ἀποστόλων
3485 3315 3699 3370 πάντων

2116 3411 2212 3464 σὺν
2258 3411 2351 3464 καὶ
2395 3411 2575 3478 ἄλλοις
2623 3411 2862 3466 πλείοσιν
2902 3411 3171 3481 ἀδελφοῖς,
3227 3407 3394 3481 μέσος
3442 3405 3697 3468 ἀναστὰς.

2114 3502 2209 3554 καὶ
2239 3502 2407 3557 ταῦτα
2441 3504 2616 3575 φήσας
2639 3521 2651 3534 ·
2696 3522 2715 3555 ι
2748 3503 2974 3576 ’Ἄνδρες
3008 3503 3245 3573 ἀδελφοὶ,
3274 3501 3381 3554 ἔδει
3412 3497 3700 3572 πληρωθῆ-
3804 3510 3805 3559 ἓ

2114 3610 2201 3648 ναι
2233 3594 2329 3667 τὴν
2362 3596 2602 3667 Γραφὴν,
2635 3596 2700 3668 ἦν
2734 3598 2960 3670 προεῖπε
2985 3594 3046 3648 τὸ
3074 3592 3299 3663 Πνεῦμα
3329 3591 3393 3644 τὸ
3426 3592 3592 3661 ἅγιον
3619 3587 3701 3643 διά

2116 3685 2381 3756 στόματος
2429 3686 2594 3740 Δαϐἱδ
2635 3688 2764 3759 περὶ
2804 3686 2973 3741 ’ἰούδα
3013 3684 3106 3738 τοῦ
3153 3685 3448 3755 γενομένου
3508 3679 3699 3753 ὁδηγοῦ

2115 3779 2226 3840 τοῖς
2262 3777 2610 3832 συλλαϐοῦσιν
2653 3776 2860 3850 Ἰησοῦν
2893 3778 2973 3831 ὅτι
3012 3775 3502 3847 κατηριθμημένος
3538 3771 3606 3845 ἦν
3647 3776 3701 3826 ἐν

2113 3867 2273 3937 ἡμῖν,
2309 3868 2402 3921 καὶ
2435 3867 2594 3938 ἔλαχε
2622 3869 2717 3922 τὸν
2766 3868 2967 3939 κλῆρον
2999 3868 3098 3939 τῆς
3145 3866 3424 3929 διακονίας
3473 3866 3698 3936 ταύτης.

2116 3950 2284 4022 οὗτος
2316 3959 2414 4030 μὲν
2441 3956 2534 4012 οὖν
2562 3961 2829 4032 ἐκτήσατο
2867 3958 3065 4031 χωρίον
3111 3960 3177 4023 ἐκ
3212 3956 3409 4029 μισθοῦ
3444 3957 3550 4027 τῆς
3590 3956 3698 4010 ἀδι-

2115 4049 2238 4113 κίας
2268 4049 2456 4117 αὐτοῦ,
2504 4052 2600 4104 καὶ
2640 4050 2852 4123 πρηνὴς
2894 4050 3185 4120 γενόμενος
3228 4048 3465 4119 ἐλάκησε
3518 4048 3697 4119 μέσος,

2115 4140 2209 4194 καὶ
2231 4139 2457 4213 ἐξεχύθη
2493 4142 2670 4196 πάντα
2692 4142 2761 4195 τὰ
2792 4142 3077 4212 σπλάγχνα
3102 4140 3287 4194 αὑτοῦ.
3317 4141 3432 4193 Καὶ
3461 4140 3701 4209 γνωστδν

2117 4232 2335 4301 ἐγένετο
2385 4235 2519 4287 πᾶσι
2564 4237 2677 4296 τοῖς
2721 4233 3064 4288 κατοικοῦσιν
3118 4230 3478 4304 Ἰερουσαλὴμ
3500 4271 3518 4297 ,
3567 4231 3698 4284 ὥστε
3804 4230 3805 4295 ξ

2116 4322 2381 4394 κληθῆναι
2412 4325 2473 4379 τὸ
2503 4325 2701 4398 χωρίον
2745 4325 2921 4378 ἐκεῖνο
2948 4326 3015 4397 τῇ
3062 4324 3169 4396 ἰδίᾳ
3199 4323 3471 4392 διαλέκτῳ
3526 4321 3697 4376 αὐτῶν

2129 4414 2488 4486 Ἀκελδαμὰχ,
2519 4417 2547 4469 ὃ
2575 4416 2690 4470 ἐστι
2722 4415 2936 4486 Χωρίον
2969 4416 3219 4486 αἵματος.
3253 4414 3576 4487 Γέγραπται
3597 4414 3696 4482 γὰρ

438 4498 678 4561 deserta,
710 4507 764 4555 et
811 4515 922 4554 non
953 4500 1025 4555 sit
1050 4500 1147 4569 qui
1182 4499 1390 4554 habitet
1421 4500 1477 4553 i'n
1505 4514 1591 4565 ea,
1632 4509 1688 4557 et
1724 4500 2011 4571 episcopa-

2125 4505 2172 4557 ὲν
2195 4503 2363 4577 βίϐλῳ
2389 4506 2655 4577 Ψαλμῶνο
2696 4526 2714 4558 ι
2738 4506 3027 4579 Γενηθήτω
3057 4509 3090 4578 ἡ
3121 4505 3347 4569 ἔπαυλις
3375 4505 3553 4560 αὐτοῦ
3576 4506 3693 4576 ἕρη-

2118 4613 2237 4667 μος,
2266 4598 2361 4650 καὶ
2396 4597 2471 4668 μὴ
2504 4596 2644 4650 ἔστω
2670 4599 2698 4650 ό
2722 4596 2993 4651 κατοικῶν
3024 4599 3080 4650 ἐν
3121 4597 3282 4667 αὐτῇ,
3319 4595 3418 4649 καὶ
3450 4596 3554 4666 τὴν
3586 4599 3694 4648 ἐπι·
3804 4595 3805 4655 i

441 4599 553 4645 tum
588 4593 711 4661 ejus
747 4592 981 4661 accipiat
1014 4592 1153 4645 alter
1174 4591 1242 4647 ".
1275 4610 1295 4644 ι
1329 4590 1529 4647 Petrus
1556 4607 1687 4648 vero
1723 4607 1851 4648 cum
1880 4593 2009 4648 talia

439 4684 689 4751 dixisset,
745 4684 978 4753 subjecit
1033 4684 1089 4737 iu
1146 4684 1325 4738 locum
1376 4682 1530 4739 Iudae
1592 4683 1758 4739 alium
1804 4683 2010 4740 assumi

439 4785 724 4845 oportere,
773 4789 883 4844 quo
942 4773 1229 4830 duodecim
1293 4776 1665 4845 apostolorum
1706 4791 2006 4842 numerus,

438 4866 531 4935 qui
558 4865 880 4919 aliminutus
928 4864 1124 4931 fuerat,
1173 4867 1559 4936 compleretur,
1612 4873 1671 4920 ut
1722 4866 2011 4937 prophetia

440 4973 598 5010 suum
632 4956 790 5013 linem
824 4958 1187 5030 contingeret.
1238 4960 1358 5025 Quo
1403 4959 1568 5014 etiam
1600 4966 1845 5030 tempore
1885 4976 2011 5016 cum

441 5066 562 5106 sors
584 5052 732 5121 jacla
759 5059 925 5115 esset,
954 5067 1018 5106 ea
1046 5051 1242 5106 cecidit
1265 5066 1431 5122 super
1470 5050 1773 5117 Matthiam,
1797 5059 1852 5108 et
1873 5066 2010 5107 con-

440 5153 761 5197 uumeratus
786 5151 870 5198 est
903 5159 1026 5199 cum
1061 5142 1350 5199 duodecim
1382 5144 1669 5216 apostolis.
1712 5142 1848 5199 Cum
1892 5145 2008 5201 haec

441 5234 609 5304 igitur
649 5234 705 5288 iu
743 5235 889 5291 hunc
939 5235 1158 5291 modum
1206 5242 1427 5306 peracta
1473 5237 1605 5300 sint,
1653 5236 1903 5306 sequitur
1947 5246 2007 5291 ut

441 5340 734 5396 personam
770 5340 892 5395 quae
920 5326 975 5379 in
1019 5327 1124 5381 hoc
1159 5327 1372 5397 psalmo
1413 5327 1677 5397 loquitur,
1714 5342 1824 5383 non
1846 5327 2011 5381 aliam

441 5424 565 5463 esse
594 5411 944 5478 arbitremur,
971 5429 1135 5485 quam
1166 5413 1468 5470 Salvatoris
1503 5416 1703 5478 nostri,
1736 5416 1830 5487 qui
1870 5418 2015 5473 assi-

442 5509 661 5571 gnatam
701 5504 805 5559 sibi
832 5504 1051 5561 aPatre
1095 5506 1199 5562 sub
1244 5507 1420 5578 ipsum
1472 5509 1748 5577 passionis
1795 5516 2012 5580 tempus

2116 4686 2323 4759 σκοπὴν
2347 4686 2513 4741 αὑτοῦ
2546 4686 2988 4760 λαϐέτω’ἐτερος.
3024 4706 3044 4740 ι
3072 4687 3258 4740 Ταῦτα
3281 4685 3416 4755 γοῦν
3440 4688 3470 4739 ὁ
3498 4687 3720 4758 Πέτρος.

2116 4777 2282 4830 εἰπὼν
2316 4778 2627 4833 ὑποτίθεται
2667 4779 2852 4852 ἕτερον
2883 4780 3004 4834 ἀντὶ
3036 4776 3130 4833 τοῦ
3170 4777 3339 4831 Ἰούδα
3378 4776 3492 4830 δεῖν
3522 4793 3691 4848 παρα-

2114 4869 2298 4923 λαϐεῖν
2327 4871 2408 4934 εἰς
2438 4872 2526 4924 τὸν
2556 4871 2811 4925 λείποντα
2841 4872 2951 4925 τῶν
2981 4869 3186 4925 δώδεκα
3238 4868 3565 4924 ἀποστόλων
3584 4871 3693 4939 ἀρι-
3804 4930 3805 4945 χ

2116 4959 2271 5032 θμὸν,
2305 4960 2453 5025 ὅπως
2483 4962 2741 5035 πληρωθῇ
2775 4963 2836 5017 τὸ
2867 4963 2967 5034 τῆς
2989 4961 3343 5034 προφητείας·
3376 4962 3536 5025 ’Ὅτεν
3567 4961 3691 5031 κλή·

2115 5069 2209 5124 ρου
2258 5052 2570 5124 γενομένου,
2608 5055 2801 5108 ἔπεσεν
2831 5057 2860 5107 ό
2897 5054 3099 5126 κλῆρος
3140 5053 3233 5107 ἐπὶ
3274 5052 3557 5115 Ματθίαν,
3606 5050 3690 5107 καὶ

2116 5145 2595 5218 συγκατεψηφίσθη
2633 5148 2771 5217 μετά
2796 5146 2905 5201 τῶν
2948 5146 3154 5200 δώδεκα
3184 5144 3524 5200 ἀποστόλων.
3565 5142 3688 5197 Τού-

2113 5253 2221 5289 των
2242 5236 2413 5301 οῦτως
2437 5237 2881 5304 ἐκτελεσθέντων,
2911 5238 3219 5301 ἀκολούθως
3247 5238 3313 5290 ἂν
3336 5236 3424 5309 εἴη
3458 5237 3520 5290 τὸ
3545 5236 3688 5301 λέγον

2112 5331 2170 5381 ἐν
2213 5327 2292 5399 τῷ
2342 5328 2540 5400 ψαλμῷ
2591 5331 2880 5401 πρόσωπον
2919 5331 3017 5402 οὐχ
3070 5330 3253 5400 ἕτερον
3292 5327 3389 5380 τοῦ
3442 5326 3685 5396 Σωτῆρος

2112 5420 2292 5491 ἡμῶν,
2325 5420 2384 5485 ὃς
2415 5419 2493 5492 τῷ
2532 5423 2706 5495 Πατρ)⁵
2735 5423 2831 5495 τὴν
2862 5420 3311 5493 ἁναπεμφθεῖσαν
3345 5418 3499 5489 αύτῷ
3549 5414 3685 5489 παρὰ

2112 5511 2204 5565 τὸν
2228 5510 2321 5565 τοῦ
2351 5512 2555 5576 πάθους
2583 5514 2771 5586 καιρὸν
2803 5514 2968 5585 εὐχὴν
2990 5514 3087 5586 τῆς
3112 5512 3199 5566 διὰ
3226 5510 3319 5564 τοῦ
3338 5511 3502 5580 ἁγίου
3527 5506 3683 5562 Πνεύ-

441 5594 766 5663 orationem,
802 5598 1022 5669 publica
1066 5609 1219 5655 tanto
1251 5607 1379 5657 ante
1430 5615 1528 5670 per
1578 5598 1843 5672 Spiritum
1884 5616 2011 5658 san-

2125 5623 2287 5677 ματος
2332 5607 2654 5678 ἀναγραφῆς
2698 5604 2984 5679 προλαϐὼν
3033 5601 3357 5675 κατηξίωσε,
3396 5601 3462 5655 τὸ
3503 5598 3684 5673 μέλλον

514 5774 560 5807 ⁸³
605 5774 747 5833 Psal.
782 5794 894 5845 XXI,
937 5777 1019 5834 l7.
1100 5779 1143 5811 ’τι
1183 5777 1312 5836 ibid.
1347 5777 1549 5846 2l,22.
1628 5780 1671 5812 ⁵⁸
1712 5778 1856 5836 Psal.
1893 5796 2056 5845 cvm,
2090 5780 2208 5838 2-8.
2284 5782 2329 5814 "
2368 5781 2485 5836 Act.
2525 5798 2575 5849 t,
2613 5781 2800 5839 ιο-Ξο.
