3836 6220
156 290 270 346 737

1049 289 1706 348 DEMONSTBATIONIS
1745 289 2207 348 EVANGELlCE
2249 288 2468 346 LlB.X.

3319 290 3427 350 758

154 403 292 479 περὶ
321 401 490 459 αὑτοῦ
525 403 901 477 συμϐήσεσθαι
933 403 1217 471 θεσπίσας.
1252 405 1419 479 Φησὶν
1451 402 1579 461 οὖν·
1618 425 1637 458 ι
1688 408 1735 461 '0

1847 416 1993 462 ctum
2030 407 2403 479 descriptione
2445 407 2723 478 dignatus,
2758 407 2903 479 quod
2953 408 3057 464 sibi
3093 423 3197 463 usu
3239 417 3429 467 ventu-

149 499 314 564 Θεὸς,
355 498 456 571 τήν
487 498 694 553 αίνεσίν
732 516 833 569 μου
872 498 946 571 μή
974 500 1432 571 παρασιωπήσῃς,
1462 518 1481 550 ι
1515 498 1615 571 τὴν
1646 499 1738 552 ὑπ’

151 590 325 647 αὐτοῦ
372 590 764 663 παραδοθεῖσαν
806 594 919 655 τοῖς
959 591 1123 645 αὑτοῦ
1178 590 1447 664 μαθηταῖς
1488 591 1743 646 διδασκα-

151 685 301 752 λίαν,
332 686 430 741 καὶ
451 685 554 755 τῆς
583 684 779 755 καινῆς
805 684 1081 757 Διαθήκης
1111 686 1209 757 τὴν
1249 685 1454 741 αῖνεσιν
1485 702 1739 759 παρακα-

150 776 268 832 λῶν
316 773 398 850 ’μὴ
452 776 938 849 κατασιγασθῆναι,
999 777 1134 832 ἀλλά
1189 777 1284 833 καὶ
1336 780 1415 842 εἰς
1464 778 1556 832 τὸν
1614 778 1741 850 ἑξῆς

149 867 374 925 ἅπαντα
404 867 576 923 αἰῶνα
608 859 944 941 παραμεῖναι
968 869 1046 941 τῷ
1079 870 1196 943 βίῳ.
1236 889 1255 923 ι
1279 871 1462 942 Στόμα
1483 870 1539 924 δὲ
1565 872 1742 945 ἀμαρ-

148 962 329 1016 τωλοῦ
365 962 458 1015 καὶ
489 962 665 1034 στόμα
693 962 862 1017 δολίου
902 982 921 1016 ι
948 963 1153 1035 κυρίως
1202 962 1269 1017 ἂν
1301 963 1515 1034 λεχθείη
1548 963 1607 1017 τὸ
1644 963 1737 1017 τοῦ

162 1054 359 1120 Ἰούδα,
392 1054 452 1117 ὃς
494 1054 781 1127 πορευθεὶς
811 1056 947 1127 πρὸς
991 1057 1119 1120 τοὺς
1149 1056 1424 1130 ἀρχιερεῖς
1452 1052 1605 1111 εἶπεν
1643 1057 1740 1110 αύ-

146 1150 269 1212 τοῖς
291 1165 304 1178 ·
343 1166 363 1199 ‹
397 1148 462 1201 Τί
494 1148 675 1202 θέλετέ
704 1166 795 1221 μοι
823 1148 1026 1214 δοῦναι,
1061 1148 1218 1217 κάγὼ
1257 1150 1385 1220 ὑμῖν
1428 1147 1739 1221 παραδώσω

147 1240 320 1294 αὐτόν
343 1257 357 1304 ;
384 1241 445 1295 Οἱ
474 1241 531 1294 δὲ
554 1241 787 1313 ἔστησαν
810 1240 960 1312 αὐτῷ
986 1242 1279 1314 τριάκοντα
1306 1242 1598 1314 στατῆρας.
1628 1242 1738 1295 Καὶ

148 1331 265 1385 ἀπὸ
295 1331 415 1384 τότε
441 1330 622 1403 ἐζήτει
652 1332 958 1406 εὐκαιρίαν,
986 1335 1072 1387 ἵνα
1100 1333 1261 1388 αὑτὸν
1287 1332 1566 1406 παραδῷ.»
1613 1334 1735 1387 Τοι-

148 1418 297 1478 αῦτα
318 1422 449 1494 γοῦν
477 1426 598 1478 κατ’
643 1424 807 1478 αὐτοῦ
854 1424 1198 1497 συνθέμενος,
1233 1419 1313 1489 εἷς
1350 1422 1418 1496 ἦν
1457 1424 1567 1481 τῶν
1601 1423 1739 1497 μετά

146 1511 327 1569 ταῦτα
358 1515 453 1569 σὺν
486 1514 634 1586 σύτῷ
664 1516 1036 1588 ἀνακειμένων
1066 1520 1123 1571 ὲν
1142 1517 1220 1589 τῷ
1246 1518 1340 1571 τοῦ
1371 1519 1564 1590 Πάσχα
1600 1536 1737 1589 συμ-

149 1607 356 1677 ποσίῳ,
387 1607 473 1660 ὅτε
508 1608 602 1661 καὶ
632 1608 795 1672 αὐτὸς
828 1610 857 1662 ό
899 1608 1089 1680 Σωτήρ
1120 1609 1275 1680 ἡμῶν
1313 1609 1557 1663 ἀνέκειτο
1598 1609 1735 1680 μετά

147 1698 264 1752 τῶν
315 1698 541 1764 δώδεκα,
593 1698 879 1754 ἐσθιόντων
927 1719 986 1754 τε
1038 1700 1216 1755 αὐτῶν
1258 1698 1443 1756 εἶπεν·
1501 1723 1521 1754 ι
1565 1703 1735 1775 Ἀμὴν

1848 515 1968 554 rum
1992 508 2131 565 erat,
2153 501 2373 556 cecinit.
2405 501 2495 554 Ait
2514 500 2692 571 igitur
2716 520 2730 557 :
2763 521 2781 553 ι
2814 501 2985 565 Deus,
3010 500 3224 557 laudem
3248 517 3428 558 meam

1847 606 1917 645 ne
1959 591 2236 647 tacueris:
2273 610 2291 642 δ
2326 591 2420 645 ubi
2454 592 2712 647 videlicet
2755 591 3062 648 doctrinam
3114 607 3280 663 quam
3311 594 3430 664 ipse

1848 679 1965 735 suis
1993 679 2279 750 discipulis
2313 680 2503 745 tradit,
2543 691 2598 735 et
2644 680 2862 736 laudem
2905 683 3033 736 novi
3063 681 3425 748 Testamenti,

1847 791 1958 830 non
2001 790 2125 830 esse
2158 774 2509 844 premendam
2560 774 2780 829 silentio
2827 774 3174 841 exhortatur,
3233 773 3328 829 sed
3370 774 3429 831 in

1847 882 2010 923 omne
2051 866 2297 921 futurum
2344 882 2521 921 aevum
2566 865 2635 920 ad
2673 865 2798 920 vitae
2843 864 3107 943 humanae
3131 866 3425 921 utilitatem

1847 974 2185 1031 permanere.
2225 977 2243 1010 ι
2264 957 2338 1013 Os
2368 968 2549 1014 autem
2573 957 2979 1029 peccatoris,'et
3001 973 3064 1013 os
3081 958 3279 1023 dolosi,
3304 977 3325 1012 ι
3362 973 3429 1014 os

1847 1052 2020 1122 ipsius
2058 1049 2214 1106 ludas
2272 1051 2494 1122 proprie
2544 1051 2908 1105 nominaverit
2954 1050 3270 1121 quispiam,
3332 1051 3426 1120 qui

1846 1158 1970 1197 cum
2017 1143 2245 1198 abiisset
2278 1144 2344 1198 ad
2381 1143 2661 1214 principes
2710 1142 3082 1209 sacerdotum,
3130 1144 3213 1198 eis
3242 1143 3380 1197 dixit
3410 1161 3423 1196 :

1851 1256 1870 1289 ι
1907 1236 2049 1303 Quid
2069 1237 2235 1292 vultis
2264 1236 2400 1291 mihi
2432 1235 2586 1300 dare,
2617 1242 2673 1290 et
2703 1249 2805 1306 ego
2835 1251 2959 1291 eum
2985 1236 3142 1291 vobis
3172 1234 3434 1290 tradam?

1844 1330 1914 1384 At
1946 1331 2023 1385 illi
2053 1331 2465 1386 constituerunt
2493 1330 2545 1385 ei
2576 1329 2803 1400 triginta
2839 1336 3091 1383 stateres.
3122 1327 3189 1382 Et
3226 1344 3294 1384 ex
3333 1328 3430 1383 illo

1844 1424 2122 1494 quaerebat
2176 1423 2547 1489 occasionem,
2587 1431 2647 1476 ut
2689 1421 2844 1475 illum
2887 1420 2972 1476 eis
3016 1420 3275 1492 proderet
3302 1420 3371 1476 ⁸⁷.
3403 1439 3427 1473 ι

1844 1513 1980 1568 Cum
2032 1528 2166 1583 ergo
2209 1513 2341 1568 talia
2383 1521 2579 1568 contra
2615 1512 2766 1566 illum
2800 1512 3026 1567 molitus
3069 1522 3235 1575 esset,
3282 1527 3432 1565 unus

1843 1613 2034 1675 postea
2076 1606 2179 1659 fuit
2212 1619 2277 1660 ex
2327 1604 2398 1660 iis
2444 1604 2698 1674 quicum
2743 1603 2840 1657 illo
2884 1603 2941 1657 in
2974 1602 3221 1673 paschali
3267 1617 3426 1658 caena

1844 1693 2244 1757 accubuerunt,
2270 1708 2382 1764 quo
2414 1701 2662 1763 tempore
2694 1693 2810 1763 ipse
2839 1708 3058 1763 quoque
3082 1692 3335 1748 Salvator
3362 1708 3428 1749 ac

148 1790 304 1862 ἀμήν
331 1790 474 1859 λέγω
502 1792 651 1862 ὑμῖν,
698 1794 780 1847 ὅτι
813 1790 894 1857 εἷς
938 1794 997 1861 ἐξ
1048 1794 1202 1866 ὑμῶν
1235 1793 1547 1867 παραδώσει
1583 1813 1670 1865 με.
1713 1815 1731 1847 ι

1842 1782 2108 1839 Dominus
2136 1793 2322 1838 noster
2354 1784 2715 1838 accumbebat
2756 1798 2863 1837 una
2894 1798 3018 1838 cum
3055 1783 3192 1854 ipsis
3219 1784 3428 1841 duode-

147 1881 267 1935 Καὶ
297 1880 624 1952 λυπούμενοι
656 1883 858 1955 σφόδρα
903 1883 1138 1955 ἤρξαντο
1168 1883 1347 1952 λέγειν
1379 1883 1609 1947 ἕκαστος
1637 1884 1737 1937 αύ-

146 1971 300 2025 τῶν·
342 1990 361 2023 ι
390 1973 536 2045 Μήτι
567 1972 679 2043 ἐγώ
711 1976 846 2045 είμι,
876 1974 1078 2045 Κύριε;
1124 1995 1141 2026 ι
1181 1976 1237 2027 ὲν
1270 1970 1351 2039 οἷς
1381 1969 1449 2046 ἦν
1480 1975 1574 2028 καὶ
1609 1974 1740 2028 Ἰού-

145 2062 274 2129 δας,
307 2064 386 2129 ὃς,
415 2066 476 2119 τὸ
507 2065 713 2138 πλῆρες
744 2067 946 2131 παντὸς
977 2066 1127 2120 δόλου
1161 2068 1255 2121 καὶ
1277 2067 1559 2138 είρωνείας
1594 2067 1739 2121 ἀνοί-

147 2155 254 2221 ξας
305 2155 500 2227 στόμα,
551 2157 870 2230 ἀποκριθεὶς
932 2154 1113 2212 εἶπεν·
1187 2178 1205 2209 ι
1244 2161 1392 2231 Μήτι
1453 2158 1566 2228 ἐγώ
1598 2163 1733 2231 είμι,

159 2245 390 2313 Ῥαϐϐί;
435 2267 454 2301 ι
487 2247 669 2303 Δόλιον
698 2250 892 2320 στόμα,
926 2249 995 2302 δι’
1020 2242 1081 2303 οὗ
1113 2250 1176 2302 τὸ
1217 2252 1444 2321 σημεῖον
1478 2252 1591 2313 τοῖς
1617 2252 1739 2303 ἐπι-

145 2337 365 2403 ϐούλοις
392 2338 488 2393 τοῦ
519 2340 769 2412 Σωτῆρος
797 2341 955 2413 ήμῶν
984 2340 1192 2413 ἐδήλου,
1220 2340 1395 2410 λέγων
1417 2356 1432 2372 ο
1470 2358 1490 2393 ι
1524 2341 1619 2394 Ὃν
1641 2340 1739 2394 ὲάν

146 2426 387 2497 φιλήσω,
425 2427 588 2492 αὑτός
627 2429 743 2481 ἐστι
766 2445 780 2458 ’
816 2431 1126 2501 κρατήσατε
1161 2430 1324 2485 αὐτόν
1350 2449 1364 2462 ·
1401 2450 1422 2484 ›
1458 2430 1488 2484 δ
1528 2432 1622 2485 καὶ
1661 2431 1739 2484 εί-

144 2518 294 2583 πὼν,
325 2518 471 2592 ἔργῳ
509 2520 600 2573 τὸν
639 2520 789 2575 δόλον
813 2520 1152 2594 ἀπεπλήρου,
1186 2523 1274 2576 ὅτε
1316 2521 1628 2594 προσελθὼν
1659 2522 1738 2596 τῷ

160 2610 367 2683 Ἰησοῦ,
419 2607 570 2666 εἶπεν
609 2611 791 2683 αὐτῷ’
834 2632 853 2665 ι
898 2614 1092 2685 Χαῖρε,
1132 2614 1353 2668 Ῥαϐϐί·
1387 2616 1481 2669 καὶ
1514 2618 1740 2687 κατεφί-

143 2701 318 2773 λησεν
366 2704 546 2757 αὐτόν.
590 2705 647 2758 ’0
675 2704 734 2758 δὲ
777 2705 984 2777 Ἰησοῦς
1027 2702 1179 2760 εἷπεν
1210 2706 1391 2779 αὐτῷ·
1432 2726 1451 2759 ι
1499 2709 1735 2781 Ἑταῖρε,

146 2795 239 2863 ἐφ’
268 2787 314 2862 ᾧ
346 2795 545 2867 πάρει;
583 2815 601 2847 ι
656 2796 749 2850 καὶ
792 2797 991 2851 πάλιν·
1048 2818 1067 2849 ι
1111 2796 1300 2863 Ἰούδα,
1350 2799 1614 2872 φιλήματι
1647 2800 1738 2855 τὸν

146 2887 286 2941 Υίδν
311 2887 405 2941 τοῦ
434 2888 721 2961 ἀνθρώπου
751 2891 1062 2964 παραδίδως
1086 2909 1132 2957 ;›
1150 2895 1365 2948 Τούτων
1391 2894 1435 2947 δ’
1457 2890 1549 2949 οὖν
1576 2894 1737 2949 ἕνεκα

146 2978 443 3051 προλαϐὼν
486 2981 574 3036 διὰ
618 2983 713 3037 τοῦ
759 2983 976 3055 ψαλμοῦ
1023 3001 1187 3056 φησιν
1211 3003 1225 3018 ’
1290 3005 1310 3038 ι
1379 2987 1500 3042 Ὅτι
1563 2988 1737 3059 στόμα

146 3072 479 3144 ἀμαρτωλοῦ
506 3075 599 3129 καὶ
645 3076 820 3148 στόμα
851 3077 1023 3131 δολίου
1052 3079 1137 3131 ἐπ’
1168 3079 1268 3150 ἐμὲ
1297 3079 1539 3152 ήνοίχθη.
1586 3080 1738 3135 Ἐλά-

1840 1876 1969 1940 cim,
2009 1877 2104 1946 qui
2155 1876 2321 1931 etiam
2364 1875 2782 1931 eomedentibus
2825 1875 2936 1929 illis
2978 1875 3158 1929 dixit:
3197 1895 3216 1927 ι
3248 1874 3427 1931 Amen

1839 1982 1998 2023 amen
2055 1967 2181 2023 dico
2232 1968 2433 2033 vobis,
2485 1966 2630 2038 quod
2685 1982 2829 2022 unus
2879 1974 3126 2022 vestrum
3174 1983 3262 2023 me
3321 1976 3431 2022 tra-

1838 2059 1950 2116 det.
1986 2082 2005 2114 ι
2041 2060 2109 2115 Ει
2138 2062 2268 2116 dum
2308 2061 2467 2116 valde
2519 2061 2947 2124 contristantur,
2981 2070 3270 2131 cmperunt
3308 2063 3428 2116 sin-

1839 2153 1950 2223 guli
1993 2152 2179 2208 dicere
2220 2152 2566 2223 nNunquid
2607 2167 2710 2223 ego
2746 2168 2900 2216 sum,
2943 2151 3277 2209 Domine“?
3306 2174 3325 2207 ι
3367 2153 3429 2209 in

1838 2245 2042 2316 quibus
2083 2253 2203 2301 erat
2245 2246 2410 2300 etiam
2438 2243 2633 2313 Judas,
2670 2245 2764 2316 qui
2815 2260 2942 2299 cum
2979 2247 3161 2300 omnis
3204 2245 3318 2300 doli
3362 2261 3429 2302 ac

1839 2334 2207 2390 simulationis
2269 2334 2490 2405 plenum
2538 2348 2602 2390 os
2650 2335 2957 2405 aperuisset
3004 2336 3320 2406 respondit,
3363 2350 3430 2391 ac

1839 2426 2027 2482 dixit:
2072 2443 2091 2478 ι
2120 2424 2379 2497 Nunquid
2424 2442 2527 2497 ego
2587 2441 2743 2492 sum,
2794 2424 3073 2481 Rabbi”?
3101 2446 3121 2479 ι
3164 2425 3429 2483 Dolosum

1839 2532 1970 2587 ergo
1987 2532 2072 2582 os,
2097 2531 2207 2588 quo
2229 2516 2648 2572 insidiatoribus
2676 2515 2980 2571 Salvatoris
3002 2517 3180 2573 nostri
3207 2518 3429 2589 signum

1838 2611 2151 2681 proposuit,
2190 2610 2423 2667 dicens:
2456 2629 2475 2661 ι
2510 2610 2908 2680 Quemcunque
2928 2611 3214 2667 osculatus
3244 2612 3424 2679 fuero,

1840 2703 1960 2774 ipse
1988 2712 2093 2767 est,
2127 2711 2308 2759 tenete
2334 2719 2459 2758 eum
2486 2704 2553 2759 “.
2588 2723 2608 2756 ι
2643 2701 2801 2769 Quod
2829 2719 2954 2758 cum
2978 2704 3211 2760 dixisset
3231 2705 3422 2771 verbo,

1841 2810 1901 2850 re
1953 2810 2173 2865 quoque
2222 2796 2339 2865 ipsa
2388 2794 2576 2850 dolum
2626 2796 2957 2869 complevit,
3012 2812 3125 2868 quo
3168 2796 3427 2855 videlicet

1840 2898 2086 2962 tempore
2153 2906 2278 2946 cum
2335 2891 2404 2946 ad
2462 2889 2650 2947 Jesum
2709 2895 3060 2959 accessisset,
3115 2894 3255 2950 dixit
3315 2895 3423 2953 ei:

1847 2981 2060 3047 «Salve,
2085 2980 2260 3038 Rahbi
2285 3001 2300 3039 :
2328 2993 2382 3039 et
2409 2985 2693 3041 osculatus
2716 2994 2802 3041 est
2822 3001 2948 3042 eum
2971 2988 3036 3042 ⁶¹.
3063 3006 3082 3040 ι
3105 2985 3269 3046 Jesus
3293 3005 3428 3045 vero

1843 3072 1911 3129 ad
1961 3074 2115 3129 illum
2161 3074 2394 3132 dixitu
2426 3074 2656 3142 Amice,
2713 3077 2781 3133 ad
2826 3077 2960 3149 quid
3011 3079 3298 3136 venisti?»
3358 3079 3425 3137 Et

141 3163 326 3235 λησαν
366 3168 487 3219 κατ’
534 3166 671 3238 ὲμοῦ
722 3145 947 3242 γλώσσῃ
990 3167 1162 3240 δολίᾳ,
1192 3145 1288 3224 καὶ
1321 3145 1520 3239 ’λόγοις
1547 3171 1735 3242 μίσους

1841 3182 2036 3223 rursus
2067 3187 2080 3223 :
2112 3187 2132 3220 ι
2166 3166 2330 3232 Juda,
2371 3169 2566 3225 osculo
2596 3170 2769 3225 ﬁlium
2805 3145 3047 3228 hominis
3083 3173 3261 3231 tradis
3286 3174 3371 3229 “1'
3399 3194 3424 3229 ι

144 3254 473 3312 ἐκύκλωσαν
501 3275 568 3330 με
593 3257 819 3331 δωρεάν.
860 3278 883 3312 ι
923 3260 1089 3316 Ἔνθα
1137 3262 1276 3333 μετά
1305 3263 1400 3318 τοῦ
1444 3263 1611 3320 Ἰούδα
1644 3270 1739 3321 καὶ

142 3347 263 3403 τῶν
294 3347 494 3403 λοιπῶν
518 3348 627 3405 τῶν
659 3350 1158 3408 ἐπιϐουλευσάντων
1189 3354 1340 3426 αὐτῷ
1385 3358 1735 3429 μνημονεύει.

143 3440 319 3510 Λέγει
345 3441 390 3495 δ’
420 3438 513 3497 οὖν
556 3443 617 3497 τὸ
658 3445 1015 3514 Εὐαγγέλιον,
1062 3448 1137 3511 ὡς
1184 3448 1313 3520 ἀρα,
1344 3449 1440 3502 τοῦ
1486 3451 1738 3521 Σωτῆρος

142 3533 312 3605 ήμῶν
344 3532 424 3587 ἔτι
469 3536 583 3598 τοῖς
623 3536 816 3591 ἑαυτοῦ
868 3537 1141 3609 μαθηταῖς
1181 3541 1487 3609 λαλοῦντος,
1537 3562 1553 3593 ι
1604 3544 1734 3597 Ἰδοὺ

157 3625 370 3689 Ἰούδας
400 3622 482 3691 εἷς
520 3626 627 3682 τῶν
666 3627 871 3683 δώδεκα
919 3626 1072 3702 ἦλθε,
1107 3633 1202 3685 καὶ
1238 3633 1355 3704 μετ’
1388 3633 1553 3688 αὑτοῦ
1582 3634 1737 3705 ὄχλος

145 3717 324 3781 πολὺς
354 3720 490 3789 μετά
521 3720 804 3793 μαχαιρῶν
827 3723 923 3777 καὶ
942 3722 1134 3789 ξύλων,
1168 3725 1276 3779 ἀπὸ
1304 3726 1411 3781 τῶν
1439 3728 1735 3800 ἀρχιερέων

146 3811 249 3863 καὶ
288 3811 673 3884 πρεσϐυτέρων
703 3813 796 3868 τοῦ
828 3814 959 3869 λαοῦ
982 3832 995 3847 ·
1043 3834 1062 3868 ι
1113 3811 1196 3881 οἷς
1238 3818 1331 3873 καὶ
1363 3813 1518 3873 εἶπεν
1557 3821 1586 3873 ὁ
1620 3820 1734 3873 Κύ-

149 3920 274 3976 ριος
297 3920 310 3933 ·
346 3921 366 3955 ι
418 3904 506 3968 Ὠς
547 3906 640 3959 ἐπὶ
683 3905 885 3981 λῃστὴν
930 3906 1203 3979 ἐξήλθετε,
1259 3909 1396 3981 μετά
1451 3911 1735 3983 μαχαιρῶν

146 3999 251 4052 καὶ
295 3996 464 4062 ξύλων
509 3999 795 4056 συλλαϐεῖν
842 4020 939 4074 με;
985 4003 1108 4057 καθ’
1154 4005 1367 4077 ἡμέραν
1411 4006 1548 4078 πρὸς
1590 4009 1736 4079 ὑμᾶς

143 4087 495 4161 ἐκαθεζόμην
528 4092 584 4144 ὲν
630 4091 707 4163 τῷ
742 4092 871 4165 ἱερῷ
908 4093 1192 4159 διδάσκων,
1224 4096 1318 4149 καὶ
1362 4097 1461 4151 οὐκ
1498 4098 1735 4171 ἐκρατή-

147 4177 289 4231 σατέ
316 4194 402 4248 με.
440 4179 610 4234 Τοῦτο
635 4181 692 4235 δὲ
731 4181 849 4236 ὅλον
877 4183 1118 4253 γέγονεν,
1150 4185 1236 4239 ἵνα
1278 4185 1637 4259 πληρωθῶσιν
1676 4190 1734 4242 αἱ

144 4267 372 4341 Γραφαὶ
428 4270 537 4323 τῶν
595 4273 911 4344 προφητῶν.
949 4293 968 4325 ι
1032 4275 1151 4329 Ἔτι
1205 4276 1262 4330 δέ
1325 4293 1487 4348 φησιν
1543 4278 1601 4332 ἐν
1654 4278 1734 4353 τῷ

427 4381 446 4415 ι
494 4364 637 4418 Ἀντὶ
681 4365 775 4419 τοῦ
829 4367 1048 4439 ἀγαπᾷν
1099 4385 1187 4439 με,
1233 4369 1568 4425 ὲνδιέϐαλλόν
1623 4387 1728 4443 με’

1837 3258 2003 3332 476
2024 3258 2228 3328 Harum
2278 3275 2410 3331 ergo
2474 3276 2658 3316 rerum
2728 3276 2897 3318 causa
2962 3271 3122 3320 tanto
3179 3275 3308 3323 ante
3367 3267 3428 3323 in

1839 3355 2055 3424 psalmo
2084 3353 2160 3407 ait
2194 3372 2207 3408 :
2241 3373 2261 3405 ς
2290 3352 2560 3420 Quoniam
2610 3368 2675 3410 os
2716 3357 3024 3425 peccatoris
3052 3365 3108 3413 et
3144 3373 3209 3414 os
3246 3358 3426 3414 dolosi

1839 3461 2004 3516 super
2046 3459 2133 3501 me
2160 3456 2410 3516 apertum
2449 3455 2555 3502 est.
2586 3445 2782 3501 Locuti
2815 3456 2946 3503 sunt
2975 3458 3171 3504 contra
3211 3465 3299 3505 me
3319 3450 3427 3506 lin-

1838 3552 1941 3609 gua
1965 3538 2157 3592 dolosa
2185 3544 2240 3592 et
2270 3539 2624 3594 sermonibus
2654 3539 2767 3595 odii
2794 3539 3279 3595 circumdederunt
3314 3557 3424 3606 me,

1836 3639 1889 3686 et
1916 3638 2373 3701 oppugnaverunt
2402 3647 2489 3687 me
2521 3632 2695 3703 gratis
2725 3651 2738 3688 :
2775 3651 2795 3685 ι
2830 3632 2923 3688 ubi
2960 3649 3085 3687 cum
3132 3635 3254 3704 ipso
3279 3633 3425 3692 Iuda

1836 3722 2002 3776 etiam
2051 3723 2392 3792 reliquorum
2440 3723 2711 3790 meminit,
2746 3724 2838 3795 qui
2870 3725 2974 3794 ipsi
3010 3724 3241 3781 insidias
3275 3724 3427 3781 fece-

1835 3823 1987 3868 runt.
2011 3811 2200 3884 itaque
2231 3816 2412 3886 ipsum
2438 3813 2796 3885 Evangelium
2827 3822 3038 3879 narrat,
3062 3817 3430 3887 quemadmo-

1835 3904 1966 3959 dum
1997 3904 2282 3961 Salvatore
2310 3913 2502 3961 nostro
2536 3921 2669 3961 suos
2701 3906 2881 3962 adhuc
2911 3908 3224 3978 alloqucnte
3250 3909 3424 3967 disci-

1834 3998 2016 4067 pulos,
2053 3998 2145 4053 ille
2188 4001 2437 4053 venerit:
2474 4017 2493 4051 ι
2524 3996 2690 4063 Ecce,
2735 3999 2936 4069 inquit,
2969 3997 3141 4055 Judas
3178 4017 3322 4057 unus
3351 4002 3430 4059 de

1824 4076 2126 4139 duodecim
2155 4085 2328 4149 venit,
2364 4091 2420 4140 et
2461 4100 2589 4140 cum
2630 4099 2697 4139 eo
2743 4087 2904 4140 turba
2939 4087 3110 4141 multa
3151 4103 3275 4143 cum
3311 4089 3431 4160 gla—

1834 4175 1942 4231 diis
1969 4182 2024 4230 et
2053 4175 2238 4246 lignis,
2273 4192 2305 4232 a
2340 4177 2686 4248 principibus
2721 4178 3069 4234 sacerdotum
3096 4190 3149 4235 et
3185 4182 3422 4237 seniori-

1832 4268 1938 4325 bus
1988 4270 2174 4340 populi
2214 4271 2279 4325 ⁸³.
2322 4288 2344 4324 ι
2416 4270 2630 4337 Quibus
2687 4272 2852 4327 etiam
2907 4272 3173 4330 Dominus
3229 4274 3424 4333 dixit:

1839 4381 1859 4415 ι
1895 4361 2179 4435 Tanquam
2211 4363 2278 4418 ad
2305 4365 2574 4420 latronem
2605 4365 2854 4422 exivistis
2887 4383 3012 4422 cum
3040 4368 3240 4439 gladiis
3262 4377 3317 4425 et
3347 4368 3427 4423 li-

144 4450 266 4521 ἐγὼ
294 4452 350 4507 δὲ
384 4457 836 4530 προσηυχόμην·›
874 4459 1007 4513 αὐτὸ
1050 4459 1237 4523 τέλους
1271 4461 1585 4533 ἐτύγχανεν,
1617 4463 1731 4530 ὅτε,

1839 4454 1958 4525 gnis
1999 4456 2464 4525 comprehendere
2505 4456 2629 4511 me?
2656 4457 2903 4527 quotidie
2936 4459 3078 4528 apud
3126 4473 3225 4513 vos
3258 4458 3427 4516 sede-

143 4544 248 4599 τοῦ
282 4546 532 4619 Σωτῆρος
566 4548 722 4619 ήμῶν
753 4551 811 4603 ὲν
837 4549 1265 4623 τῷδκαλουμένῳ
1289 4551 1613 4626 Γεθσημανῇ
1635 4574 1735 4627 χω-

1839 4542 1959 4599 bam
1989 4544 2045 4599 in
2090 4544 2294 4614 templo
2336 4543 2564 4608 docens,
2609 4552 2663 4602 et
2702 4562 2810 4601 non
2853 4548 3111 4604 tenuistis
3156 4563 3262 4604 me.
3301 4548 3425 4605 Hoc

146 4635 257 4707 ρίῳ
290 4636 427 4706 μετά
451 4637 558 4703 τῶν
591 4638 780 4692 ἕνδεκα
813 4640 1129 4695 ἀποστόλων
1163 4644 1621 4715 προσευχομένου,
1653 4664 1735 4719 μι-

1839 4642 2011 4690 autem
2048 4642 2220 4690 totum
2262 4633 2468 4692 factum
2516 4644 2624 4701 est,
2656 4646 2719 4692 ut
2749 4639 3084 4709 impleantur
3116 4638 3427 4711 Scriptum

144 4728 286 4800 κρόν
324 4745 385 4781 τε
437 4730 891 4804 ἀναχωρήσαντος
935 4734 1136 4799 αὐτῶν,
1186 4735 1282 4788 καὶ
1330 4738 1735 4808 προσπεσόντος

142 4818 229 4890 τῷ
257 4822 455 4894 Πατρὶ,
482 4823 731 4897 δεύτερόν
762 4843 822 4878 τε
856 4825 1156 4897 εὐξαμένου
1185 4829 1279 4882 καὶ
1302 4829 1503 4901 τρίτον,
1536 4833 1565 4884 ὁ
1604 4831 1735 4886 Ἰού-

143 4913 251 4977 δας
279 4915 375 4968 σὺν
402 4918 516 4980 τοῖς
541 4916 767 4987 ἄρχουσι
792 4917 899 4972 τῶν
938 4917 1202 4974 Ἰουδαίων
1222 4919 1291 4974 τὰ
1316 4921 1417 4992 τῆς
1441 4922 1734 4995 ἐπιϐουλῆς

143 5003 304 5074 αὐτῷ
334 5008 628 5078 κατήρτυε,
676 5009 925 5077 συνάγων
957 5009 1056 5063 καὶ
1104 5010 1377 5083 προξενῶν
1422 5014 1484 5065 τὸ
1531 5012 1733 5085 πλῆθος

143 5094 266 5149 τῶν
297 5097 432 5166 μετά
463 5098 746 5172 μαχαιρῶν
769 5100 861 5154 καὶ
880 5100 1050 5167 ξύλων
1073 5102 1355 5157 συλλαϐεῖν
1382 5104 1544 5157 αὐτὸν
1571 5121 1736 5177 παρε-

143 5188 560 5260 σκευασμένων.
604 5190 768 5245 Κακά
798 5192 854 5245 δὲ
890 5196 971 5257 εἰς
1016 5194 1179 5249 αὐτὸν
1224 5194 1410 5249 ἔθεντο
1445 5195 1566 5251 ἀντὶ
1598 5196 1735 5265 ἀγα-

141 5277 283 5343 θῶν,
323 5280 419 5332 καὶ
451 5283 604 5351 μῖσος
641 5283 761 5337 ἀντὶ
791 5284 893 5355 τῆς
923 5287 1258 5359 ἀγαπήσεως
1289 5286 1477 5354 αὐτοῦ,
1512 5288 1600 5343 ὅτε
1643 5306 1734 5344 πο-

136 5365 296 5440 νηρά
332 5368 648 5425 διετέθειντο
673 5372 765 5426 τὸν
802 5375 1031 5448 Σωτῆρα
1062 5378 1158 5430 καὶ
1184 5378 1478 5450 εὐεργέτην
1517 5379 1611 5433 καὶ
1642 5379 1724 5433 δι-

138 5459 440 5525 δάσκαλον,
476 5464 675 5536 μυρίας
705 5467 838 5531 ὅσας
870 5468 1044 5533 ίάσεις
1071 5470 1166 5523 καὶ
1204 5468 1519 5542 θεραπείας,
1549 5471 1725 5540 λόγων

222 5646 503 5721 '1Matth.
539 5666 704 5713 xxvr,
742 5651 830 5716 ii,
872 5651 957 5707 is.
1034 5652 1082 5685 ⁸⁸
1121 5652 1254 5706 ibid.
1286 5651 1492 5721 21,22.
1571 5653 1616 5686 "
1658 5653 1729 5709 ibi

1839 5620 1921 5707 as.
1998 5651 2044 5686 ιο
2086 5648 2218 5707 ibid.
2253 5648 2343 5705 is.
2422 5651 2465 5683 ιι
2507 5648 2641 5707 ibid.
2674 5649 2762 5705 49.

146 5714 211 5793 ⁸⁸,
242 5715 434 5775 Matth.
471 5735 634 5789 xxvr,
670 5722 761 5780 47.
817 5714 883 5758 ⁷⁸³
919 5721 1054 5780 ibid.
1086 5722 1177 5795 55,
1199 5722 1291 5780 56.

1831 4729 2222 4799 prophetarum
2240 4729 2306 4785 “.
2336 4748 2356 4782 ι
2382 4728 2652 4786 Prmlerea
2675 4748 2804 4788 vero
2822 4733 2968 4804 quod
2996 4734 3073 4788 ait
3089 4734 3144 4789 in
3162 4735 3379 4805 psalmo
3398 4754 3421 4790 ι

1837 4841 1857 4874 ι
1886 4821 1995 4878 Pro
2040 4838 2106 4879 eo
2143 4831 2204 4878 ut
2235 4839 2323 4879 me
2351 4824 2664 4896 diligerent,
2706 4828 3066 4884 detrahebant
3114 4830 3272 4893 mihi,
3312 4846 3427 4902 ego»

1832 4921 2013 4969 autem
2057 4915 2324 4971 orabam:
2360 4936 2379 4969 ι
2417 4917 2599 4988 ipsum
2634 4933 2852 4989 quoque
2881 4928 3014 4974 tunc
3059 4936 3221 4975 suum
3252 4922 3414 4978 linem

1831 5006 2080 5077 contigit,
2113 5022 2240 5062 cum
2282 5007 2570 5066 Salvatore
2610 5019 2805 5066 nostro
2834 5013 2889 5065 in
2921 5012 3045 5067 loco
3082 5013 3179 5084 qui
3207 5013 3417 5069 dicitur

1831 5096 2185 5155 G‘ethsemani
2220 5116 2343 5155 cum
2375 5101 2633 5157 undecim
2663 5104 2930 5172 apostolis
2963 5114 3178 5166 orante,
3215 5107 3417 5177 paulu-

1831 5190 2056 5261 lumque
2092 5190 2163 5245 ab
2206 5190 2317 5246 illis
2363 5192 2615 5261 digresso
2661 5199 2722 5245 ut
2777 5194 3148 5264 procumbens
3191 5194 3421 5253 Patrem

1832 5290 2172 5353 precaretur,
2202 5282 2510 5352 iterumque
2546 5291 2602 5338 et
2633 5282 2795 5337 tertio
2843 5283 3208 5354 supplicante,
3238 5284 3421 5345 ludas

1834 5390 1958 5431 cum
1984 5374 2330 5446 principibus
2358 5372 2673 5428 Judaeorum
2717 5374 2949 5431 insidias
2982 5374 3060 5429 illi
3088 5378 3420 5442 maturavit.

1832 5468 1962 5525 dum
1995 5469 2141 5539 cogit
2176 5468 2293 5539 ipse
2319 5475 2375 5524 et
2403 5467 2665 5524 conducit
2690 5468 2881 5538 copias
2907 5482 3030 5539 qua
3062 5482 3188 5525 cum
3208 5470 3417 5542 gladiis

2876 5651 2920 5685 ⁶²
2958 5648 3092 5709 Luc.
3126 5667 3240 5708 xxn
3262 5691 3280 5720 ,
3306 5649 3403 5711 48.
