3836 6220
383 282 487 341 759

1022 277 1291 336 EUSEBH
1330 274 1816 334 CESARIENSIS
1856 273 2006 329 OPP.
2048 271 2229 327 PARS
2259 272 2324 327 ll.
2366 304 2431 314 -
2477 272 2978 330 APOLOGETICA.

3552 277 3657 334 710

377 408 435 456 et
491 395 752 463 fustibus,
808 403 872 451 ut
926 396 1081 451 illum
1141 392 1695 465 comprehenderent,
1762 398 1959 461 parata

2070 404 2129 441 τε
2159 388 2525 458 διδασκαλίας,
2568 390 2662 443 καὶ
2697 391 2957 455 παντοίας
2990 391 3256 461 ὠφελείας
3286 393 3472 457 αὐτοῖς
3517 411 3657 466 παρ-

375 499 555 551 erant.
600 489 758 545 Tunc
806 496 989 543 autem
1039 487 1181 541 mala
1216 486 1483 541 adversus
1524 486 1706 555 ipsum
1757 498 1964 553 posue-

374 592 509 641 runt
534 598 633 654 pro
661 582 844 645 bonis,
875 589 931 636 et
955 580 1141 635 odium
1172 594 1273 649 pro
1293 577 1590 633 dilectione
1613 578 1811 647 ipsius,
1838 590 1964 631 cum

374 674 538 730 malis
572 671 873 727 affecerunt
905 671 1084 740 ipsum
1115 668 1454 723 Salvatorem
1486 676 1540 723 et
1569 668 1706 723 bene
1734 668 1802 722 de
1830 667 1964 737 ipsis

375 768 660 832 meritum,
696 775 751 821 et
791 765 1138 835 magistrum,
1180 764 1274 832 qui
1325 760 1754 816 innumerabiles
1799 775 1965 815 sana-

375 857 558 912 tiones
596 865 652 910 et
704 854 971 917 medelas,
1021 866 1453 920 sermonumque
1502 848 1854 914 documenta,
1911 856 1966 903 et

374 950 557 1004 omnis
596 947 816 1006 ueneris
861 946 1126 1000 utilitates
1158 945 1294 1015 ipsis
1314 946 1644 1015 piaastiterat
1671 963 1682 997 :
1711 957 1853 1013 quas
1892 943 1964 997 ob

374 1052 467 1093 res
501 1054 625 1093 cum
657 1038 800 1091 mala
832 1052 931 1109 pro
952 1037 1114 1092 bonis
1147 1037 1415 1093 adversus
1441 1037 1619 1106 ipsum
1651 1036 1959 1106 posuerint,

374 1138 431 1186 et
470 1131 658 1185 odium
699 1143 802 1199 pro
847 1129 1145 1183 dilectione
1184 1128 1379 1198 ipsius,
1429 1128 1625 1182 merito
1660 1127 1908 1197 adjungit
1942 1145 1956 1181 :

381 1237 401 1271 ι
437 1218 722 1275 Constitue
756 1234 925 1291 super
945 1234 1069 1274 eum
1099 1226 1468 1289 peccatorem,
1498 1226 1553 1273 et
1577 1219 1831 1274 diabolus
1855 1227 1963 1273 stet

375 1326 407 1366 a
435 1314 648 1368 dextris
696 1314 837 1382 ejus.
886 1312 1022 1366 Dum
1057 1313 1370 1382 judicatur,
1426 1320 1586 1367 exeat
1625 1314 1962 1368 condemna-

374 1414 485 1468 tus,
528 1414 582 1460 et
626 1407 804 1459 oratio
864 1405 985 1474 ejus
1026 1404 1121 1458 ﬁat
1173 1406 1229 1458 in
1281 1417 1591 1474 peceatum.
1637 1404 1798 1460 Fiant
1840 1406 1959 1459 dies

372 1497 495 1566 ejus
532 1501 712 1567 pauci,
761 1506 814 1552 et
863 1499 1238 1569 episcopatum
1290 1498 1411 1566 ejus
1451 1499 1686 1567 accipiat
1738 1499 1896 1553 alter.
1935 1517 1953 1549 ι

373 1590 506 1656 Quae
546 1591 765 1659 quidem
806 1591 922 1660 ipsa
965 1606 1127 1660 quem
1177 1591 1383 1644 exitum
1430 1592 1625 1645 sortita
1660 1591 1790 1655 sint,
1831 1606 1961 1644 san-

373 1690 498 1736 ctus
546 1683 830 1751 apostolus
877 1681 1074 1736 Petrus
1123 1683 1286 1751 paulo
1339 1691 1465 1736 ante
1507 1682 1791 1743 indicavit,
1830 1682 1958 1735 dum

375 1770 718 1843 Seripturam
737 1771 879 1826 hanc
897 1772 963 1825 ad
986 1773 1165 1842 ipsum
1191 1772 1524 1842 proditorem
1555 1773 1954 1827 accommodat.
1991 1751 2034 1806 Β

372 1862 442 1918 Ει
469 1879 600 1919 sane
645 1865 745 1918 tibi
782 1864 884 1934 ipsi
938 1864 1155 1917 interim
1188 1864 1316 1918 licet
1360 1864 1581 1933 intueri,
1627 1882 1755 1920 num
1793 1883 1959 1935 super

371 1952 659 2009 Judaicam
697 1962 912 2025 gentem
959 1955 1294 2010 constitutus
1339 1956 1410 2010 sit
1458 1956 1715 2027 princeps
1750 1972 1813 2010 ac
1847 1957 1956 2010 dux

372 2054 666 2116 peccator,
738 2047 828 2101 cui
890 2046 1143 2101 videlicet
1200 2056 1323 2117 post
1405 2051 1616 2105 scelera
1691 2050 1958 2105 adversus

375 2139 713 2194 Salvatorem
767 2147 1015 2195 nostrum
1056 2141 1424 2198 audacissime
1484 2143 1801 2207 commissa,
1846 2153 1960 2198 tra-

373 2230 471 2285 diti
526 2236 694 2294 sunt,
749 2230 983 2284 intcrim'
1019 2246 1119 2300 pro
1172 2232 1420 2302 antiquis
1460 2242 1515 2287 et
1559 2233 1805 2304 ipsorum
1854 2233 1956 2288 do-

372 2322 620 2377 mesticis
692 2321 913 2392 Deoque
984 2323 1178 2377 amicis
1252 2324 1634 2393 principibus,
1708 2327 1957 2382 externis

372 2413 537 2486 477
569 2421 623 2469 et
652 2414 947 2468 simulacra
991 2414 1303 2469 colentibus
1345 2416 1554 2470 servire
1592 2418 1791 2472 coacti.
1838 2417 1957 2473 Ca3-

373 2513 552 2559 terum
596 2506 722 2576 quis
764 2505 982 2559 tandem
1033 2521 1142 2560 non
1189 2507 1548 2577 Obstupescat
1603 2509 1776 2579 ipsius
1825 2525 1957 2579 pm-

369 2600 633 2655 dictionis
678 2601 978 2655 eventum?
1026 2616 1152 2655 nam
1204 2616 1329 2655 cum
1377 2602 1666 2657 oraculum
1715 2603 1951 2670 dixerit,

377 2712 397 2744 σ
425 2691 585 2746 Fiant
608 2693 725 2748 dies
750 2693 870 2763 ejus
896 2692 1089 2763 pauci,
1123 2715 1140 2745 ι
1166 2702 1383 2749 constat
1408 2694 1569 2764 plane
1598 2711 1761 2765 quam
1790 2697 1955 2753 breve

371 2793 495 2855 post
523 2794 762 2841 structas
793 2786 1059 2841 adversus
1093 2784 1434 2842 Salvatorem
1463 2796 1711 2842 nostrum
1745 2789 1817 2843 ab
1846 2791 1954 2845 illis

371 2876 633 2943 insidias,
680 2891 846 2931 omne
896 2876 1064 2931 fuerit
1113 2884 1362 2946 tempus,
1414 2892 1525 2947 quo
1574 2893 1801 2933 manere
1847 2880 1954 2934 visi

371 2979 521 3025 sunt.
563 2968 697 3025 Post
739 2970 887 3040 quod
932 2978 1148 3040 tempus
1187 2970 1549 3026 novissimam
1586 2976 1952 3025 vastationem

369 3070 789 3131 extremumque
821 3063 1112 3117 interitum
1142 3063 1291 3131 passi
1337 3071 1505 3126 sunt,
1537 3077 1602 3117 ex
1636 3077 1746 3130 quo
1785 3063 1952 3116 etiam

369 3153 751 3224 episcopatum
800 3169 995 3209 eorum
1042 3155 1255 3225 accepit
1300 3155 1459 3221 alter,
1509 3153 1767 3208 conditus
1815 3155 1958 3209 vide-

371 3249 502 3303 licet
534 3262 632 3316 per
652 3247 940 3303 Christum
975 3263 1151 3303 novus
1189 3247 1444 3318 pupulus.
1476 3245 1650 3302 Porro
1679 3250 1842 3302 etiam
1878 3262 1960 3302 re-

370 3341 520 3411 liqua
541 3339 706 3409 hujus
728 3342 924 3410 psalmi
948 3342 1132 3395 omnia
1161 3357 1257 3411 per
1283 3342 1479 3396 horum
1507 3342 1752 3411 ipsorum
1781 3356 1963 3396 excit:—

371 3434 492 3504 plar
526 3434 843 3505 intelliges:
877 3450 999 3505 quae
1048 3451 1178 3490 vero
1224 3447 1553 3505 sequuntur,
1585 3446 1639 3491 et
1684 3437 1841 3505 quasi
1891 3435 1960 3490 de

369 3525 704 3597 quibusdam
753 3524 909 3581 Iudae
953 3526 1081 3580 ﬁliis
1124 3526 1233 3580 dici
1265 3525 1545 3591 videntur,
1579 3528 1690 3583 illis
1723 3527 1908 3581 verbis
1939 3544 1953 3579 :

377 3638 396 3669 ι
425 3615 588 3671 Fiant
633 3618 730 3671 ﬁlii
775 3617 898 3688 ejus
944 3617 1183 3688 orpliani
1213 3616 1280 3680 “,
1312 3635 1331 3667 ι
1360 3625 1415 3671 et
1445 3631 1807 3687 quaecumque
1852 3618 1961 3670 alia

372 3711 462 3767 bis
496 3711 697 3766 similia
731 3719 893 3774 sunt,
931 3693 1245 3765 referentur
1279 3709 1459 3779 primo
1491 3708 1714 3778 quidem
1745 3709 1867 3763 loco
1902 3710 1958 3762 in

371 3804 554 3875 ipsum
584 3801 783 3858 ludam
807 3846 823 3870 ,
856 3811 981 3874 post
1014 3804 1167 3857 illum
1197 3817 1329 3857 vero
1359 3802 1526 3857 etiam
1561 3802 1618 3856 in
1647 3817 1840 3856 omnes
1880 3802 1961 3855 illi

373 3896 587 3952 similes
634 3897 877 3950 salutare
926 3896 1155 3950 verbum
1206 3894 1530 3965 prodentes.
1576 3892 1782 3947 Eadem
1823 3909 1957 3948 vero

373 3992 592 4046 ratione
630 3990 907 4061 intelliges
950 4004 1181 4044 uxorem
1213 4004 1433 4059 quoque
1465 3986 1586 4057 ejus
1608 4026 1622 4050 ,
1653 3994 1708 4040 et
1739 3996 1962 4055 peccata

372 4084 582 4156 patris,
613 4091 669 4137 et
713 4082 831 4153 ejus
862 4097 985 4152 qua:
1030 4082 1204 4151 ipsius
1244 4089 1424 4135 mater
1453 4079 1679 4143 dicitur,
1721 4076 1964 4133 Judaicze

373 4175 557 4246 gentis
588 4173 848 4228 videlicet
876 4171 1346 4244 congregationis.
1392 4170 1468 4226 De
1506 4170 1609 4224 hac
1638 4171 1784 4223 enim
1820 4170 1964 4224 arbi-

374 4276 494 4323 tror
522 4267 633 4322 dici
669 4267 805 4320 illud
831 4285 844 4321 :
884 4284 903 4317 ι
934 4264 1003 4318 Ει
1035 4247 1323 4335 peccatum
1354 4263 1550 4318 matris
1581 4264 1702 4334 ejus
1733 4279 1842 4317 non
1872 4264 1965 4318 de-

375 4361 556 4416 leatur
582 4359 649 4414 ⁶⁶.
684 4377 704 4410 ι
730 4357 1127 4413 Verumtamen
1172 4356 1316 4411 sicut
1360 4355 1417 4409 in
1460 4370 1525 4409 ea
1555 4370 1676 4425 quae
1713 4355 1962 4425 proxime

2066 480 2404 553 εσχημένονσ
2437 481 2553 536 ἀνθ’
2605 476 2702 546 ὧν,
2735 483 3033 554 ἐπειδήπερ
3077 482 3226 537 κακὰ
3270 485 3390 538 ἀντὶ
3431 486 3660 553 ἀγαθῶν

2065 569 2250 625 ἔθεντο
2294 573 2415 625 κατ’
2454 571 2643 635 αὐτοῦ,
2689 574 2783 626 καὶ
2825 576 2980 644 μῖσος
3027 574 3147 627 ἀντὶ
3193 575 3292 645 τῆς
3325 576 3658 645 ἀγαπήσεως

2066 664 2252 727 αὑτοῦ,
2300 665 2527 729 εἰκότως
2573 665 2845 735 ἐπιλέγει·
2899 686 2918 718 ι
2969 668 3329 738 Κατάστησον
3367 670 3455 736 ἐπ’
3496 670 3659 723 αὑτὸν

2065 757 2406 831 ἁμαρτωλὸν,
2435 759 2530 813 καὶ
2561 758 2808 822 διάϐολος
2842 761 3025 831 στήτω
3047 761 3113 813 ἐκ
3140 759 3329 826 δεξιῶν
3353 760 3545 815 αὑτοῦ.
3574 763 3657 816 Ἐν

2062 850 2144 922 τῷ
2195 851 2478 923 κρίνεσθαι
2521 852 2679 905 αὑτὸν
2715 852 2923 919 ἐξέλθοι
2965 852 3524 925 καταδεδικασμένος,
3568 855 3658 908 καὶ

2064 946 2099 1016 ἡ
2147 945 2424 1017 προσευχὴ
2474 945 2640 998 αύτοῦ
2683 945 2968 1017 γενηθήτω
3016 946 3096 1008 είς
3139 947 3437 1016 ἁμαρτίαν.
3488 948 3530 1000 Γ
3532 964 3657 1018 ενηο

2064 1034 2316 1105 θήτωσαν
2358 1039 2413 1091 αί
2466 1038 2669 1110 ἡμέραι
2716 1036 2881 1091 αὐτοῦ
2921 1038 3118 1106 ὀλίγαι,
3162 1039 3257 1092 καὶ¹
3287 1040 3386 1111 τὴν
3428 1041 3658 1094 ἐπισκο-

2065 1129 2173 1201 πὴν
2203 1130 2368 1185 αὐτοῦ
2406 1130 2619 1184 λαϐέτω
2648 1131 2836 1203 ἕτερος
2855 1148 2869 1160 ·
2907 1151 2926 1182 ι
2972 1131 3010 1183 δι
3053 1131 3147 1185 καὶ
3182 1131 3322 1184 αὐτὰ
3353 1133 3552 1186 ὁποίαν
3579 1133 3657 1186 εί-

2062 1224 2201 1296 ληφε
2240 1226 2340 1297 τὴν
2386 1224 2683 1289 ἔκϐασιν,δ
2718 1226 2862 1296 ίερδς
2903 1224 3202 1288 ἀπόστολος
3252 1225 3465 1297 Πέτρος
3522 1243 3660 1298 προ-

2062 1314 2241 1369 λαϐὼν
2288 1316 2639 1388 διεσάφησεν,
2681 1318 2769 1369 ἐπ’
2815 1317 2975 1370 αὐτὸν
3024 1318 3289 1388 προδότην
3332 1319 3661 1391 ἐφαρμόσας

2061 1406 2159 1477 τὴν
2209 1407 2455 1479 Γραφήν.
2491 1408 2600 1460 Καί
2649 1425 2729 1461 σοι
2767 1408 2824 1462 δέ
2863 1407 3010 1478 αὐτῷ
3043 1410 3275 1480 πάρεστι
3319 1413 3581 1483 συνορᾷν,
3610 1412 3657 1465 εί

2064 1500 2141 1571 μὴ
2172 1500 2503 1553 καθέσταται
2551 1501 2645 1554 ἐπὶ
2694 1500 2754 1553 τὸ
2807 1502 3077 1555 Ἰουδαίων
3126 1501 3279 1565 ἔθνος
3326 1502 3518 1573 ἄρχων
3567 1505 3658 1558 καὶ

2062 1594 2367 1665 ἡγούμενος
2396 1593 2741 1666 ἁμαρτωλὸς,
2764 1587 2809 1661 ᾧ
2836 1593 2974 1665 μετά
2998 1595 3066 1648 τά
3092 1593 3431 1666 τολμηθέντα
3470 1597 3658 1659 αὐτοῖς

2063 1685 2206 1740 κατὰ
2256 1686 2351 1738 τοῦ
2413 1687 2665 1758 Σωτῆρος
2710 1687 2868 1759 ήμῶν
2917 1688 3316 1759 παρεδόθησαν,
3364 1689 3491 1742 ἀντὶ
3550 1689 3659 1743 τῶν

2066 1778 2237 1830 πάλαι
2281 1777 2496 1831 οἰκείων
2555 1781 2650 1832 καὶ
2698 1779 2960 1849 θεοφιλῶν
3011 1782 3289 1853 ἀρχόντων
3334 1781 3661 1852 ἀλλοφύλοις

2066 1874 2162 1927 καὶ
2197 1869 2609 1944 εἰδωλολάτραις
2651 1873 2922 1926 δουλεύειν
2974 1875 3515 1945 κατηναγκασμένοι.
3565 1873 3662 1938 Τίς

2064 1965 2108 2018 δ’
2132 1967 2233 2018 οὐκ
2256 1965 2321 2019 ἂν
2338 1964 2637 2036 θαυμάσειε
2661 1968 3019 2038 προρρήσεως
3045 1965 3106 2019 τὸ
3136 1965 3488 2037 ἀποτέλεσμα
3512 1984 3528 2030 ;
3561 1968 3662 2037 φή·-

2067 2073 2260 2121 σαντος
2299 2056 2409 2128 γὰρ
2444 2057 2538 2110 τοῦ
2580 2057 2739 2126 λόγου
2765 2077 2777 2089 ο
2831 2077 2848 2108 ι
2891 2057 3290 2129 Τενηθήτωσαν
3337 2060 3395 2112 αἱ
3451 2060 3662 2130 ἡμέραι

2065 2149 2228 2203 αὐτού
2264 2150 2472 2219 ὀλίγαι,
2508 2171 2526 2203 ι
2566 2152 2735 2219 σαφὲς
2771 2152 2919 2215 ὅπως
2958 2150 3213 2222 βραχὺςδ
3249 2154 3358 2216 πᾶς
3385 2151 3664 2220 διεγένετο

2068 2241 2206 2313 μετὰ
2224 2241 2322 2314 τὴν
2345 2243 2439 2295 τού
2460 2244 2710 2314 Σωτῆρος
2736 2245 2768 2314 ἡ
2777 2243 2893 2314 μῶν
2917 2243 3208 2314 ἐπιϐουλὴν
3234 2244 3415 2297 αὐτῶν
3437 2244 3657 2315 χρόνος,

2065 2334 2186 2387 καθ’
2219 2334 2277 2387 ὃν
2311 2333 2496 2399 ἔδοξαν
2540 2335 2814 2406 διαμένειν
2838 2353 2853 2367 ·
2888 2334 3005 2407 μεθ’
3036 2336 3095 2389 ὃν
3124 2336 3224 2407 τὴν
3265 2337 3513 2407 ὑστάτην
3565 2338 3661 2390 ύπ-

2063 2427 2285 2497 έμειναν
2333 2427 2650 2498 πολιορκίαν
2686 2429 2780 2481 καὶ
2802 2428 2900 2501 τὴν
2932 2428 3170 2499 παντελῆ
3198 2429 3548 2501 καθαίρεσιν,
3576 2429 3660 2500 ἐφ’

2062 2512 2096 2590 ᾖ
2153 2520 2247 2573 καὶ
2295 2519 2395 2591 τὴν
2440 2520 2745 2591 ἐπισκοπὴν
2785 2520 2966 2586 αὐτῶν
3007 2520 3197 2576 ἐλαϐεν
3247 2522 3456 2593 ἕτερος,
3490 2523 3522 2575 ὁ
3573 2521 3661 2574 διὰ

2062 2610 2299 2682 Χριστοῦ
2333 2612 2744 2685 συγκροτηθείς.
2785 2613 2897 2666 Καὶ
2932 2613 3002 2666 τὰ
3030 2612 3190 2668 λοιπά
3217 2614 3275 2667 δὲ
3311 2614 3408 2667 τοῦ
3437 2612 3658 2686 ψαλμοῦ

2063 2703 2245 2767 αὐτοῖς
2281 2703 2493 2768 τούτοις
2530 2704 2884 2776 καταλλήλως
2924 2706 3171 2776 νοήσεις’
3205 2705 3275 2759 τά
3303 2707 3362 2759 δὲ
3393 2706 3529 2776 ἐξῆς
3549 2750 3563 2772 ,
3586 2707 3659 2770 ὡς

2062 2795 2189 2866 περί
2216 2811 2378 2848 τινων
2411 2795 2539 2848 υἱῶν
2569 2795 2665 2848 τοῦ
2707 2796 2874 2849 ’ἰούδα
2900 2795 3186 2867 λεγόμενα,
3218 2796 3276 2849 ἐν
3304 2796 3411 2865 τῷ,
3439 2816 3458 2846 ι
3488 2798 3657 2868 Γενη-

2065 2884 2318 2955 θήτωσαν
2350 2888 2400 2939 οἱ
2441 2888 2549 2940 υἱοὶ
2578 2888 2745 2940 αὐτοῦ
2789 2887 3046 2959 ὀρφανοὶ,
3089 2907 3108 2938 ι
3144 2888 3239 2940 καὶ
3266 2888 3335 2940 τὰ
3365 2889 3656 2959 παραπλή·

2065 2990 2190 3042 σια,
2229 2975 2471 3043 ἀνάγοιτ’
2504 2977 2570 3028 ἂν
2602 2978 2711 3035 ,καὶ
2752 2976 2837 3029 ἐπ’
2876 2977 3039 3029 αὐτὸν
3093 2977 3190 3048 μὲν
3226 2980 3655 3050 προηγουμένως

2061 3065 2154 3119 τὸν
2203 3065 2424 3134 Ἰούδαν,
2486 3068 2602 3138 μετ’
2646 3071 2854 3121 ἐκεῖνον
2907 3068 2964 3121 δὲ
3010 3070 3103 3122 καὶ
3141 3069 3235 3122 ἐπὶ
3282 3064 3499 3133 πάντας
3536 3072 3657 3134 τοὺς

2059 3160 2279 3230 ὁμοίους
2347 3160 2497 3233 αὐτῷ
2562 3161 2654 3214 τὸν
2731 3163 2999 3233 σωτήριον
3060 3162 3219 3230 λόγον
3282 3163 3653 3234 προδιδόντας.

2059 3253 2426 3326 Καταλλήλως
2462 3254 2520 3307 δὲ
2568 3255 2786 3324 νοήσεις
2823 3255 2916 3307 καὶ
2943 3256 3043 3325 τὴν
3074 3257 3311 3325 γυναῖκα
3338 3254 3536 3319 αὐτοῦ,
3568 3255 3657 3309 καὶ

2056 3345 2155 3409 τὰς
2177 3347 2449 3417 ἁμαρτίας
2476 3346 2583 3399 τῶν
2614 3346 2865 3417 πατέρων
2885 3346 3072 3410 αὐτοῦ,
3103 3348 3198 3400 καὶ
3224 3348 3328 3418 τῆς
3355 3347 3657 3419 λεγομένης

2062 3439 2263 3510 μητρὸς
2293 3438 2459 3491 αὐτοῦ
2485 3482 2500 3507 ,
2531 3438 2631 3509 τῆς
2658 3439 2752 3492 τοῦ
2797 3440 3061 3492 Ἰουδαίων
3089 3440 3274 3504 ἔθνους
3307 3441 3655 3511 συναγωγῆς.

2058 3531 2195 3602 Περὶ
2223 3531 2395 3601 αὐτῆς
2424 3530 2533 3603 γάρ
2561 3530 2803 3602 ἠγοῦμαι
2832 3531 3085 3601 λέγεσθαι
3113 3533 3195 3596 τὸ,
3222 3552 3240 3583 ι
3269 3534 3385 3586 Καὶ
3413 3537 3447 3606 ή
3475 3536 3658 3605 ἁμαρ-

2058 3623 2151 3675 τία
2179 3621 2279 3692 τῆς
2302 3621 2508 3694 μητρὸς
2534 3623 2701 3676 αὑτοῦ
2735 3622 2808 3695 μὴ
2840 3624 3199 3697 ἐξαλειφθείη.
3232 3645 3250 3676 ι
3286 3625 3439 3699 Πλὴν
3468 3626 3659 3695 ὥσπερ

2059 3716 2117 3767 ἐν
2144 3717 2211 3785 τῇ
2247 3714 2352 3785 πρὸ
2378 3714 2583 3786 ταύτης
2616 3716 2924 3787 προφητείᾳ
2953 3716 3170 3787 πτωχὸς
3200 3718 3296 3771 καὶ
3324 3718 3505 3789 πένης
3524 3720 3656 3771 ὠνο-

2064 3802 2264 3875 μάζετο
2310 3807 2340 3857 ὁ
2385 3805 2578 3877 Σωτὴρ
2624 3807 2720 3859 καὶ
2759 3805 2963 3877 Κύριος
3009 3807 3197 3878 ἡμῶν,
3246 3807 3509 3880 καθάπερ
3557 3810 3661 3862 άπ-

2061 3893 2343 3965 εδείξαμεν
2373 3895 2431 3946 ἐν
2459 3895 2573 3966 τῷ,
2610 3915 2629 3947 ί
2665 3896 2951 3968 Μακάριος
2985 3900 3014 3951 ὁ
3062 3896 3259 3951 συνιὼν
3304 3899 3401 3951 ἐπί
3440 3898 3659 3969 πτωχὸν

2062 3985 2157 4038 καὶ
2196 3984 2424 4056 πένητα·
2466 4004 2484 4035 ι
2517 3985 2609 4038 τὸν
2639 3986 2802 4039 αὐτὸν
2840 3986 3042 4055 τρόπον
3072 3989 3166 4041 καὶ
3210 3989 3269 4040 ἐν
3304 3987 3388 4059 τῷ
3423 3990 3662 4061 παρόντι

2061 4076 2261 4148 ψαλμῷ
2302 4076 2513 4141 τούτοις
2554 4078 2911 4149 ἐπικέκληται
2956 4084 3069 4143 τοῖς
3098 4080 3350 4150 ὀνόμασι.
3374 4081 3519 4134 Τάδε
3553 4082 3661 4155 γὰρ

2063 4171 2158 4223 καὶ
2191 4171 2314 4223 τάδε
2333 4171 2620 4243 γενηθήτω
2635 4173 2713 4242 τῷ
2744 4173 2934 4233 Ἰούδα,
2952 4175 3047 4225 καὶ
3073 4179 3185 4236 τοῖς
3211 4174 3280 4227 τὰ
3304 4175 3473 4245 ὃμοια
3510 4176 3660 4245 αὐτῷ

2063 4265 2359 4341 ἐζηλωκόσι
2402 4266 2491 4321 διὰ
2525 4267 2594 4320 τὰ
2621 4268 3000 4339 τετολμημένα
3025 4267 3173 4337 αὐτῷ
3193 4310 3208 4334 ,
3240 4270 3396 4339 φησί.
3430 4271 3572 4324 Τίνα
3605 4271 3659 4325 δὲ

2063 4358 2259 4426 ταῦτα,
2290 4360 2539 4430 ἐπιφέρει
2568 4359 2757 4428 λέγων’
2798 4379 2817 4410 ι
2867 4361 3007 4414 Ἀνθ’
3036 4355 3110 4413 ὧν
3138 4363 3238 4414 οὐκ
3277 4362 3537 4434 ἐμνήσθη
3564 4362 3659 4417 τοῦ

377 4450 679 4506 antecessit
723 4449 1048 4520 prophetia,
1100 4461 1308 4517 egenus
1358 4457 1412 4501 et
1455 4461 1667 4516 pauper
1715 4446 1959 4499 nomina-

2067 4452 2292 4522 ποιῆσαι
2324 4451 2469 4515 ἔλεος
2487 4493 2502 4517 ,
2530 4452 2625 4506 καὶ
2651 4452 2975 4517 κατεδίωξεν
3004 4453 3287 4525 ἄνθρωπον
3322 4455 3541 4528 πένητα
3569 4460 3661 4513 καὶ

378 4541 543 4597 batur
592 4540 847 4595 Salvator
891 4553 956 4593 ac
999 4536 1266 4592 Dominus
1298 4545 1505 4601 noster,
1538 4538 1703 4592 veluti
1741 4537 1964 4592 demon-

378 4633 679 4690 stravimus
702 4632 760 4685 in
783 4631 878 4685 illo
913 4650 925 4684 :
956 4649 974 4681 ι
1002 4629 1202 4684 Beatus
1230 4629 1324 4700 qui
1362 4629 1616 4699 intelligit
1647 4644 1817 4700 super
1843 4644 1963 4700 ege-

377 4742 510 4782 num
538 4734 593 4781 et
621 4738 919 4796 pauperem
939 4723 981 4754 ⁸⁷
1005 4741 1016 4775 :
1047 4743 1064 4774 ι
1086 4724 1160 4776 ita
1186 4723 1352 4777 etiam
1378 4723 1433 4776 in
1464 4725 1720 4793 praesenti
1753 4723 1962 4792 psalmo

377 4821 574 4876 iisdem
604 4825 835 4872 vocatur
866 4814 1201 4869 nominibus.
1248 4813 1410 4868 Fiant
1450 4815 1598 4869 enim
1639 4816 1732 4869 illa
1772 4822 1828 4870 et
1868 4816 1961 4868 illa

379 4912 487 4982 ipsi
512 4908 700 4972 Iudae,
723 4907 901 4976 iisque
926 4906 1020 4976 qui
1051 4907 1131 4959 illi
1162 4905 1365 4961 similia
1387 4904 1631 4959 aemulati
1662 4905 1807 4971 sint,
1838 4919 1961 4974 pro-

379 5015 503 5077 pter
531 5003 622 5056 illa
655 5015 779 5072 quas
808 5011 896 5055 est
927 5014 1129 5064 ausus,
1166 4998 1368 5068 inquit.
1400 4998 1660 5064 Quaenam
1695 5012 1825 5052 vero
1854 5000 1960 5051 ista

381 5099 526 5159 sint,
559 5093 843 5165 adjungit,
880 5093 1074 5147 dicens
1105 5112 1118 5147 :
1159 5109 1176 5142 ι
1210 5089 1319 5146 Pro
1348 5105 1415 5146 eo
1445 5091 1593 5162 quod
1622 5106 1733 5146 non
1763 5098 1850 5146 est
1883 5106 1967 5146 re—

383 5188 647 5244 cordatus
689 5186 872 5240 facere
920 5185 1361 5240 misericordiam
1386 5223 1402 5250 ,
1438 5194 1491 5239 et
1527 5190 1853 5254 persecutus
1882 5191 1969 5239 est

382 5281 660 5337 hominem
718 5293 1016 5349 pauperem
1069 5289 1126 5333 et
1164 5293 1431 5349 egenum,
1480 5285 1535 5332 et
1574 5285 1966 5347 compunctum

382 5373 580 5439 corde,
606 5379 667 5426 ut
686 5382 862 5427 morte
890 5369 1144 5427 alliceret.
1176 5369 1245 5425 Et
1275 5370 1468 5426 dilexit
1496 5370 1963 5435 exsecrationem,

382 5471 438 5520 et
471 5463 655 5518 veniet
694 5462 767 5518 ei.
817 5462 887 5517 Et
927 5463 1107 5518 noluit
1156 5461 1629 5530 benedictionem,
1665 5468 1721 5517 et
1766 5461 1961 5533 procul

383 5555 728 5611 amovebitur
771 5555 842 5612 ab
879 5570 944 5611 eo
979 5557 1046 5612 “.
1076 5574 1096 5608 ι
1120 5555 1254 5613 Post
1303 5571 1429 5629 qua
1477 5555 1646 5611 verba
1698 5554 1961 5626 deinceps

2064 4545 2281 4615 πτωχὸν
2327 4545 2422 4598 καὶ
2458 4546 2929 4617 κατανενυγμένον
2956 4550 3024 4619 τῇ
3055 4547 3252 4620 καρδίᾳ
3278 4548 3375 4602 τοῦ
3410 4550 3661 4606 θανατῶ-

2066 4655 2177 4691 σαι.
2223 4639 2333 4692 Kal.
2360 4638 2615 4709 ἠγάπησε
2645 4640 2890 4712 κατάραν
2910 4683 2924 4707 ,
2944 4641 3039 4694 καὶ
3065 4641 3185 4712 ἥξει
3216 4642 3402 4711 αύτῷ.-
3437 4647 3539 4698 καὶ
3563 4646 3661 4701 οὐκ

2064 4729 2327 4801 ⁴ήθέλησεν
2356 4730 2635 4800 εὐλογίαν,
2674 4734 2769 4787 καὶ
2801 4732 3240 4805 μακρυνθήσεται
3286 4737 3383 4789 ἀπ’
3413 4738 3608 4793 αὐτοῦ.
3634 4757 3658 4790 ι

2066 4817 2162 4885 Οἷς
2190 4820 2316 4887 ἐξῆς
2344 4820 2683 4885 ἐπικαταδάς
2700 4866 2715 4890 ,
2739 4818 2894 4886 αὖθις
2922 4824 3130 4895 πένητα
3158 4826 3252 4880 καὶ
3283 4829 3505 4898 πτωχὸν
3535 4833 3660 4882 ἐαυ-

2064 4912 2155 4967 τὸν
2187 4913 2441 4984 ὀνομάζει
2468 4914 2669 4983 λέγων·
2708 4935 2725 4965 ι
2768 4916 2880 4968 Καὶ
2902 4917 2996 4982 σὺ,
3027 4916 3223 4989 Κύριε,
3248 4919 3451 4991 Κύριε,
3496 4922 3659 4990 ποίη-

2068 5022 2161 5058 σον
2212 5008 2330 5075 μετ’
2360 5004 2494 5076 ἐμοῦ
2545 5005 2690 5069 ἔλεος
2730 5006 2917 5059 ἕνεκεν
2952 5006 3047 5060 τοῦ
3098 5009 3362 5079 ὀνόματός
3404 5029 3500 5065 σου
3524 5053 3539 5075 ,
3578 5015 3657 5065 ὅτι

2067 5096 2307 5166 χρηστὸν
2349 5095 2413 5148 τὸ
2445 5095 2593 5160 ἔλεός
2638 5112 2753 5148 σου.
2800 5096 2989 5150 Ῥῦσαί
3039 5115 3128 5168 με,
3178 5100 3260 5153 ὅτι
3301 5102 3523 5172 πτωχὸς
3570 5104 3655 5156 καὶ

2066 5186 2236 5258 πένης
2263 5188 2380 5257 εἰμὶ
2406 5186 2536 5256 ἐγώ.
2579 5207 2598 5239 ι
2632 5183 2727 5250 Οἷς
2757 5187 2874 5258 μεθ’
2903 5188 3067 5260 ἕτερα
3091 5189 3364 5259 ἐπιλέγει·
3406 5211 3426 5243 ‹
3463 5194 3547 5246 Τά
3570 5193 3654 5262 γύ-

2065 5279 2203 5333 νατά
2247 5296 2350 5349 μου
2391 5278 2694 5351 ἠσθένησαν
2735 5281 2844 5334 ἀπὸ
2869 5281 3161 5351 νηστείας,
3195 5284 3291 5337 καὶ
3319 5285 3353 5353 ἡ
3383 5285 3525 5357 σάρξ
3556 5303 3653 5357 μου

2065 5368 2334 5442 ἠλλοιώθη
2377 5370 2447 5424 δι’
2482 5371 2660 5425 ἔλαιον
2698 5389 2710 5400 ·
2744 5373 2836 5426 καὶ
2873 5371 2985 5442 ἐγὼ
3027 5374 3290 5446 ἐγενήθην
3322 5375 3526 5441 ὄνειδος
3557 5380 3653 5432 αύ-

2065 5462 2201 5525 τοῑς.
2232 5459 2461 5515 Εῐδοσάν
2510 5479 2576 5532 με
2596 5502 2611 5527 ,
2640 5462 2737 5516 καὶ
2776 5462 3077 5517 ἐσάλευσαν
3117 5464 3363 5534 κεφαλὰς
3388 5466 3594 5521 αὐτῶν.
3627 5483 3649 5518 ι

2073 5557 2141 5609 Ἀ
2173 5554 2267 5608 καὶ
2297 5553 2438 5609 αύτά
2465 5554 2651 5618 τέλους
2682 5554 2977 5626 ἐτύγχανεν
3004 5556 3093 5609 ὅτε
3132 5575 3152 5610 ι
3188 5558 3236 5611 ol
3267 5558 3650 5633 παραπορευό-

453 5731 687 5812 _"_Psal.
720 5749 883 5803 criti,
918 5737 972 5794 9.
1052 5739 1097 5771 “
1138 5737 1273 5796 ibid.
1309 5737 1397 5795 ﬂ.
1478 5739 1521 5772 ⁸⁷
1563 5732 1710 5794 Psal.
1756 5753 1844 5804 χι,
1877 5736 1932 5794 2.

2089 5735 2236 5794 Psal.
2269 5752 2435 5806 cvm,
2473 5735 2651 5793 ίϐ-ίθ.
