3836 6220
142 267 247 325 ul

1107 268 1766 327 DEMONSTRATIONIS
1804 268 2270 325 EVANGELICE
2312 268 2439 325 LIB.
2488 270 2557 324 Χ.

3310 279 3425 333 7t:

140 403 300 458 μενοι
342 386 722 460 ἐϐλασφήμουν
769 387 931 443 αὑτὸν
957 415 976 455 ,-
1025 388 1303 454 κινοῦντες
1349 390 1450 455 τὰς
1492 389 1771 459 κεφαλὰς,

1837 390 2085 444 oratione
2130 403 2491 460 progressus,
2537 404 2732 446 rursus
2764 405 3059 461 pauperem
3100 398 3264 465 atque
3292 410 3413 467 ego-

135 478 346 545 αΰτῶν,
370 479 466 534 καὶ
492 479 741 549 λέγοντες
757 498 770 510 ·
785 500 806 533 ι
827 480 1056 546 Ἄλλους
1088 480 1310 548 ἔσωσεν,
1336 480 1528 536 ἑαυτὸν
1547 482 1609 535 ού
1635 481 1730 536 δύ-

135 586 302 625 ναται
338 569 529 625 σῶσαι.
564 589 584 621 ι
631 571 784 624 Ἐπεὶ
805 570 864 625 δὲ
905 571 1070 624 εἰσέτι
1099 571 1195 625 νῦν
1223 573 1273 626 οἰ
1306 573 1371 627 ὲκ
1404 574 1727 645 περιτομῆς,

132 662 237 736 τὴν
258 661 370 718 τῶν
396 662 647 736 πατέρων
672 663 852 718 αὐτῶν
877 665 956 728 εἰς
985 665 1214 729 ἑαυτοὺς
1242 664 1383 738 ἀρὰν
1403 665 1726 738 ἐπισπώμε-

134 771 251 819 νοι,
289 754 632 826 βλασφήμοις
671 755 767 809 καὶ
795 755 1017 810 ἀσεϐέσι
1054 757 1262 829 ῥήμασι
1307 757 1750 829 ἀναθεματίζειν,

131 845 230 899 τὸν
249 845 483 918 Σωτῆρα
509 847 604 900 καὶ
630 845 834 918 Κύριον
864 846 1041 918 ἡμῶν,
1067 849 1161 901 καὶ
1183 848 1311 913 τοὺς
1336 850 1418 913 εἰς
1445 849 1606 905 αὑτὸν
1625 868 1727 904 πε-

132 939 501 1002 πιστευκότας
545 939 791 1003 ἅπαντας
838 937 1059 993 εἰώθασι
1083 980 1099 1005 ,
1143 940 1334 994 τούτου
1392 941 1551 1015 χάριν
1599 943 1729 1015 ἑξῆς

132 1029 412 1099 ὲπιλέγειυ
456 1049 474 1082 ι
510 1030 925 1101 Καταράσονται
950 1032 1138 1097 αὐτοὶ,
1163 1032 1350 1087 καὶσὺ
1386 1033 1722 1106 εὐλογήσεις.

131 1123 199 1176 Οἱ
226 1122 648 1194 ὲπανιστάμενοί
673 1141 762 1194 μοι
790 1124 1253 1196 αἰσχυνθήτωσαψ
1280 1127 1308 1179 ὁ
1336 1125 1394 1179 δὲ
1420 1125 1603 1191 δοῦλός
1628 1146 1721 1182 σου

130 1215 585 1287 εὐφρανθήσεται.
638 1216 1080 1271 Ἑνδυσάσθωσαν
1107 1219 1157 1270 οἱ
1186 1218 1622 1284 ὲνδιαὸάλλοντές
1654 1238 1720 1290 με

127 1306 401 1379 ἑντροπὴν
420 1348 436 1373 ,
462 1309 557 1361 καὶ
579 1308 1056 1381 περιδαλέσθωσαν
1089 1310 1166 1374 ὡς
1193 1309 1436 1365 διπλοΐδα
1457 1313 1720 1385 αἰσχύνην

127 1398 334 1452 αὐτῶν.
384 1397 524 1468 Ἐγὼ
549 1398 606 1452 δὲ
631 1398 1092 1470 ὲξομολογήσομαι
1121 1397 1198 1468 τῷ
1223 1400 1411 1471 Κυρίῳ
1438 1400 1640 1472 σφόδρα
1662 1403 1719 1454 ἐν

124 1490 208 1562 τῷ
232 1490 463 1562 στόματί
501 1508 624 1562 μου,
656 1491 751 1544 καὶ
770 1490 828 1543 ὲν
861 1490 1011 1562 μέσῳ
1049 1490 1258 1544 πολλῶν
1290 1492 1490 1546 αἰνέσω
1511 1478 1672 1547 αὐτόν
1700 1513 1713 1525 ε

125 1583 212 1635 ὅτι
249 1582 502 1654 παρέστη
551 1583 614 1635 ἐκ
661 1580 849 1648 δεξιῶν
889 1581 1138 1653 πένητος,
1166 1581 1261 1636 τοῦ
1301 1583 1470 1636 σῶσαι
1502 1585 1567 1638 ὲκ
1592 1586 1717 1650 ,τῶν

126 1676 577 1730 καταδιωκόντων
614 1673 714 1745 τὴν
756 1674 935 1746 ψυχήν
981 1670 1104 1746 μου.
1145 1694 1164 1727 ι
1198 1676 1308 1728 Καὶ
1355 1677 1618 1749 πρόδηλόν
1653 1696 1715 1746 γε

1835 497 1970 536 num
2007 482 2250 552 seipsum
2280 483 2563 546 nominat,
2593 483 2785 540 dicens
2813 503 2827 540 :
2858 505 2877 537 ι
2906 485 2973 540 Ει
3013 491 3072 541 tu
3093 527 3110 553 ,
3145 485 3374 543 Domine
3394 529 3417 556 ,

1834 573 2066 630 Domine
2087 616 2103 642 ,
2136 574 2223 630 fac
2251 591 2463 632 mecum
2494 576 2930 634 misericordiam
2962 588 3185 650 propter
3212 595 3412 637 nomen

1834 675 2019 731 tuum,
2054 666 2185 738 quia
2214 666 2453 740 benigna
2495 676 2581 726 est
2613 671 2996 726 misericordia
3043 680 3141 727 tua
3212 671 3413 729 Libera

1831 771 1955 823 me,
1999 756 2131 827 quia
2171 772 2379 828 egenus
2427 769 2483 814 et
2523 776 2731 831 pauper
2764 778 2887 817 sum
2916 778 3017 834 ego
3048 764 3116 819 ⁸⁸.
3147 783 3167 816 ι
3194 763 3411 831 Quibus

1831 855 1959 919 post
1990 849 2096 904 alia
2125 849 2376 923 adjungit
2407 871 2421 907 :
2450 871 2470 905 ι
2496 851 2687 909 Genua
2721 867 2842 910 mea
2884 855 3157 911 inﬁrmata
3207 864 3338 912 sunt
3378 875 3412 913 a

1826 941 2074 1012 jejunio,
2107 950 2161 999 et
2191 960 2322 1000 caro
2350 961 2468 1002 mea
2500 944 2786 1002 immutata
2816 957 2901 1004 est
2929 957 3154 1020 pr0pter
3179 951 3359 1006 oleum
3390 970 3407 1006 :

1829 1041 1885 1088 et
1913 1049 2015 1104 ego
2045 1034 2225 1093 factus
2256 1052 2378 1092 sum
2430 1040 2787 1108 opprobrium
2836 1041 2966 1097 illis.
3002 1040 3270 1098 Viderunt
3318 1059 3407 1098 me

1827 1134 1883 1182 et
1917 1136 2210 1183 moverunt
2244 1130 2423 1201 capita
2455 1147 2555 1186 sua
2584 1133 2628 1164 ⁷ο
2654 1152 2667 1188 :
2701 1152 2720 1184 ι
2747 1149 2869 1204 quae
2898 1150 3030 1190 sane
3060 1136 3177 1206 ipsa
3211 1137 3409 1191 nihilo-

1827 1219 2012 1275 minus
2057 1236 2218 1276 suum
2267 1222 2430 1277 ﬁnem
2475 1237 2775 1279 consecuta
2808 1234 2972 1289 sunt,
3005 1243 3115 1297 quo
3157 1236 3406 1297 tempore

1826 1312 1919 1381 qui
1951 1314 2340 1382 praeteribant,
2379 1316 2785 1372 maledicebant
2821 1321 2871 1376 ei
2907 1327 3190 1375 moventes
3221 1322 3404 1389 capita

1827 1421 1926 1461 sua
1965 1415 2020 1461 et
2054 1407 2302 1463 dicentes
2330 1427 2342 1462 :
2372 1427 2390 1459 ι
2419 1409 2574 1465 Alios
2605 1411 2788 1467 salvos
2817 1412 2947 1468 fecit
2967 1454 2982 1477 ,
3014 1415 3255 1483 seipsum
3290 1430 3401 1470 non

1825 1507 2005 1568 potest
2033 1501 2245 1556 salvum
2274 1500 2455 1557 facere
2476 1503 2543 1557 ⁷¹.
2571 1502 2879 1569 iQuoniam
2907 1522 3036 1560 vero
3059 1507 3221 1561 etiam
3252 1522 3405 1563 nunc

1821 1586 1995 1645 Judaei
2032 1599 2249 1659 patrum
2280 1608 2511 1648 suorum
2548 1594 2605 1647 in
2637 1595 2850 1665 seipsos
2874 1595 3045 1667 478
3075 1598 3404 1653 exsecratio-

1822 1696 1946 1736 nem
1987 1682 2332 1739 attrahentes
2373 1685 2810 1740 exsecrabilibus
2852 1693 2907 1741 et
2953 1688 3181 1742 nefariis
3217 1689 3403 1745 verbis

124 1767 351 1831 ὁπόσοις
370 1768 541 1821 εἰσέτι
576 1768 671 1820 καὶ
692 1767 786 1822 νῦν
809 1768 859 1820 οἱ
882 1765 985 1831 τὰς
1015 1769 1136 1820 κατ’
1165 1767 1492 1844 αύτοῦάρὰς
1518 1772 1575 1822 ὲν
1605 1774 1723 1834 ταῖς
1758 1782 1771 1835 1

1825 1772 2087 1829 detestari
2131 1774 2472 1830 Salvatorem
2516 1790 2581 1830 ac
2621 1775 2914 1831 Dominum
2960 1786 3248 1844 nostrum,
3288 1795 3401 1834 om-

126 1859 346 1914 ἑαυτῶν
402 1862 743 1929 συναγωγαῖς
791 1859 1106 1930 ποιούμενοι
1155 1859 1443 1915 παλαίουσι
1495 1867 1685 1925 κακοῖς
1703 1903 1718 1926 ,

122 1951 241 2031 ἀπὸ
265 1950 376 2005 τῶν
403 1951 583 2006 αὐτῶν
614 1953 823 2024 χρόνων
861 1952 983 2023 μηδ’
1011 1952 1149 2016 ὅλως
1173 1952 1469 2007 ἀνανεῦσαι
1500 1953 1720 2025 δεδυνη-

128 2041 305 2112 μένοι,
330 2042 479 2105 ὅπως
503 2059 564 2095 τε
580 2042 744 2105 αὐτὸς
773 2037 920 2096 αἶνον
942 2040 1021 2111 τῷ
1047 2042 1223 2113 Πατρί
1253 2044 1310 2095 ὲν
1340 2043 1489 2113 μέσῳ
1511 2044 1719 2096 πολλῶν

119 2129 302 2185 ἐθνῶν
333 2131 425 2185 τὸν
464 2130 554 2185 διὰ
592 2132 692 2202 τῆς
737 2131 934 2201 καινῆς
982 2130 1258 2203 Διαθήκης
1298 2131 1464 2185 αὐτοῦ
1514 2150 1719 2204 καταρ-

120 2221 354 2288 τίζεται,
386 2225 645 2293 συνεργὸν
673 2223 766 2276 τὸν
798 2222 1038 2292 Πατέρα,
1070 2222 1165 2274 καὶ
1195 2223 1294 2291 τῆς
1326 2222 1520 2276 ἑαυτοῦ
1542 2223 1720 2289 δεξιᾶς

120 2315 398 2388 πάρεδρον
431 2314 800 2386 κεκτημένος·
834 2313 913 2367 διό
937 2329 1099 2384 φησιν
1120 2328 1132 2341 ·
1159 2330 1177 2363 ι
1216 2312 1302 2366 Ἐν
1329 2312 1479 2385 μέσῳ
1507 2312 1716 2366 πολλῶν

120 2409 329 2461 αἰνέσω
356 2406 550 2471 αὐτὸν,
585 2407 670 2459 ὅτι
704 2406 954 2477 παρέστη
980 2407 1044 2457 ὲκ
1065 2403 1254 2469 δεξιῶν
1284 2405 1529 2476 πένητος.
1559 2424 1577 2456 ι
1607 2404 1716 2458 Καὶ

119 2497 221 2569 τὴν
260 2494 399 2569 μετὰ
439 2498 530 2551 τὸν
573 2497 801 2551 θάνατον
834 2496 997 2550 αὑτοῦ
1034 2497 1304 2569 σωτηρίαν
1334 2497 1596 2561 διδάσκει,
1632 2499 1717 2551 λέ-

118 2605 235 2657 γων
260 2605 274 2617 ·
318 2607 338 2639 ι
368 2587 474 2642 Τοῦ
512 2587 681 2642 σῶσαι
715 2591 780 2641 ὲκ
810 2587 918 2641 τῶν
952 2589 1395 2644 καταδιωκόντων
1421 2593 1517 2662 τὴν
1539 2590 1715 2662 ψυχήν

122 2696 258 2751 μου.
300 2699 320 2732 ι
373 2680 657 2752 Ἀνωτέρω
697 2680 828 2749 γοῦν
859 2682 1036 2751 φήσας
1066 2681 1157 2733 τόο
1191 2700 1209 2732 ι
1250 2681 1588 2745 Κατεδίωξεν
1617 2682 1714 2734 ἄν-

116 2770 347 2841 θρωπον
386 2771 591 2844 πένητα
617 2772 710 2824 καί
744 2774 955 2842 πτωχὸν
976 2811 991 2835 ,
1027 2774 1121 2826 καὶ
1150 2772 1615 2841 κατανενυγμένον
1647 2776 1711 2844 τῇ

118 2861 327 2934 καρδία
351 2862 445 2915 τοῦ
481 2861 827 2927 θανατῶσαι,
868 2883 885 2915 ι
916 2864 1010 2917 καὶ
1036 2864 1222 2933 σαφῶς
1243 2863 1488 2933 δηλώσας
1520 2864 1712 2917 ἑαυτοῦ

116 2958 214 3011 τὸν
234 2956 466 3012 Θάνατον
490 2957 846 3030 περιγράφων
865 2959 963 3030 τὴν
989 2958 1322 3030 προφητείαν
1342 2957 1440 3028 τὴν
1464 2956 1600 3028 μετὰ
1622 2959 1715 3011 τὸν

118 3050 356 3104 θάνατον
384 3049 546 3104 αὑτοῦ
577 3050 845 3123 σωτηρίαν
874 3049 1091 3121 ᾐνίξατο
1119 3049 1309 3103 εἰπών·
1337 3069 1356 3100 ι
1384 3049 1504 3102 ’Ότι
1547 3051 1715 3121 παρέ-

1824 1880 2034 1935 nesque
2060 1867 2378 1938 quicunque
2419 1867 2476 1922 in
2507 1867 2670 1923 ﬁdem
2715 1869 2839 1939 ejus
2876 1872 3233 1934 transierint,
3275 1887 3401 1927 con-

1806 1972 2051 2013 .suevere
2072 2001 2087 2025 ,
2127 1958 2340 2014 idcirco
2379 1960 2639 2031 deinceps
2687 1960 2938 2031 adjungit
2970 1981 2985 2017 :
3019 1981 3040 2014 ι
3071 1962 3399 2019 Maledicent

1823 2047 1931 2113 illi,
1960 2055 2014 2104 et
2042 2055 2101 2103 tu
2126 2048 2441 2105 benedices.
2477 2049 2583 2117 Qui
2614 2052 2905 2123 insurgunt
2933 2053 2988 2106 in
3019 2067 3107 2107 me
3127 2093 3141 2118 ,
3172 2052 3399 2108 confun-

1820 2135 2060 2193 dantur:
2110 2156 2306 2197 servus
2353 2149 2536 2196 autem
2580 2149 2711 2198 tuus
2752 2142 3045 2199 laetabitur.
3095 2143 3398 2205 lnduantur

1819 2231 1912 2302 qui
1958 2230 2254 2286 detrahunt
2286 2233 2457 2298 mihi,
2504 2234 2749 2303 pudore,
2796 2243 2851 2289 et
2881 2235 3201 2305 aperiantur
3255 2236 3397 2290 sicut

1818 2324 2098 2394 diploide,
2150 2324 2478 2381 confusione
2528 2341 2650 2382 sua.
2697 2326 2810 2397 Ego
2859 2334 3042 2383 autem
3095 2327 3396 2382 conﬁtebor

1822 2415 2049 2471 Domino
2073 2418 2128 2470 in
2153 2432 2250 2473 ore
2278 2433 2399 2472 meo
2429 2438 2442 2473 :
2466 2425 2521 2473 et
2549 2418 2605 2473 in
2635 2419 2814 2474 medio
2841 2420 3138 2474 multorum
3161 2419 3397 2473 laudabo

1817 2521 1962 2564 eum.
2021 2506 2291 2576 Quoniam
2338 2509 2517 2567 astitit
2557 2525 2585 2565 ιι
2615 2509 2826 2567 dextris
2850 2510 3148 2583 pauperis,
3184 2517 3248 2566 ut
3285 2510 3396 2568 sal-

1816 2615 1939 2654 vam
1984 2599 2191 2656 faceret
2222 2617 2253 2656 a
2285 2603 2744 2673 persequentibus
2786 2605 3025 2657 animam
3073 2619 3251 2659 meam
3272 2605 3339 2662 ⁷⁸.
3369 2623 3389 2656 ι

1815 2690 1884 2745 Et
1912 2707 2044 2748 sane
2070 2701 2289 2750 constat
2316 2710 2479 2765 quam
2511 2696 2702 2750 multis
2731 2694 2897 2749 etiam
2926 2710 3074 2750 nunc
3102 2696 3269 2750 rebus
3298 2695 3396 2748 ad-

1814 2784 1992 2839 versis
2035 2784 2420 2840 conﬁictentur
2466 2786 2781 2857 quicunque
2837 2786 3246 2842 exsecrationes
3299 2786 3395 2839 ad-

1815 2891 2006 2930 versus
2038 2877 2189 2931 illum
2223 2877 2281 2931 in
2332 2878 2448 2934 suis
2503 2878 2862 2934 conventibus
2905 2878 3150 2949 jactant',
3196 2877 3397 2947 quippe

1814 2966 1907 3034 qui
1937 2967 2005 3020 ah
2031 2968 2226 3022 iisdem
2258 2971 2600 3040 temporibus
2626 2986 2695 3025 ue
2726 2970 3000 3040 respirare
3025 2969 3266 3040 quidem,
3298 2976 3395 3021 aut

1816 3057 2095 3125 suspicere
2127 3074 2367 3129 unquam
2415 3060 2712 3130 potuerint,
2745 3074 3018 3130 quamque
3059 3058 3145 3114 ille
3165 3056 3397 3113 feliciter

119 3156 228 3212 στη
262 3143 329 3196 ἐκ
366 3141 554 3209 δεξιῶν
585 3143 838 3216 πένητος,
867 3140 962 3195 τοῦ
998 3141 1169 3195 σῶσαι
1208 3143 1274 3195 ὲκ
1310 3140 1418 3194 τῶν
1450 3141 1710 3194 καταδιω-
1734 3126 1771 3183 C

1824 3165 1865 3202 in
1898 3149 2077 3205 medio
2107 3153 2404 3207 multarum
2451 3153 2690 3223 gentium
2738 3168 2835 3222 per
2884 3168 3042 3208 suum
3083 3152 3255 3222 ipsius
3286 3148 3397 3204 No-

116 3235 329 3292 κόντων
356 3235 454 3308 τὴν
484 3235 659 3309 ψυχήν
694 3252 816 3307 μου.
859 3254 879 3287 ι

1818 3252 1944 3292 vum
1980 3238 2386 3296 Testamentum
2410 3257 2511 3296 suo
2541 3241 2689 3297 Patri
2720 3241 2931 3297 laudem
2977 3243 3242 3312 perficiat,
3265 3240 3399 3295 dum

114 3331 376 3386 eumdem
436 3330 651 3387 Patrem
695 3331 1001 3401 adjutorem
1058 3336 1113 3385 et
1166 3344 1279 3385 sua:
1320 3327 1528 3384 dextrae
1567 3343 1902 3386 assessorem
1956 3335 2187 3402 obtinet,
2242 3351 2379 3406 quas
2431 3337 2501 3391 ob
2545 3352 2634 3393 res
2683 3336 2758 3389 ita
2788 3335 3103 3406 loquiturzc
3135 3335 3191 3390 In
3215 3332 3398 3389 medio

114 3423 418 3478 multorum
459 3422 694 3479 laudabo
736 3436 884 3487 eum,
914 3421 1042 3492 quia
1086 3419 1260 3475 astitit
1289 3434 1321 3473 a
1362 3418 1575 3473 dextris
1633 3422 1911 3489 pauperis.
1951 3441 1971 3476 ι
2014 3425 2255 3481 Salutem
2297 3437 2557 3497 praeterea
2594 3443 2715 3496 quae
2763 3425 2938 3496 ipsius
3001 3430 3235 3478 mortem
3303 3434 3393 3475 se-

112 3522 251 3569 cuta
315 3525 424 3581 est,
478 3515 637 3571 docet
682 3516 767 3571 bis
812 3514 1031 3570 verbis:
1082 3530 1103 3564 ‹
1139 3509 1207 3567 Ut
1254 3513 1460 3568 salvam
1516 3513 1723 3568 faceret
1756 3530 1786 3569 a
1823 3521 2279 3590 persequentibus
2312 3520 2546 3574 animam
2578 3535 2777 3576 meam.
2818 3537 2837 3572 ι
2873 3517 3049 3588 Supra
3091 3516 3238 3572 enim
3266 3530 3393 3570 cum

115 3606 258 3661 illud
280 3607 522 3664 dixerit:
561 3626 581 3659 ι
619 3607 946 3664 Persecutus
982 3614 1068 3662 est
1098 3606 1373 3663 hominem
1403 3625 1698 3682 pauperem
1737 3622 1791 3670 et
1823 3632 2074 3686 egenum,
2108 3624 2162 3671 et
2194 3623 2581 3686 compunctum
2631 3616 2834 3677 corde.
2890 3624 2951 3669 ut
2995 3622 3169 3669 morte
3215 3611 3396 3666 allice-

113 3707 221 3765 ret,
254 3718 277 3752 ι
335 3700 605 3771 planeque
659 3716 816 3755 suam
864 3706 1095 3755 mortem
1151 3698 1518 3766 indicaverit,
1576 3703 1705 3759 dum
1740 3708 2080 3777 prophetiam
2128 3709 2538 3764 circumscribit
2577 3727 2591 3764 :
2635 3715 2751 3763 tum
2797 3721 2929 3762 vero
2991 3706 3223 3760 salutem
3270 3719 3395 3774 quae

114 3798 357 3846 mortem
405 3792 578 3861 ipsius
616 3801 805 3848 secuta
858 3799 978 3858 est,
1030 3791 1400 3864 signiﬁcavit,
1463 3792 1654 3852 dicens
1691 3816 1706 3852 :
1751 3817 1769 3850 ι
1805 3798 2074 3866 Quoniam
2107 3802 2282 3855 astitit
2318 3817 2347 3856 a
2377 3801 2585 3857 dextris
2627 3800 2905 3870 pauperis,
2949 3805 3009 3852 ut
3072 3795 3278 3851 salvam
3310 3795 3393 3849 fa-

114 3891 275 3942 cere:
301 3900 334 3938 a
366 3886 820 3956 persequentibus
845 3887 1082 3941 animam
1110 3902 1311 3943 meam.
1342 3905 1363 3938 ι

127 4001 279 4058 Ἀπὸ
297 4000 404 4055 τοῦ
420 4000 810 4070 Ζαχαριοιρμ-
825 4002 949 4054 Ἔτι
974 4000 1109 4070 περί
1127 4000 1235 4055 τοῦ
1251 3999 1438 4055 Ἰούδα
1461 4000 1560 4054 καὶ
1589 4000 1708 4055 τῶν

188 4064 651 4141 ἀργυιιρίων’ἆκθ’
681 4064 781 4141 ὧν,
804 4070 941 4141 τὸνί
972 4064 1191 4141 Κύριον
1225 4070 1530 4139 προῦδωκε
1550 4110 1566 4135 ,
1604 4072 1704 4125 καὶ

189 4138 329 4209 περι
370 4138 479 4209 τῆς
524 4140 833 4209 ἀποϐολῆς
878 4140 995 4194 τῶν
1040 4138 1201 4209 παρὰ
1257 4138 1562 4207 Ἰουδαίοις
1611 4143 1705 4210 ἀρ-

184 4213 425 4282 χόντων
451 4227 515 4264 τε
544 4210 645 4264 καὶ
669 4210 1035 4280 ἀρχομένων.

192 4341 216 4375 ς
247 4322 361 4376 Καὶ
406 4321 646 4393 λήψομαι
692 4322 915 4393 ἐμαυτῷ
973 4322 1065 4375 δυο
1107 4323 1371 4395 ῥάϐδους,
1425 4323 1526 4395 τὴν
1579 4324 1708 4395 μίαν

113 4425 360 4481 ἐκάλεσα
387 4425 610 4490 κάλλος,
645 4426 738 4479 καὶ
770 4425 869 4496 τὴν
903 4425 1093 4497 ἑτέραν
1117 4426 1353 4481 ἐκάλεσα
1386 4427 1704 4499 σχοίνισμα,

1810 3974 1856 4029 Α
1888 3974 2174 4031 Zacharia.
2205 4008 2276 4018 —
2308 3976 2440 4031 Item
2494 3975 2559 4031 de
2590 3973 2736 4028 Iuda
2789 3982 2839 4027 et
2890 3973 3179 4044 argenteis_
3201 3974 3390 4044 quibus

1882 4046 2171 4101 Dominum
2198 4047 2454 4116 prodidit,
2482 4051 2647 4117 deque
2671 4040 3114 4113 rejection—apud
3144 4040 3386 4117 Iudaeos.

1883 4127 1994 4171 tam
2023 4114 2207 4189 eorum
2241 4118 2331 4189 qui
2388 4114 2739 4187 imperabant,
2803 4128 2962 4184 quam
2992 4128 3173 4167 eorum
3201 4114 3391 4186 quibus

1880 4188 2262 4254 imperabatur.

1891 4320 1908 4353 ι
1946 4300 2013 4355 Ει
2039 4301 2253 4371 capiam
2281 4298 2415 4353 mihi
2442 4297 2582 4354 duas
2609 4297 2811 4368 virgas,
2847 4313 3014 4352 unam
3038 4297 3230 4352 vocavi
3265 4297 3390 4366 pul-

1813 4394 2222 4457 chritudinem,
2280 4398 2334 4447 et
2395 4390 2623 4444 alteram
2679 4389 2872 4444 vocavi
2938 4386 3278 4455 funiculum,
3337 4396 3392 4444 et

113 4527 218 4581 καὶ
249 4524 499 4597 ποιμανῶ
530 4524 599 4578 τὰ
631 4479 880 4596 πρόϐατά
908 4479 1031 4594 μού,
1065 4524 1158 4577 καὶ
1186 4521 1368 4594 ὲξαρῶ
1402 4479 1528 4586 τοὺς
1559 4479 1709 4594 τρεῖς
1741 4527 1771 4585 L‘

1824 4500 2037 4556 pascam
2089 4498 2219 4539 oves
2269 4496 2454 4545 meas,
2511 4488 2565 4536 et
2617 4479 2864 4536 auferam
2915 4487 3029 4535 tres
3060 4481 3390 4549 pastoresin

1824 4590 1996 4597 “-_--
2032 4590 2137 4597 η..-
2217 4580 2261 4597 ,ι
2314 4572 2626 4597 --Α-...1.ἲι....
2665 4572 2842 4597 -..ξ-υ...
2890 4586 3007 4597 MA-
3058 4587 3224 4597 ..ι-..ιιι-
3278 4586 3366 4597 ΑΛ-

116 4618 387 4690 ποιμένας
411 4617 470 4670 ὲν
507 4615 637 4687 μηνὶ
668 4616 782 4679 ἑνὶ,
814 4615 909 4669 καὶ
942 4613 1338 4685 βαρυνθήσεται
1361 4617 1393 4686 ἡ
1420 4615 1565 4686 ψυχή
1604 4630 1705 4683 μου

115 4711 207 4764 ἐπ’
241 4707 461 4771 αὐτούς.
492 4708 603 4761 Καὶ
626 4706 734 4778 γὰρ
771 4707 829 4758 αἱ
860 4705 1026 4776 ψυχαὶ
1061 4706 1238 4759 αὐτῶν
1270 4704 1583 4777 ὲπωρύοντο
1619 4707 1706 4759 ἐπ’

116 4810 256 4881 ἐμὲ,
293 4809 388 4863 καὶ⁹
429 4803 591 4862 εἶπα·
638 4807 713 4862 Oti
755 4805 1006 4878 ποιμανῶ
1043 4807 1218 4877 ὑμᾶς·
1264 4810 1325 4859 τὸ
1366 4805 1708 4877 ἀποθνῆσκον

116 4910 537 4982 ἀποθνησκέτω,
568 4908 662 4961 καὶ
683 4906 744 4959 τὸ
782 4906 1032 4961 ἐκλεῖπον
1056 4906 1376 4971 ὲκλειπέτω,
1409 4907 1503 4961 καὶ
1520 4906 1588 4960 τὰ
1609 4923 1713 4960 κα-

112 5003 361 5059 τάλοιπα
391 4999 737 5064 ὲσθιέτωσαν,
760 4998 991 5062 ἕκαστος
1011 4997 1111 5061 τὰς
1133 4998 1342 5070 σάρκας
1360 4997 1454 5051 τοῦ
1479 4998 1708 5069 πλησίον

117 5098 315 5156 αὐτοῦ.
349 5100 460 5153 Kal.
487 5098 725 5170 λήψομαι
739 5097 838 5168 τὴν
865 5095 1058 5168 ῥάϐδον
1086 5095 1183 5167 τὴν
1214 5095 1403 5167 καλὴν,
1421 5098 1513 5149 καὶ
1538 5097 1712 5169 ἀπορ-

119 5203 271 5278 ῥίψω
301 5202 472 5273 αὐτὴν
516 5200 610 5255 τοῦ
643 5199 991 5254 διασκεδάσαι
1024 5199 1121 5270 τὴν
1162 5199 1437 5271 Διαθήκην
1476 5216 1610 5270 μου,
1641 5199 1711 5271 ἢν

115 5304 382 5376 διεθέμην
415 5301 550 5376 πρὸς
579 5302 785 5365 πάντας
810 5303 939 5364 τοὺς
967 5299 1149 5363 λαούς.
1184 5300 1292 5354 Ka‘t
1323 5300 1715 5372 διασκεδασθή-

120 5422 284 5463 σεται
324 5407 382 5459 ὲν
415 5407 481 5477 τῇ
514 5404 697 5477 ἡμέρᾳ
740 5402 943 5476 ἐκείνῃ,
978 5403 1071 5456 καὶ
1102 5400 1402 5472 γνώσονται
1440 5404 1489 5456 οἰ
1530 5404 1713 5456 Χανα-

117 5500 268 5555 ναῖοι
315 5498 384 5552 ea
433 5496 680 5569 πρόϐατα
719 5494 789 5549 τὰ
835 5494 1219 5565 φυλασσόμενα
1268 5512 1378 5566 μοι,
1417 5494 1500 5549 ὅτι
1539 5495 1713 5563 Λόγος

119 5598 337 5671 Κυρίου
366 5595 501 5653 ὲστί.
525 5596 636 5652 Καὶ
666 5594 778 5668 ἐρῶ
803 5594 939 5669 πρὸς
956 5593 1151 5658 αὐτούς
1168 5609 1182 5623 ·
1205 5594 1270 5648 Εἰ
1290 5592 1453 5647 καλὸν
1475 5591 1712 5653 ἐνώπιον

1811 4590 2001 4631 mense
2032 4590 2174 4639 uno,
2212 4580 2268 4629 et
2312 4572 2627 4644 gravabitur
2664 4572 2846 4626 anima
2889 4586 3011 4626 mea
3057 4587 3224 4642 super
3275 4586 3390 4627 eos.

1812 4667 1978 4741 479
2003 4666 2216 4722 Etenim
2253 4665 2447 4720 animae
2469 4679 2660 4719 eorum
2694 4664 2979 4734 rugierunt
3003 4678 3169 4734 super
3188 4678 3275 4719 me
3293 4702 3309 4728 ,
3337 4673 3394 4718 et

1814 4762 1950 4824 dixi,
1981 4759 2100 4815 Non
2129 4773 2348 4830 pascam
2370 4773 2506 4825 vos;
2539 4756 2687 4828 quod
2722 4757 2974 4820 moritur,
3001 4756 3299 4819 moriatur,
3336 4765 3395 4810 et

1813 4852 1960 4924 quod
1980 4851 2182 4915 deficit,
2209 4850 2426 4906 deﬁciat
2453 4869 2466 4905 :
2497 4858 2552 4905 et
2574 4864 2695 4920 qua:
2719 4848 2928 4918 reliqua
2959 4857 3089 4903 sunt
3108 4847 3391 4907 devorent.

1815 4945 2193 5015 unusquisque
2214 4958 2409 4999 carnes
2438 4943 2674 5012 proximi
2716 4940 2823 5006 sui,
2854 4948 2910 4996 et
2940 4940 3152 5010 capiam
3183 4940 3393 5010 virgam

1815 5036 2123 5106 pulchram,
2152 5043 2207 5090 et
2234 5034 2490 5105 abjiciam
2521 5047 2666 5095 eam,
2696 5031 2765 5086 ad
2786 5028 3168 5100 dissipandum
3200 5027 3394 5084 Testa-

1817 5135 2061 5184 mentum
2093 5142 2273 5183 menm
2296 5167 2311 5191 ,
2361 5126 2505 5197 quod
2534 5125 2778 5194 disposui
2813 5123 2881 5179 ad
2906 5138 3096 5179 omnes
3127 5120 3357 5193 populos
3377 5161 3392 5181 .

1819 5227 1873 5276 et
1905 5220 2263 5290 dissipabitur
2292 5219 2347 5274 in
2382 5219 2471 5274 die
2498 5217 2620 5280 illa,
2667 5224 2722 5272 et
2747 5223 3079 5286 cognoscent
3100 5213 3399 5269 Chananaei

1821 5329 1951 5369 oves
1973 5329 2095 5384 qua:
2117 5312 2504 5368 custodiuntur
2535 5311 2668 5365 mihi
2688 5351 2702 5373 ,
2735 5310 2879 5380 quod
2911 5307 3151 5365 Verbum
3181 5305 3396 5362 Domini

1820 5412 1926 5469 est,
1957 5412 2011 5461 et
2038 5404 2218 5459 dicam
2253 5402 2321 5458 ad
2343 5419 2438 5458 eos
2467 5421 2480 5457 :
2516 5400 2575 5457 Si
2597 5402 2888 5458 honestum
2907 5401 3061 5456 estin
3095 5405 3403 5468 conspectu

1819 5508 2022 5563 vestro,
2058 5499 2182 5553 date
2204 5497 2511 5554 mercedem
2534 5512 2711 5553 meam
2735 5536 2750 5559 ,
2781 5504 2877 5550 aut
2915 5493 3154 5557 renuite,
3186 5498 3241 5549 et
3263 5506 3400 5548 con-

1820 5590 2113 5647 stituerunt
2142 5586 2452 5643 mercedem
2493 5599 2691 5654 meam,
2715 5583 2938 5656 triginta
2973 5587 3301 5652 argenteos,
3342 5585 3403 5636 et

200 5757 247 5788 ⁶⁹
286 5753 462 5809 Palm.
494 5767 649 5817 cvm,
688 5750 781 5822 ΩΙ,
812 5751 905 5809 22.
978 5754 1023 5786 ⁷⁸
1064 5750 1195 5808 ibid.
1230 5749 1319 5816 τι,
1353 5750 1443 5806 25.
1521 5750 1561 5783 "'
1608 5747 1771 5806 Matth

1841 5765 2019 5815 xxvn,
2060 5748 2146 5815 il,
2188 5748 2277 5804 ιτ.
2354 5748 2399 5783 τ’
2440 5745 2584 5801 Psal.
2617 5758 2784 5808 cvm,
2816 5739 3009 5795 28-2“.
