  <div class='ocr_page' id='page_1' title='image "/cluster/home/n/w/nwhite01/storage/ocr_20150623/22/nnc1.0046978372/393.png"; bbox 0 0 3836 6220; ppageno 0'>
   <div class='ocr_carea' id='block_1_1' title="bbox 419 269 524 326">
    <p class='ocr_par' dir='ltr' id='par_1_1' title="bbox 419 269 524 326">
     <span class='ocr_line' id='line_1_1' title="bbox 419 269 524 326; baseline 0 -1"><span class='ocrx_word' id='word_1_1' title='bbox 419 269 524 326; x_wconf 69' lang='grc'><strong>745</strong></span> 
     </span>
    </p>
   </div>
   <div class='ocr_carea' id='block_1_2' title="bbox 416 477 2008 553">
    <p class='ocr_par' dir='ltr' id='par_1_2' title="bbox 416 477 2008 553">
     <span class='ocr_line' id='line_1_2' title="bbox 416 477 2008 553; baseline -0.004 -13"><span class='ocrx_word' id='word_1_2' title='bbox 416 489 605 553; x_wconf 87' lang='lat' dir='ltr'><strong>specta</strong></span> <span class='ocrx_word' id='word_1_3' title='bbox 627 495 757 535; x_wconf 92' lang='lat' dir='ltr'><strong>num</strong></span> <span class='ocrx_word' id='word_1_4' title='bbox 781 477 1142 550; x_wconf 77' lang='lat' dir='ltr'><strong>approbatum</strong></span> <span class='ocrx_word' id='word_1_5' title='bbox 1185 477 1276 542; x_wconf 88' lang='lat' dir='ltr'><strong>sit,</strong></span> <span class='ocrx_word' id='word_1_6' title='bbox 1317 477 1777 548; x_wconf 85' lang='lat' dir='ltr'><strong>quemadmodum</strong></span> <span class='ocrx_word' id='word_1_7' title='bbox 1807 479 2008 549; x_wconf 86' lang='lat' dir='ltr'><strong>proba-</strong></span> 
     </span>
    </p>
   </div>
   <div class='ocr_carea' id='block_1_3' title="bbox 415 571 2009 644">
    <p class='ocr_par' dir='ltr' id='par_1_3' title="bbox 415 571 2009 644">
     <span class='ocr_line' id='line_1_3' title="bbox 415 571 2009 644; baseline -0.004 -12"><span class='ocrx_word' id='word_1_8' title='bbox 415 585 508 632; x_wconf 79' lang='lat' dir='ltr'><strong>tus</strong></span> <span class='ocrx_word' id='word_1_9' title='bbox 539 589 661 631; x_wconf 91' lang='lat' dir='ltr'><strong>sum</strong></span> <span class='ocrx_word' id='word_1_10' title='bbox 696 586 795 644; x_wconf 91' lang='lat' dir='ltr'><strong>pro</strong></span> <span class='ocrx_word' id='word_1_11' title='bbox 822 572 934 629; x_wconf 84' lang='lat' dir='ltr'><strong>illis</strong></span> <span class='ocrx_word' id='word_1_12' title='bbox 960 612 975 637; x_wconf 91' lang='lat'><strong>,</strong></span> <span class='ocrx_word' id='word_1_13' title='bbox 1023 578 1077 627; x_wconf 91' lang='lat' dir='ltr'><strong>et</strong></span> <span class='ocrx_word' id='word_1_14' title='bbox 1110 571 1296 642; x_wconf 88' lang='lat' dir='ltr'><strong>accepi</strong></span> <span class='ocrx_word' id='word_1_15' title='bbox 1329 571 1557 641; x_wconf 88' lang='lat' dir='ltr'><strong>triginta</strong></span> <span class='ocrx_word' id='word_1_16' title='bbox 1592 580 1882 642; x_wconf 88' lang='lat' dir='ltr'><strong>argenteos</strong></span> <span class='ocrx_word' id='word_1_17' title='bbox 1907 614 1920 636; x_wconf 89' lang='lat'><strong>,</strong></span> <span class='ocrx_word' id='word_1_18' title='bbox 1955 581 2009 627; x_wconf 90' lang='lat' dir='ltr'><strong>et</strong></span> 
     </span>
    </p>
   </div>
   <div class='ocr_carea' id='block_1_4' title="bbox 415 663 2007 743">
    <p class='ocr_par' dir='ltr' id='par_1_4' title="bbox 415 663 2007 743">
     <span class='ocr_line' id='line_1_4' title="bbox 415 663 2007 743; baseline -0.003 -19"><span class='ocrx_word' id='word_1_19' title='bbox 415 669 621 743; x_wconf 86' lang='lat' dir='ltr'><strong>projeci</strong></span> <span class='ocrx_word' id='word_1_20' title='bbox 653 683 748 724; x_wconf 85' lang='lat' dir='ltr'><strong>eos</strong></span> <span class='ocrx_word' id='word_1_21' title='bbox 786 666 842 722; x_wconf 91' lang='lat' dir='ltr'><strong>in</strong></span> <span class='ocrx_word' id='word_1_22' title='bbox 876 667 1040 722; x_wconf 85' lang='lat' dir='ltr'><strong>domo</strong></span> <span class='ocrx_word' id='word_1_23' title='bbox 1072 663 1290 721; x_wconf 87' lang='lat' dir='ltr'><strong>Domini</strong></span> <span class='ocrx_word' id='word_1_24' title='bbox 1318 664 1372 718; x_wconf 91' lang='lat' dir='ltr'><strong>in</strong></span> <span class='ocrx_word' id='word_1_25' title='bbox 1422 663 1726 729; x_wconf 81' lang='lat' dir='ltr'><strong>fornacem,</strong></span> <span class='ocrx_word' id='word_1_26' title='bbox 1751 672 1805 720; x_wconf 91' lang='lat' dir='ltr'><strong>et</strong></span> <span class='ocrx_word' id='word_1_27' title='bbox 1831 665 2007 734; x_wconf 86' lang='lat' dir='ltr'><strong>abjeci</strong></span> 
     </span>
    </p>
   </div>
   <div class='ocr_carea' id='block_1_5' title="bbox 415 755 2006 832">
    <p class='ocr_par' dir='ltr' id='par_1_5' title="bbox 415 755 2006 832">
     <span class='ocr_line' id='line_1_5' title="bbox 415 755 2006 832; baseline -0.005 -14"><span class='ocrx_word' id='word_1_28' title='bbox 415 765 623 832; x_wconf 85' lang='lat' dir='ltr'><strong>virgam</strong></span> <span class='ocrx_word' id='word_1_29' title='bbox 655 760 902 822; x_wconf 88' lang='lat' dir='ltr'><strong>alteram,</strong></span> <span class='ocrx_word' id='word_1_30' title='bbox 946 772 1069 829; x_wconf 65' lang='lat' dir='ltr'><strong>qum</strong></span> <span class='ocrx_word' id='word_1_31' title='bbox 1117 756 1319 812; x_wconf 85' lang='lat' dir='ltr'><strong>dicitur</strong></span> <span class='ocrx_word' id='word_1_32' title='bbox 1356 755 1666 821; x_wconf 84' lang='lat' dir='ltr'><strong>funiculus,</strong></span> <span class='ocrx_word' id='word_1_33' title='bbox 1720 756 1787 809; x_wconf 91' lang='lat' dir='ltr'><strong>ad</strong></span> <span class='ocrx_word' id='word_1_34' title='bbox 1840 757 2006 812; x_wconf 85' lang='lat' dir='ltr'><strong>dissi-</strong></span> 
     </span>
    </p>
   </div>
   <div class='ocr_carea' id='block_1_6' title="bbox 416 849 1998 927">
    <p class='ocr_par' dir='ltr' id='par_1_6' title="bbox 416 849 1998 927">
     <span class='ocr_line' id='line_1_6' title="bbox 416 849 1998 927; baseline -0.004 -17"><span class='ocrx_word' id='word_1_35' title='bbox 416 856 655 927; x_wconf 88' lang='lat' dir='ltr'><strong>pandum</strong></span> <span class='ocrx_word' id='word_1_36' title='bbox 683 853 1094 909; x_wconf 87' lang='lat' dir='ltr'><strong>Testamentum</strong></span> <span class='ocrx_word' id='word_1_37' title='bbox 1157 850 1301 905; x_wconf 90' lang='lat' dir='ltr'><strong>inter</strong></span> <span class='ocrx_word' id='word_1_38' title='bbox 1350 849 1546 905; x_wconf 73' lang='lat' dir='ltr'><strong>ludam</strong></span> <span class='ocrx_word' id='word_1_39' title='bbox 1587 858 1642 905; x_wconf 89' lang='lat' dir='ltr'><strong>et</strong></span> <span class='ocrx_word' id='word_1_40' title='bbox 1684 851 1852 905; x_wconf 85' lang='lat' dir='ltr'><strong>Israel</strong></span> <span class='ocrx_word' id='word_1_41' title='bbox 1878 851 1943 903; x_wconf 73' lang='grc' dir='ltr'><strong>τ’.</strong></span> <span class='ocrx_word' id='word_1_42' title='bbox 1979 871 1998 904; x_wconf 76' lang='grc' dir='ltr'><strong>ι</strong></span> 
     </span>
    </p>
   </div>
   <div class='ocr_carea' id='block_1_7' title="bbox 417 944 2000 1017">
    <p class='ocr_par' dir='ltr' id='par_1_7' title="bbox 417 944 2000 1017">
     <span class='ocr_line' id='line_1_7' title="bbox 417 944 2000 1017; baseline -0.003 -16"><span class='ocrx_word' id='word_1_43' title='bbox 417 948 543 1003; x_wconf 70' lang='grc' dir='ltr'>Ηειξο</span> <span class='ocrx_word' id='word_1_44' title='bbox 574 947 740 1017; x_wconf 80' lang='lat' dir='ltr'><strong>igitur</strong></span> <span class='ocrx_word' id='word_1_45' title='bbox 771 960 930 1001; x_wconf 90' lang='lat' dir='ltr'><strong>suum</strong></span> <span class='ocrx_word' id='word_1_46' title='bbox 987 944 1148 999; x_wconf 80' lang='lat' dir='ltr'><strong>tinem</strong></span> <span class='ocrx_word' id='word_1_47' title='bbox 1196 950 1495 998; x_wconf 87' lang='lat' dir='ltr'><strong>consecuta</strong></span> <span class='ocrx_word' id='word_1_48' title='bbox 1532 951 1680 1005; x_wconf 87' lang='lat' dir='ltr'><strong>sunt,</strong></span> <span class='ocrx_word' id='word_1_49' title='bbox 1718 957 1829 1013; x_wconf 89' lang='lat' dir='ltr'><strong>quo</strong></span> <span class='ocrx_word' id='word_1_50' title='bbox 1860 950 2000 998; x_wconf 80' lang='lat' dir='ltr'><strong>tem-</strong></span> 
     </span>
    </p>
   </div>
   <div class='ocr_carea' id='block_1_8' title="bbox 415 1032 2001 1109">
    <p class='ocr_par' dir='ltr' id='par_1_8' title="bbox 415 1032 2001 1109">
     <span class='ocr_line' id='line_1_8' title="bbox 415 1032 2001 1109; baseline -0.004 -16"><span class='ocrx_word' id='word_1_51' title='bbox 415 1054 569 1109; x_wconf 84' lang='lat' dir='ltr'><strong>pore,</strong></span> <span class='ocrx_word' id='word_1_52' title='bbox 595 1045 655 1091; x_wconf 91' lang='lat' dir='ltr'><strong>ut</strong></span> <span class='ocrx_word' id='word_1_53' title='bbox 689 1045 774 1092; x_wconf 90' lang='lat' dir='ltr'><strong>est</strong></span> <span class='ocrx_word' id='word_1_54' title='bbox 802 1035 945 1107; x_wconf 90' lang='lat' dir='ltr'><strong>apud</strong></span> <span class='ocrx_word' id='word_1_55' title='bbox 975 1033 1179 1087; x_wconf 82' lang='lat' dir='ltr'><strong>Lucam</strong></span> <span class='ocrx_word' id='word_1_56' title='bbox 1202 1073 1216 1098; x_wconf 92' lang='lat'><strong>,</strong></span> <span class='ocrx_word' id='word_1_57' title='bbox 1277 1052 1296 1084; x_wconf 76' lang='grc' dir='ltr'><strong>ι</strong></span> <span class='ocrx_word' id='word_1_58' title='bbox 1334 1032 1526 1087; x_wconf 89' lang='lat' dir='ltr'><strong>abiens</strong></span> <span class='ocrx_word' id='word_1_59' title='bbox 1561 1032 1728 1088; x_wconf 79' lang='lat' dir='ltr'><strong>Judas</strong></span> <span class='ocrx_word' id='word_1_60' title='bbox 1786 1034 2001 1088; x_wconf 87' lang='lat' dir='ltr'><strong>locutus</strong></span> 
     </span>
    </p>
   </div>
   <div class='ocr_carea' id='block_1_9' title="bbox 413 1125 2000 1199">
    <p class='ocr_par' dir='ltr' id='par_1_9' title="bbox 413 1125 2000 1199">
     <span class='ocr_line' id='line_1_9' title="bbox 413 1125 2000 1199; baseline -0.003 -14"><span class='ocrx_word' id='word_1_61' title='bbox 413 1143 499 1185; x_wconf 89' lang='lat' dir='ltr'><strong>est</strong></span> <span class='ocrx_word' id='word_1_62' title='bbox 539 1146 660 1185; x_wconf 90' lang='lat' dir='ltr'><strong>cum</strong></span> <span class='ocrx_word' id='word_1_63' title='bbox 694 1128 1034 1199; x_wconf 83' lang='lat' dir='ltr'><strong>principibus</strong></span> <span class='ocrx_word' id='word_1_64' title='bbox 1082 1125 1428 1181; x_wconf 87' lang='lat' dir='ltr'><strong>sacerdotum</strong></span> <span class='ocrx_word' id='word_1_65' title='bbox 1465 1134 1519 1180; x_wconf 84' lang='lat' dir='ltr'><strong>et</strong></span> <span class='ocrx_word' id='word_1_66' title='bbox 1553 1126 1774 1185; x_wconf 82' lang='lat' dir='ltr'><strong>scribis.</strong></span> <span class='ocrx_word' id='word_1_67' title='bbox 1807 1133 1862 1181; x_wconf 90' lang='lat' dir='ltr'><strong>et</strong></span> <span class='ocrx_word' id='word_1_68' title='bbox 1894 1126 2000 1180; x_wconf 88' lang='lat' dir='ltr'><strong>du-</strong></span> 
     </span>
    </p>
   </div>
   <div class='ocr_carea' id='block_1_10' title="bbox 413 1214 1998 1291">
    <p class='ocr_par' dir='ltr' id='par_1_10' title="bbox 413 1214 1998 1291">
     <span class='ocr_line' id='line_1_10' title="bbox 413 1214 1998 1291; baseline -0.004 -14"><span class='ocrx_word' id='word_1_69' title='bbox 413 1222 570 1277; x_wconf 88' lang='lat' dir='ltr'><strong>cibus</strong></span> <span class='ocrx_word' id='word_1_70' title='bbox 595 1220 802 1291; x_wconf 78' lang='lat' dir='ltr'><strong>templi,</strong></span> <span class='ocrx_word' id='word_1_71' title='bbox 829 1218 1105 1287; x_wconf 90' lang='lat' dir='ltr'><strong>quomodo</strong></span> <span class='ocrx_word' id='word_1_72' title='bbox 1138 1217 1291 1269; x_wconf 88' lang='lat' dir='ltr'><strong>illum</strong></span> <span class='ocrx_word' id='word_1_73' title='bbox 1322 1218 1403 1271; x_wconf 92' lang='lat' dir='ltr'><strong>eis</strong></span> <span class='ocrx_word' id='word_1_74' title='bbox 1432 1214 1705 1281; x_wconf 83' lang='lat' dir='ltr'><strong>traderet;</strong></span> <span class='ocrx_word' id='word_1_75' title='bbox 1745 1225 1799 1271; x_wconf 88' lang='lat' dir='ltr'><strong>et</strong></span> <span class='ocrx_word' id='word_1_76' title='bbox 1828 1217 1998 1286; x_wconf 78' lang='lat' dir='ltr'><strong>gavisi</strong></span> 
     </span>
    </p>
   </div>
   <div class='ocr_carea' id='block_1_11' title="bbox 414 1305 2001 1378">
    <p class='ocr_par' dir='ltr' id='par_1_11' title="bbox 414 1305 2001 1378">
     <span class='ocr_line' id='line_1_11' title="bbox 414 1305 2001 1378; baseline -0.003 -13"><span class='ocrx_word' id='word_1_77' title='bbox 414 1318 563 1372; x_wconf 87' lang='lat' dir='ltr'><strong>sunt,</strong></span> <span class='ocrx_word' id='word_1_78' title='bbox 600 1320 654 1364; x_wconf 89' lang='lat' dir='ltr'><strong>et</strong></span> <span class='ocrx_word' id='word_1_79' title='bbox 689 1309 833 1378; x_wconf 86' lang='lat' dir='ltr'><strong>pacti</strong></span> <span class='ocrx_word' id='word_1_80' title='bbox 868 1314 997 1360; x_wconf 91' lang='lat' dir='ltr'><strong>sunt</strong></span> <span class='ocrx_word' id='word_1_81' title='bbox 1027 1314 1317 1377; x_wconf 81' lang='lat' dir='ltr'><strong>argentum</strong></span> <span class='ocrx_word' id='word_1_82' title='bbox 1352 1306 1428 1359; x_wconf 90' lang='lat' dir='ltr'><strong>illi</strong></span> <span class='ocrx_word' id='word_1_83' title='bbox 1457 1306 1591 1361; x_wconf 87' lang='lat' dir='ltr'><strong>dare</strong></span> <span class='ocrx_word' id='word_1_84' title='bbox 1620 1305 1686 1361; x_wconf 71' lang='lat'><strong>7‘.</strong></span> <span class='ocrx_word' id='word_1_85' title='bbox 1722 1326 1740 1358; x_wconf 78' lang='grc' dir='ltr'><strong>ι</strong></span> <span class='ocrx_word' id='word_1_86' title='bbox 1771 1305 1842 1361; x_wconf 93' lang='lat' dir='ltr'><strong>Ut</strong></span> <span class='ocrx_word' id='word_1_87' title='bbox 1867 1322 2001 1362; x_wconf 85' lang='lat' dir='ltr'><strong>vero</strong></span> 
     </span>
    </p>
   </div>
   <div class='ocr_carea' id='block_1_12' title="bbox 411 1397 2000 1472">
    <p class='ocr_par' dir='ltr' id='par_1_12' title="bbox 411 1397 2000 1472">
     <span class='ocr_line' id='line_1_12' title="bbox 411 1397 2000 1472; baseline -0.002 -16"><span class='ocrx_word' id='word_1_88' title='bbox 411 1401 558 1472; x_wconf 88' lang='lat' dir='ltr'><strong>apud</strong></span> <span class='ocrx_word' id='word_1_89' title='bbox 588 1401 826 1455; x_wconf 83' lang='lat' dir='ltr'><strong>Marcum</strong></span> <span class='ocrx_word' id='word_1_90' title='bbox 859 1400 1119 1469; x_wconf 87' lang='lat' dir='ltr'><strong>legimus,</strong></span> <span class='ocrx_word' id='word_1_91' title='bbox 1172 1413 1297 1452; x_wconf 91' lang='lat' dir='ltr'><strong>cum</strong></span> <span class='ocrx_word' id='word_1_92' title='bbox 1346 1397 1482 1452; x_wconf 90' lang='lat' dir='ltr'><strong>abiit</strong></span> <span class='ocrx_word' id='word_1_93' title='bbox 1524 1416 1544 1448; x_wconf 76' lang='grc' dir='ltr'><strong>ι</strong></span> <span class='ocrx_word' id='word_1_94' title='bbox 1603 1398 1669 1452; x_wconf 91' lang='lat' dir='ltr'><strong>ad</strong></span> <span class='ocrx_word' id='word_1_95' title='bbox 1721 1399 2000 1469; x_wconf 86' lang='lat' dir='ltr'><strong>principes</strong></span> 
     </span>
    </p>
   </div>
   <div class='ocr_carea' id='block_1_13' title="bbox 412 1485 1999 1558">
    <p class='ocr_par' dir='ltr' id='par_1_13' title="bbox 412 1485 1999 1558">
     <span class='ocr_line' id='line_1_13' title="bbox 412 1485 1999 1558; baseline -0.002 -12"><span class='ocrx_word' id='word_1_96' title='bbox 412 1489 761 1547; x_wconf 86' lang='lat' dir='ltr'><strong>sacerdotum</strong></span> <span class='ocrx_word' id='word_1_97' title='bbox 787 1528 802 1554; x_wconf 93' lang='lat'><strong>,</strong></span> <span class='ocrx_word' id='word_1_98' title='bbox 853 1496 913 1542; x_wconf 91' lang='lat' dir='ltr'><strong>ut</strong></span> <span class='ocrx_word' id='word_1_99' title='bbox 954 1489 1109 1541; x_wconf 90' lang='lat' dir='ltr'><strong>illum</strong></span> <span class='ocrx_word' id='word_1_100' title='bbox 1164 1486 1453 1557; x_wconf 87' lang='lat' dir='ltr'><strong>proderet;</strong></span> <span class='ocrx_word' id='word_1_101' title='bbox 1511 1485 1590 1539; x_wconf 88' lang='lat' dir='ltr'><strong>illi</strong></span> <span class='ocrx_word' id='word_1_102' title='bbox 1623 1494 1803 1542; x_wconf 86' lang='lat' dir='ltr'><strong>autem</strong></span> <span class='ocrx_word' id='word_1_103' title='bbox 1830 1488 1999 1558; x_wconf 79' lang='lat' dir='ltr'><strong>gavisi</strong></span> 
     </span>
    </p>
   </div>
   <div class='ocr_carea' id='block_1_14' title="bbox 410 1578 1994 1652">
    <p class='ocr_par' dir='ltr' id='par_1_14' title="bbox 410 1578 1994 1652">
     <span class='ocr_line' id='line_1_14' title="bbox 410 1578 1994 1652; baseline -0.004 -13"><span class='ocrx_word' id='word_1_104' title='bbox 410 1591 575 1646; x_wconf 88' lang='lat' dir='ltr'><strong>sunt,</strong></span> <span class='ocrx_word' id='word_1_105' title='bbox 617 1589 672 1637; x_wconf 90' lang='lat' dir='ltr'><strong>et</strong></span> <span class='ocrx_word' id='word_1_106' title='bbox 702 1580 1076 1652; x_wconf 87' lang='lat' dir='ltr'><strong>promiserunt</strong></span> <span class='ocrx_word' id='word_1_107' title='bbox 1128 1578 1179 1634; x_wconf 89' lang='lat' dir='ltr'><strong>ei</strong></span> <span class='ocrx_word' id='word_1_108' title='bbox 1227 1594 1289 1634; x_wconf 91' lang='lat' dir='ltr'><strong>se</strong></span> <span class='ocrx_word' id='word_1_109' title='bbox 1348 1586 1633 1648; x_wconf 75' lang='lat' dir='ltr'><strong>argentum</strong></span> <span class='ocrx_word' id='word_1_110' title='bbox 1683 1578 1932 1635; x_wconf 88' lang='lat' dir='ltr'><strong>daturos.</strong></span> <span class='ocrx_word' id='word_1_111' title='bbox 1974 1600 1994 1633; x_wconf 73' lang='grc' dir='ltr'><strong>ι</strong></span> 
     </span>
    </p>
   </div>
   <div class='ocr_carea' id='block_1_15' title="bbox 410 1670 2000 1745">
    <p class='ocr_par' dir='ltr' id='par_1_15' title="bbox 410 1670 2000 1745">
     <span class='ocr_line' id='line_1_15' title="bbox 410 1670 2000 1745; baseline -0.003 -15"><span class='ocrx_word' id='word_1_112' title='bbox 410 1674 615 1731; x_wconf 72' lang='lat' dir='ltr'><strong>Verum</strong></span> <span class='ocrx_word' id='word_1_113' title='bbox 662 1672 806 1745; x_wconf 88' lang='lat' dir='ltr'><strong>apud</strong></span> <span class='ocrx_word' id='word_1_114' title='bbox 876 1673 978 1728; x_wconf 94' lang='lat' dir='ltr'><strong>hos</strong></span> <span class='ocrx_word' id='word_1_115' title='bbox 1031 1671 1255 1742; x_wconf 87' lang='lat' dir='ltr'><strong>quidem</strong></span> <span class='ocrx_word' id='word_1_116' title='bbox 1311 1678 1599 1742; x_wconf 76' lang='lat' dir='ltr'><strong>argentum</strong></span> <span class='ocrx_word' id='word_1_117' title='bbox 1673 1670 2000 1740; x_wconf 84' lang='lat' dir='ltr'><strong>simpliciter</strong></span> 
     </span>
    </p>
   </div>
   <div class='ocr_carea' id='block_1_16' title="bbox 1078 246 3055 325">
    <p class='ocr_par' dir='ltr' id='par_1_16' title="bbox 1078 246 3055 325">
     <span class='ocr_line' id='line_1_16' title="bbox 1078 246 3055 325; baseline -0.001 -2"><span class='ocrx_word' id='word_1_118' title='bbox 1078 263 1350 323; x_wconf 81' lang='lat' dir='ltr'><strong>EUSEBII</strong></span> <span class='ocrx_word' id='word_1_119' title='bbox 1388 246 1873 321; x_wconf 69' lang='lat' dir='ltr'><strong>CAESARIENSIS</strong></span> <span class='ocrx_word' id='word_1_120' title='bbox 1911 263 2063 322; x_wconf 79' lang='lat' dir='ltr'><strong>opp.</strong></span> <span class='ocrx_word' id='word_1_121' title='bbox 2107 266 2292 325; x_wconf 60' lang='lat' dir='ltr'><strong>rans</strong></span> <span class='ocrx_word' id='word_1_122' title='bbox 2332 268 2397 325; x_wconf 81' lang='grc' dir='ltr'><strong>ιι.</strong></span> <span class='ocrx_word' id='word_1_123' title='bbox 2438 301 2509 310; x_wconf 84' lang='grc'><strong>-</strong></span> <span class='ocrx_word' id='word_1_124' title='bbox 2547 266 3055 325; x_wconf 61' lang='lat' dir='ltr'><strong>.«poeocs&#39;nm.</strong></span> 
     </span>
    </p>
   </div>
   <div class='ocr_carea' id='block_1_17' title="bbox 414 383 2083 479">
    <p class='ocr_par' dir='ltr' id='par_1_17' title="bbox 414 383 2083 479">
     <span class='ocr_line' id='line_1_17' title="bbox 414 383 2083 479; baseline -0.003 -34"><span class='ocrx_word' id='word_1_125' title='bbox 414 388 556 446; x_wconf 83' lang='lat' dir='ltr'><strong>dixit</strong></span> <span class='ocrx_word' id='word_1_126' title='bbox 590 384 859 442; x_wconf 82' lang='lat' dir='ltr'><strong>Dominus</strong></span> <span class='ocrx_word' id='word_1_127' title='bbox 890 384 958 441; x_wconf 88' lang='lat' dir='ltr'><strong>ad</strong></span> <span class='ocrx_word' id='word_1_128' title='bbox 991 399 1099 450; x_wconf 88' lang='lat' dir='ltr'><strong>me,</strong></span> <span class='ocrx_word' id='word_1_129' title='bbox 1131 383 1355 440; x_wconf 88' lang='lat' dir='ltr'><strong>Dimitte</strong></span> <span class='ocrx_word' id='word_1_130' title='bbox 1393 399 1488 440; x_wconf 88' lang='lat' dir='ltr'><strong>eos</strong></span> <span class='ocrx_word' id='word_1_131' title='bbox 1519 385 1575 439; x_wconf 91' lang='lat' dir='ltr'><strong>in</strong></span> <span class='ocrx_word' id='word_1_132' title='bbox 1604 383 1883 440; x_wconf 81' lang='lat' dir='ltr'><strong>fornacem</strong></span> <span class='ocrx_word' id='word_1_133' title='bbox 1906 426 1921 451; x_wconf 96' lang='lat'><strong>,</strong></span> <span class='ocrx_word' id='word_1_134' title='bbox 1953 394 2008 441; x_wconf 86' lang='lat' dir='ltr'><strong>et</strong></span> <span class='ocrx_word' id='word_1_135' title='bbox 2035 421 2083 479; x_wconf 68' lang='grc' dir='ltr'><strong>Δ</strong></span> 
     </span>
    </p>
   </div>
   <div class='ocr_carea' id='block_1_18' title="bbox 3600 253 3697 309">
    <p class='ocr_par' dir='ltr' id='par_1_18' title="bbox 3600 253 3697 309">
     <span class='ocr_line' id='line_1_18' title="bbox 3600 253 3697 309; baseline -0.021 0"><span class='ocrx_word' id='word_1_136' title='bbox 3600 253 3697 309; x_wconf 71' lang='lat' dir='ltr'><strong>7U</strong></span> 
     </span>
    </p>
   </div>
   <div class='ocr_carea' id='block_1_19' title="bbox 2111 381 3701 461">
    <p class='ocr_par' dir='ltr' id='par_1_19' title="bbox 2111 381 3701 461">
     <span class='ocr_line' id='line_1_19' title="bbox 2111 381 3701 461; baseline -0.003 -19"><span class='ocrx_word' id='word_1_137' title='bbox 2111 389 2266 461; x_wconf 80' lang='grc' dir='ltr'>ὑμῶν</span> <span class='ocrx_word' id='word_1_138' title='bbox 2298 392 2415 444; x_wconf 74' lang='grc' dir='ltr'>ἐστι</span> <span class='ocrx_word' id='word_1_139' title='bbox 2438 431 2451 454; x_wconf 92' lang='grc'><strong>,</strong></span> <span class='ocrx_word' id='word_1_140' title='bbox 2483 389 2603 444; x_wconf 87' lang='grc' dir='ltr'>δότε</span> <span class='ocrx_word' id='word_1_141' title='bbox 2634 390 2727 443; x_wconf 76' lang='grc' dir='ltr'>τὸν</span> <span class='ocrx_word' id='word_1_142' title='bbox 2763 387 2955 459; x_wconf 87' lang='grc' dir='ltr'>μισθόν</span> <span class='ocrx_word' id='word_1_143' title='bbox 2988 404 3111 458; x_wconf 89' lang='grc' dir='ltr'>μου,</span> <span class='ocrx_word' id='word_1_144' title='bbox 3147 385 3180 457; x_wconf 77' lang='grc' dir='ltr'><strong>ἢ</strong></span> <span class='ocrx_word' id='word_1_145' title='bbox 3216 381 3547 439; x_wconf 79' lang='grc' dir='ltr'>ἀπείπασθε.</span> <span class='ocrx_word' id='word_1_146' title='bbox 3591 383 3701 437; x_wconf 78' lang='lat' dir='ltr'><strong>Kal</strong></span> 
     </span>
    </p>
   </div>
   <div class='ocr_carea' id='block_1_20' title="bbox 2111 473 3700 553">
    <p class='ocr_par' dir='ltr' id='par_1_20' title="bbox 2111 473 3700 553">
     <span class='ocr_line' id='line_1_20' title="bbox 2111 473 3700 553; baseline -0.004 -20"><span class='ocrx_word' id='word_1_147' title='bbox 2111 480 2345 552; x_wconf 78' lang='grc' dir='ltr'>ἔστησαν</span> <span class='ocrx_word' id='word_1_148' title='bbox 2386 480 2478 535; x_wconf 73' lang='grc' dir='ltr'><strong>τὸν</strong></span> <span class='ocrx_word' id='word_1_149' title='bbox 2526 480 2718 553; x_wconf 87' lang='grc' dir='ltr'>μισθόν</span> <span class='ocrx_word' id='word_1_150' title='bbox 2770 497 2872 551; x_wconf 90' lang='grc' dir='ltr'><strong>μου</strong></span> <span class='ocrx_word' id='word_1_151' title='bbox 2919 478 3216 551; x_wconf 81' lang='grc' dir='ltr'>τριάκοντα</span> <span class='ocrx_word' id='word_1_152' title='bbox 3247 473 3547 548; x_wconf 80' lang='grc' dir='ltr'><strong>ἀργυροῦς.</strong></span> <span class='ocrx_word' id='word_1_153' title='bbox 3593 474 3700 527; x_wconf 77' lang='lat' dir='ltr'><strong>Kal</strong></span> 
     </span>
    </p>
   </div>
   <div class='ocr_carea' id='block_1_21' title="bbox 2108 568 3699 646">
    <p class='ocr_par' dir='ltr' id='par_1_21' title="bbox 2108 568 3699 646">
     <span class='ocr_line' id='line_1_21' title="bbox 2108 568 3699 646; baseline -0.004 -18"><span class='ocrx_word' id='word_1_154' title='bbox 2108 571 2227 629; x_wconf 83' lang='grc' dir='ltr'>εἷπε</span> <span class='ocrx_word' id='word_1_155' title='bbox 2273 573 2476 646; x_wconf 84' lang='grc' dir='ltr'>Κύριος</span> <span class='ocrx_word' id='word_1_156' title='bbox 2522 575 2661 646; x_wconf 69' lang='grc' dir='ltr'>πρὸς</span> <span class='ocrx_word' id='word_1_157' title='bbox 2711 574 2808 645; x_wconf 72' lang='grc' dir='ltr'>μέο</span> <span class='ocrx_word' id='word_1_158' title='bbox 2846 572 3028 636; x_wconf 87' lang='grc' dir='ltr'>Κάθες</span> <span class='ocrx_word' id='word_1_159' title='bbox 3061 571 3259 635; x_wconf 84' lang='grc' dir='ltr'>αὐτοὺς</span> <span class='ocrx_word' id='word_1_160' title='bbox 3294 572 3378 634; x_wconf 87' lang='grc' dir='ltr'><strong>εἰς</strong></span> <span class='ocrx_word' id='word_1_161' title='bbox 3404 568 3467 623; x_wconf 76' lang='grc' dir='ltr'><strong>τὸ</strong></span> <span class='ocrx_word' id='word_1_162' title='bbox 3498 585 3699 640; x_wconf 82' lang='grc' dir='ltr'>χωνευ-</span> 
     </span>
    </p>
   </div>
   <div class='ocr_carea' id='block_1_22' title="bbox 2104 662 3700 738">
    <p class='ocr_par' dir='ltr' id='par_1_22' title="bbox 2104 662 3700 738">
     <span class='ocr_line' id='line_1_22' title="bbox 2104 662 3700 738; baseline -0.004 -19"><span class='ocrx_word' id='word_1_163' title='bbox 2104 667 2312 738; x_wconf 82' lang='grc' dir='ltr'>τήριον.</span> <span class='ocrx_word' id='word_1_164' title='bbox 2380 666 2487 720; x_wconf 75' lang='grc' dir='ltr'><strong>Καὶ</strong></span> <span class='ocrx_word' id='word_1_165' title='bbox 2537 665 2734 735; x_wconf 73' lang='grc' dir='ltr'>σκέψαι</span> <span class='ocrx_word' id='word_1_166' title='bbox 2774 666 2825 717; x_wconf 83' lang='grc' dir='ltr'><strong>εἰ</strong></span> <span class='ocrx_word' id='word_1_167' title='bbox 2869 664 3092 734; x_wconf 90' lang='grc' dir='ltr'>δόκιμόν</span> <span class='ocrx_word' id='word_1_168' title='bbox 3146 665 3330 728; x_wconf 77' lang='grc' dir='ltr'>ἐστιν,</span> <span class='ocrx_word' id='word_1_169' title='bbox 3382 662 3443 715; x_wconf 85' lang='grc' dir='ltr'><strong>δν</strong></span> <span class='ocrx_word' id='word_1_170' title='bbox 3501 663 3700 733; x_wconf 81' lang='grc' dir='ltr'>τρόπον</span> 
     </span>
    </p>
   </div>
   <div class='ocr_carea' id='block_1_23' title="bbox 2105 754 3700 832">
    <p class='ocr_par' dir='ltr' id='par_1_23' title="bbox 2105 754 3700 832">
     <span class='ocr_line' id='line_1_23' title="bbox 2105 754 3700 832; baseline -0.003 -20"><span class='ocrx_word' id='word_1_171' title='bbox 2105 758 2470 832; x_wconf 77' lang='grc' dir='ltr'><strong>ἐδοκιμάσθην</strong></span> <span class='ocrx_word' id='word_1_172' title='bbox 2526 759 2670 830; x_wconf 81' lang='grc' dir='ltr'>ὑπὲρ</span> <span class='ocrx_word' id='word_1_173' title='bbox 2723 757 2926 814; x_wconf 77' lang='grc' dir='ltr'>αὐτῶν.</span> <span class='ocrx_word' id='word_1_174' title='bbox 2973 756 3081 812; x_wconf 76' lang='grc' dir='ltr'><strong>Καὶ</strong></span> <span class='ocrx_word' id='word_1_175' title='bbox 3133 754 3327 809; x_wconf 79' lang='grc' dir='ltr'>έλαὸον</span> <span class='ocrx_word' id='word_1_176' title='bbox 3377 756 3507 818; x_wconf 78' lang='grc' dir='ltr'>τοὺς</span> <span class='ocrx_word' id='word_1_177' title='bbox 3554 754 3700 826; x_wconf 71' lang='grc' dir='ltr'>τριά-</span> 
     </span>
    </p>
   </div>
   <div class='ocr_carea' id='block_1_24' title="bbox 2104 840 3699 924">
    <p class='ocr_par' dir='ltr' id='par_1_24' title="bbox 2104 840 3699 924">
     <span class='ocr_line' id='line_1_24' title="bbox 2104 840 3699 924; baseline -0.004 -19"><span class='ocrx_word' id='word_1_178' title='bbox 2104 868 2269 905; x_wconf 88' lang='grc' dir='ltr'>κοντα</span> <span class='ocrx_word' id='word_1_179' title='bbox 2302 852 2578 924; x_wconf 81' lang='grc' dir='ltr'><strong>ἀργυροῦς</strong></span> <span class='ocrx_word' id='word_1_180' title='bbox 2600 891 2615 915; x_wconf 90' lang='grc'><strong>,</strong></span> <span class='ocrx_word' id='word_1_181' title='bbox 2650 852 2746 905; x_wconf 75' lang='grc' dir='ltr'>καὶ</span> <span class='ocrx_word' id='word_1_182' title='bbox 2783 850 3033 904; x_wconf 76' lang='grc' dir='ltr'>ἐνέϐαλον</span> <span class='ocrx_word' id='word_1_183' title='bbox 3061 850 3261 912; x_wconf 79' lang='grc' dir='ltr'>αὐτοὺς</span> <span class='ocrx_word' id='word_1_184' title='bbox 3305 850 3386 910; x_wconf 78' lang='grc' dir='ltr'>εἰς</span> <span class='ocrx_word' id='word_1_185' title='bbox 3418 846 3512 899; x_wconf 86' lang='grc' dir='ltr'>τὸν</span> <span class='ocrx_word' id='word_1_186' title='bbox 3552 840 3699 899; x_wconf 62' lang='grc' dir='ltr'>οἶκον</span> 
     </span>
    </p>
   </div>
   <div class='ocr_carea' id='block_1_25' title="bbox 2102 937 3699 1014">
    <p class='ocr_par' dir='ltr' id='par_1_25' title="bbox 2102 937 3699 1014">
     <span class='ocr_line' id='line_1_25' title="bbox 2102 937 3699 1014; baseline -0.004 -17"><span class='ocrx_word' id='word_1_187' title='bbox 2102 943 2312 1014; x_wconf 80' lang='grc' dir='ltr'>Κυρίου</span> <span class='ocrx_word' id='word_1_188' title='bbox 2342 944 2424 1007; x_wconf 81' lang='grc' dir='ltr'>εἰς</span> <span class='ocrx_word' id='word_1_189' title='bbox 2456 943 2517 997; x_wconf 85' lang='grc' dir='ltr'>τὸ</span> <span class='ocrx_word' id='word_1_190' title='bbox 2546 944 2927 1014; x_wconf 79' lang='grc' dir='ltr'>χωνευτὴριον,</span> <span class='ocrx_word' id='word_1_191' title='bbox 2963 941 3059 994; x_wconf 76' lang='grc' dir='ltr'>καὶ</span> <span class='ocrx_word' id='word_1_192' title='bbox 3079 939 3363 1012; x_wconf 76' lang='grc' dir='ltr'>ἀπέρριψα</span> <span class='ocrx_word' id='word_1_193' title='bbox 3385 937 3484 1009; x_wconf 81' lang='grc' dir='ltr'>τὴν</span> <span class='ocrx_word' id='word_1_194' title='bbox 3506 937 3699 1009; x_wconf 69' lang='grc' dir='ltr'>ρἀδον</span> 
     </span>
    </p>
   </div>
   <div class='ocr_carea' id='block_1_26' title="bbox 2102 1030 3699 1110">
    <p class='ocr_par' dir='ltr' id='par_1_26' title="bbox 2102 1030 3699 1110">
     <span class='ocr_line' id='line_1_26' title="bbox 2102 1030 3699 1110; baseline -0.007 -18"><span class='ocrx_word' id='word_1_195' title='bbox 2102 1037 2200 1110; x_wconf 81' lang='grc' dir='ltr'>τὴν</span> <span class='ocrx_word' id='word_1_196' title='bbox 2229 1038 2490 1109; x_wconf 78' lang='grc' dir='ltr'><strong>δευτέραν</strong></span> <span class='ocrx_word' id='word_1_197' title='bbox 2522 1038 2582 1091; x_wconf 84' lang='grc' dir='ltr'><strong>τὺ</strong></span> <span class='ocrx_word' id='word_1_198' title='bbox 2606 1037 2915 1107; x_wconf 88' lang='grc' dir='ltr'>σχοίνισμα,</span> <span class='ocrx_word' id='word_1_199' title='bbox 2949 1034 3044 1088; x_wconf 84' lang='grc' dir='ltr'><strong>τοῦ</strong></span> <span class='ocrx_word' id='word_1_200' title='bbox 3072 1031 3422 1087; x_wconf 79' lang='grc' dir='ltr'><strong>διασκεδάσαι</strong></span> <span class='ocrx_word' id='word_1_201' title='bbox 3451 1030 3553 1101; x_wconf 77' lang='grc' dir='ltr'>τὴν</span> <span class='ocrx_word' id='word_1_202' title='bbox 3578 1032 3699 1082; x_wconf 78' lang='grc' dir='ltr'>Δια-</span> 
     </span>
    </p>
   </div>
   <div class='ocr_carea' id='block_1_27' title="bbox 2103 1124 3699 1203">
    <p class='ocr_par' dir='ltr' id='par_1_27' title="bbox 2103 1124 3699 1203">
     <span class='ocr_line' id='line_1_27' title="bbox 2103 1124 3699 1203; baseline -0.004 -19"><span class='ocrx_word' id='word_1_203' title='bbox 2103 1131 2276 1203; x_wconf 87' lang='grc' dir='ltr'>θήκην</span> <span class='ocrx_word' id='word_1_204' title='bbox 2309 1130 2413 1185; x_wconf 86' lang='grc' dir='ltr'><strong>ἀνά</strong></span> <span class='ocrx_word' id='word_1_205' title='bbox 2448 1131 2610 1203; x_wconf 83' lang='grc' dir='ltr'>μέσον</span> <span class='ocrx_word' id='word_1_206' title='bbox 2627 1129 2795 1183; x_wconf 81' lang='grc' dir='ltr'>’ἰούδα</span> <span class='ocrx_word' id='word_1_207' title='bbox 2829 1129 2924 1184; x_wconf 71' lang='grc' dir='ltr'>καὶ</span> <span class='ocrx_word' id='word_1_208' title='bbox 2951 1127 3055 1182; x_wconf 74' lang='grc' dir='ltr'><strong>ἀνὰ</strong></span> <span class='ocrx_word' id='word_1_209' title='bbox 3091 1127 3255 1197; x_wconf 83' lang='grc' dir='ltr'>μέσον</span> <span class='ocrx_word' id='word_1_210' title='bbox 3282 1124 3557 1197; x_wconf 73' lang='grc' dir='ltr'>Ἰσραήλ.)</span> <span class='ocrx_word' id='word_1_211' title='bbox 3592 1124 3699 1177; x_wconf 78' lang='lat' dir='ltr'><strong>Kal</strong></span> 
     </span>
    </p>
   </div>
   <div class='ocr_carea' id='block_1_28' title="bbox 2101 1214 3696 1290">
    <p class='ocr_par' dir='ltr' id='par_1_28' title="bbox 2101 1214 3696 1290">
     <span class='ocr_line' id='line_1_28' title="bbox 2101 1214 3696 1290; baseline -0.006 -16"><span class='ocrx_word' id='word_1_212' title='bbox 2101 1220 2275 1274; x_wconf 87' lang='grc' dir='ltr'>ταῦτα</span> <span class='ocrx_word' id='word_1_213' title='bbox 2300 1219 2486 1283; x_wconf 80' lang='grc' dir='ltr'>τέλους</span> <span class='ocrx_word' id='word_1_214' title='bbox 2520 1220 2940 1290; x_wconf 60' lang='grc' dir='ltr'>ὲτύγχανενβτε</span> <span class='ocrx_word' id='word_1_215' title='bbox 2962 1259 2976 1283; x_wconf 98' lang='grc'><strong>,</strong></span> <span class='ocrx_word' id='word_1_216' title='bbox 3000 1217 3143 1270; x_wconf 84' lang='grc' dir='ltr'>κατὰ</span> <span class='ocrx_word' id='word_1_217' title='bbox 3184 1216 3284 1286; x_wconf 86' lang='grc' dir='ltr'>μὲν</span> <span class='ocrx_word' id='word_1_218' title='bbox 3314 1214 3407 1267; x_wconf 79' lang='grc' dir='ltr'>τὸν</span> <span class='ocrx_word' id='word_1_219' title='bbox 3441 1215 3696 1275; x_wconf 72' lang='grc' dir='ltr'>Λωκᾶν,</span> 
     </span>
    </p>
   </div>
   <div class='ocr_carea' id='block_1_29' title="bbox 2108 1305 3699 1381">
    <p class='ocr_par' dir='ltr' id='par_1_29' title="bbox 2108 1305 3699 1381">
     <span class='ocr_line' id='line_1_29' title="bbox 2108 1305 3699 1381; baseline -0.004 -16"><span class='ocrx_word' id='word_1_220' title='bbox 2108 1313 2394 1367; x_wconf 76' lang='grc' dir='ltr'>«ἀπελθὼν</span> <span class='ocrx_word' id='word_1_221' title='bbox 2435 1315 2464 1367; x_wconf 89' lang='lat'><strong>6</strong></span> <span class='ocrx_word' id='word_1_222' title='bbox 2515 1313 2717 1377; x_wconf 82' lang='grc' dir='ltr'>Ἰούδας</span> <span class='ocrx_word' id='word_1_223' title='bbox 2754 1310 3029 1366; x_wconf 86' lang='grc' dir='ltr'>συνελάλει</span> <span class='ocrx_word' id='word_1_224' title='bbox 3084 1312 3197 1372; x_wconf 82' lang='grc' dir='ltr'>τοῖς</span> <span class='ocrx_word' id='word_1_225' title='bbox 3245 1305 3566 1381; x_wconf 78' lang='grc' dir='ltr'>ἀρχιερεῦσι</span> <span class='ocrx_word' id='word_1_226' title='bbox 3606 1307 3699 1359; x_wconf 69' lang='grc' dir='ltr'>καὶ</span> 
     </span>
    </p>
   </div>
   <div class='ocr_carea' id='block_1_30' title="bbox 2103 1397 3694 1476">
    <p class='ocr_par' dir='ltr' id='par_1_30' title="bbox 2103 1397 3694 1476">
     <span class='ocr_line' id='line_1_30' title="bbox 2103 1397 3694 1476; baseline -0.03 4"><span class='ocrx_word' id='word_1_227' title='bbox 2103 1407 2428 1476; x_wconf 73' lang='grc' dir='ltr'><strong>στρατηγοῖς</strong></span> <span class='ocrx_word' id='word_1_228' title='bbox 2459 1404 2553 1458; x_wconf 82' lang='grc' dir='ltr'><strong>τοῦ</strong></span> <span class='ocrx_word' id='word_1_229' title='bbox 2606 1402 2776 1475; x_wconf 83' lang='grc' dir='ltr'>ἱεροῦ,</span> <span class='ocrx_word' id='word_1_230' title='bbox 2820 1403 2969 1464; x_wconf 85' lang='grc' dir='ltr'>ὅπως</span> <span class='ocrx_word' id='word_1_231' title='bbox 3002 1399 3164 1454; x_wconf 82' lang='grc' dir='ltr'>αὐτὸν</span> <span class='ocrx_word' id='word_1_232' title='bbox 3210 1397 3440 1470; x_wconf 79' lang='grc' dir='ltr'>παραδῷ</span> <span class='ocrx_word' id='word_1_233' title='bbox 3472 1398 3694 1459; x_wconf 63' lang='grc' dir='ltr'><strong>αὐτοῖς.</strong></span> 
     </span>
    </p>
   </div>
   <div class='ocr_carea' id='block_1_31' title="bbox 2101 1488 3693 1568">
    <p class='ocr_par' dir='ltr' id='par_1_31' title="bbox 2101 1488 3693 1568">
     <span class='ocr_line' id='line_1_31' title="bbox 2101 1488 3693 1568; baseline -0.005 -19"><span class='ocrx_word' id='word_1_234' title='bbox 2101 1497 2195 1549; x_wconf 81' lang='grc' dir='ltr'>καὶ</span> <span class='ocrx_word' id='word_1_235' title='bbox 2223 1497 2520 1568; x_wconf 80' lang='grc' dir='ltr'>ἐχάρησαν,</span> <span class='ocrx_word' id='word_1_236' title='bbox 2561 1498 2654 1551; x_wconf 89' lang='grc' dir='ltr'><strong>καί</strong></span> <span class='ocrx_word' id='word_1_237' title='bbox 2676 1495 2960 1550; x_wconf 82' lang='grc' dir='ltr'>συνέθεντο</span> <span class='ocrx_word' id='word_1_238' title='bbox 2987 1492 3138 1564; x_wconf 81' lang='grc' dir='ltr'>αὐτῷ</span> <span class='ocrx_word' id='word_1_239' title='bbox 3169 1491 3411 1565; x_wconf 89' lang='grc' dir='ltr'>ἀργύρια</span> <span class='ocrx_word' id='word_1_240' title='bbox 3436 1488 3649 1543; x_wconf 81' lang='grc' dir='ltr'>δοῦναι.</span> <span class='ocrx_word' id='word_1_241' title='bbox 3673 1508 3693 1541; x_wconf 76' lang='grc' dir='ltr'><strong>ι</strong></span> 
     </span>
    </p>
   </div>
   <div class='ocr_carea' id='block_1_32' title="bbox 2100 1584 3699 1662">
    <p class='ocr_par' dir='ltr' id='par_1_32' title="bbox 2100 1584 3699 1662">
     <span class='ocr_line' id='line_1_32' title="bbox 2100 1584 3699 1662; baseline -0.006 -18"><span class='ocrx_word' id='word_1_242' title='bbox 2100 1590 2258 1644; x_wconf 80' lang='grc' dir='ltr'><strong>Κατὰ</strong></span> <span class='ocrx_word' id='word_1_243' title='bbox 2284 1590 2341 1643; x_wconf 83' lang='grc' dir='ltr'>δὲ</span> <span class='ocrx_word' id='word_1_244' title='bbox 2360 1591 2452 1644; x_wconf 84' lang='grc' dir='ltr'>τὸν</span> <span class='ocrx_word' id='word_1_245' title='bbox 2481 1590 2728 1662; x_wconf 88' lang='grc' dir='ltr'>Μάρκον,</span> <span class='ocrx_word' id='word_1_246' title='bbox 2743 1588 2979 1661; x_wconf 86' lang='grc' dir='ltr'>ὁπηνίκα</span> <span class='ocrx_word' id='word_1_247' title='bbox 3006 1586 3244 1658; x_wconf 79' lang='grc' dir='ltr'>«ἀπῆλθε</span> <span class='ocrx_word' id='word_1_248' title='bbox 3276 1584 3413 1656; x_wconf 80' lang='grc' dir='ltr'>πρὸς</span> <span class='ocrx_word' id='word_1_249' title='bbox 3440 1585 3578 1647; x_wconf 79' lang='grc' dir='ltr'>τοὺς</span> <span class='ocrx_word' id='word_1_250' title='bbox 3602 1585 3699 1654; x_wconf 88' lang='grc' dir='ltr'>ἀρ-</span> 
     </span>
    </p>
   </div>
   <div class='ocr_carea' id='block_1_33' title="bbox 2099 1676 3699 1755">
    <p class='ocr_par' dir='ltr' id='par_1_33' title="bbox 2099 1676 3699 1755">
     <span class='ocr_line' id='line_1_33' title="bbox 2099 1676 3699 1755; baseline -0.005 -20"><span class='ocrx_word' id='word_1_251' title='bbox 2099 1685 2321 1755; x_wconf 85' lang='grc' dir='ltr'>χιερεῖς,</span> <span class='ocrx_word' id='word_1_252' title='bbox 2344 1682 2429 1736; x_wconf 81' lang='grc' dir='ltr'>ἵνα</span> <span class='ocrx_word' id='word_1_253' title='bbox 2463 1681 2689 1753; x_wconf 87' lang='grc' dir='ltr'>παραδῷ</span> <span class='ocrx_word' id='word_1_254' title='bbox 2718 1681 2900 1735; x_wconf 84' lang='grc' dir='ltr'>αὐτόν.</span> <span class='ocrx_word' id='word_1_255' title='bbox 2925 1682 2989 1735; x_wconf 86' lang='grc' dir='ltr'><strong>Οἱ</strong></span> <span class='ocrx_word' id='word_1_256' title='bbox 3009 1679 3065 1732; x_wconf 81' lang='grc' dir='ltr'>δὲ</span> <span class='ocrx_word' id='word_1_257' title='bbox 3085 1679 3383 1750; x_wconf 77' lang='grc' dir='ltr'>ἐχάρησαν,</span> <span class='ocrx_word' id='word_1_258' title='bbox 3412 1680 3513 1731; x_wconf 75' lang='grc' dir='ltr'>καὶ</span> <span class='ocrx_word' id='word_1_259' title='bbox 3532 1676 3699 1742; x_wconf 66' lang='grc' dir='ltr'>ἐπεγ-</span> 
     </span>
    </p>
   </div>
   <div class='ocr_carea' id='block_1_34' title="bbox 409 1762 1990 1844">
    <p class='ocr_par' dir='ltr' id='par_1_34' title="bbox 409 1762 1990 1835">
     <span class='ocr_line' id='line_1_34' title="bbox 409 1762 1990 1835; baseline -0.001 -12"><span class='ocrx_word' id='word_1_260' title='bbox 409 1768 753 1823; x_wconf 89' lang='lat' dir='ltr'><strong>nominatum</strong></span> <span class='ocrx_word' id='word_1_261' title='bbox 804 1772 910 1820; x_wconf 89' lang='lat' dir='ltr'><strong>est.</strong></span> <span class='ocrx_word' id='word_1_262' title='bbox 944 1763 1103 1835; x_wconf 85' lang='lat' dir='ltr'><strong>Apud</strong></span> <span class='ocrx_word' id='word_1_263' title='bbox 1142 1762 1452 1818; x_wconf 66' lang='lat' dir='ltr'><strong>Mattbaeum</strong></span> <span class='ocrx_word' id='word_1_264' title='bbox 1484 1771 1666 1818; x_wconf 89' lang='lat' dir='ltr'><strong>autem</strong></span> <span class='ocrx_word' id='word_1_265' title='bbox 1735 1779 1990 1821; x_wconf 80' lang='lat' dir='ltr'><strong>numerus</strong></span> 
     </span>
    </p>
   </div>
   <div class='ocr_carea' id='block_1_35' title="bbox 2102 1762 3701 1844">
    <p class='ocr_par' dir='ltr' id='par_1_35' title="bbox 2103 1765 3701 1844">
     <span class='ocr_line' id='line_1_35' title="bbox 2103 1765 3701 1844; baseline -0.004 -19"><span class='ocrx_word' id='word_1_266' title='bbox 2103 1772 2354 1841; x_wconf 89' lang='grc' dir='ltr'>γείλαντο</span> <span class='ocrx_word' id='word_1_267' title='bbox 2397 1773 2546 1844; x_wconf 83' lang='grc' dir='ltr'>αὐτῷ</span> <span class='ocrx_word' id='word_1_268' title='bbox 2589 1772 2829 1844; x_wconf 81' lang='grc' dir='ltr'>ἀργύρια</span> <span class='ocrx_word' id='word_1_269' title='bbox 2881 1770 3087 1825; x_wconf 88' lang='grc' dir='ltr'>δοῦναι.</span> <span class='ocrx_word' id='word_1_270' title='bbox 3136 1788 3154 1821; x_wconf 73' lang='grc' dir='ltr'><strong>ι</strong></span> <span class='ocrx_word' id='word_1_271' title='bbox 3195 1768 3331 1822; x_wconf 80' lang='grc' dir='ltr'>Ἀλλ’</span> <span class='ocrx_word' id='word_1_272' title='bbox 3377 1769 3436 1820; x_wconf 79' lang='grc' dir='ltr'>ἐν</span> <span class='ocrx_word' id='word_1_273' title='bbox 3486 1765 3701 1827; x_wconf 84' lang='grc' dir='ltr'>τούτοις</span> 
     </span>
    </p>
   </div>
   <div class='ocr_carea' id='block_1_36' title="bbox 408 1856 1996 1931">
    <p class='ocr_par' dir='ltr' id='par_1_36' title="bbox 408 1856 1996 1931">
     <span class='ocr_line' id='line_1_36' title="bbox 408 1856 1996 1931; baseline -0.004 -15"><span class='ocrx_word' id='word_1_274' title='bbox 408 1875 631 1931; x_wconf 89' lang='lat' dir='ltr'><strong>quoque</strong></span> <span class='ocrx_word' id='word_1_275' title='bbox 658 1858 956 1922; x_wconf 88' lang='lat' dir='ltr'><strong>indicatur,</strong></span> <span class='ocrx_word' id='word_1_276' title='bbox 989 1856 1084 1927; x_wconf 90' lang='lat' dir='ltr'><strong>qui</strong></span> <span class='ocrx_word' id='word_1_277' title='bbox 1117 1860 1250 1911; x_wconf 89' lang='lat' dir='ltr'><strong>sane</strong></span> <span class='ocrx_word' id='word_1_278' title='bbox 1279 1856 1349 1910; x_wconf 90' lang='lat' dir='ltr'><strong>ab</strong></span> <span class='ocrx_word' id='word_1_279' title='bbox 1379 1872 1444 1912; x_wconf 91' lang='lat' dir='ltr'><strong>eo</strong></span> <span class='ocrx_word' id='word_1_280' title='bbox 1479 1872 1640 1927; x_wconf 89' lang='lat' dir='ltr'><strong>quem</strong></span> <span class='ocrx_word' id='word_1_281' title='bbox 1675 1857 1861 1927; x_wconf 89' lang='lat' dir='ltr'><strong>posuit</strong></span> <span class='ocrx_word' id='word_1_282' title='bbox 1888 1857 1996 1910; x_wconf 86' lang='lat' dir='ltr'><strong>Za-</strong></span> 
     </span>
    </p>
   </div>
   <div class='ocr_carea' id='block_1_37' title="bbox 408 1948 1992 2020">
    <p class='ocr_par' dir='ltr' id='par_1_37' title="bbox 408 1948 1992 2020">
     <span class='ocr_line' id='line_1_37' title="bbox 408 1948 1992 2020; baseline -0.004 -11"><span class='ocrx_word' id='word_1_283' title='bbox 408 1953 629 2009; x_wconf 86' lang='lat' dir='ltr'><strong>charias</strong></span> <span class='ocrx_word' id='word_1_284' title='bbox 653 1952 880 2006; x_wconf 89' lang='lat' dir='ltr'><strong>minime</strong></span> <span class='ocrx_word' id='word_1_285' title='bbox 912 1950 1208 2019; x_wconf 81' lang='lat' dir='ltr'><strong>discrepat.</strong></span> <span class='ocrx_word' id='word_1_286' title='bbox 1258 1948 1402 2003; x_wconf 87' lang='lat' dir='ltr'><strong>Dicit</strong></span> <span class='ocrx_word' id='word_1_287' title='bbox 1451 1949 1617 2020; x_wconf 84' lang='lat' dir='ltr'><strong>igitur</strong></span> <span class='ocrx_word' id='word_1_288' title='bbox 1663 1948 1992 2005; x_wconf 63' lang='lat' dir='ltr'><strong>Matthazus:</strong></span> 
     </span>
    </p>
   </div>
   <div class='ocr_carea' id='block_1_38' title="bbox 414 2040 1998 2113">
    <p class='ocr_par' dir='ltr' id='par_1_38' title="bbox 414 2040 1998 2113">
     <span class='ocr_line' id='line_1_38' title="bbox 414 2040 1998 2113; baseline -0.003 -14"><span class='ocrx_word' id='word_1_289' title='bbox 414 2066 435 2099; x_wconf 76' lang='grc' dir='ltr'><strong>ι</strong></span> <span class='ocrx_word' id='word_1_290' title='bbox 468 2046 623 2101; x_wconf 90' lang='lat' dir='ltr'><strong>Tunc</strong></span> <span class='ocrx_word' id='word_1_291' title='bbox 656 2046 845 2100; x_wconf 83' lang='lat' dir='ltr'><strong>abiens</strong></span> <span class='ocrx_word' id='word_1_292' title='bbox 875 2059 1020 2099; x_wconf 90' lang='lat' dir='ltr'><strong>unus</strong></span> <span class='ocrx_word' id='word_1_293' title='bbox 1052 2043 1121 2098; x_wconf 90' lang='lat' dir='ltr'><strong>de</strong></span> <span class='ocrx_word' id='word_1_294' title='bbox 1140 2042 1450 2105; x_wconf 79' lang='lat' dir='ltr'><strong>duodecim,</strong></span> <span class='ocrx_word' id='word_1_295' title='bbox 1474 2043 1567 2113; x_wconf 85' lang='lat' dir='ltr'><strong>qui</strong></span> <span class='ocrx_word' id='word_1_296' title='bbox 1595 2042 1799 2096; x_wconf 91' lang='lat' dir='ltr'><strong>dicitur</strong></span> <span class='ocrx_word' id='word_1_297' title='bbox 1829 2040 1998 2096; x_wconf 72' lang='lat' dir='ltr'><strong>Iudas</strong></span> 
     </span>
    </p>
   </div>
   <div class='ocr_carea' id='block_1_39' title="bbox 407 2134 1996 2208">
    <p class='ocr_par' dir='ltr' id='par_1_39' title="bbox 407 2134 1996 2208">
     <span class='ocr_line' id='line_1_39' title="bbox 407 2134 1996 2208; baseline -0.004 -13"><span class='ocrx_word' id='word_1_298' title='bbox 407 2140 721 2203; x_wconf 84' lang='lat' dir='ltr'><strong>lscariotes,</strong></span> <span class='ocrx_word' id='word_1_299' title='bbox 741 2138 808 2191; x_wconf 91' lang='lat' dir='ltr'><strong>ad</strong></span> <span class='ocrx_word' id='word_1_300' title='bbox 836 2138 1115 2208; x_wconf 89' lang='lat' dir='ltr'><strong>principes</strong></span> <span class='ocrx_word' id='word_1_301' title='bbox 1139 2134 1515 2200; x_wconf 87' lang='lat' dir='ltr'><strong>sacerdotum,</strong></span> <span class='ocrx_word' id='word_1_302' title='bbox 1533 2135 1672 2189; x_wconf 83' lang='lat' dir='ltr'><strong>dixit</strong></span> <span class='ocrx_word' id='word_1_303' title='bbox 1702 2136 1783 2190; x_wconf 90' lang='lat' dir='ltr'><strong>eis</strong></span> <span class='ocrx_word' id='word_1_304' title='bbox 1809 2154 1823 2190; x_wconf 88' lang='lat'><strong>:</strong></span> <span class='ocrx_word' id='word_1_305' title='bbox 1855 2134 1996 2201; x_wconf 77' lang='lat' dir='ltr'><strong>Quid</strong></span> 
     </span>
    </p>
   </div>
   <div class='ocr_carea' id='block_1_40' title="bbox 407 2226 1996 2298">
    <p class='ocr_par' dir='ltr' id='par_1_40' title="bbox 407 2226 1996 2298">
     <span class='ocr_line' id='line_1_40' title="bbox 407 2226 1996 2298; baseline -0.002 -13"><span class='ocrx_word' id='word_1_306' title='bbox 407 2234 575 2289; x_wconf 82' lang='lat' dir='ltr'><strong>vultis</strong></span> <span class='ocrx_word' id='word_1_307' title='bbox 608 2231 739 2286; x_wconf 86' lang='lat' dir='ltr'><strong>mihi</strong></span> <span class='ocrx_word' id='word_1_308' title='bbox 766 2229 919 2293; x_wconf 84' lang='lat' dir='ltr'><strong>dare,</strong></span> <span class='ocrx_word' id='word_1_309' title='bbox 948 2237 1003 2284; x_wconf 92' lang='lat' dir='ltr'><strong>et</strong></span> <span class='ocrx_word' id='word_1_310' title='bbox 1033 2244 1132 2298; x_wconf 87' lang='lat' dir='ltr'><strong>ego</strong></span> <span class='ocrx_word' id='word_1_311' title='bbox 1155 2243 1280 2282; x_wconf 92' lang='lat' dir='ltr'><strong>eum</strong></span> <span class='ocrx_word' id='word_1_312' title='bbox 1307 2227 1464 2282; x_wconf 81' lang='lat' dir='ltr'><strong>vobis</strong></span> <span class='ocrx_word' id='word_1_313' title='bbox 1494 2226 1755 2281; x_wconf 85' lang='lat' dir='ltr'><strong>tradam?</strong></span> <span class='ocrx_word' id='word_1_314' title='bbox 1780 2228 1858 2281; x_wconf 90' lang='lat' dir='ltr'><strong>illi</strong></span> <span class='ocrx_word' id='word_1_315' title='bbox 1893 2244 1996 2282; x_wconf 83' lang='lat' dir='ltr'><strong>au-</strong></span> 
     </span>
    </p>
   </div>
   <div class='ocr_carea' id='block_1_41' title="bbox 406 2318 1997 2392">
    <p class='ocr_par' dir='ltr' id='par_1_41' title="bbox 406 2318 1997 2392">
     <span class='ocr_line' id='line_1_41' title="bbox 406 2318 1997 2392; baseline -0.003 -13"><span class='ocrx_word' id='word_1_316' title='bbox 406 2333 516 2381; x_wconf 83' lang='lat' dir='ltr'><strong>tem</strong></span> <span class='ocrx_word' id='word_1_317' title='bbox 545 2325 954 2380; x_wconf 78' lang='lat' dir='ltr'><strong>constituerunt</strong></span> <span class='ocrx_word' id='word_1_318' title='bbox 994 2321 1042 2375; x_wconf 90' lang='lat' dir='ltr'><strong>ei</strong></span> <span class='ocrx_word' id='word_1_319' title='bbox 1073 2320 1298 2392; x_wconf 79' lang='lat' dir='ltr'><strong>triginta</strong></span> <span class='ocrx_word' id='word_1_320' title='bbox 1328 2326 1564 2374; x_wconf 86' lang='lat' dir='ltr'><strong>stateres</strong></span> <span class='ocrx_word' id='word_1_321' title='bbox 1595 2319 1664 2374; x_wconf 66' lang='lat'><strong>7&#39;.</strong></span> <span class='ocrx_word' id='word_1_322' title='bbox 1695 2338 1715 2372; x_wconf 85' lang='grc'><strong>›</strong></span> <span class='ocrx_word' id='word_1_323' title='bbox 1748 2318 1997 2376; x_wconf 82' lang='lat' dir='ltr'><strong>Consen-</strong></span> 
     </span>
    </p>
   </div>
   <div class='ocr_carea' id='block_1_42' title="bbox 405 2412 1994 2487">
    <p class='ocr_par' dir='ltr' id='par_1_42' title="bbox 405 2412 1994 2487">
     <span class='ocr_line' id='line_1_42' title="bbox 405 2412 1994 2487; baseline -0.003 -16"><span class='ocrx_word' id='word_1_324' title='bbox 405 2426 567 2472; x_wconf 86' lang='lat' dir='ltr'><strong>tanea</strong></span> <span class='ocrx_word' id='word_1_325' title='bbox 590 2416 753 2487; x_wconf 87' lang='lat' dir='ltr'><strong>igitur</strong></span> <span class='ocrx_word' id='word_1_326' title='bbox 781 2415 895 2470; x_wconf 66' lang='lat' dir='ltr'><strong>haec</strong></span> <span class='ocrx_word' id='word_1_327' title='bbox 923 2422 1051 2469; x_wconf 89' lang='lat' dir='ltr'><strong>sunt</strong></span> <span class='ocrx_word' id='word_1_328' title='bbox 1088 2413 1135 2467; x_wconf 92' lang='lat' dir='ltr'><strong>ei</strong></span> <span class='ocrx_word' id='word_1_329' title='bbox 1170 2412 1316 2482; x_wconf 89' lang='lat' dir='ltr'><strong>quod</strong></span> <span class='ocrx_word' id='word_1_330' title='bbox 1360 2412 1414 2466; x_wconf 90' lang='lat' dir='ltr'><strong>in</strong></span> <span class='ocrx_word' id='word_1_331' title='bbox 1446 2412 1735 2482; x_wconf 85' lang='lat' dir='ltr'><strong>prophetia</strong></span> <span class='ocrx_word' id='word_1_332' title='bbox 1786 2412 1994 2467; x_wconf 90' lang='lat' dir='ltr'><strong>dictum</strong></span> 
     </span>
    </p>
   </div>
   <div class='ocr_carea' id='block_1_43' title="bbox 405 2503 1991 2565">
    <p class='ocr_par' dir='ltr' id='par_1_43' title="bbox 405 2503 1991 2565">
     <span class='ocr_line' id='line_1_43' title="bbox 405 2503 1991 2565; baseline -0.003 -2"><span class='ocrx_word' id='word_1_333' title='bbox 405 2517 541 2565; x_wconf 87' lang='lat' dir='ltr'><strong>esta</strong></span> <span class='ocrx_word' id='word_1_334' title='bbox 579 2506 847 2562; x_wconf 89' lang='lat' dir='ltr'><strong>Domino:</strong></span> <span class='ocrx_word' id='word_1_335' title='bbox 886 2524 906 2557; x_wconf 82' lang='grc' dir='ltr'><strong>ι</strong></span> <span class='ocrx_word' id='word_1_336' title='bbox 942 2504 1008 2559; x_wconf 87' lang='lat' dir='ltr'><strong>Et</strong></span> <span class='ocrx_word' id='word_1_337' title='bbox 1034 2505 1441 2559; x_wconf 83' lang='lat' dir='ltr'><strong>constituerunt</strong></span> <span class='ocrx_word' id='word_1_338' title='bbox 1470 2503 1779 2560; x_wconf 86' lang='lat' dir='ltr'><strong>mercedem</strong></span> <span class='ocrx_word' id='word_1_339' title='bbox 1814 2521 1991 2559; x_wconf 86' lang='lat' dir='ltr'><strong>meam</strong></span> 
     </span>
    </p>
   </div>
   <div class='ocr_carea' id='block_1_44' title="bbox 408 2594 1996 2672">
    <p class='ocr_par' dir='ltr' id='par_1_44' title="bbox 408 2594 1996 2672">
     <span class='ocr_line' id='line_1_44' title="bbox 408 2594 1996 2672; baseline -0.003 -18"><span class='ocrx_word' id='word_1_340' title='bbox 408 2601 634 2672; x_wconf 85' lang='lat' dir='ltr'><strong>triginta</strong></span> <span class='ocrx_word' id='word_1_341' title='bbox 683 2606 998 2669; x_wconf 84' lang='lat' dir='ltr'><strong>argenteos.</strong></span> <span class='ocrx_word' id='word_1_342' title='bbox 1051 2615 1070 2647; x_wconf 73' lang='grc' dir='ltr'><strong>ι</strong></span> <span class='ocrx_word' id='word_1_343' title='bbox 1137 2594 1245 2651; x_wconf 88' lang='lat' dir='ltr'><strong>Pro</strong></span> <span class='ocrx_word' id='word_1_344' title='bbox 1296 2610 1405 2665; x_wconf 91' lang='lat' dir='ltr'><strong>quo</strong></span> <span class='ocrx_word' id='word_1_345' title='bbox 1459 2595 1822 2667; x_wconf 84' lang='lat' dir='ltr'><strong>Symmachus</strong></span> <span class='ocrx_word' id='word_1_346' title='bbox 1872 2598 1996 2667; x_wconf 90' lang='lat' dir='ltr'><strong>qui-</strong></span> 
     </span>
    </p>
   </div>
   <div class='ocr_carea' id='block_1_45' title="bbox 404 2687 1993 2759">
    <p class='ocr_par' dir='ltr' id='par_1_45' title="bbox 404 2687 1993 2759">
     <span class='ocr_line' id='line_1_45' title="bbox 404 2687 1993 2759; baseline -0.004 -11"><span class='ocrx_word' id='word_1_347' title='bbox 404 2693 528 2748; x_wconf 90' lang='lat' dir='ltr'><strong>dem</strong></span> <span class='ocrx_word' id='word_1_348' title='bbox 580 2691 694 2746; x_wconf 89' lang='lat' dir='ltr'><strong>ait:</strong></span> <span class='ocrx_word' id='word_1_349' title='bbox 736 2708 755 2742; x_wconf 76' lang='grc' dir='ltr'><strong>ι</strong></span> <span class='ocrx_word' id='word_1_350' title='bbox 810 2688 879 2744; x_wconf 84' lang='grc' dir='ltr'>Ει</span> <span class='ocrx_word' id='word_1_351' title='bbox 931 2687 1410 2759; x_wconf 87' lang='lat' dir='ltr'><strong>apprehenderunt</strong></span> <span class='ocrx_word' id='word_1_352' title='bbox 1462 2689 1768 2744; x_wconf 89' lang='lat' dir='ltr'><strong>mercedem</strong></span> <span class='ocrx_word' id='word_1_353' title='bbox 1818 2704 1993 2744; x_wconf 90' lang='lat' dir='ltr'><strong>meam</strong></span> 
     </span>
    </p>
   </div>
   <div class='ocr_carea' id='block_1_46' title="bbox 403 2779 1995 2857">
    <p class='ocr_par' dir='ltr' id='par_1_46' title="bbox 403 2779 1995 2857">
     <span class='ocr_line' id='line_1_46' title="bbox 403 2779 1995 2857; baseline -0.003 -18"><span class='ocrx_word' id='word_1_354' title='bbox 403 2784 625 2857; x_wconf 88' lang='lat' dir='ltr'><strong>triginta</strong></span> <span class='ocrx_word' id='word_1_355' title='bbox 673 2792 983 2855; x_wconf 87' lang='lat' dir='ltr'><strong>argenteos.</strong></span> <span class='ocrx_word' id='word_1_356' title='bbox 1017 2801 1037 2833; x_wconf 76' lang='grc' dir='ltr'><strong>ι</strong></span> <span class='ocrx_word' id='word_1_357' title='bbox 1094 2781 1290 2851; x_wconf 89' lang='lat' dir='ltr'><strong>Aquila</strong></span> <span class='ocrx_word' id='word_1_358' title='bbox 1324 2795 1493 2836; x_wconf 91' lang='lat' dir='ltr'><strong>vero:</strong></span> <span class='ocrx_word' id='word_1_359' title='bbox 1535 2798 1556 2833; x_wconf 75' lang='grc' dir='ltr'><strong>ι</strong></span> <span class='ocrx_word' id='word_1_360' title='bbox 1596 2779 1663 2834; x_wconf 87' lang='grc' dir='ltr'><strong>Ει</strong></span> <span class='ocrx_word' id='word_1_361' title='bbox 1693 2781 1995 2836; x_wconf 85' lang='lat' dir='ltr'><strong>constitue-</strong></span> 
     </span>
    </p>
   </div>
   <div class='ocr_carea' id='block_1_47' title="bbox 400 2873 1995 2945">
    <p class='ocr_par' dir='ltr' id='par_1_47' title="bbox 400 2873 1995 2945">
     <span class='ocr_line' id='line_1_47' title="bbox 400 2873 1995 2945; baseline -0.003 -14"><span class='ocrx_word' id='word_1_362' title='bbox 400 2884 534 2933; x_wconf 87' lang='lat' dir='ltr'><strong>runt</strong></span> <span class='ocrx_word' id='word_1_363' title='bbox 580 2875 887 2933; x_wconf 87' lang='lat' dir='ltr'><strong>mercedem</strong></span> <span class='ocrx_word' id='word_1_364' title='bbox 922 2887 1099 2930; x_wconf 90' lang='lat' dir='ltr'><strong>meam</strong></span> <span class='ocrx_word' id='word_1_365' title='bbox 1124 2873 1351 2944; x_wconf 87' lang='lat' dir='ltr'><strong>triginta</strong></span> <span class='ocrx_word' id='word_1_366' title='bbox 1390 2880 1701 2945; x_wconf 84' lang='lat' dir='ltr'><strong>argenteos,</strong></span> <span class='ocrx_word' id='word_1_367' title='bbox 1737 2891 1755 2925; x_wconf 75' lang='grc' dir='ltr'><strong>ι</strong></span> <span class='ocrx_word' id='word_1_368' title='bbox 1791 2873 1995 2943; x_wconf 87' lang='lat' dir='ltr'><strong>quibus</strong></span> 
     </span>
    </p>
   </div>
   <div class='ocr_carea' id='block_1_48' title="bbox 402 2963 1995 3039">
    <p class='ocr_par' dir='ltr' id='par_1_48' title="bbox 402 2963 1995 3039">
     <span class='ocr_line' id='line_1_48' title="bbox 402 2963 1995 3039; baseline -0.004 -15"><span class='ocrx_word' id='word_1_369' title='bbox 402 2969 537 3025; x_wconf 86' lang='lat' dir='ltr'><strong>illud</strong></span> <span class='ocrx_word' id='word_1_370' title='bbox 571 2969 931 3039; x_wconf 72' lang='lat' dir='ltr'><strong>adiungitur:</strong></span> <span class='ocrx_word' id='word_1_371' title='bbox 982 2983 1003 3018; x_wconf 75' lang='grc' dir='ltr'><strong>ι</strong></span> <span class='ocrx_word' id='word_1_372' title='bbox 1040 2966 1109 3021; x_wconf 88' lang='grc' dir='ltr'>Ει</span> <span class='ocrx_word' id='word_1_373' title='bbox 1136 2964 1277 3020; x_wconf 81' lang='lat' dir='ltr'><strong>dixit</strong></span> <span class='ocrx_word' id='word_1_374' title='bbox 1322 2963 1588 3020; x_wconf 89' lang='lat' dir='ltr'><strong>Dominus</strong></span> <span class='ocrx_word' id='word_1_375' title='bbox 1623 2965 1690 3019; x_wconf 90' lang='lat' dir='ltr'><strong>ad</strong></span> <span class='ocrx_word' id='word_1_376' title='bbox 1738 2980 1866 3020; x_wconf 87' lang='lat' dir='ltr'><strong>me:</strong></span> <span class='ocrx_word' id='word_1_377' title='bbox 1901 2963 1995 3018; x_wconf 67' lang='lat' dir='ltr'><strong>Dio</strong></span> 
     </span>
    </p>
   </div>
   <div class='ocr_carea' id='block_1_49' title="bbox 399 3056 1987 3127">
    <p class='ocr_par' dir='ltr' id='par_1_49' title="bbox 399 3056 1987 3127">
     <span class='ocr_line' id='line_1_49' title="bbox 399 3056 1987 3127; baseline -0.004 -10"><span class='ocrx_word' id='word_1_378' title='bbox 399 3062 559 3118; x_wconf 85' lang='lat' dir='ltr'><strong>mitte</strong></span> <span class='ocrx_word' id='word_1_379' title='bbox 585 3075 680 3118; x_wconf 91' lang='lat' dir='ltr'><strong>eos</strong></span> <span class='ocrx_word' id='word_1_380' title='bbox 708 3061 764 3117; x_wconf 91' lang='lat' dir='ltr'><strong>in</strong></span> <span class='ocrx_word' id='word_1_381' title='bbox 796 3060 1098 3125; x_wconf 80' lang='lat' dir='ltr'><strong>fornacem,</strong></span> <span class='ocrx_word' id='word_1_382' title='bbox 1127 3065 1184 3113; x_wconf 91' lang='lat' dir='ltr'><strong>et</strong></span> <span class='ocrx_word' id='word_1_383' title='bbox 1228 3057 1354 3113; x_wconf 88' lang='lat' dir='ltr'><strong>vide</strong></span> <span class='ocrx_word' id='word_1_384' title='bbox 1383 3072 1513 3111; x_wconf 89' lang='lat' dir='ltr'><strong>num</strong></span> <span class='ocrx_word' id='word_1_385' title='bbox 1550 3056 1842 3127; x_wconf 80' lang='lat' dir='ltr'><strong>probatum</strong></span> <span class='ocrx_word' id='word_1_386' title='bbox 1878 3057 1987 3122; x_wconf 88' lang='lat' dir='ltr'><strong>sit,</strong></span> 
     </span>
    </p>
   </div>
   <div class='ocr_carea' id='block_1_50' title="bbox 2106 1858 3700 1937">
    <p class='ocr_par' dir='ltr' id='par_1_50' title="bbox 2106 1858 3700 1937">
     <span class='ocr_line' id='line_1_50' title="bbox 2106 1858 3700 1937; baseline -0.004 -19"><span class='ocrx_word' id='word_1_387' title='bbox 2106 1864 2203 1934; x_wconf 83' lang='grc' dir='ltr'>μὲν</span> <span class='ocrx_word' id='word_1_388' title='bbox 2230 1864 2417 1929; x_wconf 85' lang='grc' dir='ltr'>ἁπλῶς</span> <span class='ocrx_word' id='word_1_389' title='bbox 2447 1865 2509 1918; x_wconf 86' lang='grc' dir='ltr'>τὸ</span> <span class='ocrx_word' id='word_1_390' title='bbox 2530 1864 2791 1937; x_wconf 90' lang='grc' dir='ltr'>ἀργύριον</span> <span class='ocrx_word' id='word_1_391' title='bbox 2814 1863 3151 1935; x_wconf 82' lang='grc' dir='ltr'>ὠνόμασται·</span> <span class='ocrx_word' id='word_1_392' title='bbox 3178 1861 3332 1934; x_wconf 83' lang='grc' dir='ltr'>παρὰ</span> <span class='ocrx_word' id='word_1_393' title='bbox 3357 1861 3415 1914; x_wconf 82' lang='grc' dir='ltr'>δὲ</span> <span class='ocrx_word' id='word_1_394' title='bbox 3439 1858 3528 1930; x_wconf 80' lang='grc' dir='ltr'><strong>τῷ</strong></span> <span class='ocrx_word' id='word_1_395' title='bbox 3554 1860 3700 1913; x_wconf 69' lang='grc' dir='ltr'>Ματ-</span> 
     </span>
    </p>
   </div>
   <div class='ocr_carea' id='block_1_51' title="bbox 2103 1951 3702 2027">
    <p class='ocr_par' dir='ltr' id='par_1_51' title="bbox 2103 1951 3702 2027">
     <span class='ocr_line' id='line_1_51' title="bbox 2103 1951 3702 2027; baseline -0.003 -19"><span class='ocrx_word' id='word_1_396' title='bbox 2103 1955 2240 2026; x_wconf 84' lang='grc' dir='ltr'>θαίῳ</span> <span class='ocrx_word' id='word_1_397' title='bbox 2274 1956 2670 2027; x_wconf 80' lang='grc' dir='ltr'><strong>μνημονεύεται</strong></span> <span class='ocrx_word' id='word_1_398' title='bbox 2713 1955 2807 2008; x_wconf 80' lang='grc' dir='ltr'>καὶ</span> <span class='ocrx_word' id='word_1_399' title='bbox 2847 1957 2876 2009; x_wconf 92' lang='lat'><strong>6</strong></span> <span class='ocrx_word' id='word_1_400' title='bbox 2922 1953 3174 2026; x_wconf 72' lang='grc' dir='ltr'>ἀριθμὸς,</span> <span class='ocrx_word' id='word_1_401' title='bbox 3212 1953 3452 2024; x_wconf 77' lang='grc' dir='ltr'>συνᾴδων</span> <span class='ocrx_word' id='word_1_402' title='bbox 3487 1954 3558 2022; x_wconf 79' lang='grc' dir='ltr'><strong>τῇ</strong></span> <span class='ocrx_word' id='word_1_403' title='bbox 3593 1951 3702 2004; x_wconf 75' lang='grc' dir='ltr'>ἀπὸ</span> 
     </span>
    </p>
   </div>
   <div class='ocr_carea' id='block_1_52' title="bbox 2099 2040 3696 2120">
    <p class='ocr_par' dir='ltr' id='par_1_52' title="bbox 2099 2040 3696 2120">
     <span class='ocr_line' id='line_1_52' title="bbox 2099 2040 3696 2120; baseline -0.002 -21"><span class='ocrx_word' id='word_1_404' title='bbox 2099 2046 2194 2100; x_wconf 89' lang='grc' dir='ltr'><strong>τοῦ</strong></span> <span class='ocrx_word' id='word_1_405' title='bbox 2224 2048 2493 2119; x_wconf 81' lang='grc' dir='ltr'>Ζαχαρίου</span> <span class='ocrx_word' id='word_1_406' title='bbox 2528 2046 2852 2120; x_wconf 82' lang='grc' dir='ltr'>παραθέσει.</span> <span class='ocrx_word' id='word_1_407' title='bbox 2884 2048 3047 2115; x_wconf 83' lang='grc' dir='ltr'>Λέγει</span> <span class='ocrx_word' id='word_1_408' title='bbox 3083 2046 3129 2100; x_wconf 79' lang='grc' dir='ltr'>δ’</span> <span class='ocrx_word' id='word_1_409' title='bbox 3171 2040 3265 2099; x_wconf 75' lang='grc' dir='ltr'>οὖν</span> <span class='ocrx_word' id='word_1_410' title='bbox 3304 2047 3334 2098; x_wconf 86' lang='lat'><strong>6</strong></span> <span class='ocrx_word' id='word_1_411' title='bbox 3374 2043 3696 2106; x_wconf 81' lang='grc' dir='ltr'>Ματθαῖος’</span> 
     </span>
    </p>
   </div>
   <div class='ocr_carea' id='block_1_53' title="bbox 2108 2135 3701 2212">
    <p class='ocr_par' dir='ltr' id='par_1_53' title="bbox 2108 2135 3701 2212">
     <span class='ocr_line' id='line_1_53' title="bbox 2108 2135 3701 2212; baseline -0.001 -22"><span class='ocrx_word' id='word_1_412' title='bbox 2108 2163 2124 2190; x_wconf 78' lang='grc' dir='ltr'><strong>ι</strong></span> <span class='ocrx_word' id='word_1_413' title='bbox 2145 2141 2279 2193; x_wconf 82' lang='grc' dir='ltr'>Τότε</span> <span class='ocrx_word' id='word_1_414' title='bbox 2309 2140 2593 2212; x_wconf 77' lang='grc' dir='ltr'>πορευθεὶς</span> <span class='ocrx_word' id='word_1_415' title='bbox 2613 2135 2695 2203; x_wconf 78' lang='grc' dir='ltr'>εἷς</span> <span class='ocrx_word' id='word_1_416' title='bbox 2721 2138 2831 2192; x_wconf 83' lang='grc' dir='ltr'>τῶν</span> <span class='ocrx_word' id='word_1_417' title='bbox 2862 2137 3091 2205; x_wconf 78' lang='grc' dir='ltr'>δώδεκα,</span> <span class='ocrx_word' id='word_1_418' title='bbox 3115 2141 3145 2192; x_wconf 83' lang='lat'><strong>6</strong></span> <span class='ocrx_word' id='word_1_419' title='bbox 3166 2139 3463 2210; x_wconf 83' lang='grc' dir='ltr'>λεγόμενος</span> <span class='ocrx_word' id='word_1_420' title='bbox 3498 2136 3701 2198; x_wconf 45' lang='lat' dir='ltr'><strong>’lo-Taﬁa;</strong></span> 
     </span>
    </p>
   </div>
   <div class='ocr_carea' id='block_1_54' title="bbox 2112 2229 3699 2306">
    <p class='ocr_par' dir='ltr' id='par_1_54' title="bbox 2112 2229 3699 2306">
     <span class='ocr_line' id='line_1_54' title="bbox 2112 2229 3699 2306; baseline -0.001 -20"><span class='ocrx_word' id='word_1_421' title='bbox 2112 2231 2484 2304; x_wconf 76' lang='grc' dir='ltr'>Ἰσκαριώτης,</span> <span class='ocrx_word' id='word_1_422' title='bbox 2522 2232 2659 2304; x_wconf 84' lang='grc' dir='ltr'>πρὸς</span> <span class='ocrx_word' id='word_1_423' title='bbox 2688 2233 2816 2297; x_wconf 74' lang='grc' dir='ltr'>τοὺς</span> <span class='ocrx_word' id='word_1_424' title='bbox 2842 2233 3153 2306; x_wconf 80' lang='grc' dir='ltr'>ἀρχιερεῖς,</span> <span class='ocrx_word' id='word_1_425' title='bbox 3187 2229 3340 2287; x_wconf 78' lang='grc' dir='ltr'>εἶπεν</span> <span class='ocrx_word' id='word_1_426' title='bbox 3372 2234 3565 2298; x_wconf 77' lang='grc' dir='ltr'>αὐτοῖς</span> <span class='ocrx_word' id='word_1_427' title='bbox 3584 2250 3598 2263; x_wconf 93' lang='grc'><strong>·</strong></span> <span class='ocrx_word' id='word_1_428' title='bbox 3635 2233 3699 2285; x_wconf 83' lang='grc' dir='ltr'>Τί</span> 
     </span>
    </p>
   </div>
   <div class='ocr_carea' id='block_1_55' title="bbox 2100 2322 3697 2397">
    <p class='ocr_par' dir='ltr' id='par_1_55' title="bbox 2100 2322 3697 2397">
     <span class='ocr_line' id='line_1_55' title="bbox 2100 2322 3697 2397; baseline -0.001 -19"><span class='ocrx_word' id='word_1_429' title='bbox 2100 2323 2283 2378; x_wconf 81' lang='grc' dir='ltr'>θέλετέ</span> <span class='ocrx_word' id='word_1_430' title='bbox 2308 2341 2396 2395; x_wconf 85' lang='grc' dir='ltr'><strong>μοι</strong></span> <span class='ocrx_word' id='word_1_431' title='bbox 2431 2322 2655 2389; x_wconf 82' lang='grc' dir='ltr'>δοῦναι,</span> <span class='ocrx_word' id='word_1_432' title='bbox 2692 2322 2850 2395; x_wconf 82' lang='grc' dir='ltr'>κάγὼ</span> <span class='ocrx_word' id='word_1_433' title='bbox 2885 2325 3013 2396; x_wconf 74' lang='grc' dir='ltr'>ὑμῖν</span> <span class='ocrx_word' id='word_1_434' title='bbox 3047 2324 3357 2397; x_wconf 84' lang='grc' dir='ltr'>παραδώσω</span> <span class='ocrx_word' id='word_1_435' title='bbox 3388 2325 3605 2390; x_wconf 86' lang='grc' dir='ltr'>αὐτόν;</span> <span class='ocrx_word' id='word_1_436' title='bbox 3636 2327 3697 2379; x_wconf 77' lang='lat' dir='ltr'><strong>Ol</strong></span> 
     </span>
    </p>
   </div>
   <div class='ocr_carea' id='block_1_56' title="bbox 2098 2415 3699 2489">
    <p class='ocr_par' dir='ltr' id='par_1_56' title="bbox 2098 2415 3699 2489">
     <span class='ocr_line' id='line_1_56' title="bbox 2098 2415 3699 2489; baseline -0.001 -18"><span class='ocrx_word' id='word_1_437' title='bbox 2098 2417 2156 2471; x_wconf 86' lang='grc' dir='ltr'>δὲ</span> <span class='ocrx_word' id='word_1_438' title='bbox 2202 2417 2437 2488; x_wconf 75' lang='grc' dir='ltr'>ἔστησαν</span> <span class='ocrx_word' id='word_1_439' title='bbox 2479 2416 2630 2489; x_wconf 84' lang='grc' dir='ltr'>αύτῷ</span> <span class='ocrx_word' id='word_1_440' title='bbox 2674 2417 2968 2489; x_wconf 89' lang='grc' dir='ltr'>τριάκοντα</span> <span class='ocrx_word' id='word_1_441' title='bbox 3017 2418 3315 2488; x_wconf 80' lang='grc' dir='ltr'>στατῆρας.</span> <span class='ocrx_word' id='word_1_442' title='bbox 3355 2436 3377 2469; x_wconf 78' lang='grc' dir='ltr'><strong>ι</strong></span> <span class='ocrx_word' id='word_1_443' title='bbox 3414 2415 3699 2488; x_wconf 76' lang='grc' dir='ltr'>Σύμφωνα</span> 
     </span>
    </p>
   </div>
   <div class='ocr_carea' id='block_1_57' title="bbox 2098 2507 3698 2583">
    <p class='ocr_par' dir='ltr' id='par_1_57' title="bbox 2098 2507 3698 2583">
     <span class='ocr_line' id='line_1_57' title="bbox 2098 2507 3698 2583; baseline -0.001 -19"><span class='ocrx_word' id='word_1_444' title='bbox 2098 2507 2191 2564; x_wconf 80' lang='grc' dir='ltr'>οὖν</span> <span class='ocrx_word' id='word_1_445' title='bbox 2204 2510 2377 2564; x_wconf 85' lang='grc' dir='ltr'>ταῦτά</span> <span class='ocrx_word' id='word_1_446' title='bbox 2400 2512 2517 2565; x_wconf 84' lang='grc' dir='ltr'>ὲστι</span> <span class='ocrx_word' id='word_1_447' title='bbox 2536 2510 2633 2583; x_wconf 85' lang='grc' dir='ltr'><strong>τῷ,</strong></span> <span class='ocrx_word' id='word_1_448' title='bbox 2665 2512 2803 2564; x_wconf 75' lang='grc' dir='ltr'><strong>«Καὶ</strong></span> <span class='ocrx_word' id='word_1_449' title='bbox 2823 2510 3057 2581; x_wconf 74' lang='grc' dir='ltr'>ἔστησαν</span> <span class='ocrx_word' id='word_1_450' title='bbox 3079 2510 3171 2564; x_wconf 79' lang='grc' dir='ltr'>τὸν</span> <span class='ocrx_word' id='word_1_451' title='bbox 3194 2509 3387 2581; x_wconf 88' lang='grc' dir='ltr'>μισθόν</span> <span class='ocrx_word' id='word_1_452' title='bbox 3408 2528 3517 2581; x_wconf 86' lang='grc' dir='ltr'><strong>μου</strong></span> <span class='ocrx_word' id='word_1_453' title='bbox 3539 2511 3698 2583; x_wconf 75' lang='grc' dir='ltr'>τριά-</span> 
     </span>
    </p>
   </div>
   <div class='ocr_carea' id='block_1_58' title="bbox 2099 2603 3701 2676">
    <p class='ocr_par' dir='ltr' id='par_1_58' title="bbox 2099 2603 3701 2676">
     <span class='ocr_line' id='line_1_58' title="bbox 2099 2603 3701 2676; baseline 0 -20"><span class='ocrx_word' id='word_1_454' title='bbox 2099 2620 2263 2656; x_wconf 90' lang='grc' dir='ltr'>κοντα</span> <span class='ocrx_word' id='word_1_455' title='bbox 2297 2603 2609 2676; x_wconf 88' lang='grc' dir='ltr'>ἀργυροῦς,</span> <span class='ocrx_word' id='word_1_456' title='bbox 2644 2622 2663 2654; x_wconf 74' lang='grc' dir='ltr'><strong>ι</strong></span> <span class='ocrx_word' id='word_1_457' title='bbox 2703 2605 2761 2656; x_wconf 77' lang='grc' dir='ltr'>ὲν</span> <span class='ocrx_word' id='word_1_458' title='bbox 2791 2606 2858 2675; x_wconf 83' lang='grc' dir='ltr'>τῇ</span> <span class='ocrx_word' id='word_1_459' title='bbox 2911 2603 3223 2676; x_wconf 75' lang='grc' dir='ltr'>προφητείᾳ</span> <span class='ocrx_word' id='word_1_460' title='bbox 3262 2604 3551 2675; x_wconf 80' lang='grc' dir='ltr'>εἰρημένῳ</span> <span class='ocrx_word' id='word_1_461' title='bbox 3596 2603 3701 2656; x_wconf 67' lang='grc' dir='ltr'>ὐπδ</span> 
     </span>
    </p>
   </div>
   <div class='ocr_carea' id='block_1_59' title="bbox 2096 2691 3697 2768">
    <p class='ocr_par' dir='ltr' id='par_1_59' title="bbox 2096 2691 3697 2768">
     <span class='ocr_line' id='line_1_59' title="bbox 2096 2691 3697 2768; baseline -0.001 -19"><span class='ocrx_word' id='word_1_462' title='bbox 2096 2694 2191 2749; x_wconf 89' lang='grc' dir='ltr'><strong>τοῦ</strong></span> <span class='ocrx_word' id='word_1_463' title='bbox 2225 2695 2454 2767; x_wconf 77' lang='grc' dir='ltr'>Κυρίου.</span> <span class='ocrx_word' id='word_1_464' title='bbox 2491 2695 2631 2749; x_wconf 84' lang='grc' dir='ltr'>Ἀνθ’</span> <span class='ocrx_word' id='word_1_465' title='bbox 2659 2691 2720 2751; x_wconf 79' lang='grc' dir='ltr'><strong>οῦ</strong></span> <span class='ocrx_word' id='word_1_466' title='bbox 2752 2697 2782 2749; x_wconf 98' lang='lat'><strong>6</strong></span> <span class='ocrx_word' id='word_1_467' title='bbox 2809 2695 2908 2767; x_wconf 86' lang='grc' dir='ltr'>μὲν</span> <span class='ocrx_word' id='word_1_468' title='bbox 2934 2696 3230 2768; x_wconf 84' lang='grc' dir='ltr'>Σύμμαχος</span> <span class='ocrx_word' id='word_1_469' title='bbox 3250 2696 3478 2768; x_wconf 79' lang='grc' dir='ltr'>ἐποίησε</span> <span class='ocrx_word' id='word_1_470' title='bbox 3503 2714 3520 2727; x_wconf 91' lang='grc'><strong>·</strong></span> <span class='ocrx_word' id='word_1_471' title='bbox 3545 2715 3567 2748; x_wconf 74' lang='grc' dir='ltr'><strong>ι</strong></span> <span class='ocrx_word' id='word_1_472' title='bbox 3589 2696 3697 2749; x_wconf 84' lang='lat' dir='ltr'><strong>Kal</strong></span> 
     </span>
    </p>
   </div>
   <div class='ocr_carea' id='block_1_60' title="bbox 2098 2788 3699 2861">
    <p class='ocr_par' dir='ltr' id='par_1_60' title="bbox 2098 2788 3699 2861">
     <span class='ocr_line' id='line_1_60' title="bbox 2098 2788 3699 2861; baseline 0.001 -19"><span class='ocrx_word' id='word_1_473' title='bbox 2098 2788 2433 2858; x_wconf 83' lang='grc' dir='ltr'>ὲστάθμισαν</span> <span class='ocrx_word' id='word_1_474' title='bbox 2465 2788 2556 2842; x_wconf 86' lang='grc' dir='ltr'>τὸν</span> <span class='ocrx_word' id='word_1_475' title='bbox 2593 2788 2785 2859; x_wconf 90' lang='grc' dir='ltr'>μισθόν</span> <span class='ocrx_word' id='word_1_476' title='bbox 2808 2806 2910 2860; x_wconf 90' lang='grc' dir='ltr'><strong>μου</strong></span> <span class='ocrx_word' id='word_1_477' title='bbox 2943 2789 3238 2860; x_wconf 86' lang='grc' dir='ltr'>τριάκοντα</span> <span class='ocrx_word' id='word_1_478' title='bbox 3263 2789 3551 2861; x_wconf 85' lang='grc' dir='ltr'>ἀργυροῦς</span> <span class='ocrx_word' id='word_1_479' title='bbox 3573 2805 3589 2819; x_wconf 76' lang='grc' dir='ltr'><strong><em>ο</em></strong></span> <span class='ocrx_word' id='word_1_480' title='bbox 3630 2808 3649 2839; x_wconf 79' lang='grc' dir='ltr'><strong>ι</strong></span> <span class='ocrx_word' id='word_1_481' title='bbox 3668 2790 3699 2843; x_wconf 85' lang='lat'><strong>6</strong></span> 
     </span>
    </p>
   </div>
   <div class='ocr_carea' id='block_1_61' title="bbox 2095 2880 3697 2955">
    <p class='ocr_par' dir='ltr' id='par_1_61' title="bbox 2095 2880 3697 2955">
     <span class='ocr_line' id='line_1_61' title="bbox 2095 2880 3697 2955; baseline 0.001 -21"><span class='ocrx_word' id='word_1_482' title='bbox 2095 2881 2154 2934; x_wconf 85' lang='grc' dir='ltr'>δὲ</span> <span class='ocrx_word' id='word_1_483' title='bbox 2195 2880 2456 2945; x_wconf 81' lang='grc' dir='ltr'>Ἀκύλας·</span> <span class='ocrx_word' id='word_1_484' title='bbox 2509 2899 2528 2932; x_wconf 75' lang='grc' dir='ltr'><strong>ι</strong></span> <span class='ocrx_word' id='word_1_485' title='bbox 2582 2881 2691 2934; x_wconf 83' lang='lat' dir='ltr'><strong>Kal</strong></span> <span class='ocrx_word' id='word_1_486' title='bbox 2734 2881 2977 2952; x_wconf 77' lang='grc' dir='ltr'>ἔστησαν</span> <span class='ocrx_word' id='word_1_487' title='bbox 3017 2882 3108 2935; x_wconf 82' lang='grc' dir='ltr'>τὸν</span> <span class='ocrx_word' id='word_1_488' title='bbox 3149 2881 3342 2953; x_wconf 87' lang='grc' dir='ltr'>μισθόν</span> <span class='ocrx_word' id='word_1_489' title='bbox 3392 2899 3498 2952; x_wconf 87' lang='grc' dir='ltr'><strong>μου</strong></span> <span class='ocrx_word' id='word_1_490' title='bbox 3544 2882 3697 2955; x_wconf 59' lang='lat' dir='ltr'><strong>cpta-</strong></span> 
     </span>
    </p>
   </div>
   <div class='ocr_carea' id='block_1_62' title="bbox 2099 2966 3697 3045">
    <p class='ocr_par' dir='ltr' id='par_1_62' title="bbox 2099 2966 3697 3045">
     <span class='ocr_line' id='line_1_62' title="bbox 2099 2966 3697 3045; baseline 0.001 -20"><span class='ocrx_word' id='word_1_491' title='bbox 2099 2988 2261 3025; x_wconf 84' lang='grc' dir='ltr'>κοντα</span> <span class='ocrx_word' id='word_1_492' title='bbox 2284 2970 2560 3044; x_wconf 84' lang='grc' dir='ltr'>ἀργυροῦς</span> <span class='ocrx_word' id='word_1_493' title='bbox 2580 2988 2594 3002; x_wconf 83' lang='lat'><strong><em>°</em></strong></span> <span class='ocrx_word' id='word_1_494' title='bbox 2617 2990 2636 3022; x_wconf 75' lang='grc' dir='ltr'><strong>ι</strong></span> <span class='ocrx_word' id='word_1_495' title='bbox 2669 2966 2752 3035; x_wconf 78' lang='grc' dir='ltr'>οἷς</span> <span class='ocrx_word' id='word_1_496' title='bbox 2783 2972 3117 3040; x_wconf 81' lang='grc' dir='ltr'>ὲπιλέγεται⁶</span> <span class='ocrx_word' id='word_1_497' title='bbox 3164 2992 3184 3023; x_wconf 76' lang='grc' dir='ltr'><strong>ι</strong></span> <span class='ocrx_word' id='word_1_498' title='bbox 3207 2973 3317 3027; x_wconf 88' lang='lat' dir='ltr'><strong>Kal</strong></span> <span class='ocrx_word' id='word_1_499' title='bbox 3334 2967 3462 3026; x_wconf 81' lang='grc' dir='ltr'>εἶπε</span> <span class='ocrx_word' id='word_1_500' title='bbox 3488 2975 3697 3045; x_wconf 73' lang='grc' dir='ltr'>Κύριος</span> 
     </span>
    </p>
   </div>
   <div class='ocr_carea' id='block_1_63' title="bbox 2097 3061 3695 3135">
    <p class='ocr_par' dir='ltr' id='par_1_63' title="bbox 2097 3061 3695 3135">
     <span class='ocr_line' id='line_1_63' title="bbox 2097 3061 3695 3135; baseline -0.002 -19"><span class='ocrx_word' id='word_1_501' title='bbox 2097 3062 2236 3135; x_wconf 85' lang='grc' dir='ltr'>πρὸς</span> <span class='ocrx_word' id='word_1_502' title='bbox 2265 3063 2332 3133; x_wconf 84' lang='grc' dir='ltr'><strong>μέ</strong></span> <span class='ocrx_word' id='word_1_503' title='bbox 2355 3078 2369 3092; x_wconf 87' lang='grc'><strong>·</strong></span> <span class='ocrx_word' id='word_1_504' title='bbox 2403 3061 2587 3125; x_wconf 85' lang='grc' dir='ltr'>Κάθες</span> <span class='ocrx_word' id='word_1_505' title='bbox 2608 3063 2808 3125; x_wconf 80' lang='grc' dir='ltr'>αὐτοὺς</span> <span class='ocrx_word' id='word_1_506' title='bbox 2841 3063 2922 3124; x_wconf 83' lang='grc' dir='ltr'><strong>εἰς</strong></span> <span class='ocrx_word' id='word_1_507' title='bbox 2942 3062 3003 3114; x_wconf 83' lang='grc' dir='ltr'>τὸ</span> <span class='ocrx_word' id='word_1_508' title='bbox 3026 3061 3415 3132; x_wconf 76' lang='grc' dir='ltr'>χωνευτήριον,</span> <span class='ocrx_word' id='word_1_509' title='bbox 3445 3061 3544 3115; x_wconf 74' lang='grc' dir='ltr'><strong>καὶ</strong></span> <span class='ocrx_word' id='word_1_510' title='bbox 3572 3061 3695 3113; x_wconf 78' lang='grc' dir='ltr'>σκέ-</span> 
     </span>
    </p>
   </div>
   <div class='ocr_carea' id='block_1_64' title="bbox 396 3129 1990 3227">
    <p class='ocr_par' dir='ltr' id='par_1_64' title="bbox 396 3148 1990 3227">
     <span class='ocr_line' id='line_1_64' title="bbox 396 3148 1990 3227; baseline -0.001 -18"><span class='ocrx_word' id='word_1_511' title='bbox 396 3154 862 3227; x_wconf 87' lang='lat' dir='ltr'><strong>quemadmodum</strong></span> <span class='ocrx_word' id='word_1_512' title='bbox 914 3153 1180 3224; x_wconf 89' lang='lat' dir='ltr'><strong>probatus</strong></span> <span class='ocrx_word' id='word_1_513' title='bbox 1225 3165 1347 3205; x_wconf 89' lang='lat' dir='ltr'><strong>sum</strong></span> <span class='ocrx_word' id='word_1_514' title='bbox 1378 3166 1478 3222; x_wconf 91' lang='lat' dir='ltr'><strong>pro</strong></span> <span class='ocrx_word' id='word_1_515' title='bbox 1511 3149 1639 3205; x_wconf 90' lang='lat' dir='ltr'><strong>illis.</strong></span> <span class='ocrx_word' id='word_1_516' title='bbox 1675 3169 1695 3203; x_wconf 73' lang='grc' dir='ltr'><strong>ι</strong></span> <span class='ocrx_word' id='word_1_517' title='bbox 1734 3148 1844 3206; x_wconf 86' lang='lat' dir='ltr'><strong>Pro</strong></span> <span class='ocrx_word' id='word_1_518' title='bbox 1883 3166 1990 3223; x_wconf 76' lang='lat' dir='ltr'><strong>quo</strong></span> 
     </span>
    </p>
   </div>
   <div class='ocr_carea' id='block_1_65' title="bbox 2102 3129 3696 3227">
    <p class='ocr_par' dir='ltr' id='par_1_65' title="bbox 2102 3129 3696 3225">
     <span class='ocr_line' id='line_1_65' title="bbox 2102 3129 3696 3225; baseline -0.006 -16"><span class='ocrx_word' id='word_1_519' title='bbox 2102 3129 2193 3224; x_wconf 69' lang='grc' dir='ltr'>ῲαι</span> <span class='ocrx_word' id='word_1_520' title='bbox 2226 3129 2276 3207; x_wconf 82' lang='grc' dir='ltr'><strong>εί</strong></span> <span class='ocrx_word' id='word_1_521' title='bbox 2297 3154 2518 3225; x_wconf 89' lang='grc' dir='ltr'>δόκιμόν</span> <span class='ocrx_word' id='word_1_522' title='bbox 2538 3157 2707 3219; x_wconf 76' lang='grc' dir='ltr'>ἐστιν,</span> <span class='ocrx_word' id='word_1_523' title='bbox 2735 3152 2793 3207; x_wconf 80' lang='grc' dir='ltr'>ὃν</span> <span class='ocrx_word' id='word_1_524' title='bbox 2821 3129 3416 3225; x_wconf 63' lang='grc' dir='ltr'>τρόπονέδοκιμάσθην</span> <span class='ocrx_word' id='word_1_525' title='bbox 3435 3154 3585 3225; x_wconf 80' lang='grc' dir='ltr'>ὑπὲρ</span> <span class='ocrx_word' id='word_1_526' title='bbox 3608 3154 3696 3206; x_wconf 69' lang='grc' dir='ltr'><strong>αὺ-</strong></span> 
     </span>
    </p>
   </div>
   <div class='ocr_carea' id='block_1_66' title="bbox 400 3242 1989 3317">
    <p class='ocr_par' dir='ltr' id='par_1_66' title="bbox 400 3242 1989 3317">
     <span class='ocr_line' id='line_1_66' title="bbox 400 3242 1989 3317; baseline -0.003 -14"><span class='ocrx_word' id='word_1_527' title='bbox 400 3264 598 3303; x_wconf 87' lang='lat' dir='ltr'><strong>rursus</strong></span> <span class='ocrx_word' id='word_1_528' title='bbox 625 3247 822 3317; x_wconf 83' lang='lat' dir='ltr'><strong>Aquila</strong></span> <span class='ocrx_word' id='word_1_529' title='bbox 868 3245 1090 3317; x_wconf 90' lang='lat' dir='ltr'><strong>quidem</strong></span> <span class='ocrx_word' id='word_1_530' title='bbox 1132 3244 1214 3299; x_wconf 91' lang='lat' dir='ltr'><strong>sic</strong></span> <span class='ocrx_word' id='word_1_531' title='bbox 1247 3244 1324 3298; x_wconf 92' lang='lat' dir='ltr'><strong>ait</strong></span> <span class='ocrx_word' id='word_1_532' title='bbox 1354 3263 1366 3299; x_wconf 93' lang='lat'><strong>:</strong></span> <span class='ocrx_word' id='word_1_533' title='bbox 1404 3263 1422 3295; x_wconf 79' lang='grc' dir='ltr'><strong>ι</strong></span> <span class='ocrx_word' id='word_1_534' title='bbox 1462 3242 1528 3298; x_wconf 88' lang='lat' dir='ltr'><strong>Et</strong></span> <span class='ocrx_word' id='word_1_535' title='bbox 1561 3244 1698 3299; x_wconf 85' lang='lat' dir='ltr'><strong>dixit</strong></span> <span class='ocrx_word' id='word_1_536' title='bbox 1726 3243 1989 3300; x_wconf 87' lang='lat' dir='ltr'><strong>Dominus</strong></span> 
     </span>
    </p>
   </div>
   <div class='ocr_carea' id='block_1_67' title="bbox 398 3335 1990 3409">
    <p class='ocr_par' dir='ltr' id='par_1_67' title="bbox 398 3335 1990 3409">
     <span class='ocr_line' id='line_1_67' title="bbox 398 3335 1990 3409; baseline -0.001 -16"><span class='ocrx_word' id='word_1_537' title='bbox 398 3340 470 3395; x_wconf 88' lang='lat' dir='ltr'><strong>ad</strong></span> <span class='ocrx_word' id='word_1_538' title='bbox 505 3355 628 3395; x_wconf 90' lang='lat' dir='ltr'><strong>me:</strong></span> <span class='ocrx_word' id='word_1_539' title='bbox 665 3338 888 3392; x_wconf 89' lang='lat' dir='ltr'><strong>Dimitte</strong></span> <span class='ocrx_word' id='word_1_540' title='bbox 914 3353 1011 3392; x_wconf 92' lang='lat' dir='ltr'><strong>eos</strong></span> <span class='ocrx_word' id='word_1_541' title='bbox 1044 3338 1099 3391; x_wconf 93' lang='lat' dir='ltr'><strong>in</strong></span> <span class='ocrx_word' id='word_1_542' title='bbox 1134 3335 1435 3409; x_wconf 79' lang='lat' dir='ltr'><strong>fornacem,</strong></span> <span class='ocrx_word' id='word_1_543' title='bbox 1463 3338 1671 3407; x_wconf 80' lang='lat' dir='ltr'><strong>projice</strong></span> <span class='ocrx_word' id='word_1_544' title='bbox 1703 3353 1800 3392; x_wconf 84' lang='lat' dir='ltr'><strong>eos</strong></span> <span class='ocrx_word' id='word_1_545' title='bbox 1828 3338 1895 3392; x_wconf 87' lang='lat' dir='ltr'><strong>ad</strong></span> <span class='ocrx_word' id='word_1_546' title='bbox 1928 3339 1990 3392; x_wconf 85' lang='lat' dir='ltr'><strong>ti-</strong></span> 
     </span>
    </p>
   </div>
   <div class='ocr_carea' id='block_1_68' title="bbox 398 3429 1990 3503">
    <p class='ocr_par' dir='ltr' id='par_1_68' title="bbox 398 3429 1990 3503">
     <span class='ocr_line' id='line_1_68' title="bbox 398 3429 1990 3503; baseline -0.002 -17"><span class='ocrx_word' id='word_1_547' title='bbox 398 3433 617 3503; x_wconf 86' lang='lat' dir='ltr'><strong>gulum,</strong></span> <span class='ocrx_word' id='word_1_548' title='bbox 645 3431 973 3484; x_wconf 90' lang='lat' dir='ltr'><strong>immensum</strong></span> <span class='ocrx_word' id='word_1_549' title='bbox 1005 3429 1240 3498; x_wconf 89' lang='lat' dir='ltr'><strong>pretium</strong></span> <span class='ocrx_word' id='word_1_550' title='bbox 1273 3444 1383 3497; x_wconf 89' lang='lat' dir='ltr'><strong>quo</strong></span> <span class='ocrx_word' id='word_1_551' title='bbox 1405 3430 1707 3484; x_wconf 80' lang='lat' dir='ltr'><strong>a:stimatus</strong></span> <span class='ocrx_word' id='word_1_552' title='bbox 1742 3444 1862 3483; x_wconf 92' lang='lat' dir='ltr'><strong>sum</strong></span> <span class='ocrx_word' id='word_1_553' title='bbox 1890 3444 1990 3499; x_wconf 88' lang='lat' dir='ltr'><strong>pro</strong></span> 
     </span>
    </p>
   </div>
   <div class='ocr_carea' id='block_1_69' title="bbox 400 3515 1989 3594">
    <p class='ocr_par' dir='ltr' id='par_1_69' title="bbox 400 3515 1989 3594">
     <span class='ocr_line' id='line_1_69' title="bbox 400 3515 1989 3594; baseline -0.005 -17"><span class='ocrx_word' id='word_1_554' title='bbox 400 3522 531 3589; x_wconf 88' lang='lat' dir='ltr'><strong>illis,</strong></span> <span class='ocrx_word' id='word_1_555' title='bbox 558 3542 577 3575; x_wconf 74' lang='grc' dir='ltr'><strong>ι</strong></span> <span class='ocrx_word' id='word_1_556' title='bbox 605 3520 772 3594; x_wconf 67' lang='grc'><strong>480</strong></span> <span class='ocrx_word' id='word_1_557' title='bbox 793 3526 846 3575; x_wconf 92' lang='lat' dir='ltr'><strong>et</strong></span> <span class='ocrx_word' id='word_1_558' title='bbox 872 3534 1004 3576; x_wconf 85' lang='lat' dir='ltr'><strong>sane</strong></span> <span class='ocrx_word' id='word_1_559' title='bbox 1032 3519 1251 3573; x_wconf 86' lang='lat' dir='ltr'><strong>attende</strong></span> <span class='ocrx_word' id='word_1_560' title='bbox 1282 3534 1520 3588; x_wconf 88' lang='lat' dir='ltr'><strong>quonam</strong></span> <span class='ocrx_word' id='word_1_561' title='bbox 1553 3526 1711 3586; x_wconf 90' lang='lat' dir='ltr'><strong>pacto</strong></span> <span class='ocrx_word' id='word_1_562' title='bbox 1737 3517 1852 3587; x_wconf 91' lang='lat' dir='ltr'><strong>ipse</strong></span> <span class='ocrx_word' id='word_1_563' title='bbox 1881 3515 1989 3570; x_wconf 89' lang='lat' dir='ltr'><strong>Do-</strong></span> 
     </span>
    </p>
   </div>
   <div class='ocr_carea' id='block_1_70' title="bbox 400 3611 1987 3688">
    <p class='ocr_par' dir='ltr' id='par_1_70' title="bbox 400 3611 1987 3688">
     <span class='ocr_line' id='line_1_70' title="bbox 400 3611 1987 3688; baseline -0.004 -15"><span class='ocrx_word' id='word_1_564' title='bbox 400 3618 587 3673; x_wconf 91' lang='lat' dir='ltr'><strong>minus</strong></span> <span class='ocrx_word' id='word_1_565' title='bbox 617 3617 851 3688; x_wconf 89' lang='lat' dir='ltr'><strong>pretium</strong></span> <span class='ocrx_word' id='word_1_566' title='bbox 883 3629 1043 3671; x_wconf 90' lang='lat' dir='ltr'><strong>suum</strong></span> <span class='ocrx_word' id='word_1_567' title='bbox 1074 3612 1366 3666; x_wconf 81' lang='lat' dir='ltr'><strong>conﬁtetur</strong></span> <span class='ocrx_word' id='word_1_568' title='bbox 1420 3611 1646 3680; x_wconf 89' lang='lat' dir='ltr'><strong>triginta</strong></span> <span class='ocrx_word' id='word_1_569' title='bbox 1696 3620 1987 3681; x_wconf 88' lang='lat' dir='ltr'><strong>argenteos</strong></span> 
     </span>
    </p>
   </div>
   <div class='ocr_carea' id='block_1_71' title="bbox 400 3704 1989 3775">
    <p class='ocr_par' dir='ltr' id='par_1_71' title="bbox 400 3704 1989 3775">
     <span class='ocr_line' id='line_1_71' title="bbox 400 3704 1989 3775; baseline -0.006 -9"><span class='ocrx_word' id='word_1_570' title='bbox 400 3711 591 3766; x_wconf 86' lang='lat' dir='ltr'><strong>datum</strong></span> <span class='ocrx_word' id='word_1_571' title='bbox 620 3725 764 3766; x_wconf 88' lang='lat' dir='ltr'><strong>esse.</strong></span> <span class='ocrx_word' id='word_1_572' title='bbox 817 3706 1052 3763; x_wconf 78' lang='lat' dir='ltr'><strong>Videtur</strong></span> <span class='ocrx_word' id='word_1_573' title='bbox 1081 3712 1261 3760; x_wconf 87' lang='lat' dir='ltr'><strong>autem</strong></span> <span class='ocrx_word' id='word_1_574' title='bbox 1297 3705 1416 3775; x_wconf 90' lang='lat' dir='ltr'><strong>ipsa</strong></span> <span class='ocrx_word' id='word_1_575' title='bbox 1447 3704 1737 3759; x_wconf 85' lang='lat' dir='ltr'><strong>verborum</strong></span> <span class='ocrx_word' id='word_1_576' title='bbox 1766 3704 1989 3775; x_wconf 86' lang='lat' dir='ltr'><strong>excogi-</strong></span> 
     </span>
    </p>
   </div>
   <div class='ocr_carea' id='block_1_72' title="bbox 399 3796 1987 3872">
    <p class='ocr_par' dir='ltr' id='par_1_72' title="bbox 399 3796 1987 3872">
     <span class='ocr_line' id='line_1_72' title="bbox 399 3796 1987 3872; baseline -0.003 -14"><span class='ocrx_word' id='word_1_577' title='bbox 399 3804 538 3858; x_wconf 89' lang='lat' dir='ltr'><strong>tatio</strong></span> <span class='ocrx_word' id='word_1_578' title='bbox 566 3803 726 3857; x_wconf 85' lang='lat' dir='ltr'><strong>talem</strong></span> <span class='ocrx_word' id='word_1_579' title='bbox 758 3815 868 3872; x_wconf 74' lang='lat' dir='ltr'><strong>prae</strong></span> <span class='ocrx_word' id='word_1_580' title='bbox 898 3816 958 3855; x_wconf 90' lang='lat' dir='ltr'><strong>se</strong></span> <span class='ocrx_word' id='word_1_581' title='bbox 994 3798 1136 3854; x_wconf 76' lang='lat' dir='ltr'><strong>ferre</strong></span> <span class='ocrx_word' id='word_1_582' title='bbox 1168 3814 1391 3853; x_wconf 90' lang='lat' dir='ltr'><strong>sensum</strong></span> <span class='ocrx_word' id='word_1_583' title='bbox 1421 3816 1434 3852; x_wconf 91' lang='lat'>:</span> <span class='ocrx_word' id='word_1_584' title='bbox 1468 3796 1580 3869; x_wconf 82' lang='lat' dir='ltr'><strong>Ego</strong></span> <span class='ocrx_word' id='word_1_585' title='bbox 1618 3798 1837 3868; x_wconf 86' lang='lat' dir='ltr'><strong>quidem</strong></span> <span class='ocrx_word' id='word_1_586' title='bbox 1876 3798 1987 3853; x_wconf 88' lang='lat' dir='ltr'><strong>Do-</strong></span> 
     </span>
    </p>
   </div>
   <div class='ocr_carea' id='block_1_73' title="bbox 399 3891 1987 3964">
    <p class='ocr_par' dir='ltr' id='par_1_73' title="bbox 399 3891 1987 3964">
     <span class='ocr_line' id='line_1_73' title="bbox 399 3891 1987 3964; baseline -0.001 -14"><span class='ocrx_word' id='word_1_587' title='bbox 399 3897 584 3950; x_wconf 88' lang='lat' dir='ltr'><strong>minus</strong></span> <span class='ocrx_word' id='word_1_588' title='bbox 615 3910 644 3947; x_wconf 94' lang='lat' dir='ltr'><strong>a</strong></span> <span class='ocrx_word' id='word_1_589' title='bbox 679 3897 859 3964; x_wconf 86' lang='lat' dir='ltr'><strong>primo</strong></span> <span class='ocrx_word' id='word_1_590' title='bbox 887 3892 1158 3960; x_wconf 88' lang='lat' dir='ltr'><strong>incipiens</strong></span> <span class='ocrx_word' id='word_1_591' title='bbox 1191 3891 1281 3946; x_wconf 90' lang='lat' dir='ltr'><strong>die</strong></span> <span class='ocrx_word' id='word_1_592' title='bbox 1325 3907 1606 3962; x_wconf 86' lang='lat' dir='ltr'><strong>nunquam</strong></span> <span class='ocrx_word' id='word_1_593' title='bbox 1664 3892 1802 3947; x_wconf 89' lang='lat' dir='ltr'><strong>desii</strong></span> <span class='ocrx_word' id='word_1_594' title='bbox 1854 3909 1987 3948; x_wconf 73' lang='lat' dir='ltr'><strong>mea:</strong></span> 
     </span>
    </p>
   </div>
   <div class='ocr_carea' id='block_1_74' title="bbox 399 3980 1988 4057">
    <p class='ocr_par' dir='ltr' id='par_1_74' title="bbox 399 3980 1988 4057">
     <span class='ocr_line' id='line_1_74' title="bbox 399 3980 1988 4057; baseline -0.003 -14"><span class='ocrx_word' id='word_1_595' title='bbox 399 3986 755 4057; x_wconf 86' lang='lat' dir='ltr'><strong>benignitatis</strong></span> <span class='ocrx_word' id='word_1_596' title='bbox 772 3984 974 4038; x_wconf 89' lang='lat' dir='ltr'><strong>indicia</strong></span> <span class='ocrx_word' id='word_1_597' title='bbox 999 3982 1153 4037; x_wconf 80' lang='lat' dir='ltr'><strong>vobis</strong></span> <span class='ocrx_word' id='word_1_598' title='bbox 1167 3980 1372 4037; x_wconf 55' lang='lat' dir='ltr'><strong>Iudaeis</strong></span> <span class='ocrx_word' id='word_1_599' title='bbox 1397 3981 1988 4053; x_wconf 87' lang='lat' dir='ltr'><strong>impendere,innume-</strong></span> 
     </span>
    </p>
   </div>
   <div class='ocr_carea' id='block_1_75' title="bbox 399 4073 1983 4147">
    <p class='ocr_par' dir='ltr' id='par_1_75' title="bbox 399 4073 1983 4147">
     <span class='ocr_line' id='line_1_75' title="bbox 399 4073 1983 4147; baseline -0.003 -12"><span class='ocrx_word' id='word_1_600' title='bbox 399 4079 777 4147; x_wconf 84' lang='lat' dir='ltr'><strong>rabilibusque</strong></span> <span class='ocrx_word' id='word_1_601' title='bbox 811 4091 908 4131; x_wconf 85' lang='lat' dir='ltr'><strong>vos</strong></span> <span class='ocrx_word' id='word_1_602' title='bbox 938 4073 1221 4130; x_wconf 84' lang='lat' dir='ltr'><strong>beneﬁciis</strong></span> <span class='ocrx_word' id='word_1_603' title='bbox 1245 4074 1481 4137; x_wconf 83' lang='lat' dir='ltr'><strong>allicere,</strong></span> <span class='ocrx_word' id='word_1_604' title='bbox 1515 4090 1628 4129; x_wconf 86' lang='lat' dir='ltr'><strong>non</strong></span> <span class='ocrx_word' id='word_1_605' title='bbox 1651 4077 1827 4130; x_wconf 88' lang='lat' dir='ltr'><strong>solum</strong></span> <span class='ocrx_word' id='word_1_606' title='bbox 1855 4076 1983 4130; x_wconf 91' lang='lat' dir='ltr'><strong>dum</strong></span> 
     </span>
    </p>
   </div>
   <div class='ocr_carea' id='block_1_76' title="bbox 396 4165 1982 4236">
    <p class='ocr_par' dir='ltr' id='par_1_76' title="bbox 396 4165 1982 4236">
     <span class='ocr_line' id='line_1_76' title="bbox 396 4165 1982 4236; baseline -0.002 -11"><span class='ocrx_word' id='word_1_607' title='bbox 396 4170 469 4225; x_wconf 85' lang='lat' dir='ltr'><strong>ad</strong></span> <span class='ocrx_word' id='word_1_608' title='bbox 497 4184 595 4224; x_wconf 84' lang='lat' dir='ltr'><strong>vos</strong></span> <span class='ocrx_word' id='word_1_609' title='bbox 625 4170 694 4223; x_wconf 88' lang='lat' dir='ltr'><strong>ab</strong></span> <span class='ocrx_word' id='word_1_610' title='bbox 735 4167 892 4222; x_wconf 86' lang='lat' dir='ltr'><strong>initio</strong></span> <span class='ocrx_word' id='word_1_611' title='bbox 923 4167 1220 4236; x_wconf 86' lang='lat' dir='ltr'><strong>prophetas</strong></span> <span class='ocrx_word' id='word_1_612' title='bbox 1268 4165 1465 4228; x_wconf 84' lang='lat' dir='ltr'><strong>mitto,</strong></span> <span class='ocrx_word' id='word_1_613' title='bbox 1511 4166 1606 4221; x_wconf 80' lang='lat' dir='ltr'><strong>sed</strong></span> <span class='ocrx_word' id='word_1_614' title='bbox 1650 4167 1815 4221; x_wconf 89' lang='lat' dir='ltr'><strong>etiam</strong></span> <span class='ocrx_word' id='word_1_615' title='bbox 1852 4166 1982 4222; x_wconf 88' lang='lat' dir='ltr'><strong>dum</strong></span> 
     </span>
    </p>
   </div>
   <div class='ocr_carea' id='block_1_77' title="bbox 396 4256 1984 4331">
    <p class='ocr_par' dir='ltr' id='par_1_77' title="bbox 396 4256 1984 4331">
     <span class='ocr_line' id='line_1_77' title="bbox 396 4256 1984 4331; baseline -0.004 -14"><span class='ocrx_word' id='word_1_616' title='bbox 396 4277 488 4317; x_wconf 89' lang='lat' dir='ltr'><strong>me</strong></span> <span class='ocrx_word' id='word_1_617' title='bbox 513 4262 696 4331; x_wconf 89' lang='lat' dir='ltr'><strong>ipsum</strong></span> <span class='ocrx_word' id='word_1_618' title='bbox 718 4259 875 4314; x_wconf 87' lang='lat' dir='ltr'><strong>vobis</strong></span> <span class='ocrx_word' id='word_1_619' title='bbox 911 4264 1233 4328; x_wconf 69' lang='lat' dir='ltr'><strong>praesentem</strong></span> <span class='ocrx_word' id='word_1_620' title='bbox 1263 4256 1498 4312; x_wconf 88' lang='lat' dir='ltr'><strong>exhibeo</strong></span> <span class='ocrx_word' id='word_1_621' title='bbox 1518 4295 1533 4322; x_wconf 93' lang='lat'><strong>,</strong></span> <span class='ocrx_word' id='word_1_622' title='bbox 1577 4265 1688 4312; x_wconf 91' lang='lat' dir='ltr'><strong>tum</strong></span> <span class='ocrx_word' id='word_1_623' title='bbox 1722 4259 1777 4312; x_wconf 88' lang='lat' dir='ltr'><strong>in</strong></span> <span class='ocrx_word' id='word_1_624' title='bbox 1806 4258 1984 4312; x_wconf 81' lang='lat' dir='ltr'><strong>moni-</strong></span> 
     </span>
    </p>
   </div>
   <div class='ocr_carea' id='block_1_78' title="bbox 395 4348 1983 4420">
    <p class='ocr_par' dir='ltr' id='par_1_78' title="bbox 395 4348 1983 4420">
     <span class='ocr_line' id='line_1_78' title="bbox 395 4348 1983 4420; baseline -0.004 -11"><span class='ocrx_word' id='word_1_625' title='bbox 395 4355 471 4409; x_wconf 88' lang='lat' dir='ltr'><strong>tis</strong></span> <span class='ocrx_word' id='word_1_626' title='bbox 503 4369 569 4408; x_wconf 92' lang='lat' dir='ltr'><strong>ac</strong></span> <span class='ocrx_word' id='word_1_627' title='bbox 594 4351 960 4413; x_wconf 87' lang='lat' dir='ltr'><strong>documentis,</strong></span> <span class='ocrx_word' id='word_1_628' title='bbox 992 4348 1462 4419; x_wconf 87' lang='lat' dir='ltr'><strong>rationalibusque</strong></span> <span class='ocrx_word' id='word_1_629' title='bbox 1498 4351 1818 4420; x_wconf 63' lang='lat' dir='ltr'><strong>prarceptis,</strong></span> <span class='ocrx_word' id='word_1_630' title='bbox 1867 4357 1983 4403; x_wconf 87' lang='lat' dir='ltr'><strong>tum</strong></span> 
     </span>
    </p>
   </div>
   <div class='ocr_carea' id='block_1_79' title="bbox 393 4442 1986 4517">
    <p class='ocr_par' dir='ltr' id='par_1_79' title="bbox 393 4442 1986 4517">
     <span class='ocr_line' id='line_1_79' title="bbox 393 4442 1986 4517; baseline -0.003 -15"><span class='ocrx_word' id='word_1_631' title='bbox 393 4447 457 4502; x_wconf 78' lang='lat' dir='ltr'><strong>in</strong></span> <span class='ocrx_word' id='word_1_632' title='bbox 482 4445 658 4517; x_wconf 86' lang='lat' dir='ltr'><strong>signis</strong></span> <span class='ocrx_word' id='word_1_633' title='bbox 682 4452 738 4500; x_wconf 90' lang='lat' dir='ltr'><strong>et</strong></span> <span class='ocrx_word' id='word_1_634' title='bbox 759 4443 1029 4515; x_wconf 89' lang='lat' dir='ltr'><strong>portentis</strong></span> <span class='ocrx_word' id='word_1_635' title='bbox 1061 4451 1117 4497; x_wconf 91' lang='lat' dir='ltr'><strong>et</strong></span> <span class='ocrx_word' id='word_1_636' title='bbox 1162 4442 1286 4497; x_wconf 90' lang='lat' dir='ltr'><strong>aliis</strong></span> <span class='ocrx_word' id='word_1_637' title='bbox 1329 4442 1721 4497; x_wconf 88' lang='lat' dir='ltr'><strong>miraculorum</strong></span> <span class='ocrx_word' id='word_1_638' title='bbox 1768 4443 1986 4514; x_wconf 89' lang='lat' dir='ltr'><strong>generi-</strong></span> 
     </span>
    </p>
   </div>
   <div class='ocr_carea' id='block_1_80' title="bbox 396 4534 1984 4605">
    <p class='ocr_par' dir='ltr' id='par_1_80' title="bbox 396 4534 1984 4605">
     <span class='ocr_line' id='line_1_80' title="bbox 396 4534 1984 4605; baseline -0.001 -12"><span class='ocrx_word' id='word_1_639' title='bbox 396 4538 525 4605; x_wconf 86' lang='lat' dir='ltr'><strong>bus,</strong></span> <span class='ocrx_word' id='word_1_640' title='bbox 573 4547 689 4592; x_wconf 90' lang='lat' dir='ltr'><strong>tum</strong></span> <span class='ocrx_word' id='word_1_641' title='bbox 744 4538 908 4592; x_wconf 89' lang='lat' dir='ltr'><strong>etiam</strong></span> <span class='ocrx_word' id='word_1_642' title='bbox 943 4536 997 4588; x_wconf 92' lang='lat' dir='ltr'><strong>in</strong></span> <span class='ocrx_word' id='word_1_643' title='bbox 1050 4534 1431 4590; x_wconf 71' lang='lat' dir='ltr'><strong>saltationibus</strong></span> <span class='ocrx_word' id='word_1_644' title='bbox 1487 4542 1542 4590; x_wconf 90' lang='lat' dir='ltr'><strong>et</strong></span> <span class='ocrx_word' id='word_1_645' title='bbox 1592 4536 1850 4604; x_wconf 88' lang='lat' dir='ltr'><strong>medelis;</strong></span> <span class='ocrx_word' id='word_1_646' title='bbox 1885 4552 1984 4591; x_wconf 92' lang='lat' dir='ltr'><strong>vos</strong></span> 
     </span>
    </p>
   </div>
   <div class='ocr_carea' id='block_1_81' title="bbox 390 4622 1986 4697">
    <p class='ocr_par' dir='ltr' id='par_1_81' title="bbox 390 4622 1986 4697">
     <span class='ocr_line' id='line_1_81' title="bbox 390 4622 1986 4697; baseline 0 -16"><span class='ocrx_word' id='word_1_647' title='bbox 390 4641 530 4697; x_wconf 83' lang='lat' dir='ltr'><strong>ergo</strong></span> <span class='ocrx_word' id='word_1_648' title='bbox 553 4626 646 4694; x_wconf 89' lang='lat' dir='ltr'><strong>qui</strong></span> <span class='ocrx_word' id='word_1_649' title='bbox 676 4631 826 4679; x_wconf 87' lang='lat' dir='ltr'><strong>tanta</strong></span> <span class='ocrx_word' id='word_1_650' title='bbox 849 4623 1206 4678; x_wconf 65' lang='lat' dir='ltr'><strong>beneficentia</strong></span> <span class='ocrx_word' id='word_1_651' title='bbox 1235 4622 1386 4694; x_wconf 85' lang='lat' dir='ltr'><strong>digni</strong></span> <span class='ocrx_word' id='word_1_652' title='bbox 1430 4623 1605 4679; x_wconf 87' lang='lat' dir='ltr'><strong>habiti</strong></span> <span class='ocrx_word' id='word_1_653' title='bbox 1631 4624 1767 4681; x_wconf 90' lang='lat' dir='ltr'><strong>estis</strong></span> <span class='ocrx_word' id='word_1_654' title='bbox 1787 4665 1803 4691; x_wconf 91' lang='lat'><strong>,</strong></span> <span class='ocrx_word' id='word_1_655' title='bbox 1860 4626 1986 4681; x_wconf 87' lang='lat' dir='ltr'><strong>date</strong></span> 
     </span>
    </p>
   </div>
   <div class='ocr_carea' id='block_1_82' title="bbox 394 4716 1989 4787">
    <p class='ocr_par' dir='ltr' id='par_1_82' title="bbox 394 4716 1989 4787">
     <span class='ocr_line' id='line_1_82' title="bbox 394 4716 1989 4787; baseline 0.001 -14"><span class='ocrx_word' id='word_1_656' title='bbox 394 4716 706 4773; x_wconf 80' lang='lat' dir='ltr'><strong>mercedem</strong></span> <span class='ocrx_word' id='word_1_657' title='bbox 736 4731 936 4780; x_wconf 83' lang='lat' dir='ltr'><strong>meam.</strong></span> <span class='ocrx_word' id='word_1_658' title='bbox 970 4724 1064 4771; x_wconf 92' lang='lat' dir='ltr'><strong>aut</strong></span> <span class='ocrx_word' id='word_1_659' title='bbox 1089 4717 1334 4773; x_wconf 88' lang='lat' dir='ltr'><strong>renuite:</strong></span> <span class='ocrx_word' id='word_1_660' title='bbox 1382 4717 1463 4773; x_wconf 89' lang='lat' dir='ltr'><strong>sic</strong></span> <span class='ocrx_word' id='word_1_661' title='bbox 1491 4716 1713 4787; x_wconf 89' lang='lat' dir='ltr'><strong>quidem</strong></span> <span class='ocrx_word' id='word_1_662' title='bbox 1743 4717 1813 4772; x_wconf 90' lang='lat' dir='ltr'><strong>ab</strong></span> <span class='ocrx_word' id='word_1_663' title='bbox 1838 4719 1989 4784; x_wconf 74' lang='lat' dir='ltr'><strong>illis,</strong></span> 
     </span>
    </p>
   </div>
   <div class='ocr_carea' id='block_1_83' title="bbox 392 4810 1984 4884">
    <p class='ocr_par' dir='ltr' id='par_1_83' title="bbox 392 4810 1984 4884">
     <span class='ocr_line' id='line_1_83' title="bbox 392 4810 1984 4884; baseline 0.003 -18"><span class='ocrx_word' id='word_1_664' title='bbox 392 4820 459 4866; x_wconf 80' lang='lat' dir='ltr'><strong>ut</strong></span> <span class='ocrx_word' id='word_1_665' title='bbox 489 4826 587 4881; x_wconf 88' lang='lat' dir='ltr'><strong>par</strong></span> <span class='ocrx_word' id='word_1_666' title='bbox 613 4818 718 4875; x_wconf 88' lang='lat' dir='ltr'><strong>est,</strong></span> <span class='ocrx_word' id='word_1_667' title='bbox 741 4810 955 4866; x_wconf 81' lang='lat' dir='ltr'><strong>fructus</strong></span> <span class='ocrx_word' id='word_1_668' title='bbox 985 4811 1225 4881; x_wconf 80' lang='lat' dir='ltr'><strong>pietatis,</strong></span> <span class='ocrx_word' id='word_1_669' title='bbox 1253 4819 1308 4867; x_wconf 85' lang='lat' dir='ltr'><strong>et</strong></span> <span class='ocrx_word' id='word_1_670' title='bbox 1341 4812 1544 4869; x_wconf 85' lang='lat' dir='ltr'><strong>indicia</strong></span> <span class='ocrx_word' id='word_1_671' title='bbox 1577 4812 1704 4867; x_wconf 82' lang='lat' dir='ltr'><strong>ﬁdei</strong></span> <span class='ocrx_word' id='word_1_672' title='bbox 1735 4827 1878 4884; x_wconf 77' lang='lat' dir='ltr'><strong>erga</strong></span> <span class='ocrx_word' id='word_1_673' title='bbox 1894 4828 1984 4869; x_wconf 81' lang='lat' dir='ltr'><strong>se-</strong></span> 
     </span>
    </p>
   </div>
   <div class='ocr_carea' id='block_1_84' title="bbox 396 4903 1981 4976">
    <p class='ocr_par' dir='ltr' id='par_1_84' title="bbox 396 4903 1981 4976">
     <span class='ocr_line' id='line_1_84' title="bbox 396 4903 1981 4976; baseline 0.003 -18"><span class='ocrx_word' id='word_1_674' title='bbox 396 4905 577 4976; x_wconf 80' lang='lat' dir='ltr'><strong>ipsum</strong></span> <span class='ocrx_word' id='word_1_675' title='bbox 610 4903 918 4975; x_wconf 89' lang='lat' dir='ltr'><strong>postulans.</strong></span> <span class='ocrx_word' id='word_1_676' title='bbox 965 4904 1036 4958; x_wconf 87' lang='lat' dir='ltr'><strong>At</strong></span> <span class='ocrx_word' id='word_1_677' title='bbox 1060 4904 1139 4959; x_wconf 90' lang='lat' dir='ltr'><strong>illi</strong></span> <span class='ocrx_word' id='word_1_678' title='bbox 1178 4903 1346 4976; x_wconf 88' lang='lat' dir='ltr'><strong>(utin</strong></span> <span class='ocrx_word' id='word_1_679' title='bbox 1396 4919 1466 4959; x_wconf 90' lang='lat' dir='ltr'><strong>ea</strong></span> <span class='ocrx_word' id='word_1_680' title='bbox 1519 4920 1682 4975; x_wconf 88' lang='lat' dir='ltr'><strong>quam</strong></span> <span class='ocrx_word' id='word_1_681' title='bbox 1732 4909 1981 4976; x_wconf 84' lang='lat' dir='ltr'><strong>proxime</strong></span> 
     </span>
    </p>
   </div>
   <div class='ocr_carea' id='block_1_85' title="bbox 394 4997 1981 5069">
    <p class='ocr_par' dir='ltr' id='par_1_85' title="bbox 394 4997 1981 5069">
     <span class='ocr_line' id='line_1_85' title="bbox 394 4997 1981 5069; baseline 0.002 -17"><span class='ocrx_word' id='word_1_682' title='bbox 394 5008 525 5054; x_wconf 87' lang='lat' dir='ltr'><strong>ante</strong></span> <span class='ocrx_word' id='word_1_683' title='bbox 555 4998 697 5053; x_wconf 88' lang='lat' dir='ltr'><strong>hanc</strong></span> <span class='ocrx_word' id='word_1_684' title='bbox 728 4998 1015 5069; x_wconf 89' lang='lat' dir='ltr'><strong>posuimus</strong></span> <span class='ocrx_word' id='word_1_685' title='bbox 1064 4998 1385 5069; x_wconf 85' lang='lat' dir='ltr'><strong>prophetia,</strong></span> <span class='ocrx_word' id='word_1_686' title='bbox 1418 4997 1625 5053; x_wconf 85' lang='lat' dir='ltr'><strong>dictum</strong></span> <span class='ocrx_word' id='word_1_687' title='bbox 1655 5001 1784 5067; x_wconf 87' lang='lat' dir='ltr'><strong>est),</strong></span> <span class='ocrx_word' id='word_1_688' title='bbox 1825 5017 1845 5050; x_wconf 77' lang='grc' dir='ltr'><strong>ι</strong></span> <span class='ocrx_word' id='word_1_689' title='bbox 1880 5014 1981 5069; x_wconf 92' lang='lat' dir='ltr'><strong>pro</strong></span> 
     </span>
    </p>
   </div>
   <div class='ocr_carea' id='block_1_86' title="bbox 390 5090 1981 5163">
    <p class='ocr_par' dir='ltr' id='par_1_86' title="bbox 390 5090 1981 5163">
     <span class='ocr_line' id='line_1_86' title="bbox 390 5090 1981 5163; baseline -0.001 -17"><span class='ocrx_word' id='word_1_690' title='bbox 390 5106 465 5146; x_wconf 87' lang='lat' dir='ltr'><strong>eo</strong></span> <span class='ocrx_word' id='word_1_691' title='bbox 489 5099 546 5145; x_wconf 90' lang='lat' dir='ltr'><strong>ut</strong></span> <span class='ocrx_word' id='word_1_692' title='bbox 571 5105 659 5146; x_wconf 90' lang='lat' dir='ltr'><strong>me</strong></span> <span class='ocrx_word' id='word_1_693' title='bbox 689 5091 997 5162; x_wconf 87' lang='lat' dir='ltr'><strong>diligerent,</strong></span> <span class='ocrx_word' id='word_1_694' title='bbox 1026 5090 1389 5146; x_wconf 84' lang='lat' dir='ltr'><strong>detrahebant</strong></span> <span class='ocrx_word' id='word_1_695' title='bbox 1415 5091 1571 5156; x_wconf 86' lang='lat' dir='ltr'><strong>mihi,</strong></span> <span class='ocrx_word' id='word_1_696' title='bbox 1601 5098 1656 5145; x_wconf 90' lang='lat' dir='ltr'><strong>et</strong></span> <span class='ocrx_word' id='word_1_697' title='bbox 1676 5099 1981 5163; x_wconf 90' lang='lat' dir='ltr'><strong>posuerunt</strong></span> 
     </span>
    </p>
   </div>
   <div class='ocr_carea' id='block_1_87' title="bbox 394 5182 1976 5254">
    <p class='ocr_par' dir='ltr' id='par_1_87' title="bbox 394 5182 1976 5254">
     <span class='ocr_line' id='line_1_87' title="bbox 394 5182 1976 5254; baseline 0.001 -18"><span class='ocrx_word' id='word_1_698' title='bbox 394 5184 691 5239; x_wconf 84' lang='lat' dir='ltr'><strong>adversum</strong></span> <span class='ocrx_word' id='word_1_699' title='bbox 723 5199 810 5240; x_wconf 93' lang='lat' dir='ltr'><strong>me</strong></span> <span class='ocrx_word' id='word_1_700' title='bbox 842 5184 981 5239; x_wconf 87' lang='lat' dir='ltr'><strong>mala</strong></span> <span class='ocrx_word' id='word_1_701' title='bbox 1014 5198 1115 5254; x_wconf 85' lang='lat' dir='ltr'><strong>pro</strong></span> <span class='ocrx_word' id='word_1_702' title='bbox 1144 5184 1303 5239; x_wconf 90' lang='lat' dir='ltr'><strong>bonis</strong></span> <span class='ocrx_word' id='word_1_703' title='bbox 1325 5225 1340 5250; x_wconf 92' lang='lat'><strong>,</strong></span> <span class='ocrx_word' id='word_1_704' title='bbox 1378 5191 1433 5239; x_wconf 89' lang='lat' dir='ltr'><strong>et</strong></span> <span class='ocrx_word' id='word_1_705' title='bbox 1475 5183 1659 5238; x_wconf 85' lang='lat' dir='ltr'><strong>odium</strong></span> <span class='ocrx_word' id='word_1_706' title='bbox 1709 5198 1810 5254; x_wconf 90' lang='lat' dir='ltr'><strong>pro</strong></span> <span class='ocrx_word' id='word_1_707' title='bbox 1836 5182 1976 5238; x_wconf 84' lang='lat' dir='ltr'><strong>dile-</strong></span> 
     </span>
    </p>
   </div>
   <div class='ocr_carea' id='block_1_88' title="bbox 392 5272 1979 5346">
    <p class='ocr_par' dir='ltr' id='par_1_88' title="bbox 392 5272 1979 5346">
     <span class='ocr_line' id='line_1_88' title="bbox 392 5272 1979 5346; baseline 0 -19"><span class='ocrx_word' id='word_1_708' title='bbox 392 5275 582 5330; x_wconf 71' lang='lat' dir='ltr'><strong>ctione</strong></span> <span class='ocrx_word' id='word_1_709' title='bbox 610 5289 732 5330; x_wconf 85' lang='lat' dir='ltr'><strong>mea</strong></span> <span class='ocrx_word' id='word_1_710' title='bbox 765 5275 846 5340; x_wconf 69' lang='grc' dir='ltr'>ὀς</span> <span class='ocrx_word' id='word_1_711' title='bbox 886 5293 906 5327; x_wconf 72' lang='grc' dir='ltr'><strong>ι</strong></span> <span class='ocrx_word' id='word_1_712' title='bbox 945 5285 1141 5331; x_wconf 87' lang='lat' dir='ltr'><strong>etcum</strong></span> <span class='ocrx_word' id='word_1_713' title='bbox 1173 5275 1399 5346; x_wconf 87' lang='lat' dir='ltr'><strong>triginta</strong></span> <span class='ocrx_word' id='word_1_714' title='bbox 1440 5283 1727 5344; x_wconf 89' lang='lat' dir='ltr'><strong>argenteos</strong></span> <span class='ocrx_word' id='word_1_715' title='bbox 1770 5272 1979 5328; x_wconf 87' lang='lat' dir='ltr'><strong>consti-</strong></span> 
     </span>
    </p>
   </div>
   <div class='ocr_carea' id='block_1_89' title="bbox 393 5366 1978 5439">
    <p class='ocr_par' dir='ltr' id='par_1_89' title="bbox 393 5366 1978 5439">
     <span class='ocr_line' id='line_1_89' title="bbox 393 5366 1978 5439; baseline -0.002 -18"><span class='ocrx_word' id='word_1_716' title='bbox 393 5367 627 5428; x_wconf 78' lang='lat' dir='ltr'><strong>tuerint,</strong></span> <span class='ocrx_word' id='word_1_717' title='bbox 654 5375 917 5438; x_wconf 83' lang='lat' dir='ltr'><strong>tanquam</strong></span> <span class='ocrx_word' id='word_1_718' title='bbox 945 5383 1068 5423; x_wconf 90' lang='lat' dir='ltr'><strong>eum</strong></span> <span class='ocrx_word' id='word_1_719' title='bbox 1093 5369 1188 5439; x_wconf 90' lang='lat' dir='ltr'><strong>qui</strong></span> <span class='ocrx_word' id='word_1_720' title='bbox 1208 5367 1349 5422; x_wconf 84' lang='lat' dir='ltr'><strong>tanti</strong></span> <span class='ocrx_word' id='word_1_721' title='bbox 1369 5367 1719 5435; x_wconf 88' lang='lat' dir='ltr'><strong>venderetur,</strong></span> <span class='ocrx_word' id='word_1_722' title='bbox 1736 5366 1978 5421; x_wconf 83' lang='lat' dir='ltr'><strong>aestima-</strong></span> 
     </span>
    </p>
   </div>
   <div class='ocr_carea' id='block_1_90' title="bbox 397 5458 1977 5530">
    <p class='ocr_par' dir='ltr' id='par_1_90' title="bbox 397 5458 1977 5530">
     <span class='ocr_line' id='line_1_90' title="bbox 397 5458 1977 5530; baseline -0.001 -16"><span class='ocrx_word' id='word_1_723' title='bbox 397 5465 617 5515; x_wconf 62' lang='lat' dir='ltr'><strong>verunt.</strong></span> <span class='ocrx_word' id='word_1_724' title='bbox 643 5458 753 5515; x_wconf 84' lang='lat' dir='ltr'><strong>Sed</strong></span> <span class='ocrx_word' id='word_1_725' title='bbox 784 5460 1045 5530; x_wconf 87' lang='lat' dir='ltr'><strong>quoniam</strong></span> <span class='ocrx_word' id='word_1_726' title='bbox 1078 5460 1516 5530; x_wconf 87' lang='lat' dir='ltr'><strong>uniuscujusque</strong></span> <span class='ocrx_word' id='word_1_727' title='bbox 1549 5475 1691 5530; x_wconf 91' lang='lat' dir='ltr'><strong>opus</strong></span> <span class='ocrx_word' id='word_1_728' title='bbox 1721 5458 1884 5529; x_wconf 80' lang='lat' dir='ltr'><strong>quale</strong></span> <span class='ocrx_word' id='word_1_729' title='bbox 1904 5459 1977 5513; x_wconf 88' lang='lat' dir='ltr'><strong>sit</strong></span> 
     </span>
    </p>
   </div>
   <div class='ocr_carea' id='block_1_91' title="bbox 400 5550 1978 5625">
    <p class='ocr_par' dir='ltr' id='par_1_91' title="bbox 400 5550 1978 5625">
     <span class='ocr_line' id='line_1_91' title="bbox 400 5550 1978 5625; baseline -0.003 -16"><span class='ocrx_word' id='word_1_730' title='bbox 400 5552 544 5622; x_wconf 85' lang='lat' dir='ltr'><strong>ignis</strong></span> <span class='ocrx_word' id='word_1_731' title='bbox 569 5553 1042 5622; x_wconf 86' lang='lat' dir='ltr'><strong>probabit,merito</strong></span> <span class='ocrx_word' id='word_1_732' title='bbox 1058 5555 1293 5625; x_wconf 90' lang='lat' dir='ltr'><strong>imperat</strong></span> <span class='ocrx_word' id='word_1_733' title='bbox 1314 5561 1373 5608; x_wconf 90' lang='lat' dir='ltr'><strong>ut</strong></span> <span class='ocrx_word' id='word_1_734' title='bbox 1390 5552 1684 5607; x_wconf 90' lang='lat' dir='ltr'><strong>mittantur</strong></span> <span class='ocrx_word' id='word_1_735' title='bbox 1709 5553 1764 5607; x_wconf 91' lang='lat' dir='ltr'><strong>in</strong></span> <span class='ocrx_word' id='word_1_736' title='bbox 1788 5550 1978 5607; x_wconf 81' lang='lat' dir='ltr'><strong>forna-</strong></span> 
     </span>
    </p>
   </div>
   <div class='ocr_carea' id='block_1_92' title="bbox 2096 3240 3695 3318">
    <p class='ocr_par' dir='ltr' id='par_1_92' title="bbox 2096 3240 3695 3318">
     <span class='ocr_line' id='line_1_92' title="bbox 2096 3240 3695 3318; baseline -0.001 -17"><span class='ocrx_word' id='word_1_737' title='bbox 2096 3247 2258 3301; x_wconf 77' lang='grc' dir='ltr'>τῶν.»</span> <span class='ocrx_word' id='word_1_738' title='bbox 2302 3248 2444 3301; x_wconf 80' lang='grc' dir='ltr'>Ἀνθ’</span> <span class='ocrx_word' id='word_1_739' title='bbox 2472 3240 2534 3302; x_wconf 76' lang='grc' dir='ltr'><strong>οὗ</strong></span> <span class='ocrx_word' id='word_1_740' title='bbox 2552 3248 2715 3302; x_wconf 83' lang='grc' dir='ltr'>πάλιν</span> <span class='ocrx_word' id='word_1_741' title='bbox 2743 3250 2774 3302; x_wconf 89' lang='lat'><strong>6</strong></span> <span class='ocrx_word' id='word_1_742' title='bbox 2807 3247 2906 3318; x_wconf 81' lang='grc' dir='ltr'>μὲν</span> <span class='ocrx_word' id='word_1_743' title='bbox 2940 3246 3170 3310; x_wconf 83' lang='grc' dir='ltr'>Ἀκύλας</span> <span class='ocrx_word' id='word_1_744' title='bbox 3201 3246 3334 3318; x_wconf 81' lang='grc' dir='ltr'><strong>φησί</strong></span> <span class='ocrx_word' id='word_1_745' title='bbox 3355 3263 3372 3277; x_wconf 86' lang='grc'><strong>·</strong></span> <span class='ocrx_word' id='word_1_746' title='bbox 3408 3247 3559 3300; x_wconf 74' lang='grc' dir='ltr'>«Καὶ</span> <span class='ocrx_word' id='word_1_747' title='bbox 3575 3243 3695 3300; x_wconf 79' lang='grc' dir='ltr'>εἷπε</span> 
     </span>
    </p>
   </div>
   <div class='ocr_carea' id='block_1_93' title="bbox 2096 3337 3699 3415">
    <p class='ocr_par' dir='ltr' id='par_1_93' title="bbox 2096 3337 3699 3415">
     <span class='ocr_line' id='line_1_93' title="bbox 2096 3337 3699 3415; baseline -0.003 -20"><span class='ocrx_word' id='word_1_748' title='bbox 2096 3341 2327 3415; x_wconf 84' lang='grc' dir='ltr'>Κύριος·</span> <span class='ocrx_word' id='word_1_749' title='bbox 2347 3341 2530 3412; x_wconf 79' lang='grc' dir='ltr'>Ῥίψον</span> <span class='ocrx_word' id='word_1_750' title='bbox 2561 3341 2701 3396; x_wconf 75' lang='grc' dir='ltr'>αὐτὰ</span> <span class='ocrx_word' id='word_1_751' title='bbox 2740 3340 2878 3413; x_wconf 79' lang='grc' dir='ltr'>πρὸς</span> <span class='ocrx_word' id='word_1_752' title='bbox 2908 3339 2999 3393; x_wconf 80' lang='grc' dir='ltr'>τὸν</span> <span class='ocrx_word' id='word_1_753' title='bbox 3034 3338 3297 3409; x_wconf 86' lang='grc' dir='ltr'>πλάστην.</span> <span class='ocrx_word' id='word_1_754' title='bbox 3344 3337 3699 3410; x_wconf 79' lang='grc' dir='ltr'>Ὑπερμεγέ-</span> 
     </span>
    </p>
   </div>
   <div class='ocr_carea' id='block_1_94' title="bbox 2098 3430 3699 3506">
    <p class='ocr_par' dir='ltr' id='par_1_94' title="bbox 2098 3430 3699 3506">
     <span class='ocr_line' id='line_1_94' title="bbox 2098 3430 3699 3506; baseline -0.004 -17"><span class='ocrx_word' id='word_1_755' title='bbox 2098 3435 2197 3506; x_wconf 82' lang='grc' dir='ltr'><strong>θης</strong></span> <span class='ocrx_word' id='word_1_756' title='bbox 2228 3438 2260 3497; x_wconf 84' lang='grc' dir='ltr'>ἠ</span> <span class='ocrx_word' id='word_1_757' title='bbox 2286 3434 2442 3506; x_wconf 82' lang='grc' dir='ltr'>τιμὴ,</span> <span class='ocrx_word' id='word_1_758' title='bbox 2470 3434 2537 3505; x_wconf 80' lang='grc' dir='ltr'>ἣν</span> <span class='ocrx_word' id='word_1_759' title='bbox 2570 3433 2835 3505; x_wconf 73' lang='grc' dir='ltr'>ἐτιμήθην</span> <span class='ocrx_word' id='word_1_760' title='bbox 2869 3430 3011 3504; x_wconf 84' lang='grc' dir='ltr'>ὑπὲρ</span> <span class='ocrx_word' id='word_1_761' title='bbox 3035 3430 3234 3485; x_wconf 77' lang='grc' dir='ltr'>αὐτῶν.</span> <span class='ocrx_word' id='word_1_762' title='bbox 3268 3450 3286 3482; x_wconf 72' lang='grc' dir='ltr'><strong>ι</strong></span> <span class='ocrx_word' id='word_1_763' title='bbox 3307 3430 3421 3483; x_wconf 82' lang='lat' dir='ltr'><strong>Kal</strong></span> <span class='ocrx_word' id='word_1_764' title='bbox 3452 3431 3699 3502; x_wconf 76' lang='grc' dir='ltr'>πρόσχες</span> 
     </span>
    </p>
   </div>
   <div class='ocr_carea' id='block_1_95' title="bbox 2095 3521 3696 3599">
    <p class='ocr_par' dir='ltr' id='par_1_95' title="bbox 2095 3521 3696 3599">
     <span class='ocr_line' id='line_1_95' title="bbox 2095 3521 3696 3599; baseline -0.004 -18"><span class='ocrx_word' id='word_1_765' title='bbox 2095 3528 2215 3581; x_wconf 88' lang='grc' dir='ltr'>τίνα</span> <span class='ocrx_word' id='word_1_766' title='bbox 2247 3529 2447 3599; x_wconf 78' lang='grc' dir='ltr'>τρόπον</span> <span class='ocrx_word' id='word_1_767' title='bbox 2489 3526 2652 3590; x_wconf 75' lang='grc' dir='ltr'>αὐτὸς</span> <span class='ocrx_word' id='word_1_768' title='bbox 2684 3529 2712 3580; x_wconf 92' lang='lat'><strong>6</strong></span> <span class='ocrx_word' id='word_1_769' title='bbox 2738 3525 2941 3598; x_wconf 81' lang='grc' dir='ltr'>Κύριος</span> <span class='ocrx_word' id='word_1_770' title='bbox 2971 3524 3138 3595; x_wconf 80' lang='grc' dir='ltr'>τιμὴν</span> <span class='ocrx_word' id='word_1_771' title='bbox 3193 3521 3392 3577; x_wconf 80' lang='grc' dir='ltr'>ἑαυτοῦ</span> <span class='ocrx_word' id='word_1_772' title='bbox 3435 3522 3696 3592; x_wconf 79' lang='grc' dir='ltr'>ὁμολογεί</span> 
     </span>
    </p>
   </div>
   <div class='ocr_carea' id='block_1_96' title="bbox 2095 3614 3695 3691">
    <p class='ocr_par' dir='ltr' id='par_1_96' title="bbox 2095 3614 3695 3691">
     <span class='ocr_line' id='line_1_96' title="bbox 2095 3614 3695 3691; baseline -0.003 -18"><span class='ocrx_word' id='word_1_773' title='bbox 2095 3620 2220 3683; x_wconf 76' lang='grc' dir='ltr'>τοὺς</span> <span class='ocrx_word' id='word_1_774' title='bbox 2253 3619 2545 3691; x_wconf 84' lang='grc' dir='ltr'>τριάκοντα</span> <span class='ocrx_word' id='word_1_775' title='bbox 2577 3616 2853 3690; x_wconf 76' lang='grc' dir='ltr'>ἀργυροῦς</span> <span class='ocrx_word' id='word_1_776' title='bbox 2894 3615 3159 3670; x_wconf 76' lang='grc' dir='ltr'>δεδόσθαι.</span> <span class='ocrx_word' id='word_1_777' title='bbox 3191 3615 3376 3668; x_wconf 86' lang='grc' dir='ltr'>Ἐοικε</span> <span class='ocrx_word' id='word_1_778' title='bbox 3423 3615 3485 3668; x_wconf 85' lang='grc' dir='ltr'>δὲ</span> <span class='ocrx_word' id='word_1_779' title='bbox 3525 3617 3562 3687; x_wconf 81' lang='grc' dir='ltr'><strong>ἡ</strong></span> <span class='ocrx_word' id='word_1_780' title='bbox 3592 3614 3695 3684; x_wconf 77' lang='grc' dir='ltr'>τῆς</span> 
     </span>
    </p>
   </div>
   <div class='ocr_carea' id='block_1_97' title="bbox 2094 3706 3696 3779">
    <p class='ocr_par' dir='ltr' id='par_1_97' title="bbox 2094 3706 3696 3779">
     <span class='ocr_line' id='line_1_97' title="bbox 2094 3706 3696 3779; baseline -0.004 -13"><span class='ocrx_word' id='word_1_781' title='bbox 2094 3712 2293 3777; x_wconf 77' lang='grc' dir='ltr'>λέξεως</span> <span class='ocrx_word' id='word_1_782' title='bbox 2337 3712 2542 3765; x_wconf 82' lang='grc' dir='ltr'>διάνοια</span> <span class='ocrx_word' id='word_1_783' title='bbox 2574 3710 2813 3764; x_wconf 84' lang='grc' dir='ltr'>τοιοῦτόν</span> <span class='ocrx_word' id='word_1_784' title='bbox 2845 3727 2968 3763; x_wconf 90' lang='grc' dir='ltr'>τινα</span> <span class='ocrx_word' id='word_1_785' title='bbox 3004 3708 3291 3779; x_wconf 73' lang='grc' dir='ltr'>ἐμφαίνειν</span> <span class='ocrx_word' id='word_1_786' title='bbox 3334 3707 3465 3762; x_wconf 85' lang='grc' dir='ltr'>νοῦν</span> <span class='ocrx_word' id='word_1_787' title='bbox 3489 3725 3505 3738; x_wconf 93' lang='grc'><strong>·</strong></span> <span class='ocrx_word' id='word_1_788' title='bbox 3554 3706 3696 3777; x_wconf 76' lang='grc' dir='ltr'><strong>Ἐγὼ</strong></span> 
     </span>
    </p>
   </div>
   <div class='ocr_carea' id='block_1_98' title="bbox 2098 3799 3694 3875">
    <p class='ocr_par' dir='ltr' id='par_1_98' title="bbox 2098 3799 3694 3875">
     <span class='ocr_line' id='line_1_98' title="bbox 2098 3799 3694 3875; baseline -0.003 -18"><span class='ocrx_word' id='word_1_789' title='bbox 2098 3805 2198 3875; x_wconf 81' lang='grc' dir='ltr'>μὲν</span> <span class='ocrx_word' id='word_1_790' title='bbox 2248 3806 2277 3856; x_wconf 92' lang='lat'><strong>6</strong></span> <span class='ocrx_word' id='word_1_791' title='bbox 2321 3804 2556 3875; x_wconf 81' lang='grc' dir='ltr'>Κύριος,</span> <span class='ocrx_word' id='word_1_792' title='bbox 2594 3807 2660 3857; x_wconf 87' lang='grc' dir='ltr'>ὲκ</span> <span class='ocrx_word' id='word_1_793' title='bbox 2704 3801 2929 3874; x_wconf 82' lang='grc' dir='ltr'>πρώτης</span> <span class='ocrx_word' id='word_1_794' title='bbox 2972 3799 3281 3872; x_wconf 83' lang='grc' dir='ltr'>ἀρξάμενος</span> <span class='ocrx_word' id='word_1_795' title='bbox 3324 3799 3582 3871; x_wconf 80' lang='grc' dir='ltr'>ἡμέρας,</span> <span class='ocrx_word' id='word_1_796' title='bbox 3630 3800 3694 3852; x_wconf 72' lang='grc' dir='ltr'>οὗ</span> 
     </span>
    </p>
   </div>
   <div class='ocr_carea' id='block_1_99' title="bbox 2092 3893 3699 3966">
    <p class='ocr_par' dir='ltr' id='par_1_99' title="bbox 2092 3893 3699 3966">
     <span class='ocr_line' id='line_1_99' title="bbox 2092 3893 3699 3966; baseline -0.004 -16"><span class='ocrx_word' id='word_1_797' title='bbox 2092 3897 2328 3951; x_wconf 86' lang='grc' dir='ltr'>διέλιπον</span> <span class='ocrx_word' id='word_1_798' title='bbox 2361 3897 2458 3966; x_wconf 82' lang='grc' dir='ltr'>τῆς</span> <span class='ocrx_word' id='word_1_799' title='bbox 2486 3893 2725 3966; x_wconf 75' lang='grc' dir='ltr'>ἐμαυτοῦ</span> <span class='ocrx_word' id='word_1_800' title='bbox 2758 3893 3127 3966; x_wconf 80' lang='grc' dir='ltr'>χρηστότητος</span> <span class='ocrx_word' id='word_1_801' title='bbox 3150 3894 3279 3964; x_wconf 81' lang='grc' dir='ltr'>ὑμῖν</span> <span class='ocrx_word' id='word_1_802' title='bbox 3299 3894 3417 3955; x_wconf 82' lang='grc' dir='ltr'>τοῖς</span> <span class='ocrx_word' id='word_1_803' title='bbox 3445 3893 3516 3945; x_wconf 74' lang='grc' dir='ltr'>ἐκ</span> <span class='ocrx_word' id='word_1_804' title='bbox 3544 3909 3699 3963; x_wconf 80' lang='grc' dir='ltr'>περι-</span> 
     </span>
    </p>
   </div>
   <div class='ocr_carea' id='block_1_100' title="bbox 2092 3984 3697 4059">
    <p class='ocr_par' dir='ltr' id='par_1_100' title="bbox 2092 3984 3697 4059">
     <span class='ocr_line' id='line_1_100' title="bbox 2092 3984 3697 4059; baseline -0.004 -18"><span class='ocrx_word' id='word_1_805' title='bbox 2092 3988 2264 4058; x_wconf 86' lang='grc' dir='ltr'>τομῆς</span> <span class='ocrx_word' id='word_1_806' title='bbox 2291 3987 2560 4058; x_wconf 84' lang='grc' dir='ltr'>δείγματα</span> <span class='ocrx_word' id='word_1_807' title='bbox 2590 3987 2867 4059; x_wconf 85' lang='grc' dir='ltr'>παρέχων,</span> <span class='ocrx_word' id='word_1_808' title='bbox 2903 3985 2997 4039; x_wconf 73' lang='grc' dir='ltr'><strong>καὶ</strong></span> <span class='ocrx_word' id='word_1_809' title='bbox 3019 3985 3190 4057; x_wconf 82' lang='grc' dir='ltr'>μυρία</span> <span class='ocrx_word' id='word_1_810' title='bbox 3221 3985 3324 4039; x_wconf 86' lang='grc' dir='ltr'>ὃσα</span> <span class='ocrx_word' id='word_1_811' title='bbox 3352 3984 3504 4054; x_wconf 66' lang='grc' dir='ltr'>ὑμᾶς</span> <span class='ocrx_word' id='word_1_812' title='bbox 3536 3984 3697 4054; x_wconf 80' lang='grc' dir='ltr'>εὐερ-</span> 
     </span>
    </p>
   </div>
   <div class='ocr_carea' id='block_1_101' title="bbox 2092 4074 3694 4148">
    <p class='ocr_par' dir='ltr' id='par_1_101' title="bbox 2092 4074 3694 4148">
     <span class='ocr_line' id='line_1_101' title="bbox 2092 4074 3694 4148; baseline -0.003 -16"><span class='ocrx_word' id='word_1_813' title='bbox 2092 4078 2287 4148; x_wconf 83' lang='grc' dir='ltr'>γετῶν,</span> <span class='ocrx_word' id='word_1_814' title='bbox 2311 4079 2371 4131; x_wconf 85' lang='grc' dir='ltr'><strong>ού</strong></span> <span class='ocrx_word' id='word_1_815' title='bbox 2397 4078 2555 4148; x_wconf 84' lang='grc' dir='ltr'>μόνον</span> <span class='ocrx_word' id='word_1_816' title='bbox 2576 4078 2644 4131; x_wconf 76' lang='grc' dir='ltr'>τὰ</span> <span class='ocrx_word' id='word_1_817' title='bbox 2669 4077 2756 4131; x_wconf 80' lang='grc' dir='ltr'>διὰ</span> <span class='ocrx_word' id='word_1_818' title='bbox 2786 4077 2897 4131; x_wconf 85' lang='grc' dir='ltr'>τῶν</span> <span class='ocrx_word' id='word_1_819' title='bbox 2917 4076 3181 4131; x_wconf 88' lang='grc' dir='ltr'>ἀνέκαθεν</span> <span class='ocrx_word' id='word_1_820' title='bbox 3210 4076 3537 4148; x_wconf 79' lang='grc' dir='ltr'>προφητῶν,</span> <span class='ocrx_word' id='word_1_821' title='bbox 3554 4074 3694 4128; x_wconf 74' lang='grc' dir='ltr'>ἀλλὰ</span> 
     </span>
    </p>
   </div>
   <div class='ocr_carea' id='block_1_102' title="bbox 2091 4164 3696 4239">
    <p class='ocr_par' dir='ltr' id='par_1_102' title="bbox 2091 4164 3696 4239">
     <span class='ocr_line' id='line_1_102' title="bbox 2091 4164 3696 4239; baseline -0.002 -18"><span class='ocrx_word' id='word_1_822' title='bbox 2091 4168 2186 4221; x_wconf 74' lang='grc' dir='ltr'>καὶ</span> <span class='ocrx_word' id='word_1_823' title='bbox 2217 4169 2287 4222; x_wconf 81' lang='grc' dir='ltr'><strong>τὰ</strong></span> <span class='ocrx_word' id='word_1_824' title='bbox 2319 4166 2408 4220; x_wconf 88' lang='grc' dir='ltr'><strong>διὰ</strong></span> <span class='ocrx_word' id='word_1_825' title='bbox 2437 4168 2536 4238; x_wconf 77' lang='grc' dir='ltr'>τῆς</span> <span class='ocrx_word' id='word_1_826' title='bbox 2569 4166 2808 4239; x_wconf 79' lang='grc' dir='ltr'>ἐμαυτοῦ</span> <span class='ocrx_word' id='word_1_827' title='bbox 2839 4167 3172 4238; x_wconf 81' lang='grc' dir='ltr'>παρουσίας,</span> <span class='ocrx_word' id='word_1_828' title='bbox 3205 4164 3262 4218; x_wconf 81' lang='grc' dir='ltr'>ἔν</span> <span class='ocrx_word' id='word_1_829' title='bbox 3299 4182 3359 4219; x_wconf 87' lang='grc' dir='ltr'><strong>τε</strong></span> <span class='ocrx_word' id='word_1_830' title='bbox 3394 4168 3521 4229; x_wconf 83' lang='grc' dir='ltr'>ταῖς</span> <span class='ocrx_word' id='word_1_831' title='bbox 3555 4181 3696 4233; x_wconf 77' lang='grc' dir='ltr'>προ-</span> 
     </span>
    </p>
   </div>
   <div class='ocr_carea' id='block_1_103' title="bbox 2089 4256 3696 4334">
    <p class='ocr_par' dir='ltr' id='par_1_103' title="bbox 2089 4256 3696 4334">
     <span class='ocr_line' id='line_1_103' title="bbox 2089 4256 3696 4334; baseline -0.003 -19"><span class='ocrx_word' id='word_1_832' title='bbox 2089 4263 2410 4334; x_wconf 84' lang='grc' dir='ltr'>τρεπτικαῖς</span> <span class='ocrx_word' id='word_1_833' title='bbox 2465 4259 2838 4323; x_wconf 86' lang='grc' dir='ltr'>διδασκαλίαις</span> <span class='ocrx_word' id='word_1_834' title='bbox 2894 4259 2991 4313; x_wconf 75' lang='grc' dir='ltr'>καὶ</span> <span class='ocrx_word' id='word_1_835' title='bbox 3040 4259 3153 4321; x_wconf 84' lang='grc' dir='ltr'>τοῖς</span> <span class='ocrx_word' id='word_1_836' title='bbox 3220 4256 3461 4326; x_wconf 85' lang='grc' dir='ltr'>λογικοῖς</span> <span class='ocrx_word' id='word_1_837' title='bbox 3520 4257 3696 4328; x_wconf 78' lang='grc' dir='ltr'>μαθή-</span> 
     </span>
    </p>
   </div>
   <div class='ocr_carea' id='block_1_104' title="bbox 2095 4348 3694 4424">
    <p class='ocr_par' dir='ltr' id='par_1_104' title="bbox 2095 4348 3694 4424">
     <span class='ocr_line' id='line_1_104' title="bbox 2095 4348 3694 4424; baseline -0.002 -20"><span class='ocrx_word' id='word_1_838' title='bbox 2095 4368 2257 4423; x_wconf 87' lang='grc' dir='ltr'>μασιν</span> <span class='ocrx_word' id='word_1_839' title='bbox 2278 4390 2292 4415; x_wconf 89' lang='grc'><strong>,</strong></span> <span class='ocrx_word' id='word_1_840' title='bbox 2322 4351 2378 4404; x_wconf 77' lang='grc' dir='ltr'>ἐν</span> <span class='ocrx_word' id='word_1_841' title='bbox 2409 4368 2470 4404; x_wconf 88' lang='grc' dir='ltr'><strong>τε</strong></span> <span class='ocrx_word' id='word_1_842' title='bbox 2502 4353 2617 4414; x_wconf 87' lang='grc' dir='ltr'>τοῖς</span> <span class='ocrx_word' id='word_1_843' title='bbox 2649 4350 2894 4423; x_wconf 84' lang='grc' dir='ltr'>σημείοις</span> <span class='ocrx_word' id='word_1_844' title='bbox 2922 4351 3015 4403; x_wconf 75' lang='grc' dir='ltr'><strong>καὶ</strong></span> <span class='ocrx_word' id='word_1_845' title='bbox 3049 4350 3278 4424; x_wconf 88' lang='grc' dir='ltr'>τέρασι,</span> <span class='ocrx_word' id='word_1_846' title='bbox 3315 4349 3410 4402; x_wconf 74' lang='grc' dir='ltr'>καὶ</span> <span class='ocrx_word' id='word_1_847' title='bbox 3436 4353 3561 4413; x_wconf 83' lang='grc' dir='ltr'>ταῖς</span> <span class='ocrx_word' id='word_1_848' title='bbox 3599 4348 3694 4402; x_wconf 72' lang='grc' dir='ltr'><strong>ἄλ-</strong></span> 
     </span>
    </p>
   </div>
   <div class='ocr_carea' id='block_1_105' title="bbox 2092 4440 3694 4513">
    <p class='ocr_par' dir='ltr' id='par_1_105' title="bbox 2092 4440 3694 4513">
     <span class='ocr_line' id='line_1_105' title="bbox 2092 4440 3694 4513; baseline -0.001 -18"><span class='ocrx_word' id='word_1_849' title='bbox 2092 4442 2211 4506; x_wconf 85' lang='grc' dir='ltr'>λαις</span> <span class='ocrx_word' id='word_1_850' title='bbox 2235 4440 2756 4513; x_wconf 81' lang='grc' dir='ltr'>ιπαραδοξοποιίαις,</span> <span class='ocrx_word' id='word_1_851' title='bbox 2790 4443 2912 4505; x_wconf 85' lang='grc' dir='ltr'>ταῖς</span> <span class='ocrx_word' id='word_1_852' title='bbox 2942 4456 3002 4493; x_wconf 86' lang='grc' dir='ltr'><strong>τε</strong></span> <span class='ocrx_word' id='word_1_853' title='bbox 3044 4440 3219 4494; x_wconf 87' lang='grc' dir='ltr'>ἰάσεσι</span> <span class='ocrx_word' id='word_1_854' title='bbox 3244 4440 3339 4493; x_wconf 82' lang='grc' dir='ltr'>καὶ</span> <span class='ocrx_word' id='word_1_855' title='bbox 3365 4442 3495 4504; x_wconf 84' lang='grc' dir='ltr'>ταῖς</span> <span class='ocrx_word' id='word_1_856' title='bbox 3529 4440 3694 4512; x_wconf 78' lang='grc' dir='ltr'>θερα-</span> 
     </span>
    </p>
   </div>
   <div class='ocr_carea' id='block_1_106' title="bbox 2089 4532 3693 4606">
    <p class='ocr_par' dir='ltr' id='par_1_106' title="bbox 2089 4532 3693 4606">
     <span class='ocr_line' id='line_1_106' title="bbox 2089 4532 3693 4606; baseline -0.001 -19"><span class='ocrx_word' id='word_1_857' title='bbox 2089 4534 2303 4597; x_wconf 89' lang='grc' dir='ltr'>πείαις·</span> <span class='ocrx_word' id='word_1_858' title='bbox 2337 4535 2496 4606; x_wconf 82' lang='grc' dir='ltr'>ὑμεῖς</span> <span class='ocrx_word' id='word_1_859' title='bbox 2523 4533 2581 4586; x_wconf 80' lang='grc' dir='ltr'>δὲ</span> <span class='ocrx_word' id='word_1_860' title='bbox 2615 4535 2664 4586; x_wconf 80' lang='grc' dir='ltr'>οἱ</span> <span class='ocrx_word' id='word_1_861' title='bbox 2708 4532 2808 4603; x_wconf 82' lang='grc' dir='ltr'>τῆς</span> <span class='ocrx_word' id='word_1_862' title='bbox 2840 4532 3113 4604; x_wconf 85' lang='grc' dir='ltr'>τοσαύτης</span> <span class='ocrx_word' id='word_1_863' title='bbox 3143 4532 3490 4603; x_wconf 82' lang='grc' dir='ltr'>εὐεργεσίας</span> <span class='ocrx_word' id='word_1_864' title='bbox 3518 4532 3693 4602; x_wconf 50' lang='lat' dir='ltr'><strong>ﬁgam-</strong></span> 
     </span>
    </p>
   </div>
   <div class='ocr_carea' id='block_1_107' title="bbox 2090 4624 3692 4698">
    <p class='ocr_par' dir='ltr' id='par_1_107' title="bbox 2090 4624 3692 4698">
     <span class='ocr_line' id='line_1_107' title="bbox 2090 4624 3692 4698; baseline -0.001 -18"><span class='ocrx_word' id='word_1_865' title='bbox 2090 4627 2240 4697; x_wconf 85' lang='grc' dir='ltr'>μένοι</span> <span class='ocrx_word' id='word_1_866' title='bbox 2272 4626 2389 4681; x_wconf 88' lang='grc' dir='ltr'>δότε</span> <span class='ocrx_word' id='word_1_867' title='bbox 2424 4628 2516 4679; x_wconf 74' lang='grc' dir='ltr'>τὸν</span> <span class='ocrx_word' id='word_1_868' title='bbox 2547 4625 2734 4698; x_wconf 88' lang='grc' dir='ltr'>μισθόν</span> <span class='ocrx_word' id='word_1_869' title='bbox 2772 4642 2873 4697; x_wconf 87' lang='grc' dir='ltr'><strong>μου</strong></span> <span class='ocrx_word' id='word_1_870' title='bbox 2896 4666 2911 4690; x_wconf 89' lang='grc'><strong>,</strong></span> <span class='ocrx_word' id='word_1_871' title='bbox 2944 4626 2978 4696; x_wconf 84' lang='grc' dir='ltr'><strong>ἢ</strong></span> <span class='ocrx_word' id='word_1_872' title='bbox 3007 4624 3319 4679; x_wconf 82' lang='grc' dir='ltr'>ἀπείπασθε</span> <span class='ocrx_word' id='word_1_873' title='bbox 3338 4641 3355 4656; x_wconf 88' lang='grc'><strong>·</strong></span> <span class='ocrx_word' id='word_1_874' title='bbox 3377 4624 3557 4678; x_wconf 80' lang='grc' dir='ltr'>αἰτῶν</span> <span class='ocrx_word' id='word_1_875' title='bbox 3586 4626 3692 4679; x_wconf 77' lang='grc' dir='ltr'>αύ-</span> 
     </span>
    </p>
   </div>
   <div class='ocr_carea' id='block_1_108' title="bbox 2085 4713 3689 4788">
    <p class='ocr_par' dir='ltr' id='par_1_108' title="bbox 2085 4713 3689 4788">
     <span class='ocr_line' id='line_1_108' title="bbox 2085 4713 3689 4788; baseline 0 -21"><span class='ocrx_word' id='word_1_876' title='bbox 2085 4716 2243 4779; x_wconf 78' lang='grc' dir='ltr'>τοὺς,</span> <span class='ocrx_word' id='word_1_877' title='bbox 2267 4714 2343 4778; x_wconf 84' lang='grc' dir='ltr'>ὼς</span> <span class='ocrx_word' id='word_1_878' title='bbox 2370 4714 2517 4779; x_wconf 73' lang='grc' dir='ltr'>εἰκὸς</span> <span class='ocrx_word' id='word_1_879' title='bbox 2536 4756 2550 4779; x_wconf 95' lang='grc'><strong>,</strong></span> <span class='ocrx_word' id='word_1_880' title='bbox 2582 4716 2825 4788; x_wconf 70' lang='grc' dir='ltr'>καρποὺς</span> <span class='ocrx_word' id='word_1_881' title='bbox 2858 4713 3141 4778; x_wconf 77' lang='grc' dir='ltr'>εὐσεϐείας</span> <span class='ocrx_word' id='word_1_882' title='bbox 3165 4755 3179 4778; x_wconf 91' lang='grc'><strong>,</strong></span> <span class='ocrx_word' id='word_1_883' title='bbox 3210 4714 3303 4767; x_wconf 80' lang='grc' dir='ltr'><strong>καὶ</strong></span> <span class='ocrx_word' id='word_1_884' title='bbox 3341 4714 3552 4785; x_wconf 81' lang='grc' dir='ltr'>δεῖγμα</span> <span class='ocrx_word' id='word_1_885' title='bbox 3588 4717 3689 4785; x_wconf 74' lang='grc' dir='ltr'>τῆς</span> 
     </span>
    </p>
   </div>
   <div class='ocr_carea' id='block_1_109' title="bbox 2084 4805 3685 4878">
    <p class='ocr_par' dir='ltr' id='par_1_109' title="bbox 2084 4805 3685 4878">
     <span class='ocr_line' id='line_1_109' title="bbox 2084 4805 3685 4878; baseline -0.001 -18"><span class='ocrx_word' id='word_1_886' title='bbox 2084 4808 2164 4871; x_wconf 84' lang='grc' dir='ltr'><strong>είς</strong></span> <span class='ocrx_word' id='word_1_887' title='bbox 2200 4807 2364 4860; x_wconf 84' lang='grc' dir='ltr'>αὐτὸν</span> <span class='ocrx_word' id='word_1_888' title='bbox 2395 4806 2654 4870; x_wconf 87' lang='grc' dir='ltr'>πίστεως.</span> <span class='ocrx_word' id='word_1_889' title='bbox 2691 4808 2754 4860; x_wconf 84' lang='grc' dir='ltr'>Οί</span> <span class='ocrx_word' id='word_1_890' title='bbox 2777 4807 2862 4870; x_wconf 84' lang='grc' dir='ltr'>δὲ,</span> <span class='ocrx_word' id='word_1_891' title='bbox 2901 4805 3077 4876; x_wconf 88' lang='grc' dir='ltr'>(κατά</span> <span class='ocrx_word' id='word_1_892' title='bbox 3109 4805 3171 4859; x_wconf 83' lang='grc' dir='ltr'>τὸ</span> <span class='ocrx_word' id='word_1_893' title='bbox 3197 4808 3497 4878; x_wconf 82' lang='grc' dir='ltr'>εἰρημένον</span> <span class='ocrx_word' id='word_1_894' title='bbox 3526 4809 3589 4861; x_wconf 80' lang='grc' dir='ltr'>ὲν</span> <span class='ocrx_word' id='word_1_895' title='bbox 3615 4809 3685 4877; x_wconf 76' lang='grc' dir='ltr'><strong>τῇ</strong></span> 
     </span>
    </p>
   </div>
   <div class='ocr_carea' id='block_1_110' title="bbox 2084 4896 3689 4971">
    <p class='ocr_par' dir='ltr' id='par_1_110' title="bbox 2084 4896 3689 4971">
     <span class='ocr_line' id='line_1_110' title="bbox 2084 4896 3689 4971; baseline 0.001 -20"><span class='ocrx_word' id='word_1_896' title='bbox 2084 4898 2195 4970; x_wconf 83' lang='grc' dir='ltr'>πρὸ</span> <span class='ocrx_word' id='word_1_897' title='bbox 2223 4898 2427 4970; x_wconf 86' lang='grc' dir='ltr'>ταύτης</span> <span class='ocrx_word' id='word_1_898' title='bbox 2456 4899 2801 4971; x_wconf 83' lang='grc' dir='ltr'>παραθέσει,)</span> <span class='ocrx_word' id='word_1_899' title='bbox 2836 4917 2854 4950; x_wconf 81' lang='grc' dir='ltr'><strong>ι</strong></span> <span class='ocrx_word' id='word_1_900' title='bbox 2894 4899 3015 4952; x_wconf 77' lang='grc' dir='ltr'>ἀντὶ</span> <span class='ocrx_word' id='word_1_901' title='bbox 3041 4896 3136 4951; x_wconf 90' lang='grc' dir='ltr'><strong>τοῦ</strong></span> <span class='ocrx_word' id='word_1_902' title='bbox 3169 4898 3396 4970; x_wconf 76' lang='grc' dir='ltr'>ἀγαπᾷν</span> <span class='ocrx_word' id='word_1_903' title='bbox 3427 4917 3498 4970; x_wconf 87' lang='grc' dir='ltr'><strong>με</strong></span> <span class='ocrx_word' id='word_1_904' title='bbox 3546 4900 3689 4953; x_wconf 79' lang='grc' dir='ltr'>ἐνδι-</span> 
     </span>
    </p>
   </div>
   <div class='ocr_carea' id='block_1_111' title="bbox 2086 4989 3682 5063">
    <p class='ocr_par' dir='ltr' id='par_1_111' title="bbox 2086 4989 3682 5063">
     <span class='ocr_line' id='line_1_111' title="bbox 2086 4989 3682 5063; baseline -0.001 -18"><span class='ocrx_word' id='word_1_905' title='bbox 2086 4992 2308 5046; x_wconf 79' lang='grc' dir='ltr'>έϐαλλόν</span> <span class='ocrx_word' id='word_1_906' title='bbox 2337 5010 2426 5063; x_wconf 92' lang='grc' dir='ltr'><strong>με,</strong></span> <span class='ocrx_word' id='word_1_907' title='bbox 2458 4992 2552 5046; x_wconf 77' lang='grc' dir='ltr'>καὶ</span> <span class='ocrx_word' id='word_1_908' title='bbox 2580 4991 2762 5045; x_wconf 77' lang='grc' dir='ltr'>ἔθεντο</span> <span class='ocrx_word' id='word_1_909' title='bbox 2790 4992 2910 5045; x_wconf 85' lang='grc' dir='ltr'>κατ’</span> <span class='ocrx_word' id='word_1_910' title='bbox 2938 4991 3072 5062; x_wconf 75' lang='grc' dir='ltr'>ἐμοῦ</span> <span class='ocrx_word' id='word_1_911' title='bbox 3103 4989 3253 5045; x_wconf 74' lang='grc' dir='ltr'>κακὰ</span> <span class='ocrx_word' id='word_1_912' title='bbox 3279 4991 3404 5044; x_wconf 71' lang='grc' dir='ltr'>ἀντὶ</span> <span class='ocrx_word' id='word_1_913' title='bbox 3431 4991 3682 5060; x_wconf 84' lang='grc' dir='ltr'>ἀγαθῶν,</span> 
     </span>
    </p>
   </div>
   <div class='ocr_carea' id='block_1_112' title="bbox 2086 5082 3682 5157">
    <p class='ocr_par' dir='ltr' id='par_1_112' title="bbox 2086 5082 3682 5157">
     <span class='ocr_line' id='line_1_112' title="bbox 2086 5082 3682 5157; baseline -0.002 -17"><span class='ocrx_word' id='word_1_914' title='bbox 2086 5085 2179 5140; x_wconf 69' lang='grc' dir='ltr'><strong>κα)⁸</strong></span> <span class='ocrx_word' id='word_1_915' title='bbox 2203 5088 2358 5157; x_wconf 86' lang='grc' dir='ltr'>μῖσος</span> <span class='ocrx_word' id='word_1_916' title='bbox 2372 5084 2493 5138; x_wconf 76' lang='grc' dir='ltr'>ἀντὶ</span> <span class='ocrx_word' id='word_1_917' title='bbox 2510 5087 2608 5156; x_wconf 82' lang='grc' dir='ltr'>τῆς</span> <span class='ocrx_word' id='word_1_918' title='bbox 2635 5082 2970 5156; x_wconf 76' lang='grc' dir='ltr'>ἀγαπήσεώς</span> <span class='ocrx_word' id='word_1_919' title='bbox 2995 5101 3117 5154; x_wconf 88' lang='grc' dir='ltr'>μου,</span> <span class='ocrx_word' id='word_1_920' title='bbox 3132 5102 3150 5134; x_wconf 75' lang='grc' dir='ltr'><strong>ι</strong></span> <span class='ocrx_word' id='word_1_921' title='bbox 3176 5083 3481 5155; x_wconf 81' lang='grc' dir='ltr'>τριάκοντα</span> <span class='ocrx_word' id='word_1_922' title='bbox 3503 5085 3682 5156; x_wconf 80' lang='grc' dir='ltr'>ἀργυ-</span> 
     </span>
    </p>
   </div>
   <div class='ocr_carea' id='block_1_113' title="bbox 2087 5175 3681 5252">
    <p class='ocr_par' dir='ltr' id='par_1_113' title="bbox 2087 5175 3681 5252">
     <span class='ocr_line' id='line_1_113' title="bbox 2087 5175 3681 5252; baseline -0.001 -20"><span class='ocrx_word' id='word_1_923' title='bbox 2087 5178 2214 5252; x_wconf 88' lang='grc' dir='ltr'>ροῦς</span> <span class='ocrx_word' id='word_1_924' title='bbox 2251 5179 2567 5250; x_wconf 87' lang='grc' dir='ltr'>στήσαντες,</span> <span class='ocrx_word' id='word_1_925' title='bbox 2599 5177 2791 5248; x_wconf 80' lang='grc' dir='ltr'>ὥσπερ</span> <span class='ocrx_word' id='word_1_926' title='bbox 2825 5175 3081 5230; x_wconf 88' lang='grc' dir='ltr'>τοσούτου</span> <span class='ocrx_word' id='word_1_927' title='bbox 3114 5176 3276 5230; x_wconf 78' lang='grc' dir='ltr'>αὐτὸν</span> <span class='ocrx_word' id='word_1_928' title='bbox 3324 5176 3681 5247; x_wconf 79' lang='grc' dir='ltr'>πωλούμενον</span> 
     </span>
    </p>
   </div>
   <div class='ocr_carea' id='block_1_114' title="bbox 2083 5269 3678 5343">
    <p class='ocr_par' dir='ltr' id='par_1_114' title="bbox 2083 5269 3678 5343">
     <span class='ocr_line' id='line_1_114' title="bbox 2083 5269 3678 5343; baseline 0.001 -21"><span class='ocrx_word' id='word_1_929' title='bbox 2083 5271 2431 5343; x_wconf 79' lang='grc' dir='ltr'>ἐτιμήσαντο.</span> <span class='ocrx_word' id='word_1_930' title='bbox 2491 5270 2628 5323; x_wconf 80' lang='grc' dir='ltr'>Ἀλλ’</span> <span class='ocrx_word' id='word_1_931' title='bbox 2681 5271 2809 5323; x_wconf 71' lang='grc' dir='ltr'>ἐπεὶ</span> <span class='ocrx_word' id='word_1_932' title='bbox 2856 5269 2917 5322; x_wconf 82' lang='grc' dir='ltr'>τὸ</span> <span class='ocrx_word' id='word_1_933' title='bbox 2983 5270 3216 5324; x_wconf 79' lang='grc' dir='ltr'>ἑκάστου</span> <span class='ocrx_word' id='word_1_934' title='bbox 3272 5269 3438 5342; x_wconf 77' lang='grc' dir='ltr'>ἔργον</span> <span class='ocrx_word' id='word_1_935' title='bbox 3490 5272 3678 5324; x_wconf 80' lang='grc' dir='ltr'>ὁποῖόν</span> 
     </span>
    </p>
   </div>
   <div class='ocr_carea' id='block_1_115' title="bbox 2084 5362 3681 5437">
    <p class='ocr_par' dir='ltr' id='par_1_115' title="bbox 2084 5362 3681 5437">
     <span class='ocr_line' id='line_1_115' title="bbox 2084 5362 3681 5437; baseline 0.002 -21"><span class='ocrx_word' id='word_1_936' title='bbox 2084 5364 2201 5417; x_wconf 79' lang='grc' dir='ltr'>ἐστι</span> <span class='ocrx_word' id='word_1_937' title='bbox 2223 5363 2284 5417; x_wconf 83' lang='grc' dir='ltr'>τὸ</span> <span class='ocrx_word' id='word_1_938' title='bbox 2311 5363 2422 5436; x_wconf 88' lang='grc' dir='ltr'><strong>πῦρ</strong></span> <span class='ocrx_word' id='word_1_939' title='bbox 2439 5362 2573 5418; x_wconf 80' lang='grc' dir='ltr'>αὐτὸ</span> <span class='ocrx_word' id='word_1_940' title='bbox 2598 5362 2907 5434; x_wconf 84' lang='grc' dir='ltr'>δοκιμάσει,</span> <span class='ocrx_word' id='word_1_941' title='bbox 2934 5362 3159 5426; x_wconf 84' lang='grc' dir='ltr'>εἰκότως</span> <span class='ocrx_word' id='word_1_942' title='bbox 3196 5364 3531 5437; x_wconf 81' lang='grc' dir='ltr'>προστάττει</span> <span class='ocrx_word' id='word_1_943' title='bbox 3546 5365 3681 5419; x_wconf 64' lang='grc' dir='ltr'>καθ’</span> 
     </span>
    </p>
   </div>
   <div class='ocr_carea' id='block_1_116' title="bbox 2083 5451 3674 5525">
    <p class='ocr_par' dir='ltr' id='par_1_116' title="bbox 2083 5451 3674 5525">
     <span class='ocr_line' id='line_1_116' title="bbox 2083 5451 3674 5525; baseline -0.002 -18"><span class='ocrx_word' id='word_1_944' title='bbox 2083 5455 2207 5524; x_wconf 83' lang='grc' dir='ltr'>ἦναι</span> <span class='ocrx_word' id='word_1_945' title='bbox 2261 5457 2456 5514; x_wconf 81' lang='grc' dir='ltr'>αὐτοὺς</span> <span class='ocrx_word' id='word_1_946' title='bbox 2503 5456 2583 5518; x_wconf 88' lang='grc' dir='ltr'><strong>εἰς</strong></span> <span class='ocrx_word' id='word_1_947' title='bbox 2623 5454 2684 5507; x_wconf 86' lang='grc' dir='ltr'>τὸ</span> <span class='ocrx_word' id='word_1_948' title='bbox 2714 5452 3110 5525; x_wconf 81' lang='grc' dir='ltr'>χωνευτήριον,</span> <span class='ocrx_word' id='word_1_949' title='bbox 3161 5451 3440 5521; x_wconf 70' lang='grc' dir='ltr'>ἐπιλέγων</span> <span class='ocrx_word' id='word_1_950' title='bbox 3463 5468 3477 5483; x_wconf 86' lang='grc'><strong>·</strong></span> <span class='ocrx_word' id='word_1_951' title='bbox 3514 5472 3536 5505; x_wconf 72' lang='grc' dir='ltr'><strong>ι</strong></span> <span class='ocrx_word' id='word_1_952' title='bbox 3578 5454 3674 5504; x_wconf 82' lang='grc' dir='ltr'><strong>ὐν</strong></span> 
     </span>
    </p>
   </div>
   <div class='ocr_carea' id='block_1_117' title="bbox 2084 5542 3671 5619">
    <p class='ocr_par' dir='ltr' id='par_1_117' title="bbox 2084 5542 3671 5619">
     <span class='ocr_line' id='line_1_117' title="bbox 2084 5542 3671 5619; baseline -0.003 -19"><span class='ocrx_word' id='word_1_953' title='bbox 2084 5546 2282 5619; x_wconf 83' lang='grc' dir='ltr'>τρόπον</span> <span class='ocrx_word' id='word_1_954' title='bbox 2315 5547 2678 5618; x_wconf 73' lang='grc' dir='ltr'>ἐδοκιμάσθην</span> <span class='ocrx_word' id='word_1_955' title='bbox 2718 5546 2857 5615; x_wconf 81' lang='grc' dir='ltr'>ὑπὲρ</span> <span class='ocrx_word' id='word_1_956' title='bbox 2898 5545 3101 5617; x_wconf 77' lang='grc' dir='ltr'>αύτῷν.</span> <span class='ocrx_word' id='word_1_957' title='bbox 3145 5564 3163 5596; x_wconf 71' lang='grc' dir='ltr'><strong>ι</strong></span> <span class='ocrx_word' id='word_1_958' title='bbox 3203 5542 3671 5619; x_wconf 73' lang='grc' dir='ltr'>Χωνευτήριονδὲ</span> 
     </span>
    </p>
   </div>
   <div class='ocr_carea' id='block_1_118' title="bbox 470 5719 1990 5806">
    <p class='ocr_par' dir='ltr' id='par_1_118' title="bbox 470 5724 1990 5806">
     <span class='ocr_line' id='line_1_118' title="bbox 470 5724 1990 5806; baseline -0.001 -24"><span class='ocrx_word' id='word_1_959' title='bbox 470 5728 516 5762; x_wconf 81' lang='grc'><strong>⁷³</strong></span> <span class='ocrx_word' id='word_1_960' title='bbox 550 5728 781 5790; x_wconf 85' lang='lat' dir='ltr'><strong>Zachar.</strong></span> <span class='ocrx_word' id='word_1_961' title='bbox 813 5743 894 5806; x_wconf 77' lang='lat' dir='ltr'><strong>x1,</strong></span> <span class='ocrx_word' id='word_1_962' title='bbox 926 5733 975 5801; x_wconf 89' lang='lat'><strong>7,</strong></span> <span class='ocrx_word' id='word_1_963' title='bbox 1008 5734 1091 5791; x_wconf 78' lang='lat' dir='ltr'><strong>M.</strong></span> <span class='ocrx_word' id='word_1_964' title='bbox 1166 5732 1211 5764; x_wconf 61' lang='grc' dir='ltr'><strong>τι</strong></span> <span class='ocrx_word' id='word_1_965' title='bbox 1251 5730 1385 5788; x_wconf 89' lang='lat' dir='ltr'><strong>Luc.</strong></span> <span class='ocrx_word' id='word_1_966' title='bbox 1424 5745 1573 5799; x_wconf 85' lang='lat' dir='ltr'><strong>xxu,</strong></span> <span class='ocrx_word' id='word_1_967' title='bbox 1609 5727 1666 5799; x_wconf 74' lang='lat'><strong>4,</strong></span> <span class='ocrx_word' id='word_1_968' title='bbox 1697 5727 1750 5784; x_wconf 84' lang='lat'><strong>5.</strong></span> <span class='ocrx_word' id='word_1_969' title='bbox 1827 5727 1872 5759; x_wconf 79' lang='grc'><strong>⁷⁸</strong></span> <span class='ocrx_word' id='word_1_970' title='bbox 1912 5724 1990 5780; x_wconf 84' lang='lat' dir='ltr'><strong>Ma</strong></span> 
     </span>
    </p>
   </div>
   <div class='ocr_carea' id='block_1_119' title="bbox 2102 5719 3234 5806">
    <p class='ocr_par' dir='ltr' id='par_1_119' title="bbox 2102 5719 3234 5791">
     <span class='ocr_line' id='line_1_119' title="bbox 2102 5719 3234 5791; baseline 0.004 -15"><span class='ocrx_word' id='word_1_971' title='bbox 2102 5770 2103 5776; x_wconf 47' lang='grc' dir='ltr'><strong>η</strong></span> <span class='ocrx_word' id='word_1_972' title='bbox 2145 5740 2297 5791; x_wconf 71' lang='lat' dir='ltr'><strong>xxvr,</strong></span> <span class='ocrx_word' id='word_1_973' title='bbox 2332 5724 2419 5789; x_wconf 73' lang='grc' dir='ltr'>Η,</span> <span class='ocrx_word' id='word_1_974' title='bbox 2454 5724 2539 5778; x_wconf 70' lang='lat' dir='ltr'><strong>lii.</strong></span> <span class='ocrx_word' id='word_1_975' title='bbox 2617 5724 2662 5756; x_wconf 81' lang='lat'>&quot;</span> <span class='ocrx_word' id='word_1_976' title='bbox 2704 5721 2848 5778; x_wconf 85' lang='lat' dir='ltr'><strong>Psal.</strong></span> <span class='ocrx_word' id='word_1_977' title='bbox 2881 5736 3047 5789; x_wconf 85' lang='lat' dir='ltr'><strong>cvm,</strong></span> <span class='ocrx_word' id='word_1_978' title='bbox 3082 5722 3136 5790; x_wconf 70' lang='grc'>4,</span> <span class='ocrx_word' id='word_1_979' title='bbox 3175 5719 3234 5781; x_wconf 79' lang='lat'><strong>5.</strong></span> 
     </span>
    </p>
   </div>
  </div>
