3836 6220
182 281 300 338 745

1116 280 1772 341 DEMONSTRATIONIS
1800 280 2259 339 EVANGELICA‘Z
2292 281 2419 338 LIB.
2451 282 2522 341 Χ.

3357 285 3462 343 746

178 395 431 451 ἐνταῦθα
472 395 614 453 ἔοικε
643 400 733 454 τὸν
760 396 908 454 οἶκον
948 398 1155 471 Κυρίου
1183 398 1491 466 ὀνομάζειν.
1519 399 1782 463 Εἰπόντος

1887 413 2024 463 cem,
2062 398 2194 452 illud
2245 397 2547 469 adiungens
2579 417 2594 454 :
2640 416 2660 450 ι
2696 397 3165 467 Quemadmodum
3199 401 3462 471 probatus

179 483 327 554 γοῦν
360 488 455 541 τοῦ
489 491 718 562 Κυρίου,
751 489 895 544 κατὰ
925 491 1051 554 τοὺς
1084 479 1515 563 Ἑϐδομήκονταέ
1540 510 1558 542 ι
1595 490 1778 552 Κάθες

182 579 395 644 αὐτοὺς
428 582 510 644 είς
527 582 588 633 τὸ
614 583 976 653 χωνευτήριον
997 624 1012 649 ,
1049 599 1069 633 ι
1097 582 1349 654 ἐπιφέρει
1372 598 1385 613 ο
1411 601 1431 634 ι
1453 582 1563 637 Καὶ
1593 581 1779 636 ἐνέϐα-

179 670 285 727 λον
325 675 521 739 αὐτοὺς
568 678 648 741 εὶς
693 675 784 730 τὸν
825 671 972 730 οἷκον
1020 675 1248 746 Κυρίου,
1290 677 1373 739 εἰς
1416 675 1476 730 τὸ
1510 677 1781 747 χωνευτή-

185 782 334 839 ριον.
367 784 387 817 ι
411 766 641 820 Κατὰδὲ
662 768 752 841 τόν
786 766 1017 822 Ἀκύλαν
1039 785 1052 797 ’
1088 788 1107 818 ι
1137 768 1398 831 Εἰπόντος
1424 767 1517 821 τοῦ
1549 767 1775 840 Κυρίου⁶

197 855 395 925 Ῥίψον
443 856 596 922 αὐτὸ,
625 876 643 908 ι
671 857 829 929 δῆλον
878 859 922 912 δ’
962 859 1045 912 ὅτι
1075 855 1137 911 r6
1176 857 1469 931 ἀργύριον,
1504 849 1642 931 πρὸς
1686 858 1779 912 τὸν

187 946 467 1018 πλάστην,
493 948 764 1020 ἐπιφέρει·
800 950 941 1004 «Καὶ
967 949 1168 1022 ἔρριψα
1189 952 1246 1004 ἐν
1261 951 1395 1022 οἴκῳ
1408 951 1615 1023 Κυρίου
1642 949 1780 1023 πρὸς

184 1037 289 1090 τὸν
306 1038 578 1109 πλάστην.
605 1058 624 1092 ι
652 1040 812 1095 Κατὰ
831 1040 888 1094 δὲ
910 1038 1001 1095 τὸν
1030 1028 1323 1114 Σύμμαχον
1342 1059 1355 1071 ·
1381 1042 1671 1106 «Εἰπόντος
1684 1043 1778 1096 τοῦ

185 1130 427 1202 Κυρίου·
465 1132 646 1202 Ῥίψον
669 1133 802 1187 αὐτὸ
847 1137 927 1199 εἰς
963 1135 1024 1188 τὸ
1052 1135 1437 1207 χωνευτήριον,
1476 1156 1495 1189 ι
1529 1136 1780 1209 ἐπιφέρει

156 1220 408 1291 ’λέγωνο
442 1242 462 1274 ι
497 1226 607 1278 Καὶ
636 1224 835 1298 ἔρριψα
869 1216 1001 1280 αὐτὸ
1031 1229 1111 1291 εἰς
1141 1227 1233 1281 τὸν
1266 1223 1413 1281 οἷκον
1441 1216 1669 1301 Κυρίου,
1701 1230 1780 1293 είς

185 1316 256 1368 τὸ
284 1318 670 1389 χωνευτήριον.
709 1334 727 1369 ι
777 1319 1004 1391 Μήποτε
1034 1320 1092 1373 δὲ
1116 1306 1210 1373 καλ⁸
1246 1319 1404 1374 τοῦτο
1438 1321 1778 1394 ἐπληροῦτο,

185 1408 283 1461 ὅτε
303 1426 325 1459 ι
348 1394 568 1472 Ἰούδας,
581 1425 601 1460 ι
619 1410 647 1463 6
659 1410 985 1481 παραδιδοὺς
1003 1410 1094 1465 τὸν
1110 1410 1336 1481 Κύριον,
1362 1430 1381 1463 ι
1395 1412 1536 1477 ίδὼν,
1551 1414 1633 1467 ὃτι
1651 1431 1782 1467 κατ-

187 1497 391 1570 εκρίθη
416 1539 431 1561 ,
482 1498 879 1572 μεταμεληθεὶς
922 1501 1234 1574 ἀπέστρεψε
1272 1505 1334 1556 τὸ
1378 1504 1638 1576 ἀργύριον
1669 1508 1782 1568 τοῖς

186 1588 515 1662 ἀρχιερεῦσι
548 1591 643 1644 καὶ
676 1593 1067 1666 πρεσϐυτέροις
1087 1635 1103 1660 ,
1133 1595 1306 1663 λέγων
1326 1613 1339 1625 ·
1374 1598 1656 1668 Ἥμαρτον
1679 1602 1785 1650 πα-

194 1682 398 1753 ραδοὺς
446 1678 587 1754 αἷμα
622 1683 821 1740 ἀθῶον.
871 1686 934 1739 Οί
983 1685 1040 1739 δὲ
1090 1681 1250 1741 εἶπαν
1300 1687 1484 1757 αὐτῷ·
1548 1687 1612 1741 Τί
1646 1686 1783 1761 πρὸς

1884 501 2006 541 sum
2036 502 2137 556 pro
2176 487 2306 543 illis.
2351 507 2370 539 ι
2432 487 2733 544 Fornacem
2786 504 2914 544 vero
2969 490 3072 545 hoc
3120 490 3242 546 loco
3287 492 3462 563 ipsam

1881 578 2105 633 domum
2140 578 2353 635 Domini
2384 582 2671 637 nominare
2699 582 2942 639 videtur.
2970 581 3107 637 Nam
3129 598 3253 638 cum
3280 584 3463 641 Domi-

1881 685 1988 725 nus
2013 670 2249 737 dixerit,
2291 678 2352 726 ut
2389 679 2475 728 est
2520 673 2665 744 apud
2707 672 2845 727 LXX
2870 713 2886 738 ,
2919 692 2939 725 ι
2978 673 3199 731 Dimitte
3257 692 3355 732 eos
3404 678 3459 732 in

1880 760 2181 826 fornacem,
2224 782 2242 815 ›
2271 770 2388 817 tum
2423 762 2710 836 adiungit:
2745 783 2765 815 ι
2805 763 2870 820 Ει
2897 765 3107 837 proieci
3149 781 3245 822 eos
3273 767 3330 821 in
3363 768 3464 823 do-

1880 868 1971 909 mo
1996 853 2209 910 Domini
2238 856 2294 910 in
2322 855 2622 912 fornacem.
2659 877 2679 910 )
2709 856 2779 912 Ut
2812 873 2940 913 vero
2979 867 3061 914 est
3103 860 3247 929 apud
3291 860 3465 931 Aqui-

1880 946 2010 1009 lam,
2046 962 2066 998 ι
2099 962 2224 1001 cum
2257 945 2524 1005 Dominus
2553 949 2752 1003 dixerit
2783 969 2796 1002 :
2845 948 3060 1021 Proiice
3101 949 3236 1006 illud
3279 950 3462 1022 ipsum

1880 1039 2135 1094 videlicet
2187 1047 2473 1108 argentum
2522 1040 2589 1095 ad
2648 1039 2891 1112 ﬁgulum,
2928 1061 2947 1094 ›
2990 1052 3105 1096 tum
3163 1042 3458 1114 adiungit:

1887 1148 1906 1180 ι
1948 1129 2014 1184 Ει
2046 1130 2251 1201 proieci
2298 1132 2431 1188 illud
2469 1133 2523 1187 in
2568 1133 2732 1188 domo
2777 1132 2990 1188 Domini
3030 1136 3098 1192 ad
3147 1135 3394 1206 ﬁgulum.
3437 1156 3457 1189 ι

1881 1224 1951 1276 At
1983 1239 2134 1288 vero,
2170 1239 2237 1279 ex
2267 1224 2582 1296 Symmachi
2607 1226 2865 1292 editione,
2886 1245 2906 1278 ι
2937 1242 3061 1282 cum
3084 1226 3348 1284 Dominus
3376 1229 3465 1285 di-

1885 1317 2060 1381 Xerit',
2123 1318 2332 1388 proiice
2380 1317 2511 1372 illud
2545 1319 2599 1372 in
2652 1319 2951 1383 fornacem,
2990 1337 3010 1372 ι
3045 1328 3159 1375 tum
3216 1321 3466 1394 adiungit

1880 1408 2047 1462 verba
2082 1408 2214 1462 illa:
2257 1425 2276 1459 ι
2306 1407 2370 1461 Ει
2404 1407 2610 1477 proieci
2645 1408 2776 1463 illud
2835 1408 2890 1463 in
2946 1408 3111 1485 domo
3139 1410 3356 1466 Domini
3404 1413 3464 1468 in

1884 1498 2185 1555 fornacem.
2220 1517 2238 1549 ι
2272 1497 2410 1553 Num
2445 1498 2614 1568 igitur
2644 1499 2747 1554 hoc
2776 1508 2910 1554 tunc
2955 1499 3185 1557 forsitan
3217 1505 3463 1574 comple-

1884 1601 1996 1646 tum
2019 1599 2123 1658 est,
2152 1608 2276 1647 cum
2309 1610 2327 1641 ι
2361 1590 2561 1646 Judasi
2597 1591 2688 1661 qui
2717 1591 3003 1648 Dominum
3029 1593 3289 1663 prodidit,
3323 1614 3342 1646 ι
3381 1598 3464 1652 vi-

1884 1685 2021 1740 dens
2063 1684 2207 1755 quod
2238 1683 2637 1739 condemnatus
2667 1695 2835 1747 esset,
2870 1684 3192 1755 paenitentia
3221 1686 3421 1743 ductus
3442 1728 3458 1752 ,

188 1776 379 1845 inde;
408 1775 473 1829 σὺ
501 1775 646 1845 ὄψει.
668 1775 955 1849 Καὶρίψας
970 1776 1040 1831 τὰ
1060 1778 1301 1851 ἀργύρια
1323 1781 1403 1843 εἰς
1423 1780 1514 1833 τὸν
1526 1779 1672 1845 ναὸν,
1696 1782 1779 1834 ἀν-

1887 1777 2069 1831 retulit
2098 1783 2383 1847 argentum
2413 1775 2754 1846 principibus
2801 1777 3147 1832 sacerdotum
3189 1786 3244 1833 et
3283 1779 3464 1834 senio-

195 1866 454 1939 εχώρησε
473 1884 487 1897 ο
518 1871 615 1920 καὶ
650 1867 900 1923 ἀπελθὼν
933 1869 1232 1943 ἀπήγξατο.
1266 1872 1329 1925 Οἱ
1376 1872 1434 1925 δὲ
1462 1873 1738 1945 ἀρχιερεῖς
1763 1915 1778 1939 ,

189 1953 456 2020 λαϐόντες
516 1956 587 2010 τὰ
641 1958 922 2035 ἀργύρια,
993 1955 1182 2014 εἶπαν⁸
1248 1962 1363 2015 Οὐκ
1414 1961 1534 2015 ἔστι
1599 1962 1782 2034 βαλεῖν

188 2046 338 2101 αὐτὰ
385 2047 468 2111 είς
501 2048 593 2101 τὸν
637 2021 943 2121 κορϐανᾶν,
974 2051 1098 2104 ἐπεὶ
1131 2052 1265 2123 τιμὴ
1298 2044 1534 2124 αἵματός
1557 2021 1775 2109 ἐστιν.»

188 2140 531 2212 Συμϐούλιον
583 2142 642 2196 δὲ
690 2142 946 2208 λαϐόντες
964 2185 978 2210 ,
1026 2144 1305 2217 ἠγόρασαν
1361 2145 1422 2211 ἐξ
1465 2147 1643 2201 αὐτῶν
1692 2148 1782 2202 τὸν

189 2232 368 2305 ἀγρὸν
437 2233 533 2287 τοῦ
604 2232 925 2307 κεραμέως’
975 2239 1056 2302 εἰς
1140 2238 1320 2308 ταφὴν
1393 2241 1505 2302 τοῖς
1588 2237 1778 2304 ξένοις.

190 2325 290 2378 Διὸ
328 2325 532 2397 ἐκλήθη
564 2325 594 2378 6
620 2325 790 2399 ἀγρὸς
829 2329 1037 2392 ἐκεῖνος
1066 2316 1237 2400 ἀγρός
1265 2329 1516 2400 αἵματος,
1540 2330 1645 2394 ἕως
1684 2331 1784 2403 τῆς

194 2417 440 2489 σήμερον
471 2417 706 2490 ¹ἡμέρας.
739 2418 874 2473 Τότε
915 2418 1211 2493 ἐπληρώθη
1242 2420 1305 2474 τὸ
1339 2419 1502 2492 ῥηθὲν
1545 2420 1634 2474 διὰ
1683 2420 1781 2474 Ἱε-

196 2508 391 2580 ρεμίου
405 2507 500 2562 τοῦ
533 2511 810 2582 προφήτου
826 2509 1093 2580 λέγοντος
1142 2511 1254 2563 Kal
1276 2509 1467 2563 ἔλαϐον
1512 2510 1579 2564 τὰ
1628 2511 1785 2581 τριά-

193 2619 364 2656 κοντα
396 2601 658 2673 ἀργύρια,
686 2603 785 2673 τὴν
827 2604 993 2675 τιμὴν
1022 2602 1116 2657 τοῦ
1156 2602 1541 2675 τετιμημένου,
1576 2602 1636 2655 ὃν
1676 2603 1785 2656 ὲτι-

196 2694 444 2764 μήσαντο
476 2692 584 2746 ἀπὸ
612 2693 743 2747 υίῶν
785 2693 1023 2765 Ἰσραήλ.
1060 2692 1171 2747 Καὶ
1196 2692 1400 2747 ἔδωκαν
1431 2693 1571 2747 αὐτὰ
1590 2695 1670 2757 είς
1691 2693 1784 2747 τὸν

191 2785 369 2857 ἀγρὸν
402 2782 495 2837 τοῦ
548 2784 871 2857 κεραμέως,
907 2783 1052 2837 καθὰ
1084 2784 1339 2850 συνέταξέ
1372 2801 1460 2855 μοι
1491 2785 1713 2857 Κύριος.
1757 2804 1777 2838 ι

198 2877 374 2931 Ἔνθα
406 2877 501 2932 καὶ
546 2877 877 2949 ἐπιστήσεις,
906 2877 1030 2930 ἐπεὶ
1066 2876 1140 2949 μὴ
1170 2876 1344 2930 ταῦτα
1369 2876 1594 2949 φέρεται
1626 2879 1684 2933 ἐν
1715 2881 1782 2952 τῇ

194 2971 294 3024 τοῦ
336 2969 597 3042 Ἱερεμίου
633 2970 957 3042 προφητείᾳ,
980 2969 1092 3023 εἴτε
1120 2969 1228 3042 χρὴ
1251 2970 1497 3024 ὑπονοεῖν
1521 2972 1787 3044 περιῃρῆ-

197 3063 326 3119 σθαι
375 3063 517 3118 aura
559 3063 618 3132 ἐξ
664 3064 834 3136 αὐτῆς
885 3064 1025 3118 κατά
1074 3080 1194 3117 τινα
1228 3063 1596 3136 ῥᾳδιουργίαν,
1627 3064 1660 3136 ἢ
1691 3065 1787 3118 καὶ

1886 1869 2059 1932 ribus,
2089 1867 2314 1922 dicens:
2352 1864 2579 1922 Peccavi
2606 1867 2830 1921 tradens
2855 1868 3173 1938 sanguinem
3201 1869 3462 1927 innocen-

1882 1966 2012 2012 tem.
2070 1956 2138 2011 At
2190 1958 2266 2011 illi
2327 1957 2584 2012 dixerunt
2640 1957 2731 2013 ei:
2776 1957 2919 2023 Quid
2955 1957 3023 2013 ad
3078 1959 3220 2014 nos?
3271 1970 3327 2015 tu
3375 1963 3462 2016 vi-

1883 2052 2053 2114 deris,
2081 2060 2135 2108 et
2178 2051 2441 2122 proiectis
2477 2049 2752 2121 argenteis
2812 2050 2866 2103 in
2917 2051 3140 2121 templo.
3184 2054 3461 2111 recessit:

1883 2155 1937 2201 et
1969 2146 2159 2202 abiens
2206 2146 2401 2215 laqueo
2454 2159 2514 2200 se
2573 2145 2879 2215 suspendit.
2938 2143 3222 2217 Principes
3277 2156 3464 2206 autem

1885 2237 2233 2293 sacerdotum
2256 2237 2501 2308 acceptis
2537 2239 2814 2310 argenteis
2844 2239 3103 2296 dixerunt
3129 2262 3142 2297 :
3183 2241 3304 2299 Non
3333 2244 3466 2300 licet

1883 2346 1979 2386 eos
2036 2327 2254 2386 mittere
2312 2331 2366 2384 in
2425 2331 2771 2397 corbanam,
2840 2332 2968 2402 quia
3028 2335 3263 2405 pretium
3332 2351 3464 2393 san~

1883 2422 2066 2493 guinis
2128 2430 2234 2478 est.
2292 2421 2541 2477 Consilio
2607 2431 2789 2478 autem
2852 2425 3033 2490 inito,
3093 2433 3346 2481 emerunt
3398 2443 3466 2483 ex

1887 2514 1993 2569 illis
2060 2528 2251 2584 agrum
2309 2514 2459 2584 ﬁguli
2518 2515 2574 2569 in
2626 2516 2962 2585 sepulturam
3026 2518 3461 2589 peregrinorum.

1884 2602 2045 2675 48],
2080 2602 2427 2674 Quapropter
2457 2611 2683 2659 vocatus
2720 2615 2805 2659 est
2846 2621 2976 2677 ager
3021 2608 3134 2671 ille,
3167 2624 3298 2679 ager
3332 2626 3465 2665 san-

1883 2694 2086 2767 guinis,
2121 2711 2294 2767 usque
2321 2696 2389 2750 ad
2428 2707 2751 2767 praesentem
2787 2697 2952 2752 diem.
2995 2688 3151 2754 Tunc
3181 2701 3465 2771 impletum

1885 2794 1972 2843 est
2003 2789 2149 2858 quod
2180 2789 2391 2845 dictum
2426 2797 2511 2846 est
2542 2804 2639 2859 per
2687 2787 2981 2846 Jeremiam
3008 2792 3327 2863 prophetam
3381 2796 3468 2852 di-

1886 2887 2100 2936 centem
2135 2899 2147 2935 :
2181 2880 2246 2935 Et
2276 2890 2608 2954 acceperunt
2647 2883 2868 2954 triginta
2913 2893 3201 2954 argenteos
3227 2888 3465 2955 pretium

1887 2971 2198 3042 appretiati,
2252 2988 2416 3045 quem
2469 2974 2913 3045 appretiaverunt
2953 2991 2984 3030 a
3028 2976 3155 3033 ﬁliis
3186 2977 3376 3041 Israel,
3410 2987 3466 3034 et
3499 2987 3502 2991 ’

1887 3062 2157 3118 dederunt
2187 3078 2283 3119 eos
2317 3063 2374 3118 in
2405 3078 2598 3134 agrum
2629 3064 2801 3136 ﬁguli,
2835 3068 2982 3123 sicut
3016 3068 3301 3124 constituit
3330 3070 3465 3124 mihi

198 3154 427 3227 σφάλμα
470 3155 740 3228 γραφικδν
789 3154 1072 3225 γεγονέναι
1095 3194 1110 3220 ,
1163 3154 1267 3208 τῶν
1312 3155 1676 3228 ἀμελέστερον
1718 3157 1783 3212 τὰ

1891 3152 2156 3210 Dominus
2179 3148 2247 3210 ⁷⁷.
2287 3174 2307 3209 ι
2343 3154 2447 3210 Ubi
2474 3155 2760 3229 diligenter
2790 3158 3186 3223 considerabis,
3210 3162 3466 3218 curahaec

194 3247 310 3301 τῶν
341 3246 500 3320 ἱερῶν
521 3247 868 3317 Εὐαγγελίων
898 3247 1208 3319 ἀντίγραφα
1237 3247 1621 3318 πεποιημένων
1657 3266 1788 3319 σφα-

195 3339 384 3404 λέντος
415 3340 580 3405 τινὸς,
616 3341 710 3394 καὶ
751 3340 872 3394 ἀντὶ
923 3341 1021 3412 μὲν
1066 3339 1161 3394 τοῦ
1207 3340 1475 3413 Ζαχαρίου
1520 3340 1788 3413 Ἱερεμίαν

195 3432 524 3498 τεθεικότος,
558 3434 634 3498 ὡς
672 3433 793 3489 δέον
845 3432 1022 3497 οὕτως
1071 3432 1524 3505 ἀναγεγράφθαι·
1575 3453 1594 3485 ι
1654 3433 1787 3488 Τότε

193 3524 496 3598 ἐπληρώθη
528 3526 590 3579 τὸ
626 3526 790 3598 ῥηθὲν
832 3525 923 3579 διὰ
964 3528 1236 3598 Ζαχαρίου
1278 3525 1373 3579 τοῦ
1404 3526 1683 3598 προφήτου
1707 3542 1721 3556 σ
1762 3546 1782 3580 ι

195 3616 325 3671 ἀντὶ
363 3616 420 3671 δὲ
456 3617 574 3682 τοῦ,
614 3637 632 3669 ι
687 3617 970 3673 Ἐνέϐαλον
1015 3618 1214 3682 αὐτοὺς
1246 3619 1328 3682 εἰς
1368 3617 1461 3671 τὸν
1492 3613 1640 3672 οἷκον
1673 3619 1790 3672 Κυ-

202 3711 346 3782 ρίου,
367 3712 448 3775 είς
476 3711 540 3764 τὸ
561 3712 943 3783 χωνευτήριον,
972 3730 990 3763 ι
1020 3712 1373 3783 ὲσφαλμένως
1404 3712 1783 3783 πεποιηκότοςο

207 3820 228 3834 ’
263 3803 376 3857 Καὶ
406 3802 615 3857 ἔδωκαν
649 3804 790 3857 αὐτὰ
817 3806 897 3867 είς
920 3804 1011 3858 τὸν
1054 3804 1223 3877 ἀγρὸν
1270 3804 1365 3859 τοῦ
1397 3806 1707 3878 κεραμέως.
1764 3826 1783 3858 ι

200 3895 401 3966 Σαφῶς
422 3895 531 3968 γὰρ
562 3896 649 3950 διὰ
685 3897 782 3967 μὲν
815 3897 914 3968 τῆς
946 3898 1282 3969 προφητείας
1313 3900 1394 3963 εἰς
1420 3896 1513 3953 τὸν
1543 3900 1638 3952 τοῦ
1672 3901 1787 3954 Κυ-

203 3990 324 4062 ρίου
355 3989 481 4042 ναὸν
514 3988 773 4061 ὲρῤίφθαι
804 3988 1024 4059 λέγεται
1056 3978 1118 4041 r6
1149 3988 1433 4062 ἀργύριον,
1468 3991 1565 4043 καὶ
1590 3991 1659 4045 δι’
1693 3991 1790 4044 αὐ-

202 4082 300 4135 τοῦ
332 4081 390 4134 δὲ
414 4080 509 4134 τοῦ
538 4081 872 4150 Εὐαγγελίου
897 4082 979 4145 είς
1009 4081 1101 4135 τὸν
1129 4081 1273 4135 ναόν.
1304 4100 1323 4133 ι
1365 4081 1554 4151 Ῥίψας
1582 4081 1735 4152 γοῦν,
1764 4099 1783 4134 ι

204 4175 389 4247 φησιν,
415 4194 434 4226 ι
466 4174 666 4239 Ἰούδας
684 4174 755 4228 τὰ
774 4173 1015 4247 ἀργύρια
1030 4175 1111 4237 είς
1132 4168 1224 4228 τὸν
1245 4173 1393 4240 ναὸν,
1414 4172 1749 4246 ἀνεχώρησε.
1763 4194 1783 4227 ι

203 4267 318 4321 Καὶ
358 4267 507 4330 εἰκός
537 4284 601 4337 γε
638 4266 697 4335 ἐξ
724 4267 948 4321 ἐκείνων
976 4266 1084 4320 τῶν
1115 4265 1396 4341 ἀργυρίων
1429 4266 1657 4339 βέϐηλον
1694 4283 1788 4334 γε-

204 4361 419 4430 γονέναι
445 4361 538 4414 τὸν
569 4360 716 4425 ναὸν,
750 4362 846 4415 καὶ
872 4360 1266 4433 πεπληρῶσθαι
1293 4360 1375 4426 τὸ,
1408 4377 1427 4412 ι
1470 4359 1602 4413 Ἰδοὺ
1633 4360 1790 4430 ἀφίε-

203 4470 297 4507 ται
326 4453 454 4524 ὑμῖν
486 4453 515 4505 ό
535 4449 681 4517 οἶκος
709 4452 863 4525 ὑμῶν
894 4452 1117 4525 ἔρημος.
1160 4471 1179 4504 ι
1214 4453 1324 4506 Καὶ
1355 4452 1458 4524 ὅρα
1487 4469 1553 4522 γε
1579 4454 1788 4524 μήποτε

205 4546 566 4618 χωνευτήριον
614 4546 645 4597 6
694 4541 843 4609 οἶκος
893 4544 1102 4618 Κυρίου
1159 4543 1251 4599 διὰ
1297 4544 1455 4598 τοῦτο
1503 4543 1786 4615 κέκληται,
1820 4527 1864 4581 Ῑ)

205 4637 437 4710 ἐπείπερ
474 4638 551 4703 ὠς
594 4639 654 4691 ὲν
697 4638 917 4710 χωνείᾳ,
956 4637 1422 4710 μεταπλάττεσθαι
1471 4636 1571 4700 τὰς
1611 4636 1788 4707 ψυχὰς

205 4732 273 4785 ὲκ
294 4730 394 4801 τῆς
426 4730 535 4785 τῶν
576 4730 735 4785 θείων
768 4732 941 4802 λόγων
976 4730 1274 4804 πυρώσεως
1313 4733 1370 4785 ὲν
1402 4729 1481 4801 τῷ
1517 4729 1611 4784 τοῦ
1649 4728 1784 4783 Θεοῦ

205 4824 342 4895 οἴκῳ
384 4824 696 4896 συμϐαίνειδ
729 4825 762 4896 ἢ
805 4824 980 4889 ἄλλως
1013 4823 1376 4894 ἁπελέγχεται
1408 4823 1481 4895 μὴ
1515 4821 1783 4893 καθαρὰς,

207 4918 284 4982 ὡς
315 4919 373 4970 ὲν
403 4917 750 4989 χωνευτηρίῳ
794 4916 1143 4989 πυρουμένας
1190 4917 1286 4970 καὶ
1327 4914 1781 4987 δοκιμαζομέναςι

210 5006 388 5081 Ὅπερ
433 5011 462 5062 6
506 5009 756 5073 Ἀκύλας,
791 5029 809 5062 ι
852 5004 1114 5083 Ἔρριψα,
1158 5028 1179 5061 ι
1209 5010 1407 5080 φήσας,
1440 5026 1459 5060 ι
1512 5004 1574 5061 τὸ
1607 5005 1787 5079 ἀργύσ-

212 5117 325 5175 ριον
349 5104 409 5155 ὲν
436 5103 514 5174 τῷ
536 5101 672 5174 οἴκῳ
697 5103 903 5173 Κυρίου
938 5103 1074 5174 πρὸς
1112 5091 1201 5155 τὸν
1242 5101 1509 5171 πλάστην,
1541 5114 1561 5153 ι
1597 5098 1786 5169 σαφῶς

207 5194 465 5259 διδάσκει,
492 5196 568 5259 ὡς
599 5195 692 5249 τοῦ
711 5195 883 5264 Λόγου
917 5193 1010 5247 τοῦ
1029 5194 1173 5249 θείου
1204 5193 1358 5265 δίκην
1388 5193 1628 5248 πλάστου
1650 5209 1786 5245 κατ-

206 5287 482 5351 οικοῦντος
519 5290 600 5351 εἰς
635 5289 729 5341 τὸν
769 5284 919 5341 οἶκον
955 5287 1184 5359 Κυρίου,
1215 5288 1311 5341 καὶ
1336 5285 1663 5349 πλάττοντος
1689 5285 1786 5338 καὶ

208 5378 558 5443 ἀνανεοῦντος
596 5379 694 5443 τὰς
741 5379 851 5432 τῶν
885 5380 1217 5451 προσιόντων
1259 5378 1456 5449 ψυχάς.
1491 5377 1638 5449 Πλὴν
1670 5376 1783 5430 ἀλλ’

209 5469 440 5540 ἐπείπερ
469 5471 503 5541 ἡ
541 5469 673 5541 τιμὴ
703 5469 798 5523 τοῦ
840 5469 1204 5541 τετιμημένου
1249 5472 1330 5533 είς
1375 5470 1582 5522 ἐκεῖνον
1622 5485 1788 5539 μετα-

210 5558 466 5632 6ληθεῖσα
491 5560 581 5614 τὸν
608 5558 755 5615 οἶκον
788 5560 1012 5632 βέϐηλον
1033 5561 1196 5615 αὐτὸν
1216 5559 1608 5632 κατεστήσατο,
1642 5558 1788 5612 εἰκό-

210 5666 315 5712 τως
360 5649 523 5712 εὐθὺς
568 5648 811 5717 ἐπιλέγει
839 5665 853 5679 ⁸
900 5667 919 5700 ι
976 5650 1087 5703 Καὶ
1132 5649 1413 5720 ἀπέρριψα
1455 5649 1556 5723 τὴν
1591 5648 1787 5721 ῥάϐδον

280 5764 324 5796 ’τ
368 5762 559 5817 Matth.
592 5778 743 5817 xxvn
769 5804 783 5829 ,
817 5764 975 5821 5-40.
1049 5764 1097 5796 ⁷⁸
1134 5762 1327 5819 Matth.
1364 5779 1501 5821 xxui
1525 5804 1540 5832 ,
1578 5764 1673 5821 ὅθι

367 5859 622 5930 Parnm,
690 5860 808 5922 Gn.
845 5858 1041 5922 ΧΧιιι

1889 3262 2000 3301 non
2029 3247 2334 3301 habeantur
2362 3248 2505 3318 apud
2528 3247 2818 3306 Jcremiam
2850 3251 3192 3321 prophetam,
3224 3268 3352 3307 num
3375 3268 3470 3309 aro

1889 3338 2087 3394 hitrari
2113 3348 2366 3410 oporteat
2391 3354 2479 3394 ea-
2512 3355 2609 3410 per
2649 3341 2941 3410 quamdam
2974 3343 3237 3397 malitiam
3274 3360 3340 3400 ex
3369 3346 3466 3400 illo

1890 3430 2107 3485 sublata
2132 3446 2277 3493 esse,
2323 3445 2393 3485 an
2430 3446 2559 3487 vero
2608 3432 2819 3488 librarii
2852 3442 3094 3489 erratum
3146 3435 3338 3501 fuisse,
3369 3439 3467 3508 qui

1888 3521 2252 3593 negligentius
2301 3530 2618 3578 sanctorum
2673 3521 3091 3597 Evangeliorum
3133 3530 3466 3600 exemplaria

1890 3611 2211 3677 confecerit,
2245 3619 2299 3668 et
2329 3628 2399 3669 ex
2433 3614 2763 3684 negligentia
2794 3614 2852 3669 in
2897 3631 3141 3672 errorem
3183 3616 3462 3684 inciderit,

1889 3713 1945 3759 et
1985 3719 2086 3775 pro
2127 3704 2393 3760 Zacharia
2428 3706 2676 3776 posuerit
2704 3705 2997 3762 Jeremiam
3034 3722 3049 3761 :
3085 3715 3292 3777 utpote,
3338 3725 3464 3765 cum

1890 3796 1967 3851 ita
1996 3796 2204 3868 scripto
2237 3812 2374 3867 opus
2397 3796 2579 3863 fuerit,
2607 3816 2627 3850 ι
2656 3805 2789 3854 tunc
2817 3799 3148 3868 completum
3181 3808 3284 3863 est,
3316 3803 3466 3872 quod

1890 3891 2098 3947 dictum
2132 3900 2218 3948 est
2249 3909 2346 3963 per
2371 3892 2694 3949 Zachariam
2711 3893 3090 3965 prophetam.»
3121 3893 3230 3950 Pro
3256 3911 3322 3952 eo
3366 3912 3467 3953 au-

1888 3993 1999 4042 tem
2032 3984 2181 4057 quod
2210 4001 2496 4057 perperam
2522 3992 2847 4043 coniersum
2877 3993 2962 4042 est
2992 4005 3007 4042 :
3047 4006 3066 4038 ι
3103 3986 3170 4042 Et
3197 3989 3466 4046 miserunt

1890 4092 1985 4134 eos
2014 4079 2072 4133 in
2104 4078 2267 4133 domo
2307 4078 2522 4133 Domini
2555 4079 2611 4133 in
2644 4077 2947 4148 fornacem,
2988 4098 3007 4132 ι
3039 4080 3249 4136 dictum
3279 4090 3364 4137 est
3393 4083 3467 4138 il-

1889 4169 1986 4225 lud
2018 4189 2034 4227 :
2071 4189 2090 4222 ι
2122 4169 2188 4225 Ει
2215 4170 2341 4227 dedi
2374 4185 2468 4226 eos
2498 4170 2555 4225 in
2592 4185 2782 4242 agrum
2838 4171 3008 4242 ﬁguli.
3049 4191 3068 4224 ι
3115 4171 3285 4230 Plane
3316 4175 3466 4231 enim

1889 4263 1947 4318 in
2002 4263 2124 4333 ipsa
2183 4263 2467 4334 prophetia
2520 4263 2578 4317 in
2628 4263 2832 4332 templo
2889 4262 3102 4318 Domini
3157 4264 3466 4335 proiectum

1892 4354 2064 4411 fuisse
2093 4362 2379 4427 argentum
2413 4354 2635 4419 dicitur,
2668 4362 2724 4409 et
2764 4354 2832 4409 ab
2862 4352 3153 4424 Evangelio
3181 4357 3368 4413 itidem
3402 4359 3460 4414 in

1890 4449 2095 4519 templo
2128 4468 2143 4504 :
2180 4466 2200 4499 ι
2243 4447 2512 4517 Proiectis
2538 4446 2708 4512 enim,
2743 4446 2942 4516 inquit,
2981 4445 3151 4503 Judas
3189 4451 3466 4520 argenteis

1893 4542 1950 4596 in
1981 4541 2209 4612 templo,
2246 4539 2497 4595 recessit.
2547 4558 2566 4590 ι
2606 4537 2672 4591 Ει
2721 4553 2855 4594 sane
2899 4554 3114 4608 aequum
3145 4547 3231 4595 est
3254 4556 3320 4596 ex
3355 4542 3467 4598 illis

1895 4633 2170 4704 argenteis
2204 4632 2465 4702 templum
2518 4629 2691 4685 fuisse
2740 4627 3111 4699 profanatum,
3142 4637 3197 4685 et
3226 4631 3467 4701 comple-

1894 4734 2011 4781 tum
2055 4724 2229 4780 fuisse
2253 4723 2385 4778 illud
2427 4740 2439 4776 :
2480 4738 2499 4775 ι
2541 4720 2682 4774 Ecce
2712 4720 3041 4788 relinquitur
3071 4718 3226 4774 vobis
3271 4719 3468 4775 domus

1893 4827 2076 4875 vestra
2110 4818 2330 4872 deserta
2357 4817 2426 4871 ⁷⁸.
2462 4833 2480 4867 ι
2515 4816 2689 4869 Porro
2734 4804 2916 4866 autem
2961 4810 3124 4865 etiam
3173 4808 3307 4865 illud
3337 4825 3468 4865 con-

1893 4902 2182 4982 templare,
2231 4925 2361 4964 num
2420 4907 2613 4963 fornax
2660 4905 2808 4960 dicta
2868 4903 2942 4958 sit
2985 4902 3183 4957 domus
3227 4900 3465 4964 Domini,

1894 5014 2182 5075 propterea
2207 5002 2352 5073 quod
2382 5000 2437 5055 in
2460 4998 2662 5070 templo
2684 4996 2781 5052 Dei
2815 4995 2973 5066 quasi
3006 4995 3061 5048 in
3088 4993 3310 5047 fornace
3338 5007 3468 5047 cons

1893 5096 2125 5163 ﬁatoris,
2149 5095 2362 5149 animos
2394 5107 2462 5148 ει
2494 5091 2804 5147 divinorum
2834 5101 3149 5143 sermonum
3181 5085 3363 5141 calore
3383 5092 3466 5139 ato

1892 5203 2000 5260 que
2049 5188 2177 5258 igne
2212 5184 2600 5241 transformari
2630 5182 2921 5251 contingit,
2979 5186 3073 5232 aut
3118 5178 3322 5249 alioqui
3353 5191 3467 5234 non

1892 5298 2060 5354 puros
2082 5282 2212 5337 dum
2247 5288 2508 5349 tanquam
2559 5277 2613 5331 in
2676 5274 2901 5329 fornace
2934 5272 3058 5344 igne
3086 5272 3462 5342 explorantur,

1891 5374 2168 5446 redargui.
2198 5372 2408 5428 Idcirco
2436 5368 2632 5439 Aquila
2678 5367 2809 5421 dum
2850 5365 2925 5419 ita
2981 5362 3251 5419 convertit
3286 5380 3299 5415 :
3340 5381 3360 5414 ι
3399 5361 3465 5416 Et

1892 5468 2127 5541 proiecit
2160 5473 2447 5536 argentum
2484 5462 2541 5515 in
2578 5459 2743 5514 domo
2774 5455 2991 5511 Domini
3039 5454 3105 5508 ad
3136 5453 3359 5524 ﬁgulum
3387 5493 3402 5518 ,
3440 5472 3459 5504 ι

1893 5558 2057 5629 plane
2099 5569 2204 5610 nos
2235 5555 2395 5608 docet
2444 5546 2901 5621 quemadmodum
2947 5544 3192 5599 divinum
3224 5541 3467 5598 Verbum

1896 5648 2074 5702 instar
2107 5641 2254 5713 ﬁguli
2290 5640 2499 5697 habitet
2526 5640 2582 5694 in
2610 5637 2774 5695 domo
2805 5634 3041 5702 Domini,
3072 5643 3126 5691 et
3153 5648 3346 5690 eorum
3370 5633 3471 5705 qui

3104 5838 3186 5907 illa
