3836 6220
332 294 440 350 74⁸7

975 287 1246 344 EUSEBII
1282 286 1768 345 CESARIENSlS
1798 287 1950 344 OPP.
1995 289 2174 345 PARS
2206 289 2269 344 Il.
2316 320 2384 330 --
2423 287 2931 345 APOLOGETICA.

3478 283 3598 340 ’168

334 416 466 469 illuc
499 412 770 467 accedunt
794 409 1007 464 animas
1037 408 1295 463 informet
1320 423 1385 462 ac
1412 415 1657 463 renovet.
1683 407 1910 462 Verum-

2020 411 2116 482 τὴν
2171 409 2427 480 δευτέραν
2483 410 2544 462 τὺ
2591 408 2895 479 σχοίνισμα,
2945 405 3038 460 τοῦ
3089 404 3441 459 διασκεδάσαι
3498 406 3600 479 τὴν

332 515 515 563 tamen
547 519 673 560 cum
707 502 947 574 pretium
982 501 1268 571 appretiati
1300 501 1355 553 in
1388 500 1482 555 illa
1524 501 1689 556 domo
1728 500 1911 570 proje-

333 607 505 661 ctum,
533 611 653 650 eam
686 596 860 665 ipsam
896 594 1182 664 profanam
1214 592 1538 655 reddiderit,
1570 593 1765 646 merito
1798 599 1911 646 sta-

333 687 433 744 tim
469 686 720 756 adjungit
760 692 828 740 :‘c
867 684 932 739 Et
960 686 1136 755 abjeci
1165 685 1377 755 virgam
1401 686 1651 748 alteram,
1688 699 1811 754 qua:
1835 683 1913 738 di-

333 779 481 834 citur
513 778 812 841 funiculus,
840 778 908 831 ad
929 776 1309 847 dissipandum
1342 784 1727 832 testamentum
1768 778 1913 832 inter

333 870 532 927 ludam
563 879 617 924 et
644 868 834 925 Israel.
876 889 894 920 ι
950 868 1025 922 Ex
1068 870 1161 923 illo
1209 871 1355 924 enim
1392 870 1482 923 illa
1517 869 1695 940 gentis
1726 870 1911 924 multi-

335 964 472 1019 tudo
501 962 714 1031 abjecta
746 969 831 1017 est
853 961 1042 1032 procul
1064 961 1133 1015 ab
1166 962 1393 1031 antiqua
1429 962 1522 1016 Dei
1563 963 1756 1024 tutela,
1790 978 1912 1032 quae

336 1054 495 1127 prius
517 1053 641 1107 illos
670 1052 1051 1107 conservabat.
1075 1052 1319 1107 Alteram
1348 1061 1529 1107 autem
1552 1052 1758 1123 virgam
1782 1062 1913 1122 puto

337 1164 438 1219 pro
470 1147 727 1202 universa
757 1146 923 1199 simul
950 1143 1177 1199 Judaica
1206 1152 1365 1214 gente
1398 1144 1503 1198 hoc
1544 1145 1603 1199 in
1647 1145 1768 1199 loco
1818 1159 1915 1199 ac-

337 1240 445 1311 cipi
482 1246 753 1309 oportere.
778 1237 899 1303 Qua
931 1237 999 1292 de
1030 1252 1199 1292 causa
1230 1237 1378 1291 illam
1411 1237 1576 1292 etiam
1608 1236 1911 1292 funiculum

335 1341 520 1398 vocat,
540 1332 758 1388 dicens:
780 1331 943 1403 482
964 1349 982 1380 ι
1017 1329 1192 1384 Unam
1217 1331 1406 1385 vocavi
1425 1330 1909 1401 pulchritudinem,

335 1437 390 1482 et
424 1427 652 1482 alteram
686 1427 878 1480 vocavi
912 1424 1243 1481 funiculum.
1281 1443 1299 1475 ι
1337 1423 1476 1478 Tum
1502 1424 1571 1479 de
1598 1425 1770 1479 altera
1798 1425 1912 1479 evi-

337 1519 530 1575 denter
560 1517 809 1588 adjungit
848 1516 982 1571 illud
1012 1534 1026 1570 :
1061 1534 1079 1566 ‹
1124 1515 1190 1568 Et
1219 1516 1395 1585 abjeci
1422 1515 1632 1586 virgam
1660 1517 1909 1578 alteram,

336 1626 458 1681 qua:
487 1611 688 1676 dicitur
705 1610 1003 1672 funiculus,
1032 1609 1100 1663 ad
1123 1608 1501 1678 dissipandum
1521 1615 1912 1664 testamentum

336 1703 485 1758 inter
517 1700 713 1756 Judam
740 1710 794 1755 et
835 1700 1032 1755 Israel:
1064 1719 1082 1751 ι
1117 1699 1387 1771 siquidem
1428 1700 1484 1752 hi
1531 1710 1687 1754 erant
1732 1709 1787 1754 et
1828 1699 1915 1752 fu-

2016 500 2291 573 Διαθήκην
2322 498 2427 553 ἀνὰ
2453 499 2615 569 μέσον
2658 498 2827 551 Ἰούδα
2854 498 2949 550 καὶ
2973 495 3076 550 ἀνὰ
3105 496 3265 567 μέσον
3300 495 3540 567 Ἰσραήλ.
3573 514 3596 548 ο

2028 589 2121 655 Ἐξ
2153 591 2362 643 ἐκείνου
2391 589 2499 659 γάρ
2540 604 2624 640 τοι
2654 587 2715 640 τὸ
2747 585 2950 657 πλῆθος
2979 585 3073 637 τοῦ
3104 585 3290 647 ἔθνους
3320 585 3601 655 άπερῥίφη

2017 681 2118 751 τῆς
2150 680 2317 735 πάλαι
2346 680 2608 751 πρότερον
2642 675 2925 747 ἐφορώσης
2958 676 3153 737 αὐτοὺς
3179 673 3489 743 ἐπισκοπῆς
3507 674 3602 726 τοῦ

2018 773 2171 826 Θεοῦ.
2206 752 2473 842 Δευτέραν
2516 769 2573 822 δὲ
2619 767 2811 838 ῥάϐδον
2862 765 3101 837 ἡγοῦμαι
3143 765 3205 817 τὸ
3250 764 3360 817 πᾶν
3391 762 3605 833 ἀθρόως

2031 864 2295 918 Ἰουδαίων
2323 862 2474 925 έθνος
2495 860 2728 913 ἐνταῦθα
2757 857 3067 930 δηλοῦσθαι.
3105 855 3278 908 Καλεῖ
3307 854 3353 907 δ’
3377 849 3475 907 οὖν
3506 852 3604 906 αὖ·

2016 958 2117 1029 τὴν
2152 956 2458 1027 σχοίνισμα,
2492 953 2687 1022 λέγων·
2722 971 2742 1003 ι
2783 951 2894 1021 Τὴν
2932 948 3056 1020 μίαν
3104 946 3338 1000 ἐκάλεσα
3385 944 3607 1009 κάλλος,

2020 1050 2112 1101 καὶ
2150 1048 2248 1119 τὴν
2281 1045 2537 1117 δευτέραν
2578 1043 2813 1098 ἐκάλεσα
2855 1040 3159 1112 σχοίνισμα.
3204 1058 3221 1090 ι
3261 1040 3373 1091 Καὶ
3419 1036 3609 1107 σαφῶς

2019 1139 2260 1208 ἐπιλέγει
2286 1138 2414 1208 περί
2443 1136 2544 1206 τῆς
2573 1135 2831 1205 δευτέρας
2860 1132 3082 1202 φάσκων
3103 1148 3116 1160 ·
3142 1148 3159 1180 ‹
3188 1130 3299 1182 Kal
3323 1128 3610 1200 ἀπέρῥιψα

2018 1232 2117 1302 τὴν
2148 1229 2339 1300 ῥάϐδον
2372 1228 2471 1295 τὴν
2514 1225 2771 1296 δευτέραν
2801 1224 2863 1277 τὸ
2903 1223 3209 1294 σχοίνισμα,
3244 1219 3339 1273 τοῦ
3386 1220 3609 1272 διασκε-

2018 1322 2175 1376 δάσαι
2206 1322 2306 1391 τὴν
2336 1318 2611 1390 Διαθήκην
2642 1315 2746 1369 ἀνὰ
2780 1315 2944 1386 μέσον
2986 1314 3156 1367 Ἰούδα
3181 1312 3276 1365 καὶ
3303 1310 3409 1364 ἀνὰ
3441 1310 3610 1382 μέσον

2032 1413 2268 1485 Ἰσραήλ.
2306 1431 2324 1463 ι
2364 1404 2527 1463 Οὗτοι
2561 1408 2670 1479 γὰρ
2701 1403 2840 1478 ἦσαν
2859 1406 2922 1458 τὸ
2958 1406 3246 1475 σχοίνισμα
3289 1404 3386 1456 καὶ
3435 1405 3472 1473 ὴ
3507 1403 3609 1473 ῥά-

2021 1507 2199 1577 ϐδοςὴ
2227 1504 2475 1575 δευτέρα.
2531 1501 2596 1554 Ἡ
2639 1500 2697 1553 δέ
2733 1500 2972 1570 προτέρα
3004 1498 3198 1561 κάλλος
3236 1495 3610 1567 ὠνομασμένη

2019 1599 2126 1651 οὐδ’
2168 1597 2300 1666 ἄλλη
2348 1597 2557 1664 γένοιτο
2603 1591 2702 1662 τῆς
2759 1591 3110 1662 Ἰερουσαλὴμ
3140 1590 3330 1659 αὐτῆς,
3366 1588 3465 1640 καὶ
3510 1586 3613 1658 τῆς

2020 1691 2160 1745 κατὰ
2192 1690 2395 1744 Μωσέα
2437 1686 2711 1758 λατρείας,
2749 1686 2963 1756 ἀπάσης
2996 1701 3057 1736 τε
3088 1685 3187 1755 τῆς
3224 1683 3463 1744 παλαιᾶς
3493 1685 3613 1736 Δια·

336 1796 557 1849 niculus
585 1802 641 1850 et
671 1795 819 1863 virga
855 1794 1045 1847 altera.
1091 1792 1250 1846 Prior
1293 1800 1473 1846 autem
1513 1807 1635 1862 qua:
1664 1790 1905 1861 pulchri-

2020 1783 2223 1855 θήκης·
2252 1781 2347 1835 καὶ¹
2380 1780 2535 1834 τοῦτο
2562 1781 2619 1833 δὲ
2663 1780 2721 1846 ἐξ
2750 1778 2921 1848 αὐτῆς
2963 1776 3294 1848 παρίσταται
3335 1776 3439 1846 τῆς
3474 1790 3614 1846 προ-

335 1886 475 1940 tudo
507 1885 790 1940 nominata
818 1890 923 1947 est,
949 1899 1057 1938 non
1085 1884 1190 1937 alia
1224 1882 1389 1937 fuerit
1411 1898 1574 1954 quam
1607 1884 1725 1952 ipsa
1751 1881 1913 1937 Jeru-

337 1976 532 2039 salem,
562 1974 923 2042 adoratioque
952 1971 1215 2037 Mosaica,
1248 1973 1539 2042 omnisque
1563 1973 1747 2042 prisca
1782 1987 1917 2026 con-

337 2066 577 2128 stitutio,
619 2078 741 2132 quae
783 2070 941 2116 vetus
988 2062 1188 2116 dicitur
1238 2069 1649 2125 testamentum,
1705 2063 1915 2132 hocque

336 2157 518 2227 ipsum
551 2156 634 2210 vel
655 2171 718 2209 ex
754 2155 870 2225 ipsa
904 2154 1191 2224 prophetia
1223 2154 1382 2224 plane
1414 2155 1748 2218 constiterit,
1785 2155 1915 2208 dum

338 2248 418 2301 ait
452 2265 465 2300 :
506 2265 524 2298 ι
565 2246 632 2299 Ει
666 2245 878 2316 capiam
901 2244 1111 2315 virgam
1142 2259 1318 2299 meam
1352 2245 1660 2314 pulchram,
1690 2253 1744 2300 et
1778 2245 1918 2316 abji-

337 2338 480 2392 ciam
510 2353 629 2392 eam
664 2337 730 2390 ad
764 2335 1147 2405 dissipandum
1182 2344 1572 2390 testamentum
1629 2351 1832 2390 meum.
1891 2356 1910 2388 ι

337 2424 506 2483 Vides
530 2436 588 2483 ut
619 2434 1005 2483 testamentum
1037 2426 1256 2495 quidem
1283 2441 1467 2491 suum,
1518 2426 1729 2496 virgam
1770 2426 1917 2495 prio-

336 2532 454 2572 rem
485 2532 610 2572 esse
637 2517 872 2583 dixerit;
906 2516 1138 2569 alteram
1161 2530 1294 2569 vero
1326 2514 1555 2584 virgam,
1584 2513 1912 2576 funiculum,

338 2619 393 2665 et
424 2618 604 2664 tamen
633 2627 691 2664 se
728 2616 1017 2677 utramque
1048 2606 1393 2676 abjecturum
1423 2607 1686 2668 minatur,
1722 2619 1918 2675 quam-

337 2703 424 2758 vis
478 2702 631 2774 prius
676 2700 873 2756 dixerit
922 2719 935 2754 :
987 2718 1006 2751 ι
1053 2698 1120 2753 Et
1171 2697 1385 2768 capiam
1441 2697 1574 2750 mihi
1627 2697 1732 2766 ipsi
1777 2696 1916 2750 duas

335 2795 542 2865 virgas,
576 2808 742 2848 unam
774 2793 962 2846 vocavi
990 2789 1477 2863 pulchritudinem,
1499 2797 1550 2842 et
1574 2788 1797 2841 alteram
1824 2802 1917 2840 vo-

335 2889 456 2944 cavi
495 2887 798 2942 funiculum
834 2905 847 2940 :
886 2904 904 2937 ι
940 2901 1041 2955 pro
1067 2898 1178 2955 quo
1204 2883 1400 2954 Aquila
1424 2882 1644 2951 quidem
1669 2881 1749 2935 sic
1782 2896 1916 2933 coni-

340 2978 501 3031 vertit
535 2996 549 3031 :
586 2994 604 3027 ι
644 2973 818 3029 Unam
852 2974 1044 3028 vocavi
1072 2974 1350 3033 decorem,
1383 2979 1437 3025 et
1468 2971 1696 3024 alteram
1721 2969 1914 3022 vocavi

338 3067 665 3124 funiculum.
718 3084 737 3117 ι
776 3064 1140 3136 Symmachus
1171 3070 1354 3117 autem
1390 3080 1403 3116 :
1453 3080 1471 3112 (
1512 3060 1664 3113 lianc
1690 3058 1909 3129 quidem

339 3159 529 3212 vocavi
553 3158 830 3219 decorem,
862 3158 1010 3210 illam
1042 3164 1222 3209 autem
1272 3154 1464 3209 vocavi
1519 3151 1844 3205 funiculum.
1887 3170 1904 3201 ι

338 3249 453 3302 Hoc
508 3249 675 3317 igitur
718 3246 993 3300 universa:
1038 3246 1219 3314 gentis
1264 3241 1694 3314 pulchritudinis
1749 3240 1914 3294 deco-

324 3341 524 3407 risque
560 3338 802 3399 nomine,
833 3334 1078 3388 divinam
1105 3335 1300 3403 legem,
1328 3339 1381 3388 et
1412 3333 1558 3403 quod
1586 3333 1639 3386 in
1671 3348 1734 3385 ea
1781 3347 1913 3385 con-

337 3432 543 3485 tinetur
565 3434 977 3491 testamentum,
1002 3426 1201 3494 meritp
1221 3426 1483 3495 appellat.
1514 3423 1913 3479 Venerabilitas

337 3522 483 3578 enim
515 3521 605 3574 illa
631 3518 784 3573 urbis
807 3516 1132 3586 Jerusalem,
1158 3524 1211 3572 et
1239 3531 1361 3587 quae
1393 3517 1447 3570 in
1480 3532 1545 3570 ea
1597 3515 1663 3569 ad
1709 3530 1913 3570 munus

337 3617 655 3689 pontificum
685 3614 1143 3683 sacerdotumque
1191 3612 1559 3682 pertinebant,
1588 3617 1702 3663 tum
1745 3610 1911 3665 etiam

335 3709 518 3764 omnia
551 3722 891 3777 quaacunque
917 3707 1047 3759 olim
1079 3704 1225 3775 apud
1261 3705 1383 3759 illos
1415 3704 1646 3773 populos
1677 3719 1742 3757 ex
1764 3703 1911 3757 divi-

337 3799 426 3854 nis
462 3798 693 3868 legibus,
725 3806 778 3852 ct
805 3813 870 3852 ex
903 3795 1073 3851 veteri
1098 3799 1425 3849 testamento
1457 3791 1526 3845 de
1557 3806 1707 3845 more
1757 3791 1911 3860 prius

338 3890 885 3952 administrabantur,
918 3887 1117 3942 decens
1141 3883 1365 3954 quidam
1389 3890 1617 3937 ornatus
1643 3881 1710 3934 iis
1731 3888 1908 3947 erant,

335 3983 427 4055 qui
460 3982 663 4037 talibus
685 3981 847 4035 rebus
877 3986 1226 4055 ornarentur.
1252 3974 1556 4029 Funiculus
1587 3982 1766 4027 autem
1793 3973 1911 4043 ipsa

334 4046 513 4146 gentis
536 4070 828 4125 multitudo
853 4046 995 4140 apud
1031 4070 1209 4138 ipsum
1231 4082 1451 4138 quoque
1486 4065 1689 4119 Mosem
1718 4074 1909 4121 vocata

333 4172 439 4226 est,
470 4163 524 4216 in
563 4161 671 4215 illis
710 4161 894 4215 verbis
922 4179 935 4214 :
988 4178 1006 4211 ι
1043 4157 1209 4212 Facta
1237 4166 1322 4212 est
1353 4156 1532 4226 portio
1564 4155 1777 4211 Domini
1812 4174 1912 4228 po-

333 4256 496 4327 pulus
518 4253 638 4322 ejus
657 4251 849 4318 Jacob,
877 4251 1155 4306 funiculus
1179 4250 1499 4305 hereditatis
1528 4250 1648 4320 ejus
1674 4250 1857 4307 Israel.
1884 4271 1903 4305 ι

331 4350 403 4403 At
421 4363 549 4403 vero
568 4347 797 4416 hujusce
815 4346 1103 4416 utriusque
1119 4344 1285 4413 virgae
1311 4344 1686 4408 mutationem,
1713 4360 1910 4416 magno

334 4439 543 4509 impetu
574 4438 814 4492 futuram
851 4436 918 4491 iis
950 4434 1311 4504 temporibus,
1350 4433 1417 4487 de
1470 4434 1669 4503 quibus
1699 4434 1906 4489 dictum
1939 4470 1985 4528 υ

332 4541 439 4595 cst,
472 4530 719 4585 divinat:
753 4537 965 4600 utpote,
1010 4542 1134 4581 cum
1180 4534 1235 4581 et
1277 4536 1456 4590 vetus,
1490 4528 1635 4597 quod
1671 4530 1823 4598 prius
1852 4530 1905 4584 in

332 4636 399 4676 ea
419 4631 558 4688 erat,
582 4628 991 4683 testamentum,
1022 4626 1074 4673 et
1107 4618 1457 4689 pulchritudo
1485 4635 1607 4689 qua:
1639 4620 1693 4673 in
1720 4620 1909 4675 eadem

332 4713 462 4767 olim
486 4713 837 4776 cernebatur,
872 4710 1102 4765 delenda
1132 4710 1296 4763 fuerit
1321 4715 1374 4764 et
1402 4710 1468 4764 ad
1504 4712 1735 4765 nihilum
1767 4712 1915 4766 redi-

336 4805 537 4875 genda,
592 4803 827 4859 simulac
868 4802 1043 4872 pretio
1088 4802 1234 4856 illius
1282 4804 1594 4866 mstimato,
1667 4804 1760 4873 qui
1812 4804 1914 4858 tri-

330 4896 484 4966 ginta
514 4896 789 4966 argenteis
838 4893 1142 4948 aestimatus
1175 4903 1277 4954 est,
1335 4894 1413 4947 illi
1469 4910 1567 4963 pro
1614 4911 1713 4950 sua
1755 4896 1907 4965 ipso-

334 5000 454 5040 rum
506 4984 784 5053 impietate
844 4983 1050 5038 meritae
1114 4984 1427 5053 ignominia:
1487 4987 1711 5041 obnoxii
1778 4988 1904 5042 facti

334 5083 492 5137 sunt;
521 5075 656 5128 dicit
691 5074 856 5145 igitur
892 5093 903 5128 :
941 5094 959 5125 ι
1000 5074 1065 5128 Et
1094 5077 1305 5145 capiam
1337 5079 1546 5147 virgam
1581 5094 1754 5133 meam
1786 5080 1907 5149 pulo

332 5167 547 5230 chram,
579 5174 633 5220 et
658 5166 914 5235 abjiciam
937 5182 1056 5221 eam
1089 5168 1158 5222 ad
1192 5168 1572 5240 dissipandum
1607 5180 1902 5226 testamen-

332 5268 451 5316 tum
478 5275 683 5314 meum.
712 5279 731 5311 ι
756 5259 822 5312 Et
840 5277 1033 5316 rursus
1057 5280 1070 5316 :
1097 5280 1115 5313 ι
1139 5260 1206 5315 Ει
1227 5262 1401 5331 abjeci
1426 5264 1630 5333 virgam
1649 5264 1901 5329 alteram,

332 5367 457 5421 quae
472 5350 677 5405 dicitur
699 5351 997 5406 funiculus.
1023 5372 1041 5403 ι
1060 5353 1140 5407 Ad
1164 5356 1295 5415 haec,
1320 5369 1441 5407 cum
1461 5356 1513 5407 in
1532 5355 1813 5423 prophetia
1831 5355 1908 5408 di-

334 5452 494 5496 catur
512 5442 672 5497 illud:
699 5460 717 5491 ι
740 5440 804 5495 Et
821 5444 1063 5498 auferam
1080 5455 1188 5497 tres
1203 5452 1452 5514 pastores
1471 5445 1524 5496 in
1540 5459 1724 5499 mense
1740 5459 1867 5508 uno,
1882 5463 1898 5493 ι

330 5533 496 5607 [‘83
524 5534 761 5605 arbitror
809 5535 889 5589 sic
934 5546 1047 5591 tres
1085 5540 1303 5592 ordines
1349 5550 1539 5590 eorum
1586 5536 1907 5605 significari,

333 5626 428 5695 qui
459 5625 586 5679 olim
619 5626 820 5695 populo
861 5625 954 5681 Dei
1004 5638 1266 5697 praeerant
1338 5644 1548 5696 regum,
1587 5628 1905 5698 pontiﬁcum

329 5727 387 5778 et
414 5716 839 5788 prophetarum;
871 5721 1132 5790 quoniam
1169 5721 1235 5775 ab
1272 5718 1359 5777 his
1395 5722 1588 5783 tribus,
1620 5720 1775 5790 quasi
1809 5735 1907 5790 pa-

2019 1871 2246 1943 φητείας
2287 1872 2573 1943 φησάσης·
2615 1887 2634 1921 ι
2687 1869 2798 1922 Kal
2838 1866 3080 1938 λήψομαι
3128 1868 3227 1938 τὴν
3274 1866 3471 1939 ῥάϐδον
3509 1883 3614 1938 μου

2015 1966 2117 2036 τὴν
2157 1963 2350 2035 καλὴν,
2396 1964 2491 2018 καὶ
2539 1960 2828 2034 ἀπορῥίψω
2876 1961 3068 2031 αὐτὴν,
3107 1962 3201 2012 τοῦ
3251 1959 3615 2013 διασκεδάσαι

2016 2057 2115 2128 τὴν
2152 2056 2425 2128 Διαθήκην
2473 2073 2594 2126 μου.
2636 2074 2654 2106 ι
2705 2054 2866 2125 Ὁρᾷς
2911 2054 2987 2117 ὠς
3031 2053 3133 2124 τὴν
3182 2052 3280 2124 μὲν
3328 2053 3616 2124 Διαθήκην

2018 2149 2213 2203 ἑαυτοῦ
2255 2150 2354 2220 τὴν
2399 2148 2594 2219 ῥάϐδον
2644 2147 2843 2218 ἔφησεν
2892 2142 3030 2198 εἶναι
3080 2147 3181 2218 τὴν
3229 2144 3482 2217 πρώτην,
3515 2147 3615 2217 τὴν

2017 2242 2277 2312 δευτέραν
2312 2241 2369 2295 δὲ
2421 2240 2613 2312 ῥάϐδον
2648 2240 2709 2292 τὸ
2757 2240 3067 2309 σχοίνισμα,
3115 2238 3255 2310 πλὴν
3286 2238 3616 2310 ἀμφοτέρας

2016 2335 2116 2399 τὰς
2144 2333 2371 2405 ῥάϐδους
2399 2332 2721 2403 ἁπορῥίψειν
2749 2332 2981 2395 ἀπειλεῖ,
3005 2330 3281 2404 προειπὼν
3319 2331 3610 2402 πρότερον·

2024 2445 2043 2479 ι
2083 2427 2195 2480 Kal
2226 2424 2463 2495 λήψομαι
2510 2421 2731 2493 ἐμαυτῷ
2762 2423 2854 2475 δύο
2888 2422 3145 2493 ῥάϐδουςο
3180 2423 3278 2494 τὴν
3315 2423 3447 2493 μίαν
3470 2422 3611 2475 ἐκά-

2017 2518 2149 2571 λεσα
2180 2515 2394 2580 κάλλος,
2423 2516 2517 2567 καὶ
2546 2516 2645 2585 τὴν
2673 2514 2929 2586 δευτέραν
2959 2514 3194 2568 ἐκάλεσα
3225 2515 3524 2585 σχοίνισμα
3542 2531 3559 2544 ο
3587 2534 3607 2565 ι

2018 2608 2134 2663 ἀνθ’
2179 2600 2253 2660 ὧν
2302 2608 2331 2659 ὁ
2379 2605 2476 2677 μὲν
2522 2604 2752 2667 Ἀκύλας
2802 2607 2969 2676 φησί·
3012 2626 3030 2657 ‹
3063 2607 3172 2678 Τὴν
3208 2607 3336 2677 μίαν
3370 2606 3613 2659 ἐκάλεσα

2017 2697 2372 2769 εὐπρέπειαν,
2404 2695 2498 2748 καὶ
2528 2695 2627 2764 τὴν
2661 2695 2853 2766 ἐτέραν
2886 2696 3121 2749 ἐκάλεσα
3168 2696 3491 2767 σχοίνισμαο
3530 2717 3550 2749 ι
3582 2698 3614 2751 ὁ

2016 2790 2071 2843 δέ
2117 2789 2442 2859 Σύμμαχοςο
2492 2809 2509 2840 ‹
2559 2790 2669 2860 Τὴν
2707 2789 2804 2859 μὲν
2836 2788 3071 2841 ἐκέιλεσα
3116 2789 3478 2860 εὐπρέπειαν,
3514 2790 3612 2861 τὴν

2014 2883 2070 2935 δὲ
2108 2882 2234 2952 μίαν
2272 2881 2506 2934 ἐκάλεσα
2542 2880 2848 2952 σχοίνισμα.
2890 2902 2908 2933 ι
2957 2881 3127 2934 Τοῦτο
3157 2883 3257 2953 μὲν
3282 2878 3377 2935 οὖν
3408 2884 3612 2948 παντὸς

2015 2973 2201 3037 ἔθνους
2241 2973 2438 3037 κάλλος
2486 2973 2580 3026 καὶ
2623 2972 2979 3044 εὐπρέπειαν,
3010 2972 3101 3026 τὸν
3136 2972 3278 3025 θεῖον
3310 2973 3478 3043 νόμον
3516 2974 3613 3026 καὶ

2016 3066 2112 3137 τὴν
2140 3066 2196 3119 ἐν
2232 3065 2380 3136 αὐτῷ
2416 3064 2809 3137 περιεχομένην
2837 3064 3111 3136 Διαθήκην
3141 3065 3431 3136 ὠνόμασεν
3462 3067 3612 3119 εἰκό-

2014 3175 2142 3221 τως.
2179 3157 2261 3210 Τά
2289 3173 2349 3209 τε
2388 3157 2496 3229 γὰρ
2530 3157 2704 3228 σεμνὰ
2732 3158 2831 3229 τῆς
2869 3157 3241 3228 Ἰερουσαλὴμ,
3277 3157 3375 3210 xal
3407 3158 3478 3211 τὰ
3510 3158 3613 3228 τῆς

2015 3241 2409 3320 ἀρχιερατικῆς
2468 3247 2826 3321 λειτουργίας,
2885 3250 2981 3302 καὶ
3031 3248 3207 3302 πάντα
3270 3249 3373 3301 ὅσα
3439 3250 3612 3304 πάλαι

2016 3338 2280 3409 πρότερον
2323 3339 2381 3392 ἐν
2429 3339 2613 3402 αὐτοῖς
2660 3339 2800 3392 κατὰ
2842 3341 2965 3401 τοὺς
3023 3339 3198 3402 θείους
3241 3340 3465 3411 νόμους,
3513 3343 3613 3395 καὶ

2014 3429 2157 3482 κατὰ
2210 3430 2309 3500 τὴν
2358 3430 2596 3484 παλαιὰν
2654 3431 2928 3503 Διαθήκην
2973 3431 3350 3497 ἐπολιτεύετο,
3401 3434 3613 3504 κόσμος

2014 3520 2296 3592 εὐπρεπὴς
2344 3522 2555 3592 ὑπῆρχε
2610 3525 2722 3586 τοῖς
2771 3523 2876 3575 ὑπὸ
2923 3523 3127 3575 τούτων
3183 3524 3609 3594 κοσμουμένοις.

2013 3612 2310 3683 Σχοίνισμα
2335 3612 2392 3664 δέ
2421 3614 2480 3665 τὸ
2513 3613 2715 3683 πλῆθος
2747 3614 2841 3666 τοῦ
2869 3613 3053 3677 ἔθνους
3087 3615 3183 3667 καὶ
3216 3615 3370 3685 παρὰ
3416 3617 3613 3669 Μωσεί

2014 3702 2277 3774 κέκληται
2328 3704 2580 3773 λέγοντι·
2621 3724 2639 3756 ι
2701 3704 2959 3776 Ἐγενήθη
3016 3707 3173 3778 μερὶς
3221 3706 3428 3777 Κυρίου
3480 3706 3614 3772 λαὸς

2013 3796 2178 3850 αὐτοῦ
2205 3797 2420 3861 Ἰακὼϐ,
2439 3798 2725 3868 σχοίνισμα
2746 3798 3287 3869 κληρονομίαςαύτοῦ
3315 3799 3554 3871 Ἰσραήλ.
3586 3820 3605 3850 ι

2024 3889 2187 3943 Ἀλλὰ
2218 3889 2326 3960 γὰρ
2356 3890 2464 3943 τῶν
2495 3889 2589 3942 δύο
2618 3889 2821 3943 τούτων
2866 3889 3078 3960 ῥάϐδων
3112 3890 3324 3961 ἁθρόως
3376 3891 3612 3962 μεταϐο-

2012 3981 2107 4053 λὴν
2129 3981 2453 4053 γενήσεσθαι
2479 3983 2620 4035 κατὰ
2641 3983 2765 4045 τοὺς
2784 3982 3147 4053 δηλουμένους
3169 3983 3398 4053 χρόνους
3420 3983 3613 4036 θεσπί-

2013 4074 2116 4138 ζει,
2155 4073 2233 4137 ὼς
2265 4074 2488 4145 καὶτῆς
2519 4074 2687 4127 πάλαι
2728 4076 2784 4127 ἐν
2830 4074 2969 4144 αὐτῇ
3022 4074 3260 4138 παλαιᾶς
3300 4074 3610 4145 Διαθήκης,

2012 4167 2107 4219 καὶ
2133 4165 2226 4218 τοῦ
2252 4164 2417 4218 πάλαι
2443 4166 2499 4217 ἐν
2534 4165 2670 4236 αὐτῇ
2700 4164 2928 4228 κάλλους
2952 4164 3483 4237 ἁφανισθησομένου,
3506 4166 3611 4219 τοῦ

2010 4276 2069 4311 τε
2106 4258 2485 4329 σχοινίσματος
2515 4256 2608 4310 καὶ
2640 4257 2734 4309 τοῦ
2770 4257 2971 4320 παντὸς
3002 4257 3188 4320 ἔθνους
3219 4257 3616 4330 διασκεδασθηο

2014 4347 2263 4417 σομένου,
2293 4346 2449 4410 ἐπὰν,
2473 4345 2571 4417 τὴν
2603 4346 2768 4418 τιμὴν
2796 4345 2889 4399 τοῦ
2917 4347 3278 4417 τετιμημένου
3306 4349 3615 4418 τριάκοντα

2012 4437 2290 4509 ἀργυρίων
2333 4437 2736 4509 τιμησάμενοι,
2787 4437 2887 4508 τῆς
2940 4437 3088 4506 σιεῶν
3135 4437 3457 4502 δυσσεϐείας
3501 4442 3613 4511 τὴν

2013 4532 2394 4602 προσήκουσαν
2427 4530 2647 4601 ἀτιμίαν
2676 4528 2985 4599 ὑπόσχοιεν.
3009 4529 3170 4599 Λέγει
3193 4529 3235 4582 δ’
3263 4526 3389 4583 οὖν’
3430 4550 3451 4582 ι
3491 4533 3616 4586 Καὶ

2011 4619 2250 4692 λήψομαι
2280 4621 2377 4692 τὴν
2419 4622 2611 4692 ῥάϐδον
2647 4639 2748 4692 μου
2780 4623 2881 4692 τὴν
2926 4621 3117 4692 καλὴν,
3166 4622 3259 4674 καὶ
3305 4623 3613 4695 empsim

2011 4713 2205 4784 αὐτὴν,
2252 4713 2346 4765 τοῦ
2394 4713 2742 4767 διασκεδάσαι
2788 4714 2889 4785 τὴν
2940 4713 3216 4786 Διαθήκην
3253 4731 3385 4786 μου’
3430 4734 3453 4767 ι
3508 4720 3614 4771 καὶ

2014 4804 2174 4858 πάλιν
2194 4821 2206 4834 ’
2248 4823 2266 4856 ι
2307 4806 2416 4858 Kal
2450 4806 2731 4879 ἀπέρῥιψα
2761 4806 2859 4877 τὴν
2893 4805 3086 4877 ῥάϐδον
3117 4807 3215 4877 τὴν
3245 4806 3511 4879 δευτέραν
3541 4810 3610 4863 τὸ

2014 4897 2323 4968 σχοίνισμα.
2369 4916 2387 4947 ι
2429 4898 2552 4951 Ἐπὶ
2579 4898 2787 4961 τούτοις
2819 4897 2957 4950 ἐπὰν
2989 4901 3021 4969 ἡ
3054 4899 3359 4969 προφητεία
3390 4900 3608 4972 φάσκῃο

2019 5005 2038 5039 ι
2072 4988 2181 5041 Kal
2213 4987 2393 5058 ἐξαρῶ
2426 4989 2551 5052 τοὺς
2585 4991 2732 5060 τρεῖς
2765 4988 3031 5059 ποιμένας
3056 4990 3114 5042 ἐν
3157 4989 3289 5060 μηνὶ
3311 4989 3414 5052 ἑνὶ,
3463 5009 3482 5041 ι
3518 5007 3610 5043 νο-

2015 5077 2157 5150 μίζω
2189 5080 2316 5152 τρία
2347 5081 2604 5151 τάγματα
2636 5078 2968 5133 αἰνίττεσθαι
2999 5079 3108 5132 τῶν
3139 5079 3307 5134 πάλαι
3339 5080 3436 5136 τοῦ
3472 5081 3606 5136 λαοῦ

2010 5168 2107 5221 τοῦ
2141 5167 2277 5221 Θεοῦ
2305 5167 2682 5234 προεστώτων,
2717 5168 3004 5239 βασιλέων,
3033 5169 3126 5222 καὶ
3152 5168 3484 5241 ἀρχιερέων,
3512 5171 3608 5223 καὶ

2014 5260 2310 5333 προφητῶν
2332 5279 2345 5292 ·
2375 5263 2496 5316 ἐπεὶ
2521 5263 2616 5316 καὶ
2641 5260 2731 5316 διὰ
2757 5261 2867 5315 τῶν
2895 5260 3065 5333 τριῶν
3093 5261 3300 5315 τούτων
3327 5263 3607 5334 ποιμένων

2013 5354 2194 5408 πάντα
2240 5353 2310 5407 τὰ
2359 5354 2499 5407 κατὰ
2534 5355 2662 5417 τοὺς
2712 5352 2881 5407 πάλαι
2936 5353 3201 5425 πρότερον
3247 5353 3602 5425 ᾠκονομεῖτο.

2026 5445 2163 5497 Ἀλλ’
2196 5445 2384 5515 ἐπειδὴ
2415 5445 2745 5517 διαστροφὴν
2790 5445 2884 5497 καὶ
2916 5445 2964 5496 οἱ
3015 5448 3164 5516 τρεῖς
3209 5440 3359 5498 οὗτοι
3402 5445 3604 5497 πεπόν-⁵

2013 5536 2137 5590 θασι
2165 5536 2439 5606 ποιμένες,
2474 5536 2597 5590 καθ’
2625 5537 2720 5590 ἕνα
2760 5538 2948 5609 καιρὸν
2976 5537 3068 5590 τὸν
3100 5538 3194 5590 ἐπὶ
3220 5536 3317 5589 τοῦ
3351 5536 3605 5607 Σωτῆρος

2015 5630 2170 5701 ἡμῶν
2205 5630 2261 5701 (ὅ
2282 5645 2340 5681 τε
2373 5630 2481 5702 γὰρ
2511 5629 2763 5701 βασιλεὺς
2825 5631 3159 5700 παρανόμως
3188 5630 3371 5683 αὐτῶν
3397 5631 3600 5701 ἡγεῖτο,

2014 5721 2308 5792 dumis;
2348 5739 2432 5786 τις
2463 5720 2537 5777 ὢν
2583 5723 2674 5777 καὶ
2722 5723 2822 5777 οὐκ
2860 5724 3057 5787 οἰκεῖος
3088 5721 3178 5776 τοῦ
3228 5721 3443 5787 ἔθνους·
3487 5722 3602 5775 ὅτι
