3836 6220
266 306 378 364 ⁸149

1198 312 1854 371 DEMONSTRATIONIS
1883 312 2344 369 EVANGELICJE
2376 310 2505 372 LIB.
2547 314 2617 371 Χ.

3429 320 3538 378 750

266 428 584 501 ἀρχιερεὺς.
634 428 741 483 ὑπὸ
786 427 1069 499 Ῥωμαίων
1119 429 1563 500 παραγενόμενος
1616 430 1709 484 ἐπὶ
1757 429 1831 501 τὴ

1963 428 2229 495 storibus,
2266 434 2453 488 omnia
2483 447 2607 503 qua:
2637 430 2706 487 ad
2743 431 2867 489 illos
2890 439 3105 490 veteres
3127 435 3257 490 olim
3294 439 3532 507 pertine-

267 522 633 593 λειτουργίαν.
666 522 727 574 οὺ
760 520 900 575 κατά
942 520 1040 592 τὴν
1069 519 1164 573 τοῦ
1209 522 1400 590 γένους
1439 523 1687 593 διαδοχὴν
1734 522 1854 575 ούδέ

265 613 412 670 κατά
431 614 558 677 τοὺς
586 614 843 684 ἐννόμους
883 612 1117 681 θεσμοὺς
1144 612 1238 664 ἐπὶ
1268 612 1367 684 τὴν
1405 614 1571 684 τιμὴν
1608 613 1812 685 παρῄει
1837 629 1852 644 ο

270 705 302 759 ὃ
330 724 389 759 τε
418 706 705 777 προφήτης
733 705 927 776 μέχρις
971 705 1240 768 Ἰωάννου,
1274 706 1641 776 παυσάμενος,
1670 704 1853 758 οὐκέτι

264 802 326 854 ἐν
364 800 547 862 αὐτοῖς
576 801 819 870 ἐνήργει,
844 798 963 850 ἀντὶ
996 797 1051 850 δὲ
1074 796 1261 849 τούτου
1293 796 1745 868 ψευδοπροφήτης
1768 814 1854 860 τις

263 892 471 963 ἀσεϐὴς
503 892 597 945 καὶ¹
629 890 844 944 πλανῶν
873 890 962 942 τὸν
996 889 1121 942 λαὸν
1143 890 1185 955 ),
1221 889 1444 952 εἰκότως
1486 888 1556 941 τὰ
1592 889 1719 959 τρία
1751 906 1850 959 χα-

266 986 529 1054 ρίσματα,
565 982 734 1035 πάλαι
778 982 1040 1054 πρότερον
1092 982 1233 1053 ὑπὲρ
1283 982 1460 1034 πάντα
1506 982 1710 1051 κόσμον
1759 982 1850 1034 εύ-

263 1077 451 1149 πρεπῆ
495 1075 557 1128 16
602 1076 710 1127 πᾶν
758 1073 909 1136 ἔθνος
955 1074 1283 1145 κοσμοῦντα,
1330 1076 1708 1146 περιαιρήσειν
1758 1075 1847 1143 ὑφ’

259 1171 359 1223 ἕνα
403 1168 593 1239 καιρὸν
635 1167 851 1221 ἀπειλεῖ
891 1167 1063 1235 λέγων
1084 1183 1097 1195 ·
1131 1183 1149 1215 ι
1199 1167 1308 1219 Kal
1338 1166 1515 1239 ἐξαρῶ
1539 1168 1666 1229 τοὺς
1699 1169 1849 1237 τρεῖς

260 1261 529 1332 ποιμένας
556 1263 613 1314 ἐν
650 1261 778 1331 μηνὶ
811 1261 910 1321 ἐνὶ,
941 1260 1034 1313 καὶ
1064 1258 1457 1331 βαρυνοήσεται
1491 1261 1524 1330 ἡ
1556 1260 1698 1329 ψυχή
1744 1275 1844 1329 μου

258 1354 354 1409 ἐπ’
407 1352 634 1416 αὐτούς’
680 1372 699 1403 ι
734 1351 849 1406 ἀνθ’
883 1347 944 1406 οὗ
969 1352 997 1404 6
1047 1351 1144 1422 μὲν
1193 1350 1423 1414 Ἀκύλας
1471 1351 1631 1421 φησί·
1673 1370 1692 1400 ι
1734 1350 1844 1405 Καὶ

254 1445 566 1517 ἐκολοϐώθη
592 1447 625 1516 ἡ
650 1443 794 1516 ψυχή
838 1460 937 1512 μου
962 1444 1021 1495 ἐν
1047 1443 1231 1506 αὐτοῖς
1255 1459 1268 1472 ·
1315 1462 1332 1492 ι
1360 1444 1388 1494 6
1415 1442 1471 1495 δὲ
1503 1443 1799 1513 Σύμμαχος
1822 1457 1836 1471 ⁸

261 1556 282 1589 ι
325 1539 436 1591 Καὶ
468 1535 859 1606 ώλιγοψύχησα
917 1535 975 1588 ἐν
1021 1536 1240 1599 αὐτοῖς’
1278 1555 1297 1588 ι
1349 1538 1377 1589 6
1409 1536 1465 1589 δέ
1514 1534 1835 1588 Θεοδοτίωνο

261 1650 281 1680 ι
317 1628 431 1682 Kal
461 1627 869 1699 ώλιγοψύχησεν
908 1627 942 1697 ή
978 1626 1122 1700 ψυχή
1156 1645 1258 1699 μου
1297 1628 1383 1681 ἐπ’
1412 1626 1629 1691 αὐτούς.
1670 1648 1689 1679 ι
1728 1627 1839 1681 Kal

249 1723 317 1775 τὸ
368 1721 538 1774 αἴτιόν
581 1738 643 1790 γε
692 1722 792 1793 τῆς
840 1720 1189 1791 ὀλιγοψυχίας
1234 1719 1497 1785 διδάσκει,
1545 1718 1831 1785 ἐπιλέγων·

255 1833 275 1864 ι
322 1814 432 1867 Καὶ
473 1814 583 1885 γάρ
615 1814 672 1866 ai
715 1815 885 1884 ψυχαὶ
925 1813 1106 1867 αὐτῶν
1148 1811 1459 1883 ἐπωρύοντο
1495 1812 1580 1863 ἐπ’
1631 1810 1769 1882 ἐμέ·
1815 1830 1834 1862 ι

248 1904 372 1958 ἀνθ’
407 1900 468 1957 οὗ
498 1905 657 1959 πάλιν
698 1908 728 1959 6
773 1906 1036 1969 Ἀκύλας·
1079 1924 1098 1957 ι
1130 1904 1239 1959 Καί
1282 1921 1346 1973 γε
1390 1906 1423 1975 ἡ
1466 1902 1614 1975 ψυχὴ
1659 1902 1840 1957 αὐτῶν

247 1998 560 2070 ἐπέρκασεν
609 2000 666 2050 ἐν
710 1998 866 2070 ἐμοί’
929 2016 947 2049 ›
1003 2000 1032 2052 6
1080 1997 1137 2050 δέ
1185 1996 1509 2067 Σύμμαχοςο
1569 2014 1588 2046 ι
1644 1997 1755 2049 Καὶ
1805 1997 1838 2066 ἡ

245 2089 399 2161 ψυχὴ
447 2088 625 2144 αὐτῶν
674 2091 923 2163 ἧκμασεν
979 2091 1038 2143 ἐν
1086 2089 1229 2162 ἐμοί.
1297 2108 1317 2141 ι
1364 2090 1589 2160 Ὅμοιον
1636 2088 1693 2141 δὲ
1737 2086 1837 2159 τῷ,

251 2202 271 2234 ι
314 2184 430 2237 Kal
470 2183 580 2255 γὰρ
627 2184 686 2237 αἱ
724 2182 895 2255 ψυχαὶ
941 2182 1120 2236 αὐτῶν
1162 2181 1470 2255 ἐπωρύοντο
1515 2182 1600 2235 ἐπ’
1650 2181 1769 2252 ἐμὲ,
1814 2201 1833 2233 t

246 2274 405 2346 παρὰ
435 2278 548 2338 τοῖς
562 2274 962 2348 Ἐϐδομήκοντα
993 2274 1287 2347 εἰρημένῳ,
1324 2273 1549 2346 φέρεται
1586 2272 1738 2345 παρά
1759 2271 1838 2344 τῷ

256 2365 505 2437 Ἱερεμίᾳ
551 2367 617 2419 ὲκ
672 2365 968 2439 προσώπου
1023 2365 1119 2418 τοῦ
1162 2365 1368 2437 Κυρίου
1430 2366 1683 2433 κείμενον
1742 2365 1832 2418 τό·

248 2474 269 2507 ι
315 2456 785 2525 Ἑγκαταλέλοιπα
804 2457 894 2510 τὸν
910 2452 1059 2511 οἶκόν
1086 2473 1209 2528 μου,
1241 2457 1427 2529 ἀφῆκα
1450 2455 1550 2528 τὴν
1576 2456 1836 2529 κληρονο-

240 2546 382 2618 μίαν
439 2565 559 2619 μου,
606 2547 783 2602 ἔδωκα
826 2549 926 2619 τὴν
977 2547 1341 2619 ἠγαπημένην
1390 2547 1569 2619 ψυχήν
1623 2565 1724 2619 μου
1758 2549 1838 2611 είς

239 2642 441 2711 χεῖρας
484 2640 691 2712 ἐχθρῶν
735 2640 937 2712 αὐτῆς·
984 2640 1214 2712 ἐγενήθη
1265 2641 1299 2711 ἡ
1348 2640 1682 2712 κληρονομία
1732 2659 1834 2712 μου

236 2734 373 2803 ἐμοὶ
403 2733 479 2796 ὠς
513 2733 649 2786 λέων
678 2734 735 2787 ἐν
767 2732 977 2805 δρυμῷ,
1013 2732 1211 2787 ἔδωκεν
1244 2734 1331 2786 ἐπ’
1375 2734 1476 2804 ἐμὲ
1518 2734 1617 2805 τὴν
1651 2733 1835 2806 φωνὴν

239 2822 441 2892 αὐτῆς.
466 2822 557 2893 Μὴ
576 2823 835 2893 σπήλαιον
862 2824 1053 2895 ὑαίνης
1075 2825 1108 2895 ὴ
1139 2822 1471 2895 κληρονομία
1502 2841 1601 2895 μου
1629 2822 1751 2894 ἐμοί
1766 2840 1780 2889 ;
1810 2842 1828 2875 ι

239 2914 486 2978 Εἰκότως
527 2910 619 2968 οὖν
660 2914 750 2968 διὰ
790 2916 963 2970 ταῦτα
992 2915 1118 2986 ἑξῆς
1147 2916 1398 2987 ἐπιφέρει
1421 2916 1625 2985 λέγων·
1666 2935 1684 2967 ι
1724 2916 1835 2970 Kal

233 3000 414 3058 εἶπαο
446 3006 521 3059 Οὐ
570 3004 820 3076 ποιμανῶ
868 3007 1045 3077 ὑμᾶς·
1098 3005 1158 3058 τὸ
1209 3005 1551 3077 ἀποθνῆσκον
1598 3006 1834 3078 ἀποθνη-

241 3098 448 3161 σκέτω,
483 3098 577 3151 καὶ
599 3098 661 3151 τὸ
688 3097 938 3152 ἐκλεῖπον
961 3096 1279 3161 ἐκλειπέτω,
1308 3097 1403 3151 καὶ
1425 3096 1495 3151 τὰ
1526 3097 1831 3151 κατάλοιπα
1858 3129 1901 3186 C

234 3190 596 3256 ἐοθιέτωσαν,
639 3191 867 3256 ἕκαστος
911 3190 1011 3253 τάς
1055 3191 1265 3263 σάρκας
1303 3189 1397 3244 τοῦ
1442 3190 1667 3263 πλησίον
1705 3192 1831 3244 ἐαυ-

236 3285 337 3335 τοῦ
362 3299 377 3311 ·
416 3302 435 3333 ι
490 3282 607 3354 μεθ’
638 3282 673 3337 ἃ
716 3282 957 3352 ἐπιλέγει
980 3300 994 3313 '
1032 3303 1049 3335 ι
1095 3284 1205 3337 Kal
1246 3281 1484 3355 λήψομαι
1512 3282 1610 3351 τὴν
1637 3280 1830 3353 ῥάϐδον

238 3392 350 3447 μου
367 3375 465 3447 τὴν
485 3375 674 3446 καλὴν,
687 3377 782 3429 καὶ
799 3375 1088 3448 ἀπορῥίψω
1110 3377 1296 3447 αὐτήψ
1312 3395 1330 3427 ›
1357 3374 1473 3428 ἀνθ’
1498 3369 1558 3429 οὗ
1575 3373 1826 3438 ’Λκύλας,

247 3486 267 3518 ι
289 3469 403 3523 Καὶ
425 3468 632 3532 ἔλαϐον,
664 3487 680 3519 ι
712 3468 863 3541 φησὶ,
899 3468 1022 3541 «τὴν
1047 3467 1240 3540 ῥάϐδον
1271 3485 1393 3540 μου,
1415 3467 1511 3539 τὴν
1535 3466 1830 3539 εὐπρέπει-

236 3576 332 3623 αν,
367 3562 464 3613 καὶ
487 3559 790 3632 περιέκοζνα
824 3560 1048 3631 abripi,»
1092 3559 1294 3631 δηλαδὴ
1326 3558 1425 3630 τὴν
1461 3557 1605 3612 κατὰ
1626 3558 1832 3612 Μωσέα

236 3650 521 3724 λατρείαν,
550 3650 758 3703 Οὐκοῦν
782 3650 815 3718 ἡ
840 3650 935 3720 μὲν
960 3646 1151 3719 πρώτη
1175 3646 1369 3719 ῥάϐδος
1392 3649 1425 3717 ἡ
1449 3646 1506 3700 ἐν
1522 3647 1718 3718 ἀρχαῖς
1733 3645 1828 3699 τοῦ

236 3743 403 3814 λόγου
454 3742 662 3817 πρώτη,
715 3740 1173 3816 συντριϐήσεσθαι
1216 3742 1311 3794 καὶ
1350 3738 1828 3812 ἀπορῥιφήσεσθαι

234 3837 480 3905 λέγεται.
502 3838 627 3890 Ὅτε
659 3836 715 3889 δέ
744 3836 929 3907 ἡτιμὴ
953 3834 1044 3887 τοῦ
1070 3831 1457 3905 τετιμημένου,
1477 3833 1572 3886 καὶ
1600 3832 1661 3885 τὸ
1687 3832 1829 3904 ὑπὲρ

234 3925 403 3978 αὐτοῦ
422 3924 500 3995 τῷ
523 3924 753 3997 προδότῃ
777 3923 928 3977 δοθὲν
956 3923 1217 3995 ἀργύριον
1240 3921 1441 3993 ἐϐλήθη
1467 3922 1546 3985 είς
1570 3921 1660 3974 τὸν
1681 3917 1828 3975 οἷκον

236 4017 471 4087 Κυρίου,
500 4016 576 4079 ώς
606 4017 687 4079 είς
721 4016 1100 4086 χωνευτηριον,
1121 4013 1240 4066 τότε
1267 4013 1331 4085 δὴ
1359 4013 1452 4066 καὶ
1487 4011 1559 4065 τὰ
1578 4012 1706 4083 περὶ
1729 4011 1829 4082 τῆς

235 4102 496 4173 δευτέρας
519 4102 736 4173 ῥάϐδου,
752 4103 847 4156 τοῦ
871 4103 1071 4166 παντὸς
1086 4101 1270 4166 ἔθνους
1284 4102 1506 4173 δηλαδὴ,
1521 4100 1829 4166 ἀκολούθως

233 4191 324 4246 οἶα
345 4195 594 4247 πείσεται
617 4194 1016 4266 προφητεύεται
1037 4197 1094 4248 ἐν
1112 4195 1211 4266 τῷ,
1247 4215 1264 4247 ι
1296 4196 1406 4248 Kal
1428 4194 1707 4266 ἀπέρῥιψα
1727 4193 1827 4266 τὴν

238 4287 437 4356 ῥάϐδον
464 4286 562 4358 τὴν
582 4287 842 4359 δευτέραν
859 4288 921 4340 τὸ
938 4286 1340 4359 σχοίνισμα,τοῦ
1357 4287 1707 4341 διασκεδάσαι
1726 4287 1825 4359 τὴν

234 4378 516 4448 Διαθήκην
536 4378 640 4431 ἀνά
657 4379 817 4450 μέσον
834 4379 1001 4433 Ἰούδα
1017 4381 1109 4432 καὶ
1131 4379 1234 4433 άνά
1263 4380 1425 4451 μέσον
1446 4380 1683 4452 Ἰσραήλ·
1700 4380 1823 4433 »καὶ

1958 519 2110 585 bant,
2160 523 2631 592 gubernabantur.
2672 522 2777 578 Sed
2802 524 3025 595 quando
3066 532 3180 582 tres
3214 527 3303 582 isti
3346 538 3534 598 pasto-

1957 626 2047 666 res
2085 627 2194 667 uno
2221 621 2467 683 tempore
2499 615 2918 671 conversionem
2967 618 3116 687 passi
3144 627 3293 682 sunt,
3341 616 3536 674 Salva-

1955 710 2075 758 tore
2107 705 2295 774 utique
2336 715 2527 762 nostro
2562 706 2887 763 adveniente
2922 708 3072 781 (nam
3110 720 3165 766 et
3192 728 3294 767 rex
3332 724 3536 783 praeter

1952 794 2102 865 leges
2148 803 2391 863 creatus,
2431 812 2543 852 non
2597 799 2666 852 ab
2702 798 2944 869 ipsorum
2998 816 3199 872 genere
3238 803 3530 871 oriundus,

1954 884 2050 938 sed
2110 894 2376 942 externus
2430 886 2565 956 ipsis
2614 895 2749 942 tunc
2785 899 3047 958 praeerat;
3106 897 3161 946 et
3211 892 3457 962 pontifex
3497 907 3531 948 a

1951 974 2215 1031 Romanis
2254 978 2321 1031 ad
2359 992 2573 1033 sacram
2607 978 2945 1036 functionem
2970 990 3282 1051 provectus,
3316 999 3428 1039 non
3457 1000 3531 1041 ex

1951 1069 2305 1125 successione
2356 1071 2595 1139 generis,
2633 1087 2812 1143 neque
2845 1073 3147 1128 secundum
3185 1075 3333 1147 leges
3366 1087 3533 1149 atque

1950 1158 2226 1223 instituta,
2276 1159 2544 1216 honorem
2586 1162 2742 1215 illum
2794 1163 3107 1231 obtinebat;
3156 1180 3259 1222 nec
3290 1169 3529 1238 prophe-

1950 1257 2025 1315 ta,
2083 1251 2176 1321 qui
2210 1267 2386 1322 usque
2434 1253 2503 1307 ad
2549 1251 2817 1307 Joannem
2870 1257 3219 1325 perveniens,
3264 1257 3524 1329 desierat,

1947 1342 2183 1412 amplius
2215 1343 2359 1413 apud
2404 1359 2499 1400 eos
2543 1345 2896 1415 operabatur,
2932 1355 3028 1403 sed
3062 1348 3185 1404 loco
3219 1349 3341 1420 ejus
3369 1366 3528 1407 men-

1946 1433 2054 1487 dax
2102 1435 2323 1505 quidam
2354 1437 2618 1507 propheta
2649 1443 2704 1492 et
2737 1438 2937 1509 impius
2979 1442 3243 1512 populum
3284 1443 3527 1517 decipie-

1946 1525 2087 1597 bat),
2118 1528 2316 1583 merito
2356 1529 2464 1584 tria
2519 1529 2613 1583 illa
2661 1531 2826 1596 dona,
2870 1547 2991 1602 quae
3041 1534 3320 1605 quondam
3354 1552 3524 1609 supra

1945 1635 2107 1676 omne
2135 1631 2519 1677 ornamentum
2542 1639 2605 1678 ac
2634 1625 2801 1681 decus
2825 1634 2994 1682 totam
3024 1628 3171 1684 illam
3188 1639 3401 1691 gentem
3430 1647 3526 1687 or-

1945 1711 2169 1776 nabant,
2216 1714 2561 1769 sublaturum
2611 1732 2671 1772 se
2714 1732 2822 1771 uno
2855 1725 3099 1781 tempore
3132 1721 3394 1792 minatur,
3435 1722 3524 1779 di-

1945 1817 2115 1859 cens:
2171 1803 2269 1857 «Et
2322 1805 2568 1861 auferam
2609 1817 2722 1864 tres
2754 1819 3003 1879 pastores
3056 1811 3113 1865 in
3160 1827 3351 1870 mense
3382 1830 3520 1882 uno,

1945 1898 1999 1945 et
2029 1894 2345 1962 gravabitur
2360 1897 2541 1951 anima
2555 1912 2675 1953 mea
2695 1914 2859 1969 super
2881 1914 2976 1955 eos
2995 1918 3043 1967 ς»
3067 1916 3168 1971 pro
3186 1918 3296 1972 quo
3322 1902 3523 1974 Aquila

1943 1990 2162 2053 quidem
2185 1984 2265 2040 sic
2284 1986 2394 2043 ait:
2426 2005 2444 2038 ι
2473 1987 2538 2042 Ει
2562 1991 2811 2044 mutilata
2838 1998 2923 2046 est
2946 1992 3129 2047 anima
3160 2008 3280 2050 mea
3297 1995 3353 2051 in
3376 1998 3516 2064 eisp

1944 2074 2307 2145 Symmachus
2352 2088 2532 2134 autem
2556 2099 2569 2134 :
2630 2080 2726 2134 «Et
2755 2083 3098 2139 exanimatus
3125 2099 3251 2143 sum
3282 2087 3337 2141 in
3364 2090 3515 2156 eis;t

1942 2165 2285 2224 Theodotion
2320 2180 2501 2227 autem
2528 2190 2540 2226 :
2571 2190 2591 2224 ι
2619 2172 2684 2226 Ει
2713 2174 3028 2228 exanimata
3062 2185 3147 2233 est
3176 2178 3361 2234 anima
3397 2196 3519 2236 mea

1941 2275 2106 2331 super
2120 2277 2238 2317 eos.
2278 2281 2298 2314 ι
2328 2263 2395 2318 Et
2423 2279 2647 2320 causam
2678 2269 3101 2326 exanimationis
3119 2272 3359 2328 ostendit
3376 2273 3519 2329 iniis

1938 2366 2062 2421 qua:
2092 2353 2380 2425 adjungit:
2437 2354 2682 2411 «Etenim
2733 2360 2931 2415 animae
2986 2376 3178 2418 eorum
3231 2365 3521 2436 rugierunt

1940 2459 2107 2515 super
2137 2462 2280 2513 me,»
2321 2461 2422 2517 pro
2450 2463 2561 2518 quo
2587 2464 2783 2505 rursus
2829 2452 3026 2521 Aquila
3058 2454 3163 2511 hoc
3188 2457 3353 2513 modo
3384 2473 3521 2515 con-

1938 2539 2134 2593 vertit:
2167 2559 2185 2591 ι
2213 2539 2428 2595 Etenim
2462 2542 2645 2597 anima
2673 2558 2864 2597 eorum
2894 2545 3235 2604 immaturuit
3277 2551 3333 2605 in
3357 2567 3443 2608 me
3464 2570 3514 2618 ,ι

1941 2632 2304 2705 Symmachus
2336 2646 2553 2690 autem:
2604 2654 2623 2688 ι
2648 2636 2714 2691 Et
2742 2638 2925 2693 anima
2961 2656 3151 2697 eorum
3192 2644 3421 2701 invaluit
3460 2648 3519 2704 in

1938 2741 2045 2782 me.
2082 2744 2101 2777 ι
2125 2724 2206 2781 llli
2235 2728 2366 2783 vero
2387 2727 2534 2797 quod
2557 2729 2698 2799 apud
2719 2727 2863 2784 LXX
2890 2730 3097 2787 dictum
3115 2742 3231 2790 est:
3272 2735 3518 2794 «Etenim

1937 2819 2134 2875 animae
2175 2829 2368 2876 earum
2425 2822 2713 2892 rugierunt
2741 2838 2908 2894 super
2956 2839 3098 2890 me,»
3134 2827 3318 2883 simile
3360 2831 3521 2899 quid-

1936 2910 2062 2965 dam
2091 2910 2265 2967 fertur
2285 2912 2449 2967 etiam
2482 2913 2625 2983 apud
2646 2913 2960 2981 Jeremiam,
2998 2917 3144 2987 quod
3182 2934 3250 2973 ex
3278 2935 3517 2990 persona

1936 2999 2152 3056 Domini
2197 3001 2476 3073 profertur
2523 3005 2611 3059 his
2664 3006 2882 3071 verbis:
2931 3006 3239 3079 «θοι-οιὶᾳυί
3289 3011 3514 3067 domum

1937 3108 2137 3159 meam,
2189 3093 2373 3150 dimisi
2405 3094 2780 3151 haereditatem
2831 3112 3031 3163 meam,
3075 3099 3198 3154 dedi
3258 3100 3516 3159 dilectam

1935 3186 2171 3240 animam
2201 3201 2380 3242 meam
2431 3186 2488 3241 in
2524 3202 2719 3242 manus
2772 3189 3121 3244 inimicorum
3172 3190 3314 3262 ejus,
3369 3192 3514 3249 facta

1933 3282 2017 3331 est
2050 3276 2343 3333 haereditas
2369 3292 2489 3333 mea
2519 3278 2652 3333 mihi
2682 3290 2742 3334 ut
2766 3281 2850 3338 leo
2876 3281 2932 3337 in
2967 3282 3124 3346 silva,
3163 3282 3314 3339 dedit
3346 3298 3514 3356 super

1932 3383 2021 3423 me
2054 3385 2243 3425 vocem
2274 3386 2455 3437 suam,
2487 3372 2740 3443 nunquid
2791 3375 3052 3445 spelunca
3091 3375 3294 3447 hyaenae
3338 3378 3510 3433 luere.

1932 3460 2076 3517 ditas
2111 3477 2230 3517 mea
2262 3463 2495 3518 mihi"?
2533 3484 2552 3516 ι
2583 3464 2682 3519 has
2717 3463 2886 3534 igitur
2907 3465 2979 3521 ob
3010 3482 3100 3522 res
3125 3469 3321 3523 merito
3356 3469 3515 3523 dein-

1932 3570 2062 3625 ceps
2108 3554 2388 3626 adjungit:
2430 3573 2449 3607 ι
2482 3554 2549 3610 Et
2592 3554 2726 3618 dixi,
2758 3555 2879 3611 Non
2925 3572 3144 3628 pascam
3178 3574 3313 3625 vos;
3361 3561 3511 3632 quod

1931 3648 2185 3713 moritur,
2228 3647 2517 3715 moriatur,
2543 3655 2599 3704 et
2627 3647 2774 3719 quod
2800 3647 3007 3714 deficit,
3040 3648 3281 3716 deﬁciat,
3312 3659 3368 3708 et
3387 3667 3512 3724 quae

1932 3738 2142 3809 reliqua
2177 3746 2307 3794 sunt
2330 3739 2614 3805 devorent,
2645 3740 3025 3811 unusquisque
3046 3754 3241 3797 carnes
3268 3744 3508 3813 proximi

1932 3831 2073 3885 sui.»
2110 3830 2240 3888 Post
2272 3846 2395 3902 qua:
2419 3831 2644 3902 subjicit
2670 3851 2683 3886 :
2724 3851 2742 3883 ι
2768 3831 2835 3885 Et
2851 3832 3064 3903 capiam
3093 3834 3302 3905 virgam
3328 3851 3507 3892 meam

1929 3922 2238 3993 pulchram,
2261 3930 2316 3977 et
2336 3922 2590 3992 abjiciam
2627 3936 2803 3977 eam.»
2842 3920 2951 3977 Pro
2985 3936 3096 3993 quo
3121 3921 3350 3993 Aquila:
3407 3923 3507 3982 «Et

1930 4018 2141 4088 accepi,
2176 4015 2375 4083 inquit,
2434 4015 2644 4082 virgam
2698 4029 2896 4079 meam,
2926 4012 3206 4082 decorem,
3240 4023 3295 4073 et
3320 4016 3507 4076 excidi

1929 4107 2101 4174 illam,
2138 4125 2158 4160 ι
2197 4106 2488 4163 Mosaicam
2550 4106 2803 4162 videlicet
2876 4105 3272 4164 adorationem.
3360 4107 3506 4181 Ergo

1927 4199 2107 4272 prima
2140 4198 2362 4271 quidem
2412 4198 2568 4270 virga
2598 4198 2759 4255 initio
2804 4199 3098 4264 sermonis,
3141 4201 3322 4273 prima
3369 4201 3504 4257 item

1926 4306 2050 4361 qua:
2098 4290 2384 4362 frangatur
2437 4298 2492 4346 et
2542 4290 2854 4360 abjiciatur,
2892 4290 3012 4348 fore
3052 4293 3278 4350 dicitur.
3328 4292 3503 4370 484

1926 4382 2065 4439 Cum
2098 4394 2280 4440 autem
2311 4385 2550 4456 pretium
2583 4384 2725 4455 ejus,
2778 4384 2873 4454 qui
2924 4384 3228 4443 msti’matus
3277 4395 3384 4453 est,
3446 4395 3503 4441 et

235 4470 540 4540 ἐπειδήπερ
562 4470 834 4542 ἀποϐολὴν
850 4471 1071 4524 ἐκείνων
1091 4471 1275 4541 σαφῶς
1292 4472 1381 4526 διὰ
1395 4472 1602 4526 τούτων
1624 4475 1652 4526 6
1664 4471 1823 4541 λόγος

1935 4490 2031 4547 pro
2079 4492 2146 4531 eo
2202 4482 2489 4547 argentum
2531 4475 2799 4546 proditori
2848 4483 3158 4546 erogatum,
3194 4476 3502 4548 projectum

234 4561 531 4634 ἐμήνυσεν,
562 4563 784 4625 εἰκότως
816 4562 942 4633 ἑξῆς
978 4563 1154 4616 οὐκέτ’
1189 4565 1386 4628 αὐτοὺς
1419 4562 1816 4632 ἐπιγνώσεσθαι

228 4653 338 4724 τὴν
367 4652 476 4706 τῶν
513 4655 1001 4725 προφητευσμένων
1037 4655 1261 4726 δύναμίν
1303 4674 1486 4728 φησιν,
1520 4656 1655 4710 ἀλλὰ
1691 4658 1818 4721 τοὺς

232 4746 595 4811 Χαναναίους,
616 4746 816 4815 λέγων’
851 4765 870 4797 ι
901 4748 1010 4800 Kal
1037 4747 1331 4816 γνώσονται
1361 4750 1410 4802 οἱ
1437 4750 1725 4801 Χαναναῖοι
1748 4747 1819 4801 τὰ

233 4836 486 4908 πρόϐατα
531 4838 601 4891 τὰ
645 4839 1027 4910 φυλασσόμενά
1077 4858 1187 4911 μοι,
1223 4842 1358 4895 διότι
1405 4840 1562 4909 λόγος
1608 4840 1816 4912 Κυρίου

234 4930 375 4983 ἐστί.
418 4950 437 4981 ι
476 4931 632 4994 Τίνες
662 4931 705 4983 δ’
741 4931 808 4986 ἂν
840 4928 949 4985 εἷεν
977 4935 1027 4986 οἱ
1054 4935 1345 4987 Χαναναῖοι
1374 4932 1488 4986 ἀλλ’
1516 4932 1549 5005 ἢ
1580 4935 1741 5004 ἡμεῖς
1765 4932 1817 4985 οἱ

232 5022 368 5093 πρὶν
392 5021 699 5093 ἀλλόφυλοι,
730 5027 821 5078 καὶ
842 5025 900 5092 ἐξ
923 5026 1176 5079 ἁπάντων
1196 5027 1305 5079 τῶν
1332 5026 1501 5080 πάλαι
1526 5025 1701 5079 ἀθέων
1725 5026 1819 5079 καὶ

234 5113 451 5167 ἀσεϐῶν
479 5115 646 5169 ἐθνῶν
678 5117 925 5188 πρόϐατα
954 5118 1031 5189 τῷ
1060 5118 1281 5191 Χριστῷ
1308 5119 1740 5191 πεφυλαγμένοις
1768 5120 1816 5173 οἶ

231 5206 333 5259 καὶ
356 5205 447 5258 διὰ
469 5210 569 5278 τῆς
599 5208 766 5261 αὐτοῦ
794 5210 1017 5281 χάριτος
1049 5211 1517 5281 μεταϐεϐλήμεθα,
1543 5212 1640 5265 καὶ
1687 5229 1815 5265 συν-

232 5297 389 5363 έντες
436 5299 506 5352 τά
540 5300 960 5373 τεθεσπισμένα,
989 5302 1191 5372 γνῶσιν
1215 5302 1390 5375 ἀληθῆ
1414 5303 1509 5356 τοῦ
1537 5303 1697 5372 λόγου
1719 5301 1815 5356 τοῦ

230 5390 443 5461 Κυρίου
487 5391 807 5464 εἰλήφαμεν.
836 5395 1120 5465 Ἔγνωμέν
1159 5411 1219 5448 τε
1253 5396 1412 5465 ἡμεῖς
1438 5397 1486 5447 οἱ
1519 5397 1815 5450 Χαναναῖοι

229 5481 329 5536 καὶ
364 5483 676 5556 συνήκαμεν
719 5484 788 5539 τά
818 5486 1147 5558 δηλούμενα’
1176 5488 1275 5541 οὐκ
1322 5487 1564 5558 ἔγνωσαν
1595 5488 1652 5542 δὲ
1692 5488 1813 5543 οὐδὲ

229 5575 480 5646 συνῆκαν
516 5579 563 5629 οἱ
591 5578 684 5632 τὸν
722 5580 937 5653 Ἰσραὴλ
970 5582 1259 5653 αὐχοῦντες
1293 5582 1385 5636 καὶ
1417 5582 1509 5635 ἐπὶ
1538 5580 1617 5653 τῷ
1644 5583 1813 5658 σπέρ-

233 5684 370 5741 ματι
414 5668 665 5742 Ἁϐραάμ
698 5674 1070 5745 ἐπαιρόμενοι.

303 5809 350 5842 τ’
388 5807 498 5864 Jer.
533 5823 646 5872 xu,
682 5808 796 5875 8,9.

1922 4575 2008 4623 est
2038 4569 2096 4623 in
2152 4567 2378 4622 domum
2414 4566 2630 4622 Domini
2660 4574 2923 4637 tanquam
2952 4567 3010 4621 in
3040 4566 3342 4633 fornacem,
3376 4575 3499 4625 tum

1924 4674 2057 4714 vero
2108 4660 2274 4714 etiam
2333 4674 2398 4713 ea
2451 4674 2576 4729 quae
2629 4659 2698 4713 ad
2732 4659 2960 4713 alteram
2992 4658 3224 4730 virgam,
3256 4659 3361 4715 hoc
3389 4667 3499 4724 est,

1924 4767 2049 4824 quae
2096 4750 2165 4805 ad
2197 4750 2514 4805 universam
2544 4759 2760 4821 gentem
2810 4749 3112 4820 pertinent,
3155 4750 3289 4821 quid
3318 4751 3499 4806 latura

1926 4845 2040 4900 sint
2069 4842 2220 4909 mali,
2252 4842 2572 4913 prophetice
2600 4840 2915 4896 declaratur
2939 4839 2996 4893 in
3019 4839 3131 4895 illis
3151 4840 3365 4896 verbis:
3390 4861 3410 4895 ι
3431 4842 3499 4897 Ει

1926 4937 2101 5006 abjeci
2135 4936 2346 5006 virgam
2370 4936 2621 4998 alteram,
2656 4933 2965 4990 funiculum
3009 4932 3079 4989 ad
3113 4933 3497 5005 dissipandum

1921 5034 2310 5083 testamentum
2339 5027 2482 5081 inter
2510 5025 2711 5081 Judam
2743 5034 2799 5082 et
2847 5024 3016 5083 Israel
3039 5045 3053 5082 :
3080 5045 3101 5080 ι
3149 5034 3203 5080 ιιι
3234 5025 3494 5096 quoniam

1922 5121 2147 5175 illorum
2175 5119 2533 5190 rejectionem
2565 5118 2653 5172 his
2682 5115 2869 5172 verbis
2902 5117 3065 5187 plane
3096 5115 3380 5171 oraculum
3407 5114 3496 5169 in-

1920 5209 2148 5273 dicavit,
2208 5208 2407 5262 merito
2455 5206 2714 5277 deinceps
2757 5221 2869 5260 non
2926 5205 3161 5277 amplius
3212 5206 3336 5261 illos
3380 5204 3494 5260 vim

1921 5303 2335 5374 prophetiarum
2392 5299 2771 5354 intellecturos
2834 5296 3089 5365 allirmat,
3146 5299 3242 5355 sed
3275 5298 3493 5353 Chana-

1923 5411 2094 5460 naeos,
2126 5396 2209 5450 sic
2240 5394 2470 5448 dicens:
2507 5391 2606 5446 «Et
2631 5399 2969 5461 cognoscent
3012 5390 3328 5456 Chananaei,
3360 5404 3494 5449 oves

1919 5504 2044 5562 quae
2074 5486 2469 5543 custodiuntur
2505 5485 2662 5544 mihi.
2689 5484 2840 5553 quod
2867 5484 3095 5538 verbum
3113 5482 3326 5538 Domini
3344 5493 3489 5539 est»

1916 5583 2211 5645 Caeterum,
2252 5579 2347 5649 qui
2398 5577 2619 5633 tandem
2669 5575 2764 5631 alii
2807 5572 3013 5631 fuerint
3068 5574 3125 5630 hi
3168 5574 3489 5638 Chananwi,

1915 5690 2082 5747 quam
2106 5687 2210 5728 nos
2232 5671 2379 5743 ipsi?
2405 5670 2501 5742 qui
2528 5670 2687 5742 prius
2717 5670 2880 5729 alieni
2918 5685 3164 5739 eramus,
3202 5681 3257 5727 et
3296 5670 3394 5742 qui
3420 5682 3489 5725 ex
