3836 6220
329 373 428 432 751

1001 369 1274 426 EUSEBII
1310 368 1796 427 CESARIENSIS
1835 369 1986 427 OPP.
2027 368 2213 423 PARS
2251 369 2313 424 ll.
2354 402 2424 411 —
2458 369 2961 426 APOLOGETICA.

3509 368 3609 424 ’ῑῖῐὲ

327 492 607 550 universi;
635 490 765 546 olim
788 488 1035 562 profanis
1061 497 1224 561 atque
1269 490 1455 561 impiis
1474 490 1753 560 gentibus,
1785 504 1921 545 oves
1965 489 2188 544 Christo
2222 490 2480 547 cnstoditi
2506 490 2736 546 sumus?
2778 490 2872 561 qui
2918 491 3084 545 etiam
3122 490 3388 546 beneﬁcio
3454 491 3604 547 illius

326 599 520 644 sumus
547 583 843 647 immutati,
872 591 927 638 et
956 582 1076 654 ipsa
1105 583 1362 638 vaticinia
1392 582 1782 653 prophetarum
1878 581 2262 652 intelligentes,
2298 584 2667 653 cognitionem
2727 600 2914 639 veram
2974 582 3129 638 verbi
3190 581 3409 638 Domini
3447 600 3605 639 acce-

327 679 534 752 pimus.
577 677 744 734 Iidem
789 691 893 732 nos
937 678 1033 747 qui
1072 692 1265 733 sumus
1291 675 1609 745 Chananaei,
1663 679 1923 734 novimus
1960 683 2123 746 atque
2154 677 2524 732 intelleximus
2547 692 2612 732 ea
2649 692 2771 746 quae
2793 677 3074 731 dicuntur.
3140 673 3263 730 Non
3330 681 3607 730 noverunt

327 780 515 828 autem
552 786 730 841 neque
778 768 1187 839 intellexerunt,
1254 770 1351 843 qui
1381 771 1608 827 nomine
1666 768 1836 826 Israel
1904 771 2234 841 gloriantur,
2274 780 2326 826 et
2381 770 2476 843 qui
2535 786 2722 826 semen
2768 772 3003 828 Abrahae
3023 771 3237 842 jactare
3303 784 3606 828 consueve-

326 875 479 924 ιιωι.

528 979 571 1032 Α
600 978 854 1034 Ieremia.
880 1007 950 1019 -—
971 976 1108 1033 Item
1134 976 1199 1033 de
1223 976 1372 1034 Iuda
1401 977 1736 1031 nominatim.

406 1114 425 1147 σ
454 1093 749 1150 Peccatum
781 1091 921 1148 Juda
948 1093 1211 1163 scriptum
1234 1100 1319 1148 est
1344 1093 1485 1165 stylo
1516 1092 1694 1149 ferreo
1722 1092 1776 1147 in
1808 1109 1912 1147 un-

326 1204 430 1260 gue
458 1187 829 1252 adamantino,
865 1191 1152 1239 exaratum
1176 1200 1342 1254 super
1358 1182 1700 1239 latitudinem
1726 1185 1910 1240 cordis

324 1280 465 1351 ejus,
507 1288 560 1334 et
611 1278 666 1331 in
719 1275 982 1331 cornibus
1043 1275 1301 1331 altarium
1373 1285 1704 1330 vestrorum.
1771 1275 1909 1329 Cum

325 1370 600 1428 recordati
654 1367 857 1424 fuerint
916 1366 1013 1421 ﬁlii
1067 1382 1258 1422 eorum
1304 1381 1527 1421 ararum
1594 1382 1818 1423 suarum
1857 1373 1911 1421 et

326 1467 579 1520 lucorum
609 1468 836 1517 suorum
877 1461 931 1515 in
964 1460 1115 1531 ligno
1154 1460 1327 1515 denso
1352 1466 1406 1513 et
1441 1459 1497 1513 in
1543 1459 1777 1515 collibus
1813 1476 1911 1515 ex-

324 1558 512 1618 celsis,
549 1555 719 1610 robur
778 1562 934 1608 tuum
988 1562 1043 1608 et
1086 1567 1281 1607 omnes
1332 1551 1626 1608 thesauros
1670 1559 1797 1607 tuos
1853 1553 1909 1607 in

324 1649 684 1721 direptionem
717 1644 882 1710 dabo,
920 1655 975 1701 et
1006 1645 1223 1701 excelsa
1248 1652 1341 1699 tua
1371 1645 1426 1698 in
1459 1654 1685 1715 peccato
1715 1644 1771 1699 in
1791 1660 1911 1699 om-

334 1740 507 1795 nibus
533 1737 734 1793 ﬁnibus
769 1741 901 1801 tuis,
930 1743 984 1791 et
1013 1735 1318 1806 privaberis
1350 1743 1405 1790 et
1434 1735 1814 1791 humiliaberis
1842 1736 1910 1790 ab

323 1828 664 1895 haereditate,
698 1842 862 1898 quam
909 1825 1033 1881 dedi
1099 1826 1221 1891 tibi,
1263 1832 1320 1880 et
1372 1825 1705 1881 transferam
1757 1836 1809 1881 te
1840 1825 1908 1880 ad

325 1922 584 1977 inimicos
622 1929 748 1975 tuos
784 1919 840 1973 in
868 1927 1069 1973 terram
1100 1932 1265 1988 quam
1297 1932 1408 1972 non
1432 1917 1620 1985 nosti;
1649 1919 1909 1988 quoniam

325 2014 473 2086 imis
505 2026 775 2068 accensus
808 2018 893 2064 est
925 2009 981 2064 in
1011 2009 1199 2065 furore
1228 2025 1371 2074 meo,
1411 2024 1587 2080 usque
1638 2010 1693 2063 in
1729 2025 1907 2066 saecu-

324 2105 440 2160 lum
468 2105 679 2160 ardebit
698 2104 797 2156 ".i
824 2101 1065 2158 Tametsi
1109 2102 1223 2157 haec
1254 2118 1364 2157 non
1396 2102 1537 2172 apud
1561 2100 1733 2168 LXX,
1766 2110 1909 2158 atta-

323 2216 450 2255 men
488 2201 543 2255 in
574 2197 846 2254 Hebraico
890 2198 1037 2252 nacti
1070 2205 1236 2267 atque
1265 2194 1320 2250 in
1363 2198 1704 2267 reliquorum
1740 2198 1909 2252 inter-

323 2297 543 2363 pretum
591 2289 951 2353 editionibns,
999 2288 1129 2343 item
1171 2287 1226 2341 in
1268 2287 1725 2357 exquisitioribus
1766 2302 1905 2359 quo-

325 2394 433 2451 que
468 2378 716 2450 ipsorum
770 2376 917 2432 LXX
958 2376 1369 2448 exemplaribus
1399 2392 1525 2432 cum
1557 2378 1904 2448 appositione

326 2472 690 2539 stellularum,
729 2470 894 2543 485
927 2469 1243 2527 necessario
1270 2485 1334 2526 ea
1364 2471 1741 2541 apposuimus,
1785 2480 1911 2526 tan-

324 2580 491 2637 quam
524 2580 588 2621 ea
619 2579 741 2636 quae
764 2564 1088 2618 nominatim
1120 2563 1300 2635 ipsum
1344 2561 1684 2633 proditorem
1708 2561 1908 2618 Judam

326 2653 652 2726 signiﬁcent,
698 2662 755 2709 et
785 2661 1073 2725 peccatum
1118 2654 1265 2725 quod
1295 2654 1366 2708 ab
1410 2653 1504 2709 illo
1541 2655 1905 2711 commissum

323 2753 431 2810 est,
499 2744 617 2801 ﬁeri
666 2761 777 2801 non
828 2759 992 2817 posse
1035 2754 1096 2800 ut
1138 2761 1379 2816 unquam
1431 2746 1735 2801 aboleatur.
1791 2745 1907 2802 Hoc

322 2839 470 2895 enim
518 2838 652 2893 mihi
697 2837 913 2894 videtur
980 2837 1292 2908 signiﬁcare
1348 2838 1517 2895 illud:
1562 2859 1582 2891 ί
1612 2836 1907 2896 Peccatum

323 2924 462 2984 Iuda
497 2930 760 3001 scriptum
794 2936 878 2985 est
926 2929 1067 3001 stylo
1096 2927 1276 2985 ferreo
1319 2929 1375 2984 in
1419 2945 1600 3001 ungue
1643 2930 1907 2985 adaman-

324 3022 502 3076 tino.»
544 3019 813 3076 Poterunt
844 3020 975 3075 item
1003 3018 1198 3075 referri
1246 3017 1312 3074 ad
1356 3020 1669 3075 universam
1715 3017 1907 3073 Judai-

323 3128 446 3169 cam
494 3124 733 3186 gentem,
784 3113 988 3186 quibus
1051 3112 1312 3184 deinceps
1357 3113 1480 3185 ipso
1530 3112 1726 3169 ordine
1783 3121 1907 3183 post

324 3206 572 3277 ipsorum
617 3206 799 3262 scelus
850 3205 1165 3271 indelebile,
1221 3214 1549 3272 extremam,
1588 3221 1711 3278 qua:
1752 3206 1905 3277 ipsos

322 3300 583 3371 punitura
614 3305 718 3364 est,
746 3297 1045 3367 perniciem
1078 3298 1487 3361 interminatur,
1531 3314 1653 3368 qua:
1682 3313 1790 3352 non
1821 3306 1904 3352 est

322 3396 479 3447 nunc
506 3389 786 3461 sigillatim
841 3388 908 3443 ad
948 3389 1177 3443 verbum
1218 3388 1615 3459 interpretandi
1663 3397 1899 3459 tempus.

324 3482 429 3539 Sed
464 3481 686 3555 quando
716 3489 827 3535 tam
862 3480 1035 3535 multa
1064 3481 1336 3537 hactenus
1364 3481 1433 3537 de
1466 3497 1552 3550 eo,
1584 3482 1680 3553 qui
1710 3478 1903 3536 Salva—

321 3583 497 3631 torem
532 3589 595 3630 ac
625 3572 913 3629 Dominum
945 3580 1194 3629 nostrum
1229 3580 1349 3629 erat
1378 3573 1717 3645 proditurus,
1751 3572 1905 3627 aliis-

324 3682 432 3739 que
478 3667 573 3738 qui
629 3666 709 3721 illi
757 3664 989 3723 insidias
1019 3664 1219 3721 facturi
1250 3674 1430 3729 erant,
1464 3664 1730 3722 divinitus
1758 3680 1899 3736 prae-

324 3760 473 3814 dicta
523 3760 915 3829 exposuimus:
970 3768 1193 3829 tempus
1234 3758 1347 3829 jam
1401 3756 1569 3813 fuerit
1622 3773 1747 3828 qua:
1794 3758 1902 3814 sub

324 3850 500 3922 ipsam
559 3852 805 3922 ejusdem
855 3851 1170 3922 passionem
1226 3857 1493 3907 eventura
1553 3850 1795 3914 fuerunt,
1845 3860 1907 3906 ut

325 3946 457 4003 item
506 3944 775 4001 divinitus
808 3960 905 4016 per
943 3945 1237 4016 prophetas
1282 3944 1606 4001 denuntiata
1649 3948 1781 4012 sint,
1817 3949 1905 4002 in-

324 4038 485 4094 tueri.

325 4152 403 4206 Ab
431 4152 614 4232 Amos.
645 4180 716 4191 --
747 4149 824 4232 ρο
851 4150 979 4204 satis
1005 4148 1348 4232 defeetu,qui
1370 4150 1427 4203 in
1455 4150 1573 4219 ipsa
1603 4148 1907 4232 salvatoris

393 4223 562 4305 nostri
591 4222 868 4304 _passione
910 4219 1142 4288 accidit,
1194 4230 1245 4274 et
1270 4219 1357 4275 ἀι
1390 4231 1627 4277 extremo
1656 4220 1906 4279 Judaiew

392 4300 559 4363 gentis
585 4300 822 4346 interitu.

398 4488 417 4521 ι
454 4467 611 4524 Jurat
641 4468 907 4525 Dominus
949 4470 1006 4524 in
1064 4467 1377 4539 superbiam
1415 4466 1608 4535 Iacob,
1661 4470 1708 4527 si
1764 4471 1909 4527 obli-

321 4562 562 4619 viscetur
594 4562 647 4616 in
682 4561 969 4618 victoriam
1013 4562 1201 4615 omnia
1231 4577 1397 4633 opera
1423 4570 1626 4626 vestra,
1656 4569 1712 4617 et
1739 4578 1906 4634 super

321 4657 411 4713 his
437 4671 553 4711 non
576 4655 889 4711 turbabitnr
915 4660 1096 4720 terra,
1133 4662 1187 4710 et
1224 4655 1432 4726 lugebit
1468 4656 1649 4711 omnis
1679 4656 1773 4726 qui
1806 4656 1904 4711 ha-

322 4748 461 4803 bitat
484 4747 539 4801 in
568 4762 654 4815 ea,
682 4755 738 4803 et
770 4745 1030 4803 ascendet
1057 4747 1215 4818 quasi
1242 4746 1441 4803 ﬂuvius
1471 4746 1900 4811 consummatio,

320 4846 378 4895 et
405 4838 701 4894 descendet
746 4838 906 4909 quasi
964 4836 1165 4893 ﬁuvius
1197 4836 1444 4908 JEgypti,
1488 4845 1544 4893 et
1593 4837 1697 4892 erit
1726 4837 1783 4892 in
1814 4837 1904 4894 die

322 4929 439 4995 illa,
469 4928 607 4985 dicit
632 4928 921 4995 Dominus,
956 4929 1169 4985 occidet
1199 4930 1281 4985 sol
1314 4930 1373 4983 in
1398 4930 1644 4994 meridie,
1664 4936 1718 4985 et
1749 4929 1904 4985 obte-

319 5023 645 5081 nebrabitur
672 5038 840 5094 super
869 5026 1073 5078 terram
1103 5022 1158 5077 in
1188 5023 1276 5079 die
1304 5024 1396 5077 lux
1421 5062 1436 5087 ,
1495 5029 1551 5079 et
1587 5029 1902 5078 convertam

321 5113 590 5172 solemnia
621 5121 805 5170 vestra
839 5114 896 5168 in
926 5112 1153 5180 luctum,
1186 5120 1241 5168 et
1262 5112 1447 5168 omnia
1474 5113 1687 5167 cantica
1720 5118 1903 5167 vestra

318 5207 378 5265 in
409 5207 741 5271 lamentum,
776 5216 831 5263 et
877 5206 1133 5262 inducam
1180 5220 1347 5276 super
1391 5219 1609 5260 omnem
1656 5203 1901 5259 lumbum

317 5306 568 5365 saccum,
606 5308 661 5356 et
699 5315 864 5370 super
892 5315 1056 5356 omne
1090 5306 1254 5370 caput
1283 5298 1577 5363 calvitiem,
1611 5305 1667 5352 et
1701 5311 1901 5367 ponam

318 5408 446 5451 eum
477 5399 740 5463 tanquam
762 5393 976 5447 luctum
1005 5391 1216 5457 dilecti,
1253 5398 1310 5447 et
1336 5391 1430 5462 qui
1457 5404 1583 5445 cum
1612 5403 1681 5445 eo
1701 5389 1905 5445 fuerint

321 5492 583 5556 tanquam
617 5485 759 5540 diem
792 5484 998 5540 doloris
1022 5502 1036 5540 :
1059 5497 1188 5540 ecce
1210 5483 1329 5539 dies
1364 5483 1612 5548 veniunt,
1641 5480 1774 5536 dicit
1797 5478 1906 5537 Do-

320 5577 527 5642 minus,
580 5586 636 5632 et
672 5574 883 5631 mittam
938 5574 1136 5633 famem
1175 5580 1234 5631 in
1284 5583 1525 5641 terram,
1556 5588 1668 5630 non
1703 5571 1902 5629 famem

318 5670 501 5743 panis,
530 5682 706 5739 neque
743 5669 892 5724 sitim
924 5682 1097 5740 aquae,
1126 5666 1224 5725 sed
1254 5666 1452 5727 famem
1488 5665 1747 5723 audiendi
1780 5679 1907 5723 ver-

388 5849 434 5881 ⁸⁸
472 5846 583 5903 Jer.
616 5848 729 5901 xvn’
752 5885 767 5913 ,
801 5844 910 5900 l4.

1912 973 1924 985 '
1940 986 1986 1040 Α
2025 977 2163 1032 Ἀπὸ
2179 977 2286 1031 τοῦ
2301 976 2799 1046 ’1ερεμίου.-Ἐτι
2812 975 3068 1044 περὶτοῦ
3083 974 3271 1030 Ἰούδα
3287 954 3606 1047 ὀνομαστί.

2100 1108 2120 1141 ι
2157 1090 2427 1162 Ἀμαρτία
2467 1090 2639 1144 Ἰούδα
2660 1089 3063 1162 γέγραπταιιὲν
3086 1091 3334 1162 γραφείῳ
3375 1091 3606 1163 σιδηρῷ,

2013 1184 2071 1236 ὲν
2090 1183 2244 1254 ὄνυχι
2266 1172 2633 1254 ἀδαμαντίνῳ,
2661 1181 3116 1255 ὲγκεκολαμμὲνη
3135 1183 3228 1236 ἐπὶ
3250 1181 3347 1236 τοῦ
3375 1185 3609 1256 στήθους

2009 1274 2112 1344 τῆς
2144 1273 2370 1345 καρδίας
2404 1273 2591 1337 αὑτοῦ,
2622 1274 2717 1327 καὶ
2762 1277 2876 1338 τοῖς
2923 1274 3119 1348 κέρασι
3163 1274 3274 1327 τῶν
3311 1275 3608 1349 θυσιαστη-

2014 1365 2146 1436 ρίων
2178 1365 2353 1436 ἡμῶν.
2396 1366 2589 1419 Ἠνίκα
2634 1364 3057 1437 ἀναμνησθῶσιν
3095 1367 3147 1418 οἱ
3192 1366 3298 1420 υἱοὶ
3330 1368 3513 1421 αὐτῶν
3538 1368 3607 1423 τὰ

2013 1458 2375 1532 θυσιαστήρια
2423 1458 2625 1525 αὐτῶν,
2655 1459 2750 1512 καὶ
2790 1457 2862 1512 τά
2899 1458 3036 1530 ἄλση
3083 1459 3263 1513 αὐτῶν
3301 1462 3396 1513 ἐπὶ
3445 1460 3607 1526 ξύλου

2010 1552 2199 1616 δασέος
2222 1593 2237 1617 ,
2286 1553 2379 1606 καὶ
2419 1552 2513 1606 ἐπὶ
2561 1550 2766 1623 βουνῶν
2814 1550 3125 1623 μετεώρων,
3159 1551 3313 1623 ἰσχύν
3363 1570 3459 1607 σου
3511 1553 3609 1608 καὶ

2012 1646 2221 1709 πάντας
2246 1650 2374 1709 τοὺς
2417 1645 2726 1717 θησαυρούς
2749 1661 2843 1698 σου
2877 1646 2958 1707 εἰς
2992 1645 3271 1715 προνομὴν
3298 1644 3481 1710 δώσω,
3511 1649 3610 1700 καὶ

2010 1739 2079 1793 τά
2100 1738 2283 1811 ὑψηλά
2305 1756 2398 1791 σου
2427 1740 2485 1792 ὲν
2509 1738 2756 1810 ἁμαρτίᾳ
2780 1740 2837 1790 ὲν
2866 1738 3001 1790 πᾶσι
3024 1740 3135 1801 τοῖς
3155 1737 3325 1809 ὁρίοις
3350 1754 3470 1791 σου.
3498 1739 3612 1792 Καὶ

2011 1833 2382 1906 ἀφαιρεθήσῃ,
2409 1833 2505 1885 καὶ
2536 1831 2920 1903 ταπεινωθήσῃ
2947 1830 3055 1884 ἀπὺ
3085 1829 3189 1900 τῆς
3212 1830 3609 1900 κληρονομίας,

2009 1922 2078 2000 ἧς
2109 1927 2288 1981 ἔδωκά
2317 1943 2421 1992 σοι,
2459 1926 2554 1978 καί
2581 1923 2827 1978 ἀναϐιϐῶ
2853 1941 2913 1976 σε
2944 1925 3003 1976 ὲν
3026 1926 3140 1987 τοῖς
3175 1922 3392 1994 ἐχθροῖς
3421 1940 3519 1976 σου
3549 1925 3612 1978 ὲν

2009 2025 2078 2094 τῇ
2126 2024 2220 2093 γῆν
2255 2022 2322 2094 ἢν
2365 2020 2466 2074 οὐκ
2506 2018 2711 2089 ἔγνως·
2754 2018 2838 2071 ὅτι
2881 2016 2993 2086 πῦρ
3037 2016 3371 2071 ἐκκέκαυται
3424 2019 3484 2070 ὲν
3530 2016 3615 2089 τῷ

2011 2117 2170 2189 θυμῷ
2200 2133 2324 2188 μου,
2348 2114 2455 2176 ἕως
2476 2113 2672 2177 αἰῶνος
2698 2110 3053 2183 καυθήσεται.
3090 2131 3109 2163 ι
3143 2111 3207 2164 Ei
3232 2112 3327 2165 καὶ
3354 2112 3431 2184 μὴ
3457 2112 3614 2184 παρά

2009 2214 2123 2275 τοῖς
2151 2210 2571 2280 Ἐϐδομήκοντα,
2601 2206 2715 2260 ἁλλ’
2731 2200 2825 2259 οὖν
2850 2207 2907 2259 ὲν
2930 2204 3009 2277 τῷ
3031 2204 3305 2275 Ἑϐραῖκῷ
3320 2203 3500 2257 ταῦτα
3514 2206 3581 2256 εὑ
3604 2239 3616 2246 -

2012 2304 2216 2376 ρόντες,
2235 2300 2331 2357 καὶ
2351 2304 2411 2355 ὲν
2429 2302 2551 2365 ταῖς
2565 2300 2674 2353 τῶν
2689 2298 2894 2353 λοιπῶν
2925 2296 3277 2369 ἑρμηνευτῶν
3302 2296 3614 2360 ὲκδόσεσιν,

2016 2397 2097 2451 ἔτι
2140 2397 2247 2470 μὴν
2284 2395 2425 2468 μετὰ
2468 2392 2825 2467 παραθέσεως
2870 2390 3211 2462 ἀστερίσκων
3249 2391 3347 2443 καὶ
3391 2391 3453 2443 ὲν
3495 2393 3614 2453 τοῖς

2015 2489 2269 2563 ἀκριϐέσι
2302 2488 2412 2543 τῶν
2453 2485 2607 2559 παρά
2641 2488 2755 2549 τοῖς
2798 2484 3203 2554 Ἑϐδομήκοντα
3227 2481 3612 2554 ἀντιγράφοις,

2015 2584 2329 2654 ἀναγκαίως
2367 2581 2506 2635 αὑτά
2552 2576 2925 2652 παρεθέμεθα,
2955 2578 3051 2632 ἀτε
3088 2577 3182 2629 καὶ
3209 2574 3475 2646 ὀνομαστὶ
3520 2575 3614 2629 τὸν

2017 2678 2283 2750 προδότην
2353 2674 2522 2729 Ἰούδα
2573 2672 2857 2745 δηλοῦντα,
2911 2670 3023 2750 καὶ⁴
3056 2668 3156 2740 τὴν
3205 2667 3615 2739 πεπραγμένην

2014 2772 2161 2844 αύτῷ
2186 2770 2463 2842 ἁμαρτίαν
2489 2766 2875 2831 ἀνεξάλειπτον
2898 2759 3038 2817 εἶναι
3063 2762 3408 2816 διδάσκοντα.
3436 2760 3617 2813 Τοῦτο

2013 2866 2123 2939 γὰρ
2166 2861 2500 2919 αἰνίττεσθαί
2550 2876 2639 2931 μοι
2678 2858 2829 2912 δοκεῖ
2875 2856 2957 2920 τὸ,
3014 2874 3034 2908 ι
3105 2853 3376 2925 Ἀμαρτία
3436 2852 3613 2907 Ἰούδα

2014 2959 2389 3029 ἐγγέγραπται
2438 2956 2495 3009 ὲν
2541 2952 2792 3025 γραφείῳ
2836 2948 3060 3022 σιδηρῷ,
3096 2951 3153 3001 ὲν
3180 2947 3334 3018 ὖνυχι
3364 2947 3611 3019 ἀδαμαν-

2012 3058 2164 3123 τίνῳ.
2206 3070 2227 3104 ι
2263 3048 2364 3122 Εἴη
2396 3047 2440 3102 δ’
2475 3047 2542 3101 ἂν
2586 3046 2680 3100 καὶ
2727 3043 2821 3098 ἐπὶ
2868 3045 2978 3097 πᾶν
3012 3042 3075 3095 τὸ
3133 3040 3411 3095 Ἰουδαίων
3455 3040 3613 3104 ἔθνος

2013 3142 2418 3216 ἀναφερόμενα,
2445 3133 2527 3204 οἷς
2558 3137 2686 3209 ἑξῆς
2725 3137 2821 3191 καὶ
2848 3133 3157 3198 ἀκολούθως
3185 3133 3324 3205 μετά
3350 3132 3457 3204 τὴν
3482 3133 3611 3186 ἀνεο

2015 3236 2299 3302 ξόιλειπτον
2348 3233 2527 3288 αὐτῶν
2574 3229 2829 3285 ἀσέϐειαν
2877 3228 2969 3283 τὸν
3023 3226 3356 3299 μετελθόντα
3405 3226 3610 3289 αὐτοὺς

2012 3329 2240 3401 ἔσχατον
2288 3326 2511 3398 ὄλεθρον
2560 3325 2810 3381 ἀπειλεῖο
2865 3322 3009 3393 ᾇπερ
3059 3321 3203 3375 κατά
3245 3320 3394 3385 λέξιν
3427 3323 3609 3393 ἑρμη-

2013 3422 2188 3479 νεύειν
2220 3422 2283 3475 οὐ
2312 3420 2407 3475 τοῦ
2451 3418 2722 3492 παρόντος
2744 3416 3006 3487 τυγχάνει
3039 3412 3256 3486 καιροῦ.
3306 3413 3470 3467 Ἀλλά
3496 3414 3609 3485 γὰρ

2010 3514 2281 3570 τοσούτων
2307 3512 2435 3585 περὶ¹
2465 3510 2561 3565 τοῦ
2589 3508 2887 3582 προδώσειν
2919 3506 3203 3579 μέλλοντος
3242 3504 3336 3560 τὸν
3369 3504 3610 3578 Σωτῆρα

2012 3607 2110 3663 καὶ
2139 3605 2344 3678 Κύριον
2372 3603 2549 3675 ἡμῶν,
2597 3602 2707 3655 τῶν
2755 3618 2815 3654 τε
2850 3600 3025 3663 ἄλλως
3067 3597 3608 3653 ἐπιϐεϐουλευκότων

1929 3713 1972 3772 c
2008 3700 2158 3772 αὑτῷ
2186 3694 2785 3771 προαναφωνηθέντων,
2824 3692 3017 3765 καιρὸς
3062 3693 3190 3746 ἰδεῖν
3224 3693 3321 3746 καὶ
3349 3691 3421 3745 τά
3459 3693 3609 3763 ἀμφὶ

2006 3793 2070 3848 τὸ
2126 3792 2299 3856 πάθος
2357 3788 2527 3843 αὑτοῦ
2591 3787 2854 3860 μέλλοντα
2912 3783 3289 3856 συμϐήσεσθαι
3342 3783 3607 3849 θεσπιζόε

2011 3901 2166 3957 μενα.

2020 4154 2165 4211 Ἀπὸ
2181 4154 2287 4210 τοῦ
2312 4152 2597 4223 Ἀμώς.--
2608 4152 2749 4222 Περὶ
2765 4151 2878 4221 τῆς
2897 4152 3228 4223 ἐκλείψεως
3252 4151 3366 4223 τοῦ
3394 4154 3604 4222 ἡλίου.

2078 4225 2192 4293 τῆς
2221 4225 2320 4279 ἐπὶ
2472 4223 2647 4279 πάθει
2688 4220 2807 4278 γτοῦ
2832 4220 3116 4293 Σωτῆρος
3151 4220 3322 4293 ἡμῶν

2073 4292 2288 4367 μένης,
2331 4295 2433 4350 καὶ
2469 4295 2606 4363 περὶ
2649 4295 2757 4349 τοῦ
2798 4292 3139 4359 παντελοῦς
3180 4292 3440 4361 ὀλέθρου
3488 4292 3609 4351 τοῦ

2090 4368 2388 4423 Ἰουδαίων
2412 4367 2649 4433 ἔθνους.

2083 4478 2104 4512 ι
2149 4458 2371 4531 Ὀμνύει
2413 4458 2622 4531 Κύριος
2663 4455 2808 4511 κατὰ
2851 4455 3233 4529 ὑπερηφανίας
3279 4454 3507 4524 Ἰακὼϐ,
3553 4458 3609 4511 εί

2002 4550 2429 4625 ἒπιλησθήσεται
2472 4554 2554 4615 είς
2596 4554 2746 4614 νῖκος
2774 4550 2952 4604 πάντα
2983 4548 3052 4603 τὰ
3092 4548 3228 4621 ἔργα
3270 4549 3459 4620 ὑμῶν,
3502 4553 3609 4605 καὶ

2005 4643 2099 4697 ἐπὶ
2128 4642 2338 4707 τούτοις
2372 4643 2433 4696 οὐ
2456 4641 2865 4713 ταραχθήσεται
2892 4643 2925 4711 ἡ
2957 4640 3053 4712 γῆ,
3079 4640 3173 4694 καὶ¹
3198 4639 3460 4712 πενθήσει
3486 4644 3607 4705 πᾶς

2004 4739 2034 4791 ὁ
2062 4737 2333 4791 κατοικῶν
2367 4740 2426 4790 ὲν
2471 4737 2632 4807 αὐτῇ,
2665 4737 2758 4789 καὶ
2796 4734 3130 4807 ἀναϐήσεται
3160 4732 3238 4797 ὡς
3276 4734 3528 4805 ποταμὸς
3570 4737 3606 4807 ἡ

2006 4828 2306 4895 συντέλεια,
2349 4828 2443 4883 καὶ
2483 4828 2855 4900 καταϐήσεται
2884 4826 2961 4891 ὡς
3002 4826 3248 4898 ποταμὸς
3286 4827 3603 4895 Αἰγύπτου.

2004 4922 2117 4977 Καὶ
2150 4921 2303 4975 ἔσται
2342 4924 2401 4976 ὲν
2432 4919 2625 4994 ἐκείνῃ
2641 4924 2709 4992 τῇ
2739 4922 2956 4992 ἡμέρᾳ,
2986 4921 3134 4990 λέγει
3180 4919 3404 4992 Κύριος,
3435 4921 3604 4976 δύσε-

2003 5030 2096 5069 ται
2125 5015 2155 5067 ὁ
2179 5014 2329 5085 ἥλιος
2364 5013 2735 5086 μεσημϐρίας,
2767 5013 2862 5067 καὶ
2890 5011 3223 5066 συσκοτάσει⁴
3244 5013 3340 5066 ἐπὶ
3366 5012 3472 5084 τῆς
3493 5014 3602 5084 γῆς

1933 5078 1979 5136 Β
2007 5108 2066 5161 ὲν
2092 5078 2275 5180 ἡμέρᾳ
2301 5078 2379 5160 τὸ⁷
2397 5078 2531 5176 φῶςῖ
2560 5078 2672 5160 Καὶ
2697 5104 3058 5177 μεταστρέψω
3090 5103 3192 5169 τὰς
3211 5104 3407 5175 ἑορτὰς

2007 5202 2089 5263 είς
2118 5197 2334 5266 πένθος,
2375 5198 2472 5252 καὶ
2504 5198 2686 5262 πάσας
2725 5197 2828 5262 τὰς
2861 5198 3006 5269 ᾠδὰς
3048 5196 3205 5269 ὑμῶν
3249 5200 3331 5261 εἰς
3359 5196 3564 5270 θρῆνον
3579 5212 3605 5228 ’⁷

2010 5291 2102 5347 καὶ
2123 5290 2366 5348 ἀναϐιϐῶ
2398 5290 2493 5344 ὲπὶ
2521 5291 2701 5345 πᾶσαν
2729 5291 2900 5360 ὀσφὺν
2927 5290 3151 5356 σάκκον,
3175 5289 3270 5343 καὶ
3296 5290 3391 5344 ἐπὶ
3414 5291 3599 5344 πᾶσαν

2003 5381 2249 5453 κεφαλὴν
2309 5379 2689 5452 φαλάκρωμα⁸
2747 5382 2843 5433 καὶ
2887 5380 3125 5453 θήσομαι
3178 5379 3343 5434 αὑτὸν
3404 5380 3601 5456 ὥσπερ

2004 5476 2202 5540 πένθος
2237 5472 2561 5545 ἀγαπητοῦ,
2594 5473 2845 5538 καὶτοὺς
2892 5475 3011 5545 μετ’
3039 5471 3208 5528 αὐτοῦ
3252 5473 3330 5538 ώς
3382 5475 3598 5548 ἡμέραν

2002 5568 2217 5640 ὀδύνης.
2277 5566 2408 5620 Ἰδοὺ
2447 5564 2651 5637 ἡμέραι
2695 5564 2981 5638 ἔρχονται,
3016 5566 3164 5636 λέγει
3206 5564 3455 5639 Κύριος,
3501 5566 3596 5624 καὶ

2005 5657 2348 5728 ἐξαποστελῶ
2372 5659 2534 5733 λιμὸν
2558 5660 2653 5714 ἐπὶ
2678 5657 2779 5732 τὴν
2815 5659 2940 5731 γῆν,
2978 5658 3040 5712 ού
3069 5656 3226 5729 λιμὸν
3257 5658 3453 5731 ἄρτου,
3476 5657 3594 5716 οὺὲἐ
