3836 6220
243 273 354 330 753

1133 284 1793 344 DEMONSTRATIONI‘S
1842 288 2304 345 EVANGELICE
2346 287 2476 345 LIB.
2521 288 2590 345 Χ.

3411 295 3517 352 754

241 389 407 460 δίψαν
442 388 653 457 ὕδατος,
687 393 820 449 ἀλλὰ
851 395 1006 469 λιμὸν
1032 399 1127 452 τοῦ
1152 400 1384 456 ἀκοῦσαι
1416 402 1574 472 λόγον
1605 404 1831 478 Κυρίου.
1864 411 1885 468 Α

1939 409 2068 461 bum
2097 404 2334 471 Domini,
2351 414 2405 460 et
2431 405 2920 461 commovebuntur
2946 421 3099 478 aqua:
3130 422 3160 462 a
3183 408 3320 462 mari
3343 425 3518 479 usque

242 479 356 532 Καὶ
387 481 808 554 σαλευθήσονται
851 487 1018 543 ὕδατα
1051 491 1158 544 ἀπὸ
1193 491 1469 566 θαλάσσης
1501 494 1604 559 ἕως
1636 494 1835 550 θαλάσ-

246 589 368 642 σης,
403 572 497 626 καὶ
537 574 646 628 ἀπὸ
695 576 867 649 βορρᾶ
912 580 1017 645 ἕως
1062 583 1337 638 ἀνατολῶν
1371 585 1834 658 περιδραμοῦνται

243 663 535 734 ζητοῦντες
559 667 650 722 τὸν
673 669 830 740 λόγον
849 673 1072 745 Κυρίου,
1102 677 1194 730 καὶ
1223 679 1286 731 ού
1315 679 1389 750 μὴ
1421 679 1640 752 εὕρωσι.
1674 701 1692 732 ι
1725 681 1834 753 Τὴν

244 758 392 810 κατὰ
421 757 516 811 τοῦ
551 761 806 833 Σωτῆρος
835 764 990 835 ἡμῶν
1019 767 1177 840 ὓϐριν
1204 770 1297 824 καὶ
1334 773 1709 844 ὑπερηφανίαν
1740 774 1835 827 καὶ

242 850 640 918 ἐπανάστασιν,
689 855 755 927 ἡν
781 859 1159 932 ἐπανέστησαν
1180 863 1330 936 αὐτῷ
1349 866 1397 917 οἱ
1419 867 1484 919 ἐκ
1509 866 1832 937 περιτομῆς,

243 941 579 1008 θεσπίζουσα
608 949 641 1018 ἡ
673 949 924 1019 παροῦσα
957 954 1263 1024 προφητεία
1285 998 1298 1021 ,
1330 957 1559 1026 ὀμνύναι
1603 959 1694 1012 τὸν
1725 960 1836 1013 Κύ-

246 1037 363 1106 ριόν
389 1055 521 1108 φησι
550 1040 670 1094 καθ’
694 1041 1072 1116 ὑπερηφανίας
1096 1048 1308 1113 Ἰακὼϐ,
1339 1050 1416 1114 ὡς
1444 1051 1504 1104 οὐ
1526 1051 1599 1124 μὴ
1627 1052 1836 1122 γένοιτο

239 1126 385 1199 λήθη
416 1130 526 1183 τῶν
559 1132 680 1185 κατ’
711 1134 877 1188 αὑτοῦ
918 1137 1341 1210 τετολμημένων
1378 1142 1593 1208 αὐτοῖς,
1629 1144 1722 1197 καὶ
1753 1145 1833 1198 ὅτι

240 1221 478 1286 πένθους
527 1223 651 1289 ἄξια
691 1227 935 1280 πείσεται
977 1232 1009 1301 ἡ
1071 1232 1141 1302 γῆ
1178 1231 1358 1286 αὐτῶν
1405 1233 1544 1304 μετὰ
1588 1235 1680 1288 καὶ
1725 1236 1834 1290 τῶν

238 1316 568 1387 οἰκητόρων,
601 1321 695 1372 καὶ
724 1320 806 1372 ὅτι
835 1321 1013 1376 οὐκέθ’
1042 1323 1118 1388 ᾡς
1149 1326 1210 1378 τὸ
1241 1327 1368 1396 πρὶν
1395 1329 1472 1392 εἰς
1503 1327 1676 1400 βραχὺ
1709 1347 1836 1383 παι-

237 1407 524 1474 δευθέντες
557 1407 712 1476 αὖθις
738 1413 1371 1488 ἀποκατασταθήσονται,
1403 1419 1517 1472 ἀλλ’
1550 1423 1630 1484 είς
1648 1423 1835 1474 συντέ-

237 1500 393 1556 λειαν
437 1504 506 1558 τὰ
555 1506 674 1560 κατ’
720 1508 918 1571 αὐτοὺς
955 1509 1095 1579 ἥξει.
1145 1530 1164 1562 ι
1205 1511 1558 1583 Ἀναϐήσεται
1614 1514 1778 1582 γοῦν,
1809 1533 1828 1566 ι

236 1599 430 1667 φησὶν,
462 1615 482 1649 ι
504 1599 580 1662 ὡς
609 1600 853 1670 ποταμὸς
880 1604 912 1672 ἡ
945 1602 1224 1656 συντέλεια
1259 1604 1495 1668 αὐτῶνθ
1529 1606 1630 1678 τὴν
1676 1606 1836 1659 ἐπελ-

237 1687 444 1743 θοῦσαν
475 1691 659 1755 αὐτοῖς
689 1692 794 1744 οὐδ’
828 1692 1015 1747 ἄλλοτε
1042 1694 1074 1766 ἢ
1109 1694 1249 1748 κατὰ
1277 1696 1379 1768 τὴν
1419 1697 1706 1767 Ῥωμαίων
1739 1697 1834 1766 βα-

238 1781 452 1835 σιλείαν
475 1783 665 1855 ὀργὴν,
699 1785 940 1856 ποταμὸν
966 1786 1372 1859 ἀναϐησόμενον
1397 1791 1483 1842 ἐπ’
1513 1790 1731 1854 αὐτοὺς,
1757 1791 1832 1854 ὡς

237 1875 300 1925 ἐν
334 1873 458 1944 ὕψει
490 1876 551 1928 τὸ
592 1877 720 1948 πρὶν
767 1877 960 1942 ὄντας,
1007 1881 1394 1952 αἰνιττόμενος.
1429 1881 1537 1936 Καὶ
1577 1882 1642 1954 δὴ
1692 1883 1833 1954 μετὰ

235 1966 342 2037 τὴν
371 1967 703 2038 δηλωθεῖσαν
733 1973 852 2024 κατ’
879 1971 1060 2025 αὐτῶν
1091 1975 1155 2027 ἐκ
1177 1973 1270 2026 τοῦ
1288 1973 1425 2027 Θεοῦ
1457 1975 1645 2046 ὀργὴν,
1674 1974 1834 2040 αὖθις

235 2058 310 2112 τὰ
361 2061 482 2112 κατ’
510 2060 710 2124 αὐτοὺς
750 2062 1073 2134 πράγματα,
1108 2083 1126 2115 ι
1164 2064 1240 2128 ὡς
1279 2065 1544 2136 ποταμὸς,
1585 2086 1604 2117 ι
1645 2068 1829 2136 φησὶν,

241 2169 265 2201 ι
300 2149 583 2218 Αἰγύπτου
614 2153 1012 2224 καταϐήσεται·
1041 2174 1060 2206 ι
1089 2155 1154 2208 δι’
1199 2149 1275 2210 ὧν
1318 2153 1470 2227 οἶμαι
1519 2157 1830 2228 δηλοῦσθαι,

236 2242 325 2294 ὅτι
366 2242 437 2295 τὰ
474 2243 642 2297 πάλαι
689 2246 942 2316 μετέωρα
979 2247 1072 2300 καὶ
1111 2248 1260 2320 παρὰ
1302 2248 1420 2320 Θεῷ
1468 2250 1829 2322 τετιμημένα,

239 2336 339 2390 καὶ
368 2335 558 2409 ὥσπερ
586 2340 643 2391 ἐν
675 2337 799 2409 ὕψει
831 2341 1062 2411 κείμενα
1093 2342 1541 2415 πλεονεκτήματα
1567 2346 1663 2400 τοῦ
1700 2347 1831 2399 Ἰου-

238 2429 408 2482 δαίων
437 2430 641 2494 ἔθνους,
673 2431 832 2502 ὃμοια
859 2435 972 2496 τοῖς
996 2437 1240 2505 ῥευστοῖς
1269 2437 1362 2489 καὶ
1395 2437 1553 2508 δίκην
1583 2437 1832 2509 ποταμοῦ

239 2522 652 2593 παρατρέχουσι
679 2523 786 2575 τῶν
831 2524 1076 2578 ἀπίστων
1108 2525 1276 2580 ἐθνῶν
1322 2529 1612 2600 πράγμασι
1663 2547 1833 2583 κατα-

242 2614 528 2684 στήσεται,
552 2615 645 2684 ἀφ’
667 2614 834 2685 ὕψους
857 2633 918 2669 τε
945 2619 1025 2680 εἰς
1048 2618 1304 2672 ταπεινὸν
1336 2623 1830 2694 περιτραπήσεται.

238 2699 360 2756 Εἶθ’
397 2705 524 2776 ἑξῆς
555 2706 765 2770 τούτοις
803 2708 942 2761 αὐτὰ
973 2708 1036 2780 δὴ
1069 2709 1138 2762 τὰ
1174 2711 1319 2781 ἀμφὶ
1365 2712 1455 2766 τὸν
1499 2715 1688 2785 καιρὸν
1740 2716 1833 2770 τοῦ

240 2800 517 2870 σωτηρίου
551 2800 756 2865 πάθους
790 2801 1172 2873 συμϐεϐηκότα
1199 2803 1394 2874 δηλῶν·
1425 2822 1444 2855 ι
1477 2805 1562 2858 Ἐν
1591 2807 1828 2878 ἐκείνῃ,›

238 2891 402 2960 φησι,
433 2909 450 2942 ι
474 2894 539 2962 τῇ
570 2893 777 2964 ἡμέρᾳ,
811 2893 962 2963 λέγει
985 2894 1210 2967 Κύριος,
1229 2895 1449 2950 δύσεται
1485 2900 1514 2951 6
1544 2898 1693 2968 ἥλιος
1734 2916 1833 2969 με-

240 2980 544 3052 σημϐρίας,
575 2985 667 3038 καὶ
701 2987 1026 3041 συσκοτάσει
1059 2987 1152 3039 ἐπὶ
1181 2989 1281 3060 τῆς
1312 2990 1415 3061 γῆς
1451 2992 1510 3044 ἐν
1547 2992 1733 3064 ἡμέρᾳ
1773 2993 1834 3045 τὸ

1937 497 2004 553 ad
2035 513 2204 560 mare,
2236 507 2290 554 et
2321 499 2391 554 ab
2419 497 2675 569 aquilone
2701 514 2876 568 usque
2913 499 2980 553 ad
3011 501 3278 556 orientem
3317 501 3518 556 circui-

1936 591 2072 646 bunt
2121 599 2428 661 quaerentes
2489 592 2713 646 verbum
2766 591 3018 658 Domini,
3071 603 3125 648 et
3191 586 3301 647 ndn
3361 590 3520 650 Inve-

1937 682 2089 735 nient
2122 682 2190 736 “.
2235 701 2252 734 ›
2287 681 2686 736 Contumeliam
2729 693 2784 736 et
2828 684 3139 754 superbiam
3181 691 3238 739 et
3277 684 3521 738 insolen-

1937 774 2069 829 tiam
2103 773 2367 829 adversus
2401 773 2737 828 Salvatorem
2772 783 3048 839 nostrum,
3083 790 3246 845 quam
3278 778 3334 829 in
3365 775 3520 830 illum

1935 866 2246 920 excitarunt
2284 865 2477 931 JUdiPi,
2506 867 2620 922 hac
2663 867 2947 937 prophetia
2980 867 3306 938 pradicens,
3331 867 3522 937 jurare

1937 957 2226 1012 Dominum
2257 958 2335 1012 ait
2387 969 2578 1014 contra
2627 960 2940 1030 superbiam
2993 958 3180 1026 Iacob,
3215 960 3382 1032 486
3409 976 3521 1016 non

1936 1046 2174 1102 futuram
2197 1063 2319 1102 esse
2347 1047 2674 1104 oblivionem
2700 1065 2889 1104 eorum
2913 1091 2928 1115 ,
2964 1065 3085 1120 qum
3113 1057 3304 1105 contra
3339 1052 3520 1120 ipsum

1935 1141 2054 1194 ausi
2079 1140 2209 1204 sint,
2243 1139 2516 1211 dignaque
2549 1142 2700 1196 luctu
2733 1143 2875 1197 mala
2906 1159 3192 1214 passuram
3225 1160 3346 1201 esse
3371 1145 3521 1215 ipso-

1935 1245 2058 1284 rum
2110 1237 2332 1295 terram,
2382 1246 2490 1284 una
2520 1246 2646 1286 cum
2677 1231 3077 1292 habitatoribus
3097 1275 3110 1299 ,
3167 1250 3343 1304 neque
3376 1236 3521 1290 ultra

1936 1322 2078 1378 sicut
2131 1323 2306 1392 prius,
2346 1323 2439 1377 ubi
2499 1324 2738 1379 breviter
2767 1325 3043 1380 emendati
3107 1325 3334 1389 fuerint,
3396 1343 3522 1384 esse

1936 1415 2132 1470 iterum
2168 1415 2559 1480 restituendos,
2592 1415 2686 1472 sed
2715 1417 2770 1470 in
2807 1417 3360 1482 consummationem,
3399 1435 3522 1488 quae

1935 1506 2002 1560 ad
2036 1506 2186 1576 ipsos
2217 1513 2487 1576 spectant,
2519 1523 2643 1563 esse
2674 1516 2924 1563 ventura.
2951 1527 2970 1560 ‹
3009 1506 3291 1579 Siquidem
3328 1525 3523 1566 ascen-

1934 1594 2045 1661 del,
2079 1596 2277 1667 inquit,
2313 1605 2374 1653 ut
2400 1598 2598 1654 ﬂuvius
2630 1601 3035 1656 consummatio
3063 1602 3306 1672 ipsorum
3341 1621 3352 1655 :
3391 1622 3410 1654 ι
3438 1603 3522 1658 sic

1937 1689 2126 1760 utique
2168 1690 2305 1746 iram
2356 1708 2477 1763 quae
2535 1693 2659 1750 illos
2711 1710 2822 1749 non
2872 1694 3008 1748 alias
3051 1709 3215 1764 quam
3257 1693 3520 1751 Romanis

1934 1783 2294 1853 regnantibus
2363 1785 2672 1851 invaserit,
2728 1801 2826 1856 per
2884 1786 3108 1840 ﬂuvium
3159 1801 3518 1842 ascensurum

1936 1890 2102 1945 super
2134 1891 2252 1941 eos,
2286 1877 2455 1932 veluti
2486 1877 2581 1948 qui
2612 1877 2768 1947 prius
2802 1877 2860 1932 in
2893 1879 3115 1935 sublimi
3145 1889 3516 1944 versarentur,

1936 1968 2275 2039 signiﬁcans.
2307 1967 2574 2040 Deinceps
2632 1977 2756 2040 post
2806 1969 2971 2035 hanc,
3025 1971 3094 2026 de
3146 1987 3253 2040 qua
3309 1970 3520 2026 dictum

1935 2071 2040 2127 est,
2071 2070 2264 2117 contra
2300 2062 2425 2118 illos
2469 2063 2773 2118 immissam
2817 2078 2848 2116 a
2878 2062 2988 2118 Deo
3027 2065 3190 2130 iram,
3221 2079 3416 2120 rursus
3449 2063 3519 2119 ad

1939 2154 2060 2210 illos
2090 2155 2397 2226 spectantia
2441 2156 2677 2224 negotia,
2711 2157 3064 2226 persequitur
3092 2175 3104 2210 :
3137 2173 3164 2207 «ν
3198 2155 3269 2211 Ut
3298 2155 3516 2222 ﬂuvius,

1937 2245 2138 2314 inquit,
2177 2245 2403 2317 Egypti
2462 2246 2776 2301 descendet.
2820 2265 2838 2298 ι
2877 2246 3090 2311 Quibus
3117 2246 3299 2301 verbis
3352 2247 3522 2316 signi-

1935 2337 2086 2391 ﬁcari
2125 2339 2382 2403 arbitror,
2431 2354 2552 2409 quae
2608 2339 2739 2392 olim
2789 2338 3044 2393 sublimia
3079 2347 3132 2393 et
3159 2338 3302 2409 apud
3352 2337 3519 2393 Deum

1933 2432 2269 2487 venerabilia
2303 2430 2526 2498 fuerint,
2551 2440 2605 2486 et
2637 2447 2759 2502 qua:
2801 2433 2959 2501 quasi
2987 2432 3041 2486 in
3073 2431 3293 2486 sublimi
3329 2431 3522 2500 posita:

1935 2522 2176 2578 Judaicae
2213 2524 2394 2594 gentis
2451 2524 2818 2593 praalationes,
2851 2539 2915 2578 ea
2950 2523 3149 2577 similia
3182 2530 3236 2577 et
3277 2521 3518 2585 ﬂuentis,

1935 2627 1991 2670 et
2045 2615 2214 2670 rebus
2263 2616 2546 2670 nationum
2602 2616 2708 2671 ﬁde
2765 2617 3107 2680 carentium,
3160 2616 3308 2670 ﬂuvii
3347 2616 3522 2670 instar

1937 2707 2269 2772 labentibus,
2303 2723 2425 2763 esse
2473 2708 2878 2773 constituenda,
2913 2723 2977 2763 ac
3020 2708 3087 2763 de
3131 2709 3437 2763 sublimiori
3465 2710 3518 2762 in

1938 2800 2171 2855 inferius
2219 2816 2342 2856 esse
2373 2801 2785 2872 praecipitanda.
2813 2799 3019 2856 Deinde
3072 2810 3194 2871 post
3249 2800 3362 2854 haec
3401 2801 3525 2870 ipsa

1937 2909 2059 2963 quae
2107 2894 2257 2946 dicta
2288 2902 2451 2957 sunt,
2507 2894 2626 2962 ipso
2681 2894 2873 2949 ordine
2905 2908 2970 2948 ea
3023 2909 3144 2962 quae
3187 2893 3289 2947 sub
3341 2893 3521 2962 ipsum

1940 2987 2200 3042 salutaris
2263 2987 2537 3058 passionis
2573 2995 2788 3056 tempus
2840 2988 3154 3050 evenerint,
3217 2989 3518 3056 aperiens:

241 3075 391 3142 φῶςο
427 3096 444 3127 ι
479 3076 514 3131 ἃ
547 3078 641 3131 καὶ
680 3079 883 3149 ἐναργῆ
914 3081 1013 3150 τὴν
1049 3080 1274 3135 ἔκϐασιν
1319 3081 1562 3153 εἴληφεν,
1608 3085 1698 3137 ὅτε
1740 3086 1832 3139 τοῦ
1863 3105 1885 3163 (

1944 3095 1962 3126 ι
2003 3075 2061 3130 In
2096 3077 2209 3143 illo,
2245 3077 2442 3147 inquit.
2474 3078 2586 3145 die,
2615 3077 2750 3132 dicit
2787 3076 3076 3143 Dominus,
3096 3077 3312 3133 occidet
3351 3081 3434 3134 sol
3464 3078 3520 3133 in

241 3167 498 3240 Σωτῆρος
533 3171 690 3241 ἡμῶν
725 3171 1068 3241 ύψωθέντος,
1114 3173 1256 3227 κατὰ
1289 3173 1380 3227 τὸν
1418 3175 1830 3248 εὐαγγελιστὴν,

248 3278 268 3311 ι
293 3260 406 3312 ἀπὸ
436 3259 600 3331 ἕκτης
624 3260 774 3332 ὧρας
804 3262 995 3327 σκότος
1017 3264 1232 3332 ἐγένετο
1265 3265 1355 3317 ἐπὶ
1382 3266 1562 3321 πᾶσαν
1591 3266 1692 3339 τὴν
1731 3268 1835 3338 γῆν

239 3353 352 3416 ἓως
377 3353 526 3424 ὧρας
555 3355 816 3425 ἐννάτης·
868 3356 995 3427 περ).
1021 3355 1078 3416 δὲ
1117 3357 1215 3427 τὴν
1256 3357 1484 3428 ἐννάτην
1545 3357 1693 3429 ὥραν
1742 3359 1834 3411 ἀνα

240 3445 478 3516 εϐόησεν
527 3448 556 3498 6
627 3446 836 3514 Ἰησοῦς
883 3450 1033 3518 φωνῇ
1089 3449 1337 3521 μεγάλῃ,
1402 3449 1608 3519 λέγων’
1651 3449 1831 3513 Ἠλεὶ,

256 3539 428 3602 Ἠλεὶ,
449 3539 643 3610 λαμμᾶ
659 3539 1009 3610 σαϐαχθανί.»
1037 3541 1254 3594 Τούτων
1282 3543 1340 3596 δὲ
1377 3543 1567 3598 τοῦτον
1581 3545 1824 3598 ἐπιτελε-

243 3631 490 3685 σθέντων
509 3631 601 3684 τὸν
619 3632 840 3703 τρόπον,
866 3630 994 3702 ἑξῆς
1025 3633 1282 3703 ἐπιλέγει·
1314 3631 1452 3689 (Καὶ
1476 3638 1836 3708 μεταστρέψω

240 3719 346 3782 τὰς
375 3720 570 3790 ἑορτὰς
609 3721 765 3792 ὑμῶν
813 3724 892 3786 είς
927 3723 1149 3788 πένθος,
1188 3725 1281 3778 κα)⁴
1326 3725 1505 3790 πάσας
1546 3727 1646 3792 τὰς
1693 3727 1838 3798 ᾠδὰς

241 3811 402 3882 ὑμῶν
454 3813 534 3876 είς
589 3811 824 3884 θρῆνον·
872 3815 967 3867 καὶ
1016 3814 1260 3868 ἀναϐιϐῶ
1289 3817 1383 3869 ἐπὶ
1435 3819 1617 3872 πᾶσαν
1661 3820 1836 3890 ὀσφὺν

243 3903 475 3967 σάκκον,
513 3905 606 3958 καὶ
639 3905 732 3958 ἐπὶ
785 3907 964 3960 πᾶσαν
1016 3907 1257 3979 κεφαλὴν
1309 3908 1687 3982 φαλάκρωμαο
1744 3903 1838 3967 καὶ

244 3993 486 4064 θήσομαι
517 3994 680 4047 αὐτὸν
700 4035 715 4056 ,
760 3994 949 4066 ὥσπερ
997 3996 1194 4060 πένθος
1222 3998 1508 4070 ἀγαπητοῦ
1533 4039 1547 4061 ,
1581 4003 1676 4055 καὶ
1713 4004 1839 4066 τοὺς

248 4088 370 4155 μετ’
403 4085 592 4146 αὐτοῦ,
625 4087 702 4150 ὼς
732 4088 948 4158 ἡμέραν
989 4088 1199 4160 ὀδύνης.
1238 4090 1369 4146 Ἰδοὺ
1412 4093 1616 4165 ἡμέραι
1652 4092 1840 4164 ἔρχον-

240 4195 360 4241 ται,
380 4179 524 4246 λέγει
546 4179 771 4251 Κύριος,
804 4183 898 4233 καὶ⁵
919 4180 1267 4245 ἐξαποστελῶ
1287 4182 1443 4253 λιμὸν
1478 4183 1570 4237 ἐπὶ
1598 4185 1698 4256 τὴν
1713 4185 1836 4257 γῆν,

241 4272 307 4323 οὐ
351 4271 508 4342 λιμὸν
546 4271 734 4342 ἄρτου,
782 4271 903 4326 οὐδὲ
937 4271 1094 4340 δίψαν
1131 4271 1338 4338 ὓδατος,
1374 4273 1508 4328 ἀλλὰ
1542 4273 1697 4345 λιμὸν
1745 4273 1838 4328 τοῦ

240 4359 480 4414 ἀκοῦσαι
501 4360 658 4430 λόγον
686 4362 912 4433 Κυρίου,
939 4381 956 4412 ι
981 4362 1074 4416 καὶ
1093 4362 1160 4416 τὰ
1176 4362 1328 4434 ἐξῆςε
1345 4364 1488 4436 ἆπερ
1503 4365 1738 4427 ἅπαντα,
1756 4365 1842 4418 διὰ

1939 3168 2189 3231 meridie,
2243 3176 2298 3223 et
2357 3167 2808 3222 obtenehrabitur
2847 3185 3014 3239 super
3057 3177 3259 3224 terram
3319 3169 3376 3223 in
3433 3167 3524 3225 die

1938 3262 2052 3322 lux.
2090 3281 2110 3314 ›
2141 3277 2263 3331 qua:
2318 3276 2452 3316 sane
2498 3262 2800 3318 evidentem
2853 3263 3058 3319 exitum
3119 3263 3312 3319 sortita
3371 3271 3521 3330 sunt,

1941 3362 2072 3408 tunc
2097 3369 2221 3409 cum
2259 3351 2545 3409 Salvatore
2579 3355 2634 3410 in
2667 3355 2836 3409 altum
2867 3357 3106 3421 sublato,
3138 3365 3199 3410 ut
3248 3364 3333 3411 est
3379 3355 3523 3424 apud

1937 3448 2366 3518 evangelistam,
2397 3466 2416 3499 ι
2456 3449 2501 3502 Α
2531 3457 2685 3504 sexta
2739 3449 2873 3504 hora
2906 3450 3144 3508 tenebrae
3197 3449 3354 3504 factae
3393 3457 3524 3504 sunt

1940 3555 2104 3610 super
2138 3541 2449 3598 universam
2503 3549 2704 3596 terram
2743 3558 2917 3612 usque
2949 3542 3017 3597 ad
3052 3543 3242 3597 horam
3297 3557 3526 3607 nonam;

1938 3642 1992 3688 et
2012 3635 2158 3687 circa
2190 3634 2380 3688 horam
2416 3650 2617 3690 nonam
2637 3636 2964 3690 exclamavit
2981 3633 3143 3691 Jesus
3175 3650 3306 3690 voce
3327 3649 3525 3704 magna

1939 3726 2128 3781 dicens
2157 3745 2169 3780 :
2203 3725 2308 3790 Eli,
2340 3725 2443 3790 Eli,
2476 3727 2676 3780 lamma
2705 3727 3067 3782 sabachthani
3090 3727 3156 3780 δ’.
3179 3746 3199 3778 ›
3237 3725 3369 3792 Quae
3398 3742 3524 3781 cum

1940 3820 1996 3873 in
2040 3819 2186 3873 hunc
2220 3817 2443 3872 modum
2479 3835 2639 3874 suum
2683 3819 2842 3875 ﬁnem
2880 3819 3230 3890 contigerint,
3265 3819 3526 3889 deinceps

1941 3909 2192 3980 adiungit
2249 3927 2264 3964 :
2321 3927 2344 3960 ι
2411 3909 2478 3963 Et
2533 3920 2845 3966 convertam
2909 3909 3174 3965 solemnia
3229 3917 3413 3964 vestra
3467 3912 3524 3964 in

1942 4002 2174 4062 luctum,
2219 4012 2274 4057 et
2325 4003 2510 4056 omnia
2559 4003 2772 4057 cantica
2803 4011 2983 4058 vestra
3017 4002 3074 4057 in
3113 4003 3434 4065 lamentum,
3469 4011 3526 4056 et

1943 4092 2203 4148 inducam
2256 4107 2422 4162 super
2459 4107 2674 4148 omnem
2712 4094 2955 4148 lumbum
2993 4109 3238 4157 saccum,
3274 4100 3328 4148 et
3362 4108 3527 4163 super

1945 4197 2107 4238 omne
2141 4191 2307 4254 caput
2336 4183 2631 4248 calvitiem,
2668 4191 2722 4240 et
2753 4200 2948 4254 ponam
2980 4201 3104 4240 eum
3133 4185 3280 4240 sicut
3317 4185 3525 4240 luctum

1945 4275 2150 4338 dilecti,
2187 4282 2242 4330 et
2273 4290 2368 4331 eos
2396 4274 2489 4346 qui
2523 4291 2650 4330 eum
2683 4275 2802 4346 ipso
2836 4275 3076 4341 fuerint,
3108 4282 3169 4330 ut
3198 4275 3339 4330 diem
3371 4275 3530 4331 dolo-

1947 4367 2044 4422 ris.
2099 4365 2238 4422 Ecce
2269 4366 2387 4423 dies
2426 4367 2686 4433 veniunt,
2729 4367 2864 4423 dicit
2893 4366 3178 4430 Dominus,
3212 4376 3268 4422 et
3312 4367 3527 4420 mittam

241 4456 347 4524 τὴν
364 4453 742 4526 ὑπερηφανίαν
769 4454 950 4514 αὐτῶν
974 4455 1072 4526 τὴν
1087 4455 1226 4509 κατὰ
1247 4455 1342 4508 τοῦ
1363 4456 1598 4528 Χριστοῦ
1621 4474 1842 4529 γεγενη-
1871 4451 1885 4510 Ι

1943 4457 2141 4513 famem
2173 4473 2339 4528 super
2367 4466 2592 4524 terram,
2611 4475 2721 4515 non
2751 4459 2950 4514 famem
2977 4461 3154 4528 panis,
3176 4473 3353 4526 neque
3381 4457 3528 4512 sitim

243 4548 422 4619 μένην
443 4546 661 4600 ἔσεσθαι
685 4547 1150 4618 προφητευθέντα,
1163 4549 1368 4619 ἐναργῆ
1385 4549 1480 4620 τὴν
1494 4548 1717 4604 ἔκϐασιν
1740 4549 1840 4621 τῆς

241 4640 611 4711 προρρήσεως
661 4639 983 4706 ἀπεδείξατο
1017 4640 1157 4710 μετὰ
1185 4641 1284 4713 τὴν
1311 4642 1452 4695 κατὰ
1507 4643 1601 4696 τοῦ
1653 4643 1838 4715 Σωτῆ-

141 4731 148 4736 ’
247 4749 345 4801 ρος
383 4730 540 4802 ἡμῶν
569 4730 861 4802 ἐπιϐουλὴν
891 4730 1182 4784 αὐτῶν.οὐ
1207 4732 1475 4804 πρότερον
1527 4733 1678 4802 γοῦν,
1725 4733 1838 4786 ἀλλ’

244 4824 308 4889 ἐξ
344 4823 555 4876 ἐκείνου
595 4822 687 4876 καὶ
713 4823 792 4886 εἰς
835 4821 996 4894 δεῦρο
1027 4822 1389 4895 μετέστρεψεν
1423 4824 1603 4879 αὐτῶν
1647 4828 1675 4878 ὁ
1707 4825 1838 4888 Θεὸς

243 4919 350 4979 τὰς
379 4917 572 4989 ἑορτὰς
593 4919 672 4981 εἰς
703 4916 918 4981 πένθος,
951 4917 1045 4971 καὶ
1075 4916 1176 4980 τὰς
1204 4917 1348 4988 ᾠδὰς
1381 4920 1460 4983 εἰς
1492 4918 1708 4990 θρῆνον,
1739 4920 1838 4989 τῆς

245 5009 583 5082 περιϐοήτου
626 5009 1010 5082 μητροπόλεως
1056 5010 1438 5081 ἀποστερήσας
1492 5011 1710 5074 αὐτοὺς,
1746 5011 1840 5064 καὶ

245 5104 312 5156 τὸ
337 5104 396 5154 ἐν
423 5102 560 5172 αὐτῇ
597 5103 791 5172 σεμνὸν
817 5103 1086 5173 ἁγίασμα,
1123 5102 1264 5156 κατὰ
1291 5102 1390 5171 τὴν
1432 5102 1524 5154 ἐπὶ
1554 5102 1712 5154 Τίτου
1748 5102 1840 5154 καὶ

247 5193 669 5248 Οὐεσπασιανοῦ
725 5194 1009 5265 Ῥωμαίων
1079 5195 1494 5265 αὐτοκρατόρων
1545 5195 1842 5264 ἡγεμονίαν

248 5285 522 5348 καθελὼν,
549 5286 625 5348 ὡς
657 5287 794 5358 μηδὲ
830 5286 1085 5350 ἐλθόντας
1125 5286 1385 5340 δύνασθαι
1416 5285 1502 5338 ἐπ’
1535 5285 1704 5357 αὐτῆς
1744 5285 1844 5349 τὰς

250 5380 516 5449 ἐννόμους
557 5377 752 5450 ἑορτὰς
798 5380 892 5432 καὶ
951 5377 1290 5449 πανηγύρεις
1339 5377 1625 5430 ἐπιτελεῖν.
1658 5377 1722 5430 Τί
1765 5377 1847 5430 δεῖ

250 5471 456 5534 λέγειν,
482 5473 556 5533 ὡς
585 5472 614 5523 ὁ
644 5471 801 5541 λιμὸς
829 5469 922 5523 τοῦ
949 5471 1179 5525 ἀκοῦσαι
1207 5469 1364 5538 λόγον
1398 5470 1604 5542 Κυρίου
1637 5469 1844 5532 πάντας

250 5565 456 5627 αὐτοὺς
492 5564 772 5634 μετῆλθεν,
810 5565 924 5617 ἀνθ’
958 5556 1033 5618 ὧν
1071 5562 1338 5634 ἐξήλασαν
1373 5560 1581 5614 ἐαυτῶν
1609 5561 1700 5614 τὸν
1751 5563 1842 5616 τοῦ

327 5747 367 5777 ’⁸
411 5746 577 5800 Amos
611 5761 744 5807 vui,
785 5743 932 5796 7-12.
1018 5745 1059 5775 "
1101 5741 1286 5797 “atth.
1335 5757 1518 5809 xxvii,
1557 5741 1745 5808 45,66.

1948 4565 2122 4619 aquae,
2157 4551 2253 4607 sed
2287 4549 2480 4606 famem
2517 4551 2772 4606 audiendi
2827 4551 3057 4606 verbum
3115 4549 3367 4614 Domini,
3423 4571 3440 4601 ι
3473 4557 3529 4604 et

1947 4657 2070 4712 quae
2091 4649 2399 4712 sequuntur
2429 4661 2441 4697 :
2480 4658 2600 4712 qum
2628 4643 2846 4713 quidem
2877 4642 3062 4697 omnia
3090 4651 3313 4714 propter
3337 4658 3528 4712 super-

1946 4735 2096 4790 biam
2147 4736 2414 4806 ipsorum,
2463 4752 2570 4806 qua
2612 4737 2878 4792 adversus
2913 4735 3190 4792 Christum
3245 4736 3331 4790 usi
3376 4743 3538 4801 sunt,

1946 4828 2211 4883 divinitus
2239 4827 2519 4898 prazdicta,
2551 4827 2855 4884 evidentem
2877 4827 3083 4882 oraculi
3110 4827 3318 4882 exitum
3343 4834 3529 4882 osten-

1947 4919 2166 4983 derunt,
2186 4928 2308 4989 post
2342 4919 2585 4990 ipsorum
2614 4920 2878 4975 adversus
2911 4917 3248 4974 Salvatorem
3278 4925 3529 4975 nostrum

1949 5012 2199 5066 insidias.
2238 5010 2354 5065 Non
2403 5027 2534 5083 ergo
2579 5021 2707 5068 ante
2745 5012 2879 5069 illud
2932 5019 3176 5082 tempus,
3210 5011 3306 5067 sed
3337 5027 3404 5066 ex
3437 5012 3530 5065 illo

1950 5111 2197 5172 tempore
2227 5103 2284 5156 in
2343 5103 2488 5156 hunc
2521 5118 2698 5172 usque
2729 5101 2874 5157 diem
2919 5103 3184 5159 mlemnia
3220 5101 3436 5156 illorum
3473 5101 3530 5154 in

1947 5195 2155 5248 luctum
2186 5195 2457 5249 convertit
2507 5193 2670 5256 Deus,
2701 5202 2757 5250 et
2805 5195 3018 5251 cantica
3060 5194 3116 5248 in
3172 5195 3469 5249 lamentum
3511 5213 3524 5245 :

1949 5285 2152 5355 quippe
2181 5287 2275 5355 qui
2331 5286 2454 5341 illos
2483 5285 2840 5343 celeberrima
2883 5285 3105 5340 civitate
3132 5285 3446 5355 privaverit,
3477 5291 3531 5338 et

1950 5377 2261 5432 venerabile
2313 5378 2444 5433 illud
2494 5378 2868 5433 sanctuarium
2929 5376 3073 5446 quod
3128 5377 3182 5431 in
3236 5376 3328 5430 illa
3388 5383 3527 5441 erat,

1947 5469 2112 5541 487
2139 5469 2264 5525 Tito
2295 5487 2359 5526 ac
2385 5469 2729 5542 Vespasiano
2758 5470 2901 5540 apud
2933 5469 3215 5525 Romanos
3255 5473 3530 5540 imperan-

1951 5563 2123 5630 tibus,
2155 5565 2436 5633 everterit,
2470 5581 2645 5637 usque
2676 5564 2810 5620 adeo
2843 5574 2902 5620 ut
2928 5581 3037 5620 non
3079 5562 3316 5633 amplius
3345 5561 3530 5619 venire
