3836 6220
331 319 438 376 755
1011 314 1284 373 EUSEBII
1323 311 1806 371 CAESARIENSIS
1847 310 1904 366 Ol

2044 308 2229 365 PARS
2268 307 2331 364 Ii.
2371 340 2442 350 --
2479 304 2980 364 APOLOGETECA.
3502 301 3607 357 ’156

327 448 384 497 et
423 438 703 495 celebrare
747 437 804 492 in
846 451 911 503 ea
938 436 1176 508 legitima
1224 435 1514 499 solemnia,
1548 440 1599 487 et
1644 431 1904 496 legitimos

2025 427 2154 482 Θεοῦ
2203 428 2396 497 Λόγον,
2430 427 2774 499 ὁμοθυμαδὸν
2832 426 2995 479 αὐτὸν
3056 425 3459 495 ἀρνησάμενοι,
3514 422 3608 477 καὶ

327 539 634 591 conventus
666 529 902 601 possint.
933 528 1223 591 Caeterum,
1257 526 1388 599 quid
1422 542 1561 596 Opus
1592 533 1677 580 est
1707 524 1913 589 dicere,

2022 519 2431 591 άπαρνηθέντες
2464 519 2555 572 ὑπ’
2584 517 2749 572 αὑτοῦ
2769 536 2783 585 ;

327 623 792 693 quemadmodum
849 620 1023 676 fames
1066 619 1323 674 audiendi
1364 618 1589 674 verbum
1622 614 1860 678 Domini,
1900 626 2095 666 omnes
2127 611 2253 667 illos
2289 613 2592 668 invaserit?
2618 625 2907 684 propterea
2939 612 3086 683 quod
3120 612 3310 683 procul
3340 627 3372 665 a
3408 612 3612 682 seipsis

328 713 425 771 Dei
458 712 698 769 Verbum
740 713 1041 782 exegerint,
1074 728 1197 767 cum
1248 712 1381 767 illud
1417 727 1526 766 uno
1561 711 1747 765 animo
1787 712 2142 776 negaverunt,
2173 715 2225 761 et
2257 706 2328 761 ab
2354 708 2546 762 eodem
2569 708 2753 778 negati
2784 714 2931 763 sunt.

328 852 371 907 Α
408 850 700 910 Zacharia.
733 881 804 894 -—
834 850 971 905 Item
992 850 1056 904 de
1085 852 1215 905 solis
1237 850 1469 918 defectu,
1502 860 1552 906 et
1582 849 1647 904 de
1683 857 1913 919 tempore

817 922 1078 978 salutaris
1119 922 1423 977 Passionis.

402 1147 422 1180 ι
460 1124 530 1181 Ει
577 1125 834 1181 adveniet
890 1124 1157 1180 Dominus
1207 1123 1354 1179 Deus
1403 1138 1582 1189 meus,
1628 1130 1684 1178 et
1720 1136 1912 1178 omnes

325 1221 503 1278 sancti
531 1235 659 1276 cum
689 1234 793 1286 eo;
830 1218 888 1274 in
917 1218 1005 1275 die
1051 1220 1145 1275 illa
1168 1234 1281 1274 non
1327 1217 1433 1273 erit
1456 1217 1573 1281 lux,
1611 1223 1667 1272 et
1708 1214 1907 1287 frigus,

321 1320 380 1370 et
409 1312 533 1384 gelu
581 1312 688 1367 erit
712 1312 768 1366 in
808 1326 919 1365 uno
947 1311 1057 1375 die,
1092 1320 1148 1366 et
1171 1311 1291 1366 dies
1321 1310 1414 1365 ille
1442 1316 1611 1365 notus
1652 1307 1909 1375 Domino,

319 1411 381 1461 et
407 1417 587 1473 neque
613 1402 752 1466 dies,
790 1417 971 1471 neque
1000 1417 1132 1467 nox,
1164 1402 1235 1457 ad
1258 1416 1544 1472 vesperam
1576 1401 1681 1456 erit
1711 1401 1825 1467 lux,
1855 1407 1911 1454 et

321 1496 383 1552 in
406 1495 496 1552 die
522 1494 614 1549 illa
644 1495 961 1565 egredietur
997 1509 1139 1566 aqua
1199 1495 1324 1551 viva
1345 1494 1415 1550 de
1442 1492 1776 1558 Jerusalem,
1819 1490 1909 1546 di-

286 1591 291 1596 “
321 1587 554 1643 midium
582 1587 705 1657 ejus
734 1585 793 1640 in
825 1602 978 1642 mare
1005 1587 1268 1657 primum,
1293 1595 1347 1643 et
1383 1586 1672 1641 dimidium
1702 1585 1824 1655 ejus
1853 1585 1912 1640 in

321 1693 477 1733 mare
522 1687 854 1743 extremum,
891 1679 948 1732 in
986 1686 1179 1733 aestate
1202 1686 1256 1734 et
1300 1680 1357 1733 in
1401 1693 1531 1733 vere
1569 1678 1675 1733 erit
1722 1678 1820 1742 sic,
1856 1684 1912 1732 et

319 1771 427 1827 erit
458 1769 724 1824 Dominus
754 1769 810 1823 in
840 1785 1022 1839 regem
1052 1786 1215 1840 super
1247 1774 1558 1826 universam
1581 1764 1819 1836 terram;
1854 1771 1910 1824 in

320 1865 414 1920 die
445 1864 539 1919 illa
570 1865 677 1920 erit
729 1862 1001 1919 Dominus
1033 1880 1197 1925 unus.
1229 1872 1285 1919 et
1326 1880 1524 1919 nomen
1565 1864 1687 1933 ejus
1716 1880 1911 1930 unum,

321 1956 574 2012 ambiens
624 1971 843 2011 omnem
889 1965 1095 2011 terram
1140 1965 1196 2011 et
1242 1957 1678 2013 solitudinem”.
1734 1978 1752 2011 ι
1786 1958 1914 2015 Haec

319 2063 545 2118 quoque
566 2047 623 2102 in
655 2046 890 2103 adventu
917 2046 1221 2102 Salvatoris
1249 2049 1427 2102 nostri
1443 2050 1715 2119 completa
1739 2060 1869 2105 sunt
1894 2071 1907 2106 :

319 2156 448 2197 cum
482 2140 725 2205 advenit,
757 2142 875 2196 sive
917 2157 1042 2196 cum
1090 2141 1209 2197 suis
1258 2144 1434 2198 sacris
1474 2145 1762 2213 apostolis,
1796 2145 1914 2201 sive

319 2248 447 2289 cum
490 2233 611 2290 suis
653 2234 884 2299 sanctis,
911 2235 1113 2290 divinis
1144 2234 1399 2290 videlicet
1445 2236 1773 2307 quibusdam
1808 2254 1911 2308 po-

317 2325 616 2379 testatibus
645 2333 700 2380 et
732 2324 1076 2396 incorporeis
1104 2326 1412 2397 Spiritibus,
1456 2342 1671 2384 necnon
1702 2330 1911 2400 angelis

316 2423 376 2471 et
407 2416 682 2473 ministris
730 2417 869 2486 suis,
902 2418 970 2474 de
1000 2419 1204 2489 quibus
1257 2420 1464 2475 dictum
1509 2430 1595 2477 est
1628 2422 1684 2476 in
1734 2423 1910 2478 sacris

317 2507 657 2581 Evangeliis,
678 2512 825 2583 quod
849 2511 1036 2582 utique
1061 2511 1129 2565 ad
1154 2513 1308 2567 illum
1336 2514 1674 2571 accesserint
1707 2515 1908 2586 angeli,

318 2613 375 2660 et
411 2605 490 2659 illi
521 2605 979 2662 ministraverint.
1011 2604 1185 2661 Porro
1219 2617 1400 2661 autem
1436 2607 1525 2663 die
1557 2601 1651 2662 illo
1686 2608 1790 2680 (sic
1811 2624 1911 2663 au-

319 2705 433 2753 tem
457 2713 628 2754 sacra:
657 2700 854 2755 litterae
907 2708 1315 2755 consueverunt
1364 2716 1529 2755 omne
1570 2709 1785 2772 tempus
1811 2716 1909 2756 vo-

316 2803 469 2853 care,
502 2805 614 2857 quo
639 2790 732 2845 ille
766 2791 911 2845 inter
935 2790 1185 2845 homines
1217 2799 1469 2845 versatus
1501 2792 1609 2862 est)
1644 2807 1751 2846 una
1783 2808 1908 2847 cum

318 2880 444 2936 aliis
487 2882 937 2951 praedictionibus
991 2882 1157 2938 etiam
1214 2884 1360 2953 quod
1415 2899 1563 2939 nunc
1618 2892 1905 2949 tractatur,

316 2975 603 3030 oraculum
624 2977 956 3047 completum
987 2986 1095 3043 est,
1121 2993 1247 3033 cum
1274 2979 1463 3049 utique
1488 2980 1593 3034 sub
1616 2979 1764 3035 illius
1783 2996 1911 3050 pas-

317 3068 492 3124 sionis
532 3076 747 3140 tempus
779 3070 849 3126 ab
898 3071 1035 3126 hara
1082 3078 1237 3127 sexta
1288 3071 1530 3127 tenebra:
1573 3070 1730 3126 facta:
1780 3082 1909 3129 sunt

2036 846 2192 926 Ἀπτὸή
2222 846 2686 926 τοῦ-Ζαχαρίου.
2711 877 2783 926 -_--
2814 850 2942 926 'El’_l
2984 850 3115 926 πβρι
3140 848 3249 926 τῆς

2089 919 2200 969 τοῦ
2247 919 2450 998 ήζλίου,
2499 921 2598 974 καὶ
2650 919 2759 973 τοῦ
2789 920 2940 975 κατὰ
2975 919 3043 973 τὸ
3080 920 3379 991 σωτήριον
3417 921 3613 986 πάθος

2094 1004 2328 1057 καιρου.

2099 1123 2118 1156 ι
2147 1104 2259 1158 Καὶ
2307 1106 2579 1178 παρέσται
2617 1107 2821 1179 Κύριος
2853 1110 2881 1162 ὀ
2930 1107 3065 1172 Θεός
3099 1127 3224 1181 μου,
3265 1111 3361 1163 καὶ
3406 1111 3611 1175 πάντες

2018 1197 2068 1251 οί
2104 1197 2249 1266 ἆγιοι
2284 1198 2403 1269 μετ’
2442 1198 2626 1253 αὐτοῦ.
2666 1198 2754 1252 Ἐν
2784 1200 2970 1274 ἐκείνῃ
3000 1204 3067 1272 τῇ
3098 1201 3282 1274 ἡμέρᾳ
3307 1201 3410 1255 οὐκ
3455 1202 3611 1255 ἔσται

2018 1290 2155 1359 φῶς,
2183 1291 2276 1344 καὶ
2302 1290 2473 1361 ψῦχος
2499 1294 2591 1346 καὶ
2631 1293 2805 1361 πάγος
2838 1293 2987 1347 ἔσται
3022 1294 3148 1365 μίαν
3185 1295 3417 1365 ἡμέραν.
3438 1296 3551 1348 Καὶ
3575 1297 3611 1365 ἡ

2015 1385 2199 1457 ἡμέρα
2228 1385 2412 1457 ἐκείνη
2446 1387 2661 1457 γνωστὴ
2688 1386 2765 1457 τῷ
2789 1387 2998 1459 Κυρίῳ,
3035 1388 3128 1441 καὶ
3157 1388 3254 1458 οὐχ
3288 1386 3495 1459 ἡμέρα,
3518 1388 3613 1441 καὶ

2017 1480 2078 1533 οὐ
2105 1479 2220 1545 νὺξ,
2256 1481 2317 1534 τὸ
2338 1482 2474 1553 πρὸς
2502 1483 2743 1554 ἑσπέραν
2769 1482 2918 1535 ἕσται
2949 1481 3085 1552 φῶς.
3105 1482 3215 1535 Καὶ
3240 1483 3297 1534 ὲν
3324 1485 3394 1552 τῇ
3422 1483 3610 1552 ἡμέρᾳ

2020 1574 2204 1649 ἐκείνῃ
2223 1572 2565 1638 ἐξελεύσεται
2589 1577 2733 1649 ὕδωρ
2753 1576 2859 1641 ζῶν
2880 1575 2939 1641 ἐξ
2965 1577 3338 1648 Ἰερουσαλὴμ,
3354 1576 3415 1629 τὸ
3436 1577 3611 1647 ἥμισυ

2020 1673 2185 1726 αὐτοῦ
2219 1676 2302 1738 εἰς
2343 1674 2441 1746 τὴν
2476 1673 2750 1727 θάλασσαν
2780 1672 2880 1744 τὴν
2926 1670 3171 1743 πρώτην,
3207 1671 3300 1724 καὶ
3342 1671 3403 1722 τὸ
3434 1672 3611 1740 ἥμισυ

1942 1796 1987 1854 Β
2019 1767 2185 1821 αὐτοῦ
2218 1770 2300 1832 εἰς
2331 1769 2434 1840 τὴν
2466 1767 2744 1822 θάλασσαν
2787 1767 2885 1839 τὴν
2913 1765 3165 1836 ἐσχάτην.
3205 1766 3292 1817 Ἐν
3327 1763 3480 1835 θέρει
3515 1765 3611 1817 καὶ

2016 1862 2074 1914 ὲν
2101 1860 2223 1933 ἔαρι
2257 1861 2409 1915 ἔσται
2439 1859 2632 1924 οὕτως.
2668 1861 2778 1915 Καὶ
2810 1860 2962 1913 ἔσται
3017 1859 3221 1930 Κύριος
3262 1861 3342 1921 εἰς
3377 1856 3612 1927 βασιλέα

2014 1955 2107 2008 ἐπὶ
2138 1956 2319 2009 πᾶσαν
2356 1956 2457 2026 τὴν
2483 1955 2609 2026 γῆν.
2653 1956 2742 2009 Ἐν
2773 1957 2839 2025 τῇ
2879 1954 3064 2026 ἡμέρᾳ
3096 1952 3278 2025 ἐκείνῃ
3311 1952 3465 2005 ἔσται
3495 1952 3613 2004 K13-

2016 2066 2131 2120 ριος
2155 2042 2257 2113 εἷς,
2290 2050 2383 2103 καὶ
2409 2049 2471 2103 τὸ
2502 2048 2675 2120 ὄνομα
2703 2048 2866 2103 αὑτοῦ
2910 2047 2991 2111 ἓν,
3022 2046 3255 2101 κυκλοῦν
3293 2047 3475 2101 πᾶσαν
3507 2046 3611 2117 τὴν

2013 2144 2118 2214 γῆν
2151 2144 2246 2196 καὶ
2263 2143 2364 2214 τὴν
2391 2142 2489 2214 ἔρη
2500 2159 2621 2213 μον.
2649 2162 2668 2195 ι
2706 2144 2817 2196 Καὶ
2841 2140 3013 2195 ταῦτα
3041 2141 3135 2194 ἐπὶ
3160 2142 3259 2212 τῆς
3301 2140 3610 2211 παρουσίας

2012 2235 2107 2290 τοῦ
2161 2237 2414 2308 Σωτῆρος
2445 2236 2603 2308 ἡμῶν
2665 2236 2995 2311 ἐπληροῦτο,
3045 2237 3110 2307 ῆν
3160 2237 3454 2306 ἐποιήσατο
3486 2236 3611 2305 ἦτοι

2016 2329 2155 2401 μετά
2185 2329 2294 2382 τῶν
2348 2328 2508 2402 ἱερῶν
2542 2330 2855 2383 ἀποστόλων
2903 2329 3067 2383 αὐτοῦ
3102 2329 3195 2383 καὶ
3231 2328 3527 2400 μαθητῶν,
3568 2328 3607 2400 ἢ

2016 2422 2154 2494 μετὰ
2181 2422 2293 2477 τῶν
2325 2423 2495 2490 ἁγίων
2522 2422 2725 2488 αὐτοῦ,
2777 2422 2937 2476 θείων
2978 2424 3140 2477 τινῶν
3185 2424 3470 2494 δυνάμεων
3508 2424 3610 2477 καὶ

2011 2516 2318 2586 ἀσωμάτων
2349 2516 2676 2586 πνευμάτων
2699 2556 2714 2578 ,
2759 2516 3004 2584 ἀγγέλων
3029 2532 3089 2568 τε
3137 2515 3232 2568 καὶ
3270 2514 3609 2585 λειτουργῶν

2010 2608 2200 2672 αὑτοῦ,
2231 2608 2359 2681 περὶ
2402 2602 2478 2662 ὧν
2522 2608 2735 2679 εἴρηται
2771 2611 2828 2663 ὲν
2874 2611 2986 2672 τοῖς
3019 2609 3182 2679 ἱεροῖς
3225 2607 3605 2677 Εὐαγγελίοις,

2009 2702 2093 2755 ὅτι
2118 2721 2136 2753 ι
2165 2701 2471 2775 προσῆλθον
2494 2700 2643 2772 αὐτῷ
2671 2700 2915 2770 ἄγγελοι,
2956 2701 3052 2754 καὶ
3073 2700 3355 2771 διηκόνουν
3382 2699 3550 2769 αὐτῷ.
3579 2717 3601 2750 ι

2010 2792 2167 2846 Κατὰ
2193 2793 2250 2845 δὲ
2274 2794 2373 2864 τὴν
2402 2793 2617 2864 ἡμέραν
2649 2792 2864 2863 ἐκείνην
2894 2792 3073 2863 (οὕτω
3097 2791 3155 2845 δὲ
3202 2792 3356 2861 φίλον
3386 2793 3603 2845 ἀποκα-

2010 2885 2121 2939 λεῖν
2147 2888 2213 2957 τῇ
2241 2887 2361 2957 ἱερᾷ
2388 2887 2573 2957 Γραφῇ
2606 2884 2785 2938 ,πάντα
2820 2885 2911 2939 τὸν
2939 2886 3130 2957 χρόνον
3163 2886 3260 2956 τῆς
3296 2887 3354 2938 ὲν
3392 2883 3605 2954 ἀνθρὼ-

2010 2995 2132 3042 ποις
2164 2977 2327 3031 αὐτοῦ
2356 2978 2637 3050 διατριϐῆς
2667 2982 2684 3047 )
2735 2980 3040 3051 ἐπληροῦτο
3080 2982 3219 3050 μετά
3281 2978 3393 3031 τῶν
3426 2977 3604 3032 ἄλλων

2013 3071 2372 3143 προρρήσεων
2404 3072 2498 3125 καὶ
2526 3071 2596 3124 τὰ
2622 3074 2680 3125 ἐν
2712 3072 2869 3142 χερσὶ
2898 3070 3325 3140 τεθεσπισμένα,
3367 3068 3605 3138 ὁπηνίκα

315 3174 486 3229 super
513 3163 828 3218 universam
860 3171 1064 3219 terram
1112 3180 1289 3236 usque
1341 3165 1409 3220 ad
1444 3165 1635 3220 horam
1680 3180 1902 3220 nonam.

2025 3163 2165 3236 παρὰ
2187 3163 2277 3216 τὸν
2293 3163 2386 3217 τοῦ
2420 3165 2624 3230 πάθους
2656 3166 2821 3220 αὑτοῦ
2857 3166 3071 3237 καιρὸν,
3113 3164 3221 3217 ἀπὸ
3256 3164 3411 3235 ὥρας
3437 3165 3605 3232 ἕκτης

316 3250 398 3307 Ex
453 3269 565 3322 quo
616 3254 699 3308 sic
732 3255 810 3309 ait
868 3257 1157 3327 prophetia
1193 3278 1204 3313 :
1241 3277 1258 3309 ι
1295 3256 1354 3312 1η
1388 3257 1478 3313 die
1525 3258 1616 3312 illa
1647 3273 1755 3312 non
1800 3259 1906 3313 erit

315 3344 431 3398 lux.
471 3363 490 3396 ι
525 3344 590 3399 Ει
621 3360 855 3403 rursus:
890 3367 910 3399 ι
952 3347 1019 3402 Et
1063 3365 1241 3421 neque
1268 3351 1407 3414 dies,
1440 3367 1620 3421 neque
1671 3367 1804 3415 nox,
1837 3353 1906 3406 ad

313 3447 602 3501 vesperam
629 3435 737 3489 erit
768 3436 881 3503 lux,
920 3456 938 3488 ι
974 3438 1178 3508 quibus
1221 3442 1406 3496 verbis
1440 3442 1732 3512 perspicue
1764 3442 1906 3497 indi-

313 3527 429 3580 cari
457 3536 588 3597 puto
615 3527 762 3584 illius
793 3532 1057 3601 temporis
1107 3532 1502 3597 conditionem,
1544 3550 1671 3589 cum
1713 3533 1906 3589 Salva-

314 3628 434 3673 tore
479 3627 671 3673 nostro
711 3620 880 3676 altius
925 3622 1143 3677 sublato
1172 3624 1230 3677 in
1273 3624 1393 3694 ipsa
1419 3625 1530 3680 dici
1564 3626 1705 3692 luce,
1734 3626 1904 3699 488

312 3722 424 3763 nox
475 3710 547 3765 ab
593 3710 728 3766 hora
773 3721 926 3767 sexta
967 3714 1042 3779 id,
1077 3715 1223 3785 quod
1278 3718 1490 3771 circum
1548 3730 1751 3773 terram
1792 3727 1898 3783 est,

310 3801 550 3857 obtinuit
572 3820 747 3875 usque
775 3806 844 3859 ad
871 3807 1062 3862 horam
1093 3824 1318 3865 nonam.
1351 3808 1482 3865 Post
1510 3826 1674 3881 quam
1706 3826 1901 3867 rursus

309 3894 691 3954 desinentibus
726 3900 988 3965 tenebris,
1020 3902 1139 3958 dies
1166 3915 1219 3959 et
1251 3904 1341 3958 lux
1375 3919 1594 3960 reversa
1618 3913 1702 3959 est
1736 3923 1748 3960 :
1778 3916 1902 3975 post

2011 3258 2202 3322 σκότος
2224 3258 2443 3327 ἐγένετο
2467 3258 2561 3311 ἐπὶ
2584 3264 2764 3312 πᾶσαν
2784 3258 2884 3330 τὴν
2912 3260 3015 3329 γῆν
3041 3259 3146 3321 ἕως
3171 3257 3320 3328 ὥροις
3351 3258 3599 3328 ἐννάτης.

2009 3347 2100 3399 Διό
2135 3364 2299 3420 φησιν
2335 3350 2373 3419 ἡ
2404 3348 2743 3420 προφητεία·
2772 3368 2791 3401 ι
2825 3350 2913 3402 Ἐν
2945 3351 3009 3419 τῇ
3055 3347 3239 3418 ἡμέρᾳ
3273 3347 3462 3418 ἐκείνῃ
3504 3348 3606 3398 οὐκ

2009 3439 2161 3494 ἔσται
2199 3441 2345 3509 φῶς·
2372 3459 2391 3493 ι
2432 3442 2524 3494 καὶ
2567 3441 2728 3495 πάλιν
2753 3458 2766 3472 ·
2804 3460 2822 3493 ι
2864 3441 2976 3495 Καὶ
3010 3442 3107 3510 οὐχ
3152 3439 3358 3512 ἡμέρα,
3399 3440 3499 3493 καὶ
3542 3440 3601 3492 οὐ

2008 3532 2125 3598 νὺξ,
2150 3532 2211 3585 τὸ
2240 3533 2376 3605 πρὸς
2408 3533 2647 3607 ἑσπέραν
2679 3533 2831 3587 ἔσται
2866 3534 2983 3603 φῶς
3002 3550 3015 3563 °
3046 3553 3064 3584 ›
3097 3534 3164 3587 δι’
3197 3526 3276 3587 ὧν
3302 3531 3602 3586 λευκότατα
3674 3572 3679 3581 .

2008 3626 2247 3698 ἡγοῦμαι
2283 3630 2381 3698 τὴν
2413 3626 2509 3681 τοῦ
2542 3627 2736 3700 καιροῦ
2785 3627 3158 3691 κατάστασιν,
3189 3628 3247 3679 ὲν
3273 3619 3318 3695 ᾧ
3359 3626 3458 3680 τοῦ
3493 3628 3605 3679 Σω-

2006 3722 2170 3790 τῆρος
2193 3718 2591 3790 ἀνυψωθέντος,
2615 3720 2710 3774 καὶ
2732 3720 2943 3791 ἡμέρας
2973 3719 3159 3790 οὔσης,
3181 3718 3279 3785 νὺξ
3309 3719 3421 3772 ἀπὸ
3451 3718 3604 3789 ὥρας

2004 3814 2170 3884 ἕκτης
2194 3814 2259 3867 τὸ
2279 3814 2534 3887 περιέχον
2566 3814 2791 3884 συνέσχε
2815 3813 3091 3885 μέχριτῆς
3115 3813 3366 3882 ἐννάτης,
3394 3811 3520 3884 μεθ“
3536 3811 3602 3880 ἢν

2003 3903 2161 3970 αὖθις
2188 3905 2283 3960 τοῦ
2305 3907 2532 3970 σκότους
2561 3905 2949 3969 διαλείποντος,
2965 3906 3145 3976 ἡμέρα
3172 3904 3266 3958 καὶ⁸
3289 3902 3409 3973 φῶς
3428 3903 3603 3972 ἐγίνε‹

306 4003 434 4061 quae
465 4005 662 4047 rursus
699 4003 965 4048 consueta
1014 4011 1123 4050 nox
1172 4005 1360 4051 secuta
1411 4004 1515 4053 est.
1555 3996 1687 4063 Quae
1714 3999 1898 4052 omnia

2025 4017 2082 4064 :0,
2107 3999 2226 4071 μεθ’
2252 3998 2289 4054 ἃ
2315 4000 2477 4053 πάλιν
2509 3998 2759 4069 συνήθως
2786 4002 2819 4071 ἡ
2850 3999 2947 4063 νὺξ
2973 3997 3602 4069 κατελάμϐανεν.”Απερ

308 4095 494 4135 sermo
530 4082 886 4151 propheticus
930 4086 1132 4152 innuit,
1183 4089 1278 4142 ubi
1321 4088 1440 4143 ait:
1476 4108 1495 4140 ‹
1531 4088 1597 4143 Ει
1647 4090 1765 4146 dies
1808 4091 1899 4146 ille

2025 4093 2144 4164 ιτῆς
2171 4092 2508 4165 προφητείας
2528 4091 2685 4158 λόγος
2712 4092 2957 4162 ᾐνίττετο
2972 4092 3217 4160 φάσκων·
3239 4108 3259 4139 ι
3284 4088 3396 4141 Καὶ
3411 4087 3601 4158 ἡμέρα

306 4178 474 4227 notus
502 4171 756 4240 Domino,
786 4185 841 4232 et
866 4193 1046 4249 neque
1079 4180 1222 4245 dies,
1250 4196 1427 4250 neque
1458 4197 1587 4249 nox,
1620 4182 1689 4235 ad
1715 4198 1899 4253 vespe-

2030 4187 2183 4256 κείνη
2212 4184 2429 4256 γνωστὴ
2457 4184 2536 4256 τῷ
2557 4184 2766 4255 Κυρίῳ,
2792 4184 2885 4237 καὶ
2919 4183 3017 4253 οὐχ
3044 4181 3242 4253 ἡμέρα,
3269 4179 3365 4234 καὶ
3385 4181 3447 4233 οὐ
3479 4178 3596 4243 νὺξ,

305 4277 427 4317 ram
452 4267 559 4319 erit
600 4266 714 4330 lux,
747 4286 764 4319 ι
805 4268 924 4325 dies
957 4270 1180 4340 quidem
1230 4272 1324 4328 ille
1358 4288 1469 4327 non
1498 4280 1636 4339 erat,
1672 4282 1896 4345 propter

2025 4280 2060 4332 rh
2089 4279 2225 4350 πρὸς
2250 4278 2492 4349 ἑσπέραν
2523 4276 2678 4330 ἔσται
2713 4274 2881 4345 φῶς.»
2910 4276 3021 4345 Οὐχ
3048 4273 3230 4345 ἡμέρα
3259 4271 3360 4342 μὲν
3388 4270 3497 4343 γὰρ
3529 4265 3598 4341 ἦν

304 4354 643 4413 meridianas
694 4361 972 4429 tenebras,
1028 4364 1124 4418 sed
1178 4379 1283 4418 nec
1328 4364 1458 4419 item
1490 4381 1620 4430 nox,
1671 4376 1894 4438 propter

2025 4369 2092 4422 ῖιά
2127 4371 2188 4423 τὸ
2237 4369 2609 4441 μεσημϐρινὸν
2646 4367 2864 4431 σκότος·
2908 4367 3003 4420 καὶ
3057 4365 3217 4418 πάλιν
3246 4364 3309 4415 οὑ
3361 4362 3459 4428 νὺξ
3510 4360 3599 4414 διὰ

303 4446 482 4515 ipsius
499 4450 606 4504 diei
628 4466 939 4518 recursum,
965 4470 1128 4524 quem
1156 4455 1421 4511 indicavit
1446 4458 1763 4529 significans
1796 4477 1892 4531 per

2025 4464 2099 4536 γὴν
2127 4462 2635 4517 ὲπικαταλαὸοῦσαν
2659 4462 2893 4534 ἡμέραν,
2927 4461 2995 4533 ἢν
3027 4456 3368 4530 παρέστησεν
3400 4457 3595 4525 ἐπιση-

302 4537 399 4593 illa
433 4543 619 4607 verba,
654 4561 673 4594 ι
713 4544 782 4598 ad
827 4562 1113 4616 vesperam
1160 4549 1268 4603 erit
1307 4550 1421 4604 lux.
1467 4571 1486 4602 ο
1536 4551 1672 4617 Quis
1710 4563 1893 4609 autem

2025 4558 2313 4628 ιηνάμενος
2355 4556 2444 4610 διὰ
2476 4557 2570 4610 τοῦ
2610 4556 2776 4626 φάναι
2799 4598 2813 4622 ,
2843 4576 2862 4606 ι
2890 4554 2951 4607 τὸ
2985 4554 3122 4625 πρὸς
3163 4551 3407 4623 ἑσπέραν
3438 4550 3594 4603 ἔσται

301 4644 416 4685 non
436 4631 741 4689 admiretur
770 4637 932 4691 etiam
956 4637 1201 4694 hibernae
1243 4640 1393 4695 horae
1422 4648 1898 4701 commemoratio-

2025 4649 2136 4713 >ῶς.
2169 4668 2187 4700 ι
2225 4650 2321 4713 Τίς
2350 4650 2393 4702 δ’
2427 4650 2531 4703 οὐκ
2565 4649 2631 4704 ἂν
2668 4649 2971 4719 θαυμάσειε
3004 4646 3105 4716 τῆς
3134 4644 3415 4715 χειμαδίου
3444 4642 3595 4715 ὥρας

301 4721 656 4793 nem?quam
693 4725 868 4795 ipsam
908 4727 1096 4784 itidem
1130 4732 1397 4786 divinavit
1421 4737 1730 4803 oraculum,
1767 4753 1893 4793 cum

2025 4743 2096 4815 ὴν
2130 4745 2350 4815 μνήμην
2375 4760 2390 4809 ;
2420 4744 2487 4813 ἣν
2534 4744 2630 4798 καὶ
2677 4743 2848 4813 αὐτὴν
2897 4741 3186 4794 ἐθέσπισεν
3224 4740 3254 4792 ὁ
3298 4737 3458 4805 λόγος
3493 4737 3597 4806 (pi;-

302 4809 423 4904 ait:
458 4830 478 4864 ι
521 4813 586 4869 Et
632 4813 808 4885 frigus
840 4826 894 4872 et
942 4822 1066 4889 gelu
1097 4824 1224 4877 erit.
1258 4842 1276 4875 ι
1316 4824 1475 4890 Quod
1519 4828 1648 4883 item
1710 4830 1895 4900 ipsum

2025 4809 2099 4898 τας
2117 4809 2142 4864 ’1
2169 4853 2187 4885 ι
2212 4809 2322 4887 iiut
2349 4809 2521 4904 ψῦγος
2567 4835 2663 4887 καὶ
2711 4809 2887 4901 πάγος
2911 4831 3064 4884 ἔσται
3083 4847 3097 4860 ·
3128 4849 3146 4881 ι
3175 4828 3205 4881 ὃ
3237 4828 3335 4881 καὶ
3386 4828 3521 4881 αὐτὸ
3558 4828 3593 4898 ἡ

300 4899 586 4976 Evangelii
644 4909 1020 4966 testimonium
1071 4919 1456 4981 commendat,
1514 4935 1637 4974 cum
1695 4899 1891 4980 Petrus

300 4994 432 5051 dum
457 4996 643 5054 Iesum
674 5004 945 5073 sequitur,
969 5022 1205 5064 accenso
1242 5011 1366 5081 igne
1401 5012 1455 5065 in
1486 5016 1626 5069 atrio
1646 5016 1888 5087 Caiphae,

305 5099 414 5143 una
463 5104 590 5144 cum
638 5093 766 5150 aliis
825 5097 1187 5155 calcfaciebat
1235 5118 1314 5157 se.
1364 5102 1602 5161 Proinde
1650 5106 1892 5166 Joannes

300 5176 529 5251 frigoris
570 5198 792 5255 quoque
840 5190 1173 5245 mentionem
1220 5197 1568 5264 apertissime
1617 5200 1769 5267 facit,
1809 5202 1895 5257 di-

299 5284 475 5365 cens:
509 5292 528 5326 ι
561 5273 796 5333 Stabant
825 5281 973 5335 servi
1013 5290 1068 5337 et
1100 5286 1342 5341 ministri
1378 5288 1448 5343 ad
1496 5306 1726 5357 prunas,
1763 5299 1893 5365 quia

298 5360 473 5435 frigus
510 5376 650 5434 erat,
692 5379 746 5425 ct
787 5372 1185 5431 calefaciebaut
1217 5394 1279 5433 se
1294 5379 1360 5434 ⁸⁸.
1403 5400 1421 5432 ι
1456 5380 1525 5435 Et
1555 5383 1625 5437 ad
1663 5360 1889 5443 verbum

298 5459 518 5551 quidem
552 5460 867 5531 hujusmodi
899 5466 1060 5521 finem
1089 5470 1464 5541 contigerunt,
1492 5491 1612 5545 qua:
1639 5479 1719 5533 sic
1750 5497 1893 5551 prae-

297 5549 443 5606 dicta
473 5559 605 5606 sunt
634 5568 648 5605 :
686 5554 757 5609 ad
785 5572 1010 5613 sensum
1045 5575 1196 5626 vero,
1226 5577 1352 5617 cum
1402 5563 1608 5623 Judaais
1642 5549 1889 5628 salutare

369 5727 421 5767 ⁸³
457 5727 692 5789 lachar.
731 5750 842 5801 xu,
880 5734 1042 5793 5-10.
1121 5735 1349 5795 "Jran.
1388 5758 1554 5811 xvm,
1593 5746 1682 5803 l8.

1997 4928 2092 4981 τοῦ
2140 4928 2474 4997 Εὑαγγελίου
2523 4928 2796 4999 μαρτυρία
2858 4927 3210 4996 συνίστησιν,
3266 4922 3508 4993 ὁπηνίκα
3565 4922 3595 4973 ό

1992 5020 2199 5091 Πέτρος
2242 5018 2553 5072 ἀκολουθῶν
2597 5017 2677 5089 τῷ
2733 5017 2945 5088 Ἰησοῦ,
2981 5014 3370 5088 περιαψάντων
3414 5013 3591 5085 πυρὰν

1994 5114 2053 5165 ὲν
2086 5114 2151 5183 τῇ
2188 5112 2323 5183 αὐλῇ
2356 5110 2452 5165 τοῦ
2502 5112 2747 5181 Καῖάφα,
2799 5111 2936 5182 μετά
2970 5109 3078 5162 τῶν
3116 5108 3296 5163 ἄλλων
3333 5105 3591 5179 ἐθερμαί-

1993 5224 2135 5261 νετο.
2175 5207 2233 5260 Ὁ
2279 5205 2411 5275 γοῦν
2472 5205 2728 5275 Ἰωάννης
2779 5204 3043 5275 ἄντικρυς
3093 5200 3187 5255 mi.
3236 5200 3335 5254 τοῦ
3385 5200 3589 5272 ψύχους

1995 5302 2401 5372 ἐμνημόνευσεν
2442 5297 2613 5352 εἰπών
2634 5316 2647 5330 ⁸
2684 5318 2702 5350 ι
2729 5298 3092 5369 Είστὴκεισαν
3121 5295 3171 5347 οἱ
3211 5294 3393 5347 δοῦλοι
3425 5295 3517 5347 καὶ
3537 5293 3586 5345 οι

1998 5392 2271 5463 ὑπηρέται
2331 5390 2631 5464 ἀνθρακιὰν
2693 5388 3089 5460 πεποιηκότες,
3136 5387 3219 5440 ὅτι
3268 5386 3443 5459 ψῦχος
3481 5380 3582 5457 ἦν,

1998 5486 2092 5539 καὶ
2121 5483 2525 5557 ἐθερμαίνοντο.
2556 5503 2573 5535 ι
2602 5484 2713 5538 Καὶ
2766 5481 2905 5554 τυρὸς
2949 5480 3046 5551 μὲν
3084 5479 3183 5551 τὴν
3218 5478 3367 5544 λέξιν
3411 5475 3585 5532 τοιού·

1995 5594 2090 5631 του
2124 5576 2315 5641 τέλους
2364 5575 2629 5648 ἐτύγχανε
2670 5577 2737 5631 τά
2796 5572 3248 5647 προηγορευμένα
3272 5591 3285 5603 ·
3352 5572 3486 5643 πρὸς
3527 5569 3584 5623 δὲ

3779 5624 3781 5721 l
