3836 6220
183 361 284 421 757

1111 348 1773 413 DEMONSTRATIONIS
1812 346 2279 404 EVANGELlC/E
2319 345 2450 402 LIB.
2492 345 2537 400 Χ

3343 347 3447 405 758

183 480 413 535 διάνοιαν
437 480 519 543 τὸ,
546 480 652 532 πᾶν
691 478 961 531 Ἰουδαίων
983 476 1156 542 ἔθνος,
1187 476 1278 530 τοῦ
1299 476 1565 550 σωτηρίου
1595 470 1741 542 etot-6

1847 515 1850 524 .
1879 472 2059 528 lumen
2088 470 2382 531 illuxisset,
2422 469 2635 539 ipsique
2674 467 2857 539 potius
2886 469 3138 525 tenebras
3171 482 3331 539 quam
3356 472 3446 526 lu-

182 570 360 635 αὐτοῐς
390 572 819 643 ἐπιλάμψαντος,
855 571 1034 625 αὐτῶν
1073 589 1133 625 τε
1167 571 1375 645 μᾶλλον
1398 572 1461 623 τὸ
1493 570 1682 632 σκότος
1724 569 1757 641 ἢ

180 664 242 719 τὸ
288 662 401 732 φῶς
445 664 736 735 ἑλομένων,
779 664 925 717 τοῦθ’
959 666 1097 735 ὅπερ
1131 667 1224 718 καὶ
1253 664 1457 718 εἴλοντο
1496 662 1761 735 μετῆλθεν

181 756 391 821 αὐτοὺς,
420 758 875 828 ἀναχωρήσαντος
904 757 1002 827 μὲν
1057 754 1375 816 αύτῶνίτοῦ
1414 755 1609 825 φωτὸς,
1641 754 1760 808 δια-

180 846 445 919 λαὸούσης
472 848 531 901 δὲ
563 848 760 912 αὐτοὺς
788 849 984 912 νυκτὸς
1026 849 1328 919 ὰφεγγοῦς,
1382 848 1759 921 σκοτισθείσης

180 940 352 995 αὐτῶν
380 941 483 1013 τῆς
509 940 779 1005 διανοίας,
810 941 949 1013 πρὸς
987 941 1049 995 τὸ
1079 941 1153 1013 μὴ
1187 941 1477 1011 διαυγάσαι
1519 941 1611 996 τὸν
1642 960 1757 1012 φω-

178 1036 362 1107 τισμὸν
388 1036 483 1090 τοῦ
511 1037 841 1107 Εύαγγελίου
866 1040 924 1091 ἐν
950 1041 1071 1101 ταῖς
1090 1036 1340 1109 καρδίαις
1365 1036 1564 1090 αὐτῶν.
1595 1035 1758 1090 Ἀλλά

178 1126 267 1180 καὶ
298 1126 565 1198 ψυγείσης
590 1128 691 1198 τῆς
721 1128 860 1200 πρὸς
892 1128 984 1181 τδν
1018 1128 1150 1181 Θεὸν
1194 1127 1415 1198 ἀγάπης
1459 1126 1659 1191 αὐτῶν,
1686 1125 1757 1180 τὰ

179 1218 414 1290 σύμϐολα
439 1220 647 1274 τούτων
678 1222 903 1285 εἰκότως
935 1220 1187 1284 ἐτελεῖτο,
1216 1219 1520 1292 ἐπληροῦτὸ
1539 1238 1596 1272 τε
1625 1217 1754 1291 ἑξῆς

175 1311 240 1364 τὰ
263 1312 357 1383 τῆς
386 1313 767 1384 προρρήσεως,
797 1312 941 1367 κατὰ
975 1312 1073 1385 τὴν
1106 1313 1313 1366 τοιάνδε
1349 1314 1448 1385 τῆς
1484 1313 1751 1384 σωτηρίου

176 1405 488 1475 ἐπιφανείας
542 1407 756 1478 ἡμέραν
816 1406 1008 1470 ὓδατος
1063 1406 1263 1471 ζῶντος
1321 1405 1628 1473 ἐξελθόντος
1693 1404 1754 1471 ἐξ

185 1498 561 1571 Ἰερουσαλὴμ,
607 1501 688 1565 εἰς
739 1501 915 1554 πάντα
964 1500 1033 1553 τὰ
1084 1500 1211 1570 ἔθνη
1263 1500 1616 1573 προελθόντος
1657 1499 1751 1553 τοῦ

170 1591 384 1662 γονίμου
414 1592 514 1645 καὶ
555 1592 786 1657 ζωτικοῦ
837 1595 937 1666 τῆς
978 1593 1339 1666 εύαγγελικῆς
1383 1593 1749 1660 διδασκαλίας,

172 1680 466 1754 ἀρξαμένου
506 1684 605 1754 μὲν
637 1684 746 1739 ἀπὸ
794 1686 893 1756 τῆς
951 1685 1213 1750 Ἰουδαίας
1247 1685 1340 1739 καὶ
1384 1684 1443 1748 ἐξ
1473 1685 1645 1757 αὐτῆς
1684 1702 1749 1755 γε

171 1776 265 1846 τῆς
295 1778 685 1851 Ἰερουσαλὴμ,
716 1780 1048 1844 διαδοθέντος
1084 1780 1140 1834 δὲ
1190 1783 1269 1844 είς
1299 1783 1479 1835 πᾶσαν
1510 1782 1608 1855 τὴν
1643 1782 1748 1853 γῆν

169 1869 257 1923 καὶ
280 1870 356 1934 εἰς
380 1870 562 1924 πάντα
585 1870 655 1924 τὰ
686 1872 783 1943 τῆς
826 1873 1150 1943 οἰκουμένης
1182 1874 1414 1944 πέρατα.
1447 1872 1650 1927 Τούτου
1689 1874 1747 1927 δὲ

168 1958 256 2013 τοῦ
304 1960 495 2026 ὓδατος
550 1963 644 2016 καὶ
690 1963 854 2027 αὐτὸς
883 1966 911 2017 6
956 1962 1145 2035 Σωτὴρ
1198 1966 1293 2018 καὶ
1340 1964 1546 2036 Κύριος
1590 1966 1748 2037 ἡμῶν

171 2053 489 2124 μνημονεύει
509 2053 683 2124 λέγων
706 2056 842 2128 πρὸς
872 2056 972 2127 τὴν
987 2057 1314 2129 Σαμαρεῖτιν
1335 2076 1346 2088 ·
1370 2080 1385 2101 ι
1415 2060 1475 2111 Εἰ
1499 2059 1647 2129 ᾕδεις
1663 2057 1748 2123 τίς

167 2141 303 2196 ἐστιν
333 2146 361 2197 6
390 2144 560 2198 αἰτῶν
588 2162 649 2197 σε
677 2148 842 2210 πιεῖν,
864 2147 929 2200 σὺ
960 2146 1026 2200 ἂν
1054 2146 1266 2217 ᾔτησας
1289 2147 1472 2211 αὑτὸν,
1501 2148 1594 2200 καὶ
1614 2147 1746 2200 ἔδω-

168 2248 255 2285 κεν
287 2233 350 2288 ἄν
377 2252 457 2288 σοι
489 2234 636 2307 ὕδωρ
662 2233 789 2299 ζῶν.
815 2255 833 2287 ι
861 2238 1001 2309 Ὄση
1027 2236 1084 2290 δὲ
1125 2241 1240 2301 τοῖς
1280 2239 1747 2310 ἀπογευσαμένοις

164 2322 252 2376 τοῦ
290 2324 491 2391 ζῶντος
521 2330 616 2381 καί
644 2327 862 2396 λογικοῦ
908 2331 1148 2401 νάματος
1188 2330 1431 2403 ὑπῆρξεν
1470 2330 1741 2400 ὠφέλεια,

165 2418 480 2492 παρίστησιν
515 2422 664 2494 ἑξῆς,
684 2424 972 2488 διδάσκων,
991 2426 1065 2489 ὡς
1088 2428 1135 2479 oi
1168 2427 1382 2491 πιόντες
1405 2427 1594 2490 αὐτοῦ,
1616 2429 1746 2491 τοὺς

163 2512 323 2568 πάλαι
355 2516 589 2582 πολλοὺς
632 2517 1055 2588 βασιλεύσαντας
1082 2520 1260 2573 αὐτῶν
1284 2521 1545 2591 δαίμονας
1574 2539 1742 2591 πονη-

162 2608 284 2678 ροὺς
331 2609 786 2681 ἀπαρνησάμενοι
813 2651 827 2675 ,
861 2613 952 2666 τὸν
1003 2612 1098 2666 ἕνα
1136 2612 1338 2681 Κύριον
1381 2616 1476 2668 καὶ
1520 2613 1742 2685 βασιλέα

162 2701 302 2769 σφῶν
330 2702 511 2755 αὐτῶν
535 2703 949 2776 ὁμολογήσουσι,
980 2700 1074 2760 καὶ
1101 2693 1177 2770 ὡς
1198 2710 1226 2760 6
1254 2707 1457 2779 Κύριος
1489 2708 1518 2761 6
1560 2707 1741 2778 μόνοις

158 2790 216 2843 τὸ
243 2791 368 2861 πρὶν
399 2792 678 2865 Ἑϐραίοις
708 2794 1128 2866 γνωριζόμενος,
1163 2798 1453 2865 γενήσεται
1490 2796 1741 2866 βασιλεὺς

160 2882 369 2938 πάντων
400 2886 514 2939 τῶν
552 2888 633 2951 είς
673 2887 836 2963 αὐτὸν
885 2888 945 2952 ἐξ
977 2888 1208 2960 ἁπάσης.
1235 2890 1334 2961 τῆς
1370 2890 1472 2961 γῆς
1519 2908 1739 2943 πιστευ-

161 2974 359 3029 σάντων
404 2976 615 3031 ὲθνῶν·
663 2980 759 3033 καὶ
805 2979 867 3032 τὸ
917 2980 1087 3051 ὄνομα
1116 2981 1280 3034 αὐτοῦ
1328 2982 1386 3035 ἓν
1422 2981 1610 3048 ἔσται,
1643 3001 1741 3036 κυ-

1867 581 1993 620 mcn
2053 564 2290 633 amplexi
2336 569 2544 628 essent,
2580 563 2683 616 hoc
2727 562 2875 632 quod
2919 562 2988 617 ab
3037 563 3171 632 ipsis
3212 563 3446 620 electum

1863 666 2323 727 assumptumque
2356 664 2462 720 est,
2497 656 2814 712 universam
2871 657 3117 727 ipsorum
3166 658 3446 714 nationem

1862 749 2084 804 invasit.
2125 747 2264 803 Cum
2295 748 2441 803 enim
2473 747 2578 818 ipsi
2618 747 2981 804 recessissent
3008 764 3038 802 a
3073 748 3216 814 luce,
3249 755 3304 804 et
3347 765 3446 809 eos

1862 842 2100 897 obscura
2138 856 2249 897 nox
2281 846 2629 911 occupasset,
2670 841 2983 896 obscuratis
3009 842 3253 912 ipsorum
3293 859 3447 901 ruen-

1860 934 2034 997 tibus,
2066 948 2133 988 eo
2159 933 2306 1004 quod
2358 931 2684 987 illuminatio
2726 933 3038 1002 evangelica
3076 933 3262 990 radios
3309 950 3444 996 suos

1859 1027 1915 1082 in
1948 1026 2117 1081 corda
2149 1027 2393 1097 ipsorum
2430 1041 2541 1080 non
2584 1025 2923 1090 immitteret,
2953 1026 3254 1096 quinetiam
3281 1025 3444 1087 refri-

1858 1129 2044 1192 gerata
2075 1122 2319 1192 ipsorum
2352 1137 2481 1192 erga
2503 1120 2674 1178 Deum
2717 1120 3005 1183 cbaritate,
3037 1121 3226 1175 talium
3255 1135 3443 1177 rerum

1859 1212 2016 1282 signa
2051 1213 2250 1267 merito
2284 1226 2548 1281 expressa
2578 1218 2728 1278 sunt,
2752 1222 2809 1266 et
2839 1211 2895 1265 in
2926 1212 3022 1265 tali
3049 1211 3310 1267 salutaris
3342 1212 3441 1267 ad-

1856 1315 2054 1361 ventus
2080 1306 2169 1360 die
2200 1305 2473 1375 completa
2500 1312 2629 1360 sunt
2653 1321 2739 1369 ea,
2767 1320 2890 1375 quae
2918 1304 2987 1358 ad
3024 1305 3128 1360 hoc
3151 1287 3440 1361 oraculum

1856 1397 2154 1467 pertinent,
2186 1396 2317 1451 dum
2344 1411 2487 1467 aqua
2531 1397 2721 1452 vivens
2744 1398 2981 1467 erumpit
3004 1412 3074 1452 ex
3107 1394 3436 1464 Jerusalem,

1854 1497 1909 1545 et
1938 1490 1995 1544 in
2037 1505 2230 1545 omnes
2267 1498 2461 1560 gentes
2506 1488 2853 1558 progreditur
2901 1486 3174 1544 fecundus
3221 1497 3276 1544 et
3313 1488 3439 1545 vita:

1855 1588 2175 1652 apportator
2215 1579 2546 1651 evangelicae
2598 1578 2865 1634 doctrinas
2910 1594 3093 1635 sermo
3127 1597 3139 1632 :
3171 1579 3265 1651 qui
3309 1594 3436 1635 cum

1853 1673 2135 1745 profectus
2166 1674 2237 1729 sit
2260 1672 2327 1728 de
2355 1671 2539 1727 Judaea
2569 1680 2622 1728 et
2654 1671 2722 1727 de
2753 1672 2872 1743 ipsa
2899 1669 3232 1739 Jerusalem,
3259 1674 3438 1730 disse-

1852 1767 2095 1822 minatus
2141 1775 2333 1837 postea
2375 1775 2462 1822 est
2491 1766 2545 1821 in
2576 1780 2796 1821 omnem
2834 1776 3037 1821 terram
3069 1775 3125 1821 et
3152 1767 3208 1821 in
3240 1781 3435 1822 omnes

1851 1862 2003 1917 orbis
2026 1869 2302 1916 terrarum
2333 1859 2492 1915 ﬁnes.
2524 1858 2702 1929 Hujus
2729 1874 2861 1914 vero
2890 1874 3045 1929 aquae
3072 1860 3191 1929 ipse
3215 1875 3436 1929 quoque

1853 1952 2106 2008 Salvator
2126 1968 2189 2008 ac
2221 1952 2486 2008 Dominus
2512 1960 2702 2008 noster
2729 1952 2997 2017 meminit,
3027 1952 3158 2007 dum
3192 1952 3436 2022 loquitur

1851 2063 1975 2101 cum
2019 2048 2247 2101 muliere
2281 2044 2663 2100 Samaritana:
2695 2064 2713 2097 ι
2743 2042 2800 2099 Si
2848 2045 3043 2111 scires,
3078 2045 3275 2114 inquit.
3308 2044 3434 2114 quis

1848 2148 1934 2196 est
1975 2140 2069 2210 qui
2100 2140 2233 2209 petit
2262 2154 2295 2193 a
2334 2149 2387 2194 te
2428 2139 2637 2204 bibere,
2684 2146 2743 2193 tu
2774 2137 3009 2208 petisses
3037 2137 3105 2192 ab
3133 2152 3221 2200 eo,
3249 2144 3306 2192 et
3333 2137 3434 2191 de-
3522 2157 3532 2165 ο

1846 2233 2020 2289 disset
2048 2232 2145 2288 tibi
2174 2247 2374 2303 aquam
2402 2231 2581 2287 vivam
2598 2230 2667 2287 ⁸⁸.
2700 2250 2719 2282 ›
2757 2230 2972 2297 Quanta
3004 2236 3185 2284 autem
3213 2229 3281 2283 ad
3311 2244 3430 2295 eos,

1846 2327 1939 2398 qui
1968 2327 2152 2382 vivam
2207 2325 2647 2395 rationalemque
2685 2339 2881 2394 aquam
2913 2322 3278 2394 gustaverint,
3306 2337 3435 2378 ven-

1845 2431 1970 2477 tura
2024 2420 2095 2476 sit
2151 2420 2379 2483 utilitas,
2439 2418 2687 2474 declarat
2736 2417 3030 2487 deinceps,
3085 2415 3213 2471 dum
3271 2415 3433 2473 docet

1844 2514 2306 2586 quemadmodum
2337 2513 2431 2583 qui
2455 2527 2577 2568 eam
2606 2526 2803 2583 aquam
2847 2510 3110 2573 biberint,
3143 2519 3197 2565 et
3226 2510 3430 2565 multos

1842 2606 1988 2669 illos,
2013 2605 2109 2677 qui
2142 2611 2301 2659 antea
2351 2602 2491 2673 ipsis
2523 2601 2884 2672 imperabant,
2916 2599 3186 2670 malignos
3227 2598 3434 2653 ἀεξιηο-

1843 2711 1942 2751 nas
1960 2693 2373 2766 abnegaverint,
2397 2694 2435 2748 ii
2467 2707 2635 2747 unum
2666 2691 2755 2747 sui
2784 2692 3029 2762 ipsorum
3059 2696 3113 2746 et
3135 2688 3428 2745 Dominum

1841 2798 1895 2844 et
1931 2803 2112 2858 regem
2145 2786 2576 2849 conﬁtebuntur,
2611 2784 2739 2838 item
2768 2782 2915 2853 quod
2940 2782 2988 2839 is
3024 2781 3308 2847 Dominus,
3332 2783 3428 2852 qui

1841 2881 1910 2936 ab
1940 2883 2065 2935 unis
2109 2878 2361 2935 Hebraeis.
2386 2886 2546 2932 antea
2592 2876 2943 2939 noscebatur,
2985 2873 3155 2946 489
3198 2890 3295 2929 rex
3333 2874 3428 2930 liet

1839 2972 2083 3028 omnium
2121 2986 2311 3027 earum
2350 2970 2657 3033 nationum,
2693 2983 2815 3039 quae
2858 2983 2927 3024 ex
2968 2968 3226 3023 universa
3273 2972 3426 3022 terra

159 3065 310 3119 κλοῦν
340 3069 525 3123 πᾶσαν
573 3069 674 3141 τὴν
715 3070 819 3142 γῆν
851 3072 945 3124 καὶ
972 3072 1072 3143 τὴν
1111 3071 1338 3143 ἔρημον.
1366 3075 1431 3127 Ὃ
1475 3075 1570 3128 καὶ
1606 3076 1737 3129 αὐτὸ

1847 3071 1897 3124 in
1922 3070 2098 3140 ipsius
2119 3068 2279 3124 ﬁdem
2314 3066 2597 3133 venerint;
2626 3074 2680 3120 et
2710 3079 2910 3119 nomen
2939 3062 3059 3132 ejus
3093 3076 3262 3117 unum
3295 3060 3423 3125 erit,

158 3159 234 3222 τίς
262 3160 360 3214 οὐκ
392 3160 461 3216 ἂν
490 3162 635 3233 ὁρῶν
681 3164 1014 3234 ἐκπλαγείη;
1057 3166 1164 3218 ἀπὸ
1192 3166 1323 3234 γοῦν
1356 3169 1455 3239 τῆς
1494 3166 1733 3239 Χριστοῦ

1847 3163 2087 3220 ambiens
2141 3162 2459 3218 universam
2509 3166 2713 3214 terram
2745 3167 2802 3213 et
2850 3156 3225 3219 solitudinem,
3274 3153 3425 3224 quod

157 3255 545 3328 προσηγορίας,
593 3256 754 3321 αὐτὸς
784 3257 842 3311 δὲ
879 3253 947 3330 ἦν
994 3260 1022 3311 ὁ
1064 3259 1297 3331 Χριστὸς
1333 3262 1362 3313 ὁ
1401 3261 1624 3333 Κύριος,
1674 3265 1737 3318 τὸ

1847 3256 2061 3330 quidem
2102 3257 2280 3326 ipsum
2309 3255 2403 3310 ubi
2448 3253 2571 3323 quis
2619 3250 2838 3316 viderit,
2868 3250 2961 3320 qui
3009 3248 3126 3304 ﬁeri
3163 3247 3338 3318 possit
3364 3255 3426 3303 ut

157 3343 258 3398 τῶν
294 3347 640 3420 Χριστιανῶν
677 3349 870 3422 ὄνομα,
896 3352 1074 3405 πάντα
1129 3354 1292 3408 τόπον
1331 3356 1425 3409 καὶ
1464 3356 1615 3411 πόλιν
1646 3359 1739 3412 καὶ

1847 3365 1951 3404 non
1982 3347 2317 3402 admiretur?
2342 3345 2544 3403 etenim
2571 3359 2602 3399 a
2632 3342 2841 3398 Christi
2862 3339 3151 3405 vocabulo,
3170 3339 3428 3398 Christus

159 3435 348 3510 χώραν,
382 3442 479 3494 καὶ
525 3441 668 3498 αὑτά
714 3460 780 3514 γε
826 3442 897 3497 τὰ
942 3446 1001 3498 ὲν
1045 3449 1168 3509 ταῖς
1201 3448 1429 3519 ἐρήμοις
1469 3449 1564 3503 καὶ
1617 3453 1736 3515 ταῖς

158 3527 423 3599 ἐσχατιαῖς
452 3533 556 3604 τῆς
586 3534 690 3605 γῆς
725 3534 976 3590 οίκοῦντα
1000 3535 1128 3607 ἔθνη
1165 3539 1597 3609 περιεκύκλωσε,
1624 3544 1736 3607 τοῖς

158 3619 248 3694 τῆς
273 3625 613 3697 προφητείας
638 3627 949 3694 ἀκολούθως
974 3629 1358 3705 θεσπίσμασιν.

169 3945 297 4035 iam),
311 3952 575 4035 ψαλμοῦ
608 3962 809 4035 agat:—
838 3958 979 4027 Περὶ
1007 3960 1125 4014 τῶν
1152 3963 1305 4035 κατὰ
1333 3965 1399 4018 τὸ
1438 3967 1736 4035 σωτήριον

224 4025 981 4106 αξιὶθος’ἐστιτελερνθίξντῳκζ
998 4034 1105 4099 Εἰς
1137 4033 1202 4087 τὸ
1231 4034 1408 4103 τέλος
1443 4025 1615 4106 me;
1626 4038 1736 4105 τῆς

222 4089 602 4163 ἀντιλήψεως
629 4096 739 4166 τῆς
766 4098 1038 4171 ἑωθινῆς.

226 4260 243 4292 ι
264 4243 319 4296 '0
349 4244 504 4311 Θεὸς,
532 4248 561 4299 ὁ
588 4247 723 4315 Θεός
758 4268 882 4321 μου,
940 4254 1176 4327 πρόσχες
1203 4274 1311 4328 μοι·
1340 4258 1428 4313 ἵνα
1455 4258 1509 4313 τί
1536 4262 1734 4331 ἐγκατ-

158 4328 326 4435 έλιπές
359 4356 458 4409 με;
508 4341 727 4413 μακρὰν
757 4343 866 4398 ἀπὸ
898 4345 998 4416 τῆς
1027 4351 1301 4422 σωτηρίας
1336 4369 1438 4423 μου
1488 4355 1537 4407 oi
1578 4328 1735 4426 *λόγοι

156 4439 256 4521 των
301 4435 764 4505 παραπτωμάτων
812 4441 1011 4510 μου.ὐ
1052 4441 1185 4506 Θεός
1231 4461 1353 4515 μου,
1394 4448 1733 4521 κεκράξομαι

1838 3453 2004 3509 porro
2029 3440 2145 3509 ipse
2189 3436 2455 3492 Dominus
2493 3440 2599 3497 est,
2623 3432 3067 3488 Christianorum
3095 3444 3291 3484 nomen
3327 3427 3427 3485 do-

1837 3532 2064 3587 ductum
2125 3545 2342 3585 onmem
2391 3530 2573 3584 locum
2617 3535 2672 3585 et
2723 3529 3000 3584 civitatem
3045 3535 3100 3582 et
3140 3525 3425 3597 regionem

1837 3626 2095 3695 ipsasque
2130 3628 2184 3679 in
2226 3624 2459 3680 desertis
2491 3623 2714 3693 orisque
2753 3621 3018 3679 extremis
3065 3629 3225 3675 terrae
3265 3619 3425 3674 babi-

1837 3726 2019 3771 tantcs
2047 3719 2297 3772 nationes
2341 3716 2616 3781 circuivit,
2650 3714 2811 3770 ﬁdem
2844 3728 2911 3769 eo
2941 3711 3107 3767 modo
3136 3712 3346 3767 faciens
3367 3718 3424 3767 et

1837 3811 2195 3867 consentiens
2224 3810 2471 3881 hujusce
2493 3808 2793 3882 prOphetiae
2818 3804 3099 3864 vaticinio.

1838 3971 1881 4023 A
1923 3974 2129 4044 psalmo
2156 3985 2269 4024 χχι.
2294 3999 2365 4044 _——
2382 3968 2459 4044 De
2480 3970 2550 4023 iis
2570 3984 2686 4037 quae
2704 3969 2755 4020 in
2774 3963 3144 4044 ipsa_salutari
3170 3960 3420 4044 passione

1945 4042 2086 4112 facta
2116 4050 2255 4097 sunt.
2286 4039 2351 4095 In
2378 4042 2538 4109 ﬁnem
2558 4055 2653 4108 pro
2675 4037 3003 4107 susceptione
3028 4037 3311 4089 matutina.

1917 4286 1935 4320 ι
1967 4265 2134 4333 Deus,
2166 4267 2311 4322 Deus
2343 4282 2520 4333 meus,
2548 4264 2761 4336 respice
2787 4265 2843 4319 in
2871 4278 2990 4331 me;
3023 4277 3194 4333 quare
3212 4275 3298 4317 me
3326 4261 3421 4317 de-

1838 4360 2164 4431 reliquisti?
2209 4361 2369 4431 longe
2406 4374 2437 4414 a
2485 4350 2665 4414 salute
2709 4372 2831 4412 mea
2882 4356 3047 4412 verba
3094 4355 3422 4410 delictorum

1840 4467 2112 4507 meorum.
2145 4449 2291 4509 Deus
2339 4465 2518 4515 meus,
2557 4436 2813 4505 clamabo
2840 4463 2939 4519 per
2978 4448 3121 4503 diem
3163 4446 3232 4502 ad
3263 4453 3336 4511 te,
3369 4453 3427 4502 et

155 4516 355 4613 ἡμέρας
384 4525 523 4598 πρὸς
550 4527 631 4589 σὲ,
663 4530 759 4583 καὶ
788 4532 890 4586 ούκ
921 4513 1247 4608 είσακούσῃλ
1289 4538 1382 4592 καὶ⁷
1406 4513 1617 4607 νυκτὸς,
1637 4513 1732 4598 καὶ

1847 4560 1952 4599 non
1984 4543 2276 4610 exaudies;
2311 4550 2364 4598 et
2403 4558 2500 4613 per
2529 4532 2768 4606 n0ctem,
2806 4548 2860 4595 et
2898 4555 3008 4595 non
3054 4540 3122 4595 ad
3157 4538 3425 4609 insipien-

154 4609 248 4703 οὐκ
288 4616 367 4679 είς
411 4618 601 4674 ἄνοιαν
648 4623 795 4693 ἐμοί.
831 4625 903 4678 Σὺ
956 4626 1013 4680 δὲ
1058 4629 1116 4682 ὲν
1165 4630 1345 4699 ἁγίοις
1377 4639 1673 4703 κατοικεῖς,
1701 4640 1731 4690 6

154 4697 361 4801 ξπαινος
392 4709 506 4801 ,τοῦ
549 4712 782 4787 Ἰσραήλ.
812 4716 934 4770 Ἐπὶ
989 4719 1073 4773 σοὶ
1115 4697 1348 4791 ἤλπισαν
1392 4726 1442 4778 οί
1494 4697 1732 4801 πατέρες

156 4792 319 4888 ἡμῶν,
352 4800 607 4872 ἤλπισαν,
648 4807 743 4859 καὶ
786 4808 1003 4880 ἐρῤύσω
1047 4812 1262 4878 αὐτούς.
1305 4817 1450 4888 Πρὸς
1500 4820 1560 4872 σὲ
1606 4792 1731 4876 eis;

155 4885 368 4957 κραξαν,
400 4893 496 4948 καὶ
521 4896 805 4969 ἐσώθησαν
824 4916 838 4929 ·
871 4900 966 4953 ἐπὶ
1000 4903 1083 4956 σοὶ
1109 4885 1370 4976 ἤλπισαν,
1393 4911 1487 4963 καὶ
1513 4912 1573 4965 ού
1604 4931 1734 4969 κατ-

156 4981 509 5080 ῃσχύνθησαν.
528 4987 670 5059 Ἐγὼ
700 4990 759 5044 δέ
802 4994 918 5064 εἰμι
953 4994 1190 5068 σκώληξ,
1219 5001 1313 5054 καὶ
1361 5003 1465 5058 οὐκ
1521 5006 1731 5080 ἄνθρω..

156 5088 266 5139 πος,
298 5077 494 5147 ὄνειδος
524 5084 847 5157 ἀνθρώπων,
877 5090 973 5144 καὶ
1026 5092 1360 5168 ὲξουδένημα
1404 5099 1557 5156 λαοῦ.
1588 5077 1729 5159 Πάν-

153 5179 237 5266 τες
270 5170 338 5266 oi;
360 5172 689 5246 θεωροῦντες
746 5198 815 5251 με
861 5182 1301 5259 ἐξεμυκτήρισὰν
1334 5209 1422 5262 με,
1458 5194 1728 5266 ἐλάλησαν

154 5253 208 5309 ἐν
246 5261 494 5333 χείλεσιν,
544 5267 805 5339 ἐκίνησαν
857 5253 1433 5348 κεφαλήνίλΗλπίσεν
1479 5285 1572 5339 ἐπὶ
1610 5253 1728 5341 liti-

156 5362 279 5418 ριον,
315 5357 565 5425 ῥυσάσθω
588 5360 782 5428 αὐτὸν,
802 5367 1031 5422 σωσάτω
1058 5370 1242 5437 αὑτὸν,
1265 5374 1347 5428 ὅτι
1371 5375 1513 5432 θέλει
1541 5379 1722 5436 αὐτόν.

157 5438 267 5541 tua
299 5447 362 5500 σὺ
395 5444 448 5502 εἴ
488 5452 518 5503 6
563 5454 851 5521 excruciant;
880 5476 947 5530 με
992 5462 1057 5513 ὲκ
1084 5466 1326 5538 γαστρὸς
1367 5468 1403 5541 ἡ
1432 5468 1585 5533 ἐλπίς
1621 5489 1721 5541 μου

151 5529 250 5634 ἀπὸ
282 5541 496 5607 μαστῶν
524 5546 623 5616 τῆς
654 5549 860 5621 μητρός
884 5529 1017 5622 μου.
1039 5555 1160 5609 Ἐπὶ
1204 5529 1264 5610 σε
1310 5529 1633 5634 ὲπέῥρίφὴί
1659 5568 1724 5619 ὲκ

156 5625 376 5700 μήτρας,
407 5634 513 5688 ἀπὸ
557 5641 792 5710 γαστρὸς
830 5644 1037 5717 μητρός
1069 5665 1171 5720 μου
1218 5649 1351 5716 Θεός
1388 5625 1490 5727 μου
1638 5657 1723 5712 σύ.

217 5804 260 5838 ⁸⁸
294 5804 446 5867 Joan.
481 5829 534 5869 iv
556 5855 570 5883 ,
604 5816 690 5874 10.

1840 4639 1973 4693 tiam
2007 4638 2157 4695 mihi.
2187 4636 2267 4690 Tu
2299 4644 2480 4692 autem
2515 4636 2569 4690 in
2595 4635 2802 4691 sanctis
2821 4634 3060 4698 habitas,
3085 4633 3208 4689 laus
3234 4632 3422 4689 Israel.

1839 4729 1899 4786 ln
1928 4739 1980 4787 te
2007 4737 2366 4801 speraverant
2397 4736 2582 4799 patres
2626 4729 2825 4793 nostri,
2857 4733 3238 4798 speraverunt,
3271 4732 3337 4780 et.
3359 4725 3423 4778 li-

1841 4822 2044 4878 berasti
2079 4837 2195 4875 eos.
2226 4819 2305 4873 Ad
2337 4827 2391 4875 te
2416 4820 2815 4883 clamaverunt,
2845 4827 2901 4874 et
2940 4818 3077 4873 salvi
3112 4816 3241 4872 facti
3272 4823 3441 4873 sunt..

1842 4912 1896 4967 In
1931 4921 1982 4968 te
2012 4920 2396 4983 spcraverunt,
2424 4918 2481 4967 et
2512 4926 2623 4965 non
2651 4918 2782 4965 sunt
2810 4909 3048 4965 confusi.
3081 4908 3196 4981 Ego
3238 4916 3423 4962 autem

1841 5022 1962 5061 sum
1988 5005 2194 5063 vermis
2221 5013 2275 5061 et
2305 5020 2417 5060 non
2446 5004 2644 5071 homo;
2667 5002 3023 5073 approbrium
3055 5002 3337 5056 hominum
3368 5008 3423 5056 et

1840 5097 2078 5165 abjectio
2123 5097 2319 5169 plebis.
2366 5094 2572 5152 Omnes
2612 5096 2861 5151 videntes
2900 5110 3008 5157 me,
3042 5095 3422 5150 subsannave-

1834 5198 1962 5244 runt.
1984 5206 2092 5257 me,
2117 5190 2283 5245 locuti
2311 5197 2441 5245 sunt
2469 5190 2649 5255 labiis,
2677 5198 2733 5245 et
2753 5195 3041 5248 moverunt
3068 5195 3252 5256 caput.
3283 5185 3421 5263 Spe-

1833 5285 1974 5338 I'avit
2003 5283 2057 5338 in
2081 5282 2315 5341 Domino
2349 5300 2362 5337 :
2394 5283 2594 5352 eripiat
2623 5297 2774 5347 eum,
2805 5282 3016 5337 salvum
3072 5278 3241 5339 faciat
3268 5294 3417 5342 eum,

1835 5380 2091 5449 quoniam
2123 5379 2238 5434 vult
2277 5393 2424 5441 eum,
2466 5376 2724 5447 quoniam
2766 5381 2822 5430 tu
2871 5391 2952 5438 es,
2985 5374 3079 5447 qui
3129 5373 3414 5429 extraxisti

1834 5471 2015 5528 mede
2055 5480 2280 5539 ventre;
2314 5486 2440 5541 spes
2469 5485 2589 5525 mea
2627 5470 2697 5524 ab
2737 5468 3001 5524 uberibus
3032 5467 3225 5523 matris
3261 5479 3415 5527 mea.

1834 5564 1891 5620 lu
1917 5572 1972 5621 te
2003 5564 2281 5636 projectus
2314 5578 2436 5619 sum
2455 5578 2520 5618 cx
2543 5569 2721 5617 utero.
2747 5561 2822 5617 De
2851 5568 3042 5616 ventre
3063 5559 3256 5618 matris
3284 5571 3418 5619 inea

1827 5660 1974 5718 Deus
1999 5675 2156 5717 meus
2181 5674 2240 5716 es
2270 5667 2352 5723 tu,
2379 5671 2449 5712 ne
2471 5654 2799 5712 discesseris
2825 5670 2856 5709 a
2887 5669 2993 5720 me,
3019 5652 3280 5724 quoniam
3311 5651 3416 5706 tri-
