3836 6220
370 358 477 416 ’159

1043 349 1313 407 EUSEBII
1351 342 1838 404 CAESARIENSIS
1887 343 1973 400 ΟΡ

2080 340 2264 397 PARS
2306 340 2369 397 ll.
2410 370 2480 381 —
2518 332 3020 401 ΑΡοιοαΕΤιοᾹ.

3517 334 3630 392 760

369 471 585 529 bulatio
610 469 858 542 proxima
885 474 992 536 est,
1022 468 1283 538 quoniam
1328 481 1438 520 non
1467 472 1551 520 est
1581 465 1675 535 qui
1703 462 1940 533 adjuvet.

2074 461 2141 533 Δὴ
2188 460 2431 528 ἀποστῇς
2486 456 2581 509 ἀπ’
2611 453 2769 524 ἐμοῦ,
2813 454 2897 507 ὅτι
2948 450 3125 517 θλίψις
3175 450 3360 519 ἐγγὺς,
3395 448 3477 503 ὅτι
3528 449 3632 502 οὐκ

370 563 867 622 Circutndederunt
901 577 989 616 me
1015 560 1173 614 vituli
1202 558 1397 625 multi;
1425 557 1568 611 tauri
1598 557 1828 626 pingues
1854 553 1949 610 ob-

371 655 639 714 sederunt
662 667 771 708 me.
801 650 1148 722 Aperuerunt
1175 663 1342 718 super
1369 660 1457 701 me
1479 660 1544 701 os
1566 659 1750 710 suum,
1776 650 1836 697 ut
1861 641 1947 699 leo

372 749 596 818 rapiens
631 753 684 801 et
710 744 955 814 rugiens.
988 740 1143 797 Sicut
1171 754 1313 810 aqua
1346 737 1553 795 effusus
1581 749 1724 800 sum,
1763 740 1819 791 et
1863 732 1951 788 di-

374 855 569 912 spersa
599 846 729 896 sunt
759 834 945 893 omnia
969 850 1097 893 ossa
1128 848 1270 890 mea.
1300 831 1527 886 Factum
1548 837 1741 886 estcor
1768 840 1951 883 meum

374 939 640 1003 tanquam
685 945 812 985 cera
859 929 1191 999 liquescens,
1223 928 1280 980 in
1332 922 1514 978 medio
1563 918 1773 977 ventris
1820 916 1949 979 mei.

373 1025 536 1083 Aruit
573 1032 834 1093 tanquam
861 1028 1002 1078 testa
1028 1020 1205 1075 virtus
1233 1030 1374 1072 mea.
1402 1013 1469 1075 Et
1499 1012 1682 1082 lingua
1706 1024 1825 1064 mea
1858 1006 1955 1063 ad-

376 1119 535 1174 haesit
563 1116 771 1187 gutturi
794 1129 937 1178 meo,
968 1119 1023 1168 et
1053 1112 1111 1166 in
1146 1110 1427 1181 pulverem
1457 1106 1650 1159 mortis
1679 1098 1954 1157 deduxisti

376 1224 465 1264 me
510 1224 524 1260 :
570 1206 734 1285 590
783 1204 1046 1276 quoniam
1111 1196 1599 1255 circumdederunt
1647 1207 1733 1248 me
1785 1203 1954 1245 canes

378 1301 557 1358 multi.
590 1280 956 1371 Con‘gregatio
991 1293 1407 1365 malignantium
1441 1285 1657 1343 obsedit
1698 1300 1809 1341 me.
1848 1280 1955 1337 Fo-

377 1396 578 1451 derunt
601 1408 797 1448 manus
818 1406 969 1446 meas
989 1396 1045 1445 et
1067 1387 1232 1460 pedes
1254 1398 1406 1439 meos
1433 1397 1446 1434 :
1470 1379 1959 1434 dinumeraverunt

378 1487 564 1543 omnia
596 1499 724 1543 ossa
752 1497 892 1538 mea.
923 1480 1034 1555 Ipsi
1080 1493 1211 1533 vero
1239 1474 1749 1533 consideraverunt,
1790 1474 1846 1526 et
1870 1468 1957 1522 in-

381 1582 686 1650 spexerunt
716 1588 803 1628 me
832 1589 845 1623 :
878 1570 1189 1626 diviserunt
1219 1565 1546 1629 vestimenta
1578 1574 1697 1615 mea
1740 1558 1867 1623 sibi,
1903 1564 1960 1614 et

381 1684 549 1740 super
576 1673 781 1729 vestem
816 1678 993 1719 meam
1039 1661 1314 1718 miserunt
1363 1666 1587 1711 sortem.
1623 1653 1706 1708 Tu
1751 1660 1956 1722 autem,

380 1738 634 1826 Domine,
670 1771 741 1811 ne
775 1752 969 1827 procul
1009 1762 1267 1811 amoveas
1304 1744 1574 1800 auxilium
1621 1756 1824 1796 meum.
1874 1738 1960 1794 Ad

382 1847 790 1920 susceptionem
844 1857 1021 1898 meam
1056 1839 1289 1909 respice.
1325 1836 1489 1905 Eripe
1533 1850 1565 1890 a
1599 1833 1805 1899 framea
1838 1832 1959 1887 ani-

338 1973 351 1991 .
381 1955 528 2004 mam
559 1953 757 2003 meam,
789 1943 843 1990 et
862 1951 927 2003 ex
957 1949 1120 1988 manu
1145 1930 1300 1986 canis
1327 1928 1545 1983 unicam
1568 1941 1764 1981 meam.
1798 1923 1960 1979 Salva

382 2046 470 2086 me
499 2046 561 2086 ex
595 2044 692 2085 ore
721 2027 918 2089 leonis,
952 2030 1006 2079 et
1039 2040 1070 2078 a
1105 2023 1368 2079 cornibus
1401 2018 1752 2077 unicornium
1780 2013 1962 2069 humi-.-

382 2124 595 2181 litatem
652 2135 849 2175 meam.
904 2116 1153 2171 Narrabo
1219 2129 1421 2170 nomen
1482 2118 1637 2167 tuum
1694 2106 1961 2184 fratribus

382 2214 543 2270 meis.
575 2210 634 2266 In
685 2210 866 2266 medio
917 2207 1177 2263 Ecclesiae
1227 2204 1463 2260 laudabo
1507 2212 1580 2258 te.
1624 2200 1730 2267 Qui
1758 2198 1962 2255 timetis

384 2304 699 2370 Dominum,
728 2299 951 2356 laudate
978 2314 1124 2354 eum.
1160 2296 1334 2353 Omne
1366 2310 1553 2353 semen
1589 2291 1761 2349 Iacob
1792 2289 1963 2362 glori-

386 2395 543 2451 ficate
568 2409 718 2450 eum.
751 2392 1002 2448 Timeant
1031 2406 1156 2447 eum
1191 2403 1353 2443 omne
1382 2402 1570 2443 semen
1596 2383 1764 2442 lsrael
1789 2399 1803 2449 ;
1836 2395 1966 2452 quo-

387 2488 537 2559 niam
572 2502 685 2542 non
717 2485 944 2556 sprevit,
970 2498 1149 2552 neque
1178 2481 1407 2538 moleste
1444 2479 1570 2533 tulit
1618 2473 1964 2547 deprecatio-

389 2594 513 2634 nem
545 2576 825 2649 pauperis,
858 2589 1036 2645 neque
1057 2572 1253 2628 avertit
1302 2570 1498 2626 faciem
1532 2582 1686 2625 suam
1714 2583 1745 2621 a
1775 2581 1883 2628 me,
1912 2570 1966 2619 et

390 2686 515 2729 cum
572 2670 867 2725 clamarem
915 2667 986 2727 ad
1013 2681 1162 2730 eum,
1201 2662 1482 2720 exaudivit
1529 2676 1634 2716 me.
1668 2658 1713 2712 A
1746 2665 1799 2714 te
1845 2658 1966 2712 laus

388 2778 510 2819 mea
540 2763 593 2831 in
628 2761 875 2828 Ecclesia
915 2775 1132 2831 magna.
1164 2754 1303 2811 Vota
1325 2768 1445 2809 mea
1481 2751 1709 2807 reddam
1750 2750 1805 2803 in
1835 2763 1967 2802 000‘.

391 2864 583 2928 spectu
611 2854 923 2919 timentium
953 2866 1101 2906 eum.
1144 2845 1446 2904 Comedent
1474 2858 1764 2916 pauperes,
1797 2849 1851 2896 et
1881 2856 1969 2896 sa-

391 2948 748 3010 turabuntur,
775 2954 830 2999 et
863 2940 1167 2997 laudabunt
1201 2936 1515 3001 Dominum,
1548 2933 1642 3005 qui
1682 2932 1969 2998 requirunt

392 3057 517 3113 eum
547 3057 561 3093 :
589 3040 778 3097 vivent
803 3034 971 3093 corda
993 3047 1182 3090 eorum
1233 3030 1289 3084 in
1330 3027 1591 3085 saeculum
1627 3024 1832 3082 saeculi.
1860 3022 1969 3079 Re.

393 3135 760 3190 miniscentur
802 3137 858 3186 et
891 3132 1287 3189 convertentur
1328 3121 1396 3176 ad
1438 3119 1728 3174 Dominum
1777 3132 1970 3173 omnes

397 3226 535 3287 fines
567 3233 746 3287 terrae,
787 3228 844 3277 et
894 3219 1203 3274 adorabunt
1238 3215 1294 3274 in
1346 3220 1646 3284 conSpectu
1675 3210 1796 3280 ejus
1845 3208 1971 3263 uni-

2053 552 2201 606 ἑστιν
2245 554 2273 605 ό
2326 548 2556 621 βοηθῶν.
2598 543 3053 619 Περιεκύκλωσάν
3086 559 3154 613 με
3185 542 3377 612 μόσχοι
3416 539 3629 604 πολλοὶ,

2050 643 2240 715 ταῦροι
2270 642 2450 705 πίονες
2478 637 2766 710 περιέσχον
2797 632 3150 707 με.Ἤνοιξαν
3179 634 3264 686 ἐπ’
3291 632 3393 704 ἐμὲ
3421 631 3485 684 τὸ
3511 631 3634 684 στό-

2053 754 2131 808 μα
2168 734 2368 798 αὐτῶν,
2397 733 2474 796 ὡς
2517 731 2654 784 λέων
2701 725 2963 800 ἁρπάζων
3006 726 3103 780 καὶ
3141 723 3638 796 ιῖυρυόμενοςέίὶσεὶ⁵

2053 828 2197 899 ὕδωρ
2220 824 2503 897 ἐξεχύθην,
2526 822 2622 883 καὶ
2640 817 3028 892 διεσκορπίσθη
3055 818 3232 873 πάντα
3256 816 3325 870 τά
3347 817 3489 871 ὁστᾶ
3511 832 3635 887 μου.

2065 919 2327 990 Ἐγενήθη
2358 920 2391 989 ἡ
2418 915 2618 987 καρδία
2647 932 2747 986 μου
2776 911 2909 966 ὡσεὶ
2928 909 3097 980 κηρὸς
3121 907 3426 979 τηκόμενος
3448 909 3509 961 ὲν
3540 907 3638 976 μὲ-

2055 1027 2133 1080 σῳ
2159 1010 2259 1079 τῆς
2289 1006 2496 1071 κοιλίας
2529 1022 2651 1084 μου.
2670 1000 2970 1074 Ἐξηράνθη
2999 998 3074 1062 ὡς
3104 997 3369 1069 ὄστρακον
3416 997 3453 1068 ἡ
3484 994 3640 1066 ἰσχύς

2058 1118 2182 1173 μου,
2211 1102 2306 1154 καὶ
2332 1101 2366 1171 ἡ
2394 1097 2619 1167 γλῶσσά
2645 1113 2745 1166 μου
2777 1092 3100 1161 κεκόλληται
3124 1089 3203 1162 τῷ
3236 1087 3475 1160 λάρυγγί
3515 1104 3641 1158 μου,

2056 1195 2150 1251 καὶ
2187 1193 2268 1256 εἰς
2295 1189 2425 1263 χοῦν
2463 1188 2696 1247 θανάτου
2723 1182 3034 1256 κατήγαγες
3067 1199 3133 1252 με
3157 1197 3169 1213 ο
3212 1183 3295 1236 ὅτι
3319 1179 3643 1235 ὲκύκλωσάν

2060 1303 2128 1359 με
2178 1284 2339 1348 κύνες
2388 1281 2598 1346 πολλοὶ,
2626 1276 2917 1347 συναγωγὴ
2963 1274 3416 1347 πονηρευομένων
3482 1289 3644 1341 περι-

2057 1380 2214 1449 έσχον
2247 1374 2579 1448 με.¹Ὢρυξαν
2608 1371 2796 1444 χεῖράς
2833 1387 2932 1440 μου
2961 1369 3057 1449 xui.
3082 1368 3248 1431 πόδας
3303 1382 3429 1437 μου,
3457 1363 3645 1433 ἐξηρί-

2058 1442 2276 1541 θμησαν
2298 1442 2477 1523 πάντα
2504 1464 2574 1520 τὰ
2770 1480 2892 1534 μου.
2910 1442 3071 1514 Αύτοῖ
3098 1460 3156 1512 δὲ
3185 1457 3527 1527 κατενόησαν
3553 1455 3649 1507 καὶ

2059 1561 2270 1615 ὲπεῖδόν
2302 1577 2370 1631 με
2389 1576 2402 1588 ³
2438 1557 2816 1628 διεμερίσαντο
2845 1552 2915 1607 τὰ
2940 1552 3132 1623 ἱμάτιά
3158 1568 3257 1622 μου
3280 1551 3523 1610 ἑαυτοῖς,
3556 1548 3651 1600 καὶ

2060 1654 2153 1707 ἐπὶ
2179 1651 2270 1706 τὸν
2296 1649 2584 1722 ἱματισμόν
2616 1665 2718 1720 μου
2748 1646 2937 1700 ἔϐαλον
2961 1646 3181 1716 κλῆρον.
3210 1643 3283 1695 Σὺ
3318 1642 3402 1709 δὲ,
3449 1640 3649 1711 Κύριε,

2064 1745 2140 1817 μὴ
2176 1744 2459 1817 μακρύνῃς
2502 1740 2602 1813 τὴν
2649 1739 2899 1811 βοήθειάν
2934 1755 3060 1810 μου,
3092 1739 3172 1801 εἰς
3216 1734 3316 1807 τὴν
3358 1733 3653 1805 ἀντίληψξν

2066 1856 2167 1911 μου
2211 1835 2674 1910 πρόσχες.Ῥῦσαι
2723 1834 2832 1887 ἀπὸ
2857 1831 3151 1905 ὶρομφαὶας
3189 1829 3288 1901 τὴν
3313 1829 3498 1899 ψυχήν
3529 1845 3652 1897 μου,

2065 1933 2161 1987 καὶ
2202 1932 2267 1984 ὲκ
2311 1929 2493 2002 χειρὸς
2523 1927 2684 1991 κυνὸς
2710 1927 2810 1998 τὴν
2841 1925 3102 1997 μονογενῆ
3133 1940 3254 1995 μου.
3279 1921 3464 1974 Σῶσόν
3499 1935 3571 1989 με
3594 1920 3658 1971 ἐκ

2069 2023 2333 2096 στόματος
2354 2021 2586 2083 λέοντος,
2614 2019 2709 2072 καὶ
2741 2018 2849 2072 ἀπὸ
2868 2017 3110 2088 κεράτων
3143 2030 3332 2087 μονοκε
3341 2014 3538 2086 ρώτων
3560 2010 3658 2082 τὴν

2068 2114 2393 2170 ταπείνωσιν
2430 2130 2549 2184 μου.
2585 2111 2926 2182 Διηγήσομαι
2954 2108 3016 2162 τὸ
3044 2108 3215 2179 δνομά
3243 2124 3336 2159 σου
3369 2108 3487 2168 τοῖς
3513 2103 3663 2158 ἀδελ-

2071 2210 2191 2279 φοῖς
2227 2224 2350 2278 μου,
2377 2207 2435 2258 ὲν
2463 2205 2613 2277 μέσῳ
2650 2202 2974 2274 Ἐκκλησιας
3010 2200 3236 2272 ὑμνήσω
3257 2215 3340 2251 σε.
3370 2198 3440 2252 Ol
3468 2195 3661 2266 φοϐού-

2076 2315 2227 2371 μενοι
2252 2298 2342 2351 τὸν
2371 2295 2596 2367 Κύριον,
2629 2292 2881 2346 αἰνέσατε
2906 2290 3067 2344 αὐτόν
3087 2307 3099 2320 ·
3148 2289 3291 2343 ἅπαν
3332 2286 3396 2340 τὸ
3435 2285 3661 2357 σπέρμα

2084 2389 2297 2453 Ἰακὼϐ,
2337 2388 2597 2454 δοξάσατε
2640 2384 2822 2440 αὐτόν.
2862 2381 3258 2453 Φοϐηθήτωσαν
3294 2378 3464 2432 αὐτὸν
3514 2378 3661 2432 ἅπαν

2071 2485 2132 2538 τὸ
2163 2483 2385 2554 σπέρμα
2425 2476 2669 2552 Ἰσραήλ·
2700 2478 2781 2530 ὅτι
2807 2476 2906 2530 οὐκ
2933 2472 3282 2541 ὲξουδὲνωσεν
3320 2468 3445 2524 οὐδὲ
3492 2485 3663 2543 προσ-

2072 2573 2273 2646 ώχθισε
2311 2574 2377 2643 τῇ
2409 2570 2590 2641 δεήσει
2637 2566 2729 2621 τοῦ
2781 2564 3034 2636 πτωχοῦ,
3081 2563 3203 2617 οὐδὲ
3245 2560 3568 2632 ἀπέστρεψε
3604 2560 3664 2613 τὸ

2076 2665 2364 2739 πρόσωπον
2391 2660 2557 2717 αὑτοῦ
2597 2658 2692 2713 ἀπ’
2723 2657 2879 2730 ἐμοῦ,
2912 2656 3007 2710 καὶ
3033 2657 3091 2709 ἐν
3117 2654 3195 2725 τῷ
3223 2652 3564 2723 κεκραγέναι
3598 2666 3664 2720 με

2075 2758 2212 2829 πρὸς
2240 2755 2421 2819 αὐτὸν,
2452 2749 2737 2824 εἰσήκουσέ
2773 2766 2896 2821 μου.
2928 2746 3087 2820 Παρὰ
3109 2745 3202 2799 σοῦ
3230 2745 3260 2797 ό
3288 2743 3515 2807 ἔπαινός
3563 2758 3664 2812 μου

2076 2852 2133 2903 ἐν
2183 2847 2478 2919 Ἐκκλησία
2514 2845 2726 2918 μεγάλῃ
2746 2860 2758 2872 ·
2791 2842 2891 2906 τὰς
2923 2840 3087 2911 εύχάς
3135 2856 3235 2909 μου
3278 2832 3551 2890 ἀποδώσω
3582 2835 3666 2885 ὲν-

2076 2942 2245 2995 ώπιον
2274 2938 2382 2993 τῶν
2407 2938 2571 3009 φοϐου
2579 2920 2756 3008 μένων
2789 2933 2970 2989 αὐτόν.
2996 2933 3263 2999 Φὰγονται
3293 2928 3552 2996 πένητες,
3574 2924 3668 2978 καὶ

2078 3032 2573 3106 ἐμπλησθήσονται,
2607 3032 2698 3084 καὶ
2742 3028 3013 3084 αἰνέσουσι
3057 3023 3261 3095 Κύριον
3289 3022 3340 3077 οἱ
3366 3017 3665 3087 ἐπιζητοῦν-

2077 3147 2167 3193 τες
2196 3127 2385 3182 αύτόν⁶
2415 3123 2672 3197 ζήσονται
2702 3125 2758 3179 αἱ
2791 3120 3012 3190 καρδίαι
3040 3116 3220 3172 αὐτῶν
3258 3114 3339 3177 εἰς
3369 3111 3550 3168 αἰῶνα
3572 3107 3667 3161 τοῦ

2079 3221 2291 3291 αἰῶνος,
2356 3216 2776 3287 Μνησθήσονται
2830 3213 2923 3266 καὶ
2981 3207 3481 3279 ὲπιστραφήσονται
3529 3199 3670 3274 πρὸς

400 3330 572 3371 versae
604 3313 826 3368 familiae
867 3314 1148 3384 gentium;
1182 3306 1444 3378 quoniam
1495 3300 1714 3356 Domini
1759 3307 1844 3354 est
1884 3313 1972 3353 re-

2079 3312 2283 3384 Κύριον
2308 3307 2582 3364 πάντατὰ
2610 3305 2826 3376 πέρατα
2852 3302 2953 3373 τῆς
2976 3301 3103 3370 γῆς,
3133 3297 3229 3352 καὶ
3257 3296 3671 3368 προσκυνήσου-

398 3422 590 3480 gnum,
629 3413 684 3460 et
710 3405 830 3476 ipse
872 3401 1187 3459 dominatur
1216 3397 1509 3470 gentibus;
1543 3392 1901 3449 comederunt
1921 3396 1973 3445 et

2081 3421 2163 3457 σιν
2195 3401 2423 3457 ἐνώπιον
2457 3398 2619 3454 αὐτοῦ
2653 3400 2823 3451 πᾶσαι
2864 3397 2920 3447 αἱ
2954 3391 3185 3463 πατριαὶ
3206 3388 3315 3442 τῶν
3349 3385 3558 3440 ἐθνῶν·
3588 3385 3673 3438 ὅτι

400 3500 772 3554 adoraverunt
816 3507 1009 3550 onmes
1062 3490 1294 3561 pingues
1337 3494 1520 3552 terrae,
1568 3480 1627 3538 in
1678 3489 1978 3552 conspectu

402 3592 527 3660 ejus
588 3586 946 3660 prolabentur
1000 3596 1215 3648 omnes,
1256 3579 1350 3650 qui
1389 3575 1733 3643 descendunt
1779 3574 1836 3628 in
1868 3583 1981 3628 ter-

405 3699 545 3746 ram,
578 3688 632 3736 et
655 3681 841 3735 anima
888 3693 1004 3741 mea
1039 3675 1116 3728 illi
1149 3674 1304 3737 vivit,
1344 3678 1400 3726 et
1440 3685 1629 3726 semen
1661 3683 1839 3723 meum
1864 3681 1982 3721 ser-

403 3775 515 3830 viet
553 3774 624 3838 ei,
660 3770 1080 3829 annuntiabitur
1126 3764 1358 3822 Domino
1397 3761 1676 3835 generatio
1726 3765 1979 3822 ventura,

404 3876 461 3921 et
487 3865 893 3920 annuntiabunt
922 3860 1194 3933 justitiam
1216 3859 1341 3929 ejus
1364 3855 1566 3929 populo
1584 3853 1677 3924 qui
1699 3857 1980 3916 nascetur,

405 3972 569 4027 quem
602 3956 731 4010 fecit
761 3952 1139 4009 Dominus°~°a
1172 3949 1311 4005 lllud
1342 3946 1565 4020 quidem
1601 3943 1804 4008 «Deus,
1839 3939 1983 3995 Deus

408 4064 584 4116 meus,
614 4046 827 4118 respice
855 4047 911 4099 in
940 4060 1048 4113 me,
1087 4058 1259 4113 quare
1285 4037 1622 4109 dereliquisti
1651 4034 1775 4090 me?
1794 4053 1813 4091 ι
1839 4032 1985 4104 quod

408 4141 568 4195 initio
599 4138 794 4210 psalmi
815 4137 1020 4191 dictum
1053 4146 1160 4202 est,
1194 4149 1227 4187 a
1259 4132 1541 4187 Salvatore
1573 4136 1785 4191 nostro,
1820 4133 1880 4179 ut
1903 4132 1987 4179 est

409 4232 554 4303 apud
574 4231 914 4294 Mattbaeum,
947 4229 1068 4299 ipso
1090 4225 1366 4298 passionis
1390 4231 1632 4292 tempore
1647 4218 1853 4273 dictum
1876 4224 1982 4280 est,

410 4325 468 4388 in
518 4324 667 4378 hunc
706 4319 968 4377 modum:
1008 4338 1028 4370 ‹
1061 4316 1114 4371 A'
1149 4324 1304 4375 sexta
1353 4322 1535 4375 autem
1576 4312 1710 4371 liora
1750 4308 1989 4368 tenebrae

411 4416 576 4471 factae
602 4420 733 4469 sunt
765 4427 932 4484 super
980 4412 1294 4466 universam
1324 4396 1541 4462 terram
1582 4417 1757 4473 usque
1790 4401 1856 4456 ad
1888 4401 1990 4455 bo-

409 4523 530 4565 ram
559 4521 787 4570 nonam,
821 4512 876 4560 et
904 4503 1043 4559 hora
1069 4516 1215 4557 nona
1240 4498 1495 4555 clamavit
1522 4494 1685 4552 Jesus
1723 4509 1857 4550 voce
1882 4508 1992 4551 ma-

410 4615 517 4672 gna
543 4617 558 4654 :
584 4597 783 4661 Eloim,
834 4593 1032 4656 Eloim,
1082 4596 1282 4655 lamma
1322 4587 1708 4652 sabacbthani,
1747 4582 1893 4654 quod
1922 4599 1989 4649 ex

2077 3495 2173 3550 τοῦ
2223 3493 2429 3565 Κυρίου
2485 3495 2520 3562 ἡ
2569 3488 2833 3561 βασιλεία,
2894 3484 2990 3540 καὶ
3045 3481 3206 3545 αὐτὸς
3256 3479 3509 3543 δεσπόζει
3562 3476 3675 3529 τῶν

2080 3586 2521 3654 ὲθνῶν.³Ἐφαγον
2562 3582 2659 3635 καὶ
2690 3578 3106 3651 προσεκύνησαν
3152 3573 3354 3636 πάντες
3399 3573 3452 3624 οἱ
3485 3569 3677 3631 πίονες

2080 3678 2178 3748 τῆς
2200 3676 2324 3746 γῆς,
2354 3673 2584 3734 ἐνώπιον
2609 3669 2775 3725 αὐτοῦ
2809 3664 3250 3740 προσπεσοῦνται
3273 3663 3480 3731 πάντες
3501 3660 3555 3711 οἱ
3576 3676 3680 3710 κα-

2082 3766 2430 3828 ταϐαίνοντες
2461 3765 2540 3827 εἰς
2577 3761 2676 3833 τὴν
2706 3760 2828 3831 γῆν.
2860 3759 2972 3811 Καὶ
2999 3758 3031 3827 ὴ
3056 3756 3200 3825 ψυχή
3252 3769 3356 3822 μου
3406 3749 3562 3819 αὖτῴ
3585 3749 3676 3819 ζῇν

2085 3860 2178 3914 καὶ
2211 3859 2272 3911 τὸ
2314 3857 2533 3928 σπέρμα
2571 3872 2673 3926 μου
2718 3850 2994 3905 δουλεύσει
3026 3841 3682 3917 αύτῷ,Ἀναγγελήσεται

2084 3951 2162 4023 τῷ
2197 3950 2387 4023 Κυρίῳ
2433 3948 2596 4018 γενεά
2625 3949 2660 4017 ἡ
2695 3944 2989 4017 ἐρχομένη,
3034 3939 3128 3997 καὶ
3166 3933 3533 4004 ἀναγγελοῦσι
3580 3934 3681 4002 τὴν

2084 4042 2433 4112 δικαιοσύνην
2455 4037 2620 4099 αὐτοῦ
2654 4036 2767 4107 λαῷ
2799 4034 2877 4105 τῷ
2898 4028 3301 4102 τεχθησομένῳ,
3329 4025 3391 4079 ὃν
3419 4023 3684 4093 ἐποιησεν

2085 4138 2115 4189 ὁ
2147 4135 2368 4207 Κύριος.
2402 4152 2421 4185 ι
2454 4130 2548 4193 Τὸ,
2583 4147 2601 4182 ι
2624 4131 2681 4182 Ὀ
2726 4126 2859 4190 Θεός
2894 4140 3017 4198 μου,
3047 4120 3284 4194 πρόσχες
3340 4131 3432 4186 μοι
3458 4132 3471 4145 ·
3506 4114 3604 4167 ἵνα
3631 4112 3686 4165 τί

2088 4223 2442 4295 ἐγκατέλιπές
2484 4238 2580 4293 με;
2612 4240 2630 4272 ι
2658 4220 2715 4273 ὲν
2742 4219 2941 4290 ἀρχαῖς
2971 4212 3065 4268 τοῦ
3097 4208 3310 4282 ψαλμοῦ
3359 4206 3681 4275 λεγόμενον,

2089 4317 2230 4371 κατά
2261 4316 2351 4370 τὸν
2380 4313 2656 4368 Ματθαῖον
2685 4309 2789 4362 ὑπὸ
2822 4305 2916 4360 τοῦ
2944 4302 3195 4373 Σωτῆρος
3219 4297 3381 4372 ἡμῶν
3410 4296 3569 4367 παρά
3591 4295 3686 4349 τὸν

2089 4409 2183 4462 τοῦ
2232 4407 2438 4469 πάθους
2490 4404 2678 4475 καιρὸν
2725 4401 2898 4462 οὕτως
2941 4395 3186 4467 εἴρηταιε
3232 4410 3252 4442 ι
3279 4388 3589 4459 Γενομένης
3628 4387 3685 4440 δὲ

2091 4499 2241 4572 ὥρας
2285 4498 2472 4568 ἕκτης,
2503 4496 2690 4557 σκότος
2738 4491 2955 4560 ἐγένετο
2994 4486 3080 4557 ἐφ’
3110 4484 3240 4554 ὃλην
3284 4480 3385 4572 τὴν
3405 4478 3537 4548 γῆν,
3580 4477 3687 4538 ἕως

2093 4566 2243 4665 ὥρας
2273 4566 2498 4658 ὲννάτης
2520 4605 2532 4616 ·
2563 4587 2658 4639 καὶ
2698 4586 2765 4656 τῇ
2811 4579 3006 4651 ὲννάτῃ
3053 4574 3174 4648 ὥρᾳ
3210 4571 3436 4642 ἐϐόησεν
3477 4566 3687 4637 Ἰησοῦς

413 4688 868 4760 interpretatione
889 4693 1008 4742 est:
1030 4683 1199 4751 Deus,
1230 4682 1374 4738 Deus
1414 4696 1591 4745 meus,
1621 4693 1792 4750 quare
1834 4675 1973 4732 dere

2094 4660 2245 4758 φωνῇ
2283 4680 2527 4755 μεγάλῃο
2569 4672 3092 4747 Ἐλωεὶμ,Ἐλωεὶμ,
3117 4666 3316 4738 λαμμᾶ
3346 4660 3685 4732 σαϐαχθανὶ,

412 4780 625 4851 liquisti
657 4779 833 4834 me"?
866 4798 886 4830 ι
927 4786 1151 4846 accepta
1180 4790 1310 4831 vero
1353 4780 1481 4830 sunt
1517 4769 1786 4826 Hebraica
1824 4768 1992 4823 verba

414 4891 482 4931 ex
516 4888 602 4936 ea,
639 4886 762 4943 qua:
790 4885 936 4925 nunc
965 4876 1050 4926 est
1088 4868 1144 4922 in
1175 4866 1427 4922 manibus
1472 4863 1777 4935 prophetia.
1811 4852 1994 4930 Siqui-

416 4965 541 5021 dem
584 4964 670 5019 vel
714 4961 908 5023 iisdem
960 4960 1187 5033 syllabis
1230 4959 1368 5014 illud
1418 4958 1602 5028 ipsum
1638 4971 1651 5006 :
1701 4971 1720 5005 ι
1757 4951 1843 5007 Eli
1886 4951 1992 5015 Eli,

416 5058 616 5111 lamma
637 5052 1018 5120 sabachthani,
1045 5072 1064 5105 ι
1094 5050 1250 5107 initio
1269 5049 1464 5121 psalmi
1487 5046 1821 5110 continetur;
1848 5041 1993 5113 quod

416 5146 615 5217 Aquila
651 5146 708 5200 in
744 5145 892 5199 hunc
930 5143 1154 5198 modum
1204 5142 1597 5211 interpretatus
1645 5146 1773 5192 est:
1808 5154 1827 5188 ι
1858 5133 1995 5190 For-

417 5240 492 5294 tis
545 5254 723 5304 meus,
770 5237 932 5295 fortis
992 5252 1187 5306 meus,
1237 5249 1409 5306 quare
1454 5228 1801 5301 dereliquisti
1854 5226 1996 5293 me?

417 5330 580 5405 491
621 5330 792 5387 Porro
817 5328 964 5400 quod
998 5329 1111 5383 haec
1140 5327 1385 5383 eamdem
1432 5339 1557 5379 cum
1593 5322 1682 5386 iis,
1718 5335 1838 5391 quae
1866 5334 1995 5389 pas-

422 5421 595 5477 sionis
646 5429 889 5491 tempore
941 5435 971 5473 a
1034 5417 1316 5474 Salvatore
1369 5422 1558 5470 nostro
1622 5412 1769 5472 dicta
1827 5417 1993 5474 sunt,

421 5512 659 5568 habeant
689 5512 820 5576 vim,
857 5527 1018 5567 nemo
1058 5511 1247 5580 utique
1293 5507 1591 5578 negaverit.
1621 5503 1864 5575 Tempus
1894 5500 1998 5572 igi-..-

422 5615 516 5661 tur
538 5606 653 5676 jam
686 5623 835 5662 nunc
862 5605 1026 5662 fuerit
1068 5607 1340 5677 psalmum
1393 5604 1571 5673 ipsum
1615 5602 1825 5672 absque
1858 5609 1994 5654 con-

424 5698 692 5768 troversia
716 5698 783 5753 ad
815 5698 981 5752 alium
1012 5698 1222 5751 nullum
1254 5694 1480 5759 referre,
1502 5707 1664 5763 quam
1697 5691 1765 5745 ad
1797 5690 1949 5743 illum
1980 5710 1994 5746 :

496 5791 543 5833 “
580 5788 722 5852 Psal.
760 5807 886 5860 λιιι,
916 5790 1069 5846 2-52.
1148 5788 1193 5821 ⁸⁷
1235 5786 1426 5878 Mattlli.
1460 5800 1608 5839 xxvii
1632 5823 1646 5848 ,
1718 5781 1907 5846 45,46.

2091 4752 2120 4832 ό
2148 4752 2265 4830 ἐστι
2287 4752 2845 4846 μεθερμηνευόμενον
2866 4782 2879 4796 ·
2918 4765 2976 4817 '0
3001 4762 3151 4824 Θεὸς,
3174 4761 3203 4812 ό
3226 4757 3360 4819 Θεός
3384 4752 3622 4825 μου,ἷνα
3637 4752 3687 4803 τε

2095 4843 2451 4937 ἐγκατέλιπές
2479 4880 2581 4935 με;
2621 4881 2639 4912 ι
2672 4860 2928 4931 εἴληπται
2968 4854 3026 4908 δὲ
3053 4855 3088 4925 ἡ
3115 4848 3380 4921 Ἐϐραῖκὴ
3407 4845 3555 4937 λέξις
3584 4843 3689 4897 ἀπὸ

2095 4934 2193 5031 τῆς
2224 4959 2281 5011 ὲν
2309 4955 2467 5035 χερσὶ
2484 4934 2848 5024 προφητείας.
2881 4947 3076 5007 Δύταῖς
3104 4941 3233 5012 γοῦν
3268 4936 3566 4999 συλλαϐαῖς
3606 4934 3688 4997 τό,

2103 5069 2121 5101 ι
2145 5024 2501 5113 ζΗλεὶξἮλεὶ,
2524 5041 2719 5113 λαμμᾶ
2744 5035 3063 5109 σαϐαχθανὶ,
3089 5054 3107 5085 ι
3138 5036 3173 5104 ἡ
3194 5030 3288 5084 τοῦ
3312 5024 3532 5100 ψαλμοῦ
3565 5040 3689 5077 κατ-

2101 5144 2243 5216 αρχὴ
2275 5139 2543 5213 περιέχει,
2559 5137 2696 5206 ὅπερ
2714 5135 2743 5186 ὁ
2769 5130 3003 5192 Ἀκύλας
3022 5126 3210 5180 τοῦτον
3255 5122 3578 5194 ἡρμήνευσε
3600 5114 3689 5168 th

2351 5207 2376 5282 τι
2400 5207 2611 5301 Ἰσχυρέ
2637 5243 2759 5298 μου,
2789 5222 2976 5297 ἱσχυρέ
3003 5237 3126 5291 μου,
3150 5218 3237 5270 ἴνα
3257 5215 3309 5267 τί
3330 5207 3690 5306 ἐγκατέλιπές

2105 5343 2207 5397 με;
2242 5346 2260 5376 ι
2295 5323 2480 5377 Ταῦτα
2499 5321 2555 5375 δὲ
2580 5321 2662 5373 δτι
2691 5320 2804 5380 τοῖς
2832 5314 2938 5384 ύπὺ
2964 5310 3058 5365 τοῦ
3090 5307 3345 5377 Σωτῆρος
3372 5301 3530 5375 ἡμῶν
3546 5296 3691 5353 κατὰ

2099 5419 2193 5471 τὸν
2203 5417 2296 5470 τοῦ
2304 5414 2513 5485 ,πάθους
2529 5410 2718 5480 καιρὸν
2735 5413 2856 5480 εἱρη
2865 5406 3043 5479 μένοις
3063 5394 3510 5469 ἱσοδυναμεί,πᾶς
3522 5393 3691 5444 ὁστισ-

2103 5509 2197 5564 οῦν
2241 5477 2572 5579 ὁμολογήσαι
2609 5477 2854 5571 άνθορά
2868 5477 3156 5567 τοιγαροῦν
3182 5484 3574 5579 ἀναμφιλόγως
3606 5477 3693 5532 τὶν

2103 5573 2315 5671 magis};
2341 5573 2448 5652 οὐδ’
2465 5573 2566 5667 ⁷ἐφ’
2591 5596 2775 5666 ἕτερον
2803 5592 2837 5662 ἢ
2865 5589 2960 5649 ὲπὶ
2992 5588 3149 5659 μόνον
3180 5581 3343 5636 αὐτὸν
3377 5573 3693 5671 ἀναφέρειν,

2117 5690 2466 5764 ἑπειδὴξαύτῷ
2490 5689 2631 5759 μόνῳ
2648 5686 2742 5739 καὶ
2761 5680 3026 5753 οὐδετέρῳ
3050 5680 3110 5749 ἀρ
3124 5673 3275 5747 μόζει
3298 5671 3369 5725 τὰ
3390 5660 3707 5743 ὲμπεριεχό·
