3856 6222
180 343 286 400 761

1134 330 1795 394 DEMONSTRATIONIS
1827 324 2290 385 EVANGELICAE
2332 322 2458 382 LIB.
2494 321 2563 376 Χ.

3342 310 3450 366 762

181 480 346 537 μενα.
355 463 647 532 Ἀντικρυς
657 461 786 526 γοῦν
795 462 883 514 ἐπ’
897 459 1044 531 αὐτῷ
1055 459 1461 530 πεπληρωμένα
1474 456 1545 510 τά
1557 474 1617 509 τε
1632 454 1766 509 ἄλλα

1886 447 2309 521 ιυοηὰοίιιιίᾱεηι
2362 443 2440 498 illi
2483 442 2579 497 uni
2627 447 2684 494 et
2721 436 2853 492 nulli
2885 441 3146 505 praeterea
3186 430 3299 494 alii,
3331 446 3451 501 qua:

177 556 585 619 ἀποδείκνυται,
600 562 694 615 καὶ
720 554 785 626 δὴ
809 554 869 607 τὸ
898 554 1105 625 φᾲσκον
1123 554 1181 605 ὲν
1202 551 1403 622 ψαλμῷ
1420 567 1434 581 ο
1471 568 1490 601 ι
1518 548 1770 620 Διεμερί-

181 666 349 703 σαντο
371 647 444 702 τὰ
471 648 667 719 ἱμάτιά
710 665 811 719 μου
844 649 1077 712 ἑαυτοῖς,
1119 647 1217 701 καὶ
1243 646 1337 699 ἐπὶ
1362 645 1452 699 τὸν
1478 643 1771 716 ἱματισμόν

181 757 291 806 μου
345 738 536 793 ἔϐαλον
588 738 809 810 κλῆρον,
844 758 863 790 ι
896 739 1008 792 Kal
1046 738 1147 809 τὴν
1199 737 1546 807 κατάπαρσιν
1573 734 1631 788 δὲ
1662 734 1771 787 τῶν

177 825 352 895 ἥλων,
382 826 494 880 τῶν
519 827 661 881 κατὰ
682 826 794 880 τῶν
820 827 1019 899 χειρῶν
1050 828 1144 881 καὶ
1166 827 1341 880 ποδῶν
1369 826 1462 879 ἐπὶ
1488 824 1583 879 τοῦ
1612 841 1774 878 σταυ-

179 920 283 990 ροῦ
299 919 763 991 προσηλωθέντων
777 919 944 992 αὐτῷ,
961 919 1256 992 διαρρήδην
1278 916 1555 989 ἐμφαίνει,
1573 916 1768 986 λέγων’

182 1011 464 1084 «Ὠρυξαν
510 1013 699 1082 χεῖράς
750 1029 851 1083 μου
895 1014 990 1067 xal
1039 1012 1208 1075 πόδας
1247 1029 1370 1083 μου,
1397 1008 1772 1081 ἐξηρίθμησαν

176 1106 365 1157 πάντα
393 1103 462 1157 τὰ
494 1105 630 1157 ὀστᾶ
659 1120 783 1174 μου.
816 1122 834 1154 ι
862 1103 973 1156 Kal
993 1102 1063 1160 τὰ
1081 1102 1245 1156 λοιπὰ
1268 1102 1325 1155 δὲ
1351 1101 1496 1172 μόνῳ
1517 1100 1582 1155 ἂν
1604 1102 1774 1172 ἐφαρ-

180 1197 353 1266 μόσαι
397 1194 568 1264 αύτῷ,
611 1195 683 1259 ὼς
732 1193 936 1267 προῖὼν
981 1196 1010 1248 6
1056 1194 1211 1262 λόγος
1249 1194 1701 1265 παραστήσει.Ἦ
1744 1194 1775 1246 6

180 1288 509 1360 βουλόμενος
533 1288 617 1357 ἐφ’
637 1288 822 1359 ἕτερον
854 1286 1174 1357 μεταλαϐεῖν
1198 1288 1507 1360 πρόσωπον,
1532 1288 1649 1359 ήτοι
1678 1286 1777 1359 βα-

179 1378 403 1443 σιλέως,
435 1379 469 1449 ἢ
499 1380 799 1451 προφήτου,
830 1379 864 1449 ἢ
894 1379 989 1432 καί
1027 1397 1172 1443 τινος
1215 1378 1324 1433 τῶν
1366 1378 1585 1433 πώποτε
1622 1380 1775 1452 παρὰ

189 1468 473 1530 Ἰουδαίοις
504 1466 788 1537 θεοφιλῶν,
818 1467 1100 1533 δεικνύτω,
1134 1471 1184 1523 εί
1227 1463 1338 1533 οἷός
1368 1486 1427 1522 τε
1457 1469 1564 1539 εἴη,
1603 1470 1776 1540 ἐφαρ-

180 1555 376 1628 μύζειν
408 1558 477 1611 τὰ
507 1558 994 1630 ἀναγεγραμμένα.
1011 1560 1128 1612 Τίνι
1150 1559 1258 1630 γὰρ
1275 1559 1384 1613 τῶν
1412 1558 1630 1613 πώποτε
1650 1576 1776 1612 κυο-

177 1649 539 1721 φορουμένων
587 1650 681 1703 ὲπὶ
719 1650 973 1705 τοσοῦτον
1017 1651 1199 1723 παρῆν
1248 1652 1449 1723 ἀρετῆς
1480 1651 1579 1705 καὶ
1609 1651 1775 1705 δυνά-

182 1761 358 1815 μεως,
388 1742 530 1797 ὥστε
573 1742 877 1798 καθεστῶτι
917 1744 1181 1815 λογισμῷ,
1216 1744 1310 1798 καὶ
1347 1744 1639 1815 ἀσυγχύτῳ
1670 1743 1774 1813 ψυ-

1872 543 1929 596 in
1962 557 2027 595 eo
2048 529 2425 598 continentur.
2458 531 2813 590 conveniunt.
2846 526 3176 581 Planissime
3202 524 3369 595 igitur
3393 525 3452 579 in

1867 637 1965 692 illo
1990 650 2113 689 cum
2163 633 2267 687 alia
2322 629 2591 700 completa
2626 641 2751 682 esse
2804 629 3044 685 constat,
3091 633 3213 689 qua“:
3261 618 3319 672 in
3349 616 3456 673 hoc

1871 728 2085 799 psalmo
2114 726 2390 796 leguntur,
2431 728 2548 776 tum
2598 734 2729 773 vero
2762 716 2927 772 etiam
2988 711 3124 768 illud
3180 708 3327 780 quod
3378 709 3456 763 ita

1872 820 1948 874 ait
1980 838 1992 873 :
2024 838 2041 870 ι
2086 815 2400 872 Diviserunt
2448 811 2774 867 vestimenta
2827 820 2949 860 mea
3005 802 3133 869 sibi,
3186 808 3242 856 et
3291 814 3458 869 super

1870 923 2077 967 vestem
2120 923 2294 963 meam
2348 907 2618 960 miserunt
2677 908 2905 956 sortem.
2982 916 3001 949 ι
3051 892 3455 963 Trajectiouent

1870 1018 2002 1058 vero
2034 1001 2313 1055 clavorum
2349 996 2442 1067 qui
2495 995 2643 1049 illius
2690 991 2948 1046 manibus
3005 1002 3069 1043 ac
3119 984 3350 1055 pedibus
3400 982 3457 1036 in

1874 1110 2037 1151 cruce
2077 1090 2219 1147 aﬂixi
2277 1097 2425 1151 sunt,
2462 1085 2875 1143 evidentissime
2907 1080 3135 1144 indicat,
3171 1077 3298 1131 dum
3328 1074 3406 1129 ait
3438 1093 3454 1130 :

1880 1206 1897 1237 ι
1941 1184 2224 1241 Fuderunt
2267 1194 2465 1234 manus
2495 1192 2646 1232 meas
2682 1183 2736 1231 et
2768 1172 2935 1245 pedes
2980 1184 3155 1232 meos,
3208 1166 3459 1221 dinumeo

1873 1284 2133 1332 raverunt
2163 1274 2347 1329 omnia
2394 1286 2522 1327 ossa
2554 1284 2697 1325 mea.
2731 1286 2750 1319 ι
2782 1266 2874 1320 Sic
2917 1264 3084 1319 etiam
3115 1260 3321 1329 reliqua
3363 1255 3459 1311 uni

1876 1371 1952 1426 illi
1991 1384 2091 1424 nec
2118 1368 2211 1421 alii
2247 1365 2484 1435 cuipiam
2518 1368 2778 1433 prazterea
2807 1355 3158 1415 convenient,
3195 1347 3462 1421 quemad-

1874 1461 2094 1518 modum
2127 1472 2416 1531 progressa
2454 1456 2671 1524 longius
2713 1450 2887 1505 oratio
2913 1443 3331 1505 demonstrabit,
3367 1448 3462 1496 aut

1874 1561 2021 1609 certe
2058 1551 2240 1622 quivis
2268 1565 2371 1604 suo
2402 1547 2694 1607 arbitratu,
2721 1539 2973 1612 quamvis
3015 1538 3177 1591 aliam
3217 1533 3461 1606 proferat

1874 1657 2166 1714 personam
2200 1647 2295 1694 aut
2357 1640 2525 1708 regis,
2574 1641 2669 1690 aut
2707 1632 3018 1703 prophetae,
3071 1636 3168 1683 aut
3223 1626 3461 1695 alicujus

1876 1751 2088 1801 eorum,
2111 1732 2206 1804 qui
2237 1732 2514 1802 quondam
2543 1726 2688 1799 apud
2721 1723 2940 1780 Iudaeos
2973 1721 3067 1777 Dei
3101 1720 3263 1775 amici
3294 1727 3349 1775 et
3380 1718 3462 1772 fa—

177 1840 279 1909 χῇ,
328 1837 576 1908 νηφαλίῳ
609 1854 667 1891 τε
721 1839 1027 1910 φρονήματι
1058 1814 1193 1890 Θεοῦ
1223 1836 1424 1907 γνῶσιν
1462 1814 1773 1901 ἄναλαϐεἷν,

1886 1828 2123 1883 miliares
2153 1823 2491 1888 exstiterint,
2519 1819 2884 1888 ostendatque
2923 1817 2969 1873 si
3012 1814 3209 1886 possit,
3237 1828 3301 1868 ea
3340 1827 3463 1882 quae

177 1930 283 1983 κα).
308 1931 491 1984 πᾶσαν
520 1931 614 1984 ἐπὶ
640 1931 732 1984 τὸν
758 1931 891 1985 Θεὸν
911 1933 1211 2002 ἀναρτῆσαι
1234 1929 1401 1984 αὑτοῦ
1425 1931 1525 2002 τὴν
1550 1929 1772 1994 ὲλπίδα;

177 2022 318 2076 ὥστ’
352 2020 419 2077 ἂν
446 2024 621 2077 είπείν
641 2041 655 2054 ·
693 2026 846 2078 «Ὅτι
883 2025 947 2078 σὺ
980 2021 1029 2078 εἶ
1059 2028 1087 2079 6
1120 2024 1405 2087 ὲκσπάσας
1472 2040 1539 2094 με
1584 2025 1648 2076 ἐκ
1685 2039 1777 2090 γα-

180 2116 353 2187 στρὸς
386 2117 591 2189 μητρός
626 2135 750 2188 μου,
785 2119 819 2189 ή
849 2118 1003 2182 ἐλπίς
1031 2134 1132 2188 μου
1165 2116 1275 2171 ἀπὸ
1307 2114 1527 2187 μαστῶν
1550 2115 1651 2185 τῆς
1681 2132 1780 2187 μη-

176 2205 315 2276 τρός
348 2222 473 2276 μου.
508 2207 633 2259 Ἐπὶ¹
685 2206 745 2260 σὲ
791 2206 1095 2279 ὲπεῤῥίφην
1126 2208 1190 2258 ὲκ
1221 2207 1452 2278 μήτρας,
1484 2207 1548 2258 ἐκ
1570 2204 1778 2269 κοιλίας

180 2297 400 2369 μητρός
445 2316 545 2369 μου
594 2298 725 2363 Θεός
771 2316 872 2370 μου
917 2297 969 2353 εἷ
1010 2298 1095 2352 σύ.
1128 2319 1148 2351 ι
1183 2298 1280 2362 Τίς
1307 2297 1363 2351 δὲ
1387 2296 1630 2360 τοιοῦτος
1659 2296 1778 2368 Θεῷ

180 2387 594 2460 μεμελημένος,
623 2390 824 2454 ὖνειδος
868 2390 1172 2462 ἀνθρώπων
1204 2389 1398 2459 γέγονε
1437 2389 1534 2443 καὶ
1566 2388 1779 2454 ἐξουθέ-

178 2496 252 2550 vr;
262 2497 341 2551 μα
368 2480 529 2548 λαοῦς
560 2482 665 2535 ὑπὸ
712 2482 870 2536 τίνων
914 2482 973 2536 δὲ
1016 2482 1111 2536 καὶ
1152 2481 1409 2535 ποδαπῶν
1441 2481 1656 2552 μόσχων
1683 2480 1779 2534 καὶ

177 2573 409 2645 ταύρων
436 2575 542 2646 χρὴ
565 2578 705 2628 νοεῖν
734 2574 826 2628 τὸν
859 2574 1059 2629 τοιόνδε
1084 2573 1493 2639 κεκυκλῶσθαι;
1523 2574 1575 2627 τί
1603 2573 1660 2626 δὲ
1684 2590 1779 2626 πα-

179 2663 300 2717 θὼν
331 2665 362 2716 6
395 2664 722 2737 δηλούμενος
749 2666 883 2720 ὡσεὶ
923 2665 1065 2739 ὕδωρ
1100 2665 1362 2737 ὲξεχύθη;
1399 2665 1494 2718 καὶ
1555 2663 1674 2728 πῶς
1702 2663 1781 2717 δι-

177 2755 527 2828 εσκορπίσθη
556 2756 722 2811 αὐτοῦ
755 2757 823 2811 τὰ
854 2758 1020 2823 ama;
1052 2758 1167 2822 πῶς
1197 2757 1253 2810 δὲ
1282 2758 1363 2821 είς
1390 2755 1518 2827 χοῦν
1547 2755 1779 2810 θανάτου

178 2846 464 2918 κατήχθη,
495 2849 590 2903 καὶ
620 2850 914 2921 καταχθεὶς
935 2853 1015 2914 εἰς
1038 2848 1166 2921 χοῦν
1190 2849 1445 2909 θανάτου,
1467 2847 1535 2901 τὰ
1556 2846 1781 2901 τοιαῦτα

179 2940 347 2995 λαλεῖ
375 2940 478 3006 ἔτι,
515 2944 609 2997 καὶ
636 2944 701 3015 ζῇ
732 2945 827 2997 καὶ
847 2942 1175 3013 epes-necat;
1209 2940 1353 3003 τίνες
1384 2940 1443 2994 δὲ
1471 2942 1521 2993 oi
1548 2938 1708 3004 κύνες
1732 2940 1781 2992 οἱ

182 3031 576 3098 κυκλώσαντες
626 3035 808 3099 αὑτὸν,
842 3034 1017 3104 ἕτεροι
1077 3033 1231 3097 ὄντες
1276 3032 1430 3105 παρὰ
1473 3033 1601 3097 τοὺς
1645 3049 1782 3103 προ-

180 3125 618 3197 ωνομασμένους
644 3127 877 3198 ταύρους
894 3129 987 3181 καὶ
1019 3127 1251 3199 μόσχους
1271 3143 1285 3192 ;
1306 3126 1436 3179 ποία
1462 3125 1517 3178 δὲ
1537 3141 1781 3193 συναγω-

314 3218 767 3290 πονηρευομένων
808 3218 908 3283 τὰς
945 3224 1132 3290 χεῖρας
1176 3221 1238 3272 ού
1284 3219 1462 3288 μόνον,
1504 3217 1641 3272 ἀλλὰ
1690 3216 1784 3271 καὶ

179 3309 322 3373 τοὺς
355 3308 522 3373 πόδας
565 3309 662 3364 τοῦ
694 3310 1010 3381 τηλικούτου
1056 3310 1293 3384 ὤρυξαν,
1324 3309 1692 3372 ἀποδύσαντες
1724 3326 1784 3362 τε

182 3398 379 3463 αὐτὸν,
411 3399 480 3452 τὰ
535 3400 636 3472 μέν
677 3418 800 3455 τινα
839 3401 1095 3456 διείλοντο
1123 3402 1289 3456 αὑτοῦ
1319 3401 1426 3455 τῶν
1451 3400 1783 3472 ἐνδυμάτων,

183 3490 262 3545 τὰ
292 3490 352 3543 δὲ
383 3491 479 3544 καὶ
516 3491 704 3562 κλήρῳ
736 3490 992 3562 λαχόντες
1020 3492 1241 3558 ἐλαϐον;
1268 3493 1352 3557 τίς
1378 3492 1434 3545 δὲ
1468 3495 1500 3566 ή
1545 3492 1787 3564 ῥομφαία

184 3588 288 3640 καὶ
334 3588 364 3640 6
405 3586 572 3651 κύων,
606 3587 701 3640 xal
730 3587 758 3638 6
783 3586 953 3651 λὲων;
982 3587 1126 3652 τίνες
1156 3588 1211 3641 δὲ
1241 3590 1291 3642 οἱ
1323 3588 1606 3659 λεγόμενοι
1638 3604 1790 3657 μονο-

185 3676 457 3747 κέρωτες,
498 3676 591 3729 τὸν
639 3676 968 3748 δηλούμενον
1002 3679 1379 3750 περιέχοντες;
1413 3679 1531 3742 πῶς
1561 3678 1618 3732 δὲ
1650 3678 1790 3749 μετὰ

186 3770 294 3841 τὴν
323 3770 463 3840 πρὸς
488 3760 775 3834 τοσούτους
805 3770 1004 3841 πάλην,
1033 3773 1170 3841 μετὰ
1199 3771 1260 3825 τὸ
1294 3775 1373 3836 εἰς
1399 3771 1529 3843 χοῦν
1554 3771 1787 3825 θανάτου

188 3860 556 3933 καταχθῆναι,
591 3862 988 3931 ἐπαγγέλλεται
1016 3863 1078 3915 τὸ
1103 3862 1273 3934 ὄνομα
1313 3861 1409 3916 τοῦ
1471 3862 1685 3934 Πατρὸς
1712 3861 1791 3915 δι-

188 3952 472 4025 ηγεῖσθαι,
488 3954 551 4006 ού
577 3954 914 4019 πᾶσιν,ἁλλὰ
938 3954 1119 4026 μόνοις
1141 3958 1253 4019 τοῖς
1281 3953 1473 4008 ἑαυτοῦ
1504 3953 1786 4023 ἀδελφοίς;

189 4045 342 4109 τίνες
366 4062 426 4098 τε
451 4047 504 4099 οἱ
529 4045 769 4116 ἀδελφοὶ,
802 4046 886 4110 τίς
916 4064 976 4100 τε
1007 4050 1040 4120 ἡ
1082 4047 1398 4119 Ἐκκλησία,
1428 4049 1555 4119 περὶ
1582 4041 1650 4118 ἧς
1683 4063 1788 4117 φη-

195 4154 284 4192 σιν
333 4139 362 4190 6
409 4136 478 4191 τὰ
529 4138 755 4192 τοιαῦτα
802 4138 1030 4205 παθὼν,
1088 4158 1106 4188 ι
1143 4139 1232 4192 Ἐν
1280 4140 1430 4210 μέσῳ
1466 4137 1791 4208 Ἐκκλησίας

194 4230 428 4300 ὑμνήσω
476 4247 558 4294 σε,
611 4248 630 4280 ι
683 4224 766 4293 οἷς
808 4231 906 4284 καὶ
955 4231 1216 4300 ἐπιλέγει,
1246 4230 1322 4293 ὡς
1364 4230 1472 4302 ἄρα
1510 4232 1610 4301 οὐχ
1644 4229 1703 4282 ἒν
1730 4229 1792 4282 τὸ

208 4321 484 4376 Ἰουδαίων
517 4320 692 4385 ἔθνος,
729 4339 748 4372 ι
780 4323 959 4376 πάντα
980 4321 1037 4374 δὲ
1068 4320 1138 4375 τὰ
1171 4320 1384 4393 πέρατα
1410 4322 1510 4392 τῆς
1531 4323 1634 4393 γῆς
1666 4338 1792 4375 συν-

194 4413 570 4485 αισθήσονται,
602 4414 697 4467 xal
725 4415 1223 4486 ὲπιστραφήσονται
1262 4416 1395 4486 πρὸς
1444 4414 1669 4487 Κύριον,
1696 4416 1792 4468 καὶ

195 4504 670 4575 προσκυνήσουσιν
695 4502 927 4556 ἐνώπιον
954 4503 1121 4557 αὑτοῦ
1152 4504 1321 4556 πᾶσαι
1349 4504 1404 4557 αἱ
1429 4503 1658 4575 πατριαὶ
1681 4502 1790 4555 τῶν

1879 1919 1955 1974 ita
1984 1917 2261 1986 descripta
2310 1922 2468 1978 sunt,
2505 1913 2635 1967 huic
2666 1909 2980 1967 convenire.
3036 1906 3142 1962 Sed
3192 1906 3336 1961 enim
3371 1903 3463 1958 cui

1878 2024 2122 2081 unquam
2169 2023 2383 2070 eorum,
2411 2021 2552 2076 quos
2610 2004 2664 2061 in
2718 2012 2874 2058 utero
2919 2007 3094 2055 mater
3146 1995 3461 2068 gestaverit,

1879 2111 2090 2159 tantum
2148 2099 2405 2164 virtutis,
2476 2104 2803 2166 tantumque
2863 2093 3062 2148 virium
3129 2088 3349 2145 adfuit?
3404 2096 3466 2142 ut

1878 2197 2153 2258 constanti
2204 2192 2553 2266 cogitatione,
2612 2189 2906 2261 animoque
2936 2182 3357 2255 imperturbata,
3411 2188 3468 2235 et

1879 2294 2058 2344 mente
2093 2285 2277 2342 sobria
2306 2293 2361 2340 et
2394 2289 2600 2346 erecta,
2650 2279 2747 2335 Dei
2773 2277 3139 2350 cognitionem
3170 2274 3464 2345 acceperit,

1879 2390 1934 2436 et
1965 2394 2182 2435 omnem
2231 2390 2390 2433 suam
2422 2388 2573 2443 spem
2604 2373 2661 2428 in
2691 2371 2803 2427 Deo
2846 2368 3230 2435 collocaverit,
3291 2380 3469 2436 usque

1880 2468 2015 2525 adeo
2044 2476 2105 2524 ut
2150 2468 2390 2539 potuerit
2415 2468 2602 2522 dicere
2635 2485 2648 2521 :
2681 2484 2699 2517 ‹
2741 2462 3011 2530 Quoniam
3042 2468 3102 2516 tu
3135 2476 3195 2516 es
3222 2460 3317 2530 qui
3372 2475 3468 2515 ex-

1880 2559 2097 2615 traxisti
2147 2573 2235 2613 me
2281 2555 2350 2611 de
2395 2563 2588 2613 ventre
2638 2553 2833 2609 matris
2885 2566 3037 2614 meae.
3079 2565 3207 2621 spes
3238 2563 3358 2604 mea
3399 2548 3470 2602 ab

1881 2650 2144 2706 uberibus
2172 2649 2366 2705 matris
2393 2663 2549 2713 meae,
2580 2640 2635 2701 in
2665 2654 2719 2702 te
2746 2645 3024 2716 projectus
3052 2659 3173 2698 sum
3199 2656 3265 2697 ex
3287 2648 3466 2704 utero,

1881 2745 1949 2801 de
1976 2751 2168 2799 ventre
2211 2741 2407 2797 matris
2441 2755 2576 2795 mea:
2634 2738 2777 2793 Deus
2829 2752 2985 2791 meus
3032 2751 3093 2790 es
3138 2743 3217 2789 tu.
3274 2753 3292 2786 ι
3332 2732 3469 2799 Quis

1881 2852 2048 2907 porro
2077 2849 2322 2909 unquam
2345 2834 2437 2890 ubi
2471 2834 2590 2903 ipse
2629 2837 2793 2885 tanta:
2818 2844 2965 2883 cura:
2992 2825 3102 2882 Deo
3130 2825 3316 2889 fuerit,
3346 2834 3473 2894 post

1882 2942 1947 2982 ea
1987 2926 2342 2998 opprobrium
2374 2923 2660 2977 hominum
2690 2929 2744 2975 et
2785 2919 3019 2990 abjectio
3051 2917 3236 2988 populi
3290 2916 3471 2972 factus

1884 3018 2006 3074 est?
2027 3033 2058 3071 a
2083 3016 2286 3087 quibus
2321 3025 2504 3069 autem
2554 3020 2609 3067 et
2641 3010 2954 3082 cujusmodi
2979 3011 3189 3072 vitulis,
3227 3018 3320 3063 aut
3348 3017 3475 3062 tan-

1884 3116 1962 3168 ris
1992 3110 2405 3183 intelligendum
2436 3116 2521 3165 est
2569 3109 2715 3163 hunc
2746 3107 2918 3162 fuisse
2949 3104 3390 3162 circumdatum?
3418 3111 3473 3159 et

1886 3207 2017 3277 quid
2040 3206 2258 3261 tandem
2290 3204 2419 3260 huic
2446 3205 2549 3275 ipsi
2579 3203 2802 3266 accidit,
2821 3211 2880 3256 ut
2904 3201 3061 3272 quasi
3095 3215 3234 3270 aqua
3267 3198 3474 3254 eﬂ‘usus

1888 3301 2078 3356 sit?et
2123 3298 2402 3370 quomodo
2429 3296 2680 3366 ejusdem
2741 3310 2867 3350 ossa
2921 3294 3174 3365 dispersa
3223 3292 3390 3349 sunt?
3418 3298 3476 3347 et

1887 3406 1994 3461 qua
2026 3392 2240 3445 ratione
2290 3389 2346 3443 in
2387 3388 2666 3459 pulverem
2705 3386 2919 3440 mortis-
2946 3384 3219 3439 deductus
3271 3383 3395 3439 est?
3419 3390 3476 3437 et

1888 3484 2120 3540 simulac
2175 3483 2230 3536 in
2268 3484 2430 3538 talem
2469 3482 2749 3552 pulverem
2775 3487 2860 3534 est
2885 3478 3176 3543 deductus,
3214 3477 3394 3531 adhuc
3420 3482 3477 3531 et

1886 3578 2020 3631 talia
2069 3576 2335 3647 loquitur,
2377 3582 2432 3630 et
2477 3574 2634 3636 vivit,
2664 3580 2718 3628 et
2749 3572 2991 3627 vocalem
3027 3586 3086 3626 se
3132 3568 3394 3641 praestat?
3422 3574 3478 3622 et

1888 3669 2114 3739 quinam
2165 3667 2258 3724 alii
2312 3681 2480 3721 canes
2525 3665 2680 3719 illum
2732 3661 3220 3719 circumdederunt
3268 3667 3471 3731 praeter
3525 3699 3529 3703 .

1889 3776 2007 3826 eos,
2038 3768 2178 3829 quos
2227 3759 2367 3814 dixit
2411 3764 2466 3813 et
2517 3764 2707 3811 tauros
2757 3762 2812 3809 et
2851 3753 3092 3809 vitulos?
3148 3751 3297 3822 quod
3343 3766 3477 3807 vero

1890 3851 2186 3911 consilium
2243 3848 2662 3919 malignantium
2714 3861 2825 3900 non
2881 3845 3061 3899 solum
3119 3857 3316 3905 manus
3379 3842 3476 3897 sed

1890 3943 2057 3997 etiam
2090 3941 2256 4012 pedes
2285 3940 2519 4010 hujusce
2568 3937 2636 3993 de
2669 3951 2780 4006 quo
2814 3950 2996 3990 senno
3024 3939 3130 3997 est,
3182 3930 3479 3987 foderunt?

1895 4035 1988 4105 qui
2025 4035 2191 4090 etiam
2244 4041 2538 4105 postquam
2590 4029 2845 4086 eumdem
2903 4033 3207 4091 exuerunt,
3267 4032 3477 4095 partem

1894 4125 2116 4197 quidem
2166 4125 2619 4180 vestimentorum
2686 4120 2860 4191 ipsius
2924 4118 3201 4183 divisere,
3263 4123 3476 4187 partem

1891 4232 2022 4271 vero
2050 4215 2217 4286 jactis
2263 4214 2506 4270 sortibus
2537 4210 2933 4283 arripuerunt?
2962 4218 3017 4265 et
3062 4225 3312 4279 quaenam
3366 4207 3480 4262 ira-

1893 4324 2015 4364 mea
2057 4307 2188 4362 illa?
2216 4307 2343 4377 quis
2380 4306 2576 4362 canis?
2616 4305 2742 4375 quis
2782 4303 2908 4359 leo?
2940 4302 3034 4373 qui
3091 4302 3218 4356 item
3250 4300 3327 4355 illi
3383 4299 3479 4371 qui

1894 4400 2152 4453 dicuntur
2184 4399 2480 4453 unicornes
2507 4412 2654 4458 eum,
2695 4395 2763 4451 de
2805 4411 2917 4465 quo
2973 4409 3151 4450 sermo
3184 4401 3290 4458 est,
3323 4392 3479 4448 obsi-

1895 4490 2131 4545 dentes?
2356 4497 2412 4545 et
2440 4503 2549 4559 qua
2580 4487 2777 4542 ﬁducia
2805 4495 2931 4557 post
2966 4493 3175 4539 tantam
3198 4490 3389 4539 contra
3423 4481 3480 4536 id

196 4563 404 4658 ὲθνῶν;
438 4563 593 4645 {Kal
624 4592 688 4644 σὺ
711 4592 788 4654 δὲ,
827 4592 976 4663 παρὰ
1007 4590 1189 4663 σαυτῷ
1219 4591 1516 4663 βασανίσας
1543 4563 1783 4663 ’ἑκάστην

1896 4597 2069 4653 genus
2120 4563 2345 4646 luetam,
2402 4595 2467 4634 ac
2512 4591 2801 4651 postquam
2858 4578 2914 4632 in
2967 4577 3244 4655 pulverem
3285 4574 3480 4628 mortis

196 4682 346 4749 λέξιν
394 4681 490 4734 τοῦ
539 4680 778 4752 ψαλμοῦ,
808 4680 908 4735 θέα
952 4684 1001 4734 εί
1047 4681 1271 4751 δυνατὸν
1301 4684 1396 4749 ἐπὶ
1425 4681 1514 4736 τὸν
1561 4683 1795 4754 τυχόντα

195 4775 498 4846 ἀναφέρειν
526 4773 596 4827 τὰ
619 4771 1001 4843 θεσπιζόμενα.
1020 4773 1159 4826 Ἀλλ’
1186 4773 1287 4826 οὐκ
1323 4774 1389 4827 ἂν
1414 4771 1595 4844 εὕροις
1621 4772 1794 4844 ἑτέρῳ

200 4886 282 4939 τῳ
306 4867 673 4939 ἐφαρμόττειν
704 4867 843 4920 αὐτὰ
872 4866 906 4938 ἢ
945 4867 1091 4938 μόνῳ
1115 4867 1328 4938 Σωτῆρι
1361 4869 1394 4937 ή
1405 4866 1541 4937 μῶν,
1569 4865 1628 4930 ὃς
1657 4868 1794 4921 πάν-

200 4980 313 5016 των
352 4960 675 5024 πιστότατος
714 4959 780 5013 ἂν
812 4959 895 5031 εἴη
930 4960 1025 5013 καί
1063 4957 1450 5031 ἀληθέστατος,
1484 4960 1565 5022 εἰς
1597 4958 1788 5012 ἑαυτοῦ

198 5053 495 5126 πρόσωπον
526 5050 834 5123 ἀνειληφὼς
860 5050 959 5122 τὴν
983 5050 1090 5104 ἀπὸ
1115 5049 1210 5105 τοῦ
1242 5048 1460 5120 ψαλμοῦ
1489 5048 1691 5121 φωνὴν,
1715 5050 1791 5112 ὼς

201 5146 597 5219 ἐμαρτύρησαν
625 5146 675 5197 οἱ
703 5143 1086 5213 εὐαγγελισταί
1104 5159 1118 5174 ο
1147 5144 1176 5195 6
1208 5143 1306 5214 μὲν
1328 5141 1604 5204 Ματθαίος
1628 5140 1695 5195 δι’
1717 5132 1793 5194 ὧν

201 5237 556 5312 παρεθέμεθα
589 5237 754 5292 αὑτοῦ
788 5237 1018 5303 λέξεωνο
1048 5237 1079 5289 6
1108 5237 1166 5290 δὲ
1209 5237 1436 5307 Μάρκος
1486 5235 1553 5288 δι’
1575 5227 1650 5287 ὧν
1699 5233 1795 5288 καὶ

203 5331 368 5394 αὐτὸς
393 5324 498 5383 ὧδέ
531 5346 648 5392 πως
675 5331 879 5399 ἱστορεῖ
910 5327 1083 5396 λέγων
1102 5344 1116 5358 ’
1150 5346 1169 5380 ί
1202 5328 1511 5398 Γενομένης
1551 5326 1611 5379 δὲ
1647 5324 1795 5397 ὥρας

201 5424 393 5493 ἕκτης,
417 5422 604 5485 σκότος
636 5421 853 5491 ἐγένετο
878 5422 961 5490 ἐφ’
982 5420 1110 5492 ὅλης
1137 5421 1236 5492 τῆς
1263 5420 1388 5490 γῆς,
1406 5421 1510 5483 ἕως
1541 5417 1690 5490 ὥρας
1718 5418 1799 5471 ὲν-

200 5517 392 5587 νάτης.
429 5515 541 5569 Καὶ
574 5516 642 5585 τῇ
678 5513 871 5584 ὲννάτῃ
924 5511 1043 5584 ὥρα
1092 5511 1317 5582 ἐϐόησεν
1367 5513 1396 5564 6
1432 5509 1641 5582 Ἰησοῦς
1684 5525 1797 5579 φω-

201 5610 268 5679 νῇ
307 5606 541 5678 μεγάλῃ,
573 5605 748 5675 λέγων
766 5623 780 5637 ο
820 5605 988 5669 Ἠλεὶ,
1007 5603 1174 5669 Ἠλεὶ,
1192 5604 1389 5676 λαμμᾶ
1419 5602 1745 5673 σαϐαχθανὶ,
1769 5602 1797 5655 ὃ

202 5702 322 5753 ἐστι
363 5696 902 5771 μεθερμηνευόμενον
922 5713 939 5731 ο
987 5697 1046 5751 Ὀ
1078 5697 1230 5760 Θεὸς,
1261 5700 1289 5751 ὁ
1321 5697 1454 5759 Θεός
1486 5713 1613 5766 μου,
1638 5697 1718 5760 εἰς
1744 5696 1797 5748 τί

211 5790 571 5863 ἐγκατέλιπές
602 5807 702 5871 με;
730 5790 840 5846 Καί
882 5806 1027 5854 τινες
1070 5789 1177 5846 τῶν
1210 5790 1555 5844 ἀκουσάντων
1580 5787 1792 5842 ἔλεγον·

1892 4673 2164 4729 deductus
2193 4680 2301 4738 est,
2337 4672 2628 4742 pollicetur
2660 4687 2719 4727 se
2744 4685 2944 4725 nomen
2996 4667 3167 4738 patris
3220 4666 3306 4722 sui
3348 4680 3480 4719 nar-

1893 4773 2143 4829 raturum
2181 4779 2296 4819 non
2330 4763 2613 4825 omnibus,
2640 4762 2736 4816 sed
2774 4761 2908 4816 solis
2940 4765 3055 4814 suis
3088 4755 3397 4811 fratribus?
3426 4762 3482 4809 et

1892 4858 1988 4927 qui
2043 4857 2263 4912 tandem
2322 4856 2379 4910 hi
2430 4854 2682 4909 fratres?
2727 4868 2979 4924 quaenam
3045 4866 3175 4905 vero
3234 4848 3481 4903 Ecclesia

1899 4950 2035 5013 haec,
2068 4949 2136 5003 de
2160 4964 2266 5017 qua
2293 4946 2340 5002 is
2375 4948 2469 5017 qui
2503 4947 2631 4999 talia
2658 4945 2903 5015 pertulit,
2936 4943 3009 4996 ita
3045 4939 3329 5012 loquitur?
3356 4959 3373 4990 ι
3420 4939 3484 4994 1n

1900 5041 2079 5095 medio
2110 5039 2366 5094 Ecclesiae
2424 5036 2660 5092 laudabo
2698 5044 2782 5101 te;
2844 5053 2863 5085 ι
2896 5033 3099 5102 quibus
3148 5033 3315 5088 etiam
3347 5030 3483 5084 illud

1901 5133 2152 5204 adjungit
2180 5151 2192 5185 :
2226 5131 2373 5202 quod
2413 5131 2605 5200 utique
2633 5144 2744 5183 non
2776 5142 2881 5181 una
2909 5124 3140 5181 Iudaica
3181 5139 3350 5196 gens,
3387 5120 3484 5189 sed

1908 5246 1925 5279 ε
1962 5241 2155 5281 omnes
2185 5224 2321 5279 lines
2350 5233 2512 5279 terrae
2554 5221 2977 5278 reminiscentur
3002 5225 3057 5273 et
3095 5223 3487 5273 convertentur

1906 5319 1974 5374 ad
2007 5317 2322 5382 Dominum,
2348 5323 2406 5374 et
2455 5313 2766 5369 adorabunt
2797 5311 2852 5366 in
2884 5317 3186 5380 conspectu
3214 5308 3338 5377 ejus
3366 5320 3488 5361 om-

1903 5430 2003 5470 nes
2046 5411 2268 5467 familiae
2317 5408 2584 5481 gentium.
2627 5405 2943 5461 »σείει-πω
3004 5410 3065 5458 ιιι
3114 5416 3336 5472 quoque
3388 5398 3487 5463 ubi

1904 5523 2001 5578 per
2024 5514 2077 5562 te
2111 5506 2291 5575 ipsum
2323 5502 2540 5572 singula
2588 5498 2836 5569 ejusdem
2864 5496 3062 5568 psalmi
3111 5494 3278 5550 verba
3299 5491 3489 5564 explo—

1907 5598 2136 5660 raveris,
2164 5596 2324 5651 facile
2370 5592 2646 5663 intelliges
2678 5598 2862 5644 utrum
2883 5603 2947 5644 ea
2970 5602 3093 5659 quae
3126 5586 3183 5641 in
3208 5585 3328 5658 ipso
3352 5601 3487 5640 con-

1908 5692 2153 5745 tinentur
2203 5688 2272 5743 ad
2306 5688 2582 5756 vulgarent
2631 5683 2946 5754 quempiam
2976 5679 3173 5737 referri
3222 5679 3481 5751 possint;

1908 5763 2053 5856 quod
2091 5798 2215 5840 cum
2253 5781 2470 5852 feceris,
2496 5789 2645 5836 certe
2691 5793 2800 5833 non
2854 5775 3100 5832 invenies
3133 5777 3223 5831 cui
3266 5771 3486 5831 tandem
