3856 6222
390 293 498 352 765

1097 294 1370 352 EUSEBII
1407 295 1892 352 CAESARIENSIS
1930 295 2083 356 OPP.
2125 295 2309 354 PARS
2337 297 2402 352 ll.
2440 329 2508 341 -
2538 297 3038 357 APOLOGETICA.

3553 301 3662 356 πε

387 411 482 468 illa
513 413 865 482 conveniant,
888 420 1085 484 praeter
1115 429 1284 469 unum
1323 415 1660 470 Salvatorem
1691 423 1954 480 nostrum,

2079 416 2266 470 Ἠλίαν
2307 420 2493 487 φωνεῖ.
2531 437 2548 468 ι
2582 419 2718 490 Φέρε
2743 419 2806 489 δὴ
2830 414 2924 472 οὖν
2956 417 3167 482 τούτοις
3197 418 3509 484 ἀκολούθως
3536 423 3659 476 ἴδω-

388 509 482 579 qui
536 509 781 564 omnium
822 517 876 562 et
917 509 1231 565 ﬁdelissime
1281 515 1336 563 et
1394 509 1678 564 verissime
1735 508 1966 579 hujusce

387 599 585 672 psalmi
615 616 777 655 voces
807 601 862 654 in
902 616 1056 656 suam
1088 615 1377 672 personam
1411 602 1737 670 assumpsit,
1775 617 1968 672 quem-

388 691 681 746 admodum
740 693 1089 762 evangelistaa
1141 691 1416 748 testiﬁcati
1469 701 1617 748 sunt.
1680 693 1964 752 Matthazus

387 781 605 852 quidem
636 783 744 838 illis
775 783 956 836 verbis
1006 797 1128 852 quae
1169 791 1330 838 antea
1387 784 1699 840 retulimus.
1749 785 1964 852 Marcus

387 881 570 928 autem
623 871 692 929 iis
745 873 944 942 quibus
992 873 1158 928 etiam
1202 873 1312 939 ille,
1345 882 1534 946 utpote
1564 876 1658 946 qui
1711 878 1766 931 in
1815 878 1964 932 hunc

385 964 607 1019 modum
632 972 815 1020 narret
843 982 858 1019 :
887 983 907 1016 ι
944 963 1010 1018 Et
1033 963 1174 1021 facta
1196 966 1330 1022 liora
1366 976 1519 1023 sexta
1550 969 1786 1024 tenebrat
1809 969 1965 1025 factae

387 1062 518 1109 sunt
541 1070 708 1125 super
736 1063 903 1110 totam
936 1066 1138 1111 terram
1175 1073 1351 1128 usque
1403 1060 1469 1113 ad
1518 1060 1707 1114 horam
1739 1078 1960 1118 nonam.

383 1145 454 1199 Et
476 1146 610 1202 liora
640 1163 782 1202 nona
812 1149 1135 1204 exclamavit
1153 1147 1314 1206 Jesus
1338 1166 1474 1206 voce
1507 1168 1697 1223 magna
1731 1154 1958 1210 dicens:

384 1236 490 1302 Eli,
517 1237 618 1303 Eli,
645 1239 844 1293 lamma
879 1240 1260 1306 sabachtbani,
1302 1241 1446 1310 quod
1480 1251 1565 1295 est
1600 1258 1666 1296 ex
1690 1243 1960 1312 interpre-

383 1330 592 1386 tatione
618 1349 632 1386 :
661 1331 826 1396 Deus,
863 1332 1005 1388 Deus
1028 1349 1204 1399 meus,
1232 1335 1299 1388 ad
1328 1335 1458 1404 quid
1475 1335 1816 1404 dereliquisti
1842 1336 1964 1389 me?

382 1421 452 1476 Et
507 1424 731 1494 quidam
781 1441 846 1480 ex
881 1427 1230 1482 audientibus
1286 1427 1590 1482 dicebant:
1645 1427 1819 1481 Eliam
1859 1444 1960 1482 vo-

383 1518 473 1566 cat
501 1511 569 1566 ”.
606 1531 624 1563 ι
650 1516 762 1583 Age
791 1515 956 1584 igitur
1001 1519 1232 1586 posthac
1265 1517 1386 1587 ipso
1429 1518 1618 1572 ordine
1655 1519 1958 1583 videamus,

381 1619 490 1672 qua
517 1605 730 1660 ratione
763 1622 827 1660 ea
852 1623 973 1676 quas
1000 1608 1056 1662 in
1091 1608 1195 1663 hoc
1241 1610 1453 1678 psalmo
1485 1611 1857 1677 continentur,
1892 1613 1958 1667 ad

382 1695 536 1750 illum
586 1697 872 1752 referenda
911 1699 1058 1754 sint.
1120 1699 1198 1754 Ac
1243 1701 1480 1771 primum
1544 1703 1959 1774 inscriptionem

381 1785 556 1856 ipsam
581 1794 899 1855 tractemus,
923 1806 1045 1860 quas
1067 1791 1191 1845 talis
1220 1798 1304 1847 est
1339 1812 1352 1846 :
1391 1812 1410 1844 ι
1449 1793 1506 1846 in
1538 1793 1698 1848 ﬁnem
1730 1795 1796 1858 ”,
1829 1815 1847 1847 ι
1877 1799 1960 1852 vel

379 1883 834 1950 quemadmodum
856 1885 1051 1953 Aquila
1085 1885 1295 1940 edidit:
1327 1905 1346 1937 ‹
1390 1886 1634 1940 victoria:
1667 1888 1900 1953 auctori,
1936 1907 1954 1939 ι

379 1975 467 2029 νει
513 1975 676 2030 etiam
725 1983 784 2028 ut
820 1973 1183 2046 Symmachus
1237 1995 1251 2032 :
1313 1995 1332 2028 ι
1396 1977 1464 2032 ad
1516 1979 1799 2034 victoriam
1858 1997 1959 2052 pro

379 2069 752 2137 susceptione.
783 2089 801 2122 ι
839 2070 964 2124 llmc
991 2085 1124 2126 sane
1151 2069 1314 2124 nobis
1357 2072 1584 2126 veniunt
1612 2072 1671 2125 in
1697 2081 1956 2137 mentem,

379 2170 669 2232 propterea
717 2165 860 2233 quod
911 2165 1172 2220 salutaris
1228 2165 1320 2219 illa
1375 2166 1584 2236 passio,
1641 2173 1701 2219 ut
1751 2168 1958 2238 scripta

378 2253 840 2320 evangelistarum
870 2254 1272 2320 demonstrant,
1304 2256 1546 2326 perfecta
1598 2264 1676 2312 est
1737 2257 1958 2312 circiter

379 2343 571 2398 horam
594 2359 831 2411 ,nouam,
870 2347 1030 2402 factis
1066 2348 1179 2416 jam
1228 2348 1489 2410 tenebris,
1523 2349 1591 2403 ab
1619 2352 1752 2404 hora
1804 2361 1956 2405 sexta

377 2454 554 2508 usque
611 2439 678 2493 ad
732 2439 924 2493 horam
979 2455 1202 2504 nonam,
1260 2454 1366 2509 qua
1416 2455 1549 2495 sane
1604 2441 1740 2495 liora
1791 2444 1954 2496 etiam

375 2545 565 2586 vocem
595 2547 846 2601 magnam
878 2532 1081 2596 emisit,
1110 2539 1164 2585 et
1197 2548 1258 2586 ea
1292 2549 1412 2602 quae
1437 2535 1600 2604 paulo
1642 2543 1769 2590 ante
1817 2537 1941 2590 reci-

375 2623 636 2688 tavimus,
682 2623 928 2692 protulit,
975 2630 1033 2676 ut
1067 2625 1225 2692 plane
1271 2627 1342 2680 sit
1376 2626 1777 2694 conﬁtendum,
1810 2629 1955 2683 illius

375 2712 688 2783 passionem
725 2713 791 2766 ad
825 2728 1105 2782 vesperam
1135 2720 1296 2768 nocte
1317 2715 1644 2771 adventante
1676 2717 1864 2772 fuisse.
1890 2717 1957 2772 At

374 2803 588 2857 reditus
613 2801 859 2871 ejusdem
892 2818 920 2854 a
954 2803 1343 2872 mo:~tuis,quae
1365 2804 1761 2876 fuitsusceptio
1783 2810 1954 2876 patris

373 2894 530 2948 illum
585 2893 958 2963 suscipicnlis,
1005 2903 1060 2948 et
1105 2895 1174 2948 ad
1230 2896 1470 2964 seipsum
1526 2913 1594 2950 ex
1640 2899 1954 2967 regionibus

373 2983 569 3040 mortis
594 2984 932 3040 adtraheutis
953 2993 1114 3055 atque
1136 2989 1493 3052 assumentis,
1521 2989 1666 3043 circa
1697 3007 1953 3046 auroram

375 3075 500 3138 fuit,
533 3075 996 3144 quemadmodum
1049 3091 1246 3131 rursus
1297 3079 1754 3149 evangelistarum
1801 3084 2022 3158 testi—C

375 3169 563 3221 monio
593 3169 968 3225 conﬁrmatur.
997 3168 1279 3239 Siquidem
1309 3167 1488 3225 Lucas
1521 3171 1633 3228 haec
1657 3173 1734 3226 ait
1759 3193 1772 3227 :
1793 3193 1810 3224 ι
1834 3173 1953 3228 Una

377 3268 559 3312 autem
589 3257 948 3314 Sabbatorum
977 3261 1136 3316 valde
1165 3261 1408 3317 diluculo
1439 3273 1707 3318 venerunt
1739 3265 1806 3321 ad
1843 3279 1956 3319 mo-

376 3344 701 3404 numentum
752 3351 1012 3412 ferentes.
1057 3369 1179 3422 qua:
1231 3363 1558 3423 paraverant
1601 3365 1881 3423 aromata,
1929 3377 1948 3409 ι

375 3441 541 3514 493
572 3443 827 3498 mulieres
851 3443 1105 3498 videlicet
1139 3453 1194 3499 et
1227 3447 1476 3500 nonnulli
1514 3464 1637 3502 cum
1659 3449 1776 3514 eis;
1813 3470 1830 3500 ι
1871 3451 1956 3504 in—

375 3543 641 3591 venerunt
667 3543 844 3589 autem
877 3535 1109 3605 lapidem
1142 3538 1448 3591 revolutum
1480 3557 1509 3592 a
1552 3551 1903 3595 monumento
1936 3561 1949 3596 :

375 3635 432 3682 et
460 3627 721 3697 ingressa:
754 3642 862 3680 non
911 3627 1237 3681 invenerunt
1267 3642 1468 3696 corpus
1500 3630 1570 3690 ὀ,
1607 3649 1625 3680 ι
1668 3643 1954 3700 propterea

376 3718 524 3788 quod
551 3718 664 3787 jam
695 3726 811 3772 tum
843 3716 1093 3772 Salvator
1123 3728 1310 3773 noster
1337 3734 1368 3772 a
1403 3727 1580 3774 morte
1610 3730 1728 3774 erat
1747 3723 1956 3776 excita-

377 3815 488 3863 tus.
543 3806 659 3862 Hoc
699 3825 830 3864 vero
878 3811 1057 3878 ipsum
1091 3808 1308 3864 Marcus
1346 3826 1564 3880 quoque
1591 3813 1830 3866 ostendit
1873 3814 1953 3868 sic

377 3899 569 3954 dicens
605 3917 619 3952 :
650 3917 670 3950 ‹
709 3897 776 3952 Ει
809 3900 966 3954 valde
1007 3915 1167 3956 mane
1196 3917 1304 3954 una
1339 3901 1702 3956 Sabbatorum
1727 3905 1954 3960 veniunt

377 3989 446 4045 ad
471 3998 907 4054 monumentum,
942 4001 1061 4044 orto
1083 3991 1194 4060 jam
1226 3991 1360 4057 sole,
1389 3999 1444 4046 et
1491 3991 1744 4048 dicebant
1791 3996 1858 4048 ad
1894 4011 1952 4051 se

376 4081 614 4136 invicem
649 4101 661 4136 :
693 4079 828 4147 Quis
853 4081 1093 4136 revolvet
1123 4082 1282 4137 nobis
1307 4083 1541 4152 lapidem
1565 4084 1634 4138 ab
1661 4085 1804 4139 ostio
1837 4101 1952 4140 mo-

373 4173 661 4230 numenti?
691 4181 810 4229 erat
847 4175 1046 4244 quippe
1099 4189 1328 4244 magnus
1370 4176 1525 4229 valde
1558 4194 1572 4228 :
1603 4183 1656 4230 et
1706 4178 1950 4241 veniunt,

372 4275 430 4322 et
465 4267 750 4322 inveniunt
799 4282 926 4322 cum
979 4267 1284 4322 revolutum
1313 4267 1380 4320 9‘.
1417 4285 1436 4318 ι
1476 4267 1604 4321 Erat
1630 4279 1808 4322 autem
1838 4269 1950 4338 jam

372 4369 490 4414 tum
519 4359 808 4415 excitatus.
853 4358 1032 4414 Habes
1065 4360 1207 4428 apud
1261 4357 1524 4412 Joannem
1554 4375 1771 4428 quoque
1809 4359 1951 4414 idem

2071 524 2191 578 μεν,
2213 509 2366 581 ,ὅπως
2389 511 2470 569 είς
2489 508 2650 562 αὐτὸν
2673 507 3171 580 ἀνενεχθήσεταιτά
3195 508 3282 562 διὰ
3307 509 3404 563 τοῦ
3433 511 3660 582 ψαλμοῦ

2065 598 2391 670 δηλούμενα.
2423 600 2532 653 Καὶ
2559 599 2774 672 πρῶτόν
2806 617 2870 669 γε
2903 599 3246 671 διαλάὸωμεν
3270 601 3370 673 τὴν
3407 603 3659 670 φάσκου-

2068 707 2168 743 σαν
2194 691 2536 762 προγραφὴν,
2583 710 2602 744 ‹
2643 693 2724 755 εἰς
2751 691 2812 744 τὸ
2837 691 3008 755 τέλος,
3046 711 3064 744 ι
3101 693 3157 762 ἦ,
3183 692 3327 746 κατὰ
3355 695 3453 747 τὸν
3493 694 3660 748 “Ami-

2065 781 2186 847 λαν,
2222 799 2240 832 ι
2268 781 2347 852 τῷ
2387 779 2668 851 νικοποιῷ,
2702 800 2721 832 ι
2763 781 2818 852 ἢ,
2847 781 2989 835 κατὰ
3011 781 3103 835 τὸν
3128 781 3448 854 Σύμμαχον,
3484 803 3506 835 ε
3538 785 3660 838 ἑπι-

2065 873 2234 936 νίκιος
2261 871 2425 944 ’ὑπὲρ
2467 872 2567 943 τῆς
2593 872 2948 944 ἀντιλήψεως.
2978 891 2997 924 ι
3032 871 3196 926 Ταῦθ’
3219 875 3367 944 ἡμᾶς
3397 873 3661 946 ὑπεισέρ-

2063 980 2238 1034 χεται,
2273 963 2355 1015 ὅτι
2376 963 2438 1015 τὸ
2469 962 2566 1033 μὲν
2609 963 2876 1035 σωτήριον
2899 961 3091 1028 πάθος,
3129 963 3207 1026 ὡς
3247 965 3304 1017 αἱ
3338 963 3521 1030 λέξεις
3548 964 3663 1017 τῶν

2065 1053 2468 1123 εὐαγγελιστῶν
2515 1055 2888 1126 παρέστησαν,
2933 1055 3157 1118 σκότους
3207 1055 3508 1126 γενομένου
3553 1055 3662 1109 ἀπὸ

2063 1146 2212 1218 ὧρας
2235 1147 2398 1218 ’έκτης
2412 1145 2518 1208 ἑως
2538 1145 2687 1216 ὥρας
2711 1145 2958 1215 ὲννάτης,
2991 1145 3134 1216 ἀμφὶ
3151 1145 3252 1218 τὴν
3273 1147 3510 1218 ὲννάτην
3535 1163 3662 1200 συν·

2063 1239 2343 1310 ετελέσθη,
2374 1239 2463 1292 ὅτε
2486 1239 2580 1292 καὶ
2609 1238 2708 1309 τὴν
2744 1239 2926 1310 φωνὴν
2951 1239 3132 1309 ἀφῆκε
3164 1239 3260 1309 τὴν
3281 1237 3556 1310 μεγάλην,
3589 1239 3660 1292 τά

2066 1330 2246 1402 μικρῷ
2269 1329 2502 1401 πρόσθεν
2521 1329 2863 1402 δεδηλωμένα
2882 1329 3071 1390 ehi-iv.
3101 1329 3240 1383 ὥστε
3269 1331 3658 1401 ὁμολογεῖσθαι

2066 1420 2252 1490 σαφῶς
2283 1421 2345 1474 τὸ
2365 1419 2536 1485 πάθος
2556 1419 2721 1473 αὐτοῦ
2758 1421 2902 1492 ἀμφὶ
2923 1421 3020 1492 τὴν
3051 1421 3288 1492 ἑσπέραν
3319 1421 3517 1485 νυκτὸς
3553 1423 3657 1475 ἐπ-

2063 1511 2391 1583 ελαυνούσης
2405 1511 2792 1580 γεγονέναι.Τὰ
2805 1513 2862 1566 δὲ
2873 1514 2969 1584 τῆς
2984 1513 3048 1566 ἑκ
3059 1512 3265 1584 νεκρῶν
3278 1513 3656 1578 ἀναστάσεως,

2061 1605 2182 1675 ἥτις
2211 1599 2279 1675 ἦν
2305 1603 2586 1672 ἀντίληψις
2615 1603 2710 1656 τοῦ
2736 1604 2947 1674 Πατρὸς
2973 1603 3532 1674 ἀντιλαμϐανομένου,
3561 1607 3656 1658 καὶ

2064 1697 2145 1759 είς
2167 1697 2355 1748 ἑαυτὸν
2388 1698 2452 1748 ὲκ
2483 1695 2593 1748 τῶν
2617 1695 2709 1748 τοῦ
2739 1693 2972 1749 θανάτου
3003 1697 3215 1768 χωρίων
3234 1697 3654 1767 ἐπισπωμένου,

1992 1765 2035 1823 Β
2064 1791 2157 1843 καὶ
2177 1789 2544 1859 λαμϐάνοντος
2563 1790 2744 1853 αὐτὸν,
2757 1790 2900 1860 ἀμφὶ
2917 1789 3014 1860 τὴν
3035 1789 3111 1841 ἓω
3130 1788 3373 1857 γέγονεν,
3395 1789 3474 1851 ὡς
3493 1785 3655 1850 αὖθις

2063 1881 2171 1935 ἀπὸ
2197 1881 2295 1951 τῆς
2321 1881 2430 1934 τῶν
2463 1881 2860 1950 εὐαγγελιστῶν
2889 1879 3192 1952 μαρτυρίας
3221 1881 3576 1951 παρίσταται.
3595 1881 3658 1934 '0

2061 1973 2193 2043 γοῦν
2208 1976 2420 2038 Λουκᾶς
2438 1991 2569 2046 φησι
2587 1993 2598 2004 ·
2625 1995 2644 2026 ι
2657 1975 2734 2047 Τῇ
2757 1974 2813 2027 δὲ
2833 1975 2931 2046 μιᾷ
2946 1973 3054 2028 τῶν
3067 1973 3360 2026 Σαϐϐάτων
3377 1969 3543 2044 ἦλθον
3558 1973 3658 2041 δρα

2063 2064 2192 2137 θρου
2221 2066 2426 2136 βαθέως
2452 2068 2544 2120 ἐπὶ
2574 2067 2634 2120 τὸ
2671 2070 2954 2138 μνημεῖον,
2988 2066 3248 2138 φέρουσαι
3275 2067 3311 2120 ἃ
3341 2067 3656 2137 ἡτοίμασαν

2060 2156 2349 2227 ἀρώματα,
2373 2177 2391 2207 ι
2407 2157 2647 2226 δηλονότι
2672 2159 2727 2210 αἱ
2744 2161 3020 2226 γυναῖκες,
3037 2158 3131 2211 καί
3146 2174 3288 2222 τινες
3309 2157 3404 2210 σὺν
3427 2159 3652 2221 αὐταῖςο

2066 2269 2083 2299 ‹
2097 2243 2154 2302 εὖ
2165 2265 2253 2318 ρον
2296 2248 2353 2301 δὲ
2378 2248 2470 2302 τὸν
2484 2247 2630 2302 λίθον
2647 2247 3144 2318 ἀποκεκυλισμένον
3165 2251 3229 2302 ἑκ
3242 2247 3336 2301 τοῦ
3352 2247 3649 2318 μνημείουο

2059 2338 2397 2392 εἰσελθοῦσαι
2435 2327 2491 2392 δὲ
2527 2340 2626 2410 οὐχ
2658 2331 2820 2412 εὗρον
2849 2339 2910 2392 τὸ
2946 2338 3126 2410 σῶμα,
3155 2359 3173 2390 ι
3205 2339 3294 2392 διὰ
3323 2338 3385 2392 τὸ
3417 2339 3517 2410 ἤδη
3555 2338 3652 2390 τὸν

2060 2431 2290 2502 Σωτῆρα
2325 2429 2480 2502 ἡμῶν
2510 2433 2574 2484 ὲκ
2621 2431 2832 2503 νεκρῶν
2864 2431 3185 2503 ἑγηγέρθαι.
3217 2431 3392 2484 Τοῦτο
3421 2431 3480 2484 δὲ
3513 2431 3652 2484 αὑτὸ

2059 2524 2151 2576 καὶ
2165 2524 2192 2574 0
2216 2523 2438 2594 Μάρκος
2449 2523 2617 2592 δηλοῖ,
2635 2523 2828 2592 λέγων·
2854 2543 2871 2574 ι
2897 2524 3007 2576 Καὶ
3026 2523 3144 2576 λίαν
3169 2523 3313 2594 πρωϊ
3332 2525 3398 2594 τῇ
3416 2525 3517 2595 μιᾷ
3537 2523 3649 2576 τῶν

2059 2611 2350 2664 Σαϐϐάτων
2385 2612 2633 2683 ἔρχονται
2665 2613 2756 2664 ἐπὶ
2787 2612 2846 2666 τὸ
2881 2616 3145 2684 μνημεῖον
3166 2652 3180 2676 ,
3221 2612 3399 2683 En“)
3429 2614 3652 2666 ἀνατεί-

2057 2701 2248 2766 λαντος
2269 2703 2362 2756 τοῦ
2381 2703 2558 2775 ἡλίου,
2587 2705 2681 2756 καὶ
2697 2704 2884 2772 ἔλεγον
2910 2705 3044 2774 πρὸς
3055 2704 3253 2768 ἑαυτάς
3275 2723 3287 2734 ·
3319 2705 3418 2768 Τίς
3433 2706 3647 2758 ἀποκυο

2056 2776 2182 2868 λίση
2212 2797 2344 2865 ἡμῖν
2374 2796 2464 2848 τὸν
2507 2795 2650 2850 λίθον
2699 2796 2806 2849 ἀπὸ
2847 2797 2948 2866 τῆς
2997 2795 3166 2865 θύρας
3208 2796 3303 2849 τοῦ
3337 2797 3644 2867 μνημείους

2055 2883 2122 2958 ἦν
2161 2887 2270 2958 γὰρ
2306 2888 2478 2958 μέγας
2512 2887 2738 2958 σφόδρα.
2787 2889 3080 2960 Ἕρχονται
3102 2929 3116 2952 ,
3153 2891 3246 2942 καὶ
3295 2890 3648 2961 εὑρίσκουσιν

2056 2979 2218 3032 αὑτὸν
2256 2980 2773 3052 ἀποκεκυλισμένον.
2819 3001 2838 3032 ι
2873 2978 2980 3034 Ἤν
3022 2981 3076 3034 δὲ
3110 2982 3208 3053 ἤδη
3247 2984 3646 3054 ἐγηγερμένος.

2061 3070 2244 3140 Ἔχεις
2275 3072 2370 3124 καὶ
2399 3070 2550 3142 παρά
2579 3071 2656 3142 τῷ
2699 3073 2923 3145 Ἰωάννῃ
2961 3072 3058 3143 τὴν
3105 3073 3275 3144 αὐτὴν
3303 3074 3646 3144 μαρτυρίαν,

2058 3160 2269 3230 λέγοντι
2291 3180 2304 3193 ·
2343 3182 2362 3214 ι
2393 3164 2470 3234 Τῇ
2502 3164 2559 3217 δὲ
2591 3165 2688 3236 μιᾷ
2722 3163 2830 3218 τῶν
2861 3163 3155 3219 Σαίϐάτων
3187 3164 3410 3237 ἔρχεται
3451 3167 3647 3236 Μαρία

2058 3257 2092 3327 ἡ
2122 3255 2452 3328 Μαγδαληνὴ
2497 3255 2640 3328 πρωῒ
2667 3258 2747 3320 είς
2778 3257 2840 3309 τὸ
2875 3260 3158 3328 μνημεῖον,
3185 3257 3263 3310 ἔτι
3295 3257 3515 3323 σκοτίας
3547 3261 3648 3312 οὖ-

2059 3363 2180 3418 σης,
2204 3347 2298 3400 καὶ
2323 3347 2511 3418 βλέπει
2537 3346 2632 3401 τὸν
2653 3347 2801 3402 λίθον
2830 3347 3068 3426 ἠρμένον
3093 3349 3158 3402 ὲκ
3189 3349 3284 3402 τοῦ
3315 3351 3606 3421 μνημείου.
3622 3371 3643 3403 ι

2057 3440 2166 3494 Καὶ
2193 3442 2221 3492 0
2248 3441 2523 3504 Ματθαῖος
2550 3441 2639 3506 δὲ,
2692 3443 2740 3494 εί
2785 3442 2877 3494 καὶ
2917 3440 3014 3511 ὀψὲ
3067 3441 3361 3495 Σαϐϐάτων
3395 3443 3646 3514 εἴρηκεν,

2056 3533 2169 3586 ἀλλ’
2204 3533 2452 3604 ἐπιφέρει
2485 3532 2690 3602 λέγων·
2737 3553 2754 3585 ι
2788 3533 2902 3604 Τῆς
2947 3533 3368 3605 ἑπιφωσκούσης
3400 3535 3480 3598 είς
3512 3535 3648 3605 μίαν

2057 3625 2378 3690 Σαϐϐάτων,
2408 3621 2540 3696 ἦλθε
2582 3625 2769 3697 Μαρία
2813 3627 2846 3696 ἡ
2885 3625 3253 3697 Μαγδαληνὴ,
3283 3625 3378 3680 καὶ
3421 3628 3453 3696 ή
3506 3627 3647 3698 άλλη

2055 3719 2246 3789 Μαρία
2269 3717 2539 3788 θεωρῆσαι
2569 3717 2657 3770 τὸν
2685 3719 2878 3788 τάφον,
2911 3717 3007 3771 καὶ
3037 3717 3143 3772 ίδοὺ
3171 3719 3395 3788 σεισμὸς
3426 3718 3650 3787 ἐγένετο

2060 3811 2250 3880 μέγας.
2280 3810 2544 3879 Ἀγγελος
2577 3811 2685 3882 γὰρ
2722 3812 2929 3883 Κυρίου
2950 3851 2965 3874 ,
2999 3811 3244 3874 καταϐάς
3277 3811 3336 3878 ἐξ
3368 3811 3604 3882 ούρανοῦ
3625 3853 3644 3873 ,

2056 3901 2366 3972 προσελθὼν
2403 3899 2702 3954 ἀπεκύλισε
2734 3902 2825 3954 τὸν
2866 3900 3011 3954 λίθον
3053 3902 3162 3954 ἀπὸ
3199 3902 3301 3972 τῆς
3341 3901 3514 3972 θύρας
3543 3903 3646 3956 τοῦ

2059 3993 2343 4064 μνημείου.
2381 4012 2398 4042 ι
2430 3991 2615 4046 Ταῦτα
2646 3993 2701 4046 δὲ
2733 3993 3044 4062 ἀναγκαίως
3072 3993 3392 4064 παρεθέμην
3419 3997 3503 4057 εἰς
3529 4011 3647 4046 πα-

2057 4087 2318 4158 ράστασιν
2342 4083 2442 4154 τῆς
2477 4085 2534 4137 ἑν
2558 4083 2636 4155 τῷ
2659 4083 2858 4155 ψαλμῷ
2893 4084 3380 4156 προφητευομένης
3410 4085 3645 4157 ἑωθινῆς

2053 4177 2408 4248 ἀντιλήψεως.
2446 4176 2596 4228 Ἐπεὶ
2628 4175 2736 4248 γὰρ
2773 4176 2840 4229 τά
2872 4178 2999 4248 περὶ
3038 4177 3132 4229 τοῦ
3167 4175 3372 4240 πάθους
3403 4177 3500 4230 τοῦ
3528 4179 3643 4232 Σω-

2052 4271 2216 4341 τῆρος
2248 4268 2405 4338 ἡμῶν
2437 4267 2728 4339 σημαίνει,
2761 4268 2821 4320 ού
2850 4268 2956 4339 μὴν
2986 4268 3280 4339 κατέληξεν
3309 4270 3343 4340 ἡ
3389 4271 3512 4323 κατ’
3542 4273 3642 4324 αό-

2052 4361 2144 4414 τὸν
2173 4361 2454 4430 οἰκονομία
2481 4363 2538 4415 ὲν
2571 4360 2650 4431 τῷ
2682 4361 2864 4426 πάθει,
2888 4360 3038 4424 τέλος
3066 4361 3122 4414 δὲ
3147 4360 3242 4414 τοῦ
3277 4361 3486 4426 πάθους
3514 4365 3550 4434 ἡ
3578 4365 3640 4416 ἐκ

372 4455 748 4510 testimonium
774 4455 874 4508 hoc
905 4454 1068 4510 modo
1097 4473 1112 4508 :
1148 4473 1166 4504 ι
1205 4451 1326 4508 Una
1366 4464 1544 4508 autem
1582 4453 1948 4509 Sabbatorum

2058 4452 2262 4524 νεκρῶν
2291 4454 2584 4516 ἀνάστασις
2609 4449 2698 4524 ἦν,
2729 4454 2822 4506 καὶ
2850 4455 2884 4524 ἡ
2915 4452 3199 4522 ἀντίληψις
3229 4456 3262 4525 ἡ
3297 4454 3519 4526 ἑωθινὴ,
3565 4458 3642 4508 εί-

372 4545 523 4600 venit
552 4543 723 4598 Maria
741 4543 1056 4614 Magdalene
1077 4559 1236 4598 mane
1265 4543 1330 4596 ad
1362 4551 1796 4607 monumentum,
1821 4559 1946 4598 cum

372 4634 553 4689 adhuc
581 4635 824 4689 tenebrae
875 4642 1082 4696 essent,
1117 4640 1171 4688 et
1211 4634 1358 4688 videt
1392 4633 1626 4704 lapidem
1673 4635 1945 4690 sublatum

372 4739 404 4780 a
451 4735 806 4781 monumento
836 4727 905 4781 θ’.
951 4745 970 4778 ι
1006 4726 1292 4782 Μαιιιιωιιε
1315 4744 1551 4797 quoque,
1577 4729 1794 4783 tametsi
1824 4744 1952 4784 sero

374 4817 759 4884 Sabbatorum,
778 4819 936 4883 dixit,
957 4827 1196 4874 attamen
1227 4820 1508 4890 adiungit:
1533 4840 1552 4872 ι
1586 4820 1661 4874 Ea
1685 4821 1949 4890 quaeillu-

370 4912 543 4968 cescit
571 4911 628 4965 in
659 4926 826 4965 unam
857 4910 1248 4974 Sabbatorum,
1272 4912 1422 4965 venit
1467 4910 1634 4966 Maria
1674 4911 1950 4983 Magdale-

370 5015 461 5064 ne,
491 5008 544 5054 et
577 4999 684 5054 alia
714 4998 884 5054 Maria
929 5002 1116 5056 videre
1150 5002 1486 5071 sepulcrum,
1523 5010 1577 5057 et
1603 5019 1733 5056 ecce
1760 5012 1949 5058 terra:-

369 5100 553 5148 motus
587 5091 766 5150 factus
817 5101 902 5148 est
945 5108 1196 5163 magnus.
1247 5092 1486 5163 Angelus
1531 5093 1676 5147 enim
1732 5093 1949 5150 Domini

367 5183 712 5242 descendens
753 5185 822 5240 de
853 5185 994 5240 coelo
1046 5186 1304 5268 accessit,
1337 5193 1391 5240 et
1435 5187 1662 5242 revolvit
1707 5187 1944 5256 lapidem

368 5280 439 5334 ab
471 5278 617 5334 ostio
649 5279 1008 5334 monumenti.
1036 5297 1055 5330 ι
1087 5276 1216 5334 Haec
1259 5277 1444 5333 addidi
1508 5280 1846 5342 necessario,
1885 5287 1946 5334 ut

368 5371 710 5428 ostenderem
755 5387 1004 5442 quaenam
1039 5373 1110 5427 sit
1148 5387 1234 5436 ea,
1265 5386 1386 5442 qua:
1414 5374 1468 5428 in
1499 5373 1710 5442 psalmo
1748 5373 1946 5444 pracdi-

366 5466 512 5520 citur
541 5467 820 5537 susceptio
838 5465 1128 5521 matutina.
1180 5465 1316 5520 Nam
1351 5483 1476 5523 cum
1534 5467 1807 5538 signiticet
1854 5484 1940 5532 ea,

438 5579 484 5610 ³⁸
524 5577 693 5634 Marc.
731 5594 832 5640 xv,
869 5577 1055 5632 55-55.
1134 5576 1178 5608 ⁸⁸
1217 5574 1362 5631 Psal.
1404 5592 1534 5643 XXI,
1575 5578 1624 5630 1.

2055 4547 2228 4609 κότως
2258 4547 2286 4598 0
2305 4545 2460 4614 λόγος
2491 4545 2569 4615 τῷ
2599 4543 2887 4617 παραδόξῳ
2909 4543 3050 4597 τέλει
3074 4545 3172 4615 τὴν
3196 4545 3424 4616 Γραφὴν
3453 4546 3631 4600 ἀνατίο

2054 4636 2206 4690 θεται
2227 4678 2242 4702 ,
2263 4637 2339 4701 ὡς
2369 4639 2468 4708 τῆς
2517 4637 2824 4700 ὑποθέσεως
2855 4636 3092 4707 ἀπάσης,
3131 4637 3228 4690 καὶ
3260 4637 3373 4691 τῶν
3402 4638 3512 4710 πρὸ
3543 4637 3637 4693 τεῦ

2053 4729 2243 4794 τέλους
2293 4729 2634 4800 παθημάτων
2672 4731 2773 4802 τῆς
2817 4732 2882 4784 ἐκ
2910 4729 3122 4803 νεκρῶν
3155 4731 3510 4794 ἀναστάσεως
3543 4731 3638 4785 καὶ

2050 4823 2150 4894 τῆς
2178 4821 2514 4892 ἀντιλήψεως
2545 4824 2646 4894 τῆς
2695 4823 2923 4894 ἑωθινῆς
2951 4823 3137 4876 ἕνεκεν
3177 4822 3508 4893 γενομένων.
3541 4823 3635 4874 Ei-

2051 4915 2169 4970 πὼν
2199 4914 2330 4984 γοῦν
2361 4917 2390 4968 0
2427 4913 2616 4987 Σωτὴρ
2643 4914 2736 4968 καὶ
2764 4913 2968 4986 Κύριος
2997 4913 3152 4986 ἡμῶν
3181 4913 3243 4966 τὺ
3263 4953 3276 4976 ,
3317 4932 3336 4964 ι
3381 4913 3441 4966 '0
3472 4913 3640 4976 Θεὸς,

2047 5011 2076 5063 0
2107 5009 2238 5070 Θεός
2277 5025 2378 5078 μου
2400 5047 2414 5070 ,
2454 5008 2693 5078 πρόσχες
2722 5024 2844 5078 μοι,
2885 5006 2972 5060 ἵνα
2999 5007 3053 5060 τί
3086 5005 3446 5074 ἐγκατέλιπές
3475 5023 3576 5078 με;
3609 5027 3636 5058 ι.

2049 5100 2143 5154 καὶ
2175 5101 2300 5170 ἑξῆς
2329 5097 2625 5168 ἐπαγαγὼν
2656 5099 2748 5164 τὸ,
2785 5117 2805 5150 ι
2846 5098 2988 5169 Ἐγὼ
3021 5098 3081 5152 δέ
3120 5101 3236 5168 εἰμι
3263 5097 3512 5170 σκώληξ,
3543 5100 3630 5151 καὶ

2051 5197 2153 5248 οὐκ
2193 5193 2509 5264 ἄνθρωπος,
2543 5191 2742 5256 ὄνειδος
2783 5189 3122 5262 ἀνθρώπων,
3170 5190 3266 5243 καὶ
3299 5189 3631 5260 ὲξουδένημα

2051 5284 2213 5339 λαοῦ·
2255 5305 2272 5336 ι
2304 5285 2400 5337 καὶ
2442 5284 2524 5336 ἔτι
2570 5282 2826 5355 προσθεὶς
2852 5282 2950 5347 τὸ,
2999 5302 3020 5333 ι
3054 5279 3514 5352 Περιεχύκλωσάν
3563 5296 3627 5351 με

2055 5379 2244 5448 μόσχοι
2290 5375 2501 5440 πολλοὶ,
2533 5374 2725 5445 ταῦροι
2769 5374 2952 5436 πίονες
2999 5373 3287 5443 περιέσχον
3331 5389 3435 5442 με’
3469 5391 3488 5424 ι
3537 5371 3626 5424 καὶ

2053 5466 2240 5535 σαφῶς
2269 5467 2358 5519 τὸν
2394 5466 2623 5520 θάνατον
2653 5464 2818 5518 αὑτοῦ
2856 5464 3377 5535 προμαρτυρόμενος
3417 5463 3506 5517 διὰ
3531 5462 3626 5524 τὸ,

1704 5577 1750 5608 ⁸ο
1789 5576 1927 5632 Luc.
1964 5593 2114 5640 xxnv,
2144 5577 2257 5630 l-5.
2329 5578 2371 5608 ⁹¹
2415 5576 2582 5632 Marc.
2619 5594 2730 5642 xvi,
2762 5576 2881 5630 2-4.
2959 5576 3003 5607 ³³
3039 5573 3197 5629 Juan.
3234 5593 3326 5641 xx,
3366 5575 3418 5629 i.

439 5671 514 5734 (lt
551 5672 673 5722 Ἔτι
735 5668 891 5738 Vulg.
923 5669 1111 5732 deest;
1149 5675 1242 5720 aut
1267 5675 1418 5722 certe
1449 5667 1734 5736 legendum
1765 5667 1909 5738 άρτι,
1944 5683 1954 5708 π

2062 5668 2258 5724 melius
2282 5669 2487 5734 οὐκέτι,
2527 5669 2673 5738 quod
2705 5677 2755 5722 et
2804 5666 2976 5738 magis
3028 5666 3284 5721 convenit
3341 5666 3423 5738 τῷ
3487 5670 3625 5723 λίαν

367 5741 536 5812 πρωΐ,
568 5737 974 5814 ejusdenntuni
1005 5746 1057 5797 et
1085 5747 1407 5794 caeterorum
1429 5739 1749 5810 evangelist.
1784 5737 1938 5793 latin.
