3856 6222
134 299 257 358 765

1036 299 1690 362 DEMONSTRATIONIS
1727 305 2182 364 ΕνΑΝϐΕΙιΙΟίΕ
2211 307 2340 364 LIB.
2376 305 2447 365 Χ.

3289 306 3394 361 766

140 436 166 469 ς
202 417 309 480 El;
340 415 469 486 χοῦν
504 414 732 470 Θανάτου
776 419 1086 489 κατήγαγες
1129 438 1196 491 με
1220 438 1233 451 ο
1281 422 1364 474 ὅτι
1408 422 1718 479 ἐκύκλωσαν

1829 441 1949 496 quae
1973 427 2040 481 ad
2069 427 2380 496 passionem
2423 423 2726 478 Salvator-is
2753 421 2927 476 nostri
2970 420 3261 490 pertinent,
3294 437 3396 477 nec

141 525 220 578 με
244 506 416 570 κύνες
445 507 657 571 πολλοὶ,
691 510 977 582 συναγωγὴ
1003 515 1447 584 πονηρευομένων
1472 517 1727 588 περιέσχε

140 617 242 670 με.
271 597 509 670 Ὠρυξαν
532 600 718 671 χεῖράς
750 618 850 670 μου
876 603 969 655 καὶ
1001 603 1170 669 πόδας
1203 623 1302 676 μου
1328 624 1339 636 ⁸
1374 627 1393 659 ι
1424 608 1518 660 καὶ⁹
1549 608 1627 661 ἔτι
1659 610 1727 662 τὰ

134 691 297 761 ἀμφὶ
328 690 407 761 τῷ
439 690 599 746 πάθει
631 692 1011 762 συμϐεϐηκότα
1044 696 1190 766 αὐτῷ
1217 699 1466 769 σημήνας
1491 699 1578 753 διὰ
1608 701 1723 767 τοῦ,

140 802 164 835 ι
199 781 600 852 Διεμερίσαντο
641 783 711 837 τὰ
746 784 939 854 ἱμάτιά
974 804 1074 857 μου
1119 788 1351 857 ἑαυτοῖς,
1376 792 1469 845 καὶ
1505 794 1596 844 ἐπὶ
1636 791 1725 846 τὸν

136 873 450 945 ἱματισμόν
486 890 586 945 μου
624 875 814 931 ἔϐαλον
847 878 1071 948 κλῆρον’
1111 898 1128 929 ι
1161 880 1332 934 ταῦτα
1363 883 1455 935 καὶ
1498 883 1565 936 τὰ
1605 885 1728 937 τοῦ·

131 982 261 1030 τοις
311 966 673 1038 παραπλήσια
717 970 992 1040 προειπὼν
1011 1012 1025 1034 ,
1073 972 1173 1025 οὐκ
1204 973 1296 1026 ἐπὶ
1328 973 1535 1036 τούτοις
1562 973 1723 1046 ἔστη,

134 1057 267 1111 ἀλλ’
289 1058 571 1126 ἐπιλέγει·
601 1077 620 1110 ι
651 1060 713 1112 0i
745 1060 1067 1132 φοϐούμενοι
1098 1062 1188 1116 τὸν
1218 1063 1442 1135 Κύριον,
1473 1065 1723 1118 αἱνέσατε

131 1150 335 1213 αὑτὸν,
358 1151 441 1203 ὅτι
466 1151 566 1203 οὐκ
593 1151 971 1217 ὲξουδένωσεν,
997 1155 1116 1208 οὐδὲ
1146 1156 1484 1226 προσώχθισε
1516 1159 1581 1226 τῇ
1605 1157 1727 1227 δεή-

136 1254 231 1291 σει
266 1238 366 1291 τοῦ
394 1238 630 1308 πτωχοῦ,
658 1239 777 1291 οὐδὲ
810 1241 1115 1312 ἀπέστρεψε
1140 1244 1198 1295 τὸ
1230 1245 1515 1314 πρόσωπον
1557 1243 1722 1297 αὐτοῦ

134 1331 240 1385 ἀπ’
272 1330 432 1400 ἐμοῦ,
487 1332 580 1383 καὶ
612 1333 670 1382 ἐν
703 1331 780 1402 τῷ
810 1336 1139 1403 κεκραγέναι
1171 1353 1236 1405 με
1266 1338 1401 1407 πρὸς
1433 1338 1593 1390 αὑτὸν
1634 1340 1727 1391 ἐπ-

134 1422 353 1493 ήκουσέ
392 1440 511 1493 μου.
538 1440 557 1473 ι
588 1422 711 1485 Πῶς
752 1424 796 1476 δ’
825 1423 890 1477 ἂν
933 1424 1120 1494 έλεγεν
1151 1428 1499 1497 εἰσηκοῦσθαι
1519 1471 1533 1492 ,
1558 1431 1605 1480 εἰ
1649 1429 1722 1499 μὴ

134 1512 371 1575 πάντως
398 1513 686 1583 τετυχήκει
719 1513 827 1565 τῶν
861 1515 1032 1585 εὐχῶν
1054 1557 1066 1578 ,
1104 1518 1197 1569 καὶ
1231 1513 1304 1569 ὧν
1342 1519 1397 1570 ἐν
1442 1522 1554 1581 τοῖς
1585 1520 1721 1590 πρό-

138 1603 274 1655 σθεν
302 1603 566 1674 ὲδεδέητο,
593 1606 681 1657 ὅτε
708 1605 861 1673 ἔλεγε
895 1607 975 1669 τὸ,
1010 1627 1027 1657 ι
1059 1609 1152 1669 Εἰς
1183 1608 1309 1678 χοῦν
1343 1609 1568 1662 θανάτου
1591 1629 1723 1665 κατ-

136 1691 356 1762 ήγαγές
410 1710 496 1763 με.
548 1693 735 1748 Ῥῦσαι
776 1696 883 1748 ἀπὸ
930 1698 1199 1767 ῥομφαίας
1242 1699 1338 1769 τὴν
1370 1701 1546 1770 ψυχήν
1597 1720 1719 1772 μου,

137 1784 239 1836 καὶ
266 1785 334 1836 ὲκ
366 1786 546 1856 χειρὸς
576 1786 734 1848 κυνὸς
759 1787 855 1858 τὴν
886 1789 1145 1858 μονογενῆ
1184 1807 1320 1859 μου;
1358 1811 1375 1841 ι
1414 1791 1582 1845 ταῦτα
1616 1794 1724 1864 γὰρ

137 1873 481 1945 εὐξάμενος,
522 1876 615 1929 καὶ
655 1871 869 1948 δεηθεὶς
905 1880 969 1931 ἐκ
1010 1880 1211 1933 τούτων
1247 1882 1508 1953 ρυσθῆναί
1541 1901 1600 1936 τε
1630 1888 1725 1939 καὶ

140 1964 391 2035 σωθῆναι
411 2006 425 2029 ,
456 1966 633 2038 τυχὼν
661 1961 734 2021 ὧν
761 1968 965 2038 ηὔξατο
984 2010 997 2031 ,
1024 1972 1295 2039 ἐπιλέγει·
1329 1993 1347 2023 ι
1379 1976 1491 2027 Οὐκ
1518 1975 1726 2041 ἐξουδέ-

136 2072 316 2109 νωσεν
354 2057 473 2110 οὐδὲ
514 2058 855 2129 προσώχθισε
881 2063 946 2130 τῇ
982 2060 1163 2132 δεήσει
1202 2063 1295 2115 τοῦ
1330 2066 1576 2134 πτωχοῦ,
1604 2067 1723 2119 οὐδὲ

136 2146 456 2219 ἀπέστρεψε
485 2148 547 2200 τὸ
576 2150 865 2221 πρόσωπον
907 2151 1067 2203 αὐτοῦ
1108 2153 1201 2204 ἀπ’
1232 2154 1397 2223 ἐμοῦ,
1432 2157 1525 2208 καὶ
1562 2159 1618 2209 ὲν
1645 2155 1722 2226 τῷ

135 2239 478 2311 κεκραγέναι
521 2256 589 2309 με
642 2241 776 2312 πρὸς
809 2241 970 2293 αὐτὸν
1016 2244 1288 2313 ἐπήκουσέ
1318 2263 1418 2304 μου
1440 2263 1453 2276 ’
1480 2267 1497 2297 ι
1537 2249 1723 2316 σαφῶς

134 2331 241 2403 τὴν
278 2331 415 2402 μετά
464 2332 689 2385 θάνατον
720 2334 1015 2387 ἀναϐίωσιν
1052 2334 1218 2388 αὐτοῦ
1248 2335 1455 2408 δηλῶν,
1485 2340 1604 2409 ἥτις
1633 2341 1725 2408 γέ-

145 2440 311 2492 γονεν
344 2424 487 2478 κατά
510 2425 608 2496 τὴν
634 2426 864 2498 ἑωθινὴν
889 2426 1189 2493 ἀντίληψιν,
1215 2428 1279 2498 ἢν
1313 2428 1440 2498 ἑξῆς
1464 2430 1666 2500 προῖὼν
1696 2434 1724 2485 6

134 2514 354 2585 ψαλμδς
387 2515 764 2586 ἰ’-.αρέστησεν,
804 2515 1004 2568 εἰπών’
1044 2535 1061 2566 ι
1092 2517 1164 2569 Σὺ
1188 2515 1262 2579 δὲ,
1296 2515 1487 2587 Κύριε,
1525 2516 1597 2588 μὴ
1623 2535 1724 2587 μα-

138 2605 350 2676 κρύνῃς
366 2605 466 2675 τὴν
493 2603 741 2676 βοήθειάν
764 2623 888 2676 μου,
912 2607 990 2668 εἰς
1014 2604 1110 2676 τὴν
1130 2606 1410 2676 moneo
1436 2624 1535 2677 μου
1554 2609 1722 2678 πρόσ-

137 2712 288 2765 σχες.
324 2715 343 2748 ι
367 2698 536 2751 Ποίαν
578 2698 641 2768 δὴ
691 2698 993 2767 ἀντίληψιν,
1024 2697 1136 2750 ἀλλ’
1170 2700 1234 2769 ἢν
1264 2700 1357 2751 καὶ
1377 2699 1409 2768 ἡ
1431 2700 1720 2770 προγραφὴ

138 2788 235 2842 τοῦ
282 2787 501 2859 ψαλμοῦ
554 2788 829 2860 ῄνίττετος
871 2788 1031 2841 Ἀλλά
1063 2788 1232 2842 ταῦτα
1268 2790 1362 2857 μὲν
1410 2791 1539 2859 ἡμῖν
1572 2786 1724 2860 εἰρὴ-

142 2879 256 2933 σθω
282 2882 365 2944 είς
391 2880 489 2951 τὴν
509 2880 602 2933 τοῦ
623 2880 837 2951 ψαλμοῦ
862 2882 1204 2952 προγραφὴν·
1225 2883 1302 2943 εἰς
1330 2860 1387 2933 δὲ
1407 2882 1486 2946 τὸ,
1508 2901 1525 2932 ι
1551 2881 1718 2945 Ἠλεὶ,

153 2972 335 3036 Ἠλεὶ,
365 2972 914 3045 λαμμᾶ-σαϐαχθανὶ,
952 2994 969 3023 ι
1015 2974 1299 3045 εἰρημένον
1336 2973 1434 3043 μὲν
1478 2974 1582 3025 ὑπὸ
1625 2972 1718 3025 τοῦ

141 3064 393 3136 Σωτῆρος
429 3063 585 3134 ἡμῶν
630 3064 811 3127 αὐτοῖς
848 3064 1151 3136 Ἑϐραϊκοῖς
1200 3064 1427 3134 ὀνόμασι
1471 3066 1597 3133 περὶ
1629 3063 1718 3117 τὸν

138 3154 234 3207 τοῦ
280 3154 491 3217 πάθους
535 3155 750 3225 καιρὸν,
790 3155 1040 3224 κείμενον
1070 3155 1125 3207 δὲ
1160 3157 1252 3208 καὶ
1297 3156 1354 3209 ἐν
1383 3155 1458 3223 τῷ
1489 3154 1714 3225 ψαλμῷ,

138 3249 239 3318 ὂρα
265 3249 440 3319 μήτις
467 3246 705 3315 ἔγκειται
731 3246 1002 3320 βαθυτέρα
1037 3248 1238 3318 θεωρία
1263 3249 1390 3318 παρ’
1427 3248 1713 3319 Ἑϐραίοις.

152 3340 389 3409 Ἐλωεὶμ
418 3340 527 3412 γὰρ
551 3343 578 3393 6
597 3339 730 3402 Θεὸς
754 3338 1079 3410 ὀνομάζεται
1101 3356 1115 3368 ο
1146 3341 1239 3391 καὶ
1261 3339 1416 3392 τοῦτο
1434 3339 1522 3392 διὰ
1543 3340 1720 3410 πάσης

141 3432 330 3503 σχεδὸν
355 3431 537 3504 εὕροις
570 3431 635 3485 ἂν
654 3434 752 3503 τῆς
782 3433 1007 3503 Γραφῆς
1029 3449 1042 3462 ’
1073 3432 1195 3484 ἐπεὶ
1224 3434 1318 3485 καὶ
1348 3433 1549 3503 κυρίως
1577 3430 1719 3485 οὓτω

140 3525 292 3597 ποιρά
339 3527 451 3589 τοῖς
505 3524 909 3596 Ἐϐδομήκοντα
954 3524 1034 3578 ἔτι
1073 3525 1167 3578 καὶ
1199 3524 1294 3577 νῦν
1344 3527 1407 3595 τῇ
1453 3524 1718 3594 Ἑϐραίων

139 3615 464 3687 ὀνομάζεται
515 3620 686 3688 φωνῇ.
731 3615 990 3687 Φέρονταί
1022 3633 1084 3684 γε
1118 3617 1223 3688 μὴν
1259 3617 1390 3685 παρ’
1428 3616 1609 3677 αὐτοῖς
1629 3616 1719 3668 ἐπὶ

138 3710 241 3780 τῆς
268 3708 421 3771 θείας
448 3709 821 3780 προσηγορίας
848 3710 944 3761 καὶ
969 3706 1154 3779 ἒτεραί
1182 3723 1326 3768 τινες
1360 3708 1714 3776 ἐκφωνήσεις,

141 3799 425 3872 ὼσπεροῦν
454 3800 547 3852 καὶ
571 3799 631 3851 τὸ
652 3838 666 3862 ,
696 3798 894 3852 Σαδδαῒ
912 3840 926 3863 ,
951 3801 1043 3852 καὶ⁴
1068 3798 1127 3851 τὸ
1168 3797 1316 3862 Ἰαὼ,
1344 3800 1436 3851 καὶ
1464 3798 1566 3850 ’Ἡλ
1585 3838 1598 3861 ,
1626 3797 1717 3850 καὶ

142 3892 278 3946 ἄλλα
320 3891 531 3954 τούτοις
565 3890 944 3962 παραπλήσια.
1004 3891 1063 3943 '0
1102 3889 1166 3959 δὴ
1213 3884 1304 3941 οῦν
1353 3887 1489 3958 μετὰ
1529 3892 1718 3959 χεῖρας

140 3983 351 4053 ψαλμδς
386 3983 493 4035 ἀπὸ
521 3980 616 4033 τοῦ
657 3980 795 4045 ”Ηλ,
849 3980 1030 4045 Ἠλεὶ,
1087 3978 1260 4040 Ἠλεὶ,
1304 3976 1497 4046 λαμμᾶ
1547 3975 1715 4028 σαϐα-

142 4075 318 4147 χθανὶ,
336 4075 597 4146 περιέχει,
612 4068 654 4140 ᾧ
670 4073 932 4144 κέχρηται
949 4072 1044 4125 καὶ
1062 4073 1089 4123 6
1105 4070 1306 4141 Κύριος
1332 4068 1509 4139 ἡμῶν,
1526 4068 1586 4121 οῦ
1611 4068 1716 4138 μὴν

143 4169 252 4221 ἀπὸ
284 4167 378 4221 τοῦ
412 4167 664 4237 Ἐλωείμ.
698 4168 756 4219 '0
788 4165 920 4234 γοῦν
968 4164 1221 4226 Ἀκύλας,
1249 4162 1509 4231 διαφορὰν
1541 4160 1714 4222 εἰδὼς,

141 4260 241 4330 τῆς
269 4262 399 4330 παρ’
422 4259 695 4329 Ἑϐραίοις
719 4256 853 4310 Θεοῦ
877 4255 1245 4327 προσηγορίας
1280 4256 1343 4307 ὲκ
1366 4251 1458 4306 τοῦ
1488 4252 1718 4322 Ἑλωεὶμ

146 4350 566 4421 σημαινομένης,
596 4348 656 4400 τὺ
677 4348 771 4401 νῦν
796 4346 1121 4419 δηλούμενον
1153 4348 1210 4398 ἐν
1231 4344 1308 4415 τῷ
1341 4344 1509 4408 Ἠλεὶ,
1543 4343 1713 4407 Ἠλεὶ,

1827 519 1882 572 in
1913 518 2169 588 passione
2198 517 2421 572 desierit
2461 530 2548 577 ea,
2578 531 2698 585 qua:
2740 514 2807 567 ad
2837 514 3014 582 ipsum
3042 521 3252 582 spectat
3277 513 3397 566 dis—

1825 610 2094 678 pensatio,
2139 607 2413 676 passionis
2461 620 2592 659 vero
2647 604 2772 658 ﬁnis
2799 604 2916 673 ipsa
2945 602 3109 658 fuerit
3159 618 3190 656 a
3220 611 3397 657 morte

1827 697 1894 752 ad
1928 698 2092 751 vitam
2124 697 2421 762 restitutio,
2453 703 2509 750 et
2541 695 2807 748 matutina
2857 694 3154 762 susceptio,
3200 694 3395 747 merito

1825 788 2107 843 oraculum
2130 788 2258 841 huic
2288 786 2380 840 ﬁni
2400 786 2706 840 admirabili
2730 786 2901 853 ipsam
2931 784 3146 837 dedicat
3167 783 3398 854 scriptu-

1824 895 1965 945 ram,
1988 895 2095 932 non
2115 893 2274 934 secus
2298 893 2361 931 ac
2388 879 2434 933 si
2464 892 2625 931 omne
2651 876 2961 945 hujusmodi
2993 882 3395 946 argumentum,

1825 984 1877 1025 et
1920 985 2106 1026 earum
2155 970 2501 1024 vexationum
2553 986 2675 1039 quae
2709 970 2868 1024 ﬁnem
2912 969 3113 1037 ipsum,
3161 967 3397 1021 reditum

1826 1062 2014 1131 utique
2043 1062 2109 1116 de
2140 1069 2315 1115 morte
2355 1060 2422 1114 ad
2446 1061 2611 1114 vitam
2651 1065 3088 1120 antecesserunt,
3121 1065 3173 1111 et
3206 1072 3399 1112 susce-

1824 1153 2028 1222 ptionis
2078 1152 2359 1205 matutina:
2402 1165 2589 1213 causa,
2642 1150 2927 1204 inductum
2973 1149 3063 1204 sit.
3119 1146 3223 1203 Ubi
3266 1161 3399 1219 ergo

1828 1243 2077 1296 Salvator
2114 1258 2178 1295 ac
2219 1242 2481 1297 Dominus
2537 1240 2668 1295 illud
2722 1241 2906 1294 dixit:
2964 1257 2984 1291 ι
3043 1239 3207 1303 Deus,
3254 1238 3399 1295 Deus

1825 1351 2009 1399 meus,
2055 1334 2266 1403 respice
2298 1335 2353 1387 in
2403 1349 2521 1398 me,
2562 1348 2729 1403 quare
2775 1333 3109 1401 dereliquisti
3145 1333 3302 1386 me?»
3332 1346 3399 1386 ac

1826 1426 2082 1494 deinceps
2120 1424 2250 1477 illud
2283 1424 2492 1477 addidit
2521 1442 2535 1477 :
2573 1442 2591 1474 ι
2626 1422 2738 1491 Ego
2776 1428 2951 1477 autem
2974 1437 3095 1476 sum
3112 1421 3315 1476 vermis
3343 1427 3401 1475 et

1825 1530 1933 1568 non
1966 1517 2148 1577 homo,
2172 1516 2525 1584 opprobrium
2549 1514 2852 1577 hominum,
2885 1521 2938 1568 et
2965 1513 3197 1582 abjectio
3224 1527 3399 1583 popu-

1825 1605 1859 1657 li
1898 1625 1910 1658 :
1948 1625 1966 1656 ι
2005 1621 2218 1659 necnon
2258 1606 2391 1658 illud
2427 1607 2702 1676 subjecit:
2736 1624 2754 1655 ‹
2782 1604 3279 1659 Circumdederunt
3311 1619 3401 1660 me

1825 1698 1977 1752 vituli
2010 1699 2189 1762 multi,
2222 1700 2364 1753 tauri
2389 1700 2620 1769 pingues
2650 1699 2983 1753 obsederunt
3015 1713 3121 1759 me,
3154 1716 3173 1748 ι
3207 1704 3261 1751 et
3285 1697 3402 1750 evi-

1757 1773 1796 1826 Β
1826 1788 2018 1842 denter
2050 1805 2202 1843 suam
2254 1800 2482 1844 mortem
2523 1790 2866 1844 denuntiavit
2897 1805 2964 1844 ex
2996 1790 3108 1853 illo,
3139 1808 3157 1840 ‹
3188 1788 3242 1842 in
3278 1788 3400 1857 pul-

1824 1894 2005 1933 verem
2034 1882 2225 1935 mortis
2265 1881 2536 1936 deduxisti
2566 1896 2651 1935 me
2684 1901 2696 1935 :
2723 1883 2982 1950 quoniam
3021 1881 3399 1935 circumdede-

1823 1981 1953 2026 runt
1997 1989 2082 2027 me
2131 1989 2300 2029 canes
2331 1975 2512 2039 multi,
2564 1975 2918 2043 congregatio
2980 1973 3399 2043 malignantium

1825 2066 2039 2119 obsedit
2070 2082 2177 2129 me,
2214 2068 2470 2122 foderunt
2502 2082 2698 2122 manus
2724 2083 2874 2122 meas
2909 2075 2963 2120 et
2999 2066 3164 2136 pedes
3186 2081 3392 2121 meos.»

1822 2155 2088 2211 Prazterea
2122 2160 2211 2213 ubi
2265 2160 2427 2213 etiam
2464 2175 2527 2214 ea
2561 2176 2683 2229 quae
2716 2160 2818 2214 sub
2866 2160 3038 2228 ipsam
3086 2159 3400 2228 passionem

1824 2249 1927 2303 Sibi
1977 2257 2296 2309 evenerunt,
2343 2249 2668 2320 signiﬁcavit
2718 2251 2827 2304 illis
2864 2251 3091 2305 verbis:
3132 2267 3151 2301 ι
3189 2249 3401 2304 Divise-

1823 2347 1951 2392 runt
1993 2341 2313 2395 vestimenta
2365 2356 2482 2397 mea
2514 2342 2640 2405 sibi,
2671 2349 2725 2395 et
2771 2357 2936 2410 super
2987 2349 3190 2395 vestem
3222 2356 3399 2396 meam

1823 2431 2093 2484 miswuut
2125 2440 2349 2487 sortem.
2389 2454 2406 2484 ι
2440 2432 2588 2496 Haec,
2615 2441 2778 2501 atque
2806 2433 2889 2486 bis
2915 2433 3114 2486 similia
3141 2432 3230 2487 ubi
3262 2447 3401 2502 prae.

1823 2523 1979 2589 dixit,
2024 2541 2133 2579 non
2170 2527 2322 2579 intra
2374 2526 2487 2579 haec
2533 2525 2704 2591 stetit,
2740 2523 2906 2595 494,
2960 2524 3054 2577 sed
3098 2522 3397 2593 adjunxit:

1829 2633 1847 2665 ι
1890 2614 1993 2680 Qui
2053 2616 2254 2670 timetis
2311 2615 2621 2679 Dominum,
2666 2614 2886 2668 laudate
2946 2629 3094 2675 eum,
3138 2614 3399 2683 quoniam

1810 2720 1932 2758 non
1977 2705 2224 2774 sprevit,
2269 2721 2445 2774 neque
2501 2705 2729 2758 moleste
2792 2705 2914 2756 tirlit
2963 2702 3397 2771 deprecationem

1810 2798 2098 2866 pauperis,
2134 2812 2308 2864 neque
2330 2797 2523 2850 avertit
2549 2793 2744 2849 faciem
2778 2810 2931 2848 suam
2980 2808 3010 2846 a
3051 2808 3153 2854 me,
3186 2800 3239 2847 et
3272 2809 3397 2847 cum

1824 2890 2116 2943 clamarem
2153 2889 2219 2941 ad
2253 2904 2402 2950 eum,
2440 2887 2721 2941 exaudivit
2751 2901 2855 2941 me.
2891 2906 2909 2939 ι
2947 2884 3064 2950 Qua
3098 2893 3279 2938 autem
3310 2901 3400 2938 ra-

1823 2982 1970 3034 tione
1998 2980 2205 3035 diceret
2251 2997 2309 3035 se
2354 2980 2708 3033 exauditam?
2738 2981 2781 3033 si
2811 2993 2919 3031 non
2954 2985 3286 3032 consecutus
3312 2993 3399 3032 es-

1824 3082 1927 3137 set,
1980 3088 2100 3142 quae
2156 3079 2459 3143 optaverat,
2494 3085 2723 3141 quaeque
2758 3070 3011 3139 superius
3073 3069 3397 3137 deprecatus

1824 3166 2014 3220 fuerat.
2057 3181 2178 3217 cum
2210 3165 2347 3217 dixit
2374 3163 2544 3217 illud:
2585 3181 2604 3213 ι
2655 3161 2713 3215 In
2761 3163 3037 3231 pulverem
3082 3163 3274 3215 mortis
3298 3160 3397 3214 de-

1821 3256 2024 3310 duxisti
2074 3272 2180 3317 me,
2215 3256 2368 3324 eripe
2404 3270 2434 3307 a
2468 3255 2674 3309 framea
2722 3254 2958 3306 animam
3009 3267 3210 3314 meam,
3242 3264 3298 3306 et
3330 3251 3398 3305 de

1820 3364 1983 3402 manu
2018 3348 2168 3401 canis
2196 3347 2409 3401 unicam
2441 3347 2664 3401 meam?
2708 3364 2726 3396 ι
2760 3343 2885 3398 Haec
2914 3345 3058 3399 enim
3081 3360 3205 3397 cum
3238 3358 3395 3397 oras-

1821 3450 1923 3499 set,
1960 3454 2021 3492 ac
2052 3455 2109 3492 se
2139 3454 2206 3493 ex
2254 3439 2338 3492 bis
2368 3437 2504 3506 eripi
2538 3447 2593 3493 et
2624 3437 2847 3493 liberari
2892 3443 3146 3506 precatus
3182 3434 3395 3501 fuisset,

1819 3540 1931 3583 tum
1965 3545 2028 3584 ea
2074 3531 2191 3599 ipsa
2247 3538 2581 3585 consecutus
2630 3545 2752 3599 qua:
2792 3537 3065 3591 oraverat,
3099 3528 3344 3598 adjungit
3378 3547 3392 3583 :

1824 3638 1842 3669 ‹
1881 3618 1995 3671 Non
2043 3619 2247 3686 sprevit
2299 3634 2479 3689 neque
2510 3619 2738 3674 moleste
2795 3619 2918 3672 tulit
2955 3619 3395 3688 deprecationem

1819 3709 2097 3779 pauperis,
2132 3724 2310 3778 neque
2339 3710 2535 3763 avertit
2566 3708 2762 3762 faciem
2796 3724 2950 3764 suam
2982 3724 3012 3761 a
3044 3724 3150 3771 me,
3181 3716 3234 3762 et
3268 3724 3392 3762 cum

1818 3802 2109 3855 clamarem
2163 3802 2230 3855 ad
2262 3817 2409 3863 eum,
2453 3801 2731 3855 exaudivit
2766 3816 2852 3855 me
2886 3820 2899 3855 :
2934 3821 2953 3852 ι
2997 3802 3086 3854 ubi
3115 3801 3396 3856 evidenter

1818 3907 1977 3947 suum
2013 3892 2079 3946 de
2136 3900 2312 3947 morte
2362 3892 2429 3945 ad
2480 3892 2645 3946 vitam
2695 3891 2929 3946 reditum
2976 3891 3266 3960 significat,
3299 3892 3393 3961 qui

1818 3984 1920 4038 sub
1951 3984 2275 4037 matutinam
2308 3984 2711 4051 susceptionem
2754 3982 2986 4044 exstitit,
3031 3996 3194 4050 quam
3241 3982 3390 4050 psal-

1800 4087 1941 4124 mus
1990 4071 2247 4141 deinceps
2301 4072 2520 4140 longius
2577 4085 2900 4141 progressus
2960 4069 3252 4132 indicavit,
3299 4070 3392 4123 ubi

1816 4162 1954 4216 dixit
1996 4180 2009 4216 :
2047 4184 2066 4217 ι
2106 4163 2189 4218 Tu
2226 4173 2430 4228 autem,
2465 4162 2716 4228 Domine,
2743 4179 2813 4217 ne
2871 4178 3123 4218 amoveas
3176 4163 3392 4232 longius

1818 4256 2081 4310 auxilium
2117 4271 2323 4319 meum,
2345 4255 2413 4309 ad
2451 4255 2855 4324 susceptionem
2889 4270 3062 4308 meam
3097 4255 3326 4323 respice.
3365 4274 3385 4306 ι

1821 4346 1926 4402 Sed
1958 4362 2122 4417 quam
2157 4346 2378 4401 tandem
2430 4346 2591 4399 aliam
2650 4345 3070 4415 susceptionem,
3117 4347 3224 4401 nisi
3270 4362 3389 4401 eam

140 4445 241 4498 οῦκ
257 4442 487 4512 ἠξίωσεν
506 4443 706 4512 ὁμοίως
720 4443 831 4503 τοῖς
855 4440 1081 4502 λοιποῖς,
1110 4457 1128 4489 ι
1155 4441 1183 4491 6
1204 4438 1354 4501 Θεὸς,
1376 4437 1546 4500 ὁΘεός
1563 4454 1661 4506 μου
1689 4456 1706 4487 ι

1819 4454 1977 4508 quam
2015 4438 2304 4507 inscriptio
2335 4438 2530 4507 psalmi
2565 4437 2932 4507 signiﬁcavit?
2954 4438 3244 4500 Caeterum,
3277 4438 3391 4491 ba:c

146 4532 492 4599 μεταϐάλλων
504 4534 697 4594 εἰπεῖν,
716 4529 871 4595 ἀλλὰ,
883 4549 901 4580 ι
916 4529 1101 4601 ἰσχυρέ
1120 4546 1240 4600 μου,
1264 4527 1450 4598 ἰσχυρέ
1465 4545 1585 4597 μου.
1601 4548 1619 4579 ›
1638 4527 1709 4579 Τὸ

137 4621 186 4673 δ’
207 4624 430 4691 ἀκριϐές
469 4624 642 4676 ἐστιν·
699 4621 850 4691 ἰσχύς
896 4640 1017 4692 μου,
1057 4620 1207 4691 ἰσχύς
1236 4638 1358 4691 μου.
1389 4621 1547 4672 Ὥστε
1572 4619 1711 4673 κατὰ

142 4715 238 4784 τὴν
252 4713 440 4767 τούτου
458 4714 717 4778 διάνοιαν,
752 4714 840 4766 τὸν
860 4712 1031 4783 ἀμνὸν
1052 4711 1145 4764 τοῦ
1167 4711 1304 4764 Θεοῦ
1326 4712 1416 4764 τὸν
1448 4711 1713 4782 ἡμέτερον

143 4804 365 4875 Σωτῆρα
404 4805 683 4873 φάσκοντα
725 4806 787 4858 τὸ
835 4804 1013 4872 Ἠλεὶ,
1059 4804 1244 4868 Ἠλεὶ,
1291 4804 1427 4874 πρὸς
1465 4804 1554 4856 τὸν
1595 4804 1709 4856 Πα-

138 4896 301 4966 τέρα,
356 4897 563 4965 λέγειν’
619 4917 638 4944 ‹
679 4896 886 4968 Ἰσχυρέ
919 4915 1053 4968 μου,
1099 4895 1283 4966 ἰσχυρέ
1338 4913 1438 4965 μου
1465 4935 1478 4959 ,
1528 4895 1611 4947 ἵνα
1657 4894 1710 4947 τί

142 4989 496 5055 ἐγκατέλιπές
526 5005 627 5058 με;
664 5008 683 5041 ›
722 4990 818 5042 καὶ
841 4989 982 5060 τάχα
1012 4989 1133 5041 ἐπεὶ
1155 4988 1510 5057 ἐγκατέλιπεν
1548 4987 1708 5040 αὑτὸν

146 5082 174 5132 ὁ
206 5080 417 5151 ἰσχυρὸς
462 5079 647 5144 αὐτοῦ,
682 5080 870 5134 τούτου
904 5081 1063 5151 χάριν
1112 5079 1450 5151 ἐσταυρώθη,
1486 5080 1559 5143 ὥς
1606 5097 1711 5150 φη-

146 5187 226 5223 σιν
268 5173 295 5223 ὁ
340 5170 692 5235 ’Δπύστολοςο
729 5189 748 5221 ι
790 5173 898 5225 Καὶ
941 5171 1049 5241 γὰρ
1096 5171 1411 5242 ἐσταυριῦοη
1447 5169 1507 5234 ἐξ
1553 5170 1712 5223 ἀσθε-

140 5262 301 5325 νείας,
334 5261 431 5315 καὶ
460 5261 524 5334 ζῇ
561 5265 626 5316 ὲκ
657 5264 938 5335 δυνάμεως
982 5264 1142 5328 Θεοῦ,
1185 5284 1203 5317 ι
1240 5264 1316 5327 ὡς
1360 5262 1433 5334 μὴ
1469 5280 1712 5332 σταυρω-

141 5350 250 5415 θέκ
279 5352 364 5415 ἂν,
399 5354 446 5404 εί
472 5353 544 5424 μὴ
575 5357 603 5407 6
632 5355 848 5426 ἰσχυρὸς
894 5355 1056 5408 αὑτοῦ
1104 5354 1479 5408 καταλελοίπει
1527 5354 1707 5407 αὐτόν.

141 5443 246 5497 Καὶ
276 5444 377 5515 ὅρα
408 5446 456 5497 εί
500 5446 573 5517 μὴ
606 5445 813 5517 ἔπρεπε
860 5448 951 5500 τὸν
982 5448 1153 5511 ἀμνὸν
1185 5447 1276 5500 τοῦ
1321 5447 1478 5506 Θεοῦ,
1511 5446 1602 5499 τὸν
1633 5446 1710 5509 ὡς

140 5534 401 5605 πρόϐατον
442 5538 534 5590 ἐπὶ
567 5539 775 5609 σφαγὴν
821 5540 1073 5610 ἀχθέντα,
1099 5540 1192 5591 καὶ
1222 5539 1298 5601 ὡς
1343 5537 1512 5608 ἀμνὸν
1560 5540 1709 5590 ἐναν-

140 5627 246 5680 τίον
270 5627 362 5680 τοῦ
386 5630 660 5701 κείροντος
679 5632 911 5699 ἄφωνον,
940 5631 1040 5695 τὰς
1071 5631 1274 5694 οἰκείας
1305 5631 1558 5701 δυνάμεις
1581 5631 1709 5683 ἀνα-

139 5716 329 5770 τιθέναι
380 5717 457 5786 τῷ
505 5719 642 5790 Θεῷ,
679 5723 770 5774 καὶ
827 5722 988 5793 μηδὲν
1038 5722 1165 5775 ἴδιον
1212 5722 1355 5792 ἔχειν
1394 5722 1705 5794 ἡγεῖσθαιῆ

1816 4529 2037 4599 quidem
2085 4529 2232 4584 dicta
2283 4529 2396 4584 sint
2421 4543 2451 4581 a
2478 4528 2637 4582 nobis
2692 4528 2745 4580 in
2781 4528 2952 4596 ipsam
2983 4527 3173 4595 psalmi
3199 4526 3391 4580 inscri-

1816 4622 2057 4691 ptionem
2094 4638 2109 4687 ;
2142 4620 2196 4673 in
2238 4620 2332 4673 illo
2363 4627 2567 4683 autem,
2599 4637 2617 4670 ι
2650 4618 2752 4684 Eli,
2786 4618 2887 4682 Eli,
2918 4619 3112 4671 lamina
3159 4619 3390 4673 sabacli-

1818 4715 1993 4778 thani,
2034 4734 2053 4766 ›
2083 4712 2231 4784 quod
2254 4729 2378 4767 cum
2406 4728 2435 4765 a
2467 4713 2751 4766 Salvatore
2779 4720 2968 4766 nostro
3008 4712 3139 4780 ipsis
3163 4710 3390 4765 Hebrai-

1792 4806 1898 4861 .cis
1927 4806 2241 4859 nominibus
2269 4804 2474 4858 dictum
2507 4804 2577 4858 sit
2614 4804 2717 4858 sub
2749 4803 2926 4873 ipsum
2960 4804 3230 4871 passionis
3257 4812 3388 4857 tem-

1816 4914 1937 4968 pus,
1973 4898 2028 4950 in
2059 4897 2255 4966 psalmi
2313 4896 2469 4950 initio
2501 4896 2739 4966 positum
2771 4902 2877 4958 est,
2905 4895 3046 4959 vide,
3084 4911 3288 4964 quzrso,
3320 4911 3387 4949 ne

1813 5004 1920 5059 qua
1951 4988 2080 5041 insit
2108 4986 2431 5057 profundior
2471 4986 2854 5056 contemplatio
2894 4986 3035 5054 apud
3083 4984 3338 5041 Hebraeos
3368 5006 3381 5041 :

1811 5095 1935 5133 nam
1984 5078 2153 5131 Eloim
2204 5077 2349 5134 Deus
2406 5079 2771 5132 nominatur:
2814 5084 2868 5130 et
2915 5076 3020 5130 boc
3066 5092 3162 5144 per
3214 5084 3385 5130 totam

1811 5171 2203 5240 propemodum
2243 5166 2586 5236 Scripturam
2645 5166 2888 5221 invenies
2945 5184 2960 5219 :
3014 5164 3234 5234 quando
3301 5163 3383 5219 vel

1811 5260 2027 5329 proprie
2050 5260 2129 5313 sic
2147 5260 2287 5328 apud
2314 5257 2456 5311 LXX
2479 5258 2641 5312 etiam
2665 5272 2812 5310 nunc
2838 5254 3103 5309 Hebraica
3133 5269 3265 5310 voce
3291 5270 3385 5308 ne-

1812 5353 2071 5412 minatur,
2099 5352 2241 5420 apud
2270 5351 2421 5419 ipsos
2465 5361 2643 5402 tamen
2672 5346 2930 5402 Hebraeos
2959 5347 3078 5401 aliae
3109 5346 3382 5400 nonnullae

1814 5444 2063 5497 feruntur
2094 5442 2487 5512 appellationes
2513 5439 2580 5493 ad
2604 5440 2849 5494 divinam
2884 5446 3135 5501 naturam
3165 5437 3380 5508 signiﬁ-

1812 5536 2066 5597 candam,
2102 5542 2159 5587 ut
2197 5533 2352 5600 illud,
2393 5531 2616 5595 Saddai,
2645 5540 2703 5585 ut
2750 5532 2907 5595 illud,
2966 5529 3086 5595 Jao,
3117 5538 3176 5585 ut
3223 5531 3378 5596 illud,

1811 5627 1894 5692 El,
1930 5630 2144 5699 aliaque
2199 5627 2284 5681 bis
2319 5626 2514 5680 similia
2592 5640 2720 5686 ergo
2747 5625 2988 5682 psalmus
3025 5624 3117 5693 qui
3150 5639 3296 5679 nunc
3325 5625 3381 5678 in

1813 5723 2062 5778 manibus
2097 5729 2200 5788 est,
2240 5720 2369 5775 illud
2406 5741 2417 5775 :
2453 5718 2554 5788 Eii,
2588 5718 2689 5785 Eli,
2721 5731 2918 5774 lamina
2950 5716 3331 5785 sabaehthani,
3354 5733 3378 5768 ι
