3856 6222
442 278 548 336 767

1142 273 1412 330 EUSEBII
1445 269 1934 329 CESARIENSIS
1971 267 2124 324 OPP.
2165 265 2350 321 PARS
2389 264 2456 319 ll.
2496 294 2567 304 —
2607 261 3114 319 APOLOGETICA.

3626 259 3726 315 768

445 391 604 448 initio
630 390 815 453 habet,
844 403 955 460 quo
1003 390 1167 444 etiam
1225 390 1477 443 Salvator
1522 394 1712 442 noster
1756 403 1891 443 usus
1922 392 2027 451 est,

2138 381 2296 453 μόνον
2327 381 2420 433 τδν
2467 379 2714 451 Πατέρα’
2746 377 2826 431 διὸ
2871 379 2965 432 καὶ¹
3002 375 3219 449 ἰσχυρὸν
3250 375 3341 429 τὸν
3378 374 3611 448 Πατέρα
3639 377 3729 430 αὖ·

446 503 557 540 non
583 491 765 539 autem
798 482 929 538 illud
966 502 978 537 :
1018 482 1215 538 Eloim.
1248 480 1486 535 Proinde
1517 479 1716 551 Aquila
1768 493 1895 532 cum
1946 476 2030 530 dio

444 578 767 633 versitatem
814 574 921 646 ,Dei
969 574 1378 645 appellationis,
1412 588 1532 646 qua}
1568 588 1635 627 ex
1688 570 1810 641 ipso
1855 568 2026 623 Eloim

445 667 795 740 signiﬁcatur
840 667 986 735 apud
1036 666 1293 721 llebrwos
1343 664 1591 729 vidisset,
1630 662 1760 717 illud
1811 662 1879 716 de
1920 676 2030 731 quo

443 775 597 816 nunc
630 760 862 829 agimus,
899 759 957 813 in
990 758 1105 823 illo,
1136 757 1242 822 Eli,
1276 757 1380 822 Eli,
1416 773 1526 814 non
1564 758 1635 811 ita
1670 754 2029 826 quemadmo-

446 852 575 907 dum
598 849 794 918 reliqui
824 865 949 904 cum
984 856 1347 912 converteret,
1372 848 1769 903 enuntiandum
1799 845 2028 917 putavit,

447 943 543 999 sed
580 962 592 997 :
641 962 659 993 ι
697 941 879 997 Fortis
905 956 1081 1005 mcus,
1103 939 1261 995 fortis
1284 956 1460 1004 meus,
1492 955 1662 1009 quare
1688 937 2031 1007 dereliquisti

444 1034 571 1088 me?
605 1051 625 1084 ι
665 1033 812 1104 quod
844 1031 1145 1103 quidemsi
1176 1031 1510 1101 exquisitius
1547 1029 1730 1100 eloqui
1765 1029 2026 1093 volueris,

444 1122 617 1186 dices,
651 1124 822 1177 robur
871 1137 1075 1186 meum,
1111 1122 1279 1176 robur
1310 1137 1513 1175 meum.
1545 1119 1725 1186 Quare
1764 1135 1830 1174 ex
1863 1118 2030 1188 hujus

444 1217 919 1287 interpretatione,
952 1214 1141 1284 Agnus
1174 1212 1291 1278 Dei,
1333 1213 1427 1283 qui
1462 1219 1548 1268 est
1597 1218 1788 1265 noster
1833 1208 2026 1264 Salva-

444 1313 552 1367 tor,
592 1305 722 1359 dum
778 1303 912 1358 illud
962 1322 976 1358 :
1030 1302 1134 1368 Eli,
1170 1301 1275 1369 Eli,
1327 1301 1460 1355 dicit
1506 1300 1574 1355 ad
1620 1299 1862 1366 Patrem,
1894 1300 2029 1354 illud

443 1397 578 1452 dicit
631 1416 644 1451 :
682 1415 701 1447 ι
742 1394 925 1450 Fortis
973 1410 1153 1458 meus,
1208 1394 1368 1448 fortis
1421 1409 1597 1457 meus,
1630 1409 1801 1464 quare
1832 1393 2027 1448 dereli-

440 1488 611 1558 quisti
640 1487 770 1541 me?
805 1506 825 1538 ι
874 1493 930 1542 et
970 1486 1202 1541 forsitan
1244 1484 1391 1555 quod
1446 1485 1625 1555 ipsum
1676 1484 2031 1554 dereliquerit

440 1577 607 1651 495
631 1578 789 1635 fortis
839 1595 1007 1646 suus,
1061 1578 1270 1633 idcirco
1319 1576 1620 1632 cruciﬁxus
1671 1584 1791 1641 cst,
1844 1586 1904 1631 ut
1952 1577 2030 1630 ait

440 1671 784 1740 Apostolus:
821 1689 840 1722 ι
877 1669 1087 1725 Etenim
1130 1669 1428 1725 crucifixus
1466 1677 1551 1725 est
1583 1685 1652 1724 ex
1686 1668 2025 1736 inﬁrmitate,

2136 471 2232 526 τοῦ
2286 471 2603 535 ἀποκαλεῖν,
2658 468 2735 533 ὡς
2780 469 2873 523 καὶ
2932 470 2989 523 ἐν
3037 467 3486 538 ἑπτακαιδεκάτῳ

2140 564 2293 634 ἰσχὺν
2320 562 2497 634 ἐαυτῷ
2534 562 2629 616 καὶ⁵
2658 561 2987 634 κραταίωμα
3014 559 3107 614 καὶ
3140 558 3464 630 καταφυγὴν
3488 558 3590 612 τὸν
3620 559 3724 611 Πα-

2135 658 2271 728 τέρα
2295 654 2570 727 ὀνομάζει,
2591 655 2783 724 λέγων’
2812 672 2832 705 ι
2855 655 3154 724 ’Δγαπήσω
3180 670 3260 716 σε,
3281 652 3483 724 Κύριε,
3508 654 3548 723 ἡ
3582 651 3725 723 ἰσχύς

2140 765 2265 819 μου,
2296 746 2500 817 Κύριος
2535 746 2823 818 στερέωμά
2858 762 2980 817 μου,
3009 746 3103 798 καὶ
3138 745 3432 816 καταφυγή
3475 761 3610 815 μου,
3641 745 3725 800 καὶ

2138 839 2339 910 ρύστης
2362 857 2485 910 μου.
2529 841 2588 893 '0
2617 839 2749 903 Θεός
2784 856 2906 911 μου,
2937 837 3127 909 βοηθός
3162 854 3284 908 μου,
3308 837 3407 894 καὶ
3442 835 3624 890 ἐλπιῶ
3650 838 3725 891 ἐπ’

2137 932 2327 985 αὐτόν·
2363 933 2780 1005 ὑπερασπιστὴς
2815 948 2937 1003 μου,
2971 930 3066 984 καὶ
3094 929 3263 1001 κέρας
3294 928 3585 1001 σωτηρίας
3612 946 3723 1000 μου,

2137 1025 2232 1078 καὶ
2270 1027 2619 1097 ἁντιλήπτωρ
2672 1043 2793 1096 μου.
2836 1043 2853 1076 ι
2904 1022 3305 1081 Καταλέλοιπεν
3337 1018 3435 1076 οὖν
3495 1021 3666 1075 αὑτὸν
3700 1023 3728 1076 6

2140 1116 2359 1187 ἰσχυρὸς
2386 1115 2575 1178 αὐτοῦ,
2624 1114 2858 1187 θελήσας
2902 1113 3065 1167 αὐτὸν
3113 1114 3275 1184 μέχρι
3324 1113 3592 1179 θανάτου,
3643 1115 3727 1166 καὶ

2137 1205 2366 1259 θανάτου
2411 1203 2643 1276 σταυροῦ
2678 1204 2977 1269 κατελθεῖν,
3008 1204 3103 1257 καὶ
3139 1204 3233 1257 τοῦ
3276 1204 3487 1276 κόσμου
3531 1204 3726 1273 παντὸς

2136 1298 2328 1371 λύτρον
2361 1298 2455 1351 καὶ⁹
2503 1296 2795 1368 ἀντίψυχον
2829 1296 3235 1368 ἀποδειχθῆναι,
3286 1297 3381 1352 καὶ
3426 1296 3727 1367 καθάρσιον

2137 1390 2388 1458 γενέσθαι
2420 1389 2520 1460 τῆς
2548 1388 2657 1443 τῶν
2698 1391 2779 1452 είς
2810 1388 2969 1441 αὐτὸν
3016 1388 3420 1442 πιστευσάντων
3453 1389 3632 1460 ζωῆς.
3676 1390 3728 1442 '0

2136 1482 2214 1545 δὲ,
2258 1483 2453 1535 αὐτίκα
2487 1481 2631 1551 μάλα
2662 1479 3081 1551 συναισθόμενος
3125 1480 3225 1551 τῆς
3258 1479 3445 1534 ἐνθέου
3490 1482 3595 1534 καὶ
3627 1499 3728 1534 πα-

2136 1573 2333 1645 τρικῆς
2383 1572 2602 1644 βουλῆς,
2658 1572 2910 1641 διαγνούς
2959 1590 3040 1636 τε,
3085 1575 3132 1626 εἰ
3184 1572 3277 1626 καί
3320 1590 3408 1635 τις
3449 1572 3638 1636 ἄλλος,
3665 1573 3733 1627 τὰ

2139 1667 2288 1721 αίτια
2318 1667 2412 1720 τοῦ
2457 1665 2875 1736 καταλελεῖφθαι
2919 1665 3081 1719 αὐτὸν
3113 1665 3218 1719 ὑπὸ
3240 1664 3332 1718 τοῦ
3365 1665 3613 1736 Πατρὺς,
3654 1666 3733 1718 ἔτι

441 1770 498 1818 et
518 1762 651 1816 vivit
669 1778 735 1816 ex
755 1763 958 1817 virtute
977 1761 1161 1817 Dei”:
1187 1781 1205 1813 ι
1224 1761 1319 1832 qui
1337 1761 1555 1831 quidem
1574 1776 1855 1831 nunquam
1875 1761 2027 1815 cruci

2134 1761 2268 1813 πολὺ
2300 1760 2460 1813 πλέον
2490 1760 2854 1812 ἐταπείνωσεν
2895 1758 3109 1823 ἑαυτὸν,
3144 1758 3241 1812 καὶ
3269 1757 3362 1811 τὸν
3388 1758 3535 1830 ὑπὲρ
3574 1758 3735 1828 ἡμῶν

441 1860 589 1909 esset
626 1852 840 1921 allixus,
876 1854 984 1909 nisi
1015 1853 1175 1908 fortis
1226 1868 1360 1908 suus
1393 1852 1572 1921 ipsum
1619 1852 2026 1922 dereliquisset.

440 1944 509 1998 lit
541 1960 674 2000 sane
710 1945 923 2015 inspice
956 1952 1037 2011 tu,
1070 1959 1236 2015 quam
1270 1944 1409 1999 bene
1441 1944 1781 2008 convenerit,
1814 1948 2028 2014 Agnum

440 2034 562 2101 Dei,
594 2037 687 2107 qui
729 2047 788 2090 ut
816 2038 936 2092 ovis
965 2037 1031 2090 ad
1067 2036 1430 2091 occidendum
1485 2036 1557 2092 sit
1607 2034 1833 2099 ductus,
1882 2044 1937 2089 et
1968 2043 2030 2088 ut

442 2144 619 2198 agnus
663 2144 850 2183 coram
894 2128 1158 2184 tondente
1202 2127 1559 2191 obmutuerit,
1615 2144 1745 2183 suas
1776 2128 1922 2183 vires
1960 2126 2031 2182 ad

440 2220 625 2291 ipsum
665 2219 836 2276 Deum
883 2221 1110 2282 referre.
1159 2229 1212 2276 et
1234 2220 1371 2275 nihil
1411 2220 1692 2292 proprium
1737 2235 1797 2276 se
1828 2219 2031 2275 habere

443 2314 703 2369 arbitrari
734 2313 841 2367 nisi
874 2329 1045 2367 unum
1083 2313 1323 2369 Patrem.
1354 2311 1593 2368 Proinde
1635 2311 1798 2367 ctiam
1834 2310 2030 2366 fortem

442 2419 628 2468 suum,
661 2405 841 2474 ipsum
886 2402 1105 2459 Patrem
1155 2412 1335 2468 vocat,
1385 2419 1519 2459 sane
1563 2402 2030 2473 quemadmodum

441 2497 528 2551 vel
562 2497 617 2560 in
651 2495 865 2551 decimo
906 2496 1144 2567 septimo
1174 2495 1388 2566 psalmo
1429 2494 1600 2548 robur
1633 2510 1817 2557 suum,
1852 2501 1907 2548 et
1935 2495 2029 2547 lir-

441 2597 802 2654 mamentum,
854 2594 910 2642 et
957 2588 1228 2658 refugium
1282 2585 1537 2640 eumdem
1582 2585 1852 2649 nominat,
1899 2584 2030 2640 dum

439 2679 616 2735 dicit:
652 2697 672 2730 ι
701 2678 934 2749 Diligam
979 2685 1054 2742 te,
1105 2676 1353 2740 Domine,
1394 2676 1567 2731 robur
1608 2691 1811 2730 meum.
1845 2674 2032 2730 Domi-

440 2789 548 2828 nus
577 2760 978 2826 ﬁrniamentum
1021 2785 1204 2826 meum
1235 2777 1288 2825 et
1320 2768 1592 2839 refugium
1640 2783 1842 2832 meum,
1881 2779 1936 2825 et
1960 2769 2031 2822 li-

439 2863 663 2920 berator
704 2879 878 2917 meus.
923 2860 1068 2917 Deus
1098 2876 1273 2923 meus,
1325 2861 1544 2930 adjutor
1592 2875 1769 2926 meus,
1819 2867 1873 2915 et
1901 2876 2030 2930 spev

441 2958 578 3022 rato
607 2956 661 3010 in
693 2972 842 3011 eum.
863 2954 1150 3009 Protector
1180 2970 1336 3009 meus
1366 2964 1420 3009 ct
1448 2968 1621 3008 cornu
1646 2954 1840 3009 salutis
1870 2970 2024 3019 meae,

440 3058 498 3113 et
529 3056 818 3118 susceptor
849 3063 1003 3102 meus
1028 3047 1093 3101 ⁸³.
1125 3066 1144 3098 ι
1185 3045 1486 3116 Dereliquit
1514 3060 1644 3115 ergo
1675 3046 1830 3100 illum
1865 3045 2026 3101 l‘ortis

2133 1850 2363 1907 θάνατον
2396 1852 2565 1925 πολλῇ
2598 1855 2665 1924 τῇ
2702 1850 2985 1924 προθυμίᾳ
3035 1850 3409 1922 περιεϐάλετο,
3449 1870 3469 1902 ι
3508 1850 3735 1920 ἐγένετό

2131 1961 2192 1998 τε
2220 1946 2248 1998 6
2282 1944 2545 2013 πανάγιος
2578 1944 2674 1997 καὶ
2704 1943 2996 2014 εὐλογητὸς
3019 1942 3160 2013 ὑπὲρ
3185 1942 3339 2013 ἡμῶν
3360 1942 3605 2015 κατάρα,
3638 1942 3738 1996 καὶ

2132 2036 2161 2087 6
2189 2033 2262 2105 μὴ
2296 2035 2457 2102 γνοὺς
2502 2034 2774 2105 ἁμαρτίαν
2818 2033 3083 2106 ἁμαρτία,
3128 2032 3214 2087 ἵνα
3243 2035 3406 2104 ἡμεῖς
3435 2032 3735 2104 γενώμεθα

2131 2124 2441 2195 δικαιοσύνη
2473 2124 2607 2178 Θεοῦ
2631 2125 2689 2178 ἐν
2722 2124 2890 2196 αὐτῷ.
2921 2144 2940 2178 ι
2975 2123 3086 2178 Καὶ
3107 2124 3187 2176 ἔτι
3224 2124 3360 2194 πρὸς
3381 2123 3601 2188 τούτοις
3631 2123 3735 2187 τὰς

2133 2216 2406 2288 ἡμετέρας
2476 2217 2752 2288 ἁμαρτίας
2810 2215 3229 2288 ἀναμαξάμενος
3278 2216 3649 2289 ἐσταυρώθη,
3703 2217 3734 2271 ὃ
3822 2206 3823 2215 “

2132 2308 2298 2380 ἐχρῆν
2346 2310 2496 2380 ἡμᾶς
2544 2310 2671 2372 τοὺς
2723 2310 2853 2380 πρὶν
2906 2310 3125 2374 ἀσεϐεῖς
3166 2309 3379 2373 παθεῖν,
3427 2309 3732 2381 ἀντίψυχον

2130 2399 2291 2471 ἡμῶν
2324 2402 2417 2454 καὶ
2448 2401 2764 2472 ἀντίλυτρον
2797 2402 3182 2473 γεγενημένος,
3211 2401 3341 2456 ὥστ’
3372 2401 3439 2473 ᾇν
3484 2401 3730 2470 εὐλόγως

2131 2494 2306 2546 εἰπεῖν
2336 2495 2483 2564 ημᾶς
2521 2492 2584 2545 τὸ
2634 2494 2999 2565 προφητικόν·
3038 2512 3057 2545 ι
3098 2494 3271 2557 Αὐτὸς
3316 2492 3416 2557 τὰς
3449 2494 3731 2566 ἁμαρτίας

2131 2581 2290 2652 ἡμῶν
2342 2582 2517 2653 φέρει,
2571 2583 2668 2636 καὶ
2719 2585 2847 2655 περὶ
2898 2582 3053 2654 ἡμῶν
3102 2584 3374 2644 όδυνᾶται.
3417 2586 3513 2638 καὶ
3565 2584 3730 2648 αὐτὸς

2132 2673 2537 2747 ἐτραυματίσθη
2574 2674 2664 2729 διὰ
2690 2674 2790 2739 τὰς
2824 2676 3099 2747 ἁμαρτίας
3132 2675 3310 2747 ἡμῶν,
3344 2676 3439 2731 καὶ
3475 2677 3731 2748 μεμαλά-

2132 2775 2314 2819 κισται
2337 2764 2427 2819 διὰ
2457 2764 2556 2830 τὰς
2588 2767 2819 2838 ἀνομίας
2851 2766 3029 2839 ἡμῶν,
3072 2767 3158 2820 ἵνα
3187 2767 3267 2839 τῷ
3293 2767 3525 2838 μώλωπι
3560 2768 3729 2822 αὐτοῦ

2131 2859 2292 2928 ἡμεῖς
2345 2858 2605 2930 ίαθῶμεν.
2645 2859 2850 2931 Κύριος
2890 2860 3000 2931 γὰρ
3056 2859 3376 2931 παρέδωκεν
3408 2860 3575 2913 αὐτὸν
3610 2865 3730 2923 ταῖς

2132 2950 2428 3021 ἁμαρτίαις
2480 2950 2657 3022 ήμῶν.
2697 2970 2716 3002 ι
2750 2951 2951 3023 Διόπερ
2981 2951 3057 3016 ὡς
3103 2951 3430 3025 παραδοθεὶς
3475 2952 3586 3005 ὑπὸ
3634 2953 3727 3006 τοῦ

2130 3042 2366 3112 Πατρὸς,
2408 3029 2513 3096 καῖ’
2564 3043 2943 3113 μαλακισθεὶς,
2994 3044 3091 3098 καὶ
3143 3043 3243 3107 τὰς
3288 3044 3517 3116 ἀνομίας
3567 3045 3729 3115 ἡμῶν

442 3162 599 3208 suus,
637 3161 759 3199 cum
790 3144 962 3197 voluit
993 3144 1146 3197 illum
1184 3158 1359 3212 usque
1399 3141 1468 3196 ad
1500 3150 1753 3207 mortem,
1799 3149 1853 3199 et
1881 3158 2027 3197 mor-

2134 3131 2456 3204 ἀνειληφὼς,
2497 3153 2516 3185 ι
2547 3134 2624 3198 ὡς
2653 3135 2924 3206 πρόϐατον
2948 3136 3041 3189 ἐπὶ
3087 3135 3299 3207 σφαγὴν
3331 3136 3493 3208 ἢχθη.
3528 3156 3551 3189 ι
3593 3140 3730 3191 Συν-

441 3243 551 3289 tem
585 3237 769 3290 crucis
795 3234 1149 3298 descendere,
1175 3242 1229 3289 et
1260 3250 1359 3304 pro
1388 3235 1647 3289 universo
1676 3234 1880 3290 mundo
1905 3252 2028 3307 pre-

440 3328 604 3389 tium,
638 3342 750 3395 quo
798 3327 994 3380 anima:
1030 3327 1453 3390 redimerentur,
1501 3326 1771 3389 exhiberi,
1816 3332 1869 3381 et
1903 3326 2028 3381 vitae

442 3433 634 3473 eorum
684 3418 776 3488 qui
824 3418 879 3471 in
929 3419 1089 3472 [idem
1136 3419 1257 3488 ejus
1308 3419 1607 3484 venissent,
1659 3419 2028 3489 expiationem

443 3510 584 3565 ﬁeri.
621 3510 717 3565 llle
750 3524 882 3565 vero
924 3511 1178 3580 protinus
1211 3510 1459 3564 divinum
1506 3526 1570 3565 ac
1600 3519 1888 3581 paternum
1931 3511 2028 3566 de-

441 3612 657 3658 cretum
692 3603 1003 3675 intelligens
1050 3618 1499 3674 cognoscensque
1539 3604 1587 3658 si
1627 3604 1752 3674 quis
1786 3620 2027 3674 unquam

444 3699 607 3762 alius,
641 3712 841 3751 causas
866 3704 1088 3767 propter
1114 3711 1253 3766 quas
1283 3712 1314 3749 a
1345 3694 1507 3750 Patre
1528 3704 1677 3751 esset
1711 3697 2027 3768 relinquen-

443 3789 570 3852 dus,
601 3790 774 3844 multo
818 3789 983 3844 etiam
1033 3788 1268 3857 amplius
1324 3788 1567 3857 seipsum
1598 3788 1838 3854 demisit,
1880 3805 2029 3843 mor-

443 3895 666 3952 temque
687 3898 787 3953 pro
816 3883 976 3938 nobis
1004 3882 1209 3954 ingenti
1229 3882 1512 3938 alacritate
1533 3882 1758 3946 subivit,
1782 3901 1801 3933 ι
1822 3881 2023 3939 factus-

443 3990 551 4043 que
580 3982 667 4029 est
701 3993 720 4026 ι
752 3974 799 4029 is
829 3974 924 4043 qui
950 3981 1090 4037 erat,
1123 3981 1177 4028 et
1205 3975 1592 4038 sanctissimus
1625 3983 1680 4029 et
1708 3975 2027 4032 benedictus

448 4084 469 4118 ι
501 4080 599 4135 pro
623 4065 784 4120 nobis
814 4064 1123 4121 exsecratio
1146 4066 1216 4130 π,
1260 4075 1315 4120 et
1351 4065 1444 4135 qui
1476 4075 1761 4135 peccatum
1794 4083 1902 4121 non
1937 4085 2030 4121 no-

442 4156 544 4220 vit,
601 4164 908 4225 peccatum,
962 4163 1022 4210 ut
1076 4171 1180 4212 nos
1226 4155 1527 4213 elﬁciamur
1563 4157 1781 4225 justitia
1826 4157 1921 4214 Dei
1971 4160 2027 4215 in

444 4247 653 4318 ipso“.
690 4267 710 4300 ι
747 4248 829 4301 Ad
858 4248 975 4303 haec
1016 4248 1110 4303 ubi
1148 4256 1372 4319 peccata
1402 4256 1592 4304 nostra
1632 4249 1879 4314 detersit,
1911 4261 2025 4306 tum

443 4342 596 4397 cruci
631 4342 823 4399 afﬁxus
853 4352 957 4407 est,
998 4343 1146 4413 quod
1181 4342 1404 4416 quidem
1439 4359 1541 4399 nos
1572 4344 1684 4415 pati
1714 4346 2024 4416 Oportebat,

443 4443 500 4491 et
530 4451 630 4505 pro
664 4435 1000 4491 redimendis
1054 4435 1256 4490 animis
1305 4437 1514 4492 nostris
1558 4436 1676 4506 ipse
1719 4437 1896 4494 factus
1943 4445 2028 4494 est

444 4527 707 4598 pretium,
740 4543 915 4594 usque
949 4526 1086 4580 adeo
1109 4533 1168 4580 ut
1195 4541 1305 4580 non
1335 4526 1609 4581 immerito
1634 4528 1764 4582 illud
1789 4529 2025 4597 praphe-

444 4620 619 4676 ticum
647 4621 926 4690 possimus
954 4619 1137 4677 dicere
1167 4639 1179 4672 :
1215 4637 1233 4670 ι
1262 4619 1381 4689 Ipse
1406 4626 1631 4688 peccata
1660 4627 1855 4675 nostra
1893 4620 2021 4685 fert,

446 4718 501 4768 et
527 4727 628 4781 pro
669 4712 830 4766 nobis
860 4722 943 4767 est
972 4712 1025 4773 in
1064 4696 1270 4767 dolore.
1305 4709 1369 4764 Et
1418 4714 1535 4781 ipse
1578 4712 1899 4768 vulneratus
1940 4724 2026 4769 est

447 4813 671 4874 prepter
696 4812 921 4874 peccata
957 4814 1168 4866 nostra,
1204 4811 1259 4860 et
1299 4804 1542 4875 elanguit
1573 4813 1795 4874 propter
1823 4805 2030 4874 iniqui-

444 4901 590 4950 tates
623 4903 876 4959 nostras,
928 4905 988 4949 ut
1041 4895 1207 4949 livore
1240 4894 1359 4963 ejus
1402 4910 1504 4950 nos
1554 4909 1898 4949 sanaremur.
1933 4896 2028 4950 Et—

445 4986 594 5041 enim
627 4984 851 5039 tradidit
890 4986 1041 5039 illum
1085 4986 1325 5052 peccatis
1371 4987 1577 5040 nostris
1595 4987 1661 5039 ’7.
1700 5007 1719 5039 ι
1756 4986 2029 5051 Quocirca

448 5084 712 5145 tanquam
753 5076 987 5131 traditus
1038 5092 1068 5129 a
1099 5080 1251 5146 patre
1299 5086 1354 5131 et
1397 5075 1691 5147 languidus
1722 5074 1923 5148 factus,
1973 5083 2029 5131 et

448 5176 713 5236 tanquam
751 5167 800 5223 is
842 5170 933 5237 qui
969 5175 1195 5237 peccata
1252 5175 1441 5221 nostra
1491 5168 1875 5231 assumpserit,
1917 5187 1935 5218 ι
1968 5175 2027 5221 ut

448 5259 570 5315 ovis
598 5257 663 5312 ad
690 5259 893 5313 caedem
924 5269 1007 5313 est
1033 5258 1232 5313 ductus
1253 5258 1321 5313 ³⁸.
1354 5279 1373 5312 ι
1410 5257 1507 5313 His
1530 5258 1831 5313 concordat
1861 5259 2029 5313 etiam

446 5348 746 5421 Apostolus
794 5351 926 5404 dum
971 5350 1046 5404 ita
1097 5351 1260 5408 aitzt
1305 5348 1410 5416 Qui
1461 5350 1684 5420 proprio
1726 5349 1866 5404 Filio
1914 5366 2026 5403 non

449 5443 711 5519 pepercit,
748 5442 843 5497 sed
869 5455 970 5511 pro
996 5441 1251 5498 omnibus
1285 5442 1445 5498 nobis
1474 5440 1698 5497 tradidit
1733 5441 1883 5496 illum
1907 5443 1975 5495 9’.
2005 5461 2022 5491 ›

520 5563 566 5595 ’³
601 5557 643 5613 ll
674 5560 802 5617 Cor.
839 5578 974 5615 xm.
1008 5563 1062 5617 4.
1195 5562 1242 5593 ⁹⁸
1279 5559 1424 5616 Psal.
1466 5577 1571 5616 xvu
1597 5603 1609 5626 ,
1644 5561 1757 5625 2,3.

453 5630 500 5669 οδ
539 5631 673 5687 ibid.
712 5633 762 5687 7.
839 5634 884 5666 "
926 5632 1083 5687 Rom.
1124 5649 1256 5697 vm,
1294 5632 1381 5687 52.

525 5724 599 5783 ('l
630 5723 979 5780 Dcsidcratur
1016 5727 1062 5781 ὁ.
1098 5723 1255 5782 Enn.

1907 5561 1949 5591 ⁸⁸
1993 5558 2109 5613 Gal.
2154 5574 2243 5627 ιιι,
2286 5558 2369 5611 15.

2134 3225 2248 3293 ᾴδει
2269 3224 2479 3288 τούτοις
2501 3228 2596 3280 καὶ
2615 3226 2689 3297 (1)
2721 3227 3043 3292 Ἀπόστολος
3064 3228 3267 3296 λέγων’
3297 3248 3315 3280 ι
3361 3229 3459 3292 Ὃς
3489 3247 3555 3298 γε
3596 3231 3731 3285 ἰδίου

2135 3316 2266 3371 Υίοῢ
2296 3319 2395 3372 οὐκ
2447 3320 2719 3389 ἐφείσατο,
2755 3320 2870 3374 ἀλλ’
2918 3321 3059 3393 ὑπὲρ
3097 3321 3257 3392 ἡμῶν
3308 3321 3524 3375 πάντων
3581 3340 3735 3391 παρ-

2135 3410 2334 3466 έδωκεν
2365 3411 2545 3464 αὐτόν.
2585 3431 2604 3464 ι
2634 3412 2814 3466 Κινῶν
2851 3412 2909 3465 δὲ
2943 3414 3089 3484 ἡμᾶς
3118 3413 3211 3466 ἐπὶ
3251 3411 3477 3484 ζήτησιν
3506 3414 3617 3486 τῆς
3651 3416 3734 3468 αί-

2135 3503 2274 3568 τίας,
2308 3504 2375 3557 δι’
2405 3505 2470 3575 ἣν
2504 3505 2666 3558 αὑτὸν
2699 3506 2728 3557 6
2751 3505 2942 3576 Πατὴρ
2967 3505 3245 3570 κατέλιπε,
3277 3505 3508 3575 φάσκει·
3550 3525 3573 3557 ι
3615 3509 3734 3560 Ἵνα

2134 3595 2185 3648 τί
2218 3613 2284 3667 με
2335 3596 2732 3665 ἐγκατέλιπες;
2778 3616 2798 3649 ι
2835 3596 2907 3651 Τὸ
2938 3596 2983 3650 δ’
3017 3597 3191 3651 αἴτιον
3221 3597 3383 3652 τοῦτο
3424 3594 3512 3669 ἦν,
3553 3601 3592 3670 ἡ
3636 3600 3733 3654 τοῦ

2136 3690 2335 3754 παντὸς
2382 3688 2686 3762 ἀνθρώπων
2718 3690 2910 3759 γένους
2961 3690 3361 3763 ἀπολύτρωσις,
3422 3692 3500 3762 τῷ
3560 3696 3734 3765 τιμίῳ

2134 3783 2327 3853 αἵματι
2382 3782 2824 3854 ἐξαγοραζομένη
2868 3783 2976 3836 ἀπὺ
3006 3784 3105 3855 τῆς
3147 3784 3277 3855 πρὶν
3319 3785 3569 3857 χαλεπῆς
3614 3789 3734 3843 δου-

2134 3877 2302 3942 λείας,
2351 3877 2416 3946 ἣν
2461 3879 2575 3939 τοῖς
2622 3875 2879 3946 ἀοράτοις
2929 3875 3238 3941 δεσπόταις,
3293 3877 3542 3949 δαίμοσιν
3595 3882 3733 3935 ἀκα-

2136 3970 2353 4040 θάρτοις
2387 3968 2482 4021 καὶ
2506 3971 2763 4039 πονηροῖς
2792 3968 3020 4039 ἄρχουσί
3053 3986 3113 4021 τε
3135 3969 3230 4022 καὶ
3261 3969 3537 4040 πνεύμασι
3566 3990 3733 4029 ma-

2134 4060 2475 4113 δεδούλωντο.
2528 4060 2638 4112 Καὶ
2693 4058 2868 4121 ἄλλως
2916 4058 2973 4112 δὲ
3025 4059 3415 4115 καταλέλοιπεν
3475 4062 3653 4117 αὐτὸν
3702 4065 3732 4116 6

2135 4153 2344 4222 Πατὴρ,
2390 4152 2482 4203 καὶ
2512 4150 2675 4204 αὑτοῦ
2708 4148 2804 4203 τοῦ
2840 4147 3077 4221 Χριστοῦ
3107 4150 3205 4222 τὴν
3240 4151 3384 4224 ὑπὲρ
3420 4151 3731 4224 ἀνθρώπων

2134 4244 2372 4296 διάθεσιν
2409 4242 2795 4312 ἀποδειχθῆναι
2826 4242 3078 4312 θελήσας.
3115 4242 3207 4296 Διὺ
3242 4243 3477 4314 μηδενὸς
3506 4243 3729 4315 ἔχοντες

2136 4335 2378 4399 ἐξουσίαν
2398 4335 2498 4404 τῆς
2525 4334 2689 4388 αὑτοῦ
2708 4335 2886 4405 ψυχῆς
2903 4335 3044 4389 ἐκὼν
3072 4336 3233 4400 αὐτὸς
3252 4337 3395 4409 ὑπὲρ
3421 4337 3727 4411 ὰνθρώπε

2135 4428 2303 4498 αὐτὴν
2334 4427 2597 4491 τέθεικεν,
2637 4427 2922 4499 ὠσπεροῦν
2966 4427 3207 4481 διδάσκει
3232 4428 3442 4498 λέγων’
3489 4447 3510 4481 ι
3538 4430 3724 4493 οὐδεὶς

2131 4517 2275 4588 αἴρει
2305 4519 2404 4590 τὴν
2427 4517 2603 4588 ψυχήν
2632 4536 2734 4587 μου
2764 4519 2857 4573 ἀπ’
2894 4518 3049 4590 ἐμοῦ.
3094 4518 3375 4585 Ἐξουσίαν
3410 4519 3526 4591 ἔχω
3556 4520 3725 4579 θεῖναι

2132 4611 2320 4681 αὐτὴν,
2379 4613 2472 4663 καὶ
2524 4612 2767 4683 ἐξουσίαν
2822 4610 2930 4681 ἔχω
2993 4610 3156 4664 πάλιν
3212 4609 3398 4667 λαϐεῖν
3459 4612 3659 4684 αὐτήν.
3701 4632 3720 4663 ι

2144 4705 2300 4776 Ἑξῆς
2329 4704 2540 4767 τούτοις
2589 4705 2754 4775 φησί’
2798 4724 2817 4754 ‘
2855 4703 3090 4776 Μακράν
3145 4704 3255 4757 ἀπὸ
3292 4703 3399 4775 τῆς
3452 4706 3723 4778 W

2135 4816 2235 4868 μου
2268 4798 2317 4850 οἱ
2345 4798 2493 4864 λόγοι
2530 4796 2637 4849 τῶν
2685 4796 3148 4867 παραπτωμάτων
3202 4813 3328 4867 μου.
3364 4816 3388 4850 ι
3430 4796 3576 4852 Ἄνο⁹
3606 4790 3671 4853 ὦ
3696 4798 3725 4849 6

2135 4890 2233 4960 μὲν
2270 4889 2499 4951 Ἀκύλας
2518 4906 2530 4917 °
2568 4908 2586 4938 ι
2616 4889 2849 4959 Μακρὰν
2871 4889 2981 4942 ἀπὸ
3002 4891 3103 4960 τῆς
3127 4887 3405 4961 σωτηρίας
3426 4905 3533 4959 μου
3554 4890 3725 4963 μιμ-

2128 4999 2195 5033 τα
2245 4981 2592 5052 βρυχήματός
2636 4998 2758 5050 μου,
2802 5001 2821 5033 ι
2866 4978 3153 5045 ἐξέδωκεν·
3204 4982 3235 5034 ό
3279 4980 3340 5034 δὲ
3382 4978 3719 5053 Σύμμαχος·

2137 5092 2154 5123 ι
2212 5075 2608 5142 Ἀφεστήκασιν
2628 5073 2734 5125 ἀπὸ
2765 5074 2863 5143 τῆς
2887 5071 3160 5144 σωτηρίας
3207 5088 3313 5143 μου
3338 5072 3394 5128 οἱ
3430 5070 3585 5142 λόγοι
3614 5070 3720 5125 ὧν

2130 5165 2379 5235 ὀδυρμῶν
2411 5181 2542 5234 μου·
2586 5185 2604 5215 ›
2638 5167 2732 5218 καὶ
2753 5164 2872 5218 καθ’
2907 5166 3101 5237 ἐτέραν
3132 5164 3189 5219 δὲ
3221 5162 3725 5237 φερομένηνὲρη-

2131 5258 2280 5310 νείαν
2306 5258 2561 5328 πέμπτην
2586 5258 2829 5327 εἴρηται’
2863 5277 2881 5308 ι
2916 5256 3149 5329 Μακρὰν
3180 5257 3295 5312 ἀπὸ

2138 5368 2239 5419 μου
2282 5351 2331 5401 οἱ
2363 5349 2508 5416 λόγοι
2558 5348 2666 5402 τῶν
2707 5349 2943 5421 δεήσεων
2987 5366 3107 5421 μου.
3140 5366 3160 5400 ι
3195 5347 3339 5418 ὐρα
3382 5346 3451 5420 δὴ
3492 5342 3609 5411 οὖν,
3636 5344 3723 5400 ια

2136 5443 2256 5493 κατ’
2311 5441 2598 5511 οὐδετέραν
2640 5440 2845 5494 τούτων
2894 5441 2974 5498 τὸ.
3021 5457 3041 5492 ι
3089 5439 3198 5493 τῶν
3256 5438 3721 5511 stupemuth

2520 5560 2564 5589 ³³⁸
2604 5556 2646 5610 ΙΙ
2682 5557 2808 5612 Cor.
2848 5573 2899 5624 v,
2930 5554 3025 5611 29.
3092 5592 3093 5595 η
3158 5554 3205 5586 ’⁷
3245 5553 3356 5610 lsa.
3392 5567 3549 5620 un.
3598 5549 3714 5609 ιε.
