3856 6222
128 372 236 427 769

1048 367 1699 424 DEMONSTRATIONIS
1735 367 2196 424 EVANGELlCAﬁ
2235 367 2362 422 LIB.
2406 367 2473 422 X.

3292 367 3395 422 770

133 505 260 560 μου,
302 505 321 538 ι
356 484 593 557 εἴρηται,
640 485 716 548 ὼς
764 482 1049 554 συμϐαίνει
1094 485 1224 537 ποτέ
1263 483 1537 554 σφάλματι
1583 500 1718 554 γρα-

1826 485 2086 539 Cazterum
2119 484 2369 539 excitans
2398 497 2498 537 nos
2532 481 2597 537 ad
2634 480 3011 553 inquirendam
3041 496 3263 537 causam
3297 496 3397 536 cur

130 575 282 648 φικῷ
304 575 557 638 τοιαύτας
587 574 738 638 τίνάς
759 573 1057 641 ἐναλλαγάς
1092 573 1369 645 φέρεσθαι.
1420 574 1513 626 Ἐκ
1540 574 1597 628 δὲ
1614 575 1715 644 τῆς

128 669 242 723 τῶν
267 667 526 721 πλειόνων
555 667 852 739 ἑρμηνείας
878 666 1279 737 καταληπτέον·
1311 668 1360 720 εἰ
1397 666 1472 738 μὴ
1498 667 1607 738 ἄρα
1632 684 1717 731 τις

131 759 414 816 κάνταῦθα
452 759 522 812 τά
555 758 801 830 ἡμέτερα
833 755 1253 829 παραπτώματα
1289 758 1715 831 ἐξοικειούμενον

126 853 307 909 ταῦτα
332 851 492 905 αὑτὸν
509 851 786 922 εἰρηκέναι
813 851 1022 921 φήσειε.
1047 849 1268 913 Τούτοις
1297 850 1422 921 ἐξῆς
1451 849 1711 917 ἐπιλέγειο

135 964 157 997 ι
209 943 269 997 '0
301 942 432 1006 Θεός
480 958 604 1013 μου,
650 941 989 1011 κεκράξομαι
1041 940 1277 1013 ἡμέρας,
1315 941 1410 993 καὶ
1466 940 1565 993 οὐκ
1603 941 1716 993 εἰσ-

129 1034 364 1105 ακούσῃ,
402 1033 497 1086 καὶ
527 1031 737 1097 νυκτὸς,
768 1032 862 1084 καὶ
905 1031 1005 1085 οὐκ
1036 1033 1117 1095 εἰς
1146 1032 1329 1086 ἄνοιαν
1359 1030 1509 1100 ἐμοί·
1548 1051 1566 1083 ι
1597 1031 1713 1084 ἀνθ’

128 1121 193 1180 οὗ
224 1125 386 1178 πάλιν
406 1125 434 1177 ὁ
461 1122 775 1194 Σύμμαχος⁹
809 1142 827 1173 ι
852 1122 909 1176 Ὁ
929 1122 1061 1186 Θεός
1093 1140 1216 1193 μου,
1257 1142 1277 1174 ι
1311 1123 1462 1193 φησί,
1494 1140 1512 1173 ι
1536 1122 1714 1193 βοήσω

126 1217 371 1289 ἡμέρας,
399 1218 494 1269 καὶ
521 1215 620 1268 οὐκ
642 1213 960 1287 εἰςακούσῃ,
990 1215 1085 1267 καὶ
1115 1213 1328 1278 νυκτὸς,
1355 1215 1447 1267 καί
1476 1215 1575 1267 οὐκ
1600 1214 1714 1267 ἔστι

132 1312 286 1381 σιγή.
319 1329 339 1362 ›
373 1307 650 1379 Θαυμάζει
699 1306 765 1378 δὴ
797 1302 890 1360 οὖν
928 1308 986 1360 ἐν
1020 1307 1229 1370 τούτοις
1265 1308 1356 1361 τὸν
1389 1308 1607 1379 Πατέρα
1638 1307 1715 1371 ὼς

134 1402 220 1475 μὴ
247 1401 600 1456 εἰσακούοντα
623 1399 807 1465 αὐτοῦ,
828 1398 975 1463 ξένον
991 1416 1044 1451 τι
1063 1398 1221 1452 τοῦτο
1243 1401 1336 1452 καί
1355 1398 1506 1471 ποιρά
1519 1399 1577 1451 τὸ
1594 1399 1714 1452 σύν-

131 1494 266 1567 ηθες
310 1493 552 1566 θεωρῶν.
590 1494 646 1546 '0
678 1493 736 1546 δέ
770 1492 1066 1561 ἐφύλαττεν
1110 1491 1258 1563 αὐτῷ
1302 1491 1399 1564 τὴν
1443 1492 1611 1564 ἀκοὴν
1636 1494 1716 1555 εἰς

130 1588 226 1641 τὸν
257 1577 561 1656 ἐπιτήδειον
582 1583 673 1637 τοῦ
700 1582 1115 1653 εἰσακουσθῆναι
1142 1582 1349 1653 καιρόν.
1383 1576 1548 1645 Οὗτος
1571 1581 1626 1635 δὲ
1646 1578 1715 1653 ἦν

131 1680 161 1731 ὀ
186 1677 289 1748 τῆς
329 1676 662 1748 ἀντιλήψεως
705 1676 803 1747 τῆς
834 1674 1061 1744 ἑωθινῆς
1100 1673 1195 1728 καὶ
1239 1675 1268 1725 ὁ
1288 1675 1386 1745 τῆς
1417 1674 1482 1728 ἐκ
1505 1674 1715 1746 νεκρῶν

131 1770 505 1837 ἀναστάσεως,
526 1768 790 1834 καθ’ὃν,εἱ
806 1768 900 1820 καί
912 1785 1015 1820 τινι
1032 1766 1196 1838 ἄλλῳ,
1214 1766 1310 1820 καὶ
1325 1766 1477 1838 αὐτῷ
1494 1767 1716 1831 δικαίως

1823 576 2001 646 ipsum
2043 584 2194 646 pater
2220 575 2525 631 deseruerit
2558 574 2635 629 ait
2668 595 2680 629 :
2718 592 2738 626 ι
2763 573 2944 640 Quare
2977 590 3063 629 me
3100 574 3398 644 dereliqui-

1822 669 1930 723 sti?
1957 686 1975 720 ι
2028 666 2413 738 (Σκυεεγροιτικ)
2447 668 2561 721 Ιιδξο
2609 666 2732 732 fuit,
2766 667 3134 739 Momnis
3173 667 3398 721 humani

1821 760 2041 829 generis
2080 759 2380 829 redemptio
2430 774 2495 813 ac
2534 759 2808 823 liberatio,
2859 776 2980 829 qua:
3018 759 3260 830 pretioso
3302 757 3399 812 illo

1822 851 2090 921 sanguine
2122 849 2263 907 facta
2316 857 2417 915 est,
2460 866 2488 904 a
2521 852 2703 920 priore
2736 852 2826 905 illa
2860 852 3189 906 intolerabili
3224 851 3400 906 servi-

1820 946 1957 1004 tute,
1985 956 2091 1010 qua
2120 941 2224 995 sub
2246 941 2422 996 visum
2452 940 2840 1011 effugientibus
2874 940 3133 1003 dominis,
3164 940 3399 1010 impuris

1822 1034 2010 1103 utique
2046 1033 2385 1088 daemonibus
2434 1040 2488 1087 et
2518 1033 2773 1104 malignis
2803 1033 3149 1104 principibus
3186 1048 3249 1086 ac
3283 1033 3399 1102 spi-

1820 1122 2020 1176 ritibus
2054 1122 2460 1190 premebantur,
2507 1132 2561 1176 et
2596 1124 2699 1177 alia
2733 1123 2860 1177 item
2905 1124 3119 1178 ratione
3158 1123 3401 1180 deseruit

1822 1212 1975 1267 illum
2007 1211 2191 1275 Pater,
2226 1221 2287 1267 ut
2312 1213 2447 1268 illud
2473 1214 2685 1269 scilicet
2721 1215 3121 1278 ostenderetur,
3153 1215 3400 1271 affectio-

1820 1319 1944 1359 nem
1989 1319 2089 1375 pro
2127 1305 2443 1360 hominibus
2491 1306 2666 1376 ipsius
2701 1322 2920 1375 quoque
2962 1304 3169 1361 Christi
3200 1297 3396 1363 fuisse.

1822 1396 2165 1467 Quapropter
2217 1415 2341 1454 cum
2390 1399 2537 1454 illius
2590 1400 2787 1454 animm
2824 1400 2916 1469 jus
2973 1403 3028 1455 et
3072 1407 3400 1471 potestatem

1821 1505 1982 1544 nemo
2013 1491 2257 1555 haberet,
2288 1493 2477 1547 volens
2509 1493 2627 1563 ipse
2657 1504 2756 1562 pro
2784 1492 3099 1549 hominibus
3130 1494 3276 1548 illam
3300 1508 3403 1565 po-

1823 1584 1954 1649 suit,
1990 1584 2065 1637 ita
2106 1599 2237 1639 sane
2261 1584 2721 1653 quemadmodum
2751 1584 2908 1639 docet
2934 1585 3069 1655 ipse,
3102 1585 3233 1640 dum
3257 1588 3397 1639 ait‘:

1828 1693 1846 1726 ι
1876 1674 2048 1730 Nemo
2082 1676 2235 1730 tollet
2263 1678 2502 1730 animam
2545 1691 2723 1731 meam
2752 1691 2782 1729 a
2810 1692 2917 1741 me;
2950 1684 3273 1747 potestatem
3304 1678 3402 1732 ha-

1823 1768 1925 1822 beo
1956 1767 2192 1837 ponendi
2233 1782 2376 1830 eam,
2407 1774 2461 1821 et
2503 1775 2827 1836 potestatem
2871 1769 3044 1823 habeo
3078 1784 3275 1825 rursus
3306 1784 3402 1824 su-

135 1863 204 1917 ἂν
234 1861 428 1933 ἐλέχθη
448 1878 461 1890 ·
493 1879 511 1911 ι
562 1861 650 1913 Ἐν
679 1858 855 1930 καιρῷ
880 1855 1054 1927 δεκτῷ
1082 1856 1364 1926 ἐπήκουσά
1388 1873 1502 1923 σου,
1529 1858 1624 1911 καὶ
1665 1860 1722 1910 ἐν

1826 1860 2005 1914 mendi
2045 1874 2186 1915 eam.
2218 1859 2290 1914 lis
2315 1874 2435 1928 qua:
2462 1859 2605 1912 dicta
2641 1866 2790 1923 sunt,
2823 1859 3084 1931 deinceps
3111 1860 3396 1933 adjungit:

131 1955 323 2026 ἡμέρᾳ
354 1951 629 2024 σωτηρίας
674 1949 946 2021 ἐϐοήθησά
980 1965 1083 2002 σοι.
1123 1944 1253 2002 Ἰδοὺ
1281 1948 1376 2002 νῦν
1419 1948 1608 2020 καιρὸς
1633 1949 1721 2001 εὐ-

135 2044 489 2116 πρόσδεκτος,
522 2042 633 2095 ἰδοὺ
683 2039 777 2094 νῦν
807 2040 990 2112 ἡμέρα
1031 2038 1324 2109 σωτηρίας.
1358 2059 1378 2091 )
1413 2039 1640 2109 Λέγοιτο
1673 2040 1719 2094 δ’

136 2135 204 2188 ἂν
223 2134 396 2187 ταῦτα
418 2133 510 2187 καὶ
533 2132 734 2205 ἑτέρως
761 2131 866 2184 ὑπὸ
888 2130 1139 2201 Σωτῆρος
1164 2132 1196 2202 ἡ
1205 2128 1343 2200 μῶν,
1373 2130 1448 2194 ὡς
1470 2129 1722 2193 εἰωθότος

138 2227 240 2298 μὲν
268 2227 355 2280 ἀεὶ
394 2226 490 2280 καί⁹
520 2224 746 2279 πάντοτε
789 2222 1167 2277 εἰσακούεσθαι
1213 2223 1318 2277 ὑπὸ
1360 2222 1455 2276 τοῦ
1484 2221 1719 2295 Πατρὸς,

134 2319 235 2373 νῦν
268 2317 328 2372 δὲ
360 2317 697 2380 πιστεύοντος
731 2313 1271 2386 εἰσακουσθήσεσθαι,
1300 2314 1432 2377 ὡσεὶ
1468 2315 1723 2384 σαφέστε-

138 2428 234 2484 ρον
265 2410 447 2479 ἔλεγε·
484 2408 575 2480 Μὴ
604 2402 710 2462 οἶόν
757 2424 817 2460 τε
848 2407 1018 2470 ἐστὶν,
1049 2400 1094 2460 ὦ
1138 2405 1343 2477 Πάτερ,
1377 2407 1477 2477 ἐμὲ
1515 2406 1606 2460 τὸν
1632 2407 1722 2460 σὺν

139 2502 407 2576 μονογενῆ
464 2502 557 2555 καὶ
612 2497 894 2570 ἀγαπητὸν
949 2497 1113 2563 Υἱὸν,
1174 2497 1248 2569 μὴ
1308 2497 1720 2562 εἰσακούεσθαι,

138 2595 351 2668 βοῶντα
380 2594 474 2649 καὶ
495 2593 803 2665 κεκραγότα
822 2591 976 2664 ’πρὸς
1000 2591 1060 2644 σὲ
1083 2588 1436 2662 τδν’ἐμαυτοῧ
1461 2590 1681 2661 Πατέρα
1705 2605 1722 2656 ;

135 2689 381 2744 διδάσκει
411 2685 540 2757 γοῦν
569 2685 699 2739 αὐτὸ
729 2682 889 2738 τοῦτο
912 2684 969 2737 ἐν
993 2682 1071 2754 τῷ
1101 2682 1241 2736 κατά
1275 2681 1529 2752 Ἰωάννην
1556 2682 1726 2751 Εὐαγ-

135 2780 304 2851 γελίῳ
351 2779 442 2832 ἐπὶ
491 2776 586 2831 τοῦ
629 2775 907 2847 Λαζάρου,
951 2774 1185 2845 ὁπηνίκα
1230 2773 1431 2828 εἰπών·
1471 2791 1489 2824 ι
1522 2775 1725 2845 ’Δρατε

136 2872 230 2925 τὸν
261 2870 408 2924 λίθον
442 2868 549 2922 ἀπὸ
578 2866 671 2921 τοῦ
712 2866 999 2940 μνημείου,
1045 2867 1219 2939 ἐπῆρε
1248 2866 1376 2929 τοὺς
1415 2864 1726 2935 ὀφθαλμοὺς

137 2962 336 3017 ἑαυτοῦ
361 2964 440 3025 εἰς
463 2961 553 3014 τὸν
579 2960 827 3034 οὐρανὸν,
861 2959 955 3013 καὶ
984 2953 1107 3012 εἷπε
1131 2976 1143 2988 ·
1182 2958 1384 3028 Πάτερ,
1420 2957 1727 3027 εὐχαριστῶ

141 3072 248 3119 σοι,
273 3055 354 3108 ὅτι
384 3054 623 3127 ἤκουσάς
653 3071 774 3125 μου.
817 3053 957 3121 Ἐγὼ
983 3051 1038 3104 δὲ
1063 3050 1228 3122 ᾔδειν,
1255 3050 1335 3103 ὅτι
1367 3048 1598 3102 πάντοτέ
1624 3065 1726 3119 μου

138 3149 379 3211 ἀκούεις.
424 3166 442 3198 ι
472 3146 537 3199 Εἰ
562 3145 742 3198 τοίνυν
763 3144 992 3198 πάντοτε
1019 3138 1184 3195 αὐτοῦ
1214 3140 1535 3205 ἀκούει,οὐκ
1556 3140 1725 3210 ἀμφι-

1828 1965 1847 1997 ι
1875 1946 2060 2019 Longe
2088 1962 2118 2000 a
2141 1948 2318 2002 salute
2348 1963 2465 2001 mea
2495 1948 2659 2003 verba
2700 1949 3025 2004 delictorum
3069 1966 3338 2006 meorum.
3373 1971 3393 2005 ι

1820 2037 1926 2095 Pro
1976 2054 2084 2108 quo
2122 2039 2318 2109 Aquila
2368 2040 2588 2111 quidem
2634 2060 2646 2095 :
2696 2059 2714 2091 ι
2747 2038 2930 2112 Longe
2973 2056 3003 2097 a
3055 2043 3230 2098 salute
3281 2059 3402 2098 mea

1821 2130 1987 2184 verba
2041 2129 2291 2186 fremitus
2341 2132 2468 2197 mei,
2500 2149 2518 2181 ι
2566 2133 2840 2200 exposuit.
2899 2129 3260 2202 Symmachus
3305 2145 3403 2186 au-

1822 2226 1933 2274 tem
1966 2238 1978 2272 :
2012 2237 2029 2270 ι
2068 2218 2436 2274 Recesserunt
2482 2235 2514 2274 a
2567 2221 2745 2275 salute
2794 2235 2915 2276 mea
2962 2222 3129 2275 verba
3155 2221 3401 2276 luctUum

1825 2325 2093 2373 meorum,
2126 2328 2144 2361 ι
2178 2325 2390 2363 necnon
2439 2310 2586 2379 apud
2631 2311 2900 2380 quintam,
2939 2325 3060 2380 quae
3089 2308 3280 2375 fertur,
3318 2310 3404 2364 in-

1824 2399 2270 2468 terprctationem
2300 2399 2505 2453 dicitur
2533 2418 2546 2453 :
2582 2417 2600 2449 ι
2625 2398 2812 2470 Longe
2835 2415 2865 2453 a
2891 2401 3066 2456 salute
3096 2415 3214 2455 mea
3233 2399 3401 2456 verba

1823 2490 2267 2561 deprecationum
2319 2504 2588 2545 mearum.
2621 2509 2641 2543 ι
2678 2489 2754 2544 lla
2804 2490 2957 2546 vides
3009 2490 3064 2544 in
3114 2491 3265 2544 nulla
3308 2490 3406 2545 ha-

1824 2598 1945 2638 rur.n
2000 2584 2420 2638 conversionum
2465 2597 2586 2653 quae
2630 2582 2904 2650 posterius
2950 2581 3109 2636 dictae
3141 2588 3289 2647 sunt,
3337 2581 3405 2636 il-

1814 2674 1940 2739 lud,
1997 2690 2015 2723 ‹
2047 2674 2369 2729 delictorum
2414 2689 2685 2741 meorum,
2715 2694 2734 2727 ι
2788 2673 3001 2739 haberi,
3046 2672 3248 2743 quippe
3276 2687 3404 2727 cum

1824 2763 2099 2818 interdum
2130 2765 2373 2820 librariis
2415 2767 2729 2820 errantibus
2766 2764 3082 2832 huiusmodi
3114 2766 3403 2819 varietates

1826 2857 1981 2911 libris
2016 2857 2334 2926 contingere
2378 2854 2610 2913 soleant.
2656 2859 2737 2912 Ex
2775 2858 3073 2912 multorum
3106 2863 3288 2911 autem
3312 2856 3404 2910 in-

1827 2951 2218 3019 terpretatione
2247 2948 2684 3018 investigandum
2715 2954 2821 3014 est,
2848 2954 3031 3001 utrum
3059 2947 3113 3000 in
3144 2946 3230 3001 his
3249 2946 3405 3016 quis-

1826 3043 1969 3112 piam
2009 3043 2162 3096 illum
2187 3050 2374 3097 nostra
2399 3041 2598 3096 delicta.
2623 3056 2721 3096 sua
2757 3039 3045 3095 facientem
3071 3040 3201 3093 talia
3226 3055 3404 3095 enun-

1829 3132 1994 3186 tiasse
2017 3131 2235 3185 dixerit.
2269 3129 2367 3186 His
2389 3130 2649 3200 deinceps
2682 3129 2930 3201 adiungit
2957 3149 2971 3185 :
3008 3147 3029 3182 ι
3060 3129 3203 3185 Deus
3225 3144 3401 3196 meus,

139 3210 374 3304 ϐάλλων,
409 3236 521 3291 ἀλλ’
556 3235 798 3307 ἁκριῆῶς
833 3232 1212 3303 ἐπιστάμενος,
1263 3233 1344 3285 ὅτι
1376 3231 1471 3284 καὶ
1507 3227 1602 3285 νῦν
1629 3230 1722 3283 af»

1827 3222 2078 3277 clamabo
2102 3221 2377 3292 perdiem,
2405 3229 2460 3276 et
2489 3237 2599 3275 non
2631 3221 2913 3284 exaudies,
2945 3228 2999 3277 et
3033 3237 3131 3293 per
3163 3229 3403 3286 noctem,

138 3330 235 3386 τοῦ
281 3328 678 3393 εἰσακούσεται,
737 3327 813 3391 ὡς
857 3327 1118 3381 ἀδυνάτου
1166 3325 1318 3389 ὄντος
1348 3323 1443 3378 τοῦ
1492 3324 1567 3397 μὴ
1612 3325 1726 3377 είσ-

139 3421 434 3479 ἀκούεσθαι
481 3420 675 3485 αὐτὸν,
711 3417 1141 3492 ἐρωτηματικῶς
1179 3433 1370 3489 φησιν’
1418 3432 1439 3467 ι
1490 3417 1548 3468 '0
1595 3414 1727 3479 Θεός

143 3531 271 3585 μου,
299 3510 635 3584 κεκράξομαι
657 3511 889 3582 ἡμέρας,
924 3511 1017 3563 καὶ
1042 3510 1141 3562 οὐκ
1178 3506 1470 3579 εἰσακούσῃ
1497 3523 1512 3573 ;
1552 3526 1572 3559 ι
1601 3508 1728 3560 ὑπο-

142 3607 437 3671 στιζόντων
486 3605 642 3678 ἡμῶν
677 3606 733 3658 ἐν
775 3596 887 3675 τῷ,¹
915 3623 933 3654 ι
973 3605 1075 3657 οὐκ
1116 3602 1435 3674 εἰσακούσῃ,
1476 3622 1493 3655 ι
1522 3603 1617 3656 καί.
1665 3601 1727 3654 τὸ

141 3700 385 3754 ἐναντίον
414 3697 781 3752 ὑπονοούντων
811 3697 888 3768 τῷ
923 3696 1190 3767 πύσματι.
1225 3694 1395 3749 Τοῦτο
1425 3694 1554 3764 γοῦν
1585 3694 1727 3748 διδάκ-

144 3808 267 3845 σκει
324 3789 519 3862 μικρὸν
553 3788 797 3861 ὕστερον,
851 3788 1056 3861 προῖὼν
1110 3788 1235 3859 ἑξῆς
1274 3789 1330 3840 ἐν
1382 3786 1460 3858 τῷ
1504 3785 1724 3857 ψαλμῷ,

140 3882 319 3951 λέγων
337 3899 351 3912 ο
373 3900 392 3933 ι
432 3883 541 3937 Οὐκ
574 3881 927 3948 ἐξουδένωσεν
948 3880 1070 3934 οὐδὲ
1092 3877 1433 3952 προσώχθισε
1459 3881 1529 3950 τῇ
1548 3877 1726 3949 δεήσει

141 3973 241 4028 τοῦ
293 3972 509 4045 πτωχοῦ
530 4014 545 4038 ,
591 3974 711 4027 οὐδὲ
757 3973 1064 4045 ἀπέστρεψε
1111 3973 1173 4040 τὸ
1219 3972 1508 4043 πρόσωπον
1559 3967 1725 4024 αὑτοῦ

139 4067 242 4121 ἀπ’
273 4064 431 4138 ἐμοῦ,
468 4066 562 4119 καὶ
593 4066 651 4119 ἐν
693 4064 772 4136 τῷ
800 4064 1127 4137 κεκραγέναι
1163 4080 1232 4134 με
1262 4062 1399 4136 πρὸς
1433 4062 1592 4119 αὐτὸν
1618 4063 1729 4114 εἰσ-

142 4157 347 4230 ήκουσέ
372 4174 492 4228 μου.
508 4176 527 4209 ι
549 4156 674 4219 Πῶς
700 4152 793 4209 οὖν
818 4155 1171 4225 ἀποφατικῶς
1196 4154 1341 4223 λέγοι
1358 4153 1446 4218 ἂν,
1471 4172 1488 4203 ι
1513 4154 1570 4206 '0
1597 4150 1728 4216 Θεὸς

146 4266 276 4320 μου,
325 4247 662 4319 κεκράξομαι
713 4247 946 4318 ἡμέρας,
996 4246 1090 4299 καὶ
1118 4245 1219 4298 οὐκ
1264 4244 1578 4315 εἰσακούσῃ,
1622 4262 1639 4292 ι
1679 4245 1727 4296 εἰ

145 4340 225 4411 μὴ
277 4339 419 4393 κατά
457 4339 557 4411 τὴν
606 4337 959 4392 ἀποδοθεῖσαν
999 4339 1127 4409 ἡμῖν
1161 4335 1425 4408 θεωρίανς
1475 4335 1542 4406 ἥν
1571 4330 1727 4406 οἶμαι

143 4433 243 4487 καὶ
289 4431 451 4485 αὐτὸν
507 4428 875 4494 αἰνίττεσθαι,
926 4428 1181 4495 λέγοντα·
1226 4445 1245 4478 ι
1300 4427 1357 4479 Ὁ
1419 4425 1553 4488 Θεὸς
1599 4442 1724 4498 μου,

144 4522 485 4597 κεκράξομαι
518 4522 751 4593 ἡμέρας,
786 4521 879 4574 καὶ
911 4521 1010 4573 οὐκ
1042 4519 1364 4592 είσακούσῃ,
1385 4520 1479 4572 καὶ
1509 4517 1722 4582 νυκτὸς,
1754 4548 1800 4603 D

144 4615 246 4670 καὶ
274 4617 376 4668 οὐκ
394 4615 472 4677 είς
496 4614 679 4668 ἄνοιαν
713 4613 854 4684 ἐμοί.
891 4632 908 4665 ο
938 4614 1013 4666 Οὐ
1048 4612 1154 4684 γὰρ
1189 4613 1268 4676 εἰς
1295 4613 1499 4673 ἄνοιαν,
1536 4609 1721 4681 φησὶν,

144 4706 274 4779 ἐμοὶ
295 4706 511 4776 λέγεται
532 4701 614 4769 τὸ,
647 4723 664 4757 ι
701 4704 1013 4776 εἰσακούσῃ.
1050 4724 1069 4757 ›
1101 4699 1231 4758 Οἶδα
1251 4703 1361 4776 γὰρ
1394 4702 1554 4766 αὐτὸς
1577 4703 1725 4766 ὃπως

143 4798 305 4853 τοῦτό
348 4814 511 4868 φημι,
564 4801 946 4868 πεπεισμένος,
980 4799 1062 4851 ὅτι
1114 4796 1362 4864 πέφυκας
1413 4796 1510 4866 οὐχ
1547 4796 1626 4848 ὅτι
1660 4811 1725 4863 γε

146 4891 287 4962 ἐμοῦ
323 4891 479 4962 μόνον
503 4890 989 4961 ἀντιλαμϐάνεσθαι
1011 4890 1104 4943 καὶ
1124 4887 1447 4951 εἰσακούειν,
1481 4885 1616 4939 ἀλλά
1634 4886 1727 4939 καὶ

148 4984 372 5038 πάντων
391 4984 498 5037 τῶν
532 4984 700 5053 ἁγίων
733 4999 848 5036 σου,
896 4983 1006 5034 Ἀεὶ
1050 4980 1159 5052 γὰρ
1191 4981 1286 5033 καὶ
1316 4978 1404 5032 διὰ
1436 4978 1635 5041 παντὸς
1668 4977 1727 5030 ἐν

147 5078 266 5139 τοῖς
297 5074 471 5143 ἁγίοις
504 5091 599 5127 σου
624 5075 919 5136 κατοικεῖς,
946 5072 1040 5125 καὶ
1073 5072 1137 5124 σὺ
1170 5066 1221 5123 εἴ
1243 5073 1272 5124 ὁ
1304 5069 1503 5132 παντὸς
1534 5062 1726 5139 ἀνδρὸς

147 5164 451 5236 θεοφιλοῦς,
498 5160 713 5236 Ἰσραὴλ
745 5164 1303 5236 προσαγορευομένου,
1352 5162 1603 5225 ἔπαινος·
1638 5157 1726 5212 διά

152 5259 217 5312 σὲ
249 5255 357 5328 γὰρ
391 5255 551 5309 παντὶ
580 5253 660 5326 τῷ
694 5270 752 5306 σε
787 5252 1096 5323 περιέποντι
1121 5253 1218 5322 οὐχ
1248 5252 1276 5303 ὁ
1299 5247 1479 5320 τυχὼν
1504 5246 1729 5319 προσγί-

150 5366 305 5405 νεται
344 5348 583 5411 ἔπαινος,
631 5348 724 5400 καὶ
756 5348 848 5400 ἐπι
881 5347 963 5399 σοὶ
1002 5346 1049 5398 οί
1098 5340 1334 5411 πατέρες
1380 5340 1536 5412 ἡμῶν
1571 5339 1729 5411 ἠλπι-

153 5456 278 5505 σαν,
312 5441 409 5493 καὶ
456 5439 773 5501 ἐλπίσαντες
811 5437 921 5490 τῶν
950 5432 1367 5489 ἐπαναστάντων
1412 5432 1594 5494 αὐτοῖς
1625 5438 1728 5482 κα-

153 5533 268 5586 κῶν
302 5531 664 5605 ἐρῤύσθησαν,
700 5531 794 5585 καί
840 5529 976 5601 πρὸς
1009 5528 1068 5582 σὲ
1114 5524 1434 5598 ὲκέκραξαν,
1469 5523 1564 5576 καὶ
1596 5519 1732 5573 ἐσώ-

151 5623 352 5697 θησαν,
384 5623 477 5677 ἐπὶ
510 5621 590 5676 σοί
613 5638 672 5675 τε
704 5621 959 5692 ἤλπισαν,
993 5620 1087 5673 καί
1118 5617 1178 5670 οὐ
1207 5612 1677 5686 κατῃσχύνθησαν.
1708 5631 1727 5664 ι

230 5805 249 5838 ⁸
288 5803 447 5860 Joan.
479 5819 546 5868 ι,
584 5800 669 5857 18.
745 5801 767 5833 ³
806 5797 851 5856 ll
883 5796 1008 5853 Cor.
1047 5812 1136 5863 v1,
1168 5794 1223 5849 ξ’..

1828 3323 1884 3369 et
1925 3327 2035 3367 non
2095 3313 2163 3368 ad
2203 3313 2575 3384 insipientiam
2639 3313 2858 3381 mihi;:
2910 3328 3010 3384 pro
3059 3329 3168 3384 quo
3209 3329 3406 3371 rursus

1830 3402 2195 3475 Symmachus
2228 3420 2241 3456 :
2275 3421 2294 3455 ι
2324 3401 2469 3457 Deus
2508 3418 2682 3467 meus,
2713 3402 2911 3472 inquit,
2955 3399 3202 3456 clamabo
3237 3402 3407 3457 inter-

1826 3495 2008 3560 diu,et
2050 3510 2163 3550 non
2214 3495 2499 3558 exaudies,
2547 3499 2600 3548 et
2639 3499 2832 3557 noctu,
2862 3500 2917 3547 et
2952 3508 3062 3546 non
3109 3500 3194 3548 est
3239 3493 3408 3549 silen-

1826 3588 1984 3642 tium.
2023 3606 2042 3641 ι
2081 3586 2225 3658 Ergo
2261 3571 2317 3639 in
2362 3586 2448 3640 his
2476 3583 2691 3639 Patrem
2725 3600 2882 3639 suum
2913 3592 3175 3654 tanquam
3205 3600 3265 3641 se
3295 3601 3407 3640 non

1828 3680 2211 3736 exaudientem
2250 3678 2574 3743 admiratur,
2625 3683 2835 3746 utpote,
2880 3689 3004 3729 cum
3055 3690 3256 3729 novum
3301 3676 3407 3730 hoc

1828 3784 1989 3844 atque
2017 3772 2344 3828 inusitatum
2370 3770 2645 3841 inspiciat.
2683 3768 2776 3822 llle
2803 3773 2983 3821 autem
3009 3765 3138 3820 huic
3172 3765 3405 3821 audien-

1829 3869 1960 3922 tiam
2011 3867 2079 3922 ad
2134 3865 2390 3921 idoneum
2435 3862 2763 3920 exaudiendi
2805 3869 3022 3933 tempus
3080 3861 3402 3916 reservavit.

1828 3957 1945 4013 Hoc
1968 3972 2099 4011 vero
2127 3955 2254 4020 fuit,
2303 3954 2670 4025 susceptionis
2717 3953 2999 4007 matutina:
3032 3951 3407 4007 excitationis-

1829 4065 1935 4121 que
1960 4065 1990 4103 a
2020 4057 2195 4103 morte
2223 4049 2291 4102 ad
2322 4049 2488 4102 vitam
2528 4058 2760 4117 tempus,
2791 4061 2900 4116 quo
2931 4060 3063 4101 sane
3083 4052 3326 4113 tempore
3356 4043 3403 4098 si

1829 4144 2049 4213 quando
2100 4143 2167 4196 ad
2221 4142 2389 4195 alium
2441 4139 2775 4210 quempiam,
2827 4138 2893 4192 ad
2948 4137 3127 4207 ipsum
3187 4148 3406 4206 quoque

1832 4235 1977 4305 iuste
2015 4232 2306 4287 dicendum
2340 4232 2483 4286 fuit:
2522 4248 2540 4279 ι
2573 4228 2630 4282 ln
2676 4239 2920 4298 tempore
2961 4235 3185 4296 accepto
3230 4240 3403 4281 exauo

1828 4325 1939 4380 divi
1970 4332 2047 4389 te,
2085 4332 2141 4378 et
2167 4324 2219 4377 in
2266 4323 2352 4378 die
2385 4322 2581 4377 salutis
2615 4320 2797 4390 adjuvi
2825 4328 2899 4386 te;
2931 4334 3061 4374 ecce
3088 4332 3235 4372 nunc
3264 4324 3405 4371 tem-

1828 4433 1933 4488 pus
1977 4416 2337 4485 acceptabile,
2391 4428 2521 4468 ecce
2578 4427 2727 4466 nunc
2761 4412 2879 4467 dies
2929 4411 3122 4466 salutis
3144 4410 3185 4464 '.
3219 4429 3238 4463 ι
3286 4408 3403 4465 Dici

1829 4524 1959 4564 vero
1992 4514 2221 4579 possunt
2256 4507 2370 4562 haec
2404 4506 2511 4559 alia
2552 4519 2772 4575 quoque
2802 4502 3013 4557 ratione
3057 4517 3088 4555 a
3122 4499 3406 4556 Salvatore

1829 4608 2061 4665 nostro,
2106 4608 2363 4669 tanquam
2416 4599 2485 4653 ab
2515 4612 2616 4662 eo,
2661 4598 2755 4666 qui
2797 4596 3147 4651 consueverit
3188 4609 3406 4665 semper

1831 4695 2047 4765 quidem
2078 4700 2132 4748 et
2156 4693 2212 4747 in
2252 4692 2510 4747 omnibus
2544 4691 2794 4746 exaudiri
2834 4705 2866 4744 a
2898 4687 3080 4753 Patre,
3111 4702 3258 4743 nunc
3306 4702 3409 4741 au4

1832 4800 1962 4853 tem,
2000 4788 2091 4856 qui
2118 4786 2280 4842 etiam
2313 4783 2473 4838 fidem
2503 4784 2701 4839 habeat
2730 4797 2790 4839 se
2826 4796 2950 4838 esse
2979 4779 3403 4842 exaudiendum,

1832 4895 1942 4934 non
1970 4892 2129 4932 secus
2165 4889 2229 4928 ac
2263 4872 2310 4928 si
2344 4873 2562 4942 planius
2601 4872 2829 4934 diceret,
2874 4867 3123 4937 nunquid
3153 4865 3271 4921 fieri
3307 4881 3410 4935 po-I

1833 4977 1958 5033 test,
1978 4984 2010 5023 ο
2025 4966 2206 5030 Pater,
2231 4973 2291 5021 ut
2308 4980 2408 5036 ego
2426 4964 2620 5019 unicus
2639 4977 2703 5018 ac
2726 4962 2958 5018 dilectus
2974 4958 3166 5023 Filius,
3185 4958 3313 5012 dum
3337 4956 3412 5010 ad

1835 5072 1888 5118 te
1909 5060 2127 5114 Patrem
2150 5073 2333 5116 meum
2356 5058 2556 5121 clamo,
2586 5062 2643 5111 et
2663 5053 2955 5117 vociferor,
2977 5067 3086 5106 non
3109 5047 3411 5106 exaudiar?

1831 5152 1993 5226 5,97
2023 5151 2291 5221 siquidem
2323 5149 2428 5203 hoc
2458 5149 2636 5219 ipsum
2668 5148 2758 5204 ille
2793 5146 2933 5201 idem
2967 5144 3125 5200 docet
3153 5144 3206 5196 in
3229 5140 3413 5195 Evan-r

1833 5246 1974 5317 gelio
2009 5242 2259 5303 Joannis.
2289 5241 2383 5295 ubi
2416 5240 2485 5296 de
2512 5239 2718 5294 Lazaro
2752 5252 2933 5295 sermo
2964 5243 3069 5291 est.
3112 5233 3249 5288 Nam
3281 5246 3414 5288 cum

1835 5337 2102 5393 dixisset:
2142 5355 2161 5387 ι
2201 5333 2398 5389 Tollite
2428 5333 2658 5402 lapidem
2689 5346 2719 5385 a
2751 5336 3122 5392 monumento,
3164 5343 3187 5380 ι
3216 5332 3415 5381 sustu-r

1835 5431 1899 5484 lit
1931 5429 2126 5484 deinde
2162 5426 2351 5483 oculos
2378 5440 2508 5481 suos
2540 5423 2607 5478 ad
2639 5424 2836 5479 cmlum
2867 5429 2921 5478 et
2951 5420 3090 5476 dixit
3118 5437 3132 5475 :
3167 5436 3187 5471 ‹
3223 5416 3409 5483 Pater,

1836 5522 2043 5592 gratias
2074 5535 2176 5592 ago
2210 5519 2329 5585 tibi,
2364 5517 2621 5587 quoniam
2659 5513 2917 5569 audivisti
2945 5527 3053 5570 me.
3083 5509 3199 5581 Ego
3227 5518 3410 5566 autem

1839 5613 2080 5668 sciebam
2112 5610 2260 5682 quod
2288 5623 2503 5680 semper
2526 5623 2614 5664 me
2656 5607 2812 5663 audis
2843 5606 2881 5663 ³.
2922 5623 2942 5658 ι
2977 5602 3036 5659 Si
3068 5603 3241 5674 igitur
3268 5617 3414 5659 sein-

1301 5794 1322 5827 ³
1358 5791 1519 5849 Joan.
1555 5804 1645 5860 ιι,
1681 5787 1867 5845 ’ὅθ-Μ.
