3856 6222
448 327 546 381 771

1129 316 1405 378 EUSEBll
1439 311 1923 372 CAESARlENSIS
1959 310 2111 369 OPP.
2153 308 2340 366 PARS
2375 311 2525 367 ῙῙ.--
2560 305 3065 365 APOLOGETICA.
3614 305 3723 357 77?.

452 464 551 521 per
584 448 736 502 illum
787 443 961 509 audit,
1016 456 1163 496 nunc
1210 454 1427 509 quoque
1471 452 1583 491 non
1628 435 1908 499 dubitans,
1942 433 2035 487 sed

2155 430 2370 501 Ἐπειδὴ
2396 425 2488 482 οῦν
2513 428 2711 491 πάντες
2744 428 2793 479 οἱ
2823 426 2965 494 ἆγιοι
2986 423 3188 476 τούτων
3211 420 3400 491 ἔτυχον
3426 417 3579 489 παρᾶ
3610 417 3723 482 σοῦ,

452 541 616 612 plane
666 546 1005 609 compertum
1054 534 1263 588 habens
1309 548 1368 587 se
1416 544 1538 585 esse
1581 528 1933 590 audiendum,
1983 535 2036 580 (ιι

453 644 715 702 tanquam
748 630 862 683 lieri
893 644 1003 682 non
1035 627 1232 697 possit,
1267 631 1327 678 ut
1358 638 1467 677 non
1500 621 1775 680 audiatur,
1829 634 1895 672 ex
1954 619 2039 670 iii-

452 724 822 794 terrogatione
862 721 933 773 ait
975 739 989 775 :
1032 738 1052 772 (
1097 718 1238 772 Deus
1268 731 1445 778 meus,
1498 713 1748 766 clamabo
1776 708 2035 772 interdiu,

456 824 512 870 et
542 830 652 868 non
696 810 996 866 exaudies?
1043 828 1062 860 ι
1101 808 1262 862 nobis
1306 804 1558 859 videlicet
1596 800 2039 870 interrogationis

458 912 642 958 notam
664 901 993 955 addentibus
1017 899 1079 953 ad
1109 899 1357 959 verbum,
1396 914 1416 946 (
1457 894 1741 957 exaudies,
1774 913 1793 944 ›
1825 900 1879 946 et
1908 906 2040 945 con-

457 995 688 1050 trarium
720 993 863 1062 ejus,
900 991 1048 1062 quod
1072 991 1466 1058 interrogatum
1500 985 1592 1048 sit,
1621 985 2037 1053 subintelligem

455 1089 626 1143 tibus.
673 1085 955 1156 Siquidem
1008 1084 1114 1137 hoc
1167 1083 1348 1152 ipsum
1399 1080 1563 1148 paulo
1614 1085 1738 1147 post
1789 1091 2040 1132 sermone

458 1195 788 1251 progressus
847 1176 1090 1232 ostendit
1124 1173 1384 1242 deinceps
1435 1172 1489 1223 in
1541 1171 1752 1240 psalmo
1795 1170 1985 1223 dicens
2024 1187 2038 1224 :

466 1292 483 1323 ι
524 1272 895 1349 Non‘sprevit
944 1284 1120 1335 neque
1155 1267 1439 1320 molestam
1480 1263 1668 1319 habuit
1698 1262 2041 1339 deprecatio-

458 1381 584 1421 nem
621 1364 898 1435 pauperis,
928 1376 1105 1430 neque
1138 1358 1335 1411 avertit
1364 1355 1558 1409 faciem
1603 1370 1758 1410 suam
1787 1336 1827 1405 at
1847 1368 1952 1416 me,
1988 1358 2043 1406 et

459 1472 585 1510 cum
617 1457 911 1509 clamarem
943 1453 1009 1505 ad
1042 1467 1188 1513 eum,
1241 1447 1520 1505 exaudivit
1551 1462 1657 1499 me.
1707 1464 1726 1495 ι
1759 1443 2043 1510 Quomodo

459 1547 628 1617 igitur
660 1546 908 1613 negative
939 1541 1069 1593 illud
1094 1538 1344 1593 diretur‘!
1379 1533 1555 1588 «Deus
1579 1548 1759 1597 meus,
1792 1530 2044 1585 clamabo

462 1630 724 1696 interdiu,
754 1642 937 1686 etnon
968 1629 1251 1688 exaudies,
1310 1644 1329 1677 ›
1368 1624 1476 1679 nisi
1518 1638 1581 1677 ea
1615 1623 1827 1675 ratione
1881 1635 2041 1689 quam

462 1741 565 1782 nos
596 1725 901 1784 attulimus,
940 1735 1103 1791 quam
1139 1732 1272 1773 sane
1313 1716 1584 1770 rationem
1616 1714 1793 1782 ipsum
1826 1728 2045 1781 quoque

2140 520 2505 593 κεκράξαντές
2537 537 2597 572 τε
2630 517 3083 589 εἰσηκούσθησαν,
3126 514 3219 568 καὶ
3251 514 3311 565 ού
3351 510 3729 581 κατῃσχύνθη-

2142 633 2262 679 σαν,
2299 614 2449 683 πόσῳ
2478 612 2543 684 δὴ
2581 611 2740 665 πλέον
2774 610 2908 681 ἐμοῦ
2954 607 3048 661 τοῦ
3081 606 3175 660 σοῦ
3208 603 3496 674 ἀγαπητοῦ
3542 601 3726 664 παιδὸς

2143 705 2373 775 βοῶντος
2404 702 2600 774 μᾶλλον
2633 701 2887 753 ἁπάντων
2914 699 3006 750 καὶ
3031 695 3375 766 ἑτοιμότερον
3400 690 3696 760 εἰσακούσϊ⁸
3711 707 3725 753 ;

2140 798 2204 850 Εἰ
2236 797 2294 849 δὲ
2322 796 2417 849 καὶ
2450 790 2948 863 ἁποθαυμαστικῶς
2983 805 3144 857 φημι,
3183 804 3202 836 ι
3244 782 3730 854 Κεκράξομαιμαὶ

2140 891 2241 942 οὐκ
2262 887 2556 957 εἰσακούσῃ
2577 887 2588 939 !
2621 906 2637 936 ι
2664 885 2778 938 ἀλλ’
2798 884 2899 935 οὐκ
2918 885 2997 945 εἰς
3029 882 3213 935 ἄνοιαν
3237 881 3265 932 6
3288 878 3446 945 λόγος
3485 891 3578 945 μοι
3605 890 3733 942 προ-

2143 979 2385 1051 φέρεται.
2436 972 2567 1029 Οἶδα
2612 974 2743 1044 γοῦν
2789 975 2934 1036 ὅπως
2984 972 3083 1042 τὴν
3117 968 3281 1041 εὐχὴν
3324 965 3625 1038 προφέρω,
3659 964 3733 1032 μὴ

2142 1069 2569 1141 ἐναϐρυνόμενος
2597 1068 2729 1138 μηδέ
2764 1064 3201 1135 ἐγκαυχὼμενος,
3238 1060 3351 1114 ἀλλ’
3385 1059 3462 1122 ὡς
3492 1070 3735 1110 ταπεινο-

2143 1161 2376 1232 φρονῶν.
2427 1160 2579 1213 Ἐπεὶ
2599 1159 2708 1230 γὰρ
2742 1157 2915 1228 πρᾶός
2945 1157 3059 1225 εἰμι
3091 1154 3187 1206 καὶ
3216 1150 3474 1212 ταπεινὸς
3506 1146 3578 1219 τῇ
3612 1162 3737 1216 καρ-

2145 1254 2252 1324 δίᾳ,
2286 1251 2556 1315 ταπεινῶς
2588 1251 2678 1303 καὶ
2702 1253 2767 1321 τῇ
2802 1247 3039 1319 ἐμαυτοῦ
3076 1246 3338 1317 πραότητι
3360 1242 3587 1305 οἰκείως
3613 1238 3737 1308 περῖ⁵

2144 1342 2382 1415 ἐμαυτοῦ
2415 1341 2647 1395 ταπεινὰ
2672 1340 2998 1409 φθέγγομαι.
3046 1337 3202 1391 Οῦτω
3233 1336 3297 1407 δὴ
3343 1337 3440 1389 καὶ
3476 1335 3737 1404 σκώληκα

2143 1438 2380 1509 ἐμαυτὸν
2412 1433 2665 1507 ὀνομάζω
2688 1451 2701 1463 ·
2737 1433 2791 1485 τί
2833 1432 2943 1503 γάρ
2972 1432 3036 1485 ἂν
3069 1431 3277 1499 γένοιτο
3323 1427 3616 1499 σκώληκος
3644 1444 3740 1479 τα-

2144 1532 2457 1601 πεινότερον
2483 1545 2497 1594 ;
2526 1528 2647 1581 ὅθεν
2679 1525 2785 1579 οὐδ’
2824 1523 3108 1595 ἄνθρωπον
3141 1520 3376 1592 ἐμαυτὸν
3411 1519 3624 1589 εἴποιμ’
3654 1517 3739 1579 ἂν,

2145 1627 2224 1687 εἰς
2264 1621 2532 1691 τοσαύτην
2585 1618 2913 1672 ταπείνωσιν
2957 1618 3021 1668 ἐκ
3072 1613 3166 1667 τοῦ
3216 1612 3418 1666 οἰκείου
3472 1610 3742 1681 μεγέθους

2147 1714 2441 1775 κατελθὼν,
2477 1713 2618 1765 ὥστε
2653 1712 2746 1763 καὶ
2799 1707 3078 1778 σκώληκος
3126 1706 3290 1776 μηδὲν
3325 1704 3507 1757 δοκεῖν
3559 1702 3745 1769 διαξέ-

462 1816 702 1872 arbitror
730 1812 1041 1883 signiﬁcare
1078 1810 1206 1864 dum
1239 1808 1374 1861 dicit
1416 1827 1429 1862 :
1468 1826 1487 1858 ι
1546 1806 1689 1861 Deus
1720 1822 1894 1867 meus,
1933 1808 2042 1857 cla-

2155 1825 2282 1879 ρειν,
2309 1806 2399 1858 διὰ
2430 1805 2489 1857 τὸ
2535 1804 2629 1857 καὶ
2666 1802 2826 1872 μέχρι
2867 1799 3095 1853 θανάτου
3123 1798 3219 1850 καὶ
3263 1796 3364 1865 τῆς
3410 1793 3511 1846 τοῦ
3554 1791 3745 1862 σώμα-

461 1909 627 1964 mabo
661 1905 918 1966 interdiu,
944 1912 995 1956 et
1016 1917 1123 1955 non
1152 1899 1437 1961 cxaudies,
1469 1906 1523 1952 et
1548 1905 1733 1959 noctu,
1764 1904 1817 1950 et
1848 1912 1955 1949 non
1978 1894 2046 1947 ad

462 2000 838 2069 insipientiam
873 1995 1059 2048 mihi.»
1095 1992 1215 2047 Non
1244 1993 1392 2047 enim
1434 1991 1500 2046 ad
1535 1990 1930 2060 insipientiam,
1965 1989 2049 2040 in—

464 2092 651 2161 quit,a
676 2106 760 2143 me
782 2089 982 2141 dicitur
1006 2085 1162 2150 illud,
1189 2103 1207 2135 ¢
1243 2082 1524 2138 exaudies.
1552 2100 1570 2132 ι
1604 2081 1738 2133 bovi
1766 2081 1908 2133 enim
1934 2079 2049 2147 ipse

465 2199 571 2253 qua
604 2182 815 2236 ratione
847 2181 949 2233 hoc
972 2179 1172 2242 dicam,
1201 2176 1403 2246 quippe
1432 2174 1526 2244 qui
1555 2173 1711 2226 (idem
1744 2172 1970 2223 habeam
1996 2177 2049 2222 te

463 2281 665 2329 natura
718 2284 1051 2342 propensum
1102 2282 1225 2322 esse
1278 2266 1345 2319 ad
1399 2262 1833 2333 suscipiendum,
1886 2268 2049 2330 atque

466 2366 800 2423 audiendum
835 2379 943 2418 non
977 2363 1156 2418 solum
1191 2375 1298 2421 me,
1348 2357 1442 2413 sed
1487 2358 1651 2411 etiam
1693 2370 1884 2410 omnes
1922 2371 2051 2410 san-

467 2471 588 2515 ctos
621 2467 765 2511 tuos.
799 2454 1029 2524 Semper
1072 2452 1217 2507 enim
1271 2457 1325 2504 et
1372 2462 1768 2518 usquequaque
1829 2448 1885 2501 in
1938 2447 2049 2501 tuis

468 2551 677 2605 sanctis
707 2549 944 2610 habitas,
977 2546 1231 2614 idemque
1261 2544 1379 2613 ipse
1395 2557 1455 2597 es
1479 2540 1918 2610 uniuscujusque
1940 2540 2050 2595 Deo

468 2644 759 2701 familiaris
792 2649 958 2710 atque
983 2638 1147 2692 amici
1180 2635 1442 2697 hominis,
1466 2635 1559 2702 qui
1589 2632 1757 2686 Israel
1789 2634 2049 2702 appellari

466 2735 840 2798 consueverit,
867 2734 982 2785 laus
1016 2749 1027 2784 :
1062 2735 1284 2799 propter
1321 2733 1373 2779 te
1403 2725 1551 2779 enim
1582 2725 1647 2778 ad
1683 2739 1899 2777 omnem
1926 2740 2050 2778 eum

469 2830 562 2901 qui
618 2838 671 2883 te
718 2826 1038 2895 complexus
1090 2823 1186 2884 sit,
1241 2835 1351 2874 non
1397 2820 1637 2891 vulgaris
1682 2819 1866 2873 venire
1914 2819 2052 2872 solet

470 2923 612 2976 laus.
654 2940 673 2972 ι
711 2918 775 2971 Et
807 2918 861 2970 in
893 2925 944 2969 te
968 2923 1152 2985 patres
1179 2914 1352 2966 nostri
1385 2918 1765 2982 speraverunt,
1799 2929 1817 2961 ι
1853 2918 2052 2964 etcum

472 3018 777 3083 sperarent,
814 3010 883 3062 ab
909 3007 1287 3076 ingruentibus
1312 3007 1366 3058 in
1400 3005 1552 3074 ipsos
1580 3004 1738 3057 malis
1773 3020 1791 3052 ι
1835 3000 2053 3056 liberati

473 3115 623 3170 sunt,
653 3113 706 3159 et
733 3102 799 3156 ad
831 3110 885 3155 te
906 3103 1304 3162 clamaverunt,
1342 3106 1396 3151 et
1433 3097 1571 3152 salvi
1620 3095 1748 3148 facti
1789 3102 1939 3157 sunt,
1972 3101 2052 3145 at-

471 3215 581 3271 que
606 3200 661 3252 in
689 3205 742 3250 te
768 3200 1127 3265 speraveruiit
1149 3200 1203 3244 et
1229 3189 1443 3244 confusi
1478 3204 1586 3242 non
1615 3196 1764 3241 sunt.
1804 3205 1822 3237 ι
1859 3186 1914 3238 Si
1949 3186 2053 3254 igi-

471 3298 565 3345 tur
603 3303 795 3343 omnes
843 3285 1018 3341 sancti
1068 3285 1183 3336 hare
1233 3297 1265 3335 a
1299 3293 1350 3336 te
1381 3283 1831 3351 impetraverunt,
1866 3289 1918 3332 et
1943 3280 2059 3331 cla-

474 3394 690 3437 mantes
720 3379 962 3433 exauditi
1018 3383 1167 3437 sunt,
1206 3390 1315 3428 non
1366 3384 1545 3427 autem
1577 3375 1813 3434 confusi,
1848 3383 2056 3442 quanto

476 3473 653 3542 magis
706 3485 793 3525 me
842 3478 997 3542 tuum
1041 3466 1301 3519 dilectum
1350 3466 1517 3518 lilium
1564 3466 1890 3517 clamantem
1947 3478 2057 3532 prae

475 3564 693 3619 cunctis
715 3539 928 3630 absque‘
957 3574 1109 3611 mora
1136 3556 1435 3611 exaudies?
1459 3556 1615 3620 Quod
1648 3558 1693 3608 si
1731 3556 2056 3609 admirantis

474 3656 782 3725 cuiuspiam
813 3653 987 3706 instar
1025 3652 1250 3705 enuntio
1285 3649 1437 3712 illud,
1496 3668 1514 3698 ι
1553 3648 1830 3709 Clamabo,
1865 3657 1917 3700 et
1949 3662 2058 3700 non

477 3748 776 3804 exaudiesl
817 3765 836 3798 ι
879 3761 989 3798 non
1024 3753 1203 3796 tamen
1239 3741 1307 3795 ad
1358 3740 1724 3809 insipientiam
1785 3738 2059 3809 profertur

478 3844 607 3898 talis
639 3858 668 3894 a
709 3856 794 3895 me
825 3840 1022 3893 oratio.
1059 3834 1195 3889 Novi
1252 3835 1397 3889 enim
1437 3835 1552 3903 ipse
1576 3848 1685 3901 quo
1714 3848 1881 3886 sensu
1910 3847 2057 3886 meas

477 3950 671 4008 preces
702 3932 948 3995 enuntio,
983 3946 1092 3983 non
1142 3928 1537 3997 gloriabundus
1587 3926 1839 3978 videlicet
1883 3942 2057 3994 neque

471 4022 841 4097 jactabundus
875 4039 887 4074 :
920 4036 1046 4073 nam
1097 4033 1221 4071 cum
1266 4018 1369 4072 sim
1418 4024 1735 4069 mansuetus
1764 4021 1925 4082 atque
1955 4015 2057 4067 liu-

477 4117 627 4172 milis
652 4114 837 4179 corde,
877 4111 1069 4165 humili
1113 4111 1242 4163 item
1282 4123 1431 4161 more
1460 4114 1514 4161 et
1554 4123 1686 4159 mere
1736 4113 2057 4159 mansuetu-

478 4208 595 4263 dini
622 4212 1011 4265 conseiitaneo,
1051 4199 1279 4253 humilia
1306 4198 1374 4252 de
1403 4199 1612 4267 meipso
1646 4197 1858 4264 loquor.
1890 4194 2057 4266 498

478 4298 718 4355 Proinde
756 4296 920 4351 etiam
970 4294 1239 4361 meipsum
1273 4304 1511 4345 vermem
1561 4289 1771 4357 appello
1798 4305 1810 4339 :
1842 4296 1895 4341 et
1925 4287 2056 4356 quid

480 4406 665 4447 verme
697 4388 916 4443 tandem
971 4402 1094 4439 esse
1145 4383 1317 4454 possit
1349 4380 1643 4435 humilius?
1675 4381 1755 4434 sic
1785 4395 1853 4434 ne
1881 4379 2058 4432 homi-

2148 1919 2239 1964 τος
2292 1899 2495 1969 φθάσαι
2545 1897 2769 1967 φθορᾶς.
2806 1893 2976 1946 Πόθεν
3021 1891 3130 1960 γὰρ
3180 1888 3401 1943 ἄλλοθεν
3447 1884 3744 1954 γεννηθείη

2152 1993 2367 2064 σκώληξ
2401 1993 2432 2062 ἢ
2470 1992 2577 2044 ἀπὸ
2624 1990 2890 2060 σωμάτων
2925 1985 3167 2055 φθορᾶςς
3202 1985 3281 2045 είς
3333 1984 3399 2051 ἦν
3450 1981 3552 2033 καὶ
3584 1979 3746 2037 αὐτὸς

2150 2082 2444 2145 κατελθὼν,
2470 2081 2697 2142 εἰκότως
2730 2077 2964 2149 ἐμαυτὸν
2991 2073 3248 2143 σκώληκα
3280 2072 3372 2124 καὶ
3404 2072 3507 2122 οὐκ
3543 2068 3750 2139 ἄνθρω-

2152 2192 2250 2228 πον
2284 2172 2565 2242 γινώσκω·
2612 2172 2693 2224 6.6
2726 2171 2818 2223 καὶ
2868 2168 3067 2237 γέγονα
3107 2183 3126 2214 ‹
3168 2164 3365 2225 δνειδος
3411 2159 3745 2231 ἀνθρώπιον,
3826 2182 3827 2189 ι

2152 2268 2243 2320 καὶ
2276 2264 2525 2335 ὲξουδένη
2536 2281 2609 2334 μα
2628 2262 2779 2325 λαοῦ,
2812 2280 2828 2311 ι
2867 2262 2967 2312 οὐκ
2990 2258 3054 2311 ἂν
3069 2257 3357 2326 γενόμενος
3382 2254 3507 2305 οὐδὲ
3541 2252 3745 2313 ὄνειδος

2152 2352 2479 2431 ἀνθρώπων,
2522 2357 2643 2409 οὐδὲ
2697 2355 3047 2423 ἐξουδένημα,
3113 2353 3160 2404 εί
3206 2350 3280 2421 μὴ
3326 2349 3490 2419 μέχρι
3527 2346 3743 2414 σκώλη-

2151 2468 2246 2514 κος
2280 2449 2539 2520 ἐφθάκειν
2594 2447 2746 2517 παρὰ
2786 2447 2876 2497 τὸν
2920 2444 3013 2498 τοῦ
3073 2444 3279 2505 πάθους
3312 2440 3527 2512 καιρόν.
3583 2440 3740 2509 Tm:-

2151 2542 2330 2597 καῦτα
2361 2541 2490 2612 γοῦν
2515 2538 2846 2610 Θεωροῦντες
2882 2555 2944 2608 με
2981 2536 3076 2590 ἐπὶ
3101 2536 3195 2589 τοῦ
3239 2533 3474 2605 σταυροῦ
3506 2535 3743 2603 ἀνηρτη-

2156 2637 2336 2708 μένον,
2392 2634 2848 2703 ἐξεμυκτήρισαν,
2902 2630 2996 2681 καὶ
3047 2627 3313 2695 ἐλάλησαν
3370 2627 3430 2677 ἐν
3482 2624 3740 2694 χείλεσιν,

2153 2728 2408 2800 ἐκίνησαν
2440 2743 2499 2778 τε
2534 2723 2774 2794 κεφαλὴν
2806 2721 3056 2789 λέγοντες
3079 2737 3092 2750 ”
3134 2739 3152 2771 ι
3191 2718 3461 2771 Ἤλπισεν
3493 2718 3594 2769 ἐπὶ
3638 2715 3742 2768 Κύ-

2156 2838 2292 2892 ριον,
2330 2817 2583 2891 ῥυσάσθω
2616 2816 2800 2877 αὑτὸν,
2839 2814 3067 2866 σωσάτω
3113 2811 3297 2876 αὐτὸν,
3340 2812 3424 2863 ὅτι
3458 2809 3607 2861 θέλει
3654 2809 3745 2860 αύ-

2154 2913 2266 2965 τὸν.
2302 2932 2321 2964 ι
2361 2911 2545 2964 Ταῦτα
2573 2910 2669 2979 μὲν
2696 2903 2788 2960 οῦν
2814 2908 3029 2961 ἅπαντα
3059 2904 3147 2957 διὰ
3178 2903 3272 2956 τοῦ
3301 2900 3522 2972 ψαλμοῦ
3564 2899 3744 2968 σαεξῶς

2157 3006 2284 3078 περὶ
2310 3005 2417 3058 τῶν
2448 3003 2746 3074 μελλόντων
2768 2998 3092 3071 γενήσεσθαι
3116 2999 3347 3068 μακροῖς
3374 2994 3495 3048 ποθ’
3523 2991 3744 3061 ὕστερον

2156 3101 2368 3171 χρόνοις
2395 3096 2727 3159 ἐθεσπίζετο,
2754 3094 2941 3156 τέλους
2967 3093 3024 3145 δὲ
3055 3092 3373 3159 ἐτύγχανεν,
3395 3087 3589 3147 ὁπότε,
3613 3083 3746 3137 κατὰ

2157 3194 2249 3245 τὸν
2274 3190 2569 3250 λίατθαῖον,
2608 3208 2625 3238 ι
2662 3185 3078 3259 σταυρωθέντων
3100 3182 3196 3235 σὺν
3226 3180 3374 3250 αὐτῷ
3399 3178 3495 3231 δύο
3510 3178 3744 3249 λῃστῶν,

2161 3284 2276 3345 ἐνὸς
2309 3283 2373 3334 ἐκ
2401 3280 2608 3346 δεξιῶν,
2646 3281 2739 3332 καὶ
2773 3277 2890 3341 ἐνὸς
2924 3276 2982 3342 ἐξ
3016 3273 3309 3343 εὐωνύμων
3343 3271 3438 3323 τοῦ
3470 3271 3745 3342 Σωτῆρος,

2157 3378 2207 3429 οἱ
2261 3373 2765 3446 παραπορευόμενοι
2820 3370 3205 3439 ἐϐλασφήμουν
3258 3364 3421 3420 αὐτὸν
3472 3362 3749 3427 κινοῦντες

2159 3466 2257 3529 τὰς
2289 3464 2527 3534 κεῳαλὰς
2561 3461 2757 3518 αὐτῶν,
2792 3463 2884 3514 καὶ
2916 3460 3165 3527 λέγοντες
3186 3477 3228 3508 οι
3256 3457 3392 3509 Οὐαὶ
3413 3458 3443 3509 6
3464 3454 3750 3510 καταλύων

2159 3562 2251 3613 τὸν
2286 3559 2432 3622 ναὸν,
2477 3558 2572 3610 καὶ
2617 3556 2674 3607 ἐν
2720 3557 2897 3625 τρισὶν
2937 3553 3172 3624 ἡμέραις
3218 3549 3548 3619 οἰκοδομῶν,
3579 3549 3751 3601 σῶσον

2163 3652 2412 3705 σεαυτόν·
2453 3653 2501 3703 εἰ
2548 3648 2678 3710 Υἱὸς
2711 3644 2760 3700 εἶ
2802 3646 2896 3699 τοῦ
2948 3644 3105 3707 Θεοῦ,
3162 3641 3433 3712 κατάϐηθι
3491 3641 3609 3694 ἀπὸ
3661 3638 3749 3692 τοῦ

2162 3742 2419 3815 σταυροῦ.
2466 3742 2695 3812 Ὁμοίως
2723 3740 2780 3793 δὲ
2826 3740 2919 3791 καὶ
2964 3740 3011 3791 οἱ
3059 3737 3337 3807 ἀρχιερεῖς
3385 3732 3752 3804 ἐμπαίζοντες

2164 3838 2302 3908 μετὰ
2345 3836 2453 3888 τῶν
2512 3831 2896 3905 πρεσϐυτέρων
2950 3830 3043 3883 καὶ
3096 3826 3472 3900 γραμματέων
3523 3825 3747 3893 ελεγον

2162 3928 2386 3991 Ἀλλους
2419 3927 2639 3988 ἔσωσεν,
2673 3923 2862 3977 ἐαυτὸν
2901 3922 2961 3973 οὐ
2997 3921 3218 3973 δύναται
3269 3918 3461 3970 σῶσαι.
3500 3919 3568 3970 Εἰ
3604 3916 3750 3988 βασι-

2159 4023 2283 4086 λεὺς
2314 4020 2407 4073 τοῦ
2455 4017 2668 4090 Ἰσραήλ
2695 4019 2831 4079 ἐστι,
2865 4012 3157 4068 καταϐάτω
3194 4010 3289 4064 νῦν
3323 4010 3431 4062 ἀπὸ
3458 4009 3558 4063 τοῦ
3590 4028 3751 4064 σταυ-

2164 4115 2277 4186 ροῦ,
2315 4115 2408 4168 καὶ
2455 4110 2815 4180 πιστεύσομεν
2870 4106 3039 4177 αὐτῷ.
3082 4106 3144 4158 Εἰ
3197 4102 3457 4156 πέποιθεν
3508 4102 3613 4155 ἐπὶ
3663 4102 3749 4155 τὸν

2159 4206 2311 4269 Θεὸν,
2349 4202 2603 4275 ῥυσάσθω
2634 4201 2728 4254 νῦν
2763 4199 2947 4263 αὑτὸν,
2979 4200 3027 4250 εί
3060 4196 3202 4249 θέλει
3232 4194 3413 4247 αὐτόν.
3451 4190 3597 4247 Eia-:5
3623 4194 3746 4265 γάρ,

2158 4295 2259 4357 ὅτι,
2295 4293 2422 4355 Υἱὸς
2446 4291 2581 4345 Θεοῦ
2616 4293 2751 4361 εἰμι.
2767 4308 2785 4341 ι
2808 4286 2967 4342 Κατὰ
2988 4286 3046 4339 δὲ
3071 4285 3161 4338 τὸν
3178 4286 3410 4338 Λουκᾶν·
3448 4303 3467 4334 ι
3489 4284 3744 4355 Εἱστήκει

2160 4394 2188 4445 6
2217 4391 2342 4454 λαὸς
2376 4388 2615 4461 θεωρῶν,
2650 4386 2746 4441 καὶ⁸
2782 4381 3206 4455 ἐξεμυκτήριζον
3256 4379 3419 4432 αὐτὸν
3464 4380 3514 4431 οἱ
3553 4381 3743 4450 ἄρχον-

480 4501 608 4542 nem
637 4483 857 4555 quidem
890 4480 1157 4548 meipsum
1189 4475 1444 4539 dixerim,
1475 4490 1600 4528 cum
1625 4474 1814 4542 utique
1843 4472 1910 4526 ad
1936 4479 2051 4524 tan-

2158 4502 2250 4548 τες
2297 4485 2392 4536 σὺν
2436 4482 2620 4543 αὐτοῖς
2664 4477 2913 4547 λέγοντες
2937 4493 2949 4505 ·
2989 4473 3214 4537 Ἄλλους
3270 4472 3463 4534 ἔσωσε,
3520 4471 3743 4524 σωσάτω

481 4590 596 4634 tam
627 4575 990 4632 humilitatem
1029 4570 1218 4623 relicta
1268 4583 1386 4621 mea
1417 4566 1794 4637 magnitudine
1823 4564 2057 4618 descen-

480 4672 681 4734 derim,
721 4675 781 4723 ut
829 4665 997 4721 etiam
1036 4678 1218 4717 verme
1265 4660 1436 4715 nihilo
1480 4658 1828 4729 praestantior
1886 4654 2061 4710 videri

482 4765 715 4838 possim,
741 4767 1031 4831 propterea
1064 4755 1212 4826 quod
1244 4770 1418 4824 usque
1456 4754 1524 4808 ad
1550 4763 1780 4808 mortem
1808 4761 1861 4807 et
1884 4766 2061 4821 usque

484 4862 553 4917 ad
604 4858 887 4913 interitum
936 4855 1183 4923 corporis
1231 4854 1593 4921 pervenerim.
1656 4850 1893 4920 (Etenim
1952 4864 2060 4919 qua

481 4953 705 5011 tandem
754 4948 860 5001 alia
914 4946 1129 5002 ratione
1176 4943 1352 4997 factus
1405 4942 1475 4997 sit
1522 4943 1747 5007 vermis,
1783 4942 1887 4996 nisi
1929 4941 2058 5012 quia

482 5058 716 5114 corpora
744 5041 921 5096 solent
941 5036 1280 5108 corrumpi?)
1304 5036 1385 5091 Ad
1414 5051 1576 5106 quem
1622 5052 1753 5090 sane
1777 5014 2057 5089 interitum

483 5151 610 5191 eum
656 5135 771 5204 ipse
817 5146 1035 5203 quoque
1080 5128 1481 5192 descenderim,
1542 5127 1740 5181 merito
1788 5125 2056 5194 meipsum

482 5241 725 5283 vermem
759 5233 812 5279 et
846 5240 955 5279 non
1002 5224 1278 5278 hominem
1323 5234 1564 5291 agnosco
1597 5238 1609 5273 :
1656 5235 1722 5273 ex
1752 5233 1861 5287 quo
1893 5219 2058 5271 etiam

490 5341 509 5372 ι
560 5321 738 5374 factus
768 5334 888 5374 sum
923 5316 1278 5388 opprobrium
1313 5314 1591 5368 hominum
1627 5320 1681 5366 et
1716 5310 1948 5379 abjectio
1970 5325 2061 5378 po-

485 5413 622 5485 puli,
655 5431 673 5463 ›
707 5412 799 5481 qui
820 5411 1040 5481 quidem
1070 5422 1350 5477 nunquam
1367 5406 1427 5460 id
1452 5421 1627 5476 genus
1652 5403 1830 5457 factus
1857 5417 2057 5463 essem,

486 5505 591 5560 nisi
620 5518 795 5574 usque
826 5502 894 5557 ad
927 5502 1127 5556 vermis
1169 5499 1535 5554 conditionem
1572 5498 1675 5552 sub
1708 5498 1887 5566 ipsum
1935 5512 2060 5566 pas—

487 5594 661 5650 sionis
688 5603 903 5664 tempus
927 5608 1254 5664 progressus
1283 5606 1484 5647 essem.
1512 5588 1668 5644 Tune
1693 5589 1856 5660 igitur
1880 5588 2061 5642 viden-

487 5701 569 5743 tes
594 5703 679 5743 me
710 5688 767 5742 in
805 5701 968 5741 cruce
1000 5699 1347 5755 suspensum,
1391 5701 1410 5733 (
1468 5683 1967 5742 subsannaverunt,
2003 5686 2057 5734 et

489 5780 653 5838 locuti
682 5786 811 5836 sunt
841 5778 1022 5844 labiis,
1077 5783 1131 5831 et
1177 5783 1461 5831 moverunt
1512 5779 1695 5841 caput,
1741 5771 1986 5826 dicentes
2038 5785 2051 5820 :

2165 4576 2377 4638 ἐαυτὸν,
2413 4577 2460 4627 εί
2505 4568 2658 4636 οὗτός
2691 4573 2838 4624 ἐστιν
2869 4571 2899 4623 6
2929 4566 3160 4638 Χριστὸς
3191 4567 3220 4618 6
3251 4565 3379 4627 Υἱὸς
3408 4562 3505 4615 τοῦ
3550 4562 3688 4616 Θεοῦ
3716 4562 3743 4612 ὁ

2166 4669 2439 4732 ἐκλεκτός.
2473 4688 2491 4718 ›
2523 4665 2680 4721 Κατὰ
2716 4664 2773 4718 δὲ
2797 4664 2887 4716 τὸν
2908 4662 3133 4733 Μάρκον
3152 4677 3166 4690 ·
3203 4678 3220 4709 ι
3251 4659 3363 4711 Καὶ
3392 4660 3443 4710 οἱ
3485 4656 3744 4728 παράγον-

2165 4780 2255 4827 τες
2287 4760 2669 4831 ὲϐλασφήμουν
2702 4757 2886 4818 αὐτὸν,
2923 4754 3197 4817 κινοῦντες
3243 4751 3342 4814 τὰς
3378 4750 3627 4819 κεψαλὰς
3660 4750 3744 4802 a6-

2166 4855 2295 4917 τῶν,
2322 4853 2415 4906 καὶ
2436 4851 2684 4920 λέγοντες
2702 4866 2715 4880 ⁸
2746 4849 2883 4903 Οὐαὶ
2906 4850 2934 4902 6
2965 4845 3248 4900 καταλύων
3272 4843 3365 4897 τὸν
3396 4844 3549 4906 ναὸν,
3575 4844 3667 4896 καὶ
3691 4844 3742 4893 ἐν

2167 4947 2343 5018 τρισὶν
2375 4945 2613 5017 ἡμέραις
2663 4940 2963 5012 οἰκοδομῶν
3021 4939 3212 4993 αὐτόν·
3276 4935 3450 4989 σῶσον
3503 4933 3738 4990 σεαυτὸν.

2166 5036 2260 5090 καὶ
2294 5033 2560 5106 κατάϐηθι
2605 5032 2712 5086 ἀπὸ
2760 5030 2854 5084 τοῦ
2916 5028 3170 5101 σταυροῦ.
3214 5044 3233 5077 ι
3276 5024 3514 5097 Ὁμοίαις
3547 5026 3643 5079 καὶ
3694 5022 3739 5073 0!

2166 5129 2440 5200 ἀρχιερεῖς
2471 5122 2829 5196 ἐμπαίζοντες
2868 5124 2948 5185 εἰς
2972 5120 3233 5191 ἀλλήλους
3263 5116 3403 5188 μετὰ
3431 5116 3545 5170 τῶν
3584 5131 3741 5188 γραμ-

2169 5218 2381 5288 ματέων
2414 5215 2596 5285 ἔλεγον
2614 5232 2627 5245 ·
2650 5233 2668 5263 ι
2698 5213 2925 5275 ’Ἄλλους
2958 5211 3181 5275 ἔσωσεν,
3210 5208 3405 5262 ἑαυτὸν
3436 5208 3501 5261 οὐ
3535 5206 3739 5260 δύναται

2170 5308 2362 5362 σῶσαι·
2398 5310 2427 5361 ό
2459 5307 2692 5378 Χριστὸς
2723 5307 2752 5358 ὁ
2779 5303 3030 5374 βασιλεὺς
3070 5301 3164 5353 τοῦ
3211 5298 3428 5370 Ἰσραὴλ
3460 5296 3740 5352 καταϐάτω

2169 5398 2262 5454 νῦν
2306 5399 2413 5453 ἀπὸ
2443 5398 2537 5453 τοῦ
2590 5396 2859 5467 σταυροῦ,
2906 5394 2993 5447 ἵνα
3049 5394 3245 5463 ἴδωμεν
3299 5392 3394 5445 καὶ
3448 5389 3737 5443 πιστεύσω-

2172 5510 2271 5564 μεν
2321 5491 2491 5562 αὐτῷ.
2536 5511 2555 5544 ι
2595 5490 2777 5543 Ταῦτα
2845 5488 2949 5561 γὰρ
2989 5487 3043 5538 τί
3100 5485 3163 5539 ἂν
3226 5483 3480 5555 διαφέροι
3535 5480 3639 5534 τῶν
3688 5480 3737 5528 ἐν

2166 5584 2245 5656 τῷ
2294 5582 2491 5654 ψαλμῶ
2546 5577 3163 5653 προαναπεφωνημένων
3214 5579 3271 5629 ἐν
3324 5573 3425 5645 τῷ,
3455 5591 3478 5625 ι
3526 5569 3660 5639 Ἐγὼ
3687 5565 3735 5619 δέ

2163 5676 2277 5744 είμι
2337 5671 2570 5741 σκώληξ,
2629 5671 2723 5725 καὶ
2786 5670 2886 5723 οὐκ
2934 5668 3237 5738 ἄνθρωπος,
3287 5664 3494 5726 ὄνειδος
3546 5656 3733 5731 ἀνθρὼ-

2164 5783 2280 5820 πων
2341 5767 2434 5820 καὶ
2490 5764 2822 5835 ἐξουδένημα
2877 5760 3027 5816 λαοῦ.
3059 5760 3262 5819 Πάντες
3317 5759 3369 5812 οἱ
3427 5750 3731 5827 θεωροῦντές
