3856 6222
183 303 296 357 773

1076 301 1395 357 DEMONS'I
1410 302 1735 358 RATIONIS
1763 302 2219 360 EVANGELICIE
2259 303 2387 360 LIB.
2434 305 2499 362 Χ.

3330 308 3429 363 7η

182 440 253 496 με
275 423 707 495 ὲξεμυκτήρισάν
739 441 828 494 με,
858 423 1123 495 ἐλάλησαν
1149 430 1206 479 ἐν
1228 429 1483 497 γείλεσιν,
1506 427 1732 498 ὲκίνησα

1868 444 1886 477 ι
1933 425 2182 495 Speravit
2233 426 2289 481 in
2338 425 2592 491 Domino,
2620 426 2815 497 eripiat
2848 442 2995 491 eum,
3028 425 3237 483 salvum
3266 428 3431 484 iaciat

176 516 444 587 κεφαλήν
485 515 748 569 Ἰἰλπισεν
787 517 881 568 ἐπὶ
912 516 1133 587 Κύριον,
1171 518 1426 587 ῥυσάσθω
1459 518 1641 583 αὐτὸν,
1680 519 1762 571 ὅτι

177 607 325 659 θέλει
357 606 537 659 αὐτόν.
581 624 600 657 ι
631 605 743 658 Καὶ
779 607 853 676 μὴ
900 604 1187 679 θαυμάσῃς
1233 607 1282 657 εἰ
1324 606 1496 659 ταῦτα
1530 606 1673 659 κατά
1701 607 1763 660 τὸ

176 696 354 760 πάθος
386 696 480 750 τοῦ
512 697 763 767 Σωτῆρος
802 696 960 767 ἡμῶν
992 697 1179 768 εἴρητό
1206 714 1266 749 τε
1293 697 1387 750 καὶ
1416 697 1757 769 πεπλήρωτο,

172 790 339 843 ὁπότε
365 790 529 842 εἰσέτι
548 788 705 858 δεῦρο
722 789 871 861 παρὰ
897 791 1059 843 πᾶσιν
1089 788 1390 859 ἀνθρώποις
1408 793 1518 853 τοῖς
1539 791 1760 861 μηδέπω

169 878 275 949 τὴν
302 881 383 942 είς
420 879 580 931 αὑτὸν
613 879 795 931 πίστιν
842 879 1184 948 ἀνειληφόσιν
1226 879 1426 942 ὄνειδος
1459 881 1759 952 ἀνθρώπων

170 982 509 1053 νενόμισται.
550 983 615 1035 Τί
649 983 757 1053 γὰρ
798 982 862 1036 ἂν
906 982 1114 1053 αἴσχιον
1159 984 1253 1036 καὶ
1295 983 1493 1045 παντὸς
1527 983 1758 1049 ὀνείδους

168 1076 359 1144 χεῖρον
385 1073 479 1126 τοῦ
510 1074 921 1145 σταυρωθῆναι;
960 1073 1119 1127 Ἀλλά
1156 1075 1249 1127 καὶ
1279 1073 1608 1146 ὲξουδένημα
1626 1074 1755 1129 λαοῦ

168 1167 313 1227 ἐστι,
354 1164 449 1217 τοῦ
491 1167 554 1218 ὲκ
603 1165 935 1236 περιτομῆς,
989 1166 1190 1229 παντὸς
1228 1165 1404 1219 αὐτῶν
1438 1167 1529 1218 τοῦ
1571 1166 1755 1230 ἔθνους

168 1257 343 1309 εἰσέτι
367 1256 463 1310 νῦν
502 1258 596 1310 καὶ
629 1259 865 1328 σήμερον
894 1258 1172 1329 χλευάζειν
1205 1259 1298 1311 καὶ
1332 1257 1625 1323 ὲξουθενεῐν
1662 1260 1754 1311 καὶ

167 1348 508 1402 καταπτύειν
526 1348 773 1412 εἰωθῶος
793 1350 979 1402 αὐτοῦ.
1012 1350 1170 1403 Ὅθεν
1188 1352 1282 1403 καὶ
1301 1350 1524 1413 εἰκότως
1545 1352 1572 1403 6
1605 1352 1753 1405 Ἀπό-

166 1444 377 1506 στολοςο
402 1463 420 1495 ‹
442 1444 630 1513 Ἡμεῖς
644 1444 700 1497 δὲ
717 1443 1062 1516 κηρύσσομεν
1078 1445 1306 1515 Χριστὸν
1322 1445 1748 1516 ἐσταυρωμένον,

179 1535 454 1597 Ἰουδαίοις
489 1534 588 1604 μὲν
619 1534 931 1603 σκάνδαλον,
962 1535 1136 1589 ἔθνεσι
1155 1537 1211 1589 δὲ
1244 1537 1473 1607 μωρίαν.
1509 1556 1527 1588 ι
1555 1538 1662 1590 Καὶ
1681 1537 1749 1591 τὰ

162 1626 299 1699 ἑξῆς
330 1627 388 1680 δὲ
412 1630 672 1699 εἰρημένα
702 1631 760 1681 ὲν
790 1626 869 1698 τῷ
894 1626 1092 1697 ψαλμῷ
1122 1626 1284 1679 εἰσέτι
1321 1628 1412 1680 καὶ
1441 1628 1534 1680 νῦν
1570 1628 1749 1700 εύροις

160 1717 230 1771 ἆν
256 1718 411 1790 παρὰ
433 1722 544 1782 τοῖς
562 1720 774 1781 πολλοῖς
800 1719 927 1790 περὶ
957 1718 1048 1771 τοῦ
1076 1717 1237 1771 αὑτοῦ
1262 1718 1546 1788 λεγόμενα.
1567 1719 1747 1773 Ταῦτα

159 1810 269 1878 μὲν
304 1806 397 1862 οὖν
429 1811 555 1881 περὶ
584 1810 683 1878 τῆς
707 1809 1068 1879 διαλαϐούσης
1101 1809 1260 1861 αὐτὸν
1291 1809 1457 1862 εἰσέτι
1494 1810 1610 1862 τότε
1643 1829 1742 1865 πε-

159 1901 471 1971 ριστάσεως
497 1901 713 1971 ηὔχετο·
737 1901 888 1966 εἰδὼς
911 1903 967 1956 δὲ
1002 1901 1076 1973 μὴ
1095 1901 1312 1972 χείρονα
1332 1897 1494 1954 οὖσαν
1519 1902 1620 1970 τῆς
1649 1903 1740 1955 τοῦ

155 1994 395 2050 θανάτου
438 1996 720 2067 συμφορᾶς
754 1995 853 2065 τὴν
889 1993 1110 2065 πρώτην
1145 1993 1308 2045 αὑτοῦ
1341 1994 1420 2055 εἰς
1453 1993 1629 2064 σάρκα
1661 1993 1745 2046 ἕν-

152 2087 330 2153 δεσιν,
358 2091 452 2143 καὶ
470 2090 568 2160 τὴν
595 2090 659 2142 ἐκ
687 2087 906 2160 θηλείας
931 2088 1026 2140 καὶ
1057 2085 1323 2157 παρθένου
1348 2086 1577 2154 γένεσιν,
1602 2086 1742 2140 κατὰ

152 2181 355 2251 καιρὸν
385 2182 444 2234 ὲν
475 2183 588 2244 τοῖς
611 2181 739 2251 περὶ
767 2179 996 2233 θανάτου
1026 2178 1134 2232 τῶν
1164 2179 1262 2249 τῆς
1286 2179 1553 2247 γενέσεως
1580 2179 1740 2232 αὐτοῦ

153 2272 492 2342 μνημονεύει
523 2272 697 2340 λόγων
730 2272 865 2343 πρὸς
900 2271 992 2324 τὸν
1032 2271 1279 2341 Πατέρα·
1325 2290 1343 2321 ‹
1386 2273 1506 2323 Ὅτι
1543 2273 1605 2324 σὺ
1636 2268 1686 2324 εἷ
1713 2273 1742 2323 ὁ

150 2366 447 2428 ὲκσπάσας
492 2383 558 2436 με
601 2367 666 2419 ὲκ
696 2365 951 2435 γαστρὸς,
986 2367 1019 2435 ἡ
1056 2363 1210 2426 ἐλπίς
1246 2381 1347 2434 μου
1386 2363 1492 2416 ἀπὸ
1522 2366 1739 2434 μαστῶν

146 2456 260 2526 τῆς
302 2457 505 2528 μητρός
545 2473 665 2527 μου.
722 2456 845 2509 Ἐπὶ
874 2456 933 2507 σὲ
967 2455 1268 2526 ἐπερῤίφην
1313 2455 1377 2506 ἐκ
1416 2455 1648 2525 μήτρας,
1676 2455 1740 2505 ὲκ

145 2561 365 2625 κοιλίας
397 2562 599 2633 μητρός
626 2578 727 2631 μου
761 2560 891 2623 Θεός
924 2577 1024 2630 μου
1060 2556 1111 2611 εἷ
1142 2558 1225 2611 σύ.
1265 2578 1284 2609 ι
1320 2556 1536 2611 Τούτων
1576 2558 1632 2610 δὲ
1666 2561 1741 2612 εξ-

145 2654 335 2717 κότως
353 2654 617 2724 ἀναφέρει
648 2652 744 2723 τὴν
777 2653 997 2723 μνήμην
1026 2653 1104 2715 εἰς
1129 2650 1484 2721 παραμυθίαν
1507 2650 1608 2719 τῆς
1632 2649 1737 2702 τῶν

146 2746 443 2815 παρόντων
470 2743 806 2813 ἀπαλλαγῆς.
834 2744 1043 2813 Ὥσπερ
1065 2742 1194 2814 γάρ,
1219 2744 1370 2812 φησὶ,
1387 2742 1613 2809 γέγονας
1637 2760 1735 2811 μου

144 2837 374 2908 βοηθὸς,
411 2837 568 2906 σῶμα
614 2835 951 2907 ἀνθρώπειον
992 2833 1371 2899 ἀναλαϐόντος,
1421 2835 1507 2885 ὅτε
1552 2833 1646 2885 καὶ
1680 2831 1738 2896 ἐξ

142 2927 332 2997 αὐτῆς
355 2928 452 2998 τῆς
477 2927 847 2998 κυοφορούσης
880 2942 945 2995 με
980 2925 1217 2997 γαστρὸς
1243 2925 1308 2978 σὺ
1342 2926 1501 2989 αὐτὸς
1538 2926 1567 2976 6
1606 2924 1737 2988 Θεός

147 3037 257 3089 μου
287 3018 385 3071 καὶ
403 3020 589 3089 Πατήρ
621 3035 742 3089 μου,
766 3018 952 3089 ῶσπερ
987 3017 1312 3088 μαιούμενος
1333 3017 1432 3086 τὴν
1455 3016 1577 3085 ἐμοὶ
1607 3012 1735 3068 κατ-

141 3111 563 3181 εσκευασμένην
582 3110 643 3175 ἐξ
667 3109 820 3179 ἁγίου
840 3109 980 3161 Πνεύ
989 3125 1155 3179 ματος
1176 3110 1375 3180 σάρκα,
1403 3106 1728 3173 ὲξέσπασας,
1758 3114 1799 3171 C

140 3205 250 3275 τὴν
270 3203 466 3257 ἑαυτοῦ
499 3202 725 3274 δύναμιν
754 3202 966 3274 ὀρέξας,
997 3202 1073 3265 ὥς
1101 3201 1167 3255 ἂν
1201 3203 1274 3273 μή
1310 3219 1393 3264 τις
1420 3201 1607 3273 ἐνέδρα
1639 3200 1729 3254 καὶ

140 3295 417 3367 ἐπιϐουλὴ
429 3293 488 3361 ἐξ
504 3296 890 3366 ἀντικειμένων
905 3295 1183 3365 δυνάμεων
1194 3295 1289 3347 καὶ
1306 3292 1556 3365 πονηρῶν
1570 3310 1729 3347 πνευ-

149 3388 344 3455 μάτων
371 3386 654 3456 διαφθονου
663 3386 834 3458 μένων
854 3389 921 3457 τῇ
944 3389 1022 3451 εἰς
1047 3385 1364 3459 ἀνθρώπους
1387 3385 1606 3457 παρόδῳ
1628 3402 1726 3454 μου

144 3480 382 3548 γένοιτο’
415 3480 538 3532 ἐπεὶ
566 3481 660 3533 καὶ
684 3479 825 3533 κατὰ
852 3480 948 3551 τὴν
981 3477 1201 3551 πρώτην
1229 3477 1488 3547 σύλληψιν
1523 3478 1587 3530 σὺ
1621 3477 1727 3529 πά-

146 3573 231 3626 λιν
257 3573 321 3625 τὸ
346 3572 487 3626 κατὰ
504 3572 740 3642 γαστρὸς
757 3572 1111 3634 ὲπεσκίασας,
1133 3572 1208 3634 ὡς
1230 3571 1296 3624 ἂν
1317 3569 1462 3623 λάθω
1488 3571 1615 3632 τοὺς
1639 3570 1728 3640 ἀρ-

140 3682 345 3735 χοντας
382 3665 479 3719 τοῦ
505 3664 700 3728 αἰῶνος
735 3665 922 3718 τούτου
951 3669 984 3734 ή
1017 3664 1075 3728 ἐξ
1103 3664 1258 3732 ἁγίου
1288 3663 1601 3733 Πνεύματος
1626 3663 1726 3732 τῆς

142 3757 313 3824 ἁγίας
349 3756 627 3828 Παρθένου
673 3756 948 3827 σύλληψις.
992 3757 1164 3828 Ὅπερ
1203 3755 1344 3826 μέγα
1377 3756 1670 3826 μυστήριον
1697 3755 1725 3807 6

148 3849 243 3912 σὸς
282 3848 619 3920 ἀρχάγγελος
662 3849 888 3918 ἐξέφηνε
929 3846 1187 3919 Γαϐριὴλ,
1216 3850 1283 3918 τῇ
1314 3846 1501 3917 Μαρία
1532 3845 1718 3898 εἰπών·

150 3973 170 4003 ι
208 3952 435 4024 Πνεῦμα
478 3953 631 4021 ἀγιον
681 3951 1030 4005 ἐπελεύσεται
1083 3951 1175 4004 ἐπὶ
1225 3951 1304 4013 σε,
1351 3950 1447 4003 καὶ
1500 3949 1725 4019 δύναμις

155 4045 415 4116 Ὑψίστου
448 4044 755 4099 ἐπισκιάσει
788 4061 888 4097 σοι.
928 4062 946 4094 ι
997 4041 1348 4114 Ὠσπεροῦνή
1386 4041 1452 4112 σὴ
1482 4040 1601 4093 τότε
1626 4039 1721 4092 τοῦ

153 4134 415 4204 Ὑψίστου
456 4136 681 4207 δύναμις
725 4132 1225 4207 συλλαμϐανόμενον
1275 4132 1372 4203 μὲν
1408 4131 1720 4195 ὲπεσκίασε,

136 4227 463 4298 τικτόμενον
493 4227 550 4280 δὲ
582 4227 882 4294 ἐξέσπασεν
932 4225 1040 4278 ἀπὸ
1081 4224 1316 4295 γαστρὸς
1361 4221 1565 4294 μητρός
1599 4238 1719 4291 μου,

135 4319 287 4373 οὕτω
322 4319 487 4391 πολλή
523 4338 612 4391 μοι
634 4321 891 4390 τυγχάνει
919 4318 1261 4390 παραμυθία,
1286 4319 1366 4371 ὅτι
1388 4317 1482 4370 καὶ
1505 4316 1599 4369 τοῦ
1629 4316 1723 4369 θα-

136 4411 308 4465 νάτου
359 4430 427 4483 με
476 4414 611 4468 πολὺ
663 4412 861 4483 μᾶλλον
906 4412 1256 4475 ἀνασπάσεις.
1308 4409 1417 4461 Καὶ
1456 4407 1613 4461 τοῦτό
1657 4424 1721 4476 γε

134 4503 399 4569 ἐλπίζων,
429 4505 522 4557 ἐπὶ
548 4505 606 4558 σὲ
628 4504 861 4559 πέποιθα
882 4504 972 4557 τὸν
990 4501 1228 4573 ἐμαυτοῦ
1251 4502 1381 4554 Θεὸν
1403 4502 1496 4554 καὶ
1517 4499 1719 4571 Κύριον
1750 4517 1794 4571 ι)

132 4594 241 4649 ’καὶ¹
267 4596 504 4667 Πατέρα·
546 4596 641 4649 καὶ
684 4596 921 4649 πέποιθα
961 4597 1022 4649 οὑ
1056 4594 1151 4649 νῦν
1180 4594 1395 4667 πρῶτον
1420 4593 1723 4666 ἀρξάμενος

131 4684 242 4755 τῆς
268 4686 349 4748 εἰς
376 4684 437 4736 σὲ
459 4684 696 4749 ἐλπίδος,
727 4684 861 4739 ἀλλὰ
883 4686 976 4739 καὶ
1002 4686 1111 4748 ὅτε,
1141 4685 1248 4738 ἀπὸ
1271 4683 1489 4755 μαστῶν
1518 4684 1721 4755 μητρός

137 4792 246 4845 μου
275 4774 375 4845 τὴν
405 4775 647 4848 νηπιώδη
683 4778 889 4849 τροφὴν
929 4777 1346 4847 ἀναλαμϐάνων,
1396 4775 1719 4846 ὲνομιζόμην

131 4877 343 4941 ὁμοίως
369 4881 481 4943 τοῖς
504 4879 612 4933 τῶν
633 4880 933 4953 ἀνθρώπων
961 4881 1213 4952 βρέφεσιν
1245 4880 1439 4951 ἀτελὴς
1464 4876 1602 4933 εἶναι
1626 4879 1720 4933 καὶ

132 4968 353 5037 ﬂavo:
386 4969 459 5042 μὴ
489 4969 564 5024 ὢν
591 4972 699 5044 γὰρ
727 4972 984 5037 τοιοῦτος,
1015 4975 1062 5026 εί
1100 4973 1194 5025 καὶ
1223 4972 1384 5043 σῶμά
1417 4989 1507 5043 μοι
1533 4972 1718 5043 ὅμοιον

130 5060 446 5132 ἀνθρώποις
481 5058 569 5134 ἦν,
594 5066 686 5117 καὶ
714 5063 810 5136 τὴν
838 5064 1087 5136 δύναμιν,
1116 5065 1235 5119 οὐδὲ
1265 5065 1363 5136 τὴν
1391 5064 1578 5117 οὐσίαν
1600 5066 1712 5127 τοῖς

131 5152 353 5215 πολλοῖς
381 5152 454 5206 ῶν
486 5155 747 5227 ἐμφερὴς,
777 5156 963 5219 ἄνετος
986 5156 1041 5209 δὲ
1067 5157 1161 5209 καὶ
1188 5156 1469 5219 ἀπόλυτος,
1498 5149 1587 5208 οἷά
1615 5169 1709 5206 σου

128 5246 230 5299 τοῦ
250 5245 384 5298 6εοῦ
412 5247 601 5317 ἀμνὸς,
649 5250 741 5301 καὶ
790 5248 850 5315 ἐξ
892 5249 1102 5320 ἐκείνης
1136 5250 1232 5319 τῆς
1260 5249 1475 5321 ἡλικίας
1515 5247 1712 5309 γαλου-

129 5350 417 5422 χούμενος,
448 5352 589 5421 λέγω
612 5354 675 5423 δὴ
706 5355 813 5407 67:6
846 5354 1065 5426 μαστῶν
1096 5354 1195 5424 τῆς
1226 5354 1430 5426 μητρός
1454 5371 1576 5424 μου.
1603 5352 1713 5406 Καὶ

127 5447 289 5497 οὔπω
317 5445 475 5498 τοῦτο
508 5447 649 5516 μέγα
679 5465 760 5510 τις
785 5448 1069 5518 ἡγήσεται,
1114 5448 1161 5498 εί
1186 5445 1367 5516 μάθοι,
1401 5446 1479 5500 ὅτι
1512 5446 1606 5497 καὶ
1633 5444 1712 5497 ἔτι

130 5537 401 5609 πρότερον
434 5540 527 5592 ἐπὶ
566 5540 624 5592 σὲ
651 5542 951 5612 mappam;
991 5543 1053 5593 ὲκ
1087 5542 1320 5611 μήτρας,
1350 5541 1444 5592 καὶ
1473 5539 1579 5591 ἀπὸ
1608 5555 1710 5606 γα-

129 5631 298 5703 στρὸς
335 5631 535 5702 μητρός
572 5648 672 5702 μου
701 5632 831 5694 Θεὸς
864 5650 962 5703 μου
996 5628 1047 5684 εἷ
1076 5630 1160 5684 σύ.
1195 5632 1314 5684 Ἔτι
1343 5630 1451 5702 γάρ
1476 5630 1621 5683 ἔνδον
1653 5632 1710 5682 ἐν

1864 533 1988 571 eum
2018 518 2275 587 quoniam
2302 518 2416 572 vult
2444 534 2590 572 eum.
2623 538 2642 570 ›
2679 517 2804 573 Haec
2846 518 3010 589 igitur
3051 519 3212 588 plane
3243 520 3430 574 omnia

1862 608 1919 662 in
1951 609 2165 679 psalmo
2211 609 2278 662 de
2325 608 2392 663 iis
2422 623 2545 678 quae
2573 617 2682 662 tam
2715 611 2875 680 longo
2904 619 3028 680 post
3070 618 3312 680 tempore
3343 610 3429 665 fu-

1860 706 1985 752 tura
2014 706 2190 763 erant,
2226 699 2483 768 praedicta
2516 707 2664 763 sunt,
2717 702 3016 770 eademque
3064 717 3224 756 suum
3264 702 3429 757 tinem

1860 797 1991 844 sunt
2023 799 2339 854 consecuta,
2373 807 2482 860 quo
2513 799 2778 861 tempore,
2811 799 2870 846 ut
2901 802 2985 847 est
3011 792 3154 861 apud
3185 791 3428 848 Mattha-

1858 898 1973 947 um,
2001 883 2150 936 cruci
2180 882 2351 937 ailixis
2383 899 2508 937 cum
2537 899 2602 937 eo
2635 884 2848 938 duobus
2870 884 3196 949 latronibus,
3224 900 3333 940 uno
3359 883 3426 939 ad

1857 974 2125 1037 dextram,
2155 976 2325 1029 altero
2356 973 2423 1028 ad
2456 975 2758 1039 sinistram,
2784 975 2875 1044 qui
2909 975 3033 1029 illac
3056 975 3422 1045 praeteribant,

1855 1065 1999 1118 mala
2032 1066 2087 1118 in
2124 1065 2277 1119 illum
2300 1067 2665 1135 congerebant
2694 1074 2973 1122 moventes
3006 1067 3187 1138 capita
3219 1082 3338 1131 sua,
3371 1073 3426 1123 et

1854 1155 2100 1211 dicentes
2133 1173 2146 1209 :
2175 1173 2194 1205 ι
2233 1154 2372 1222 Vah,
2403 1157 2496 1226 qui
2522 1157 2758 1212 deStruis
2791 1157 3046 1227 templum
3076 1166 3130 1212 et
3155 1158 3209 1210 in
3247 1158 3426 1213 tribus

1826 1244 2049 1303 .diebus
2079 1245 2338 1300 aadilicas.
2374 1244 2594 1300 Salvum
2624 1245 2709 1300 fac
2742 1247 2973 1317 teipsum
3009 1267 3021 1302 :
3050 1249 3097 1302 si
3132 1245 3301 1303 Filius
3325 1247 3423 1303 Dei

1827 1350 1934 1400 es,
1967 1336 2236 1392 descende
2265 1338 2333 1392 de
2362 1353 2543 1392 cruce.
2573 1337 2834 1392 Similiter
2864 1347 2917 1392 et
2941 1340 3216 1409 principes
3238 1355 3424 1395 sacer-

1853 1426 2042 1481 dotum
2075 1429 2368 1484 illudentcs
2399 1444 2522 1483 cum
2566 1430 2874 1486 senioribus
2905 1439 2957 1485 et
3005 1432 3232 1501 Scribis,
3271 1434 3421 1489 dice-

1850 1517 1983 1572 bant
2018 1537 2030 1572 :
2084 1519 2235 1573 Alios
2286 1519 2467 1574 salvos
2516 1518 2661 1585 fecit,
2694 1521 2933 1588 seipsum
2966 1535 3073 1574 non
3106 1530 3285 1591 potest
3315 1523 3421 1577 sal-

1849 1624 1977 1663 vum
2012 1609 2213 1664 facere.
2245 1609 2301 1663 Si
2339 1609 2451 1664 Rex
2486 1609 2653 1665 Israel
2676 1619 2781 1675 est,
2833 1612 3131 1667 descendat
3175 1630 3322 1669 nunc
3351 1615 3419 1670 de

1849 1715 2033 1765 cruce,
2071 1709 2123 1755 et
2160 1702 2450 1756 credemus
2471 1701 2541 1755 ei.
2580 1700 2637 1755 Si
2671 1701 2912 1758 conﬁsus
2942 1713 3026 1758 est
3056 1704 3187 1768 Deo,
3223 1706 3419 1762 liberet

1779 1772 1994 1846 Bnunc
2048 1808 2194 1856 eum,
2245 1794 2294 1848 si
2328 1793 2442 1848 vult
2491 1808 2637 1847 eum.
2689 1782 2835 1847 Dixit
2880 1797 3024 1850 enim
3064 1815 3077 1851 :
3116 1796 3285 1853 Filius
3320 1799 3418 1855 Dei

1846 1899 1968 1937 sum
1991 1883 2033 1937 ‘;
2077 1903 2095 1936 ›
2131 1882 2200 1937 Ut
2228 1900 2358 1939 vero
2391 1894 2475 1939 est
2501 1886 2646 1955 apud
2675 1884 2876 1939 Lucam
2915 1906 2927 1941 :
2962 1906 2980 1937 ε
3024 1887 3213 1943 Stabat
3242 1906 3417 1962 pupu-

1843 1975 1930 2030 lus
1959 1983 2235 2045 spectans,
2278 1985 2333 2031 et
2374 1980 2789 2033 subsannabant
2816 1996 2940 2033 eum
2980 1982 3258 2052 principes
3287 1998 3412 2038 cum

1844 2066 1944 2131 eis,
1981 2067 2228 2123 dicentes
2277 2089 2290 2123 :
2338 2069 2491 2125 Alios
2542 2072 2725 2126 salvos
2773 2070 2925 2137 fecit,
2987 2074 3196 2125 salvum
3251 2073 3415 2129 faciat

1844 2159 2107 2228 seipsum,
2141 2160 2188 2213 si
2223 2160 2312 2213 hic
2343 2169 2426 2215 est
2457 2161 2709 2217 Christus
2740 2161 2913 2218 Filius
2947 2162 3040 2218 Dei
3079 2165 3285 2220 electus
3307 2165 3348 2220 ⁵.
3386 2185 3407 2218 ι

1840 2250 1911 2303 At
1941 2251 2242 2305 secundum
2279 2250 2558 2307 Marcum:
2591 2271 2609 2303 ‹
2649 2252 3046 2308 Praetereuutes
3068 2254 3412 2324 blasphema-

1840 2340 1973 2394 bant
2009 2358 2152 2404 eum,
2185 2353 2464 2399 moventes
2492 2345 2672 2415 capita
2708 2362 2827 2407 sua,
2855 2352 2909 2400 et
2939 2346 3182 2401 dicentes
3217 2366 3230 2401 :
3269 2345 3405 2411 Vah,

1841 2434 1933 2502 qui
1964 2434 2203 2490 destruis
2235 2419 2494 2504 templum
2542 2444 2598 2490 et
2649 2437 2704 2489 in
2737 2437 2913 2491 tribus
2943 2437 3136 2492 diebus
3169 2440 3409 2497 aediﬁcas

1838 2524 1994 2579 illud.
2029 2524 2249 2579 Salvum
2294 2526 2378 2581 iac
2413 2528 2669 2597 teipsum,
2711 2536 2764 2583 et
2813 2527 3081 2584 descende
3115 2530 3182 2585 de
3222 2547 3405 2586 cruce.

1843 2610 2107 2668 Similiter
2154 2622 2208 2668 et
2260 2616 2538 2685 principes
2592 2618 2937 2671 sacerdotum
2986 2619 3277 2674 illudentcs
3322 2621 3409 2673 in-

1838 2712 1922 2759 ter
1975 2722 2033 2760 se
2075 2721 2198 2760 cum
2252 2707 2482 2771 Scribis,
2517 2707 2771 2761 dicebant
2808 2727 2821 2762 :
2855 2710 3004 2763 Alios
3035 2711 3215 2765 salvos
3254 2710 3404 2775 fecit,

1839 2801 2079 2869 seipsum
2125 2815 2234 2852 non
2283 2807 2460 2867 potest
2507 2800 2715 2853 salvum
2753 2800 2950 2854 facere.
2986 2800 3240 2857 Christus
3290 2801 3406 2859 Rex

1838 2890 2004 2944 Israel
2035 2889 2327 2943 descendat
2353 2905 2496 2941 nunc
2520 2888 2586 2942 de
2610 2906 2793 2951 cruce,
2820 2900 2876 2944 ut
2907 2893 3187 2947 videamus
3210 2903 3262 2967 et
3286 2911 3406 2949 cre-

1839 2983 2031 3036 damus
2061 2983 2107 3035 ei
2140 2982 2180 3034 ⁶.
2225 3000 2243 3033 ›
2282 2979 2407 3034 Hazc
2439 2998 2670 3051 namque
2711 2984 2762 3036 in
2810 2999 2918 3053 quo
2964 2986 3180 3039 tandem
3232 2988 3300 3041 ab
3337 2988 3405 3042 iis

1840 3074 2116 3137 diﬂ‘erunt,
2136 3089 2255 3144 quae
2284 3075 2335 3127 in
2356 3075 2566 3143 psalmo
2594 3075 2852 3143 prmdicta
2881 3086 3009 3131 sunt
3044 3077 3151 3132 illis
3187 3080 3399 3134 verbis:

1831 3163 1995 3236 499
2025 3184 2042 3215 ε
2081 3164 2191 3234 Ego
2219 3173 2397 3218 autem
2442 3181 2561 3220 sum
2597 3167 2795 3221 vermis
2824 3175 2876 3222 et
2906 3184 3016 3223 non
3062 3168 3258 3232 homo,
3308 3186 3405 3241 op-

1828 3257 2110 3326 probrium
2144 3255 2423 3309 hominum
2471 3266 2524 3310 et
2568 3256 2800 3325 abjectio
2838 3259 3043 3328 populi.
3094 3257 3295 3317 Omnes
3325 3265 3406 3317 vi-

1830 3347 2019 3400 dentes
2044 3361 2149 3409 me,
2184 3347 2658 3401 subsannaverunt
2706 3364 2812 3413 me,
2849 3350 3016 3404 locuti
3064 3361 3191 3406 sunt
3224 3355 3401 3421 labiis,

1828 3446 1881 3491 et
1897 3422 2182 3491 moverunt
2208 3447 2369 3506 caput
2393 3454 2406 3489 :
2438 3438 2688 3508 Speravit
2713 3440 2767 3493 in
2784 3440 3031 3507 Domino,
3050 3445 3401 3514 eripiateum,

1828 3529 2035 3583 salvqu
2081 3529 2244 3583 faciat
2292 3546 2439 3595 cum,
2469 3532 2726 3600 quoniam
2759 3534 2875 3586 vult
2903 3550 3049 3589 eum.
3088 3556 3109 3588 ι
3146 3537 3264 3592 Noli
3302 3555 3402 3594 au-

1826 3626 1937 3673 tem
1965 3621 2152 3674 mirari
2186 3622 2229 3675 si
2263 3622 2376 3677 baac
2406 3624 2508 3678 sub
2541 3626 2713 3693 ipsam
2746 3624 3045 3682 Salvatoris
3081 3631 3252 3684 nostri
3276 3647 3404 3700 pas-

1827 3710 2035 3765 sionem
2083 3723 2136 3765 et
2181 3711 2323 3766 dieta
2357 3720 2484 3767 sunt
2516 3720 2570 3767 et
2609 3716 2875 3784 completa
2906 3755 2919 3779 ,
2982 3718 3199 3785 quando
3239 3718 3401 3774 hodie

1826 3815 2041 3871 quoque
2073 3802 2214 3871 apud
2244 3819 2433 3859 omnes
2479 3804 2761 3869 homines,
2795 3807 3107 3876 quicunque
3154 3809 3399 3863 nondum

1826 3893 1881 3946 in
1912 3893 2057 3949 illius
2088 3893 2247 3963 (idem
2276 3903 2563 3957 venerunt,
2590 3897 2944 3966 opprobrium
2984 3898 3262 3953 hominum
3296 3900 3397 3973 ha-

1823 3984 2001 4039 betur.
2062 3985 2204 4052 Quid
2244 3987 2389 4042 enim
2422 3988 2637 4056 turpius
2668 3995 2721 4041 et
2768 3987 2915 4041 omni
2965 3989 3164 4057 probro
3194 3990 3394 4053 vilius,

1823 4091 1984 4144 quam
2014 4077 2165 4130 cruci
2188 4092 2309 4132 esse
2338 4077 2596 4131 afﬁxum?
2628 4078 2723 4133 sed
2766 4093 2946 4133 nonne
3007 4079 3169 4133 etiam
3210 4082 3396 4150 populi

1821 4165 2032 4221 Judaici
2074 4168 2308 4237 abjectio
2350 4170 2472 4225 est?
2512 4170 2713 4240 quippe
2742 4185 2864 4224 cum
2898 4170 3149 4225 universa
3182 4171 3269 4224 illa
3305 4188 3396 4227 na-

1798 4258 1899 4310 -tio
1926 4258 2087 4312 etiam
2123 4274 2269 4313 nunc
2305 4267 2359 4314 et
2397 4261 2453 4314 in
2482 4260 2628 4315 hunc
2657 4277 2828 4331 usque
2856 4262 3022 4326 diem,
3061 4269 3114 4317 et
3142 4263 3392 4326 irridere.

1821 4354 1875 4402 et
1904 4349 2194 4418 negligere,
2226 4356 2280 4404 et
2323 4348 2587 4420 deSpuere
2620 4350 2771 4404 illum
2802 4352 3164 4406 consueverit.
3200 4350 3395 4406 Proin-

1821 4441 1888 4496 de
1913 4441 2206 4510 Apostolus
2240 4441 2432 4496 merito
2454 4462 2467 4497 ;
2492 4462 2510 4491 ι
2534 4440 2645 4499 Nos
2684 4452 2886 4508 autem,
2908 4443 3106 4514 inquit,
3130 4445 3394 4514 pradica-

1822 4548 1946 4588 mus
1971 4532 2253 4589 Christum
2287 4534 2628 4596 cruciﬁxum,
2657 4533 2859 4591 Iudaeis
2886 4536 3106 4606 quidem
3157 4537 3392 4591 scanda-

1821 4623 1956 4689 lum,
1986 4625 2238 4694 gentibus
2272 4636 2449 4680 autem
2484 4627 2770 4681 stultitiam
2793 4627 2835 4681 ".
2880 4647 2898 4679 ι
2940 4626 3046 4681 Sed
3079 4642 3179 4681 nec
3210 4629 3391 4682 minus

1820 4730 1883 4770 ea
1917 4731 2036 4787 quae
2069 4726 2370 4786 sequuntur
2402 4717 2456 4771 in
2487 4718 2715 4787 psalmo,
2749 4717 2908 4773 facile
2937 4720 3096 4774 etiam
3136 4736 3281 4775 nunc
3304 4722 3391 4774 in-

1823 4806 2004 4860 venies
2034 4823 2061 4860 a
2099 4807 2373 4876 plerisque
2393 4807 2460 4862 de
2493 4807 2584 4861 illo
2606 4807 2734 4863 dici.
2767 4806 2890 4862 Haec
2938 4810 3100 4879 igitur
3125 4824 3226 4879 pro
3257 4810 3392 4864 allii-

1819 4897 2001 4953 ctionc
2048 4914 2168 4968 quae
2215 4898 2367 4953 illum
2414 4900 2771 4968 apprehendit
2809 4901 2970 4955 etiam
3008 4909 3138 4954 tunc
3176 4901 3386 4955 orabat.

1819 4987 1953 5043 Cum
1984 4998 2161 5045 autem
2204 4990 2376 5045 nihilo
2404 4992 2650 5046 viliorem
2693 4992 2923 5062 primam
2974 5008 3249 5063 corporea:
3295 5010 3327 5046 n
3362 5024 3390 5035 -

1819 5078 1950 5135 turae
1979 5081 2425 5151 assumptionem,
2468 5091 2756 5152 ortumque
2810 5082 2959 5137 illum
2992 5084 3059 5138 de
3087 5083 3285 5138 femina
3334 5093 3389 5140 et

1815 5171 2044 5243 virgine,
2078 5172 2197 5243 ipsa
2249 5173 2444 5227 mortis
2505 5172 2813 5227 calamitate
2862 5188 2985 5229 esse
3033 5174 3387 5243 intelligeret,

1816 5278 1924 5318 non
1958 5261 2301 5317 incommode
2349 5263 2402 5316 in
2437 5263 2503 5318 iis
2535 5278 2653 5332 quae
2687 5263 2753 5317 ad
2787 5271 3015 5319 mortem
3072 5267 3383 5335 pertinent,

1814 5346 1981 5411 etiam
2017 5369 2081 5410 ca
2101 5370 2221 5425 quae
2246 5353 2312 5407 ad
2336 5364 2513 5408 ortum
2544 5362 2793 5425 spectant
2826 5364 3251 5421 commemorat,
3305 5360 3386 5412 sic

1814 5447 1881 5501 ad
1917 5446 2128 5501 Patrem
2158 5446 2373 5501 dicens:
2419 5464 2436 5496 ‹
2472 5445 2736 5512 Quoniam
2767 5454 2825 5501 tu
2859 5463 2918 5503 es
2957 5448 3047 5518 qui
3099 5449 3385 5503 cxtraxisti

1813 5554 1900 5593 me
1924 5539 1990 5593 de
2021 5544 2207 5592 ventre
2227 5578 2240 5602 ,
2284 5553 2407 5606 spes
2449 5553 2566 5591 mea
2598 5538 2664 5591 ab
2693 5538 2952 5595 uberibus
2983 5541 3173 5594 matris
3200 5555 3333 5595 meae
3366 5559 3381 5595 :

1813 5633 1874 5683 ιιι
1964 5639 2016 5685 te
2094 5630 2376 5698 projectus
2444 5645 2564 5684 sum
2628 5645 2695 5683 ex
2759 5640 2917 5687 utero
2992 5632 3185 5688 matris
3251 5647 3383 5688 mea:

239 5729 261 5759 ⁸
299 5727 493 5781 Matth.
530 5743 710 5794 nm,
748 5728 940 5785 40-45.
1019 5729 1037 5759 ε
1078 5726 1209 5782 Luc.
1250 5741 1418 5794 xxm,
1457 5726 1544 5781 55.
1623 5727 1643 5756 '
1683 5723 1732 5779 Μ

1838 5769 1850 5781 .
1892 5743 1991 5795 xv,
2026 5725 2216 5783 “29-52.
2304 5722 2322 5753 τ
2353 5722 2372 5778 ι
2405 5724 2530 5781 Cor.
2582 5746 2618 5795 ι,
2659 5703 2750 5780 23.
