1928 3111
228 127 283 155 775

572 126 708 155 EUSEBII
727 127 970 155 CESABIENSIS
988 127 1063 156 OPP.
1086 128 1177 156 PARS
1195 128 1229 156 Π.
1250 144 1285 149 —
1301 122 1553 157 APOLOCETICA.

1818 131 1864 156 Titi

228 188 303 216 Deus
316 196 393 215 uicus
411 194 440 215 es
457 191 495 214 ιιι.
513 196 522 212 ι
542 187 637 214 Merito
649 192 739 215 autem
757 188 814 215 lucc
838 188 981 217 meminit,
999 197 1014 215 ιι

1077 188 1116 223 τῷ
1130 188 1234 223 ταμείῳ
1255 188 1306 224 τῆς
1330 188 1516 224 κυοφορούσης
1540 197 1574 224 με
1595 189 1754 225 φερόμενος,
1777 192 1807 218 σὲ
1829 193 1868 219 τὸν

229 236 350 271 seipsum
365 235 538 265 consoletur,
554 238 581 260 et
604 242 619 260 a
645 234 828 269 praesentibus
847 235 926 261 malis
948 243 1027 261 aver-

229 286 280 309 tat.
303 281 356 314 Qui
381 281 465 313 enim,
489 280 589 315 inquit,
611 280 687 307 fuisti
713 281 779 307 mihi
806 281 936 314 adjutor,
962 288 1026 307 cum

229 328 380 356 humanum
396 334 497 361 corpus
512 333 679 353 assumerem
692 346 699 357 ,
719 334 774 360 quo
789 330 911 361 tempore
925 334 958 353 ex
985 326 1026 360 ip-

228 376 287 404 sius
302 373 480 410 parturientis
493 376 581 403 utero,
599 381 653 404 me.
671 376 700 399 tu
728 373 786 407 ipse
802 372 874 400 Deus
894 380 971 399 uicus
998 376 1026 399 et

228 421 310 448 Pater
334 427 421 450 meus,
440 423 569 453 tanquam
591 419 749 447 obstetricis
773 418 890 453 fungens
910 418 1023 450 ofﬁcio,

227 475 278 503 pro
293 474 325 494 ea
339 474 400 502 quae
412 466 477 493 mihi
495 466 528 493 de
542 465 648 500 Spiritu
675 470 772 493 sancto
786 469 944 500 comparata
967 469 1025 492 erat

227 521 320 545 carne,
338 513 494 543 extraxisti,
511 516 556 539 tua
569 517 694 548 porrecta
714 512 815 539 virtute
829 511 864 538 da
879 511 945 538 mihi
966 511 1022 546 jam

226 568 301 587 nunc
318 561 446 590 salutem,
465 567 498 586 nc
512 567 565 594 qua
586 558 661 585 fraus
689 562 736 584 aut
762 559 823 584 ulla:
839 557 963 588 insidias,
989 557 1023 584 ab

226 607 352 633 adversis
378 605 561 641 potestatibus
585 605 766 640 malignisque
791 604 955 639 spiritibus,
975 604 1023 638 qui

225 653 293 680 mihi
305 653 387 681 etiam
403 653 431 679 in
447 659 560 679 accessu
576 659 637 679 meo
660 650 694 677 ad
714 651 839 678 homines
854 651 1021 682 inviderunt,

225 700 303 733 ﬁant,
319 700 448 734 quoniam
469 699 497 725 in
523 698 611 734 prima
630 698 694 724 item
720 698 901 732 conceptione
918 702 947 724 tu
963 704 1024 724 rur-

226 755 274 775 sus
290 747 364 782 quod
378 747 404 773 in
417 750 495 773 utero
508 745 559 778 fui,
576 744 756 773 obumbrasti,
771 748 800 771 ut
816 745 955 779 principes
971 752 1023 771 sae-

225 793 280 820 culi
296 793 379 827 hujus
391 793 449 827 ipsa
462 792 495 820 de
508 791 612 827 Spiritu
634 795 730 819 saneto
748 794 775 818 et
798 795 894 818 sancta
910 790 1021 825 Virgine

225 837 370 872 conceptio
390 837 495 864 lateret.
512 836 605 869 _Quod
627 844 694 863 sane
711 836 808 871 ingens
838 836 1018 871 mysterium,

224 887 290 910 tuus
308 882 488 917 archangelus
504 881 614 908 Gabriel
636 881 728 908 Maria:
745 881 886 911 indicavit,
904 881 1019 908 dicens:

227 937 238 955 ε
260 927 379 963 Spiritus
396 932 508 955 sanctus
523 926 697 961 superveniet
719 927 745 953 in
760 930 785 953 te
798 946 805 957 ,
823 930 850 953 et
863 926 951 953 virtus
976 927 1022 952 Al-

224 974 324 1002 tissimi
338 974 514 1002 obumbrabit
533 973 581 1000 tibi
601 973 621 999 ⁸.
643 983 651 998 ι
680 972 761 1008 500
786 972 1021 1005 Quemadmodum

225 1021 309 1056 igitur
324 1025 371 1048 tua
387 1026 468 1051 tunc,
487 1020 533 1055 qui
551 1028 581 1047 cs
598 1019 756 1046 Altissimus
772 1039 778 1050 ,
811 1019 897 1046 virtus
923 1027 966 1046 me
994 1019 1021 1045 in

224 1067 405 1102 concipiendo
416 1066 607 1097 obumbravit,
624 1066 651 1092 in
670 1065 802 1101 pariendo
820 1070 909 1092 autem
930 1071 1022 1093 extra-

224 1115 264 1142 xit
278 1114 312 1141 de
326 1118 421 1141 ventre
437 1113 531 1140 matris
547 1121 614 1140 mea:
626 1133 633 1143 ,
661 1113 698 1139 ita
722 1121 833 1149 quoque
862 1122 917 1140 non
938 1120 1021 1148 parva

224 1161 291 1187 mihi
308 1160 386 1187 adest
401 1160 565 1190 consolatio.
581 1159 654 1194 quod
673 1160 758 1187 multo
774 1160 861 1195 magis
885 1160 919 1187 de
934 1165 1021 1187 morte

223 1206 262 1234 sis
274 1211 458 1234 extraclurus.
485 1206 573 1241 Atque
593 1206 721 1241 equidem
754 1207 805 1233 hoc
831 1215 946 1242 sperans
971 1208 1020 1234 tibi

224 1253 345 1281 conﬁsus
361 1261 431 1285 sum,
448 1253 495 1288 qui
515 1260 593 1280 meus
612 1252 682 1279 Deus
696 1256 721 1280 et
738 1252 870 1280 Dominus
886 1259 913 1280 et
941 1253 1021 1280 Pater

223 1307 254 1327 es
270 1308 277 1326 :
294 1305 320 1327 ct
336 1300 457 1328 conlisus
474 1308 546 1331 sum,
570 1306 625 1326 non
645 1307 718 1327 nunc
739 1300 856 1334 primum
871 1300 897 1327 in
916 1304 941 1327 te
958 1307 1021 1334 spe-

223 1354 286 1373 rare
297 1346 440 1381 incipiens.
458 1346 504 1374 sed
528 1350 594 1373 tunc
621 1352 730 1380 qucque
744 1354 806 1373 cum
830 1346 864 1373 ab
888 1346 1020 1373 uberibus

223 1394 320 1420 matris
346 1401 412 1420 meae
427 1392 579 1420 infantilem
595 1393 752 1420 alimoniam
769 1393 923 1427 accipiens,
942 1398 1021 1428 puta-

223 1441 273 1467 bar
288 1444 318 1467 ut
334 1440 433 1476 reliqui
452 1440 593 1467 hominum
616 1439 748 1471 infantes,
766 1440 943 1475 imperfectus
959 1448 1021 1467 esse

223 1490 250 1512 et
264 1486 368 1520 absque
388 1494 439 1512 usu
456 1485 581 1512 rationis.
600 1485 659 1512 Non
676 1485 749 1512 enim
764 1493 839 1512 eram
855 1485 932 1517 talis,
957 1486 1021 1513 licet

1077 233 1144 259 Θεόν
1164 242 1214 268 μου
1230 233 1334 269 ἐώρων,
1350 234 1398 260 ἅτε
1413 234 1565 270 ἀσύγχυτος
1584 236 1631 261 καὶ
1650 235 1785 267 ἀθόλωτος
1799 237 1829 262 ἐν
1840 239 1869 272 τῇ

1077 279 1195 315 τοσαύτῃ
1210 279 1264 305 τῶν
1280 280 1390 315 σαρκῶν
1404 281 1532 316 κοινωνίᾳ
1548 281 1699 315 διαμείνας,
1725 281 1828 316 μᾶλλον
1846 282 1870 308 δὲ

1077 326 1222 361 ἀσώματος
1234 327 1281 353 καὶ
1290 327 1351 353 τότε
1362 325 1410 358 ὢν,
1423 328 1470 354 καὶ
1481 327 1590 355 πάντων
1600 328 1742 364 ἐλεύθερος
1753 329 1870 364 δεσμῶν·

1076 372 1163 405 οὕτως
1177 374 1205 401 δὲ
1224 375 1271 401 ἐπὶ
1291 376 1321 402 σὲ
1342 377 1494 412 ὲπεῤῥίφην
1509 377 1542 404 ὲκ
1558 378 1675 414 μήτρας,
1695 378 1742 405 καὶ
1756 378 1813 404 ἀπὸ
1826 386 1872 411 τα-

1077 419 1157 455 ατρὸς
1171 421 1274 456 μητρὸς
1289 422 1355 454 θεός
1373 431 1423 457 μου
1434 421 1516 458 ἦσθα,
1529 423 1568 455 ὡς
1581 423 1725 451 αἰσθέσθαι
1740 424 1794 458 τῆς
1806 423 1874 458 ὲμῆς

1075 465 1215 501 δυνάμεως
1227 467 1267 493 ἔτι
1282 469 1504 504 κυοφορουμένης
1519 469 1587 505 πρὸς
1600 469 1651 504 τῆς
1664 469 1746 504 ἁγίας
1766 469 1872 505 Παρθέ-

1075 521 1132 543 νου,
1148 513 1194 539 τὸν
1210 513 1276 548 ἐμὸν
1297 514 1449 550 πρόδρομον
1477 514 1614 550 Ἰωάννην,
1636 516 1683 541 καὶ
1699 515 1786 542 αὐτὸν
1805 516 1872 542 κατὰ

1075 559 1192 595 γαστρὸς
1207 560 1256 595 τῆς
1277 560 1416 587 Ἐλισὰϐεθ
1431 561 1657 597 κυοφορούμενον,
1672 562 1745 588 ὥστε
1756 562 1813 588 ὑπὸ
1828 562 1872 597 τῆς

1074 606 1144 641 ἐμῆς
1155 605 1279 642 θεότητος
1290 606 1434 642 κινηθέντα
1450 608 1594 643 σκιρτῆσαι
1603 609 1631 635 ὲν
1640 608 1816 642 ἀγαλλιάσει,
1831 609 1872 634 καὶ

1074 653 1232 688 Πνεύματος
1252 654 1330 688 ἁγίου
1351 654 1514 689 πλησθῆναι.
1540 654 1648 681 Τούτων
1673 654 1720 681 οὖν
1745 656 1871 681 ἁπάντων

1074 700 1217 736 ἀναφέρων
1231 700 1279 735 τὴν
1300 701 1421 737 μνήμην,
1442 702 1488 728 καί
1499 701 1543 728 διὰ
1560 701 1659 732 παντὸς
1675 702 1721 727 τὸν
1738 702 1807 727 Θεὸν
1826 709 1872 735 μου

1073 747 1120 773 καὶ
1135 747 1244 782 Πατέρα
1262 756 1312 782 μου
1330 748 1383 784 πρὸ
1397 749 1451 775 τῶν
1468 748 1541 783 ἐμῶν
1558 748 1704 782 ὀφθαλμῶν
1721 748 1872 782 τιθέμενος,

1073 794 1184 826 εἰκότως
1200 795 1247 821 καὶ
1266 795 1338 822 κατὰ
1356 796 1402 822 τὸν
1420 795 1556 821 ἐνεστῶτα
1577 795 1624 821 τοῦ
1645 795 1824 829 περιέχοντὸς
1844 803 1873 828 με

1073 841 1176 872 πάθους
1187 841 1292 877 καιρὸν,
1309 843 1364 873 ὅτε,
1380 842 1422 868 σοὶ
1431 841 1470 876 τῷ
1486 842 1574 877 Πατρὶ
1583 842 1728 876 γενόμενος
1741 841 1873 875 ὑπήκοος,

1076 900 1084 914 ‹
1093 890 1250 925 αὐθαίρετος
1265 891 1312 917 καὶ
1326 890 1397 917 ἑκὼν
1409 890 1508 924 γέγονα
1518 888 1635 924 σκώληξ,
1648 890 1695 915 καὶ
1709 889 1762 915 οὐκ
1771 888 1876 923 ἂνθρω-

1074 944 1133 967 πος,
1145 936 1245 968 ὄνειδος
1257 936 1408 972 ἀνθρώπων
1418 938 1464 963 καὶ
1478 936 1643 970 ἐξουδὲνημα
1653 935 1730 961 λαοῦ·
1746 944 1756 960 ι
1767 935 1818 960 καὶ
1830 933 1875 959 νῦν

1073 981 1116 1008 ὅτε
1137 982 1237 1014 πάντες
1255 984 1278 1009 οἱ
1299 982 1466 1018 θεωροῦντες
1486 991 1535 1018 μου
1546 982 1576 1008 τὸ
1598 981 1677 1017 σῶμα
1698 980 1741 1015 τῷ
1765 979 1876 1014 παυρῴ

1074 1029 1210 1064 προσηλού
1215 1038 1304 1065 μενον,
1314 1030 1499 1065 ἀποτρόπαιον
1509 1028 1654 1064 ἡγούμενοι
1665 1028 1733 1063 ὁρᾷν
1744 1028 1875 1062 πρᾶγμα,

1073 1074 1291 1110 ἐξεμυκτήρισάν
1310 1083 1353 1110 με,
1378 1074 1512 1109 τοσαύτην
1527 1074 1588 1100 κατ’
1609 1073 1676 1109 ἐμοῦ
1700 1073 1805 1108 χλεύην
1828 1072 1877 1099 καὶ

1072 1120 1221 1155 διασυρμὸν
1234 1121 1421 1156 καταχέοντες,
1433 1121 1471 1152 ὼς
1480 1120 1518 1156 μὴ
1529 1120 1609 1155 μόνον
1620 1121 1648 1145 ὲν
1655 1119 1763 1154 διανοίᾳ
1774 1119 1876 1153 λογίζε-

1074 1166 1135 1192 σθαι
1152 1166 1196 1193 καὶ
1212 1166 1386 1201 ἐνθυμεῖσθαι
1404 1166 1468 1202 περὶ
1489 1165 1556 1200 ἐμοῦ
1577 1165 1612 1192 τὰ
1625 1165 1722 1200 ἀσεϐῆ,
1740 1165 1812 1191 ἀλλὰ
1827 1164 1874 1190 καὶ

1072 1212 1182 1246 ἀφόὃως
1193 1212 1358 1247 φθέγγεσθαι
1370 1213 1416 1239 καὶ
1427 1213 1455 1238 ἐν
1466 1211 1576 1247 φανερῷ
1584 1211 1683 1238 λαλεῖν
1699 1221 1708 1236 1
1721 1211 1873 1246 Ἑλάληςαν

1071 1257 1137 1292 γοῦν
1151 1259 1179 1283 ὲν
1194 1258 1321 1293 χείλεσιν,
1332 1258 1460 1292 ἐκίνησαν
1471 1256 1601 1291 κεφαλὴν,
1618 1255 1754 1289 λέγοντεςο
1773 1255 1873 1280 Ἥλπιρ

1073 1313 1118 1331 σεν
1136 1304 1182 1331 ἐπὶ
1196 1303 1308 1340 Κύριον,
1327 1304 1454 1340 ῥυσάσθω
1472 1302 1568 1330 αὐτόν·
1587 1312 1595 1327 ι
1619 1302 1666 1328 καὶ
1683 1301 1731 1327 νῦν
1748 1300 1814 1334 γοῦν
1829 1301 1872 1327 ὅτε

1071 1350 1106 1377 τὰ
1124 1350 1237 1377 τοιαῦτά
1260 1359 1293 1386 με
1317 1350 1492 1385 περιέστηκε,
1513 1349 1543 1375 σὲ
1559 1348 1606 1375 τὸν
1621 1347 1733 1382 Πατέρα
1755 1355 1807 1382 μου
1827 1347 1874 1373 τὸν

1072 1395 1250 1422 ὲκσπὰσαντά
1273 1403 1306 1430 με
1323 1395 1355 1421 ὲκ
1366 1394 1483 1429 γαστρὸς
1500 1393 1602 1429 μητρός
1614 1402 1677 1428 μου,
1688 1393 1733 1425 ἐφ’
1747 1392 1777 1418 ὃν
1788 1393 1872 1428 ὲπερς

1073 1441 1155 1477 ρίφην
1169 1442 1201 1468 ὲκ
1217 1441 1334 1477 μήτρας,
1349 1441 1388 1472 εἰς
1402 1440 1431 1466 ὂν
1444 1439 1547 1475 ἤλπισα
1561 1439 1615 1465 ἀπὺ
1628 1438 1749 1474 μαστῶν,
1761 1439 1807 1465 τὸν
1825 1439 1872 1464 καὶ

1072 1485 1127 1511 ἀπὸ
1155 1485 1274 1521 γαστρὸς
1305 1486 1408 1522 μητρός
1437 1494 1486 1520 μου
1504 1480 1706 1520 γνωριζόμενόν
1731 1493 1795 1519 μοι,
1823 1484 1872 1509 καὶ

223 1532 291 1558 mihi
314 1532 421 1559 caeteris
442 1532 600 1559 hominibus
630 1532 719 1559 simile
738 1535 813 1558 esset
828 1539 940 1566 corpus.
966 1532 1018 1559 Sed

1072 1533 1273 1567 γινωσκόμενον
1282 1533 1359 1565 Θεὸν,
1374 1531 1488 1559 ἱκετεύω
1498 1531 1546 1558 καί
1555 1532 1603 1557 ἀντ
1608 1530 1688 1557 ιϐολῶ
1698 1530 1737 1565 μὴ
1747 1530 1871 1565 ἀποστῆ-

224 1585 313 1612 neque
327 1577 392 1605 item
406 1578 442 1609 vi,
456 1585 546 1612 neque
565 1577 718 1604 substantia
737 1577 875 1612 plerisque
891 1585 965 1605 eram
982 1578 1021 1605 si-

223 1623 309 1655 milis,
325 1631 419 1650 verum
435 1623 526 1657 potius
538 1623 606 1649 liber
619 1630 650 1649 ac
663 1623 770 1650 solutus
783 1627 913 1658 tanquam
931 1631 1019 1658 agnus

223 1672 300 1699 tuus,
312 1668 359 1702 qui
376 1667 446 1694 Deus
467 1674 506 1696 es.
523 1675 585 1693 cum
601 1667 636 1694 ab
658 1667 704 1693 illa
725 1675 811 1702 usque
837 1670 917 1694 aetate
949 1667 1020 1693 lacte

223 1712 355 1743 nutrirer,
368 1712 431 1739 dico
445 1716 535 1738 autem
554 1712 588 1738 ab
608 1711 738 1739 uberibus
753 1712 850 1739 matris
865 1719 940 1738 mem.
965 1711 1021 1738 Car

223 1762 312 1785 terum
331 1759 383 1785 hoe
396 1758 515 1785 nondum
530 1758 666 1792 quispiam
684 1765 812 1793 magnum
827 1758 1017 1788 arbitrabitur,

223 1806 247 1833 si
263 1806 406 1840 intelliget,
422 1805 650 1840 quemadmodum
676 1805 752 1839 prius
771 1812 880 1839 quoque
899 1813 909 1829 ‹
940 1805 968 1830 in
992 1808 1019 1831 te

223 1852 363 1887 projectus
383 1859 442 1878 sum
457 1859 491 1878 ex
510 1855 598 1882 utero,
615 1855 642 1878 et
656 1850 688 1877 dc
713 1854 807 1878 ventre
831 1851 926 1877 matris
951 1858 1018 1877 mea:

223 1898 296 1926 Deus
314 1907 392 1928 meus
408 1906 437 1925 es
454 1903 492 1925 tu.
512 1909 521 1924 ι
536 1898 603 1925 Cum
620 1899 692 1925 enim
710 1897 799 1924 adhuc
822 1897 894 1924 intra
919 1897 1017 1924 cellam

223 1946 356 1981 gestantis
381 1953 423 1972 me
449 1946 476 1973 in
505 1949 582 1972 utero
598 1945 732 1976 laterem,
759 1948 786 1971 te
812 1947 903 1971 tamen
933 1944 1017 1971 Deum

222 1999 314 2018 meum
327 1991 451 2018 videbam
468 1995 598 2025 tanquam
618 1990 641 2017 is
653 2009 661 2022 ,
684 1990 730 2025 qui
748 1994 775 2017 et
802 1988 964 2016 inccnl‘usus
991 1993 1017 2016 et

222 2037 438 2072 imperturbatus
466 2037 492 2063 in
518 2040 593 2063 tanta
620 2034 868 2062 communicatione
892 2034 1017 2069 corporei

223 2083 316 2110 oneris
332 2082 556 2117 permansissem,
574 2088 606 2107 ac
629 2080 720 2115 potius
749 2080 927 2114 incorporeus
949 2083 1016 2106 tunc

223 2136 332 2163 quoque
346 2128 456 2160 fuerim,
474 2132 500 2155 et
514 2128 548 2154 ab
562 2127 690 2153 omnibus
702 2126 820 2153 vinculis
837 2125 915 2152 liber.
929 2124 1015 2151 Porro

222 2179 313 2202 autem
327 2175 367 2202 sic
385 2183 393 2199 ι
412 2174 439 2201 in
455 2177 482 2201 te
499 2173 638 2208 projectus
651 2180 710 2200 sum
722 2181 753 2200 ex
769 2177 846 2199 utero
858 2192 865 2204 ,
898 2181 907 2197 ι
925 2175 952 2198 et
975 2172 1015 2199 sic

1071 1586 1115 1603 ναι
1139 1577 1185 1603 ἀπ’
1205 1576 1284 1612 ἐμοῦ,
1306 1577 1346 1603 ὅτι
1364 1577 1453 1612 θλίψις
1466 1576 1559 1611 ἐγγύς.
1579 1575 1679 1603 Μέλλει
1700 1575 1767 1611 γὰρ,
1791 1576 1870 1609 φησὶ,

1071 1624 1118 1650 καὶ
1133 1624 1195 1650 ὅσον
1210 1623 1286 1650 οὔπω
1306 1624 1433 1659 πάρεστι,
1455 1623 1503 1649 καὶ
1520 1622 1665 1658 πλησιάζει
1689 1622 1802 1657 συνέχον
1819 1621 1871 1657 ἤδη

1070 1671 1118 1697 καὶ
1138 1670 1309 1705 ἐπικείμενόν
1339 1679 1383 1706 μοι
1407 1670 1438 1696 τὺ
1459 1669 1567 1695 πάντων
1583 1668 1697 1703 ἔσχατον
1715 1668 1766 1703 τῆς
1783 1669 1873 1703 ὑπερ-

1070 1716 1221 1751 ϐαλλούσης
1236 1725 1286 1751 μου
1302 1716 1417 1751 θλίψεως
1432 1715 1513 1750 νέφος
1540 1714 1622 1741 Οῡπω
1637 1714 1693 1749 γὰρ
1709 1714 1766 1748 ἐγὼ
1780 1713 1874 1748 mea;

1069 1763 1170 1798 ταύτην
1184 1762 1233 1797 τὴν
1246 1762 1294 1789 νῦν
1309 1761 1488 1798 περιέχουσαν
1507 1769 1540 1796 με
1558 1760 1633 1787 καλῶ
1647 1759 1709 1786 οὔτε
1724 1759 1771 1785 τὸν
1790 1768 1874 1786 σταυ-

1070 1808 1127 1844 ρὸν,
1148 1807 1209 1834 οὔτε
1228 1808 1291 1839 τοὺς
1314 1808 1344 1841 ἐξ
1366 1807 1518 1843 ἀνθρώπων
1539 1806 1717 1841 ὀνειδισμοὺς,
1739 1805 1805 1831 οὔτε
1822 1806 1873 1837 τὰς

1069 1854 1177 1889 χλεύας,
1195 1854 1256 1881 οὔτε
1276 1854 1329 1889 μὴν
1345 1854 1380 1880 τὰ
1397 1852 1450 1889 πρὸ
1461 1853 1508 1880 τοῦ
1527 1852 1643 1888 σταυροῦ
1661 1851 1871 1887 συμϐεϐηκότα,

1068 1900 1118 1932 τὰς
1146 1901 1291 1935 μάστιγας,
1321 1900 1371 1931 τὰς
1399 1899 1502 1935 ὕϐρεις,
1529 1900 1576 1926 καὶ
1603 1900 1653 1925 ὅσα
1669 1898 1736 1926 ἄλλα
1753 1900 1872 1934 ἑπαροί-

1068 1956 1153 1982 νησαν
1178 1947 1217 1978 εἰς
1241 1947 1291 1981 ἐμὲ
1316 1947 1340 1973 οἱ
1368 1946 1421 1972 υἱοὶ
1446 1946 1501 1972 τῶν
1529 1945 1698 1981 ἀνθρώπων·
1721 1945 1794 1971 ἀλλὰ
1817 1945 1872 1979 γὰρ

1068 1992 1123 2028 ὀρῶ
1139 1993 1188 2028 τὴν
1209 1993 1249 2023 εἰς
1267 1991 1329 2027 ᾅδου
1347 1992 1497 2018 κατάϐασιν
1519 1991 1733 2026 πλησιάζουσαν,
1751 1992 1802 2018 καὶ
1816 1992 1871 2018 τῶν

1068 2038 1263 2072 ἀντικειμένων
1287 2037 1333 2063 καὶ
1355 2037 1461 2073 ἐχθρῶν
1477 2037 1516 2072 τῷ
1529 2036 1588 2072 Θεῷ
1602 2036 1743 2072 δυνάμεων
1765 2038 1871 2064 ἐπανα-

1069 2092 1172 2110 στασιν.
1195 2084 1240 2110 Διό
1260 2092 1340 2119 φημι·
1357 2093 1365 2108 ι
1386 2084 1444 2110 ’Ότι
1460 2083 1549 2117 θλίψις
1562 2083 1656 2117 ἐγγὺς,
1672 2083 1714 2108 ὃτι
1731 2083 1784 2109 οὐκ
1796 2083 1870 2109 Ξπιν

1067 2130 1080 2155 ὁ
1101 2129 1218 2165 βοηθῶν.
1235 2139 1244 2155 ι
1262 2129 1324 2161 Πῶς
1341 2128 1394 2164 γὰρ
1409 2129 1458 2164 οὐχ
1476 2128 1683 2164 ὑπερϐάλλουσα
1696 2127 1732 2163 ἦν
1751 2130 1803 2155 καὶ
1821 2137 1869 2164 με-

1067 2175 1147 2209 γίστη
1163 2174 1251 2209 θλίψις
1266 2173 1335 2209 αὕτη
1351 2173 1453 2208 ἐκείνη,
1468 2173 1497 2199 ὲν
1551 2173 1601 2198 οὐκ
1618 2172 1692 2198 ἔστιν
1710 2173 1724 2197 ὁ
1743 2172 1865 2207 βοηθῶν;

225 2230 236 2247 ι
255 2221 289 2249 de
306 2224 401 2248 ventre
426 2220 521 2247 matris
540 2227 605 2246 meae
629 2218 700 2246 Deus
729 2226 806 2245 meus
830 2226 861 2245 es
883 2221 932 2251 tu,
953 2226 962 2243 ι
985 2221 1014 2244 ιιι

1074 2220 1102 2246 Ὁ
1117 2220 1166 2255 μὲν
1178 2220 1232 2255 γὰρ
1251 2219 1298 2245 ἐπὶ
1311 2218 1433 2253 σωτηρίᾳ
1448 2217 1503 2243 τῶν
1519 2219 1547 2243 ἐν
1566 2218 1630 2253 ᾅδου
1642 2217 1737 2252 ψυχῶν
1752 2217 1865 2253 παρῄει,

221 2274 311 2294 meam
326 2267 452 2293 virtutem
465 2273 527 2292 cum
546 2264 633 2291 adhuc
648 2264 675 2290 in
693 2268 770 2291 utero
787 2271 802 2290 a
821 2263 932 2297 Virgine
949 2271 1014 2290 san-

221 2317 267 2340 cta
284 2316 417 2347 gestarer,
435 2319 511 2338 meus
528 2318 636 2345 quoque
650 2310 707 2344 jam
728 2314 785 2336 tum
811 2309 928 2336 senserit
945 2316 1013 2344 pra:-

222 2366 320 2386 cursor
335 2357 467 2388 Joannes,
480 2357 527 2391 qui
542 2357 623 2383 etiam
651 2357 710 2390 ipse
730 2356 757 2381 in
774 2359 850 2382 utero
873 2354 1013 2382 Elisabeth

222 2405 390 2440 gestabatur,
408 2411 494 2438 usque
510 2402 577 2429 adeo
592 2408 622 2428 ut
637 2410 695 2428 mea
719 2402 860 2428 divinitate
887 2402 1012 2429 concitus

222 2451 402 2479 exsultatione
423 2449 573 2481 exsilierit,
602 2453 629 2475 et
654 2448 756 2482 Spiritu
781 2452 875 2476 sancto
892 2449 1012 2483 repletus

221 2497 268 2526 sit.
285 2496 348 2523 Hmc
364 2496 446 2531 igitur
466 2499 566 2522 cuncta
584 2496 618 2522 ad
639 2495 797 2522 memoriam
818 2502 967 2525 revocans.
986 2498 1013 2521 et

221 2544 297 2571 omni
312 2547 435 2577 tempore
451 2542 535 2570 Deum
554 2547 580 2569 et
596 2541 704 2569 Patrem
730 2550 818 2569 meum
835 2546 898 2569 ante
918 2543 1012 2570 oculos

222 2590 288 2618 mihi
306 2590 488 2621 constituens,
505 2589 601 2616 merito
616 2594 641 2615 et
653 2588 705 2615 sub
716 2588 805 2623 ipsum
823 2589 929 2615 instans
938 2596 1008 2615 com-

222 2637 417 2674 prehendentis
436 2645 479 2664 me
495 2636 633 2671 passionis
649 2640 771 2670 tempus,
788 2643 850 2662 cum
872 2635 921 2662 tibi
937 2634 1012 2662 Patri

221 2685 311 2713 factus
322 2684 462 2715 obediens,
473 2687 569 2718 sponte
582 2686 609 2710 et
617 2683 711 2709 volens
723 2682 835 2709 eﬂ‘ectus
847 2690 906 2709 sum
921 2691 931 2707 ‹
951 2690 1009 2709 ver-

222 2734 286 2764 mis,
300 2735 394 2758 etnon
412 2731 503 2761 homo,
524 2729 699 2764 opprobrium
723 2728 876 2760 hominum,
891 2732 917 2756 et
935 2728 1011 2763 abje—

222 2778 278 2805 ctio
291 2777 395 2813 populi,
415 2787 424 2802 ›
441 2783 467 2804 et
486 2785 558 2803 nunc
580 2784 642 2803 cum
658 2783 754 2803 omnes
768 2783 858 2802 meum
870 2774 946 2802 cruci
971 2774 1011 2800 af-

258 2871 269 2887 ⁸
287 2870 353 2898 Luc.
374 2878 399 2902 i,
420 2870 462 2897 :5.

1067 2267 1100 2294 ἐκ
1122 2266 1235 2302 μακρῶν
1253 2264 1358 2292 αἰώνων
1371 2265 1420 2299 τὴν
1437 2264 1529 2299 ἄφιξιν
1542 2263 1625 2291 αὐτοῦ
1645 2264 1863 2299 περιμενουσῶν,

1067 2314 1114 2340 καὶ
1125 2314 1220 2349 κατῄει
1233 2321 1265 2347 γε
1279 2312 1365 2348 θύρας
1385 2312 1488 2347 χαλκᾶς
1509 2311 1673 2346 συντρίψων,
1686 2311 1735 2337 καὶ
1748 2310 1866 2346 palluit;

1068 2359 1193 2395 σιδηροῦς
1219 2359 1386 2391 συνθλάσων,
1412 2358 1459 2384 καὶ
1481 2357 1545 2388 τοὺς
1567 2357 1632 2392 πρὶν
1655 2357 1786 2392 δεσμίους
1801 2356 1865 2391 ᾅδου

1066 2407 1224 2442 ἐλευθέρους
1236 2406 1354 2441 ἁνήσων·
1369 2405 1382 2430 ὃ
1396 2405 1442 2430 καὶ
1457 2404 1578 2437 γέγονεν,
1591 2403 1635 2429 ὅτε
1648 2402 1736 2429 πολλὰ
1751 2402 1865 2438 σώματα

1065 2452 1120 2479 τῶν
1145 2451 1354 2487 κεκοιμημένων
1386 2449 1471 2483 ἁγίων
1501 2448 1654 2475 ἀναστάντα
1689 2448 1865 2484 συνεισῆλθον

1066 2498 1141 2533 αὐτῷ
1152 2499 1192 2530 εἰς
1203 2498 1253 2533 τὴν
1272 2496 1378 2531 ἀληθῶς
1392 2496 1474 2530 ἁγίαν
1485 2495 1531 2521 τοῦ
1546 2494 1614 2521 Θεοῦ
1629 2494 1719 2521 πόλιν
1737 2495 1766 2521 αἱ
1778 2494 1807 2521 δὲ
1817 2494 1864 2521 δα.)-

1066 2546 1161 2580 νάμεις
1176 2545 1205 2571 αἱ
1218 2544 1413 2579 ἁντικείμεναι,
1432 2542 1500 2578 πρὸς
1511 2542 1566 2573 τοῖς
1579 2540 1634 2567 τῶν
1649 2540 1804 2576 ἀνθρώπων
1812 2548 1863 2566 κα-

1066 2593 1124 2623 κοῖς
1136 2590 1367 2627 ὲπεστρατεύοντο
1379 2588 1465 2624 αὐτῷ,
1482 2588 1571 2623 λύπην
1585 2587 1616 2613 οὐ
1631 2585 1735 2622 μικρὰν
1745 2586 1793 2612 καὶ
1806 2585 1863 2612 θλί-

1066 2639 1112 2674 ψιν
1129 2638 1203 2673 αὐτῷ
1221 2637 1400 2674 παρέχουσαι,
1424 2632 1622 2670 ἁποκλᾳομένῳ
1639 2633 1686 2659 καὶ
1703 2633 1751 2659 ἐπ’
1766 2633 1863 2663 αὐταῖς

1065 2684 1097 2710 δι’
1107 2683 1258 2719 ὑπερϐολὴν
1266 2682 1442 2717 ἀγαθότητος.
1465 2680 1545 2706 Ἀλλὰ
1558 2679 1613 2714 γὰρ
1626 2679 1719 2714 τήρει,
1730 2677 1791 2705 τινα
1797 2676 1862 2713 τρό-

1066 2738 1116 2756 πον
1129 2729 1215 2756 ταῦτα
1230 2729 1319 2755 πάντα
1331 2727 1463 2757 λέλεκται,
1475 2725 1513 2757 ὡς
1529 2726 1561 2751 ὲκ
1578 2723 1726 2760 προσώπου
1740 2721 1820 2749 αὐτοῦ
1832 2723 1860 2748 ἐν

1067 2774 1159 2810 μήτρᾳ
1175 2773 1401 2809 κυοερορηθέντος,
1424 2772 1470 2798 καὶ
1489 2770 1543 2796 ἀπὸ
1560 2769 1680 2803 γαστρὸς
1696 2768 1798 2805 μητρὸς
1812 2775 1860 2797 γε·
