3856 6222
1182 323 1828 401 DEMONSTRATIONIS
1870 344 2329 411 EVANGELICA!
2370 356 2498 414 LIB.
2540 361 2608 417 Χ.

3404 379 3510 436 778

256 436 613 505 τεννημένου,
643 438 701 490 ὃν
734 439 1043 513 ὲφάσκομεν
1070 441 1205 501 εἶναι
1235 450 1327 504 τὸν
1354 452 1523 524 ἀμνὸν
1553 458 1647 511 τοῦ
1676 460 1790 515 Θεοί

256 521 446 564 Τηιῖτω
469 524 578 564 sulm
605 529 694 564 νηὶ
732 531 1016 564 πηοιέηξηρ.
1046 535 1117 564 -,ι.
1161 542 1282 564 --Α
1330 543 1383 564 -ι
1427 563 1433 564 ,
1470 546 1522 564 In
1651 550 1663 564 .

1891 473 1910 529 λ
1940 467 2103 524 lixam
2129 485 2330 543 corpus
2361 476 2608 537 videntes
2631 521 2647 540 .
2697 482 2826 540 dum
2858 489 2972 543 r'em
3025 499 3078 545 et
3109 491 3417 564 fugiendam
3452 512 3508 558 et

254 521 446 595 Τούτῳ
469 524 578 597 γὰρ
605 529 700 582 καὶ
732 531 1019 601 συμϐαίνει
1046 535 1117 591 τὰ
1159 542 1287 612 περὶ
1327 543 1389 595 τδ

249 617 325 673 τὰ
356 621 455 692 τῆς
482 622 747 695 ὲνσάρκου
770 626 1036 694 γενέσεως
1058 631 1283 703 ἥρμοζε.

243 1005 345 1046 κος
377 991 471 1043 καὶ
503 990 791 1062 ἀσώματος
835 996 1067 1067 ὑπάρχει
1115 999 1214 1070 τὴν
1258 1001 1436 1069 φύσιν,
1477 1007 1600 1060 οὐδὲ
1645 1011 1765 1064 καθ’
1794 1013 1823 1066 θ

238 1076 382 1132 Θεοῦ
410 1081 580 1149 Λόγος
607 1083 698 1136 καὶ
725 1082 857 1147 Θεὸς
884 1086 1196 1152 ἐπινοεῖται,
1236 1090 1372 1145 ἀλλά
1411 1095 1533 1148 καθ’
1558 1097 1587 1150 ὃ
1617 1094 1728 1164 οἷός
1759 1119 1820 1156 τε

235 1164 313 1240 ἧν
352 1171 488 1242 πρὸς
512 1173 604 1226 τὸν
641 1175 859 1248 Πατέρα
886 1179 1017 1250 εὐχῇ
1053 1179 1253 1248 λέγειν*
1291 1203 1311 1236 ι
1350 1187 1469 1241 Ὅτι
1500 1190 1563 1242 σὺ
1597 1187 1651 1243 εἷ
1673 1195 1702 1245 ό
1729 1197 1821 1249 ὲκ·-

238 1264 457 1329 σπάσας
487 1283 554 1337 με
586 1269 652 1321 ὲκ
674 1270 927 1340 γαστρὸς,
960 1274 992 1342 ἡ
1024 1273 1180 1338 ἐλπίς
1205 1293 1303 1347 μου
1337 1279 1445 1333 ἀπὺ
1475 1283 1695 1352 μαστῶν
1717 1288 1818 1358 τῆς

235 1359 449 1429 μητρός
475 1376 592 1429 μου.
641 1362 764 1416 Ἐπὶ
794 1365 855 1418 σὲ
890 1365 1195 1438 ὲπερρίφην
1226 1371 1289 1423 ἐκ
1333 1373 1566 1444 μήτρας,
1591 1376 1698 1431 ἀπὸ
1717 1396 1817 1447 γα-

232 1451 402 1521 στρος
444 1452 649 1522 μητρός
695 1472 797 1524 μου
835 1455 968 1522 Θεός
1003 1476 1105 1529 μου
1141 1456 1191 1514 εἷ
1228 1462 1312 1515 σύ.
1346 1484 1362 1513 ι
1406 1459 1576 1532 Οὗτος
1604 1469 1666 1541 δὴ
1698 1468 1812 1538 οὖν,

225 1541 374 1611 πρὸς
402 1540 479 1611 τῷ
502 1544 662 1597 πάθει
691 1547 949 1615 γεγονὼς,
974 1549 1190 1621 εὕχεται
1218 1553 1287 1607 τά
1312 1540 1813 1635 προκείμεναίπρδς

222 1634 327 1687 τὸν
344 1635 580 1705 Πατέρα,
605 1640 699 1691 καὶ
723 1640 1011 1706 τοσούτων,
1041 1643 1194 1714 φησὶ,
1222 1648 1521 1716 μελλόντων
1558 1670 1625 1723 με
1655 1634 1812 1729 περι-

225 1728 524 1799 στήσεσθαι
545 1731 931 1805 ἀντικειμένων
953 1738 1260 1808 ἐνεργειῶν,
1280 1743 1376 1796 καὶ
1391 1744 1661 1816 δαιμόνων
1680 1728 1810 1805 ἀκα-

222 1816 466 1890 θάρτων,
491 1824 584 1876 καὶ
605 1826 991 1895 πνευματικῶν
1018 1832 1299 1902 πονηρίας,
1328 1837 1422 1889 καὶ
1443 1838 1534 1890 ἐπὶ
1555 1842 1688 1894 πᾶσι
1713 1842 1808 1897 τοῦ

223 1910 446 1965 πάντων
475 1915 765 1985 χειρίστου,
801 1918 964 1972 αὑτοῦ
985 1919 1049 1991 δὴ
1079 1921 1173 1974 τοῦ
1202 1922 1461 1995 ἄρχοντος
1491 1931 1585 1984 τοῦ
1615 1932 1810 2000 αἰῶνος

217 2002 416 2057 τούτου
438 2005 553 2077 (οὓς
583 2007 686 2078 τῆς
721 2010 917 2074 κακίας
946 2012 1099 2067 ἒνεκε
1122 2013 1292 2087 θῆρας
1315 2023 1583 2091 πονηροὺς
1608 2024 1806 2097 ὀνομά-

220 2094 343 2160 ζειν
374 2097 541 2164 ἄξιον,
582 2101 675 2153 καὶ
704 2102 826 2173 ἦτοι
854 2104 1089 2175 ταύρους
1120 2108 1365 2179 ἀγρίους,
1405 2111 1438 2183 ἢ
1485 2094 1741 2186 μόσχους,
1770 2120 1803 2189 ἢ

215 2185 526 2261 λέοντας,ἢ
568 2191 779 2263 κύνας),
826 2195 1032 2266 μέλλων
1081 2215 1141 2252 τε
1189 2201 1325 2273 πρὸς
1363 2185 1623 2271 ἅπαντας
1651 2185 1804 2263 ἴσταέ

217 2276 370 2342 σθαι,
422 2282 517 2335 καὶ
563 2284 727 2354 μηδὲν
770 2287 972 2356 ἀγαθὸν
1029 2292 1108 2355 είς
1157 2293 1352 2359 αὐτοὺς
1402 2298 1664 2369 ἐνεργεῖν,
1726 2301 1804 2373 τῷ

219 2371 394 2441 μηδὲν
437 2375 836 2448 παραδέχεσθαι
892 2383 1087 2447 αὐτοὺς
1136 2384 1243 2437 τῶν
1288 2387 1436 2457 ἐμῶν
1478 2391 1697 2459 ἀγαθῶν
1735 2371 1800 2447 δι’

212 2459 397 2532 ἄκραν
419 2464 615 2529 κακίας
638 2465 770 2533 ἕξιν,
801 2470 936 2524 ἀλλά
973 2473 1106 2543 μηδὲ
1144 2474 1337 2547 βοηθοῦ
1374 2479 1509 2550 μηδὲ
1536 2486 1797 2554 συνεργοῦ

206 2555 503 2624 τυγχάνων
527 2558 673 2622 τινὸς
702 2561 813 2613 τῶν
840 2567 1276 2636 προειρημένων,
1308 2573 1387 2635 είς
1414 2572 1505 2625 τὸν
1524 2575 1663 2647 ὑπὲρ
1692 2576 1799 2631 τῶν

207 2645 276 2699 ὲν
304 2645 431 2717 ᾅδου
461 2647 653 2719 ψυχῶν
698 2646 888 2719 ἆθλον,
940 2657 1057 2720 πῶς
1096 2660 1196 2712 οὐκ
1228 2660 1294 2714 ἂν
1320 2662 1553 2734 εὐλόγως
1587 2645 1795 2741 εἰίποιμ·

215 2756 237 2787 .
281 2740 403 2793 ’Ότι
432 2739 611 2810 θλίψις
649 2745 836 2813 ἐγγὺς,
882 2748 964 2801 ὅτι
996 2750 1096 2804 οῦκ
1141 2751 1288 2805 ἔστιν
1320 2754 1349 2807 ὁ
1380 2755 1623 2827 βοηθῶν;
1656 2781 1675 2813 ι
1724 2739 1797 2817 Τὸ

209 2831 321 2901 μὲν
363 2829 457 2886 οῦν
494 2835 590 2900 τὰς
623 2839 866 2911 πονηρὰς
897 2842 990 2894 καὶ
1018 2843 1396 2916 ἀντικειμένας
1431 2849 1690 2921 δυνάμεις
1720 2854 1793 2925 μὴ

205 2929 494 2997 συνεργεῖν
527 2929 674 3001 αὐτῷ
697 2932 830 3003 μηδὲ
860 2932 1073 3005 βοηθεῖν
1106 2937 1191 2990 ἐπ’
1213 2939 1413 3006 ἀγαθὸν
1434 2942 1602 3015 αὐτῷ,
1641 2946 1795 3016 νομί-

203 3014 400 3089 ζομεν,
434 3020 514 3075 ὅτι
547 3022 698 3076 οὐδὲν
740 3020 808 3095 ἦν
834 3024 1182 3097 θαυμαστόν·
1216 3032 1276 3085 τὸ
1302 3033 1359 3086 δὲ
1387 3035 1603 3090 πάντων
1640 3014 1793 3109 μέγι-

202 3122 341 3163 στον
361 3111 463 3182 τῆς
493 3113 722 3184 θλίψεως
751 3117 850 3187 τῆς
892 3119 1123 3188 μάλιστα
1161 3122 1454 3196 πιεζούσης
1492 3129 1655 3182 αὐτὸν
1683 3130 1790 3183 τόδ’

197 3197 274 3275 ἦν
296 3202 427 3273 ἄρα,
448 3205 510 3258 τὸ
539 3207 742 3277 μηδένα
768 3209 902 3280 μηδὲ
926 3211 1032 3265 τῶν
1053 3216 1243 3269 αἰσίων
1272 3218 1366 3271 καὶ
1406 3218 1594 3283 δεξιῶν
1623 3223 1789 3291 ἀγγέ-

197 3295 336 3360 λων,
395 3299 531 3369 μηδὲ
585 3300 692 3372 μὴν
745 3301 854 3354 τῶν
892 3303 1050 3358 θείων
1090 3306 1392 3379 δυνάμεων,
1434 3312 1637 3384 τολμᾷν
1666 3317 1786 3369 ἐπι-

197 3385 411 3440 ϐαίνειν
442 3391 553 3452 τοῖς
582 3389 676 3443 τοῦ
716 3390 944 3445 θανάτου
978 3393 1283 3464 βασιλείοις,
1332 3400 1465 3472 μηδὲ
1506 3408 1787 3476 συνεργεῖν

197 3478 297 3530 επὶ
348 3477 573 3552 βοηθείᾳ
618 3481 729 3535 τῶν
779 3483 965 3538 αὐτόθι
1014 3486 1219 3557 ψυχῶν.
1273 3491 1435 3563 Μόνῳ
1484 3493 1592 3566 γὰρ
1636 3496 1785 3567 αὐτῷ

198 3567 348 3621 τοῦτ’
376 3570 613 3643 ἀτρεμὲς
637 3568 726 3646 ἦν,
764 3576 885 3628 ἐπεὶ
927 3577 1021 3631 καὶ
1055 3580 1197 3651 μόνῳ
1225 3580 1573 3655 ἠνεῴχθησαν
1621 3588 1781 3643 πύλαι

196 3658 458 3727 θανάτου,
487 3666 581 3718 καὶ
612 3666 771 3736 μόνον
792 3669 954 3723 αὑτὸν
976 3671 1213 3743 πυλωροὶ
1241 3673 1370 3744 ᾅδου
1400 3676 1783 3751 ἰδόντεςὲπτη-

198 3747 320 3814 ξαν,
355 3752 517 3816 αὑτός
552 3771 611 3807 τε
637 3758 666 3810 ὁ
692 3756 753 3809 τὸ
788 3758 988 3830 κράτος
1030 3759 1166 3832 ἔχων
1198 3763 1293 3817 τοῦ
1330 3764 1579 3831 θανάτου,
1613 3771 1782 3824 ὑπεκ-

197 3840 334 3903 στὰς
350 3841 461 3896 τῶν
481 3843 767 3913 βασιλείων
795 3847 1019 3920 θρόνων,
1043 3849 1138 3904 ἅτε
1165 3853 1323 3922 μόνον
1344 3855 1506 3908 αὑτὸν
1527 3858 1780 3925 ἐπιγνοὺς

197 3931 398 3987 ἑαυτοῦ
428 3935 654 4004 Κύριον,
701 3938 959 4010 ἐλάλησεν
992 3942 1141 4012 αὐτῷ
1179 3943 1360 4015 δεήσει
1404 3946 1499 3999 καὶ
1533 3949 1781 4022 ἱκετηρία

197 4024 478 4096 μαλακῶς,
497 4028 719 4083 κατὰτὰ
738 4031 898 4102 δηλού
908 4051 1042 4103 μενα
1071 4038 1129 4088 ὲν
1147 4035 1226 4107 τῷ
1261 4036 1381 4091 ’1ὼὸ
1406 4039 1532 4110 περὶ
1552 4040 1776 4096 τούτων.

186 4114 349 4188 Πλὴν
375 4117 510 4172 ἀλλά
538 4120 639 4192 τὴν
671 4122 843 4195 ἀσεϐῆ
885 4124 981 4178 τοῦ
1007 4127 1271 4198 τυράννου
1318 4129 1778 4186 καταδυναστείαν

190 4208 449 4264 τοσοῦτον
491 4213 634 4284 ὁρῶν
678 4215 983 4286 ίσχύουσαν,
1022 4218 1097 4282 ὡς
1140 4220 1341 4291 μηδένα
1382 4221 1542 4276 ἄλλον
1573 4222 1777 4296 τολμᾷν

188 4299 306 4354 τῶν
331 4304 451 4356 κατ’
475 4305 703 4373 οὐρανὸν
731 4308 790 4360 ἐν
811 4312 925 4372 τοῖς
952 4310 1138 4365 αὐτόθι
1165 4313 1384 4386 χωρίοις
1409 4319 1775 4386 συμπαρεῖναι

190 4393 365 4465 αὐτῷ,
400 4398 494 4450 καὶ
520 4401 586 4469 τῇ
617 4397 725 4452 τῶν
753 4401 941 4455 αὐτόθι
971 4402 1157 4474 ψυχῶν
1192 4408 1472 4477 συνεργεῖν
1507 4408 1770 4480 σωτηρίᾳ,

1417 546 1606 612 πάθος,
1635 550 1710 615 ὼς
1738 569 1790 607 κε

1934 560 2234 616 ominosam
2264 577 2456 633 putant
2486 586 2549 627 se
2594 573 2808 641 videre,
2856 595 2942 636 me
2993 583 3503 658 subsannaverunt,

1316 635 1388 688 Τὸ
1415 637 1546 706 γοῦν
1574 644 1790 716 γεννηθὲ

2794 635 2805 641 ,
2923 635 2934 636 ,
2995 635 3503 658 _e-__--_--.-......,

1932 657 2139 705 tantum
2161 654 2449 713 adversum
2494 677 2580 718 me
2622 665 2917 731 irrisionis,
2954 681 3278 746 tantumque
3324 680 3507 737 detra-

249 710 350 765 καὶ
380 712 711 784 ἀποθνήσκει
734 732 748 746 ο
790 716 851 769 τὸ
891 718 949 771 δὲ
991 720 1218 792 θνῆσκον
1255 728 1355 781 οὐκ
1387 729 1559 796 ἄλλως
1595 710 1826 791 θανάτου

245 804 505 874 τυγχάνει
539 807 570 876 ἢ
604 808 864 881 πρότερον
890 811 1110 866 ὀδεῦσαν
1131 814 1219 870 διὰ
1234 819 1518 886 γενέσεως.
1553 826 1713 879 Ταῦτ’
1734 826 1828 884 οῦν

242 893 499 962 διέξεισιν
528 900 556 950 ὀ
586 899 774 971 Σωτὴρ
800 903 893 955 καὶ
925 903 1128 974 Κύριος
1155 909 1330 978 ήμῶν,
1362 913 1421 965 οὐ
1454 916 1574 968 καθ’
1604 917 1632 970 ὃ
1658 920 1827 993 ἅσαρο

1928 742 2444 815 ctionisjactantes,
2479 763 2537 807 ut
2577 756 2645 813 de
2699 774 2786 815 me
2816 777 2922 818 non
2980 767 3142 822 modo
3188 742 3503 842 cogitantes

1926 836 2388 899 ratiocinarentur
2440 848 2731 921 animoque
2764 868 3046 913 versarent
3102 863 3311 918 nefaria
3341 906 3357 929 ,
3405 869 3499 924 sed

1926 923 2194 997 intrepide
2212 948 2427 1004 quoque
2457 937 2810 1009 loquerentur
2831 952 2886 999 et
2908 947 3084 1016 palam
3126 923 3498 1022 enuntiarent.

1924 1033 1948 1066 4
1968 1017 2233 1087 siquidem
2258 1024 2418 1078 locuti
2438 1037 2562 1081 suut
2578 1030 2733 1087 labiis
2747 1044 2799 1088 et
2813 1046 3098 1093 moverunt
3111 1051 3292 1111 caput,
3311 1047 3497 1103 dicen-

1922 1114 2037 1163 tes:
2067 1109 2220 1182 501
2246 1113 2561 1185 Speravitin
2575 1119 2824 1187 Domino,
2841 1128 3038 1200 eripiat
3054 1109 3232 1197 eum,»
3269 1143 3323 1189 et
3351 1153 3496 1195 nunc

1920 1200 2106 1270 igitur,
2140 1215 2196 1258 ut
2228 1205 2498 1275 dicebam,
2533 1226 2656 1266 cum
2688 1217 2813 1270 talia
2857 1234 2944 1275 me
2987 1221 3491 1294 circumsteterunt,

1919 1297 1972 1342 te
1998 1288 2213 1345 Patrem
2247 1309 2447 1361 meum,
2480 1301 2571 1368 qui
2606 1306 2894 1361 extraxisti
2924 1324 3010 1363 me
3050 1310 3117 1366 de
3144 1325 3333 1372 ventre
3378 1335 3495 1374 ma-

1917 1380 2017 1435 tris
2048 1397 2198 1447 nicae,
2228 1384 2282 1439 in
2315 1403 2475 1456 quem
2509 1392 2787 1463 projectus
2817 1414 2937 1454 sum
2982 1417 3050 1457 ex
3082 1411 3260 1467 utero,
3294 1407 3350 1462 in
3378 1425 3492 1480 quo

1916 1473 2133 1539 speravi
2193 1476 2261 1530 ab
2301 1479 2586 1549 uberibus,
2630 1487 2724 1555 qui
2769 1490 2930 1544 etiam
2967 1492 3036 1549 de
3075 1505 3265 1553 ventre
3297 1473 3490 1561 matris

1913 1578 2050 1619 meae
2078 1568 2295 1636 agnitus
2327 1588 2387 1626 es
2420 1574 2572 1638 mihi,
2609 1585 2663 1632 et
2706 1578 2926 1636 interim
2971 1591 3288 1656 agnosceris
3317 1592 3483 1661 Deus,

1911 1662 2137 1727 supplex
2169 1676 2266 1717 oro
2293 1678 2357 1718 ac
2388 1681 2584 1737 precor
2622 1690 2641 1721 ι
2666 1687 2735 1729 ne
2764 1676 2987 1732 recedas
3012 1693 3043 1732 a
3084 1695 3189 1746 me,
3226 1686 3487 1754 quoniam

1912 1749 1966 1804 in
2008 1756 2256 1822 proximo
2304 1766 2388 1814 est
2420 1760 2694 1818 afﬂictio.»
2750 1764 2913 1821 Venit
2953 1771 3120 1839 enim,
3175 1749 3373 1845 inquit,
3429 1786 3486 1834 et

1913 1852 2116 1909 quanta
2166 1846 2405 1901 nendum
2453 1851 2704 1916 antehac,
2773 1854 2928 1911 adest
2977 1866 3141 1929 atque
3189 1866 3486 1935 appropin-

1909 1942 2062 2004 quat,
2094 1952 2215 2006 quae
2245 1941 2658 2010 comprehendit
2692 1944 2828 2014 jam,
2864 1958 2917 2002 et
2943 1950 3076 2004 mihi
3108 1952 3276 2007 instat
3301 1964 3483 2013 extre-

1911 2040 1999 2079 ma
2052 2029 2295 2083 omnium
2353 2032 2661 2090 immodicae
2721 2052 2857 2093 meae
2920 2039 3228 2099 aﬂlicdonis
3281 2050 3477 2108 nubes.

1906 2114 2094 2187 Neque
2124 2122 2267 2175 enim
2314 2139 2414 2195 ego
2469 2141 2566 2196 per
2612 2127 2956 2185 alﬂictlonem
2986 2132 3131 2189 hanc
3182 2153 3303 2206 quae
3335 2155 3482 2196 nunc
3578 2132 3581 2135 “

1906 2221 1995 2261 me
2050 2208 2390 2277 circumstat,
2446 2216 2665 2272 crucem
2741 2219 2913 2289 ipsam
2976 2221 3240 2295 intelligo,
3302 2244 3480 2301 neque

1901 2298 2105 2366 probra
2138 2316 2203 2355 ex
2234 2302 2571 2370 hominibus,
2615 2325 2793 2380 neque
2840 2312 3094 2378 ludibria,
3143 2332 3319 2387 neque
3346 2335 3478 2376 vero

1902 2404 1966 2445 ea
1996 2407 2116 2461 quae.
2142 2404 2266 2450 ante
2290 2411 2507 2452 crucem
2541 2400 2675 2454 mihi
2704 2401 3044 2471 acciderunt,
3070 2405 3301 2479 ﬂagella,
3339 2427 3477 2467 con-

1900 2483 2155 2538 tumelias
2187 2493 2241 2540 ct
2294 2487 2401 2540 alia
2448 2505 2791 2561 quzecunque
2837 2492 3156 2551 debacchati
3184 2508 3311 2553 sunt
3340 2517 3474 2559 con-

1895 2580 1984 2627 tra
2009 2590 2093 2629 me
2124 2576 2222 2630 ﬁlii
2268 2577 2573 2644 hominum,
2630 2582 2725 2637 sed
2776 2585 2933 2640 video
2973 2598 3096 2656 post
3141 2591 3475 2655 solutionem

1899 2665 2146 2731 corporis
2180 2666 2232 2719 in
2266 2667 2381 2736 ipsa
2410 2678 2585 2724 morte
2632 2679 2686 2724 et
2717 2672 2785 2726 ad
2820 2673 3027 2732 inferos
3060 2676 3329 2735 descensu
3374 2698 3472 2755 ap-

1898 2756 2347 2825 propinquantem
2402 2761 2839 2819 adversariarum
2882 2778 2935 2822 et
2968 2766 3314 2825 inimicarum
3359 2774 3471 2830 Deo

1898 2852 2227 2911 potestatum
2278 2849 2600 2906 insolentem
2636 2853 2919 2924 impetum.
2972 2857 3316 2932 Quapmpter
3344 2864 3469 2919 dico

1896 2936 2239 2994 adiit-tionem
2286 2943 2339 2994 in
2381 2944 2627 3011 proximo
2660 2960 2803 3011 esse,
2866 2967 2888 2999 ι
2918 2954 3177 3020 quoniam
3216 2970 3326 3010 non
3380 2969 3467 3014 est

1894 3029 1986 3097 qui
2028 3031 2264 3097 adjuvet.
2301 3050 2321 3082 ι
2347 3032 2453 3098 Qui
2478 3037 2620 3091 enim
2655 3036 2768 3092 ﬁeri
2802 3046 3001 3108 potest,
3036 3049 3095 3096 ut
3124 3058 3232 3098 non
3277 3044 3469 3101 immo-

1894 3116 2018 3171 dica
2056 3128 2110 3172 et
2160 3123 2394 3175 maxima
2448 3124 2562 3191 ipsa
2620 3127 2710 3180 illa
2759 3128 2923 3185 fuerit
2965 3133 3205 3199 aﬂlictio,
3257 3138 3313 3192 in
3353 3156 3464 3210 qua

1892 3223 2000 3260 non
2035 3207 2198 3262 fuerit
2236 3212 2326 3280 qni
2365 3213 2648 3278 adiuvaret
2673 3219 2696 3271 ’ί
2719 3219 2810 3275 ille
2835 3224 2979 3277 enim
3012 3241 3111 3295 pro
3134 3242 3323 3284 earnm
3350 3232 3463 3286 ani.

1884 3314 2099 3354 marum
2126 3304 2303 3357 salute
2338 3308 2650 3371 accedebat,
2684 3327 2804 3380 qua:
2830 3316 2974 3384 apud
3010 3317 3214 3376 inferos
3237 3338 3301 3377 ex
3338 3325 3459 3380 lon-

1886 3393 2110 3461 gissimo
2166 3405 2408 3467 tempore
2462 3401 2752 3459 adventum
2812 3406 2933 3475 ejus
2963 3414 3369 3481 exspectabant,
3406 3424 3462 3472 et

1885 3484 2250 3543 descendebat
2309 3490 2455 3549 fores
2508 3511 2681 3554 aereas
2719 3501 3078 3566 contriturus,
3102 3513 3157 3560 et
3181 3517 3364 3563 vcctcs
3386 3525 3462 3563 a2-

1887 3590 2010 3632 reos
2037 3581 2443 3650 confracturns,
2477 3598 2528 3642 et
2552 3604 2667 3651 eos.
2692 3592 2784 3660 qui
2805 3601 2962 3647 antea
2981 3596 3142 3652 vincti
3161 3601 3302 3668 apud
3326 3601 3462 3658 infe-

1883 3685 1975 3724 ros
2004 3681 2180 3735 erant,
2213 3675 2267 3727 in
2301 3676 2603 3734 libertatem
2644 3682 3043 3748 vindicaturus,
3083 3689 3242 3757 ‘quod
3276 3690 3455 3760 ipsum

1877 3763 2045 3818 etiam
2107 3768 2309 3821 factum
2346 3778 2450 3831 est,
2482 3772 2703 3841 quando
2750 3777 2920 3829 multa
2969 3792 3201 3849 corpora
3258 3798 3451 3840 eorum

1881 3857 1973 3923 qui
2024 3856 2361 3914 dormierant
2414 3873 2730 3919 sanctorum
2780 3871 3083 3937 surgentia,
3122 3875 3281 3929 simul
3325 3892 3451 3932 cum

1880 3961 1947 4001 eo
1980 3949 2224 4018 ingressa
2267 3961 2395 4007 sunt
2446 3954 2501 4008 in
2556 3972 2679 4012 vere
2718 3968 2963 4013 sanctam
3008 3961 3102 4016 Dei
3149 3963 3449 4036 civitatem,

1882 4041 2236 4098 adversantes
2265 4060 2393 4100 vero
2414 4054 2713 4116 potestates
2738 4058 2796 4104 ut
2824 4050 3138 4110 hominibus
3162 4065 3447 4121 nocerent.

1878 4138 2067 4186 contra
2123 4136 2274 4189 illum
2309 4138 2466 4207 quasi
2523 4138 2577 4192 in
2615 4139 2732 4195 acie
2788 4144 3102 4208 veniebant,
3152 4161 3446 4204 mmrorem

1877 4236 1986 4275 non
2016 4238 2238 4294 parvum
2268 4233 2431 4296 atque
2450 4227 2797 4282 alllictionem
2815 4231 2889 4284 illi
2913 4233 3225 4300 afferentes,
3245 4239 3449 4309 quippe

1876 4311 1969 4381 qui
2010 4313 2174 4367 etiam
2221 4314 2343 4370 illas
2397 4316 2562 4369 nimia
2604 4317 2848 4372 bonitate
2883 4318 3125 4376 deﬁeret.
3166 4321 3445 4379 Cancrum

1876 4406 2098 4460 attende
2148 4422 2442 4474 quemnam
2495 4408 2549 4462 in
2596 4411 2819 4463 modum
2881 4420 3080 4467 cuncta
3138 4413 3253 4469 haec
3296 4415 3445 4495 dicta

189 4486 422 4552 εἰκότως
455 4492 641 4560 φησίνο
676 4511 697 4543 ι
741 4493 862 4547 ’Ότι
893 4494 1069 4564 θλίψις
1095 4496 1282 4565 ἐγγὺς,
1312 4498 1394 4551 ὅτι
1427 4501 1528 4553 οὐκ
1559 4499 1703 4553 ἔστιν
1741 4503 1769 4554 ὁ

1891 4497 2007 4563 sint,
2042 4498 2197 4566 quasi
2225 4515 2291 4553 ex
2333 4515 2562 4569 persona
2595 4501 2715 4569 ejus
2745 4502 2837 4572 qui
2863 4505 3107 4559 in-utero
3149 4507 3217 4561 sit
3262 4489 3445 4577 gesta-

189 4575 425 4648 βοηθῶν,
450 4598 469 4631 ι
495 4581 611 4645 ἐνὸς
638 4582 799 4652 μόνου
825 4583 920 4637 τοῦ
947 4586 1166 4639 κάκεῖσε
1202 4587 1415 4659 βοηθεῖν
1438 4589 1585 4660 αὖτῷ
1611 4590 1771 4643 δυνα-

190 4669 381 4741 μένου,
414 4673 862 4740 καταλελοιπότος
889 4677 1071 4740 αὐτον,
1104 4678 1180 4742 ὡς
1200 4679 1266 4732 ἂν
1288 4683 1366 4744 είς
1398 4681 1605 4746 πάντας
1634 4683 1767 4735 ἀνα-

186 4760 489 4833 κηρυχθείη
530 4764 591 4817 τδ
633 4764 887 4839 λαμπρὸν
922 4770 1016 4823 καὶ
1053 4768 1326 4843 ἐξαίρετον
1357 4772 1457 4844 τῆς
1494 4772 1629 4836 ἰδίας
1668 4773 1767 4826 αῦ-

182 4852 286 4906 τοῦ
320 4856 707 4926 προαιρέσεως,
754 4860 856 4930 τῆς
900 4878 960 4914 τε
1006 4862 1147 4916 κατά
1196 4863 1412 4917 πάντων
1452 4864 1626 4935 νίκης.
1657 4866 1768 4920 Καὶ

183 4944 487 5017 ἐπειδήπερ
540 4948 570 4999 ὁ
624 4948 783 5017 μόνος
841 4949 990 5020 αὐτῷ
1040 4950 1250 5022 βοηθεῖν
1310 4954 1606 5025 δυνάμενος
1667 4959 1790 5028 οὐκ,

181 5032 259 5107 ἦν
295 5037 443 5108 αὐτῷ
483 5038 604 5091 τότε
651 5039 865 5111 βοηθὸς,
908 5041 1133 5106 εἰκότως
1167 5045 1466 5115 ἀρχόμενος
1496 5046 1650 5117 ἔλεγε
1681 5048 1763 5113 τὸ,

190 5128 424 5191 «Ἠλεὶ,
489 5130 670 5194 Ἠλεὶ,
729 5131 923 5204 λαμμᾶ
981 5134 1315 5205 σαϐαχθανὶ,
1344 5156 1362 5188 ι
1418 5138 1564 5192 τοῦτ’
1612 5140 1760 5194 ἐστι·

190 5240 214 5273 ε
236 5221 342 5275 Θεέ
372 5239 505 5294 μου,
547 5223 648 5278 Θεέ
679 5242 818 5296 μου,
852 5226 941 5280 ἵνα
964 5225 1017 5281 τί
1053 5228 1406 5296 ἐγκατέλιπές
1451 5248 1550 5302 με;
1577 5251 1595 5283 ι
1635 5234 1763 5286 συλ-

182 5309 584 5384 λαμϐανομένῳ
644 5314 744 5384 μὲν
787 5310 881 5368 οὖν
932 5316 1028 5369 καὶ
1070 5319 1491 5390 κυοφορουμένῳ
1528 5322 1632 5376 ὑπὸ
1661 5323 1763 5392 τῆς

183 5403 353 5471 ἁγίας
398 5404 676 5478 Παρθένου
713 5405 792 5476 τῷ
827 5406 1138 5481 δηλουμένῳ
1175 5414 1208 5482 ὴ
1263 5412 1501 5483 πατρική
1534 5413 1763 5486 δύναμις

184 5496 356 5565 συνῆν
377 5535 394 5559 ,
443 5497 534 5550 ὅτε
572 5495 797 5566 Πνεῦμα
830 5497 984 5567 ᾶγιον
1011 5501 1214 5572 ἐπῆλθε
1240 5505 1307 5574 τῇ
1341 5502 1629 5576 Παρθένῳ,
1667 5506 1761 5558 καὶ

179 5584 412 5657 δύναμις
455 5588 710 5660 Ὑψίστου
742 5591 1067 5647 ἐπεσκίασεν
1102 5594 1237 5665 αὐτῇ
1257 5635 1272 5658 ,
1308 5594 1469 5659 αὑτός
1496 5611 1555 5648 τε
1591 5596 1621 5648 ὁ
1644 5597 1759 5650 Πα-

179 5679 294 5753 τὴρ
318 5680 411 5736 τὸν
440 5682 774 5754 γεννώμενον
794 5726 812 5750 ,
844 5686 921 5750 ὡς
966 5687 995 5739 ὁ
1037 5686 1193 5756 λόγος
1230 5687 1606 5760 παρέστησεν,
1652 5687 1762 5741 ἀπὸ

182 5771 285 5842 ’ἧς
319 5773 556 5844 γαστρός
586 5774 884 5841 ἐξέσπασεν
907 5792 922 5805 ·
984 5777 1350 5848 ἀποδιδομένου
1388 5777 1445 5826 δὲ
1475 5775 1627 5847 παρά
1665 5776 1758 5829 σὺν

503 5874 770 5934 Ριτιιοι..
816 5874 934 5933 Gn.
968 5876 1017 5935 Χ
1035 5875 1174 5937 XII.

1870 4595 1980 4653 tus,
2015 4597 2069 4644 et
2092 4590 2158 4643 de
2185 4597 2374 4645 ventre
2406 4591 2598 4646 matris
2625 4602 2806 4658 natus,
2838 4603 2894 4648 et
2925 4610 3088 4665 quem
3120 4596 3443 4654 dicebamus

1870 4695 1994 4735 esse
2043 4681 2253 4749 Agnnm
2306 4680 2421 4737 Dei.
2480 4681 2619 4739 Huic
2650 4686 2793 4739 cnim
2850 4686 2954 4756 ipsi
3008 4688 3082 4741 ita
3123 4689 3444 4752 acciderunt

1869 4786 1991 4840 quae
2037 4772 2104 4825 ad
2147 4772 2457 4845 passionem
2501 4783 2775 4844 spectant.
2819 4778 3280 4847 quemadmodum
3319 4796 3444 4850 qua

1870 4861 1938 4915 ad
1971 4869 2152 4916 ortum
2187 4863 2241 4916 in
2281 4877 2511 4935 corpore
2543 4866 2976 4921 conveniebant:
3013 4882 3141 4922 nam
3169 4870 3313 4939 quod
3338 4885 3435 4925 ομ

1869 4962 1983 5008 tum
2016 4961 2120 5017 est,
2165 4954 2218 5008 id
2248 4954 2409 5008 etiam
2448 4956 2693 5023 occidit;
2724 4957 2869 5027 quod
2902 4973 3031 5013 vero
3058 4960 3281 5027 occidit,
3327 4977 3439 5018 non

1868 5042 2004 5097 alias
2034 5049 2264 5096 mortem
2309 5045 2599 5113 contingit,
2654 5060 2819 5116 quam
2867 5046 2913 5102 si
2946 5047 3099 5116 prius
3129 5064 3226 5119 per
3254 5057 3437 5106 ortum

1868 5132 2175 5203 ingressum
2212 5134 2305 5188 sit.
2355 5134 2480 5191 llaec
2508 5136 2675 5207 igitur
2705 5140 2932 5208 exponit
2962 5141 3215 5197 Salvator
3238 5156 3303 5196 ac
3328 5140 3438 5197 Do-

1865 5226 2050 5281 minus
2086 5236 2295 5290 noster,
2332 5243 2442 5283 non
2479 5240 2749 5299 quatenus
2780 5237 2836 5286 et
2865 5232 3050 5287 carnis
3094 5240 3149 5287 et
3190 5236 3437 5302 corporis

1864 5333 2058 5388 expers
2103 5328 2222 5374 erat
2275 5330 2495 5383 natura,
2528 5339 2705 5393 neque
2745 5333 3018 5395 quatenus
3063 5323 3158 5381 Dei
3197 5324 3435 5381 Verbum

1864 5409 2117 5481 Densque
2171 5410 2288 5481 ipse
2344 5407 2682 5479 intelligitur,
2728 5415 2824 5471 sed
2881 5425 3156 5485 quatenus
3198 5416 3435 5473 idoneus

1861 5508 1981 5554 erat
2009 5502 2061 5553 in
2092 5502 2342 5556 oratione
2366 5502 2433 5556 ad
2463 5502 2674 5560 Patrem
2704 5506 2915 5563 dicere:
2937 5507 3096 5579 502
3119 5526 3136 5557 ι
3162 5507 3434 5575 Quoniam

1862 5603 1920 5648 tu
1978 5610 2041 5651 es
2098 5596 2191 5666 qui
2232 5597 2522 5652 extraxisti
2578 5613 2666 5654 me
2696 5598 2767 5654 de
2792 5609 3005 5665 ventre,
3038 5617 3171 5670 spes
3215 5618 3336 5662 mea
3365 5608 3433 5656 ab

1863 5685 2127 5741 uberibus
2182 5688 2377 5743 matris
2436 5704 2592 5745 mem.
2652 5687 2711 5745 lu
2767 5699 2823 5748 te
2868 5693 3143 5763 proiectus
3190 5708 3316 5750 sum
3363 5709 3431 5755 ex

1864 5788 2036 5831 utero.
2079 5777 2151 5831 Et
2188 5788 2374 5834 ventre
2405 5781 2597 5837 matris
2636 5798 2771 5840 mea
2817 5783 2960 5840 Deus
3002 5797 3159 5839 meus
3203 5799 3265 5842 es
3309 5790 3428 5847 tua

3079 5874 3155 5949 25
