3856 6222
409 323 518 383 τις

1048 317 1133 373 EU
1142 312 1314 373 SE8“
1340 312 1822 372 CAESARIENSIS
1860 312 1987 370 OPP

2090 312 2235 369 ’ARS
2271 312 2337 368 Π.
2373 344 2441 356 —-
2470 312 2976 370 APOLOGETlCA.

3550 317 3661 372 786

413 436 515 494 [lic
545 437 710 509 igitur
740 436 871 489 dum
915 434 980 488 in.
1026 432 1144 503 ipsa
1178 431 1433 502 passione
1473 438 1580 495 est,
1632 431 1862 500 supplex
1909 429 1978 484 ad

2090 428 2274 500 καιρὸν
2304 427 2397 483 τοῦ
2438 427 2644 493 πάθους
2682 429 2818 503 πρὸς
2850 430 2949 501 τὴν
2983 430 3123 485 κατά
3164 433 3259 486 τοῦ
3294 433 3526 488 θανάτου
3553 434 3663 489 πά-

412 527 629 584 Patrem
661 541 824 582 suum
880 537 944 579 ea
993 523 1146 586 dicit,
1183 537 1305 591 qua:
1358 526 1472 592 jam
1524 523 1774 592 exposita
1826 531 1978 578 sunt.

414 620 482 675 Et
529 633 654 674 cum
708 625 819 671 tam
874 615 1079 680 multas,
1125 616 1321 683 inquit,
1385 629 1473 668 me
1527 614 1983 668 circumventuri:

415 711 526 766 sint
552 708 723 778 copias
754 722 821 762 ex
859 705 1089 760 adverso
1118 704 1385 772 eﬂicaccs,
1420 713 1473 760 et
1523 705 1721 774 impuri
1772 705 1980 759 daemo-

413 815 536 863 nes,
575 806 629 855 et
668 798 975 869 spiritualia
1003 796 1277 866 nequitiae,
1310 805 1364 851 et
1393 797 1627 866 denique
1654 797 1700 849 is
1730 796 1822 865 qui
1860 810 1982 849 om-

414 895 566 950 nium
604 893 877 964 pessimus
916 899 1021 953 est,
1053 892 1189 962 ipse,
1224 891 1467 961 inquam,
1513 891 1769 959 princeps
1797 888 1984 944 saeculi

417 985 580 1055 hujus
623 985 782 1054 (quos
806 992 1028 1054 propter
1068 983 1357 1057 malitiam,
1393 980 1539 1038 feras
1581 981 1849 1051 malignas
1880 995 1981 1035 no-

415 1077 624 1131 minare
652 1090 749 1146 par
776 1082 882 1139 est,
919 1082 974 1130 et
1013 1075 1097 1131 vel
1139 1083 1327 1128 tauros
1352 1080 1617 1143 agrestes,
1647 1074 1729 1126 vel
1760 1072 1981 1134 vitulos,

414 1168 501 1223 vel
543 1168 745 1232 leones,
778 1167 862 1221 vel
909 1168 1121 1232 canes),
1168 1173 1222 1220 et
1262 1179 1348 1218 Ine
1386 1172 1575 1217 contra
1613 1178 1804 1217 omnes
1833 1173 1983 1218 stare

415 1266 684 1332 oporteat,
714 1272 889 1327 neque
926 1256 1222 1327 quidquam
1258 1254 1384 1309 boni
1415 1255 1469 1307 in
1498 1268 1593 1309 eos
1619 1253 1720 1306 sim
1751 1253 1986 1306 collatu-

415 1369 534 1419 rus,
582 1361 870 1424 pr0pterea
900 1350 1045 1422 quod
1088 1350 1193 1421 ipsi
1222 1356 1441 1421 propter
1479 1361 1794 1416 supremum
1825 1345 1985 1405 utali-

417 1447 507 1503 tire
545 1445 811 1510 habitum,
849 1457 1097 1498 meorum
1132 1442 1400 1496 bonorum
1425 1454 1657 1511 capaces
1691 1453 1798 1492 non
1833 1444 1983 1499 sunt,

415 1552 594 1607 neque
636 1535 945 1603 adjutorem
997 1539 1093 1586 aut
1144 1532 1357 1588 socium
1394 1531 1623 1586 habeam
1674 1529 1985 1599 quempiam

418 1643 613 1687 eorum
649 1628 894 1697 ipsorum
932 1625 1027 1696 qui
1073 1625 1203 1680 dicti
1239 1631 1388 1687 sunt,
1437 1622 1491 1676 in
1526 1620 1824 1677 certamine
1854 1619 1984 1674 mihi

414 1735 515 1793 pro
546 1719 722 1775 salute
746 1717 1051 1772 animarum
1076 1715 1339 1780 ineundo,
1376 1728 1500 1784 quae
1528 1720 1656 1767 sunt
1680 1713 1821 1783 apud
1848 1712 1986 1767 inl‘e-

415 1826 529 1873 ros,
557 1825 658 1865 cur
683 1809 898 1863 tandem
926 1822 1034 1861 non
1055 1806 1245 1860 merito
1272 1804 1499 1859 dixerim
1524 1820 1535 1854 :
1562 1822 1580 1853 ε
1604 1800 1829 1869 Quodin
1854 1817 1986 1872 pro-

415 1902 567 1960 ximo
619 1904 692 1957 sit
742 1899 982 1966 alilictio,
1040 1908 1096 1954 et
1137 1898 1285 1967 quod
1333 1912 1440 1951 non
1482 1896 1555 1950 sit
1595 1896 1686 1965 qui
1729 1893 1985 1963 adjuvet?

420 1995 714 2051 «Caeterum
765 1992 1032 2062 malignas
1070 1988 1292 2060 quidem
1333 1999 1495 2057 atque
1543 1988 1803 2043 adversas
1832 1994 1985 2055 pote-

417 2095 585 2145 states
618 2102 728 2141 non
764 2083 937 2139 fuisse
972 2082 1048 2137 illi
1079 2081 1305 2141 auxilio,
1341 2093 1516 2150 neque
1539 2077 1884 2133 succurrisse
1914 2075 1983 2130 ad

415 2183 618 2238 bonum
649 2180 982 2253 prOperanti,
1012 2177 1196 2232 mirari
1224 2176 1357 2230 nihil
1394 2188 1621 2230 necesse
1660 2183 1765 2239 ρει,
1795 2185 1983 2225 verum

416 2278 561 2348 quod
590 2275 834 2330 omnium
874 2271 1172 2326 maximum
1207 2278 1311 2330 est,
1352 2282 1419 2322 ex
1446 2281 1511 2322 ea
1545 2264 1834 2319 :illlictione
1865 2276 1987 2333 quae

418 2368 571 2424 illum
624 2366 859 2420 maxime
904 2361 1207 2434 premebat,
1240 2360 1293 2415 id
1338 2373 1471 2414 sane
1521 2358 1642 2421 luit,
1686 2370 1754 2410 ne
1800 2354 1987 2409 l'avcn-

418 2460 553 2516 tium
586 2456 804 2527 quidem
839 2469 904 2509 ac
933 2452 1292 2524 prOpitiorum
1314 2449 1632 2518 angelorum
1653 2446 1983 2518 quempiam,

418 2565 520 2605 nec
547 2549 854 2603 divinarum
889 2550 1225 2616 potestatum
1270 2556 1499 2611 prorsus
1551 2540 1740 2600 ullam,
1794 2552 1986 2592 ausam

415 2653 539 2695 esse
576 2637 753 2707 regias
790 2635 982 2689 mortis
1013 2632 1206 2687 domos
1253 2629 1532 2692 invadere,
1567 2638 1730 2696 atque
1773 2626 1843 2679 ad
1881 2640 1984 2679 au-

419 2729 607 2783 xilium
638 2730 966 2789 animarum,
997 2738 1118 2794 quae
1168 2721 1281 2776 illic
1313 2726 1493 2782 erant,
1523 2720 1725 2774 sociam
1760 2733 1819 2773 se
1849 2732 1988 2787 pra:-

419 2823 568 2880 bere.
620 2820 674 2876 Si
704 2821 923 2892 quidem
949 2818 1042 2873 uni
1067 2817 1147 2871 illi
1189 2816 1292 2870 hoc
1327 2815 1613 2868 immotum
1646 2812 1985 2874 servab.;tur,

421 2914 860 2988 quandoquidem
907 2910 1001 2966 uni
1029 2910 1195 2966 etiam
1225 2915 1426 2978 apertse
1461 2914 1591 2961 sunt
1626 2913 1793 2974 porta:
1843 2919 1990 2956 mor-

419 3010 511 3076 tis,
540 3016 595 3063 et
628 3021 797 3061 unum
831 3006 981 3060 illum
1012 3004 1125 3058 orci
1162 3002 1431 3072 janitores
1460 2997 1766 3066 conspicati
1802 2993 1991 3049 l'ormi-

2082 520 2180 593 λην
2199 559 2214 582 ,
2267 519 2450 574 οὐκέτι
2481 520 2674 591 βοηθὸς
2705 521 2853 593 αὐτῷ
2888 523 3087 594 παρῆν.
3156 523 3328 578 Τοῦτο
3353 524 3486 594 γοῦν
3516 526 3662 599 αὐτῷ

2085 613 2450 683 μαρτυροῦντι
2497 613 2774 667 πιστεύω·
2826 615 2887 666 τὸ
2940 616 3085 685 γὰρ,
3156 634 3175 668 ι
3221 618 3409 684 Ἠλεὶ,
3482 620 3662 683 Ἠλεὶ,

2082 704 2277 774 λαμμᾶ
2316 704 2615 775 σαϐαχθανὶ
2640 728 2654 769 ,
2684 725 2703 756 ι
2746 707 3031 777 εἰρημένον
3069 707 3216 778 αὐτῷ
3249 710 3342 763 ἐπὶ
3368 710 3464 764 τοῦ
3502 728 3667 765 crau-

2085 794 2181 869 ροῦ
2206 834 2219 858 ,
2262 796 2355 848 καὶ
2387 796 2491 849 ὑπὸ
2536 795 2631 848 τοῦ
2664 796 2879 865 ψαλμοῦ
2912 799 3262 869 προφητικῶς
3302 801 3669 874 ἀναπεφωνηο

2087 884 2247 954 μένον
2271 923 2286 948 ,
2324 884 2452 949 καὶ,
2515 903 2533 935 ι
2559 885 2680 938 Ὅτι
2718 884 2893 954 θλίψις
2922 888 3121 955 ἐγγὺς,
3177 888 3257 941 ὅτι
3290 890 3390 942 ούκ
3436 891 3587 943 ἐστιν
3638 893 3669 946 ό

2087 973 2328 1045 βοηθῶν.
2360 995 2379 1027 ι
2439 975 2490 1028 τί
2528 975 2714 1046 ἕτερον
2747 977 2934 1048 ἐδήλου
2978 978 3010 1050 ἢ
3052 978 3134 1031 ὅτι
3172 978 3248 1042 ὡς
3289 981 3466 1050 μέγας
3498 981 3666 1053 ἀθλη-

2082 1064 2182 1137 τὴς
2218 1067 2330 1129 τοῖς
2382 1065 2654 1129 τοσούτοις
2711 1067 3025 1131 ἀντιπάλοις
3076 1069 3525 1141 προϐεϐλημένος
3580 1067 3668 1145 ἦν,

2084 1155 2545 1223 ἀγωνοθετοῦντος
2581 1158 2675 1212 καὶ
2708 1157 3061 1230 βραϐεύοντος
3090 1165 3202 1226 τοῖς
3229 1163 3547 1232 γινομένοις
3576 1163 3669 1219 τοῦ

2084 1248 2178 1301 ἐπὶ
2226 1250 2359 1302 πᾶσι
2398 1247 2575 1313 Θεοῦ;
2633 1249 2865 1321 Ἔφορον
2916 1251 2961 1304 δ’
2995 1247 3088 1306 οῦν
3130 1253 3238 1307 τῶν
3277 1255 3672 1326 πραττομένων

2086 1339 2385 1412 παρεκάλει
2422 1340 2513 1394 τὸν
2550 1340 2768 1414 Πατέρα
2801 1344 2895 1396 καὶ
2928 1333 3195 1415 πάρεδρον
3218 1389 3232 1410 ,
3289 1346 3363 1410 ὼς
3398 1346 3465 1401 ἂν
3499 1347 3674 1414 δεξιὸν

2085 1431 2383 1504 ἀλείπτην,
2440 1432 2590 1504 αὐτῷ
2644 1437 3047 1505 συμπαρεῖναι,
3087 1436 3259 1508 ταύτῃ
3316 1438 3557 1507 μάλιστα
3584 1441 3675 1494 ὅτε

2088 1522 2213 1594 μηδ’
2269 1522 2514 1593 ὑπῆρχεν
2565 1521 2715 1593 αὐτῷ
2761 1522 2953 1594 βοηθὸς
3012 1525 3260 1597 ἓτεροςῆ
3299 1526 3460 1597 μ’όνος
3516 1523 3600 1593 εἷς
3645 1530 3676 1581 ὁ

2088 1613 2392 1687 βραϐευτὴς
2442 1614 2551 1669 τῶν
2599 1616 2917 1686 γινομένων.
2994 1617 3089 1671 Διό
3138 1635 3300 1688 φησιν
3331 1620 3673 1691 εὐχόμενος·

2090 1707 2228 1779 «Μὴ
2275 1707 2519 1778 ἀποστῇς
2564 1706 2658 1760 ἀπ’
2711 1707 2882 1779 ἐμοῦ,
2946 1709 3027 1762 ὅτι
3090 1707 3265 1779 θλίψις
3295 1712 3506 1779 ἐγγὺς,
3590 1712 3679 1767 ὃτι

2084 1796 2186 1849 οὐκ
2223 1795 2367 1848 ἔστιν
2396 1798 2424 1848 ό
2456 1794 2686 1866 βοηθῶν.
2718 1816 2737 1848 ι
2831 1796 3003 1869 Ὁρῶν
3033 1797 3089 1852 δὲ
3134 1799 3339 1864 ἐνθέοις
3390 1801 3676 1872 δμμασιν,

2086 1886 2166 1941 ἔτι
2197 1887 2290 1940 ἐπὶ
2320 1884 2414 1939 τοῦ
2453 1887 2626 1959 ἰκρίον
2682 1889 3129 1959 προσηρτημένου
3160 1890 3308 1962 αὐτῷ
3340 1892 3437 1945 τοῦ
3484 1891 3679 1963 σώμα-

2085 1993 2175 2038 τος
2204 2015 2220 2040 ,
2278 1975 2377 2040 τὰς
2437 1975 2635 2041 ἔξωθεν
2667 1979 2812 2048 ἀμφὶ
2856 1978 2947 2031 τὸν
2986 1979 3125 2050 ἀέρα
3176 1980 3363 2034 τοῦτον
3396 1982 3679 2054 ἀσάρκοπδς

2086 2070 2180 2123 καὶ
2236 2068 2542 2141 ἀνθρώποις
2614 2071 2877 2141 ἀοράτους
2949 2070 3206 2142 δυνάμεις
3256 2073 3415 2146 δίκην
3466 2075 3680 2131 οἰωνῶν

2085 2161 2378 2234 ὡμοϐόρων
2407 2164 2498 2216 καὶ
2522 2164 2721 2236 τρόπον
2749 2162 2952 2237 θηρίων
2992 2167 3120 2237 περὶ
3146 2167 3308 2221 αὐτὸν
3355 2169 3678 2240 ἰλυσπωμέ-

2086 2270 2183 2315 νας
2207 2290 2222 2314 ,
2264 2253 2358 2306 καὶ
2392 2253 2528 2325 πρὸς
2559 2253 2620 2306 τὸ
2659 2254 2850 2325 μέλλον
2876 2255 3000 2309 ὅσον
3027 2257 3180 2311 οὔπω
3216 2258 3410 2329 νεκρὸν
3455 2258 3681 2315 ἔσεσθαι

2086 2342 2249 2397 αὑτοῦ
2276 2343 2336 2396 τὸ
2358 2342 2519 2414 σῶμα
2536 2384 2551 2409 ,
2582 2344 2912 2416 πανταχόθεν
2931 2363 2990 2398 τε
3021 2347 3352 2417 συρρεούσας
3377 2350 3477 2412 τὰς
3498 2351 3679 2422 ἀρχὰς

2087 2436 2182 2489 καὶ
2208 2435 2453 2500 ἐξουσίας
2485 2434 2577 2488 τοῦ
2610 2436 2770 2507 ἀέρος
2795 2435 2920 2501 ,τοῦ
2951 2438 3256 2510 πνεύματος
3286 2439 3380 2493 τοῦ
3410 2441 3507 2493 νῦν
3532 2443 3680 2515 ὲνερ-

2087 2525 2310 2597 γοῦντος
2334 2529 2391 2580 ὲν
2412 2530 2525 2590 τοῖς
2546 2528 2680 2591 υἱοῖς
2702 2528 2799 2599 τῆς
2821 2527 3120 2593 ἀπειθείας,
3147 2530 3242 2584 κα)⁵
3269 2529 3351 2584 ἔτι
3378 2531 3508 2595 τοὺς
3534 2533 3681 2603 ἀμφὶ

2086 2622 2185 2692 τὴν
2216 2621 2320 2691 γῆν
2351 2619 2738 2691 διιπταμένους
2769 2619 2893 2674 καθ’
2926 2620 3055 2691 ὅλης
3085 2620 3186 2691 τῆς
3219 2620 3327 2674 τῶν
3370 2622 3679 2694 ἀνθρώπων

2088 2713 2408 2784 οἰκουμένης
2436 2713 2693 2782 δαίμονας
2716 2728 2730 2742 ο
2787 2711 2933 2775 εἰκὸς
2963 2711 3007 2765 δ’
3031 2713 3115 2766 ὅτι
3144 2713 3239 2767 καὶ
3266 2714 3395 2778 τοὺς
3448 2714 3681 2787 ὑποχθο-

2089 2804 2235 2869 νίους
2264 2805 2361 2875 ήδη
2385 2843 2399 2868 ,
2426 2804 2522 2857 καὶ
2547 2804 2673 2867 τοὺς
2700 2804 2758 2857 ἐν
2787 2802 2936 2874 αὐτῷ
2962 2804 3219 2877 ταρτάρῳ
3247 2804 3422 2877 θῆρας
3452 2807 3679 2878 ἀγρίους

2090 2894 2183 2948 καὶ
2212 2893 2508 2966 φοϐεροὺς,
2546 2895 2672 2966 περὶ
2698 2886 2774 2947 ὧν
2812 2892 3038 2957 Ἡσαΐας
3071 2894 3207 2966 πρὸς
3255 2895 3344 2947 τὸν
3387 2896 3679 2949 ἐκπεπτω-

2091 2984 2224 3038 κότα
2279 2984 2373 3038 τοῦ
2412 2985 2641 3057 οὐρανοῦ
2725 2983 3033 3054 Ἑωσφόρον
3086 2985 3508 3056 ἀποτεινόμενος
3560 2986 3676 3039 ελε-

420 3075 706 3163 daverunt,
742 3102 967 3169 ipseque
999 3097 1089 3150 illc
1107 3097 1200 3166 qui
1232 3092 1427 3148 mortis
1451 3090 1737 3161 imperium
1766 3089 1986 3152 habeat,

2093 3093 2219 3146 γεν·
2270 3095 2287 3127 ι
2324 3076 2382 3129 '0
2404 3076 2536 3147 ᾅδης
2585 3075 2828 3129 κάτωθεν
2855 3075 3157 3147 ἐπικράνθη
3194 3078 3539 3147 συναντήσας
3576 3093 3677 3140 σοι,

422 3186 492 3243 de
524 3187 689 3258 regiis
723 3186 945 3241 sedibus
990 3183 1213 3247 cedens,
1262 3190 1448 3250 utpote
1496 3181 1589 3249 qui
1634 3194 1801 3233 unum
1833 3178 1985 3230 illum

422 3291 582 3333 suum
610 3276 898 3331 Dominum
929 3283 1303 3346 cognosceret,
1338 3286 1463 3327 cum
1509 3271 1603 3325 illo
1631 3277 1715 3324 est
1772 3268 1989 3323 locutus

434 3369 835 3441 ieprecantium
873 3382 937 3421 ac
988 3366 1414 3435 supplicantium
1467 3378 1619 3418 more
1654 3377 1760 3416 non
1806 3360 1990 3415 minus

441 3460 708 3529 ignaviter,
738 3469 900 3525 quam
937 3453 1078 3524 apud
1119 3452 1221 3508 Job
1252 3453 1318 3507 de
1351 3453 1436 3507 his
1476 3452 1608 3521 ipsis
1651 3451 1816 3506 rebus
1853 3450 1992 3505 scri-

423 3559 574 3621 ptum
611 3558 735 3603 est:
783 3545 880 3600 sed
919 3552 1100 3600 tamen
1150 3543 1415 3599 nefariam
1460 3544 1607 3598 illius
1637 3542 1849 3614 tyranni
1885 3542 1991 3596 im-

424 3642 723 3714 potentiam
753 3652 927 3709 usque
953 3636 1087 3691 adeo
1116 3649 1348 3690 cernens
1375 3632 1693 3697 invaluisse,
1718 3645 1785 3685 ,ιιι
1806 3632 1992 3686 nullus

425 3736 564 3790 alius
589 3732 894 3787 caelestium
919 3728 1115 3783 adesse
1150 3727 1228 3781 illi
1256 3726 1311 3782 in
1341 3726 1542 3781 talibus
1577 3726 1712 3779 locis
1743 3723 1989 3788 auderet,

423 3830 586 3890 atque
617 3821 684 3873 ad
723 3834 916 3873 earum
939 3819 1247 3873 animarum
1286 3818 1546 3879 salutem,
1580 3828 1700 3886 qua:
1732 3813 1843 3867 illic
1894 3811 1993 3866 de-

424 3912 741 3967 tinebantur
765 3910 974 3967 socium
1008 3926 1067 3966 se
1112 3910 1375 3982 pra-bere,
1415 3908 1611 3962 merito
1649 3906 1725 3959 ait
1748 3902 1995 3958 atllictio-

425 4018 551 4058 nem
584 4004 808 4074 pr0pius
849 4003 1064 4067 adesse,
1097 4009 1385 4072 propterea
1426 3996 1574 4069 quod
1617 4012 1726 4050 non
1779 3995 1852 4049 sit
1898 3993 1993 4064 qui

425 4099 663 4168 adjuvet.
690 4098 889 4167 quippe
933 4111 1058 4151 cum
1094 4112 1236 4151 unus
1285 4096 1375 4150 ille
1398 4095 1488 4164 qui
1531 4091 1798 4164 pntuisset
1829 4090 1991 4145 etiam

424 4189 625 4244 talibus
658 4187 713 4242 in
746 4188 880 4242 locis
912 4188 990 4241 illi
1017 4187 1293 4257 opitulari,
1330 4186 1510 4255 ipsum
1542 4182 1899 4246 deseruisset,
1932 4187 1992 4235 ut

424 4281 679 4335 videlicet
708 4280 921 4334 illustre
956 4279 1090 4335 illud
1116 4279 1488 4347 eximiumque
1514 4275 1838 4345 inemptum,
1873 4272 1993 4326 illa-

426 4388 533 4445 que
579 4372 874 4444 singularis
899 4371 1167 4427 adversus
1214 4384 1407 4425 omnes
1451 4368 1681 4423 victoria
1730 4377 1990 4437 tanquam

426 4464 648 4536 propria
702 4464 875 4535 ipsius
925 4462 1069 4533 apud
1107 4477 1298 4518 omnes
1338 4461 1746 4533 praedicaretur.
1802 4460 1988 4529 Itaque
2023 4481 2065 4536 ι)

426 4568 551 4609 cum
598 4552 694 4608 ille
738 4551 834 4622 qui
885 4566 1028 4606 unus
1059 4551 1162 4624 ipsi
1212 4551 1417 4604 auxilio
1443 4564 1565 4604 esse
1595 4555 1823 4620 poterat,
1858 4555 1991 4603 tunc

425 4643 530 4716 ipsi
551 4642 768 4713 adjutor
788 4658 898 4698 non
922 4650 1090 4706 esset,
1114 4642 1311 4698 merito
1336 4642 1388 4695 in
1413 4642 1532 4712 ipso
1551 4638 1706 4694 initio
1722 4640 1791 4693 ait
1819 4639 1985 4695 illud:

425 4733 586 4807 503
617 4752 636 4786 ι
658 4734 763 4798 Eli.
796 4734 903 4800 Eli,
941 4735 1139 4788 lamma
1174 4732 1559 4795 sabaclitbani,
1591 4732 1694 4785 hoc
1721 4739 1827 4795 cst,
1850 4729 1993 4787 Deus

425 4842 600 4892 meus,
649 4826 794 4883 Deus
826 4841 1004 4891 meus,
1037 4840 1207 4896 quare
1234 4840 1319 4880 me
1348 4822 1762 4893 dereliquisti'?
1800 4842 1818 4873 ι
1856 4821 1990 4875 Nam

425 4917 711 4979 cumidem
742 4917 1144 4987 conciperetur,
1172 4927 1229 4972 et
1254 4918 1307 4971 in
1330 4922 1530 4972 uteroa
1563 4921 1753 4969 sancta
1770 4911 1992 4983 Virgine

424 5015 748 5082 gestarctur,
768 5018 899 5064 tunc
926 5007 1144 5078 quidem
1172 5015 1398 5079 paterna
1419 5008 1510 5061 vis
1541 5021 1664 5059 cum
1696 5005 1816 5073 ipso
1850 5009 1993 5065 erat,

425 5117 539 5173 quo
584 5111 826 5172 tempore
858 5099 1099 5171 Spiritus
1151 5107 1377 5156 sanctus
1416 5097 1623 5167 Virgini
1656 5095 1990 5165 supervenit,

424 5200 483 5252 et
510 5193 686 5249 virtus
714 5193 984 5249 Altissimi
1027 5191 1374 5248 obumbravit
1403 5190 1506 5253 illi,
1570 5190 1794 5258 ipseque
1831 5186 1991 5241 Pater

424 5300 552 5342 eum
573 5286 667 5357 qui
696 5285 1036 5357 gignebatur,
1082 5284 1226 5341 sicut
1275 5283 1558 5339 oraculum
1592 5281 1871 5342 indicavit,
1921 5279 1991 5334 de

423 5385 617 5436 ventre
645 5376 837 5434 matris
860 5377 1114 5443 extraxit,
1143 5392 1267 5431 cum
1293 5384 1472 5432 autem
1511 5374 1615 5430 sub
1648 5374 1826 5443 ipsum
1858 5386 1990 5442 pas-

425 5469 599 5526 sionis
622 5477 837 5539 tempus
864 5469 932 5525 ad
965 5469 1165 5523 luctam
1190 5468 1460 5526 adversus
1491 5476 1722 5522 mortem
1765 5479 1991 5521 exuere.

425 5562 539 5624 tur.
566 5572 678 5616 non
695 5557 826 5615 item
873 5557 950 5613 illi
981 5564 1115 5613 tunc
1159 5565 1279 5613 erat
1333 5556 1575 5627 adjutor.
1603 5554 1717 5629 Ego
1751 5569 1992 5627 namque

499 5728 521 5763 '
554 5724 744 5787 Bauli.
780 5746 927 5786 nm
949 5769 965 5795 ,
999 5698 1087 5786 ιθ.

2093 3164 2502 3238 συνηγέρθησάν
2530 3182 2609 3219 σοι
2634 3165 2833 3228 πάντες
2855 3166 2901 3217 οἱ
2928 3165 3182 3234 γίγαντες
3202 3182 3216 3195 ’
3244 3185 3262 3215 ι
3289 3165 3465 3218 ταῦτα
3492 3165 3561 3236 δὴ
3588 3161 3681 3220 οὖν

2092 3256 2304 3333 ἅπαντα
2343 3256 2582 3327 συνορῶν
2621 3254 2820 3322 ἔξωθεν
2856 3254 2915 3307 τὸ
2951 3254 3479 3326 ἀνεσκολοπισμένον
3519 3254 3683 3325 σῶμα

2090 3347 2413 3412 κυκλοῦντα,
2444 3349 2538 3401 καὶ
2567 3349 3096 3419 παρασκευαζόμενα
3124 3349 3244 3401 κατ’
3273 3347 3463 3412 αὑτοῦ,
3498 3348 3562 3401 τὶ
3597 3346 3684 3400 cf»

2092 3455 2275 3510 στημα
2307 3438 2483 3492 αὐτῶν
2514 3439 2805 3511 διαγράφει
2839 3440 3064 3507 φάσκων
3093 3455 3107 3469 ·
3168 3458 3187 3490 ί
3213 3438 3681 3511 Περιεκύκλωσάν

2094 3548 2161 3603 με
2193 3531 2380 3602 μόσχοι
2405 3531 2607 3593 πολλοὶ,
2633 3530 2824 3602 ταῦροι
2843 3532 3023 3594 πίονες
3051 3530 3337 3602 περιέσχον
3366 3547 3455 3600 με.
3486 3519 3681 3589 Ἠὼςο

2091 3623 2190 3690 ξαν
2222 3625 2306 3705 ἐπ’
2332 3623 2433 3693 ἐμὲ
2455 3624 2515 3676 τὸ
2542 3622 2717 3693 στόμα
2745 3623 2943 3685 αὐτῶν,
2967 3622 3043 3686 ὼς
3064 3622 3200 3676 λέων
3228 3623 3256 3675 ό
3285 3620 3555 3693 ἁρπάζων
3586 3623 3671 3676 κατ

2091 3715 2418 3788 ὼρυόμενος.
2449 3736 2466 3767 ι
2501 3716 2692 3788 Ψυχὴν
2711 3715 2818 3787 γὰρ
2841 3758 2854 3781 ,
2885 3715 2961 3780 ὡς
2983 3716 3130 3778 εἰκὸς
3147 3754 3163 3779 ,
3187 3715 3531 3786 ἀνθρωπείαν
3547 3754 3569 3780 ,
3584 3718 3683 3769 καὶ

2092 3810 2161 3880 τῇ
2198 3807 2305 3861 τῶν
2338 3807 2548 3861 πολλῶν
2578 3807 2997 3880 παραπλησίαν,
3040 3807 3206 3861 πλέον
3230 3807 3286 3861 δὲ
3317 3807 3472 3861 οὐδὲν
3503 3806 3676 3878 ἡγού-

2096 3917 2245 3972 μενοι
2300 3897 2439 3954 εἶναι
2471 3902 2570 3972 τὴν
2600 3901 2660 3955 τὸ
2692 3900 2848 3972 σῶμα
2882 3898 3056 3971 Ἰησοῦ
3098 3899 3588 3971 κατασκηνοῦσαν,
3624 3900 3683 3968 ἦ-

2093 3992 2274 4059 νοιξαν
2310 3995 2371 4048 τὸ
2411 3994 2584 4065 στόμα
2622 3994 2671 4048 οί
2707 3993 3093 4066 προειρημένοι
3124 4031 3139 4056 ,
3202 3993 3278 4057 ὡς
3315 3992 3517 4063 ὁμοίως
3552 3996 3682 4058 ταῖς

2093 4085 2281 4150 ἄλλαις
2304 4084 2412 4139 τῶν
2432 4085 2733 4159 ἀνθρώπων
2761 4086 2958 4156 ψυχαῖς
2978 4086 3075 4140 καὶ
3101 4086 3270 4156 αὐτὴν
3298 4085 3680 4156 καταπιούμε-

2094 4194 2207 4232 νοι*
2264 4177 2346 4233 διό
2379 4194 2541 4250 φησιν
2563 4194 2577 4207 ο
2618 4197 2637 4228 ι
2669 4177 2920 4243 Ἤνοιξαν
2952 4178 3038 4231 ἐπ’
3073 4177 3172 4250 ἐμὲ
3196 4178 3259 4231 τὸ
3285 4178 3464 4248 στόμα
3491 4178 3680 4231 αὐτῶν

2091 4270 2169 4337 ὡς
2213 4269 2350 4325 λέων
2380 4272 2409 4323 ό
2440 4267 2698 4341 ἁρπάζων
2729 4271 2825 4323 καὶ
2857 4269 3164 4342 ὠρυόμενος
3187 4285 3201 4298 ·
3224 4288 3243 4319 ι
3281 4262 3362 4333 οἷς
3393 4269 3519 4339 ἑξῆς
3555 4272 3684 4323 ἐπιε-

2093 4361 2271 4433 λέγει·
2335 4381 2355 4414 ι
2375 4361 2520 4415 Ὠσεὶ
2549 4360 2690 4432 ὕδωρ
2719 4361 3005 4433 ἐξεχύθην·
3040 4383 3057 4412 ι
3095 4362 3235 4433 ὅπερ
3262 4360 3539 4433 αἰσθητῶς
3577 4363 3680 4433 μὲν

2093 4452 2189 4506 καὶ
2209 4451 2349 4506 κατὰ
2369 4451 2464 4524 τὴν
2487 4452 2728 4522 ἱστορίαν
2746 4454 2887 4506 εἴποι
2911 4452 2976 4507 ἄν
3005 4471 3088 4517 τις
3120 4454 3517 4525 πεπληρῶσθαι
3536 4498 3553 4519 ,
3584 4458 3679 4512 ὅτι

2097 4540 2177 4609 εἷς
2203 4544 2311 4598 τῶν
2341 4546 2686 4618 στρατιωτῶν
2704 4586 2719 4610 ,
2778 4547 2919 4601 κατὰ
2946 4547 3038 4600 τὸν
3063 4547 3455 4620 εύαγγελιστὴν
3494 4550 3683 4606 Ἰωάν-

2096 4654 2223 4709 νην,
2259 4637 2352 4691 τοῦ
2382 4640 2553 4710 ἀμνοῦ
2593 4639 2686 4693 τοῦ
2716 4639 2850 4693 θεοῦ
2882 4639 3049 4711 λόγχη
3085 4639 3184 4711 τὴν
3213 4641 3455 4714 πλευρὰν
3484 4643 3678 4710 ξνυξε,

2098 4733 2190 4785 καὶ
2216 4731 2437 4803 ἐξῆλθεν
2467 4732 2631 4795 εὐθὺς
2660 4731 2803 4804 ὓδωρ
2831 4734 2929 4787 καὶ
2957 4728 3116 4804 αἷμα.
3149 4753 3168 4785 ι
3230 4734 3379 4805 Πλὴν
3409 4734 3548 4789 ἀλλά
3583 4738 3683 4793 καὶ

2094 4822 2193 4893 τὴν
2240 4823 2365 4893 ὃλην
2392 4824 2490 4895 τῆς
2519 4825 2891 4895 πνευματικῆς
2924 4826 3138 4894 φύσεως
3180 4825 3451 4898 νέκρωσιν
3481 4827 3681 4898 δηλοῦν

2095 4914 2238 4968 ἔοικε
2255 4913 2322 4967 δι’
2341 4911 2415 4969 ὧν
2438 4932 2598 4987 φησιν
2618 4932 2631 4945 ·
2658 4935 2673 4965 ι
2699 4916 2839 4968 Ὠσεὶ
2858 4915 3002 4988 ὕδωρ
3022 4914 3303 4986 ἐξεχύθην,
3324 4918 3424 4971 καὶ
3439 4918 3681 4991 διεσκορ-

2093 5004 2260 5075 πίσθη
2286 5005 2466 5058 πάντα
2497 5005 2564 5058 τὰ
2595 5006 2729 5059 ὀστᾶ
2782 5022 2905 5073 μου.
2961 5006 3223 5077 Ἐγενήθη
3269 5007 3305 5077 ἡ
3346 5007 3548 5079 καρδία
3573 5026 3677 5079 μου

2093 5094 2224 5148 ὡσεὶ
2275 5095 2442 5167 κηρὸς
2486 5094 2786 5166 τηκόμενος
2832 5097 2890 5150 ὲν
2949 5096 3099 5167 μέσῳ
3144 5095 3246 5166 τῆς
3302 5097 3516 5163 κοιλίας
3550 5115 3673 5169 μου.

2105 5185 2404 5256 Ἐξηράνθη
2439 5186 2514 5251 ὡς
2545 5185 2809 5258 ὄστρακον
2844 5190 2877 5258 ἡ
2907 5186 3060 5258 ἰσχύς
3099 5205 3198 5259 μου
3217 5226 3233 5255 ,
3258 5188 3353 5242 aut
3394 5190 3428 5260 ἡ
3452 5189 3678 5257 γλῶσσά

2098 5294 2199 5349 μου
2228 5278 2546 5348 κεκόλληται
2595 5278 2673 5349 τῷ
2704 5278 2934 5351 λάρυγγί
2965 5295 3086 5350 μου.
3116 5299 3138 5331 δ
3219 5279 3287 5334 Τί
3313 5280 3427 5354 γὰρ
3455 5282 3525 5337 ἄν
3550 5281 3676 5337 ἄλλο

2095 5369 2267 5422 ταῦτα
2297 5369 2473 5424 πάντα
2502 5370 2752 5441 σημαίνοι
2800 5371 2832 5442 ἢ
2864 5369 3056 5442 νεκροῦ
3091 5369 3346 5442 σώματος
3380 5372 3675 5438 adauctu;

2109 5460 2390 5533 Ἐπιφέρει
2423 5461 2554 5529 γοῦν
2586 5460 2748 5526 εὐθὺς
2778 5461 2949 5532 λέγων
2969 5479 2988 5494 ·
3044 5483 3067 5515 ι
3087 5464 3200 5518 Καὶ
3231 5466 3313 5530 εις
3344 5465 3478 5537 χοῦν
3513 5466 3675 5522 θανά-

2091 5568 2189 5608 του
2210 5554 2521 5628 κατήγαγές
2555 5571 2645 5626 με.
2670 5574 2693 5609 ›
2723 5555 2907 5611 Ταῦτα
2933 5555 3036 5628 μὲν
3062 5554 3217 5618 οὔπω
3246 5558 3522 5631 γενόμενα
3547 5574 3675 5634 πρα-
