3856 6222
143 316 246 370 781

1028 321 1684 379 DEMONSTRATIONIS
1729 322 2188 379 EVANGELICE
2224 322 2357 378 LIB.
2402 323 2473 380 Χ..

3301 324 3406 381 τ’δῖ

141 435 389 501 ϐλέπων,
442 438 517 500 ὼς
543 438 711 507 ἐγγὺς
741 438 797 492 δὲ
829 439 922 492 καὶ
953 438 1176 509 πλησίον
1205 439 1305 514 ἥδη
1335 439 1544 497 ἑστῶτα
1563 480 1578 502 ,
1631 439 1719 494 καὶ

1827 439 1930 494 hoc
1963 440 2140 508 ipsum
2167 437 2246 491 illi
2299 438 2616 492 testiﬁcanti
2645 437 2808 492 credo
2827 453 2844 488 -:
2880 451 3009 491 nam
3035 435 3168 490 illud
3203 451 3217 494 ι
3253 451 3274 487 ι
3299 433 3402 499 Eli.

143 528 576 600 περικυκλοῦντα
606 531 766 583 αὑτὸν
788 571 802 593 ,
857 529 1060 598 ἔλεγεν.
1095 526 1260 595 Αὖθις
1287 531 1343 583 δὲ
1374 529 1727 585 ἐπαναλαθὼν

140 619 217 674 τὰ
248 619 345 691 ἤδη
381 621 854 692 προπεπραγμένα
889 623 967 685 εἰς
997 622 1096 692 τὴν
1119 621 1225 675 τῶν
1259 621 1556 693 μελλόντων
1592 641 1728 694 συμ-

142 711 409 783 ϐήσεσθαι
439 714 790 785 παραμυθίαν
813 756 826 778 ,
856 708 944 768 οἶα
979 715 1268 785 ὑπέμεινεν
1301 715 1722 780 ἐπιϐουλευθεὶς,

138 804 387 859 διδάσκει
420 805 613 873 λέγων·
655 826 673 856 ι
707 808 824 860 Ὅτι
861 807 1173 861 ἐκύκλωσαν
1218 825 1285 878 με
1324 808 1484 872 κύνες
1521 808 1723 872 πολλοὶ,

139 897 435 968 συναγωγὴ
465 898 906 968 ποτηρευομένων
929 899 1213 970 περιέσχον
1237 917 1302 970 με
1323 919 1334 929 ·
1351 920 1369 952 ι
1393 900 1479 952 διὰ
1500 899 1722 964 τούτων,

138 990 223 1055 ὡς
249 990 394 1054 εἰκὸς
415 1031 428 1053 ,
450 989 624 1059 δηλῶν
650 989 782 1060 ὁμοῦ
811 992 908 1059 μὲν
937 991 1031 1045 καὶ
1052 993 1175 1055 τοὺς
1201 990 1533 1062 στρατιώτας
1553 1032 1567 1053 ,
1589 991 1723 1063 όμοῦ

137 1082 208 1136 δὲ·
233 1082 329 1136 καὶ
358 1083 482 1144 τοὺς
511 1085 576 1134 ἐκ
610 1082 910 1152 περιτομῆς
944 1083 1351 1147 ἐπαναστάντας
1384 1083 1552 1152 αὐτῷ.
1623 1105 1640 1135 ι
1662 1085 1724 1136 Οἱ

141 1173 248 1244 μὲν
278 1174 386 1244 γὰρ
410 1173 735 1245 στρατιῶται
763 1175 853 1227 τοῦ
877 1174 1106 1228 Πιλάτου
1133 1216 1146 1240 ,
1202 1175 1606 1248 παραλαϐόντες
1633 1177 1725 1230 τὸν

151 1264 364 1336 Ἰησοῦν
391 1266 470 1329 εἰς
498 1266 559 1318 τὺ
588 1264 943 1337 πραιτώριον,
973 1269 1275 1338 συνήγαγον
1298 1268 1425 1340 ὃλην
1447 1269 1543 1340 τὴν
1569 1271 1723 1323 σπεῖ-

140 1373 245 1427 ραν
273 1357 358 1410 ἐπ’
385 1357 564 1413 αὐτόν.
617 1358 725 1412 Καὶ
753 1358 1073 1423 ἐκδύσαντες
1104 1360 1285 1424 αὐτὸν,
1315 1360 1560 1431 χλαμύδα
1593 1380 1724 1416 κοκ-

137 1448 302 1516 κίνην
329 1448 659 1520 περιέθηκαν
688 1448 853 1517 αύτῷ..
921 1450 1031 1504 Καὶ
1065 1449 1354 1517 πλέξαντες
1381 1453 1637 1521 στέφανον
1664 1453 1724 1519 ἐξ

133 1539 393 1594 ἀκανθῶν
415 1540 687 1611 ἐπέθηκαν
714 1542 806 1594 ἐπὶ
830 1542 926 1612 τῆς
951 1542 1190 1611 κεᾳαλῆς
1218 1543 1380 1597 αὑτοῦ
1401 1585 1416 1608 ,
1448 1546 1541 1598 καὶ
1566 1545 1725 1600 κάλαμ-

137 1647 247 1699 μον
280 1632 336 1682 ἐν
360 1633 426 1701 τῇ
453 1633 594 1702 χειρὶ
623 1633 806 1687 αὑτοῦ.
883 1635 989 1686 Καὶ
1014 1636 1484 1705 γονυπετήσαντες
1516 1636 1724 1707 ἔμπρο-

135 1720 271 1776 σθεν
300 1723 366 1775 αύ
380 1723 483 1788 τοῦ,
507 1725 787 1790 ἐνέπαιζον
839 1725 988 1796 αύτῷ
1028 1725 1274 1794 λέγοντες
1300 1743 1312 1756 ·
1355 1729 1547 1798 Χαῖρε,
1573 1729 1601 1780 ό
1629 1728 1723 1798 βα-

1830 529 1938 593 Eli,
1978 531 2178 584 lamma
2233 528 2614 589 sabachthani,
2641 549 2658 579 ι
2696 529 2839 598 quod
2875 529 2943 584 ab
2981 529 3102 600 ipso
3151 528 3205 582 in
3237 543 3404 584 cruce

1829 619 2034 674 dictum
2069 628 2172 682 est,
2211 632 2421 672 necnon
2468 633 2498 672 a
2553 619 2763 688 psalmo
2793 619 3111 689 prophetice
3151 619 3407 676 enuntia-

1829 718 1963 772 tum,
1999 711 2235 778 itemque
2266 707 2410 778 quod
2440 707 2660 762 alllietio
2689 724 2856 777 prope
2889 708 3132 774 adesset,
3164 717 3218 763 et
3257 708 3404 778 quod

1828 815 1937 854 non
1965 807 2109 854 esset
2142 800 2235 869 qui
2288 798 2573 867 adjuvarct
2605 838 2620 861 ,
2675 799 2807 868 quid
2837 800 3055 854 tandem
3112 800 3217 855 sibi
3256 802 3403 856 aliud

1825 891 2037 952 volunt,
2065 906 2226 960 quam
2262 890 2405 960 quod
2437 901 2694 960 tanquam
2741 906 2970 962 magnus
2989 899 3262 954 eertator,
3292 901 3404 945 tam

1826 982 2014 1038 multis
2071 983 2346 1050 tantisque
2405 984 2736 1040 adversariis
2792 985 2908 1054 ipse
2951 995 3097 1040 esset
3128 984 3404 1051 objectus,

1828 1076 2083 1146 praefecto
2106 1077 2226 1146 ejus
2245 1077 2564 1131 certaminis
2600 1085 2655 1132 et
2705 1079 2877 1133 totius
2904 1079 3103 1148 negotii
3132 1080 3404 1150 guberna-

1824 1174 1945 1222 tore
1977 1183 2236 1237 supremo
2265 1168 2508 1222 omnium
2536 1165 2685 1220 Deo?
2721 1167 3008 1236 praesidem
3040 1183 3169 1236 ergo
3220 1183 3400 1222 rerum

1829 1260 2190 1331 gerendarum
2231 1271 2392 1330 atque
2417 1273 2754 1315 assessorem
2807 1261 3135 1330 precabatur
3163 1258 3400 1322 Patrem,

1828 1359 1887 1406 ut
1942 1353 2100 1422 quasi
2159 1351 2526 1422 peritissimus
2574 1351 2782 1421 Aliptes
2839 1352 2941 1407 sibi
3002 1352 3222 1408 adesset
3273 1359 3406 1406 tunc

1825 1446 2083 1507 maxime,
2116 1460 2240 1498 cum
2273 1446 2414 1500 alius
2442 1445 2544 1516 ipsi
2572 1445 2792 1514 adjutor
2816 1445 3010 1500 adesse
3046 1452 3258 1516 poterat
3281 1445 3405 1499 nult-

1824 1537 1932 1598 lus.
1971 1545 2169 1607 pra‘ter
2199 1555 2366 1591 unum
2393 1538 2570 1607 ipsum
2594 1537 2689 1606 qui
2708 1539 2877 1590 totius
2901 1539 3102 1608 negotii
3122 1545 3268 1593 esset
3297 1553 3404 1607 gu-

1824 1627 2103 1682 bernator.
2137 1626 2404 1694 Quocirca
2435 1629 2562 1682 dum
2591 1636 2734 1693 orat.
2767 1628 2847 1684 sic
2872 1629 2948 1682 ait
2975 1645 2989 1680 :
3019 1647 3044 1680 .r
3076 1627 3152 1683 Ne
3178 1629 3402 1684 recedas

1827 1734 1858 1773 a
1891 1736 1998 1784 me,
2035 1721 2294 1791 quoniam
2323 1721 2542 1776 afﬂictio
2579 1738 2752 1794 prope
2795 1722 2976 1785 adest,
3007 1723 3266 1793 quoniam
3293 1738 3402 1777 non

131 1813 324 1873 σιλεὺς
357 1813 464 1868 τῶν
506 1816 792 1873 Ἰουδαίων.
873 1819 982 1871 Καὶ
1021 1818 1397 1885 ἐμπτύσαντες
1429 1823 1509 1885 εἰς
1535 1823 1718 1883 αὐτὸν,

1824 1822 1908 1868 est
1938 1814 2030 1883 qui
2069 1813 2306 1882 adjuvet.
2340 1834 2358 1866 ι
2395 1813 2606 1869 Divinis
2635 1824 2818 1870 autem
2867 1815 3113 1870 oraculis
3145 1830 3398 1878 cernens.

128 1905 334 1960 ἔλαϐον
378 1907 468 1960 τὸν
497 1909 739 1979 κάλαμον
768 1950 782 1974 ,
839 1911 932 1964 καὶ
965 1911 1194 1965 ἔτυπτον
1228 1916 1306 1977 εἰς
1351 1914 1450 1985 τὴν
1481 1915 1720 1988 κεφαλὴν

128 1999 327 2053 αὐτοῦ.
394 2001 501 2055 Καὶ
551 2003 637 2056 ὅτε
676 2003 962 2070 ἐνέπαιξαν
1001 2005 1189 2076 αὐτῷ,
1250 2007 1507 2074 ἐξέδυσαν
1561 2012 1722 2064 αὑτὸν

127 2091 237 2160 τὴν
281 2091 525 2162 χλαμύδα
553 2133 568 2156 ,
605 2095 698 2146 καὶ
731 2095 983 2150 ἐνέδυσαν
1011 2098 1173 2150 αὑτὸν
1204 2098 1271 2152 τὰ
1301 2099 1492 2168 ἱμάτια
1515 2101 1678 2155 αὑτοῦ
1703 2120 1717 2133 ·

127 2185 233 2237 καὶ
272 2185 559 2253 ἀπήγαγον
597 2186 758 2239 αὐτὸν
796 2189 875 2251 εἰς
917 2188 978 2241 τὺ
1020 2190 1352 2262 σταυρῶσαι·
1387 2210 1404 2243 ι
1443 2196 1722 2264 μονονουχὶ

124 2275 288 2346 ἔργῳ
351 2275 682 2347 πληροῦντες
731 2279 790 2332 τὸ
815 2320 830 2343 ,
901 2299 920 2331 ι
948 2282 1070 2336 Ὅτι
1104 2282 1419 2338 ἐκύκλωσὰν
1457 2303 1524 2355 με
1561 2286 1724 2351 κύνες

126 2366 327 2419 πολλοὶ
349 2405 362 2427 ,
399 2367 686 2439 συναγωγὴ
741 2373 1188 2443 πονηρευομένων
1219 2376 1507 2446 περιέσχον
1569 2394 1667 2448 με’
1697 2397 1714 2428 ι

125 2457 273 2510 ﬁt.”
311 2459 405 2512 καὶ
446 2458 528 2523 τδε
585 2479 603 2506 ⁸
632 2459 868 2532 ’Ὡρυξπν
902 2463 1089 2534 χεῖράς
1127 2483 1227 2534 μου
1265 2466 1358 2519 καὶ
1392 2467 1559 2532 πόδας
1596 2486 1719 2538 μου.

123 2548 515 2624 ἐξηρίθμησαν
572 2555 749 2608 πάντα
802 2554 870 2608 τὰ
924 2556 1058 2610 ὀστᾶ
1111 2576 1249 2628 μου·
1288 2578 1305 2609 ι
1361 2559 1454 2612 καὶ
1511 2560 1590 2612 ἑτι
1636 2562 1718 2626 τὸ,

132 2664 153 2698 ι
190 2646 364 2700 Αὐτοὶ
414 2647 470 2700 δὲ
517 2647 851 2719 κατενόησαν
901 2649 994 2701 καὶ
1041 2651 1252 2703 ἐπεϊδόν
1295 2668 1395 2722 με,
1429 2671 1448 2702 ι
1501 2654 1594 2705 καὶ
1625 2653 1718 2715 τὸ,

130 2759 153 2792 σ
189 2742 588 2811 Διεμερίσαντο
630 2741 700 2794 τὰ
739 2742 932 2811 ἱμάτιά
964 2760 1064 2813 μου
1107 2744 1338 2807 ἑαυτοῖς,
1375 2745 1467 2796 καὶ
1505 2745 1599 2796 ἐπὶ
1629 2744 1720 2796 τὸν

123 2833 432 2905 ἱματισμόν
459 2851 560 2905 μου
589 2833 778 2888 ἔϐαλον
802 2835 1023 2906 κλῆρον,
1049 2855 1068 2886 ο
1107 2832 1258 2900 αὖθις
1283 2835 1605 2908 ἐπληροῦτο,
1630 2838 1720 2894 ὅτε

121 2926 288 2997 ἣλοις
315 2925 482 2978 αὑτοῦ
519 2925 618 2989 τὰς
649 2930 837 2997 χεῖρας
877 2927 972 2981 καὶ
1009 2928 1136 2991 τοὺς
1171 2928 1334 2992 πόδας
1376 2928 1454 2998 τῷ
1500 2927 1720 2999 σταυρῷ

123 3018 494 3087 κατέπειραν,
538 3019 630 3071 καὶ
667 3018 904 3090 ὁπηνίκα
936 3018 1004 3072 τά
1035 3018 1226 3090 ἱμάτια
1265 3019 1429 3072 αὑτοῦ
1463 3019 1718 3083 λαϐόντες

120 3108 518 3180 διεμερίσαντο
580 3110 810 3173 ἑαυτοῖς.
885 3110 944 3163 '0
1005 3109 1138 3178 γοῦν
1197 3109 1449 3180 Ἰωάννης
1511 3112 1716 3180 ἱστορεῖ

121 3201 340 3270 λέγων’
379 3218 396 3249 ι
429 3201 489 3251 ΟΞ
527 3195 618 3252 οὖν
665 3198 1030 3272 στρατιῶται,
1081 3200 1170 3254 ὅτε
1221 3200 1572 3272 ἐσταύρωσαν
1623 3202 1716 3256 τὸν

132 3290 394 3363 Ἰησοῦν,
448 3289 636 3344 ἔλαϐον
683 3291 752 3346 τὰ
809 3293 999 3364 ἱμάτια
1049 3291 1247 3355 αὐτοῦ,
1309 3295 1400 3346 καὶ
1455 3294 1716 3366 ἐποίησαν

121 3383 380 3454 τέσσαρα
411 3383 570 3454 μέρη,
599 3383 814 3454 ἑκάστῳ
845 3383 1150 3458 στρατιώτῃ
1179 3384 1360 3456 μέρος.
1383 3386 1486 3438 Τὸν
1516 3385 1717 3457 χιτῶνα

119 3475 207 3537 δὲ,
241 3475 327 3527 ὅτι
356 3475 600 3545 ἄρῤαφος
626 3471 715 3546 ἦν,
749 3477 814 3528 ἐκ
839 3475 947 3528 τῶν
974 3475 1179 3530 ἄνωθεν
1209 3477 1443 3546 ὑφαντὸς
1472 3477 1538 3530 δι’
1569 3479 1714 3544 ὅλου,

120 3563 291 3622 εἷπον
340 3567 475 3637 πρὸς
519 3566 815 3638 ἀλλήλους·
861 3567 956 3641 -Μὴ
1008 3568 1281 3638 σχίσωμεν
1335 3568 1518 3632 αὑτὸν,
1580 3568 1716 3622 ἀλλὰ

118 3659 392 3730 λάχωμεν
436 3658 562 3730 περὶ
614 3658 777 3713 αὑτοῦ
825 3660 968 3724 τίνος
993 3659 1177 3724 ἔσται,
1232 3660 1317 3714 ἵνα
1359 3658 1618 3731 πληρωθῇ
1679 3661 1714 3729 ἡ

119 3749 330 3822 Γραφὴ
362 3751 394 3820 ὴ
419 3749 650 3817 λέγουσα
671 3767 684 3780 '
705 3752 1106 3823 ’Διεμερίσαντο
1132 3753 1200 3805 τὰ
1233 3752 1422 3823 ἱμάτιὰ
1453 3771 1554 3824 μου
1584 3755 1714 3806 ἑαυο

116 3843 280 3904 τοῖς,
330 3840 424 3896 καὶ
465 3841 559 3893 ἐπὶ
605 3839 696 3893 τὸν
745 3841 1035 3912 ἱματισμόν
1096 3858 1198 3912 μου
1255 3841 1443 3895 ἑϐαλον
1491 3841 1713 3913 κλῆρον.

120 3934 192 3986 Οἱ
268 3933 371 4003 μὲν
435 3929 527 3986 οὖν
598 3933 926 4004 στρατιῶται
986 3933 1156 3987 ταῦτα
1217 3935 1455 3988 ἐποίουν.
1505 3953 1525 3986 ι
1607 3936 1717 3987 Καὶ

117 4023 416 4088 Ματθαῑος
459 4024 515 4077 δὲ
559 4028 671 4088 τοῖς
711 4025 1094 4096 γεγενημένοις
1141 4025 1331 4080 τοῦτον
1377 4028 1467 4081 τὸν
1515 4028 1716 4099 τρόπον

121 4119 413 4190 μαρτυρεῖ
441 4115 644 4184 λέγων’
697 4136 716 4167 ι
751 4117 1170 4189 Σταυρώσαντες
1212 4118 1268 4172 δὲ
1307 4120 1488 4182 αὐτὸν,
1534 4119 1718 4190 διεμερ

117 4209 362 4282 ρεσαντο
387 4208 455 4260 τὰ
493 4208 681 4277 ἱμάτια
707 4208 894 4272 αὐτοῦ,
925 4209 1175 4280 βαλόντες
1201 4210 1419 4282 κλῆρον,
1451 4212 1536 4265 ἵνα
1575 4212 1716 4283 πλη-

116 4294 283 4368 ρωθῇ
321 4294 384 4347 τὺ
417 4293 579 4366 ῥηθὲν
617 4295 704 4349 διὰ
737 4296 831 4350 τοῦ
869 4299 1150 4368 προφήτου
1173 4315 1185 4328 ·
1219 4301 1605 4372 Διεμερίσαντο
1647 4303 1717 4358 τὰ

117 4386 332 4457 ἱμάτιά
381 4403 482 4457 μου
527 4388 734 4451 ἑαυτοῖς
761 4427 775 4451 ,
836 4391 928 4442 καὶ⁵
981 4391 1073 4444 ἐπὶ
1118 4392 1208 4445 τὸν
1265 4393 1557 4463 ἱματισμόν
1612 4412 1713 4465 μου

109 4478 326 4533 ἔὸαλον
375 4479 609 4550 κλῆρον’
661 4481 756 4539 καὶ
812 4482 1112 4554 καθήμενοι
1174 4485 1406 4556 ἐτήρουν
1450 4486 1633 4542 αὐτόν.
1690 4507 1708 4538 ι
1749 4521 1790 4573 D

111 4573 311 4632 Κύνες
354 4570 412 4627 δὲ
454 4567 594 4641 ἦσαν
646 4572 970 4638 κυκλοῦντες
1021 4576 1214 4638 αὑτὸν,
1272 4578 1366 4630 καὶ⁵
1423 4577 1711 4651 συναγωγὴ

106 4661 603 4732 πονηρευομένων,
641 4664 690 4716 οἱ
722 4665 786 4717 ἐκ
813 4666 1114 4738 περιτομῆς
1143 4667 1403 4738 ἄρχοντες
1435 4670 1542 4724 τῶν
1584 4672 1712 4725 Ἰου-

103 4752 318 4814 δαίων,
362 4754 508 4806 οἵτε
545 4760 891 4826 γραμματεῖς
945 4760 1037 4811 καὶ
1084 4761 1132 4812 οἱ
1172 4761 1478 4832 ἀρχιερεῖς,
1525 4765 1616 4817 καὶ
1661 4767 1709 4818 οἱ

103 4845 436 4913 Φαρισαῖοι,
467 4845 516 4897 οἱ
549 4846 640 4898 καὶ
679 4847 740 4898 τὸ
771 4849 877 4900 πᾶν
919 4848 1302 4915 ἀνασ;ίσαντες
1335 4851 1534 4922 πλῆθος
1565 4851 1706 4917 ἐξαις-

101 4935 401 5007 τήσασθαι
435 4933 498 4994 τὸ
524 4933 664 5008 αἷμα
694 4941 858 4996 αὑτοῦ
891 4943 1011 4996 καθ’
1035 4944 1242 4997 ἑαυτῶν
1283 4946 1376 4998 καὶ
1415 4947 1558 5001 κατά
1601 4947 1709 5000 τῶν

103 5026 280 5083 ἰδίων
319 5029 543 5084 τέκνων.
585 5032 776 5100 Σαφῶς
804 5033 934 5102 γοῦν
977 5036 1006 5088 ό
1039 5035 1266 5100 Ἡσαΐας
1312 5037 1478 5100 κύνας
1512 5039 1710 5101 αὐτοὺς

103 5120 400 5175 ἀποκαλεῖ
442 5124 668 5191 φάσκων
686 5141 702 5158 -’
761 5143 778 5174 ι
813 5127 1020 5190 Πάντες
1065 5127 1224 5192 κύνες
1266 5131 1428 5192 ἐνεοὶ,
1458 5131 1518 5183 οὺ
1544 5130 1706 5185 δυνά-

101 5229 285 5286 μενοι
324 5212 591 5270 ὑλακτεῖν.
626 5236 642 5266 ι
686 5217 816 5270 Δέον
851 5219 959 5290 γὰρ
997 5220 1216 5284 αὐτοὺς,
1250 5223 1298 5274 εἰ
1339 5224 1432 5275 καὶ
1462 5224 1536 5294 μὴ
1584 5240 1704 5276 ποι-

98 5301 312 5376 μένων
344 5303 540 5374 τρόπον
575 5307 952 5376 ἀνειλήφεσαν,
991 5308 1126 5364 ἀλλά
1151 5311 1312 5383 δίκην
1335 5312 1465 5381 γοῦν
1482 5314 1704 5382 ἀγαθῶν

95 5393 331 5456 κυνῶν,
370 5395 470 5466 τὴν
510 5396 604 5453 τοῦ
648 5398 904 5454 δεσπότου
950 5401 1174 5472 λογικὴν
1219 5405 1454 5475 ποίμνην
1502 5407 1595 5459 καὶ
1637 5405 1710 5460 τὰ

93 5486 378 5560 πρόϐατα
402 5488 496 5542 τοῦ
527 5489 674 5547 οἴκου
712 5492 928 5566 Ἰσραὴλ
974 5495 1358 5566 φυλάττοντας,
1405 5500 1706 5572 ἐπιστημο-

88 5578 298 5643 νικώς
329 5579 602 5646 ὑλακτεῖν,
642 5581 923 5650 σαίνοντας
964 5588 1062 5658 μὲν
1101 5590 1197 5648 καὶ
1238 5590 1706 5659 ἐπιγινιὶισκοντας

236 5758 285 5791 ⁸⁸
321 5757 475 5816 loco.
512 5777 640 5826 ιιι.
673 5763 762 5821 5i.

1823 1902 2154 1956 cuinadhuc
2186 1903 2259 1956 illi
2311 1909 2510 1973 corpus
2560 1904 2615 1958 in
2651 1903 2799 1974 ligno
2851 1911 2998 1960 esset
3048 1919 3400 1974 suspensum,

1821 1993 2170 2048 extrinsecus
2201 1995 2411 2048 circum
2463 1995 2610 2051 hunc
2644 2008 2826 2052 aerem
2882 2004 3168 2053 versantes
3217 1996 3402 2052 incor-

1823 2100 2018 2156 porcas
2045 2097 2097 2141 et
2127 2087 2444 2143 hominibus
2472 2087 2774 2143 invisibiles
2794 2096 3118 2159 potestates,
3141 2106 3262 2159 qua:
3289 2092 3402 2150 cir-

1823 2194 1947 2232 cum
1981 2180 2158 2249 ipsum
2196 2182 2354 2250 quasi
2387 2180 2694 2235 crudivorre
2723 2198 2850 2238 aves
2879 2190 2933 2236 et
2969 2182 3093 2237 ἵει-ω
3143 2184 3400 2239 advolve-

1822 2268 2042 2331 bantur,
2067 2278 2120 2323 et
2149 2269 2213 2322 ad
2245 2277 2518 2323 mortuum
2549 2271 2660 2327 cito
2693 2271 2934 2326 futurum
2979 2272 3150 2341 ipsius
3178 2287 3400 2341 corpus,

1823 2360 2063 2430 undique
2096 2359 2433 2415 conﬂuentes
2467 2362 2806 2431 principatus
2841 2369 2894 2416 et
2928 2369 3225 2432 potestates
3258 2356 3401 2417 aeriis

1821 2450 1988 2519 hujus
2025 2466 2087 2505 ac
2113 2452 2356 2521 spiritus,
2389 2452 2478 2521 qui
2499 2469 2643 2507 nime
2666 2451 2958 2507 eﬂieaciam
3000 2469 3152 2508 suam
3183 2465 3400 2512 exercet

1821 2542 1876 2596 in
1912 2543 2037 2598 ﬁliis
2064 2547 2446 2604 contumaciae.
2478 2560 2575 2598 nec
2606 2560 2713 2598 non
2749 2546 2896 2600 circa
2933 2553 3134 2598 terram
3185 2560 3280 2613 per
3311 2552 3399 2598 l0?

1821 2642 1936 2688 tum
1971 2635 2180 2698 orbem,
2212 2637 2304 2704 qui
2344 2636 2599 2690 incolLtur
2643 2635 2713 2689 ab
2764 2635 3078 2692 honiinibus
3111 2637 3399 2692 volitantes

1823 2725 2121 2788 daemones,
2148 2727 2411 2782 credibile
2437 2733 2619 2781 autem
2650 2735 2734 2782 est
2766 2727 2968 2783 vidisse
2998 2726 3241 2784 infernas
3271 2745 3398 2798 quo-

1822 2834 1931 2888 que
1970 2833 2032 2872 ac
2065 2826 2332 2872 tat-terens
2361 2818 2570 2873 belluas
2603 2826 2848 2888 agrestes
2885 2827 3052 2888 atque
3074 2818 3398 2878 formidabi-

1820 2908 1922 2970 les,
1952 2909 2018 2963 de
2041 2909 2240 2979 quibus
2284 2908 2482 2973 Isaias,
2510 2909 2576 2962 ad
2605 2924 2728 2967 eum
2759 2910 2850 2979 qui
2875 2910 2941 2964 de
2963 2911 3103 2965 coelo
3127 2911 3398 2976 ceciderat

1821 2998 2135 3055 Luciferum
2187 3015 2494 3055 sermonem
2552 3001 2858 3060 intendens.
2903 3001 2976 3056 ita
3031 3002 3394 3075 loquebatur:

1825 3112 1845 3145 ι
1871 3091 2120 3147 lnfernus
2154 3092 2342 3146 subter
2379 3093 2738 3146 conturbatus
2775 3101 2860 3147 est
2883 3093 2936 3147 in
2967 3109 3257 3149 occursum
3305 3098 3400 3149 ad?

1743 3174 1786 3230 (ἶ
1817 3195 2015 3241 ventus
2039 3184 2405 3246 tui,suscitati
2432 3187 2668 3241 sunttibi
2699 3201 2892 3241 omnes
2923 3187 3170 3258 gigantes
3199 3208 3211 3242 :
3241 3208 3259 3240 ι
3284 3189 3399 3244 haec

1822 3279 2004 3348 itaque
2037 3279 2219 3333 omnia
2251 3279 2634 3350 conspieicus,
2667 3295 2824 3334 suum
2871 3281 3218 3336 extrinsecus
3247 3281 3398 3336 cruci

1821 3370 2036 3425 anisum
2058 3387 2260 3442 corpus
2288 3373 2341 3426 in
2380 3372 2564 3426 orbem
2599 3371 2900 3441 cingentia,
2934 3387 3102 3442 seque
3133 3373 3396 3429 adversus

1821 3464 1999 3532 ipsum
2030 3465 2406 3534 comparantia
2437 3464 2840 3518 multitudinem
2885 3480 3076 3519 eorum
3111 3467 3394 3522 collectam

1818 3555 2101 3619 describit,
2137 3557 2217 3610 sic
2243 3557 2476 3616 dicens;
2517 3576 2534 3607 ι
2576 3556 3075 3612 Cir-cumdederunt
3121 3574 3208 3613 me
3243 3560 3395 3613 vituli

1818 3648 2001 3710 multi,
2031 3649 2176 3703 tauri
2225 3649 2453 3718 pingues
2507 3649 2842 3706 obsederunt
2891 3666 2996 3706 me.
3049 3651 3396 3722 Aperuerunt

1817 3753 1984 3808 super
2004 3754 2090 3792 me
2111 3754 2172 3792 os
2201 3755 2382 3800 suum,
2409 3749 2466 3794 ut
2487 3740 2573 3794 leo
2605 3741 2826 3810 rapiens
2846 3749 2900 3796 et
2931 3743 3169 3813 rugiens.
3199 3766 3218 3798 ›
3237 3743 3397 3817 505

1819 3829 2028 3886 Etenim
2056 3831 2186 3886 dum
2216 3833 2473 3891 animam,
2506 3842 2564 3886 ut
2597 3848 2696 3902 par
2731 3841 2836 3894 est,
2873 3835 3164 3893 luitnanam
3202 3844 3255 3890 et
3291 3853 3398 3891 ca:-

1819 3924 1950 3978 teris
1980 3924 2212 3979 similem
2251 3940 2350 3980 nec
2381 3925 2617 3994 amplius
2651 3935 2908 3994 praeterea
2947 3927 3240 3998 quidquam
3272 3945 3396 3985 esse

1816 4017 2176 4078 arbitrantur,
2207 4018 2350 4086 quod
2399 4017 2454 4071 in
2496 4013 2725 4087 corpore
2763 4016 2892 4075 Jesu
2942 4020 3242 4084 habitabat,
3281 4023 3391 4078 bel-

1818 4109 1943 4172 lum,
1970 4109 2038 4164 de
2069 4110 2270 4179 quibus
2326 4109 2589 4171 diximus,
2635 4121 2966 4183 aperuerunt
3006 4127 3069 4169 os
3121 4129 3303 4179 suum,
3335 4123 3391 4169 ut

1816 4202 2273 4273 quemadmodum
2303 4203 2440 4258 alias
2493 4203 2775 4260 hominum
2831 4207 3042 4262 animas
3096 4223 3391 4284 consueve-

1817 4301 1960 4357 rant,
1998 4295 2072 4347 ita
2121 4294 2284 4349 etiam
2333 4294 2476 4350 hanc
2531 4295 2880 4360 devorarent,
2934 4311 3265 4369 quapropter
3311 4303 3392 4356 sic

1818 4387 1894 4441 ait
1932 4406 1945 4442 ε
1989 4407 2007 4439 ι
2044 4387 2389 4458 Aperucrunt
2449 4407 2614 4461 super
2668 4407 2756 4446 me
2793 4408 2858 4447 os
2917 4409 3098 4456 suum,
3133 4402 3390 4459 tanquam

1819 4477 1906 4532 leo
1933 4479 2150 4548 rapiens
2186 4487 2241 4533 et
2277 4481 2517 4550 rugiens,
2553 4500 2570 4532 ι
2629 4483 2830 4552 quibus
2885 4481 3144 4554 deinceps
3198 4483 3393 4553 adjun-

1820 4571 1935 4640 git:
1972 4591 1989 4621 ι
2032 4571 2199 4636 Quasi
2225 4587 2366 4641 aqua
2397 4573 2604 4629 eﬂ‘usus
2636 4590 2778 4637 sum,
2821 4593 2838 4624 ι
2875 4574 3021 4644 quod
3062 4575 3280 4645 quidem
3305 4579 3389 4631 vel

1817 4667 1954 4738 ipsis
1983 4667 2234 4722 sensibus
2261 4667 2466 4736 percipi
2495 4668 2694 4736 potuit.
2726 4675 2889 4736 atque
2943 4667 3171 4722 historia
3232 4669 3388 4724 tidem

1818 4759 2048 4814 faciente
2075 4761 2400 4832 completum
2421 4769 2664 4825 est,cum
2684 4760 2934 4816 videlicet
2960 4776 3102 4815 umts
3130 4761 3386 4826 niiiitum,

1820 4859 1880 4905 ut
1905 4859 1988 4906 est
2016 4851 2156 4920 apud
2188 4853 2576 4921 evangelistam
2606 4851 2896 4916 Joannem,
2938 4872 2957 4904 ι
2986 4852 3121 4924 Agni
3147 4852 3238 4908 Dei
3271 4866 3389 4914 Ian-

1814 4958 1911 4998 cca
1941 4943 2084 4997 latus
2113 4941 2349 5012 aperuit,
2378 4953 2432 4996 et
2481 4943 2651 4997 exivit
2685 4944 2950 4997 continuo
3005 4958 3142 5013 aqua
3173 4952 3229 4998 et
3261 4958 3389 4998 san-

1815 5036 1940 5106 guis
1973 5036 2040 5097 ιο,
2081 5053 2099 5085 ι
2137 5034 2232 5090 sed
2267 5042 2445 5092 tamen
2481 5044 2649 5090 totam
2675 5035 2978 5104 spiritualis
2999 5043 3208 5090 natura:
3237 5049 3386 5087 moro

1815 5126 2168 5180 tilicationem
2214 5125 2527 5195 signiﬁcare
2577 5125 2814 5188 videtur,
2848 5126 2939 5180 tibi
2997 5126 3117 5179 ait:
3159 5143 3178 5176 ι
3219 5125 3388 5190 Quasi

1815 5235 1955 5289 aqua
1998 5218 2205 5274 ellusus
2252 5234 2397 5282 sum,
2431 5227 2487 5273 et
2533 5219 2780 5289 dispersa
2831 5225 2961 5272 sunt
3015 5220 3197 5273 omnia
3260 5232 3388 5272 ossa

1814 5325 1952 5365 mea.
1996 5307 2219 5362 Factum
2265 5320 2350 5364 est
2381 5324 2478 5363 cur
2517 5324 2694 5363 meum
2742 5319 2998 5377 tanquam
3041 5323 3167 5362 cera
3215 5307 3390 5375 lique-.-

1814 5419 1977 5460 scens
2012 5405 2068 5458 in
2102 5400 2282 5456 medio
2311 5401 2516 5456 ventris
2565 5402 2691 5459 mei,
2731 5399 2890 5453 Aruit
2934 5407 3194 5469 tanquam
3243 5405 3387 5456 testa

1811 5496 1990 5550 virtus
2020 5510 2156 5560 mea,
2182 5502 2239 5550 et
2269 5495 2452 5565 lingua
2485 5508 2603 5547 mea
2650 5492 2882 5548 adlmsit
2927 5491 3134 5564 gutturi
3178 5506 3320 5550 meo.
3361 5510 3382 5544 ι

1812 5588 1956 5658 Quid
1990 5588 2138 5646 enim
2174 5587 2322 5648 aliud
2372 5587 2596 5649 tandem
2628 5587 2880 5646 universa
2913 5586 3029 5647 hanc
3055 5583 3383 5665 signiﬁcent,
