3856 6222
512 334 622 391 783

510 545 759 617 adjungit
790 544 922 598 illud
960 562 974 598 :
1015 562 1034 595 ι
1072 541 1138 596 Ει
1166 543 1220 597 ἰη
1247 544 1524 613 pulverem
1576 541 1771 597 mortis
1803 542 2079 596 deduxisti

507 653 617 693 me.
652 654 673 688 ›
710 635 835 690 llaec
864 635 1029 705 igitur
1052 634 1183 689 dum
1242 634 1491 704 providet
1546 635 1789 688 nondum
1831 633 1994 699 facta,
2022 644 2082 690 ut

1170 331 1438 389 EUSEBII
1473 333 1956 390 CESABIENSIS
1987 333 2138 390 OPP.
2181 335 2363 391 PARS
2406 338 2468 392 ll.
2503 370 2571 379 -—
2604 341 3106 399 AI‘OLOGETICA.
3658 352 3738 408 781

507 469 673 527 quam
694 450 909 508 mortui
943 451 1191 521 corporis
1225 449 1633 506 conditionem?
1658 450 1886 520 proinde
1936 450 2056 505 illict

2154 452 2276 514 ,τὸν
2326 455 2535 509 ἑαυτῶν
2579 456 2847 528 δεσπότην
2899 459 2994 513 καὶ
3044 461 3449 534 ἀρχιποιμένα,
3515 465 3659 541 πάσῃ
3693 488 3737 523 τε

3814 95 3822 381 1

2185 547 2398 619 φυλακῇ
2446 548 2544 620 τὴν
2595 552 3032 624 πεπιστευμένην
3087 554 3275 620 αὐτοῖς
3323 556 3562 630 ποίμνην
3600 578 3739 631 φρου-

2183 637 2429 709 ροῦντας,
2457 640 2707 695 ὑλακτεῖν
2738 643 2817 707 δὲ,
2853 646 2902 697 εἰ
2928 644 3056 716 ἄρα,
3087 646 3228 699 κατά
3271 647 3383 701 τῶν
3414 649 3612 713 ἔξωθεν
3642 655 3738 707 ἐπι-

506 726 854 781 adventahtia
888 734 1070 781 tamen
1095 732 1149 781 et
1166 725 1233 781 de
1260 730 1508 795 proximo
1533 725 1896 788 imminentia,
1924 736 1978 781 et
2001 741 2056 782 se

2180 727 2544 784 ϐουλευόντων
2582 734 2648 803 τῇ
2678 732 2883 804 ποίμνῃ
2905 750 2919 764 ·
2955 735 3006 786 οἱ
3036 733 3093 787 δὲ
3136 735 3316 789 κυνῶν
3344 738 3547 809 τρόπον
3574 742 3741 808 ὲνεῶν,
3820 768 3821 803 ;

505 819 682 889 ipsum
707 817 934 887 jamjam
986 816 1491 880 circumvenientia,
1521 815 1756 871 dicebat.
1811 815 1916 872 Sed
1957 832 2081 871 rur-

503 924 600 966 sus
628 908 874 980 repetitis
905 909 973 964 iis
1009 924 1131 978 quaa
1152 908 1267 979 jam
1304 915 1464 961 antea
1517 914 1666 978 gesta
1723 915 1873 970 sunt,
1905 916 1963 963 ut
1992 923 2080 964 se-

503 1001 681 1071 ipsum
714 1001 782 1056 de
815 1001 884 1057 iis
910 1015 1031 1071 quae
1073 1007 1261 1070 postea
1315 1009 1576 1055 eventura
1606 1007 1784 1064 erant,
1818 1002 2078 1056 consola-

500 1102 676 1154 retur,
710 1107 835 1163 quae
865 1092 1190 1148 sustinuerit
1212 1091 1429 1147 insidiis
1458 1093 1886 1156 circumventus,
1920 1091 2079 1147 docet

500 1184 588 1241 his
611 1184 794 1239 verbis
825 1202 838 1238 :
876 1202 896 1235 ι
936 1184 1203 1250 Quoniam
1251 1183 1731 1239 circumdederunt
1766 1198 1852 1238 me
1910 1198 2077 1240 canes

499 1276 677 1332 multi.
731 1275 1095 1347 Congregatio
1143 1274 1559 1345 malignantium
1620 1274 1835 1330 obsedit
1886 1290 2008 1331 me:
2050 1294 2069 1327 ι

498 1368 700 1438 quibus
729 1383 864 1424 sane
907 1368 1088 1423 verbis
1134 1374 1250 1420 tum
1304 1367 1456 1437 ipsos
1514 1366 1716 1421 milites
1765 1377 1879 1421 tum
1909 1367 2072 1422 etiam

497 1461 715 1517 Judaeos
765 1463 860 1532 qui
928 1461 985 1515 in
1035 1460 1276 1530 seipsum
1322 1461 1794 1529 conspiraverant,
1842 1459 2074 1529 intelligi

500 1554 634 1608 vult.
677 1551 960 1623 Siquidem
997 1571 1017 1604 ι
1058 1553 1260 1608 milites
1284 1549 1442 1605 Pilati
1492 1551 1856 1621 suscipientes
1878 1549 2071 1607 Jesum

499 1645 556 1700 in
612 1645 886 1716 praetorio,
922 1650 1394 1715 congregaverunt
1454 1643 1522 1697 ad
1570 1658 1696 1697 eum
1761 1642 2071 1698 universam

495 1740 797 1796 cohortem.
830 1738 897 1793 Et
927 1748 1189 1794 exuentes
1210 1754 1357 1801 eum,
1387 1736 1725 1809 chlamydem
1755 1735 2069 1790 coccincam

491 1833 974 1890 circumdederunt
1002 1830 1074 1886 ei.
1124 1829 1191 1883 Et
1222 1830 1519 1907 plectenles
1551 1844 1810 1884 coronam
1862 1828 1927 1882 de
1956 1826 2056 1896 sni-

2172 1821 2330 1894 σῶμα
2361 1822 2456 1876 τοῦ
2483 1822 2741 1895 Χριστοῦ,
2773 1825 3021 1877 τουτέστι
3056 1824 3155 1896 τὴν
3190 1825 3546 1896 Ἐκκλησίαν,
3572 1825 3746 1879 119615:-

495 1925 605 1989 nis,
642 1925 1020 1994 imposuerunt
1049 1936 1213 1991 super
1254 1929 1419 1989 caput
1468 1919 1610 1989 ejus,
1657 1927 1713 1975 et
1744 1920 2067 1973 arundinem

493 2018 552 2084 in
583 2016 803 2073 dextera
833 2014 973 2083 ejus.
998 2011 1064 2065 Et
1093 2011 1322 2082 genibus
1352 2011 1507 2065 ﬂexis
1529 2019 1655 2066 ante
1688 2027 1835 2073 eum,
1869 2011 2066 2065 illude-

494 2111 627 2164 hant
656 2108 706 2164 ei
728 2107 976 2162 dicentes
1001 2125 1013 2160 :
1042 2103 1175 2169 Ave,
1200 2101 1312 2158 Rex
1342 2102 1677 2159 Iudaeorum.
1714 2090 2068 2173 Eteispuen-

491 2210 577 2256 tes
611 2203 665 2256 in
693 2215 839 2264 eum,
872 2205 1202 2267 acceperunt
1235 2195 1580 2261 arundinem,
1603 2206 1657 2250 et
1683 2197 2066 2266 pereutiebant

486 2301 657 2364 caput
689 2293 831 2361 ejus.
887 2289 952 2346 Et
1002 2298 1289 2361 postquam
1334 2288 1626 2344 illuserunt
1674 2289 1748 2352 ei,
1797 2294 2066 2342 exuerunt

486 2401 615 2440 eum
666 2382 1051 2456 chlamydem,
1125 2389 1181 2436 et
1235 2368 1532 2436 induerunt
1589 2393 1714 2434 eum
1764 2385 2063 2433 vestnnen-

487 2485 561 2539 tis
608 2482 727 2538 suis
759 2500 772 2536 :
801 2487 856 2536 et
910 2479 1254 2535 abduxerunt
1280 2493 1405 2533 eum
1435 2484 1494 2532 ut
1522 2474 1905 2543 cruciﬁgerent
1928 2473 2002 2540 ";
2037 2493 2056 2526 ι

487 2572 882 2645 propemodum
933 2586 994 2627 re
1046 2572 1165 2641 ipsa
1209 2572 1544 2640 complentes
1605 2567 1738 2621 illud
1793 2585 1806 2622 :
1847 2585 1868 2618 ι
1906 2565 2059 2633 Quo-

485 2668 634 2722 niam
706 2664 1186 2721 circumdederunt
1245 2678 1331 2718 me
1396 2676 1563 2716 canes
1635 2660 1789 2714 multi
1857 2679 1869 2715 :
1924 2675 2062 2715 con-

483 2761 670 2815 cilium
719 2759 1132 2830 malignantium
1181 2752 1396 2809 obsedit
1449 2767 1555 2808 me.
1614 2772 1633 2804 ι
1693 2750 1853 2822 505
1916 2751 2061 2818 Quin

486 2852 619 2908 illud
667 2853 833 2907 etiam
877 2870 892 2905 :
938 2867 959 2900 ι
1011 2848 1291 2903 Foderuut
1334 2860 1530 2900 manus
1572 2858 1725 2898 meas
1774 2851 1829 2899 ct
1889 2842 2056 2914 pedes

482 2957 674 3006 meos,
704 2941 1197 3001 diuumeraveruut
1236 2934 1421 2989 omnia
1483 2950 1609 2990 ossa
1662 2946 1804 2988 mea.
1862 2952 1881 2984 ι
1923 2931 2059 2987 item

483 3034 618 3088 illud
662 3052 679 3087 :
731 3051 752 3083 ι
801 3031 909 3102 ipsi
946 3039 1127 3084 autem
1175 3027 1668 3083 eonsideraverunt
1708 3033 1763 3080 et
1804 3025 2058 3094 inspexe-

480 3133 612 3182 runt
653 3125 709 3179 in
747 3140 866 3187 me,
900 3143 922 3176 ο
955 3131 1011 3179 et
1067 3122 1201 3177 illud
1248 3141 1262 3176 :
1301 3140 1321 3174 ι
1366 3119 1681 3175 Diviseruut
1731 3118 2053 3174 vestimenta

479 3232 602 3273 mea
654 3215 782 3279 sibi,
836 3222 893 3270 et
924 3229 1090 3284 super
1118 3225 1323 3269 veSIem
1377 3226 1558 3266 meam
1611 3214 1881 3265 miserunt
1933 3223 2055 3263 sor-

478 3318 612 3362 tem.
648 3325 668 3359 ι
704 3304 850 3369 Haec,
888 3304 1134 3373 inquam,
1163 3304 1350 3358 omnia
1398 3309 1532 3356 tunc
1577 3303 1848 3373 completa
1900 3306 2051 3366 sunt,

476 3412 604 3452 cum
637 3397 692 3451 in
717 3411 881 3450 cruce
911 3403 964 3449 et
988 3409 1185 3450 manus
1219 3396 1368 3450 illius
1395 3402 1444 3448 et
1472 3393 1656 3469 pedes.
1685 3394 1856 3449 clavis
1881 3400 2056 3449 trans-

479 3492 737 3554 iuerunt,
788 3495 843 3543 et
876 3502 999 3542 cum
1033 3488 1184 3542 illius
1212 3488 1540 3543 vestimenta
1587 3487 1943 3555 accipientes,
1989 3500 2053 3542 ea

477 3584 619 3630 inter
651 3591 711 3631 se
732 3574 1058 3630 diviserunt.
1091 3573 1223 3628 Nam
1247 3590 1368 3635 eam
1398 3589 1512 3629 rem
1558 3554 1800 3631 Joannes
1828 3554 2053 3646 exponit

477 3670 563 3726 his
588 3669 770 3724 verbis
794 3686 813 3722 τ
852 3686 870 3719 ι
909 3667 1109 3722 Milites
1159 3667 1325 3737 igitur
1358 3682 1484 3721 cum
1519 3667 1926 3723 crueiﬁxissent
1957 3667 2050 3723 Je-

473 3776 621 3824 sum,
651 3766 981 3830 acceperunt
998 3759 1323 3814 vestimenta
1366 3759 1510 3826 ejus,
1547 3766 1604 3812 et
1637 3756 1885 3813 fecerunt
1914 3776 2052 3830 qua-

471 3859 600 3907 tuor
626 3859 834 3922 partes,
861 3850 1158 3920 unicuique
1177 3849 1337 3903 militi
1363 3857 1574 3919 partem
1624 3867 1639 3903 :
1677 3851 1864 3904 tunica
1895 3866 2046 3915 vero,

470 3942 600 4011 quia
625 3952 741 3997 erat
764 3940 1110 3996 inconsutilis
1141 3956 1170 3993 a
1194 3955 1411 3996 summo
1439 3946 1697 3995 contexta
1725 3956 1821 4010 per
1846 3949 2046 4008 totum,

470 4036 727 4089 dixerunt
751 4035 894 4089 inter
928 4049 1032 4088 se:
1071 4032 1148 4088 Ne
1178 4033 1499 4087 scindamus
1528 4047 1675 4093 eam,
1709 4033 1804 4088 sed
1851 4037 2048 4089 sortia-

468 4143 594 4183 mur
623 4127 692 4183 de
721 4129 811 4181 illa
837 4127 1000 4195 cujus
1041 4127 1134 4191 sit,
1168 4134 1229 4180 ut
1259 4126 1580 4196 impleretur
1614 4124 1899 4196 Scriptura
1928 4144 2049 4199 qua:

376 4207 379 4210 ⁴
467 4217 603 4271 dicit
626 4237 644 4271 :
685 4216 879 4271 Partiti
915 4224 1053 4272 sunt
1103 4216 1429 4271 vestimenta
1477 4231 1599 4271 mea
1628 4216 1758 4281 sibi,
1796 4226 1852 4271 et
1882 4233 2049 4288 super

466 4315 672 4364 vestem
697 4324 875 4363 meam
909 4308 1178 4363 miserunt
1223 4317 1428 4363 sortem
1461 4327 1475 4363 :
1508 4319 1564 4364 et
1589 4311 1793 4367 milites
1822 4309 2043 4381 quidem

467 4402 583 4456 hzcc
612 4401 859 4457 fecerunt
881 4402 956 4455 -“.
1006 4419 1026 4451 ι
1065 4398 1355 4455 Μθιιίιωιιε
1384 4416 1516 4455 vero
1540 4403 1734 4457 iisdem
1762 4403 1933 4458 rebus
1952 4419 2045 4473 ge-

2179 823 2255 887 ὡς
2301 825 2516 895 ἀληθῶς
2548 828 2643 881 καὶ
2693 828 3007 899 μεμηνότων
3051 831 3178 894 τοὺς
3223 831 3501 903 ὑλαγμοὺς
3547 835 3740 908 ἕτερον,
3820 816 3821 895 ί

2177 914 2247 968 τὰ
2281 914 2525 985 πρόϐατα
2558 916 2652 969 τοῦ
2689 917 2945 987 ποιμένος
2994 917 3399 991 ἐξαγριοῦντες,
3435 921 3580 976 ὥστε
3620 924 3743 978 sintd-

2177 1019 2285 1066 τως
2310 1004 2495 1067 αὐτοῖς
2527 1005 2786 1075 ἁρμόζειν
2811 1006 2901 1059 τόδ
2960 1026 2978 1057 ι
2997 1008 3460 1079 Περιεκύκλωσάν
3490 1031 3562 1083 με
3602 1015 3741 1081 κύνες
3820 988 3821 1083 ἦ

2177 1092 2396 1157 πολλοὶ,
2441 1095 2731 1167 συναγωγὴ
2777 1098 3229 1168 πονηρευομένων
3286 1102 3581 1177 περιέσχον
3621 1121 3737 1176 με.»

2176 1185 2286 1237 Καὶ
2321 1185 2523 1250 πάντες
2550 1186 2607 1239 δὲ
2640 1188 2690 1240 οἱ
2731 1190 2810 1252 είς
2847 1188 3006 1261 δεῦρο
3029 1188 3120 1243 τ’ὸν
3155 1192 3338 1262 ὅμοιον
3375 1174 3583 1265 τρόπον
3619 1174 3743 1251 έκεί-
3820 1174 3821 1223 έ

2171 1293 2285 1341 νοις
2306 1276 2775 1350 διαπραττόμενοι,
2811 1281 2869 1333 ὲν
2901 1280 2980 1351 τῷ
3011 1281 3349 1356 βλασφημεῖν
3379 1285 3474 1338 καὶ
3511 1286 3743 1340 ὑλακτεῖν
3820 1330 3821 1347 ;

2173 1370 2263 1423 τὸν
2296 1371 2528 1442 Χριστὸν
2565 1371 2658 1423 τοῦ
2688 1370 2845 1435 Θεοῦ,
2875 1373 2974 1425 οὐκ
3017 1371 3083 1426 ἂν
3115 1373 3383 1446 ἀλλότριοι
3417 1376 3644 1432 ἐκείνων
3670 1377 3744 1432 λο-

2171 1459 2426 1528 γισθεῖεν.
2480 1460 2640 1513 Ἀλλὰ
2684 1461 2777 1514 καὶ
2816 1462 2865 1513 οἱ
2904 1461 3059 1533 δίκην
3104 1462 3212 1515 τῶν
3249 1464 3371 1515 τότε
3413 1464 3744 1519 ἀσεϐούντων

2174 1552 2522 1623 στρατιωτῶν
2566 1551 3030 1625 ὰνασταυροῦντες
3073 1554 3165 1607 τὸν
3189 1555 3314 1608 Υίὺν
3346 1555 3442 1608 τοῦ
3469 1554 3612 1609 Θεοῦ
3664 1556 3746 1610 καὶ

2170 1642 2758 1715 παραδειγματίζοντες
2787 1646 2888 1699 οὐκ
2921 1645 2987 1699 ἂν
3014 1645 3115 1715 τῆς
3147 1647 3371 1700 ἐκείνων
3401 1647 3626 1717 μακρὰν
3660 1648 3718 1716 γέ

2173 1750 2346 1787 νοιντο
2378 1733 2690 1799 διαθέσεως.
2742 1735 2949 1799 Πάντες
2986 1731 3080 1789 οὖν
3122 1735 3288 1789 εἰσέτι
3342 1736 3441 1790 καὶ
3472 1735 3574 1789 νῦν
3607 1738 3658 1790 οἱ
3693 1738 3746 1791 τὸ

2172 1931 2320 1984 μενοι
2356 1917 2543 1985 χεῖρας
2576 1914 2742 1969 αὐτοῦ
2787 1916 2878 1968 καὶ
2910 1916 3074 1979 πόδας
3115 1916 3206 1970 καὶ
3240 1918 3464 1988 προσέτι
3494 1919 3570 1972 τὰ
3595 1917 3747 1972 ὀστέα

2166 2006 2624 2079 διαχειρίζονται,
2676 2008 2738 2061 εί
2782 2026 2846 2077 γε
2894 2009 3097 2073 πάντες
3147 2009 3204 2062 ἒν
3261 2010 3425 2082 σῶμά
3470 2013 3646 2083 ἐσμεν
3695 2013 3747 2066 ὲν

2165 2054 2410 2172 Χρῖστιξλ,
2462 2102 2491 2153 ὁ
2537 2099 2596 2153 δὲ
2645 2054 2841 2166 καθείς
2886 2102 3129 2173 ἀλλήλων
3176 2063 3359 2175 μέλη.ι
3394 2106 3507 2159 Καὶ
3539 2054 3647 2159 ἔτι
3688 2105 3748 2159 ἂν
3816 2054 3822 2197 Ι

2165 2189 2308 2243 εἴποι
2340 2191 2373 2260 ἡ
2404 2190 2614 2263 κεφαλὴ
2642 2194 2755 2254 τοῖς
2791 2192 2914 2245 ποσί
2936 2210 2949 2223 ο
2992 2194 3223 2265 «Χρείαν
3258 2194 3412 2264 ὑμῶν
3438 2196 3544 2248 οὐκ
3570 2195 3702 2266 ἔχω.
3724 2216 3741 2247 ι

2163 2280 2240 2345 ὡς
2272 2281 2392 2335 οὐδὲ
2432 2284 2552 2347 ταῖς
2587 2284 2776 2356 χερσὶν
2831 2285 2881 2337 oi
2918 2284 3203 2356 ὀφθαλμοί.
3253 2286 3411 2339 Κατά
3450 2285 3586 2355 γοῦν
3625 2291 3746 2351 τοὺς
3820 2280 3821 2307 ἶ

2166 2375 2392 2445 καιροὺς
2417 2374 2525 2427 τῶν
2554 2375 2830 2445 διωγμῶν,
2861 2376 2915 2429 εἴ
2939 2378 3069 2430 ποτέ
3099 2394 3219 2431 τινα
3247 2379 3387 2432 κατὰ
3416 2378 3528 2432 τῶν
3572 2379 3743 2451 μελῶν

2162 2464 2257 2518 τοῦ
2285 2465 2518 2537 Χριστοῦ
2558 2467 2695 2538 πρὸς
2728 2468 2836 2521 τῶν
2886 2468 3096 2541 ἐχθρῶν
3142 2470 3236 2523 καὶ
3282 2469 3561 2542 πολεμίων
3595 2473 3745 2543 ἐνερ-

2163 2560 2332 2626 γοίτο,
2381 2557 2523 2611 εἴποι
2564 2557 2640 2611 ἂν
2680 2560 2775 2613 καὶ⁸
2827 2561 2955 2631 περὶ
3002 2560 3181 2613 αὐτῶν
3222 2562 3323 2615 οὐκ
3370 2563 3623 2634 ἀκαίρως
3667 2563 3742 2627 τὸ,

2168 2667 2189 2700 ι
2224 2650 2458 2721 Ὤρυξαν
2518 2654 2707 2725 χεῖράς
2770 2670 2902 2723 μου,
2964 2654 3060 2708 καὶ
3125 2654 3289 2718 πόδας
3349 2673 3453 2727 μου
3484 2697 3501 2721 ,
3559 2657 3743 2729 ἐξηρί-

2164 2740 2380 2812 θμησαν
2431 2744 2609 2798 πάντα
2654 2747 2725 2801 τὰ
2770 2747 2908 2799 ὀστᾶ
2949 2763 3071 2817 μου.
3121 2748 3283 2800 Αὐτοὶ
3311 2746 3369 2800 δὲ
3408 2749 3745 2820 κατενόησαν

2102 2844 2105 2847 ’
2161 2835 2258 2889 καὶ
2300 2836 2510 2890 ἐπεῖδόν
2566 2853 2654 2908 με.
2687 2857 2706 2890 ι
2763 2838 2895 2892 Τότε
2953 2839 3010 2892 δὲ
3065 2841 3159 2893 καὶ
3220 2838 3634 2912 διαμερίζονται
3680 2840 3744 2894 τά

2160 2925 2357 2996 ἱμάτια
2385 2926 2551 2980 αὐτοῦ
2579 2929 2812 2991 ἑαυτοῖς,
2850 2929 2945 2981 καὶ
2982 2929 3075 2981 ἐπὶ
3093 2929 3185 2982 τὸν
3235 2929 3534 3001 ἱματισμὸν
3581 2929 3742 2985 αὐτοῦ

2162 3016 2412 3087 βάλλουσι
2463 3021 2695 3092 κλῆρον,
2739 3022 2828 3075 ὅτε
2871 3023 2965 3075 τὸν
2992 3020 3087 3075 τοῦ
3130 3021 3290 3091 λόγου
3338 3024 3583 3094 κόσμον,
3625 3026 3741 3097 ἦτοι

2157 3112 2256 3174 τὰς
2280 3109 2454 3176 λέξεις
2475 3111 2586 3166 τῶν
2620 3114 2780 3166 θείων
2808 3113 3058 3184 Εραφῶν,
3098 3114 3287 3169 ἄλλοτε
3311 3116 3488 3181 ἄλλως
3513 3118 3744 3180 ἕκαστος
3820 3152 3821 3155 η

2157 3203 2484 3277 διαφθείρων
2518 3208 2837 3271 ἐπισπᾶται,
2872 3210 2965 3262 καὶ
2991 3209 3080 3261 ὅτε
3109 3208 3210 3272 τὰς
3238 3212 3365 3282 περὶ
3389 3212 3561 3266 αὐτοῦ
3587 3212 3745 3277 δόξας

2152 3293 2499 3367 διαστρόφοις
2557 3297 2929 3363 διδασκαλίαις
2991 3298 3510 3370 ἀπολαμϐάνουσιν,
3584 3306 3747 3358 ὁποῖα
3820 3346 3821 3393 ι

2157 3388 2387 3461 σύνηθες
2427 3392 2540 3454 τοῖς
2578 3389 2760 3455 ἀθέοις
2792 3391 3136 3462 αίρεσιὼταις
3184 3397 3377 3446 ποιεῖν.
3432 3395 3561 3448 Ἐπὶ
3611 3400 3749 3451 πᾶσι

2152 3480 2362 3544 τούτοις
2410 3480 2545 3552 πρὸς
2591 3481 2681 3535 τὸν
2728 3481 2925 3535 ἑαυτοῦ
2961 3482 3094 3536 Θεὸν
3141 3486 3233 3537 καὶ
3258 3485 3462 3557 Κύριον
3499 3488 3603 3540 καὶ
3634 3488 3750 3541 Ila-

2153 3573 2287 3644 τέρα
2330 3573 2427 3644 τὴν
2458 3574 2622 3645 εὐχὴν
2665 3573 2987 3638 ἀποτείνας,
3033 3576 3288 3648 ἐπιφέρει
3343 3576 3523 3644 λέγων
3549 3596 3565 3608 ·
3618 3598 3641 3631 ι
3677 3581 3747 3632 Σὺ

2151 3663 2231 3728 δὲ,
2269 3665 2473 3735 Κύριε,
2524 3666 2598 3735 μὴ
2636 3665 2919 3739 μακρύνῃς
2964 3667 3064 3738 τὴν
3103 3667 3356 3738 βοήθειάν
3402 3686 3529 3739 μου.
3575 3691 3595 3723 ι
3660 3672 3747 3725 Ὠ·

2151 3755 2261 3828 γὰρ
2307 3758 2386 3820 είς
2433 3756 2607 3828 βραχὺ
2642 3757 3022 3827 καταλειφθεὶς
3060 3759 3197 3831 πρὸς
3240 3761 3338 3831 τὴν
3373 3760 3470 3814 τοῦ
3528 3763 3747 3831 ἀγῶνος

2151 3848 2429 3915 ἐπίδειξιν,
2480 3849 2573 3901 καὶ
2620 3850 2779 3919 μόνος
2814 3848 2934 3920 δίχα
2971 3849 3166 3920 βοηθοῦ
3200 3852 3335 3923 πρὸς
3369 3855 3466 3908 τὸν
3507 3857 3747 3911 Θάνατον

2150 3941 2579 4011 ἀποδυσάμενος,
2616 3937 2675 3994 εὖ
2712 3943 2867 4007 εἰδὼς
2903 3942 3003 4014 τὴν
3036 3944 3290 4016 βοήθειαν
3322 3948 3423 4019 τὴν
3454 3951 3615 4022 παρὰ
3648 3952 3747 4006 τοῦ

2150 4033 2361 4103 Πατρὺς
2406 4034 2509 4086 οὐκ
2551 4033 2725 4098 ἄλλως
2770 4034 2919 4106 αὐτῷ
2963 4037 3288 4108 γενήσεσθαι
3333 4039 3365 4109 ἢ
3402 4039 3493 4092 διὰ
3530 4043 3638 4112 τῆς
3682 4046 3749 4098 ἐκ

2148 4125 2358 4197 νεκρῶν
2432 4127 2782 4191 ἀναστάσεως
2808 4167 2824 4192 ,
2887 4129 3112 4193 είκότως
3176 4132 3268 4183 ἐπὶ
3296 4130 3390 4183 τοῦ
3466 4135 3747 4206 παρόντος

2147 4217 2364 4289 εὔχεται
2403 4217 2634 4285 διεξόδου
2681 4223 2865 4288 τυχεῖν
2909 4221 3009 4291 τῆς
3047 4220 3156 4273 τῶν
3200 4222 3514 4277 ἀντιπάλων
3559 4242 3746 4299 παρα-

2145 4308 2371 4374 τάξεως.
2416 4309 2508 4362 Διό
2534 4326 2694 4381 φησι·
2727 4311 2833 4364 «Σὺ
2862 4310 2940 4375 δὲ,
2970 4311 3163 4382 Κύριε,
3198 4312 3273 4383 μὴ
3309 4314 3601 4388 μακρύνῃς
3640 4320 3744 4388 τὴν

2149 4398 2397 4471 βοήθειάν
2448 4415 2582 4470 μου,
2637 4401 2717 4462 εἰς
2760 4399 2859 4471 τὴν
2902 4402 3188 4473 ἀντίληψίν
3243 4419 3344 4472 μου
3401 4404 3671 4476 πρόσχες.
3716 4424 3735 4456 ι

465 4496 569 4550 stis
614 4496 670 4550 in
703 4496 851 4550 hunc
891 4496 1112 4550 modum
1144 4494 1304 4550 iidem
1336 4494 1465 4548 facit
1498 4514 1511 4549 :
1548 4513 1566 4545 ι
1607 4496 1905 4564 Postquam
1938 4511 2040 4549 au-

2154 4491 2246 4545 Διά
2278 4491 2387 4563 γὰρ
2427 4492 2527 4563 τῆς
2576 4491 2677 4562 σῆς
2726 4491 2980 4563 βοηθείας
3025 4495 3059 4565 ἡ
3090 4494 3371 4566 ἀντίληψίς
3426 4514 3520 4568 μοι
3577 4500 3742 4569 Tan}-

462 4597 571 4641 tem
598 4588 995 4642 cruciuxerunt
1021 4602 1168 4649 eum,
1200 4586 1505 4642 diviserunt
1532 4589 1859 4643 vestimenta
1894 4587 2039 4657 ejus,

460 4685 664 4732 sortem
708 4677 1013 4741 mittentes,
1045 4684 1105 4731 ut
1151 4677 1468 4746 impleretur
1515 4677 1662 4747 quod
1707 4678 1916 4732 dictum
1951 4687 2041 4732 est

459 4783 560 4839 per
593 4768 908 4838 prephetam
952 4787 979 4823 ιι
1032 4767 1343 4825 Diviseruut
1375 4771 1699 4825 vestimenta
1745 4785 1862 4825 mea
1904 4769 2034 4835 sibi,

458 4868 514 4915 et
538 4874 705 4930 super
721 4869 933 4916 vestem
966 4876 1141 4916 meam
1164 4861 1432 4916 miserunt
1463 4870 1665 4918 sortem
1698 4881 1712 4918 :
1745 4870 1801 4917 et
1838 4863 2039 4918 seden-

456 4957 541 5005 tes
573 4950 865 5006 servabant
904 4968 1029 5007 eum
1053 4953 1115 5006 ".
1145 4973 1176 5005 -ι
1225 4952 1402 5009 Canes
1426 4962 1606 5009 autem
1639 4962 1796 5008 erant
1822 4954 1915 5024 qui
1968 4954 2036 5008 il-

457 5041 569 5096 lum
591 5042 1090 5106 circumdederant,
1134 5050 1190 5098 et
1236 5053 1541 5099 conventus
1589 5045 2028 5114 malignantium,

455 5129 561 5200 ipsi
593 5131 661 5187 ad
688 5132 1162 5188 circumcisionem
1187 5133 1522 5203 pertinentes
1552 5134 1906 5203 magistratus
1936 5131 2032 5187 Ju-

452 5220 719 5285 daeorum,
739 5230 797 5276 et
818 5221 1027 5279 Scriba;
1054 5224 1407 5294 etprincipes
1435 5225 1783 5279 sacerdotum
1809 5233 1862 5279 et
1885 5223 2028 5280 Pha-

453 5312 621 5376 risaei,
667 5314 764 5384 qui
795 5315 958 5369 etiam
989 5315 1304 5371 universam
1338 5316 1747 5371 multitudinem
1796 5332 2028 5387 compu-

2150 4599 2322 4646 σεται,
2362 4581 2429 4635 δι’
2451 4583 2516 4652 ἦν
2537 4581 2820 4651 ἀντίληψιν
2845 4583 2874 4635 ὁ
2902 4584 3010 4647 πᾶς
3041 4584 3268 4648 εἰκότως
3313 4586 3740 4658 προγέγραπται

2145 4672 2357 4743 ψαλμὸς
2389 4673 2528 4744 ὑπὲρ
2549 4673 2648 4744 τῆς
2672 4674 2901 4745 ἑωθινῆς
2942 4669 3298 4748 ἀντιλήψεως.
3320 4677 3417 4741 Εἰς
3450 4680 3557 4750 τὴν
3590 4681 3742 4735 ἀντί-

2144 4763 2305 4836 ληψιν
2349 4764 2639 4837 τοιγαροῦν
2689 4766 2965 4838 πρόσχες,
3018 4777 3276 4841 παρέχων
3326 4789 3417 4842 μοι
3463 4774 3571 4844 τὴν
3613 4776 3739 4830 ὅσον

2139 4856 2292 4910 οὔπω
2317 4857 2458 4911 κατὰ
2479 4858 2578 4929 τὴν
2611 4857 2685 4911 ἕω
2709 4860 2773 4912 ὲκ
2799 4861 3008 4932 νεκρῶν
3034 4862 3387 4929 ἀναστάσεως
3421 4866 3734 4939 ἀντίληψιν,

2137 4942 2205 5019 ἧς
2252 4946 2455 5011 ἐλπίζω
2514 4947 2844 5014 τεύξεσθαι,
2913 4952 3093 5015 ὲπάν,
3157 4952 3234 5025 μὴ
3289 4955 3582 5026 μακρύνας
3632 4975 3735 5029 μου

2136 5036 2332 5109 αὐτὴν,
2380 5058 2399 5088 ‹
2428 5040 2574 5111 ’ῥύσῃ
2628 5039 2737 5092 ἀπὸ
2786 5042 3059 5112 ῥομφαίας
3110 5044 3211 5115 τὴν
3253 5043 3435 5116 ψυχήν
3478 5064 3606 5117 μου,
3641 5051 3734 5102 καὶ

2134 5131 2201 5183 ὲκ
2246 5128 2427 5201 χειρὸς
2479 5129 2640 5193 κυνὸς
2685 5131 2785 5199 τὴν
2842 5132 3101 5203 μονογενῆ
3157 5150 3294 5202 μου·
3357 5135 3498 5188 ἐπὰν
3551 5138 3734 5209 σὼσῃς

2136 5238 2203 5293 με
2287 5221 2353 5275 ὲκ
2428 5222 2697 5291 στόματος
2784 5221 3034 5288 λέοντος,
3118 5226 3215 5277 καὶ
3282 5226 3393 5280 ἀπὸ
3478 5230 3730 5299 κεράτων

2134 5314 2523 5388 μονοκερώτων
2554 5316 2656 5385 τὴν
2681 5315 3007 5369 ταπείνωσιν
3042 5332 3145 5387 μου
3165 5333 3179 5346 ·
3213 5337 3232 5368 ι
3271 5319 3352 5370 Δι’
3380 5312 3459 5373 ὧν
3487 5321 3726 5394 ἠγοῦμαι

452 5401 654 5467 lerunt,
688 5411 751 5458 ut
777 5405 1101 5476 sanguinem
1135 5406 1285 5463 illius
1305 5414 1360 5462 et
1388 5407 1683 5462 adversum
1729 5409 1950 5479 seipsos
1973 5419 2028 5464 et

2154 5408 2292 5462 ιύτὸν
2322 5407 2431 5471 τὰς
2456 5406 2841 5477 καταχθονίους
2879 5407 3213 5461 αἰνίττεσθαι
3241 5408 3527 5480 δυνάμεις,
3560 5407 3637 5465 ῶν
3663 5415 3723 5468 οὗ

451 5493 742 5550 adversum
767 5496 904 5551 tilios
931 5511 1065 5553 suos
1096 5507 1364 5567 peterent.
1394 5495 1828 5556 Proindedsaias
1858 5501 2024 5569 plane

2154 5498 2249 5553 ιαθ’
2279 5500 2427 5570 ἡμᾶς
2480 5498 2547 5553 ἂν
2599 5498 2685 5568 εἴη
2739 5500 2858 5552 κατ’
2885 5495 3028 5562 ,εἶδος
3087 5498 3496 5557 διαστείλασθαι
3520 5504 3623 5558 καὶ
3649 5504 3719 5559 δι·-

449 5582 572 5639 illos
597 5599 764 5644 canes
792 5594 969 5654 vocat,
1002 5588 1131 5645 dum
1158 5589 1290 5645 dicit
1322 5608 1336 5645 :
1378 5607 1398 5641 ι
1439 5588 1643 5646 Omnes
1693 5605 1860 5647 canes
1895 5599 2019 5647 stu-

2128 5592 2288 5659 ελείν,
2306 5593 2453 5656 ὅπως
2481 5591 2515 5662 ἡ
2540 5589 2642 5661 μέν
2666 5607 2750 5655 τις
2771 5589 2950 5646 αὐτῶν
2978 5591 3226 5662 ῥομφαία
3254 5589 3395 5650 οὖσα
3419 5580 3716 5651 iusth

520 5766 564 5800 “
603 5766 794 5824 Matth.
826 5785 1011 5836 xxvu,
1045 5769 1234 5827 ΞἹ-αὸι.
1310 5771 1357 5806 ¹¹
1395 5769 1555 5828 Joan.
1592 5788 1720 5843 ιιι,
1752 5772 1942 5842 ειμι.
2014 5775 2056 5809 ⁴¹

2192 5775 2293 5831 tth.
2333 5785 2489 5830 um
2506 5812 2524 5842 ,
2557 5772 2746 5841 55,36.
