3856 6222
151 272 260 329 788

1068 263 1723 323 DEMONSTRATIONIS
1760 261 2219 320 EVANGELICE
2249 264 2377 319 LIB.
2417 262 2485 318 Χ.

3316 259 3411 317 788

152 384 296 442 κατά
326 384 425 456 τῆς
458 382 634 455 ψυχῆς
665 381 761 436 τοῦ
794 382 1043 453 Σωτῆρος
1074 382 1234 454 ήμῶν
1253 399 1267 414 ·
1309 384 1344 453 ή
1377 383 1437 437 δέ
1462 398 1547 446 τις
1586 380 1734 434 κύων

1849 377 1974 449 pidi,
1995 379 2089 448 qui
2120 387 2402 450 nequeunt
2430 379 2632 434 latrare
2654 377 2719 433 “.
2752 398 2772 431 ι
2804 376 2941 433 Cum
2970 376 3117 433 enim
3139 392 3234 433 eos
3254 394 3414 449 opor-

152 473 289 532 οὖσα
329 475 564 544 θανάτῳ,
599 474 699 545 τὴν
742 473 1114 545 θανατηφόρον
1144 476 1301 546 χεῖρα
1347 473 1734 547 προύϐάλλετο,

153 570 236 631 είς
280 566 339 621 τὺ
385 563 731 632 καθάψασθαι
778 562 967 634 αὐτῆς.
1016 562 1108 615 Διό
1153 578 1318 634 φησιο
1356 560 1585 615 ιῬῦσαι
1630 559 1739 614 ἀπὸ

156 659 433 733 ῥομφαίας
481 656 578 727 τὴν
619 654 797 725 ψυχήν
845 671 970 725 μου,
996 654 1092 707 καὶ
1121 655 1187 707 ἐκ
1213 654 1395 726 χειρὸς
1437 652 1598 716 κυνὸς
1642 651 1739 722 τήν

155 748 420 822 μονογενῆ
457 764 557 818 μου
576 764 590 778 ο
627 766 646 798 ι
685 746 815 815 ἄλλη
850 745 907 799 δέ
935 763 1018 809 τις
1042 746 1266 818 ,πονηρά
1296 746 1390 799 καὶ
1423 744 1530 798 τῶν
1559 745 1736 798 ἐκεῖσε

154 841 360 914 Θηρίων
408 840 689 912 ἡγουμένη
740 837 989 909 δύναμις,
1017 837 1154 891 λέων
1198 834 1736 909 προσαγορευομένη,

152 931 219 985 τὸ
257 930 423 984 πλατὺ
467 930 561 982 καί
591 928 790 998 ἀχανὲς
819 927 913 979 τοῦ
943 926 1176 980 θανάτου
1208 926 1382 996 στόμα
1405 924 1737 992 διανοίξασα,

157 1021 299 1102 μετά
322 1021 428 1075 τῶν
460 1019 634 1075 ἄλλων
660 1018 770 1071 τῶν
795 1020 877 1081 είς
909 1017 1036 1090 ᾅδου
1071 1017 1370 1071 κατιόντων
1394 1017 1489 1071 καὶ
1512 1016 1609 1089 τὴν
1642 1016 1740 1070 αύ-

152 1114 252 1169 τοῦ
284 1112 457 1185 ψυχὴν
485 1114 771 1166 καταπιεῖν
801 1109 1048 1183 ὥρμητο.
1076 1109 1358 1184 ὡσπεροῦν
1398 1109 1564 1165 πάλαι
1607 1109 1741 1181 πρό-

151 1221 315 1279 τερον
341 1206 601 1259 κατέπιεν
627 1207 655 1257 ό
678 1203 907 1267 θάνατος
942 1202 1188 1274 ἰσχύσας,
1210 1203 1309 1272 οὐχ
1336 1202 1524 1273 ἕτερος
1548 1200 1623 1256 ὢν
1643 1202 1738 1257 τοῦ

153 1296 388 1352 ἐνταῦθα
428 1295 661 1359 λέοντος,
693 1293 787 1347 τοῦ
833 1294 896 1347 τὸ
942 1293 1116 1364 στόμα
1161 1294 1302 1347 κατὰ
1349 1292 1441 1347 106
1488 1293 1739 1365 Σωτῆρος

154 1393 191 1460 ἡ
201 1388 318 1460 μῶν
347 1384 698 1457 ἀνεῴξαντος,
733 1385 826 1454 ἀφ’
852 1378 911 1439 οὗ
943 1385 1036 1438 καὶ
1065 1384 1228 1438 αὑτοῦ
1259 1384 1497 1457 σωθῆναι
1522 1384 1611 1438 τὸν
1636 1385 1741 1438 Πα-

153 1479 293 1551 τέρα
338 1476 645 1551 παρακαλεί
693 1475 902 1545 λέγων·
962 1494 980 1526 ι
1009 1475 1190 1530 Σῶσόν
1240 1493 1307 1547 με
1356 1478 1422 1530 ὲκ
1473 1475 1739 1545 στόματος

152 1570 389 1635 λέοντος.
421 1590 439 1623 ι
475 1566 598 1623 Εἶεν
629 1568 674 1623 δ’
698 1567 765 1622 ἂν
787 1570 881 1622 καὶ
904 1568 1060 1622 ἄλλαι
1084 1566 1229 1632 τινὲς
1249 1568 1484 1638 πονηραὶ
1513 1568 1607 1621 καὶ
1631 1566 1741 1620 θεό-

158 1677 327 1733 μαχοι
368 1658 644 1729 δυνάμεις,
689 1657 768 1728 τῷ
815 1657 1142 1729 μονοκέρωτι
1160 1655 1254 1709 τοῦ
1277 1654 1411 1709 Θεοῦ
1443 1655 1739 1725 ἀντιπράτ-

152 1769 349 1808 τουσαι
395 1751 491 1806 καὶ
532 1749 990 1822 ἀντιπαρεξάγειν
1016 1747 1181 1802 αὑτοῦ
1218 1750 1463 1820 ὲπιχειρο
1501 1764 1610 1811 σαι,
1646 1747 1738 1816 ἀφ’
1773 1737 1814 1796 Β

151 1840 237 1900 ὧν
266 1845 359 1898 καὶ
389 1843 567 1896 αὐτῶν
594 1843 623 1895 ό
652 1840 746 1895 τοῦ
767 1840 901 1897 Θεοῦ
938 1840 1267 1912 μονόκερως,
1295 1840 1454 1903 αὐτὸς
1478 1838 1507 1889 ὁ
1536 1840 1741 1910 Κύριος

155 1937 339 2009 ἡμῶν,
360 1937 516 2009 μόνον
544 1933 637 1987 τὸν
664 1932 886 2005 Πατέρα
915 1931 1081 2003 κέρας
1110 1930 1268 2001 ἔχων,
1300 1928 1398 2000 τὴν
1431 1928 1623 1982 ἑαυτοῦ
1655 1944 1745 1982 τα-

154 2028 417 2082 πείνωσιν
453 2024 715 2099 ρυσθῆναι
743 2022 904 2088 ἀξιοῖ,
934 2021 1106 2089 λέγων
1125 2038 1139 2051 ·
1175 2040 1193 2072 ι
1227 2020 1337 2074 Καὶ
1365 2019 1472 2072 ἀπὸ
1497 2019 1741 2089 κεράτων

158 2116 546 2192 μονοκερὼτων
582 2118 670 2187 τὴν
710 2114 1038 2169 ταπείνωσίν
1074 2130 1194 2179 μου.
1226 2130 1245 2163 ι
1281 2111 1447 2164 Ποίαν
1474 2110 1533 2164 δὲ
1550 2111 1740 2164 ταπεί-

152 2229 324 2269 νωσιν
373 2212 406 2283 ἦ
457 2210 661 2280 ταύτην
711 2207 901 2279 αὐτὴν,
939 2206 1058 2261 καθ’
1091 2206 1156 2277 ἢν
1214 2224 1233 2256 ί
1265 2206 1323 2257 ὲν
1374 2205 1554 2275 μορφῇ
1606 2202 1742 2258 Θεοῦ

153 2305 421 2377 ὑπάρχων
448 2303 813 2356 ἐταπείνωσεν
840 2298 1029 2353 ἑαυτὸν
1051 2299 1143 2352 καὶ
1171 2297 1428 2361 ἑκένωσε,
1453 2296 1744 2366 γενόμενος

156 2399 401 2471 ὑπήκοος
436 2395 596 2467 μέχρι
628 2378 880 2455 θανάτου,
909 2390 1136 2445 θανάτου
1166 2389 1222 2442 δὲ
1249 2387 1514 2460 σταυροῦ;
1554 2408 1573 2439 ι
1606 2387 1743 2443 ἀλλά

155 2491 272 2561 γὰρ
304 2488 399 2543 ἐπὶ
430 2485 684 2541 τοσοῦτον
730 2481 1028 2547 κατελθὼν,
1057 2483 1151 2535 καὶ
1197 2481 1356 2552 μέχρι
1387 2478 1576 2533 τούτου
1604 2479 1742 2550 φθά-

159 2597 283 2644 σας,
313 2580 455 2649 λέγω
485 2580 547 2651 δὴ
580 2579 740 2650 μέχρι
762 2579 860 2650 τῆς
884 2579 946 2631 ὲν
970 2575 1048 2647 τῷ
1076 2573 1177 2648 ᾅδῃ
1206 2565 1498 2647 ῥομφαίας,
1527 2574 1621 2627 καὶ
1644 2573 1743 2644 τῆς

157 2672 344 2746 χειρὸς
369 2671 461 2725 τοῦ
499 2669 686 2725 αὐτόθι
710 2670 1001 2739 λεγομένου
1037 2669 1198 2731 κυνὸς
1234 2666 1375 2737 (ὅθεν
1416 2668 1511 2720 καὶ
1547 2666 1743 2728 παῖδας

165 2764 441 2837 Ἑλλήνων
454 2762 616 2827 εἰκὼς
633 2763 651 2833 (
667 2762 711 2834 l)
740 2760 979 2816 τοιοῦτόν
994 2776 1113 2813 τινα
1128 2757 1579 2830 παρακούσαντας
1608 2757 1743 2811 κύνα

158 2857 418 2920 θανάτου,
446 2856 539 2911 καὶ
573 2854 759 2909 τοῦτον
789 2851 1111 2926 τρικέφαλον
1136 2852 1545 2923 ἀναζωγραιρεῑν
1560 2850 1609 2916 ),
1648 2851 1743 2903 καὶ

159 2952 328 3024 μέχρι
358 2950 416 3003 δὲ
440 2950 547 3003 τῶν
581 2948 875 3020 φαρύγγων
904 2945 998 3000 τοῦ
1026 2943 1496 3019 προδεδηλωμένου
1531 2942 1742 3007 λέοντος

158 3045 355 3108 ἐλθὼν,
386 3044 481 3097 καὶ
500 3041 597 3112 τὴν
621 3040 947 3094 ταπείνωσιν
978 3037 1143 3092 αὐτοῦ
1171 3041 1281 3101 τοῖς
1306 3037 1618 3100 ἀντιπάλοις
1648 3035 1743 3088 καὶ

158 3136 454 3207 θεομάχοις
481 3132 841 3205 μοωκὲρωσιν
868 3130 1244 3201 ὑποστρώσας,
1275 3128 1370 3182 καὶ
1391 3129 1482 3182 ἐπὶ
1506 3126 1661 3181 τοῦτό
1680 3144 1745 3196 γε

160 3227 313 3291 τέλος
345 3226 442 3297 τὴν
477 3226 653 3278 πᾶσαν
682 3220 991 3292 οἰκονομίαν
1022 3220 1123 3291 τῆς
1149 3218 1345 3272 ἑαυτοῦ
1376 3216 1656 3280 κενώσεώς
1685 3234 1745 3270 τε

161 3320 257 3374 καὶ
280 3316 666 3380 ταπεινώσεως
692 3318 918 3387 στήσας,
936 3314 1175 3369 κᾶπειτα
1193 3312 1490 3383 εὐξάμενος
1512 3312 1611 3383 ἤδη
1639 3310 1748 3365 λιι-

162 3411 262 3464 πὸν
292 3412 476 3480 τυχεῖν
513 3408 613 3479 τῆς
657 3405 910 3479 βοηθείας
948 3406 1041 3458 καὶ
1073 3403 1173 3474 τῆς
1210 3402 1360 3475 παρά
1397 3401 1490 3456 τοῦ
1535 3401 1748 3473 Πατρδς

163 3498 522 3569 ἀντιλήψεως,
548 3495 823 3565 ἐπιλέγειυ
872 3514 890 3546 ε
922 3495 994 3548 ΣΞ)
1016 3493 1095 3557 δὲ,
1122 3493 1316 3564 Κύριε,
1356 3491 1430 3564 μὴ
1465 3492 1748 3564 μακρύνῃς

162 3591 258 3662 τὴν
290 3588 545 3661 βοήθειάν
591 3606 715 3659 μου,
741 3590 820 3653 εἰς
846 3588 944 3659 τὴν
973 3585 1257 3657 ἀντίληψιν
1289 3603 1408 3657 μου,
1433 3586 1687 3658 πρόσχες.
1722 3606 1756 3637 ι·

165 3682 273 3735 Καὶ
296 3680 444 3733 τοῦτ’
473 3681 641 3732 εἰπὼν
669 3680 772 3732 οὐκ
800 3680 879 3743 είς
913 3678 1130 3750 μακράν
1157 3677 1397 3747 ἐπηκόου
1417 3676 1511 3730 τοῦ
1538 3676 1749 3746 Πατρός

166 3771 442 3843 τυγχάνει,
496 3770 571 3841 μὴ
624 3768 1026 3842 μακρυνθέντος
1049 3807 1064 3831 ,
1113 3768 1246 3838 μηδὲ
1299 3765 1361 3820 τὸ
1415 3765 1750 3838 βραχύτατον

165 3860 560 3932 ὑπερθεμένου,
588 3860 770 3922 αὐτοῖς
812 3858 869 3912 δὲ
923 3857 1105 3930 ἔργοις
1160 3858 1442 3929 μονονουχὶ
1483 3860 1751 3927 φήσαντος

165 3949 348 4020 αὐτῷ·
392 3950 545 4003 «Ἔτι
587 3947 873 4013 λαλοῦντός
919 3965 1035 4012 σου,
1069 3948 1211 4020 ἐρᾶν
1253 3947 1382 4001 Ἰδοὺ
1429 3947 1680 4019 πάρειμι.
1726 3966 1744 3997 ι

166 4043 277 4097 Καὶ
303 4041 368 4113 δὴ
391 4041 535 4095 τοῦτ’
570 4040 912 4112 αίσθόμενος,
946 4041 1044 4112 τῆς
1072 4057 1134 4094 τε
1167 4039 1439 4112 πατρικῆς
1478 4038 1751 4110 βοηθείας,

167 4134 423 4207 καθάπερ
461 4133 682 4206 ηῦξατο,
710 4132 909 4205 τυχὼν,
941 4131 1188 4187 ἐντεῦθεν
1234 4130 1418 4185 λοιπὸν
1455 4131 1752 4203 ἀπέρχεται

161 4226 261 4280 τοῦ
304 4228 570 4280 ὲπινικίου
606 4225 797 4297 ὕμνου,
828 4226 967 4297 ὑπὲρ
1007 4226 1106 4297 τῆς
1145 4224 1374 4295 ἑωθινῆς
1418 4222 1752 4294 ἀντιλήψεως

161 4321 260 4375 τὸν
280 4318 493 4390 ψαλμὸν
527 4317 867 4389 ποιούμενος,
890 4318 948 4369 ἐν
980 4311 1061 4381 οἷς
1091 4333 1253 4387 φησι·
1289 4335 1307 4366 ι
1334 4317 1672 4387 Διηγήσομαι
1691 4316 1753 4368 τὸ

1841 479 2001 536 teret,
2031 473 2247 528 tametsi
2297 481 2581 543 pastorum
2643 486 2852 525 morem
2891 486 3000 526 non
3031 479 3409 540 susceperant,

1841 570 2079 619 attamen
2111 564 2380 619 bonorum
2414 578 2614 618 canum
2649 562 2843 628 instar,
2881 560 3096 617 Domini
3124 562 3209 616 sui
3244 561 3414 613 ratio-

1841 656 2019 711 nalem
2053 672 2273 726 gregem
2304 662 2468 725 atque
2493 670 2623 710 oves
2658 652 2857 709 domus
2897 654 3063 709 Israel
3096 653 3414 709 custodien-

1842 757 1947 812 tes,
1979 747 2141 803 docte
2167 763 2231 802 ac
2260 749 2555 818 prudenter
2575 748 2799 806 latrare.
2825 747 3223 817 Dmuinumque
3252 761 3411 801 suum

1841 853 1907 893 ac
1929 846 2207 909 pastorum
2238 838 2534 909 principem
2561 839 2873 894 demulcere
2905 847 3067 908 atque
3092 852 3409 909 agnoscere,

1840 933 2099 1001 omnique
2144 930 2392 986 custodia
2426 931 2695 986 creditqu
2736 932 2839 986 sibi
2869 945 3084 1001 gregem
3116 944 3412 985 conserva-

1840 1037 1924 1087 re,
1954 1023 2157 1077 latrare
2184 1029 2363 1076 autem
2395 1020 2441 1075 si
2479 1021 2619 1075 forte
2654 1022 2912 1077 acerbius
2942 1020 3163 1082 vellent,
3218 1030 3413 1074 contra

1841 1131 1938 1171 eos
1971 1114 2027 1169 id
2064 1114 2264 1178 facere,
2296 1114 2387 1184 qui
2416 1114 2765 1169 extrinsecus
2803 1113 2955 1184 gregi
2994 1111 3410 1175 insidiareutur,

1843 1207 1948 1278 ipsi
1982 1216 2198 1269 contra,
2242 1220 2443 1261 canum
2499 1204 2844 1276 stupidorum
2896 1218 3069 1273 reque
3097 1217 3224 1258 vera
3264 1202 3414 1256 insa-

1842 1299 2110 1354 nientium
2143 1298 2336 1363 instar,
2382 1298 2615 1352 latratus
2642 1311 2774 1352 suos
2802 1294 3123 1359 emiserunt,
3177 1302 3231 1349 ct
3282 1307 3415 1349 oves

1841 1391 2083 1461 pastoris
2115 1389 2434 1454 efferarunt,
2467 1397 2527 1442 ut
2556 1389 2750 1444 merito
2783 1387 3072 1442 conveniat
3108 1386 3190 1441 eis
3226 1384 3359 1439 illud
3394 1403 3410 1438 :

1848 1502 1866 1535 ι
1913 1481 2408 1539 Circumdederunt
2439 1495 2525 1536 me
2555 1494 2725 1535 canes
2756 1480 2934 1546 multi,
2967 1478 3261 1534 concilium
3299 1493 3416 1532 ma-

1843 1572 2171 1644 lignantium
2218 1572 2435 1627 obsedit
2465 1587 2572 1628 me.
2613 1590 2632 1623 ι
2670 1570 2832 1642 506
2857 1569 3000 1636 Quin
3030 1571 3195 1625 etiam
3225 1582 3415 1623 omnes

1844 1664 2158 1734 quicunque
2191 1664 2245 1717 in
2273 1663 2421 1718 hunc
2451 1678 2629 1732 usque
2674 1661 2819 1716 diem
2869 1661 3054 1716 itidem
3087 1668 3148 1714 ut
3185 1660 3263 1713 illi
3299 1673 3418 1729 per-

1845 1762 1980 1826 gunt
2011 1755 2336 1810 maledicere
2359 1769 2423 1808 ac
2451 1754 2654 1809 latrare
2684 1752 2949 1808 adversus
2974 1752 3256 1806 Christum
3293 1749 3413 1812 Dei,

1844 1849 1915 1904 ab
1945 1848 2055 1903 illis
2077 1848 2277 1903 diversi
2315 1846 2541 1917 putandi
2567 1860 2676 1900 non
2708 1853 2859 1900 sunt;
2895 1844 3004 1898 Nec
3035 1844 3217 1899 minus
3243 1843 3300 1906 ii,
3320 1842 3416 1912 qui

1845 1947 1977 1994 tunc
2013 1938 2067 1993 in
2104 1940 2257 1993 illum
2291 1939 2457 2009 impie
2505 1937 2876 2008 grassantium
2928 1935 3163 1990 militum
3222 1935 3415 1997 instar,

1845 2048 1994 2088 nunc
2033 2033 2229 2088 Filium
2269 2032 2364 2088 Dei
2403 2033 2600 2089 iterum
2650 2031 2803 2086 cruci
2849 2029 3095 2102 aﬂigunt,
3131 2030 3421 2101 palamque

1843 2124 2142 2195 ignominia
2195 2123 2457 2187 alliciunt,
2509 2140 2618 2179 non
2665 2123 2826 2193 longe
2871 2123 3164 2178 admodum
3199 2123 3267 2178 ab
3299 2124 3421 2176 illo-

1844 2234 1966 2273 rum
2018 2216 2225 2272 nefaria
2260 2218 2544 2273 voluntate
2591 2218 2889 2284 recedunt;
2941 2230 3134 2271 omnes
3184 2229 3313 2270 vero
3361 2214 3419 2269 hl

1846 2314 1998 2370 sunt,
2028 2307 2120 2378 qui
2162 2307 2325 2360 etiam
2367 2322 2515 2362 nunc
2539 2306 2746 2361 Christi
2774 2320 2996 2375 corpus,
3028 2303 3129 2357 hoc
3172 2309 3276 2368 est,
3315 2299 3420 2355 Ec-

1845 2402 2071 2456 clesiam
2098 2399 2490 2469 suscipientes,
2515 2414 2712 2454 manus
2744 2398 2892 2453 illius
2921 2403 2975 2451 ct
3010 2395 3175 2466 pedes
3208 2402 3264 2449 ct
3291 2408 3419 2448 ossa

1847 2501 2110 2563 praeterea
2152 2490 2447 2560 dissipant,
2493 2489 2539 2545 si
2581 2489 2745 2542 modo
2793 2502 2985 2541 omnes
3017 2501 3186 2540 unum
3218 2497 3421 2552 corpus

1848 2599 2043 2639 sumus
2066 2582 2119 2636 in
2153 2581 2376 2637 Christo
2405 2579 2558 2639 Jesu.
2602 2579 2801 2650 singuli
2846 2586 3026 2632 autem
3074 2575 3418 2646 singulorum

1846 2674 2080 2727 invicem
2135 2672 2400 2727 membra.
2450 2689 2470 2720 ι
2511 2669 2698 2741 Neque
2723 2684 2855 2725 vero
2883 2675 3046 2739 caput
3078 2669 3307 2739 pedibus
3335 2666 3422 2720 di-

1847 2766 2011 2826 xerit,
2047 2778 2212 2835 opera
2234 2771 2414 2817 vestra
2448 2778 2557 2817 nou
2587 2762 2825 2833 indigeo,
2861 2761 3005 2817 sicut
3029 2777 3130 2815 nec
3164 2759 3420 2814 manibus

1848 2855 2070 2926 quidem
2105 2855 2252 2910 oculi
2280 2855 2345 2910 ⁸⁸.
2392 2874 2412 2906 ι
2440 2853 2552 2909 Illis
2580 2869 2710 2923 ergo
2739 2854 3080 2924 temporibus
3111 2851 3309 2922 quibus
3336 2851 3421 2904 in-

1846 2945 2184 3001 sectationes
2231 2952 2575 3014 grassantur,
2614 2945 2659 2999 si
2702 2960 2811 3014 qua
2849 2945 2987 2998 forte
3015 2942 3217 2997 Christi
3249 2954 3421 2995 mem-

1773 3077 1816 3136 c
1849 3038 1947 3092 bra
1979 3038 2048 3091 ab
2077 3037 2318 3092 inimicis
2363 3046 2524 3106 atque
2564 3036 2818 3093 hostibus
2863 3044 3150 3098 vexentur,
3196 3048 3307 3088 non
3336 3034 3422 3087 in-

1849 3129 2173 3200 tempestive
2205 3128 2274 3184 de
2296 3129 2404 3184 illis
2438 3141 2551 3184 tum
2575 3146 2793 3203 quoque
2822 3128 3054 3183 dixerit:
3086 3145 3106 3177 ‹
3145 3125 3423 3182 Foderunt

1848 3235 2050 3276 manus
2071 3235 2221 3275 meas
2252 3228 2305 3274 et
2327 3221 2493 3289 pezies
2518 3222 2689 3285 meos,
2717 3220 3206 3275 dinumeraverunt
3240 3218 3422 3270 omnia

1850 3327 1975 3367 ossa
2011 3325 2154 3366 mea.
2189 3309 2294 3380 Ipsi
2324 3321 2504 3365 autem
2530 3313 3042 3374 eonsidcraverunt,
3077 3319 3132 3364 et
3171 3311 3424 3377 inspexe-

1848 3409 1980 3457 runt
2009 3402 2063 3457 in
2091 3417 2197 3457 me.
2231 3420 2249 3453 ›
2282 3399 2438 3456 Tunc
2468 3403 2634 3457 etiam
2666 3404 2917 3460 dividunt
2949 3403 3071 3473 ejus
3100 3404 3423 3458 vestimenta

1850 3493 1977 3555 sibi,
2014 3501 2072 3548 et
2100 3494 2153 3545 in
2183 3500 2385 3547 vestem
2414 3493 2539 3562 ejus
2564 3502 2765 3549 sortem
2795 3495 3015 3548 mittunt
3053 3510 3068 3546 :
3096 3507 3222 3546 cum
3250 3493 3424 3561 ipsius

1850 3585 2002 3640 verbi
2054 3593 2334 3645 ornatum.
2382 3585 2489 3641 hoc
2527 3596 2635 3652 est,
2664 3586 2976 3641 divinarum
3007 3583 3424 3654 Scripturarum

1850 3693 2016 3733 voces
2066 3677 2204 3733 alias
2252 3679 2410 3733 aliter
2447 3680 2829 3749 unusquisque
2861 3676 3168 3746 corrumpit
3197 3684 3252 3730 et
3279 3676 3426 3730 lace-

1851 3777 1959 3834 rat,
2013 3770 2141 3825 item
2198 3784 2324 3825 cum
2373 3771 2663 3840 opiniones
2688 3771 2755 3825 de
2790 3771 2883 3824 illo
2936 3769 3210 3839 perversis
3252 3766 3426 3821 docu-
3508 3810 3523 3824 .

1852 3864 2054 3918 mentis
2087 3861 2391 3932 excipiunt,
2422 3861 2731 3930 cujusmodi
2763 3869 2913 3923 ειιιιι,
2955 3874 3077 3930 quae
3101 3857 3293 3913 nefarii
3316 3856 3428 3911 had

1851 3956 2007 4009 retiri
2038 3955 2219 4010 facere
2249 3955 2442 4011 solent.
2467 3952 2597 4008 Post
2615 3953 2798 4007 omnia
2827 3952 2940 4005 hare
2969 3950 3038 4005 ad
3071 3964 3231 4004 suum
3257 3946 3427 4001 Deum

1853 4055 1909 4101 et
1942 4044 2232 4101 Dominum
2263 4056 2316 4100 et
2350 4044 2566 4099 Patrem
2600 4043 2902 4098 orationem
2933 4039 3221 4096 intendens
3253 4036 3426 4107 subji-

1854 4139 1930 4193 cit
1965 4138 2100 4193 illud
2129 4157 2143 4193 :
2182 4157 2201 4189 ι
2249 4137 2330 4193 Tu
2358 4145 2561 4200 autem,
2586 4134 2836 4198 Domine,
2867 4147 2937 4187 ne
2961 4133 3148 4203 procul
3173 4144 3427 4184 amoveas

1857 4231 2121 4285 auxilium
2145 4247 2348 4286 meum.
2385 4251 2402 4282 ι
2442 4228 2723 4298 Siquidem
2762 4236 3022 4298 tanquam
3051 4226 3104 4279 in
3133 4234 3427 4294 angustum

1857 4321 2125 4375 redactus.
2148 4321 2214 4375 ad
2240 4321 2415 4390 ipsam
2440 4319 2758 4375 certaminis
2779 4317 3223 4380 ostentationem,
3256 4323 3311 4369 et
3340 4328 3429 4368 so-

161 4412 340 4484 όνομά
390 4428 483 4466 σου
530 4415 642 4476 τοῖς
687 4412 936 4482 ἀδελφοῖς
967 4428 1102 4483 μουο
1134 4414 1193 4464 ὲν
1239 4410 1388 4482 μέσῳ
1429 4408 1745 4479 Ἐκκλησίας

1859 4413 1948 4469 lus
1978 4414 2187 4484 absque
2212 4415 2463 4482 adjutore
2483 4415 2748 4468 adversus
2774 4419 3005 4467 mortem
3027 4411 3283 4473 nudatus,
3303 4424 3429 4462 cum

162 4508 397 4579 ὑμνήσω
427 4521 506 4558 σε.
542 4524 561 4555 ›
597 4503 841 4575 Πρώτοις
877 4503 975 4575 μὲν
996 4499 1088 4557 οὖν
1117 4505 1228 4567 τοῖς
1262 4500 1452 4555 ἑαυτοῦ
1483 4499 1750 4571 μαθηταῖς

160 4596 265 4651 καὶ
289 4596 609 4661 ἀποστόλοις
628 4595 1022 4666 ἐπαγγέλλεται
1057 4595 1124 4649 τά
1165 4595 1263 4665 τῆς
1292 4595 1376 4647 ἐπ’
1405 4591 1552 4662 αὐτῷ
1578 4592 1754 4663 χαρᾶς

160 4690 265 4744 καὶ
318 4688 693 4757 ἀγαλλιάσεως
732 4686 1200 4756 εύαγγελίσεσθαι,
1244 4684 1508 4755 ἀδελφοὺς
1556 4683 1753 4746 αὐτοὺς

159 4781 453 4855 ὀνομάζων
477 4799 491 4813 ·
535 4777 617 4847 οἷς
659 4780 926 4835 ἀκόλουθα
972 4779 1067 4833 κα)⁸
1116 4780 1144 4831 ό
1189 4776 1467 4842 Ματθαῖος
1514 4776 1759 4830 διδάσκει

158 4876 376 4946 λέγων’
411 4895 431 4927 ι
457 4876 569 4929 Καὶ
600 4874 708 4928 ἰδοὺ
742 4874 770 4925 ό
812 4871 1018 4942 Ἰησοῦς
1042 4873 1353 4943 ἀπήντησεν
1379 4871 1589 4935 αὐταῖς,
1621 4889 1638 4921 ι
1663 4870 1756 4940 δη-

156 4968 345 5023 λονότι
376 4971 497 5031 ταῖς
541 4967 685 5038 ἀμφὶ
728 4966 826 5037 τὴν
873 4963 1236 5035 Μαγδαληνὴν
1266 4963 1506 5033 Μαρίαν,
1541 4962 1715 5031 λέγων
1736 4978 1749 4991 ·

162 5081 188 5114 ι
221 5059 488 5131 Χαίρετε.
521 5078 539 5110 ι
591 5060 656 5112 Δί
692 5057 752 5111 δὲ
798 5054 1191 5129 προσελθοῦσαι
1230 5054 1541 5126 ἐκράτησαν
1589 5054 1754 5108 αὑτοῦ

155 5154 297 5217 τοὺς
334 5151 523 5215 πόδας,
552 5152 647 5205 καὶ
679 5147 1091 5225 προσεκύνησαν
1120 5146 1289 5217 αὐτῷ.
1318 5146 1452 5200 Τότε
1484 5146 1631 5217 λέγει
1660 5148 1756 5201 αὐ-

155 5250 291 5310 ταῖς
321 5247 352 5297 ό
398 5243 634 5313 Ἰησοῦς·
677 5261 696 5294 r
729 5242 821 5312 Μὴ
862 5238 1753 5311 φοϐεῖσθε.⁹Υπάγετε,.ἀπαγγεί-

154 5339 298 5393 λατε
325 5339 442 5400 τοῖς
474 5335 722 5406 ἀδελφοῖς
765 5351 887 5405 μου,
918 5334 1004 5386 ἴνα
1038 5331 1343 5386 ἀπέλθωσιν
1369 5335 1449 5397 είς
1477 5332 1576 5404 τὴν
1604 5333 1757 5387 Γαλι-

154 5431 353 5496 λαίαν,
382 5430 544 5484 κάκεῖ
575 5445 644 5499 με
685 5426 925 5496 ὄψονται.
959 5443 977 5476 ι
1011 5426 1068 5478 '0
1107 5424 1357 5497 Ἰωάννης
1392 5425 1449 5479 δὲ
1497 5425 1633 5496 μετά
1657 5428 1757 5499 τὴν

154 5528 229 5579 ὲκ
274 5522 490 5595 νεκρῶν
524 5522 819 5577 ἀνάστασιν
849 5520 1057 5589 είσάγει
1099 5519 1194 5575 καὶ
1219 5520 1382 5583 αὐτὸς
1425 5519 1514 5574 τὸν
1553 5521 1765 5591 Ἰησοῦν.

239 5618 290 5650 ⁸⁵
334 5614 443 5672 lsa;
480 5632 604 5680 LVI,
644 5616 731 5671 10.
811 5615 855 5647 ⁸⁸
895 5614 911 5669 1
947 5616 1076 5668 Cor.
1112 5628 1201 5678 xu,
1239 5611 1331 5667 21..

236 5712 325 5780 (1)
364 5707 568 5775 Εικώς.
603 5707 746 5778 Lege
770 5710 935 5772 εἰκός.
964 5704 1123 5761 Enn.

1859 4507 2021 4578 plane
2076 4516 2420 4578 compertum
2473 4507 2720 4570 haberet,
2767 4505 3031 4559 auxilium
3078 4502 3184 4559 sibi
3212 4518 3242 4556 a
3273 4496 3455 4554 l’atre'

1857 4614 1969 4653 non
2003 4599 2164 4654 aliter
2194 4598 2362 4652 affore
2399 4613 2561 4668 quam
2594 4613 2690 4669 per
2719 4597 3126 4652 restitutionem
3179 4608 3208 4647 a
3257 4600 3430 4646 morte

1858 4690 1926 4745 ad
1958 4691 2163 4755 vitam,
2187 4692 2383 4746 merito
2415 4692 2469 4744 in
2502 4689 2792 4760 praesentia
2826 4696 2948 4743 orat
2986 4701 3052 4742 ex
3100 4685 3217 4740 acie
3239 4684 3430 4738 adver-

1858 4784 2132 4838 sariorum
2162 4782 2411 4838 evadere.
2449 4781 2720 4849 Quocirca
2766 4772 2847 4836 sic
2893 4782 2968 4833 ait
3000 4797 3015 4834 :
3053 4797 3073 4829 ι
3115 4777 3197 4831 Tu
3226 4784 3431 4837 autem,

1860 4874 2108 4938 Domine,
2137 4891 2205 4931 ne
2237 4875 2429 4944 procul
2486 4888 2742 4928 amoveas
2787 4871 3052 4927 auxilium
3105 4884 3285 4924 meum
3320 4885 3334 4921 :
3366 4868 3432 4921 ad

1862 4967 2265 5039 susceptionem
2296 4982 2471 5022 meam
2526 4966 2760 5036 respice.
2812 4983 2831 5017 ›
2881 4962 3095 5018 Etenim
3126 4962 3195 5016 ab
3231 4960 3431 5015 auxilio

1863 5068 1959 5116 tuo
1990 5061 2269 5131 susceptio
2299 5059 2427 5114 mihi
2452 5058 2653 5123 veniet,
2684 5063 2908 5128 propter
2937 5070 3102 5125 quam
3129 5047 3431 5122 susceptio-

1862 5168 1988 5208 nem
2045 5161 2193 5208 totus
2242 5153 2489 5223 psalmus
2538 5151 2735 5203 merito
2784 5147 3085 5216 inscriptus
3136 5153 3243 5205 est,
3280 5161 3299 5194 ι
3339 5156 3433 5212 pre

1864 5246 2214 5315 susceptione
2237 5244 2526 5298 matutina.
2560 5263 2577 5295 ι
2615 5243 2694 5297 Ad
2723 5241 3131 5309 susceptionem
3163 5237 3331 5307 igitur
3351 5250 3416 5289 re

1862 5339 2033 5408 spice,
2057 5345 2324 5408 prastans
2341 5336 2472 5390 mihi
2499 5350 2665 5406 quam
2697 5333 2981 5389 celerrime
3006 5330 3111 5387 sub
3140 5330 3313 5400 ipsam
3337 5341 3425 5380 au-

1864 5445 2044 5486 roram
2078 5429 2408 5486 reversionis
2442 5443 2471 5482 a
2531 5426 2761 5482 mortuis
2810 5423 3240 5491 susceptionem,
3271 5434 3432 5492 quam

1864 5537 1996 5579 sane
2026 5536 2187 5593 spero
2220 5536 2307 5578 me
2337 5528 2783 5578 consecuturum.
2814 5532 2939 5573 cum
2963 5531 3083 5572 eam
3106 5528 3216 5570 non
3239 5512 3429 5585 procul
