3856 6222
427 332 532 395 78⁸1

1064 331 1336 391 EUSEBH
1368 329 1857 390 CESARIENSIS
1892 328 2043 385 OPP.
2076 328 2256 384 PARS
2282 327 2348 384 ll.
2384 358 2454 369 -—-
2482 324 2979 381 APOLOGETICA.

3588 329 3698 385 788

427 473 461 514 ι
504 472 593 513 me
641 454 933 520 amoveris,
966 462 1022 509 et
1048 453 1313 524 eripueris
1350 471 1370 503 ι
1413 467 1443 505 a
1493 449 1698 506 framea
1738 448 1997 514 animam,

2111 446 2325 515 λέγοντα
2353 444 2489 515 πρὸς
2511 443 2610 516 τὴν
2648 443 2906 515 Μαριάμ·
2941 460 2961 492 ‹
2987 442 3076 513 Μή
3138 458 3237 513 μου
3298 442 3489 497 ἅπτου·
3534 444 3700 498 οὖτα»

425 560 483 607 et
557 564 626 604 es
690 564 856 602 manu
916 546 1073 602 canis
1155 546 1375 601 unicam
1435 557 1656 605 meam,
1698 558 1719 594 ι
1767 552 1822 596 et
1876 553 2003 595 cum

429 640 736 697 servaveris
799 658 819 691 ι
881 654 969 694 me
1019 654 1087 693 ex
1130 652 1227 693 ore
1283 634 1501 698 leonis,
1564 641 1617 688 et
1669 648 1699 687 a
1741 631 2005 687 cornibus

429 730 590 801 507
632 730 978 784 unicoruium
1042 726 1404 782 humilitatem
1460 738 1678 779 meam:
1724 743 1744 776 ι
1805 721 2005 793 quibus

431 822 609 876 verbis
640 821 792 875 illum
825 821 1062 876 arbitror
1085 820 1394 889 signiﬁcare
1419 814 1663 872 infernas
1680 822 1999 884 potestates,

429 926 567 981 quas
601 925 731 965 sane
761 927 871 967 non
897 919 1147 965 nostrum
1177 910 1343 965 fuerit
1369 908 1649 977 speciatim
1668 906 2005 975 distinguere

428 1018 492 1059 ac
523 1002 796 1062 dividere.
844 1002 1302 1072 quemadmodum
1348 1017 1414 1055 ex
1456 1001 1537 1055 eis
1590 999 1694 1053 alia
1749 996 2003 1067 quidem,

429 1109 551 1164 quae
590 1093 791 1149 framea
817 1094 910 1158 sit,
941 1095 1153 1149 intenta
1181 1093 1254 1148 sit
1307 1093 1363 1147 in
1410 1091 1647 1145 animam
1702 1088 2011 1143 Salvatoris-

428 1187 644 1255 nostri;
679 1187 784 1241 alia
809 1201 957 1252 vero,
984 1202 1106 1257 qua:
1137 1186 1237 1256 ipsi
1273 1184 1433 1238 morti
1485 1184 1553 1239 sil
1588 1183 1778 1243 cauis,
1814 1180 2005 1235 morti-

429 1278 600 1333 feram
653 1290 872 1331 manum
929 1276 1255 1348 porrexerit,
1289 1281 1349 1329 ut
1381 1274 1530 1327 illam
1560 1273 1884 1343 attingeret,
1938 1284 2007 1324 ex

430 1383 541 1438 quo
569 1367 645 1421 ait
679 1386 692 1421 :
731 1384 750 1418 ι
787 1365 948 1436 Eripe
977 1379 1011 1420 a
1049 1365 1252 1420 framea
1279 1365 1515 1418 animam
1550 1378 1767 1426 meam,
1826 1368 1883 1415 et
1938 1359 2009 1417 de

430 1475 594 1514 manu
629 1458 783 1515 canis
834 1458 1073 1513 animam
1119 1472 1337 1525 meam;
1388 1475 1408 1509 ι
1448 1456 1555 1509 alia
1590 1455 1716 1509 item
1768 1452 2008 1522 maligna

429 1551 679 1620 quatdam
706 1557 967 1620 potestas,
1007 1550 1252 1605 omnium
1304 1549 1415 1604 illie
1446 1550 1681 1604 ferarum
1714 1546 2006 1617 princeps,

430 1658 553 1714 quae
582 1642 666 1697 leo
698 1641 1042 1711 appelletur,
1093 1640 1187 1696 ubi
1240 1640 1407 1695 latum
1456 1651 1734 1709 supraque
1788 1651 2008 1691 omnem

428 1733 654 1790 modum
687 1733 846 1786 hians
874 1731 1067 1787 mortis
1086 1745 1150 1786 os
1177 1728 1470 1794 diduxerit,
1503 1744 1610 1783 una
1641 1743 1766 1783 cum
1793 1726 2008 1782 «etei-is

2106 536 2216 608 γὰρ
2250 534 2567 605 ἀναϐέϐηκα
2611 533 2748 605 πρὸς
2795 532 2886 587 τὸν
2928 532 3150 604 Πατέρα
3190 549 3323 605 μουο
3353 534 3591 607 πορεύου
3637 533 3699 590 δὲ

2109 628 2246 701 πρὸς
2263 628 2390 692 τοὺς
2419 625 2681 696 ἀδελφούς
2719 643 2840 697 μου,
2866 626 2960 679 καὶ
2991 625 3111 679 είπὲ
3140 626 3349 690 αὐτοῖς·
3392 625 3700 682 ’Δναϐαενω

2108 724 2247 793 πρὸς
2277 721 2369 775 τδν
2402 722 2622 793 Πατέρα
2669 736 2769 791 μου
2803 720 2898 774 καὶ
2943 720 3162 790 Πατέρα
3208 720 3384 792 ὑμῶν,
3415 723 3512 775 καὶ
3550 720 3700 776 Θεό-δ

2110 828 2209 886 μου
2238 814 2329 867 καὶ
2354 812 2487 866 Θεὸν
2516 812 2688 883 ὑμῶν.
2714 832 2732 862 ι
2767 811 3012 883 Πρώτοις
3040 813 3137 883 μὲν
3164 809 3256 867 οὖν
3300 815 3414 877 τοῖς
3457 813 3700 868 ἀποστό-

2107 907 2219 971 λοις
2259 907 2446 969 αὑτοῦ,
2476 905 2568 972 οὓς
2614 907 2775 971 ἰδίους
2821 908 3083 976 ἀδελφοὺς
3122 908 3396 978 ὀνομάζει,
3425 906 3489 960 τὸ
3524 907 3702 978 ὄνομα

2106 999 2200 1052 τοῦ
2226 997 2437 1070 Πατρδς
2459 995 2814 1069 διηγήσεσθαί
2855 1014 2986 1069 φησι
3009 1015 3023 1028 ·
3063 999 3199 1069 μετά
3234 999 3292 1052 δὲ
3326 998 3569 1062 ἐκείνους
3598 998 3701 1052 τά·

2110 1090 2187 1155 εει
2215 1091 2307 1145 καὶ
2336 1089 2627 1161 ἀκολουθίᾳ
2657 1091 2757 1163 τὴν
2784 1089 2903 1143 καθ’
2931 1091 3060 1161 ὅλης
3091 1090 3193 1160 τῆς
3235 1091 3560 1162 οἰκουμένης
3603 1091 3703 1145 ἐπὶ

2106 1181 2186 1253 τῷ
2220 1182 2440 1253 ὀνόματι
2477 1178 2643 1235 αὑτοῦ
2675 1184 2947 1236 συστᾶσαν
2986 1182 3309 1254 Ἐκκλησίαν
3340 1182 3576 1247 διδάξειν
3604 1181 3702 1236 τὸν

2108 1280 2374 1350 πατρικὸν
2404 1278 2572 1349 ὕμνον
2602 1275 3233 1351 ἐπαγγέλλεται.Ὢσπερ
3255 1278 3366 1350 γὰρ
3415 1278 3471 1331 εἴ
3510 1295 3600 1341 τις
3642 1279 3702 1331 ὲν

2111 1371 2261 1444 μέσῳ
2299 1370 2555 1443 μαθητῶν
2581 1370 2866 1436 διεξοδεύοι
2899 1371 3087 1441 λόγους
3113 1372 3205 1424 ἐπὶ
3251 1370 3413 1441 σοφία
3458 1369 3701 1441 διαπρέο

2110 1483 2229 1520 πων
2277 1463 2622 1528 διδάσκαλος,
2673 1464 2813 1536 ὑπὲρ
2862 1463 2955 1517 τοῦ
3009 1458 3295 1526 κάκείνους
3349 1462 3704 1524 ἀκούσαντας

2109 1551 2588 1629 προσυπακούσαι·
2635 1556 2727 1609 τὸν
2772 1548 2933 1609 αὐτὸν
2973 1555 3171 1627 τρόπον
3216 1554 3311 1608 καὶ
3357 1554 3546 1617 αὐτὸς,
3581 1573 3603 1603 ι
3642 1555 3702 1606 ἐν

2114 1650 2264 1721 μέσῳ
2301 1644 2644 1720 Ἐκκλησίας,
2682 1667 2701 1698 ι
2734 1648 2919 1718 φησιν,
2946 1665 2965 1697 ι
3000 1642 3227 1717 ὑμνήσω
3259 1661 3341 1707 σε,
3373 1665 3392 1696 ι
3427 1645 3572 1716 ὑπὲρ
3601 1645 3703 1698 τοῦ

2116 1741 2391 1814 μαθοῦσαν
2438 1741 2538 1812 τὴν
2578 1736 2903 1810 Ἐκκλησίαν
2946 1738 3042 1792 καὶ
3089 1736 3399 1791 ἀκούσασαν
3434 1737 3569 1810 παρ’
3604 1738 3705 1790 αὖ·

430 1839 553 1896 qua:
585 1822 652 1877 ad
686 1824 895 1880 inferos
917 1823 1286 1884 descendunt.
1319 1821 1467 1877 illius
1509 1835 1726 1891 quoque
1765 1821 2003 1874 animam

2111 1799 2223 1897 τοῦ,
2255 1833 2313 1886 ὃν
2368 1799 2633 1904 προσήκει
2685 1799 2908 1903 τρύπον,
2955 1823 3244 1900 μηκέθ’ὡς
3289 1828 3350 1881 τὸ
3392 1799 3535 1899 πρὶν.
3573 1830 3706 1890 τοὺς

428 1918 697 1973 devorare
725 1925 919 1970 conata
945 1916 1038 1977 sit,
1064 1930 1174 1968 non
1200 1914 1358 1967 aliter
1389 1927 1520 1967 sane
1546 1927 1710 1983 quam
1741 1909 2006 1981 quemad-

430 2008 654 2063 modum
682 2007 810 2062 olim
837 2007 992 2077 prius
1007 2007 1298 2061 devoverat
1328 2019 1477 2060 mors
1507 2004 2009 2073 invalescens,qua:

431 2104 647 2173 quidem
676 2116 825 2157 mors
849 2115 955 2155 non
988 2100 1092 2154 alia
1127 2099 1290 2155 fuerit
1320 2113 1477 2168 quam
1501 2098 1592 2168 qui
1628 2097 1732 2152 hoc
1765 2097 1884 2150 loco
1923 2096 2007 2150 leo

431 2196 767 2257 nominatur,
793 2203 849 2248 et
883 2193 974 2263 qui
1023 2208 1085 2248 os
1122 2200 1313 2247 contra
1361 2190 1697 2246 Salvatorcm
1756 2197 2006 2245 nostrum

432 2289 671 2358 aperuit,
701 2302 730 2339 a
757 2301 867 2356 quo
898 2286 1012 2355 ipse
1034 2300 1093 2340 se
1115 2286 1325 2340 salvum
1351 2284 1581 2340 evadere
1613 2280 1826 2337 Patrem
1845 2296 2005 2336 suum

432 2389 592 2442 orat,
636 2377 867 2433 dicens:
909 2394 929 2427 ι
970 2377 1129 2431 Salva
1178 2391 1264 2432 me
1305 2391 1371 2430 ex
1411 2390 1507 2430 ore
1558 2374 1753 2429 leonis.
1794 2393 1813 2425 ι
1862 2371 2006 2427 Fieri

431 2472 595 2524 etiam
628 2474 804 2539 potest
831 2477 890 2523 ut
917 2470 1036 2525 alia:
1064 2478 1323 2538 praeterea
1345 2468 1456 2523 sint
1481 2468 1727 2538 quaedam
1756 2466 2012 2535 maligna:

432 2577 498 2618 ac
527 2559 637 2616 Deo
667 2562 893 2617 rebelles
921 2569 1215 2632 potestates
1240 2558 1501 2616 adversus
1546 2559 1638 2614 Dei
1686 2561 2008 2613 nnicornem

432 2654 691 2720 nitentes,
720 2669 957 2725 eumque
990 2654 1043 2708 in
1068 2652 1376 2708 contrarias
1407 2661 1590 2722 partes
1619 2651 1892 2705 abducere
1914 2665 2009 2704 co-

432 2753 663 2809 nantes,
693 2760 723 2799 a
752 2745 955 2815 quibus
989 2745 1139 2807 item,
1169 2741 1263 2798 Dei
1298 2742 1580 2797 unicornis
1606 2782 1622 2807 ,
1669 2743 1786 2812 ipse
1822 2741 2007 2796 Domi-

430 2846 540 2892 nus
577 2846 783 2901 noster,
809 2838 985 2891 solum
1017 2834 1232 2890 Patrem
1261 2849 1433 2890 cornu
1477 2835 1682 2890 habens
1702 2874 1716 2897 ,
1743 2849 1896 2887 suam
1944 2833 2011 2887 Ii-

430 2928 611 2983 lierari
642 2928 999 2982 humilitatem
1031 2928 1304 2997 postulat,
1337 2926 1527 2981 dicens
1556 2939 1573 2981 τ
1611 2945 1629 2977 ι
1678 2924 1745 2979 Et
1770 2939 1799 2978 a
1827 2923 2012 2979 corui-

430 3020 536 3075 bus
581 3018 924 3073 uuicornium
969 3017 1330 3071 humilitatem
1386 3030 1584 3069 meam.
1617 3034 1636 3067 ι
1692 3012 1798 3069 Sed
1844 3030 2007 3085 quam

431 3111 653 3167 tandem
694 3110 1087 3172 humilitatem,
1148 3110 1255 3164 nisi
1301 3108 1441 3163 hanc
1488 3108 1661 3177 ipsam
1712 3107 2009 3163 secundant

431 3218 618 3274 quam,
653 3220 673 3254 ι
714 3217 841 3257 cum
891 3203 945 3255 in
996 3202 1172 3256 forma
1206 3200 1298 3255 Dei
1328 3208 1496 3266 esset,
1528 3200 1836 3254 humiliavit
1868 3201 2010 3270 seip-

433 3312 555 3351 sum
605 3302 659 3349 et
695 3294 982 3348 evacuavit
1013 3294 1190 3349 factus
1223 3294 1485 3348 obcdiens
1535 3308 1709 3362 usque
1751 3291 1819 3346 ad
1866 3307 2013 3346 mor-

433 3397 565 3447 tem.
598 3393 830 3440 mortem
863 3395 1041 3438 autem
1067 3387 1249 3440 crucis
1279 3385 1362 3439 ³⁸⁸1
1400 3405 1421 3436 ι
1454 3384 1723 3439 Caeterum
1756 3386 1802 3438 is
1826 3387 1918 3455 qui
1945 3382 2013 3437 ad

432 3483 642 3529 tantam
668 3474 1029 3527 humilitatem
1056 3474 1339 3529 descendit
1389 3487 1443 3529 et
1486 3475 1771 3546 hucusque
1818 3490 2012 3546 perve-

432 3568 538 3627 nit.
564 3567 669 3622 hoc
707 3576 791 3622 est
832 3582 1005 3636 usque
1053 3565 1121 3620 ad
1155 3568 1268 3621 orci
1306 3566 1567 3622 frameam
1632 3577 1685 3623 et
1736 3585 1909 3640 usque
1944 3567 2012 3622 ad

433 3674 654 3713 manum
689 3660 832 3730 ejus,
863 3661 955 3731 qui
1007 3661 1136 3715 illuc
1166 3663 1368 3716 dicitur
1403 3663 1555 3717 cauis
1584 3662 1667 3733 (ex
1704 3680 1814 3734 quo
1849 3664 2012 3719 etiam

435 3753 734 3824 scriptores
772 3752 1084 3808 Graecorum
1112 3770 1211 3823 par
1239 3764 1325 3811 est
1368 3771 1491 3810 cum
1518 3756 1585 3811 de
1624 3758 1717 3810 tali
1748 3773 1885 3813 caue
1913 3774 2016 3811 au-v

434 3842 724 3903 divisscnt.
761 3858 871 3912 quo
901 3858 1034 3898 orco
1061 3843 1369 3907 inserviret,
1407 3844 1553 3897 hunc
1584 3845 1762 3914 ipsum
1797 3846 2010 3917 tricipi-

433 3940 541 3987 tem
566 3932 852 4004 pinxisse),
882 3935 1008 3988 item
1038 3936 1129 4005 qui
1164 3950 1336 4006 usque
1358 3936 1423 3990 ad
1460 3935 1643 3991 fauces
1661 3939 1803 4007 ejus,
1822 3937 1888 3994 de
1905 3954 2017 4009 quo

429 4025 544 4095 jam
564 4026 768 4081 dictum
796 4034 899 4091 est,
922 4028 1095 4082 leonis
1120 4030 1377 4097 perrexit,
1400 4042 1453 4085 et
1475 4031 1834 4085 humilitatem
1857 4046 2011 4086 suam

435 4117 764 4174 adversariis
798 4125 853 4173 et
883 4119 993 4174 Deo
1021 4121 1257 4176 inimicis
1291 4124 1649 4178 unicornibus
1688 4123 2012 4189 substravit,

434 4218 490 4262 et
519 4208 830 4277 hujusmodi
881 4211 986 4265 line
1021 4227 1242 4266 omnem
1287 4229 1401 4269 sua:
1430 4217 1804 4272 evacuationis
1825 4226 1878 4272 et
1910 4218 2010 4272 hu-

435 4295 682 4351 militatis
737 4297 1201 4368 dispensationem
1273 4303 1627 4371 terminavit,
1689 4321 1753 4361 ac
1814 4308 2014 4362 deinde

437 4396 691 4457 precatus
717 4398 822 4455 est,
861 4391 1007 4459 quod
1032 4392 1144 4460 jam
1173 4394 1440 4464 reliquum
1468 4406 1613 4461 erat,
1644 4414 1704 4455 se
1733 4407 1785 4455 et
1822 4401 2009 4455 auxilii

434 4485 490 4533 et
513 4481 880 4550 susceptionis
902 4498 931 4536 a
958 4482 1119 4538 Patre
1147 4494 1451 4555 compotem
1479 4487 1618 4554 fleri,
1646 4491 1779 4545 illud
1810 4490 2010 4560 adjun-
2042 4519 2087 4578 ο

434 4572 515 4641 git
540 4589 553 4627 :
592 4590 612 4623 ε
641 4572 721 4627 Tu
744 4585 950 4640 autem,
979 4574 1226 4640 Domine,
1258 4595 1325 4635 ue
1352 4583 1538 4649 procul
1571 4598 1826 4639 amoveas
1853 4584 2013 4638 auxi-

437 4666 569 4718 lium
604 4681 804 4728 mcmn,
835 4674 889 4722 et
915 4671 1314 4740 susceptionem
1343 4688 1517 4727 meam
1548 4676 1776 4744 respice.
1803 4693 1821 4726 ι
1853 4674 2009 4740 Quod

437 4770 571 4812 sane
597 4757 687 4811 ubi
713 4758 869 4823 dixit,
895 4776 1004 4815 non
1033 4762 1124 4815 diu
1158 4772 1400 4817 moratus
1421 4779 1450 4817 a
1478 4761 1638 4819 Patre
1660 4780 1761 4820 suo
1794 4774 1878 4821 est
1911 4781 2008 4820 au-

437 4849 606 4913 ditus,
627 4849 718 4919 qui
744 4853 960 4919 quidem
994 4870 1169 4925 neque
1199 4863 1488 4911 cunctatus
1517 4868 1622 4921 est,
1649 4857 1812 4929 508
1833 4874 2009 4928 neque

436 4941 521 4995 Vel
558 4942 880 4997 brevissimo
920 4951 1166 5015 tempore
1198 4949 1536 5016 supersedit,
1593 4952 1853 5019 operibus
1881 4967 2013 5006 vero

437 5034 818 5089 tantummodo
847 5036 980 5106 ipsis
1029 5037 1095 5091 ad
1134 5054 1256 5093 eum
1288 5042 1607 5110 respondit;
1641 5060 1661 5093 ε
1704 5044 1896 5098 Adhuc
1930 5044 2010 5100 lo-

437 5133 636 5195 quente
664 5135 737 5190 te,
760 5127 958 5194 dicam,
982 5145 1109 5185 ecce
1135 5131 1326 5187 adsum
1358 5133 1419 5186 ".
1455 5151 1474 5184 ι
1503 5132 1688 5204 Itaque
1711 5134 1757 5190 is
1781 5136 1873 5205 qui
1906 5136 2011 5191 hoc

438 5217 616 5286 ipsum
635 5216 746 5286 jam
770 5229 1037 5285 senserat,
1062 5229 1117 5275 et
1145 5224 1356 5291 paterni
1405 5224 1590 5277 auxilii
1616 5264 1631 5289 ,
1668 5227 2017 5295 quemadmo-

438 5322 563 5361 cum
594 5309 1016 5378 supplicaverat,
1053 5327 1279 5381 compos
1309 5314 1486 5369 factus
1517 5324 1657 5375 erat,
1690 5325 1803 5369 tum
1854 5315 2010 5371 deni-

436 5413 545 5469 que
575 5399 727 5454 illinc
752 5401 1011 5473 hymnum
1042 5403 1108 5457 ad
1152 5405 1434 5460 victoriam
1481 5405 1719 5475 inchoat,
1746 5408 1873 5462 dum
1910 5423 2009 5478 pro

436 5491 707 5547 matutina
765 5495 1113 5566 susceptione
1167 5496 1439 5566 psalmum
1493 5497 1665 5562 iacit,
1738 5497 1829 5553 ubi
1889 5501 2005 5553 ait:

444 5598 463 5634 ι
498 5582 744 5640 Narrabo
773 5598 970 5641 nomen
1004 5594 1156 5641 tuum
1201 5587 1463 5645 fratribus
1509 5588 1647 5644 meis
1675 5607 1690 5644 :
1718 5588 1773 5644 in
1832 5589 2015 5645 medio

515 5768 559 5800 ⁸⁸
596 5766 833 5840 Philipp.
872 5783 946 5834 ιι,
982 5767 1097 5835 θῦε
1175 5770 1217 5804 ⁸⁷
1260 5767 1369 5826 ise.
1442 5785 1611 5837 μνη,
1646 5769 1701 5826 9.

2106 1925 2194 1979 δαί
2203 1940 2388 1996 μονας,
2418 1922 2534 1976 ἀλλ’
2563 1922 2728 1976 αὑτὸν
2760 1921 2919 1995 μόνον
2945 1920 3037 1973 τὸν
3061 1919 3274 1973 πάντων
3307 1918 3459 1983 Θεὸν,
3486 1918 3580 1971 διὰ
3606 1916 3705 1972 τοῦ

2107 2016 2559 2085 καταγγείλαντος
2592 2012 2753 2067 αὑτὸν
2792 2012 3069 2083 ἀνυμνεῖν.
3102 2009 3285 2063 Ταῦτα
3310 2009 3544 2077 πράξειν
3596 2010 3707 2062 ὐπ-

2109 2104 2289 2175 ισχνού
2298 2121 2474 2175 μενος,
2496 2103 2696 2175 σφόδρα
2714 2101 3018 2166 ἀκολούθως
3035 2100 3279 2154 ἐντεῦθεν
3302 2100 3402 2170 ἤδη
3432 2098 3709 2172 προστάτ-

2108 2212 2189 2249 τει
2222 2198 2287 2266 τῇ
2331 2194 2625 2265 Ἐκκλησία
2656 2194 2750 2247 καὶ
2782 2195 2895 2256 τοῖς
2922 2192 3087 2246 αὑτοῦ
3113 2190 3358 2261 ἀδελφοῖς
3387 2193 3583 2261 ὑμνεῖν
3608 2190 3706 2244 τὸν

2109 2288 2352 2359 Πατέρα.
2380 2286 2474 2339 Διὸ
2515 2302 2705 2357 ςησιν·
2732 2304 2750 2336 ‹
2772 2286 2835 2338 Οἱ
2865 2282 3190 2354 φοϐούμενοι
3220 2282 3310 2336 τὸν
3345 2281 3575 2353 Κύριον.
3611 2283 3703 2336 ἀί·-

2109 2380 2298 2432 νέσατε
2351 2378 2547 2432 αὐτόν’
2609 2378 2752 2432 ἂπαν
2798 2376 2861 2430 τὸ
2914 2376 3137 2448 σπέρμα
3185 2373 3379 2428 Ἰακὼϐ
3432 2373 3704 2441 δοξάσατε

2109 2470 2271 2524 αὐτόν
2301 2486 2315 2501 ⁸
2379 2489 2397 2521 ι
2456 2471 2568 2532 καὶ,
2628 2490 2647 2521 ι
2703 2468 3104 2540 Φοϐηθήτωσαν
3177 2468 3270 2520 ἀπ’
3316 2465 3481 2519 αὑτοῦ
3553 2465 3705 2518 ἅπαν

2108 2560 2169 2617 τδ
2192 2564 2418 2634 σπέρμα
2459 2560 2695 2633 Ἰσραὴλ,
2725 2562 2806 2615 ὅτι
2836 2561 2936 2613 οὐκ
2964 2558 3341 2624 ὲξουδένωτεν,
3370 2555 3493 2609 οὐδὲ
3526 2571 3703 2627 προσ-

2108 2654 2308 2725 ώχθισε
2360 2657 2423 2726 τῇ
2470 2655 2651 2725 δεήσει
2691 2652 2783 2706 τοῦ
2833 2651 3075 2723 πτωχοῦ,
3105 2650 3225 2704 οὐδὲ
3274 2648 3595 2718 ἀπέστρεψε
3642 2646 3703 2700 τὺ

2110 2747 2398 2818 πρόσωπον
2430 2745 2593 2799 αὐτοῦ
2626 2747 2720 2799 ἀπ’
2750 2744 2905 2816 ἐμοῦ,
2936 2742 3029 2797 καὶ
3063 2745 3121 2796 ὲν
3155 2742 3235 2813 τῷ
3264 2743 3601 2812 κεκραγέναι
3632 2754 3700 2811 με

2111 2837 2247 2908 πρὸς
2288 2832 2448 2890 αὐτὸν
2496 2835 2781 2907 είσήκουσέ
2819 2849 2958 2906 μου·
3012 2852 3031 2885 ι
3079 2827 3147 2887 δι⁴
3176 2827 3251 2886 ὧν
3309 2831 3499 2901 σαςῶς
3558 2847 3699 2903 παρ·

2110 2930 2305 3002 έστησε
2336 2928 2445 2982 τῶν
2474 2924 2981 3000 προωνομασμένων
3012 2926 3196 2980 κακῶν
3222 2925 3286 2997 τὴ
3304 2944 3323 2977 ,ι
3350 2924 3697 2995 ἀπαλλαγήν.

2111 3023 2174 3075 Εἰ
2209 3021 2318 3093 γὰρ
2345 3024 2406 3075 ὲν
2429 3021 2507 3092 τῷ
2538 3020 2867 3092 κεκραγέναι
2892 3020 3030 3091 πρὸς
3062 3016 3219 3072 αὐτὸν
3250 3019 3576 3088 είσήκουσεν
3605 3016 3702 3069 αύο

2110 3113 2226 3176 τοῦ,
2259 3110 2462 3183 ηὔξατο
2491 3113 2546 3165 δὲ
2584 3112 2845 3184 ρυσθῆναι
2872 3111 2980 3165 ἀπὺ
3018 3110 3116 3181 μὲν
3166 3105 3443 3182 ῥομφαίας
3466 3108 3569 3179 τὴν
3598 3107 3697 3178 ψυ.

2113 3207 2212 3276 χὴν
2243 3205 2429 3267 αὑτοῦ,
2466 3206 2531 3257 ἐκ
2557 3204 2614 3257 δὲ
2648 3204 2806 3268 κυνὸς
2837 3203 2935 3275 τὴν
2972 3202 3236 3274 μονογενῆ
3267 3199 3459 3264 αὐτοῦ,
3491 3200 3592 3252 καὶ
3624 3198 3701 3251 ἔτι

2113 3296 2177 3346 ὲκ
2206 3294 2469 3364 στόματος
2501 3290 2732 3356 λέοντος,
2767 3294 2863 3347 καὶ
2890 3292 2996 3345 ἀπὸ
3028 3290 3278 3361 κεράτων
3308 3287 3700 3360 μονοκερὼτων

2110 3387 2221 3457 τὴν,
2253 3386 2576 3439 ταπείνωσιν
2607 3384 2794 3450 αὑτοῦ,
2842 3384 3133 3439 ἀκόλουθόν
3170 3383 3287 3435 ἐστι
3320 3384 3465 3434 νοεῖν
3491 3380 3702 3434 τούτων

2112 3479 2428 3551 ἀπαλλαγὴν
2478 3477 2731 3549 εὑρέσθαι
2780 3477 2872 3530 τὸν
2920 3479 3189 3547 φήσαντα,
3227 3476 3308 3528 ὅτι
3357 3495 3374 3524 ι
3407 3475 3485 3545 μὴ
3533 3490 3704 3545 προσ-

2111 3570 2341 3645 ώχθισεν
2373 3575 2401 3626 ὁ
2432 3566 2565 3633 Θεὸς
2594 3573 2659 3641 τῇ
2694 3569 2872 3640 δεήσει
2921 3566 3107 3631 αὑτοῦ,
3138 3566 3271 3638 μηδὲ
3298 3566 3361 3619 τὸ
3403 3565 3704 3636 πρόσωπον

2113 3663 2452 3735 ἀπέστρεψεν
2468 3663 2562 3716 ἀπ’
2595 3660 2780 3724 αὑτοῦ,
2816 3660 2930 3713 ἀλλ’
2976 3660 3034 3713 ὲν
3078 3658 3157 3730 τῷ
3203 3658 3541 3729 κεκραγέναι
3594 3660 3706 3712 εἰσ⁴

2112 3759 2343 3829 ήκουσεν
2374 3751 2555 3807 αὐτοῦ.
2576 3772 2593 3803 ι
2623 3750 2713 3804 Διό
2738 3751 2830 3803 καὶ
2855 3748 3094 3821 ὑπῆρξεν
3126 3748 3274 3819 αύτῷ
3304 3744 3564 3820 ρυσθέντι
3596 3747 3705 3801 τῶν

2112 3844 2400 3906 τοσούτων,
2435 3842 2527 3894 καὶ
2554 3842 2617 3893 ἐκ
2647 3839 2741 3893 τοῦ
2778 3838 3008 3892 θανάτου
3040 3838 3355 3907 διαφυγόντι
3394 3837 3707 3910 συνδιατρίο

2114 3935 2229 3988 6ειν
2271 3937 2382 3997 τοῖς
2421 3930 2613 3985 ἑαυτοῦ
2669 3924 2939 4002 μαθηταῖς
2981 3929 3118 4000 ὁμοῦ
3169 3930 3261 3981 καὶ
3302 3927 3583 3998 ἀδελφοῖς,
3614 3929 3705 3982 καὶ

2116 4022 2302 4098 ὑμνεῖν
2346 4027 2404 4078 ὲν
2450 4023 2600 4095 μέσῳ
2644 4020 2971 4093 Ἐκκλησίας
3003 4020 3095 4074 τὸν
3136 4020 3377 4091 Πατέρα.
3428 4019 3608 4091 Τηρει
3648 4019 3705 4073 δὲ

2115 4118 2276 4172 πάλιν
2303 4117 2378 4178 ὡς
2421 4115 2636 4185 πτωχὸν
2668 4109 2822 4176 αὖθις
2863 4112 3055 4166 ἑαυτὸν
3089 4110 3353 4165 ἀποκαλεῖ
3392 4125 3456 4162 συ
3465 4108 3705 4181 μερῶνως

2112 4213 2232 4274 ταῖς
2258 4209 2520 4281 πρότερον
2548 4205 2971 4279 παρατεθείσαις
2996 4203 3373 4276 προφητείαις,
3399 4202 3470 4255 δι’
3498 4196 3580 4255 ὧν
3612 4201 3707 4256 πέ-

2113 4322 2212 4375 νης
2243 4304 2336 4357 καὶ
2376 4300 2587 4371 πτωχὸς
2614 4299 2944 4370 ὠνομάζετο.
2985 4296 3124 4349 Ἀλλ’
3158 4294 3281 4348 ἐπεὶ
3313 4294 3406 4347 καὶ
3437 4295 3539 4364 τὴν
3571 4295 3705 4349 ἀνά-

2116 4414 2306 4449 στασιν
2339 4393 2503 4448 αὑτοῦ
2534 4392 2621 4446 διά
2647 4393 2850 4445 τούτων
2880 4389 3240 4461 παρέστησεν,
3268 4383 3421 4449 αὖθις
3449 4387 3593 4458 πρὸς
3617 4386 3705 4439 τὸν

2115 4488 2333 4559 Πατέρα
2378 4485 2721 4556 ἐπιστρέφων
2753 4483 2844 4537 τὸν
2888 4483 3081 4550 λόγον·
3118 4500 3138 4532 σ
3171 4477 3327 4552 Παρὰ
3362 4477 3482 4543 σοῦ,
3527 4496 3551 4531 ι
3605 4496 3705 4549 φη-

2119 4578 2222 4644 σὶν,
2268 4600 2285 4630 ι
2344 4582 2371 4633 ὁ
2417 4578 2638 4641 ἔπαινός
2678 4594 2779 4648 μου
2821 4578 2877 4628 ἐν
2917 4574 3214 4644 Ἐκκλησία⁵
3253 4570 3489 4644 μεγάλῃ,
3533 4589 3557 4621 ι
3606 4569 3705 4641 τῆς

2115 4675 2201 4728 ἐπ’
2231 4675 2456 4744 ὀνόματι
2487 4671 2652 4726 αὐτοῦ
2688 4668 2962 4739 συστάσης
2986 4668 3044 4734 ἐξ
3077 4665 3244 4719 ἐθνῶν
3275 4663 3399 4718 καθ’
3432 4665 3568 4736 ὅλης
3609 4665 3704 4735 τῆς

2114 4768 2437 4839 οἰκουμένης
2479 4766 2800 4838 Ἐκκλησίας
2830 4760 3201 4834 μνημονεύων,
3231 4761 3289 4812 ἐν
3390 4761 3419 4812 ὁ
3446 4757 3581 4829 περὶ
3612 4757 3703 4811 τοῦ

2116 4862 2368 4932 Σωτῆρος
2412 4859 2567 4932 ἡμῶν
2609 4859 2829 4921 ἔπαινος
2864 4855 2952 4910 διὰ
2984 4853 3184 4918 παντὸς
3220 4852 3426 4924 ᾄδεται,
3471 4852 3701 4924 νεύματι

2113 4953 2205 5005 τοῦ
2236 4951 2447 5025 Πατρδς
2478 4949 2647 5005 αὐτοῦ
2679 4950 2773 5003 καὶ
2812 4948 3071 5019 συνεργία
3096 4963 3109 4976 ·
3155 4945 3235 4998 διό
3281 4961 3416 5015 φησι
3439 4959 3452 4969 “
3491 4964 3510 4996 ι
3543 4945 3703 5017 Παρὰ

2116 5043 2208 5097 σοῦ
2236 5046 2264 5097 ὁ
2297 5043 2513 5108 ἔπαινός
2558 5061 2659 5115 μου
2699 5044 2755 5095 ἐν
2795 5040 3089 5111 Ἐκκλησία
3121 5037 3335 5112 μεγάλῃ
3360 5055 3375 5068 ι
3428 5057 3447 5089 ι
3489 5037 3698 5109 μεγάλη

2113 5137 2221 5209 γὰρ
2246 5137 2321 5198 ὡς
2353 5135 2569 5208 ἀληθῶς
2598 5138 2632 5207 ἡ
2679 5133 2974 5203 Ἐκκλησία
2997 5130 3156 5202 αὕτη,
3186 5131 3251 5182 ὲκ
3284 5130 3489 5194 παντὸς
3514 5129 3701 5199 γένους

2115 5228 2417 5300 ἀνθρώπων
2462 5225 2965 5298 συγκεκροτημένη,
3008 5222 3129 5277 οὐδὲ
3174 5220 3571 5292 συγκρίνεσθαι
3615 5220 3700 5274 διά

2114 5319 2176 5371 τὸ
2209 5319 2405 5389 σεμνὸν
2449 5319 2543 5372 xa‘t
2575 5317 2851 5389 ὑπερφυὲς
2889 5314 2982 5368 τοῦ
3028 5312 3165 5383 βίου,
3215 5314 3312 5366 καὶ
3350 5312 3441 5366 διὰ
3483 5313 3545 5367 τὸ
3594 5312 3697 5366 τῶν

2115 5407 2398 5479 δογμάτων
2448 5407 2694 5480 μέγεθος,
2730 5405 2855 5471 ἀξία
2894 5405 2972 5477 τῷ
3012 5404 3281 5459 Ἰουδαίων
3313 5402 3462 5456 ἔθνει
3509 5404 3607 5457 καὶ
3634 5405 3694 5474 τῇ

2117 5499 2226 5552 τῶν
2275 5502 2338 5553 ἐκ
2371 5501 2673 5585 περιτομῆς
2717 5500 3025 5569 συναγωγῇ,
3062 5495 3212 5569 πάσῃ
3247 5496 3499 5567 πτωχεία
3541 5494 3694 5565 λόγου

2120 5593 2213 5644 κα).
2246 5590 2382 5661 βίου,
2415 5592 2511 5645 καὶ
2541 5583 2905 5663 φρονήματος,
2948 5590 3040 5643 καὶ
3069 5589 3170 5659 τῆς
3203 5586 3376 5659 ἄλλης
3408 5588 3540 5662 περὶ
3565 5583 3694 5643 Θεοῦ
