3856 6222
223 242 334 302 789

1088 242 1743 303 DEMONSTRATIONIS
1778 244 2235 304 EVANGELICJE
2274 247 2405 308 LIB.
2445 249 2514 307 Χ.

3387 254 3485 314 790

222 360 384 432 δόξης
428 363 870 435 ἐσμικρυμμένῃ.
916 357 1029 416 Εἶτ’
1081 362 1357 432 ἐπιλέγειι
1420 379 1441 415 ι
1490 361 1604 426 Τὰς
1647 363 1812 433 εὐχάς

1918 363 2175 423 Ecclesiae
2202 367 2433 424 laudabo
2475 378 2546 425 te.
2593 388 2612 422 ι
2651 368 2851 426 Primis
2885 371 3033 428 enim
3059 370 3176 429 suis
3203 372 3485 446 discipulis

227 471 333 527 μου
352 453 433 526 τῷ
463 455 653 527 Κυρίῳ
685 454 951 509 ἀποδώσω
975 453 1204 509 ἐνώπιον
1235 455 1453 510 πάντων
1478 456 1587 509 τῶν
1614 455 1809 526 (90600-

229 545 408 620 μένων
434 546 593 601 αὐτόν
611 563 625 578 ·
640 567 659 599 ι
684 545 1047 617 φοϐουμένους
1066 546 1227 601 αὐτὸν
1248 547 1537 603 ἀποκαλῶν
1554 548 1654 620 τὴν
1684 548 1809 620 πρό-

223 655 385 712 τερον
417 639 806 710 ὀνομασθεῖσαν
840 640 1166 712 Ἐκκλησίαν
1198 640 1461 713 μεγάλην,
1487 636 1569 706 οἷς
1594 642 1805 710 ἐλεγενο

231 751 255 786 ι
291 733 356 788 Οἱ
375 730 696 803 φοϐούμενοι
715 732 803 786 τὸν
832 731 1055 805 Κύριον,
1086 732 1337 788 αἱνέσατε
1364 734 1546 788 αὐτόν.
1594 753 1613 786 ι
1643 735 1811 800 Ποίας

223 821 288 879 δὲ
319 823 487 895 εὐχὰς
518 823 818 878 ἀποδώσειν
854 825 1038 895 φησὶν,
1069 824 1101 896 ἦ
1128 824 1195 890 ἂς
1222 826 1620 898 ἐπηγγείλατο;
1650 828 1810 893 ποίας

224 914 289 972 δὲ
319 915 685 987 ἐπηγγείλατο
712 916 745 987 ἢ
785 916 1017 981 ἐκείνας,
1040 917 1106 971 δι’
1138 911 1213 970 ὧν
1244 917 1413 991 ἔφησε
1432 936 1445 950 ·
1488 938 1506 970 ι
1544 920 1813 991 Διηγήσο-

232 1023 329 1078 μαι
368 1005 432 1060 τδ
460 1005 631 1077 δνομά
675 1023 768 1060 σου
807 1010 917 1071 τοῖς
952 1008 1202 1077 ἀδελφοῖς
1235 1026 1364 1081 μου·
1402 1012 1460 1063 ἐν
1498 1010 1648 1083 μέσῳ
1691 1012 1813 1066 Ἑκ-

227 1095 460 1167 κλησίας
490 1098 717 1168 ὑμνήσω
749 1114 829 1160 σε,
857 1117 875 1150 t
905 1100 1060 1170 εὐχαὶ
1097 1101 1193 1173 γάρ
1216 1102 1353 1154 είσιν
1381 1103 1436 1155 αἱ
1465 1100 1809 1171 ἐπαγγελίαι,

226 1188 301 1254 ἃς
332 1188 797 1260 ἐπαγγειλάμενος
840 1189 1033 1245 δώσειν
1076 1199 1133 1247 ἐν
1175 1192 1325 1265 μέσῳ
1368 1194 1692 1265 Ἐκκλησίας
1732 1194 1813 1248 δι-

226 1281 562 1337 εϐεϐαιοῦτο.
596 1282 817 1347 Τούτοις
842 1281 966 1353 ἑξῆς
988 1283 1263 1354 ἐπιλέγει·
1301 1305 1318 1337 ι
1343 1285 1610 1354 Φάγονται
1644 1286 1812 1358 πένη-

226 1393 326 1437 τες
369 1376 461 1430 καὶ
502 1374 1007 1447 ἐμπλησθήσονται,
1052 1377 1148 1431 καὶ
1197 1376 1468 1430 αίνέσουσι
1513 1378 1716 1449 Κύριον
1762 1379 1811 1432 οἱ

229 1465 591 1538 ἐκζητοῦντες
628 1466 810 1521 αὐτόν.
853 1469 1117 1537 Ζήσονται
1167 1468 1224 1521 αί
1257 1467 1477 1540 καρδίαι
1525 1468 1703 1523 αὐτῶν
1735 1471 1814 1532 είς

229 1555 408 1610 αίῶνα
459 1555 670 1620 αἰῶνος.
715 1556 1132 1627 Μνησθήσονται
1174 1558 1267 1611 καὶ
1314 1558 1813 1629 ἐπιστραφήσονται

230 1646 375 1719 πρὸς
405 1645 608 1720 Κύριον
648 1647 827 1701 πάντα
866 1646 932 1700 τὰ
971 1646 1183 1721 πέρατα
1224 1638 1325 1720 τῆς
1356 1649 1481 1719 γῆς,
1514 1651 1608 1704 καὶ
1642 1665 1813 1722 προσ-

1909 466 1964 513 et
1990 461 2254 530 apostolis
2289 477 2410 533 quae
2452 462 2519 518 ad
2553 477 2709 518 suam
2745 463 2988 518 lietitiam
3051 473 3106 520 et
3161 466 3483 521 exsultatio-

1907 563 2031 604 item
2063 550 2370 620 pertinent,
2422 552 2710 621 pollicetur
2737 567 2795 608 se
2842 554 3246 619 nuntiaturum,
3279 570 3373 611 eos
3404 558 3484 611 in-

1908 641 2067 697 terim
2103 643 2393 699 nominans
2430 642 2624 700 fratres
2650 663 2665 699 :
2697 645 2897 714 quibus
2925 645 3088 701 etiam
3118 656 3485 705 consentanea

1908 733 2195 789 Mattliaeus
2228 737 2475 805 exponit,
2505 736 2634 790 dum
2665 737 2797 790 dicit
2827 757 2840 791 ;
2872 755 2891 788 ι
2956 736 3019 791 lit
3045 753 3173 795 ecce
3198 737 3361 795 Jesus
3391 756 3487 797 oc-

1909 829 2086 881 currit
2130 828 2259 890 illis,
2295 848 2315 880 ι
2366 829 2454 884 tibi
2490 829 2613 885 illas
2649 830 2943 900 intelligit,
2979 847 3101 901 qua:
3135 847 3258 887 cum
3315 833 3485 889 Maria

1911 912 2227 986 Magdalcne
2258 924 2416 970 erant
2437 955 2452 980 ,
2488 934 2508 967 ι
2537 915 2730 974 dicens
2756 938 2768 973 :
2801 917 3034 976 Salvete.
3062 920 3171 976 Illae
3194 929 3376 976 autem
3400 939 3488 979 ac-

1910 1014 2196 1062 cesserunt
2222 1016 2277 1064 et
2308 1016 2601 1063 tenuerunt
2628 1011 2748 1078 ejus
2777 1012 2941 1080 pedes
2960 1052 2976 1076 ,
3026 1021 3082 1067 et
3124 1013 3487 1071 adoraverunt

1910 1114 2058 1155 eum.
2096 1097 2250 1154 Tunc
2275 1102 2352 1154 ait
2385 1101 2492 1156 illis
2514 1099 2716 1157 Jesus;
2759 1100 2938 1158 Nolite
2974 1103 3182 1160 timere.
3233 1104 3343 1169 lle,
3387 1123 3488 1162 an-

1912 1190 2164 1244 nuntiate
2191 1188 2454 1245 fratribus
2490 1191 2646 1253 meis,
2677 1200 2734 1246 ut
2764 1193 2964 1248 abeant
2994 1195 3047 1247 in
3082 1193 3391 1256 Galilzeam,
3432 1205 3489 1252 ct

1913 1282 1986 1339 ibi
2022 1298 2108 1338 me
2138 1283 2399 1338 videbunt
2428 1284 2490 1337 ιδ.
2526 1303 2547 1337 ι
2592 1284 2660 1339 At
2684 1300 2815 1341 vero
2843 1285 3085 1341 Joannes
3112 1295 3233 1358 post
3264 1289 3490 1344 reditio-

1913 1388 2036 1429 nem
2071 1388 2101 1428 a
2129 1375 2359 1430 mortuis
2381 1375 2499 1446 ipse
2527 1392 2742 1446 quoque
2767 1375 2975 1432 inducit
2998 1376 3184 1435 Jesuin
3214 1379 3486 1435 dicentem

1914 1464 1982 1520 ad
2024 1464 2199 1535 ipsam
2249 1464 2518 1522 Mariam:
2572 1485 2591 1518 ι
2642 1467 2763 1524 Noli
2797 1484 2880 1524 me
2929 1476 3192 1540 tangere:
3243 1472 3486 1527 nondum

1913 1557 2058 1613 enim
2089 1558 2311 1612 ascendi
2362 1557 2430 1612 ad
2478 1556 2695 1613 Patrem
2732 1575 2935 1616 meum.
3002 1558 3151 1616 Vade
3201 1568 3382 1618 autem
3417 1563 3486 1619 ad

1915 1645 2112 1703 fratres
2141 1662 2311 1710 meos,
2340 1656 2393 1703 et
2418 1647 2508 1703 die
2534 1649 2614 1704 eis
2646 1668 2660 1703 :
2693 1648 2944 1706 Ascendo
2971 1650 3040 1705 ad
3061 1649 3275 1706 Patrem
3305 1667 3487 1708 meum

229 1739 559 1810 κυνήσουσιν
614 1735 842 1791 ἐνώπιον
889 1737 1052 1792 αὐτοῦ
1107 1739 1275 1793 πᾶσαι
1327 1741 1382 1793 αί
1446 1741 1670 1812 πατριαὶ
1706 1740 1817 1794 τῶν

1918 1746 1971 1794 et
2000 1736 2219 1793 Patrem
2252 1745 2532 1802 vestrum,
2591 1747 2644 1795 et
2676 1737 2845 1794 Deum
2896 1754 3075 1795 meum
3112 1749 3167 1796 et
3198 1739 3367 1795 Deum
3392 1756 3487 1796 ve-

230 1827 434 1883 ἐθνῶψ
467 1830 548 1883 ὅτι
572 1828 666 1884 τοῦ
702 1828 907 1899 Κυρίου
939 1831 973 1902 ή
1004 1828 1268 1900 βασιλεία,
1296 1830 1391 1884 καὶ
1423 1830 1584 1896 αὐτὸς
1617 1831 1809 1885 δεσπό-

233 1912 322 1987 ζει
353 1919 461 1977 τῶν
493 1921 680 1975 ἐθνῶν.
721 1941 739 1973 ι
775 1921 852 1974 Δι’
889 1914 964 1975 ὧν
995 1921 1200 1994 σφόδρα
1234 1922 1542 1987 ἀκολούθως
1574 1923 1642 1977 τὰ
1678 1923 1817 1994 μετά

234 2013 339 2086 τὴν
367 2013 660 2069 ἀνάστασιν
692 2011 857 2066 αὑτοῦ
892 2011 1291 2085 κατορθώματα
1335 2014 1626 2083 ἀναφωνεῖ,
1654 2014 1689 2069 ἃ
1723 2015 1817 2070 καὶ

232 2103 593 2176 πεπλήρωται
616 2101 703 2157 διὰ
728 2103 831 2173 τῆς
858 2103 917 2171 ἐξ
945 2103 1197 2158 ἁπάντων
1221 2103 1328 2158 τῶν
1354 2103 1521 2159 ἐθνῶν
1548 2105 1815 2177 κλήσεως,

232 2195 328 2249 διά
354 2212 415 2248 τε
442 2194 541 2267 τῆς
570 2195 627 2248 ἐν
650 2197 765 2258 τοῖς
794 2194 993 2267 πέρασι
1025 2196 1123 2267 τῆς
1155 2197 1478 2269 οἰκουμένης
1515 2197 1816 2270 ἀνθρώπων

235 2283 491 2355 ἐκλογῆς,
542 2278 619 2338 ὧν
666 2287 722 2338 αἱ
779 2285 1034 2350 ἐκϐάσεις
1092 2286 1389 2358 ὀφθαλμοῖς
1448 2286 1816 2361 θεωρούμεναι

235 2378 456 2433 πάντων
488 2376 555 2431 ἂν
597 2377 838 2447 γένοιντο
863 2378 970 2431 τῶν
1012 2379 1101 2433 διὰ
1134 2379 1229 2433 τοῦ
1263 2380 1477 2452 ψαλμοῦ
1511 2380 1816 2453 λεγομένων

237 2472 667 2543 παραστατικαί.
719 2471 959 2545 Πένητες
1004 2473 1061 2528 δέ
1108 2474 1270 2529 πάλιν
1319 2478 1502 2546 ἡμεῖς,
1548 2475 1640 2540 οὓς
1678 2477 1819 2531 κατὰ

235 2561 372 2617 Θεὸν
407 2563 784 2634 πτωχεύοντας
832 2564 1111 2638 ἐκτρέφων
1163 2568 1191 2620 6
1236 2568 1501 2639 σωτήριος
1527 2566 1698 2636 Λόγος
1737 2566 1817 2639 τῷ

236 2654 415 2726 νοητῷ
446 2657 539 2709 καὶ
569 2654 771 2726 λογικῷ
812 2656 958 2731 ἄρτῳ
990 2660 1109 2722 ταῖς
1154 2657 1436 2722 ζωοποιοῖς
1482 2658 1590 2711 τῶν
1631 2658 1817 2729 ψυχῶν

234 2742 485 2819 τροφαῖς,
525 2746 620 2819 τὴν
652 2745 869 2803 αἰώνιον
899 2751 1029 2821 ήμῖν
1070 2750 1298 2822 παρέχει
1333 2749 1498 2822 ζωήν.
1532 2749 1620 2804 Διό
1653 2768 1818 2821 φησιν

235 2841 266 2894 6
297 2838 510 2910 ψαλμός
528 2857 542 2871 ·
609 2861 628 2893 ι
662 2843 929 2911 Φάγονται
956 2843 1186 2914 πένητες
1207 2844 1301 2896 καὶ
1324 2843 1817 2915 ἐμπλησθήσονται,

237 2932 338 2988 καὶ
368 2933 638 2988 αἰνέσουσι
670 2933 873 3007 Κύριον
909 2936 959 2989 oi.
998 2933 1352 3007 ἐκζητοῦντες
1400 2933 1582 2989 αὐτόν.
1621 2937 1819 3005 Ζήσον-

234 3040 333 3077 ται
362 3025 419 3078 αί
450 3024 665 3097 καρδίαι
697 3027 877 3081 αὐτῶν
905 3028 986 3091 εἰς
1011 3026 1184 3081 αἰῶνα
1204 3026 1417 3090 αἰῶνος.
1456 3045 1474 3077 ι
1512 3027 1622 3080 Καὶ
1646 3028 1674 3080 6
1702 3025 1820 3079 ἐπί-

236 3113 401 3184 λογος
421 3115 479 3169 δὲ
503 3117 601 3188 τῆς
628 3117 754 3190 ὅλης
780 3117 1114 3191 προφητείας
1148 3116 1288 3188 μετά
1311 3117 1488 3173 πάντα
1514 3119 1817 3191 ἐπιφέρων⁹

245 3227 265 3259 ι
320 3205 777 3281 Ἀναγγελήσεται
798 3211 875 3281 τῷ
906 3210 1098 3281 Κυρίῳ
1126 3208 1290 3277 γενεὰ
1320 3211 1353 3280 ἡ
1386 3208 1674 3281 ἐρχομένη.
1708 3208 1821 3261 Καὶ

235 3298 599 3369 ἀναγγελοῦσι
622 3301 721 3372 τὴν
749 3301 1094 3372 δικαιοσύνην
1125 3301 1289 3354 αὐτοῦ
1320 3300 1435 3372 λαῷ
1456 3301 1534 3372 τῷ
1562 3299 1820 3379 τεχθησο-

241 3390 414 3463 μένῳ,
467 3390 526 3445 δν
577 3392 831 3463 ἐποίησεν
867 3393 897 3444 6
953 3393 1185 3464 Κύριος·
1232 3412 1252 3444 υ
1290 3392 1547 3463 ἄντικρυς
1592 3391 1684 3445 τὸν
1758 3388 1821 3455 ἐξ

236 3483 414 3538 ἐθνῶν
447 3483 801 3558 προθεσπίζει
828 3484 975 3549 λαὸν,
1029 3485 1121 3538 καὶ
1152 3485 1251 3557 τὴν
1300 3482 1388 3537 διὰ
1426 3483 1519 3537 τοῦ
1570 3483 1820 3553 Σωτῆρος

237 3570 401 3644 ήμῶν
443 3571 615 3644 Ἰησοῦ
646 3570 881 3645 Χριστοῦ
916 3575 1188 3627 συστᾶσαν
1222 3573 1313 3626 ἐπὶ
1344 3573 1443 3642 τῆς
1471 3572 1573 3642 γῆς
1605 3571 1814 3640 γενεάν.

237 3664 344 3728 Τίς
367 3662 473 3736 γὰρ
500 3664 565 3718 ἂν
588 3664 673 3737 εἴη
706 3666 735 3718 6
771 3665 910 3737 μεεά
935 3666 1108 3720 ταῦτα
1146 3664 1499 3737 τεχθήσεσθαι
1532 3664 1820 3735 λεγόμενος

236 3754 321 3826 τῷ
353 3754 472 3826 Θεῷ
497 3755 645 3821 λαὸς,
679 3756 844 3812 πάλαι
878 3756 952 3829 μὴ
978 3757 1075 3823 ῶν,
1104 3757 1223 3829 μηδ’
1251 3755 1496 3826 ὑφεστὼς
1532 3758 1589 3810 ἐν
1621 3755 1822 3828 ἀνθρώ-

238 3865 388 3912 ποις,
423 3846 646 3918 ὖστερον
678 3848 735 3902 δὲ
767 3847 1040 3919 γεγονώς;
1087 3849 1171 3914 τίς
1215 3867 1272 3903 τε
1314 3849 1375 3902 ού
1412 3849 1486 3920 μὴ
1517 3845 1652 3902 οὖσα
1675 3849 1819 3913 τότε,

236 3938 509 4010 λεγομένη
532 3939 589 3993 δέ
618 3939 932 3995 ἐλεύσεσθαι
956 3940 1139 4011 γενεὰ,
1175 3943 1224 3994 εί
1251 3941 1324 4013 μὴ
1379 3940 1514 4012 αὔτη
1542 3944 1575 4013 ή
1603 3941 1688 3996 διὰ
1726 3940 1820 3995 τοῦ

237 4028 495 4104 Σωτῆρος
525 4031 680 4102 ήμῶν
708 4034 767 4085 ὲν
800 4034 963 4086 παντὶ
997 4032 1076 4103 τῷ
1104 4034 1296 4105 κόσμῳ
1316 4036 1561 4089 συστᾶσα
1596 4032 1824 4103 Ἐκκλη-

237 4122 369 4188 σία;
400 4124 495 4176 καὶ
519 4126 547 4178 ὀ
568 4124 687 4188 νέος
716 4124 775 4190 ἐξ
799 4123 969 4178 ἐθνῶν
999 4125 1148 4190 λαὸς,
1183 4127 1269 4194 ἐφ’
1299 4120 1343 4195 ᾧ
1366 4127 1461 4180 καὶ
1487 4125 1575 4180 διὰ
1604 4126 1821 4180 Ἡσαΐου

236 4217 303 4271 τὸ
350 4215 578 4288 Πνεῦμα
603 4218 665 4272 τὸ
712 4217 865 4286 ἅγιον
897 4217 1287 4289 θαυμαστικῶς
1318 4215 1696 4288 ἀπεφθέγξατο
1722 4219 1825 4289 φῆ-

240 4327 345 4365 σαν
368 4326 383 4340 ’
423 4328 442 4361 ι
488 4311 584 4374 Τίς
603 4313 801 4383 ἤκουσε
834 4313 1078 4379 τοιαῦτα,
1108 4314 1203 4368 καὶ
1227 4313 1312 4377 τίς
1343 4312 1587 4384 ἑώρακεν
1610 4310 1821 4377 οῦτως;

1916 1838 2090 1885 strum
2128 1831 2193 1888 ¹⁹.
2236 1850 2255 1883 ι
2289 1829 2488 1886 Primis
2515 1844 2648 1901 ergo
2676 1832 2941 1903 apostolis
2991 1831 3137 1897 suis,
3173 1848 3312 1903 quos
3346 1849 3488 1890 ,suos

1917 1920 2115 1977 fratres
2141 1923 2405 1986 nominat,
2440 1938 2638 1979 nomen
2683 1939 2742 1980 se
2772 1922 2951 1981 Patris
2997 1926 3083 1981 sui
3135 1933 3488 1981 narraturum

1916 2016 2014 2069 ait.
2044 2013 2175 2071 Post
2206 2015 2328 2072 illos
2361 2025 2578 2081 autem,
2631 2016 2753 2087 ipso
2783 2016 2977 2074 ordine
3028 2019 3256 2089 ipsaque
3292 2034 3487 2075 conseo

1915 2109 2115 2179 quendi
2152 2108 2363 2164 ratione
2385 2108 2661 2175 Ecclesia),
2695 2125 2817 2180 qua:
2845 2125 2940 2180 per
2961 2118 3135 2165 totum
3170 2113 3358 2167 orbem
3382 2118 3492 2167 ter-

1915 2214 2101 2254 rarum
2150 2199 2204 2254 in
2239 2200 2460 2265 nomine
2515 2201 2688 2271 ipsius
2745 2201 2972 2256 fundata
3030 2209 3148 2269 est,
3206 2211 3491 2273 paternum

1917 2289 1977 2361 li}
1994 2306 2179 2345 mnum
2215 2306 2273 2346 se
2301 2292 2674 2362 expositurum
2708 2294 2993 2363 promittit.
3021 2293 3492 2360 Quemadmodum

1915 2380 2061 2435 enim
2101 2380 2147 2436 si
2197 2380 2321 2451 quis
2363 2382 2639 2437 excellens
2668 2382 2932 2453 sapientia
2963 2392 3265 2454 prmeplor
3294 2385 3349 2438 in
3380 2398 3495 2441 meo

1917 2471 2029 2529 diis
2055 2472 2172 2526 suis
2203 2471 2490 2542 discipulis
2522 2472 2687 2527 verba
2722 2481 3041 2543 percurrat,
3105 2481 3165 2528 ut
3217 2470 3324 2546 ipsi
3354 2489 3494 2543 quo-

1917 2578 2024 2630 que
2053 2560 2336 2616 audientes
2367 2556 2700 2627 auscultent,
2733 2563 2808 2617 ita
2840 2563 3004 2619 etiam
3052 2564 3142 2619 ille
3175 2581 3195 2614 ι
3233 2563 3286 2617 in
3315 2564 3495 2620 medio

1918 2651 2196 2717 Ecclesiae,
2227 2653 2424 2724 inquit,
2458 2654 2693 2709 laudabo
2725 2662 2800 2718 te,
2838 2675 2859 2707 ι
2917 2661 2975 2709 ut
3008 2670 3133 2710 cum
3174 2654 3276 2710 hoc
3303 2653 3496 2713 Ecde-

1919 2750 1999 2805 sia
2028 2749 2298 2817 didicerit,
2327 2749 2455 2805 dum
2491 2750 2560 2805 ab
2595 2752 2715 2820 ipso
2747 2751 2937 2815 audit,
2992 2765 3103 2806 non
3136 2751 3276 2804 ultra
3305 2758 3364 2806 ut
3395 2764 3494 2806 aft-

1919 2850 2006 2897 tea
2039 2840 2344 2906 daemonas,
2397 2842 2529 2904 sed,
2577 2851 2636 2895 ut
2694 2858 2786 2912 par
2842 2851 2968 2906 est,
3016 2842 3194 2913 ipsum
3253 2841 3494 2898 universi

1920 2929 2089 2986 Deum
2125 2946 2219 3001 per
2238 2946 2383 2995 eum,
2416 2931 2507 3002 qui
2541 2931 2692 2986 illum
2723 2932 3047 2996 denuntiat,
3104 2932 3320 3004 hymnis
3357 2946 3495 2986 cun-

1921 3022 2177 3078 celebret.
2204 3022 2328 3079 llaec
2357 3024 2448 3078 ubi
2477 3039 2537 3079 se.
2572 3022 2845 3079 facturum
2876 3025 3123 3096 promisit
3154 3063 3171 3087 ,
3228 3032 3344 3078 tum
3395 3022 3493 3078 ad-

1922 3115 2142 3169 modum
2167 3118 2556 3172 couvenienter
2581 3124 2745 3187 atque
2790 3126 2914 3187 apte
2962 3117 3074 3185 jam
3107 3116 3231 3171 inde
3264 3115 3495 3184 imperat

1922 3206 2179 3264 Ecclesia:
2209 3223 2272 3263 ac
2316 3208 2432 3263 suis
2478 3207 2776 3273 fratribus,
2834 3215 2893 3261 ut
2947 3207 3167 3280 hymnis
3220 3206 3497 3262 celbrent

1919 3297 2157 3364 Patrem,
2202 3299 2294 3353 ubi
2329 3300 2441 3354 ait:
2478 3319 2497 3350 ι
2539 3298 2645 3366 Qui
2697 3299 2903 3353 timetis
2933 3297 3246 3363 Dominum,
3279 3295 3497 3352 laudate

1919 3406 2065 3447 eum.
2122 3389 2294 3447 Omne
2344 3407 2528 3447 semen
2568 3391 2760 3452 Jacob.
2796 3391 3095 3463 glorificate
3135 3406 3281 3446 eum.
3317 3389 3383 3444 Et
3427 3389 3497 3444 ti-

1919 3495 2103 3540 meant
2125 3484 2194 3538 ab
2216 3499 2282 3539 eo
2304 3498 2464 3537 omne
2489 3498 2675 3538 sen‘en
2707 3481 2870 3538 Israel
2890 3522 2904 3545 ,
2930 3482 3189 3553 quoniam
3219 3494 3326 3534 non
3352 3494 3496 3549 spre-

1918 3576 2016 3638 vit,
2069 3591 2246 3647 neque
2293 3575 2522 3630 moleste
2571 3575 2694 3629 tulit
2719 3575 3156 3644 deprecationem
3202 3571 3495 3643 pauperis,

1922 3669 2086 3741 509
2127 3685 2303 3740 neque
2350 3668 2548 3723 avertit
2591 3668 2783 3724 faciem
2829 3682 2986 3724 suam
3038 3682 3067 3720 a
3109 3681 3232 3727 me,
3271 3673 3325 3721 et
3370 3679 3497 3719 cum

1920 3762 2215 3816 clamarem
2263 3760 2330 3814 ad
2361 3777 2486 3817 eum
2512 3801 2527 3826 ,
2560 3760 2838 3816 exaudivit
2871 3775 2977 3814 me.
3016 3778 3035 3810 ι
3065 3757 3276 3825 Quibus
3316 3755 3497 3812 verbis

1925 3855 2087 3926 plane
2127 3855 2369 3910 ostendit
2409 3870 2469 3909 se
2514 3854 2584 3908 ab
2632 3853 2743 3907 illis
2789 3868 2915 3908 esse
2959 3853 3250 3907 liberatum
3303 3848 3496 3909 malis.

1925 3960 2046 4016 quae
2073 3947 2329 4017 superius
2359 3946 2504 4002 dicta
2536 3952 2685 4000 sunt.
2720 3943 2776 3999 Si
2808 3945 2952 3999 enim
2987 3959 3111 3998 cum
3140 3942 3400 3997 clamaret
3428 3938 3497 3993 ad

1923 4038 2110 4103 illum,
2143 4039 2213 4093 ab
2242 4039 2334 4093 illo
2368 4039 2660 4094 exauditus
2691 4049 2813 4104 est,
2860 4044 2916 4093 et
2956 4038 3202 4092 clamans
3243 4040 3499 4106 precatus

1923 4139 2040 4195 est,
2074 4139 2133 4185 ut
2160 4131 2397 4203 eriperet
2429 4145 2459 4185 a
2495 4129 2700 4185 framea
2730 4129 2950 4200 quidem
2981 4129 3217 4184 animam
3248 4141 3433 4189 suam.
3466 4140 3498 4181 a

1923 4237 2061 4279 caue
2100 4232 2280 4277 autem
2329 4222 2542 4276 unicam
2590 4236 2744 4276 suam
2769 4261 2785 4286 ,
2821 4236 2922 4276 nec
2962 4237 3070 4277 non
3105 4221 3174 4276 ab
3204 4236 3300 4276 ore
3328 4220 3500 4275 leonis

1924 4321 1976 4370 el
2020 4329 2050 4368 ει
2097 4313 2358 4369 cornibus
2399 4313 2747 4368 unicornium
2791 4312 3151 4367 humilitatem
3185 4326 3377 4374 suam,
3408 4324 3500 4365 se-

237 4404 289 4456 εί
319 4400 477 4455 ῶδινε
504 4403 573 4473 γῆ
599 4403 656 4455 ἐν
697 4402 878 4476 ἡμέρᾳ
913 4405 1032 4475 μιᾷ,
1068 4404 1164 4458 καὶ
1197 4404 1244 4456 εί
1277 4403 1469 4475 ἐτέχθη
1506 4402 1656 4467 ἔθνος
1712 4404 1817 4455 elo-

1928 4407 2117 4475 quitur
2148 4415 2202 4461 ut
2246 4405 2614 4477 intelligamus
2645 4404 2796 4458 illum
2830 4402 3206 4457 liberationem
3237 4417 3267 4455 a
3299 4400 3500 4456 talibus

238 4491 411 4561 άπαξ.
451 4512 470 4545 ι
499 4493 686 4548 Ταῦτα
709 4495 805 4566 μὲν
835 4491 929 4550 οὖν
960 4497 1142 4567 ἡμεῖς,
1170 4495 1254 4564 ἐφ’
1280 4494 1445 4568 ἕτερα
1476 4493 1820 4549 συνελαύνον-

233 4603 334 4652 τος
364 4585 458 4641 τοῦ
503 4586 720 4660 καιροῦ,
766 4588 1153 4662 διαδραμόντες
1205 4586 1513 4660 ἀκροθιγῶς
1557 4586 1825 4658 διεξήλθο-

238 4695 368 4751 μεν,
402 4678 510 4750 ᾶτῳ
547 4679 591 4733 δ’
626 4678 691 4733 ἂν
721 4679 869 4751 μέλοι
908 4679 1010 4750 τῆς
1034 4678 1128 4733 τοῦ
1177 4679 1427 4751 Σωτῆρος
1458 4678 1616 4750 ήμῶν
1645 4695 1823 4749 παρα-

235 4769 562 4835 κελεύσεως,
594 4770 890 4843 [φήσαντος
912 4787 927 4802 ·
965 4791 983 4822 ι
1031 4771 1319 4843 Ἐρευνᾶτε
1355 4772 1455 4835 τὰς
1480 4770 1702 4843 Γραφὰς
1723 4788 1735 4801 ·
1763 4773 1821 4825 ἐν

236 4854 332 4926 αἷς
364 4859 571 4916 δοκεῖτε
610 4860 757 4934 ζωὴν
800 4861 1017 4916 αἰώνιον
1054 4860 1220 4932 ἔχειν,
1248 4862 1343 4915 καὶ
1388 4861 1549 4914 αὐταί
1589 4862 1727 4915 εἰσιν
1764 4863 1821 4916 al

237 4954 620 5028 μαρτυροῦσαι
665 4955 792 5027 περὶ
838 4953 992 5026 ἐμοῦ.
1038 4973 1058 5006 ι
1107 4954 1343 5024 Ἐκάστῃ
1376 4952 1521 5018 λέξει
1552 4952 1648 5007 τοῦ
1689 4952 1825 5023 ψαλ-

239 5044 349 5117 μοῦ
380 5046 474 5100 τὸν
503 5046 628 5101 νοῦν
650 5045 982 5118 ἐμϐαθύνας,
1008 5046 1107 5117 τὴν
1134 5044 1335 5117 ἀκριόἦ
1364 5044 1603 5099 διάνοιαν
1632 5045 1825 5121 θηρεύ-

237 5153 333 5191 σαι
366 5137 435 5191 ἂν
457 5138 555 5210 τῆς
577 5141 636 5192 ἐν
666 5142 781 5203 τοῖς
810 5139 1122 5213 εἰρημένοις
1150 5138 1408 5210 ἀληθείας
1439 5138 1572 5211 (1).}

1925 4496 2087 4549 malis
2117 4503 2472 4549 consecutum
2497 4534 2511 4558 ,
2546 4494 2748 4564 quippe
2786 4492 2879 4562 qui
2916 4492 3154 4553 dixerit,
3188 4490 3360 4546 Deum
3390 4504 3500 4544 non

1925 4590 2157 4643 moleste
2178 4587 2373 4642 tulisse
2399 4587 2839 4657 deprecationem
2870 4599 3026 4640 suam
3045 4622 3061 4647 ,
3094 4598 3274 4652 neque
3303 4580 3498 4636 faciem

1924 4695 2078 4736 suam
2109 4681 2376 4736 avertisse
2398 4680 2467 4734 ab
2494 4679 2634 4749 ipso,
2659 4678 2755 4735 sed
2779 4678 3106 4732 clamantem
3134 4676 3310 4745 ipsum
3335 4688 3499 4729 exau-

1928 4772 2150 4827 divisse.
2196 4772 2467 4839 Quocirca
2496 4772 2670 4827 eidem
2700 4771 2767 4826 de
2798 4769 2963 4826 tantis
2995 4768 3154 4824 malis
3194 4777 3413 4839 erepto,
3447 4755 3520 4821 et.

1928 4864 2032 4935 ipsi
2073 4863 2141 4920 de
2182 4874 2358 4919 morte
2398 4864 2585 4934 elapso
2614 4862 2832 4918 abunde
2859 4861 3128 4931 contingit
3158 4875 3264 4915 una
3291 4857 3500 4914 versari

1928 4969 1992 5009 ac
2020 4954 2217 5024 degere
2242 4970 2367 5009 cum
2400 4956 2517 5011 suis
2543 4960 2599 5009 et
2622 4954 2909 5025 discipulis
2949 4964 3003 5009 et
3034 4953 3316 5015 fratribus,
3355 4959 3411 5008 et
3444 4952 3499 5007 in

1928 5045 2107 5100 media
2133 5045 2376 5102 Ecclesia
2404 5054 2610 5115 patrem
2637 5047 2879 5101 laudare.
2908 5044 3013 5100 Sed
3035 5045 3259 5100 attende
3282 5058 3498 5106 rursus,

1931 5147 1994 5192 ut
2026 5153 2320 5209 pauperem
2354 5138 2596 5209 seipsum
2626 5140 2823 5194 iterum
2864 5146 3046 5201 vocat,
3093 5140 3148 5192 in
3174 5151 3241 5193 eo
3267 5150 3501 5192 concor-

230 5232 384 5287 dans
409 5246 533 5285 cum
562 5237 689 5287 ante
715 5231 982 5302 expositis
1004 5231 1340 5304 prophetiis,
1369 5231 1428 5287 in
1487 5231 1690 5301 quibus
1744 5245 1952 5301 pauper
1997 5237 2053 5286 et
2095 5246 2302 5299 egenus
2343 5237 2428 5286 est
2473 5230 2831 5299 nominatus;
2874 5230 2972 5286 sed
3013 5230 3143 5301 quia
3205 5244 3366 5286 suum
3433 5226 3499 5282 ad

234 5327 411 5382 vitam
454 5325 689 5382 reditum
732 5326 787 5382 in
828 5327 918 5383 bis
957 5325 1257 5393 indicavit,
1290 5343 1484 5383 rursus
1514 5341 1822 5383 sermonem
1863 5334 2193 5383 convertens
2221 5324 2289 5378 ad
2318 5323 2535 5381 Patrem
2557 5364 2573 5390 ,
2606 5344 2626 5377 ι
2657 5341 2689 5380 a
2715 5332 2804 5388 te,
2837 5324 3051 5395 inquit,
3115 5324 3237 5380 laus
3298 5335 3420 5378 mea
3444 5320 3500 5377 in

235 5420 493 5479 Ecclesia
525 5436 719 5494 magna
741 5463 758 5491 ,
785 5441 807 5474 ι
863 5422 920 5479 in
949 5408 1154 5495 quibus
1182 5436 1318 5480 sane
1344 5423 1528 5480 verbis
1587 5422 1891 5479 Ecclesiam
1931 5424 1989 5477 in
2020 5421 2245 5478 nomine
2275 5420 2454 5492 ipsius
2479 5436 2547 5476 ex
2575 5420 2830 5492 gentibus
2857 5419 3144 5476 collectam
3166 5456 3182 5484 ,
3214 5426 3271 5475 es
3296 5431 3354 5475 ι
3381 5428 3494 5475 ως(

312 5575 364 5621 υ
397 5575 586 5633 llattli.
622 5592 800 5634 xxvm
823 5616 836 5642 ,
868 5576 1015 5642 9,10.
1094 5578 1140 5612 ε’
1179 5575 1343 5633 ιοοη.
1378 5593 1486 5643 xx,
1522 5576 1611 5633 l7.

314 5697 392 5769 (l)
430 5698 603 5755 Uncis
643 5700 901 5756 conclusa
941 5699 1216 5771 supplevit
1259 5698 1563 5757 Fabricius.
1591 5697 1728 5756 Vide
1780 5697 2201 5754 Admonitionem
2252 5693 2409 5752 initio
2460 5691 2771 5751 voluminis.
