3856 6222
448 317 545 371 ’ΠΙ

1128 309 1404 372 EUSEBII
1438 307 1922 366 CAESARIENSIS
1958 308 2110 365 OPP.
2153 306 2340 364 PARS
2376 310 2524 367 ll.-
2558 305 3065 365 APOLOGETICA.

3621 308 3725 361 ’ῖτὲ

451 455 550 511 per
582 438 735 492 illum
786 435 960 501 audit,
1014 449 1162 489 nunc
1208 448 1426 503 quoque
1470 447 1582 486 non
1627 431 1907 496 dubitans,
1940 430 2033 484 sed

2152 428 2368 499 Ἐπειδὴ
2395 424 2486 481 οὗν
2512 427 2710 491 πάντες
2743 428 2793 479 οἱ
2821 426 2964 494 ἆγιοι
2986 424 3187 477 τούτων
3209 423 3398 494 ἔτυχον
3426 420 3586 493 παρᾶ
3614 421 3726 486 σοῦ,

450 532 615 602 plane
664 537 1003 600 compertum
1052 527 1261 581 habens
1307 542 1367 581 se
1414 539 1537 579 esse
1579 524 1931 586 audiendum,
1980 531 2034 576 ct

451 634 713 692 tanquam
746 621 860 675 lieri
891 636 1001 674 non
1033 621 1229 689 possit,
1265 626 1324 672 ut
1355 632 1466 670 non
1498 615 1773 675 audiatur.
1826 630 1892 667 ex
1951 615 2036 666 in-

450 715 820 785 terrogatione
860 714 932 765 ait
973 731 985 767 :
1030 731 1049 764 ι
1095 710 1235 765 Deus
1266 724 1441 772 meus,
1496 708 1745 761 clamabo
1773 704 2031 769 interdiu,

372 808 377 811 “
453 814 509 860 et
540 821 649 858 non
693 803 993 858 exaudies?
1040 820 1059 853 ι
1098 801 1259 854 nobis
1304 798 1555 853 videlicet
1592 797 2036 866 interrogationis

454 902 639 947 notam
661 893 990 947 addentibus
1013 891 1076 945 ad
1107 892 1353 952 verbum,
1394 908 1412 940 ‹
1454 888 1737 949 exaudies,
1771 908 1789 940 ι
1822 897 1875 942 et
1904 903 2037 941 cono

454 984 684 1039 trarium
716 985 859 1053 ejus,
896 983 1045 1054 quod
1068 984 1463 1052 interrogatum
1497 980 1589 1043 sit,
1617 981 2034 1049 subintelligen~

451 1078 621 1133 tibus.
669 1075 950 1148 Siquidem
1004 1077 1109 1129 hoc
1163 1076 1343 1145 ipsmu
1395 1074 1559 1143 paulo
1610 1081 1734 1141 post
1784 1088 2036 1127 sermone

454 1185 783 1241 progressus
843 1168 1085 1224 ostendit
1120 1166 1380 1235 deinceps
1431 1166 1485 1217 in
1537 1166 1748 1234 psalmo
1790 1166 1980 1220 dicens
2019 1184 2034 1220 :

460 1283 478 1313 ι
519 1262 889 1341 Non‘sprevit
939 1276 1115 1327 neque
1150 1260 1434 1313 molestam
1475 1258 1663 1313 habuit
1693 1258 2036 1327 deprecatio-

453 1371 579 1411 nem
615 1355 893 1425 pauperis,
922 1368 1099 1422 neque
1133 1352 1329 1404 avertit
1360 1348 1553 1403 faciem
1598 1365 1753 1405 suam
1782 1364 1811 1400 a
1842 1365 1947 1412 me,
1983 1355 2037 1403 et

453 1462 580 1499 cum
611 1447 905 1499 clamarem
938 1445 1002 1497 ad
1037 1459 1183 1506 eum,
1236 1442 1514 1498 exaudivit
1547 1457 1651 1494 me.
1703 1459 1721 1491 ι
1753 1440 2037 1505 Quomodo

453 1537 621 1607 igitur
654 1537 901 1604 negative
933 1533 1062 1585 illud
1087 1531 1338 1585 diretur‘!
1373 1527 1549 1582 «Deus
1573 1543 1753 1592 meus,
1785 1526 2037 1580 clamabo

456 1620 717 1687 interdiu,
748 1633 799 1676 et
823 1639 929 1677 non
962 1621 1244 1682 exaudies,
1304 1638 1323 1671 ›
1362 1618 1470 1673 nisi
1512 1633 1575 1671 ea
1610 1618 1820 1670 ratione
1874 1632 2035 1685 quam

455 1731 558 1771 nos
589 1716 894 1776 attulimus,
933 1728 1096 1782 quam
1133 1726 1265 1766 sane
1306 1710 1577 1763 rationem
1610 1709 1787 1777 ipsum
1818 1724 2037 1778 quoque

2138 519 2504 591 κεκράξαντές
2536 536 2594 571 τε
2628 519 3081 590 εἰσηκούσθησαν,
3124 516 3217 570 καὶ
3249 516 3309 567 ού
3349 514 3732 585 κατῃσχύνθη-

2140 631 2260 677 σαν,
2297 612 2447 682 πόσῳ
2476 611 2542 683 δὴ
2580 611 2738 664 πλέον
2773 610 2906 681 ἐμοῦ
2952 609 3046 663 τοῦ
3079 608 3173 662 σοῦ
3206 607 3494 678 ἀγαπητοῦ
3543 605 3729 669 παιδος

2140 702 2371 772 βοῶντος
2401 700 2598 772 μᾶλλον
2630 701 2885 753 ἁπάντων
2912 701 3004 751 καὶ
3028 698 3372 768 ἑτοιμότερον
3395 694 3727 765 sicam-3:13;

2138 796 2201 848 Εἰ
2234 795 2290 847 δὲ
2320 794 2415 846 καὶ
2447 790 2945 863 ἁποθαυμαστικῶς
2980 807 3141 859 φημι,
3180 806 3198 838 ι
3240 785 3733 857 Κεκράξομαι,καὶ

2137 888 2237 939 οὐκ
2259 886 2477 939 είσακού
2488 902 2553 956 σῃ
2574 886 2584 938 !
2617 906 2634 935 ι
2661 885 2775 937 ἀλλ’
2795 884 2895 935 ούκ
2914 885 2994 946 εἰς
3025 883 3209 936 ἄνοιαν
3233 883 3261 934 6
3284 880 3443 948 λόγος
3480 895 3575 948 μοι
3607 893 3735 946 προ-

2140 976 2382 1049 φέρεται.
2433 971 2563 1028 υἷὸα
2608 974 2739 1044 γοῦν
2785 975 2929 1036 ὅπως
2981 973 3079 1044 τὴν
3113 970 3277 1042 εὐχὴν
3318 969 3625 1041 προφέρω,
3662 968 3731 1036 μὴ

2138 1068 2565 1139 ἐναϐρυνόμενος
2593 1067 2725 1137 μηδέ
2760 1066 3197 1136 ἐγκαυχώμενος,
3232 1063 3346 1116 ἀλλ’
3380 1062 3459 1125 ὡς
3487 1073 3732 1114 ταπεινο-

2138 1158 2372 1230 φρονῶν.
2423 1159 2575 1211 Ἐπεὶ
2595 1158 2703 1229 γὰρ
2737 1158 2910 1228 πρᾶός
2941 1158 3055 1227 εἰμι
3086 1156 3182 1209 καὶ
3212 1153 3469 1215 ταπεινὸς
3498 1150 3571 1222 τῇ
3610 1166 3733 1220 καρ-

2140 1251 2248 1322 δίᾳ,
2282 1249 2551 1313 ταπεινῶς
2584 1251 2673 1302 καὶ
2697 1253 2763 1320 τῇ
2797 1248 3034 1319 ἐμαυτοῦ
3070 1249 3332 1318 πραότητι
3356 1246 3579 1309 οἰκείως
3608 1238 3730 1312 περὶ

2139 1341 2377 1413 ἐμαυτοῦ
2410 1340 2641 1394 ταπεινὰ
2666 1340 2993 1409 φθέγγομαι.
3041 1338 3197 1392 Οὕτω
3227 1338 3291 1409 δὴ
3337 1339 3432 1392 καὶ
3470 1337 3729 1408 σκώληκα

2137 1436 2375 1507 ἐμαυτὸν
2407 1432 2659 1505 ὀνομάζω
2683 1451 2696 1463 ο
2732 1433 2786 1485 τί
2828 1432 2937 1504 γὰρ
2967 1433 3030 1486 ἂν
3064 1432 3271 1500 γένοιτο
3317 1430 3607 1502 σκώληκος
3638 1448 3730 1483 τα-

2138 1529 2451 1600 πεινότερον
2477 1544 2490 1592 ;
2520 1528 2641 1579 ὅθεν
2673 1526 2779 1579 οὐδ’
2817 1524 3102 1595 ἄνθρωπον
3134 1522 3369 1593 ἐμαυτὸν
3403 1522 3614 1592 εἴποιμ’
3643 1521 3729 1584 ἂν,

2138 1624 2218 1685 εἰς
2258 1620 2525 1691 τοσαύτην
2579 1618 2907 1671 ταπείνωσιν
2951 1618 3015 1669 ἐκ
3066 1615 3159 1668 τοῦ
3209 1614 3409 1668 οἰκείου
3466 1613 3731 1683 μεγέθους

2140 1713 2434 1775 κατελθὼν,
2470 1712 2610 1764 ὣστε
2646 1712 2739 1763 καὶ
2792 1707 3070 1778 σκώληκος
3119 1707 3283 1778 μηδὲν
3318 1706 3496 1758 δοκεῖν
3545 1704 3734 1773 δια-ςέ-

455 1807 695 1862 arbitror
722 1804 1034 1875 signiﬁcare
1070 1803 1200 1856 dum
1231 1802 1367 1855 dicit
1409 1821 1423 1857 :
1462 1820 1480 1853 ι
1539 1801 1682 1856 Deus
1713 1818 1887 1864 meus,
1926 1804 2034 1854 cla-

2144 1823 2275 1877 ρειν,
2302 1804 2391 1857 διὰ
2422 1804 2482 1856 τὸ
2528 1803 2621 1856 καὶ
2658 1802 2819 1873 μέχρι
2859 1800 3088 1853 θανάτου
3116 1800 3211 1851 καὶ
3256 1797 3357 1867 τῆς
3401 1796 3499 1849 τοῦ
3540 1794 3731 1866 σώμα-

453 1899 619 1954 mabo
653 1896 909 1958 interdiu,
935 1904 1115 1948 etnon
1144 1893 1430 1955 exaudies,
1462 1900 1515 1947 et
1541 1901 1725 1955 noctu,
1756 1901 1809 1945 et
1840 1908 1948 1945 non
1971 1891 2038 1943 ad

454 1990 829 2059 insipientiam
865 1988 1051 2040 mihi.»
1087 1985 1207 2040 Non
1236 1986 1384 2041 enim
1426 1985 1493 2040 ad
1528 1986 1921 2055 insipientiam,
1957 1985 2040 2036 in-

456 2082 642 2151 quit,a
668 2097 752 2134 me
774 2080 972 2132 dicitur
998 2078 1153 2143 illud,
1180 2096 1199 2128 ι
1235 2075 1515 2132 exattdies.
1544 2095 1562 2127 ι
1595 2076 1728 2128 λοι-ί
1757 2076 1899 2129 enim
1926 2075 2040 2143 ipse

456 2188 562 2243 rfua
595 2173 806 2226 ratione
838 2172 939 2224 hoc
962 2172 1162 2234 dicam,
1192 2170 1395 2240 quippe
1423 2168 1517 2238 qui
1546 2168 1702 2221 [idem
1735 2167 1961 2219 habeam
1987 2173 2040 2219 te

454 2271 656 2318 natura
709 2276 1041 2332 propensqu
1092 2275 1216 2315 esse
1269 2260 1336 2313 ad
1390 2257 1823 2328 suscipiendum,
1876 2265 2039 2327 atque

456 2357 790 2413 audiendum
825 2371 934 2409 non
968 2356 1146 2409 solum
1181 2368 1289 2415 me,
1338 2351 1432 2406 sed
1477 2353 1641 2405 etiam
1683 2367 1874 2406 omnes
1912 2368 2041 2407 san-

457 2460 578 2504 ctos
610 2458 755 2501 tuos.
789 2445 1019 2515 Semper
1062 2446 1206 2499 enim
1261 2451 1315 2497 et
1362 2458 1757 2512 usquequaque
1819 2444 1876 2498 in
1929 2445 2039 2498 tuis

457 2541 666 2595 sanctis
697 2540 933 2602 habitas,
967 2538 1221 2606 idemque
1251 2537 1368 2606 ipse
1385 2551 1444 2591 es
1469 2536 1907 2606 uniuscujusque
1930 2537 2039 2592 Deo

457 2635 748 2690 familiaris
782 2641 947 2702 atque
972 2630 1136 2684 amici
1169 2628 1431 2691 hominis,
1456 2630 1548 2697 qui
1578 2627 1746 2682 Israel
1777 2630 2039 2698 appellari

454 2726 828 2789 consueverit,
855 2725 971 2777 laus
1005 2741 1016 2776 :
1051 2728 1273 2791 propter
1311 2726 1362 2773 te
1392 2720 1538 2773 enim
1571 2720 1635 2773 ad
1671 2734 1887 2773 omnem
1914 2737 2038 2775 eum

457 2820 550 2891 qui
607 2828 659 2873 te
706 2817 1027 2886 complexus
1079 2816 1174 2877 sit,
1229 2828 1340 2867 non
1385 2815 1626 2885 vulgaris
1671 2815 1854 2869 venire
1902 2815 2040 2869 solet

456 2913 600 2967 laus.
642 2931 661 2963 ι
699 2909 763 2962 Et
794 2910 849 2961 in
880 2917 932 2961 te
957 2916 1140 2978 patres
1166 2907 1340 2960 nostri
1374 2914 1753 2976 speraverant,
1786 2924 1804 2957 ι
1841 2914 2039 2960 etcum

459 3010 765 3073 sperarent,
802 3002 870 3054 ab
896 2999 1275 3069 ingruentibus
1299 3000 1353 3051 in
1389 2998 1539 3067 ipsos
1568 2999 1725 3052 malis
1760 3015 1777 3048 ι
1823 2996 2039 3052 liberati

459 3106 610 3161 sunt,
639 3104 693 3150 et
720 3094 785 3148 ad
818 3102 872 3147 te
894 3095 1291 3155 clamaverunt,
1329 3100 1383 3145 et
1420 3091 1558 3146 salvi
1608 3090 1733 3144 facti
1776 3098 1926 3152 sunt,
1958 3098 2038 3142 at-

457 3206 567 3261 que
592 3190 648 3243 in
676 3197 728 3242 te
754 3194 1113 3257 speraveruut
1135 3192 1189 3237 et
1215 3183 1430 3238 confusi
1465 3199 1572 3236 non
1601 3191 1750 3236 sunt.
1790 3201 1808 3233 ι
1845 3182 1901 3235 Si
1935 3182 2039 3251 igi-

456 3289 551 3337 tur
589 3296 781 3335 onmes
827 3278 1003 3333 sancti
1053 3278 1169 3329 haec
1219 3290 1250 3328 a
1285 3287 1336 3331 te
1367 3276 1817 3345 impetraverunt,
1851 3286 1904 3328 et
1928 3277 2044 3327 cla-

460 3385 675 3428 tuantes
706 3371 947 3425 exauditi
1003 3376 1153 3431 sunt,
1190 3384 1299 3421 non
1351 3379 1531 3421 autem
1562 3370 1799 3429 confusi,
1833 3379 2041 3438 quanto

460 3464 637 3533 magis
691 3477 777 3517 me
827 3470 981 3533 tuum
1026 3458 1285 3512 dilectum
1335 3460 1502 3512 lilium
1549 3460 1875 3512 clamantem
1932 3475 2042 3529 pra:

459 3554 677 3610 cunctis
698 3532 912 3621 absque‘
942 3566 1093 3603 mora
1120 3550 1419 3604 exaudies?
1444 3551 1599 3615 Quod
1632 3553 1677 3603 si
1715 3552 2041 3606 admirantis

459 3647 766 3716 cuiuspiam
797 3645 971 3698 instar
1009 3645 1234 3698 enuntio
1269 3644 1421 3706 illud,
1480 3662 1498 3692 ‹
1536 3643 1814 3705 Clamabo,
1848 3653 1901 3697 et
1933 3659 2042 3697 non

461 3740 759 3795 exaudies!
801 3757 820 3789 ›
862 3753 972 3791 non
1007 3746 1187 3790 tamen
1222 3735 1291 3789 ad
1342 3736 1708 3803 insipientiam
1768 3735 2043 3805 profertur

461 3835 590 3889 talis
623 3848 652 3886 a
692 3849 777 3887 me
808 3832 1005 3885 oratio.
1042 3827 1177 3882 Novi
1235 3829 1380 3883 enim
1421 3830 1534 3897 ipse
1560 3844 1668 3897 quo
1697 3844 1863 3881 sensu
1892 3844 2040 3882 meas

460 3941 653 3998 preces
684 3925 931 3987 enuntio,
966 3939 1075 3976 non
1125 3922 1520 3990 gloriabundus
1570 3921 1821 3973 videlicet
1864 3937 2040 3991 neque

454 4014 824 4087 jactabuudus
858 4031 870 4066 :
904 4028 1029 4065 nam
1080 4028 1203 4064 cum
1248 4014 1350 4066 sim
1399 4018 1717 4063 mansuetus
1746 4017 1906 4078 atque
1938 4011 2040 4063 hu-

459 4108 608 4163 milis
635 4106 820 4171 corde,
860 4104 1051 4158 humili
1096 4104 1223 4156 item
1264 4118 1411 4155 more
1440 4109 1494 4155 et
1535 4117 1668 4153 ntere
1717 4110 2038 4155 mansuetu-

460 4198 577 4253 dini
604 4205 994 4257 consentaneo,
1032 4193 1259 4245 humilia
1286 4193 1354 4246 de
1382 4192 1593 4261 meipso
1629 4192 1839 4259 loquor.
1871 4190 2039 4262 498

460 4289 699 4346 Proinde
738 4289 903 4342 etiam
952 4286 1219 4352 meipsum
1253 4298 1491 4337 vermem
1541 4284 1791 4352 appello:
1823 4292 1875 4336 et
1905 4284 2037 4353 quid

462 4397 646 4439 verme
679 4379 898 4434 tandem
952 4393 1075 4430 esse
1126 4375 1296 4445 possit
1328 4375 1623 4430 humilius?
1655 4376 1735 4429 sic
1766 4391 1833 4430 ne
1862 4375 2039 4428 homi-

2141 1917 2231 1962 τος
2285 1898 2487 1966 φθάσαι
2536 1896 2761 1966 φθορᾶς.
2798 1894 2969 1947 Πόθεν
3014 1892 3122 1961 γὰρ
3172 1890 3392 1944 άλλοθεν
3437 1889 3731 1956 γεννηθείη

2144 1991 2359 2062 σκώληξ
2393 1991 2424 2060 ἢ
2462 1990 2568 2043 ἀπὸ
2616 1990 2882 2060 σωμάτων
2917 1986 3157 2055 φθορᾶςς
3193 1986 3272 2047 είς
3323 1986 3390 2053 ἣν
3442 1984 3537 2035 καὶ
3572 1983 3733 2042 αὐτὸς

2142 2080 2436 2143 κατελθὼν,
2462 2080 2687 2142 εἰκότως
2722 2078 2956 2149 ἐμαυτὸν
2983 2075 3239 2145 σκώληκα
3272 2075 3363 2126 καὶ
3395 2074 3496 2125 οὐκ
3528 2072 3738 2142 ἅνθρω-

2142 2190 2241 2225 πον
2275 2170 2555 2241 γινώσκω·
2604 2171 2683 2223 διὸ
2717 2171 2809 2222 καὶ
2859 2169 3059 2237 γέγονα
3099 2184 3117 2216 ι
3158 2166 3356 2228 ὄνειδος
3401 2163 3733 2235 ἀνθρώπων,

2143 2266 2234 2317 καὶ
2268 2262 2515 2334 ἐξουδένη
2526 2281 2599 2334 μα
2618 2262 2770 2325 λαοῦ,
2802 2281 2819 2311 ι
2858 2262 2958 2313 ούκ
2980 2259 3045 2312 ἂν
3060 2258 3347 2328 γενόμενος
3373 2256 3496 2309 ον)δέ
3527 2255 3735 2318 ὄνειδος

2142 2357 2465 2429 ἀνθρώπων,
2513 2356 2632 2409 ούδέ
2687 2355 3037 2424 ἐξουδένημα,
3103 2355 3151 2406 εί
3197 2352 3270 2423 μὴ
3315 2352 3478 2422 μέχρι
3514 2351 3730 2419 σκωλη-

2141 2466 2235 2513 κος
2270 2448 2529 2518 ἐφθάκειν
2584 2447 2736 2517 παρὰ
2776 2447 2866 2498 τὸν
2910 2444 3003 2499 τοῦ
3063 2446 3269 2507 τὲάθους
3301 2444 3512 2514 καιρόν.
3564 2444 3727 2512 Tm:-

2141 2541 2319 2595 καῦτα
2350 2539 2479 2610 γοῦν
2504 2539 2836 2609 θεωροῦντες
2871 2555 2935 2608 με
2971 2538 3065 2591 ἐπὶ
3090 2538 3184 2591 τοῦ
3228 2536 3461 2608 σταυροῦ
3492 2537 3731 2606 ἀνηρτη-

2145 2635 2324 2705 μένον,
2380 2632 2837 2702 ὲξεμυκτήρισαν,
2891 2630 2985 2682 καὶ
3036 2628 3302 2698 ἐλάλησαν
3357 2630 3416 2679 ἐν
3469 2628 3727 2698 χείλεσιν,

2142 2726 2396 2797 ἐκίνησαν
2428 2742 2488 2777 τε
2522 2723 2763 2793 κεφαλὴν
2795 2723 3044 2790 λέγοντες
3068 2738 3081 2751 ·
3123 2741 3142 2773 ‹
3181 2722 3445 2774 Ἦλπισεν
3479 2722 3574 2772 ἐπὶ
3620 2720 3730 2772 Κύ-

2144 2836 2280 2889 ριον,
2318 2817 2571 2889 ῥυσάσθω
2605 2816 2789 2877 αὐτὸν,
2827 2814 3055 2867 σωσάτω
3102 2814 3286 2878 αὑτὸν,
3328 2814 3410 2866 ὃτι
3443 2812 3589 2865 θέλει
3635 2812 3733 2865 αὑ·-

2141 2910 2252 2962 τόν.
2289 2929 2308 2962 ι
2348 2908 2533 2962 Ταῦτα
2561 2909 2657 2978 μὲν
2684 2903 2776 2960 οὖν
2801 2909 3017 2962 ἅπαντα
3048 2906 3136 2959 διὰ
3165 2905 3260 2958 τοῦ
3289 2905 3505 2976 ψαλμοῦ
3544 2905 3733 2973 σαφῶς

2143 3004 2271 3075 περὶ
2297 3003 2405 3056 τῶν
2436 3002 2733 3073 μελλόντων
2755 2999 3079 3071 γενήσεσθαι
3105 3001 3334 3070 μακροῖς
3361 2997 3479 3051 ποθ’
3506 2995 3733 3066 ὕστερον

2143 3099 2355 3169 χρόνοις
2382 3095 2714 3159 ἐθεσπίζετο,
2741 3094 2927 3157 τέλους
2954 3094 3011 3146 δὲ
3042 3094 3358 3162 ἐτύγχανεν,
3383 3090 3566 3150 ὁπότε,
3591 3087 3735 3141 κατὰ

2142 3192 2235 3243 τὸν
2260 3190 2557 3251 Ματθαῖον,
2595 3208 2612 3237 ι
2650 3186 3066 3260 σταυρωθέντων
3088 3185 3183 3237 σῦν
3214 3183 3358 3254 αὐτῷ
3385 3182 3479 3234 δύο
3493 3181 3732 3253 λῃστῶν,

2146 3282 2262 3344 ἐνὸς
2295 3281 2359 3333 ἐκ
2387 3280 2594 3346 δεξιῶν,
2633 3282 2725 3332 καὶ
2759 3278 2877 3342 ἐνὸς
2911 3277 2968 3344 ἐξ
3003 3275 3296 3346 εὐωνύμων
3329 3274 3422 3327 τοῦ
3454 3274 3734 3345 Σωτῆρος,

2142 3376 2192 3427 οἱ
2246 3374 2750 3445 παραπορευόμενοι
2806 3371 3191 3441 ἐϐλασφήμουν
3245 3367 3405 3422 αὐτὸν
3454 3365 3737 3431 κινοῦντες

2144 3465 2242 3527 τὰς
2274 3463 2513 3532 κεφαλὰς
2547 3461 2743 3519 αὐτῶν,
2778 3463 2870 3515 κα)⁵
2901 3461 3151 3529 λέγοντες
3174 3480 3214 3511 ἰ
3241 3459 3376 3512 Ούαὶ
3398 3461 3426 3511 6
3445 3457 3739 3513 καταλύων

2143 3560 2236 3611 τὸν
2271 3558 2416 3621 ναὸν,
2462 3558 2557 3610 καὶ
2602 3556 2659 3607 ἐν
2705 3558 2883 3626 τρισὶν
2922 3554 3157 3625 ἡμέραις
3203 3551 3527 3622 οἰκοδομῶν,
3556 3551 3739 3606 σῶσον

2147 3650 2397 3703 σεαυτόν·
2437 3652 2486 3703 εἰ
2533 3648 2662 3711 Υἱὸς
2695 3645 2745 3700 εἶ
2786 3646 2880 3699 τοῦ
2932 3645 3089 3708 Θεοῦ,
3147 3644 3415 3715 κατάϐηθι
3472 3644 3582 3697 ἀπὸ
3638 3643 3736 3697 τοῦ

2146 3741 2403 3813 σταυροῦ.
2450 3742 2679 3812 Ὁμοίως
2707 3741 2763 3793 δέ
2810 3741 2903 3792 καὶ
2948 3741 2996 3792 οί
3044 3739 3321 3810 ἀρχιερεῖς
3367 3736 3739 3807 ἐμπαίζοντες

2147 3835 2285 3905 μετὰ
2329 3834 2436 3887 τῶν
2496 3832 2880 3905 πρεσϐυτέρων
2934 3831 3027 3884 καὶ
3080 3829 3453 3902 γραμματέων
3505 3828 3734 3897 ελεγον·

2146 3926 2369 3989 Ἀλλους
2402 3925 2622 3989 ἔσωσεν,
2657 3923 2844 3977 ἐαυτὸν
2884 3923 2944 3974 ού
2980 3923 3201 3975 δύναται
3252 3922 3441 3973 σῶσαι.
3480 3922 3545 3973 Ei.
3578 3920 3737 3991 βασι-

2142 4019 2266 4084 λεὺς
2298 4019 2391 4071 τοῦ
2439 4017 2650 4090 Ἰσραήλ
2678 4018 2813 4079 ἐστι,
2848 4014 3141 4069 καταϐάτω
3177 4014 3271 4068 νῦν
3305 4013 3412 4066 ἀπὸ
3440 4013 3536 4067 τοῦ
3566 4031 3739 4068 mau-

2146 4112 2260 4182 ροῦ,
2298 4113 2391 4166 καὶ
2438 4110 2799 4180 πιστεύσομεν
2852 4108 3021 4178 αὐτῷ.
3064 4107 3126 4159 Εἰ
3180 4105 3438 4158 πέποιθεν
3489 4106 3585 4158 ἐπὶ
3641 4107 3737 4161 τὸν

2141 4203 2293 4265 Θεὸν,
2331 4201 2585 4273 ῥυσάσθω
2616 4201 2710 4254 νῦν
2745 4200 2928 4263 αὐτὸν,
2961 4201 3009 4251 εἰ
3041 4196 3183 4249 θέλει
3215 4197 3394 4249 αὐτόν.
3434 4193 3572 4249 Εἷπε
3596 4198 3733 4271 γὰρ,

2139 4292 2241 4354 ὅτι,
2278 4291 2404 4353 Υἱὸς
2429 4290 2563 4343 Θεοῦ
2598 4292 2732 4360 εἰμι.
2748 4308 2766 4339 ›
2790 4286 2947 4341 Κατὰ
2969 4287 3027 4340 δὲ
3052 4286 3142 4338 τὸν
3159 4288 3391 4340 Λουκᾶν·
3429 4305 3449 4337 ι
3471 4287 3732 4358 Είστήκει

2140 4392 2169 4442 6
2198 4389 2323 4452 λαὸς
2358 4386 2597 4459 θεωρῶν,
2632 4385 2726 4440 καὶ
2763 4383 3187 4455 ἐξεμυκτήριζον
3236 4381 3401 4434 αὐτὸν
3446 4383 3497 4434 οί
3533 4383 3730 4453 ἄρχον-

460 4492 588 4533 nem
617 4474 838 4545 quidem
870 4471 1138 4540 meipsum
1170 4468 1424 4534 dixerim,
1456 4485 1580 4523 cum
1606 4469 1794 4538 utique
1823 4468 1889 4522 ad
1915 4477 2036 4521 tan-

2141 4499 2230 4546 τες
2277 4483 2373 4534 σὺν
2418 4480 2601 4542 αὐτοῖς
2645 4477 2893 4547 λέγοντες
2916 4493 2930 4507 ο
2969 4474 3194 4538 Ἄλλους
3250 4474 3443 4537 ἔσωσε,
3502 4474 3730 4527 σωσάτω

460 4580 576 4625 tam
608 4566 970 4622 humilitatem
1009 4561 1198 4615 relicta
1248 4577 1366 4615 mea
1397 4562 1773 4632 magnitudine
1802 4561 2037 4615 descen-

460 4662 661 4725 derim,
701 4666 760 4714 ut
809 4657 976 4713 etiam
1016 4670 1198 4709 verme
1245 4654 1416 4708 nihilo
1460 4654 1807 4723 praestantior
1865 4652 2040 4707 videri

461 4755 694 4827 possim,
721 4760 1011 4821 propterea
1044 4747 1192 4818 quod
1223 4763 1397 4817 usque
1436 4748 1503 4802 ad
1529 4759 1758 4803 mortem
1786 4757 1839 4803 et
1863 4763 2040 4818 usque

462 4852 531 4906 ad
583 4849 866 4903 interitqu
915 4846 1163 4915 corporis
1211 4847 1571 4913 pervenerim.
1635 4845 1871 4914 (Etenim
1931 4861 2038 4917 qua

458 4942 682 5000 tandem
732 4939 839 4992 alia
893 4937 1108 4993 ratione
1155 4935 1331 4990 factus
1383 4936 1453 4991 sit
1500 4938 1724 5002 vermis,
1761 4938 1865 4992 nisi
1907 4938 2036 5008 quia

460 5048 694 5105 corpora
722 5032 899 5087 solent
919 5029 1259 5101 corrumpi?)
1282 5029 1363 5083 Ad
1392 5046 1553 5099 quem
1599 5046 1730 5085 sane
1753 5012 2035 5085 interitum

461 5141 588 5181 cum
634 5125 747 5194 ipse
794 5137 1013 5193 quoque
1059 5120 1459 5186 descenderim,
1520 5121 1717 5176 merito
1764 5122 2034 5191 meipsum

459 5231 701 5272 vermem
735 5224 789 5269 et
824 5230 933 5270 non
980 5216 1255 5269 hominem
1300 5228 1541 5284 agnosco
1574 5232 1586 5267 :
1633 5230 1698 5268 ex
1728 5228 1837 5283 quo
1870 5216 2035 5268 etiam

466 5330 486 5361 ε
536 5309 715 5364 factus
744 5325 865 5365 sum
900 5308 1255 5379 opprobrium
1291 5307 1568 5361 hominum
1603 5315 1657 5361 et
1691 5306 1925 5374 abjectio
1947 5322 2038 5375 po-

460 5403 599 5475 puli,
631 5421 650 5453 ›
683 5403 774 5472 qui
796 5402 1016 5471 quidem
1047 5415 1327 5469 nunquam
1352 5398 1404 5453 id
1429 5415 1603 5469 genus
1627 5398 1806 5453 factus
1832 5413 2033 5459 essem,

462 5495 567 5550 nisi
596 5508 771 5564 usque
802 5493 869 5547 ad
904 5493 1103 5548 vermis
1144 5492 1511 5546 conditionem
1549 5492 1650 5546 sub
1684 5492 1862 5561 ipsum
1911 5507 2036 5562 pas-

462 5584 637 5641 sionis
663 5593 878 5655 tempus
903 5599 1229 5656 progressus
1259 5599 1459 5639 essem.
1488 5582 1643 5638 Tunc
1668 5583 1832 5654 igitur
1855 5583 2036 5637 viden-

462 5691 544 5733 tes
568 5692 653 5733 me
684 5678 741 5732 in
779 5692 943 5732 cruce
974 5692 1322 5747 suspensum,
1366 5694 1384 5726 ‹
1443 5677 1943 5738 subsannaverunt,
1977 5682 2031 5729 et

462 5769 627 5828 locuti
657 5776 784 5827 sunt
815 5769 996 5835 labiis,
1051 5775 1105 5823 et
1152 5777 1435 5824 moverunt
1487 5773 1669 5835 caput,
1716 5765 1961 5821 dicentes
2011 5779 2024 5815 :

2145 4574 2357 4636 ἐαυτὸν,
2393 4575 2441 4626 εί
2486 4568 2638 4635 οὗτός
2672 4573 2819 4624 ἐστιν
2849 4572 2879 4624 ὁ
2908 4568 3140 4640 Χριστὸς
3171 4569 3199 4620 6
3232 4566 3359 4630 Υἱὸς
3388 4565 3485 4618 τοῦ
3530 4566 3669 4619 Θεοῦ
3700 4568 3730 4618 6

2145 4667 2420 4731 ἐκλεκτός.
2454 4686 2472 4718 ι
2504 4666 2660 4720 Κατὰ
2695 4665 2753 4718 δὲ
2776 4665 2867 4717 τὸν
2888 4663 3113 4733 Μάρκον
3132 4679 3147 4692 σ
3182 4681 3200 4711 σ
3231 4662 3343 4714 Καὶ
3372 4663 3423 4713 οἱ
3466 4661 3731 4732 παράγον-

2144 4778 2234 4825 τες
2266 4760 2649 4829 ἐϐλασφήμουν
2681 4757 2866 4818 αὐτὸν,
2901 4755 3176 4819 κινοῦντες
3222 4754 3321 4818 τὰς
3357 4754 3605 4823 κεφαλὰς
3638 4755 3729 4807 αύ-

2144 4852 2273 4916 τῶν,
2300 4852 2394 4905 καὶ
2416 4850 2663 4919 λέγοντες
2680 4866 2694 4879 ο
2724 4850 2861 4902 Ούαὶ
2884 4850 2912 4902 6
2944 4846 3228 4901 καταλύων
3251 4846 3344 4899 τὸν
3376 4848 3530 4912 ναὸν,
3553 4849 3647 4900 καὶ
3670 4850 3729 4900 ἐν

2145 4945 2321 5016 τρισὶν
2354 4944 2592 5015 ἡμέραις
2642 4940 2942 5012 οἰκοδομῶν
3000 4940 3191 4993 αὐτόν·
3254 4936 3431 4992 σῶσον
3482 4937 3725 4997 σεαυτὸν.

2143 5034 2238 5088 καὶ
2272 5031 2539 5104 κατάϐηθι
2583 5031 2691 5084 ἀπὸ
2738 5030 2832 5083 τοῦ
2894 5028 3149 5102 σταυροῦ.
3193 5045 3212 5079 ι
3254 5026 3493 5099 Ὁμοίως
3524 5029 3622 5083 καὶ
3673 5027 3726 5079 οι

2142 5127 2417 5198 ἀρχιερεῖς
2448 5122 2806 5195 ἐμπαίζοντες
2845 5124 2925 5186 εἰς
2949 5121 3212 5192 ἀλλήλους
3240 5117 3382 5191 μετὰ
3408 5118 3523 5174 τῶν
3560 5136 3728 5192 γραμ-

2145 5216 2357 5285 ματέων
2390 5213 2573 5283 ἔλεγον
2591 5230 2604 5243 ο
2627 5231 2645 5263 ‹
2676 5212 2903 5276 Ἄλλους
2935 5212 3160 5277 ἔσωσεν,
3188 5209 3382 5264 ἑαυτὸν
3412 5210 3479 5264 οὐ
3510 5208 3726 5264 δύναται

2145 5306 2337 5360 σῶσαι·
2374 5308 2402 5359 ό
2434 5305 2669 5377 Χριστὸς
2699 5306 2729 5357 6
2756 5304 3008 5374 βασιλεὺς
3046 5302 3142 5355 τοῦ
3188 5299 3405 5373 Ἰσραὴλ
3435 5298 3726 5356 mm

2143 5396 2237 5450 νῦν
2281 5398 2388 5451 ἀπὸ
2418 5397 2512 5451 τοῦ
2566 5396 2836 5467 σταυροῦ,
2883 5396 2970 5449 ἴνα.
3025 5395 3223 5466 ἴδωμεν
3274 5393 3371 5447 καὶ
3423 5391 3723 5446 πιστεύσω-

2146 5507 2246 5560 μεν
2297 5489 2465 5560 αὐτῷ.
2511 5509 2530 5542 ι
2570 5488 2753 5543 Ταῦτα
2822 5489 2925 5561 γὰρ
2966 5487 3019 5539 τί
3075 5486 3140 5540 ἂν
3201 5484 3454 5559 διαφέροι
3506 5480 3616 5547 τῶν
3666 5484 3723 5534 ἐν

2140 5580 2219 5652 τῷ
2269 5580 2466 5651 ψαλμῶ
2521 5578 3141 5652 προαναπεφωνημένων
3190 5580 3247 5631 ἐν
3297 5575 3397 5647 τῷ,
3426 5592 3450 5628 α
3497 5571 3638 5642 Ἐγὼ
3667 5571 3721 5624 δέ

2137 5672 2252 5741 εἰμι
2311 5669 2545 5739 σκώληξ,
2603 5671 2699 5724 καὶ
2761 5670 2861 5722 οὐκ
2909 5668 3214 5739 ἄνθρωπος,
3263 5666 3464 5728 ὄνειδος
3515 5661 3719 5735 ἀνθρὼο

2138 5779 2253 5817 πων
2314 5765 2407 5818 καὶ
2464 5763 2796 5834 ἐξουδένημα
2852 5761 3002 5816 λαοῦ.
3033 5761 3239 5821 Πάντες
3292 5760 3341 5814 οι
3397 5756 3715 5830 θεωροῦντες
