3856 6222
202 312 312 365 775

1092 306 1751 363 DEMONS'IRATlONIS
1780 306 2238 363 EVANGELIC/E
2278 306 2405 362 LIB.
2452 308 2516 365 Χ.

3347 309 3445 364 ’ΠΙ

202 448 271 505 με
291 430 724 502 ἐξεμυκτήρισὰν
756 448 846 501 με,
874 430 1140 501 ἐλάλησαν
1165 436 1222 484 ἐν
1244 434 1499 502 χείλεσιν,
1523 432 1757 503 ἐκίνησαε

1885 449 1904 481 ι
1950 429 2200 499 Speravit
2250 429 2307 484 in
2356 427 2610 492 Domino,
2637 428 2832 498 eripiat
2865 443 3013 493 eum,
3046 427 3253 484 salvum
3284 428 3448 485 faciat

196 524 461 595 κεφαλήν·
501 522 765 575 ’Ἠλπισεν
804 523 897 575 ἐπὶ
928 522 1150 594 Κύριον,
1188 522 1443 593 ρυσασθω
1476 522 1658 587 αὐτὸν,
1697 524 1779 576 ὅτι

197 614 342 668 θέλει
374 613 555 666 αὐτόν.
598 632 618 664 ›
648 613 761 665 Kal
797 612 870 682 μὴ
917 611 1203 685 θαυμάσῃς
1249 613 1298 663 εἰ
1341 611 1513 664 ταῦτα
1547 611 1690 664 κατὰ
1718 612 1781 665 τὸ

196 704 372 767 πάθος
403 703 498 757 τοῦ
530 704 780 774 Σωτῆρος
819 706 852 772 ὴ
863 702 977 773 μῶν
1009 703 1196 774 εἴρητό
1223 719 1283 755 τε
1310 703 1404 755 καὶ
1433 702 1775 773 πεπλήρωτο,

192 798 358 851 ὁπότε
381 797 547 850 εἰσέτι
565 796 723 865 δεῦρο
739 796 887 868 παρὰ
915 797 1076 849 πᾶσιν
1106 793 1407 865 ἀνθρώποις
1425 798 1535 858 τοῖς
1556 796 1778 866 μηδέπω

190 885 294 958 τὴν
319 889 402 949 είς
438 886 598 939 αὐτὸν
631 885 813 938 πίστιν
860 885 1201 955 ἀνειληφόσιν
1243 885 1443 948 ὄνειδος
1476 885 1777 957 ἀνθρώπων

190 989 527 1061 νενόμισται.
568 989 633 1042 Τί
668 990 775 1060 γὰρ
816 988 880 1042 ἂν
924 988 1131 1059 αἴσχιον
1177 989 1271 1042 καὶ
1312 989 1510 1051 παντὸς
1545 988 1776 1053 ὀνείδους

190 1084 377 1152 χεῖρον
403 1080 497 1133 τοῦ
529 1080 938 1151 σταυρωθῆναι;
979 1079 1136 1132 Ἀλλά
1175 1081 1267 1132 καὶ
1296 1078 1627 1151 ἐξουδένημα
1644 1079 1773 1133 λαοῦ

189 1174 332 1234 ἐστι,
373 1172 468 1225 τοῦ
510 1175 573 1225 ὲκ
620 1172 953 1243 περιτομῆς,
1007 1172 1208 1235 παντὸς
1246 1171 1422 1224 αὐτῶν
1456 1172 1548 1223 τοῦ
1589 1171 1773 1235 ἔθνους

189 1264 363 1317 εἰσέτι
386 1263 482 1317 νῦν
521 1265 615 1317 καὶ
648 1266 884 1336 σήμερον
913 1263 1191 1334 χλευάζειν
1223 1264 1317 1316 καὶ
1351 1262 1644 1328 ἐξουθενεῖν
1682 1264 1773 1316 καὶ

187 1356 527 1410 καταπτύειν
545 1355 792 1420 εἰωθότος
812 1356 997 1409 αὑτοῦ.
1032 1356 1189 1409 Ὅθεν
1207 1356 1301 1409 καὶ
1319 1355 1543 1418 εἰκότως
1563 1357 1591 1407 ὁ
1623 1356 1772 1409 Ἀπό-

188 1451 396 1514 στολοςο
422 1470 439 1502 ι
461 1451 650 1520 Ἡμεῖς
663 1451 720 1504 δὲ
737 1450 1081 1523 κηρύσσομεν
1096 1450 1325 1521 Χριστὸν
1341 1450 1768 1520 ἐσταυρωμένον,

200 1543 474 1605 Ἰουδαίοις
508 1541 608 1612 μὲν
639 1542 950 1610 σκάνδαλον,
981 1541 1156 1595 ἔθνεσι
1174 1542 1231 1594 δὲ
1264 1542 1493 1613 μωρίαν.
1528 1562 1546 1593 ι
1576 1542 1682 1594 Καὶ
1701 1541 1768 1595 τά

185 1635 319 1707 ἐξῆς
350 1635 409 1688 δὲ
432 1637 692 1707 εἰρημένα
722 1637 780 1688 ἐν
810 1633 889 1704 τῷ
914 1632 1112 1703 ψαλμῴ
1141 1632 1303 1685 εἰσέτι
1341 1633 1432 1685 καὶ
1461 1632 1553 1685 νῦν
1590 1632 1769 1705 εὖροις

182 1725 254 1779 ἂν
278 1726 432 1798 παρὰ
454 1730 563 1789 τοῖς
582 1726 794 1788 πολλοῖς
820 1725 947 1795 περὶ
976 1725 1067 1777 τοῦ
1095 1723 1256 1777 αὑτοῦ
1282 1723 1567 1793 λεγόμενα.
1587 1724 1768 1777 Ταῦτα

183 1818 290 1886 μὲν
325 1813 417 1871 οὖν
449 1818 576 1888 περὶ
605 1817 704 1886 τῆς
727 1815 1087 1885 διαλαϐούσης
1120 1815 1280 1867 αὑτὸν
1311 1815 1478 1867 εἰσέτι
1514 1815 1630 1867 τότε
1663 1834 1762 1869 πε-

184 1909 491 1979 ριστάσεως
518 1908 733 1979 ηὔχετο·
758 1908 910 1973 εἰδὼς
931 1910 987 1963 δὲ
1022 1908 1096 1979 μὴ
1115 1907 1332 1978 χείρονα
1352 1902 1514 1959 οὖσαν
1540 1906 1640 1975 τῆς
1669 1907 1761 1959 τοῦ

180 2002 416 2058 θανάτου
459 2004 741 2074 συμφορᾶς
775 2002 874 2071 τὴν
909 1999 1131 2072 πρώτην
1165 1998 1328 2051 αὐτοῦ
1361 1999 1441 2061 είς
1473 1998 1649 2069 σάρκα
1682 1998 1766 2051 ἔν-

177 2096 351 2160 δεσιν,
379 2098 472 2150 καὶ
492 2097 590 2168 τὴν
616 2098 680 2149 ἐκ
709 2094 927 2166 θηλείας
952 2094 1046 2146 κα)⁸
1078 2091 1344 2162 παρθένου
1368 2091 1598 2159 γένεσιν,
1623 2091 1763 2145 κατά

179 2189 377 2259 καιρὸν
406 2190 465 2241 ἐν
496 2190 610 2251 τοίς
633 2188 761 2258 περὶ
788 2186 1018 2240 θανάτου
1047 2184 1155 2237 τῶν
1185 2185 1283 2254 τῆς
1307 2184 1573 2252 γενέσεως
1600 2183 1761 2238 αὐτοῦ

181 2280 513 2351 μνημονεύει
545 2279 718 2347 λόγων
752 2278 887 2349 πρὸς
922 2278 1013 2330 τὸν
1053 2276 1301 2347 Πατέρα·
1346 2295 1364 2326 ‹
1408 2277 1527 2328 Ὅτι
1564 2277 1626 2329 σὺ
1657 2272 1707 2328 εἷ
1735 2277 1763 2328 ὁ

178 2374 469 2436 ἐκσπάσας
514 2390 581 2443 με
623 2374 688 2426 ἐκ
718 2371 973 2442 γαστρὸς,
1008 2373 1040 2441 ή
1078 2369 1231 2431 ἐλπίς
1268 2386 1368 2439 μου
1407 2368 1513 2421 ἀπὸ
1544 2370 1760 2438 μαστῶν

174 2465 285 2533 τῆς
325 2464 527 2536 μητρός
567 2480 687 2533 μου.
744 2462 867 2515 Ἐπὶ
896 2462 955 2513 σὲ
988 2460 1289 2532 ὲπερῤίφην
1335 2460 1399 2511 ἐκ
1438 2460 1669 2530 μήτρας,
1698 2460 1761 2510 ἐκ

176 2569 387 2633 κοιλίας
419 2569 621 2640 μητρός
649 2585 749 2639 μου
783 2567 914 2630 Θεός
946 2583 1046 2637 μου
1082 2562 1132 2617 εἷ
1164 2564 1246 2617 σύ.
1287 2583 1305 2615 ι
1342 2561 1559 2616 Τούτων
1598 2563 1654 2615 δέ
1688 2566 1763 2616 εἰ-

174 2663 357 2726 κότως
375 2661 640 2732 ἀναφέρει
670 2659 768 2730 τὴν
800 2660 1020 2729 μνήμην
1048 2659 1126 2721 είς
1151 2656 1507 2727 παραμυθίαν
1530 2656 1631 2724 τῆς
1654 2654 1760 2706 τῶν

176 2754 466 2823 παρόντων
493 2751 829 2820 ἀπαλλαγῆς.
857 2750 1066 2819 ’Ὠσπερ
1088 2748 1217 2820 γὰρ,
1241 2749 1393 2817 φησὶ,
1410 2747 1636 2815 γέγονας
1660 2764 1758 2816 μου

175 2845 396 2915 βοηθὸς,
434 2845 591 2914 σῶμα
636 2842 973 2913 ἀνθρώπειον
1015 2840 1394 2903 ἀναλαϐόντος,
1444 2840 1531 2891 ὅτε
1574 2838 1670 2891 καὶ
1703 2835 1761 2901 ἐξ

173 2935 355 3004 αὐτῆς
377 2936 475 3006 τῆς
500 2934 870 3004 κυοφορούσης
903 2949 968 3002 με
1003 2931 1239 3003 γαστρὸς
1266 2931 1331 2984 σὺ
1365 2931 1524 2993 αὐτὸς
1561 2931 1591 2981 ὁ
1630 2929 1761 2993 Θεός

178 3045 284 3097 μου
311 3026 407 3079 καὶ
426 3027 613 3097 Πατήρ
644 3042 765 3096 μου,
789 3025 975 3095 ὥσπερ
1010 3022 1335 3094 μαιούμενος
1356 3022 1455 3092 τὴν
1479 3021 1601 3090 ἐμοὶ
1631 3018 1759 3073 κατ-

172 3119 587 3189 εσκευασμένην
606 3118 666 3182 ἐξ
691 3116 843 3186 ἁγίου
864 3115 1004 3168 Πνεύ
1014 3131 1179 3185 ματος
1200 3116 1399 3187 σάρκα,
1426 3112 1751 3178 ἐξέσπασας,
1781 3118 1823 3175 C

170 3214 277 3283 τὴν
296 3211 489 3265 ἑαυτοῦ
522 3210 749 3281 δύναμιν
778 3209 991 3281 ὀρέξας,
1021 3209 1097 3271 ὡς
1126 3207 1191 3261 ἂν
1225 3209 1298 3279 μή
1334 3224 1417 3270 τις
1444 3207 1630 3278 ἐνέδρα
1663 3206 1753 3259 καὶ

170 3304 440 3375 ἐπιϐουλὴ
453 3301 512 3369 ἐξ
528 3304 914 3373 ἀντικειμένων
929 3302 1207 3371 δυνάμεων
1218 3300 1313 3353 καὶ
1331 3298 1580 3370 πονηρῶν
1594 3315 1753 3351 πνευ-

175 3396 368 3463 μάτων
396 3394 859 3465 διαφθονουμένων
879 3396 945 3465 τῇ
969 3395 1047 3457 εἰς
1071 3391 1387 3465 ἀνθρώπους
1412 3390 1630 3462 παρόδῳ
1652 3407 1750 3460 μου

170 3488 406 3557 γένοιτοο
439 3488 562 3540 ἐπεὶ
590 3486 849 3541 καὶκατὰ
876 3487 973 3558 τὴν
1005 3484 1226 3557 πρώτην
1254 3482 1513 3552 σύλληψιν
1547 3484 1611 3535 σὺ
1646 3482 1751 3535 πά-

171 3580 259 3634 λιν
285 3581 347 3633 τὸ
371 3579 512 3634 κατά
528 3579 764 3650 γαστρὸς
782 3579 1137 3640 ἐπεσκίασας,
1159 3578 1233 3640 ὡς
1255 3576 1320 3630 ἂν
1341 3575 1487 3629 λάθω
1513 3575 1639 3637 τοὺς
1664 3575 1752 3645 ἀρ-

166 3690 371 3744 χοντας
408 3673 503 3727 τοῦ
530 3672 725 3735 αἰῶνος
760 3672 947 3725 τούτου
976 3674 1009 3740 ὴ
1042 3670 1100 3735 ἐξ
1128 3670 1283 3737 ἁγίου
1313 3668 1452 3722 Πνεύ
1461 3685 1627 3739 ματος
1651 3668 1751 3737 τῆς

164 3765 338 3833 ἁγίας
374 3764 652 3837 Παρθένου
698 3763 973 3834 σύλληψις.
1017 3764 1189 3834 Ὅπερ
1229 3760 1370 3831 μέγα
1402 3762 1695 3831 μυστήριον
1722 3760 1750 3812 ὁ

172 3857 269 3921 σὸς
306 3856 644 3928 ἀρχάγγελος
687 3856 914 3926 ἐξέφηνε
955 3852 1212 3925 Γαϐριὴλ,
1242 3856 1309 3924 τῇ
1339 3851 1527 3922 Μαρίᾳ
1558 3850 1744 3903 εἰπών·

174 3981 195 4012 ι
233 3960 461 4032 Πνεῦμα
503 3961 656 4028 ἅγιον
706 3958 1056 4013 ἐπελεύσεται
1109 3957 1201 4010 ἐπὶ
1250 3956 1329 4019 σὲ,
1378 3955 1472 4009 καὶ
1526 3953 1750 4024 δύναμις

181 4054 441 4124 Ὑψίστου
474 4052 781 4107 ἐπισκιάσει
814 4068 913 4103 σοι.
955 4069 972 4101 ι
1023 4047 1374 4120 Ὠσπερούνὴ
1412 4047 1479 4118 σὴ
1508 4046 1627 4098 τότε
1653 4044 1747 4097 τοῦ

178 4143 441 4213 Ὑψίστου
481 4144 707 4215 δύναμις
751 4139 1252 4213 συλλαμϐανόμενον
1301 4138 1398 4209 μὲν
1434 4136 1746 4199 ὲπεσκίασε,

162 4236 489 4307 τικτόμενον
520 4235 576 4288 δὲ
609 4234 908 4302 ἐξέσπασεν
959 4232 1066 4285 ἀπὸ
1108 4229 1342 4301 γαστρὸς
1388 4226 1591 4300 μητρός
1625 4243 1746 4296 μου,

161 4328 314 4382 οὕτω
349 4327 513 4400 πολλή
550 4345 639 4399 μοι
661 4328 917 4398 τυγχάνει
946 4324 1287 4397 παραμυθία,
1313 4324 1393 4376 ὅτι
1415 4323 1508 4376 καὶ
1532 4320 1626 4373 τοῦ
1655 4320 1750 4373 θα-

161 4421 335 4474 νάτου
386 4438 454 4491 με
503 4421 638 4475 πολὺ
690 4419 888 4491 μᾶλλον
934 4418 1283 4480 ἀνασπάσεις.
1334 4415 1444 4467 Kal
1483 4412 1641 4465 τοῦτό
1684 4428 1747 4481 γε

160 4512 426 4576 ἐλπίζων,
456 4512 549 4565 ἐπὶ
575 4512 633 4565 σὲ
655 4510 888 4567 πέποιθα
910 4510 999 4563 τὸν
1018 4508 1255 4580 ἐμαυτοῦ
1278 4507 1408 4561 Θεὸν
1430 4507 1523 4559 καὶ
1544 4503 1746 4575 Κύριον
1777 4521 1821 4575 ι)

157 4604 267 4659 καὶ
294 4605 533 4676 Πατέρα*
574 4604 669 4657 καὶ
712 4602 948 4657 πέποιθα
989 4604 1050 4656 ού
1084 4600 1178 4655 νῦν
1208 4600 1422 4673 πρῶτον
1447 4598 1750 4671 ἀρξάμενος

157 4694 269 4764 τῆς
295 4694 376 4756 είς
404 4692 464 4744 σὲ
486 4692 723 4756 ἐλπίδος,
754 4691 888 4745 ἀλλά
910 4693 1004 4746 καὶ
1030 4693 1139 4755 ὅτε,
1168 4691 1275 4744 ἀπὸ
1298 4688 1517 4761 μαστῶν
1545 4689 1749 4760 μητρός

163 4800 273 4855 μου
302 4782 402 4853 τὴν
433 4782 675 4856 νηπιώδη
711 4785 917 4857 τροφὴν
957 4783 1374 4854 ἀναλαμϐάνων,
1424 4779 1746 4851 ἐνομιζόμην

156 4885 371 4949 ὁμοίως
397 4889 509 4951 τοῖς
532 4887 640 4941 τῶν
661 4886 961 4960 ἀνθρώπων
989 4887 1241 4959 βρέφεσιν
1273 4885 1466 4957 ἀτελὴς
1493 4881 1629 4938 εἶναι
1654 4884 1747 4937 καὶ

158 4976 382 5046 ἄλογος·
415 4977 487 5050 μὴ
517 4977 593 5032 ὢν
620 4980 727 5051 γὰρ
756 4980 1013 5043 τοιοῦτος,
1043 4981 1090 5033 εί
1129 4980 1222 5032 καὶ
1251 4978 1411 5049 σῶμά
1446 4995 1535 5049 μοι
1562 4977 1746 5048 ὅμοιον

156 5069 475 5139 ἀνθρώποις
509 5066 598 5142 ἦν,
623 5073 715 5124 καὶ
743 5071 839 5143 τὴν
867 5071 1115 5142 δύναμιν,
1145 5071 1264 5125 οὺδέ
1294 5071 1391 5142 τὴν
1420 5070 1607 5123 οὐσίαν
1628 5072 1741 5132 τοῖς

158 5160 381 5223 πολλοῖς
409 5161 483 5214 ὢν
514 5162 777 5233 ἐμφερὴς,
806 5162 991 5227 ἄνετος
1015 5163 1070 5216 δέ
1097 5163 1190 5216 καὶ
1216 5162 1497 5225 ἀπόλυτος,
1526 5154 1615 5213 οἷά
1644 5174 1738 5210 σου

154 5254 258 5307 τοῦ
279 5253 413 5306 θεοῦ
441 5255 629 5324 ἀμνὸς,
678 5256 771 5309 καὶ
820 5255 880 5321 ἐξ
921 5255 1132 5326 ἐκείνης
1165 5256 1261 5325 τῆς
1290 5255 1504 5326 ήλικίας
1544 5253 1741 5315 γαλου-

154 5359 446 5431 χούμενος,
476 5360 618 5428 λέγω
640 5360 705 5430 δὴ
736 5361 843 5415 ἀπὸ
876 5361 1094 5432 μαστῶν
1126 5360 1224 5430 τῆς
1255 5360 1459 5432 μητρός
1484 5376 1606 5429 μου.
1632 5357 1743 5411 Kal

153 5456 318 5507 οὔπω
346 5453 504 5507 τοῦτο
538 5455 678 5525 μέγα
708 5472 789 5517 τις
816 5455 1099 5525 ἡγήσεται,
1144 5454 1191 5505 εἱ
1216 5451 1396 5523 μάθοι,
1430 5451 1509 5504 ὅτι
1542 5451 1635 5503 καὶ
1662 5448 1741 5501 ἔτι

157 5546 429 5618 πρότερον
464 5549 556 5600 ἐπὶ
594 5548 653 5600 σέ
680 5549 981 5619 ἐπερρίφην
1021 5549 1084 5600 ἐκ
1118 5549 1349 5618 μήτρας,
1380 5546 1473 5598 καὶ
1503 5544 1609 5596 ἀπὸ
1638 5560 1739 5611 γα-

158 5640 328 5711 στρὸς
364 5640 564 5710 μητρός
600 5656 701 5711 μου
731 5640 861 5701 Θεός
894 5657 993 5710 μου
1027 5634 1077 5691 εἶ
1106 5636 1191 5691 σύ.
1225 5638 1344 5689 Ἔτι
1373 5636 1481 5708 γάρ
1506 5635 1651 5688 ἔνδον
1682 5637 1739 5687 ἐν

1881 536 2005 575 eum
2036 522 2293 591 quoniam
2319 521 2434 575 vult
2462 535 2608 575 eum.
2641 540 2661 572 ι
2697 518 2821 575 Hrec
2864 520 3027 590 igitur
3068 520 3229 589 plane
3261 521 3447 575 omnia

1880 613 1936 666 in
1969 613 2183 683 psalmo
2230 612 2296 666 de
2343 611 2410 666 iis
2440 625 2562 680 quae
2592 619 2701 664 tam
2732 613 2893 682 longo
2921 621 3046 681 post
3089 619 3330 681 tempore
3359 610 3447 665 fu-

1877 711 2002 755 tura
2032 710 2209 766 erant,
2244 702 2501 771 praedicta
2534 710 2682 766 sunt,
2735 704 3033 772 eademque
3081 718 3242 757 suum
3282 702 3447 757 ﬁnem

1878 801 2009 848 sunt
2041 801 2356 857 consecuta,
2391 810 2500 863 quo
2531 802 2796 863 tempore,
2829 801 2888 847 ut
2918 802 3003 848 est
3029 793 3172 863 apud
3203 792 3446 848 Matthx-

1877 902 1991 951 um,
2019 887 2168 940 cruci
2198 885 2369 940 allixis
2401 901 2526 939 cum
2555 901 2620 940 eo
2653 886 2867 940 duobus
2889 886 3214 949 latronibus,
3242 900 3352 940 uno
3377 882 3444 939 ad

1875 978 2144 1040 dextram,
2174 980 2344 1032 altero
2375 976 2441 1031 ad
2474 977 2777 1041 sinistram,
2802 977 2894 1046 qui
2928 978 3051 1031 illac
3074 976 3440 1046 praeteribant,

1873 1069 2018 1122 mala
2050 1070 2105 1122 in
2143 1068 2296 1122 illum
2318 1069 2683 1139 congerebant
2714 1076 2991 1123 moventes
3025 1069 3205 1139 capita
3238 1082 3357 1131 sua,
3389 1073 3445 1122 et

1873 1159 2119 1214 dicentes
2152 1177 2164 1212 :
2194 1177 2213 1208 ‹
2252 1158 2390 1224 Vah,
2421 1160 2513 1229 qui
2540 1160 2777 1214 destruis
2809 1158 3065 1228 templum
3095 1167 3149 1212 ct
3174 1158 3227 1211 in
3266 1158 3444 1214 tribus

1846 1248 2068 1307 .diebus
2099 1248 2357 1303 aediﬁcas.
2393 1248 2613 1303 Salvum
2643 1247 2729 1302 fac
2761 1248 2992 1318 teipsum
3028 1268 3040 1303 :
3069 1250 3115 1303 si
3151 1246 3320 1303 Fi‘lius
3344 1248 3443 1303 Dei

1871 1354 1954 1404 es,
1986 1339 2256 1395 descende
2284 1341 2352 1395 de
2381 1356 2562 1395 cruce.
2592 1340 2853 1394 Similiter
2884 1349 2936 1394 et
2959 1342 3235 1409 principes
3257 1356 3443 1395 sacer-

1872 1430 2062 1485 dotum
2095 1432 2387 1487 illudentes
2418 1447 2542 1486 cum
2586 1432 2894 1487 senioribus
2924 1441 2977 1487 et
3024 1433 3251 1501 Scribis,
3290 1434 3440 1490 dice-

1870 1520 2002 1575 bant
2037 1540 2050 1576 :
2104 1522 2255 1575 Alios
2306 1522 2487 1576 salvos
2536 1521 2681 1587 fecit,
2713 1523 2953 1591 seipsum
2986 1536 3093 1575 non
3126 1530 3304 1591 potest
3334 1523 3441 1578 sal-

1870 1628 1997 1667 vum
2032 1612 2233 1667 facere.
2265 1612 2321 1666 Si
2358 1612 2473 1667 Rex
2507 1611 2673 1667 Israel
2695 1621 2801 1676 est,
2852 1615 3150 1669 descendat
3195 1631 3342 1669 nunc
3370 1615 3439 1671 de

1869 1718 2054 1768 cruce,
2091 1713 2143 1758 et
2180 1705 2470 1759 credemus
2491 1704 2561 1758 ei.
2600 1702 2656 1757 Si
2691 1704 2931 1759 confisus
2962 1715 3046 1759 est
3077 1705 3207 1768 Deo,
3243 1707 3439 1761 liberet

1799 1776 1840 1830 Β
1866 1810 2014 1849 nunc
2068 1811 2214 1859 eum,
2266 1797 2314 1851 si
2348 1796 2463 1850 vult
2511 1811 2658 1850 eum.
2710 1784 2855 1849 Dixit
2900 1799 3045 1851 enim
3084 1816 3098 1852 :
3136 1797 3305 1854 Filius
3342 1798 3438 1855 Dei

1866 1902 1988 1941 sum
2012 1887 2054 1940 ⁸.
2097 1906 2116 1939 ι
2152 1886 2221 1941 Ut
2248 1902 2379 1941 vero
2412 1896 2497 1942 est
2522 1888 2666 1957 apud
2695 1885 2897 1942 Lucam
2935 1908 2947 1942 :
2982 1907 3000 1939 ι
3044 1888 3233 1943 Stabat
3263 1906 3437 1963 pupu-

1864 1979 1951 2034 lus
1980 1987 2257 2049 spectans,
2299 1988 2354 2035 et
2395 1982 2810 2035 subsannahant
2837 1997 2961 2035 eum
3001 1984 3280 2052 principes
3308 1999 3433 2038 cum

1864 2070 1966 2135 eis,
2002 2071 2249 2126 dicentes
2298 2091 2311 2126 :
2358 2072 2511 2127 Alios
2563 2074 2746 2128 salvos
2795 2072 2946 2139 fecit,
3008 2074 3217 2127 salvum
3272 2073 3436 2130 faciat

1864 2162 2128 2231 seipsum,
2163 2163 2210 2216 si
2245 2163 2333 2216 hic
2364 2172 2448 2218 est
2478 2164 2731 2219 Christus
2763 2163 2935 2219 Filius
2967 2164 3061 2219 Dei
3100 2166 3306 2221 electus
3328 2166 3369 2220 ⁸.
3407 2186 3427 2218 ι

1861 2254 1932 2307 At
1963 2255 2264 2308 secundum
2300 2253 2579 2309 Marcum:
2612 2273 2631 2305 ί
2671 2254 3068 2309 Praetereuntcs
3090 2256 3434 2325 blasphema~

1862 2344 1994 2399 bant
2030 2361 2175 2408 eum,
2207 2356 2486 2401 moventes
2515 2347 2694 2417 capita
2730 2364 2849 2409 sua,
2877 2355 2930 2401 et
2961 2348 3204 2402 dicentes
3239 2366 3251 2402 :
3291 2346 3427 2411 Vah,

1862 2438 1955 2506 qui
1986 2438 2225 2493 destruis
2257 2441 2516 2507 templum
2564 2446 2620 2493 et
2671 2439 2726 2491 in
2759 2439 2935 2493 tribus
2965 2438 3159 2493 diebus
3190 2440 3431 2497 :edilicas

1861 2528 2017 2583 illud.
2052 2528 2272 2583 Salvum
2317 2530 2401 2584 fac
2436 2531 2690 2599 teipsum,
2734 2537 2786 2585 et
2835 2529 3104 2585 descende
3137 2531 3204 2586 de
3244 2547 3426 2586 cruce.

1865 2614 2129 2672 Similiter
2176 2626 2231 2672 et
2283 2619 2560 2688 principes
2615 2620 2959 2673 sacerdotum
3009 2620 3299 2675 illudentes
3344 2622 3431 2673 in-

1861 2716 1944 2763 ter
1997 2726 2055 2764 se
2098 2726 2222 2764 cum
2275 2711 2505 2774 Scribis,
2539 2710 2794 2764 dicebant
2830 2728 2843 2764 :
2877 2712 3027 2765 Alios
3058 2712 3237 2766 salvos
3277 2712 3426 2775 fccit,

1862 2804 2102 2873 seipsum
2148 2818 2257 2856 non
2306 2810 2482 2871 potest
2530 2802 2738 2856 salvum
2776 2801 2973 2856 facere.
3010 2802 3262 2858 Christus
3313 2801 3429 2859 Rex

1861 2894 2027 2948 Israel
2058 2893 2350 2947 descendat
2376 2908 2518 2945 nunc
2543 2891 2609 2945 de
2633 2908 2816 2953 cruce,
2843 2902 2900 2945 ut
2930 2894 3210 2947 videamus
3233 2904 3285 2967 et
3309 2911 3430 2949 cre-

1862 2987 2055 3040 damus
2085 2987 2131 3039 ei
2164 2985 2204 3038 ⁶.
2249 3004 2267 3036 ι
2306 2983 2431 3037 Haec
2463 3000 2693 3054 namque
2734 2986 2785 3037 in
2833 3001 2941 3054 quo
2988 2987 3203 3039 tandem
3255 2988 3323 3042 ab
3362 2987 3429 3042 iis

1863 3078 2140 3141 dill‘erunt,
2160 3093 2278 3147 quae
2308 3077 2358 3129 in
2380 3077 2589 3145 psalmo
2618 3077 2875 3146 praedicta
2904 3086 3033 3133 sunt
3068 3078 3175 3131 illis
3212 3080 3423 3134 verbis:

1854 3168 2019 3240 499
2048 3188 2066 3219 ι
2105 3168 2215 3238 Ego
2242 3176 2421 3220 autem
2466 3184 2585 3222 sum
2620 3169 2818 3223 vermis
2847 3176 2900 3223 et
2930 3184 3039 3223 non
3086 3168 3282 3232 homo,
3332 3186 3430 3241 op-

1853 3261 2133 3331 probrium
2168 3258 2447 3312 hominum
2495 3268 2548 3312 et
2592 3258 2824 3326 abjectio
2862 3259 3067 3329 pepuli.
3118 3258 3319 3317 Omnes
3350 3265 3431 3317 vi-

1854 3351 2043 3405 dentes
2068 3365 2173 3412 nie,
2208 3350 2682 3403 subsannaverunt
2730 3365 2836 3415 me,
2873 3352 3040 3405 locuti
3088 3361 3215 3407 sunt
3249 3355 3426 3421 labiis,

1852 3451 1905 3495 et
1921 3426 2206 3495 moverunt
2232 3449 2393 3509 caput
2417 3456 2430 3491 :
2462 3440 2712 3510 Speravit
2737 3441 2791 3495 in
2809 3441 3055 3508 Domino,
3074 3446 3426 3515 eripiateum,

1852 3534 2059 3588 salvum
2105 3533 2268 3586 faciat
2317 3549 2463 3597 eum,
2493 3535 2751 3603 quoniam
2784 3535 2899 3589 vult
2928 3552 3073 3590 eum.
3113 3557 3133 3589 ι
3170 3538 3289 3593 Noli
3327 3556 3428 3595 au-

1852 3631 1962 3678 tem
1989 3625 2178 3678 mirari
2211 3626 2254 3679 si
2288 3625 2401 3679 hanc
2431 3627 2533 3681 sub
2566 3628 2738 3696 ipsam
2771 3625 3069 3683 Salvatoris
3106 3632 3277 3685 nostri
3302 3647 3429 3700 pas-

1851 3715 2059 3769 sionem
2108 3727 2161 3769 et
2206 3714 2349 3769 dicta
2383 3723 2510 3770 sunt
2542 3723 2596 3770 et
2634 3718 2900 3786 completa
2930 3757 2945 3780 ,
3007 3718 3225 3786 quando
3265 3719 3427 3775 hodie

1851 3819 2066 3875 quoque
2098 3806 2239 3875 apud
2270 3822 2459 3862 omnes
2505 3806 2787 3871 homines,
2821 3808 3132 3878 quicunque
3180 3809 3424 3864 nondum

1851 3897 1906 3950 in
1938 3898 2083 3953 illius
2113 3897 2273 3967 [idem
2302 3905 2589 3960 venerunt,
2616 3899 2969 3968 Opprohrium
3010 3899 3288 3954 hominum
3322 3901 3423 3953 ha-

1849 3989 2026 4043 betur.
2087 3989 2229 4056 Quid
2269 3990 2415 4045 enim
2447 3990 2663 4058 turpius
2694 3997 2747 4043 et
2794 3989 2940 4044 omni
2990 3990 3191 4058 probro
3220 3991 3421 4054 vilius,

1849 4095 2009 4148 quam
2040 4081 2189 4134 cruci
2213 4095 2335 4136 esse
2364 4079 2623 4134 afﬁxam?
2655 4080 2749 4135 sed
2793 4095 2972 4134 nonne
3033 4080 3195 4134 etiam
3236 4082 3423 4151 populi

1847 4170 2058 4225 Judaici
2100 4172 2334 4241 ahjectio
2376 4172 2499 4228 est?
2539 4173 2740 4243 quippe
2769 4187 2891 4226 cum
2924 4171 3175 4227 universa
3208 4172 3296 4225 illa
3332 4188 3423 4227 na-

1826 4262 1925 4314 tio
1952 4262 2114 4315 etiam
2148 4278 2295 4317 nunc
2331 4270 2385 4317 et
2424 4264 2479 4317 in
2509 4263 2655 4317 hunc
2684 4279 2855 4333 usque
2882 4263 3048 4327 diem,
3087 4270 3140 4318 et
3169 4264 3419 4326 irridere.

1848 4357 1901 4405 et
1930 4352 2220 4422 negligere,
2252 4360 2306 4408 et
2350 4352 2615 4423 despucre
2648 4352 2797 4406 illum
2828 4353 3190 4408 consueverit.
3226 4350 3422 4406 Proin-

1847 4445 1915 4500 de
1940 4444 2233 4514 Apostolus
2267 4444 2460 4500 merito
2482 4464 2495 4499 :
2520 4464 2538 4493 ‹
2562 4442 2672 4501 Nos
2711 4454 2913 4510 autem,
2935 4444 3133 4516 inquit,
3157 4445 3421 4514 praedica-

1850 4552 1973 4592 mus
1997 4536 2281 4592 Christum
2314 4536 2655 4599 crucifixum,
2685 4535 2886 4593 Judaais
2914 4537 3132 4607 quidem
3184 4538 3419 4592 scanda-

1849 4627 1983 4693 lum,
2014 4628 2266 4697 gentibus
2300 4638 2477 4683 aulem
2512 4629 2797 4685 stultitiam
2821 4629 2863 4683 ⁷.
2907 4648 2926 4680 ι
2968 4627 3074 4682 Sed
3106 4643 3207 4682 nec
3237 4629 3419 4683 minus

1848 4734 1911 4773 ea
1944 4735 2064 4791 quae
2096 4729 2398 4790 sequuntur
2430 4720 2484 4774 in
2515 4721 2743 4790 psalmo,
2777 4719 2936 4775 facile
2964 4720 3123 4775 etiam
3164 4737 3309 4775 nunc
3334 4723 3419 4774 in-

1851 4810 2033 4864 venies
2061 4826 2088 4864 a
2126 4810 2401 4880 plerisque
2421 4811 2488 4865 de
2522 4810 2613 4864 illo
2634 4810 2762 4865 dici.
2795 4808 2919 4864 llaec
2966 4810 3127 4880 igitur
3153 4825 3254 4880 pro
3285 4810 3419 4864 allli-

1846 4902 2029 4957 ctione
2076 4917 2196 4972 quze
2244 4902 2396 4956 illum
2442 4901 2799 4971 apprehendit
2837 4902 2998 4957 etiam
3037 4909 3166 4955 tunc
3204 4901 3414 4955 orabat.

1847 4992 1982 5048 Cum
2012 5002 2189 5048 autem
2233 4993 2405 5047 nihilo
2432 4995 2678 5049 viliorem
2722 4994 2952 5065 primam
3002 5009 3278 5063 corporea:
3324 5011 3355 5047 n
3391 5025 3419 5035 -

1848 5082 1979 5140 tura":
2008 5084 2455 5155 assumptionem,
2497 5093 2786 5155 ortumque
2838 5085 2987 5139 illum
3021 5084 3087 5139 de
3116 5083 3315 5138 femina
3362 5092 3418 5140 et

1844 5176 2073 5247 virgine,
2107 5176 2225 5247 ipsa
2278 5176 2473 5230 mortis
2534 5174 2843 5229 calamitate
2890 5190 3013 5230 esse
3061 5175 3416 5244 intelligeret,

1845 5283 1954 5323 non
1986 5265 2330 5321 incommode
2378 5266 2432 5319 in
2469 5266 2533 5321 iis
2565 5280 2683 5335 quae
2717 5265 2783 5319 ad
2816 5273 3044 5320 mortem
3102 5267 3413 5336 pertinent,

1843 5362 2007 5415 etiam
2046 5373 2109 5414 ea
2130 5373 2251 5429 quae
2276 5356 2343 5411 ad
2366 5367 2543 5411 ortum
2574 5364 2823 5427 spectant
2856 5365 3281 5422 commemorat,
3336 5361 3415 5412 sic

1844 5452 1911 5505 ad
1946 5449 2157 5505 Patrem
2188 5451 2404 5504 dicens:
2449 5468 2467 5499 ι
2502 5448 2765 5515 Quoniam
2797 5456 2855 5503 tu
2889 5464 2948 5504 es
2986 5450 3077 5519 qui
3129 5449 3415 5504 exlraxisti

1843 5558 1930 5597 me
1954 5543 2019 5597 de
2051 5548 2236 5596 ventre
2257 5582 2271 5606 ,
2314 5556 2437 5609 spes
2478 5556 2596 5594 mea
2628 5541 2695 5593 ah
2724 5540 2983 5596 uberibus
3014 5542 3204 5594 matris
3231 5555 3363 5595 mea:
3396 5558 3411 5595 :

1842 5637 1905 5688 ιιι
1994 5641 2046 5688 te
2124 5633 2407 5702 projectus
2474 5648 2594 5687 sum
2658 5647 2725 5686 ex
2790 5641 2948 5688 utero
3022 5633 3216 5689 matris
3282 5647 3414 5688 mea:

269 5738 292 5768 δ
330 5735 521 5791 Matth.
559 5752 740 5803 um,
779 5736 970 5793 40-15.
1050 5736 1068 5766 ⁸
1109 5733 1239 5789 Luc.
1281 5748 1449 5800 xxm,
1487 5732 1574 5787 ὃὸ.
1653 5732 1673 5761 ⁸
1714 5728 1757 5784 Μ

1857 5751 1880 5786 ε.
1923 5747 2021 5799 xv,
2056 5728 2245 5786 τεο-52.
2334 5726 2354 5757 ⁷
2384 5726 2402 5782 Ι
2435 5727 2560 5784 Cor.
2613 5749 2649 5797 ι,
2690 5705 2780 5783 23.
