3856 6222
444 260 555 317 775

1132 258 1405 316 EUSEBII
1441 258 1930 317 CASSARIENSIS
1964 258 2114 317 opp.
2159 260 2342 317 rans
2379 260 2447 317 ιι.
2487 291 2559 303 -
2590 246 3096 318 APOLOCETICA.

3630 263 3721 316 776

444 383 594 440 Deus
620 397 776 438 meus
809 395 869 437 es
902 389 980 434 tu.
1015 398 1032 431 ι
1070 379 1263 436 Merito
1286 389 1467 436 autem
1501 382 1617 436 haec
1664 381 1915 437 meminit
1937 422 1950 441 ,
1986 389 2029 434 ul

2143 379 2220 451 τῷ
2248 380 2458 451 ταμείῳ
2498 380 2600 452 τῆς
2647 380 3020 452 κυοφορούσης
3066 397 3136 453 με
3178 381 3498 454 φερόμενος,
3544 385 3607 438 σὲ
3649 388 3728 439 τὸν

447 479 690 549 seipsum
720 475 1065 535 consoletur,
1097 481 1151 527 et
1197 490 1227 527 a
1279 473 1644 544 praesentibus
1681 475 1839 529 malis
1884 489 2043 528 aver-

447 579 549 626 tat.
595 568 701 635 Qui
750 567 920 633 enim,
966 566 1168 636 inquit,
1210 564 1365 621 fuisti
1414 566 1548 621 mihi
1600 567 1861 635 adjutor,
1913 581 2041 619 cum

446 663 750 719 humanum
781 673 982 729 corpus
1012 672 1348 713 assumerem
1372 698 1387 721 ,
1426 672 1538 726 quo
1565 665 1810 728 tempore
1838 673 1905 711 ex
1958 656 2040 726 ip-

445 757 564 815 sius
593 753 949 826 parturientis
974 758 1152 814 utero,
1188 766 1296 814 me,
1331 757 1391 804 ιιι
1446 751 1563 820 ipse
1594 750 1736 805 Deus
1776 765 1931 805 mens
1983 758 2041 803 et

444 848 610 905 Pater
656 860 833 908 meus,
868 853 1128 913 tanquam
1171 842 1487 901 obstetricis
1535 841 1769 913 fungens
1808 840 1994 895 ofﬁcio
2018 880 2036 905 ,

443 956 546 1013 pro
575 955 640 997 ea
667 955 789 1011 quae,
812 938 944 993 mihi
979 938 1047 993 de
1073 935 1285 1007 Spiritu
1339 946 1533 992 sancto
1560 945 1877 1005 comparata
1921 943 2039 989 erat

444 1049 630 1098 carne,
665 1032 978 1095 extraxisti,
1010 1038 1103 1086 tua
1127 1040 1378 1102 porrecta
1417 1027 1621 1083 virtute
1648 1027 1718 1082 da
1747 1027 1879 1081 mihi
1922 1027 2034 1097 jam

441 1142 591 1182 nunc
626 1127 883 1188 salutem,
920 1140 986 1178 ne
1013 1139 1121 1195 qua
1162 1122 1313 1177 fraus
1367 1129 1461 1174 aut
1512 1122 1637 1174 ulla:
1668 1119 1916 1182 insidiae,
1967 1119 2036 1173 ab

441 1220 695 1275 adversis
745 1217 1112 1289 potestatibus
1159 1215 1522 1286 malignisque
1572 1213 1900 1284 spiritibus,
1939 1212 2036 1282 qui

438 1311 577 1367 mihi
600 1312 765 1369 etiam
796 1313 852 1365 in
884 1324 1110 1365 accessu
1142 1324 1264 1363 meo
1310 1306 1378 1361 ad
1416 1306 1669 1362 homines
1697 1306 2032 1370 inviderunt,

441 1406 597 1472 ﬁant,
627 1405 887 1476 quoniam
928 1404 985 1458 in
1035 1403 1213 1475 prima
1249 1402 1378 1455 item
1430 1399 1793 1469 conceptione
1826 1409 1884 1454 tu
1916 1410 2038 1454 rur-

441 1516 540 1557 sus
570 1500 718 1572 quod
746 1499 799 1553 in
824 1507 981 1553 utero
1008 1496 1110 1562 fui,
1141 1493 1503 1553 obumbrasti,
1532 1501 1591 1547 ut
1621 1493 1900 1563 principes
1932 1509 2036 1547 sae-

440 1593 553 1648 culi
583 1592 749 1661 hujus
772 1592 889 1661 ipsa
913 1591 981 1646 de
1007 1588 1215 1660 Spiritu
1259 1596 1451 1643 sancto
1486 1594 1540 1642 et
1585 1594 1778 1642 sancta
1809 1584 2033 1656 Virgine

396 1676 397 1679 “
441 1681 731 1751 eonceptio
770 1680 981 1734 lateret.
1013 1677 1200 1745 .Quod
1244 1692 1379 1733 sane
1412 1676 1606 1746 ingens
1665 1676 1985 1746 mysterium
2011 1716 2025 1738 ,

438 1781 571 1828 tuus
606 1770 969 1842 archangelus
999 1767 1221 1824 Gabriel
1262 1767 1446 1823 Maria:
1480 1767 1764 1829 indicavit,
1798 1767 2028 1821 dicens:

445 1879 469 1917 ι
510 1860 750 1933 Spiritus
782 1869 1008 1917 sanctus
1037 1858 1386 1929 superveniet
1427 1859 1482 1911 in
1510 1866 1562 1913 te
1585 1898 1600 1921 ,
1636 1865 1691 1912 et
1717 1857 1893 1911 virtus
1943 1858 2035 1911 Al-

440 1955 641 2011 tissimi
666 1954 1018 2011 obumbrabit
1056 1952 1154 2006 tibi
1192 1952 1234 2005 ⁸.
1276 1972 1294 2003 ι
1349 1950 1513 2022 500
1561 1949 2032 2016 Quemadmodum

439 2049 609 2120 igitur
639 2055 733 2103 tua
764 2057 928 2109 tunc,
965 2046 1057 2116 qui
1093 2061 1154 2100 es
1187 2044 1503 2099 Altissimus
1533 2083 1547 2105 ,
1611 2043 1785 2097 virtus
1837 2058 1923 2097 me
1978 2043 2033 2095 in

439 2139 802 2211 concipiendo
823 2138 1205 2200 obumbravit,
1238 2137 1294 2190 in
1330 2135 1595 2209 pariendo
1629 2143 1809 2190 autem
1850 2147 2034 2191 extra-

439 2236 520 2290 xit
548 2235 616 2289 de
643 2241 834 2289 ventre
865 2232 1055 2287 matris
1086 2246 1221 2286 meae
1244 2272 1259 2293 ,
1311 2232 1388 2285 ita
1433 2247 1657 2303 quoque
1713 2247 1825 2287 non
1866 2245 2034 2301 parva

440 2327 575 2382 mihi
606 2327 763 2382 adest
793 2325 1122 2387 consolatio,
1154 2325 1301 2395 quod
1335 2325 1507 2381 multo
1537 2326 1713 2397 magis
1760 2324 1828 2380 de
1859 2334 2034 2379 morte

436 2419 516 2475 sis
540 2429 908 2475 extraeturus.
960 2417 1139 2489 Atque
1178 2418 1434 2488 equidem
1497 2418 1601 2473 hoc
1653 2428 1883 2488 sperans
1933 2420 2033 2473 tibi

438 2512 683 2568 conlisus
712 2527 855 2577 sum,
887 2510 982 2583 qui
1022 2526 1179 2565 meus
1217 2509 1357 2564 Deus
1383 2517 1434 2565 et
1467 2508 1732 2565 Dominus
1761 2522 1817 2565 et
1872 2510 2033 2565 Pater

438 2621 499 2662 es
532 2621 547 2659 :
580 2615 633 2662 et
663 2605 907 2662 conlisus
939 2621 1084 2669 sum,
1132 2617 1243 2659 non
1281 2619 1429 2659 nune
1469 2604 1703 2675 primum
1733 2606 1786 2659 in
1822 2612 1874 2659 te
1907 2620 2033 2674 spe-

436 2714 564 2754 rare
585 2699 873 2770 incipiens.
906 2698 1002 2754 sed
1046 2705 1181 2752 tunc
1234 2708 1452 2767 queque
1479 2712 1604 2751 cum
1649 2698 1719 2752 ab
1767 2696 2031 2752 uberibus

438 2794 633 2848 matris
683 2808 816 2847 mea
845 2790 1149 2846 infantilem
1181 2791 1497 2846 alimoniam
1528 2791 1837 2860 accipiens,
1874 2800 2033 2861 puta-

437 2887 539 2941 bar
568 2894 628 2940 ut
660 2886 858 2959 reliqui
895 2886 1178 2940 hominum
1225 2883 1488 2948 infantes,
1523 2883 1877 2954 imperfectus
1908 2899 2034 2940 esse

438 2980 493 3033 et
521 2979 728 3048 absque
767 2994 870 3032 usu
904 2977 1156 3031 rationis.
1192 2974 1311 3029 Non
1344 2976 1490 3031 enim
1520 2986 1669 3029 eram
1701 2974 1857 3039 talis,
1904 2976 2034 3030 licet

2143 470 2276 523 Θεύν
2316 488 2418 541 μου
2448 469 2657 542 ἐώρων,
2689 472 2784 525 ἁτε
2814 471 3118 544 ἀσύγχυτος
3157 474 3251 526 καὶ
3286 473 3563 536 ἀθόλωτος
3589 476 3649 526 ἐν
3669 480 3729 547 τῇ

2142 563 2378 635 τοσαύτῃ
2408 563 2517 616 τῶν
2547 563 2769 635 σαρκῶν
2797 564 3052 636 κοινωνίᾳ
3084 564 3386 635 διαμείνας,
3437 563 3646 635 μᾶλλον
3681 567 3732 619 δὲ

2142 655 2434 728 ἀσώματος
2456 657 2551 710 καὶ
2568 656 2693 710 τότε
2713 655 2810 720 ῶν,
2836 659 2930 727 καὶ
2949 658 3169 714 πάντων
3189 659 3474 732 ἐλεύθερος
3494 660 3731 731 δεσμῶν·

2140 748 2315 815 οὕτως
2342 751 2399 806 δὲ
2437 755 2531 807 ἐπὶ
2570 755 2631 808 σὲ
2673 757 2977 829 ἐπεῤῥίφην
3007 757 3072 812 ἐκ
3104 759 3338 831 μήτρας,
3362 758 3475 813 καὶ
3500 758 3617 811 ἀπὺ
3640 775 3734 826 ya-

2143 840 2304 915 στρὺς
2331 846 2537 917 μητρὸς
2567 847 2701 912 Θεός
2735 866 2835 919 μου
2857 845 3022 922 ἦσθα,
3047 848 3125 915 ὡς
3151 850 3440 905 αἰσθέσθαι
3466 849 3579 919 τῆς
3600 848 3737 920 ἐμῆς

2138 933 2421 1008 δυνάμεως
2443 937 2523 991 ἔτι
2552 941 2998 1012 κυοφορουμένης
3026 942 3163 1013 πρὸς
3188 941 3291 1012 τῆς
3316 941 3483 1011 ἁγίας
3518 940 3736 1012 Παρθέ-

2138 1046 2254 1092 νου,
2285 1029 2377 1083 τὸν
2409 1030 2541 1102 ἐμὸν
2582 1032 2888 1103 πρόδρομον
2942 1032 3217 1103 Ἰωάννην,
3259 1034 3355 1087 καὶ
3385 1033 3562 1086 αὐτὸν
3601 1033 3739 1087 κατά

2138 1122 2374 1195 γαστρὸς
2401 1124 2502 1194 τῆς
2543 1124 2821 1179 Ἐλισάϐεθ
2850 1124 3304 1198 κυοφορούμενον,
3332 1126 3479 1181 ὥστε
3499 1127 3617 1180 ὑπὸ
3646 1127 3738 1197 τῆς

2136 1216 2278 1287 ἐμῆς
2298 1215 2547 1288 θεότητος
2568 1216 2857 1288 κινηθέντα
2887 1219 3178 1290 σκιρτῆσαι
3194 1221 3252 1273 ἐν
3267 1218 3624 1287 ἀγαλλιάσει,
3652 1219 3738 1272 καὶ

2136 1310 2454 1381 Πνεύματος
2494 1311 2650 1380 ἁγίου
2690 1311 3017 1383 πλησθῆναι.
3069 1310 3285 1366 Τούτων
3332 1308 3430 1366 οὖν
3476 1312 3740 1365 ἁπάντων

2136 1404 2423 1477 ἀναφέρων
2449 1404 2548 1476 τὴν
2588 1406 2831 1477 μνήμην,
2872 1394 2966 1459 καὶ
2987 1405 3076 1459 διὰ
3108 1404 3307 1468 παντὸς
3336 1405 3431 1458 τὸν
3463 1404 3606 1457 Θεόν
3641 1419 3741 1474 μου

2136 1499 2230 1551 καὶ
2259 1498 2479 1570 Πατέρα
2513 1516 2613 1569 μου
2648 1500 2756 1571 πρὸ
2783 1500 2893 1553 τῶν
2924 1499 3071 1570 ἐμῶν
3105 1498 3397 1569 ὀφθαλμῶν
3429 1497 3741 1567 τιθέμενος,

2134 1593 2357 1656 εἰκότως
2388 1592 2484 1646 καὶ
2521 1593 2666 1648 κατὰ
2700 1595 2793 1648 τὸν
2829 1593 3101 1646 ἐνεστῶτα
3143 1592 3238 1646 τοῦ
3278 1591 3641 1663 περιέχοντός
3678 1606 3747 1661 με

2136 1686 2341 1749 πάθους
2364 1684 2575 1758 καιρὸν,
2607 1689 2717 1751 ὅτε,
2750 1676 2834 1740 σοὶ
2852 1686 2930 1756 τῷ
2960 1688 3074 1740 Πατ
3084 1686 3139 1758 ρὶ
3154 1686 3445 1755 γενόμενος
3468 1684 3743 1754 omines.

2141 1803 2160 1834 ‹
2174 1783 2491 1855 αὐθαίρετος
2519 1785 2615 1838 καὶ
2642 1783 2784 1838 ἐκὼν
2807 1770 3005 1853 γέγονα
3024 1779 3260 1851 σκώληξ,
3286 1780 3380 1834 καί
3405 1780 3512 1833 οὐκ
3528 1777 3747 1848 ἄνθρω-

2137 1893 2257 1940 πος,
2280 1866 2481 1940 ὄνειδος
2503 1875 2807 1948 ἀνθρώπων
2825 1878 2918 1930 καί
2944 1875 3276 1945 ἐξουδένημα
3294 1872 3449 1925 λαοῦ·
3478 1890 3500 1924 ι
3522 1870 3629 1924 καὶ
3652 1868 3747 1923 νῦν

2135 1967 2224 2021 ὅτε
2263 1969 2464 2033 πάντες
2500 1972 2547 2022 οἱ
2588 1968 2922 2041 θεωροῦντές
2960 1986 3060 2039 μου
3079 1956 3142 2020 τὸ
3184 1965 3344 2036 σῶμα
3385 1962 3470 2033 τῷ
3516 1961 3749 2032 σταυρῷ

2137 2056 2599 2135 προσηλούμενον,
2617 2062 2988 2134 ἀποτρόπαιον
3007 2059 3298 2132 ἡγούμενοι
3318 2058 3454 2130 ὁρᾷν
3474 2057 3747 2127 πρᾶγμα,

2136 2151 2573 2224 ἐξεμυκτήρισάν
2610 2170 2697 2224 με,
2745 2150 3014 2222 τοσαύτην
3042 2150 3167 2204 κατ’
3207 2148 3343 2221 ἐμοῦ
3388 2147 3601 2219 χλεύην
3646 2146 3751 2201 καὶ
3823 2160 3825 2197 1

2134 2245 2434 2316 διασυρμὸν
2458 2245 2833 2316 καταχέοντες,
2856 2244 2933 2308 ὡς
2951 2243 3025 2315 μὴ
3048 2241 3209 2314 μόνον
3229 2245 3287 2295 ἐν
3301 2241 3513 2311 διανοίᾳ
3535 2240 3750 2309 λογίζε-

2138 2336 2261 2389 σθαι
2293 2335 2383 2390 καὶ
2414 2336 2763 2406 ἐνθυμεῖσθαι
2798 2336 2925 2408 περὶ
2967 2332 3103 2405 ἐμοῦ
3143 2333 3215 2387 τὰ
3239 2332 3433 2403 ἀσεϐῆ,
3466 2332 3617 2385 ἀλλά
3644 2332 3746 2385 καὶ

2134 2428 2355 2498 ἀφόϐως
2377 2420 2707 2499 φθέγγεσθαι
2729 2430 2824 2482 καὶ
2843 2430 2900 2481 ἐν
2922 2426 3142 2498 φανερῷ
3157 2425 3356 2479 λαλεῖν·
3387 2444 3405 2476 ι
3429 2424 3744 2494 Ἐλάλησαν

2133 2519 2266 2589 γοῦν
2292 2521 2350 2572 ἐν
2380 2519 2632 2590 χείλεσιν,
2654 2519 2911 2588 ἐκίνησαν
2931 2515 3193 2587 κεφαλὴν,
3225 2513 3495 2582 λέγοντες
3532 2511 3744 2564 Ἥλπι-

2137 2629 2227 2666 σεν
2262 2613 2355 2666 ἐπὶ
2382 2600 2608 2684 Κύριον,
2644 2611 2899 2684 ῥυσάσθω
2933 2608 3127 2663 αὐτόν·
3164 2628 3181 2658 ι
3227 2607 3324 2659 καὶ
3355 2604 3451 2659 νῦν
3482 2602 3621 2672 γοῦν
3647 2604 3742 2658 ὅτε

2133 2704 2205 2759 τά
2239 2704 2465 2759 τοιαῦτά
2511 2721 2577 2776 με
2624 2703 2974 2775 περιέστηκε,
3016 2702 3077 2754 σέ
3109 2699 3202 2753 τὸν
3231 2697 3454 2768 Πατέρα
3496 2713 3606 2767 μου
3644 2695 3746 2749 τὸν

2135 2794 2493 2849 ἐκσπάσαντά
2535 2810 2603 2865 με
2636 2794 2701 2845 ἐκ
2722 2791 2958 2863 γαστρὸς
2988 2788 3195 2862 μητρός
3219 2806 3344 2859 μου,
3366 2788 3455 2854 ἐφ’
3481 2786 3541 2839 ὃν
3563 2789 3741 2859 ἐπερε

2137 2886 2302 2958 ῥίφην
2329 2888 2394 2940 ἐκ
2425 2887 2659 2958 μήτρας,
2687 2885 2769 2947 εἰς
2794 2883 2853 2936 ὃν
2877 2882 3085 2954 ἤλπισα
3114 2881 3222 2934 ἀπὸ
3246 2878 3487 2952 μαστῶν,
3507 2878 3606 2932 τὸν
3639 2880 3742 2932 καὶ

2134 2974 2246 3028 ἀπὸ
2301 2974 2540 3046 γαστρὸς
2600 2974 2806 3048 μητρός
2865 2990 2965 3045 μου
2999 2961 3403 3044 γνωριζόμενόν
3451 2986 3579 3041 μοι,
3636 2970 3740 3022 καὶ

438 3070 575 3124 mihi
620 3071 834 3125 caeteris
874 3068 1194 3124 hominibus
1251 3067 1429 3125 simile
1467 3074 1617 3122 esset
1647 3082 1873 3138 corpus.
1924 3067 2029 3122 Sed

2134 3069 2539 3140 γινωσκόμενον
2555 3069 2709 3136 Θεὸν,
2739 3066 2968 3121 ἱκετεύω
2986 3065 3084 3120 καὶ
3101 3063 3367 3118 ἀντιϐολῶ
3387 3062 3465 3135 μὴ
3484 3063 3739 3133 ἀποστ-ἧ-

440 3176 619 3231 neque
646 3160 777 3216 item
803 3161 876 3226 vi,
904 3175 1083 3230 neque
1122 3159 1429 3215 substantia
1465 3159 1742 3229 plerisque
1773 3174 1922 3215 eram
1955 3159 2033 3214 si-

438 3252 610 3316 milis,
642 3267 831 3306 verum
862 3252 1045 3321 potius
1068 3251 1205 3305 liher
1229 3265 1294 3305 ac
1317 3251 1531 3306 solutus
1558 3257 1820 3321 tanquam
1855 3266 2030 3323 agnus

439 3348 592 3405 tuus,
617 3341 711 3411 qui
743 3340 885 3395 Deus
924 3354 1005 3399 es.
1037 3354 1162 3392 cum
1194 3340 1264 3394 ab
1307 3338 1401 3392 illa
1441 3354 1614 3410 usque
1665 3345 1826 3393 aetate
1889 3338 2032 3392 lacte

438 3430 703 3493 nutrirer,
729 3430 854 3483 dico
881 3438 1063 3483 autem
1100 3428 1168 3481 ab
1207 3428 1467 3483 uberibus
1498 3427 1691 3483 matris
1721 3442 1872 3482 meat.
1921 3426 2034 3481 Ca3-

438 3529 617 3577 terum
653 3523 759 3577 hoc
783 3521 1023 3576 nondum
1052 3520 1325 3591 quispiam
1359 3535 1616 3591 magnum
1645 3519 2026 3582 arbitrabitur,

439 3617 488 3674 si
519 3617 805 3686 intelliget,
836 3615 1294 3688 quemadmodum
1345 3614 1497 3684 prius
1533 3629 1752 3684 quoque
1790 3631 1810 3663 ι
1872 3614 1929 3666 in
1975 3620 2031 3667 te

437 3709 719 3780 projectus
757 3725 877 3763 sum
907 3724 975 3763 ex
1012 3715 1189 3769 utero,
1223 3714 1277 3762 et
1304 3706 1370 3761 de
1417 3713 1606 3761 ventre
1654 3706 1846 3760 matris
1894 3720 2030 3761 mea:

438 3802 586 3860 Deus
620 3819 777 3862 meus
808 3817 868 3858 es
900 3810 978 3856 tu.
1016 3821 1035 3854 ι
1065 3801 1200 3855 Cum
1232 3802 1377 3855 enim
1412 3799 1592 3854 adhuc
1636 3799 1781 3854 intra
1830 3799 2028 3854 cellam

439 3897 706 3968 gestantis
754 3912 840 3951 me
890 3898 946 3951 in
1002 3904 1158 3950 utero
1190 3895 1457 3958 laterem,
1511 3901 1564 3948 te
1615 3899 1799 3947 tamen
1858 3891 2027 3946 Deum

436 4003 621 4043 meum
646 3986 895 4041 videbam
927 3996 1190 4057 tanquam
1228 3986 1276 4039 is
1300 4024 1315 4050 ,
1360 3984 1453 4055 qui
1488 3992 1543 4040 et
1595 3981 1921 4038 inconfusus
1973 3989 2027 4038 et

437 4080 871 4150 imperturbatus
924 4080 978 4131 in
1028 4085 1179 4131 tanta
1233 4073 1729 4130 communicatione
1775 4072 2027 4143 corporei

439 4170 627 4227 oneris
658 4169 1107 4241 permansissem,
1140 4181 1205 4220 ac
1250 4166 1434 4235 potius
1490 4165 1847 4234 incorporeus
1891 4170 2026 4217 tunc

439 4277 658 4333 quoque
685 4260 907 4326 fuerim,
940 4268 995 4315 et
1021 4262 1090 4314 ab
1118 4259 1374 4312 omnibus
1396 4257 1633 4311 vinculis
1668 4256 1824 4310 liber.
1851 4253 2023 4309 Porro

438 4364 621 4411 autem
648 4356 729 4409 sic
762 4372 781 4404 ι
816 4354 872 4407 in
903 4360 958 4408 te
992 4352 1270 4422 projectus
1295 4366 1414 4405 sum
1436 4365 1500 4405 ex
1530 4358 1686 4403 utero
1710 4389 1724 4413 ,
1788 4366 1808 4400 ι
1844 4354 1899 4402 et
1942 4348 2023 4403 sic

2133 3176 2222 3213 ναι
2268 3158 2363 3212 ἀπ’
2401 3156 2560 3229 ἐμοῦ,
2602 3158 2684 3210 ὅτι
2718 3156 2897 3227 θλίψις
2922 3156 3111 3226 ἐγγύς.
3146 3154 3349 3209 Μέλλει
3391 3152 3523 3225 γὰρ,
3570 3153 3738 3223 φησι,

2133 3252 2228 3306 καὶ
2258 3251 2383 3304 ὅσον
2411 3249 2564 3305 οὔπω
2602 3251 2859 3321 πάρεστι,
2901 3249 2997 3303 καὶ
3032 3246 3321 3320 πλησιάζει
3369 3246 3600 3317 συνέχον
3634 3246 3739 3318 ήδη

2132 3346 2229 3400 καὶ
2266 3344 2611 3416 ἐπικείμενόν
2668 3361 2758 3416 μοι
2805 3343 2868 3396 τὸ
2908 3342 3127 3395 πάντων
3156 3339 3386 3411 ἔσχατον
3420 3338 3521 3409 τῆς
3554 3339 3743 3410 ὑπερ-

2131 3436 2434 3508 ϐαλλούσης
2465 3455 2565 3507 μου
2595 3436 2827 3506 θλίψεως
2855 3434 3034 3503 νέφος.
3071 3432 3237 3486 Οὔπω
3267 3431 3378 3502 γὰρ
3408 3429 3521 3498 ἐγὼ
3549 3429 3744 3500 θλίψιν

2129 3529 2333 3601 ταύτην
2361 3528 2460 3600 τὴν
2485 3528 2581 3582 νῦν
2610 3526 2968 3600 περιέχουσάν
3004 3542 3073 3597 με
3107 3522 3259 3578 καλῶ
3286 3520 3410 3575 οὔτε
3438 3520 3530 3575 τὸν
3570 3538 3744 3575 σταυ-

2133 3620 2246 3692 ρὸν,
2287 3618 2410 3673 οὔτε
2448 3620 2576 3683 τοὺς
2621 3619 2680 3686 ἐξ
2723 3616 3028 3689 ἀνθρώπων
3069 3615 3425 3685 ὀνειδισμοὺς,
3470 3612 3607 3667 οὔτε
3640 3614 3743 3677 τὰς

2130 3711 2346 3783 χλεύας,
2382 3711 2506 3766 οὗτε
2545 3711 2650 3782 μὴν
2682 3710 2753 3765 τὰ
2786 3706 2892 3781 πρὸ
2912 3708 3009 3763 τοῦ
3046 3706 3280 3780 σταυροῦ
3314 3705 3740 3778 συμϐεϐηκότα,

2127 3804 2229 3870 τὰς
2283 3805 2576 3875 μάστιγας,
2634 3803 2735 3867 τὰς
2790 3802 2997 3874 ὕϐρεις,
3050 3802 3144 3855 καὶ
3198 3802 3299 3855 ὅσα
3328 3800 3465 3855 ἀλλα
3498 3801 3741 3873 ἐπαροέ-

2129 3915 2300 3969 νησαν
2348 3898 2427 3961 εἰς
2475 3897 2576 3968 ἐμὲ
2624 3897 2673 3950 οἱ
2728 3897 2835 3949 υἱοὶ
2885 3894 2994 3949 τῶν
3051 3893 3389 3965 ἀνθρώπων·
3433 3892 3580 3946 ἀλλὰ
3625 3892 3742 3962 γὰρ

2128 3989 2241 4061 ὁρῶ
2270 3989 2369 4060 τήν
2411 3990 2491 4052 εἰς
2525 3987 2651 4059 ᾅδου
2686 3987 2987 4041 κατάϐασιν
3030 3984 3459 4056 πλησιάζουσαν,
3496 3986 3597 4039 καὶ
3626 3987 3740 4039 τῶν

2128 4078 2519 4150 ἀντικειμένων
2566 4079 2660 4131 καὶ
2702 4077 2915 4150 ἐχθρῶν
2947 4077 3025 4147 τῷ
3049 4076 3169 4147 Θεῴ
3196 4076 3481 4147 δυνάμεων
3521 4078 3742 4132 ἐπανά-

2130 4188 2338 4226 στασιν.
2383 4171 2474 4224 Διό
2513 4187 2675 4242 φημι*
2707 4189 2724 4221 ι
2764 4171 2882 4223 Ὅτι
2913 4169 3091 4238 θλίψις
3117 4169 3306 4237 ἐγγὺς,
3336 4170 3421 4221 ὅτι
3453 4170 3559 4222 οὐκ
3580 4169 3738 4222 ἔστιν

2126 4265 2154 4315 ὁ
2195 4262 2428 4335 βοηθῶν.
2462 4282 2481 4314 ι
2517 4262 2642 4327 Πῶς
2674 4260 2782 4333 γὰρ
2811 4262 2911 4331 οὐχ
2945 4259 3360 4332 ὑπερϐάλλουσα
3386 4256 3457 4332 ἦν
3497 4261 3598 4313 καὶ
3635 4277 3737 4331 με-

2127 4355 2288 4424 γίστη
2318 4352 2496 4422 θλίψις
2524 4350 2664 4422 αὕτη
2696 4350 2900 4420 ἐκείνη,
2928 4349 2988 4402 ἐν
3093 4349 3196 4401 οὐκ
3228 4347 3378 4400 ἐστιν
3414 4348 3443 4399 ὁ
3479 4347 3729 4418 ganeam

444 4465 466 4500 ι
504 4448 572 4503 de
605 4453 796 4503 ventre
844 4446 1036 4499 matris
1072 4458 1205 4499 meae
1250 4441 1394 4497 Deus
1451 4456 1606 4496 meus
1654 4456 1716 4495 es
1760 4447 1859 4507 tu,
1899 4458 1919 4492 ι
1963 4447 2023 4493 ιιι

2140 4444 2198 4498 '0
2227 4444 2325 4515 μὲν
2349 4443 2459 4514 γὰρ
2495 4442 2589 4495 ἐπὶ
2614 4439 2859 4511 σωτηρίᾳ
2890 4438 2999 4492 τῶν
3030 4440 3088 4490 ἐν
3125 4437 3253 4509 ᾅδου
3276 4437 3469 4508 ψυχῶν
3499 4438 3728 4510 παρῄει,

436 4554 617 4594 meam
645 4540 899 4593 virtutem
924 4551 1048 4590 cum
1084 4534 1261 4589 adhuc
1289 4533 1343 4587 in
1378 4541 1534 4588 utero
1568 4547 1598 4586 a
1635 4532 1859 4600 Virgine
1891 4545 2021 4586 sau-

436 4639 528 4686 cta
562 4637 829 4701 gestarer,
863 4643 1016 4682 meus
1049 4641 1266 4697 quoque
1294 4624 1407 4695 jam
1450 4633 1564 4678 tum
1617 4622 1851 4678 senserit
1884 4637 2022 4693 prae-

439 4737 635 4778 cursor
664 4720 929 4782 Joannes,
954 4719 1049 4790 qui
1077 4719 1241 4773 etiam
1296 4718 1414 4787 ipse
1452 4716 1507 4769 in
1540 4722 1695 4770 utero
1740 4713 2020 4769 Elisabeth

438 4814 774 4887 gestabatur,
809 4827 983 4882 usque
1013 4811 1149 4865 adeo
1179 4821 1239 4864 ut
1267 4825 1384 4863 mea
1430 4809 1715 4863 divinitate
1768 4809 2019 4863 concitus

437 4907 800 4964 exsultatione
840 4903 1142 4969 exsilierit,
1198 4911 1253 4956 et
1301 4900 1506 4971 Spiritu
1555 4910 1746 4956 saneto
1779 4902 2019 4971 repletus

438 5000 531 5059 sit.
565 4999 691 5053 Haec
722 4998 889 5068 igitur
927 5004 1127 5050 cuncta
1163 4997 1231 5050 ad
1272 4994 1590 5049 memoriam
1629 5008 1930 5056 revocans,
1966 5000 2021 5048 et

438 5093 589 5150 omni
621 5099 866 5161 tempore
896 5090 1065 5145 Deum
1103 5098 1157 5144 et
1187 5088 1404 5143 Patrem
1454 5104 1632 5142 meum
1663 5097 1791 5143 ante
1830 5089 2019 5144 oculos

437 5187 572 5243 mihi
606 5185 971 5247 constituens,
1004 5182 1197 5238 merito
1227 5192 1278 5236 et
1300 5181 1405 5237 sub
1427 5180 1605 5252 ipsum
1638 5183 1852 5235 instans
1871 5196 2011 5236 com-

438 5279 831 5356 prehendentis
867 5295 954 5333 me
985 5276 1262 5347 passionis
1292 5285 1538 5346 tempus,
1570 5290 1696 5330 eum
1739 5275 1836 5331 tibi
1867 5273 2018 5330 Patri

438 5376 618 5432 factus
637 5373 921 5436 obediens,
942 5379 1133 5442 sponte
1159 5377 1213 5425 et
1230 5371 1417 5425 volens
1440 5369 1666 5425 eﬂectus
1689 5384 1808 5424 sum
1837 5387 1857 5421 ι
1894 5384 2012 5423 ver-

439 5472 567 5534 mis,
596 5475 651 5522 et
674 5482 784 5521 non
819 5467 1002 5528 homo,
1043 5464 1395 5534 opprobrium
1441 5462 1747 5527 hominum,
1776 5468 1830 5517 et
1865 5460 2018 5531 abie-

438 5561 552 5616 ctio
578 5559 786 5632 populi,
824 5578 843 5611 ›
877 5570 931 5615 et
966 5574 1113 5613 nunc
1154 5572 1280 5612 cum
1311 5570 1504 5612 omnes
1531 5569 1712 5610 meum
1735 5554 1889 5609 cruci
1936 5552 2017 5607 af-

511 5747 534 5780 ⁸
568 5745 701 5803 Luc.
742 5762 795 5811 ι,
834 5746 920 5799 τε.

2127 4538 2194 4593 ἐκ
2236 4537 2464 4610 μακρῶν
2498 4533 2709 4590 αἰώνων
2735 4533 2834 4604 τὴν
2866 4531 3050 4602 ἄφιξιν
3075 4530 3242 4585 αὐτοῦ
3284 4531 3726 4603 περιμενουσῶν,

2127 4632 2221 4686 καὶ
2243 4632 2435 4704 κατῄει
2458 4646 2525 4700 γε
2552 4629 2723 4701 θύρας
2764 4626 2971 4698 χαλκᾶς
3011 4624 3337 4696 συντρίψων,
3366 4624 3466 4677 καὶ
3493 4624 3729 4696 μοχλοκ

2129 4724 2381 4796 σιδηροῦς
2432 4722 2766 4786 συνθλάσων,
2819 4720 2912 4773 καὶ
2955 4718 3083 4781 τοὺς
3127 4718 3258 4788 πρὶν
3303 4717 3566 4787 δεσμίους
3595 4715 3729 4785 ᾅδου

2126 4806 2443 4889 ἐλευθέρους
2465 4816 2701 4887 ἀνήσων·
2731 4813 2759 4866 ὃ
2785 4813 2879 4866 καὶ
2908 4810 3148 4879 γέγονεν,
3174 4810 3262 4862 ὅτε
3290 4808 3469 4863 πολλὰ
3498 4808 3729 4879 σώματα

2124 4909 2235 4963 τῶν
2284 4906 2701 4979 κεκοιμημένων
2766 4903 2937 4971 ἁγίων
2996 4900 3303 4954 ἀναστάντα
3372 4899 3729 4971 συνεισῆλθον

2126 5000 2277 5072 αὐτῷ
2297 5002 2378 5064 εἰς
2400 5001 2501 5071 τὴν
2537 4996 2752 5068 ἀληθῶς
2778 4995 2942 5065 ἁγίαν
2963 4993 3057 5047 τοῦ
3085 4991 3220 5046 Θεοῦ
3251 4991 3433 5047 πόλιν⁸
3467 4994 3524 5047 αἱ
3548 4992 3609 5044 δὲ
3632 4991 3729 5046 δυ-

2126 5095 2317 5165 νάμεις
2347 5094 2404 5146 αἱ
2431 5092 2822 5162 ἀντικείμεναι,
2859 5088 2994 5161 πρὸς
3015 5088 3127 5149 τοῖς
3150 5084 3261 5137 τῶν
3292 5082 3603 5155 ἀνθρώπων
3622 5100 3726 5137 κα·-

2127 5190 2244 5252 κοῖς
2266 5183 2729 5259 ἐπεστρατεύοντο
2754 5180 2924 5252 αὐτῷ,
2958 5179 3136 5249 λύπην
3163 5178 3225 5231 οὐ
3254 5175 3464 5248 μικρὰν
3483 5174 3579 5228 καὶ
3607 5173 3727 5227 θλί-

2125 5282 2220 5352 ψιν
2252 5279 2402 5352 αὐτῷ
2436 5279 2794 5352 παρέχουσαι,
2843 5269 3238 5345 ἀποκλᾳομένῳ
3270 5268 3367 5322 καὶ
3402 5268 3493 5322 ἐπ’
3523 5268 3725 5331 αὐταῖς

2124 5372 2190 5425 δι’
2209 5369 2511 5442 ὑπερϐολὴν
2527 5368 2880 5438 ἁγαθότητος.
2924 5363 3084 5417 Ἀλλὰ
3110 5361 3221 5432 γὰρ
3245 5361 3433 5432 τήρει,
3453 5356 3574 5411 τίνα
3591 5356 3725 5431 τρὸ-

2127 5479 2228 5517 πον
2253 5461 2425 5517 ταῦτα
2455 5461 2633 5514 πάντα
2656 5459 2922 5520 λέλεκται,
2945 5455 3021 5518 ώς
3053 5455 3117 5506 ἐκ
3150 5450 3444 5524 προσώπου
3470 5446 3641 5502 αὐτοῦ
3662 5450 3721 5501 ὲν

2128 5553 2312 5626 μήτρᾳ
2345 5550 2798 5623 κυοφορηθέντος,
2843 5547 2937 5600 καὶ
2973 5544 3081 5597 ἀπὸ
3113 5540 3353 5612 γαστρὸς
3385 5538 3593 5614 μητρὸς
3622 5554 3719 5601 γε-
