3856 6222
1176 323 1823 399 DEMONSTRATIONIS
1865 343 2324 408 EVANGELICA!
2366 354 2493 411 LIB.
2534 358 2605 414 Χ.
3400 375 3505 432 778

250 437 609 506 τεννημένου,
638 438 697 492 δν
730 440 1039 514 έφάσκομεν
1066 441 1200 501 εἶναι
1230 450 1323 504 τὸν
1349 452 1518 524 ἀμνὸν
1549 457 1643 511 τοῦ
1672 458 1790 514 Θεοῐ

250 523 441 560 φηιῖφω
465 524 574 560 ινΑηι
602 530 691 560 ...Α
729 531 1012 560 .....:...'..-.
1044 536 1113 560 -.ι
1159 556 1218 560 __
1240 542 1275 560 ,ι
1331 543 1374 560 Α
1467 545 1517 560 ..ι
1646 549 1659 560 .

1891 490 1906 528 ι
1935 465 2099 522 llxum
2125 483 2326 541 corpus
2357 474 2603 534 ‘videntes
2627 518 2642 538 .
2693 479 2822 537 dum
2854 486 2967 540 r'em
3020 496 3073 542 et
3104 487 3412 560 fugiendam
3447 508 3503 554 et

250 523 442 597 Τούτῳ
465 524 574 598 γὰρ
602 530 696 583 καὶ⁵
729 531 1015 602 συμϐαίνει
1042 536 1113 591 τὰ
1155 542 1282 611 περὶ
1323 543 1384 595 τδ
1412 545 1602 611 πάθος,
1630 549 1705 614 ὡς
1734 569 1790 607 κα

250 619 319 653 ,λι
352 623 451 653 -..τη-
480 623 742 653 ἑωράκη-..
766 627 970 653 “mut---
987 648 1031 653 .-
1053 631 1081 653 ιε
1104 649 1161 653 ___
1178 649 1191 653 -
1208 632 1254 653 ν-
1312 635 1373 653 nm
1482 637 1508 648 -ι
1738 643 1782 653 Α.

1891 523 1906 528 _
2224 523 2249 541 ⁸,
2270 523 2320 527 η
2369 523 2603 534 --η-.--νυ
2627 523 2642 538 ν
2694 523 2822 537 ..ν-ι.
2855 523 2967 540 ιυιιι
3020 523 3073 542 ua
3104 523 3412 560 ιιιῦισιιυιιΙΙΙ
3447 523 3499 554 τι

1929 559 2230 615 ominosam
2260 574 2453 631 putant
2482 584 2544 624 se
2588 570 2803 638 videre,
2851 592 2938 633 me
2989 579 3499 653 subsannaverunt,

246 619 321 675 τὰ
352 623 451 693 τῆς
478 623 743 696 ὲνσάρκου
766 627 1031 695 γενέσεως
1053 631 1279 703 ἥρμοζε.
1312 635 1384 688 Τὸ
1411 637 1542 706 γοῦν
1570 643 1790 715 γεννηθὲ

246 712 341 743 Quid
379 712 704 743 A....D...L...-.
730 733 744 743 .
786 717 844 743 ,λ
891 719 943 743 9).
986 720 1078 743 ουκ
1096 739 1213 743 ,ηυγ
1292 728 1304 743 ι
1390 729 1467 743 υςι
1595 733 1617 743 Α
1710 737 1718 743 .

2260 619 2273 631 _
2440 619 2447 620 κ
2485 619 2541 624 --
2603 619 2803 638 --_---,
2853 619 2937 633 ...υ
2989 619 3499 653 υυυσυιιιιιηῠιιιυι,

1928 655 2135 704 tantum
2156 652 2446 711 adversum
2490 674 2576 715 me
2618 662 2913 728 irrisionis,
2950 678 3273 743 tantumque
3320 676 3503 733 detra-

246 712 346 766 καὶ
377 712 744 785 ἀποθνήσκειο
785 717 847 770 τδ
887 719 945 772 δὲ
986 720 1214 793 θνῆσκον
1251 728 1352 780 οὐκ
1383 729 1555 795 ἄλλως
1591 712 1789 790 θανάτο

246 805 498 838 rum/nm.
535 807 567 838 ἃ
600 809 860 838 ..λλ-..-λυ
887 811 1107 838 3:-:-_..
1132 815 1352 838 e_L__-,,p
1549 826 1592 838 ι..
1632 826 1658 836 α..
1696 829 1708 838 .
1762 824 1788 838 ν

2553 712 2571 715 _
2619 712 2913 728 _____------,
2953 712 3273 743 -....-......,...,
3320 712 3499 733 ιω..-

1924 741 2440 813 ctionisjactautes,
2475 761 2533 804 ut
2573 753 2641 810 de
2695 771 2782 812 me
2813 774 2918 814 non
2976 763 3138 818 modo
3194 769 3499 838 cogitantes

244 805 502 875 τυγχάνει
535 807 567 877 ἢ
600 809 860 881 πρότερον
886 811 1107 867 ὀδεῦσαν
1127 815 1216 869 διὰ
1230 819 1514 886 γενέσεως.
1549 826 1709 879 Ταῦτ’
1730 824 1824 883 οὖν

241 894 496 963 διέξεισιν
524 901 553 951 6
583 900 771 972 Σωτὴρ
797 903 889 956 καὶ
921 903 1125 975 Κύριος
1152 909 1326 978 ἡμῶν,
1358 913 1417 964 ού
1450 915 1571 967 καθ’
1600 916 1629 969 ὃ
1654 919 1823 992 ἄσαρ-

242 1007 341 1048 κος
374 992 467 1044 καὶ
500 991 787 1063 ἀσώματος
832 996 1064 1067 ὑπάρχει
1112 999 1211 1070 τὴν
1254 1000 1433 1069 φύσιν,
1474 1007 1596 1060 οὐδὲ
1641 1010 1762 1063 καθ’
1790 1012 1819 1065 ὃ

239 1079 378 1134 Θεοῦ
408 1082 576 1150 Λόγος
603 1084 694 1136 καὶ
722 1084 854 1148 Θεὸς
880 1087 1193 1151 ἐπινοεῖται,
1233 1090 1369 1145 ἀλλὰ
1408 1094 1529 1148 καθ’
1555 1097 1583 1150 ὃ
1613 1093 1724 1164 οἷός
1756 1118 1817 1155 τε

236 1166 308 1243 ἦν
348 1174 486 1244 πρὸς
510 1175 601 1228 τὸν
639 1176 856 1249 Πατέρα
883 1179 1014 1250 εὐχῇ
1050 1179 1250 1248 λέγειν·
1288 1203 1307 1236 ι
1347 1186 1467 1240 ’Ότι
1497 1189 1560 1242 σὺ
1595 1187 1647 1243 εἴ
1669 1193 1698 1245 ό
1725 1195 1818 1247 ὲκ-

239 1266 455 1331 σπάσας
485 1284 552 1337 με
585 1270 649 1322 ὲκ
671 1271 924 1341 γαστρὸς,
957 1274 990 1342 ὴ
1021 1273 1177 1338 ἐλπίς
1202 1293 1301 1347 μου
1335 1279 1443 1332 ἀπὸ
1472 1283 1692 1352 μαστῶν
1714 1286 1816 1358 τῆς

236 1360 447 1431 μητρός
473 1378 590 1431 μου.
638 1363 761 1417 Ἐπὶ
792 1364 852 1418 σὲ
888 1366 1193 1438 ὲπεῤῥίφην
1223 1371 1286 1423 ἐκ
1331 1372 1563 1443 μήτρας,
1588 1376 1695 1430 ἀπὸ
1714 1395 1814 1446 γα-

234 1453 399 1523 στρὸς
442 1454 647 1524 μητρός
693 1473 794 1525 μου
834 1456 966 1522 Θεός
1001 1476 1103 1529 μου
1138 1456 1189 1513 εἷ
1226 1461 1310 1515 σύ.
1343 1483 1360 1513 ι
1405 1458 1574 1531 Οὗτος
1601 1468 1664 1540 δὴ
1695 1467 1809 1536 οὖν,

230 1542 371 1614 πρὸς
398 1543 478 1614 τῷ
501 1545 660 1599 πάθει
689 1547 947 1617 γεγονὼς,
972 1550 1189 1622 εὔχεται
1216 1553 1285 1607 τά
1310 1557 1645 1629 προκείμενα
1674 1563 1811 1634 πρὸς

227 1635 324 1689 τὸν
341 1637 578 1706 Πατέρα,
604 1641 697 1693 καὶ
720 1641 1009 1706 τοσούτων,
1040 1643 1193 1714 φησὶ,
1220 1647 1520 1716 μελλόντων
1556 1669 1622 1722 με
1654 1671 1809 1727 περι-

229 1730 522 1801 στήσεσθαι
543 1732 929 1805 ἀντικειμένων
951 1738 1258 1809 ἐνεργειῶν,
1277 1743 1373 1796 καὶ
1389 1744 1659 1816 δαιμόνων
1679 1748 1809 1804 ἀκα-

226 1817 464 1891 θάρτων,
489 1825 582 1877 καὶ
603 1827 990 1897 πνευματικῶν
1016 1833 1298 1902 πονηρίας,
1327 1837 1421 1889 καὶ
1441 1837 1532 1889 ἐπὶ
1554 1841 1685 1893 πᾶσι
1711 1841 1806 1895 τοῦ
1841 1811 1880 1865 Β

226 1911 444 1966 πάντων
473 1916 764 1986 χειρίστου,
799 1919 962 1972 αὐτοῦ
984 1920 1047 1992 δὴ
1077 1921 1170 1974 τοῦ
1201 1922 1460 1995 ἄρχοντος
1490 1929 1583 1983 τοῦ
1614 1931 1808 1998 αἰῶνος

220 2003 414 2059 τούτου
437 2006 552 2078 (οὓς
582 2008 685 2078 τῆς
720 2011 916 2075 κακίας
945 2013 1099 2067 ἓνεκε
1120 2013 1291 2087 θῆρας
1313 2022 1581 2091 πονηροὺς
1606 2023 1805 2095 ὀνομά-

221 2095 339 2162 ζειν
371 2098 540 2165 ἄξιον,
581 2102 674 2154 καὶ
704 2103 825 2173 ἤτοι
852 2105 1087 2175 ταύρους
1119 2108 1364 2179 ἀγρίους,
1404 2111 1437 2182 ἦ
1484 2115 1740 2185 μόσχους,
1769 2119 1802 2188 ἢ

218 2186 461 2254 λέοντας,
492 2191 525 2263 ἢ
566 2192 778 2265 κύνας),
825 2195 1032 2266 μέλλων
1079 2215 1140 2252 τε
1188 2201 1323 2273 πρὸς
1362 2202 1609 2270 ἅπαντας
1650 2186 1803 2262 ἴσταέ

221 2278 368 2345 σθαι,
422 2283 517 2336 καὶ
562 2284 726 2354 μηδὲν
770 2287 971 2356 ἀγαθὸν
1028 2292 1107 2355 είς
1155 2293 1352 2358 αὐτοὺς
1401 2298 1663 2369 ἐνεργεῖν,
1726 2300 1803 2371 τῷ

222 2373 392 2443 μηδὲν
436 2376 836 2449 παραδέχεσθαι
892 2382 1086 2447 αὐτοὺς
1135 2384 1243 2437 τῶν
1287 2387 1435 2456 ἐμῶν
1477 2390 1696 2458 ἀγαθῶν
1735 2392 1800 2446 δι’

217 2462 396 2534 ἄκραν
417 2466 615 2530 κακίας
637 2466 770 2533 ἕξιν,
801 2471 936 2525 ἀλλά
973 2474 1107 2544 μηδὲ
1144 2474 1337 2546 βοηθοῦ
1373 2478 1509 2549 μηδὲ
1536 2484 1797 2553 συνεργοῦ

213 2557 501 2626 τυγχάνων
527 2559 672 2623 τινὸς
700 2562 813 2615 τῶν
840 2568 1275 2637 προειρημένων,
1307 2572 1386 2634 είς
1414 2572 1505 2624 τὸν
1524 2574 1662 2646 ὐπὲρ
1692 2575 1799 2630 τῶν

215 2647 277 2700 ιν
303 2647 431 2718 ᾅδου
461 2648 652 2720 ψυχῶν
698 2647 887 2719 ἆθλον,
940 2657 1057 2721 πῶς
1096 2660 1196 2712 οὐκ
1228 2659 1294 2714 ἂν
1320 2662 1552 2733 εὐλόγως
1587 2667 1795 2740 εἴποιμ·

220 2758 241 2789 σ
282 2742 403 2795 Ὀτι
432 2740 610 2813 θλίψις
648 2746 836 2814 ἐγγὺς,
883 2749 964 2801 ὅτι
997 2750 1097 2804 οὐκ
1142 2750 1288 2806 ἐστιν
1320 2755 1349 2806 6
1380 2755 1623 2826 βοηθῶν;
1657 2780 1676 2812 ι
1725 2763 1797 2816 Τὸ

215 2833 321 2904 μὲν
363 2831 458 2889 οὖν
494 2836 590 2902 τὰς
622 2841 866 2912 πονηράς
897 2843 991 2895 καὶ
1019 2844 1396 2916 ἀντικειμένας
1432 2848 1690 2920 δυνάμεις
1720 2853 1793 2924 μὴ

212 2931 495 2999 συνεργεῖν
527 2931 675 3003 αὐτῷ
698 2933 831 3004 μηδὲ
860 2933 1073 3005 βοηθεῖν
1107 2937 1191 2990 ἐπ’
1213 2939 1414 3006 ἀγαθὸν
1435 2942 1602 3014 αὐτῷ,
1642 2945 1795 3017 νομί-

211 3016 400 3091 ζομεν,
434 3022 515 3076 ὅτι
547 3024 699 3078 οὐδὲν
741 3021 809 3096 ἦν
836 3025 1151 3098 θαυμαστόν
1170 3047 1183 3060 ·
1216 3032 1276 3085 τὸ
1303 3032 1359 3086 δὲ
1388 3035 1604 3089 πάντων
1640 3038 1794 3108 μέγι-

1922 835 2385 897 ratiocinarentur
2436 846 2728 919 animoque
2761 863 3042 910 versarent
3098 859 3307 914 nefaria
3337 902 3352 925 ,
3401 865 3495 919 sed

1923 922 2190 995 intrepide
2208 946 2424 1001 quoque
2453 934 2807 1006 loquerentur
2827 949 2882 996 et
2904 944 3080 1013 palam
3122 922 3494 1018 enuntiarent,

1921 1032 1945 1064 ‹
1965 1016 2229 1085 siquidem
2254 1022 2415 1076 locuti
2434 1035 2559 1079 suut
2575 1028 2729 1084 labiis
2744 1040 2796 1085 et
2809 1043 3093 1090 moverunt
3107 1047 3289 1107 caput,
3308 1043 3493 1099 dicen-

1918 1112 2033 1161 tes:
2063 1108 2217 1180 50]
2243 1111 2820 1183 Speravitinﬂomino,
2838 1124 3035 1197 eripiat
3050 1142 3229 1192 eum,»
3265 1138 3319 1185 et
3347 1149 3493 1191 nunc

1916 1198 2102 1269 igitur,
2137 1213 2193 1256 ut
2225 1203 2495 1272 dicebam,
2530 1224 2652 1263 cum
2685 1213 2810 1267 talia
2853 1231 2940 1271 me
2984 1218 3488 1289 circumsteterunt,

1915 1295 1969 1341 te
1996 1286 2210 1343 Patrem
2245 1307 2444 1358 meum,
2478 1298 2569 1366 qui
2604 1303 2891 1357 extraxisti
2922 1321 3007 1360 me
3046 1307 3114 1363 de
3141 1322 3329 1368 ventre
3375 1331 3492 1370 ma-

1914 1379 2015 1433 tris
2045 1396 2196 1446 meae,
2226 1382 2280 1437 in
2313 1400 2473 1454 quem
2507 1390 2784 1460 projectus
2814 1410 2934 1450 sum
2978 1413 3046 1454 ex
3078 1408 3257 1462 utero.
3290 1402 3346 1458 in
3375 1421 3489 1476 quo

1913 1472 2130 1539 speravi
2190 1474 2259 1528 ab
2298 1476 2584 1545 uberibus,
2628 1484 2722 1552 qui
2766 1487 2928 1541 etiam
2965 1490 3033 1546 de
3072 1501 3262 1550 ventre
3294 1472 3487 1556 matris

1911 1577 2047 1618 mea:
2075 1566 2292 1634 agnitus
2325 1586 2384 1624 es
2417 1572 2570 1635 mihi.
2607 1583 2661 1629 et
2704 1575 2923 1633 interim
2969 1587 3285 1653 agnoseeris
3314 1588 3480 1657 Deus,

1909 1660 2135 1726 supplex
2167 1674 2263 1715 oro
2291 1676 2355 1716 ac
2387 1679 2581 1735 precor
2620 1686 2639 1718 ι
2664 1685 2733 1726 ne
2761 1672 2984 1729 recedas
3009 1689 3041 1728 a
3081 1692 3187 1741 me,
3223 1682 3484 1749 quoniam

1910 1748 1964 1802 in
2006 1754 2254 1820 proximo
2302 1764 2386 1812 est
2418 1758 2692 1815 afﬂictio.»
2748 1760 2910 1819 Venit
2950 1767 3118 1834 enim,
3174 1748 3371 1841 inquit,
3427 1782 3483 1830 et

1911 1850 2115 1908 quanta
2164 1844 2402 1899 nondum
2450 1848 2702 1913 antehae,
2771 1851 2926 1908 adest
2974 1862 3139 1925 atque
3187 1863 3483 1931 appropin-

1907 1940 2060 2002 quat,
2093 1950 2213 2004 qua;
2244 1939 2656 2007 comprehendit
2691 1941 2827 2011 jam,
2862 1954 2915 1999 et
2942 1946 3074 2001 mihi
3107 1948 3274 2003 instat
3300 1960 3481 2009 extre.

1910 2039 1998 2077 ma
2051 2027 2294 2081 omnium
2352 2029 2659 2087 immodicae
2719 2049 2855 2091 meae
2918 2036 3226 2096 aﬂlictionis
3279 2046 3476 2102 nubes.

1905 2113 2092 2186 Neque
2122 2119 2266 2173 enim
2313 2136 2412 2193 ego
2468 2138 2566 2194 per
2610 2124 2955 2183 alllictionem
2985 2129 3129 2185 hanc
3181 2148 3302 2202 quae
3333 2151 3480 2192 nunc
3578 2126 3581 2131 λ

1905 2219 1994 2259 me
2049 2206 2389 2275 circumstat,
2445 2214 2664 2269 crucem
2740 2217 2913 2286 ipsam
2975 2218 3239 2291 intelligo,
3300 2240 3478 2296 neque

1900 2296 2104 2364 prclara
2137 2314 2203 2353 ex
2232 2300 2570 2367 hominibus,
2614 2322 2792 2377 neque
2839 2308 3094 2375 ludibria,
3141 2328 3317 2383 neque
3345 2331 3476 2371 vero

1902 2403 1966 2443 ea
1995 2406 2116 2459 quae
2142 2402 2265 2447 ante
2290 2408 2507 2449 crucem
2541 2397 2674 2451 mihi
2704 2398 3043 2467 acciderunt,
3069 2402 3300 2476 ﬂagella,
3338 2423 3476 2462 con-

1900 2481 2155 2536 tumelias
2187 2490 2240 2538 ct
2294 2485 2401 2538 alia
2448 2502 2791 2557 quaecunque
2836 2489 3156 2547 debacchati
3184 2505 3311 2549 sunt
3340 2513 3473 2554 con-

1895 2579 1984 2625 tra
2009 2588 2093 2627 me
2124 2574 2222 2628 lilii
2266 2575 2573 2641 hominum,
2630 2580 2726 2634 sed
2777 2582 2933 2636 video
2973 2594 3096 2653 post
3140 2587 3474 2651 solutionem

1899 2664 2146 2729 corporis
2180 2664 2232 2717 in
2266 2664 2381 2733 ipsa
2410 2676 2585 2722 morte
2632 2676 2687 2721 et
2717 2668 2785 2723 ad
2822 2670 3027 2728 inferos
3060 2672 3329 2731 descensu
3373 2693 3471 2749 ap-

1898 2754 2348 2823 propinquantem
2402 2759 2840 2817 adrersariarum
2882 2774 2936 2818 et
2968 2763 3314 2821 inimicarmn
3358 2769 3471 2825 Deo

1898 2850 2228 2910 potestatum
2279 2847 2600 2904 insolentem
2637 2851 2919 2921 impetum.
2972 2853 3316 2928 Quapmpter
3344 2859 3468 2915 dico

1895 2934 2239 2992 emit-tionem
2287 2940 2339 2992 in
2381 2942 2628 3009 proximo
2660 2958 2804 3008 esse,
2867 2963 2889 2995 ι
2918 2949 3177 3017 quoniam
3217 2965 3326 3005 non
3380 2964 3467 3009 est

1894 3027 1987 3095 qui
2029 3029 2265 3095 adjuvet.
2302 3047 2321 3080 ι
2348 3029 2454 3095 Qui
2479 3035 2621 3088 enim
2656 3033 2769 3088 fieri
2803 3043 3002 3104 potest,
3037 3045 3095 3091 ut
3124 3054 3232 3093 non
3277 3040 3469 3096 immo-

210 3125 340 3166 πον
361 3113 463 3183 τῆς
493 3114 723 3185 θλίψεως
752 3117 851 3187 τῆς
893 3119 1124 3189 μάλιστα
1162 3123 1455 3196 πιεζούσης
1494 3127 1656 3182 αὐτὸν
1684 3129 1790 3182 τόδ’

1894 3114 2019 3169 dica
2057 3126 2111 3170 et
2161 3121 2394 3173 maxima
2449 3122 2563 3188 ipsa
2620 3125 2712 3177 illa
2759 3125 2924 3182 fuerit
2966 3129 3206 3195 afﬂictio,
3258 3133 3314 3187 in
3354 3150 3465 3205 qua

207 3199 277 3278 ἤν
297 3204 426 3275 ἄρα,
448 3207 510 3260 τὸ
540 3209 743 3278 μηδένα
769 3210 902 3281 μηδὲ
927 3212 1033 3265 τῶν
1054 3215 1244 3268 αἰσίων
1274 3218 1367 3270 καὶ
1407 3217 1595 3282 δεξιῶν
1624 3222 1789 3290 ἀγγέ-

205 3297 337 3363 λων,
396 3300 533 3370 μηδὲ
586 3301 693 3374 μὴν
746 3302 855 3355 τῶν
893 3303 1052 3358 θείων
1091 3306 1393 3379 δυνάμεων,
1434 3311 1638 3384 τολμᾷν
1667 3317 1787 3367 ἐπι-

205 3387 411 3441 δαίνειν
442 3392 554 3453 τοῖς
583 3390 677 3445 τοῦ
718 3391 945 3445 θανάτου
979 3392 1285 3465 βασιλείοις,
1334 3400 1467 3471 μηδὲ
1508 3407 1789 3475 συνεργεῖν

203 3479 299 3531 ἐπὶ
350 3478 574 3553 βοηθείᾳ
619 3482 730 3536 τῶν
780 3484 967 3538 αὐτόθι
1016 3486 1220 3558 ψυχῶν.
1274 3490 1436 3562 Μόνῳ
1486 3492 1593 3564 γάρ
1638 3494 1786 3566 αὐτῷ

202 3569 349 3623 τοῦτ’
377 3572 614 3644 ἀτρεμὲς
638 3569 727 3647 ἦν,
766 3576 887 3629 ἐπεὶ
929 3578 1022 3632 καὶ
1056 3580 1199 3651 μόνῳ
1227 3581 1574 3654 ἠνεῴχθησαν
1623 3587 1783 3642 πύλαι

200 3660 459 3729 θανάτου,
488 3667 583 3719 καὶ
614 3666 773 3738 μόνον
793 3670 956 3723 αὐτὸν
979 3671 1215 3743 πυλωροὶ
1243 3673 1372 3744 ᾇδου
1402 3675 1785 3750 ἰδόντεςὲπτη-

202 3748 322 3816 ξαν,
357 3753 519 3818 αὐτός
553 3773 613 3808 τε
639 3759 667 3811 6
693 3757 755 3810 τὸ
790 3759 990 3830 κράτος
1032 3759 1169 3832 ἔχων
1200 3763 1295 3817 τοῦ
1332 3763 1581 3831 θανάτου,
1615 3770 1784 3823 ὐπεκ-

200 3841 337 3906 στὰς
352 3843 462 3897 τῶν
484 3844 769 3915 βασιλείων
796 3848 1022 3920 θρόνων,
1046 3849 1141 3904 άτε
1167 3853 1326 3922 μόνον
1346 3854 1508 3908 αὐτὸν
1529 3858 1783 3924 ἐπιγνοὺς

199 3933 401 3988 ἑαυτοῦ
430 3936 656 4006 Κύριον,
702 3939 962 4012 ἐλάλησεν
995 3942 1144 4012 αὐτῷ
1182 3944 1362 4015 δεήσει
1406 3946 1501 3999 καὶ
1536 3948 1784 4020 ἱκετηρία

201 4026 481 4098 μαλακῶς,
500 4030 640 4084 κατὰ
652 4030 721 4083 τὰ
741 4031 900 4103 δηλού
910 4052 1045 4104 μενα
1073 4038 1132 4088 ὲν
1150 4035 1228 4106 τῷ
1264 4036 1384 4090 Ἰὼϐ
1408 4038 1535 4109 περὶ
1554 4039 1779 4094 τούτων.

190 4117 351 4190 ,Πλὴν
378 4119 512 4173 ἀλλά
541 4122 641 4193 τὴν
673 4123 846 4195 ἀσεϐῆ
888 4125 983 4178 τοῦ
1010 4126 1274 4198 τυράννου
1321 4129 1781 4186 καταδυναστείαν

194 4210 452 4266 τοσοῦτον
494 4215 636 4285 όρῶν
680 4216 987 4287 ἰσχύουσαν,
1025 4218 1100 4283 ὡς
1143 4220 1345 4291 μηδένα
1385 4221 1544 4275 ἄλλον
1576 4221 1780 4295 τολμᾷν

193 4301 310 4356 τῶν
335 4306 454 4358 κατ’
479 4306 705 4375 οὐρανὸν
734 4309 792 4362 ὲν
814 4313 928 4372 τοῖς
955 4310 1141 4365 αὐτόθι
1168 4312 1387 4386 χωρίοις
1412 4318 1779 4386 συμπαρεῖναι

196 4395 369 4467 αὐτῷ,
403 4400 498 4452 καὶ
523 4402 589 4470 τῇ
620 4399 728 4454 τῶν
757 4402 944 4456 αὐτόθι
974 4402 1161 4474 ψυχῶν
1195 4407 1476 4477 συνεργεῖν
1511 4407 1773 4479 σωτηρίᾳ,

1893 3222 2001 3259 non
2036 3206 2199 3261 fuerit
2236 3210 2327 3278 qui
2365 3211 2650 3275 adiuvaret
2675 3216 2697 3268 ?
2721 3216 2811 3271 ille
2836 3220 2979 3273 enim
3013 3236 3112 3291 pro
3135 3238 3324 3279 earmn
3351 3227 3464 3281 anis

1886 3313 2100 3352 marum
2128 3301 2304 3354 salute
2339 3305 2652 3368 accedebat,
2685 3325 2805 3378 qua:
2831 3312 2975 3380 apud
3010 3314 3216 3371 inferos
3238 3334 3302 3373 ex
3339 3320 3460 3375 Ion-

1886 3392 2111 3461 gissimo
2168 3403 2411 3465 tempore
2463 3398 2754 3456 adventum
2813 3403 2934 3472 ejus
2964 3410 3371 3477 exspectabant,
3407 3420 3463 3467 et

1886 3483 2251 3541 descendebat
2311 3487 2457 3547 fores
2510 3509 2682 3552 areas
2720 3498 3080 3562 contrilurus,
3103 3510 3158 3556 et
3183 3512 3365 3559 vectes
3387 3520 3464 3559 aa-

1888 3589 2011 3631 reos
2038 3580 2444 3647 confracturus,
2478 3596 2530 3640 et
2554 3602 2669 3648 eos,
2693 3589 2785 3657 qui
2806 3598 2964 3644 antea
2982 3593 3143 3648 vincti
3162 3597 3304 3664 apud
3328 3597 3463 3653 infe-

1885 3684 1977 3723 ros
2006 3679 2182 3733 erant,
2215 3674 2269 3725 in
2303 3674 2605 3732 libertatem
2645 3679 3044 3745 vindicaturus,
3086 3685 3243 3754 ~quod
3278 3687 3456 3756 ipsum

1880 3761 2047 3815 etiam
2109 3766 2311 3819 factum
2348 3776 2453 3829 est,
2484 3769 2705 3839 quando
2752 3774 2921 3826 multa
2971 3788 3203 3845 corpora
3260 3795 3453 3835 eorum

1883 3855 1975 3922 qui
2025 3854 2363 3912 dormiet-ant
2416 3870 2732 3916 sanctorum
2783 3867 3085 3934 surgentia,
3124 3871 3283 3924 simul
3326 3888 3455 3928 cum

1883 3960 1949 4000 eo
1983 3947 2227 4016 ingressa
2270 3959 2398 4005 sunt
2449 3952 2504 4006 in
2558 3970 2682 4009 vere
2720 3964 2965 4010 sanctam
3011 3957 3105 4012 Dei
3151 3960 3451 4031 civitatem,

1885 4039 2239 4096 adversantes
2268 4057 2396 4097 vero
2419 4051 2716 4113 potestates
2741 4054 2799 4100 ut
2826 4047 3140 4106 hominibus
3163 4061 3450 4117 nocerent.

1880 4138 2069 4184 contra
2126 4133 2277 4188 illum
2313 4136 2469 4204 quasi
2526 4136 2579 4189 in
2617 4137 2734 4192 acie
2791 4140 3104 4205 veniebant,
3154 4157 3449 4200 mmrorem

1879 4235 1988 4274 non
2019 4236 2241 4292 parvum
2271 4231 2434 4293 atque
2453 4223 2799 4280 alﬂictiouem
2818 4228 2892 4281 illi
2916 4229 3227 4295 all‘erentes,
3248 4234 3452 4304 quippe

1879 4311 1972 4379 qui
2013 4312 2177 4365 etiam
2224 4312 2346 4368 illas
2400 4313 2565 4366 nimia
2608 4314 2851 4369 bonitate
2886 4315 3127 4373 dederet.
3169 4316 3447 4374 Cmterum

1880 4404 2101 4458 attende
2152 4420 2446 4472 quemnam
2497 4405 2552 4459 in
2599 4408 2822 4460 modum
2884 4416 3084 4463 cuncta
3140 4409 3255 4465 haec
3299 4410 3448 4491 dicta

194 4489 425 4554 εἰκότως
459 4493 643 4562 φησίνο
681 4513 701 4545 ι
744 4495 865 4547 Ὅτι
896 4494 1073 4565 θλίψις
1099 4497 1285 4566 ἐγγὺς,
1316 4498 1397 4550 ὅτι
1431 4500 1532 4552 οὐκ
1563 4499 1707 4553 ἐστιν
1745 4502 1773 4553 6

1891 4495 2011 4562 sint,
2046 4496 2201 4565 quasi
2229 4513 2295 4551 ex
2335 4513 2566 4566 persona
2599 4498 2719 4567 ejus
2748 4499 2840 4569 qui
2865 4501 2920 4553 in
2940 4509 3110 4555 .utero
3152 4502 3220 4557 sit
3265 4489 3448 4573 gesta-

194 4578 430 4651 βοηθῶν,
454 4600 473 4632 ο
500 4583 614 4646 ἐνὸς
641 4583 802 4653 μόνου
829 4583 923 4637 τοῦ
951 4587 1170 4639 κάκεῖσε
1206 4587 1419 4659 βοηθεῖν
1442 4588 1589 4659 αὖτῷ
1615 4590 1775 4643 δυνα-

195 4671 385 4743 μένου,
418 4674 867 4741 καταλελοιπότος
893 4678 1075 4741 αὐτὸν,
1108 4678 1184 4743 ὡς
1204 4679 1269 4732 ἂν
1292 4682 1370 4744 είς
1402 4680 1608 4745 πάντας
1638 4682 1771 4734 ἀνα·-

190 4763 493 4835 κηρυχθείη
534 4765 596 4818 τὸ
638 4765 889 4839 λαμπρὸν
926 4771 1020 4823 καὶ
1057 4768 1330 4844 ἐξαίρετον
1362 4773 1461 4843 τῆς
1499 4772 1633 4836 ἰδίας
1672 4773 1771 4825 αὐ-

188 4854 291 4907 τοῦ
325 4857 712 4927 προαιρέσεως,
759 4860 860 4931 τῆς
905 4879 965 4914 τε
1010 4863 1151 4917 κατὰ
1199 4864 1416 4918 πάντων
1456 4864 1631 4934 νίκης.
1661 4866 1772 4919 Καὶ

190 4945 492 5019 ἐπειδήπερ
544 4949 575 5001 ὀ
629 4948 788 5019 μόνος
847 4950 996 5021 αὐτῷ
1044 4951 1255 5022 βοηθεῖν
1315 4954 1612 5025 δυνάμενος
1672 4958 1772 5010 οὐκ

187 5033 264 5109 ἦν
300 5038 449 5109 αὐτῷ
488 5039 609 5093 τότε
657 5040 869 5112 βοηθὸς,
913 5042 1138 5107 εἰκότως
1172 5045 1470 5116 ἀρχόμενος
1501 5046 1655 5116 ἔλεγε
1686 5048 1767 5111 τὸ,

195 5130 428 5193 «Ἠλεὶ,
494 5131 675 5195 Ἠλεὶ,
735 5131 928 5204 λαμμᾶ
986 5135 1320 5206 σαϐαχθανὶ,
1348 5157 1367 5188 ι
1422 5138 1569 5192 τοῦτ’
1618 5139 1765 5194 ἐστι’

196 5243 218 5276 ι
242 5223 347 5277 Θεέ
378 5241 510 5295 μου,
552 5225 654 5279 Θεέ
685 5244 823 5297 μου,
858 5228 946 5281 ἵνα
970 5225 1022 5281 τί
1058 5228 1410 5297 ἐγκατέλιπές
1456 5249 1555 5303 με;
1583 5251 1600 5283 ι
1640 5233 1768 5286 συλ-

186 5312 591 5385 λαμϐανομένη)
650 5315 750 5386 μὲν
793 5310 886 5369 οὖν
938 5316 1033 5370 καὶ
1077 5319 1496 5390 κυοφορουμένῳ
1533 5322 1638 5376 ὐπὸ
1667 5322 1768 5391 τῆς

188 5404 359 5473 ἁγίας
406 5405 682 5479 Παρθένου
719 5406 798 5476 τῷ
833 5407 1144 5481 δηλουμένῳ
1180 5414 1213 5483 ἡ
1269 5412 1507 5483 πατρικὴ
1540 5413 1769 5486 δύναμις

189 5498 362 5567 συνῆν
384 5537 401 5561 ,
449 5498 540 5552 ὅτε
578 5495 803 5568 Πνεῦμα
836 5499 990 5568 ἆγιον
1017 5501 1220 5572 ἐπῆλθε
1246 5505 1313 5574 τῇ
1348 5502 1635 5575 Παρθένῳ,
1673 5504 1767 5557 καὶ

183 5586 418 5660 δύναμις
461 5590 717 5661 ’.Υψίστου
747 5593 1074 5647 ἐπεσκίασεν
1108 5594 1243 5665 αὐτῇ
1263 5634 1278 5657 ,
1315 5594 1475 5659 αὐτός
1502 5610 1561 5647 τε
1596 5595 1628 5648 6
1650 5596 1765 5649 Πα-

184 5683 301 5755 τὴρ
325 5682 418 5737 τὸν
447 5684 781 5756 γεννώμενον
801 5727 818 5751 ,
850 5687 927 5750 ὡς
972 5687 1001 5740 6
1043 5686 1199 5756 λόγος
1237 5686 1613 5759 παρέστησεν.
1659 5686 1768 5741 ἀπὸ

185 5774 292 5847 τῆς
326 5775 563 5846 γαστρὸς
593 5776 890 5842 ἐξέσπασεν
913 5793 927 5806 ·
990 5777 1357 5848 ἀποδιδομένου
1395 5776 1451 5826 δὲ
1482 5774 1634 5846 παρὰ
1672 5775 1764 5828 ’σὺν

510 5875 777 5935 Panos.
822 5875 940 5934 Gn.
974 5875 1180 5938 XX".

1874 4593 1983 4652 tus,
2019 4595 2073 4642 et
2096 4588 2163 4641 de
2190 4595 2379 4643 ventre
2410 4589 2601 4642 matris
2628 4598 2811 4655 natus,
2841 4600 2897 4645 et
2928 4607 3091 4662 quem
3124 4591 3447 4649 dicebamus

1873 4693 1998 4733 esse
2046 4680 2257 4748 Agnum
2311 4678 2425 4735 Dei.
2485 4679 2624 4736 Huic
2654 4683 2797 4736 enim
2853 4683 2958 4752 ipsi
3011 4685 3085 4738 ita
3126 4685 3448 4748 acciderunt

1874 4785 1994 4839 quae
2041 4771 2108 4824 ad
2151 4771 2461 4842 passionem
2505 4781 2779 4842 spectant,
2822 4774 3285 4843 quemadmodum
3322 4792 3448 4846 qua

1874 4859 1943 4913 ad
1975 4868 2156 4915 ortum
2192 4863 2246 4915 in
2286 4876 2516 4933 corpore
2547 4863 2979 4919 conveniebant:
3017 4879 3145 4918 nam
3173 4866 3318 4935 quod
3342 4881 3439 4921 οταν

1872 4961 1987 5006 tum
2021 4960 2124 5016 est,
2170 4953 2223 5007 id
2252 4952 2414 5007 etiam
2453 4953 2699 5020 occidit;
2729 4954 2873 5024 quod
2905 4969 3034 5010 vero
3061 4957 3285 5023 occidit,
3331 4973 3443 5015 non

1873 5041 2009 5095 alias
2040 5048 2269 5095 mortem
2314 5043 2603 5111 contingit,
2659 5057 2824 5113 quam
2871 5043 2918 5098 si
2950 5044 3103 5113 prius
3133 5060 3230 5116 per
3258 5053 3442 5102 ortum

1873 5131 2180 5202 ingressum
2218 5132 2310 5187 sit.
2360 5132 2485 5188 llaec
2513 5133 2681 5204 igitur
2710 5136 2936 5205 exponit
2966 5137 3219 5193 Salvator
3243 5153 3308 5192 ac
3334 5136 3443 5192 Do-

1870 5226 2055 5280 minus
2092 5234 2301 5288 noster,
2337 5240 2447 5281 non
2484 5237 2754 5296 quatenus
2786 5233 2840 5282 et
2870 5228 3055 5284 carnis
3098 5236 3153 5283 et
3195 5231 3441 5298 corporis

1869 5333 2064 5387 expers
2108 5326 2228 5372 erat
2280 5327 2499 5381 natura,
2534 5335 2711 5390 neque
2750 5329 3022 5391 quatenus
3068 5319 3163 5377 Dei
3202 5319 3439 5377 Verbum

1869 5408 2123 5479 Deusque
2176 5409 2294 5479 ipse
2350 5405 2687 5477 intelligitur,
2733 5412 2830 5467 sed
2887 5422 3161 5481 quatenus
3203 5413 3440 5468 idoneus

1866 5506 1987 5553 erat
2015 5500 2068 5552 iu
2097 5500 2348 5554 oratione
2371 5500 2438 5553 ad
2469 5499 2679 5557 Patrem
2710 5502 2921 5559 dicere:
2942 5502 3101 5576 502
3124 5523 3141 5553 ι
3167 5502 3439 5571 Quoniam

1868 5601 1926 5646 tu
1984 5609 2047 5650 es
2103 5594 2197 5665 qui
2238 5594 2528 5649 extraxisti
2584 5611 2672 5651 me
2702 5595 2772 5651 de
2798 5605 3011 5661 ventre,
3043 5613 3174 5666 spes
3220 5613 3341 5657 mea
3370 5604 3438 5652 ab

1869 5684 2133 5740 uberibus
2188 5685 2383 5741 matris
2442 5701 2598 5742 meae.
2658 5684 2717 5742 ln
2773 5695 2829 5745 te
2873 5688 3149 5759 proiectus
3196 5703 3321 5745 sum
3369 5704 3437 5751 ex

1870 5787 2042 5838 utero.
2085 5775 2157 5828 Fls
2194 5786 2380 5832 ventre
2413 5778 2604 5834 matris
2642 5795 2777 5837 mea
2824 5780 2966 5837 Deus
3008 5794 3166 5835 meus
3208 5795 3271 5837 es
3314 5786 3435 5842 tua

3086 5869 3161 5944 25
