3856 6222
411 326 519 386 779

1049 314 1316 377 EUSEBII
1342 317 1824 377 CAESARIENSiS
1861 317 2012 374 OPP.
2055 317 2236 374 PARS
2272 317 2338 373 Il.
2374 350 2442 361 -—
2472 317 2978 377 APOLOGETICA.

3556 323 3664 379 786

415 438 518 496 llic
546 440 711 512 igitur
742 439 872 493 dum
917 437 981 491 in.
1027 436 1145 507 ipsa
1178 436 1434 505 passione
1475 442 1582 499 est,
1633 436 1863 504 supplex
1911 434 1980 489 ad

2086 434 2275 506 καιρὸν
2305 432 2399 488 τοῦ
2439 433 2646 498 πάθους
2684 436 2819 508 πρὸς
2852 436 2950 507 τὴν
2984 437 3125 491 κατά
3166 440 3261 492 τοῦ
3295 440 3531 494 θανάτου
3559 441 3667 496 πά-

414 528 631 587 l’atrem
663 543 825 585 suum
881 540 946 582 ea
993 525 1147 590 dicit,
1184 541 1306 595 quae
1359 530 1473 595 jam
1525 527 1775 596 exposita
1828 535 1979 582 sunt.

415 622 483 677 Et
530 635 656 676 eum
710 627 821 674 tam
875 618 1079 682 multa,
1126 619 1323 686 inquit,
1386 633 1473 672 me
1528 619 1984 673 circumventum:

416 713 527 769 sint
554 711 724 780 copia:
755 724 822 763 ex
860 708 1089 763 adverso
1118 708 1386 776 eﬂicaces,
1421 717 1474 764 et
1524 709 1723 778 impuri
1772 708 1980 764 daemo-

414 817 537 866 nes,
575 808 630 857 et
669 801 975 871 spiritualia
1004 799 1277 869 nequitiae,
1310 809 1365 855 et
1393 800 1628 870 denique
1656 801 1701 854 is
1730 801 1823 870 qui
1860 815 1983 854 om-

415 897 566 951 nium
605 896 878 966 pessimus
916 902 1021 956 est,
1054 894 1190 965 ipse,
1224 895 1468 964 inquam,
1514 894 1769 964 princeps
1798 892 1985 949 saeculi

417 987 580 1057 hujus
624 986 784 1056 (quos
807 995 1028 1056 propter
1068 986 1357 1061 malitiam,
1393 984 1540 1042 fet'as
1581 985 1850 1055 malignas
1880 1000 1982 1040 no-

415 1079 624 1133 minare
653 1092 750 1149 par
777 1085 882 1142 est,
920 1085 975 1133 et
1014 1078 1097 1133 vel
1140 1086 1327 1131 tauros
1352 1084 1618 1147 agrestes,
1647 1078 1730 1131 vel
1762 1077 1981 1139 vitulos,

415 1170 500 1225 vel
543 1170 746 1235 leones,
779 1170 862 1224 vel
910 1170 1120 1235 canes),
1168 1176 1222 1223 ct
1261 1183 1347 1221 me
1386 1175 1576 1221 contra
1613 1182 1805 1221 oniues
1833 1178 1984 1222 stare

415 1268 684 1334 oporteat,
714 1275 890 1330 neque
926 1259 1223 1330 quidquam
1258 1258 1384 1312 boni
1414 1258 1468 1311 in
1498 1272 1592 1312 eos
1619 1256 1720 1310 sim
1751 1257 1986 1310 collatuo

414 1371 534 1421 rus,
582 1364 870 1427 propterea
900 1353 1045 1425 quod
1088 1353 1193 1424 ipsi
1222 1360 1440 1423 propter
1478 1365 1793 1420 supremum
1826 1349 1984 1403 mali-

417 1449 508 1505 tiae
545 1447 811 1513 habitum,
850 1460 1096 1501 meorum
1132 1445 1400 1499 bonorum
1425 1458 1657 1515 capaces
1691 1456 1798 1495 non
1833 1449 1983 1503 sunt,

415 1554 594 1609 neque
636 1538 945 1606 adiutorem
997 1542 1092 1589 aut
1144 1535 1356 1591 socium
1393 1535 1623 1589 habeam
1673 1533 1985 1604 quempiam

418 1646 613 1689 eorum
649 1630 894 1700 ipsorum
932 1628 1027 1699 qui
1072 1628 1203 1683 dicti
1238 1634 1387 1690 sunt,
1436 1626 1490 1680 in
1525 1624 1824 1680 certamine
1854 1623 1985 1679 mihi

414 1737 514 1794 pro
545 1721 721 1776 salute
746 1720 1050 1775 animarum
1076 1719 1338 1784 ineundo,
1375 1732 1500 1788 qua;
1527 1724 1654 1771 sunt
1679 1717 1821 1788 apud
1848 1716 1986 1772 infe-

414 1828 528 1876 ros,
557 1827 657 1867 cur
682 1811 897 1866 tandem
926 1824 1033 1864 non
1054 1809 1244 1864 merito
1271 1809 1498 1863 dixerim
1522 1824 1533 1858 :
1560 1825 1578 1857 ι
1603 1804 1759 1873 Quod
1777 1807 1828 1860 in
1854 1822 1985 1877 pro-

415 1904 566 1962 ximo
618 1906 691 1960 sit
742 1902 982 1970 aiﬂictio,
1040 1912 1094 1958 et
1136 1901 1284 1971 quod
1331 1916 1438 1955 non
1480 1901 1554 1954 sit
1594 1900 1685 1970 qui
1729 1898 1985 1968 adjuvet?

419 1996 713 2053 «Caeterum
764 1994 1031 2065 malignas
1069 1991 1291 2062 quidem
1332 2002 1493 2061 atque
1541 1992 1802 2047 adversas
1832 1998 1984 2060 pote-

416 2097 585 2147 states
616 2104 727 2143 non
764 2086 937 2142 fuisse
971 2084 1047 2141 illi
1078 2084 1304 2145 auxilio.
1339 2097 1515 2154 neque
1537 2081 1884 2137 succurrisse
1913 2080 1982 2135 ad

414 2184 618 2240 bonum
648 2183 981 2256 properanti,
1011 2180 1195 2235 mirari
1222 2179 1356 2234 nihil
1393 2193 1619 2234 necesse
1659 2188 1764 2243 est,
1795 2190 1981 2230 verum

415 2279 560 2349 quod
589 2277 833 2332 oumium
873 2274 1171 2329 maximum
1206 2282 1308 2334 est,
1351 2286 1418 2326 ex
1445 2285 1509 2326 ea
1544 2268 1833 2324 amictione
1863 2281 1985 2338 quae

417 2370 570 2425 illum
623 2368 858 2422 maxime
904 2365 1206 2437 premebat,
1239 2363 1291 2418 id
1336 2377 1469 2418 sane
1519 2362 1640 2425 luit,
1685 2375 1752 2415 ne
1798 2359 1985 2414 faven-

416 2461 551 2517 tium
585 2458 803 2529 quidem
837 2471 903 2511 ac
931 2455 1289 2526 propitiorum
1313 2453 1630 2522 angelorum
1651 2452 1981 2522 quempiam,

417 2567 518 2607 nec
545 2551 852 2605 divinarum
888 2554 1222 2619 potestatum
1268 2559 1497 2615 prorsus
1550 2545 1738 2604 ullam,
1792 2556 1983 2597 ausam

413 2655 537 2696 esse
574 2640 751 2710 regias
788 2637 980 2692 mortis
1011 2635 1204 2691 domos
1251 2633 1529 2695 invadere,
1564 2642 1728 2701 atque
1771 2631 1841 2683 ad
1879 2645 1981 2683 au-

417 2731 605 2785 xilium
636 2732 964 2791 animarum,
995 2741 1116 2796 qua:
1166 2725 1279 2779 illic
1312 2731 1491 2785 erant,
1521 2724 1723 2778 sociam
1758 2736 1817 2777 se
1847 2736 1986 2791 pra:-

416 2826 566 2882 bere.
618 2822 672 2878 Si
702 2824 921 2895 quidem
947 2822 1040 2875 uni
1066 2821 1144 2874 illi
1187 2820 1290 2874 hoc
1324 2819 1610 2872 immotum
1643 2816 1982 2878 servab.;tur,

418 2916 858 2991 quandoquidem
905 2913 998 2969 uni
1026 2913 1192 2969 etiam
1223 2918 1423 2981 apertae
1458 2918 1589 2965 sunt
1623 2917 1790 2978 porta:
1841 2922 1987 2960 inor-

416 3012 509 3078 tis,
538 3018 593 3066 et
625 3024 794 3064 unum
828 3008 978 3063 illum
1009 3007 1122 3061 orci
1159 3005 1428 3075 janitores
1456 3001 1763 3070 conspicati
1799 2997 1988 3053 formi-

2083 525 2181 598 λην
2200 565 2215 588 ,
2268 524 2451 579 οὐκέτι
2483 525 2675 596 βοηθὸς
2707 526 2854 598 αὐτῷ
2890 529 3088 600 παρῆν.
3159 530 3330 585 Τοῦτο
3354 531 3489 601 γοῦν
3520 533 3667 605 αὐτῷ

2087 618 2450 688 μαρτυροῦντι
2498 619 2776 672 πιστεύω·
2827 620 2889 672 τὸ
2942 623 3086 691 γάρ,
3158 641 3177 674 ι
3223 625 3410 691 Ἠλεὶ,
3484 626 3665 690 Ἠλεὶ,

2083 708 2277 779 λαμμᾶ
2317 709 2617 780 σαϐαχθανὶ
2641 751 2655 775 ,
2686 731 2704 761 ι
2747 712 3032 783 εἰρημένον
3070 714 3218 784 αὐτῷ
3250 717 3343 769 ἐπὶ
3368 717 3466 770 τοῦ
3503 734 3668 772 σταυ-

2086 799 2181 874 ροῦ
2207 839 2220 863 ,
2262 801 2356 853 καὶ
2388 801 2492 853 ὑπὸ
2538 800 2632 853 τοῦ
2665 801 2881 871 ψαλμοῦ
2913 805 3264 876 προφητικῶς
3303 807 3673 880 ἀναπεφωνη-

2087 889 2248 959 μένον
2272 928 2287 953 ,
2325 890 2453 954 καὶ,
2515 909 2533 940 ι
2560 891 2681 943 ’Ότι
2719 890 2895 960 θλίψις
2923 894 3121 961 ἐγγὺς,
3178 895 3259 948 ὅτι
3291 897 3391 948 οὐκ
3438 897 3590 950 ἔστιν
3643 900 3673 953 6

2088 978 2329 1050 βοηθῶν.
2360 1000 2378 1032 ι
2439 980 2491 1033 τί
2529 980 2715 1052 ἓτερον
2748 983 2935 1054 ἐδήλου
2978 984 3011 1056 ἢ
3051 985 3134 1037 ὅτι
3173 985 3249 1048 ὡς
3290 988 3467 1056 μέγας
3498 988 3671 1061 ἀθλη·

2083 1070 2182 1141 τὴς
2218 1072 2330 1135 τοῖς
2382 1071 2654 1134 τοσούτοις
2711 1073 3025 1137 ἀντιπάλοις
3076 1075 3525 1148 προϐεϐλημένος
3583 1073 3672 1151 ἦν,

2085 1161 2545 1228 ἀγωνοθετοῦντος
2581 1164 2676 1218 καὶ
2709 1163 3060 1237 βραϐεύοντος
3090 1171 3202 1232 τοῖς
3229 1169 3547 1239 γινομένοις
3578 1169 3673 1226 τοῦ

2085 1253 2179 1306 ἐπὶ
2226 1254 2359 1307 πᾶσι
2398 1253 2575 1320 Θεοῦ;
2633 1255 2865 1327 Ἔφορον
2916 1257 2961 1311 δ’
2994 1253 3087 1313 οῦν
3130 1259 3238 1313 τῶν
3277 1263 3675 1333 πραττομένων

2086 1345 2386 1416 παρεκάλει
2421 1345 2512 1400 τὸν
2549 1346 2769 1419 Πατέρα
2801 1350 2895 1402 καὶ
2928 1340 3195 1421 πάρεδρον
3217 1396 3231 1416 ,
3288 1353 3363 1416 ὼς
3396 1353 3466 1408 ἂν
3496 1354 3676 1421 δεξιὸν

2085 1436 2383 1509 ἀλείπτην,
2439 1437 2590 1509 αύτῷ
2643 1443 3047 1511 συμπαρεῖναι,
3087 1442 3259 1515 ταύτῃ
3314 1445 3557 1514 μάλιστα
3585 1448 3677 1501 ὅτι

2088 1526 2213 1598 μηδ’
2270 1527 2513 1598 ὑπῆρχεν
2565 1526 2715 1598 αὐτῷ
2761 1528 2953 1601 βοηθὸς
3012 1530 3260 1603 ἕτεροςῆ
3298 1532 3460 1602 μ’όνος
3512 1530 3602 1599 εἷς
3648 1537 3678 1588 ό

2087 1618 2392 1692 βραϐευτὴς
2441 1620 2550 1674 τῶν
2599 1622 2917 1692 γινομένων.
2993 1623 3088 1677 Διό
3137 1641 3300 1694 φησιν
3330 1626 3673 1698 εὐχόμενος⁸

2090 1712 2228 1784 «Μὴ
2275 1711 2517 1783 ἀποστῇς
2563 1712 2659 1765 ἀπ’
2711 1713 2881 1785 ἐμοῦ,
2946 1715 3027 1768 ὅτι
3089 1714 3265 1785 θλίψις
3295 1718 3503 1785 ἐγγὺς,
3590 1719 3677 1774 ὅτι

2083 1801 2185 1854 οὐκ
2222 1799 2367 1853 ἐστιν
2395 1803 2424 1854 ό
2456 1800 2685 1872 βοηθῶν.
2718 1822 2736 1853 ι
2830 1802 3002 1875 Ὁρῶν
3032 1803 3089 1858 δὲ
3134 1805 3338 1871 ἐνθέοις
3388 1807 3673 1877 ὕμμασιν,

2085 1891 2164 1945 ἔτι
2196 1892 2289 1945 ἐπὶ
2319 1889 2414 1944 τοῦ
2452 1892 2626 1964 ἰκρίον
2682 1895 3128 1965 προσηρτημένου
3158 1896 3305 1968 αύτῷ
3338 1898 3434 1951 τοῦ
3482 1899 3676 1969 σῶμα·

2083 1997 2173 2044 τος
2203 2020 2219 2045 ,
2277 1980 2377 2045 τὰς
2436 1980 2634 2046 ἔξωθεν
2667 1984 2811 2054 ἀμφὶ
2855 1984 2946 2038 τὸν
2984 1986 3124 2056 ἀέρα
3175 1986 3361 2041 τοῦτον
3393 1988 3676 2061 ἀσάρκσιδς

2084 2075 2178 2129 καὶ
2234 2074 2541 2147 ἀνθρώποις
2613 2077 2876 2147 ἀοράτους
2946 2076 3203 2148 δυνάμεις
3255 2080 3411 2152 δίκην
3463 2082 3676 2137 οἰωνῶν

2083 2167 2376 2239 ὡμοόόρων
2406 2170 2497 2222 καὶ
2521 2169 2719 2241 τρόπον
2747 2168 2951 2243 θηρίων
2990 2173 3118 2243 περὶ
3143 2173 3306 2227 αὐτον
3353 2175 3674 2248 ἰλυσπωμέ-

2084 2274 2182 2321 νας
2206 2296 2220 2320 ,
2264 2258 2357 2311 καὶ
2390 2258 2527 2330 προς
2557 2259 2619 2312 τὸ
2657 2259 2848 2329 μέλλον
2874 2261 2997 2315 ὅσον
3025 2263 3177 2317 οῦπω
3214 2264 3406 2336 νεκρὸν
3450 2264 3677 2321 ἔσεσθαι

2084 2347 2247 2402 αὐτοῦ
2274 2348 2333 2401 τὸ
2357 2347 2517 2420 σῶμα
2535 2390 2549 2415 ,
2580 2350 2910 2421 πανταχόθεν
2930 2368 2988 2403 τε
3019 2352 3350 2423 συρρεούσας
3375 2356 3472 2418 τάς
3493 2357 3674 2428 ἀρχὰς

2085 2441 2179 2495 καὶ
2206 2440 2451 2506 ἐξουσίας
2483 2440 2575 2493 τοῦ
2607 2441 2769 2513 ἀέρος
2793 2440 2918 2506 ,τοῦ
2949 2444 3255 2515 πνεύματος
3286 2445 3378 2499 τοῦ
3406 2447 3500 2500 νῦν
3524 2450 3676 2521 ὲνερ-

2085 2531 2308 2602 γοῦντος
2331 2535 2388 2586 ὲν
2409 2535 2523 2596 τοῖς
2544 2534 2677 2597 υἱοῖς
2699 2534 2797 2604 τῆς
2819 2532 3118 2599 ἀπειθείας,
3144 2535 3239 2589 καὶ
3267 2535 3347 2590 ἔτι
3375 2537 3500 2600 τοὺς
3526 2539 3676 2609 ἀμφὶ

2084 2626 2183 2696 τὴν
2214 2627 2317 2697 γῆν
2348 2624 2735 2696 διιπταμένους
2767 2624 2890 2679 καθ’
2924 2625 3052 2697 ὅλης
3082 2626 3183 2696 τῆς
3216 2627 3324 2680 τῶν
3366 2628 3675 2700 ἀνθρώπων

2086 2718 2405 2789 οἰκουμένης
2433 2718 2691 2787 δαίμονας
2713 2734 2727 2747 ·
2783 2717 2930 2781 εἰκὸς
2960 2717 3004 2771 δ’
3028 2719 3112 2772 ὅτι
3141 2719 3236 2773 καὶ
3263 2720 3392 2784 τοῦς
3440 2720 3675 2793 ὑποχθο-

2086 2809 2231 2874 νίους
2260 2809 2359 2880 ήδη
2381 2848 2396 2873 ,
2423 2809 2519 2862 καὶ
2543 2809 2670 2872 τοὺς
2697 2810 2755 2862 ἐν
2784 2808 2933 2880 αὐτῷ
2959 2810 3216 2883 ταρτάρῳ
3243 2810 3416 2883 θῆρας
3445 2813 3673 2884 ἀγρίους

2088 2898 2180 2952 καὶ
2209 2898 2505 2971 φοϐεροὺς,
2543 2900 2669 2971 περὶ
2695 2892 2772 2952 ὧν
2809 2898 3035 2963 Ἡσαΐας
3067 2900 3204 2972 πρὸς
3251 2901 3340 2954 τὸν
3384 2902 3673 2956 ἐκπεπτω-

2088 2988 2221 3042 κότα
2275 2989 2370 3042 τοῦ
2409 2989 2638 3061 ούρανοῦ
2722 2989 3030 3060 Ἑωσφόρον
3082 2991 3500 3063 ἀποτεινόμενος
3549 2991 3671 3045 ελε-

417 3102 704 3165 daverunt,
739 3104 965 3171 ipseque
997 3100 1087 3153 ille
1105 3100 1198 3168 qui
1229 3096 1424 3151 mortis
1447 3093 1734 3165 imperium
1762 3092 1983 3156 habeat,

2090 3097 2216 3150 γενο
2267 3100 2285 3131 ι
2320 3081 2379 3134 '0
2400 3081 2532 3152 ᾅδης
2582 3080 2825 3134 κάτωθεν
2852 3081 3153 3153 ἐπικράνθη
3191 3084 3529 3153 συναντήσας
3565 3100 3672 3146 σοι,

419 3188 489 3245 de
521 3190 686 3260 regiis
720 3189 943 3243 sedibus
988 3186 1210 3250 cedens,
1258 3193 1446 3252 utpote
1493 3185 1586 3253 qui
1630 3198 1797 3237 unum
1829 3183 1982 3234 illum

418 3293 578 3335 suum
607 3278 896 3333 Dominum
926 3286 1300 3348 cognosceret,
1335 3290 1460 3330 eum
1506 3275 1600 3328 iilo
1628 3281 1712 3328 est
1768 3272 1985 3327 locutus

430 3371 832 3444 leprecantium
869 3384 934 3424 ac
984 3369 1411 3438 supplicantium
1464 3381 1616 3421 more
1651 3380 1756 3420 non
1802 3365 1985 3418 minus

437 3463 705 3532 gnaviter,
734 3472 896 3528 quam
933 3456 1074 3526 apud
1115 3455 1218 3511 Job
1248 3456 1316 3510 de
1347 3456 1432 3511 his
1472 3455 1605 3524 ipsis
1648 3455 1811 3510 rebus
1849 3454 1987 3509 scri-

420 3562 570 3624 ptum
607 3560 731 3606 est:
780 3547 876 3603 sed
915 3557 1096 3603 tamen
1146 3546 1410 3601 nefariam
1456 3547 1603 3601 illius
1633 3546 1845 3617 tyranni
1880 3546 1986 3600 im-

420 3644 719 3717 potentiam
749 3654 924 3711 usque
949 3638 1084 3694 adeo
1112 3652 1344 3693 cernens
1370 3636 1689 3700 invaluissc,
1714 3648 1781 3689 ,ιιι
1801 3636 1987 3690 nullus

421 3738 560 3792 alius
585 3734 890 3789 caelestium
915 3730 1111 3785 adesse
1146 3729 1224 3783 illi
1252 3729 1307 3784 in
1336 3730 1537 3784 talibus
1572 3730 1707 3782 locis
1738 3726 1984 3793 auderet,

419 3832 582 3892 atque
613 3823 680 3875 ad
719 3836 912 3876 earum
935 3821 1242 3876 animarum
1283 3822 1541 3882 salutem,
1575 3832 1695 3889 quae
1727 3816 1839 3870 illic
1889 3815 1987 3870 de-

420 3914 737 3969 tinebantur
760 3913 970 3970 socium
1003 3928 1063 3968 se
1107 3913 1371 3984 pra-bere,
1410 3911 1606 3964 merito
1644 3909 1720 3963 ait
1743 3906 1989 3962 aﬂlictio-

419 4020 547 4061 nem
579 4006 804 4077 propius
845 4005 1060 4069 adesse,
1092 4011 1381 4074 propterea
1421 4000 1569 4072 quod
1612 4015 1721 4054 non
1774 3998 1846 4053 sit
1893 3997 1988 4069 qui

420 4101 658 4170 adjuvet.
686 4101 884 4169 quippe
928 4113 1053 4154 cum
1089 4115 1231 4153 unus
1279 4098 1370 4153 ille
1393 4098 1484 4167 qui
1526 4095 1793 4168 potuisset
1823 4095 1985 4149 etiam

419 4191 620 4246 talibus
653 4190 708 4244 in
741 4191 875 4244 lacis
907 4190 985 4244 illi
1012 4189 1288 4259 opitulari,
1325 4189 1504 4259 ipsum
1537 4186 1893 4249 deseruisset,
1927 4191 1986 4239 ut

419 4283 674 4338 videlicet
703 4282 915 4336 illustre
950 4282 1085 4338 illud
1110 4282 1482 4351 eximiumque
1509 4279 1832 4349 inemptum,
1867 4276 1987 4329 illa-

421 4390 528 4446 que
573 4374 868 4445 singularis
892 4373 1162 4429 adversus
1208 4388 1401 4428 omnes
1445 4372 1675 4427 victoria
1724 4380 1983 4440 tanquam

420 4466 642 4537 prop-ria
696 4465 869 4536 ipsius
918 4464 1064 4535 apud
1102 4480 1292 4521 omnes
1332 4465 1739 4535 praedicaretur.
1796 4463 1982 4532 Itaque
2016 4485 2058 4540 ι)

420 4569 545 4611 cum
593 4554 688 4609 ille
732 4552 829 4624 qui
879 4568 1022 4609 unus
1054 4554 1156 4626 ipsi
1206 4554 1411 4606 auxilio
1436 4568 1559 4607 esse
1587 4558 1817 4622 poterat,
1851 4559 1984 4607 tunc

418 4645 524 4718 ipsi
544 4644 762 4715 adjutor
780 4660 892 4700 non
917 4652 1084 4708 esset,
1108 4644 1305 4700 merito
1331 4644 1382 4698 in
1408 4644 1524 4714 ipso
1544 4641 1699 4697 initio
1715 4644 1784 4697 ait
1812 4643 1979 4698 illud:

419 4735 580 4809 503
611 4754 630 4788 ι
652 4735 756 4799 Eli,
791 4736 896 4802 Eli,
935 4737 1134 4791 lamma
1167 4735 1552 4801 sabachthaui,
1584 4735 1686 4788 hoc
1714 4742 1820 4797 est,
1843 4732 1986 4791 Deus

419 4842 593 4894 meus,
642 4827 787 4884 Deus
821 4843 997 4893 meus,
1029 4842 1201 4899 quare
1227 4842 1313 4883 me
1342 4825 1755 4895 dereliquisti’?
1792 4844 1811 4877 ι
1849 4825 1983 4879 Nam

418 4934 543 4979 cum
562 4918 704 4975 idem
735 4920 1137 4989 conciperetur,
1165 4929 1222 4974 et
1248 4921 1301 4973 in
1324 4925 1523 4974 uteroa
1556 4924 1745 4972 saneta
1763 4914 1985 4986 Virgine

417 5017 741 5083 gestarctur,
761 5020 891 5065 tunc
918 5009 1136 5080 quidem
1166 5018 1391 5080 paterna
1413 5010 1502 5064 vis
1534 5024 1657 5061 cum
1689 5008 1808 5076 ipso
1843 5012 1986 5069 erat,

418 5119 531 5175 quo
576 5112 819 5174 tempore
851 5101 1092 5173 Spiritus
1143 5109 1370 5158 sanctius
1409 5100 1615 5170 Virgini
1649 5098 1983 5168 supervenit,

417 5201 475 5252 et
503 5194 679 5250 virtus
706 5194 976 5250 Altissimi
1019 5193 1366 5250 obumbravit
1396 5193 1498 5256 illi,
1562 5193 1786 5262 ipseque
1823 5190 1985 5245 Pater

417 5301 545 5343 eum
566 5287 659 5358 qui
688 5286 1028 5358 gignebatur,
1074 5285 1219 5343 sicut
1267 5286 1551 5341 oraculum
1584 5285 1864 5347 indicavit,
1914 5283 1983 5339 de

416 5386 609 5437 ventre
638 5378 829 5435 matris
852 5379 1106 5445 extraxit,
1135 5394 1259 5434 cum
1285 5386 1465 5434 autem
1504 5378 1607 5433 sub
1640 5377 1818 5447 ipsum
1851 5390 1982 5446 pas-

418 5470 592 5528 sionis
615 5479 828 5540 tempus
856 5470 923 5526 ad
956 5470 1158 5525 ludam
1182 5471 1452 5529 adversus
1484 5479 1714 5526 mortem
1756 5484 1984 5526 exuere-

417 5564 530 5626 tur.
559 5574 669 5618 non
687 5558 818 5616 item
865 5558 942 5614 illi
973 5566 1106 5616 tunc
1151 5568 1270 5615 erat
1325 5559 1568 5630 adiutor.
1596 5557 1709 5632 Ego
1743 5574 1984 5632 namque

491 5729 512 5765 ⁸
546 5725 735 5789 ﬂaui).
770 5748 919 5789 nm
941 5771 957 5798 ,
991 5700 1078 5788 40.

2090 3169 2498 3242 συνηγέρθησάν
2526 3188 2605 3223 σοι
2630 3170 2829 3234 πάντες
2852 3172 2899 3224 ci
2925 3171 3178 3239 γίγαντες
3199 3188 3212 3200 ·
3241 3191 3259 3222 ι
3287 3171 3459 3225 ταῦτα
3485 3171 3550 3243 δὴ
3578 3168 3676 3227 οὖν

2088 3261 2300 3336 ἅπαντα
2339 3261 2578 3331 συνορῶν
2617 3258 2816 3327 ἔξωθεν
2852 3261 2913 3313 τὸ
2949 3260 3471 3332 ἀνεσκολοπισμένον
3511 3260 3678 3331 σῶμα

2086 3352 2408 3416 κυκλοῦντα,
2440 3353 2534 3405 καὶ
2563 3355 3092 3425 παρασκευαζόμενα
3122 3355 3240 3407 κατ’
3269 3353 3455 3418 αὑτοῦ,
3491 3354 3551 3407 τδ
3588 3352 3678 3407 σύιο

2088 3459 2272 3514 στημα
2303 3443 2479 3497 αὐτῶν
2509 3443 2801 3515 διαγράφει
2835 3446 3060 3513 φάσκων
3089 3461 3102 3474 ·
3164 3465 3182 3496 ‹
3210 3444 3677 3516 Περιεκύκλωςάν

2088 3552 2156 3607 με
2189 3536 2376 3606 μόσχοι
2401 3535 2603 3599 πολλοὶ,
2629 3536 2820 3607 ταῦροι
2839 3537 3020 3600 πίονες
3047 3537 3333 3607 περιέσχον
3361 3554 3449 3607 με,
3480 3526 3677 3595 Ἤὴι-

2086 3627 2186 3694 ξαν
2218 3629 2302 3706 ἐπ’
2327 3627 2428 3697 ἐμὲ
2450 3628 2510 3680 τὸ
2538 3627 2713 3699 στόμα
2742 3628 2940 3690 αὐτῶν,
2964 3628 3039 3691 ὡς
3061 3628 3195 3682 λέων
3224 3630 3251 3681 ὁ
3280 3626 3547 3699 ἁρπάζων
3576 3630 3665 3683 κατ

2085 3719 2413 3791 ὼρυόμενος.
2445 3740 2462 3771 ι
2497 3721 2688 3794 Ψυχὴν
2707 3720 2815 3793 γάρ
2837 3764 2850 3786 ,
2881 3720 2957 3785 ὡς
2980 3722 3126 3785 εἰκὸς
3144 3760 3159 3784 ,
3182 3721 3525 3793 ἀνθρωπείαν
3540 3760 3560 3787 ,
3575 3724 3678 3776 καὶ

2086 3815 2155 3884 τῇ
2192 3812 2300 3865 τῶν
2332 3812 2544 3866 πολλῶν
2573 3813 2994 3885 παραπλησίαν,
3036 3813 3201 3867 πλέον
3226 3813 3281 3867 δὲ
3314 3812 3466 3867 οὐδὲν
3499 3813 3672 3885 ἡγού-

2090 3922 2240 3976 μενοι
2295 3901 2434 3959 εἶναι
2466 3906 2566 3977 τὴν
2595 3906 2656 3960 τὸ
2688 3906 2845 3976 σῶμα
2877 3904 3052 3976 Ἰησοῦ
3093 3905 3580 3977 κατασκηνοῦσαν,
3619 3907 3678 3975 ἧ-

2086 3996 2269 4063 νοιξαν
2304 4000 2365 4053 τὸ
2407 3999 2579 4069 στόμα
2617 4000 2667 4053 oi
2703 3998 3088 4071 προειρημένοι
3120 4037 3134 4062 ,
3197 3999 3274 4063 ὼς
3312 3998 3513 4070 ὁμοίως
3548 4003 3679 4066 ταῖς

2087 4090 2275 4153 ἄλλαις
2298 4088 2407 4144 τῶν
2427 4089 2728 4164 ἀνθρώπων
2756 4091 2954 4162 ψυχαῖς
2974 4091 3069 4146 καὶ
3095 4091 3265 4163 αὐτὴν
3293 4092 3678 4164 καταπιούμε-

2088 4199 2201 4236 νοι·
2258 4182 2341 4237 διό
2374 4199 2536 4254 φησιν
2558 4199 2572 4212 ·
2613 4202 2632 4234 ι
2665 4183 2916 4249 Ἦνοιξαν
2948 4184 3032 4237 ἐπ’
3067 4183 3167 4255 ἐμὲ
3191 4184 3254 4236 τὸ
3280 4185 3459 4254 στόμα
3488 4185 3677 4239 αὐτῶν

2085 4273 2163 4341 ὡς
2208 4274 2344 4329 λέων
2375 4276 2404 4328 ό
2434 4273 2693 4347 ἁρπάζων
2724 4276 2820 4329 καὶ
2853 4275 3159 4348 ὠρυόμενος
3182 4292 3196 4305 ο
3219 4294 3239 4325 ι
3275 4269 3357 4339 οἷς
3388 4276 3519 4346 ἑξῆς
3552 4279 3681 4330 ἐπι.

2087 4365 2265 4437 λέγει’
2329 4387 2349 4419 ι
2369 4367 2514 4420 Ὢσεὶ
2544 4366 2686 4438 ὕδωρ
2714 4367 3001 4439 ἐξεχύθην·
3034 4389 3052 4418 ο
3090 4368 3229 4439 ὅπερ
3256 4367 3537 4440 αίσθητῶς
3573 4370 3677 4440 μὲν

2087 4456 2343 4511 καὶκατὰ
2363 4456 2459 4529 τὴν
2482 4458 2723 4528 ἱστορίαν
2741 4460 2882 4512 εἴποι
2906 4459 2972 4514 ἄν
2999 4477 3083 4523 τις
3114 4461 3515 4530 πεπληρῶσθαι
3536 4504 3553 4527 ,
3580 4464 3675 4519 ὅτι

2091 4543 2171 4613 εἴς
2198 4548 2305 4603 τῶν
2335 4552 2680 4622 στρατιωτῶν
2699 4592 2714 4616 ,
2773 4553 2915 4606 κατά
2941 4553 3031 4606 τὸν
3057 4553 3451 4627 εύαγγελιστὴν
3490 4558 3679 4613 Ἰωάν-

2090 4658 2218 4712 νην,
2252 4642 2345 4696 τοῦ
2375 4644 2547 4715 ἀμνοῦ
2588 4645 2681 4699 τοῦ
2712 4644 2845 4698 Θεοῦ
2877 4644 3042 4717 λόγχῃ
3079 4645 3177 4717 τὴν
3206 4646 3452 4719 πλευρὰν
3480 4650 3636 4718 Ενυξε
3656 4691 3675 4711 .

2091 4736 2184 4789 καὶ
2210 4735 2431 4807 ἐξῆλθεν
2462 4737 2625 4801 εὐθὺς
2654 4737 2797 4810 ὕδωρ
2825 4739 2924 4792 καὶ
2951 4733 3109 4809 αἷμα.
3143 4758 3162 4791 ι
3225 4739 3373 4811 Πλὴν
3403 4741 3548 4796 ἀλλὰ
3579 4745 3678 4800 καὶ

2088 4825 2187 4897 τὴν
2234 4827 2359 4897 ὃλην
2386 4829 2485 4900 τῆς
2513 4830 2885 4900 πνευματικῆς
2918 4830 3131 4899 φύσεως
3174 4831 3445 4904 νέκρωσιν
3477 4833 3677 4905 δηλοῦν

2089 4917 2231 4972 ἔοικε
2249 4917 2315 4971 δι’
2335 4914 2408 4972 ὧν
2432 4936 2592 4992 φησιν
2612 4937 2626 4950 ·
2651 4940 2667 4971 ι
2693 4921 2834 4974 Ὠσεὶ
2852 4920 2997 4994 ὕδωρ
3015 4920 3296 4993 ἐξεχύθην,
3317 4925 3416 4977 καὶ⁵
3433 4924 3678 4998 διεσκορ-

2087 5008 2253 5078 πίσθη
2280 5008 2460 5063 πάντα
2491 5010 2558 5063 τὰ
2590 5011 2723 5064 ὀστᾶ
2775 5028 2899 5080 μου.
2954 5012 3217 5083 Ἐγενήθη
3263 5013 3297 5083 ἡ
3338 5014 3544 5086 καρδία
3570 5032 3673 5086 μου

2085 5097 2217 5151 ὡσεὶ
2268 5098 2436 5172 κηρὸς
2481 5099 2779 5171 τηκόμενος
2826 5103 2884 5156 ὲν
2944 5102 3092 5174 μέσῳ
3137 5101 3240 5172 τῆς
3295 5103 3509 5169 κοιλίας
3545 5123 3670 5176 μου.

2098 5189 2397 5261 Ἐξηράνθη
2432 5190 2507 5255 ὡς
2539 5190 2803 5263 ὄστρακον
2837 5195 2871 5264 ἠ
2901 5192 3053 5263 ἰσχύς
3093 5211 3226 5265 μου,
3251 5194 3346 5248 καὶ
3384 5196 3420 5266 ἡ
3446 5196 3675 5264 γλῶσσά

2091 5298 2192 5354 μου
2221 5282 2540 5353 κεκόλληται
2589 5282 2667 5354 τῷ
2698 5283 2929 5357 λάρυγγί
2959 5301 3080 5356 μου.
3110 5305 3131 5336 ι
3211 5285 3279 5340 Τί
3306 5286 3418 5361 γὰρ
3448 5289 3517 5342 ἂν
3545 5288 3672 5343 ἄλλο

2087 5373 2260 5427 ταῦτα
2290 5373 2467 5428 πάντα
2495 5375 2746 5447 σημαίνοι
2793 5377 2826 5447 ἢ
2858 5376 3050 5448 νεκροῦ
3084 5375 3339 5448 σώματος
3370 5378 3671 5446 σύστασινς

2102 5465 2383 5538 Ἐπιφέρει
2417 5465 2548 5534 γοῦν
2579 5465 2741 5532 εὐθὺς
2771 5466 2981 5537 λέγων⁴
3038 5489 3060 5520 ι
3082 5470 3192 5525 Καὶ
3223 5472 3305 5536 είς
3337 5470 3470 5543 χοῦν
3504 5473 3672 5529 θανά-

2083 5573 2181 5612 του
2202 5558 2514 5632 ωτήγαγές
2548 5576 2638 5632 με.
2663 5580 2686 5613 ι
2717 5560 2901 5617 Ταῦτα
2927 5561 3030 5634 μὲν
3054 5561 3209 5625 οὔπω
3238 5565 3511 5637 γενόμενα
3538 5581 3671 5640 προ-
