3856 6222
154 316 253 372 781

1033 320 1690 379 DEMONSTRATIONIS
1734 321 2194 378 EVANGELICE
2230 321 2364 377 LIB.
2408 321 2480 380 Χ.

3306 321 3412 379 ’ἴω

153 435 395 503 ϐλέπων,
448 438 524 502 ὡς
550 438 717 508 ἐγγὺς
747 438 803 492 δὲ
834 438 928 493 καὶ
958 438 1182 509 πλησίον
1210 439 1311 514 ἠδη
1340 438 1549 499 ἑστῶτα
1568 479 1584 502 ,
1635 439 1732 493 καὶ

1832 438 1938 494 hoc
1969 438 2146 508 ipsum
2173 435 2251 490 illi
2305 436 2623 492 tcstilicanti
2650 434 2850 492 credo:
2885 449 3016 490 nam
3040 432 3174 489 illud
3208 448 3224 491 ι
3258 449 3280 485 ι
3305 431 3409 498 Eli,

155 528 582 600 περικυκλοῦντα
612 530 772 585 αὑτὸν
793 571 809 594 ,
863 530 1067 599 ἔλεγεν.
1100 526 1266 596 Αὖθις
1292 531 1349 584 δὲ
1379 528 1733 586 ἐπαναλαϐὼν

153 620 225 675 τὰ
254 619 352 693 ἤδη
387 622 860 694 προπεπραγμένα
894 623 973 686 εἰς
1003 622 1102 693 τὴν
1124 621 1231 675 τῶν
1264 621 1562 693 μελλόντων
1597 640 1735 693 συμ-

154 712 415 785 ϐήσεσθαι
445 714 796 787 παραμυθίαν
818 756 833 778 ,
862 708 951 768 οἷα
985 714 1274 786 ὑπέμεινεν
1306 714 1729 780 ἐπιϐουλευθεὶς,

151 805 394 861 διδάσκει
426 806 620 875 λέγων·
661 826 680 857 ι
712 808 831 860 Ὅτι
866 807 1179 862 ἐκύκλωσαν
1224 825 1292 879 με
1330 807 1491 872 κύνες
1526 807 1729 873 πολλοὶ,

154 898 441 970 συναγωγὴ
470 898 913 969 πονηρευομένων
935 899 1220 970 περιέσχον
1243 917 1309 971 με
1329 919 1341 930 ·
1357 920 1376 952 ι
1398 899 1485 953 διὰ
1505 898 1729 965 τούτων,

151 991 230 1057 ὡς
255 991 402 1055 εἰκὸς
420 1032 435 1054 ,
456 990 631 1061 δηλῶν
656 989 789 1061 ὁμοῦ
817 992 915 1061 μὲν
943 991 1038 1045 καὶ
1058 992 1182 1056 τοὺς
1206 990 1540 1063 στρατιώτας
1559 1031 1573 1053 ,
1595 990 1730 1064 ὁμοῦ

152 1082 216 1138 δὲ
239 1084 335 1137 καί
364 1084 489 1145 τοὺς
517 1085 583 1136 ἐκ
616 1082 916 1154 περιτομῆς
950 1083 1357 1148 ἐπαναστάντας
1390 1082 1559 1153 αὑτῷ.
1629 1104 1647 1136 ι
1668 1084 1731 1137 Oi

156 1175 255 1246 μὲν
283 1175 394 1246 γὰρ
416 1173 743 1247 στρατιῶται
768 1175 859 1228 τοῦ
883 1174 1113 1229 Πιλάτου
1139 1216 1154 1240 ,
1208 1175 1613 1248 παραλαϐόντες
1639 1176 1732 1231 τὸν

164 1264 371 1337 Ἰησοῦν
398 1266 477 1330 εἰς
504 1266 566 1320 τὺ
595 1264 950 1338 πραιτώριον,
979 1268 1282 1339 συνήγαγον
1303 1268 1432 1341 ὅλην
1452 1268 1550 1340 τὴν
1575 1271 1730 1323 σπεί-

155 1374 252 1430 ραν
278 1358 365 1412 ἐπ’
392 1358 572 1414 αὐτόν.
623 1358 733 1412 Καὶ
760 1358 1080 1424 ἐκδύσαντες
1110 1360 1292 1424 αὑτὸν,
1321 1360 1567 1432 χλαμύδα
1599 1380 1731 1417 κοκ-

152 1449 310 1518 κίνην
334 1448 666 1522 περιέθηκαν
694 1448 861 1519 αὑτῷ,
927 1451 1038 1505 Καὶ
1072 1449 1361 1517 πλέξαντες
1387 1452 1644 1521 στέφανον
1671 1453 1732 1519 ἐξ

149 1539 400 1595 ἀκανθῶν
422 1540 694 1611 ἐπέθηκαν
721 1542 813 1596 ἐπὶ
836 1542 934 1613 τῆς
957 1542 1197 1612 κεφαλῆς
1224 1542 1387 1597 αὑτοῦ
1408 1584 1423 1608 ,
1454 1545 1549 1598 καὶ
1572 1544 1733 1600 κάλαρ

153 1648 254 1701 μον
285 1632 344 1684 ἐν
366 1634 434 1703 τῇ
459 1633 602 1703 χειρὶ
630 1634 814 1689 αὑτοῦ.
890 1634 996 1688 Καὶ
1020 1636 1492 1705 γονυπετήσαντες
1521 1634 1731 1707 ἔμπρο-

151 1721 278 1776 σθεν
306 1724 373 1777 αὑ
386 1723 491 1790 τοῦ,
514 1725 795 1790 ἐνέπαιζον
845 1725 995 1798 αὑτῷ
1034 1725 1281 1795 λέγοντες
1306 1742 1319 1757 ⁸
1362 1728 1556 1798 Χαῖρε,
1579 1728 1609 1780 ό
1635 1727 1731 1798 βα-

1836 528 1945 592 Eli,
1983 529 2185 583 lamma
2239 525 2620 588 sabacbthani,
2645 547 2665 578 ι
2702 527 2845 596 quod
2880 528 2950 582 ah
2988 528 3109 598 ipso
3157 525 3211 580 in
3243 540 3410 582 cruce

1833 619 2041 673 dictum
2074 627 2179 682 est,
2216 630 2428 672 necnon
2474 631 2507 672 a
2559 616 2769 686 psalmo
2798 616 3118 687 prophetico
3156 617 3413 674 enuntia-

1834 717 1970 772 tum,
2005 710 2242 778 itemque
2272 705 2417 778 quod
2446 704 2667 762 amictio
2695 721 2863 776 prope
2895 706 3139 773 adesset,
3170 715 3226 762 et
3263 706 3412 777 quod

1834 814 1943 854 non
1970 806 2116 854 esset
2148 798 2242 869 qui
2294 797 2579 867 adjuvaret
2610 836 2626 860 ,
2681 796 2814 866 quid
2842 797 3062 852 tandem
3118 797 3224 853 sibi
3262 799 3410 855 aliud

1831 890 2044 953 volunt,
2071 904 2232 960 quam
2267 888 2413 961 quod
2443 900 2701 960 tanquam
2747 904 2977 960 magnus
2996 897 3268 953 certator,
3299 898 3413 944 lant

1832 981 2020 1038 multis
2076 981 2353 1049 tantisque
2410 982 2744 1039 adversariis
2798 983 2915 1053 ipse
2956 982 3413 1049 essetobjcctus,

1833 1075 2090 1146 praefecto
2111 1076 2233 1145 ejus
2251 1076 2571 1132 certaminis
2606 1084 2662 1131 et
2711 1076 2884 1131 totius
2910 1076 3111 1147 negotii
3138 1077 3412 1148 guberna-

1829 1174 1952 1221 tore
1984 1182 2243 1238 supremo
2271 1167 2515 1222 omnium
2542 1164 2692 1220 Deo?
2727 1164 3014 1235 praesident
3046 1180 3177 1235 ergo
3228 1180 3409 1220 rerum

1834 1260 2197 1330 gerendarum
2237 1270 2400 1330 atque
2422 1273 2761 1315 assessorem
2813 1259 3142 1329 precabatur
3168 1256 3408 1321 Patrem,

1834 1358 1894 1407 ut
1948 1352 2106 1422 quasi
2164 1350 2534 1422 peritissimus
2579 1350 2789 1420 Aliptes
2844 1350 2949 1406 sibi
3008 1350 3229 1407 adesset
3280 1357 3413 1404 tunc

1832 1445 2090 1507 maxime,
2122 1459 2247 1498 cum
2279 1445 2421 1500 alius
2448 1444 2551 1515 ipsi
2578 1444 2799 1513 adjutor
2823 1443 3018 1498 adesse
3052 1450 3266 1515 poterat
3287 1442 3412 1497 nul-

1831 1535 1939 1598 lus,
1978 1545 2176 1606 przrter
2206 1553 2373 1591 unum
2399 1537 2577 1607 ipsum
2601 1536 2696 1605 qui
2714 1537 2884 1590 totius
2908 1536 3110 1606 negotii
3128 1542 3276 1591 esset
3304 1551 3412 1606 gu—v

1830 1626 2111 1682 bernator.
2144 1625 2412 1693 Quocirca
2441 1627 2570 1682 dum
2596 1634 2741 1692 orat,
2773 1627 2854 1683 sic
2878 1628 2955 1681 ait
2982 1643 2997 1679 :
3026 1644 3051 1678 ι
3082 1625 3160 1683 Ne
3185 1626 3410 1683 recedas

1833 1733 1865 1773 a
1898 1735 2006 1784 me,
2042 1720 2301 1790 quoniam
2330 1720 2549 1776 alllictio
2585 1736 2759 1793 prope
2801 1721 2984 1784 adest.
3013 1721 3274 1792 quoniam
3300 1736 3410 1776 non

148 1814 330 1875 σιλεὺς
363 1814 473 1869 τῶν
513 1816 799 1875 Ἰουδαίων.
879 1791 989 1872 Kal.
1027 1791 1404 1886 ἐμπτύσαντες
1436 1791 1516 1885 είς
1542 1791 1726 1883 αὑτὸν,

1831 1821 1916 1868 est
1945 1813 2038 1883 qui
2075 1811 2313 1882 adjuvet.
2347 1833 2366 1866 ι
2402 1791 2613 1869 Divinis
2641 1791 2825 1869 autem
2874 1791 3120 1868 oraculis
3152 1827 3406 1877 cernens.

146 1906 341 1963 ἔλαϐον
384 1908 475 1961 τὸν
505 1909 746 1981 κάλαμον
775 1950 790 1975 ,
846 1911 940 1964 καὶ
972 1911 1201 1965 ἔτυπτον
1234 1916 1313 1977 είς
1358 1913 1459 1986 τὴν
1488 1914 1728 1988 κεφαλὴν

146 1999 335 2054 αὑτοῦ.
400 2002 508 2056 Καὶ
557 2003 645 2057 ὅτε
683 2002 970 2071 ἐνέπαιξαν
1008 2004 1197 2077 αὑτῷ,
1257 2007 1514 2074 ἐξέδυσαν
1568 2010 1729 2064 αὑτὸν

145 2091 247 2163 τὴν
287 2092 532 2163 χλαμύδα
561 2134 576 2158 ,
612 2095 706 2148 καὶ
737 2095 990 2150 ἐνέδυσαν
1017 2097 1181 2151 αὑτὸν
1211 2098 1279 2152 τὰ
1308 2099 1500 2169 ἱμάτια
1522 2101 1687 2156 αὑτοῦ
1710 2119 1726 2133 ⁸

146 2186 242 2238 καὶ
279 2186 567 2255 ἀπήγαγον
604 2187 765 2240 αὑτὸν
803 2189 883 2252 εἰς
924 2188 987 2242 τὸ
1027 2189 1360 2263 σταυρῶσαυ
1394 2210 1412 2243 ι
1450 2195 1731 2264 μονονουχὶ

144 2275 296 2347 ἔργῳ
358 2276 690 2348 πληροῦντες
737 2278 798 2333 τδ
822 2320 838 2344 ,
908 2299 927 2331 ι
955 2282 1078 2336 Ὅτι
1110 2282 1427 2339 ἐκύκλωσαν
1464 2302 1532 2355 με
1569 2285 1732 2351 κύνες

148 2366 370 2430 πολλοὶ,
406 2367 693 2440 συναγωγὴ
748 2374 1196 2444 πονηρευομένων
1226 2376 1515 2447 περιέσχον
1576 2394 1676 2448 με’
1704 2396 1723 2429 ι

146 2458 283 2510 an
318 2459 412 2514 καὶ
453 2458 536 2524 τὸ,
593 2479 611 2510 ι
640 2460 876 2532 Ὄρυξαν
909 2463 1097 2535 χεῖράς
1134 2483 1235 2535 μου
1272 2466 1367 2521 καὶ
1400 2467 1567 2532 πόδας
1603 2485 1728 2539 μου,

145 2548 523 2626 ἐξηρίῦμησαν
580 2555 757 2608 πάντα
809 2555 879 2608 τὰ
931 2556 1066 2611 ὀστᾶ
1119 2575 1219 2629 μου
1244 2577 1257 2591 υ
1296 2578 1314 2610 ι
1368 2558 1463 2613 καὶ
1518 2560 1598 2613 ἔτι
1644 2561 1727 2626 τὸ,

153 2664 174 2699 ι
206 2647 372 2701 Αὐτοὶ
421 2647 478 2701 δέ
524 2647 860 2720 κατενόησαν
909 2649 1003 2702 καὶ
1048 2651 1260 2704 ἐπείδόν
1303 2669 1403 2722 με,
1437 2671 1456 2703 ι
1508 2653 1602 2706 καὶ
1633 2652 1727 2716 τὸ,

150 2759 174 2793 ι
205 2741 597 2813 Διεμερίσαντο
637 2741 707 2795 τὰ
746 2742 941 2812 ἱμάτιά
972 2760 1073 2814 μου
1115 2745 1347 2808 ἑαυτοῖς,
1383 2744 1476 2797 καὶ
1514 2745 1608 2797 ἐπὶ
1637 2744 1729 2798 τὸν

144 2833 440 2905 ἱματισμόν
466 2851 569 2906 μου
596 2834 786 2889 ἔϐαλον
810 2835 1032 2907 κλῆρον,
1056 2855 1077 2887 ι
1114 2832 1267 2901 αὖθις
1292 2835 1614 2909 ἐπληροῦτο,
1638 2838 1728 2893 ὅτε

143 2926 298 2997 ἥλοις
325 2925 490 2979 αὑτοῦ
527 2926 627 2990 τὰς
657 2930 846 2999 χεῖρας
885 2927 981 2982 καὶ
1017 2928 1145 2992 τοὺς
1179 2928 1343 2993 πόδας
1384 2927 1463 2998 τῷ
1508 2926 1728 3000 σταυρῷ

144 3019 503 3089 κατέπειραν,
546 3020 639 3073 καί
676 3019 913 3091 ὁπηνίκα
944 3018 1013 3073 τὰ
1044 3018 1234 3091 ίμὰτια
1273 3019 1438 3073 αὑτοῦ
1471 3019 1727 3084 λαϐόντες

141 3110 528 3182 διεμερίσαντο
588 3111 818 3174 ἑαυτοῖς.
893 3111 953 3164 '0
1013 3108 1147 3179 γοῦν
1205 3110 1458 3180 Ἰωάννης
1519 3112 1725 3182 ἱστορεῖ

1828 1901 2161 1956 cmnadhuc
2193 1902 2266 1955 illi
2318 1906 2518 1972 c‘orpus
2566 1902 2622 1958 in
2658 1902 2806 1973 ligno
2857 1909 3005 1960 esset
3055 1918 3408 1974 suspensum,

1828 1993 2177 2048 extrinsecus
2208 1994 2419 2048 circum
2470 1993 2618 2051 hunc
2652 2006 2834 2050 aerem
2889 2002 3176 2052 versantes
3225 1994 3411 2051 incor-

1831 2099 2026 2156 pereas
2052 2095 2105 2140 et
2135 2085 2451 2142 hominibus
2479 2086 2782 2143 invisibiles
2802 2094 3125 2158 potestates.
3148 2104 3270 2159 qua:
3297 2089 3410 2144 cir-

1830 2193 1956 2232 cum
1988 2178 2167 2248 ipsum
2203 2180 2362 2250 quasi
2394 2178 2702 2234 crudivorze
2729 2196 2859 2237 aves
2886 2189 2940 2236 et
2976 2180 3101 2236 ferte
3150 2181 3409 2238 advolve-

1829 2267 2050 2330 bantur,
2075 2277 2129 2323 et
2156 2268 2221 2322 ad
2253 2276 2527 2323 mortuum
2557 2270 2668 2325 cito
2699 2269 2943 2324 futurum
2986 2270 3159 2340 ipsius
3185 2285 3409 2340 corpus,

1829 2359 2072 2429 undique
2103 2358 2441 2415 conﬂuentes
2474 2360 2815 2430 principatus
2848 2367 2902 2415 et
2935 2368 3233 2431 potestates
3265 2353 3409 2416 aerl's

1828 2449 1996 2519 hujus
2032 2465 2096 2505 ac
2120 2450 2365 2521 spiritus,
2396 2450 2487 2521 qui
2507 2467 2652 2505 nunc
2673 2450 2967 2506 eﬂicaciam
3008 2467 3162 2508 suam
3190 2461 3409 2511 exercet

1829 2542 1886 2596 in
1920 2542 2045 2598 liliis
2072 2545 2455 2603 contumaciae.
2486 2558 2584 2598 nec
2613 2558 2722 2598 non
2756 2544 2905 2598 circa
2940 2551 3142 2597 terram
3193 2558 3289 2612 per
3320 2550 3408 2597 to?

1828 2641 1946 2690 tuan
1979 2634 2188 2697 orbem,
2220 2635 2313 2705 qui
2351 2634 2607 2690 incoltur
2650 2634 2721 2689 ab
2772 2633 3087 2691 hominibus
3119 2635 3408 2690 volitantes

1830 2725 2130 2789 daemones,
2156 2726 2420 2782 credibile
2444 2732 2627 2781 autem
2657 2734 2742 2782 est
2773 2725 2976 2782 vidisse
3006 2724 3250 2783 infernas
3279 2743 3407 2797 quo-

1830 2833 1940 2888 que
1978 2832 2041 2872 ac
2073 2824 2340 2872 tartareas
2368 2817 2577 2873 belluas
2611 2825 2857 2887 agrestes
2893 2826 3061 2887 atque
3081 2816 3407 2877 formidabis

1828 2907 1931 2971 les,
1960 2908 2027 2963 de
2049 2908 2250 2979 quibus
2292 2907 2492 2973 lsaias,
2519 2907 2586 2962 ad
2613 2923 2736 2967 eum
2766 2908 2858 2978 qui
2883 2909 2950 2964 de
2970 2909 3112 2964 caelo
3134 2909 3407 2973 ceciderat

1828 2997 2144 3056 Luciferum
2194 3014 2503 3055 sermonem
2560 2999 2866 3060 intendens.
2912 3000 2984 3055 ita
3039 3000 3403 3073 loquebatur:

1834 3111 1854 3147 ι
1878 3091 2129 3148 lnfernus
2162 3090 2351 3146 subter
2388 3092 2747 3146 conturbatus
2784 3091 2945 3147 estin
2975 3107 3266 3148 occursum
3313 3095 3409 3148 ad.

141 3201 347 3272 λέγων·
387 3219 405 3251 ι
437 3202 498 3254 Οἱ
535 3196 627 3255 οὖν
674 3198 1039 3273 στρατιῶται,
1090 3200 1179 3255 ὅτε
1229 3200 1581 3273 ἐσταύρωσαν
1632 3202 1724 3256 τὸν

1828 3195 2024 3241 ventus
2046 3183 2414 3246 tui,suscitati
2440 3185 2678 3240 sunttibi
2707 3200 2901 3240 omnes
2931 3185 3179 3256 gigantes
3207 3205 3220 3241 :
3249 3206 3268 3239 ι
3292 3187 3408 3245 lucc

153 3291 402 3364 Ἰησοῦν,
456 3290 646 3346 ἔλαϐον
692 3291 762 3347 τὰ
818 3294 1008 3365 ἱμάτια
1057 3292 1257 3356 αὑτοῦ,
1318 3294 1410 3347 καὶ
1463 3294 1726 3365 ἐποίησαν

142 3383 389 3456 τέσσαρα
418 3384 579 3455 μέρη,
608 3383 823 3456 ἑκάστῳ
854 3384 1160 3459 στρατιώτῃ
1188 3384 1370 3457 μέρος.
1392 3386 1496 3438 Τὸν
1524 3385 1726 3457 χιτῶνα

142 3474 224 3539 δέ,
254 3475 337 3529 ὅτι
363 3476 609 3547 ἄρῤαφος
635 3471 725 3548 ἦν,
758 3477 824 3529 ἐκ
848 3476 956 3529 τῶν
983 3476 1189 3531 ἄνωθεν
1218 3477 1453 3547 ὑφαντὸς
1480 3477 1547 3531 δι’
1577 3478 1723 3544 ὅλου,

143 3562 303 3623 εἷπον
348 3567 483 3639 πρὸς
528 3566 789 3639 ἀλλήλους
810 3584 825 3598 ο
1016 3568 1291 3639 σχίσωμεν
1343 3568 1528 3632 αὑτὸν,
1589 3568 1726 3622 ἀλλὰ

142 3658 400 3731 λάχωμεν
444 3658 571 3732 περὶ
622 3658 787 3714 αὑτοῦ
834 3660 978 3724 τίνος
1002 3659 1186 3726 ἐσται,
1240 3661 1327 3715 ἵνα
1368 3658 1628 3732 πληρωθῇ
1688 3660 1723 3730 ἡ

143 3750 189 3805 Γ
191 3750 340 3823 ραφὴ
370 3752 403 3821 ἡ
427 3750 660 3819 λέγουσα
681 3768 695 3782 ο
727 3752 1116 3824 Διεμερίσαντο
1141 3753 1210 3806 τὰ
1241 3752 1432 3824 ἱμάτιά
1462 3771 1564 3825 μου
1592 3755 1724 3806 ἐαυο

140 3843 261 3906 τοῖς
280 3880 294 3905 ,
339 3841 433 3897 καὶ
475 3842 569 3894 ἐπὶ
613 3839 707 3895 τόν
755 3842 1045 3913 ἱματισμόν
1106 3859 1208 3912 μου
1263 3841 1453 3896 ἔϐαλον
1500 3841 1722 3913 κλῆρον.

143 3933 211 3987 Οἱ
280 3933 381 4004 μὲν
444 3929 537 3988 οὖν
608 3934 937 4006 στρατιῶται
996 3933 1166 3989 ταῦτα
1226 3934 1465 3989 ἐποίουν.
1514 3953 1535 3986 ι
1616 3935 1727 3988 Καὶ

141 4022 426 4089 Ματθαῖος
468 4024 526 4078 δὲ
568 4028 681 4090 τοῖς
720 4025 1105 4097 γεγενημένοις
1151 4025 1342 4081 τοῦτον
1386 4027 1477 4081 τὸν
1524 4028 1726 4099 τρόπον

144 4120 423 4190 μαρτυρεῖ
450 4116 654 4186 λέγων·
707 4136 726 4168 ι
761 4116 1181 4190 Σταυρὼσαντες
1222 4118 1278 4172 δὲ
1316 4119 1499 4183 αὑτὸν,
1544 4118 1728 4191 διεμει-

141 4209 372 4282 ρίσαντο
397 4208 465 4261 τὰ
503 4209 692 4279 ἱμάτια
716 4209 905 4273 αὑτοῦ,
934 4209 1185 4281 βαλόντες
1210 4210 1430 4283 κλῆρον,
1461 4212 1547 4266 ἴνα
1584 4211 1726 4283 πλη-

140 4293 298 4369 ρωθῇ
333 4294 395 4348 τὺ
426 4294 589 4367 ῥηθὲν
627 4295 714 4350 δια
748 4296 842 4350 τού
878 4299 1160 4369 προφήτου
1182 4314 1195 4328 ⁸
1229 4301 1615 4373 Διεμερίσαντο
1656 4302 1727 4357 τὰ

141 4386 345 4458 ἱμάτια
392 4403 492 4458 μου
536 4389 745 4452 ἑαυτοῖς
770 4428 786 4452 ,
846 4391 938 4443 καὶ
990 4391 1083 4445 ἐπὶ
1128 4393 1219 4446 τὸν
1274 4393 1568 4464 ἱματισμόν
1622 4411 1723 4464 μου

136 4478 339 4573 ἔϐαλον
372 4479 620 4573 κλῆρον’
671 4482 773 4573 ut
822 4482 1124 4555 καθήμενοι
1185 4486 1416 4557 ἐτήρουν
1459 4486 1643 4543 αὐτόν.
1699 4506 1719 4539 ι
1758 4519 1800 4573 ι)

137 4572 324 4635 Κὺνες
364 4570 424 4629 δὲ
464 4568 605 4643 ἦσαν
656 4572 981 4639 κυκλοῦντες
1031 4576 1225 4640 αὑτὸν,
1282 4578 1377 4631 καὶ
1432 4576 1721 4651 συναγωγὴ

134 4661 614 4733 πονηρευομένων,
651 4664 700 4717 οἱ
732 4666 797 4718 ἐκ
822 4666 1125 4739 περιτομῆς
1152 4668 1414 4739 ἄρχοντες
1445 4670 1553 4725 τῶν
1590 4672 1722 4725 Ἰου-

132 4752 332 4816 δαίων,
373 4755 519 4808 οἵτε
556 4760 902 4828 γραμματεῖς
956 4760 1048 4812 καὶ
1094 4761 1144 4813 oi
1182 4761 1489 4833 ἀρχιερεῖς,
1535 4765 1627 4818 καὶ
1671 4766 1719 4818 οὶ

132 4844 448 4915 Φαρισαῖοι,
477 4846 527 4898 οἱ
560 4846 651 4899 καὶ
690 4848 752 4900 τὸ
781 4849 888 4901 πᾶν
929 4849 1313 4916 ἀνασ;ίσαντες
1344 4851 1545 4923 πλῆθος
1575 4851 1717 4918 eam.

131 4935 412 5009 τήσασθαι
443 4934 510 4995 ’τὸ
535 4934 674 5010 αἷμα
705 4941 870 4997 αὑτοῦ
900 4940 1023 4997 καθ’
1046 4944 1254 4997 ἑαυτῶν
1292 4946 1387 4999 καὶ
1425 4946 1569 5002 κατὰ
1611 4946 1720 5000 τῶν

133 5026 290 5082 ίδιων
330 5030 555 5086 τέκνων.
595 5033 787 5103 Σαφῶς
814 5033 946 5102 γοῦν
988 5036 1018 5088 ὁ
1049 5035 1276 5101 Ἡσαΐας
1322 5037 1490 5101 κύνας
1522 5038 1722 5101 αὐτοὺς

134 5120 412 5176 ἀποκαλεί
453 5124 679 5192 φάσκων
695 5142 713 5160 -·
771 5144 789 5176 ι
824 5128 1032 5191 Πάντες
1076 5127 1236 5192 κύνες
1277 5130 1438 5193 ἐνεοὶ,
1468 5130 1528 5184 οὑ
1555 5130 1717 5185 δυνάσ-

132 5230 295 5285 μενοι
335 5213 603 5274 ὑλακτεῖν.
636 5236 654 5267 ι
696 5218 827 5272 Δέον
862 5219 970 5291 γὰρ
1007 5220 1228 5285 αὐτοὺς,
1261 5222 1310 5275 εί
1351 5224 1443 5276 καὶ
1472 5224 1546 5295 μὴ
1594 5240 1716 5276 ποι-

131 5302 322 5375 μένων
356 5303 553 5375 τρόπον
586 5307 964 5378 ἀνειλήφεσαν,
1003 5308 1138 5364 ἀλλὰ
1162 5310 1323 5383 δίκην
1347 5312 1476 5381 γοῦν
1492 5314 1716 5382 ἀγαθῶν

129 5395 343 5457 κυνῶν,
381 5396 482 5468 τὴν
521 5396 617 5454 τοῦ
660 5398 916 5456 δεσπότου
961 5400 1185 5474 λογικὴν
1230 5403 1466 5475 ποίμνην
1512 5406 1607 5459 καὶ
1648 5405 1721 5460 τὰ

127 5487 390 5561 πρόϐατα
412 5488 508 5543 τοῦ
537 5490 688 5547 οἴκου
723 5492 940 5567 Ἰσραὴλ
985 5495 1370 5567 φυλάττοντας,
1416 5499 1718 5572 ἐπιστημο-

124 5579 308 5645 νικῶς
340 5579 615 5648 ὑλακτεῖν,
654 5581 936 5650 σαίνοντας
976 5588 1075 5659 μὲν
1113 5590 1209 5648 καὶ
1249 5589 1718 5659 ἐπιγινώσκοντας

242 5759 295 5793 ⁸⁸
330 5758 487 5818 Joan.
523 5778 653 5828 ιιι.
684 5763 774 5823 δι.

1830 3278 2013 3348 itaque
2044 3278 2228 3333 omnia
2258 3278 2643 3350 conspiciens,
2676 3294 2834 3333 suum
2878 3279 3227 3334 extrinsecus
3254 3279 3406 3337 cruci

1829 3369 2045 3425 allixum
2066 3386 2269 3442 corpus
2297 3372 2350 3425 in
2388 3371 2574 3426 orbem
2608 3369 2909 3441 cingentia,
2943 3385 3111 3442 seque
3141 3371 3405 3427 adversus

1830 3463 2008 3533 ipsum
2039 3464 2416 3534 comparantia
2446 3463 2849 3517 multitudinem
2893 3478 3086 3518 eorum
3120 3464 3404 3520 cometam

1827 3554 2110 3619 describit,
2145 3556 2226 3610 sic
2251 3556 2486 3616 dicens;
2526 3574 2544 3607 ι
2584 3554 3084 3611 Circumdederunt
3129 3572 3218 3612 me
3251 3558 3405 3612 vituli

1826 3647 2011 3711 multi,
2040 3648 2186 3703 tauri
2233 3648 2463 3718 pingues
2515 3648 2851 3705 obsederunt
2899 3664 3006 3705 nte.
3058 3648 3406 3720 Aperueruot

1826 3752 1994 3808 super
2012 3753 2099 3792 me
2119 3753 2181 3792 os
2209 3753 2392 3801 suum,
2418 3747 2476 3793 ut
2496 3739 2583 3793 leo
2614 3739 2837 3810 rapiens
2855 3747 2909 3795 et
2940 3740 3178 3812 rugiens.
3208 3763 3227 3796 ι
3246 3740 3407 3816 506

1828 3829 2038 3885 Etenim
2063 3830 2196 3887 dum
2224 3832 2483 3892 animam,
2515 3840 2575 3886 ut
2606 3846 2706 3901 par
2739 3838 2845 3893 est,
2881 3833 3174 3891 [tumeliam
3210 3842 3265 3889 et
3299 3850 3407 3889 ca:-

1827 3923 1961 3979 teris
1989 3924 2222 3979 similem
2260 3938 2361 3980 nec
2389 3924 2627 3994 amplius
2660 3933 2918 3994 praeterea
2956 3925 3249 3996 quidquam
3280 3942 3405 3984 esse

1826 4015 2185 4078 arbitrantur,
2216 4016 2359 4086 quod
2409 4016 2464 4070 in
2505 4011 2735 4086 corpore
2772 4015 2902 4074 «Iesu
2951 4018 3252 4082 habitabat.
3290 4020 3401 4076 bel-

1826 4108 1952 4172 luze,
1980 4108 2048 4163 de
2078 4108 2280 4178 quibus
2335 4107 2599 4170 diximus,
2644 4118 2976 4184 aperuerunt
3015 4125 3079 4167 os
3130 4127 3313 4177 suum,
3344 4121 3401 4168 ut

1825 4201 2283 4273 quemadmodum
2312 4201 2450 4258 alias
2502 4202 2785 4260 hominum
2839 4205 3052 4261 animas
3105 4221 3401 4282 consueve-

1826 4299 1971 4356 rant,
2008 4294 2083 4347 ita
2130 4293 2294 4349 etiam
2342 4293 2486 4349 hanc
2540 4294 2890 4359 devorarent,
2943 4308 3275 4367 quapropter
3320 4300 3403 4355 sic

1828 4386 1904 4440 ait
1941 4405 1955 4441 :
1998 4406 2017 4438 ι
2053 4386 2399 4457 Aperucrunt
2458 4405 2624 4461 super
2676 4405 2765 4445 me
2800 4406 2868 4446 es
2926 4407 3109 4455 suum,
3142 4400 3400 4457 tanquam

1828 4476 1916 4532 leo
1942 4477 2161 4548 rapiens
2195 4485 2251 4533 et
2286 4480 2528 4549 rugiens,
2562 4498 2580 4531 ι
2637 4482 2840 4551 quibus
2894 4480 3155 4552 deinceps
3208 4481 3404 4551 adjun-

1830 4570 1945 4640 git:
1981 4589 2000 4621 ι
2042 4569 2209 4636 Quasi
2235 4585 2376 4641 aqua
2406 4571 2615 4629 eﬂ‘usus
2645 4588 2788 4636 sum,
2830 4592 2849 4624 ι
2883 4573 3031 4643 quod
3071 4573 3292 4644 quidem
3315 4576 3401 4630 vel

1827 4667 1965 4737 ipsis
1992 4665 2245 4722 sensibus
2268 4666 2476 4735 percipi
2504 4666 2705 4735 potuit,
2735 4673 2900 4735 atque
2953 4666 3182 4722 historia
3241 4667 3400 4723 tidem

1828 4759 2060 4814 faciente
2084 4759 2411 4831 completum
2430 4767 2674 4823 est,cum
2692 4759 2944 4815 videlicet
2969 4774 3114 4814 unus
3140 4759 3397 4825 miiitum,

1830 4859 1891 4905 ut
1914 4857 2000 4906 est
2026 4849 2167 4919 apud
2198 4851 2588 4920 evangelistam
2616 4849 2906 4915 Joannem,
2948 4870 2968 4903 ι
2995 4850 3132 4923 Agui
3158 4850 3250 4907 Dei
3280 4863 3400 4913 lan-

1825 4957 1923 4997 cea
1951 4942 2095 4996 latus
2124 4940 2360 5011 aperuit.
2388 4951 2443 4996 et
2488 4942 2662 4996 exivit
2694 4941 2961 4996 continuo
3015 4957 3154 5012 aqua
3183 4949 3240 4996 ct
3271 4955 3400 4996 san-

1824 5035 1950 5105 guis
1982 5034 2051 5097 ¹⁰,
2091 5052 2110 5085 ι
2147 5032 2244 5089 sed
2276 5041 2456 5092 tamen
2491 5042 2660 5089 totam
2690 5034 2990 5103 spiritualis
3008 5042 3219 5088 natura:
3247 5046 3397 5086 mor~

1825 5124 2178 5180 tilicationem
2225 5123 2537 5194 signiﬁcare
2588 5123 2824 5188 videtur,
2858 5123 2950 5178 ubi
3007 5124 3128 5178 ait:
3169 5140 3189 5175 ι
3228 5122 3399 5189 Quasi

1826 5233 1967 5288 aqua
2009 5217 2216 5273 effusus
2263 5232 2408 5280 sum,
2441 5224 2498 5272 et
2543 5217 2791 5288 dispersa
2841 5223 2972 5271 sunt
3025 5218 3208 5272 omnia
3270 5230 3399 5271 ossa

1824 5324 1964 5365 mea.
2006 5305 2230 5362 Factqu
2275 5318 2362 5363 est
2391 5321 2489 5362 cor
2527 5322 2705 5363 meum
2752 5316 3011 5376 tanquam
3052 5320 3178 5361 cera
3225 5306 3400 5373 lique-.-

1824 5417 1989 5459 scens
2022 5403 2079 5457 in
2113 5398 2293 5456 medio
2321 5399 2528 5454 vent-ris
2574 5399 2702 5457 mei,
2741 5397 2902 5451 Aruit
2944 5404 3206 5468 tanquam
3253 5403 3398 5454 testa

1821 5494 2002 5550 virtus
2031 5509 2168 5559 mea,
2192 5500 2251 5549 et
2279 5492 2463 5564 lingua
2495 5505 2614 5546 mea
2660 5489 2894 5547 adbmsit
2937 5489 3146 5562 gutturi
3189 5503 3331 5548 meo.
3372 5507 3393 5541 ι

1823 5587 1968 5661 Quid
2000 5587 2150 5646 enim
2184 5584 2334 5647 aliud
2383 5584 2607 5648 tandem
2638 5585 2891 5645 universa
2924 5583 3041 5646 hinc
3066 5580 3394 5663 signiﬁcent,
