3856 6222
496 309 607 367 733
1154 307 1422 365 EUSEBll
1457 309 1940 366 CASSABIENSIS
1971 309 2122 366 OPP.
2165 311 2347 367 PARS
2390 314 2452 368 ll.
2487 345 2555 355 --
2588 316 3091 375 AI‘OLOGETICA.
3604 296 3607 297 ν
3648 328 3734 383 784

492 444 658 502 quam
692 442 893 484 mortui
927 427 1175 497 corporis
1210 426 1617 481 conditionem?
1642 425 1870 496 proinde
1919 426 2038 481 illic:

2168 428 2260 483 τὸν
2310 431 2519 485 ἑαυτῶν
2563 431 2830 504 δεσπότην
2884 434 2978 488 καὶ
3028 436 3433 509 ἀρχιποιμένα,
3500 441 3652 516 πάςη
3686 463 3736 499 τε

493 520 744 592 adjungit
775 520 907 574 illud
945 538 959 574 :
1000 538 1019 571 ι
1057 517 1123 572 Et
1151 519 1205 573 in
1232 519 1508 589 pulverem
1561 517 1756 573 mortis
1787 517 2038 572 deduxist

2169 523 2382 595 φυλακῇ
2430 524 2527 596 τὴν
2579 527 3015 599 πεπιστευμένην
3071 505 3271 594 αύτοῖςν
3305 531 3549 605 ποίμνην
3589 505 3737 606 (plpum
3826 505 3827 553 ἦ

492 628 601 669 me.
638 629 658 663 ι
694 610 820 666 Haec
849 610 1014 681 igitur
1037 610 1167 665 dum
1227 610 1475 679 providet
1530 610 1773 664 nondum
1815 609 1978 675 facta,
2006 627 2038 664 u

2167 614 2412 685 ροῦντας,
2441 617 2690 671 ὑλακτεῖν
2722 619 2800 683 δὲ,
2837 621 2886 672 εί
2912 619 3039 691 ἄρα,
3070 621 3212 674 κατά
3253 622 3365 677 τῶν
3396 624 3601 688 ἔξωθεν
3633 630 3737 682 ἑπι-

491 702 838 756 adventaiitia
873 710 1055 756 tamen
1080 708 1134 757 et
1151 700 1217 756 de
1245 705 1492 770 proximo
1517 700 1880 763 imminentia,
1908 712 1962 756 et
1985 716 2038 756 se

2164 703 2528 760 ϐουλευόντων
2565 710 2631 779 τῇ
2662 708 2866 780 ποίμνῃ
2889 726 2903 740 ·
2939 710 2990 762 οἱ
3020 709 3076 763 δὲ
3119 710 3298 765 κυνῶν
3326 713 3533 785 τρόπον
3562 716 3740 783 ὲνεῶν,

489 793 667 864 ipsum
692 792 919 862 jamjam
971 791 1475 855 circumvenientia,
1505 790 1740 846 dicebat.
1795 791 1900 846 Sed
1941 808 2065 846 rur-

488 899 585 941 sus
613 884 859 955 repetitis
890 884 958 940 iis
994 899 1115 954 quae
1136 883 1251 953 jam
1287 890 1447 936 antea
1501 889 1650 953 gesta
1707 890 1856 945 sunt,
1891 891 1946 938 ut
1977 899 2065 939 se-

488 976 666 1046 ipsum
699 976 767 1032 de
800 976 870 1032 iis
896 990 1016 1047 qua:
1057 983 1245 1045 postea
1299 983 1560 1031 eventura
1590 981 1768 1039 erant,
1802 977 2062 1031 consola-

486 1077 661 1130 retur,
696 1083 820 1138 quae
850 1067 1174 1122 sustinuerit
1195 1066 1413 1122 insidiis
1442 1068 1870 1132 circumventus,
1904 1066 2063 1123 docet

484 1159 574 1215 bis
597 1159 780 1215 verbis
811 1178 823 1213 :
862 1177 881 1210 ι
920 1160 1187 1224 Quoniam
1235 1158 1716 1214 circumdederunt
1751 1173 1837 1214 me
1894 1173 2062 1215 canes

484 1251 663 1307 multi.
717 1250 1079 1322 Congregatio
1127 1249 1543 1320 malignantium
1604 1249 1819 1305 obsedit
1870 1265 1993 1305 me:
2034 1268 2053 1303 ι

483 1343 685 1414 quibus
715 1357 850 1399 sane
892 1343 1072 1398 verbis
1117 1348 1233 1395 tum
1288 1342 1440 1412 ipsos
1499 1341 1701 1397 milites
1750 1352 1863 1396 tum
1893 1342 2057 1397 etiam

482 1436 701 1492 Judaeos
750 1437 844 1507 qui
912 1435 969 1490 in
1019 1435 1259 1505 seipsum
1306 1436 1778 1505 conspiraverant.
1827 1434 2059 1505 intelligi

484 1529 619 1583 vult.
663 1526 945 1598 Siquidem
982 1546 1003 1580 ‹
1043 1528 1244 1583 milites
1269 1524 1427 1581 Pilati
1476 1527 1840 1596 suscipientes
1862 1525 2055 1582 Jesum

484 1621 541 1676 in
597 1620 871 1691 pnetorio,
907 1624 1378 1689 congregaverunt
1438 1619 1506 1672 ad
1555 1634 1679 1672 eum
1745 1618 2056 1673 universam

480 1715 783 1771 cohortem.
815 1713 882 1768 Et
913 1723 1173 1769 exuentes
1194 1729 1341 1776 eum,
1372 1712 1709 1784 chlamydem
1738 1710 2054 1767 coccineam

2163 798 2239 863 ὡς
2284 800 2499 870 ἀληθῶς
2532 804 2627 857 καὶ
2676 804 2990 876 μεμηνότων
3035 807 3161 869 τοὺς
3206 807 3487 878 ύλαγμοὺς
3534 811 3739 883 ἔφερον,

2120 926 2123 929 ρ
2162 889 2231 943 τὰ
2265 890 2508 961 πρόϐατα
2541 892 2635 945 τοῦ
2672 892 2928 964 ποιμένος
2978 893 3381 966 ἐξαγριοῦντες,
3419 896 3568 951 ὥστε
3612 900 3741 954 εἰκό-

2161 994 2270 1042 τως
2295 980 2479 1043 αὐτοῖς
2510 981 2769 1051 ἁρμόζειν
2794 982 2884 1035 τό’
2944 1002 2961 1033 ι
2980 984 3443 1055 Περιεκύκλωσάν
3475 1006 3547 1059 με
3592 990 3741 1057 κύνες

2161 1067 2381 1132 πολλοὶ,
2426 1071 2714 1143 συναγωγὴ
2760 1073 3210 1144 πονηρευομένων
3269 1076 3570 1151 περιέσχον
3612 1097 3735 1151 με.ι
3826 1068 3827 1081 “

2160 1160 2270 1213 Καὶ
2306 1161 2507 1225 πάντες
2533 1162 2591 1214 δὲ
2623 1164 2673 1216 οἱ
2715 1166 2794 1227 εἰς
2830 1163 2988 1237 δεῦρο
3012 1164 3102 1219 τὸν
3138 1167 3320 1238 ὅμοιον
3610 1150 3742 1227 εκεί-

2156 1269 2269 1316 νοις
2290 1252 2758 1325 διαπραττόμενοι,
2794 1257 2852 1308 ὲν
2884 1255 2963 1326 τῷ
2995 1256 3331 1331 βλασφημεῖν
3363 1261 3460 1314 καὶ
3496 1262 3743 1317 ὑλακτεῖν

2158 1345 2247 1399 τὸν
2280 1346 2512 1417 Χριστὸν
2549 1346 2641 1399 τοῦ
2672 1346 2828 1409 Θεοῦ,
2858 1349 2957 1400 οὐκ
3000 1346 3065 1402 ἂν
3098 1348 3366 1422 ἀλλότριοι
3398 1353 3637 1407 ἐκείνων
3667 1354 3745 1408 λο-
3826 1374 3827 1422 γ

2156 1434 2410 1504 γισθεῖεν.
2464 1435 2623 1488 Ἀλλά
2668 1437 2760 1489 καὶ
2799 1437 2848 1488 οἱ
2886 1436 3042 1509 δίκην
3087 1437 3195 1490 τῶν
3232 1439 3354 1491 τότε
3394 1440 3745 1494 ἀσεϐούντων

2158 1528 2506 1599 στρατιωτῶν
2550 1527 3013 1601 ἀνασταυροῦντες
3056 1530 3148 1583 τὸν
3171 1530 3296 1584 Υίὸν
3330 1530 3425 1585 τοῦ
3455 1530 3603 1585 Θεοῦ
3656 1533 3745 1587 καὶ

2154 1617 2741 1691 παραδειγματίζοντες
2770 1622 2872 1675 οὐκ
2904 1620 2969 1675 ἂν
2998 1621 3099 1691 τῆς
3130 1622 3354 1676 ἐκείνων
3383 1623 3616 1694 μακρὰν
3652 1624 3717 1693 γέ

2157 1726 2330 1763 νοιντο
2363 1708 2674 1773 διαθέσεως.
2726 1710 2932 1774 Πάντες
2970 1706 3063 1764 οὖν
3106 1711 3271 1764 είσέτι
3324 1712 3425 1765 καὶ
3457 1711 3560 1765 νῦν
3595 1714 3649 1766 ei.
3687 1714 3743 1766 τὺ

475 1808 959 1865 circumdederunt
986 1806 1058 1861 ei.
1109 1805 1175 1859 Et
1207 1806 1502 1883 plectemes
1536 1819 1793 1860 coronam
1844 1803 1910 1857 de
1940 1801 2038 1871 spi-

2157 1796 2315 1868 σῶμα
2345 1798 2440 1851 τοῦ
2467 1798 2724 1869 Χριστοῦ,
2756 1800 3005 1853 τουτέστι
3040 1799 3138 1872 τὴν
3172 1800 3529 1872 Ἐκκλησίαν,
3556 1801 3745 1854 meis-

479 1900 590 1964 nis,
626 1900 1005 1969 imposuerunt
1034 1911 1197 1967 super
1237 1904 1404 1965 caput
1452 1895 1595 1964 ejus.
1641 1902 1697 1951 et
1728 1896 2052 1949 arundinem

478 1992 536 2059 in
567 1991 789 2048 dextera
817 1990 958 2059 ejus.
983 1986 1049 2040 Et
1078 1986 1306 2057 genibus
1336 1986 1491 2040 ﬂexis
1513 1995 1640 2041 ante
1673 2002 1818 2049 eum,
1852 1987 2051 2041 illude-

478 2086 612 2140 bant
640 2084 691 2140 ei
713 2082 961 2138 dicentes
986 2100 998 2136 :
1027 2078 1159 2144 Ave,
1185 2076 1296 2134 Rex
1326 2077 1661 2134 Iudaeorum.
1698 2066 2052 2148 Eteispuen-

475 2185 561 2232 tes
595 2179 650 2231 in
678 2191 824 2239 eum,
857 2181 1186 2243 acceperunt
1218 2171 1564 2236 arundinem,
1588 2181 1641 2225 et
1668 2172 2049 2241 percntiebant

470 2276 641 2340 caput
674 2269 816 2337 ejus.
872 2265 937 2321 Et
987 2274 1273 2336 postquam
1318 2264 1611 2320 illusernnt
1658 2264 1732 2327 ei,
1780 2270 2049 2318 exuerunt

470 2376 600 2416 eum
652 2357 1035 2431 chlamydem,
1110 2364 1165 2411 et
1219 2356 1516 2411 induerunt
1573 2368 1698 2409 eum
1748 2361 2045 2408 vestimen-

472 2461 545 2515 tis
592 2458 712 2513 suis
743 2476 757 2511 :
786 2463 841 2512 et
894 2454 1238 2510 abduxerunt
1264 2469 1390 2509 eum
1420 2459 1478 2507 ut
1506 2449 1887 2518 cruciﬁgerent
1910 2448 1984 2514 “;
2020 2468 2039 2501 ι

472 2548 866 2621 propemodum
918 2561 979 2602 re
1031 2547 1148 2616 ipsa
1193 2548 1528 2614 complentes
1588 2542 1722 2596 illud
1777 2560 1789 2597 :
1831 2560 1851 2593 ι
1889 2540 2041 2608 Quo-

470 2644 619 2698 niam
691 2640 1171 2697 circumdederunt
1228 2653 1316 2693 me
1380 2652 1546 2692 canes
1619 2635 1772 2689 multi
1839 2653 1852 2689 :
1907 2650 2045 2690 con~

468 2736 655 2790 cilium
703 2734 1116 2805 malignantium
1165 2727 1381 2784 obsedit
1432 2742 1538 2782 me.
1598 2746 1617 2778 ι
1677 2724 1837 2796 505
1899 2727 2044 2793 Quin

471 2827 604 2883 illud
653 2827 818 2882 etiam
862 2844 877 2880 :
923 2843 943 2875 ι
995 2821 1275 2878 Foderunt
1318 2834 1514 2874 manus
1556 2833 1708 2873 meas
1757 2826 1813 2873 et
1874 2818 2039 2888 pedes

466 2932 658 2981 meos,
688 2915 1181 2977 dinumeraverunt,
1220 2909 1405 2964 omnia
1467 2924 1593 2964 ossa
1646 2920 1789 2963 mea.
1847 2926 1865 2959 ι
1908 2906 2042 2962 ltem

467 3009 603 3063 illud
646 3027 664 3062 :
715 3026 736 3058 ι
785 3005 893 3077 lpsi
930 3014 1111 3059 autem
1160 3002 1652 3057 consideraverunt
1692 3007 1746 3055 et
1788 2999 2042 3068 inspexe-

464 3108 596 3156 runt
637 3100 693 3154 in
732 3114 851 3160 me.
884 3118 906 3151 ι
939 3105 995 3154 et
1051 3096 1184 3152 illud
1232 3115 1246 3150 :
1285 3114 1305 3148 ι
1349 3093 1665 3149 Diviserunt
1715 3093 2038 3149 vestimenta

464 3206 587 3247 mea
638 3191 767 3254 sibi,
820 3197 876 3245 et
908 3203 1074 3258 super
1101 3198 1306 3243 vestem
1361 3200 1542 3240 meam
1595 3189 1865 3240 miserunt
1916 3198 2039 3238 sor-

463 3293 596 3337 tem.
632 3299 653 3333 ι
689 3279 834 3343 Haec,
872 3279 1117 3348 inquam.
1147 3278 1334 3332 omnia
1382 3283 1516 3330 tunc
1561 3277 1832 3347 completa
1884 3281 2036 3341 sunt,

460 3387 588 3427 cum
621 3372 676 3425 in
700 3385 864 3425 cruce
895 3378 948 3423 et
971 3384 1168 3424 manus
1203 3370 1351 3424 illius
1379 3376 1429 3422 et
1457 3367 1640 3443 pedes,
1669 3370 1840 3423 clavis
1865 3375 2040 3423 trans-

462 3466 721 3529 ﬁxernnt,
771 3470 826 3518 et
860 3477 983 3517 cum
1016 3462 1168 3516 illius
1196 3462 1526 3517 vestimenta
1572 3461 1927 3529 accipientes.
1972 3475 2037 3516 ea

461 3559 603 3605 mter
636 3566 696 3605 se
716 3548 1042 3605 diviserunt.
1075 3547 1207 3603 Nam
1230 3564 1353 3610 eam
1383 3564 1497 3603 rem
1543 3547 1785 3605 Joannes
1812 3530 2037 3620 exponit

461 3645 546 3700 liis
571 3643 754 3698 verbis
778 3661 798 3697 τ
835 3661 854 3694 ι
893 3642 1092 3697 Milites
1143 3642 1309 3712 igitur
1342 3656 1468 3696 cum
1504 3641 1910 3697 cruteilixissent
1940 3641 2034 3698 Je-

458 3751 605 3798 sum,
634 3740 964 3804 acceperunt
982 3733 1306 3789 vestimenta
1349 3733 1494 3801 ejus,
1532 3741 1589 3786 et
1623 3731 1870 3788 fecerunt
1899 3750 2037 3804 qua-

456 3834 584 3881 tuor
612 3834 818 3896 partes,
845 3825 1142 3895 unicuique
1160 3824 1320 3878 militi
1347 3831 1559 3895 partem
1609 3841 1624 3878 :
1662 3825 1849 3878 tunica
1880 3841 2031 3890 vero,

454 3917 584 3986 quia
609 3927 725 3972 erat
748 3916 1094 3971 incozisutilis
1124 3930 1153 3967 a
1177 3930 1394 3970 summo
1423 3920 1681 3969 contexta
1710 3930 1805 3984 per
1831 3924 2031 3983 totum,

454 4011 712 4064 dixerunt
735 4010 878 4064 inter
913 4023 973 4063 se
996 4027 1016 4062 ί
1055 4006 1132 4062 Ne
1161 4008 1482 4063 scindamus
1512 4022 1659 4068 eam,
1694 4007 1789 4062 sed
1837 4011 2033 4064 sortia-

453 4118 578 4158 mur
608 4102 676 4157 de
705 4104 794 4156 iila
822 4101 984 4170 cujus
1024 4101 1117 4164 sit,
1151 4108 1212 4155 ut
1243 4101 1565 4171 impleretur
1599 4099 1884 4171 Scriptura
1913 4119 2034 4173 qua:

451 4192 586 4247 dicit
610 4211 628 4247 :
669 4191 862 4245 Partiti
899 4199 1036 4246 sunt
1087 4191 1413 4245 vestimenta
1462 4206 1584 4246 mea
1613 4191 1742 4256 sibi,
1780 4200 1836 4246 et
1866 4208 2034 4263 super

450 4290 656 4338 vestem
681 4298 859 4337 meam
893 4283 1161 4337 miserunt
1206 4292 1412 4338 sortem
1445 4302 1459 4338 :
1493 4295 1548 4339 et
1574 4285 1778 4341 milites
1806 4284 2028 4356 quidem

452 4376 567 4430 hzcc
595 4375 843 4431 fecerunt
864 4376 939 4429 -¹².
990 4394 1009 4425 ι
1049 4372 1338 4430 Hatlhzeus
1368 4391 1500 4430 vero
1524 4377 1719 4432 iisdem
1746 4378 1917 4433 rebus
1936 4393 2030 4448 ge-

2156 1906 2304 1959 μενοι
2340 1892 2527 1960 χεῖρας
2560 1889 2726 1943 αὐτοῦ
2770 1891 2861 1943 κα)⁵
2894 1891 3057 1954 πόδας
3099 1891 3191 1945 καὶ
3224 1892 3447 1963 προσέτι
3476 1894 3553 1946 τὰ
3579 1892 3745 1948 ὀστέα

2150 1981 2608 2054 διαχειρίζονται,
2661 1983 2721 2035 εί
2766 2000 2829 2052 γε
2877 1984 3081 2048 πάντες
3130 1984 3188 2038 ἓν
3245 1984 3406 2056 σῶμά
3448 1988 3635 2059 ἐσμεν
3688 1988 3747 2042 ὲν

2149 2073 2394 2146 Χριστῷ,
2446 2077 2475 2127 ὁ
2521 2073 2579 2128 δὲ
2628 2075 2824 2141 καθεῑς
2870 2077 3113 2147 ἀλλήλων
3160 2078 3315 2150 μέλη.
3377 2081 3488 2133 Καὶ
3522 2082 3633 2134 οὐκ
3678 2080 3746 2135 ἂν

2149 2164 2292 2217 εἴποι
2324 2166 2358 2234 ὴ
2388 2164 2598 2237 κεφαλὴ
2626 2168 2738 2228 τοῖς
2774 2167 2899 2219 ποσί
2920 2184 2933 2198 ’
2976 2168 3207 2239 «Χρείαν
3241 2168 3394 2238 ὑμῶν
3419 2170 3525 2222 οὐκ
3556 2170 3693 2240 ἔχω,
3719 2190 3740 2221 ι

2146 2255 2223 2320 ὡς
2256 2256 2376 2309 οὐδὲ
2416 2259 2537 2321 ταῖς
2571 2258 2759 2330 χερσὶν
2815 2260 2865 2311 οἱ
2903 2258 3188 2331 ὀφθαλμοί.
3237 2260 3392 2314 Κατά
3433 2260 3573 2330 γοῦν
3611 2265 3743 2326 τοὺς

2149 2350 2376 2420 καιροὺς
2401 2349 2508 2401 τῶν
2538 2349 2814 2419 διωγμῶν,
2845 2350 2899 2403 εί
2923 2352 3052 2405 ποτέ
3084 2368 3203 2406 τινα
3230 2353 3371 2406 κατὰ
3396 2353 3507 2406 τῶν
3556 2354 3743 2425 μελῶν

2145 2439 2241 2493 τοῦ
2268 2440 2502 2512 Χριστοῦ
2541 2442 2678 2513 πρὸς
2712 2442 2820 2496 τῶν
2871 2442 3080 2516 ἐχθρῶν
3125 2445 3220 2497 καὶ
3266 2443 3544 2516 πολεμίων
3582 2447 3743 2517 ἐνερ-

2146 2535 2316 2601 γοῖτο,
2364 2532 2507 2586 εἴποι
2548 2531 2624 2586 ἂν
2664 2535 2759 2587 καὶ
2811 2536 2939 2606 περὶ
2987 2534 3165 2588 αὐτῶν
3205 2536 3305 2590 οὐκ
3354 2537 3608 2608 ἀκαίρως
3651 2538 3738 2601 τὺ,

2151 2642 2172 2676 ι
2207 2624 2442 2697 Ὠρυξαν
2503 2629 2691 2700 χεῖράς
2754 2645 2886 2699 μου,
2949 2628 3044 2682 καὶ
3110 2629 3273 2693 πόδας
3332 2647 3433 2701 μου
3465 2671 3481 2696 ,
3540 2631 3738 2704 ἐξηρί-

2147 2716 2363 2788 θμησαν
2416 2719 2592 2773 πάντα
2637 2722 2708 2775 τά
2753 2722 2892 2774 ὀστᾶ
2933 2738 3055 2792 μου.
3104 2723 3267 2775 Αὐτοὶ
3294 2720 3351 2775 δὲ
3387 2723 3740 2794 κατενόησαν

2144 2811 2241 2865 καὶ
2283 2812 2493 2866 ἐπεῖδόν
2550 2829 2638 2883 με.
2670 2832 2689 2866 ι
2747 2813 2879 2867 Τότε
2937 2814 2995 2867 δὲ
3049 2816 3142 2867 καὶ
3203 2812 3617 2886 διαμερίζονται
3666 2815 3739 2868 τὰ

2144 2901 2340 2972 ἱμάτια
2369 2901 2535 2956 αὐτοῦ
2562 2905 2796 2967 ἑαυτοῖς,
2834 2904 2929 2957 καὶ
2965 2904 3058 2957 ἐπὶ
3077 2905 3169 2957 τὸν
3218 2903 3510 2975 ἱματισμὸν
3561 2904 3736 2960 αὐτοῦ

2145 2992 2395 3063 βάλλουσι
2447 2996 2679 3068 κλῆρον,
2723 2998 2811 3050 ὅτε
2855 2998 2948 3051 τὸν
2975 2995 3071 3050 τοῦ
3114 2996 3273 3066 λόγου
3320 2999 3564 3069 κόσμον,
3608 3000 3734 3071 ἦτοι

2141 3088 2239 3149 τὰς
2264 3085 2437 3151 λέξεις
2458 3087 2569 3141 τῶν
2604 3089 2764 3142 θείων
2790 3089 3041 3159 Γραφῶν,
3077 3088 3270 3144 ’ἄλλοτε
3294 3090 3468 3155 ἄλλως
3491 3092 3736 3154 ἕκαστος

2067 3150 2110 3209 C
2141 3178 2466 3252 διαφθείρων
2502 3150 2949 3247 ὲπισπᾶταιίκαὶ
2975 3150 3063 3236 ὅτε
3093 3183 3193 3247 τάς
3222 3186 3348 3256 περὶ
3371 3150 3541 3240 αὑτοῦ

2137 3267 2482 3342 διαστρόφοις
2539 3272 2911 3338 διδασκαλίαις
2974 3273 3489 3346 ἀπολαμϐάνουσιν,
3567 3281 3739 3333 ὁποῖα

2142 3362 2371 3435 σύνηθες
2410 3368 2523 3428 τοῖς
2561 3365 2743 3429 ἀθέοις
2776 3366 3119 3437 αἱρεσιὼταις
3167 3372 3360 3421 ποιεῖν.
3413 3369 3543 3423 Ἐπὶ
3600 3374 3741 3425 πᾶσι

2136 3454 2347 3519 τούτοις
2394 3456 2529 3527 πρὸς
2574 3457 2664 3510 τὸν
2711 3456 2908 3510 ἑαυτοῦ
2938 3457 3077 3511 Θεὸν
3123 3461 3215 3512 καὶ
3241 3460 3445 3531 Κύριον
3482 3461 3589 3514 καὶ
3623 3462 3742 3516 Πα-

2137 3547 2271 3619 τέρα
2314 3547 2412 3619 τὴν
2441 3548 2606 3619 εὐχὴν
2648 3548 2970 3613 ἀποτείνας,
3016 3551 3271 3623 ἐπιφέρει
3325 3551 3502 3621 λέγων
3529 3570 3547 3583 ο
3608 3573 3629 3606 ι
3664 3556 3738 3607 Σὺ

2136 3638 2214 3703 δὲ,
2254 3638 2458 3710 Κύριε,
2508 3640 2582 3711 μὴ
2620 3640 2903 3714 μακρύνῃς
2948 3642 3047 3713 τὴν
3086 3641 3339 3713 βοήθειάν
3384 3662 3509 3714 μου.
3560 3666 3583 3698 ι
3648 3647 3740 3699 Ὠο

2135 3730 2245 3803 γάρ
2290 3733 2370 3796 είς
2417 3731 2590 3803 βραχὺ
2626 3731 3006 3801 καταλειφθεὶς
3043 3734 3180 3806 πρὸς
3223 3736 3319 3806 τὴν
3357 3735 3454 3789 τοῦ
3510 3738 3740 3805 ἀγῶνος

2135 3822 2414 3889 ἐπίδειξιν,
2464 3824 2557 3876 καὶ
2603 3825 2762 3893 μόνος
2798 3823 2918 3894 δίχα
2954 3824 3148 3895 βοηθοῦ
3183 3827 3317 3899 πρὸς
3353 3830 3448 3883 τὸν
3490 3832 3739 3886 θάνατον

2135 3915 2563 3986 ἀποδυσάμενος,
2600 3912 2659 3970 εὖ
2694 3917 2850 3982 εἰδὼς
2886 3917 2987 3988 τὴν
3020 3919 3273 3990 βοήθειαν
3304 3922 3405 3995 τὴν
3437 3926 3603 3996 παρὰ
3637 3926 3738 3980 τοῦ

2135 4008 2345 4078 Πατρὺς
2390 4009 2493 4061 οὐκ
2535 4008 2708 4073 ἄλλως
2752 4009 2902 4080 αὐτῷ
2947 4011 3272 4083 γενήσεσθαι
3315 4014 3349 4084 ἦ
3385 4014 3477 4068 διὰ
3511 4018 3627 4086 τῆς
3670 4020 3740 4072 ἐκ

2133 4099 2342 4172 νεκρῶν
2417 4102 2765 4166 ἀναστάσεως
2793 4142 2807 4168 ,
2870 4104 3095 4168 εἰκότως
3159 4106 3252 4158 ἐπὶ
3280 4104 3375 4158 τοῦ
3450 4111 3740 4180 παρόντος

2132 4191 2348 4263 εὔχεται
2387 4192 2618 4260 διεξόδου
2665 4197 2849 4263 τυχεῖν
2892 4196 2991 4265 τῆς
3030 4195 3139 4248 τῶν
3183 4196 3498 4251 ἀντιπάλων
3542 4216 3738 4273 παρα-

2129 4283 2355 4348 τάξεως.
2401 4284 2493 4336 Διό
2518 4300 2677 4355 φησι·
2711 4286 2816 4339 «Σὺ
2846 4285 2923 4349 δὲ,
2952 4285 3144 4356 Κύριε,
3180 4286 3255 4357 μὴ
3292 4289 3589 4363 μακρύνῃς
3628 4295 3736 4363 τὴν

2133 4373 2381 4446 βοήθειάν
2433 4389 2566 4444 μου,
2620 4375 2701 4436 εἰς
2744 4373 2843 4445 τὴν
2885 4376 3170 4447 ἀντίληψιν
3225 4395 3329 4447 μου
3387 4379 3660 4450 πρόες-χες.
3707 4399 3727 4431 ι

448 4470 553 4524 stis
598 4470 654 4524 in
686 4470 834 4524 hunc
875 4470 1097 4524 modum
1128 4469 1287 4524 lldem
1320 4469 1449 4523 facit
1482 4489 1495 4524 :
1532 4489 1551 4520 ι
1592 4470 1889 4540 Postquam
1921 4486 2024 4524 au-

2149 4466 2230 4520 ὶιά
2262 4464 2371 4537 γάρ
2411 4466 2511 4537 τῆς
2560 4464 2660 4535 σῆς
2710 4464 2962 4537 βοηθείας
3008 4469 3358 4539 minimi;
3413 4490 3507 4543 μοι
3561 4474 3735 4545 γενή-

446 4571 555 4616 tem
582 4562 978 4617 crucittxerunt
1004 4576 1152 4622 eum,
1184 4561 1490 4616 diviserunt
1517 4564 1843 4617 vestimenta
1879 4561 2023 4632 ejus,

444 4659 648 4706 sortem
692 4651 997 4715 mittentes,
1029 4658 1089 4706 ut
1136 4652 1453 4721 impleretur
1499 4651 1647 4722 quod
1692 4652 1901 4707 dictum
1936 4662 2025 4706 est

443 4757 544 4813 per
577 4742 892 4813 prepbetam
936 4762 963 4797 κε
1015 4741 1328 4799 Diviserunt
1360 4745 1684 4799 vestimenta
1729 4760 1847 4799 mea
1888 4744 2019 4810 sibi,

440 4842 498 4890 et
522 4849 688 4905 super
705 4844 916 4890 vestem
950 4851 1125 4890 meam
1147 4836 1417 4891 miserunt
1446 4845 1649 4893 sortem
1682 4856 1696 4892 :
1729 4844 1785 4891 et
1823 4837 2022 4892 seden-o

440 4932 525 4979 tes
557 4926 849 4981 servabant
887 4942 1013 4981 eum
1036 4927 1100 4980 “.
1128 4947 1160 4979 -ι
1208 4927 1386 4984 Canes
1411 4936 1591 4983 autem
1623 4935 1781 4983 erant
1806 4929 1901 4998 qui
1952 4929 2020 4983 il-

440 5016 553 5071 lum
575 5016 1074 5080 circumdederant,
1119 5024 1174 5072 et
1220 5027 1525 5074 conventus
1572 5019 2013 5089 malignantium,

438 5105 544 5175 ipsi
577 5106 645 5161 ad
671 5106 1146 5162 circumcisionem
1172 5108 1506 5177 pertinentes
1536 5109 1891 5178 magistratus
1921 5106 2017 5161 Ju-

436 5196 703 5260 daeorum,
722 5204 781 5251 et
801 5196 1011 5253 Scribat
1038 5206 1091 5252 et
1108 5199 1392 5269 principes
1419 5199 1768 5254 sacerdotum
1793 5208 1847 5255 et
1870 5198 2014 5254 Plia-

436 5287 603 5350 risaei,
650 5288 748 5359 qui
778 5289 941 5343 etiam
972 5290 1289 5346 universam
1323 5290 1730 5346 multitudinem
1781 5307 2013 5361 compu-

435 5376 636 5441 lerunt,
672 5386 734 5432 ut
761 5380 1085 5450 sanguinem
1120 5381 1270 5437 illius
1290 5389 1345 5437 et
1373 5381 1668 5438 adversum
1713 5383 1934 5454 seipsos
1957 5394 2012 5438 et

435 5467 725 5524 adversum
750 5470 887 5525 lilios
915 5485 1050 5527 suos
1081 5482 1349 5541 peterent.
1379 5471 1812 5531 Proindedsaias
1842 5476 2008 5544 plane

432 5556 555 5614 illos
580 5574 747 5618 canes
776 5569 953 5628 vocat.
987 5562 1116 5618 dum
1143 5564 1275 5619 dicit
1307 5583 1322 5619 :
1363 5582 1383 5616 ι
1423 5563 1627 5621 Omnes
1676 5580 1843 5622 canes
1878 5573 2003 5621 stu-

2134 4573 2305 4620 σεται,
2345 4555 2413 4609 δι’
2435 4557 2500 4627 ἢν
2522 4555 2804 4625 ἀντίληψιν
2830 4557 2858 4609 ὁ
2886 4559 2994 4621 πᾶς
3025 4557 3251 4622 εἰκότως
3296 4562 3732 4633 προγέγραπται

2129 4647 2341 4718 ψαλμὸς
2372 4648 2512 4719 ὑπὲρ
2534 4648 2633 4719 τῆς
2656 4648 2884 4719 ἑωθινῆς
2926 4643 3282 4723 ἀντιλήψεως.
3303 4652 3405 4717 Εἰς
3438 4655 3541 4725 τὴν
3572 4654 3734 4710 ἀντί-

2128 4738 2288 4811 ληψιν
2332 4739 2623 4813 τοιγαροῦν
2673 4741 2949 4813 πρόσχες,
3002 4751 3259 4815 παρέχων
3310 4764 3405 4817 μοι
3452 4750 3554 4821 τὴν
3598 4749 3733 4805 ὅσον

2123 4832 2276 4886 οὔπω
2301 4832 2442 4886 κατά
2463 4833 2562 4904 τὴν
2594 4833 2668 4886 ἕω
2692 4835 2757 4887 ἐκ
2782 4834 2992 4906 νεκρῶν
3019 4836 3375 4904 ἀναστάσεως
3407 4842 3728 4913 ἀντίληψιν,

2120 4917 2189 4994 ἦς
2236 4921 2439 4986 ἐλπίζω
2497 4922 2827 4989 τεύξεσθαι,
2896 4926 3078 4989 ἐπὰν,
3141 4927 3216 4999 μὴ
3274 4930 3562 5003 μακρύνας
3619 4950 3729 5004 μου

2120 5011 2316 5084 αὐτὴν,
2365 5032 2383 5062 ι
2410 5014 2558 5084 ’ῥύσῃ
2611 5013 2721 5066 ἀπὸ
2769 5017 3043 5087 ῥομφαίας
3095 5019 3195 5089 τὴν
3237 5017 3420 5091 ψυχήν
3464 5040 3590 5092 μου,
3630 5026 3731 5077 καὶ

2118 5105 2185 5158 ἐκ
2230 5103 2411 5175 χειρὸς
2463 5102 2623 5166 κυνὸς
2668 5105 2768 5173 τὴν
2826 5107 3085 5178 μονογενῆ
3141 5124 3280 5177 μουο
3342 5110 3483 5164 ἐπὰν
3531 5112 3731 5185 circa;

2120 5212 2188 5267 με
2271 5195 2336 5248 ἐκ
2411 5196 2680 5265 στόματος
2768 5195 3018 5261 λέοντος,
3103 5200 3199 5253 καὶ
3267 5201 3380 5254 ἀπὺ
3461 5205 3727 5272 κεράτων

2118 5287 2506 5362 μονοκερὼτων
2538 5290 2640 5359 τὴν
2664 5290 2990 5343 ταπείνωσίν
3027 5307 3128 5361 μου
3149 5307 3163 5320 ·
3197 5311 3216 5343 ι
3255 5293 3336 5344 Δι’
3364 5286 3441 5346 ὧν
3469 5295 3611 5364 ἡγοῦ
3620 5316 3725 5368 μαι

2114 5382 2275 5436 αὑτὸν
2306 5381 2405 5445 τὰς
2439 5380 2825 5451 καταχθονίους
2863 5382 3197 5436 αἰνίττεσθαι
3223 5383 3506 5454 δυνάμεις,
3536 5380 3624 5441 ὧν
3654 5391 3721 5446 αἱ

2112 5472 2233 5527 καθ’
2263 5474 2411 5543 qua;
2464 5472 2531 5527 ἂν
2583 5472 2669 5543 εἴη
2724 5475 2842 5527 κατ’
3071 5473 3474 5529 διαστείλασθαι
3500 5479 3607 5531 καὶ
3638 5479 3717 5536 δι-

2111 5566 2273 5632 ελεῖν,
2290 5566 2437 5631 ὅπως
2465 5565 2499 5636 ἡ
2524 5564 2626 5635 μέν
2650 5581 2734 5629 τις
2755 5564 2933 5621 αὐτῶν
2962 5565 3210 5637 ῥομφαία
3237 5563 3375 5624 οὖσα
3397 5569 3717 5629 ἀνετεενετο

504 5740 547 5775 ³³
587 5741 778 5799 Matth.
810 5760 958 5801 xxvu
981 5784 995 5811 ,
1029 5744 1218 5802 27-31.
1295 5745 1342 5780 "
1379 5743 1540 5803 Joan.
1575 5762 1704 5818 ιιι,
1736 5748 1925 5817 23,21.
1997 5751 2038 5784 ⁸³

2174 5749 2276 5806 tth.
2317 5765 2347 5806 ι
2361 5761 2473 5806 xvn
2490 5787 2508 5817 ,
2541 5746 2730 5817 35,36.
