3856 6222
156 272 267 330 785

1076 264 1730 324 DEMONSTRATIONIS
1768 262 2227 321 EVANGELICE
2258 265 2385 320 LIB.
2424 263 2493 319 Χ.

3324 258 3418 318 786

156 385 303 442 κατά
334 384 433 457 τῆς
467 383 643 455 ψυχῆς
673 382 770 437 τοῦ
802 383 1051 454 Σωτῆρος
1082 383 1242 455 ἡμῶν
1261 400 1275 415 ο
1318 386 1352 453 ὴ
1386 384 1445 437 δέ
1470 399 1556 447 τις
1595 381 1742 435 κύων

1857 378 1982 451 pidi,
2003 380 2097 450 qui
2128 388 2410 451 nequeunt
2439 380 2640 436 latrare
2662 379 2726 434 “.
2761 399 2780 432 ι
2812 378 2949 434 Cum
2978 377 3124 435 enim
3147 393 3242 434 eos
3262 394 3422 449 apor-

156 473 296 533 οὖσα
337 475 573 545 θανάτῳ,
607 474 708 546 τὴν
751 473 1122 546 θανατηφόρον
1152 477 1310 547 χεῖρα
1356 474 1743 548 προύϐάλλετο,

157 570 241 632 είς
287 567 347 621 τὺ
392 564 740 632 καθάψασθαι
786 563 975 634 αὐτῆς.
1024 563 1116 616 Διό
1161 579 1326 635 φησιο
1364 562 1593 615 ιῬῦσαι
1638 560 1747 615 ἀπὸ

161 659 442 734 ῥομφαίας
489 656 587 728 τὴν
627 655 805 727 ψυχήν
854 672 978 725 μου,
1005 655 1100 708 καὶ
1129 657 1195 709 ἐκ
1222 655 1403 727 χειρὸς
1446 653 1606 717 κυνὸς
1650 651 1747 723 τὴν

161 749 429 822 μονογενῆ
465 766 565 819 μου
584 764 598 778 ο
636 767 654 799 ι
693 747 824 816 ἄλλη
858 745 915 800 δέ
943 764 1027 810 τις
1061 746 1275 819 πονηρά
1304 746 1399 800 καὶ¹
1431 744 1538 800 τῶν
1567 746 1744 799 ἐκεῖσε

159 842 368 915 θηρίων
416 840 697 913 ἡγουμένη
748 838 996 910 δύναμις,
1026 838 1164 892 λέων
1206 836 1744 910 προσαγορευομένη,

158 932 219 985 τὺ
259 931 431 985 πλατὺ
475 930 569 982 καὶ
599 929 797 999 ἀχανὲς
828 928 921 981 τοῦ
951 926 1184 981 θανάτου
1216 927 1391 997 στόμα
1414 925 1745 993 διανοίξασα,

161 1022 305 1103 μετά
328 1022 436 1074 τῶν
469 1020 642 1076 ἀλλων
668 1018 778 1072 τῶν
804 1021 885 1082 είς
917 1018 1045 1091 ᾅδου
1080 1019 1378 1073 κατιόντων
1402 1017 1497 1072 καὶ
1520 1016 1617 1090 τὴν
1650 1018 1748 1071 αύ-

156 1115 256 1170 τοῦ
288 1114 465 1186 ψυχὴν
493 1115 780 1167 καταπιεῖν
809 1111 1057 1184 ὥρμητο.
1084 1110 1366 1185 ὠσπεροῦν
1407 1111 1573 1166 πάλαι
1616 1110 1749 1182 πρό-

154 1223 320 1279 τερον
348 1207 610 1260 κατέπιεν
635 1207 663 1258 ὁ
687 1204 914 1267 θάνατος
951 1204 1196 1275 ἰσχύσας,
1218 1204 1317 1274 οὐχ
1344 1203 1532 1274 ἓτερος
1557 1201 1631 1257 ὢν
1651 1203 1746 1258 τοῦ

157 1296 396 1353 ἐνταῦθα
435 1296 669 1361 λέοντος,
701 1294 795 1349 τοῦ
841 1295 905 1349 τὸ
951 1294 1124 1364 στόμα
1169 1294 1311 1349 κατὰ
1358 1293 1449 1348 τοῦ
1496 1295 1747 1365 Σωτῆρος

158 1389 323 1461 ἡμῶν
355 1386 706 1459 ἀνεῴξαντος,
742 1387 835 1455 ἀφ’
860 1379 920 1440 οῦ
950 1387 1045 1439 καὶ
1073 1385 1236 1439 αὑτοῦ
1267 1385 1505 1457 σωθῆναι
1530 1385 1619 1439 τὸν
1644 1386 1750 1439 Ila.-

158 1479 297 1552 τέρα
344 1477 653 1552 παρακαλεῖ
702 1477 876 1546 λέγων
896 1494 910 1511 ν
971 1496 988 1527 ι
1017 1476 1198 1531 Σῶσόν
1248 1494 1315 1549 με
1365 1480 1430 1531 ὲκ
1482 1476 1749 1547 στόματος

156 1570 397 1637 λέοντος.
431 1591 448 1623 ι
484 1567 607 1625 Εἶεν
638 1570 682 1624 δ’
707 1568 773 1624 ἂν
795 1571 890 1623 καὶ
913 1569 1067 1624 ἀλλαι
1092 1567 1237 1633 τινὲς
1257 1570 1493 1640 πονηραὶ
1521 1569 1616 1622 καὶ
1639 1567 1749 1621 θεό-

163 1677 333 1734 μαχοι
376 1659 652 1731 δυνάμεις,
698 1658 776 1730 τῷ
823 1659 1150 1731 μονοκέρωτι
1169 1657 1262 1710 τοῦ
1285 1655 1419 1710 Θεοῦ
1452 1656 1748 1727 ἀντιπράτ-

156 1769 356 1809 τουσαι
404 1753 500 1807 καλ¹
541 1751 999 1823 ἀντιπαρεξάγειν
1024 1747 1190 1804 αὑτοῦ
1226 1752 1471 1822 ὲπιχειρο
1509 1765 1618 1813 σαι,
1655 1748 1747 1817 ἀφ’
1781 1739 1822 1798 Β

156 1841 241 1901 ὦν
271 1847 367 1900 καί
397 1844 575 1897 αὐτῶν
603 1845 632 1897 ὁ
662 1842 755 1896 τοῦ
776 1842 910 1899 Θεοῦ
946 1842 1275 1914 μονόκερως,
1303 1842 1462 1904 αὐτὸς
1486 1839 1515 1890 ὁ
1544 1841 1749 1911 Κύριος

161 1938 347 2010 ἡμῶν,
368 1938 525 2010 μόνον
554 1935 645 1988 τὸν
673 1933 894 2006 Πατέρα
922 1933 1089 2005 κέρας
1118 1930 1277 2003 ἔχων,
1307 1930 1406 2002 τὴν
1439 1929 1631 1983 ἑαυτοῦ
1663 1946 1753 1983 τα-

163 2029 426 2083 πείνωσιν
462 2025 723 2099 ρυσθῆναι
751 2024 913 2089 ἀξιοῖ,
943 2022 1115 2090 λέγων
1134 2039 1147 2052 ο
1183 2041 1201 2073 ι
1236 2022 1346 2075 Καὶ
1373 2021 1479 2074 ἀπὸ
1505 2020 1749 2090 κεράτων

166 2117 554 2193 μονοκερὼτων
591 2118 679 2188 τὴν
718 2115 1046 2170 ταπείνωσίν
1082 2130 1203 2180 μου.
1234 2132 1252 2164 ι
1288 2112 1454 2165 Ποίαν
1482 2111 1540 2165 δὲ
1559 2112 1748 2166 ταπεί-

162 2231 331 2269 νωσιν
380 2212 415 2284 ἢ
467 2211 670 2281 ταύτην
720 2208 909 2280 αὐτὴν,
947 2207 1067 2262 καθ’
1098 2206 1164 2278 ἢν
1222 2225 1241 2257 ι
1273 2207 1331 2258 ὲν
1382 2207 1561 2277 μορφῇ
1615 2203 1750 2259 Θεοῦ

162 2306 430 2377 ὑπάρχων
457 2304 821 2357 ἐταπείνωσεν
848 2299 1037 2354 ἑαυτὸν
1059 2299 1152 2353 καὶ
1180 2299 1436 2361 ὲκένωσε,
1462 2297 1751 2368 γενόμενος

165 2400 410 2472 ὑπήκοος
444 2396 605 2469 μέχρι
636 2380 889 2456 θανάτου,
918 2390 1144 2446 θανάτου
1174 2390 1231 2443 δὲ
1257 2388 1523 2461 σταυροῦ;
1563 2408 1581 2440 ι
1614 2389 1751 2444 ἀλλά

165 2492 279 2562 γάρ
311 2489 407 2544 ἐπὶ
439 2486 693 2542 τοσοῦτον
739 2482 1035 2548 κατελθὼν,
1066 2483 1160 2536 καὶ
1205 2481 1365 2553 μέχρι
1396 2480 1585 2534 τούτου
1612 2480 1751 2551 φθά-

168 2598 289 2646 σας,
320 2580 464 2650 λέγω
494 2580 555 2652 δὴ
589 2580 748 2652 μέχρι
770 2579 869 2651 τῆς
893 2580 954 2632 έν
979 2576 1056 2648 τῷ
1085 2574 1186 2648 ᾅδῃ
1214 2566 1507 2648 ῥομφαίας,
1535 2575 1629 2629 καὶ
1653 2575 1751 2645 τῆς

165 2673 353 2746 χειρὸς
377 2672 470 2727 τοῦ
508 2671 695 2727 αὐτόθι
718 2671 1009 2741 λεγομένου
1045 2670 1206 2732 κυνὸς
1243 2667 1383 2739 (ὅθεν
1425 2669 1519 2721 καὶ
1555 2668 1751 2729 παῖδας

175 2766 450 2838 Ἑλλήνων
463 2764 625 2828 εἰκὼς
641 2764 659 2834 (
675 2764 719 2835 l)
748 2761 988 2817 τοιοῦτόν
1003 2777 1122 2814 τινα
1136 2758 1588 2831 παρακούσαντας
1615 2759 1753 2811 κύνα

168 2858 427 2920 Θανάτου,
455 2858 546 2911 καὶ
581 2855 767 2910 τοῦτον
796 2852 1119 2927 τρικέφαλον
1145 2853 1552 2924 ἀναζωγραφεϊν
1569 2851 1617 2917 ),
1656 2852 1751 2904 καὶ

169 2953 336 3025 μέχρι
367 2952 424 3004 δὲ
448 2951 555 3004 τῶν
589 2948 883 3021 φαρύγγων
912 2945 1007 3000 τοῦ
1034 2944 1504 3019 προδεδηλωμένου
1540 2943 1750 3008 λέοντος

167 3046 363 3109 ἐλθὼν,
395 3045 488 3097 καὶ
507 3042 605 3114 τὴν
630 3042 956 3095 ταπείνωσιν
986 3038 1151 3093 αὑτοῦ
1179 3042 1290 3102 τοῖς
1315 3037 1626 3101 ἀντιπάλοις
1656 3036 1751 3089 καὶ

168 3137 462 3208 θεομάχοις
488 3133 850 3207 μονοκέρωσιν
876 3130 1252 3202 ὑποστρώσας,
1283 3130 1378 3182 καὶ
1399 3129 1491 3183 ἐπὶ
1514 3128 1669 3182 τοῦτό
1688 3145 1753 3197 γε

169 3227 322 3292 τέλος
354 3227 451 3297 τὴν
484 3228 661 3280 πᾶσαν
690 3221 1000 3293 οἰκονομίαν
1031 3221 1132 3292 τῆς
1158 3218 1353 3273 ἑαυτοῦ
1385 3217 1665 3280 κενώσεως
1693 3235 1753 3272 τε

168 3321 268 3375 καὶ
290 3317 674 3382 ταπεινώσεως
701 3318 926 3388 στήσας,
945 3316 1183 3370 κᾶπειτα
1201 3312 1498 3383 εὐξάμενος
1521 3313 1619 3384 ἤδη
1647 3310 1702 3366 λι
1712 3329 1756 3364 ι-

168 3411 272 3465 πὺν
304 3412 483 3481 τυχεῖν
521 3410 621 3480 τῆς
667 3407 919 3479 βοηθείας
957 3407 1050 3459 καὶ
1081 3404 1181 3475 τῆς
1219 3403 1369 3477 παρά
1406 3402 1500 3456 τοῦ
1544 3401 1756 3474 [ἰατρὸς

167 3498 530 3570 ἀντιλήψεως,
556 3496 832 3565 ἐπιλέγειο
881 3515 900 3547 ι
931 3495 1002 3548 Σὺ
1025 3493 1325 3564 δὲ,Κύριε,
1364 3492 1439 3565 μὴ
1474 3493 1756 3566 μακρύνῃς

166 3591 269 3663 τὴν
300 3589 552 3661 βοήθειάν
599 3606 724 3660 μου,
750 3591 829 3653 εἰς
855 3589 953 3660 τὴν
982 3586 1266 3658 ἀντίληψίν
1298 3604 1417 3657 μου,
1442 3587 1695 3658 πρόσχες.
1731 3606 1765 3637 ιο

168 3682 282 3735 Καὶ
306 3680 452 3734 τοῦτ’
481 3681 650 3733 εἰπὼν
678 3681 780 3733 οὐκ
808 3682 889 3743 είς
922 3678 1138 3751 μακρὰν
1166 3678 1406 3748 ἐπηκόου
1426 3677 1520 3731 τοῦ
1547 3677 1757 3747 Ila-rpite;

169 3772 451 3843 τυγχάνει,
504 3770 578 3842 μὴ
632 3768 1072 3843 μακρυνθέντος,
1122 3768 1255 3839 μηδὲ
1308 3765 1369 3821 τὺ
1424 3765 1759 3839 βραχύτατον

169 3860 568 3932 ὑπερθεμένου,
597 3861 779 3923 αὐτοῖς
820 3859 878 3912 δὲ
932 3857 1114 3931 ἔργοις
1169 3859 1450 3930 μονονουχὶ
1491 3860 1760 3928 φήσαντος

168 3949 357 4021 αὐτῷ’
400 3950 553 4002 «Ἔτι
596 3948 882 4013 λαλοῦντός
927 3965 1045 4013 σου,
1078 3949 1220 4021 ὲρῶο
1261 3948 1392 4002 Ἰδοὺ
1438 3948 1688 4020 πάρειμι.
1734 3966 1753 3998 ι

170 4044 288 4098 Καὶ
312 4042 377 4112 δὴ
400 4041 544 4095 τοῦτ’
578 4041 921 4113 αἰσθόμενος,
955 4042 1053 4113 τῆς
1081 4057 1143 4095 τε
1176 4040 1448 4113 πατρικῆς
1486 4039 1761 4110 βοηθείας,

171 4134 431 4207 καθάπερ
469 4134 691 4207 ηὔξατο,
719 4132 918 4205 τυχὼν,
950 4132 1197 4187 ἐντεῦθεν
1243 4132 1426 4186 λοιπὸν
1463 4131 1761 4204 ἀπέρχεται

166 4227 271 4281 τοῦ
315 4229 578 4281 ὲπινικίου
615 4226 807 4298 ὕμνου,
837 4226 975 4297 ὑπὲρ
1016 4226 1114 4297 τῆς
1154 4225 1383 4295 ἑωθινῆς
1427 4221 1761 4295 ἀντιλήψεως

168 4322 271 4376 τὸν
291 4318 501 4390 ψαλμὸν
536 4318 876 4390 ποιούμενος,
900 4319 958 4371 ἐν
989 4312 1070 4382 οἷς
1099 4334 1262 4388 φησιο
1298 4335 1315 4367 ι
1343 4318 1681 4388 Διηγήσομαι
1700 4317 1762 4369 τὸ

1849 480 2008 537 teret,
2038 474 2255 529 tametsi
2304 481 2589 544 pastorum
2651 486 2860 527 morem
2899 486 3008 527 non
3038 481 3416 541 susceperant,

1849 570 2086 620 attamen
2120 566 2388 619 bonorum
2423 579 2622 619 canum
2656 563 2851 629 instar,
2888 561 3104 618 Domini
3132 563 3216 617 sui
3252 562 3422 614 ratio-

1849 657 2027 712 nalem
2061 672 2281 727 gregem
2312 664 2476 726 atque
2501 671 2632 711 oves
2667 653 2865 710 domus
2904 655 3071 710 Israel
3104 654 3422 709 custodien-

1851 759 1954 812 tes,
1987 748 2148 804 docte
2175 764 2240 803 ac
2268 750 2563 819 prudenter
2584 750 2807 808 latrare.
2833 748 3231 818 Dominumque
3261 763 3419 802 suum

1849 854 1916 893 ac
1937 847 2215 910 pastorum
2246 840 2542 911 principem
2569 841 2880 895 demulcere
2912 849 3075 910 atque
3099 853 3417 909 agnoscere,

1848 935 2107 1002 omnique
2152 931 2400 987 custodia
2435 932 2703 987 creditum
2744 933 2846 988 sibi
2877 946 3092 1002 gregem
3123 946 3421 986 conserva-

1848 1038 1932 1088 re,
1963 1025 2165 1078 latrare
2191 1030 2371 1076 autem
2403 1021 2449 1076 si
2488 1022 2627 1077 forte
2662 1023 2920 1077 acerbius
2949 1022 3171 1083 vellent,
3226 1031 3421 1075 contra

1849 1132 1946 1172 eos
1980 1115 2036 1170 id
2073 1114 2271 1179 facere,
2304 1115 2394 1185 qui
2424 1115 2772 1169 extrinsecus
2811 1114 2963 1185 gregi
3002 1112 3418 1176 insidiarentur,

1850 1209 1957 1279 ipsi
1990 1217 2207 1270 contra,
2251 1221 2451 1261 canum
2507 1206 2852 1276 stupidorum
2904 1219 3076 1274 reque
3105 1218 3232 1259 vera
3272 1203 3422 1257 iusa-

1850 1300 2119 1356 nientium
2151 1300 2344 1364 instar,
2390 1299 2623 1353 latratus
2650 1313 2782 1353 suos
2810 1296 3131 1360 emiserunt,
3184 1303 3238 1350 et
3290 1309 3422 1350 oves

1849 1391 2091 1462 pastoris
2124 1390 2442 1455 eli‘erarunt,
2475 1398 2535 1444 ut
2564 1390 2759 1445 merito
2790 1387 3079 1443 conveniat
3116 1387 3198 1442 eis
3234 1386 3367 1441 illud
3402 1404 3418 1440 :

1855 1504 1873 1536 ε
1921 1482 2417 1541 Circumdederunt
2448 1496 2533 1537 me
2563 1496 2733 1536 canes
2764 1481 2942 1547 multi,
2975 1479 3269 1535 concilium
3307 1494 3423 1533 ma-

1851 1574 2180 1645 lignantium
2226 1573 2443 1629 obsedit
2473 1588 2580 1629 me.
2621 1591 2640 1624 ι
2678 1571 2840 1643 506
2865 1570 3007 1637 Quin
3038 1572 3201 1626 etiam
3233 1583 3423 1624 omnes

1853 1665 2166 1736 quicunque
2199 1664 2253 1719 in
2281 1664 2429 1719 hunc
2459 1679 2636 1734 usque
2682 1663 2828 1717 diem
2876 1662 3062 1717 itidem
3095 1669 3156 1715 ut
3193 1661 3270 1715 illi
3307 1675 3426 1730 per-

1853 1764 1988 1828 gunt
2019 1756 2344 1812 maledicere
2367 1770 2431 1810 ac
2459 1756 2662 1810 latrare
2692 1753 2957 1810 adversus
2981 1753 3263 1808 Christum
3300 1751 3421 1813 Dei.

1853 1850 1923 1905 ab
1953 1850 2063 1905 illis
2085 1850 2286 1904 diversi
2323 1847 2550 1919 putandi
2575 1861 2684 1901 non
2716 1854 2867 1901 sunt.’
2903 1844 3012 1900 Nec
3043 1846 3225 1901 minus
3250 1844 3307 1907 ii,
3328 1843 3424 1913 qui

1853 1948 1986 1995 tunc
2021 1940 2075 1994 in
2112 1941 2265 1995 illum
2300 1940 2465 2010 impie
2513 1939 2884 2009 grassantium
2935 1937 3171 1992 militum
3230 1937 3423 1998 instar,

1852 2049 2002 2089 nunc
2040 2034 2237 2089 Filium
2276 2033 2372 2089 Dei
2411 2035 2608 2090 iterum
2658 2033 2811 2087 cruci
2857 2031 3103 2103 alligant,
3138 2031 3428 2103 palamque

1851 2125 2151 2196 ignominia
2203 2124 2465 2189 aiiieiunt,
2518 2141 2627 2181 non
2674 2125 2834 2195 longe
2879 2124 3172 2179 admodum
3207 2124 3275 2179 ab
3306 2125 3429 2178 illo-

1852 2234 1974 2273 rum
2026 2218 2233 2274 nefaria
2268 2219 2552 2274 voluntate
2598 2219 2897 2285 recedunt;
2949 2232 3142 2273 omnes
3192 2231 3321 2272 vero
3369 2216 3427 2271 bl

1854 2316 2006 2371 sunt,
2036 2308 2129 2379 qui
2170 2308 2333 2361 etiam
2376 2323 2524 2363 nunc
2547 2307 2753 2362 Christi
2782 2321 3004 2376 corpus,
3036 2304 3137 2359 hoc
3180 2310 3285 2369 est,
3322 2301 3428 2356 Ee-

1854 2402 2080 2457 clesiam
2107 2401 2498 2470 suscipientes,
2523 2416 2720 2455 manus
2752 2399 2900 2454 illius
2929 2404 2983 2453 ct
3018 2397 3183 2467 pedes
3216 2404 3272 2451 et
3298 2409 3427 2450 ossa

1854 2501 2119 2565 praeterea
2160 2491 2455 2561 dissipant,
2501 2490 2548 2546 si
2589 2489 2753 2543 tundo
2801 2503 2993 2542 omnes
3026 2502 3194 2541 unum
3226 2499 3429 2554 corpus

1857 2600 2052 2640 sumus
2073 2583 2128 2638 in
2162 2582 2384 2637 Christo
2413 2581 2566 2641 Jesu,
2610 2580 2808 2651 singuli
2854 2587 3034 2633 autem
3083 2577 3425 2647 singulorum

1855 2675 2089 2729 invicem
2143 2674 2408 2728 membra.
2458 2690 2479 2723 ι
2519 2670 2706 2742 Neque
2732 2685 2863 2726 vero
2891 2677 3055 2741 caput
3086 2670 3315 2741 pedibus
3342 2667 3429 2722 di-

1855 2767 2019 2828 xerit,
2056 2780 2220 2836 opera
2243 2772 2423 2819 vestra
2457 2779 2565 2819 non
2595 2764 2834 2833 indigeo,
2869 2763 3013 2819 sicut
3036 2779 3138 2817 nec
3173 2761 3428 2815 manibus

1856 2856 2077 2927 quidem
2113 2857 2260 2911 oculi
2288 2856 2354 2911 “’.
2400 2875 2420 2907 ι
2448 2854 2560 2910 Illis
2589 2871 2718 2924 ergo
2748 2855 3088 2925 temporibus
3118 2853 3317 2923 quibus
3344 2852 3429 2906 in-

1855 2946 2192 3002 sectationes
2239 2954 2583 3016 grassantur,
2622 2946 2668 3001 si
2710 2961 2818 3015 qua
2857 2946 2996 2999 forte
3023 2943 3225 2998 Christi
3258 2956 3429 2997 mem-

1781 3078 1825 3138 ε
1858 3039 1955 3093 bra
1987 3039 2056 3093 ab
2085 3039 2327 3093 inimicis
2371 3048 2533 3108 atque
2572 3037 2826 3093 hostibus
2871 3046 3158 3098 vexentur,
3204 3050 3315 3088 non
3345 3036 3430 3088 in-

1858 3131 2181 3201 tempestive
2213 3129 2282 3185 de
2304 3131 2412 3185 illis
2447 3142 2559 3185 tum
2584 3146 2802 3204 quoque
2831 3128 3063 3184 dixerit:
3095 3147 3114 3179 ι
3153 3126 3432 3183 Foderunt

1857 3236 2059 3277 manus
2079 3236 2230 3276 meas
2260 3229 2313 3275 et
2336 3222 2502 3290 pezies
2526 3221 2697 3286 meos,
2725 3221 3215 3276 dinumeraverunt
3248 3219 3431 3272 omnia

1858 3327 1985 3367 ossa
2020 3326 2164 3366 mea.
2198 3310 2301 3381 Ipsi
2333 3322 2513 3367 autem
2538 3313 3050 3374 consideraverunt,
3085 3320 3140 3365 et
3180 3312 3431 3378 inspexe-

1857 3410 1988 3457 runt
2017 3402 2072 3457 in
2100 3418 2206 3457 me.
2239 3421 2258 3453 ι
2290 3400 2447 3457 Tunc
2477 3404 2643 3458 etiam
2675 3405 2925 3461 dividunt
2957 3404 3080 3474 ejus
3109 3404 3432 3459 vestimenta

1859 3493 1986 3556 sibi,
2023 3502 2080 3549 et
2108 3494 2162 3546 in
2192 3501 2393 3548 vestem
2423 3494 2546 3563 ejus
2572 3503 2774 3550 sortem
2803 3496 3023 3549 mittunt
3062 3512 3076 3546 :
3104 3509 3230 3547 cum
3259 3493 3432 3562 ipsius

1858 3585 2010 3641 verbi
2063 3593 2342 3645 ornatum.
2390 3586 2498 3642 hoc
2536 3597 2644 3653 est,
2673 3587 2985 3642 divinarum
3016 3584 3432 3655 Scripturarum

1859 3694 2025 3734 voces
2075 3678 2212 3734 alias
2260 3679 2418 3734 aliter
2456 3680 2838 3750 unusr‘luiSque
2870 3677 3175 3747 corrumpit
3206 3685 3260 3731 et
3288 3677 3434 3731 lace-

1859 3778 1968 3836 rat,
2022 3771 2150 3826 item
2207 3785 2333 3826 cum
2381 3772 2670 3842 opiniones
2696 3772 2764 3826 de
2798 3772 2892 3825 illo
2944 3769 3219 3840 perversis
3261 3767 3435 3821 doeu-
3516 3811 3531 3825 .

1860 3864 2063 3919 mentis
2096 3862 2399 3933 excipiunt,
2431 3862 2739 3931 cujusmodi
2772 3871 2921 3924 sunt,
2964 3875 3085 3931 qua:
3109 3858 3301 3914 nefarii
3324 3857 3437 3912 had

1860 3957 2016 4010 rctiri
2046 3956 2228 4011 facere
2257 3956 2451 4012 solent.
2476 3953 2605 4009 Post
2624 3953 2806 4008 omnia
2835 3952 2949 4006 haec
2977 3951 3046 4005 ad
3079 3965 3239 4005 suum
3265 3947 3435 4003 Deum

1862 4055 1918 4102 et
1951 4045 2241 4102 Dominum
2272 4057 2324 4100 et
2358 4044 2574 4100 Patrem
2609 4045 2910 4099 orationem
2942 4040 3229 4096 intendens
3262 4036 3434 4108 subji-

1863 4139 1938 4194 cit
1974 4139 2109 4194 illud
2138 4157 2152 4194 :
2191 4157 2209 4189 ι
2257 4138 2338 4193 Tu
2366 4145 2570 4200 autem,
2595 4135 2845 4199 Domine,
2876 4148 2946 4188 ne
2969 4134 3156 4204 procul
3181 4145 3435 4185 amoveas

1865 4232 2130 4286 auxilium
2154 4247 2356 4287 meum.
2393 4251 2411 4283 ι
2450 4229 2731 4299 Siquidem
2771 4237 3030 4298 tanquam
3059 4226 3112 4280 in
3142 4234 3436 4295 angustum

1866 4321 2134 4376 redactus.
2156 4321 2222 4375 ad
2249 4322 2424 4391 ips-am
2449 4319 2767 4376 certaminis
2788 4318 3231 4381 ostentationem,
3264 4324 3319 4371 et
3348 4329 3438 4369 so-

169 4413 350 4485 ὄνομά
398 4430 491 4467 σου
539 4417 651 4478 τοῖς
696 4413 945 4484 ἀδελφοῖς
976 4429 1111 4484 μουο
1142 4416 1202 4465 ὲν
1247 4410 1397 4482 μέσῳ
1437 4409 1754 4481 Ἐκκλησίας

1868 4414 1956 4470 lus
1987 4415 2196 4485 absque
2220 4415 2471 4484 adjutore
2492 4415 2756 4468 adversus
2783 4428 2889 4467 tuo:
2906 4408 3014 4466 tem
3036 4411 3291 4473 nudatus,
3311 4424 3437 4463 cum

170 4508 406 4580 ὑμνήσω
435 4522 515 4559 σε.
550 4525 569 4555 ι
606 4504 850 4575 Πρώτοις
886 4504 984 4576 μὲν
1005 4500 1097 4559 οὖν
1126 4505 1236 4568 τοῖς
1271 4501 1461 4556 ἑαυτοῦ
1492 4501 1759 4572 μαθηταῖς

170 4596 275 4652 καὶ
301 4597 616 4662 ἀποστόλοις
636 4596 1031 4667 ἐπαγγέλλεται
1065 4596 1133 4650 τά
1174 4596 1272 4667 τῆς
1301 4596 1385 4647 ἐπ’
1414 4592 1561 4663 αὐτῷ
1587 4594 1763 4664 χαρᾶς

170 4691 275 4744 καὶ
328 4689 701 4757 ἀγαλλιάσεως
741 4687 1208 4757 εύαγγελίσεσθαι,
1253 4685 1517 4755 ἀδελφοὺς
1566 4684 1762 4747 αὐτοὺς

170 4783 461 4856 ὀνομάζων
486 4801 500 4814 ο
544 4778 625 4848 οἷς
668 4781 934 4835 ἀκόλουθα
981 4780 1076 4834 κα)⁸
1125 4781 1153 4832 ὁ
1197 4777 1476 4842 Ματθαῖος
1523 4776 1767 4831 διδάσκει

170 4877 384 4946 λέγων·
420 4896 438 4928 ι
466 4877 578 4931 Καὶ
608 4875 717 4929 ἰδοὺ
750 4875 779 4926 ό
821 4872 1028 4943 Ἰησοῦς
1052 4874 1362 4945 ἀπήντησεν
1388 4873 1597 4936 αὐταῖς,
1630 4891 1647 4922 ι
1672 4871 1765 4940 δη-

169 4969 354 5023 λονότι
385 4972 505 5033 ταῖς
550 4967 693 5040 ἀμφὶ
737 4966 835 5038 τὴν
882 4964 1245 5036 Μαγδαληνὴν
1275 4964 1515 5034 Μαρίαν,
1551 4964 1723 5032 λέγων
1745 4980 1758 4992 ·

177 5082 202 5115 ι
236 5060 497 5132 Χαίρετε.
530 5079 549 5111 ι
599 5062 665 5113 Δί
701 5059 760 5113 δὲ
807 5055 1200 5130 προσελθοῦσαι
1238 5056 1549 5128 ἐκράτησαν
1598 5055 1762 5109 αὑτοῦ

170 5155 310 5218 τοὺς
344 5152 532 5217 πόδας,
561 5153 656 5205 καὶ
688 5148 1101 5225 προσεκύνησαν
1128 5147 1297 5218 αὐτῷ.
1327 5147 1461 5201 Τότε
1493 5147 1640 5217 λέγει
1669 5149 1765 5202 αύ-

171 5251 302 5311 ταίς
332 5247 362 5297 ό
406 5243 643 5315 Ἰησοῦς·
686 5262 704 5294 ι
738 5243 830 5313 Μὴ
870 5238 1762 5311 φοϐεῖσθεοὙπάγετε,ἀπαγγεί-

171 5340 309 5394 λατε
336 5339 450 5401 τοῖς
482 5336 730 5405 ἀδελφοῖς
774 5351 895 5406 μου,
927 5334 1013 5387 ἵνα
1047 5332 1352 5386 ἀπέλθωσιν
1378 5336 1458 5397 είς
1486 5332 1584 5405 τὴν
1613 5333 1766 5389 Γαλι-

172 5432 363 5495 Ααίαν,
391 5431 553 5484 κάκεῖ
584 5445 653 5500 με
694 5426 934 5497 ὄψονται.
967 5443 986 5476 ι
1020 5426 1077 5479 '0
1116 5425 1366 5496 Ἰωάννης
1401 5425 1457 5479 δὲ
1506 5427 1642 5497 μετά
1666 5429 1766 5500 τὴν

1867 4509 2030 4579 plane
2085 4517 2430 4579 compertum
2481 4507 2728 4570 haberet,
2775 4505 3040 4560 auxilium
3087 4503 3192 4559 sibi
3221 4518 3250 4556 a
3281 4496 3463 4555 l’atre'

1865 4615 1977 4654 non
2012 4600 2172 4654 aliter
2203 4599 2371 4653 affore
2408 4614 2570 4669 quam
2603 4613 2699 4669 per
2727 4597 3134 4652 restitutionem
3187 4609 3217 4647 a
3265 4601 3439 4647 morte

1867 4691 1935 4746 ad
1967 4692 2172 4755 vitam,
2195 4693 2392 4746 merito
2423 4693 2477 4744 in
2510 4689 2800 4760 praesentia
2835 4696 2957 4743 orat
2995 4702 3061 4742 ex
3109 4685 3226 4740 acie
3248 4684 3438 4738 adver-

1867 4785 2140 4839 sariorum
2171 4783 2419 4838 evadere.
2457 4781 2729 4849 Quocirca
2774 4772 2855 4836 sic
2901 4782 2978 4834 ait
3009 4799 3024 4835 :
3062 4798 3081 4830 ‹
3124 4778 3206 4832 Tu
3235 4784 3438 4838 autem,

1869 4875 2116 4939 Domine,
2146 4891 2214 4931 ne
2246 4875 2437 4945 procul
2494 4888 2750 4928 amoveas
2796 4871 3061 4927 auxilium
3115 4884 3293 4924 meum
3329 4885 3342 4921 :
3375 4869 3440 4922 ad

1871 4968 2273 5039 susceptionem
2305 4982 2479 5022 meam
2534 4966 2769 5036 respice.
2821 4984 2840 5017 ›
2890 4962 3104 5018 Etenim
3135 4962 3204 5016 ab
3239 4960 3439 5015 auxilio

1871 5069 1968 5116 tuo
1998 5061 2277 5130 susceptio
2307 5059 2435 5114 mihi
2461 5058 2661 5123 veniet,
2692 5064 2916 5128 propter
2946 5070 3111 5126 quam
3138 5048 3439 5122 susceptio.

1871 5169 1996 5209 nem
2053 5161 2202 5208 totus
2251 5153 2497 5223 psalmus
2547 5151 2743 5204 merito
2792 5148 3095 5217 inscriptus
3145 5152 3251 5206 est,
3289 5162 3308 5194 ι
3347 5156 3441 5212 pro

1872 5246 2222 5315 susceptione
2246 5245 2534 5298 matutina.
2568 5263 2586 5295 ι
2622 5243 2703 5297 Ad
2731 5242 3139 5310 susceptionem
3171 5237 3339 5307 igitur
3360 5250 3424 5289 re

1870 5340 2041 5409 spice,
2065 5337 2481 5408 praestansmihi
2508 5350 2672 5406 quam
2705 5334 2990 5390 celerrime
3015 5331 3119 5387 sub
3149 5331 3321 5400 ipsam
3345 5341 3433 5380 au-

1873 5446 2053 5487 roram
2087 5430 2417 5486 reversionis
2451 5443 2479 5482 a
2540 5427 2770 5482 mortuis
2819 5424 3248 5492 susceptionem,
3278 5434 3441 5491 quam

172 5530 244 5580 ἐκ
285 5522 498 5595 νεκρῶν
532 5523 827 5579 ἀνάστασιν
857 5520 1066 5590 εἰσάγει
1109 5519 1203 5576 καὶ
1228 5521 1391 5583 αὐτος
1434 5521 1523 5575 τὸν
1562 5522 1754 5592 Ἰησοῦς.

1873 5538 2005 5581 sane
2034 5536 2195 5594 spero
2228 5537 2315 5579 me
2345 5529 2792 5579 consecuturum.
2822 5532 2947 5574 cum
2972 5531 3091 5573 eam
3114 5529 3224 5571 non
3246 5512 3438 5585 procul

255 5618 301 5651 “
344 5612 451 5673 lsaL
490 5632 613 5679 Lvt,
653 5617 740 5671 10.
820 5615 864 5647 ’⁸
904 5615 920 5669 1
956 5616 1085 5669 Cor.
1122 5629 1211 5677 xu,
1249 5612 1354 5667 2i...

252 5713 301 5783 (ι
317 5726 335 5780 )
373 5708 577 5776 Εικώς.
612 5707 755 5779 Lege
779 5710 945 5772 εἰκός.
973 5705 1132 5762 Em.
