  <div class='ocr_page' id='page_1' title='image "/cluster/home/n/w/nwhite01/storage/ocr_20150623/22/nnc1.0046978372/425.png"; bbox 0 0 3856 6222; ppageno 0'>
   <div class='ocr_carea' id='block_1_1' title="bbox 422 331 527 394">
    <p class='ocr_par' dir='ltr' id='par_1_1' title="bbox 422 331 527 394">
     <span class='ocr_line' id='line_1_1' title="bbox 422 331 527 394; baseline 0 0"><span class='ocrx_word' id='word_1_1' title='bbox 422 331 527 394; x_wconf 60' lang='grc' dir='ltr'><strong>τοι</strong></span> 
     </span>
    </p>
   </div>
   <div class='ocr_carea' id='block_1_2' title="bbox 1059 324 2973 390">
    <p class='ocr_par' dir='ltr' id='par_1_2' title="bbox 1059 324 2973 390">
     <span class='ocr_line' id='line_1_2' title="bbox 1059 324 2973 390; baseline -0.005 -1"><span class='ocrx_word' id='word_1_2' title='bbox 1059 330 1331 390; x_wconf 84' lang='lat' dir='ltr'><strong>EUSEBII</strong></span> <span class='ocrx_word' id='word_1_3' title='bbox 1363 329 1851 389; x_wconf 67' lang='lat' dir='ltr'><strong>CESARIENSIS</strong></span> <span class='ocrx_word' id='word_1_4' title='bbox 1886 327 2037 385; x_wconf 86' lang='lat' dir='ltr'><strong>OPP.</strong></span> <span class='ocrx_word' id='word_1_5' title='bbox 2070 328 2251 384; x_wconf 77' lang='lat' dir='ltr'><strong>PARS</strong></span> <span class='ocrx_word' id='word_1_6' title='bbox 2277 327 2342 384; x_wconf 87' lang='lat' dir='ltr'><strong>ll.</strong></span> <span class='ocrx_word' id='word_1_7' title='bbox 2378 359 2448 369; x_wconf 90' lang='lat'><strong>-—</strong></span> <span class='ocrx_word' id='word_1_8' title='bbox 2477 324 2973 382; x_wconf 73' lang='lat' dir='ltr'><strong>APOLOGETICA.</strong></span> 
     </span>
    </p>
   </div>
   <div class='ocr_carea' id='block_1_3' title="bbox 3582 330 3685 387">
    <p class='ocr_par' dir='ltr' id='par_1_3' title="bbox 3582 330 3685 387">
     <span class='ocr_line' id='line_1_3' title="bbox 3582 330 3685 387; baseline 0.039 -4"><span class='ocrx_word' id='word_1_9' title='bbox 3582 330 3685 387; x_wconf 79' lang='lat'><strong>788</strong></span> 
     </span>
    </p>
   </div>
   <div class='ocr_carea' id='block_1_4' title="bbox 421 443 2001 523">
    <p class='ocr_par' dir='ltr' id='par_1_4' title="bbox 421 448 1991 523">
     <span class='ocr_line' id='line_1_4' title="bbox 421 448 1991 523; baseline -0.008 -11"><span class='ocrx_word' id='word_1_10' title='bbox 421 472 456 512; x_wconf 66' lang='grc' dir='ltr'><strong>α</strong></span> <span class='ocrx_word' id='word_1_11' title='bbox 499 471 587 512; x_wconf 82' lang='lat' dir='ltr'><strong>me</strong></span> <span class='ocrx_word' id='word_1_12' title='bbox 635 453 928 519; x_wconf 79' lang='lat' dir='ltr'><strong>amoveris,</strong></span> <span class='ocrx_word' id='word_1_13' title='bbox 961 461 1016 508; x_wconf 91' lang='lat' dir='ltr'><strong>et</strong></span> <span class='ocrx_word' id='word_1_14' title='bbox 1043 452 1308 523; x_wconf 87' lang='lat' dir='ltr'><strong>eripueris</strong></span> <span class='ocrx_word' id='word_1_15' title='bbox 1345 470 1364 502; x_wconf 80' lang='grc' dir='ltr'><strong>ι</strong></span> <span class='ocrx_word' id='word_1_16' title='bbox 1407 466 1437 505; x_wconf 89' lang='lat' dir='ltr'><strong>a</strong></span> <span class='ocrx_word' id='word_1_17' title='bbox 1488 448 1692 505; x_wconf 81' lang='lat' dir='ltr'><strong>framea</strong></span> <span class='ocrx_word' id='word_1_18' title='bbox 1732 448 1991 514; x_wconf 88' lang='lat' dir='ltr'><strong>animam,</strong></span> 
     </span>
    </p>
   </div>
   <div class='ocr_carea' id='block_1_5' title="bbox 2103 443 3688 523">
    <p class='ocr_par' dir='ltr' id='par_1_5' title="bbox 2103 443 3688 517">
     <span class='ocr_line' id='line_1_5' title="bbox 2103 443 3688 517; baseline 0 -18"><span class='ocrx_word' id='word_1_19' title='bbox 2103 446 2320 515; x_wconf 82' lang='grc' dir='ltr'>λέγοντα</span> <span class='ocrx_word' id='word_1_20' title='bbox 2347 445 2483 515; x_wconf 71' lang='grc' dir='ltr'>πρὸς</span> <span class='ocrx_word' id='word_1_21' title='bbox 2506 443 2604 516; x_wconf 76' lang='grc' dir='ltr'>τὴν</span> <span class='ocrx_word' id='word_1_22' title='bbox 2642 443 2901 517; x_wconf 70' lang='grc' dir='ltr'>Μαριάμ*</span> <span class='ocrx_word' id='word_1_23' title='bbox 2935 460 2955 493; x_wconf 72' lang='grc' dir='ltr'><strong>ι</strong></span> <span class='ocrx_word' id='word_1_24' title='bbox 2982 443 3071 514; x_wconf 80' lang='grc' dir='ltr'><strong>Μή</strong></span> <span class='ocrx_word' id='word_1_25' title='bbox 3132 459 3232 514; x_wconf 86' lang='grc' dir='ltr'><strong>μου</strong></span> <span class='ocrx_word' id='word_1_26' title='bbox 3291 443 3487 498; x_wconf 72' lang='grc' dir='ltr'>ἀπτοιν</span> <span class='ocrx_word' id='word_1_27' title='bbox 3535 445 3688 500; x_wconf 71' lang='grc' dir='ltr'>οὔπω</span> 
     </span>
    </p>
   </div>
   <div class='ocr_carea' id='block_1_6' title="bbox 420 545 1998 605">
    <p class='ocr_par' dir='ltr' id='par_1_6' title="bbox 420 545 1998 605">
     <span class='ocr_line' id='line_1_6' title="bbox 420 545 1998 605; baseline -0.008 -1"><span class='ocrx_word' id='word_1_28' title='bbox 420 559 478 605; x_wconf 87' lang='lat' dir='ltr'><strong>et</strong></span> <span class='ocrx_word' id='word_1_29' title='bbox 552 562 620 603; x_wconf 74' lang='lat' dir='ltr'><strong>ex</strong></span> <span class='ocrx_word' id='word_1_30' title='bbox 684 563 851 602; x_wconf 88' lang='lat' dir='ltr'><strong>manu</strong></span> <span class='ocrx_word' id='word_1_31' title='bbox 911 546 1067 601; x_wconf 83' lang='lat' dir='ltr'><strong>canis</strong></span> <span class='ocrx_word' id='word_1_32' title='bbox 1150 545 1370 600; x_wconf 89' lang='lat' dir='ltr'><strong>unicam</strong></span> <span class='ocrx_word' id='word_1_33' title='bbox 1429 556 1651 605; x_wconf 83' lang='lat' dir='ltr'><strong>meam,</strong></span> <span class='ocrx_word' id='word_1_34' title='bbox 1692 558 1714 594; x_wconf 72' lang='grc' dir='ltr'><strong>ι</strong></span> <span class='ocrx_word' id='word_1_35' title='bbox 1761 551 1816 596; x_wconf 88' lang='lat' dir='ltr'><strong>et</strong></span> <span class='ocrx_word' id='word_1_36' title='bbox 1870 553 1998 595; x_wconf 87' lang='lat' dir='ltr'><strong>cum</strong></span> 
     </span>
    </p>
   </div>
   <div class='ocr_carea' id='block_1_7' title="bbox 423 631 1999 697">
    <p class='ocr_par' dir='ltr' id='par_1_7' title="bbox 423 631 1999 697">
     <span class='ocr_line' id='line_1_7' title="bbox 423 631 1999 697; baseline -0.006 -1"><span class='ocrx_word' id='word_1_37' title='bbox 423 639 731 696; x_wconf 78' lang='lat' dir='ltr'><strong>servaveris</strong></span> <span class='ocrx_word' id='word_1_38' title='bbox 794 656 814 690; x_wconf 84' lang='grc' dir='ltr'><strong>ι</strong></span> <span class='ocrx_word' id='word_1_39' title='bbox 876 653 964 693; x_wconf 88' lang='lat' dir='ltr'><strong>me</strong></span> <span class='ocrx_word' id='word_1_40' title='bbox 1014 653 1082 692; x_wconf 79' lang='lat' dir='ltr'><strong>ex</strong></span> <span class='ocrx_word' id='word_1_41' title='bbox 1125 651 1221 692; x_wconf 85' lang='lat' dir='ltr'><strong>ore</strong></span> <span class='ocrx_word' id='word_1_42' title='bbox 1277 633 1495 697; x_wconf 89' lang='lat' dir='ltr'><strong>leonis,</strong></span> <span class='ocrx_word' id='word_1_43' title='bbox 1558 641 1612 688; x_wconf 89' lang='lat' dir='ltr'><strong>et</strong></span> <span class='ocrx_word' id='word_1_44' title='bbox 1663 648 1693 686; x_wconf 94' lang='lat' dir='ltr'><strong>a</strong></span> <span class='ocrx_word' id='word_1_45' title='bbox 1735 631 1999 687; x_wconf 88' lang='lat' dir='ltr'><strong>cornibus</strong></span> 
     </span>
    </p>
   </div>
   <div class='ocr_carea' id='block_1_8' title="bbox 423 721 1999 800">
    <p class='ocr_par' dir='ltr' id='par_1_8' title="bbox 423 721 1999 800">
     <span class='ocr_line' id='line_1_8' title="bbox 423 721 1999 800; baseline -0.004 -16"><span class='ocrx_word' id='word_1_46' title='bbox 423 729 584 800; x_wconf 75' lang='lat'><strong>507</strong></span> <span class='ocrx_word' id='word_1_47' title='bbox 627 730 973 783; x_wconf 86' lang='lat' dir='ltr'><strong>unicornium</strong></span> <span class='ocrx_word' id='word_1_48' title='bbox 1037 726 1398 781; x_wconf 71' lang='lat' dir='ltr'><strong>humilitatem</strong></span> <span class='ocrx_word' id='word_1_49' title='bbox 1455 737 1671 778; x_wconf 78' lang='lat' dir='ltr'><strong>meam:</strong></span> <span class='ocrx_word' id='word_1_50' title='bbox 1718 743 1739 775; x_wconf 77' lang='grc' dir='ltr'><strong>ι</strong></span> <span class='ocrx_word' id='word_1_51' title='bbox 1799 721 1999 792; x_wconf 87' lang='lat' dir='ltr'><strong>quibus</strong></span> 
     </span>
    </p>
   </div>
   <div class='ocr_carea' id='block_1_9' title="bbox 425 814 1993 888">
    <p class='ocr_par' dir='ltr' id='par_1_9' title="bbox 425 814 1993 888">
     <span class='ocr_line' id='line_1_9' title="bbox 425 814 1993 888; baseline -0.003 -15"><span class='ocrx_word' id='word_1_52' title='bbox 425 820 603 876; x_wconf 73' lang='lat' dir='ltr'><strong>verbis</strong></span> <span class='ocrx_word' id='word_1_53' title='bbox 634 820 787 874; x_wconf 91' lang='lat' dir='ltr'><strong>illum</strong></span> <span class='ocrx_word' id='word_1_54' title='bbox 819 820 1056 875; x_wconf 85' lang='lat' dir='ltr'><strong>arbitror</strong></span> <span class='ocrx_word' id='word_1_55' title='bbox 1079 818 1387 888; x_wconf 82' lang='lat' dir='ltr'><strong>significare</strong></span> <span class='ocrx_word' id='word_1_56' title='bbox 1413 814 1656 872; x_wconf 88' lang='lat' dir='ltr'><strong>infernas</strong></span> <span class='ocrx_word' id='word_1_57' title='bbox 1674 822 1993 883; x_wconf 84' lang='lat' dir='ltr'><strong>potestates,</strong></span> 
     </span>
    </p>
   </div>
   <div class='ocr_carea' id='block_1_10' title="bbox 422 906 1998 980">
    <p class='ocr_par' dir='ltr' id='par_1_10' title="bbox 422 906 1998 980">
     <span class='ocr_line' id='line_1_10' title="bbox 422 906 1998 980; baseline -0.004 -15"><span class='ocrx_word' id='word_1_58' title='bbox 422 926 560 980; x_wconf 88' lang='lat' dir='ltr'><strong>quas</strong></span> <span class='ocrx_word' id='word_1_59' title='bbox 595 924 725 965; x_wconf 85' lang='lat' dir='ltr'><strong>sane</strong></span> <span class='ocrx_word' id='word_1_60' title='bbox 755 926 865 966; x_wconf 91' lang='lat' dir='ltr'><strong>non</strong></span> <span class='ocrx_word' id='word_1_61' title='bbox 890 919 1140 964; x_wconf 83' lang='lat' dir='ltr'><strong>nostrum</strong></span> <span class='ocrx_word' id='word_1_62' title='bbox 1171 909 1337 964; x_wconf 88' lang='lat' dir='ltr'><strong>fuerit</strong></span> <span class='ocrx_word' id='word_1_63' title='bbox 1363 908 1643 977; x_wconf 80' lang='lat' dir='ltr'><strong>speciatim</strong></span> <span class='ocrx_word' id='word_1_64' title='bbox 1663 906 1998 975; x_wconf 78' lang='lat' dir='ltr'><strong>distinguere</strong></span> 
     </span>
    </p>
   </div>
   <div class='ocr_carea' id='block_1_11' title="bbox 423 995 1997 1072">
    <p class='ocr_par' dir='ltr' id='par_1_11' title="bbox 423 995 1997 1072">
     <span class='ocr_line' id='line_1_11' title="bbox 423 995 1997 1072; baseline -0.006 -14"><span class='ocrx_word' id='word_1_65' title='bbox 423 1017 487 1058; x_wconf 82' lang='lat' dir='ltr'><strong>ac</strong></span> <span class='ocrx_word' id='word_1_66' title='bbox 517 1000 790 1061; x_wconf 80' lang='lat' dir='ltr'><strong>dividere.</strong></span> <span class='ocrx_word' id='word_1_67' title='bbox 838 1000 1296 1072; x_wconf 83' lang='lat' dir='ltr'><strong>quemadmodum</strong></span> <span class='ocrx_word' id='word_1_68' title='bbox 1341 1016 1409 1055; x_wconf 78' lang='lat' dir='ltr'><strong>cx</strong></span> <span class='ocrx_word' id='word_1_69' title='bbox 1450 1000 1531 1054; x_wconf 91' lang='lat' dir='ltr'><strong>eis</strong></span> <span class='ocrx_word' id='word_1_70' title='bbox 1584 998 1688 1052; x_wconf 91' lang='lat' dir='ltr'><strong>alia</strong></span> <span class='ocrx_word' id='word_1_71' title='bbox 1743 995 1997 1067; x_wconf 88' lang='lat' dir='ltr'><strong>quidem,</strong></span> 
     </span>
    </p>
   </div>
   <div class='ocr_carea' id='block_1_12' title="bbox 423 1087 2004 1163">
    <p class='ocr_par' dir='ltr' id='par_1_12' title="bbox 423 1087 2004 1163">
     <span class='ocr_line' id='line_1_12' title="bbox 423 1087 2004 1163; baseline -0.003 -16"><span class='ocrx_word' id='word_1_72' title='bbox 423 1108 545 1163; x_wconf 62' lang='lat' dir='ltr'><strong>quin</strong></span> <span class='ocrx_word' id='word_1_73' title='bbox 584 1091 785 1148; x_wconf 58' lang='grc' dir='ltr'>[τουτου</span> <span class='ocrx_word' id='word_1_74' title='bbox 811 1093 903 1157; x_wconf 92' lang='lat' dir='ltr'><strong>sit,</strong></span> <span class='ocrx_word' id='word_1_75' title='bbox 935 1094 1147 1147; x_wconf 82' lang='lat' dir='ltr'><strong>intenta</strong></span> <span class='ocrx_word' id='word_1_76' title='bbox 1175 1092 1249 1147; x_wconf 90' lang='lat' dir='ltr'><strong>sit</strong></span> <span class='ocrx_word' id='word_1_77' title='bbox 1300 1092 1356 1146; x_wconf 89' lang='lat' dir='ltr'><strong>in</strong></span> <span class='ocrx_word' id='word_1_78' title='bbox 1404 1091 1641 1145; x_wconf 90' lang='lat' dir='ltr'><strong>animam</strong></span> <span class='ocrx_word' id='word_1_79' title='bbox 1696 1087 2004 1143; x_wconf 82' lang='lat' dir='ltr'><strong>Salvatoris</strong></span> 
     </span>
    </p>
   </div>
   <div class='ocr_carea' id='block_1_13' title="bbox 422 1181 1999 1256">
    <p class='ocr_par' dir='ltr' id='par_1_13' title="bbox 422 1181 1999 1256">
     <span class='ocr_line' id='line_1_13' title="bbox 422 1181 1999 1256; baseline -0.005 -15"><span class='ocrx_word' id='word_1_80' title='bbox 422 1187 638 1254; x_wconf 82' lang='lat' dir='ltr'><strong>nostri;</strong></span> <span class='ocrx_word' id='word_1_81' title='bbox 672 1186 777 1240; x_wconf 88' lang='lat' dir='ltr'><strong>alia</strong></span> <span class='ocrx_word' id='word_1_82' title='bbox 802 1200 950 1251; x_wconf 80' lang='lat' dir='ltr'><strong>vero,</strong></span> <span class='ocrx_word' id='word_1_83' title='bbox 978 1200 1100 1256; x_wconf 68' lang='lat' dir='ltr'><strong>quae</strong></span> <span class='ocrx_word' id='word_1_84' title='bbox 1130 1185 1232 1255; x_wconf 91' lang='lat' dir='ltr'><strong>ipsi</strong></span> <span class='ocrx_word' id='word_1_85' title='bbox 1267 1183 1427 1237; x_wconf 79' lang='lat' dir='ltr'><strong>morti</strong></span> <span class='ocrx_word' id='word_1_86' title='bbox 1479 1183 1546 1239; x_wconf 85' lang='lat' dir='ltr'><strong>sit</strong></span> <span class='ocrx_word' id='word_1_87' title='bbox 1582 1182 1772 1243; x_wconf 88' lang='lat' dir='ltr'><strong>canis,</strong></span> <span class='ocrx_word' id='word_1_88' title='bbox 1807 1181 1999 1234; x_wconf 84' lang='lat' dir='ltr'><strong>morti-</strong></span> 
     </span>
    </p>
   </div>
   <div class='ocr_carea' id='block_1_14' title="bbox 423 1272 2001 1346">
    <p class='ocr_par' dir='ltr' id='par_1_14' title="bbox 423 1272 2001 1346">
     <span class='ocr_line' id='line_1_14' title="bbox 423 1272 2001 1346; baseline -0.004 -17"><span class='ocrx_word' id='word_1_89' title='bbox 423 1277 595 1331; x_wconf 84' lang='lat' dir='ltr'><strong>feram</strong></span> <span class='ocrx_word' id='word_1_90' title='bbox 647 1290 865 1330; x_wconf 91' lang='lat' dir='ltr'><strong>manum</strong></span> <span class='ocrx_word' id='word_1_91' title='bbox 923 1276 1249 1346; x_wconf 79' lang='lat' dir='ltr'><strong>porrexerit,</strong></span> <span class='ocrx_word' id='word_1_92' title='bbox 1283 1280 1344 1328; x_wconf 87' lang='lat' dir='ltr'><strong>ut</strong></span> <span class='ocrx_word' id='word_1_93' title='bbox 1375 1272 1524 1326; x_wconf 86' lang='lat' dir='ltr'><strong>illam</strong></span> <span class='ocrx_word' id='word_1_94' title='bbox 1554 1272 1878 1342; x_wconf 78' lang='lat' dir='ltr'><strong>attingeret,</strong></span> <span class='ocrx_word' id='word_1_95' title='bbox 1932 1284 2001 1324; x_wconf 80' lang='lat' dir='ltr'><strong>cx</strong></span> 
     </span>
    </p>
   </div>
   <div class='ocr_carea' id='block_1_15' title="bbox 423 1359 2002 1437">
    <p class='ocr_par' dir='ltr' id='par_1_15' title="bbox 423 1359 2002 1437">
     <span class='ocr_line' id='line_1_15' title="bbox 423 1359 2002 1437; baseline -0.002 -17"><span class='ocrx_word' id='word_1_96' title='bbox 423 1381 534 1437; x_wconf 90' lang='lat' dir='ltr'><strong>quo</strong></span> <span class='ocrx_word' id='word_1_97' title='bbox 563 1366 639 1420; x_wconf 89' lang='lat' dir='ltr'><strong>ait</strong></span> <span class='ocrx_word' id='word_1_98' title='bbox 673 1385 685 1420; x_wconf 91' lang='lat'><strong>:</strong></span> <span class='ocrx_word' id='word_1_99' title='bbox 725 1384 743 1416; x_wconf 82' lang='grc' dir='ltr'><strong>ι</strong></span> <span class='ocrx_word' id='word_1_100' title='bbox 779 1363 941 1435; x_wconf 85' lang='lat' dir='ltr'><strong>Eripe</strong></span> <span class='ocrx_word' id='word_1_101' title='bbox 971 1378 1007 1419; x_wconf 66' lang='grc' dir='ltr'><strong>ε</strong></span> <span class='ocrx_word' id='word_1_102' title='bbox 1042 1364 1246 1419; x_wconf 80' lang='lat' dir='ltr'><strong>framea</strong></span> <span class='ocrx_word' id='word_1_103' title='bbox 1273 1364 1509 1418; x_wconf 86' lang='lat' dir='ltr'><strong>animam</strong></span> <span class='ocrx_word' id='word_1_104' title='bbox 1544 1377 1760 1424; x_wconf 88' lang='lat' dir='ltr'><strong>meam,</strong></span> <span class='ocrx_word' id='word_1_105' title='bbox 1820 1368 1876 1414; x_wconf 90' lang='lat' dir='ltr'><strong>et</strong></span> <span class='ocrx_word' id='word_1_106' title='bbox 1932 1359 2002 1417; x_wconf 87' lang='lat' dir='ltr'><strong>de</strong></span> 
     </span>
    </p>
   </div>
   <div class='ocr_carea' id='block_1_16' title="bbox 423 1452 2002 1524">
    <p class='ocr_par' dir='ltr' id='par_1_16' title="bbox 423 1452 2002 1524">
     <span class='ocr_line' id='line_1_16' title="bbox 423 1452 2002 1524; baseline -0.003 -12"><span class='ocrx_word' id='word_1_107' title='bbox 423 1473 588 1513; x_wconf 88' lang='lat' dir='ltr'><strong>manu</strong></span> <span class='ocrx_word' id='word_1_108' title='bbox 622 1456 777 1513; x_wconf 85' lang='lat' dir='ltr'><strong>canis</strong></span> <span class='ocrx_word' id='word_1_109' title='bbox 828 1456 1067 1511; x_wconf 87' lang='lat' dir='ltr'><strong>animam</strong></span> <span class='ocrx_word' id='word_1_110' title='bbox 1113 1470 1331 1524; x_wconf 79' lang='lat' dir='ltr'><strong>meam;</strong></span> <span class='ocrx_word' id='word_1_111' title='bbox 1383 1474 1402 1508; x_wconf 73' lang='grc' dir='ltr'><strong>ι</strong></span> <span class='ocrx_word' id='word_1_112' title='bbox 1442 1455 1549 1508; x_wconf 86' lang='lat' dir='ltr'><strong>alia</strong></span> <span class='ocrx_word' id='word_1_113' title='bbox 1584 1454 1709 1508; x_wconf 84' lang='lat' dir='ltr'><strong>item</strong></span> <span class='ocrx_word' id='word_1_114' title='bbox 1761 1452 2002 1522; x_wconf 69' lang='lat' dir='ltr'><strong>maligna</strong></span> 
     </span>
    </p>
   </div>
   <div class='ocr_carea' id='block_1_17' title="bbox 423 1546 1999 1619">
    <p class='ocr_par' dir='ltr' id='par_1_17' title="bbox 423 1546 1999 1619">
     <span class='ocr_line' id='line_1_17' title="bbox 423 1546 1999 1619; baseline -0.003 -15"><span class='ocrx_word' id='word_1_115' title='bbox 423 1550 672 1619; x_wconf 72' lang='lat' dir='ltr'><strong>qumdam</strong></span> <span class='ocrx_word' id='word_1_116' title='bbox 699 1555 960 1619; x_wconf 79' lang='lat' dir='ltr'><strong>potestas,</strong></span> <span class='ocrx_word' id='word_1_117' title='bbox 1000 1549 1246 1604; x_wconf 84' lang='lat' dir='ltr'><strong>omnium</strong></span> <span class='ocrx_word' id='word_1_118' title='bbox 1298 1548 1409 1604; x_wconf 86' lang='lat' dir='ltr'><strong>illic</strong></span> <span class='ocrx_word' id='word_1_119' title='bbox 1440 1548 1674 1603; x_wconf 90' lang='lat' dir='ltr'><strong>ferarum</strong></span> <span class='ocrx_word' id='word_1_120' title='bbox 1707 1546 1999 1616; x_wconf 85' lang='lat' dir='ltr'><strong>princeps,</strong></span> 
     </span>
    </p>
   </div>
   <div class='ocr_carea' id='block_1_18' title="bbox 424 1639 2001 1713">
    <p class='ocr_par' dir='ltr' id='par_1_18' title="bbox 424 1639 2001 1713">
     <span class='ocr_line' id='line_1_18' title="bbox 424 1639 2001 1713; baseline -0.003 -18"><span class='ocrx_word' id='word_1_121' title='bbox 424 1656 547 1713; x_wconf 73' lang='lat' dir='ltr'><strong>quae</strong></span> <span class='ocrx_word' id='word_1_122' title='bbox 575 1641 660 1695; x_wconf 91' lang='lat' dir='ltr'><strong>leo</strong></span> <span class='ocrx_word' id='word_1_123' title='bbox 692 1640 1035 1709; x_wconf 86' lang='lat' dir='ltr'><strong>appelletur,</strong></span> <span class='ocrx_word' id='word_1_124' title='bbox 1087 1639 1181 1694; x_wconf 87' lang='lat' dir='ltr'><strong>ubi</strong></span> <span class='ocrx_word' id='word_1_125' title='bbox 1234 1639 1401 1694; x_wconf 90' lang='lat' dir='ltr'><strong>latum</strong></span> <span class='ocrx_word' id='word_1_126' title='bbox 1449 1651 1727 1708; x_wconf 82' lang='lat' dir='ltr'><strong>supraque</strong></span> <span class='ocrx_word' id='word_1_127' title='bbox 1781 1651 2001 1691; x_wconf 90' lang='lat' dir='ltr'><strong>omnem</strong></span> 
     </span>
    </p>
   </div>
   <div class='ocr_carea' id='block_1_19' title="bbox 422 1725 2001 1793">
    <p class='ocr_par' dir='ltr' id='par_1_19' title="bbox 422 1725 2001 1793">
     <span class='ocr_line' id='line_1_19' title="bbox 422 1725 2001 1793; baseline -0.008 -6"><span class='ocrx_word' id='word_1_128' title='bbox 422 1731 647 1788; x_wconf 87' lang='lat' dir='ltr'><strong>modum</strong></span> <span class='ocrx_word' id='word_1_129' title='bbox 680 1730 839 1785; x_wconf 86' lang='lat' dir='ltr'><strong>hians</strong></span> <span class='ocrx_word' id='word_1_130' title='bbox 867 1730 1060 1786; x_wconf 88' lang='lat' dir='ltr'><strong>mortis</strong></span> <span class='ocrx_word' id='word_1_131' title='bbox 1079 1743 1143 1786; x_wconf 90' lang='lat' dir='ltr'><strong>os</strong></span> <span class='ocrx_word' id='word_1_132' title='bbox 1170 1727 1463 1793; x_wconf 79' lang='lat' dir='ltr'><strong>diduxerit,</strong></span> <span class='ocrx_word' id='word_1_133' title='bbox 1497 1742 1604 1781; x_wconf 90' lang='lat' dir='ltr'><strong>una</strong></span> <span class='ocrx_word' id='word_1_134' title='bbox 1634 1742 1759 1782; x_wconf 90' lang='lat' dir='ltr'><strong>cum</strong></span> <span class='ocrx_word' id='word_1_135' title='bbox 1786 1725 2001 1781; x_wconf 64' lang='lat' dir='ltr'><strong>caeteris</strong></span> 
     </span>
    </p>
   </div>
   <div class='ocr_carea' id='block_1_20' title="bbox 423 1798 2078 1894">
    <p class='ocr_par' dir='ltr' id='par_1_20' title="bbox 423 1798 2078 1894">
     <span class='ocr_line' id='line_1_20' title="bbox 423 1798 2078 1894; baseline -0.005 -16"><span class='ocrx_word' id='word_1_136' title='bbox 423 1838 547 1894; x_wconf 72' lang='lat' dir='ltr'><strong>qua:</strong></span> <span class='ocrx_word' id='word_1_137' title='bbox 578 1821 645 1876; x_wconf 88' lang='lat' dir='ltr'><strong>ad</strong></span> <span class='ocrx_word' id='word_1_138' title='bbox 680 1822 888 1879; x_wconf 87' lang='lat' dir='ltr'><strong>inferos</strong></span> <span class='ocrx_word' id='word_1_139' title='bbox 910 1822 1279 1885; x_wconf 85' lang='lat' dir='ltr'><strong>descendunt,</strong></span> <span class='ocrx_word' id='word_1_140' title='bbox 1312 1820 1461 1877; x_wconf 82' lang='lat' dir='ltr'><strong>illius</strong></span> <span class='ocrx_word' id='word_1_141' title='bbox 1502 1834 1720 1890; x_wconf 79' lang='lat' dir='ltr'><strong>quoque</strong></span> <span class='ocrx_word' id='word_1_142' title='bbox 1758 1820 1996 1873; x_wconf 87' lang='lat' dir='ltr'><strong>animam</strong></span> <span class='ocrx_word' id='word_1_143' title='bbox 2032 1798 2078 1854; x_wconf 75' lang='grc' dir='ltr'><strong>Β</strong></span> 
     </span>
    </p>
   </div>
   <div class='ocr_carea' id='block_1_21' title="bbox 421 1909 2000 1982">
    <p class='ocr_par' dir='ltr' id='par_1_21' title="bbox 421 1909 2000 1982">
     <span class='ocr_line' id='line_1_21' title="bbox 421 1909 2000 1982; baseline -0.004 -11"><span class='ocrx_word' id='word_1_144' title='bbox 421 1916 690 1971; x_wconf 83' lang='lat' dir='ltr'><strong>devorare</strong></span> <span class='ocrx_word' id='word_1_145' title='bbox 718 1925 912 1969; x_wconf 89' lang='lat' dir='ltr'><strong>conata</strong></span> <span class='ocrx_word' id='word_1_146' title='bbox 938 1915 1031 1977; x_wconf 85' lang='lat' dir='ltr'><strong>sit,</strong></span> <span class='ocrx_word' id='word_1_147' title='bbox 1056 1929 1167 1968; x_wconf 88' lang='lat' dir='ltr'><strong>non</strong></span> <span class='ocrx_word' id='word_1_148' title='bbox 1193 1913 1351 1967; x_wconf 91' lang='lat' dir='ltr'><strong>aliter</strong></span> <span class='ocrx_word' id='word_1_149' title='bbox 1382 1926 1514 1967; x_wconf 86' lang='lat' dir='ltr'><strong>sane</strong></span> <span class='ocrx_word' id='word_1_150' title='bbox 1539 1926 1704 1982; x_wconf 89' lang='lat' dir='ltr'><strong>quam</strong></span> <span class='ocrx_word' id='word_1_151' title='bbox 1734 1909 2000 1981; x_wconf 87' lang='lat' dir='ltr'><strong>quemad-</strong></span> 
     </span>
    </p>
   </div>
   <div class='ocr_carea' id='block_1_22' title="bbox 423 2004 2002 2076">
    <p class='ocr_par' dir='ltr' id='par_1_22' title="bbox 423 2004 2002 2076">
     <span class='ocr_line' id='line_1_22' title="bbox 423 2004 2002 2076; baseline -0.003 -15"><span class='ocrx_word' id='word_1_152' title='bbox 423 2007 648 2062; x_wconf 89' lang='lat' dir='ltr'><strong>modum</strong></span> <span class='ocrx_word' id='word_1_153' title='bbox 675 2006 803 2061; x_wconf 84' lang='lat' dir='ltr'><strong>olim</strong></span> <span class='ocrx_word' id='word_1_154' title='bbox 831 2006 984 2076; x_wconf 89' lang='lat' dir='ltr'><strong>prius</strong></span> <span class='ocrx_word' id='word_1_155' title='bbox 1000 2006 1291 2061; x_wconf 78' lang='lat' dir='ltr'><strong>devoverat</strong></span> <span class='ocrx_word' id='word_1_156' title='bbox 1321 2019 1470 2059; x_wconf 89' lang='lat' dir='ltr'><strong>mors</strong></span> <span class='ocrx_word' id='word_1_157' title='bbox 1500 2004 2002 2073; x_wconf 73' lang='lat' dir='ltr'><strong>invalesceus,qua&#39;.</strong></span> 
     </span>
    </p>
   </div>
   <div class='ocr_carea' id='block_1_23' title="bbox 424 2096 2000 2171">
    <p class='ocr_par' dir='ltr' id='par_1_23' title="bbox 424 2096 2000 2171">
     <span class='ocr_line' id='line_1_23' title="bbox 424 2096 2000 2171; baseline -0.004 -15"><span class='ocrx_word' id='word_1_158' title='bbox 424 2102 640 2171; x_wconf 89' lang='lat' dir='ltr'><strong>quidem</strong></span> <span class='ocrx_word' id='word_1_159' title='bbox 668 2114 820 2156; x_wconf 83' lang='lat' dir='ltr'><strong>mors</strong></span> <span class='ocrx_word' id='word_1_160' title='bbox 843 2114 948 2154; x_wconf 92' lang='lat' dir='ltr'><strong>non</strong></span> <span class='ocrx_word' id='word_1_161' title='bbox 981 2100 1085 2154; x_wconf 87' lang='lat' dir='ltr'><strong>alia</strong></span> <span class='ocrx_word' id='word_1_162' title='bbox 1119 2098 1282 2154; x_wconf 87' lang='lat' dir='ltr'><strong>fuerit</strong></span> <span class='ocrx_word' id='word_1_163' title='bbox 1313 2113 1471 2168; x_wconf 90' lang='lat' dir='ltr'><strong>quam</strong></span> <span class='ocrx_word' id='word_1_164' title='bbox 1495 2097 1585 2168; x_wconf 84' lang='lat' dir='ltr'><strong>qui</strong></span> <span class='ocrx_word' id='word_1_165' title='bbox 1621 2097 1725 2152; x_wconf 89' lang='lat' dir='ltr'><strong>hoc</strong></span> <span class='ocrx_word' id='word_1_166' title='bbox 1758 2097 1877 2150; x_wconf 91' lang='lat' dir='ltr'><strong>loco</strong></span> <span class='ocrx_word' id='word_1_167' title='bbox 1916 2096 2000 2150; x_wconf 89' lang='lat' dir='ltr'><strong>leo</strong></span> 
     </span>
    </p>
   </div>
   <div class='ocr_carea' id='block_1_24' title="bbox 425 2190 1999 2263">
    <p class='ocr_par' dir='ltr' id='par_1_24' title="bbox 425 2190 1999 2263">
     <span class='ocr_line' id='line_1_24' title="bbox 425 2190 1999 2263; baseline -0.003 -14"><span class='ocrx_word' id='word_1_168' title='bbox 425 2195 760 2256; x_wconf 84' lang='lat' dir='ltr'><strong>nominatur,</strong></span> <span class='ocrx_word' id='word_1_169' title='bbox 786 2202 842 2248; x_wconf 89' lang='lat' dir='ltr'><strong>et</strong></span> <span class='ocrx_word' id='word_1_170' title='bbox 875 2193 968 2263; x_wconf 86' lang='lat' dir='ltr'><strong>qui</strong></span> <span class='ocrx_word' id='word_1_171' title='bbox 1015 2207 1078 2248; x_wconf 90' lang='lat' dir='ltr'><strong>os</strong></span> <span class='ocrx_word' id='word_1_172' title='bbox 1114 2200 1305 2247; x_wconf 82' lang='lat' dir='ltr'><strong>contra</strong></span> <span class='ocrx_word' id='word_1_173' title='bbox 1353 2190 1689 2245; x_wconf 77' lang='lat' dir='ltr'><strong>Salvatorcm</strong></span> <span class='ocrx_word' id='word_1_174' title='bbox 1749 2197 1999 2246; x_wconf 88' lang='lat' dir='ltr'><strong>nostrum</strong></span> 
     </span>
    </p>
   </div>
   <div class='ocr_carea' id='block_1_25' title="bbox 425 2279 1998 2357">
    <p class='ocr_par' dir='ltr' id='par_1_25' title="bbox 425 2279 1998 2357">
     <span class='ocr_line' id='line_1_25' title="bbox 425 2279 1998 2357; baseline -0.004 -17"><span class='ocrx_word' id='word_1_175' title='bbox 425 2288 663 2357; x_wconf 72' lang='lat' dir='ltr'><strong>aperuit,</strong></span> <span class='ocrx_word' id='word_1_176' title='bbox 694 2301 723 2339; x_wconf 91' lang='lat' dir='ltr'><strong>a</strong></span> <span class='ocrx_word' id='word_1_177' title='bbox 750 2300 860 2356; x_wconf 85' lang='lat' dir='ltr'><strong>quo</strong></span> <span class='ocrx_word' id='word_1_178' title='bbox 891 2286 1006 2355; x_wconf 89' lang='lat' dir='ltr'><strong>ipse</strong></span> <span class='ocrx_word' id='word_1_179' title='bbox 1027 2300 1086 2340; x_wconf 89' lang='lat' dir='ltr'><strong>se</strong></span> <span class='ocrx_word' id='word_1_180' title='bbox 1108 2286 1317 2339; x_wconf 83' lang='lat' dir='ltr'><strong>salvum</strong></span> <span class='ocrx_word' id='word_1_181' title='bbox 1343 2284 1574 2339; x_wconf 85' lang='lat' dir='ltr'><strong>evadere</strong></span> <span class='ocrx_word' id='word_1_182' title='bbox 1606 2279 1819 2338; x_wconf 78' lang='lat' dir='ltr'><strong>Patrem</strong></span> <span class='ocrx_word' id='word_1_183' title='bbox 1839 2297 1998 2337; x_wconf 90' lang='lat' dir='ltr'><strong>suum</strong></span> 
     </span>
    </p>
   </div>
   <div class='ocr_carea' id='block_1_26' title="bbox 425 2372 1999 2441">
    <p class='ocr_par' dir='ltr' id='par_1_26' title="bbox 425 2372 1999 2441">
     <span class='ocr_line' id='line_1_26' title="bbox 425 2372 1999 2441; baseline -0.002 -11"><span class='ocrx_word' id='word_1_184' title='bbox 425 2387 584 2441; x_wconf 88' lang='lat' dir='ltr'><strong>orat,</strong></span> <span class='ocrx_word' id='word_1_185' title='bbox 629 2377 859 2432; x_wconf 80' lang='lat' dir='ltr'><strong>dicens:</strong></span> <span class='ocrx_word' id='word_1_186' title='bbox 902 2394 922 2427; x_wconf 79' lang='grc' dir='ltr'><strong>ι</strong></span> <span class='ocrx_word' id='word_1_187' title='bbox 963 2377 1121 2431; x_wconf 84' lang='lat' dir='ltr'><strong>Salva</strong></span> <span class='ocrx_word' id='word_1_188' title='bbox 1170 2391 1257 2431; x_wconf 89' lang='lat' dir='ltr'><strong>me</strong></span> <span class='ocrx_word' id='word_1_189' title='bbox 1297 2391 1363 2430; x_wconf 82' lang='lat' dir='ltr'><strong>ex</strong></span> <span class='ocrx_word' id='word_1_190' title='bbox 1403 2390 1499 2430; x_wconf 91' lang='lat' dir='ltr'><strong>ore</strong></span> <span class='ocrx_word' id='word_1_191' title='bbox 1550 2375 1746 2429; x_wconf 88' lang='lat' dir='ltr'><strong>leonis.</strong></span> <span class='ocrx_word' id='word_1_192' title='bbox 1787 2393 1806 2425; x_wconf 72' lang='grc' dir='ltr'><strong>ι</strong></span> <span class='ocrx_word' id='word_1_193' title='bbox 1855 2372 1999 2427; x_wconf 88' lang='lat' dir='ltr'><strong>Fieri</strong></span> 
     </span>
    </p>
   </div>
   <div class='ocr_carea' id='block_1_27' title="bbox 424 2466 2004 2539">
    <p class='ocr_par' dir='ltr' id='par_1_27' title="bbox 424 2466 2004 2539">
     <span class='ocr_line' id='line_1_27' title="bbox 424 2466 2004 2539; baseline -0.002 -16"><span class='ocrx_word' id='word_1_194' title='bbox 424 2470 588 2523; x_wconf 83' lang='lat' dir='ltr'><strong>etiam</strong></span> <span class='ocrx_word' id='word_1_195' title='bbox 622 2474 797 2538; x_wconf 83' lang='lat' dir='ltr'><strong>potest</strong></span> <span class='ocrx_word' id='word_1_196' title='bbox 824 2476 884 2523; x_wconf 92' lang='lat' dir='ltr'><strong>ut</strong></span> <span class='ocrx_word' id='word_1_197' title='bbox 910 2469 1029 2525; x_wconf 73' lang='lat' dir='ltr'><strong>alite</strong></span> <span class='ocrx_word' id='word_1_198' title='bbox 1056 2478 1315 2538; x_wconf 62' lang='lat' dir='ltr'><strong>prieterea</strong></span> <span class='ocrx_word' id='word_1_199' title='bbox 1337 2468 1448 2523; x_wconf 89' lang='lat' dir='ltr'><strong>sint</strong></span> <span class='ocrx_word' id='word_1_200' title='bbox 1473 2468 1720 2539; x_wconf 75' lang='lat' dir='ltr'><strong>quzedam</strong></span> <span class='ocrx_word' id='word_1_201' title='bbox 1749 2466 2004 2535; x_wconf 63' lang='lat' dir='ltr'><strong>malignae</strong></span> 
     </span>
    </p>
   </div>
   <div class='ocr_carea' id='block_1_28' title="bbox 425 2558 2000 2632">
    <p class='ocr_par' dir='ltr' id='par_1_28' title="bbox 425 2558 2000 2632">
     <span class='ocr_line' id='line_1_28' title="bbox 425 2558 2000 2632; baseline -0.003 -15"><span class='ocrx_word' id='word_1_202' title='bbox 425 2576 491 2617; x_wconf 77' lang='lat' dir='ltr'><strong>ac</strong></span> <span class='ocrx_word' id='word_1_203' title='bbox 520 2558 630 2615; x_wconf 84' lang='lat' dir='ltr'><strong>Deo</strong></span> <span class='ocrx_word' id='word_1_204' title='bbox 660 2561 887 2617; x_wconf 84' lang='lat' dir='ltr'><strong>rebelles</strong></span> <span class='ocrx_word' id='word_1_205' title='bbox 914 2569 1208 2632; x_wconf 58' lang='lat' dir='ltr'><strong>meantes</strong></span> <span class='ocrx_word' id='word_1_206' title='bbox 1232 2558 1494 2616; x_wconf 82' lang='lat' dir='ltr'><strong>adversus</strong></span> <span class='ocrx_word' id='word_1_207' title='bbox 1538 2560 1630 2615; x_wconf 83' lang='lat' dir='ltr'><strong>Dei</strong></span> <span class='ocrx_word' id='word_1_208' title='bbox 1678 2561 2000 2614; x_wconf 87' lang='lat' dir='ltr'><strong>unicornem</strong></span> 
     </span>
    </p>
   </div>
   <div class='ocr_carea' id='block_1_29' title="bbox 425 2652 2001 2724">
    <p class='ocr_par' dir='ltr' id='par_1_29' title="bbox 425 2652 2001 2724">
     <span class='ocr_line' id='line_1_29' title="bbox 425 2652 2001 2724; baseline -0.003 -17"><span class='ocrx_word' id='word_1_209' title='bbox 425 2653 684 2720; x_wconf 78' lang='lat' dir='ltr'><strong>nitentes,</strong></span> <span class='ocrx_word' id='word_1_210' title='bbox 713 2669 949 2724; x_wconf 84' lang='lat' dir='ltr'><strong>eumque</strong></span> <span class='ocrx_word' id='word_1_211' title='bbox 983 2653 1036 2707; x_wconf 90' lang='lat' dir='ltr'><strong>in</strong></span> <span class='ocrx_word' id='word_1_212' title='bbox 1060 2653 1369 2707; x_wconf 89' lang='lat' dir='ltr'><strong>contrarias</strong></span> <span class='ocrx_word' id='word_1_213' title='bbox 1399 2662 1582 2723; x_wconf 84' lang='lat' dir='ltr'><strong>partes</strong></span> <span class='ocrx_word' id='word_1_214' title='bbox 1611 2652 1884 2706; x_wconf 84' lang='lat' dir='ltr'><strong>abducere</strong></span> <span class='ocrx_word' id='word_1_215' title='bbox 1906 2666 2001 2704; x_wconf 87' lang='lat' dir='ltr'><strong>co-</strong></span> 
     </span>
    </p>
   </div>
   <div class='ocr_carea' id='block_1_30' title="bbox 425 2741 2001 2814">
    <p class='ocr_par' dir='ltr' id='par_1_30' title="bbox 425 2741 2001 2814">
     <span class='ocr_line' id='line_1_30' title="bbox 425 2741 2001 2814; baseline -0.001 -17"><span class='ocrx_word' id='word_1_216' title='bbox 425 2751 656 2808; x_wconf 82' lang='lat' dir='ltr'><strong>nantes,</strong></span> <span class='ocrx_word' id='word_1_217' title='bbox 686 2759 716 2797; x_wconf 90' lang='lat' dir='ltr'><strong>a</strong></span> <span class='ocrx_word' id='word_1_218' title='bbox 744 2744 947 2814; x_wconf 77' lang='lat' dir='ltr'><strong>quibus</strong></span> <span class='ocrx_word' id='word_1_219' title='bbox 983 2745 1132 2807; x_wconf 89' lang='lat' dir='ltr'><strong>item,</strong></span> <span class='ocrx_word' id='word_1_220' title='bbox 1161 2741 1255 2798; x_wconf 91' lang='lat' dir='ltr'><strong>Dei</strong></span> <span class='ocrx_word' id='word_1_221' title='bbox 1290 2742 1572 2797; x_wconf 88' lang='lat' dir='ltr'><strong>unicornis</strong></span> <span class='ocrx_word' id='word_1_222' title='bbox 1598 2782 1614 2808; x_wconf 93' lang='lat'><strong>,</strong></span> <span class='ocrx_word' id='word_1_223' title='bbox 1661 2743 1777 2812; x_wconf 88' lang='lat' dir='ltr'><strong>ipse</strong></span> <span class='ocrx_word' id='word_1_224' title='bbox 1814 2741 2001 2796; x_wconf 85' lang='lat' dir='ltr'><strong>Domi-</strong></span> 
     </span>
    </p>
   </div>
   <div class='ocr_carea' id='block_1_31' title="bbox 423 2833 2003 2899">
    <p class='ocr_par' dir='ltr' id='par_1_31' title="bbox 423 2833 2003 2899">
     <span class='ocr_line' id='line_1_31' title="bbox 423 2833 2003 2899; baseline -0.003 -9"><span class='ocrx_word' id='word_1_225' title='bbox 423 2844 532 2892; x_wconf 76' lang='lat' dir='ltr'><strong>tius</strong></span> <span class='ocrx_word' id='word_1_226' title='bbox 570 2845 776 2899; x_wconf 86' lang='lat' dir='ltr'><strong>noster,</strong></span> <span class='ocrx_word' id='word_1_227' title='bbox 801 2836 978 2889; x_wconf 90' lang='lat' dir='ltr'><strong>solum</strong></span> <span class='ocrx_word' id='word_1_228' title='bbox 1009 2833 1225 2889; x_wconf 90' lang='lat' dir='ltr'><strong>Patrem</strong></span> <span class='ocrx_word' id='word_1_229' title='bbox 1253 2848 1424 2889; x_wconf 85' lang='lat' dir='ltr'><strong>cornu</strong></span> <span class='ocrx_word' id='word_1_230' title='bbox 1469 2834 1708 2896; x_wconf 87' lang='lat' dir='ltr'><strong>habens,</strong></span> <span class='ocrx_word' id='word_1_231' title='bbox 1734 2849 1888 2888; x_wconf 89' lang='lat' dir='ltr'><strong>suam</strong></span> <span class='ocrx_word' id='word_1_232' title='bbox 1936 2833 2003 2886; x_wconf 86' lang='lat' dir='ltr'><strong>li-</strong></span> 
     </span>
    </p>
   </div>
   <div class='ocr_carea' id='block_1_32' title="bbox 423 2923 2004 2995">
    <p class='ocr_par' dir='ltr' id='par_1_32' title="bbox 423 2923 2004 2995">
     <span class='ocr_line' id='line_1_32' title="bbox 423 2923 2004 2995; baseline -0.003 -14"><span class='ocrx_word' id='word_1_233' title='bbox 423 2927 604 2982; x_wconf 78' lang='lat' dir='ltr'><strong>berari</strong></span> <span class='ocrx_word' id='word_1_234' title='bbox 634 2927 992 2981; x_wconf 84' lang='lat' dir='ltr'><strong>luuuilitatem</strong></span> <span class='ocrx_word' id='word_1_235' title='bbox 1024 2927 1296 2995; x_wconf 83' lang='lat' dir='ltr'><strong>postulat,</strong></span> <span class='ocrx_word' id='word_1_236' title='bbox 1330 2924 1519 2980; x_wconf 90' lang='lat' dir='ltr'><strong>dicens</strong></span> <span class='ocrx_word' id='word_1_237' title='bbox 1548 2938 1567 2980; x_wconf 73' lang='grc' dir='ltr'><strong>τ</strong></span> <span class='ocrx_word' id='word_1_238' title='bbox 1603 2944 1622 2977; x_wconf 84' lang='grc' dir='ltr'><strong>ι</strong></span> <span class='ocrx_word' id='word_1_239' title='bbox 1669 2923 1737 2978; x_wconf 89' lang='grc' dir='ltr'>Ει</span> <span class='ocrx_word' id='word_1_240' title='bbox 1762 2939 1792 2978; x_wconf 88' lang='lat' dir='ltr'><strong>a</strong></span> <span class='ocrx_word' id='word_1_241' title='bbox 1819 2923 2004 2979; x_wconf 49' lang='lat' dir='ltr'><strong>corui‘</strong></span> 
     </span>
    </p>
   </div>
   <div class='ocr_carea' id='block_1_33' title="bbox 422 3011 1999 3085">
    <p class='ocr_par' dir='ltr' id='par_1_33' title="bbox 422 3011 1999 3085">
     <span class='ocr_line' id='line_1_33' title="bbox 422 3011 1999 3085; baseline -0.004 -11"><span class='ocrx_word' id='word_1_242' title='bbox 422 3019 528 3074; x_wconf 82' lang='lat' dir='ltr'><strong>bus</strong></span> <span class='ocrx_word' id='word_1_243' title='bbox 574 3017 916 3072; x_wconf 86' lang='lat' dir='ltr'><strong>unicornium</strong></span> <span class='ocrx_word' id='word_1_244' title='bbox 962 3016 1322 3070; x_wconf 88' lang='lat' dir='ltr'><strong>humilitatem</strong></span> <span class='ocrx_word' id='word_1_245' title='bbox 1379 3030 1576 3068; x_wconf 90' lang='lat' dir='ltr'><strong>meam.</strong></span> <span class='ocrx_word' id='word_1_246' title='bbox 1609 3033 1629 3067; x_wconf 72' lang='grc' dir='ltr'><strong>ι</strong></span> <span class='ocrx_word' id='word_1_247' title='bbox 1684 3011 1791 3069; x_wconf 84' lang='lat' dir='ltr'><strong>Sed</strong></span> <span class='ocrx_word' id='word_1_248' title='bbox 1836 3030 1999 3085; x_wconf 74' lang='lat' dir='ltr'><strong>quam</strong></span> 
     </span>
    </p>
   </div>
   <div class='ocr_carea' id='block_1_34' title="bbox 422 3107 2000 3177">
    <p class='ocr_par' dir='ltr' id='par_1_34' title="bbox 422 3107 2000 3177">
     <span class='ocr_line' id='line_1_34' title="bbox 422 3107 2000 3177; baseline -0.003 -14"><span class='ocrx_word' id='word_1_249' title='bbox 422 3110 645 3165; x_wconf 86' lang='lat' dir='ltr'><strong>tandem</strong></span> <span class='ocrx_word' id='word_1_250' title='bbox 686 3109 1079 3171; x_wconf 86' lang='lat' dir='ltr'><strong>humilitatem,</strong></span> <span class='ocrx_word' id='word_1_251' title='bbox 1141 3108 1247 3163; x_wconf 88' lang='lat' dir='ltr'><strong>nisi</strong></span> <span class='ocrx_word' id='word_1_252' title='bbox 1293 3107 1433 3162; x_wconf 89' lang='lat' dir='ltr'><strong>hanc</strong></span> <span class='ocrx_word' id='word_1_253' title='bbox 1480 3107 1653 3177; x_wconf 90' lang='lat' dir='ltr'><strong>ipsam</strong></span> <span class='ocrx_word' id='word_1_254' title='bbox 1704 3107 2000 3163; x_wconf 77' lang='lat' dir='ltr'><strong>secundam</strong></span> 
     </span>
    </p>
   </div>
   <div class='ocr_carea' id='block_1_35' title="bbox 423 3199 2002 3273">
    <p class='ocr_par' dir='ltr' id='par_1_35' title="bbox 423 3199 2002 3273">
     <span class='ocr_line' id='line_1_35' title="bbox 423 3199 2002 3273; baseline -0.001 -18"><span class='ocrx_word' id='word_1_255' title='bbox 423 3217 610 3273; x_wconf 84' lang='lat' dir='ltr'><strong>quam,</strong></span> <span class='ocrx_word' id='word_1_256' title='bbox 645 3220 665 3253; x_wconf 77' lang='grc' dir='ltr'><strong>ι</strong></span> <span class='ocrx_word' id='word_1_257' title='bbox 706 3216 833 3255; x_wconf 88' lang='lat' dir='ltr'><strong>cum</strong></span> <span class='ocrx_word' id='word_1_258' title='bbox 883 3202 937 3254; x_wconf 88' lang='lat' dir='ltr'><strong>in</strong></span> <span class='ocrx_word' id='word_1_259' title='bbox 989 3201 1164 3255; x_wconf 89' lang='lat' dir='ltr'><strong>forma</strong></span> <span class='ocrx_word' id='word_1_260' title='bbox 1198 3199 1290 3256; x_wconf 89' lang='lat' dir='ltr'><strong>Dei</strong></span> <span class='ocrx_word' id='word_1_261' title='bbox 1320 3207 1488 3266; x_wconf 88' lang='lat' dir='ltr'><strong>esset,</strong></span> <span class='ocrx_word' id='word_1_262' title='bbox 1521 3199 1828 3254; x_wconf 85' lang='lat' dir='ltr'><strong>humiliavit</strong></span> <span class='ocrx_word' id='word_1_263' title='bbox 1860 3201 2002 3270; x_wconf 51' lang='lat' dir='ltr'><strong>seip.</strong></span> 
     </span>
    </p>
   </div>
   <div class='ocr_carea' id='block_1_36' title="bbox 425 3291 2005 3361">
    <p class='ocr_par' dir='ltr' id='par_1_36' title="bbox 425 3291 2005 3361">
     <span class='ocr_line' id='line_1_36' title="bbox 425 3291 2005 3361; baseline -0.002 -12"><span class='ocrx_word' id='word_1_264' title='bbox 425 3311 547 3350; x_wconf 85' lang='lat' dir='ltr'><strong>sum</strong></span> <span class='ocrx_word' id='word_1_265' title='bbox 597 3301 651 3348; x_wconf 90' lang='lat' dir='ltr'><strong>et</strong></span> <span class='ocrx_word' id='word_1_266' title='bbox 687 3293 974 3347; x_wconf 78' lang='lat' dir='ltr'><strong>evacuavit</strong></span> <span class='ocrx_word' id='word_1_267' title='bbox 1004 3293 1182 3348; x_wconf 87' lang='lat' dir='ltr'><strong>factus</strong></span> <span class='ocrx_word' id='word_1_268' title='bbox 1215 3294 1477 3348; x_wconf 81' lang='lat' dir='ltr'><strong>obediens</strong></span> <span class='ocrx_word' id='word_1_269' title='bbox 1527 3308 1701 3361; x_wconf 90' lang='lat' dir='ltr'><strong>usque</strong></span> <span class='ocrx_word' id='word_1_270' title='bbox 1744 3291 1811 3346; x_wconf 90' lang='lat' dir='ltr'><strong>ad</strong></span> <span class='ocrx_word' id='word_1_271' title='bbox 1858 3308 2005 3346; x_wconf 86' lang='lat' dir='ltr'><strong>mor-</strong></span> 
     </span>
    </p>
   </div>
   <div class='ocr_carea' id='block_1_37' title="bbox 424 3383 2004 3455">
    <p class='ocr_par' dir='ltr' id='par_1_37' title="bbox 424 3383 2004 3455">
     <span class='ocr_line' id='line_1_37' title="bbox 424 3383 2004 3455; baseline -0.001 -16"><span class='ocrx_word' id='word_1_272' title='bbox 424 3395 558 3446; x_wconf 81' lang='lat' dir='ltr'><strong>tem.</strong></span> <span class='ocrx_word' id='word_1_273' title='bbox 590 3393 822 3439; x_wconf 81' lang='lat' dir='ltr'><strong>mortem</strong></span> <span class='ocrx_word' id='word_1_274' title='bbox 854 3395 1033 3437; x_wconf 88' lang='lat' dir='ltr'><strong>autem</strong></span> <span class='ocrx_word' id='word_1_275' title='bbox 1059 3386 1241 3439; x_wconf 84' lang='lat' dir='ltr'><strong>crucis</strong></span> <span class='ocrx_word' id='word_1_276' title='bbox 1272 3385 1354 3437; x_wconf 77' lang='lat' dir='ltr'><strong>“‘I</strong></span> <span class='ocrx_word' id='word_1_277' title='bbox 1393 3404 1412 3436; x_wconf 75' lang='grc' dir='ltr'><strong>ι</strong></span> <span class='ocrx_word' id='word_1_278' title='bbox 1446 3384 1714 3439; x_wconf 71' lang='lat' dir='ltr'><strong>Cancrum</strong></span> <span class='ocrx_word' id='word_1_279' title='bbox 1748 3385 1794 3438; x_wconf 93' lang='lat' dir='ltr'><strong>is</strong></span> <span class='ocrx_word' id='word_1_280' title='bbox 1817 3387 1911 3455; x_wconf 88' lang='lat' dir='ltr'><strong>qui</strong></span> <span class='ocrx_word' id='word_1_281' title='bbox 1936 3383 2004 3438; x_wconf 90' lang='lat' dir='ltr'><strong>ad</strong></span> 
     </span>
    </p>
   </div>
   <div class='ocr_carea' id='block_1_38' title="bbox 425 3472 2004 3546">
    <p class='ocr_par' dir='ltr' id='par_1_38' title="bbox 425 3472 2004 3546">
     <span class='ocr_line' id='line_1_38' title="bbox 425 3472 2004 3546; baseline 0.002 -19"><span class='ocrx_word' id='word_1_282' title='bbox 425 3481 634 3527; x_wconf 83' lang='lat' dir='ltr'><strong>tantam</strong></span> <span class='ocrx_word' id='word_1_283' title='bbox 659 3472 1023 3526; x_wconf 80' lang='lat' dir='ltr'><strong>humilitatem</strong></span> <span class='ocrx_word' id='word_1_284' title='bbox 1047 3473 1332 3527; x_wconf 87' lang='lat' dir='ltr'><strong>descendit</strong></span> <span class='ocrx_word' id='word_1_285' title='bbox 1382 3487 1436 3528; x_wconf 86' lang='lat' dir='ltr'><strong>et</strong></span> <span class='ocrx_word' id='word_1_286' title='bbox 1479 3475 1762 3546; x_wconf 85' lang='lat' dir='ltr'><strong>hucusque</strong></span> <span class='ocrx_word' id='word_1_287' title='bbox 1809 3490 2004 3546; x_wconf 86' lang='lat' dir='ltr'><strong>perve-</strong></span> 
     </span>
    </p>
   </div>
   <div class='ocr_carea' id='block_1_39' title="bbox 423 3564 2003 3640">
    <p class='ocr_par' dir='ltr' id='par_1_39' title="bbox 423 3564 2003 3640">
     <span class='ocr_line' id='line_1_39' title="bbox 423 3564 2003 3640; baseline 0.002 -20"><span class='ocrx_word' id='word_1_288' title='bbox 423 3567 530 3626; x_wconf 86' lang='lat' dir='ltr'><strong>nit.</strong></span> <span class='ocrx_word' id='word_1_289' title='bbox 557 3566 661 3620; x_wconf 83' lang='lat' dir='ltr'><strong>hoc</strong></span> <span class='ocrx_word' id='word_1_290' title='bbox 699 3574 783 3620; x_wconf 86' lang='lat' dir='ltr'><strong>est</strong></span> <span class='ocrx_word' id='word_1_291' title='bbox 824 3581 998 3634; x_wconf 87' lang='lat' dir='ltr'><strong>usque</strong></span> <span class='ocrx_word' id='word_1_292' title='bbox 1046 3564 1114 3618; x_wconf 86' lang='lat' dir='ltr'><strong>ad</strong></span> <span class='ocrx_word' id='word_1_293' title='bbox 1147 3567 1260 3620; x_wconf 85' lang='lat' dir='ltr'><strong>orei</strong></span> <span class='ocrx_word' id='word_1_294' title='bbox 1297 3566 1559 3622; x_wconf 85' lang='lat' dir='ltr'><strong>frameam</strong></span> <span class='ocrx_word' id='word_1_295' title='bbox 1623 3577 1677 3622; x_wconf 90' lang='lat' dir='ltr'><strong>ct</strong></span> <span class='ocrx_word' id='word_1_296' title='bbox 1727 3585 1901 3640; x_wconf 89' lang='lat' dir='ltr'><strong>usque</strong></span> <span class='ocrx_word' id='word_1_297' title='bbox 1935 3568 2003 3623; x_wconf 84' lang='lat' dir='ltr'><strong>ad</strong></span> 
     </span>
    </p>
   </div>
   <div class='ocr_carea' id='block_1_40' title="bbox 424 3659 2003 3733">
    <p class='ocr_par' dir='ltr' id='par_1_40' title="bbox 424 3659 2003 3733">
     <span class='ocr_line' id='line_1_40' title="bbox 424 3659 2003 3733; baseline 0.004 -21"><span class='ocrx_word' id='word_1_298' title='bbox 424 3673 646 3712; x_wconf 84' lang='lat' dir='ltr'><strong>manum</strong></span> <span class='ocrx_word' id='word_1_299' title='bbox 681 3659 823 3728; x_wconf 83' lang='lat' dir='ltr'><strong>ejus,</strong></span> <span class='ocrx_word' id='word_1_300' title='bbox 855 3660 947 3729; x_wconf 90' lang='lat' dir='ltr'><strong>qui</strong></span> <span class='ocrx_word' id='word_1_301' title='bbox 998 3660 1128 3714; x_wconf 88' lang='lat' dir='ltr'><strong>illuc</strong></span> <span class='ocrx_word' id='word_1_302' title='bbox 1157 3662 1360 3715; x_wconf 83' lang='lat' dir='ltr'><strong>dicitur</strong></span> <span class='ocrx_word' id='word_1_303' title='bbox 1395 3662 1547 3717; x_wconf 84' lang='lat' dir='ltr'><strong>canis</strong></span> <span class='ocrx_word' id='word_1_304' title='bbox 1576 3662 1659 3733; x_wconf 78' lang='lat' dir='ltr'><strong>(ex</strong></span> <span class='ocrx_word' id='word_1_305' title='bbox 1696 3680 1806 3733; x_wconf 84' lang='lat' dir='ltr'><strong>quo</strong></span> <span class='ocrx_word' id='word_1_306' title='bbox 1840 3664 2003 3718; x_wconf 90' lang='lat' dir='ltr'><strong>etiam</strong></span> 
     </span>
    </p>
   </div>
   <div class='ocr_carea' id='block_1_41' title="bbox 426 3751 2007 3823">
    <p class='ocr_par' dir='ltr' id='par_1_41' title="bbox 426 3751 2007 3823">
     <span class='ocr_line' id='line_1_41' title="bbox 426 3751 2007 3823; baseline 0.004 -19"><span class='ocrx_word' id='word_1_307' title='bbox 426 3751 726 3823; x_wconf 85' lang='lat' dir='ltr'><strong>scriptores</strong></span> <span class='ocrx_word' id='word_1_308' title='bbox 764 3751 1076 3807; x_wconf 78' lang='lat' dir='ltr'><strong>Graecorum</strong></span> <span class='ocrx_word' id='word_1_309' title='bbox 1105 3769 1203 3823; x_wconf 87' lang='lat' dir='ltr'><strong>par</strong></span> <span class='ocrx_word' id='word_1_310' title='bbox 1232 3763 1317 3811; x_wconf 91' lang='lat' dir='ltr'><strong>est</strong></span> <span class='ocrx_word' id='word_1_311' title='bbox 1360 3770 1484 3809; x_wconf 89' lang='lat' dir='ltr'><strong>cum</strong></span> <span class='ocrx_word' id='word_1_312' title='bbox 1510 3755 1577 3810; x_wconf 91' lang='lat' dir='ltr'><strong>de</strong></span> <span class='ocrx_word' id='word_1_313' title='bbox 1616 3757 1709 3809; x_wconf 91' lang='lat' dir='ltr'><strong>tali</strong></span> <span class='ocrx_word' id='word_1_314' title='bbox 1740 3772 1876 3812; x_wconf 89' lang='lat' dir='ltr'><strong>caue</strong></span> <span class='ocrx_word' id='word_1_315' title='bbox 1905 3773 2007 3811; x_wconf 69' lang='lat' dir='ltr'><strong>au-</strong></span> 
     </span>
    </p>
   </div>
   <div class='ocr_carea' id='block_1_42' title="bbox 425 3840 2001 3916">
    <p class='ocr_par' dir='ltr' id='par_1_42' title="bbox 425 3840 2001 3916">
     <span class='ocr_line' id='line_1_42' title="bbox 425 3840 2001 3916; baseline 0.004 -23"><span class='ocrx_word' id='word_1_316' title='bbox 425 3840 716 3901; x_wconf 79' lang='lat' dir='ltr'><strong>divisscnt.</strong></span> <span class='ocrx_word' id='word_1_317' title='bbox 753 3856 863 3911; x_wconf 90' lang='lat' dir='ltr'><strong>quo</strong></span> <span class='ocrx_word' id='word_1_318' title='bbox 893 3856 1025 3897; x_wconf 87' lang='lat' dir='ltr'><strong>orco</strong></span> <span class='ocrx_word' id='word_1_319' title='bbox 1053 3842 1361 3906; x_wconf 84' lang='lat' dir='ltr'><strong>inserviret.</strong></span> <span class='ocrx_word' id='word_1_320' title='bbox 1398 3843 1545 3897; x_wconf 90' lang='lat' dir='ltr'><strong>hunc</strong></span> <span class='ocrx_word' id='word_1_321' title='bbox 1577 3844 1754 3913; x_wconf 85' lang='lat' dir='ltr'><strong>ipsum</strong></span> <span class='ocrx_word' id='word_1_322' title='bbox 1788 3846 2001 3916; x_wconf 85' lang='lat' dir='ltr'><strong>tricipi-</strong></span> 
     </span>
    </p>
   </div>
   <div class='ocr_carea' id='block_1_43' title="bbox 424 3931 2008 4008">
    <p class='ocr_par' dir='ltr' id='par_1_43' title="bbox 424 3931 2008 4008">
     <span class='ocr_line' id='line_1_43' title="bbox 424 3931 2008 4008; baseline 0.006 -23"><span class='ocrx_word' id='word_1_323' title='bbox 424 3938 532 3986; x_wconf 89' lang='lat' dir='ltr'><strong>tem</strong></span> <span class='ocrx_word' id='word_1_324' title='bbox 558 3931 843 4004; x_wconf 79' lang='lat' dir='ltr'><strong>pinxisse),</strong></span> <span class='ocrx_word' id='word_1_325' title='bbox 874 3934 1000 3987; x_wconf 89' lang='lat' dir='ltr'><strong>item</strong></span> <span class='ocrx_word' id='word_1_326' title='bbox 1029 3935 1121 4004; x_wconf 85' lang='lat' dir='ltr'><strong>qui</strong></span> <span class='ocrx_word' id='word_1_327' title='bbox 1156 3950 1328 4005; x_wconf 81' lang='lat' dir='ltr'><strong>usque</strong></span> <span class='ocrx_word' id='word_1_328' title='bbox 1350 3935 1415 3989; x_wconf 89' lang='lat' dir='ltr'><strong>ad</strong></span> <span class='ocrx_word' id='word_1_329' title='bbox 1451 3934 1634 3990; x_wconf 89' lang='lat' dir='ltr'><strong>fauces</strong></span> <span class='ocrx_word' id='word_1_330' title='bbox 1652 3938 1794 4007; x_wconf 87' lang='lat' dir='ltr'><strong>ejus,</strong></span> <span class='ocrx_word' id='word_1_331' title='bbox 1813 3937 1879 3993; x_wconf 88' lang='lat' dir='ltr'><strong>de</strong></span> <span class='ocrx_word' id='word_1_332' title='bbox 1897 3954 2008 4008; x_wconf 86' lang='lat' dir='ltr'><strong>quo</strong></span> 
     </span>
    </p>
   </div>
   <div class='ocr_carea' id='block_1_44' title="bbox 421 4024 2002 4096">
    <p class='ocr_par' dir='ltr' id='par_1_44' title="bbox 421 4024 2002 4096">
     <span class='ocr_line' id='line_1_44' title="bbox 421 4024 2002 4096; baseline 0.005 -19"><span class='ocrx_word' id='word_1_333' title='bbox 421 4024 536 4094; x_wconf 86' lang='lat' dir='ltr'><strong>jam</strong></span> <span class='ocrx_word' id='word_1_334' title='bbox 556 4026 760 4080; x_wconf 85' lang='lat' dir='ltr'><strong>dictum</strong></span> <span class='ocrx_word' id='word_1_335' title='bbox 787 4033 891 4089; x_wconf 82' lang='lat' dir='ltr'><strong>est,</strong></span> <span class='ocrx_word' id='word_1_336' title='bbox 915 4027 1086 4081; x_wconf 87' lang='lat' dir='ltr'><strong>leonis</strong></span> <span class='ocrx_word' id='word_1_337' title='bbox 1113 4030 1368 4096; x_wconf 72' lang='lat' dir='ltr'><strong>perrexit,</strong></span> <span class='ocrx_word' id='word_1_338' title='bbox 1392 4042 1444 4084; x_wconf 91' lang='lat' dir='ltr'><strong>et</strong></span> <span class='ocrx_word' id='word_1_339' title='bbox 1467 4030 1825 4085; x_wconf 85' lang='lat' dir='ltr'><strong>humilitatem</strong></span> <span class='ocrx_word' id='word_1_340' title='bbox 1848 4045 2002 4085; x_wconf 90' lang='lat' dir='ltr'><strong>suam</strong></span> 
     </span>
    </p>
   </div>
   <div class='ocr_carea' id='block_1_45' title="bbox 426 4116 2003 4189">
    <p class='ocr_par' dir='ltr' id='par_1_45' title="bbox 426 4116 2003 4189">
     <span class='ocr_line' id='line_1_45' title="bbox 426 4116 2003 4189; baseline 0.005 -20"><span class='ocrx_word' id='word_1_341' title='bbox 426 4116 755 4173; x_wconf 78' lang='lat' dir='ltr'><strong>adversariis</strong></span> <span class='ocrx_word' id='word_1_342' title='bbox 790 4124 843 4172; x_wconf 90' lang='lat' dir='ltr'><strong>et</strong></span> <span class='ocrx_word' id='word_1_343' title='bbox 874 4119 983 4174; x_wconf 89' lang='lat' dir='ltr'><strong>Deo</strong></span> <span class='ocrx_word' id='word_1_344' title='bbox 1012 4121 1249 4176; x_wconf 83' lang='lat' dir='ltr'><strong>inimicis</strong></span> <span class='ocrx_word' id='word_1_345' title='bbox 1283 4123 1639 4178; x_wconf 85' lang='lat' dir='ltr'><strong>unicornibus</strong></span> <span class='ocrx_word' id='word_1_346' title='bbox 1679 4123 2003 4189; x_wconf 77' lang='lat' dir='ltr'><strong>substravit,</strong></span> 
     </span>
    </p>
   </div>
   <div class='ocr_carea' id='block_1_46' title="bbox 426 4208 2001 4277">
    <p class='ocr_par' dir='ltr' id='par_1_46' title="bbox 426 4208 2001 4277">
     <span class='ocr_line' id='line_1_46' title="bbox 426 4208 2001 4277; baseline 0.006 -16"><span class='ocrx_word' id='word_1_347' title='bbox 426 4217 481 4261; x_wconf 88' lang='lat' dir='ltr'><strong>et</strong></span> <span class='ocrx_word' id='word_1_348' title='bbox 511 4208 821 4277; x_wconf 88' lang='lat' dir='ltr'><strong>hujusmodi</strong></span> <span class='ocrx_word' id='word_1_349' title='bbox 871 4211 976 4265; x_wconf 87' lang='lat' dir='ltr'><strong>tlne</strong></span> <span class='ocrx_word' id='word_1_350' title='bbox 1011 4227 1233 4266; x_wconf 84' lang='lat' dir='ltr'><strong>omnem</strong></span> <span class='ocrx_word' id='word_1_351' title='bbox 1278 4228 1392 4268; x_wconf 63' lang='lat' dir='ltr'><strong>suae</strong></span> <span class='ocrx_word' id='word_1_352' title='bbox 1421 4216 1795 4272; x_wconf 86' lang='lat' dir='ltr'><strong>cvacuationis</strong></span> <span class='ocrx_word' id='word_1_353' title='bbox 1816 4225 1869 4272; x_wconf 88' lang='lat' dir='ltr'><strong>et</strong></span> <span class='ocrx_word' id='word_1_354' title='bbox 1901 4218 2001 4271; x_wconf 91' lang='lat' dir='ltr'><strong>hu-</strong></span> 
     </span>
    </p>
   </div>
   <div class='ocr_carea' id='block_1_47' title="bbox 426 4294 2005 4371">
    <p class='ocr_par' dir='ltr' id='par_1_47' title="bbox 426 4294 2005 4371">
     <span class='ocr_line' id='line_1_47' title="bbox 426 4294 2005 4371; baseline 0.01 -24"><span class='ocrx_word' id='word_1_355' title='bbox 426 4294 674 4350; x_wconf 85' lang='lat' dir='ltr'><strong>militatis</strong></span> <span class='ocrx_word' id='word_1_356' title='bbox 729 4297 1192 4367; x_wconf 86' lang='lat' dir='ltr'><strong>dispensationem</strong></span> <span class='ocrx_word' id='word_1_357' title='bbox 1264 4303 1618 4371; x_wconf 76' lang='lat' dir='ltr'><strong>terminavit,</strong></span> <span class='ocrx_word' id='word_1_358' title='bbox 1680 4321 1744 4361; x_wconf 89' lang='lat' dir='ltr'><strong>ac</strong></span> <span class='ocrx_word' id='word_1_359' title='bbox 1804 4307 2005 4362; x_wconf 86' lang='lat' dir='ltr'><strong>deinde</strong></span> 
     </span>
    </p>
   </div>
   <div class='ocr_carea' id='block_1_48' title="bbox 429 4390 2000 4464">
    <p class='ocr_par' dir='ltr' id='par_1_48' title="bbox 429 4390 2000 4464">
     <span class='ocr_line' id='line_1_48' title="bbox 429 4390 2000 4464; baseline 0.011 -27"><span class='ocrx_word' id='word_1_360' title='bbox 429 4395 683 4455; x_wconf 83' lang='lat' dir='ltr'><strong>precatus</strong></span> <span class='ocrx_word' id='word_1_361' title='bbox 708 4397 812 4454; x_wconf 89' lang='lat' dir='ltr'><strong>est,</strong></span> <span class='ocrx_word' id='word_1_362' title='bbox 852 4390 997 4459; x_wconf 87' lang='lat' dir='ltr'><strong>quod</strong></span> <span class='ocrx_word' id='word_1_363' title='bbox 1023 4392 1135 4459; x_wconf 91' lang='lat' dir='ltr'><strong>jam</strong></span> <span class='ocrx_word' id='word_1_364' title='bbox 1164 4394 1431 4464; x_wconf 83' lang='lat' dir='ltr'><strong>reliquum</strong></span> <span class='ocrx_word' id='word_1_365' title='bbox 1458 4406 1605 4461; x_wconf 89' lang='lat' dir='ltr'><strong>erat,</strong></span> <span class='ocrx_word' id='word_1_366' title='bbox 1635 4414 1695 4455; x_wconf 90' lang='lat' dir='ltr'><strong>se</strong></span> <span class='ocrx_word' id='word_1_367' title='bbox 1723 4407 1775 4455; x_wconf 88' lang='lat' dir='ltr'><strong>et</strong></span> <span class='ocrx_word' id='word_1_368' title='bbox 1813 4401 2000 4455; x_wconf 77' lang='lat' dir='ltr'><strong>auxilii</strong></span> 
     </span>
    </p>
   </div>
   <div class='ocr_carea' id='block_1_49' title="bbox 425 4480 2077 4578">
    <p class='ocr_par' dir='ltr' id='par_1_49' title="bbox 425 4480 2077 4578">
     <span class='ocr_line' id='line_1_49' title="bbox 425 4480 2077 4578; baseline 0.009 -47"><span class='ocrx_word' id='word_1_369' title='bbox 425 4483 482 4578; x_wconf 78' lang='lat' dir='ltr'><strong>et</strong></span> <span class='ocrx_word' id='word_1_370' title='bbox 505 4480 871 4578; x_wconf 64' lang='lat' dir='ltr'><strong>susceptionis</strong></span> <span class='ocrx_word' id='word_1_371' title='bbox 893 4497 922 4536; x_wconf 91' lang='lat' dir='ltr'><strong>a</strong></span> <span class='ocrx_word' id='word_1_372' title='bbox 948 4482 1110 4538; x_wconf 86' lang='lat' dir='ltr'><strong>Patre</strong></span> <span class='ocrx_word' id='word_1_373' title='bbox 1138 4494 1442 4555; x_wconf 87' lang='lat' dir='ltr'><strong>compotem</strong></span> <span class='ocrx_word' id='word_1_374' title='bbox 1470 4486 1609 4553; x_wconf 84' lang='lat' dir='ltr'><strong>fleri,</strong></span> <span class='ocrx_word' id='word_1_375' title='bbox 1637 4491 1769 4545; x_wconf 92' lang='lat' dir='ltr'><strong>illud</strong></span> <span class='ocrx_word' id='word_1_376' title='bbox 1800 4491 2001 4560; x_wconf 63' lang='lat' dir='ltr'><strong>adjuno</strong></span> <span class='ocrx_word' id='word_1_377' title='bbox 2032 4520 2077 4578; x_wconf 72' lang='grc' dir='ltr'><strong>ο</strong></span> 
     </span>
    </p>
   </div>
   <div class='ocr_carea' id='block_1_50' title="bbox 426 4571 2004 4648">
    <p class='ocr_par' dir='ltr' id='par_1_50' title="bbox 426 4571 2004 4648">
     <span class='ocr_line' id='line_1_50' title="bbox 426 4571 2004 4648; baseline 0.01 -25"><span class='ocrx_word' id='word_1_378' title='bbox 426 4571 506 4640; x_wconf 75' lang='lat' dir='ltr'><strong>git</strong></span> <span class='ocrx_word' id='word_1_379' title='bbox 532 4588 545 4626; x_wconf 88' lang='lat'><strong>:</strong></span> <span class='ocrx_word' id='word_1_380' title='bbox 583 4589 603 4621; x_wconf 81' lang='grc' dir='ltr'><strong>ι</strong></span> <span class='ocrx_word' id='word_1_381' title='bbox 632 4571 713 4626; x_wconf 79' lang='lat' dir='ltr'><strong>Tu</strong></span> <span class='ocrx_word' id='word_1_382' title='bbox 735 4583 940 4639; x_wconf 79' lang='lat' dir='ltr'><strong>autem,</strong></span> <span class='ocrx_word' id='word_1_383' title='bbox 970 4574 1216 4639; x_wconf 88' lang='lat' dir='ltr'><strong>Domine,</strong></span> <span class='ocrx_word' id='word_1_384' title='bbox 1248 4595 1315 4634; x_wconf 91' lang='lat' dir='ltr'><strong>ne</strong></span> <span class='ocrx_word' id='word_1_385' title='bbox 1343 4583 1529 4648; x_wconf 83' lang='lat' dir='ltr'><strong>procul</strong></span> <span class='ocrx_word' id='word_1_386' title='bbox 1562 4597 1816 4639; x_wconf 86' lang='lat' dir='ltr'><strong>amoveas</strong></span> <span class='ocrx_word' id='word_1_387' title='bbox 1844 4584 2004 4638; x_wconf 59' lang='lat' dir='ltr'><strong>auxiv</strong></span> 
     </span>
    </p>
   </div>
   <div class='ocr_carea' id='block_1_51' title="bbox 429 4664 1999 4743">
    <p class='ocr_par' dir='ltr' id='par_1_51' title="bbox 429 4664 1999 4743">
     <span class='ocr_line' id='line_1_51' title="bbox 429 4664 1999 4743; baseline 0.008 -27"><span class='ocrx_word' id='word_1_388' title='bbox 429 4664 560 4716; x_wconf 89' lang='lat' dir='ltr'><strong>lium</strong></span> <span class='ocrx_word' id='word_1_389' title='bbox 594 4680 796 4727; x_wconf 87' lang='lat' dir='ltr'><strong>meum,</strong></span> <span class='ocrx_word' id='word_1_390' title='bbox 826 4674 880 4721; x_wconf 92' lang='lat' dir='ltr'><strong>et</strong></span> <span class='ocrx_word' id='word_1_391' title='bbox 906 4671 1304 4740; x_wconf 83' lang='lat' dir='ltr'><strong>susceptionem</strong></span> <span class='ocrx_word' id='word_1_392' title='bbox 1333 4687 1507 4726; x_wconf 83' lang='lat' dir='ltr'><strong>meam</strong></span> <span class='ocrx_word' id='word_1_393' title='bbox 1539 4675 1767 4743; x_wconf 74' lang='lat' dir='ltr'><strong>respice.</strong></span> <span class='ocrx_word' id='word_1_394' title='bbox 1793 4693 1811 4726; x_wconf 72' lang='grc' dir='ltr'><strong>ι</strong></span> <span class='ocrx_word' id='word_1_395' title='bbox 1843 4674 1999 4740; x_wconf 85' lang='lat' dir='ltr'><strong>Quod</strong></span> 
     </span>
    </p>
   </div>
   <div class='ocr_carea' id='block_1_52' title="bbox 428 4756 1998 4822">
    <p class='ocr_par' dir='ltr' id='par_1_52' title="bbox 428 4756 1998 4822">
     <span class='ocr_line' id='line_1_52' title="bbox 428 4756 1998 4822; baseline 0.007 -14"><span class='ocrx_word' id='word_1_396' title='bbox 428 4768 562 4811; x_wconf 84' lang='lat' dir='ltr'><strong>sane</strong></span> <span class='ocrx_word' id='word_1_397' title='bbox 588 4756 679 4810; x_wconf 87' lang='lat' dir='ltr'><strong>ubi</strong></span> <span class='ocrx_word' id='word_1_398' title='bbox 705 4757 860 4822; x_wconf 65' lang='lat' dir='ltr'><strong>dixit,</strong></span> <span class='ocrx_word' id='word_1_399' title='bbox 886 4775 995 4815; x_wconf 85' lang='lat' dir='ltr'><strong>non</strong></span> <span class='ocrx_word' id='word_1_400' title='bbox 1024 4761 1115 4815; x_wconf 90' lang='lat' dir='ltr'><strong>diu</strong></span> <span class='ocrx_word' id='word_1_401' title='bbox 1147 4772 1391 4817; x_wconf 87' lang='lat' dir='ltr'><strong>moratus</strong></span> <span class='ocrx_word' id='word_1_402' title='bbox 1411 4778 1440 4817; x_wconf 90' lang='lat' dir='ltr'><strong>a</strong></span> <span class='ocrx_word' id='word_1_403' title='bbox 1469 4761 1629 4819; x_wconf 84' lang='lat' dir='ltr'><strong>Patre</strong></span> <span class='ocrx_word' id='word_1_404' title='bbox 1651 4780 1752 4819; x_wconf 93' lang='lat' dir='ltr'><strong>suo</strong></span> <span class='ocrx_word' id='word_1_405' title='bbox 1784 4774 1868 4820; x_wconf 90' lang='lat' dir='ltr'><strong>est</strong></span> <span class='ocrx_word' id='word_1_406' title='bbox 1902 4781 1998 4819; x_wconf 83' lang='lat' dir='ltr'><strong>au-</strong></span> 
     </span>
    </p>
   </div>
   <div class='ocr_carea' id='block_1_53' title="bbox 428 4847 1999 4929">
    <p class='ocr_par' dir='ltr' id='par_1_53' title="bbox 428 4847 1999 4929">
     <span class='ocr_line' id='line_1_53' title="bbox 428 4847 1999 4929; baseline 0.008 -28"><span class='ocrx_word' id='word_1_407' title='bbox 428 4847 598 4912; x_wconf 86' lang='lat' dir='ltr'><strong>ditus,</strong></span> <span class='ocrx_word' id='word_1_408' title='bbox 617 4849 709 4918; x_wconf 87' lang='lat' dir='ltr'><strong>qui</strong></span> <span class='ocrx_word' id='word_1_409' title='bbox 734 4852 950 4918; x_wconf 87' lang='lat' dir='ltr'><strong>quidem</strong></span> <span class='ocrx_word' id='word_1_410' title='bbox 985 4870 1159 4925; x_wconf 90' lang='lat' dir='ltr'><strong>neque</strong></span> <span class='ocrx_word' id='word_1_411' title='bbox 1189 4863 1478 4911; x_wconf 86' lang='lat' dir='ltr'><strong>cunctatus</strong></span> <span class='ocrx_word' id='word_1_412' title='bbox 1507 4867 1612 4922; x_wconf 84' lang='lat' dir='ltr'><strong>est,</strong></span> <span class='ocrx_word' id='word_1_413' title='bbox 1640 4856 1802 4929; x_wconf 77' lang='lat'><strong>508</strong></span> <span class='ocrx_word' id='word_1_414' title='bbox 1824 4874 1999 4928; x_wconf 87' lang='lat' dir='ltr'><strong>neque</strong></span> 
     </span>
    </p>
   </div>
   <div class='ocr_carea' id='block_1_54' title="bbox 427 4940 2003 5019">
    <p class='ocr_par' dir='ltr' id='par_1_54' title="bbox 427 4940 2003 5019">
     <span class='ocr_line' id='line_1_54' title="bbox 427 4940 2003 5019; baseline 0.008 -25"><span class='ocrx_word' id='word_1_415' title='bbox 427 4940 512 4994; x_wconf 59' lang='lat' dir='ltr'><strong>Vel</strong></span> <span class='ocrx_word' id='word_1_416' title='bbox 549 4940 871 4997; x_wconf 83' lang='lat' dir='ltr'><strong>brevissimo</strong></span> <span class='ocrx_word' id='word_1_417' title='bbox 911 4952 1156 5015; x_wconf 89' lang='lat' dir='ltr'><strong>tempore</strong></span> <span class='ocrx_word' id='word_1_418' title='bbox 1188 4949 1526 5016; x_wconf 86' lang='lat' dir='ltr'><strong>supersedit,</strong></span> <span class='ocrx_word' id='word_1_419' title='bbox 1584 4951 1843 5019; x_wconf 90' lang='lat' dir='ltr'><strong>operibus</strong></span> <span class='ocrx_word' id='word_1_420' title='bbox 1871 4966 2003 5006; x_wconf 85' lang='lat' dir='ltr'><strong>vero</strong></span> 
     </span>
    </p>
   </div>
   <div class='ocr_carea' id='block_1_55' title="bbox 428 5034 2000 5110">
    <p class='ocr_par' dir='ltr' id='par_1_55' title="bbox 428 5034 2000 5110">
     <span class='ocr_line' id='line_1_55' title="bbox 428 5034 2000 5110; baseline 0.01 -26"><span class='ocrx_word' id='word_1_421' title='bbox 428 5034 809 5089; x_wconf 80' lang='lat' dir='ltr'><strong>tantummodo</strong></span> <span class='ocrx_word' id='word_1_422' title='bbox 838 5037 970 5106; x_wconf 83' lang='lat' dir='ltr'><strong>ipsis</strong></span> <span class='ocrx_word' id='word_1_423' title='bbox 1020 5037 1085 5091; x_wconf 86' lang='lat' dir='ltr'><strong>ad</strong></span> <span class='ocrx_word' id='word_1_424' title='bbox 1124 5054 1246 5093; x_wconf 84' lang='lat' dir='ltr'><strong>eum</strong></span> <span class='ocrx_word' id='word_1_425' title='bbox 1277 5042 1597 5110; x_wconf 85' lang='lat' dir='ltr'><strong>respondit;</strong></span> <span class='ocrx_word' id='word_1_426' title='bbox 1632 5059 1651 5093; x_wconf 79' lang='grc' dir='ltr'><strong>ι</strong></span> <span class='ocrx_word' id='word_1_427' title='bbox 1694 5043 1886 5098; x_wconf 84' lang='lat' dir='ltr'><strong>Adhuc</strong></span> <span class='ocrx_word' id='word_1_428' title='bbox 1920 5045 2000 5100; x_wconf 93' lang='lat' dir='ltr'><strong>lo-</strong></span> 
     </span>
    </p>
   </div>
   <div class='ocr_carea' id='block_1_56' title="bbox 427 5126 2001 5205">
    <p class='ocr_par' dir='ltr' id='par_1_56' title="bbox 427 5126 2001 5205">
     <span class='ocr_line' id='line_1_56' title="bbox 427 5126 2001 5205; baseline 0.01 -28"><span class='ocrx_word' id='word_1_429' title='bbox 427 5133 627 5195; x_wconf 90' lang='lat' dir='ltr'><strong>quente</strong></span> <span class='ocrx_word' id='word_1_430' title='bbox 655 5134 727 5189; x_wconf 89' lang='lat' dir='ltr'><strong>te,</strong></span> <span class='ocrx_word' id='word_1_431' title='bbox 751 5126 948 5194; x_wconf 89' lang='lat' dir='ltr'><strong>dicam,</strong></span> <span class='ocrx_word' id='word_1_432' title='bbox 972 5145 1099 5185; x_wconf 88' lang='lat' dir='ltr'><strong>ecce</strong></span> <span class='ocrx_word' id='word_1_433' title='bbox 1125 5131 1316 5187; x_wconf 84' lang='lat' dir='ltr'><strong>adsum</strong></span> <span class='ocrx_word' id='word_1_434' title='bbox 1348 5134 1410 5186; x_wconf 85' lang='grc'><strong>¹⁷.</strong></span> <span class='ocrx_word' id='word_1_435' title='bbox 1445 5152 1464 5184; x_wconf 76' lang='grc' dir='ltr'><strong>ι</strong></span> <span class='ocrx_word' id='word_1_436' title='bbox 1494 5132 1678 5204; x_wconf 84' lang='lat' dir='ltr'><strong>Itaque</strong></span> <span class='ocrx_word' id='word_1_437' title='bbox 1701 5134 1747 5191; x_wconf 89' lang='lat' dir='ltr'><strong>is</strong></span> <span class='ocrx_word' id='word_1_438' title='bbox 1772 5136 1863 5205; x_wconf 87' lang='lat' dir='ltr'><strong>qui</strong></span> <span class='ocrx_word' id='word_1_439' title='bbox 1896 5136 2001 5192; x_wconf 87' lang='lat' dir='ltr'><strong>hoc</strong></span> 
     </span>
    </p>
   </div>
   <div class='ocr_carea' id='block_1_57' title="bbox 429 5216 2007 5295">
    <p class='ocr_par' dir='ltr' id='par_1_57' title="bbox 429 5216 2007 5295">
     <span class='ocr_line' id='line_1_57' title="bbox 429 5216 2007 5295; baseline 0.01 -28"><span class='ocrx_word' id='word_1_440' title='bbox 429 5217 607 5284; x_wconf 87' lang='lat' dir='ltr'><strong>ipsum</strong></span> <span class='ocrx_word' id='word_1_441' title='bbox 626 5216 737 5285; x_wconf 87' lang='lat' dir='ltr'><strong>jam</strong></span> <span class='ocrx_word' id='word_1_442' title='bbox 761 5228 1027 5284; x_wconf 82' lang='lat' dir='ltr'><strong>senserat,</strong></span> <span class='ocrx_word' id='word_1_443' title='bbox 1051 5229 1106 5275; x_wconf 85' lang='lat' dir='ltr'><strong>et</strong></span> <span class='ocrx_word' id='word_1_444' title='bbox 1134 5224 1346 5291; x_wconf 85' lang='lat' dir='ltr'><strong>paterni</strong></span> <span class='ocrx_word' id='word_1_445' title='bbox 1394 5224 1621 5289; x_wconf 78' lang='lat' dir='ltr'><strong>auxilii,</strong></span> <span class='ocrx_word' id='word_1_446' title='bbox 1658 5227 2007 5295; x_wconf 87' lang='lat' dir='ltr'><strong>quemadmo-</strong></span> 
     </span>
    </p>
   </div>
   <div class='ocr_carea' id='block_1_58' title="bbox 428 5308 2000 5381">
    <p class='ocr_par' dir='ltr' id='par_1_58' title="bbox 428 5308 2000 5381">
     <span class='ocr_line' id='line_1_58' title="bbox 428 5308 2000 5381; baseline 0.008 -23"><span class='ocrx_word' id='word_1_447' title='bbox 428 5320 554 5359; x_wconf 85' lang='lat' dir='ltr'><strong>eum</strong></span> <span class='ocrx_word' id='word_1_448' title='bbox 585 5308 1005 5377; x_wconf 82' lang='lat' dir='ltr'><strong>supplicaverat,</strong></span> <span class='ocrx_word' id='word_1_449' title='bbox 1042 5326 1267 5381; x_wconf 86' lang='lat' dir='ltr'><strong>compos</strong></span> <span class='ocrx_word' id='word_1_450' title='bbox 1299 5314 1476 5369; x_wconf 86' lang='lat' dir='ltr'><strong>factus</strong></span> <span class='ocrx_word' id='word_1_451' title='bbox 1507 5324 1647 5375; x_wconf 85' lang='lat' dir='ltr'><strong>erat.</strong></span> <span class='ocrx_word' id='word_1_452' title='bbox 1681 5324 1793 5369; x_wconf 88' lang='lat' dir='ltr'><strong>tum</strong></span> <span class='ocrx_word' id='word_1_453' title='bbox 1843 5315 2000 5371; x_wconf 91' lang='lat' dir='ltr'><strong>deni-</strong></span> 
     </span>
    </p>
   </div>
   <div class='ocr_carea' id='block_1_59' title="bbox 427 5398 2000 5477">
    <p class='ocr_par' dir='ltr' id='par_1_59' title="bbox 427 5398 2000 5477">
     <span class='ocr_line' id='line_1_59' title="bbox 427 5398 2000 5477; baseline 0.008 -27"><span class='ocrx_word' id='word_1_454' title='bbox 427 5412 535 5468; x_wconf 89' lang='lat' dir='ltr'><strong>que</strong></span> <span class='ocrx_word' id='word_1_455' title='bbox 567 5398 717 5453; x_wconf 67' lang='lat' dir='ltr'><strong>illinc</strong></span> <span class='ocrx_word' id='word_1_456' title='bbox 742 5400 1000 5471; x_wconf 79' lang='lat' dir='ltr'><strong>hymnum</strong></span> <span class='ocrx_word' id='word_1_457' title='bbox 1031 5403 1098 5456; x_wconf 88' lang='lat' dir='ltr'><strong>ad</strong></span> <span class='ocrx_word' id='word_1_458' title='bbox 1141 5404 1424 5459; x_wconf 77' lang='lat' dir='ltr'><strong>victoriam</strong></span> <span class='ocrx_word' id='word_1_459' title='bbox 1471 5405 1709 5475; x_wconf 90' lang='lat' dir='ltr'><strong>inchoat,</strong></span> <span class='ocrx_word' id='word_1_460' title='bbox 1736 5408 1863 5461; x_wconf 92' lang='lat' dir='ltr'><strong>dum</strong></span> <span class='ocrx_word' id='word_1_461' title='bbox 1900 5423 2000 5477; x_wconf 91' lang='lat' dir='ltr'><strong>pro</strong></span> 
     </span>
    </p>
   </div>
   <div class='ocr_carea' id='block_1_60' title="bbox 426 5490 1995 5564">
    <p class='ocr_par' dir='ltr' id='par_1_60' title="bbox 426 5490 1995 5564">
     <span class='ocr_line' id='line_1_60' title="bbox 426 5490 1995 5564; baseline 0.004 -19"><span class='ocrx_word' id='word_1_462' title='bbox 426 5490 698 5545; x_wconf 88' lang='lat' dir='ltr'><strong>matutina</strong></span> <span class='ocrx_word' id='word_1_463' title='bbox 756 5494 1102 5564; x_wconf 86' lang='lat' dir='ltr'><strong>susceptione</strong></span> <span class='ocrx_word' id='word_1_464' title='bbox 1157 5495 1429 5564; x_wconf 90' lang='lat' dir='ltr'><strong>psalmum</strong></span> <span class='ocrx_word' id='word_1_465' title='bbox 1483 5497 1654 5562; x_wconf 83' lang='lat' dir='ltr'><strong>facit,</strong></span> <span class='ocrx_word' id='word_1_466' title='bbox 1728 5497 1819 5552; x_wconf 90' lang='lat' dir='ltr'><strong>ubi</strong></span> <span class='ocrx_word' id='word_1_467' title='bbox 1878 5501 1995 5553; x_wconf 86' lang='lat' dir='ltr'><strong>ait:</strong></span> 
     </span>
    </p>
   </div>
   <div class='ocr_carea' id='block_1_61' title="bbox 434 5580 2005 5645">
    <p class='ocr_par' dir='ltr' id='par_1_61' title="bbox 434 5580 2005 5645">
     <span class='ocr_line' id='line_1_61' title="bbox 434 5580 2005 5645; baseline 0.007 -12"><span class='ocrx_word' id='word_1_468' title='bbox 434 5597 453 5632; x_wconf 78' lang='grc' dir='ltr'><strong>ι</strong></span> <span class='ocrx_word' id='word_1_469' title='bbox 487 5580 735 5637; x_wconf 82' lang='lat' dir='ltr'><strong>Narrabo</strong></span> <span class='ocrx_word' id='word_1_470' title='bbox 763 5597 960 5639; x_wconf 87' lang='lat' dir='ltr'><strong>nomen</strong></span> <span class='ocrx_word' id='word_1_471' title='bbox 993 5592 1146 5639; x_wconf 89' lang='lat' dir='ltr'><strong>tuum</strong></span> <span class='ocrx_word' id='word_1_472' title='bbox 1190 5585 1453 5644; x_wconf 87' lang='lat' dir='ltr'><strong>fratribus</strong></span> <span class='ocrx_word' id='word_1_473' title='bbox 1499 5588 1636 5645; x_wconf 87' lang='lat' dir='ltr'><strong>meis</strong></span> <span class='ocrx_word' id='word_1_474' title='bbox 1665 5607 1679 5644; x_wconf 91' lang='lat'><strong>:</strong></span> <span class='ocrx_word' id='word_1_475' title='bbox 1708 5589 1763 5644; x_wconf 87' lang='lat' dir='ltr'><strong>in</strong></span> <span class='ocrx_word' id='word_1_476' title='bbox 1821 5588 2005 5645; x_wconf 87' lang='lat' dir='ltr'><strong>medio</strong></span> 
     </span>
    </p>
   </div>
   <div class='ocr_carea' id='block_1_62' title="bbox 504 5764 1690 5839">
    <p class='ocr_par' dir='ltr' id='par_1_62' title="bbox 504 5764 1690 5839">
     <span class='ocr_line' id='line_1_62' title="bbox 504 5764 1690 5839; baseline 0.003 -18"><span class='ocrx_word' id='word_1_477' title='bbox 504 5767 548 5799; x_wconf 87' lang='lat'>“</span> <span class='ocrx_word' id='word_1_478' title='bbox 586 5764 822 5839; x_wconf 65' lang='lat' dir='ltr'><strong>Philipp.</strong></span> <span class='ocrx_word' id='word_1_479' title='bbox 862 5781 935 5833; x_wconf 83' lang='grc' dir='ltr'><strong>ιι,</strong></span> <span class='ocrx_word' id='word_1_480' title='bbox 973 5765 1087 5834; x_wconf 73' lang='lat'><strong>6,7.</strong></span> <span class='ocrx_word' id='word_1_481' title='bbox 1165 5768 1207 5803; x_wconf 70' lang='grc'><strong>⁸⁷</strong></span> <span class='ocrx_word' id='word_1_482' title='bbox 1250 5766 1360 5826; x_wconf 65' lang='grc' dir='ltr'><strong>ιω.</strong></span> <span class='ocrx_word' id='word_1_483' title='bbox 1432 5785 1600 5837; x_wconf 68' lang='lat' dir='ltr'><strong>LVI&quot;,</strong></span> <span class='ocrx_word' id='word_1_484' title='bbox 1635 5769 1690 5825; x_wconf 76' lang='lat'><strong>9.</strong></span> 
     </span>
    </p>
   </div>
   <div class='ocr_carea' id='block_1_63' title="bbox 2100 533 3687 608">
    <p class='ocr_par' dir='ltr' id='par_1_63' title="bbox 2100 533 3687 608">
     <span class='ocr_line' id='line_1_63' title="bbox 2100 533 3687 608; baseline 0.001 -18"><span class='ocrx_word' id='word_1_485' title='bbox 2100 536 2210 608; x_wconf 74' lang='grc' dir='ltr'><strong>γὰρ</strong></span> <span class='ocrx_word' id='word_1_486' title='bbox 2244 534 2561 605; x_wconf 72' lang='grc' dir='ltr'>ἀναϐέϐηκα</span> <span class='ocrx_word' id='word_1_487' title='bbox 2605 533 2742 606; x_wconf 77' lang='grc' dir='ltr'>πρὸς</span> <span class='ocrx_word' id='word_1_488' title='bbox 2789 533 2881 588; x_wconf 80' lang='grc' dir='ltr'><strong>τὸν</strong></span> <span class='ocrx_word' id='word_1_489' title='bbox 2923 533 3146 605; x_wconf 87' lang='grc' dir='ltr'>Πατέρα</span> <span class='ocrx_word' id='word_1_490' title='bbox 3185 550 3317 605; x_wconf 87' lang='grc' dir='ltr'>μου·</span> <span class='ocrx_word' id='word_1_491' title='bbox 3347 534 3587 607; x_wconf 76' lang='grc' dir='ltr'>πορεύου</span> <span class='ocrx_word' id='word_1_492' title='bbox 3629 535 3687 591; x_wconf 69' lang='grc' dir='ltr'><strong>ὁὶ</strong></span> 
     </span>
    </p>
   </div>
   <div class='ocr_carea' id='block_1_64' title="bbox 2103 626 3689 701">
    <p class='ocr_par' dir='ltr' id='par_1_64' title="bbox 2103 626 3689 701">
     <span class='ocr_line' id='line_1_64' title="bbox 2103 626 3689 701; baseline 0.001 -20"><span class='ocrx_word' id='word_1_493' title='bbox 2103 628 2240 701; x_wconf 76' lang='grc' dir='ltr'>πρὸς</span> <span class='ocrx_word' id='word_1_494' title='bbox 2258 628 2384 692; x_wconf 80' lang='grc' dir='ltr'>τοὺς</span> <span class='ocrx_word' id='word_1_495' title='bbox 2413 626 2675 697; x_wconf 75' lang='grc' dir='ltr'>ἀδελφούς</span> <span class='ocrx_word' id='word_1_496' title='bbox 2713 643 2835 697; x_wconf 84' lang='grc' dir='ltr'>μου,</span> <span class='ocrx_word' id='word_1_497' title='bbox 2860 626 2955 680; x_wconf 55' lang='grc' dir='ltr'><strong>καὶ¹</strong></span> <span class='ocrx_word' id='word_1_498' title='bbox 2986 626 3105 679; x_wconf 77' lang='grc' dir='ltr'>εἰπὲ</span> <span class='ocrx_word' id='word_1_499' title='bbox 3134 626 3343 691; x_wconf 79' lang='grc' dir='ltr'>αὐτοῖς·</span> <span class='ocrx_word' id='word_1_500' title='bbox 3385 626 3689 683; x_wconf 78' lang='grc' dir='ltr'>Ἀναϐαίνω</span> 
     </span>
    </p>
   </div>
   <div class='ocr_carea' id='block_1_65' title="bbox 2102 719 3689 793">
    <p class='ocr_par' dir='ltr' id='par_1_65' title="bbox 2102 719 3689 793">
     <span class='ocr_line' id='line_1_65' title="bbox 2102 719 3689 793; baseline 0.001 -18"><span class='ocrx_word' id='word_1_501' title='bbox 2102 723 2241 793; x_wconf 79' lang='grc' dir='ltr'>πρὸς</span> <span class='ocrx_word' id='word_1_502' title='bbox 2271 721 2364 774; x_wconf 75' lang='grc' dir='ltr'>τὸν</span> <span class='ocrx_word' id='word_1_503' title='bbox 2396 722 2616 793; x_wconf 79' lang='grc' dir='ltr'><strong>Πατέρα</strong></span> <span class='ocrx_word' id='word_1_504' title='bbox 2663 736 2763 791; x_wconf 89' lang='grc' dir='ltr'><strong>μου</strong></span> <span class='ocrx_word' id='word_1_505' title='bbox 2798 719 2892 774; x_wconf 73' lang='grc' dir='ltr'>καὶ</span> <span class='ocrx_word' id='word_1_506' title='bbox 2938 720 3156 791; x_wconf 82' lang='grc' dir='ltr'><strong>Πατέρα</strong></span> <span class='ocrx_word' id='word_1_507' title='bbox 3202 721 3376 793; x_wconf 83' lang='grc' dir='ltr'>ὑμῶν,</span> <span class='ocrx_word' id='word_1_508' title='bbox 3410 724 3510 775; x_wconf 70' lang='grc' dir='ltr'><strong>καὶ</strong></span> <span class='ocrx_word' id='word_1_509' title='bbox 3552 722 3689 776; x_wconf 76' lang='grc' dir='ltr'>Θεάν</span> 
     </span>
    </p>
   </div>
   <div class='ocr_carea' id='block_1_66' title="bbox 2104 809 3689 885">
    <p class='ocr_par' dir='ltr' id='par_1_66' title="bbox 2104 809 3689 885">
     <span class='ocr_line' id='line_1_66' title="bbox 2104 809 3689 885; baseline 0.001 -18"><span class='ocrx_word' id='word_1_510' title='bbox 2104 826 2203 885; x_wconf 86' lang='grc' dir='ltr'><strong>μου</strong></span> <span class='ocrx_word' id='word_1_511' title='bbox 2233 814 2324 867; x_wconf 76' lang='grc' dir='ltr'><strong>καὶ</strong></span> <span class='ocrx_word' id='word_1_512' title='bbox 2349 812 2481 866; x_wconf 81' lang='grc' dir='ltr'>Θεὸν</span> <span class='ocrx_word' id='word_1_513' title='bbox 2510 813 2682 883; x_wconf 83' lang='grc' dir='ltr'>ὑμῶν.</span> <span class='ocrx_word' id='word_1_514' title='bbox 2708 832 2726 862; x_wconf 78' lang='grc' dir='ltr'><strong>ι</strong></span> <span class='ocrx_word' id='word_1_515' title='bbox 2761 812 3007 883; x_wconf 81' lang='grc' dir='ltr'>Πρώτοις</span> <span class='ocrx_word' id='word_1_516' title='bbox 3033 814 3132 883; x_wconf 83' lang='grc' dir='ltr'><strong>μὲν</strong></span> <span class='ocrx_word' id='word_1_517' title='bbox 3158 809 3250 867; x_wconf 82' lang='grc' dir='ltr'><strong>οὖν</strong></span> <span class='ocrx_word' id='word_1_518' title='bbox 3294 816 3408 877; x_wconf 84' lang='grc' dir='ltr'>τοῖς</span> <span class='ocrx_word' id='word_1_519' title='bbox 3454 813 3689 868; x_wconf 71' lang='grc' dir='ltr'>ἀποστό-</span> 
     </span>
    </p>
   </div>
   <div class='ocr_carea' id='block_1_67' title="bbox 2100 906 3691 979">
    <p class='ocr_par' dir='ltr' id='par_1_67' title="bbox 2100 906 3691 979">
     <span class='ocr_line' id='line_1_67' title="bbox 2100 906 3691 979; baseline -0.001 -18"><span class='ocrx_word' id='word_1_520' title='bbox 2100 906 2213 971; x_wconf 81' lang='grc' dir='ltr'>λοις</span> <span class='ocrx_word' id='word_1_521' title='bbox 2254 906 2441 969; x_wconf 76' lang='grc' dir='ltr'>αὐτοῦ,</span> <span class='ocrx_word' id='word_1_522' title='bbox 2469 906 2562 972; x_wconf 79' lang='grc' dir='ltr'>οὓς</span> <span class='ocrx_word' id='word_1_523' title='bbox 2608 907 2769 971; x_wconf 79' lang='grc' dir='ltr'><strong>ἰδίους</strong></span> <span class='ocrx_word' id='word_1_524' title='bbox 2815 907 3077 976; x_wconf 58' lang='grc' dir='ltr'>ἀδελφοὺς</span> <span class='ocrx_word' id='word_1_525' title='bbox 3116 907 3388 979; x_wconf 69' lang='grc' dir='ltr'>ὀνομάζει,</span> <span class='ocrx_word' id='word_1_526' title='bbox 3421 907 3485 960; x_wconf 79' lang='grc' dir='ltr'><strong>τὸ</strong></span> <span class='ocrx_word' id='word_1_527' title='bbox 3522 907 3691 978; x_wconf 75' lang='grc' dir='ltr'>δνομα</span> 
     </span>
    </p>
   </div>
   <div class='ocr_carea' id='block_1_68' title="bbox 2100 996 3690 1070">
    <p class='ocr_par' dir='ltr' id='par_1_68' title="bbox 2100 996 3690 1070">
     <span class='ocr_line' id='line_1_68' title="bbox 2100 996 3690 1070; baseline -0.001 -18"><span class='ocrx_word' id='word_1_528' title='bbox 2100 999 2194 1052; x_wconf 77' lang='grc' dir='ltr'>τοῦ</span> <span class='ocrx_word' id='word_1_529' title='bbox 2220 998 2432 1070; x_wconf 78' lang='grc' dir='ltr'>Πατρδς</span> <span class='ocrx_word' id='word_1_530' title='bbox 2454 996 2808 1069; x_wconf 79' lang='grc' dir='ltr'>διηγήσεσθαί</span> <span class='ocrx_word' id='word_1_531' title='bbox 2850 1014 2980 1069; x_wconf 66' lang='grc' dir='ltr'>φησι</span> <span class='ocrx_word' id='word_1_532' title='bbox 3003 1015 3017 1028; x_wconf 89' lang='grc'><strong>·</strong></span> <span class='ocrx_word' id='word_1_533' title='bbox 3056 999 3194 1069; x_wconf 87' lang='grc' dir='ltr'><strong>μετά</strong></span> <span class='ocrx_word' id='word_1_534' title='bbox 3228 998 3286 1052; x_wconf 86' lang='grc' dir='ltr'>δὲ</span> <span class='ocrx_word' id='word_1_535' title='bbox 3319 998 3568 1062; x_wconf 81' lang='grc' dir='ltr'>ἐκείνους</span> <span class='ocrx_word' id='word_1_536' title='bbox 3595 998 3690 1051; x_wconf 81' lang='grc' dir='ltr'>τά-</span> 
     </span>
    </p>
   </div>
   <div class='ocr_carea' id='block_1_69' title="bbox 2104 1088 3692 1163">
    <p class='ocr_par' dir='ltr' id='par_1_69' title="bbox 2104 1088 3692 1163">
     <span class='ocr_line' id='line_1_69' title="bbox 2104 1088 3692 1163; baseline 0.002 -21"><span class='ocrx_word' id='word_1_537' title='bbox 2104 1090 2181 1155; x_wconf 77' lang='grc' dir='ltr'>ξει</span> <span class='ocrx_word' id='word_1_538' title='bbox 2208 1090 2301 1145; x_wconf 72' lang='grc' dir='ltr'>καὶ</span> <span class='ocrx_word' id='word_1_539' title='bbox 2331 1088 2620 1161; x_wconf 73' lang='grc' dir='ltr'><strong>ἀκολουθίᾳ</strong></span> <span class='ocrx_word' id='word_1_540' title='bbox 2651 1090 2751 1163; x_wconf 81' lang='grc' dir='ltr'><strong>τὴν</strong></span> <span class='ocrx_word' id='word_1_541' title='bbox 2778 1088 2897 1144; x_wconf 82' lang='grc' dir='ltr'>καθ’</span> <span class='ocrx_word' id='word_1_542' title='bbox 2924 1091 3054 1161; x_wconf 83' lang='grc' dir='ltr'>ὅλης</span> <span class='ocrx_word' id='word_1_543' title='bbox 3086 1090 3186 1159; x_wconf 82' lang='grc' dir='ltr'><strong>τῆς</strong></span> <span class='ocrx_word' id='word_1_544' title='bbox 3229 1091 3560 1161; x_wconf 72' lang='grc' dir='ltr'><strong>οἰκουμένης</strong></span> <span class='ocrx_word' id='word_1_545' title='bbox 3599 1091 3692 1145; x_wconf 82' lang='grc' dir='ltr'><strong>ἐπὶ</strong></span> 
     </span>
    </p>
   </div>
   <div class='ocr_carea' id='block_1_70' title="bbox 2100 1178 3689 1254">
    <p class='ocr_par' dir='ltr' id='par_1_70' title="bbox 2100 1178 3689 1254">
     <span class='ocr_line' id='line_1_70' title="bbox 2100 1178 3689 1254; baseline 0.001 -19"><span class='ocrx_word' id='word_1_546' title='bbox 2100 1182 2179 1252; x_wconf 81' lang='grc' dir='ltr'>τῷ</span> <span class='ocrx_word' id='word_1_547' title='bbox 2213 1182 2434 1253; x_wconf 84' lang='grc' dir='ltr'>ὀνόματι</span> <span class='ocrx_word' id='word_1_548' title='bbox 2470 1178 2637 1235; x_wconf 78' lang='grc' dir='ltr'>αὐτοῦ</span> <span class='ocrx_word' id='word_1_549' title='bbox 2669 1184 2940 1236; x_wconf 78' lang='grc' dir='ltr'><strong>συστᾶσαν</strong></span> <span class='ocrx_word' id='word_1_550' title='bbox 2980 1182 3301 1254; x_wconf 71' lang='grc' dir='ltr'><strong>Ἐκκλησίαν</strong></span> <span class='ocrx_word' id='word_1_551' title='bbox 3333 1181 3574 1248; x_wconf 75' lang='grc' dir='ltr'><strong>διδάξειν</strong></span> <span class='ocrx_word' id='word_1_552' title='bbox 3600 1180 3689 1236; x_wconf 70' lang='grc' dir='ltr'><strong>τὸν</strong></span> 
     </span>
    </p>
   </div>
   <div class='ocr_carea' id='block_1_71' title="bbox 2102 1277 3688 1351">
    <p class='ocr_par' dir='ltr' id='par_1_71' title="bbox 2102 1277 3688 1351">
     <span class='ocr_line' id='line_1_71' title="bbox 2102 1277 3688 1351; baseline -0.002 -18"><span class='ocrx_word' id='word_1_553' title='bbox 2102 1279 2368 1350; x_wconf 78' lang='grc' dir='ltr'>πατρικὸν</span> <span class='ocrx_word' id='word_1_554' title='bbox 2398 1278 2566 1349; x_wconf 78' lang='grc' dir='ltr'>ὕμνον</span> <span class='ocrx_word' id='word_1_555' title='bbox 2596 1278 3226 1351; x_wconf 79' lang='grc' dir='ltr'>ἐπαγγέλλεται.Ὤσπερ</span> <span class='ocrx_word' id='word_1_556' title='bbox 3249 1277 3359 1350; x_wconf 80' lang='grc' dir='ltr'><strong>γάρ</strong></span> <span class='ocrx_word' id='word_1_557' title='bbox 3408 1278 3466 1331; x_wconf 77' lang='grc' dir='ltr'>εἴ</span> <span class='ocrx_word' id='word_1_558' title='bbox 3504 1295 3595 1340; x_wconf 88' lang='grc' dir='ltr'><strong>τις</strong></span> <span class='ocrx_word' id='word_1_559' title='bbox 3633 1279 3688 1331; x_wconf 79' lang='grc' dir='ltr'>ὲν</span> 
     </span>
    </p>
   </div>
   <div class='ocr_carea' id='block_1_72' title="bbox 2105 1369 3689 1443">
    <p class='ocr_par' dir='ltr' id='par_1_72' title="bbox 2105 1369 3689 1443">
     <span class='ocr_line' id='line_1_72' title="bbox 2105 1369 3689 1443; baseline -0.001 -18"><span class='ocrx_word' id='word_1_560' title='bbox 2105 1370 2255 1443; x_wconf 87' lang='grc' dir='ltr'>μέσῳ</span> <span class='ocrx_word' id='word_1_561' title='bbox 2292 1370 2549 1443; x_wconf 74' lang='grc' dir='ltr'>μαθητῶν</span> <span class='ocrx_word' id='word_1_562' title='bbox 2575 1369 2860 1436; x_wconf 80' lang='grc' dir='ltr'>διεξοδεύοι</span> <span class='ocrx_word' id='word_1_563' title='bbox 2892 1372 3081 1441; x_wconf 81' lang='grc' dir='ltr'><strong>λόγους</strong></span> <span class='ocrx_word' id='word_1_564' title='bbox 3106 1370 3199 1424; x_wconf 69' lang='grc' dir='ltr'>ἐπὶ</span> <span class='ocrx_word' id='word_1_565' title='bbox 3245 1370 3406 1442; x_wconf 61' lang='grc' dir='ltr'><strong>σοφία⁴</strong></span> <span class='ocrx_word' id='word_1_566' title='bbox 3453 1369 3689 1441; x_wconf 85' lang='grc' dir='ltr'>διαπρέ-</span> 
     </span>
    </p>
   </div>
   <div class='ocr_carea' id='block_1_73' title="bbox 2103 1459 3692 1536">
    <p class='ocr_par' dir='ltr' id='par_1_73' title="bbox 2103 1459 3692 1536">
     <span class='ocr_line' id='line_1_73' title="bbox 2103 1459 3692 1536; baseline -0.003 -16"><span class='ocrx_word' id='word_1_567' title='bbox 2103 1482 2222 1520; x_wconf 86' lang='grc' dir='ltr'><strong>πων</strong></span> <span class='ocrx_word' id='word_1_568' title='bbox 2270 1463 2616 1529; x_wconf 85' lang='grc' dir='ltr'>διδάσκαλος,</span> <span class='ocrx_word' id='word_1_569' title='bbox 2667 1465 2808 1536; x_wconf 83' lang='grc' dir='ltr'>ὑπὲρ</span> <span class='ocrx_word' id='word_1_570' title='bbox 2855 1463 2949 1517; x_wconf 80' lang='grc' dir='ltr'><strong>τοῦ</strong></span> <span class='ocrx_word' id='word_1_571' title='bbox 3002 1459 3286 1527; x_wconf 84' lang='grc' dir='ltr'>κάκείνους</span> <span class='ocrx_word' id='word_1_572' title='bbox 3342 1462 3692 1525; x_wconf 86' lang='grc' dir='ltr'>ἀκούσαντας</span> 
     </span>
    </p>
   </div>
   <div class='ocr_carea' id='block_1_74' title="bbox 2102 1548 3689 1628">
    <p class='ocr_par' dir='ltr' id='par_1_74' title="bbox 2102 1548 3689 1628">
     <span class='ocr_line' id='line_1_74' title="bbox 2102 1548 3689 1628; baseline -0.002 -19"><span class='ocrx_word' id='word_1_573' title='bbox 2102 1551 2582 1628; x_wconf 79' lang='grc' dir='ltr'>προσυπακοῦσαι·</span> <span class='ocrx_word' id='word_1_574' title='bbox 2629 1556 2720 1609; x_wconf 82' lang='grc' dir='ltr'><strong>τδν</strong></span> <span class='ocrx_word' id='word_1_575' title='bbox 2765 1548 2926 1609; x_wconf 72' lang='grc' dir='ltr'>αὐτὸν</span> <span class='ocrx_word' id='word_1_576' title='bbox 2966 1556 3164 1627; x_wconf 79' lang='grc' dir='ltr'>τρόπον</span> <span class='ocrx_word' id='word_1_577' title='bbox 3209 1555 3302 1608; x_wconf 75' lang='grc' dir='ltr'><strong>καὶ</strong></span> <span class='ocrx_word' id='word_1_578' title='bbox 3350 1554 3540 1618; x_wconf 77' lang='grc' dir='ltr'>αὐτὸς,</span> <span class='ocrx_word' id='word_1_579' title='bbox 3577 1574 3596 1604; x_wconf 73' lang='grc' dir='ltr'><strong>ι</strong></span> <span class='ocrx_word' id='word_1_580' title='bbox 3631 1556 3689 1607; x_wconf 76' lang='grc' dir='ltr'>ἐν</span> 
     </span>
    </p>
   </div>
   <div class='ocr_carea' id='block_1_75' title="bbox 2108 1643 3689 1721">
    <p class='ocr_par' dir='ltr' id='par_1_75' title="bbox 2108 1643 3689 1721">
     <span class='ocr_line' id='line_1_75' title="bbox 2108 1643 3689 1721; baseline -0.001 -20"><span class='ocrx_word' id='word_1_581' title='bbox 2108 1650 2257 1721; x_wconf 82' lang='grc' dir='ltr'><strong>μέσῳ</strong></span> <span class='ocrx_word' id='word_1_582' title='bbox 2294 1644 2638 1720; x_wconf 81' lang='grc' dir='ltr'>Ἐκκλησίας,</span> <span class='ocrx_word' id='word_1_583' title='bbox 2677 1667 2695 1699; x_wconf 84' lang='grc'><strong>›</strong></span> <span class='ocrx_word' id='word_1_584' title='bbox 2728 1648 2912 1718; x_wconf 69' lang='grc' dir='ltr'>φησὶν,</span> <span class='ocrx_word' id='word_1_585' title='bbox 2940 1665 2958 1697; x_wconf 78' lang='grc' dir='ltr'><strong>ι</strong></span> <span class='ocrx_word' id='word_1_586' title='bbox 2992 1643 3220 1717; x_wconf 75' lang='grc' dir='ltr'>ὑμνήσω</span> <span class='ocrx_word' id='word_1_587' title='bbox 3252 1662 3334 1708; x_wconf 88' lang='grc' dir='ltr'><strong>σε,</strong></span> <span class='ocrx_word' id='word_1_588' title='bbox 3366 1666 3384 1697; x_wconf 74' lang='grc' dir='ltr'><strong>ι</strong></span> <span class='ocrx_word' id='word_1_589' title='bbox 3419 1646 3567 1716; x_wconf 78' lang='grc' dir='ltr'>ὑπὲρ</span> <span class='ocrx_word' id='word_1_590' title='bbox 3594 1645 3689 1699; x_wconf 78' lang='grc' dir='ltr'>τοῦ</span> 
     </span>
    </p>
   </div>
   <div class='ocr_carea' id='block_1_76' title="bbox 2110 1736 3693 1813">
    <p class='ocr_par' dir='ltr' id='par_1_76' title="bbox 2110 1736 3693 1813">
     <span class='ocr_line' id='line_1_76' title="bbox 2110 1736 3693 1813; baseline -0.003 -18"><span class='ocrx_word' id='word_1_591' title='bbox 2110 1741 2384 1813; x_wconf 80' lang='grc' dir='ltr'>μαθοῦσαν</span> <span class='ocrx_word' id='word_1_592' title='bbox 2432 1741 2532 1812; x_wconf 80' lang='grc' dir='ltr'>τὴν</span> <span class='ocrx_word' id='word_1_593' title='bbox 2572 1736 2896 1811; x_wconf 82' lang='grc' dir='ltr'>Ἐκκλησίαν</span> <span class='ocrx_word' id='word_1_594' title='bbox 2940 1738 3035 1792; x_wconf 76' lang='grc' dir='ltr'><strong>καὶ</strong></span> <span class='ocrx_word' id='word_1_595' title='bbox 3083 1737 3391 1792; x_wconf 82' lang='grc' dir='ltr'>ἀκούσασαν</span> <span class='ocrx_word' id='word_1_596' title='bbox 3428 1738 3563 1810; x_wconf 74' lang='grc' dir='ltr'>παρ’</span> <span class='ocrx_word' id='word_1_597' title='bbox 3595 1738 3693 1791; x_wconf 69' lang='grc' dir='ltr'><strong>αὖ·</strong></span> 
     </span>
    </p>
   </div>
   <div class='ocr_carea' id='block_1_77' title="bbox 2101 1824 3692 1903">
    <p class='ocr_par' dir='ltr' id='par_1_77' title="bbox 2101 1824 3692 1903">
     <span class='ocr_line' id='line_1_77' title="bbox 2101 1824 3692 1903; baseline -0.003 -17"><span class='ocrx_word' id='word_1_598' title='bbox 2101 1832 2217 1896; x_wconf 73' lang='grc' dir='ltr'>τοῦ,</span> <span class='ocrx_word' id='word_1_599' title='bbox 2248 1832 2307 1886; x_wconf 87' lang='grc' dir='ltr'><strong>δν</strong></span> <span class='ocrx_word' id='word_1_600' title='bbox 2361 1832 2627 1903; x_wconf 82' lang='grc' dir='ltr'>προσήκει</span> <span class='ocrx_word' id='word_1_601' title='bbox 2679 1831 2901 1903; x_wconf 80' lang='grc' dir='ltr'>τρόπον,</span> <span class='ocrx_word' id='word_1_602' title='bbox 2948 1824 3139 1901; x_wconf 76' lang='grc' dir='ltr'>μηκέθ’</span> <span class='ocrx_word' id='word_1_603' title='bbox 3163 1829 3237 1893; x_wconf 83' lang='grc' dir='ltr'><strong>ὡς</strong></span> <span class='ocrx_word' id='word_1_604' title='bbox 3281 1828 3343 1882; x_wconf 80' lang='grc' dir='ltr'>τὸ</span> <span class='ocrx_word' id='word_1_605' title='bbox 3385 1829 3519 1899; x_wconf 75' lang='grc' dir='ltr'>πρὶν</span> <span class='ocrx_word' id='word_1_606' title='bbox 3567 1830 3692 1891; x_wconf 69' lang='grc' dir='ltr'>τοὺς</span> 
     </span>
    </p>
   </div>
   <div class='ocr_carea' id='block_1_78' title="bbox 2099 1917 3692 1996">
    <p class='ocr_par' dir='ltr' id='par_1_78' title="bbox 2099 1917 3692 1996">
     <span class='ocr_line' id='line_1_78' title="bbox 2099 1917 3692 1996; baseline -0.004 -17"><span class='ocrx_word' id='word_1_607' title='bbox 2099 1924 2381 1996; x_wconf 87' lang='grc' dir='ltr'>δαίμονας,</span> <span class='ocrx_word' id='word_1_608' title='bbox 2411 1923 2527 1976; x_wconf 83' lang='grc' dir='ltr'>ἀλλ’</span> <span class='ocrx_word' id='word_1_609' title='bbox 2557 1922 2721 1976; x_wconf 79' lang='grc' dir='ltr'>αὐτὸν</span> <span class='ocrx_word' id='word_1_610' title='bbox 2754 1922 2912 1995; x_wconf 85' lang='grc' dir='ltr'>μόνον</span> <span class='ocrx_word' id='word_1_611' title='bbox 2938 1918 3029 1974; x_wconf 84' lang='grc' dir='ltr'><strong>τὸν</strong></span> <span class='ocrx_word' id='word_1_612' title='bbox 3054 1920 3267 1974; x_wconf 83' lang='grc' dir='ltr'>πάντων</span> <span class='ocrx_word' id='word_1_613' title='bbox 3299 1918 3455 1983; x_wconf 72' lang='grc' dir='ltr'>Θεὸν,</span> <span class='ocrx_word' id='word_1_614' title='bbox 3480 1918 3573 1972; x_wconf 82' lang='grc' dir='ltr'>διὰ</span> <span class='ocrx_word' id='word_1_615' title='bbox 3597 1917 3692 1972; x_wconf 71' lang='grc' dir='ltr'>τοῦ</span> 
     </span>
    </p>
   </div>
   <div class='ocr_carea' id='block_1_79' title="bbox 2101 2009 3693 2085">
    <p class='ocr_par' dir='ltr' id='par_1_79' title="bbox 2101 2009 3693 2085">
     <span class='ocr_line' id='line_1_79' title="bbox 2101 2009 3693 2085; baseline -0.005 -15"><span class='ocrx_word' id='word_1_616' title='bbox 2101 2016 2552 2085; x_wconf 80' lang='grc' dir='ltr'>καταγγείλαντος</span> <span class='ocrx_word' id='word_1_617' title='bbox 2585 2013 2746 2067; x_wconf 77' lang='grc' dir='ltr'>αὑτὸν</span> <span class='ocrx_word' id='word_1_618' title='bbox 2785 2012 3061 2083; x_wconf 73' lang='grc' dir='ltr'>ἁνυμνεῖν.</span> <span class='ocrx_word' id='word_1_619' title='bbox 3094 2009 3277 2063; x_wconf 73' lang='grc' dir='ltr'>Ταῦτα</span> <span class='ocrx_word' id='word_1_620' title='bbox 3302 2010 3537 2077; x_wconf 79' lang='grc' dir='ltr'>πράξειν</span> <span class='ocrx_word' id='word_1_621' title='bbox 3588 2011 3693 2062; x_wconf 82' lang='grc' dir='ltr'>ὑπ-</span> 
     </span>
    </p>
   </div>
   <div class='ocr_carea' id='block_1_80' title="bbox 2102 2099 3697 2176">
    <p class='ocr_par' dir='ltr' id='par_1_80' title="bbox 2102 2099 3697 2176">
     <span class='ocr_line' id='line_1_80' title="bbox 2102 2099 3697 2176; baseline -0.002 -18"><span class='ocrx_word' id='word_1_622' title='bbox 2102 2104 2282 2176; x_wconf 79' lang='grc' dir='ltr'>ισχνού</span> <span class='ocrx_word' id='word_1_623' title='bbox 2292 2121 2468 2175; x_wconf 85' lang='grc' dir='ltr'>μενος,</span> <span class='ocrx_word' id='word_1_624' title='bbox 2489 2102 2689 2175; x_wconf 80' lang='grc' dir='ltr'>σφόδρα</span> <span class='ocrx_word' id='word_1_625' title='bbox 2707 2101 3011 2165; x_wconf 83' lang='grc' dir='ltr'><strong>ἀκολούθως</strong></span> <span class='ocrx_word' id='word_1_626' title='bbox 3028 2100 3272 2154; x_wconf 78' lang='grc' dir='ltr'>ἐντεῦθεν</span> <span class='ocrx_word' id='word_1_627' title='bbox 3294 2100 3395 2171; x_wconf 62' lang='grc' dir='ltr'>ἤδη</span> <span class='ocrx_word' id='word_1_628' title='bbox 3425 2099 3697 2173; x_wconf 72' lang='grc' dir='ltr'>προστάτο</span> 
     </span>
    </p>
   </div>
   <div class='ocr_carea' id='block_1_81' title="bbox 2100 2190 3692 2267">
    <p class='ocr_par' dir='ltr' id='par_1_81' title="bbox 2100 2190 3692 2267">
     <span class='ocr_line' id='line_1_81' title="bbox 2100 2190 3692 2267; baseline -0.003 -18"><span class='ocrx_word' id='word_1_629' title='bbox 2100 2212 2182 2249; x_wconf 83' lang='grc' dir='ltr'><strong>τει</strong></span> <span class='ocrx_word' id='word_1_630' title='bbox 2215 2199 2280 2267; x_wconf 83' lang='grc' dir='ltr'>τῇ</span> <span class='ocrx_word' id='word_1_631' title='bbox 2324 2194 2618 2266; x_wconf 65' lang='grc' dir='ltr'>Ἐκκλησία</span> <span class='ocrx_word' id='word_1_632' title='bbox 2648 2194 2743 2248; x_wconf 78' lang='grc' dir='ltr'>καὶ</span> <span class='ocrx_word' id='word_1_633' title='bbox 2776 2196 2888 2257; x_wconf 89' lang='grc' dir='ltr'>τοῖς</span> <span class='ocrx_word' id='word_1_634' title='bbox 2914 2192 3079 2247; x_wconf 80' lang='grc' dir='ltr'>αὑτοῦ</span> <span class='ocrx_word' id='word_1_635' title='bbox 3105 2191 3352 2262; x_wconf 76' lang='grc' dir='ltr'><strong>ἀδελφοῖς</strong></span> <span class='ocrx_word' id='word_1_636' title='bbox 3380 2193 3576 2263; x_wconf 79' lang='grc' dir='ltr'>ὑμνεῖν</span> <span class='ocrx_word' id='word_1_637' title='bbox 3600 2190 3692 2245; x_wconf 76' lang='grc' dir='ltr'>τὸν</span> 
     </span>
    </p>
   </div>
   <div class='ocr_carea' id='block_1_82' title="bbox 2102 2278 3691 2359">
    <p class='ocr_par' dir='ltr' id='par_1_82' title="bbox 2102 2278 3691 2359">
     <span class='ocr_line' id='line_1_82' title="bbox 2102 2278 3691 2359; baseline -0.003 -18"><span class='ocrx_word' id='word_1_638' title='bbox 2102 2288 2345 2359; x_wconf 82' lang='grc' dir='ltr'>Πατέρα.</span> <span class='ocrx_word' id='word_1_639' title='bbox 2373 2286 2467 2339; x_wconf 77' lang='grc' dir='ltr'><strong>Διό</strong></span> <span class='ocrx_word' id='word_1_640' title='bbox 2508 2303 2698 2357; x_wconf 61' lang='grc' dir='ltr'>φησιν·</span> <span class='ocrx_word' id='word_1_641' title='bbox 2725 2306 2743 2337; x_wconf 82' lang='grc' dir='ltr'><strong>ι</strong></span> <span class='ocrx_word' id='word_1_642' title='bbox 2766 2286 2827 2339; x_wconf 73' lang='lat' dir='ltr'><strong>Ol</strong></span> <span class='ocrx_word' id='word_1_643' title='bbox 2858 2278 3183 2355; x_wconf 77' lang='grc' dir='ltr'>φοϐούμενοι</span> <span class='ocrx_word' id='word_1_644' title='bbox 3212 2282 3302 2337; x_wconf 73' lang='grc' dir='ltr'>τὸν</span> <span class='ocrx_word' id='word_1_645' title='bbox 3339 2282 3568 2354; x_wconf 82' lang='grc' dir='ltr'>Κύριον.</span> <span class='ocrx_word' id='word_1_646' title='bbox 3603 2284 3691 2337; x_wconf 78' lang='grc' dir='ltr'>αἰ-</span> 
     </span>
    </p>
   </div>
   <div class='ocr_carea' id='block_1_83' title="bbox 2101 2374 3691 2449">
    <p class='ocr_par' dir='ltr' id='par_1_83' title="bbox 2101 2374 3691 2449">
     <span class='ocr_line' id='line_1_83' title="bbox 2101 2374 3691 2449; baseline -0.003 -16"><span class='ocrx_word' id='word_1_647' title='bbox 2101 2380 2291 2433; x_wconf 88' lang='grc' dir='ltr'>νέσατε</span> <span class='ocrx_word' id='word_1_648' title='bbox 2343 2379 2539 2433; x_wconf 76' lang='grc' dir='ltr'>αὐτόν’</span> <span class='ocrx_word' id='word_1_649' title='bbox 2601 2379 2745 2432; x_wconf 78' lang='grc' dir='ltr'>ἅπαν</span> <span class='ocrx_word' id='word_1_650' title='bbox 2791 2377 2854 2430; x_wconf 80' lang='grc' dir='ltr'><strong>τὸ</strong></span> <span class='ocrx_word' id='word_1_651' title='bbox 2906 2377 3129 2449; x_wconf 79' lang='grc' dir='ltr'>σπέρμα</span> <span class='ocrx_word' id='word_1_652' title='bbox 3178 2374 3372 2429; x_wconf 82' lang='grc' dir='ltr'>Ἰακὼϐ</span> <span class='ocrx_word' id='word_1_653' title='bbox 3424 2374 3691 2441; x_wconf 72' lang='grc' dir='ltr'>δοξάσατε</span> 
     </span>
    </p>
   </div>
   <div class='ocr_carea' id='block_1_84' title="bbox 2102 2465 3692 2540">
    <p class='ocr_par' dir='ltr' id='par_1_84' title="bbox 2102 2465 3692 2540">
     <span class='ocr_line' id='line_1_84' title="bbox 2102 2465 3692 2540; baseline -0.004 -16"><span class='ocrx_word' id='word_1_654' title='bbox 2102 2471 2264 2524; x_wconf 70' lang='grc' dir='ltr'>αὐτόν</span> <span class='ocrx_word' id='word_1_655' title='bbox 2294 2487 2307 2501; x_wconf 74' lang='grc'><strong><em>⁸</em></strong></span> <span class='ocrx_word' id='word_1_656' title='bbox 2371 2490 2389 2522; x_wconf 76' lang='grc' dir='ltr'><strong>ι</strong></span> <span class='ocrx_word' id='word_1_657' title='bbox 2448 2471 2560 2533; x_wconf 72' lang='grc' dir='ltr'>καὶ,</span> <span class='ocrx_word' id='word_1_658' title='bbox 2620 2490 2639 2521; x_wconf 79' lang='grc' dir='ltr'><strong>ι</strong></span> <span class='ocrx_word' id='word_1_659' title='bbox 2695 2468 3096 2540; x_wconf 77' lang='grc' dir='ltr'>Φοϐηθήτωσαν</span> <span class='ocrx_word' id='word_1_660' title='bbox 3169 2469 3263 2521; x_wconf 78' lang='grc' dir='ltr'>ἀπ’</span> <span class='ocrx_word' id='word_1_661' title='bbox 3308 2466 3476 2520; x_wconf 75' lang='grc' dir='ltr'>αὑτοῦ</span> <span class='ocrx_word' id='word_1_662' title='bbox 3544 2465 3692 2519; x_wconf 76' lang='grc' dir='ltr'>ἅπαν</span> 
     </span>
    </p>
   </div>
   <div class='ocr_carea' id='block_1_85' title="bbox 2100 2556 3690 2634">
    <p class='ocr_par' dir='ltr' id='par_1_85' title="bbox 2100 2556 3690 2634">
     <span class='ocr_line' id='line_1_85' title="bbox 2100 2556 3690 2634; baseline -0.005 -19"><span class='ocrx_word' id='word_1_663' title='bbox 2100 2560 2161 2617; x_wconf 70' lang='grc' dir='ltr'>τὸ</span> <span class='ocrx_word' id='word_1_664' title='bbox 2184 2565 2410 2634; x_wconf 85' lang='grc' dir='ltr'>σπέρμα</span> <span class='ocrx_word' id='word_1_665' title='bbox 2451 2561 2687 2634; x_wconf 71' lang='grc' dir='ltr'>Ἰσραὴλ,</span> <span class='ocrx_word' id='word_1_666' title='bbox 2717 2562 2798 2615; x_wconf 83' lang='grc' dir='ltr'>ὅτι</span> <span class='ocrx_word' id='word_1_667' title='bbox 2829 2562 2929 2614; x_wconf 80' lang='grc' dir='ltr'>οὐκ</span> <span class='ocrx_word' id='word_1_668' title='bbox 2957 2558 3332 2624; x_wconf 79' lang='grc' dir='ltr'>ὲξουδένωσεν,</span> <span class='ocrx_word' id='word_1_669' title='bbox 3362 2556 3487 2609; x_wconf 72' lang='grc' dir='ltr'>οὐδὲ</span> <span class='ocrx_word' id='word_1_670' title='bbox 3518 2571 3690 2627; x_wconf 80' lang='grc' dir='ltr'>προσ-</span> 
     </span>
    </p>
   </div>
   <div class='ocr_carea' id='block_1_86' title="bbox 2100 2646 3692 2727">
    <p class='ocr_par' dir='ltr' id='par_1_86' title="bbox 2100 2646 3692 2727">
     <span class='ocr_line' id='line_1_86' title="bbox 2100 2646 3692 2727; baseline -0.003 -22"><span class='ocrx_word' id='word_1_671' title='bbox 2100 2654 2300 2725; x_wconf 76' lang='grc' dir='ltr'>ώχθισε</span> <span class='ocrx_word' id='word_1_672' title='bbox 2352 2657 2415 2727; x_wconf 75' lang='grc' dir='ltr'>τῇ</span> <span class='ocrx_word' id='word_1_673' title='bbox 2462 2655 2643 2725; x_wconf 75' lang='grc' dir='ltr'>δεήσει</span> <span class='ocrx_word' id='word_1_674' title='bbox 2683 2653 2776 2707; x_wconf 74' lang='grc' dir='ltr'>τοῦ</span> <span class='ocrx_word' id='word_1_675' title='bbox 2825 2651 3067 2724; x_wconf 78' lang='grc' dir='ltr'><strong>πτωχοῦ,</strong></span> <span class='ocrx_word' id='word_1_676' title='bbox 3097 2651 3217 2704; x_wconf 74' lang='grc' dir='ltr'>οὐδὲ</span> <span class='ocrx_word' id='word_1_677' title='bbox 3267 2649 3585 2719; x_wconf 62' lang='grc' dir='ltr'>ἀπέστρεψε</span> <span class='ocrx_word' id='word_1_678' title='bbox 3631 2646 3692 2701; x_wconf 77' lang='grc' dir='ltr'>τὺ</span> 
     </span>
    </p>
   </div>
   <div class='ocr_carea' id='block_1_87' title="bbox 2102 2742 3688 2819">
    <p class='ocr_par' dir='ltr' id='par_1_87' title="bbox 2102 2742 3688 2819">
     <span class='ocr_line' id='line_1_87' title="bbox 2102 2742 3688 2819; baseline -0.003 -20"><span class='ocrx_word' id='word_1_679' title='bbox 2102 2747 2390 2819; x_wconf 77' lang='grc' dir='ltr'>πρόσωπον</span> <span class='ocrx_word' id='word_1_680' title='bbox 2423 2746 2585 2800; x_wconf 73' lang='grc' dir='ltr'>αὐτοῦ</span> <span class='ocrx_word' id='word_1_681' title='bbox 2618 2747 2712 2800; x_wconf 81' lang='grc' dir='ltr'>ἀπ’</span> <span class='ocrx_word' id='word_1_682' title='bbox 2742 2745 2897 2817; x_wconf 73' lang='grc' dir='ltr'>ἐμοῦ,</span> <span class='ocrx_word' id='word_1_683' title='bbox 2928 2742 3021 2797; x_wconf 72' lang='grc' dir='ltr'><strong>καὶ</strong></span> <span class='ocrx_word' id='word_1_684' title='bbox 3055 2745 3114 2796; x_wconf 82' lang='grc' dir='ltr'>ὲν</span> <span class='ocrx_word' id='word_1_685' title='bbox 3147 2742 3226 2814; x_wconf 81' lang='grc' dir='ltr'><strong>τῷ</strong></span> <span class='ocrx_word' id='word_1_686' title='bbox 3256 2744 3591 2813; x_wconf 65' lang='grc' dir='ltr'>κεκραγέδαι</span> <span class='ocrx_word' id='word_1_687' title='bbox 3622 2755 3688 2813; x_wconf 74' lang='grc' dir='ltr'><strong>με</strong></span> 
     </span>
    </p>
   </div>
   <div class='ocr_carea' id='block_1_88' title="bbox 2103 2828 3689 2909">
    <p class='ocr_par' dir='ltr' id='par_1_88' title="bbox 2103 2828 3689 2909">
     <span class='ocr_line' id='line_1_88' title="bbox 2103 2828 3689 2909; baseline -0.002 -20"><span class='ocrx_word' id='word_1_688' title='bbox 2103 2837 2239 2909; x_wconf 73' lang='grc' dir='ltr'>πρὸς</span> <span class='ocrx_word' id='word_1_689' title='bbox 2279 2834 2441 2891; x_wconf 79' lang='grc' dir='ltr'>αὐτὸν</span> <span class='ocrx_word' id='word_1_690' title='bbox 2488 2836 2774 2907; x_wconf 78' lang='grc' dir='ltr'>είσήκουσέ</span> <span class='ocrx_word' id='word_1_691' title='bbox 2811 2849 2951 2907; x_wconf 72' lang='grc' dir='ltr'>μουο</span> <span class='ocrx_word' id='word_1_692' title='bbox 3003 2853 3023 2886; x_wconf 73' lang='grc' dir='ltr'><strong>ι</strong></span> <span class='ocrx_word' id='word_1_693' title='bbox 3071 2828 3139 2888; x_wconf 69' lang='grc' dir='ltr'>δι⁴</span> <span class='ocrx_word' id='word_1_694' title='bbox 3168 2829 3242 2887; x_wconf 77' lang='grc' dir='ltr'>ὧν</span> <span class='ocrx_word' id='word_1_695' title='bbox 3300 2833 3492 2902; x_wconf 61' lang='grc' dir='ltr'>σαφῶς</span> <span class='ocrx_word' id='word_1_696' title='bbox 3546 2848 3689 2904; x_wconf 81' lang='grc' dir='ltr'>παρ-</span> 
     </span>
    </p>
   </div>
   <div class='ocr_carea' id='block_1_89' title="bbox 2101 2925 3686 3002">
    <p class='ocr_par' dir='ltr' id='par_1_89' title="bbox 2101 2925 3686 3002">
     <span class='ocr_line' id='line_1_89' title="bbox 2101 2925 3686 3002; baseline -0.003 -18"><span class='ocrx_word' id='word_1_697' title='bbox 2101 2931 2297 3002; x_wconf 86' lang='grc' dir='ltr'>έστησε</span> <span class='ocrx_word' id='word_1_698' title='bbox 2328 2929 2436 2983; x_wconf 84' lang='grc' dir='ltr'><strong>τῶν</strong></span> <span class='ocrx_word' id='word_1_699' title='bbox 2466 2926 2973 3000; x_wconf 87' lang='grc' dir='ltr'>προωνομασμένων</span> <span class='ocrx_word' id='word_1_700' title='bbox 3003 2926 3188 2981; x_wconf 74' lang='grc' dir='ltr'>κακῶν</span> <span class='ocrx_word' id='word_1_701' title='bbox 3214 2926 3279 2998; x_wconf 69' lang='grc' dir='ltr'>τὴ</span> <span class='ocrx_word' id='word_1_702' title='bbox 3296 2946 3313 2978; x_wconf 66' lang='grc' dir='ltr'>,ι</span> <span class='ocrx_word' id='word_1_703' title='bbox 3341 2925 3686 2996; x_wconf 78' lang='grc' dir='ltr'>ἀπαλλαγήν.</span> 
     </span>
    </p>
   </div>
   <div class='ocr_carea' id='block_1_90' title="bbox 2104 3017 3691 3093">
    <p class='ocr_par' dir='ltr' id='par_1_90' title="bbox 2104 3017 3691 3093">
     <span class='ocr_line' id='line_1_90' title="bbox 2104 3017 3691 3093; baseline -0.004 -18"><span class='ocrx_word' id='word_1_704' title='bbox 2104 3023 2166 3076; x_wconf 78' lang='grc' dir='ltr'>Εἰ</span> <span class='ocrx_word' id='word_1_705' title='bbox 2202 3021 2311 3093; x_wconf 80' lang='grc' dir='ltr'>γὰρ</span> <span class='ocrx_word' id='word_1_706' title='bbox 2336 3024 2398 3075; x_wconf 85' lang='grc' dir='ltr'>ὲν</span> <span class='ocrx_word' id='word_1_707' title='bbox 2421 3021 2498 3092; x_wconf 77' lang='grc' dir='ltr'><strong>τῷ</strong></span> <span class='ocrx_word' id='word_1_708' title='bbox 2530 3021 2859 3093; x_wconf 82' lang='grc' dir='ltr'>κεκραγέναι</span> <span class='ocrx_word' id='word_1_709' title='bbox 2884 3021 3022 3092; x_wconf 79' lang='grc' dir='ltr'>πρὸς</span> <span class='ocrx_word' id='word_1_710' title='bbox 3054 3018 3212 3072; x_wconf 71' lang='grc' dir='ltr'>αὐτὸν</span> <span class='ocrx_word' id='word_1_711' title='bbox 3242 3019 3563 3089; x_wconf 75' lang='grc' dir='ltr'>είσήκουσεν</span> <span class='ocrx_word' id='word_1_712' title='bbox 3594 3017 3691 3069; x_wconf 72' lang='grc' dir='ltr'><strong>αὖ·</strong></span> 
     </span>
    </p>
   </div>
   <div class='ocr_carea' id='block_1_91' title="bbox 2103 3106 3689 3185">
    <p class='ocr_par' dir='ltr' id='par_1_91' title="bbox 2103 3106 3689 3185">
     <span class='ocr_line' id='line_1_91' title="bbox 2103 3106 3689 3185; baseline -0.004 -19"><span class='ocrx_word' id='word_1_713' title='bbox 2103 3113 2218 3176; x_wconf 78' lang='grc' dir='ltr'>τοῦ,</span> <span class='ocrx_word' id='word_1_714' title='bbox 2251 3111 2453 3183; x_wconf 77' lang='grc' dir='ltr'>ηῠξατο</span> <span class='ocrx_word' id='word_1_715' title='bbox 2483 3113 2538 3166; x_wconf 83' lang='grc' dir='ltr'>δὲ</span> <span class='ocrx_word' id='word_1_716' title='bbox 2575 3112 2837 3185; x_wconf 78' lang='grc' dir='ltr'>ρυσθῆναι</span> <span class='ocrx_word' id='word_1_717' title='bbox 2864 3112 2972 3166; x_wconf 77' lang='grc' dir='ltr'><strong>ἀπὸ</strong></span> <span class='ocrx_word' id='word_1_718' title='bbox 3010 3111 3108 3181; x_wconf 77' lang='grc' dir='ltr'><strong>μὲν</strong></span> <span class='ocrx_word' id='word_1_719' title='bbox 3158 3106 3432 3183; x_wconf 73' lang='grc' dir='ltr'>ῥομφαίας</span> <span class='ocrx_word' id='word_1_720' title='bbox 3456 3109 3556 3179; x_wconf 78' lang='grc' dir='ltr'>τὴν</span> <span class='ocrx_word' id='word_1_721' title='bbox 3586 3108 3689 3178; x_wconf 46' lang='lat' dir='ltr'><strong>de-</strong></span> 
     </span>
    </p>
   </div>
   <div class='ocr_carea' id='block_1_92' title="bbox 2105 3199 3691 3276">
    <p class='ocr_par' dir='ltr' id='par_1_92' title="bbox 2105 3199 3691 3276">
     <span class='ocr_line' id='line_1_92' title="bbox 2105 3199 3691 3276; baseline -0.004 -19"><span class='ocrx_word' id='word_1_722' title='bbox 2105 3206 2205 3276; x_wconf 72' lang='grc' dir='ltr'><strong>χὴν</strong></span> <span class='ocrx_word' id='word_1_723' title='bbox 2234 3205 2421 3267; x_wconf 79' lang='grc' dir='ltr'>αὐτοῦ,</span> <span class='ocrx_word' id='word_1_724' title='bbox 2458 3207 2522 3258; x_wconf 83' lang='grc' dir='ltr'>ἐκ</span> <span class='ocrx_word' id='word_1_725' title='bbox 2549 3204 2605 3257; x_wconf 81' lang='grc' dir='ltr'>δὲ</span> <span class='ocrx_word' id='word_1_726' title='bbox 2640 3205 2797 3268; x_wconf 78' lang='grc' dir='ltr'>κυνὸς</span> <span class='ocrx_word' id='word_1_727' title='bbox 2829 3203 2927 3276; x_wconf 82' lang='grc' dir='ltr'><strong>τῆν</strong></span> <span class='ocrx_word' id='word_1_728' title='bbox 2965 3203 3228 3274; x_wconf 88' lang='grc' dir='ltr'>μονογενῆ</span> <span class='ocrx_word' id='word_1_729' title='bbox 3258 3200 3448 3265; x_wconf 72' lang='grc' dir='ltr'>αὑτοῦ,</span> <span class='ocrx_word' id='word_1_730' title='bbox 3481 3201 3579 3253; x_wconf 70' lang='grc' dir='ltr'><strong>καὶ</strong></span> <span class='ocrx_word' id='word_1_731' title='bbox 3611 3199 3691 3252; x_wconf 75' lang='grc' dir='ltr'>ἔτι</span> 
     </span>
    </p>
   </div>
   <div class='ocr_carea' id='block_1_93' title="bbox 2104 3288 3691 3365">
    <p class='ocr_par' dir='ltr' id='par_1_93' title="bbox 2104 3288 3691 3365">
     <span class='ocr_line' id='line_1_93' title="bbox 2104 3288 3691 3365; baseline -0.004 -18"><span class='ocrx_word' id='word_1_732' title='bbox 2104 3296 2169 3347; x_wconf 84' lang='grc' dir='ltr'>ὲκ</span> <span class='ocrx_word' id='word_1_733' title='bbox 2198 3294 2460 3365; x_wconf 86' lang='grc' dir='ltr'>στόματος</span> <span class='ocrx_word' id='word_1_734' title='bbox 2492 3290 2723 3357; x_wconf 75' lang='grc' dir='ltr'>λέοντος,</span> <span class='ocrx_word' id='word_1_735' title='bbox 2759 3294 2854 3347; x_wconf 76' lang='grc' dir='ltr'><strong>καὶ</strong></span> <span class='ocrx_word' id='word_1_736' title='bbox 2882 3292 2988 3346; x_wconf 76' lang='grc' dir='ltr'><strong>ἀπὸ</strong></span> <span class='ocrx_word' id='word_1_737' title='bbox 3020 3291 3270 3362; x_wconf 82' lang='grc' dir='ltr'>κεράτων</span> <span class='ocrx_word' id='word_1_738' title='bbox 3299 3288 3691 3361; x_wconf 75' lang='grc' dir='ltr'>μονοκερὼτων</span> 
     </span>
    </p>
   </div>
   <div class='ocr_carea' id='block_1_94' title="bbox 2101 3381 3692 3458">
    <p class='ocr_par' dir='ltr' id='par_1_94' title="bbox 2101 3381 3692 3458">
     <span class='ocr_line' id='line_1_94' title="bbox 2101 3381 3692 3458; baseline -0.004 -18"><span class='ocrx_word' id='word_1_739' title='bbox 2101 3388 2201 3458; x_wconf 73' lang='grc' dir='ltr'><strong>τὴν</strong></span> <span class='ocrx_word' id='word_1_740' title='bbox 2245 3386 2567 3439; x_wconf 79' lang='grc' dir='ltr'>ταπείνωσιν</span> <span class='ocrx_word' id='word_1_741' title='bbox 2599 3385 2786 3450; x_wconf 71' lang='grc' dir='ltr'>αὐτοῦ,</span> <span class='ocrx_word' id='word_1_742' title='bbox 2834 3384 3125 3439; x_wconf 86' lang='grc' dir='ltr'>ἀκόλουθόν</span> <span class='ocrx_word' id='word_1_743' title='bbox 3162 3384 3279 3435; x_wconf 76' lang='grc' dir='ltr'>ἐστι</span> <span class='ocrx_word' id='word_1_744' title='bbox 3311 3384 3453 3435; x_wconf 82' lang='grc' dir='ltr'>νοεῖν</span> <span class='ocrx_word' id='word_1_745' title='bbox 3481 3381 3692 3434; x_wconf 82' lang='grc' dir='ltr'>τούτων</span> 
     </span>
    </p>
   </div>
   <div class='ocr_carea' id='block_1_95' title="bbox 2104 3475 3695 3551">
    <p class='ocr_par' dir='ltr' id='par_1_95' title="bbox 2104 3475 3695 3551">
     <span class='ocr_line' id='line_1_95' title="bbox 2104 3475 3695 3551; baseline -0.005 -18"><span class='ocrx_word' id='word_1_746' title='bbox 2104 3480 2420 3551; x_wconf 78' lang='grc' dir='ltr'>ἀπαλλαγὴν</span> <span class='ocrx_word' id='word_1_747' title='bbox 2469 3477 2723 3549; x_wconf 74' lang='grc' dir='ltr'>εὑρέσθαι</span> <span class='ocrx_word' id='word_1_748' title='bbox 2771 3476 2863 3531; x_wconf 80' lang='grc' dir='ltr'><strong>τὸν</strong></span> <span class='ocrx_word' id='word_1_749' title='bbox 2912 3478 3181 3547; x_wconf 64' lang='grc' dir='ltr'>φήσαντα,</span> <span class='ocrx_word' id='word_1_750' title='bbox 3218 3477 3300 3529; x_wconf 83' lang='grc' dir='ltr'><strong>ὅτι</strong></span> <span class='ocrx_word' id='word_1_751' title='bbox 3347 3495 3365 3525; x_wconf 80' lang='grc' dir='ltr'><strong>ι</strong></span> <span class='ocrx_word' id='word_1_752' title='bbox 3398 3475 3473 3545; x_wconf 77' lang='grc' dir='ltr'>μὴ</span> <span class='ocrx_word' id='word_1_753' title='bbox 3519 3490 3695 3544; x_wconf 82' lang='grc' dir='ltr'>προσ-</span> 
     </span>
    </p>
   </div>
   <div class='ocr_carea' id='block_1_96' title="bbox 2102 3566 3695 3644">
    <p class='ocr_par' dir='ltr' id='par_1_96' title="bbox 2102 3566 3695 3644">
     <span class='ocr_line' id='line_1_96' title="bbox 2102 3566 3695 3644; baseline -0.006 -17"><span class='ocrx_word' id='word_1_754' title='bbox 2102 3573 2332 3644; x_wconf 64' lang='grc' dir='ltr'>ώχθισεν</span> <span class='ocrx_word' id='word_1_755' title='bbox 2364 3576 2392 3626; x_wconf 86' lang='grc' dir='ltr'>ὁ</span> <span class='ocrx_word' id='word_1_756' title='bbox 2424 3566 2556 3634; x_wconf 82' lang='grc' dir='ltr'>Θεδς</span> <span class='ocrx_word' id='word_1_757' title='bbox 2585 3574 2650 3642; x_wconf 83' lang='grc' dir='ltr'>τῇ</span> <span class='ocrx_word' id='word_1_758' title='bbox 2686 3570 2864 3641; x_wconf 82' lang='grc' dir='ltr'>δεήσει</span> <span class='ocrx_word' id='word_1_759' title='bbox 2912 3567 3099 3631; x_wconf 76' lang='grc' dir='ltr'>αὑτοῦ,</span> <span class='ocrx_word' id='word_1_760' title='bbox 3130 3566 3262 3639; x_wconf 83' lang='grc' dir='ltr'>μηδὲ</span> <span class='ocrx_word' id='word_1_761' title='bbox 3289 3567 3351 3619; x_wconf 83' lang='grc' dir='ltr'>τὺ</span> <span class='ocrx_word' id='word_1_762' title='bbox 3394 3566 3695 3636; x_wconf 76' lang='grc' dir='ltr'>πρόσωπον</span> 
     </span>
    </p>
   </div>
   <div class='ocr_carea' id='block_1_97' title="bbox 2104 3658 3697 3735">
    <p class='ocr_par' dir='ltr' id='par_1_97' title="bbox 2104 3658 3697 3735">
     <span class='ocr_line' id='line_1_97' title="bbox 2104 3658 3697 3735; baseline -0.005 -16"><span class='ocrx_word' id='word_1_763' title='bbox 2104 3663 2443 3735; x_wconf 65' lang='grc' dir='ltr'>ἀπέστρεψεν</span> <span class='ocrx_word' id='word_1_764' title='bbox 2459 3663 2553 3717; x_wconf 78' lang='grc' dir='ltr'>ἀπ’</span> <span class='ocrx_word' id='word_1_765' title='bbox 2586 3660 2771 3724; x_wconf 73' lang='grc' dir='ltr'>αὐτοῦ,</span> <span class='ocrx_word' id='word_1_766' title='bbox 2808 3660 2922 3714; x_wconf 79' lang='grc' dir='ltr'>ἀλλ’</span> <span class='ocrx_word' id='word_1_767' title='bbox 2968 3660 3026 3713; x_wconf 72' lang='grc' dir='ltr'>ὲν</span> <span class='ocrx_word' id='word_1_768' title='bbox 3070 3658 3148 3730; x_wconf 79' lang='grc' dir='ltr'>τῷ</span> <span class='ocrx_word' id='word_1_769' title='bbox 3195 3659 3527 3731; x_wconf 77' lang='grc' dir='ltr'>κεκραγέναι</span> <span class='ocrx_word' id='word_1_770' title='bbox 3579 3660 3697 3712; x_wconf 56' lang='grc' dir='ltr'>εἰσ.</span> 
     </span>
    </p>
   </div>
   <div class='ocr_carea' id='block_1_98' title="bbox 2104 3745 3696 3828">
    <p class='ocr_par' dir='ltr' id='par_1_98' title="bbox 2104 3745 3696 3828">
     <span class='ocr_line' id='line_1_98' title="bbox 2104 3745 3696 3828; baseline -0.004 -20"><span class='ocrx_word' id='word_1_771' title='bbox 2104 3759 2334 3828; x_wconf 72' lang='grc' dir='ltr'>ήκουσεν</span> <span class='ocrx_word' id='word_1_772' title='bbox 2365 3752 2546 3806; x_wconf 78' lang='grc' dir='ltr'>αὐτοῦ.</span> <span class='ocrx_word' id='word_1_773' title='bbox 2567 3772 2583 3802; x_wconf 78' lang='grc' dir='ltr'><strong>ι</strong></span> <span class='ocrx_word' id='word_1_774' title='bbox 2614 3750 2705 3804; x_wconf 77' lang='grc' dir='ltr'><strong>Διὸ</strong></span> <span class='ocrx_word' id='word_1_775' title='bbox 2729 3751 2821 3804; x_wconf 75' lang='grc' dir='ltr'><strong>καὶ</strong></span> <span class='ocrx_word' id='word_1_776' title='bbox 2846 3748 3085 3822; x_wconf 82' lang='grc' dir='ltr'>ὑπῆρξεν</span> <span class='ocrx_word' id='word_1_777' title='bbox 3118 3748 3264 3819; x_wconf 72' lang='grc' dir='ltr'>αὐτῷ</span> <span class='ocrx_word' id='word_1_778' title='bbox 3296 3745 3549 3820; x_wconf 77' lang='grc' dir='ltr'>ρυσθέντι</span> <span class='ocrx_word' id='word_1_779' title='bbox 3580 3748 3696 3801; x_wconf 85' lang='grc' dir='ltr'><strong>τῶν</strong></span> 
     </span>
    </p>
   </div>
   <div class='ocr_carea' id='block_1_99' title="bbox 2104 3837 3698 3910">
    <p class='ocr_par' dir='ltr' id='par_1_99' title="bbox 2104 3837 3698 3910">
     <span class='ocr_line' id='line_1_99' title="bbox 2104 3837 3698 3910; baseline -0.005 -12"><span class='ocrx_word' id='word_1_780' title='bbox 2104 3844 2391 3906; x_wconf 78' lang='grc' dir='ltr'>τοσούτων,</span> <span class='ocrx_word' id='word_1_781' title='bbox 2426 3842 2518 3894; x_wconf 74' lang='grc' dir='ltr'><strong>καὶ</strong></span> <span class='ocrx_word' id='word_1_782' title='bbox 2545 3841 2608 3894; x_wconf 81' lang='grc' dir='ltr'>ἐκ</span> <span class='ocrx_word' id='word_1_783' title='bbox 2639 3839 2732 3893; x_wconf 79' lang='grc' dir='ltr'><strong>τοῦ</strong></span> <span class='ocrx_word' id='word_1_784' title='bbox 2769 3838 2999 3892; x_wconf 83' lang='grc' dir='ltr'>Θανάτου</span> <span class='ocrx_word' id='word_1_785' title='bbox 3031 3838 3345 3907; x_wconf 78' lang='grc' dir='ltr'>διαφυγόντι</span> <span class='ocrx_word' id='word_1_786' title='bbox 3386 3837 3698 3910; x_wconf 83' lang='grc' dir='ltr'>συνδιατρί-</span> 
     </span>
    </p>
   </div>
   <div class='ocr_carea' id='block_1_100' title="bbox 2105 3924 3697 4002">
    <p class='ocr_par' dir='ltr' id='par_1_100' title="bbox 2105 3924 3697 4002">
     <span class='ocr_line' id='line_1_100' title="bbox 2105 3924 3697 4002; baseline -0.005 -14"><span class='ocrx_word' id='word_1_787' title='bbox 2105 3934 2220 3988; x_wconf 76' lang='grc' dir='ltr'>ϐειν</span> <span class='ocrx_word' id='word_1_788' title='bbox 2263 3937 2372 3997; x_wconf 80' lang='grc' dir='ltr'>τοῖς</span> <span class='ocrx_word' id='word_1_789' title='bbox 2412 3930 2604 3985; x_wconf 79' lang='grc' dir='ltr'>ἑαυτοῦ</span> <span class='ocrx_word' id='word_1_790' title='bbox 2661 3924 2930 4002; x_wconf 73' lang='grc' dir='ltr'>μαθηταῖς</span> <span class='ocrx_word' id='word_1_791' title='bbox 2972 3929 3109 4000; x_wconf 79' lang='grc' dir='ltr'>ὁμοῦ</span> <span class='ocrx_word' id='word_1_792' title='bbox 3160 3930 3252 3981; x_wconf 76' lang='grc' dir='ltr'><strong>καὶ</strong></span> <span class='ocrx_word' id='word_1_793' title='bbox 3294 3927 3566 3998; x_wconf 77' lang='grc' dir='ltr'>ἀδελφοῖς,</span> <span class='ocrx_word' id='word_1_794' title='bbox 3599 3929 3697 3982; x_wconf 76' lang='grc' dir='ltr'>καὶ</span> 
     </span>
    </p>
   </div>
   <div class='ocr_carea' id='block_1_101' title="bbox 2107 4019 3696 4098">
    <p class='ocr_par' dir='ltr' id='par_1_101' title="bbox 2107 4019 3696 4098">
     <span class='ocr_line' id='line_1_101' title="bbox 2107 4019 3696 4098; baseline -0.004 -17"><span class='ocrx_word' id='word_1_795' title='bbox 2107 4022 2294 4098; x_wconf 78' lang='grc' dir='ltr'>ὑμνεῖν</span> <span class='ocrx_word' id='word_1_796' title='bbox 2337 4026 2395 4078; x_wconf 85' lang='grc' dir='ltr'>ὲν</span> <span class='ocrx_word' id='word_1_797' title='bbox 2441 4024 2590 4095; x_wconf 81' lang='grc' dir='ltr'>μέσῳ</span> <span class='ocrx_word' id='word_1_798' title='bbox 2635 4020 2962 4092; x_wconf 85' lang='grc' dir='ltr'>Ἐκκλησίας</span> <span class='ocrx_word' id='word_1_799' title='bbox 2993 4021 3085 4075; x_wconf 85' lang='grc' dir='ltr'><strong>τὸν</strong></span> <span class='ocrx_word' id='word_1_800' title='bbox 3128 4020 3369 4090; x_wconf 78' lang='grc' dir='ltr'>Πατέρα.</span> <span class='ocrx_word' id='word_1_801' title='bbox 3418 4019 3593 4091; x_wconf 76' lang='grc' dir='ltr'>Τήρει</span> <span class='ocrx_word' id='word_1_802' title='bbox 3636 4019 3696 4075; x_wconf 74' lang='grc' dir='ltr'>δὲ</span> 
     </span>
    </p>
   </div>
   <div class='ocr_carea' id='block_1_102' title="bbox 2107 4108 3696 4185">
    <p class='ocr_par' dir='ltr' id='par_1_102' title="bbox 2107 4108 3696 4185">
     <span class='ocr_line' id='line_1_102' title="bbox 2107 4108 3696 4185; baseline -0.006 -14"><span class='ocrx_word' id='word_1_803' title='bbox 2107 4118 2267 4172; x_wconf 80' lang='grc' dir='ltr'>πάλιν</span> <span class='ocrx_word' id='word_1_804' title='bbox 2295 4117 2370 4178; x_wconf 83' lang='grc' dir='ltr'>ὡς</span> <span class='ocrx_word' id='word_1_805' title='bbox 2413 4115 2626 4185; x_wconf 81' lang='grc' dir='ltr'>πτωχὸν</span> <span class='ocrx_word' id='word_1_806' title='bbox 2658 4109 2812 4176; x_wconf 79' lang='grc' dir='ltr'>αὖθις</span> <span class='ocrx_word' id='word_1_807' title='bbox 2853 4112 3046 4165; x_wconf 74' lang='grc' dir='ltr'>ἑαυτὸν</span> <span class='ocrx_word' id='word_1_808' title='bbox 3079 4111 3345 4165; x_wconf 81' lang='grc' dir='ltr'>ἀποκαλεῖ</span> <span class='ocrx_word' id='word_1_809' title='bbox 3384 4108 3696 4182; x_wconf 69' lang='grc' dir='ltr'>συμφώνως</span> 
     </span>
    </p>
   </div>
   <div class='ocr_carea' id='block_1_103' title="bbox 2104 4196 3699 4281">
    <p class='ocr_par' dir='ltr' id='par_1_103' title="bbox 2104 4196 3699 4281">
     <span class='ocr_line' id='line_1_103' title="bbox 2104 4196 3699 4281; baseline -0.006 -17"><span class='ocrx_word' id='word_1_810' title='bbox 2104 4213 2223 4274; x_wconf 84' lang='grc' dir='ltr'>ταῖς</span> <span class='ocrx_word' id='word_1_811' title='bbox 2249 4209 2511 4281; x_wconf 86' lang='grc' dir='ltr'>πρότερον</span> <span class='ocrx_word' id='word_1_812' title='bbox 2539 4205 2962 4279; x_wconf 85' lang='grc' dir='ltr'>παρατεθείσαις</span> <span class='ocrx_word' id='word_1_813' title='bbox 2986 4203 3365 4276; x_wconf 74' lang='grc' dir='ltr'>προφητείαις,</span> <span class='ocrx_word' id='word_1_814' title='bbox 3392 4203 3460 4256; x_wconf 84' lang='grc' dir='ltr'>δι’</span> <span class='ocrx_word' id='word_1_815' title='bbox 3489 4196 3567 4256; x_wconf 81' lang='grc' dir='ltr'>ὧν</span> <span class='ocrx_word' id='word_1_816' title='bbox 3597 4203 3699 4256; x_wconf 84' lang='grc' dir='ltr'>πέ-</span> 
     </span>
    </p>
   </div>
   <div class='ocr_carea' id='block_1_104' title="bbox 2104 4294 3696 4375">
    <p class='ocr_par' dir='ltr' id='par_1_104' title="bbox 2104 4294 3696 4375">
     <span class='ocr_line' id='line_1_104' title="bbox 2104 4294 3696 4375; baseline -0.006 -17"><span class='ocrx_word' id='word_1_817' title='bbox 2104 4322 2202 4375; x_wconf 86' lang='grc' dir='ltr'><strong>νης</strong></span> <span class='ocrx_word' id='word_1_818' title='bbox 2235 4304 2327 4357; x_wconf 75' lang='grc' dir='ltr'><strong>καὶ</strong></span> <span class='ocrx_word' id='word_1_819' title='bbox 2367 4300 2577 4371; x_wconf 79' lang='grc' dir='ltr'>πτωχὸς</span> <span class='ocrx_word' id='word_1_820' title='bbox 2604 4298 2934 4369; x_wconf 76' lang='grc' dir='ltr'>ὠνομάζετο.</span> <span class='ocrx_word' id='word_1_821' title='bbox 2977 4296 3115 4349; x_wconf 79' lang='grc' dir='ltr'>Ἀλλ’</span> <span class='ocrx_word' id='word_1_822' title='bbox 3149 4294 3272 4349; x_wconf 78' lang='grc' dir='ltr'>ἐπεὶ</span> <span class='ocrx_word' id='word_1_823' title='bbox 3306 4295 3400 4347; x_wconf 71' lang='grc' dir='ltr'>καὶ</span> <span class='ocrx_word' id='word_1_824' title='bbox 3429 4295 3531 4365; x_wconf 76' lang='grc' dir='ltr'><strong>τὴν</strong></span> <span class='ocrx_word' id='word_1_825' title='bbox 3561 4296 3696 4350; x_wconf 86' lang='grc' dir='ltr'>ἀνά-</span> 
     </span>
    </p>
   </div>
   <div class='ocr_carea' id='block_1_105' title="bbox 2107 4383 3697 4461">
    <p class='ocr_par' dir='ltr' id='par_1_105' title="bbox 2107 4383 3697 4461">
     <span class='ocr_line' id='line_1_105' title="bbox 2107 4383 3697 4461; baseline -0.006 -12"><span class='ocrx_word' id='word_1_826' title='bbox 2107 4414 2297 4449; x_wconf 86' lang='grc' dir='ltr'>στασιν</span> <span class='ocrx_word' id='word_1_827' title='bbox 2329 4393 2494 4448; x_wconf 80' lang='grc' dir='ltr'>αὑτοῦ</span> <span class='ocrx_word' id='word_1_828' title='bbox 2524 4392 2611 4446; x_wconf 81' lang='grc' dir='ltr'>διὰ</span> <span class='ocrx_word' id='word_1_829' title='bbox 2637 4392 2840 4445; x_wconf 86' lang='grc' dir='ltr'>τούτων</span> <span class='ocrx_word' id='word_1_830' title='bbox 2870 4389 3232 4461; x_wconf 83' lang='grc' dir='ltr'>παρέστησεν,</span> <span class='ocrx_word' id='word_1_831' title='bbox 3259 4383 3415 4450; x_wconf 76' lang='grc' dir='ltr'>αὖθις</span> <span class='ocrx_word' id='word_1_832' title='bbox 3442 4387 3580 4459; x_wconf 82' lang='grc' dir='ltr'>πρὸς</span> <span class='ocrx_word' id='word_1_833' title='bbox 3605 4387 3697 4440; x_wconf 73' lang='grc' dir='ltr'>τὸν</span> 
     </span>
    </p>
   </div>
   <div class='ocr_carea' id='block_1_106' title="bbox 2105 4478 3696 4559">
    <p class='ocr_par' dir='ltr' id='par_1_106' title="bbox 2105 4478 3696 4559">
     <span class='ocr_line' id='line_1_106' title="bbox 2105 4478 3696 4559; baseline -0.007 -17"><span class='ocrx_word' id='word_1_834' title='bbox 2105 4489 2323 4559; x_wconf 78' lang='grc' dir='ltr'>Πατέρα</span> <span class='ocrx_word' id='word_1_835' title='bbox 2369 4485 2710 4556; x_wconf 69' lang='grc' dir='ltr'>ἐπιστρέφων</span> <span class='ocrx_word' id='word_1_836' title='bbox 2743 4483 2834 4537; x_wconf 82' lang='grc' dir='ltr'><strong>τὸν</strong></span> <span class='ocrx_word' id='word_1_837' title='bbox 2879 4483 3071 4550; x_wconf 82' lang='grc' dir='ltr'>λόγον’</span> <span class='ocrx_word' id='word_1_838' title='bbox 3109 4500 3128 4532; x_wconf 79' lang='grc' dir='ltr'><strong>ι</strong></span> <span class='ocrx_word' id='word_1_839' title='bbox 3161 4478 3319 4552; x_wconf 85' lang='grc' dir='ltr'><strong>Παρά</strong></span> <span class='ocrx_word' id='word_1_840' title='bbox 3354 4478 3475 4544; x_wconf 75' lang='grc' dir='ltr'>σοῦ,</span> <span class='ocrx_word' id='word_1_841' title='bbox 3522 4497 3544 4532; x_wconf 73' lang='grc' dir='ltr'><strong>ι</strong></span> <span class='ocrx_word' id='word_1_842' title='bbox 3594 4495 3696 4550; x_wconf 75' lang='grc' dir='ltr'><strong>φη-</strong></span> 
     </span>
    </p>
   </div>
   <div class='ocr_carea' id='block_1_107' title="bbox 2109 4570 3697 4649">
    <p class='ocr_par' dir='ltr' id='par_1_107' title="bbox 2109 4570 3697 4649">
     <span class='ocr_line' id='line_1_107' title="bbox 2109 4570 3697 4649; baseline -0.007 -15"><span class='ocrx_word' id='word_1_843' title='bbox 2109 4576 2212 4644; x_wconf 67' lang='grc' dir='ltr'>σὶν,</span> <span class='ocrx_word' id='word_1_844' title='bbox 2258 4600 2276 4631; x_wconf 79' lang='grc' dir='ltr'><strong>ι</strong></span> <span class='ocrx_word' id='word_1_845' title='bbox 2334 4582 2362 4635; x_wconf 85' lang='grc' dir='ltr'>ὁ</span> <span class='ocrx_word' id='word_1_846' title='bbox 2408 4578 2628 4642; x_wconf 78' lang='grc' dir='ltr'>ἔπαινός</span> <span class='ocrx_word' id='word_1_847' title='bbox 2668 4594 2769 4649; x_wconf 85' lang='grc' dir='ltr'><strong>μου</strong></span> <span class='ocrx_word' id='word_1_848' title='bbox 2812 4579 2868 4629; x_wconf 79' lang='grc' dir='ltr'>ἐν</span> <span class='ocrx_word' id='word_1_849' title='bbox 2908 4574 3204 4644; x_wconf 78' lang='grc' dir='ltr'>Ἐκκλησία</span> <span class='ocrx_word' id='word_1_850' title='bbox 3244 4572 3483 4644; x_wconf 79' lang='grc' dir='ltr'>μεγάλη,</span> <span class='ocrx_word' id='word_1_851' title='bbox 3530 4591 3549 4623; x_wconf 77' lang='grc' dir='ltr'><strong>ι</strong></span> <span class='ocrx_word' id='word_1_852' title='bbox 3596 4570 3697 4642; x_wconf 86' lang='grc' dir='ltr'><strong>τῆς</strong></span> 
     </span>
    </p>
   </div>
   <div class='ocr_carea' id='block_1_108' title="bbox 2106 4664 3695 4745">
    <p class='ocr_par' dir='ltr' id='par_1_108' title="bbox 2106 4664 3695 4745">
     <span class='ocr_line' id='line_1_108' title="bbox 2106 4664 3695 4745; baseline -0.008 -17"><span class='ocrx_word' id='word_1_853' title='bbox 2106 4676 2192 4728; x_wconf 80' lang='grc' dir='ltr'><strong>ἐπ’</strong></span> <span class='ocrx_word' id='word_1_854' title='bbox 2222 4676 2447 4745; x_wconf 81' lang='grc' dir='ltr'>ὀνόματι</span> <span class='ocrx_word' id='word_1_855' title='bbox 2477 4671 2641 4727; x_wconf 75' lang='grc' dir='ltr'>αὑτοῦ</span> <span class='ocrx_word' id='word_1_856' title='bbox 2678 4669 2952 4740; x_wconf 81' lang='grc' dir='ltr'>συστάσης</span> <span class='ocrx_word' id='word_1_857' title='bbox 2976 4668 3035 4734; x_wconf 74' lang='grc' dir='ltr'>ἐξ</span> <span class='ocrx_word' id='word_1_858' title='bbox 3067 4666 3235 4720; x_wconf 79' lang='grc' dir='ltr'>ἐθνῶν</span> <span class='ocrx_word' id='word_1_859' title='bbox 3266 4664 3391 4719; x_wconf 84' lang='grc' dir='ltr'>καθ’</span> <span class='ocrx_word' id='word_1_860' title='bbox 3425 4666 3561 4736; x_wconf 82' lang='grc' dir='ltr'>ὅλης</span> <span class='ocrx_word' id='word_1_861' title='bbox 3599 4664 3695 4735; x_wconf 84' lang='grc' dir='ltr'><strong>τῆς</strong></span> 
     </span>
    </p>
   </div>
   <div class='ocr_carea' id='block_1_109' title="bbox 2104 4754 3693 4840">
    <p class='ocr_par' dir='ltr' id='par_1_109' title="bbox 2104 4754 3693 4840">
     <span class='ocr_line' id='line_1_109' title="bbox 2104 4754 3693 4840; baseline -0.006 -19"><span class='ocrx_word' id='word_1_862' title='bbox 2104 4769 2427 4840; x_wconf 82' lang='grc' dir='ltr'>οἰκουμένης</span> <span class='ocrx_word' id='word_1_863' title='bbox 2470 4767 2791 4839; x_wconf 86' lang='grc' dir='ltr'>Ἐκκλησίας</span> <span class='ocrx_word' id='word_1_864' title='bbox 2819 4761 3191 4835; x_wconf 86' lang='grc' dir='ltr'>μνημονεύων,</span> <span class='ocrx_word' id='word_1_865' title='bbox 3223 4761 3280 4813; x_wconf 85' lang='grc' dir='ltr'>ὲν</span> <span class='ocrx_word' id='word_1_866' title='bbox 3381 4761 3413 4813; x_wconf 86' lang='grc' dir='ltr'>ὁ</span> <span class='ocrx_word' id='word_1_867' title='bbox 3440 4759 3573 4830; x_wconf 74' lang='grc' dir='ltr'>περὶ</span> <span class='ocrx_word' id='word_1_868' title='bbox 3600 4758 3693 4811; x_wconf 78' lang='grc' dir='ltr'><strong>τοῦ</strong></span> 
     </span>
    </p>
   </div>
   <div class='ocr_carea' id='block_1_110' title="bbox 2106 4853 3691 4933">
    <p class='ocr_par' dir='ltr' id='par_1_110' title="bbox 2106 4853 3691 4933">
     <span class='ocr_line' id='line_1_110' title="bbox 2106 4853 3691 4933; baseline -0.007 -18"><span class='ocrx_word' id='word_1_869' title='bbox 2106 4862 2359 4933; x_wconf 76' lang='grc' dir='ltr'>Σωτῆρος</span> <span class='ocrx_word' id='word_1_870' title='bbox 2403 4860 2557 4933; x_wconf 73' lang='grc' dir='ltr'>ἡμῶν</span> <span class='ocrx_word' id='word_1_871' title='bbox 2599 4860 2818 4921; x_wconf 81' lang='grc' dir='ltr'>ἔπαινος</span> <span class='ocrx_word' id='word_1_872' title='bbox 2854 4856 2943 4910; x_wconf 74' lang='grc' dir='ltr'>διὰ</span> <span class='ocrx_word' id='word_1_873' title='bbox 2973 4854 3174 4918; x_wconf 78' lang='grc' dir='ltr'>παντὸς</span> <span class='ocrx_word' id='word_1_874' title='bbox 3212 4853 3420 4925; x_wconf 84' lang='grc' dir='ltr'>ᾄδεται,</span> <span class='ocrx_word' id='word_1_875' title='bbox 3465 4853 3691 4924; x_wconf 84' lang='grc' dir='ltr'>νεύματι</span> 
     </span>
    </p>
   </div>
   <div class='ocr_carea' id='block_1_111' title="bbox 2103 4945 3693 5025">
    <p class='ocr_par' dir='ltr' id='par_1_111' title="bbox 2103 4945 3693 5025">
     <span class='ocr_line' id='line_1_111' title="bbox 2103 4945 3693 5025; baseline -0.006 -19"><span class='ocrx_word' id='word_1_876' title='bbox 2103 4953 2196 5006; x_wconf 80' lang='grc' dir='ltr'><strong>τοῦ</strong></span> <span class='ocrx_word' id='word_1_877' title='bbox 2227 4952 2438 5025; x_wconf 82' lang='grc' dir='ltr'>Πατρὸς</span> <span class='ocrx_word' id='word_1_878' title='bbox 2469 4951 2635 5005; x_wconf 75' lang='grc' dir='ltr'>αὐτοῦ</span> <span class='ocrx_word' id='word_1_879' title='bbox 2669 4951 2762 5004; x_wconf 60' lang='grc' dir='ltr'><strong>καὶ⁸</strong></span> <span class='ocrx_word' id='word_1_880' title='bbox 2800 4948 3060 5020; x_wconf 70' lang='grc' dir='ltr'>συνεργία</span> <span class='ocrx_word' id='word_1_881' title='bbox 3086 4964 3099 4977; x_wconf 91' lang='grc'><strong>·</strong></span> <span class='ocrx_word' id='word_1_882' title='bbox 3146 4946 3226 4999; x_wconf 86' lang='grc' dir='ltr'>διό</span> <span class='ocrx_word' id='word_1_883' title='bbox 3271 4962 3409 5016; x_wconf 82' lang='grc' dir='ltr'>φησι</span> <span class='ocrx_word' id='word_1_884' title='bbox 3433 4960 3446 4970; x_wconf 91' lang='grc'><strong>·</strong></span> <span class='ocrx_word' id='word_1_885' title='bbox 3484 4965 3504 4997; x_wconf 76' lang='grc' dir='ltr'><strong>ι</strong></span> <span class='ocrx_word' id='word_1_886' title='bbox 3537 4945 3693 5017; x_wconf 82' lang='grc' dir='ltr'>Παρά</span> 
     </span>
    </p>
   </div>
   <div class='ocr_carea' id='block_1_112' title="bbox 2107 5037 3687 5115">
    <p class='ocr_par' dir='ltr' id='par_1_112' title="bbox 2107 5037 3687 5115">
     <span class='ocr_line' id='line_1_112' title="bbox 2107 5037 3687 5115; baseline -0.006 -17"><span class='ocrx_word' id='word_1_887' title='bbox 2107 5044 2199 5097; x_wconf 73' lang='grc' dir='ltr'>σοῦ</span> <span class='ocrx_word' id='word_1_888' title='bbox 2226 5046 2254 5097; x_wconf 88' lang='grc' dir='ltr'>ὁ</span> <span class='ocrx_word' id='word_1_889' title='bbox 2287 5043 2504 5108; x_wconf 82' lang='grc' dir='ltr'>ἔπαινός</span> <span class='ocrx_word' id='word_1_890' title='bbox 2548 5061 2647 5115; x_wconf 89' lang='grc' dir='ltr'><strong>μου</strong></span> <span class='ocrx_word' id='word_1_891' title='bbox 2688 5044 2744 5095; x_wconf 83' lang='grc' dir='ltr'><strong>ὲν</strong></span> <span class='ocrx_word' id='word_1_892' title='bbox 2785 5040 3079 5112; x_wconf 75' lang='grc' dir='ltr'>Ἐκκλησία</span> <span class='ocrx_word' id='word_1_893' title='bbox 3112 5038 3326 5114; x_wconf 81' lang='grc' dir='ltr'>μεγάλῃ</span> <span class='ocrx_word' id='word_1_894' title='bbox 3350 5055 3365 5069; x_wconf 75' lang='grc' dir='ltr'>ο</span> <span class='ocrx_word' id='word_1_895' title='bbox 3422 5058 3441 5090; x_wconf 72' lang='grc' dir='ltr'><strong>ι</strong></span> <span class='ocrx_word' id='word_1_896' title='bbox 3481 5037 3687 5111; x_wconf 79' lang='grc' dir='ltr'>μεγάλη</span> 
     </span>
    </p>
   </div>
   <div class='ocr_carea' id='block_1_113' title="bbox 2104 5130 3690 5209">
    <p class='ocr_par' dir='ltr' id='par_1_113' title="bbox 2104 5130 3690 5209">
     <span class='ocr_line' id='line_1_113' title="bbox 2104 5130 3690 5209; baseline -0.02 -4"><span class='ocrx_word' id='word_1_897' title='bbox 2104 5137 2212 5209; x_wconf 72' lang='grc' dir='ltr'><strong>γὰρ</strong></span> <span class='ocrx_word' id='word_1_898' title='bbox 2236 5137 2311 5199; x_wconf 76' lang='grc' dir='ltr'><strong>ὡς</strong></span> <span class='ocrx_word' id='word_1_899' title='bbox 2344 5136 2559 5208; x_wconf 78' lang='grc' dir='ltr'>ἀληθῶς</span> <span class='ocrx_word' id='word_1_900' title='bbox 2588 5138 2622 5207; x_wconf 77' lang='grc' dir='ltr'><strong>ἡ</strong></span> <span class='ocrx_word' id='word_1_901' title='bbox 2668 5133 2963 5204; x_wconf 83' lang='grc' dir='ltr'>Ἐκκλησία</span> <span class='ocrx_word' id='word_1_902' title='bbox 2987 5130 3147 5203; x_wconf 77' lang='grc' dir='ltr'>αὕτη,</span> <span class='ocrx_word' id='word_1_903' title='bbox 3177 5132 3242 5183; x_wconf 81' lang='grc' dir='ltr'>ὲκ</span> <span class='ocrx_word' id='word_1_904' title='bbox 3274 5132 3481 5195; x_wconf 78' lang='grc' dir='ltr'>παντὸς</span> <span class='ocrx_word' id='word_1_905' title='bbox 3506 5131 3690 5200; x_wconf 60' lang='grc' dir='ltr'>γένοπ</span> 
     </span>
    </p>
   </div>
   <div class='ocr_carea' id='block_1_114' title="bbox 2105 5220 3689 5300">
    <p class='ocr_par' dir='ltr' id='par_1_114' title="bbox 2105 5220 3689 5300">
     <span class='ocr_line' id='line_1_114' title="bbox 2105 5220 3689 5300; baseline -0.006 -19"><span class='ocrx_word' id='word_1_906' title='bbox 2105 5227 2407 5300; x_wconf 85' lang='grc' dir='ltr'>ἀνθρώπων</span> <span class='ocrx_word' id='word_1_907' title='bbox 2452 5225 2955 5298; x_wconf 82' lang='grc' dir='ltr'>συγκεκροτημένη,</span> <span class='ocrx_word' id='word_1_908' title='bbox 2998 5223 3120 5277; x_wconf 75' lang='grc' dir='ltr'>οὐδὲ</span> <span class='ocrx_word' id='word_1_909' title='bbox 3165 5222 3561 5293; x_wconf 85' lang='grc' dir='ltr'>συγκρίνεσθαι</span> <span class='ocrx_word' id='word_1_910' title='bbox 3600 5220 3689 5274; x_wconf 71' lang='grc' dir='ltr'>διὰ</span> 
     </span>
    </p>
   </div>
   <div class='ocr_carea' id='block_1_115' title="bbox 2105 5312 3686 5389">
    <p class='ocr_par' dir='ltr' id='par_1_115' title="bbox 2105 5312 3686 5389">
     <span class='ocr_line' id='line_1_115' title="bbox 2105 5312 3686 5389; baseline -0.005 -19"><span class='ocrx_word' id='word_1_911' title='bbox 2105 5320 2166 5371; x_wconf 80' lang='grc' dir='ltr'>τὸ</span> <span class='ocrx_word' id='word_1_912' title='bbox 2200 5319 2395 5389; x_wconf 84' lang='grc' dir='ltr'>σεμνὸν</span> <span class='ocrx_word' id='word_1_913' title='bbox 2438 5319 2533 5372; x_wconf 72' lang='grc' dir='ltr'><strong>καὶ</strong></span> <span class='ocrx_word' id='word_1_914' title='bbox 2565 5317 2841 5389; x_wconf 67' lang='grc' dir='ltr'>ὑπερφυὲς</span> <span class='ocrx_word' id='word_1_915' title='bbox 2878 5315 2971 5369; x_wconf 81' lang='grc' dir='ltr'>τοῦ</span> <span class='ocrx_word' id='word_1_916' title='bbox 3018 5313 3156 5384; x_wconf 75' lang='grc' dir='ltr'>βίον,</span> <span class='ocrx_word' id='word_1_917' title='bbox 3206 5316 3303 5366; x_wconf 72' lang='grc' dir='ltr'>καὶ</span> <span class='ocrx_word' id='word_1_918' title='bbox 3340 5312 3432 5367; x_wconf 69' lang='grc' dir='ltr'><strong>διὰ</strong></span> <span class='ocrx_word' id='word_1_919' title='bbox 3472 5313 3534 5367; x_wconf 81' lang='grc' dir='ltr'><strong>τὸ</strong></span> <span class='ocrx_word' id='word_1_920' title='bbox 3581 5312 3686 5365; x_wconf 85' lang='grc' dir='ltr'><strong>τῶν</strong></span> 
     </span>
    </p>
   </div>
   <div class='ocr_carea' id='block_1_116' title="bbox 2106 5403 3682 5481">
    <p class='ocr_par' dir='ltr' id='par_1_116' title="bbox 2106 5403 3682 5481">
     <span class='ocr_line' id='line_1_116' title="bbox 2106 5403 3682 5481; baseline -0.002 -22"><span class='ocrx_word' id='word_1_921' title='bbox 2106 5407 2387 5479; x_wconf 84' lang='grc' dir='ltr'>δογμάτων</span> <span class='ocrx_word' id='word_1_922' title='bbox 2437 5407 2683 5481; x_wconf 87' lang='grc' dir='ltr'>μέγεθος,</span> <span class='ocrx_word' id='word_1_923' title='bbox 2719 5405 2844 5472; x_wconf 83' lang='grc' dir='ltr'>ἀξία</span> <span class='ocrx_word' id='word_1_924' title='bbox 2884 5406 2962 5477; x_wconf 79' lang='grc' dir='ltr'><strong>τῷ</strong></span> <span class='ocrx_word' id='word_1_925' title='bbox 3002 5405 3271 5460; x_wconf 81' lang='grc' dir='ltr'>Ἰουδαίων</span> <span class='ocrx_word' id='word_1_926' title='bbox 3304 5403 3451 5457; x_wconf 82' lang='grc' dir='ltr'>ἔθνει</span> <span class='ocrx_word' id='word_1_927' title='bbox 3498 5405 3591 5458; x_wconf 71' lang='grc' dir='ltr'><strong>καὶ</strong></span> <span class='ocrx_word' id='word_1_928' title='bbox 3618 5405 3682 5472; x_wconf 78' lang='grc' dir='ltr'>τῇ</span> 
     </span>
    </p>
   </div>
   <div class='ocr_carea' id='block_1_117' title="bbox 2107 5494 3682 5585">
    <p class='ocr_par' dir='ltr' id='par_1_117' title="bbox 2107 5494 3682 5585">
     <span class='ocr_line' id='line_1_117' title="bbox 2107 5494 3682 5585; baseline -0.002 -35"><span class='ocrx_word' id='word_1_929' title='bbox 2107 5499 2216 5551; x_wconf 78' lang='grc' dir='ltr'>τῶν</span> <span class='ocrx_word' id='word_1_930' title='bbox 2265 5502 2328 5553; x_wconf 85' lang='grc' dir='ltr'>ὲκ</span> <span class='ocrx_word' id='word_1_931' title='bbox 2360 5502 2663 5585; x_wconf 78' lang='grc' dir='ltr'>περιτομῆς</span> <span class='ocrx_word' id='word_1_932' title='bbox 2706 5502 3015 5570; x_wconf 75' lang='grc' dir='ltr'>συναγωγῇ,</span> <span class='ocrx_word' id='word_1_933' title='bbox 3052 5497 3202 5570; x_wconf 78' lang='grc' dir='ltr'>πάσῃ</span> <span class='ocrx_word' id='word_1_934' title='bbox 3239 5496 3484 5568; x_wconf 69' lang='grc' dir='ltr'>πτωχεία</span> <span class='ocrx_word' id='word_1_935' title='bbox 3528 5494 3682 5585; x_wconf 69' lang='grc' dir='ltr'>λόγον</span> 
     </span>
    </p>
   </div>
   <div class='ocr_carea' id='block_1_118' title="bbox 2110 5582 3681 5663">
    <p class='ocr_par' dir='ltr' id='par_1_118' title="bbox 2110 5582 3681 5663">
     <span class='ocr_line' id='line_1_118' title="bbox 2110 5582 3681 5663; baseline -0.003 -20"><span class='ocrx_word' id='word_1_936' title='bbox 2110 5592 2204 5643; x_wconf 72' lang='grc' dir='ltr'>καὶ</span> <span class='ocrx_word' id='word_1_937' title='bbox 2236 5590 2372 5660; x_wconf 76' lang='grc' dir='ltr'>βίον,</span> <span class='ocrx_word' id='word_1_938' title='bbox 2405 5593 2500 5645; x_wconf 74' lang='grc' dir='ltr'>καὶ</span> <span class='ocrx_word' id='word_1_939' title='bbox 2531 5582 2895 5663; x_wconf 57' lang='grc' dir='ltr'>φρονήματος,</span> <span class='ocrx_word' id='word_1_940' title='bbox 2938 5592 3030 5644; x_wconf 81' lang='grc' dir='ltr'>καὶ</span> <span class='ocrx_word' id='word_1_941' title='bbox 3060 5590 3161 5661; x_wconf 85' lang='grc' dir='ltr'><strong>τῆς</strong></span> <span class='ocrx_word' id='word_1_942' title='bbox 3194 5588 3363 5661; x_wconf 82' lang='grc' dir='ltr'>ἄλλης</span> <span class='ocrx_word' id='word_1_943' title='bbox 3394 5589 3525 5662; x_wconf 80' lang='grc' dir='ltr'>περὶ</span> <span class='ocrx_word' id='word_1_944' title='bbox 3549 5582 3681 5643; x_wconf 71' lang='grc' dir='ltr'>Θεοῦ</span> 
     </span>
    </p>
   </div>
  </div>
