3856 6222
220 254 335 314 189

1088 254 1745 314 DEMONSTRATIONIS
1780 256 2236 317 EVANGELICA!
2275 259 2406 321 LIB.
2446 262 2516 320 Χ.

3388 268 3487 327 790

218 372 385 444 δόξης
429 375 872 447 ὲσμικρυμμένῃ.
918 369 1031 428 Εἶτ’
1082 374 1323 444 ἐπιλέγει
1345 390 1359 405 ·
1423 391 1443 427 ι
1492 373 1606 438 Τὰς
1649 375 1815 446 εὐχάς

1919 376 2176 435 Ecclesia:
2204 379 2435 436 laudabo
2476 390 2548 438 te.
2594 401 2613 435 ι
2652 381 2852 440 Primis
2886 384 3034 440 enim
3060 383 3177 441 suis
3204 385 3487 459 discipulis

222 484 335 539 μου
353 465 435 538 τῷ
464 467 654 539 Κυρίῳ
686 465 953 521 ἀποδώσω
977 465 1207 522 ἐνώπιον
1237 466 1454 522 πάντων
1479 468 1589 522 τῶν
1616 468 1810 538 φοϐου-

224 557 409 631 μένων
434 558 594 613 αὐτόν
613 575 627 589 ο
642 580 660 611 ι
685 557 1049 630 φοϐουμένους
1068 558 1228 613 αὐτὸν
1249 559 1539 614 ἀποκαλῶν
1556 560 1656 632 τὴν
1686 560 1811 633 πρό-

219 667 386 724 τερον
418 651 809 722 ὀνομασθεῖσαν
842 653 1167 724 Ἐκκλησίαν
1201 653 1462 725 μεγάλην,
1488 648 1571 718 οἷς
1595 654 1807 722 ἔλεγεν

228 763 253 797 ι
294 744 357 800 Οἱ
377 742 697 815 φοϐούμενοι
716 744 805 799 τὸν
833 744 1057 817 Κύριον,
1088 745 1339 800 αἰνέσατε
1366 746 1548 800 αὐτόν.
1596 766 1615 798 ι
1644 748 1813 812 Ποίας

219 833 289 891 δὲ
321 835 487 907 εύχάς
519 835 821 890 ἀποδώσειν
855 837 1040 908 φησιν,
1070 837 1103 909 ἦ
1129 837 1196 902 ἃς
1223 838 1621 911 ὲπηγγείλατο;
1652 840 1812 905 ποίας

222 926 290 982 δὲ
322 927 685 999 ἐπηγγείλατο
713 928 747 1000 ἦ
787 929 1019 993 ὲκείνας,
1041 929 1108 983 δι’
1139 923 1214 983 ὧν
1245 930 1414 1003 ἔφησε
1434 949 1446 963 ’
1489 951 1508 982 ι
1545 933 1814 1004 Διηγήσο-

229 1035 331 1089 μαι
370 1017 433 1072 τὸ
461 1016 633 1088 δνομά
676 1035 770 1073 σου
808 1022 919 1083 τοῖς
953 1020 1203 1090 ἀδελφοῖς
1236 1038 1365 1092 μου·
1404 1025 1462 1076 ὲν
1499 1023 1649 1095 μέσῳ
1693 1025 1814 1078 Ἐκ·-

226 1107 461 1178 κλησίας
490 1109 719 1180 ὑμνήσω
750 1126 830 1171 σε.
858 1129 876 1162 ι
906 1111 1062 1182 εὐχαὶ
1098 1113 1194 1186 γάρ
1218 1115 1354 1166 είσιν
1383 1115 1437 1167 αἱ
1466 1112 1811 1183 ἐπαγγελίαι,

224 1200 302 1265 at;
334 1200 797 1272 ἐπαγγειλάμενος
841 1201 1034 1258 δώσειν
1077 1210 1135 1259 ὲν
1176 1205 1327 1277 μέσῳ
1369 1206 1693 1277 Ἐκκλησίας
1733 1207 1815 1261 δι-

226 1292 562 1349 εϐεϐαιοῦτο.
598 1294 818 1359 Τούτοις
843 1293 968 1366 ἑξῆς
990 1295 1231 1366 ἐπιλέγει
1251 1313 1265 1327 ⁸
1303 1318 1319 1349 ι
1344 1297 1612 1366 Φάγονται
1645 1298 1812 1371 πένη-

226 1404 329 1449 τες
370 1388 462 1441 καὶ¹
504 1386 1009 1459 ὲμπλησθήσονται,
1054 1389 1149 1443 καὶ
1198 1388 1470 1443 αἰνέσουσι
1515 1390 1717 1461 Κύριον
1763 1392 1812 1444 οἱ

229 1477 591 1550 ἑκζητοῦντες
629 1479 811 1533 αὐτόν.
855 1480 1118 1549 Ζήσονται
1168 1481 1226 1532 αἱ
1259 1479 1479 1553 καρδίαι
1526 1480 1704 1535 αὐτῶν
1736 1482 1816 1544 είς

229 1568 409 1621 αἰῶνα
460 1566 670 1631 αἰῶνος.
717 1567 1133 1640 Μνησθήσονται
1175 1570 1269 1623 καὶ
1316 1570 1814 1642 ὲπιστραφήσονται

230 1658 376 1730 πρὸς
406 1657 609 1731 Κύριον
649 1658 828 1712 πάντα
867 1659 933 1712 τὰ
972 1659 1185 1733 πέρατα
1225 1660 1326 1732 τῆς
1357 1661 1482 1732 γῆς,
1516 1663 1610 1716 καὶ
1643 1677 1814 1734 προσ-

1910 479 1965 526 et
1992 474 2255 543 apostolis
2290 490 2411 545 quae
2453 475 2520 530 ad
2555 490 2711 531 suam
2746 476 2989 531 laetitiam
3052 486 3106 534 et
3162 479 3486 535 exsultatio-

1909 575 2032 616 nem
2064 564 2371 633 pertinent,
2424 565 2710 635 pollicetur
2738 580 2796 621 se
2843 567 3247 632 nuntiaturum,
3280 584 3375 625 eos
3405 571 3485 625 in-

1910 653 2069 709 terim
2105 655 2394 711 nominans
2432 655 2625 713 fratres
2651 675 2667 712 :
2698 658 2898 728 quibus
2927 658 3089 713 etiam
3120 670 3487 719 consentanea

1910 745 2196 802 Mattbasus
2228 750 2476 818 exponit,
2507 749 2635 803 dum
2666 749 2797 803 dicit
2827 770 2841 805 ;
2873 768 2893 801 ι
2959 749 3020 805 lit
3045 765 3174 808 ecce
3200 750 3361 809 Jesus
3392 770 3488 810 oc-

1911 841 2086 894 currit
2131 841 2260 903 illis,
2296 860 2316 893 ι
2368 842 2455 897 ubi
2491 842 2614 898 illas
2650 843 2944 913 intelligit,
2980 859 3102 915 qua:
3135 860 3260 899 cum
3316 846 3487 903 Maria

1913 924 2228 999 Magdalcne
2260 938 2417 984 erant
2438 968 2453 993 ,
2490 948 2508 980 ι
2538 928 2731 987 dicens
2757 951 2769 986 :
2802 930 3036 989 Salvete.
3064 933 3172 989 Illae
3196 943 3377 990 autem
3402 952 3489 992 ac-

1912 1027 2197 1075 cesserunt
2224 1028 2278 1076 et
2310 1029 2602 1076 tenuerunt
2629 1024 2750 1091 ejus
2778 1025 2943 1093 pedes
2962 1066 2976 1089 ,
3027 1033 3083 1081 et
3124 1026 3489 1083 adoraverunt

1912 1127 2060 1167 cum.
2097 1110 2251 1166 Tunc
2276 1114 2353 1167 ait
2386 1114 2492 1169 illis
2515 1112 2716 1170 Jcsus;
2760 1113 2940 1171 Nolite
2975 1116 3182 1172 timere.
3234 1117 3344 1183 Ite,
3388 1136 3490 1175 an-

1914 1203 2165 1257 nuntiate
2193 1201 2455 1258 fratribus
2492 1204 2646 1266 meis,
2678 1212 2735 1259 ιιι
2764 1206 2965 1261 abeant
2995 1208 3048 1261 in
3083 1207 3392 1271 Galilzeam,
3433 1218 3490 1266 et

1914 1295 1989 1351 ibi
2023 1311 2110 1351 me
2140 1296 2400 1351 videbunt
2430 1297 2490 1350 ⁸³.
2527 1316 2548 1350 ι
2592 1296 2660 1352 At
2686 1314 2816 1354 vero
2844 1298 3085 1355 Joannes
3113 1308 3234 1371 post
3265 1302 3491 1357 reditio-

1914 1400 2037 1442 nem
2072 1401 2102 1440 a
2130 1388 2360 1443 mortuis
2382 1388 2500 1458 ipse
2528 1405 2744 1460 quoque
2767 1389 2976 1446 inducit
2999 1390 3185 1447 Jesum
3214 1392 3487 1448 dicentem

1915 1476 1984 1533 ad
2026 1477 2200 1548 ipsam
2250 1477 2520 1534 Mariam:
2572 1498 2592 1531 ι
2643 1480 2764 1537 Noli
2798 1498 2881 1537 me
2930 1489 3192 1553 tangere:
3245 1485 3487 1540 nondum

1914 1570 2059 1625 enim
2091 1569 2312 1649 ascendi
2363 1569 2431 1625 ad
2479 1569 2696 1626 Patrem
2734 1588 2936 1629 meum.
3003 1571 3152 1630 Vade
3202 1582 3384 1632 autem
3418 1577 3486 1632 ad

1917 1658 2113 1715 fratres
2142 1675 2312 1723 meos,
2341 1669 2394 1715 et
2419 1661 2509 1716 dic
2535 1663 2616 1717 eis
2648 1681 2661 1716 :
2694 1661 2944 1719 Ascendo
2973 1663 3042 1718 ad
3063 1662 3276 1719 Patrem
3307 1680 3487 1721 meum

230 1750 560 1821 κυνήσουσιν
614 1747 843 1803 ἐνώπιον
889 1749 1053 1804 αὐτοῦ
1108 1752 1277 1805 πᾶσαι
1329 1754 1384 1805 αἱ
1447 1753 1671 1825 πατριαὶ
1708 1752 1817 1806 τῶν

1919 1758 1971 1806 et
2001 1748 2220 1806 Patrem
2253 1758 2534 1815 vestrum,
2592 1760 2646 1809 et
2677 1750 2845 1806 Deum
2898 1767 3076 1808 meum
3113 1763 3168 1809 et
3199 1753 3368 1809 Deum
3393 1770 3488 1809 ve-

230 1839 434 1896 ὲθνῶν·
469 1841 548 1895 ὄτι
573 1840 667 1895 τοῦ
703 1840 908 1911 Κυρίου
939 1843 973 1914 ή
1005 1840 1270 1912 βασιλεία,
1298 1843 1392 1896 καὶ
1425 1844 1586 1908 αὐτὸς
1618 1843 1811 1898 δεσπό-

234 1931 323 1999 ζει
353 1931 462 1987 τῶν
493 1932 681 1987 ἐθνῶν.
722 1953 741 1985 ι
776 1933 853 1986 Δι’
889 1926 965 1987 ὧν
996 1935 1201 2006 σφόδρα
1235 1934 1544 1999 ἀκολούθως
1576 1935 1643 1989 τὰ
1680 1936 1818 2008 μετά

234 2025 341 2098 τὴν
368 2026 662 2081 ἀνάστασιν
694 2023 858 2078 αὐτοῦ
892 2023 1292 2097 κατορθώματα
1337 2027 1628 2095 ἀναφωνεῖ,
1654 2027 1690 2082 ἃ
1724 2029 1817 2083 καὶ

233 2115 594 2188 πεπλήρωται
617 2113 704 2169 διὰ
729 2116 831 2185 τῆς
859 2115 917 2183 ἐξ
946 2115 1199 2170 ἁπάντων
1223 2115 1330 2170 τῶν
1356 2115 1522 2171 ἐθνῶν
1550 2118 1816 2189 κλήσεως,

232 2207 329 2261 διά
355 2224 415 2261 τε
442 2206 542 2278 τῆς
571 2207 628 2260 έν
651 2209 766 2271 τοῖς
794 2206 993 2280 πέρασι
1026 2207 1125 2278 τῆς
1156 2209 1480 2281 οἰκουμένης
1517 2210 1816 2282 ἀνθρώπων

236 2296 492 2366 ἐκλογῆς,
542 2290 619 2351 ὧν
667 2300 723 2351 αἱ
780 2297 1036 2362 ἐκϐάσεις
1093 2298 1391 2370 ὀφθαλμοῖς
1449 2299 1816 2373 θεωρούμεναι

236 2390 457 2444 πάντων
489 2388 555 2444 ἂν
598 2389 837 2459 γένοιντο
862 2390 971 2444 τῶν
1013 2391 1102 2445 διὰ
1136 2391 1230 2445 τοῦ
1264 2392 1479 2464 ψαλμοῦ
1513 2393 1816 2465 λεγομένων

237 2484 668 2554 παραστατικαί.
720 2484 959 2557 Πένητες
1005 2486 1061 2540 δὲ
1110 2486 1270 2541 πάλιν
1320 2490 1504 2559 ἡμεῖς,
1550 2487 1641 2552 οὓς
1679 2489 1819 2544 κατὰ

236 2573 373 2628 Θεὸν
407 2574 785 2645 πτωχεύοντας
832 2576 1113 2650 ὲκτρέφων
1164 2580 1192 2633 ὁ
1238 2581 1502 2651 σωτήριος
1528 2578 1699 2647 Λόγος
1738 2579 1818 2651 τῷ

237 2666 416 2738 νοητῷ
447 2668 539 2721 καὶ
569 2666 771 2738 λογικῷ
813 2669 959 2743 ἄρτῳ
991 2673 1110 2734 ταῖς
1155 2670 1437 2735 ζωοποιοῖς
1483 2670 1591 2724 τῶν
1632 2670 1818 2742 ψυχῶν

236 2756 486 2831 τροφαῖς,
525 2758 621 2832 τήν
652 2757 869 2815 αἰώνιον
900 2763 1030 2833 ήμῖν
1071 2763 1300 2835 παρέχει
1334 2762 1499 2835 ζωήν.
1533 2763 1621 2817 Διό
1654 2780 1819 2834 φησιν

235 2853 268 2906 ὁ
298 2850 511 2923 ψαλμὸς
528 2868 542 2883 ·
610 2873 628 2905 ι
663 2854 929 2923 Φάγονται
956 2855 1187 2926 πένητες
1208 2856 1302 2909 καὶ
1325 2855 1818 2928 ἐμπλησθήσονται,

238 2944 339 3000 καὶ
369 2945 640 2999 αἰνέσουσι
670 2945 873 3019 Κύριον
909 2948 959 3001 οἱ
999 2945 1354 3019 ὲκζητοῦντες
1401 2946 1583 3002 αὐτόν.
1622 2949 1819 3017 Ζήσον-

236 3052 334 3089 ται
362 3037 419 3090 αἱ
450 3036 666 3108 καρδίαι
698 3039 877 3093 αὐτῶν
906 3040 987 3103 εἰς
1012 3038 1184 3093 αἰῶνα
1205 3038 1417 3102 αἰῶνος.
1457 3057 1476 3089 ι
1513 3039 1623 3092 Καὶ
1647 3040 1674 3093 ὁ
1704 3038 1821 3092 ἐπί-ο

237 3125 401 3195 λογος
421 3127 479 3181 δὲ
503 3128 601 3200 τῆς
629 3130 755 3203 ὅλης
781 3129 1115 3203 προφητείας
1149 3129 1288 3200 μεεά
1311 3129 1489 3184 πάντα
1515 3131 1817 3204 ἐπιφέρων

247 3239 266 3271 ι
320 3217 777 3293 Ἀναγγελήσεται
798 3223 876 3293 τῷ
906 3222 1099 3293 Κυρίῳ
1127 3219 1291 3289 γενεά
1320 3223 1353 3292 ή
1387 3220 1675 3293 ἐρχομένη.
1709 3220 1821 3274 Καὶ

236 3310 600 3380 ἀναγγελοῦσι
623 3313 721 3384 τὴν
749 3313 1094 3384 δικαιοσύνην
1126 3312 1290 3366 αὑτοῦ
1321 3312 1435 3384 λαῷ
1457 3313 1535 3384 τῷ
1563 3312 1822 3392 τεχθησο-

243 3402 413 3475 μένῳ,
467 3403 526 3457 δν
577 3404 830 3475 ἐποίησεν
867 3406 897 3457 ὁ
954 3406 1186 3477 Κύριος·
1232 3424 1253 3457 υ
1290 3404 1548 3475 ἄντικρυς
1594 3403 1684 3457 τὸν
1759 3400 1822 3468 ἐξ

238 3495 413 3550 ἐθνῶν
446 3495 801 3569 προθεσπίζει
828 3496 975 3561 λαὸν,
1029 3498 1122 3551 καὶ
1153 3497 1251 3569 τὴν
1300 3495 1389 3549 διὰ
1427 3495 1520 3549 τοῦ
1570 3495 1822 3566 Σωτῆρος

240 3582 401 3655 ήμῶν
443 3583 615 3655 Ἰησοῦ
647 3583 881 3656 Χριστοῦ
916 3587 1189 3639 συστᾶσαν
1223 3586 1314 3638 ἐπὶ
1344 3585 1444 3655 τῆς
1471 3585 1574 3655 γῆς
1606 3585 1814 3653 γενεάν.

241 3676 343 3740 Τίς
366 3674 472 3748 γάρ
500 3676 566 3730 ἂν
589 3675 673 3749 εἴη
706 3678 735 3730 ὁ
772 3677 910 3749 μετά
935 3678 1109 3732 ταῦτα
1147 3676 1501 3749 τεχθήσεσθαι
1533 3677 1821 3748 λεγόμενος

241 3765 321 3837 τῷ
353 3766 471 3838 Θεῷ
498 3766 646 3833 λαὸς,
679 3767 843 3824 πάλαι
877 3768 952 3841 μὴ
979 3768 1075 3836 ὢν,
1105 3770 1223 3841 μηδ’
1251 3768 1497 3839 ὑφεστὼς
1533 3771 1590 3822 ὲν
1622 3768 1823 3841 ἀνθρώ-

244 3876 388 3924 ποις,
423 3858 646 3930 ῦστερον
678 3860 736 3914 δὲ
768 3859 1040 3931 γεγονώς;
1087 3861 1172 3926 τίς
1214 3879 1273 3915 τε
1315 3862 1376 3915 ού
1413 3861 1486 3932 μή
1518 3858 1652 3915 οὖσα
1676 3861 1819 3925 τότε,

242 3950 509 4022 λεγομένη
532 3951 589 4004 δὲ
618 3951 933 4007 ἐλεύσεσθαι
956 3953 1139 4023 γενεὰ,
1176 3954 1224 4007 εί
1251 3954 1325 4025 μὴ
1380 3953 1515 4026 αῦτη
1542 3956 1575 4024 ἡ
1603 3953 1689 4008 διὰ
1726 3952 1820 4007 τοῦ

245 4040 495 4116 Σωτῆρος
524 4043 681 4114 ήμῶν
709 4045 768 4097 ἐν
800 4046 962 4099 παντὶ
998 4044 1076 4116 τῷ
1103 4046 1296 4117 κόσμῳ
1317 4048 1561 4100 συστᾶσα
1596 4044 1824 4115 Ἐκκλη-

245 4133 369 4199 σία;
401 4135 495 4188 καὶ
520 4137 547 4190 ὀ
568 4137 687 4200 νέος
716 4135 775 4202 ἐξ
799 4136 969 4190 ἐθνῶν
999 4137 1149 4202 λαὸς,
1183 4139 1270 4207 ἐφ’
1367 4138 1461 4192 καὶ
1488 4137 1576 4192 διὰ
1604 4138 1822 4192 Ἡσαΐου

243 4228 305 4282 τὸ
350 4227 578 4300 Πνεῦμα
604 4230 665 4284 τὸ
713 4229 865 4299 ἀγιον
897 4230 1287 4301 θαυμαστικῶς
1318 4227 1696 4300 ἀπεφθέγξατο
1722 4231 1825 4301 φῆ-

245 4338 346 4376 σαν
369 4337 383 4352 ·
423 4340 442 4374 ι
488 4322 584 4386 Τίς
603 4324 801 4395 ἤκουσε
834 4324 1078 4390 τοιαῦτα,
1108 4326 1203 4380 καὶ
1227 4324 1312 4389 τίς
1344 4323 1587 4396 ἑώρακεν
1610 4323 1821 4389 οῦτως;

1917 1850 2092 1897 stt-um
2130 1844 2193 1900 ".
2237 1863 2256 1896 ι
2291 1842 2489 1899 Primis
2516 1857 2649 1915 ergo
2677 1844 2942 1916 apostolis
2992 1844 3138 1910 suis,
3174 1861 3314 1916 quos
3358 1861 3490 1904 suos

1918 1933 2115 1990 fratres
2142 1936 2406 1999 nominat,
2441 1952 2639 1992 nomen
2683 1952 2743 1993 se
2772 1935 2952 1994 Patris
2998 1938 3085 1994 sui
3137 1947 3489 1994 narraturum

1917 2028 2014 2081 ait.
2044 2026 2176 2083 Post
2206 2028 2329 2085 illos
2362 2038 2580 2092 autem,
2632 2029 2753 2099 ipso
2783 2029 2977 2087 ordine
3029 2031 3256 2102 ipsaque
3293 2047 3489 2087 conseo

1916 2121 2116 2192 quendi
2152 2121 2364 2177 ratione
2387 2121 2661 2187 Ecclesiaz,
2696 2138 2817 2193 qua:
2846 2138 2941 2193 per
2962 2130 3136 2178 totum
3172 2126 3359 2180 orbem
3384 2131 3492 2180 ter-

1915 2226 2102 2266 rarum
2151 2212 2205 2267 in
2240 2213 2461 2278 neruine
2516 2213 2690 2283 ipsius
2746 2214 2972 2269 fundata
3031 2222 3149 2281 est,
3206 2224 3492 2286 paternum

1917 2302 2180 2373 hymnum
2215 2319 2273 2359 se
2302 2304 2675 2374 expositurum
2709 2307 2993 2376 promittit.
3023 2306 3493 2373 Quemadmodum

1916 2392 2061 2447 enim
2102 2392 2148 2448 si
2197 2394 2322 2463 quis
2364 2395 2639 2450 excellens
2668 2395 2933 2465 sapientia
2963 2405 3265 2467 praeceptor
3295 2398 3349 2451 in
3381 2412 3496 2454 me.

1917 2483 2029 2541 diis
2056 2485 2173 2539 suis
2205 2483 2491 2554 discipulis
2523 2485 2688 2540 verba
2723 2495 3042 2556 percurrat,
3106 2494 3166 2541 ut
3218 2483 3325 2560 ipsi
3355 2502 3494 2556 quo-

1917 2591 2025 2643 que
2053 2573 2337 2629 audientes
2368 2568 2701 2640 auscultem,
2735 2577 2809 2631 ita
2841 2576 3005 2632 etiam
3053 2577 3143 2632 ille
3176 2594 3196 2627 ι
3234 2577 3287 2630 in
3316 2577 3496 2633 medio

1918 2664 2197 2729 Ecclesiae,
2228 2666 2425 2737 inquit,
2459 2666 2694 2722 laudabo
2726 2675 2801 2731 te,
2839 2688 2858 2720 ι
2918 2674 2976 2722 ιιι
3009 2683 3133 2723 cum
3174 2668 3277 2724 hoc
3304 2667 3496 2726 Ecde-

1920 2762 2000 2817 sia
2028 2762 2300 2829 didicerit,
2327 2762 2456 2818 dum
2491 2762 2561 2817 ab
2596 2765 2716 2833 ipso
2748 2764 2900 2818 audit
2922 2802 2938 2827 ,
2992 2778 3103 2819 non
3136 2764 3277 2817 ultra
3305 2771 3365 2819 ut
3395 2777 3495 2820 aft-

1921 2863 2007 2910 tca
2039 2853 2344 2919 daemonas,
2398 2855 2529 2917 sed,
2577 2864 2637 2908 ut
2693 2871 2787 2925 par
2843 2863 2969 2919 est,
3017 2855 3195 2926 ipsum
3254 2855 3495 2910 universi

1921 2941 2089 2999 Deum
2125 2959 2219 3014 per
2239 2959 2383 3008 einn,
2416 2944 2507 3014 qui
2541 2944 2692 2999 illum
2724 2944 3048 3009 denuntiat,
3105 2945 3321 3017 hymnis
3357 2959 3496 2999 cun-

1922 3034 2177 3091 celeln'et.
2204 3034 2329 3091 llaec
2358 3037 2448 3091 ubi
2477 3051 2538 3092 se
2572 3035 2845 3092 facturum
2875 3037 3124 3109 promisit
3155 3076 3172 3100 ,
3228 3045 3344 3091 tum
3395 3034 3493 3091 atl-

1923 3128 2142 3182 modum
2168 3131 2557 3184 convenienter
2582 3137 2746 3199 atque
2790 3139 2914 3200 apte
2963 3129 3075 3198 jam
3107 3128 3231 3184 inde
3264 3129 3496 3197 imperat

1922 3219 2179 3277 Ecclesiae
2209 3236 2273 3275 ac
2316 3220 2433 3276 suis
2479 3220 2777 3286 fratribus,
2834 3228 2894 3274 ιιι
2948 3220 3168 3293 hymnis
3221 3218 3496 3275 ccl;brent

1919 3310 2157 3377 Patrem,
2202 3312 2294 3366 ubi
2329 3312 2440 3366 ait:
2478 3332 2497 3363 ι
2540 3311 2645 3379 Qui
2697 3311 2904 3367 timetis
2934 3310 3246 3376 Dominum,
3280 3308 3496 3365 laudate

1921 3419 2065 3460 eum.
2122 3401 2295 3459 Omne
2343 3420 2528 3459 semen
2568 3404 2762 3465 Jacob.
2797 3404 3095 3475 glorificate
3135 3419 3281 3459 eum.
3318 3401 3384 3457 Et
3428 3402 3498 3457 ti-

1920 3507 2104 3553 meant
2125 3497 2195 3551 ab
2216 3512 2282 3551 eo
2304 3511 2465 3550 omne
2489 3511 2676 3551 sen‘en
2708 3494 2905 3558 Israel,
2931 3495 3188 3566 quoniam
3219 3508 3326 3547 non
3352 3506 3497 3563 spre-

1918 3589 2017 3651 vit,
2069 3603 2246 3659 neque
2293 3588 2522 3643 moleste
2571 3587 3156 3657 tnlitdeprecationem
3202 3584 3495 3656 pauperis,

1923 3681 2086 3753 509
2127 3697 2303 3753 neque
2350 3682 2549 3736 avertit
2592 3681 2784 3737 faciem
2829 3696 2986 3737 suam
3038 3695 3067 3733 a
3110 3694 3233 3739 me.
3271 3686 3326 3734 et
3370 3692 3497 3731 cum

1920 3774 2216 3828 clamarem
2263 3772 2330 3827 ad
2362 3789 2486 3829 eum
2512 3814 2527 3838 ,
2561 3773 2838 3828 exaudivit
2872 3788 2977 3827 me.
3016 3791 3034 3823 ι
3066 3770 3277 3837 Quibus
3315 3768 3497 3825 verbis

1924 3867 2087 3938 plane
2128 3868 2370 3922 ostendit
2409 3882 2469 3922 se
2514 3867 2584 3921 ab
2633 3866 2743 3920 illis
2790 3881 2915 3921 esse
2959 3865 3250 3920 liberatum
3303 3861 3496 3921 malis.

1925 3972 2046 4028 quae
2074 3959 2329 4029 superius
2360 3959 2505 4014 dicta
2536 3965 2686 4013 sunt.
2721 3956 2777 4011 Si
2808 3957 2952 4012 enim
2988 3971 3111 4011 cum
3140 3955 3400 4011 clamaret
3429 3951 3498 4006 ad

1923 4050 2111 4115 illum,
2143 4051 2213 4107 ab
2243 4052 2334 4106 illo
2367 4051 2661 4108 exauditus
2692 4061 2813 4117 est,
2860 4057 2916 4105 et
2956 4050 3202 4105 clamans
3243 4054 3498 4119 precatus

1924 4151 2041 4207 est,
2074 4151 2133 4198 ut
2161 4144 2397 4215 eriperet
2429 4158 2459 4197 a
2496 4142 2700 4198 framea
2730 4142 2950 4213 quidem
2981 4140 3217 4196 animam
3248 4154 3434 4202 suam,
3466 4154 3498 4194 a

1924 4249 2063 4292 caue
2101 4244 2280 4289 autem
2329 4235 2543 4289 unicam
2590 4248 2744 4289 suam
2770 4274 2785 4299 ,
2821 4249 2922 4289 nec
2963 4250 3070 4289 non
3105 4234 3174 4289 ab
3205 4249 3300 4288 ore
3328 4233 3500 4288 leonis

1925 4333 1976 4383 et
2020 4341 2051 4381 a
2097 4326 2359 4382 cornibus
2399 4326 2747 4381 unieornium
2792 4325 3151 4380 humilitatem
3186 4339 3378 4386 suam,
3408 4338 3500 4379 se-

243 4414 293 4467 εί
321 4412 478 4467 ῶδινε
504 4415 572 4484 γῆ
598 4415 657 4467 ὲν
697 4415 879 4488 ἡμέρᾳ
914 4417 1033 4488 μιᾷ,
1068 4417 1165 4471 καὶ
1197 4416 1244 4468 εί
1277 4415 1469 4487 ἐτέχθη
1506 4414 1656 4480 ἔθνος
1712 4416 1817 4468 είσ-

1928 4418 2117 4488 quitur
2148 4426 2202 4472 ut
2247 4418 2614 4490 intelligamus
2645 4417 2796 4471 illum
2831 4415 3207 4470 liberationem
3237 4430 3267 4468 a
3299 4413 3501 4468 talibus

243 4502 413 4573 ἅπαξ.
452 4525 470 4556 ι
499 4505 686 4561 Ταῦτα
709 4508 806 4578 μὲν
835 4503 929 4562 οὖν
960 4509 1143 4579 ἡμεῖς,
1170 4507 1255 4577 ἐφ’
1281 4507 1445 4580 ἕτερα
1476 4505 1821 4561 συνελαύνον-

238 4614 335 4663 τος
365 4597 458 4653 τοῦ
503 4598 721 4672 καιροῦ,
766 4600 1153 4674 διαδραμόντες
1206 4598 1513 4673 ἀκροθιγῶς
1557 4599 1826 4670 διεξήλθο-

243 4705 369 4762 μεν,
404 4690 511 4762 ὄτῳ
546 4691 591 4746 δ’
626 4691 692 4745 ἂν
720 4692 870 4764 μέλοι
908 4692 1010 4762 τῆς
1034 4691 1128 4745 τοῦ
1177 4692 1427 4763 Σωτῆρος
1459 4693 1490 4763 ἡ
1501 4690 1616 4762 μῶν
1645 4707 1824 4762 παρα-

240 4781 562 4847 κελεύσεως,
595 4781 890 4855 [φήσαντος
912 4800 928 4815 ο
965 4804 983 4836 ι
1031 4783 1320 4856 Ἐρευνᾶτε
1355 4784 1454 4847 τάς
1481 4783 1703 4855 Γραιράς
1723 4800 1735 4813 ·
1764 4786 1822 4837 ἐν

240 4864 334 4937 αἷς
366 4872 572 4929 δοκεῖτε
611 4871 757 4947 ζωήν
800 4874 1017 4929 αἰώνιον
1054 4873 1220 4945 ἔχειν,
1248 4875 1344 4927 καὶ
1389 4874 1549 4927 αὐταί
1589 4875 1727 4927 εἰσιν
1765 4876 1821 4928 αἱ

241 4966 621 5040 μαρτυροῦσαι
665 4968 792 5039 περὶ
838 4966 991 5039 ἐμοῦ.
1038 4986 1058 5019 ι
1106 4966 1343 5037 Ἐκάστῃ
1376 4965 1521 5031 λέξει
1553 4965 1648 5020 τοῦ
1688 4965 1824 5036 ψαλ-

242 5055 350 5129 μοῦ
381 5058 474 5112 τὸν
504 5058 629 5113 νοῦν
650 5059 981 5130 έμϐαθύνας,
1008 5059 1107 5130 τὴν
1133 5058 1335 5129 ἀκριϐῆ
1364 5057 1603 5112 διάνοιαν
1632 5057 1825 5133 θηρεύ-

240 5164 335 5202 σαι
368 5148 434 5203 ἂν
456 5151 556 5221 τῆς
577 5153 636 5204 έν
667 5155 781 5215 τοῖς
811 5151 1121 5224 εἰρημένοις
1150 5150 1407 5222 ἀληθείας
1438 5150 1571 5224 (1).}

1926 4508 2088 4562 malis
2117 4516 2511 4571 consecutum,
2546 4506 2748 4576 quippe
2786 4505 2880 4575 qui
2916 4504 3155 4566 dixerit,
3188 4503 3360 4559 Deum
3390 4517 3500 4557 non

1925 4602 2158 4655 moleste
2179 4600 2373 4654 tulisse
2399 4599 2839 4669 deprecationem
2870 4612 3026 4653 suam
3045 4635 3060 4661 ,
3094 4610 3274 4665 neque
3303 4593 3498 4649 faciem

1925 4708 2078 4749 suam
2110 4693 2376 4748 avertisse
2398 4692 2468 4746 ab
2494 4692 2634 4761 ipso,
2660 4690 2756 4747 sed
2779 4690 3106 4745 clamantem
3134 4688 3310 4758 ipsum
3335 4701 3499 4743 exau-

1929 4784 2150 4840 divisse.
2196 4784 2467 4851 Quocirca
2496 4784 2670 4839 cidem
2701 4783 2767 4838 de
2798 4782 2964 4838 tantis
2995 4781 3154 4837 malis
3194 4789 3414 4851 erepto,
3447 4767 3519 4835 et.

1929 4877 2032 4948 ipsi
2074 4876 2141 4932 de
2182 4886 2358 4931 morte
2398 4876 2585 4946 elapso
2614 4874 2832 4930 abundo
2859 4873 3129 4943 contingit
3158 4888 3265 4928 una
3291 4870 3500 4927 versari

1929 4982 1993 5022 ac
2021 4967 2217 5036 degere
2242 4983 2367 5021 cum
2400 4967 2517 5023 suis
2543 4972 2598 5022 et
2622 4966 2910 5037 discipulis
2949 4975 3003 5021 et
3035 4965 3316 5028 fratribus,
3355 4972 3411 5020 et
3444 4964 3499 5020 in

1928 5057 2107 5113 media
2133 5057 2376 5114 Ecclesia
2404 5066 2610 5127 patrem
2636 5059 2878 5114 laudare.
2908 5056 3013 5112 Sed
3035 5057 3259 5112 attende
3282 5070 3498 5118 rursus,

1932 5159 1994 5204 ut
2026 5165 2320 5221 pauperem
2354 5151 2596 5221 seipsum
2626 5151 2823 5206 iterum
2864 5158 3045 5213 vocat,
3093 5152 3147 5204 in
3175 5164 3241 5205 eo
3267 5163 3500 5205 concor-

236 5244 385 5299 dans
410 5258 534 5297 cum
562 5249 689 5299 ante
716 5243 981 5314 expositis
1003 5243 1340 5316 prophetiis,
1369 5243 1428 5298 in
1487 5243 1689 5313 quibus
1744 5258 1952 5313 pauper
1997 5250 2052 5298 et
2095 5258 2301 5311 egenus
2343 5249 2428 5297 est
2472 5243 2830 5310 nominatus;
2875 5242 2972 5298 sed
3013 5242 3142 5314 quia
3203 5256 3365 5299 suum
3433 5238 3498 5294 ad

236 5339 411 5393 vitam
454 5337 689 5394 reditum
732 5339 788 5394 in
828 5338 917 5394 bis
957 5338 1256 5405 indicavit,
1289 5354 1484 5395 rursus
1514 5354 1822 5395 sermonem
1863 5347 2192 5394 convertens
2221 5336 2288 5390 ad
2318 5336 2534 5393 Patrem
2556 5377 2572 5402 ,
2606 5356 2626 5389 ι
2657 5344 2804 5400 ate,
2838 5336 3050 5407 inquit,
3115 5336 3237 5392 laus
3299 5347 3420 5391 mea
3444 5332 3499 5389 in

236 5433 492 5491 Ecclesia
525 5448 719 5505 magna
742 5476 758 5502 ,
786 5453 807 5486 ι
864 5434 921 5491 in
949 5420 1153 5507 quibus
1181 5448 1317 5492 sane
1343 5434 1528 5492 verbis
1586 5434 1891 5491 Ecclesiam
1930 5435 1989 5489 in
2020 5433 2245 5490 nomine
2274 5432 2453 5504 ipsius
2479 5448 2547 5489 ex
2575 5432 2830 5504 gentibus
2857 5431 3144 5488 collectam
3165 5469 3182 5496 ,
3214 5439 3271 5487 et
3296 5442 3355 5487 ι
3382 5439 3493 5487 τοι(

311 5587 363 5634 ιι
395 5587 586 5645 Matth.
622 5603 800 5646 xxvm
823 5628 837 5655 ,
869 5588 1014 5653 9,10.
1093 5590 1140 5624 ¹⁹
1178 5587 1344 5645 ιοαιι.
1378 5605 1486 5655 xx,
1522 5588 1610 5644 t7.

313 5708 391 5781 (t)
429 5710 603 5768 Uncis
643 5712 901 5768 conclusa
942 5711 1215 5783 supplerit
1258 5710 1563 5768 Fabricius.
1591 5708 1728 5767 Vide
1779 5708 2201 5765 Admonitionem
2252 5705 2409 5765 initio
2461 5704 2770 5763 voluminis.
