3856 6222
366 280 461 340 791
542 308 547 311 ν
1001 286 1278 358 βυδεωι
1317 286 1801 344 ΟᾹΞΞᾹΗΙΕΝΒΙΒ
1840 287 1889 344 οἳ

2088 285 2220 343 ARS
2258 286 2323 344 ιι.
2353 316 2421 330 -
2457 282 2969 342 APOLOGETICA.
3507 277 3611 333 793

361 404 493 459 orbe
513 405 866 461 constitutam
890 396 1178 476 inleiligit.
1206 411 1261 461 in
1288 423 1396 477 qua
1427 405 1729 462 Salvatoris
1757 417 1931 461 nostri
1970 405 2122 470 laus,
2154 415 2308 475 patre
2337 419 2456 475 Ipso
2484 410 2763 459 annuente
2825 410 2990 473 atque
3050 415 3206 471 opem
3236 399 3445 452 ferente
3472 396 3615 449 assi—

360 496 465 552 due
492 500 733 563 canitur,
764 515 828 555 ex
858 516 969 571 quo
999 511 1075 555 ait
1101 521 1115 556 :
1149 521 1167 554 ς
1199 516 1241 554 Α
1272 512 1327 557 te
1358 505 1476 558 laus
1503 516 1623 555 mea
1655 501 1710 554 in
1741 499 1986 555 Ecclesna
2015 514 2231 571 magna.
2256 519 2278 552 ι
2303 498 2496 570 Magna
2548 500 2695 553 enim
2742 511 2803 552 re
2832 510 2961 551 vera
3001 492 3244 548 Ecclesia
3307 491 3427 545 hac
3489 496 3613 551 est,

362 608 558 662 quippe
586 605 707 664 qua:
744 609 813 650 ex
854 597 1003 651 omni
1061 612 1258 667 genere
1319 597 1602 651 hominum
1635 596 1865 652 collecta
1895 595 2000 655 sit,
2038 604 2094 649 et
2141 610 2211 649 ne
2261 591 2631 663 comparanda
2672 589 2890 659 quidem
2935 598 3156 659 propter
3189 585 3514 656 gravitatem
3560 588 3616 634 et

362 690 731 758 praestantiam
758 693 907 758 vitae,
953 702 1007 750 ct
1034 702 1256 765 propter
1316 693 1699 748 institutorum
1763 692 2194 763 magnitudinem
2254 691 2322 745 ad
2353 690 2639 745 Judaicam
2669 697 2883 759 gentem
2905 725 2920 747 ,
2952 691 3006 739 et
3042 684 3109 739 ad
3157 679 3615 734 circumcisorum

360 794 725 850 conventum,
776 789 870 859 qui
919 792 1069 845 omni
1112 798 1389 861 egestate,
1431 798 1487 846 et
1533 789 1836 853 orationis,
1874 795 1931 843 et
1966 789 2126 853 vitae,
2170 794 2225 843 et
2268 788 2609 857 prudentiae,
2647 792 2702 840 et
2743 784 2965 852 reliqua:
3005 781 3073 835 de
3153 776 3265 831 Deo
3341 768 3617 829 sentiendi

361 880 625 947 rationis,
656 886 906 952 oppressi
938 886 1315 956 attenuatique
1347 896 1496 940 sunt.
1531 884 1735 941 Deinde
1761 884 1983 953 subjicit
2007 901 2047 950 ;‘
2089 901 2106 933 ι
2179 880 2315 937 Vota
2343 898 2463 938 mea
2529 881 2759 936 Domino
2789 879 3010 933 reddam
3072 876 3126 930 in
3156 878 3457 941 conspectu
3498 881 3620 921 om-

359 970 510 1024 nium
544 973 852 1028 timentium
883 992 1041 1044 eum,
1073 998 1091 1029 ι
1121 979 1212 1033 ubi
1254 993 1352 1048 per
1395 981 1648 1034 timentes
1709 992 1834 1033 eum
1879 977 2130 1047 intelligit
2161 993 2317 1044 eam,
2361 991 2525 1047 quam
2557 984 2685 1031 ante
2745 972 3045 1028 Ecclesiam
3110 981 3365 1039 magnam
3430 963 3618 1018 nomi-

358 1066 541 1130 navit,
599 1080 727 1122 cum
774 1069 882 1125 illis
933 1071 1115 1126 verbis
1164 1088 1298 1127 usus
1343 1078 1478 1127 est:
1546 1071 1695 1138 «Qui
1748 1071 1953 1127 timetis
1990 1069 2278 1125 Dominum
2329 1071 2546 1125 laudate
2590 1084 2738 1124 eum.
2806 1084 2828 1119 ι
2895 1065 2999 1120 Sed
3051 1077 3173 1134 quae
3222 1059 3438 1115 tandem
3487 1066 3620 1111 νοω

358 1159 701 1219 redditurum
754 1182 813 1221 se
846 1168 958 1230 ait,
1004 1169 1111 1223 nisi
1151 1184 1273 1239 quae
1313 1170 1589 1239 pollicitus
1625 1169 1755 1225 est?
1799 1184 1921 1240 quae
1958 1183 2127 1239 porro
2174 1169 2451 1239 pollicitus
2510 1177 2628 1232 est,
2687 1166 2793 1222 nisi
2834 1165 2925 1220 illa
2961 1177 3084 1233 qua:
3126 1169 3241 1214 tum
3284 1155 3621 1228 signiﬁcavit

358 1267 484 1307 cum
510 1256 686 1311 dixit:
715 1278 733 1310 ε
764 1258 1012 1316 Narrabo
1040 1278 1238 1318 nomen
1275 1271 1427 1319 tuum
1464 1265 1728 1319 fratribus
1773 1265 1929 1321 meis.
1970 1262 2030 1318 In
2081 1263 2260 1320 medio
2305 1263 2566 1319 Ecclesiae
2612 1261 2847 1316 laudabo
2888 1268 2961 1316 te.
3032 1277 3053 1310 ι
3095 1254 3234 1309 Vota
3286 1254 3433 1308 enim
3482 1256 3619 1307 sunt

356 1349 659 1415 promissa,
695 1368 816 1421 quae
847 1369 908 1410 se
973 1356 1029 1410 in
1094 1357 1277 1412 medio
1312 1357 1568 1414 Ecclesiae
1613 1368 2003 1428 praestaturum
2044 1359 2323 1431 pollicitus
2365 1356 2727 1412 continuavit.
2766 1353 2864 1408 llis
2895 1351 3027 1408 illud
3063 1347 3307 1418 adjungit
3334 1364 3348 1400 :
3374 1364 3391 1395 ι
3417 1343 3620 1399 Come-

356 1445 488 1498 dent
521 1458 790 1516 pauperes
817 1459 870 1504 et
902 1449 1067 1522 510
1096 1453 1512 1519 saturabuntur,
1543 1461 1598 1509 et
1627 1456 1926 1511 laudabunt
1965 1455 2252 1510 Dominum
2297 1455 2397 1525 qui
2441 1454 2729 1523 requirunt
2765 1466 2910 1505 eum.
2976 1446 3175 1502 Vivent
3209 1442 3376 1499 corda
3418 1453 3616 1497 eorum

358 1533 415 1588 in
444 1537 700 1591 saeculum
730 1542 934 1596 szeculi.
971 1541 1415 1601 lteminiscentur
1451 1554 1505 1601 et
1544 1557 1932 1604 convertentur
1969 1550 2037 1605 ad
2078 1548 2393 1612 Dominum,
2443 1561 2635 1603 omnes
2678 1545 2814 1600 ﬁnes
2859 1549 3035 1598 terrae.
3085 1540 3152 1594 Et
3180 1537 3489 1592 adorabunt
3558 1537 3618 1590 in

358 1637 658 1697 conspectu
683 1631 805 1701 ejus
830 1634 1098 1692 universa:
1122 1636 1341 1693 familiae
1371 1640 1615 1711 gentium
1637 1641 1936 1716 ,quoniam
1976 1640 2194 1695 Domini
2222 1647 2306 1696 est
2334 1653 2594 1709 regnum,
2629 1645 2684 1692 et
2713 1637 2830 1707 ipse
2858 1634 3174 1689 dominatur
3236 1630 3515 1701 gentibus.
3587 1645 3613 1680 ι

358 1717 570 1782 Quibus
645 1725 829 1779 verbis
873 1728 1031 1783 valde
1073 1737 1198 1800 apte
1237 1732 1643 1804 admodumque
1680 1734 1968 1799 ordinate,
2009 1750 2131 1804 qua:
2160 1748 2191 1787 a
2225 1749 2284 1789 se
2311 1741 2437 1803 post
2497 1731 2732 1786 reditum
2778 1729 2835 1783 in
2877 1727 3044 1781 vitam
3088 1732 3236 1779 recte
3277 1721 3421 1776 facta
3463 1720 3614 1782 sint,

360 1830 566 1883 quosve
588 1834 879 1876 successus
902 1823 1185 1890 habuerit,
1245 1837 1674 1897 commemorat,
1735 1846 1858 1901 quae
1917 1829 2175 1885 universa
2226 1843 2326 1899 per
2367 1827 2612 1882 omnium
2662 1825 2904 1898 gentium
2954 1823 3295 1877 vocationem
3338 1816 3619 1886 completa

360 1918 522 1977 sunt,
569 1921 624 1967 et
661 1931 758 1984 per
801 1917 1082 1973 hominum
1126 1921 1180 1975 in
1223 1922 1376 1977 orbis
1419 1932 1689 1979 terrarum
1738 1925 1939 1981 ﬁnibus
1975 1925 2317 1980 electionem.
2350 1924 2599 1991 Quarum
2623 1936 2805 1976 rerum
2864 1923 3058 1974 eventa
3086 1913 3369 1986 quaeipsis
3429 1909 3619 1964 oculis

359 1999 561 2057 intueri
590 2004 749 2086 licet,
776 2007 936 2065 facile
964 2012 1031 2065 iis
1055 2028 1177 2082 quae
1207 2014 1261 2067 in
1286 2015 1391 2069 hoc
1416 2018 1629 2082 psalmo
1653 2018 1935 2082 dicuntur,
1977 2020 2135 2075 ﬁdem
2171 2018 2351 2074 facere
2396 2022 2648 2088 possunt.
2689 2011 2796 2069 Per
2834 2026 3102 2082 pauperes
3167 2019 3346 2062 autem
3416 2015 3614 2057 rursus

359 2107 463 2148 nos
497 2096 782 2168 intelligit,
814 2116 954 2171 quos
984 2102 1037 2158 in
1070 2114 1391 2176 paupertate
1420 2110 1722 2164 secundum
1754 2110 1923 2165 Deum
1963 2112 2222 2182 degentes
2243 2151 2259 2177 ,
2326 2108 2456 2164 dum
2502 2109 2744 2165 salutare
2783 2106 3008 2160 verbum
3043 2095 3367 2169 intelligibili
3434 2094 3615 2148 ratio-

359 2185 584 2256 naliqtte
613 2205 752 2258 pane
777 2234 790 2255 ,
844 2195 949 2249 hoc
976 2204 1095 2261 est,
1163 2199 1305 2254 cibis
1355 2203 1449 2270 qui
1510 2203 1678 2256 vitam
1706 2203 1907 2258 animis
1961 2204 2222 2266 aderant,
2269 2202 2510 2264 enutrit,
2541 2201 2705 2254 vitam
2745 2199 2905 2253 nobis
2945 2193 3172 2264 iargitur
3196 2200 3477 2246 aeternam.
3533 2184 3613 2238 Ex

360 2293 470 2347 quo
500 2282 743 2348 psalmus
774 2287 847 2340 ita
877 2288 992 2344 ait:
1026 2309 1046 2341 ί
1103 2289 1408 2348 Comedent
1458 2309 1750 2365 pauperes,
1787 2305 1840 2351 et
1903 2298 2316 2359 saturabuntur,
2368 2306 2424 2351 et
2474 2292 2777 2349 laudabunt
2825 2290 3115 2346 Dominum
3164 2284 3260 2357 qui
3320 2282 3617 2349 requirunt

361 2382 507 2424 eum.
538 2369 732 2428 Vivent
760 2378 924 2431 corda
955 2393 1146 2434 eorum
1178 2382 1231 2435 in
1266 2384 1526 2437 saaculum
1560 2385 1766 2441 saeculi.
1798 2404 1816 2437 ι
1841 2384 2126 2440 Peroratio
2152 2401 2283 2442 vero
2314 2385 2487 2442 totius
2552 2382 2887 2455 prophetiae,
2954 2395 3076 2450 quae
3120 2384 3247 2448 post
3310 2373 3495 2428 omnia
3538 2372 3614 2425 il—

363 2459 455 2514 lud
502 2463 748 2518 continet
778 2484 791 2519 :
825 2483 843 2516 ¢
878 2467 1311 2525 Anuuntiabitur
1359 2472 1590 2528 Domino
1638 2479 1920 2545 generatio
1959 2483 2208 2531 ventura.
2239 2475 2303 2529 Et
2328 2475 2738 2531 annuntiabunt
2763 2473 3033 2542 justitiam
3064 2470 3185 2537 ejus
3248 2466 3451 2538 populo
3515 2464 3621 2533 qui

364 2564 640 2623 nascetur,
665 2573 825 2626 quem
859 2561 989 2616 fecit
1016 2562 1281 2621 Dominus
1309 2585 1321 2620 :
1353 2585 1372 2619 ι
1400 2569 1608 2637 absque
1630 2570 1780 2625 omni
1811 2572 2185 2627 controversia
2217 2572 2479 2642 populum
2509 2571 2577 2627 de
2639 2571 2896 2641 gentibus
2959 2567 3253 2622 collectum
3317 2561 3574 2631 praedicit
3595 2599 3616 2624 ,

361 2648 804 2723 constituamque
827 2669 923 2724 per
946 2655 1283 2715 Salvatorcm
1331 2670 1579 2717 nostrum
1604 2663 1790 2719 Jesnm
1816 2665 2091 2720 Christum
2121 2667 2174 2720 in
2203 2674 2347 2721 terra
2370 2665 2778 2737 generationem
2800 2683 2817 2717 :
2864 2678 2988 2718 nam
3026 2661 3152 2731 quis
3189 2656 3407 2712 tandem
3450 2654 3623 2709 fuerit

361 2742 410 2796 is
444 2746 702 2814 populus,
733 2765 849 2819 qm,
881 2761 1006 2821 post
1044 2754 1163 2824 ipsa
1204 2754 1348 2821 haec,
1383 2757 1492 2813 Deo
1516 2760 1732 2814 dicatur
1760 2762 2005 2818 oriturus
2025 2763 2050 2816 Ἰ
2074 2762 2277 2833 quique
2330 2770 2489 2815 antea
2519 2760 2737 2831 quidem
2767 2774 2880 2814 non
2939 2756 3102 2811 fuerit
3123 2796 3148 2819 τ
3204 2766 3381 2821 neque
3442 2748 3624 2804 exstio

362 2836 489 2889 terit
528 2837 672 2893 inter
716 2841 997 2910 homines,
1047 2858 1236 2917 postea
1275 2866 1403 2906 vero
1452 2855 1773 2908 exstiterit?
1808 2872 1930 2926 quae
1968 2871 2130 2928 porro
2156 2856 2437 2927 generatio
2464 2855 2591 2917 illa,
2623 2869 2788 2924 quam
2840 2860 2967 2906 tunc
3016 2849 3235 2920 quidem
3292 2861 3402 2900 non
3466 2857 3620 2906 esse,

360 2939 486 3001 post
524 2943 703 2990 autem
746 2949 1030 2996 venturam
1062 2946 1380 3015 signiﬁcat?
1407 2949 1513 3003 nisi
1547 2950 1660 3005 haec
1688 2967 1808 3021 quae
1837 2967 1933 3022 per
1971 2950 2309 3006 Salvatorem
2342 2959 2591 3007 nostrum
2619 2951 2673 3005 iu
2701 2956 2816 3004 toto
2843 2947 2976 3002 orbe
3005 2945 3303 3001 constituta
3366 2948 3450 2996 est
3512 2937 3620 2994 Ec-

362 3027 566 3094 clesia,
633 3046 934 3106 recensque
974 3038 1062 3094 hic
1100 3042 1363 3098 collectus
1401 3044 1469 3100 de
1529 3046 1785 3115 gentibus
1849 3048 2126 3118 populus?
2167 3048 2235 3102 de
2286 3064 2395 3119 quo
2416 3047 2580 3103 etiam
2607 3061 2695 3117 prr
2739 3042 2931 3098 lsaiam
2956 3039 3194 3111 Spiritus
3238 3043 3472 3091 sanctus
3490 3047 3623 3085 cum

364 3119 725 3179 admiratione
787 3127 1006 3184 locutus
1068 3140 1188 3198 est,
1253 3150 1378 3189 cum
1431 3135 1611 3192 dixit:
1658 3154 1677 3188 ι
1738 3136 1875 3204 Quis
1935 3140 2143 3194 audivit
2182 3139 2355 3193 talia?
2418 3147 2473 3193 et
2515 3140 2639 3208 quis
2684 3141 2759 3190 ita
2803 3135 2934 3189 vidit
2956 3142 2977 3187 ἰ
3020 3133 3066 3187 si
3113 3128 3401 3201 partui-ivit
3466 3134 3623 3180 terra

363 3216 420 3268 in
451 3214 541 3270 die
578 3232 719 3283 uno,
761 3228 815 3275 et
856 3224 903 3279 si
948 3232 1077 3279 nata
1119 3235 1204 3283 est
1253 3244 1387 3299 gens
1433 3232 1659 3286 omnino
1686 3233 1751 3289 ὀ.
1778 3253 1796 3285 ι
1829 3231 1953 3288 Haec
1981 3235 2146 3305 igitur
2185 3247 2284 3287 nos
2306 3232 2372 3286 ad
2429 3232 2535 3286 alia
2591 3231 2661 3285 ob
2698 3228 3016 3284 brevitatem
3064 3221 3327 3293 temporis
3351 3221 3619 3273 festinan-

363 3320 447 3366 tes
510 3316 911 3382 percurrimus.
956 3332 1118 3393 atque
1220 3331 1281 3377 ut
1326 3325 1546 3390 dicitur,
1606 3329 1837 3385 summis
1903 3328 2062 3385 labiis
2105 3328 2465 3397 attingentes,
2524 3324 2936 3396 pneterivimus.
2977 3319 3076 3375 Cui
3123 3324 3305 3372 autem
3353 3328 3502 3369 cura:
3549 3311 3627 3365 sit

365 3403 679 3459 adhortatio
706 3403 1007 3464 Salvatoris
1047 3414 1257 3479 nostri,
1302 3413 1554 3487 [quando
1595 3419 1672 3472 ait
1718 3420 1804 3473 ’τε
1852 3437 1871 3471 ι
1915 3417 2249 3473 Scrutamini
2276 3416 2643 3487 'Scripturas,
2687 3415 2740 3468 in
2772 3413 2970 3482 quibus
3006 3409 3211 3478 putatis
3249 3405 3419 3458 vitam
3458 3410 3628 3457 aeter-

366 3512 495 3552 nam
525 3514 624 3554 vos
670 3498 906 3566 habere,
954 3511 1008 3560 et
1035 3505 1141 3561 illa:
1203 3517 1332 3563 sunt
1375 3526 1495 3580 qua:
1538 3513 1913 3568 testimonium
1941 3512 2232 3581 perhibent
2281 3512 2349 3567 de
2386 3526 2493 3566 me.
2555 3528 2574 3561 ι
2634 3507 2711 3562 Ita
2749 3505 3047 3577 quamlibet
3083 3502 3379 3557 dic-tionem
3417 3494 3627 3567 psalmi

364 3586 461 3658 qui
499 3598 682 3646 mente
709 3591 875 3648 altius
905 3604 1180 3653 scrutatus
1220 3595 1419 3666 fuerit,
1461 3612 1777 3658 accuratum
1834 3616 2056 3658 sensum
2117 3602 2307 3658 venari
2361 3601 2560 3672 poterit
2604 3599 2984 3668 dictorumque
3038 3588 3371 3662 veritatem.]

371 3782 2487 3823 Μ

630 3786 3603 3822 W

1583 3947 2412 4039 FRAGMENTUM

1095 4135 1309 4197 LIBRI
1352 4137 1471 4198 XV
1514 4139 2285 4203 DEMONSTRATIONIS
2330 4137 2886 4205 EVANGELICJE.

1263 4255 1382 4310 (Mn
1407 4254 1634 4308 Bibliotli.
1661 4273 1784 4310 natm
1810 4262 2037 4322 Patrum,
2058 4260 2144 4321 IV,
2179 4275 2226 4324 p.
2253 4261 2364 4319 3H,
2390 4261 2558 4311 Romae
2591 4260 2751 4309 1847.)

1793 4373 2196 4434 MONITUM.

446 4506 920 4585 Damnasti-alienis
948 4513 1260 4585 evangelicae
1288 4517 1510 4584 scriptos
1539 4516 1702 4585 fuisse
1727 4516 1790 4570 ab
1820 4514 2047 4571 Eusebio
2077 4519 2398 4573 (κωθανὶεηεὶ
2439 4519 2599 4574 libros
2632 4517 2844 4572 omnino
2892 4514 3110 4585 viginti,
3145 4514 3631 4585 testeacertissimi

368 4591 493 4656 sunt
517 4589 731 4656 sanctus
763 4580 1120 4656 Hieronymum
1152 4583 1227 4639 De
1252 4586 1354 4639 vir.
1380 4580 1457 4640 ill.
1484 4580 1600 4655 cap.
1636 4588 1725 4650 81,
1758 4597 1807 4640 et
1847 4588 2066 4641 l’hotius
2113 4588 2167 4639 in
2198 4587 2527 4644 Bibliotheca
2562 4589 2679 4642 cod.
2711 4604 2766 4652 ι,
2790 4603 2843 4656 p.
2878 4580 2968 4656 il:
3000 4584 3065 4638 Et
3101 4602 3163 4639 ne
3191 4583 3320 4656 quid
3345 4583 3629 4656 evidentia,-

369 4651 579 4705 raritati
608 4649 764 4726 desit,
793 4650 928 4726 idem
960 4651 1311 4726 Hieronymus
1342 4649 1557 4711 librum'
1576 4649 1730 4720 xvut,
1771 4658 1823 4710 in
1853 4658 2008 4726 prof.
2040 4656 2109 4710 ad
2139 4656 2331 4711 0.39am
2368 4661 2444 4712 sic
2473 4668 2729 4713 memorat
2756 4649 2835 4711 ξ’(
2886 4654 3142 4710 Eusebius
3174 4653 3528 4726 Cwsariensis
3568 4656 3630 4709 in

370 4732 552 4808 octavo
576 4719 804 4808 decimo
834 4719 1373 4808 libroEdayfektxi};
1434 4727 1794 4808 Ἀποδείξεῳς.
1834 4719 1893 4808 qu

2105 4727 2166 4780 de
2196 4727 2635 4808 Oseenpraplieta“
2656 4729 2917 4808 disputat.
2959 4745 2978 4777 ι
3014 4726 3263 4808 ᾼιιζζιῑιξη
3297 4724 3628 4808 ςάξιὶῳιίϋᾳε

369 4791 528 4858 Imjus
563 4790 760 4869 ορεζὶἱ
780 4793 992 4869 nonnisi
1046 4790 1220 4849 decem
1258 4790 1460 4865 priores
1495 4790 1705 4869 exstant
1736 4790 1887 4862 .‘ibri;
1914 4798 2166 4869 reliquos
2206 4790 2400 4852 eruditi
2426 4790 2545 4869 j'am
2579 4800 2673 4852 diu
2719 4790 3043 4869 desiderant.
3088 4790 3257 4869 Nobis
3302 4796 3519 4848 interim
3565 4796 3629 4847 in

368 4871 580 4939 patrui):
610 4859 680 4913 ad
716 4859 989 4939 Danielem
1021 4872 1229 4939 catena,
1258 4859 1421 4939 quam
1449 4883 1514 4921 ea:
1554 4867 1807 4939 Vaticano
1825 4859 1999 4922 codice
2016 4859 2298 4933 edidimus,
2323 4859 2511 4923 bonimt
2545 4871 2702 4939 hujus
2732 4867 3185 4939 deperditi‘operis
3218 4877 3547 4939 segmentum
3567 4881 3630 4939 se

371 4928 560 5008 obtulit
582 4945 600 4991 ;
623 4930 770 5008 quod
795 4931 975 4988 (ἐι-ωσι
998 4936 1160 4989 simul
1186 4928 1473 5008 Lariineqne
1504 4940 1707 4992 cwteris
1741 4937 1953 5008 Eusebii
1982 4948 2161 4992 nostra
2194 4928 2374 4993 labore
2391 4942 2545 4994 editis
2576 4928 2902 5006 scriptis'hic
2937 4928 3297 5008 adinngintus:
3320 4931 3452 4988 1am
3483 4935 3626 5008 quod

369 5010 420 5054 et
451 5001 507 5052 in
541 5010 722 5080 nostra
750 5001 848 5056 hoc
874 5014 1222 5080 segmento,_et
1253 5007 1308 5060 in
1335 5001 1626 5080 memorato
1655 5007 1795 5077 apud
1826 5007 2207 5078 Hieronymum
2238 5010 2371 5074 loco,
2392 5001 2768 5080 prophetaritm
2796 5008 3031 5063 oraculis
3043 5001 3304 5061 Enaebius
3332 5001 3545 5070 utatur,
3566 5003 3629 5057 id

370 5078 773 5126 consentaneum
799 5085 1000 5129 cwtera:
1041 5077 1208 5144 operis
1231 5079 1376 5145 parti
1404 5089 1503 5133 est.

453 5245 902 5329 Fragmentum
960 5252 1111 5316 libri
1163 5275 1250 5339 xv
1290 5256 1862 5339 Demonstrationis
1895 5260 2311 5339 Evangelicw,
2356 5263 2447 5323 Ex
2501 5262 2734 5322 Catena
2782 5261 3035 5320 Patrum
3072 5256 3149 5318 ad
3201 5250 3541 5315 Danielem

1219 5336 1382 5415 (cap.
1419 5354 1490 5411 ll,
1530 5337 1656 5416 31.)
1692 5356 1727 5400 a
1756 5341 1943 5402 nobis
1979 5336 2144 5402 edita
2177 5342 2415 5419 Script.
2445 5349 2569 5402 vet.
2607 5346 2651 5400 t.
2685 5339 2737 5399 Ι.

442 5514 820 5575 Necessarium
867 5522 1052 5591 putavi
1082 5518 1303 5578 Eusebii
1332 5523 1708 5593 Caesariensis,
1740 5544 1943 5602 cogno-

2129 5529 2447 5594 Ἀναγκαῖον
2477 5525 2806 5597 ἐλογισάμην
2840 5519 3099 5577 Εὐσεόίου
3130 5513 3225 5570 τοῦ
3258 5514 3622 5602 Καισαρείας,

373 5615 556 5667 mento
615 5608 902 5680 Pamphili,
957 5611 1268 5668 adscribere
1320 5615 1514 5689 verba,
1587 5633 1709 5689 quae
1764 5597 1835 5676 inv
1874 5638 1896 5676 ι

2098 5618 2141 5674 μῦ
2192 5615 2419 5685 ἐπίκὶην
2448 5612 2753 5682 Παμφίλου,
2786 5605 3127 5682 παραθέσθαι
3166 5601 3353 5676 φωνὰς
3396 5597 3621 5676 εἰρηιὼ

444 5723 494 5758 ⁸⁸
532 5724 634 5781 lsa.
672 5743 836 5794 LIVI,
876 5727 930 5784 8.
1006 5730 1051 5761 ’ί
1090 5726 1246 5785 Joan.
1288 5744 1352 5790 v.
1386 5729 1474 5784 39.
