  <div class='ocr_page' id='page_1' title='image "/cluster/home/n/w/nwhite01/storage/ocr_20150623/22/nnc1.0046978372/428.png"; bbox 0 0 3856 6222; ppageno 0'>
   <div class='ocr_carea' id='block_1_1' title="bbox 167 340 279 398">
    <p class='ocr_par' dir='ltr' id='par_1_1' title="bbox 167 340 279 398">
     <span class='ocr_line' id='line_1_1' title="bbox 167 340 279 398; baseline -0.018 0"><span class='ocrx_word' id='word_1_1' title='bbox 167 340 279 398; x_wconf 76' lang='lat'><strong>793</strong></span> 
     </span>
    </p>
   </div>
   <div class='ocr_carea' id='block_1_2' title="bbox 889 334 2787 394">
    <p class='ocr_par' dir='ltr' id='par_1_2' title="bbox 889 334 2787 394">
     <span class='ocr_line' id='line_1_2' title="bbox 889 334 2787 394; baseline -0.002 -4"><span class='ocrx_word' id='word_1_2' title='bbox 889 334 1541 394; x_wconf 72' lang='lat' dir='ltr'><strong>DEMONSTRATIONIS</strong></span> <span class='ocrx_word' id='word_1_3' title='bbox 1566 334 2023 391; x_wconf 62' lang='lat' dir='ltr'><strong>EVANGELICE</strong></span> <span class='ocrx_word' id='word_1_4' title='bbox 2063 334 2322 390; x_wconf 74' lang='lat' dir='ltr'><strong>FRAGM.</strong></span> <span class='ocrx_word' id='word_1_5' title='bbox 2367 336 2456 391; x_wconf 80' lang='lat' dir='ltr'><strong>EX</strong></span> <span class='ocrx_word' id='word_1_6' title='bbox 2496 335 2627 393; x_wconf 67' lang='grc' dir='ltr'><strong>ΜΒ.</strong></span> <span class='ocrx_word' id='word_1_7' title='bbox 2654 335 2787 391; x_wconf 68' lang='grc' dir='ltr'><strong>ΧΥ.</strong></span> 
     </span>
    </p>
   </div>
   <div class='ocr_carea' id='block_1_3' title="bbox 3330 335 3434 394">
    <p class='ocr_par' dir='ltr' id='par_1_3' title="bbox 3330 335 3434 394">
     <span class='ocr_line' id='line_1_3' title="bbox 3330 335 3434 394; baseline 0 0"><span class='ocrx_word' id='word_1_8' title='bbox 3330 335 3434 394; x_wconf 72' lang='grc' dir='ltr'><strong>τοι</strong></span> 
     </span>
    </p>
   </div>
   <div class='ocr_carea' id='block_1_4' title="bbox 170 447 1752 524">
    <p class='ocr_par' dir='ltr' id='par_1_4' title="bbox 170 450 1752 522">
     <span class='ocr_line' id='line_1_4' title="bbox 170 450 1752 522; baseline -0.001 -15"><span class='ocrx_word' id='word_1_9' title='bbox 170 469 271 516; x_wconf 73' lang='grc' dir='ltr'><strong>νας</strong></span> <span class='ocrx_word' id='word_1_10' title='bbox 297 455 356 505; x_wconf 92' lang='lat' dir='ltr'><strong>tv</strong></span> <span class='ocrx_word' id='word_1_11' title='bbox 384 450 850 520; x_wconf 71' lang='grc' dir='ltr'><strong>πεντεκαιδεκάτῳ</strong></span> <span class='ocrx_word' id='word_1_12' title='bbox 875 450 1027 522; x_wconf 85' lang='grc' dir='ltr'>τόμῳ</span> <span class='ocrx_word' id='word_1_13' title='bbox 1052 450 1150 521; x_wconf 84' lang='grc' dir='ltr'>τῆς</span> <span class='ocrx_word' id='word_1_14' title='bbox 1163 451 1208 502; x_wconf 80' lang='grc' dir='ltr'><strong><em>Ε</em></strong></span> <span class='ocrx_word' id='word_1_15' title='bbox 1217 450 1571 521; x_wconf 69' lang='grc' dir='ltr'>ὺαγγελικῆς</span> <span class='ocrx_word' id='word_1_16' title='bbox 1602 453 1752 507; x_wconf 75' lang='grc' dir='ltr'>Ἀπο-</span> 
     </span>
    </p>
   </div>
   <div class='ocr_carea' id='block_1_5' title="bbox 1854 447 3435 524">
    <p class='ocr_par' dir='ltr' id='par_1_5' title="bbox 1860 447 3435 524">
     <span class='ocr_line' id='line_1_5' title="bbox 1860 447 3435 524; baseline 0.002 -20"><span class='ocrx_word' id='word_1_17' title='bbox 1860 450 2336 505; x_wconf 75' lang='lat' dir='ltr'><strong>Demonstratt&#39;ont&#39;s</strong></span> <span class='ocrx_word' id='word_1_18' title='bbox 2366 447 2698 521; x_wconf 67' lang='lat' dir='ltr'><strong>Evangelia:</strong></span> <span class='ocrx_word' id='word_1_19' title='bbox 2725 450 2868 505; x_wconf 86' lang='lat' dir='ltr'><strong>libro</strong></span> <span class='ocrx_word' id='word_1_20' title='bbox 2904 457 3141 506; x_wconf 81' lang='lat' dir='ltr'><strong>exstant.</strong></span> <span class='ocrx_word' id='word_1_21' title='bbox 3165 448 3215 506; x_wconf 89' lang='lat' dir='ltr'><strong>ls</strong></span> <span class='ocrx_word' id='word_1_22' title='bbox 3241 467 3435 524; x_wconf 81' lang='lat' dir='ltr'><strong>nempe</strong></span> 
     </span>
    </p>
   </div>
   <div class='ocr_carea' id='block_1_6' title="bbox 168 537 1754 615">
    <p class='ocr_par' dir='ltr' id='par_1_6' title="bbox 168 537 1754 615">
     <span class='ocr_line' id='line_1_6' title="bbox 168 537 1754 615; baseline -0.001 -17"><span class='ocrx_word' id='word_1_23' title='bbox 168 543 415 609; x_wconf 76' lang='grc' dir='ltr'>δείξεως</span> <span class='ocrx_word' id='word_1_24' title='bbox 433 559 446 573; x_wconf 74' lang='grc'><strong><em>⁸</em></strong></span> <span class='ocrx_word' id='word_1_25' title='bbox 476 537 630 607; x_wconf 74' lang='grc' dir='ltr'>οὗτος</span> <span class='ocrx_word' id='word_1_26' title='bbox 656 542 766 614; x_wconf 75' lang='grc' dir='ltr'><strong>γὰρ</strong></span> <span class='ocrx_word' id='word_1_27' title='bbox 793 544 974 595; x_wconf 74' lang='grc' dir='ltr'>πᾶσαν</span> <span class='ocrx_word' id='word_1_28' title='bbox 1004 542 1292 613; x_wconf 72' lang='grc' dir='ltr'>ἐκθέμενος</span> <span class='ocrx_word' id='word_1_29' title='bbox 1323 544 1422 615; x_wconf 80' lang='grc' dir='ltr'>τὴν</span> <span class='ocrx_word' id='word_1_30' title='bbox 1445 545 1631 615; x_wconf 82' lang='grc' dir='ltr'>ὅρασιν</span> <span class='ocrx_word' id='word_1_31' title='bbox 1660 543 1754 597; x_wconf 81' lang='grc' dir='ltr'>οῦ-</span> 
     </span>
    </p>
   </div>
   <div class='ocr_carea' id='block_1_7' title="bbox 166 634 1756 709">
    <p class='ocr_par' dir='ltr' id='par_1_7' title="bbox 166 634 1756 709">
     <span class='ocr_line' id='line_1_7' title="bbox 166 634 1756 709; baseline 0.003 -23"><span class='ocrx_word' id='word_1_32' title='bbox 166 651 280 700; x_wconf 80' lang='grc' dir='ltr'><strong>τως</strong></span> <span class='ocrx_word' id='word_1_33' title='bbox 335 634 499 706; x_wconf 78' lang='grc' dir='ltr'>φησί’</span> <span class='ocrx_word' id='word_1_34' title='bbox 536 654 555 686; x_wconf 79' lang='grc' dir='ltr'><strong>ι</strong></span> <span class='ocrx_word' id='word_1_35' title='bbox 607 634 875 705; x_wconf 83' lang='grc' dir='ltr'>Ἥγοῦμαι</span> <span class='ocrx_word' id='word_1_36' title='bbox 918 634 1089 688; x_wconf 87' lang='grc' dir='ltr'>ταῦτα</span> <span class='ocrx_word' id='word_1_37' title='bbox 1141 635 1304 706; x_wconf 77' lang='grc' dir='ltr'>μηδὲν</span> <span class='ocrx_word' id='word_1_38' title='bbox 1347 636 1619 707; x_wconf 74' lang='grc' dir='ltr'><strong>διαφέρειν</strong></span> <span class='ocrx_word' id='word_1_39' title='bbox 1657 638 1756 709; x_wconf 84' lang='grc' dir='ltr'><strong>τῆς</strong></span> 
     </span>
    </p>
   </div>
   <div class='ocr_carea' id='block_1_8' title="bbox 168 724 1754 800">
    <p class='ocr_par' dir='ltr' id='par_1_8' title="bbox 168 724 1754 800">
     <span class='ocr_line' id='line_1_8' title="bbox 168 724 1754 800; baseline 0 -19"><span class='ocrx_word' id='word_1_40' title='bbox 168 726 455 799; x_wconf 70' lang='grc' dir='ltr'>προφήτου</span> <span class='ocrx_word' id='word_1_41' title='bbox 498 724 763 797; x_wconf 82' lang='grc' dir='ltr'>θεωρίας’</span> <span class='ocrx_word' id='word_1_42' title='bbox 804 726 879 790; x_wconf 86' lang='grc' dir='ltr'>ὡς</span> <span class='ocrx_word' id='word_1_43' title='bbox 932 727 1041 798; x_wconf 80' lang='grc' dir='ltr'><strong>γάρ</strong></span> <span class='ocrx_word' id='word_1_44' title='bbox 1077 728 1106 780; x_wconf 85' lang='lat'><strong>6</strong></span> <span class='ocrx_word' id='word_1_45' title='bbox 1148 730 1434 800; x_wconf 60' lang='grc' dir='ltr'>προεήτης</span> <span class='ocrx_word' id='word_1_46' title='bbox 1484 727 1754 781; x_wconf 76' lang='grc' dir='ltr'><strong>Θάλασσαν</strong></span> 
     </span>
    </p>
   </div>
   <div class='ocr_carea' id='block_1_9' title="bbox 166 816 1755 891">
    <p class='ocr_par' dir='ltr' id='par_1_9' title="bbox 166 816 1755 891">
     <span class='ocr_line' id='line_1_9' title="bbox 166 816 1755 891; baseline 0.003 -20"><span class='ocrx_word' id='word_1_47' title='bbox 166 817 320 889; x_wconf 72' lang='grc' dir='ltr'>ἑώρα</span> <span class='ocrx_word' id='word_1_48' title='bbox 351 817 611 889; x_wconf 77' lang='grc' dir='ltr'><strong>μεγάλην,</strong></span> <span class='ocrx_word' id='word_1_49' title='bbox 634 816 806 880; x_wconf 70' lang='grc' dir='ltr'>οὕτως</span> <span class='ocrx_word' id='word_1_50' title='bbox 822 820 850 871; x_wconf 87' lang='lat'><strong>6</strong></span> <span class='ocrx_word' id='word_1_51' title='bbox 872 817 1123 887; x_wconf 64' lang='grc' dir='ltr'>βασιλεὺς</span> <span class='ocrx_word' id='word_1_52' title='bbox 1151 822 1334 875; x_wconf 78' lang='grc' dir='ltr'>εἰκόνα</span> <span class='ocrx_word' id='word_1_53' title='bbox 1369 821 1569 891; x_wconf 81' lang='grc' dir='ltr'>πολλήν</span> <span class='ocrx_word' id='word_1_54' title='bbox 1588 861 1601 874; x_wconf 93' lang='grc'><strong>.</strong></span> <span class='ocrx_word' id='word_1_55' title='bbox 1647 822 1755 875; x_wconf 78' lang='grc' dir='ltr'><strong>Καὶ</strong></span> 
     </span>
    </p>
   </div>
   <div class='ocr_carea' id='block_1_10' title="bbox 168 907 1754 984">
    <p class='ocr_par' dir='ltr' id='par_1_10' title="bbox 168 907 1754 984">
     <span class='ocr_line' id='line_1_10' title="bbox 168 907 1754 984; baseline 0.001 -21"><span class='ocrx_word' id='word_1_56' title='bbox 168 907 335 963; x_wconf 79' lang='grc' dir='ltr'>πάλιν</span> <span class='ocrx_word' id='word_1_57' title='bbox 381 909 458 972; x_wconf 85' lang='grc' dir='ltr'>ὡς</span> <span class='ocrx_word' id='word_1_58' title='bbox 500 911 529 962; x_wconf 98' lang='lat'><strong>6</strong></span> <span class='ocrx_word' id='word_1_59' title='bbox 578 911 864 981; x_wconf 80' lang='grc' dir='ltr'><strong>προφήτης</strong></span> <span class='ocrx_word' id='word_1_60' title='bbox 902 910 1047 983; x_wconf 63' lang='grc' dir='ltr'>ἐώρα</span> <span class='ocrx_word' id='word_1_61' title='bbox 1092 911 1133 964; x_wconf 83' lang='grc' dir='ltr'>δ’</span> <span class='ocrx_word' id='word_1_62' title='bbox 1178 912 1363 984; x_wconf 77' lang='grc' dir='ltr'>θηρία,</span> <span class='ocrx_word' id='word_1_63' title='bbox 1404 914 1545 983; x_wconf 78' lang='grc' dir='ltr'>ἅπερ</span> <span class='ocrx_word' id='word_1_64' title='bbox 1583 915 1754 984; x_wconf 79' lang='grc' dir='ltr'>ἑρμη-</span> 
     </span>
    </p>
   </div>
   <div class='ocr_carea' id='block_1_11' title="bbox 165 1000 1754 1074">
    <p class='ocr_par' dir='ltr' id='par_1_11' title="bbox 165 1000 1754 1074">
     <span class='ocr_line' id='line_1_11' title="bbox 165 1000 1754 1074; baseline 0.001 -18"><span class='ocrx_word' id='word_1_65' title='bbox 165 1000 343 1056; x_wconf 87' lang='grc' dir='ltr'>νεύων</span> <span class='ocrx_word' id='word_1_66' title='bbox 385 1000 677 1072; x_wconf 78' lang='grc' dir='ltr'>μετέϐαλεν</span> <span class='ocrx_word' id='word_1_67' title='bbox 714 1004 793 1065; x_wconf 85' lang='grc' dir='ltr'><strong>είς</strong></span> <span class='ocrx_word' id='word_1_68' title='bbox 830 1001 871 1055; x_wconf 78' lang='grc' dir='ltr'>δ’</span> <span class='ocrx_word' id='word_1_69' title='bbox 911 1002 1207 1072; x_wconf 62' lang='grc' dir='ltr'>βασιλείας,</span> <span class='ocrx_word' id='word_1_70' title='bbox 1240 1002 1412 1067; x_wconf 72' lang='grc' dir='ltr'>οὕτως</span> <span class='ocrx_word' id='word_1_71' title='bbox 1437 1006 1466 1057; x_wconf 89' lang='lat'><strong>6</strong></span> <span class='ocrx_word' id='word_1_72' title='bbox 1505 1004 1754 1074; x_wconf 68' lang='grc' dir='ltr'>βασιλεὺς</span> 
     </span>
    </p>
   </div>
   <div class='ocr_carea' id='block_1_12' title="bbox 166 1088 1752 1168">
    <p class='ocr_par' dir='ltr' id='par_1_12' title="bbox 166 1088 1752 1168">
     <span class='ocr_line' id='line_1_12' title="bbox 166 1088 1752 1168; baseline 0.002 -21"><span class='ocrx_word' id='word_1_73' title='bbox 166 1095 269 1159; x_wconf 76' lang='grc' dir='ltr'><strong>τάς</strong></span> <span class='ocrx_word' id='word_1_74' title='bbox 295 1095 386 1149; x_wconf 77' lang='grc' dir='ltr'>διὰ</span> <span class='ocrx_word' id='word_1_75' title='bbox 404 1094 498 1147; x_wconf 90' lang='grc' dir='ltr'><strong>τοῦ</strong></span> <span class='ocrx_word' id='word_1_76' title='bbox 527 1097 728 1166; x_wconf 85' lang='grc' dir='ltr'>χρυσοῦ</span> <span class='ocrx_word' id='word_1_77' title='bbox 768 1096 860 1149; x_wconf 80' lang='grc' dir='ltr'>καὶ</span> <span class='ocrx_word' id='word_1_78' title='bbox 889 1096 1131 1168; x_wconf 84' lang='grc' dir='ltr'>ἀργύρου</span> <span class='ocrx_word' id='word_1_79' title='bbox 1161 1098 1255 1150; x_wconf 79' lang='grc' dir='ltr'>καὶ</span> <span class='ocrx_word' id='word_1_80' title='bbox 1285 1095 1486 1167; x_wconf 90' lang='grc' dir='ltr'>χαλκοῦ</span> <span class='ocrx_word' id='word_1_81' title='bbox 1529 1088 1621 1150; x_wconf 77' lang='grc' dir='ltr'>καῖ</span> <span class='ocrx_word' id='word_1_82' title='bbox 1669 1113 1752 1150; x_wconf 86' lang='grc' dir='ltr'>σι-</span> 
     </span>
    </p>
   </div>
   <div class='ocr_carea' id='block_1_13' title="bbox 166 1184 1752 1259">
    <p class='ocr_par' dir='ltr' id='par_1_13' title="bbox 166 1184 1752 1259">
     <span class='ocr_line' id='line_1_13' title="bbox 166 1184 1752 1259; baseline 0 -18"><span class='ocrx_word' id='word_1_83' title='bbox 166 1186 360 1259; x_wconf 78' lang='grc' dir='ltr'>δήρου,</span> <span class='ocrx_word' id='word_1_84' title='bbox 386 1186 657 1259; x_wconf 80' lang='grc' dir='ltr'>τέσσαρας</span> <span class='ocrx_word' id='word_1_85' title='bbox 687 1185 961 1257; x_wconf 71' lang='grc' dir='ltr'>βασιλείας</span> <span class='ocrx_word' id='word_1_86' title='bbox 990 1189 1265 1259; x_wconf 74' lang='grc' dir='ltr'>ᾐνίττετοο</span> <span class='ocrx_word' id='word_1_87' title='bbox 1313 1190 1408 1242; x_wconf 82' lang='grc' dir='ltr'><strong>καὶ</strong></span> <span class='ocrx_word' id='word_1_88' title='bbox 1437 1184 1591 1253; x_wconf 77' lang='grc' dir='ltr'>αὖθις</span> <span class='ocrx_word' id='word_1_89' title='bbox 1618 1191 1694 1254; x_wconf 82' lang='grc' dir='ltr'>ὼς</span> <span class='ocrx_word' id='word_1_90' title='bbox 1722 1189 1752 1241; x_wconf 92' lang='lat'><strong>6</strong></span> 
     </span>
    </p>
   </div>
   <div class='ocr_carea' id='block_1_14' title="bbox 168 1278 1749 1351">
    <p class='ocr_par' dir='ltr' id='par_1_14' title="bbox 168 1278 1749 1351">
     <span class='ocr_line' id='line_1_14' title="bbox 168 1278 1749 1351; baseline 0.003 -20"><span class='ocrx_word' id='word_1_91' title='bbox 168 1281 463 1351; x_wconf 66' lang='grc' dir='ltr'>προφήτης</span> <span class='ocrx_word' id='word_1_92' title='bbox 510 1280 619 1333; x_wconf 83' lang='grc' dir='ltr'><strong>τῶν</strong></span> <span class='ocrx_word' id='word_1_93' title='bbox 665 1278 760 1332; x_wconf 92' lang='grc' dir='ltr'><strong>τοῦ</strong></span> <span class='ocrx_word' id='word_1_94' title='bbox 808 1279 1038 1333; x_wconf 78' lang='grc' dir='ltr'><strong>ὑπάτου</strong></span> <span class='ocrx_word' id='word_1_95' title='bbox 1087 1278 1276 1351; x_wconf 85' lang='grc' dir='ltr'><strong>θηρίου</strong></span> <span class='ocrx_word' id='word_1_96' title='bbox 1327 1281 1573 1351; x_wconf 81' lang='grc' dir='ltr'>κεράτων</span> <span class='ocrx_word' id='word_1_97' title='bbox 1618 1282 1749 1335; x_wconf 84' lang='grc' dir='ltr'>δέκα</span> 
     </span>
    </p>
   </div>
   <div class='ocr_carea' id='block_1_15' title="bbox 166 1367 1752 1440">
    <p class='ocr_par' dir='ltr' id='par_1_15' title="bbox 166 1367 1752 1440">
     <span class='ocr_line' id='line_1_15' title="bbox 166 1367 1752 1440; baseline -0.001 -18"><span class='ocrx_word' id='word_1_98' title='bbox 166 1368 432 1440; x_wconf 78' lang='grc' dir='ltr'>διαίρεσιν</span> <span class='ocrx_word' id='word_1_99' title='bbox 455 1369 620 1440; x_wconf 78' lang='grc' dir='ltr'>ἐώρα,</span> <span class='ocrx_word' id='word_1_100' title='bbox 655 1369 747 1422; x_wconf 76' lang='grc' dir='ltr'><strong>καὶ</strong></span> <span class='ocrx_word' id='word_1_101' title='bbox 776 1369 902 1440; x_wconf 88' lang='grc' dir='ltr'>τρία</span> <span class='ocrx_word' id='word_1_102' title='bbox 951 1368 1156 1440; x_wconf 83' lang='grc' dir='ltr'>κέρατα</span> <span class='ocrx_word' id='word_1_103' title='bbox 1195 1369 1285 1438; x_wconf 73' lang='grc' dir='ltr'><strong>ὑφ’</strong></span> <span class='ocrx_word' id='word_1_104' title='bbox 1318 1367 1435 1432; x_wconf 83' lang='grc' dir='ltr'>ὲνδς</span> <span class='ocrx_word' id='word_1_105' title='bbox 1475 1368 1752 1436; x_wconf 79' lang='grc' dir='ltr'>συντριϐό-</span> 
     </span>
    </p>
   </div>
   <div class='ocr_carea' id='block_1_16' title="bbox 117 1458 1752 1532">
    <p class='ocr_par' dir='ltr' id='par_1_16' title="bbox 117 1458 1752 1532">
     <span class='ocr_line' id='line_1_16' title="bbox 117 1458 1752 1532; baseline -0.001 -18"><span class='ocrx_word' id='word_1_106' title='bbox 117 1474 131 1483; x_wconf 82' lang='grc'>⁶</span> <span class='ocrx_word' id='word_1_107' title='bbox 171 1477 340 1532; x_wconf 62' lang='lat' dir='ltr'><strong>paver</strong></span> <span class='ocrx_word' id='word_1_108' title='bbox 382 1461 531 1514; x_wconf 83' lang='grc' dir='ltr'><strong>καὶὸ</strong></span> <span class='ocrx_word' id='word_1_109' title='bbox 560 1459 811 1530; x_wconf 77' lang='grc' dir='ltr'>βασιλεὺς</span> <span class='ocrx_word' id='word_1_110' title='bbox 853 1459 1112 1523; x_wconf 77' lang='grc' dir='ltr'><strong>ὡσαύτως</strong></span> <span class='ocrx_word' id='word_1_111' title='bbox 1142 1460 1235 1513; x_wconf 78' lang='grc' dir='ltr'><strong>ἐπὶ</strong></span> <span class='ocrx_word' id='word_1_112' title='bbox 1276 1458 1383 1512; x_wconf 85' lang='grc' dir='ltr'><strong>τῶν</strong></span> <span class='ocrx_word' id='word_1_113' title='bbox 1428 1459 1752 1513; x_wconf 81' lang='grc' dir='ltr'>τελευταίων</span> 
     </span>
    </p>
   </div>
   <div class='ocr_carea' id='block_1_17' title="bbox 166 1545 1753 1620">
    <p class='ocr_par' dir='ltr' id='par_1_17' title="bbox 166 1545 1753 1620">
     <span class='ocr_line' id='line_1_17' title="bbox 166 1545 1753 1620; baseline -0.001 -17"><span class='ocrx_word' id='word_1_114' title='bbox 166 1550 275 1620; x_wconf 83' lang='grc' dir='ltr'>τῆς</span> <span class='ocrx_word' id='word_1_115' title='bbox 305 1550 511 1613; x_wconf 79' lang='grc' dir='ltr'>εἰκόνος</span> <span class='ocrx_word' id='word_1_116' title='bbox 544 1549 707 1620; x_wconf 81' lang='grc' dir='ltr'>μέρος</span> <span class='ocrx_word' id='word_1_117' title='bbox 735 1564 789 1601; x_wconf 90' lang='grc' dir='ltr'><strong>τι</strong></span> <span class='ocrx_word' id='word_1_118' title='bbox 830 1547 1082 1618; x_wconf 78' lang='grc' dir='ltr'>σιδηροῦν</span> <span class='ocrx_word' id='word_1_119' title='bbox 1121 1548 1213 1600; x_wconf 77' lang='grc' dir='ltr'><strong>καὶ</strong></span> <span class='ocrx_word' id='word_1_120' title='bbox 1245 1547 1407 1618; x_wconf 86' lang='grc' dir='ltr'>μέρος</span> <span class='ocrx_word' id='word_1_121' title='bbox 1434 1545 1753 1617; x_wconf 85' lang='grc' dir='ltr'>όστράκινον</span> 
     </span>
    </p>
   </div>
   <div class='ocr_carea' id='block_1_18' title="bbox 167 1637 1750 1713">
    <p class='ocr_par' dir='ltr' id='par_1_18' title="bbox 167 1637 1750 1713">
     <span class='ocr_line' id='line_1_18' title="bbox 167 1637 1750 1713; baseline -0.001 -18"><span class='ocrx_word' id='word_1_122' title='bbox 167 1641 431 1713; x_wconf 74' lang='grc' dir='ltr'>ἐθεώρει·</span> <span class='ocrx_word' id='word_1_123' title='bbox 466 1641 557 1694; x_wconf 74' lang='grc' dir='ltr'><strong>καὶ</strong></span> <span class='ocrx_word' id='word_1_124' title='bbox 586 1641 679 1693; x_wconf 76' lang='grc' dir='ltr'><strong>ἐπὶ</strong></span> <span class='ocrx_word' id='word_1_125' title='bbox 721 1637 948 1703; x_wconf 80' lang='grc' dir='ltr'>τούτοις,</span> <span class='ocrx_word' id='word_1_126' title='bbox 974 1640 1050 1702; x_wconf 85' lang='grc' dir='ltr'>ὡς</span> <span class='ocrx_word' id='word_1_127' title='bbox 1086 1641 1115 1693; x_wconf 87' lang='lat'><strong>6</strong></span> <span class='ocrx_word' id='word_1_128' title='bbox 1156 1640 1444 1710; x_wconf 62' lang='grc' dir='ltr'>προψήτης</span> <span class='ocrx_word' id='word_1_129' title='bbox 1480 1640 1621 1709; x_wconf 79' lang='grc' dir='ltr'>μετὰ</span> <span class='ocrx_word' id='word_1_130' title='bbox 1650 1640 1750 1711; x_wconf 82' lang='grc' dir='ltr'>τὴν</span> 
     </span>
    </p>
   </div>
   <div class='ocr_carea' id='block_1_19' title="bbox 165 1730 1753 1805">
    <p class='ocr_par' dir='ltr' id='par_1_19' title="bbox 165 1730 1753 1805">
     <span class='ocr_line' id='line_1_19' title="bbox 165 1730 1753 1805; baseline -0.003 -17"><span class='ocrx_word' id='word_1_131' title='bbox 165 1733 282 1788; x_wconf 84' lang='grc' dir='ltr'>τῶν</span> <span class='ocrx_word' id='word_1_132' title='bbox 326 1733 605 1805; x_wconf 81' lang='grc' dir='ltr'>τεσσάρων</span> <span class='ocrx_word' id='word_1_133' title='bbox 652 1730 938 1802; x_wconf 82' lang='grc' dir='ltr'>βασιλειῶν</span> <span class='ocrx_word' id='word_1_134' title='bbox 973 1733 1162 1804; x_wconf 83' lang='grc' dir='ltr'>ὅρασιν</span> <span class='ocrx_word' id='word_1_135' title='bbox 1198 1730 1344 1802; x_wconf 81' lang='grc' dir='ltr'>ἐώρα</span> <span class='ocrx_word' id='word_1_136' title='bbox 1383 1730 1498 1783; x_wconf 85' lang='grc' dir='ltr'>υἱὸν</span> <span class='ocrx_word' id='word_1_137' title='bbox 1545 1730 1753 1803; x_wconf 80' lang='grc' dir='ltr'>ἀνθρὼ-</span> 
     </span>
    </p>
   </div>
   <div class='ocr_carea' id='block_1_20' title="bbox 1856 545 3433 617">
    <p class='ocr_par' dir='ltr' id='par_1_20' title="bbox 1856 545 3433 617">
     <span class='ocr_line' id='line_1_20' title="bbox 1856 545 3433 617; baseline 0.004 -17"><span class='ocrx_word' id='word_1_138' title='bbox 1856 548 2172 602; x_wconf 79' lang='lat' dir='ltr'><strong>universum</strong></span> <span class='ocrx_word' id='word_1_139' title='bbox 2242 546 2417 602; x_wconf 83' lang='lat' dir='ltr'><strong>visum</strong></span> <span class='ocrx_word' id='word_1_140' title='bbox 2475 549 2758 617; x_wconf 78' lang='lat' dir='ltr'><strong>explicans</strong></span> <span class='ocrx_word' id='word_1_141' title='bbox 2815 547 2897 602; x_wconf 88' lang='lat' dir='ltr'><strong>sic</strong></span> <span class='ocrx_word' id='word_1_142' title='bbox 2947 547 3071 602; x_wconf 91' lang='lat' dir='ltr'><strong>ait:</strong></span> <span class='ocrx_word' id='word_1_143' title='bbox 3111 566 3130 600; x_wconf 84' lang='grc' dir='ltr'><strong>ι</strong></span> <span class='ocrx_word' id='word_1_144' title='bbox 3165 545 3433 607; x_wconf 75' lang='lat' dir='ltr'><strong>Existimo</strong></span> 
     </span>
    </p>
   </div>
   <div class='ocr_carea' id='block_1_21' title="bbox 1857 636 3434 709">
    <p class='ocr_par' dir='ltr' id='par_1_21' title="bbox 1857 636 3434 709">
     <span class='ocr_line' id='line_1_21' title="bbox 1857 636 3434 709; baseline 0.003 -18"><span class='ocrx_word' id='word_1_145' title='bbox 1857 639 1958 692; x_wconf 88' lang='lat' dir='ltr'><strong>hoc</strong></span> <span class='ocrx_word' id='word_1_146' title='bbox 1983 640 2158 693; x_wconf 83' lang='lat' dir='ltr'><strong>visum</strong></span> <span class='ocrx_word' id='word_1_147' title='bbox 2193 637 2416 692; x_wconf 74' lang='lat' dir='ltr'><strong>minime</strong></span> <span class='ocrx_word' id='word_1_148' title='bbox 2441 636 2661 692; x_wconf 80' lang='lat' dir='ltr'><strong>diﬂ&#39;erre</strong></span> <span class='ocrx_word' id='word_1_149' title='bbox 2709 637 2780 691; x_wconf 89' lang='lat' dir='ltr'><strong>ab</strong></span> <span class='ocrx_word' id='word_1_150' title='bbox 2824 636 3000 707; x_wconf 82' lang='lat' dir='ltr'><strong>ipsius</strong></span> <span class='ocrx_word' id='word_1_151' title='bbox 3040 638 3317 709; x_wconf 64' lang='lat' dir='ltr'><strong>prophetae</strong></span> <span class='ocrx_word' id='word_1_152' title='bbox 3351 638 3434 695; x_wconf 85' lang='lat' dir='ltr'><strong>vi-</strong></span> 
     </span>
    </p>
   </div>
   <div class='ocr_carea' id='block_1_22' title="bbox 1857 728 3435 801">
    <p class='ocr_par' dir='ltr' id='par_1_22' title="bbox 1857 728 3435 801">
     <span class='ocr_line' id='line_1_22' title="bbox 1857 728 3435 801; baseline 0 -13"><span class='ocrx_word' id='word_1_153' title='bbox 1857 733 2027 788; x_wconf 82' lang='lat' dir='ltr'><strong>sione.</strong></span> <span class='ocrx_word' id='word_1_154' title='bbox 2063 728 2217 785; x_wconf 84' lang='lat' dir='ltr'><strong>Sicut</strong></span> <span class='ocrx_word' id='word_1_155' title='bbox 2236 730 2380 783; x_wconf 87' lang='lat' dir='ltr'><strong>enitn</strong></span> <span class='ocrx_word' id='word_1_156' title='bbox 2409 730 2669 800; x_wconf 91' lang='lat' dir='ltr'><strong>propheta</strong></span> <span class='ocrx_word' id='word_1_157' title='bbox 2699 728 2829 783; x_wconf 85' lang='lat' dir='ltr'><strong>vidit</strong></span> <span class='ocrx_word' id='word_1_158' title='bbox 2872 744 3021 786; x_wconf 88' lang='lat' dir='ltr'><strong>mare</strong></span> <span class='ocrx_word' id='word_1_159' title='bbox 3055 746 3331 801; x_wconf 85' lang='lat' dir='ltr'><strong>magnum,</strong></span> <span class='ocrx_word' id='word_1_160' title='bbox 3352 731 3435 788; x_wconf 85' lang='lat' dir='ltr'><strong>sic</strong></span> 
     </span>
    </p>
   </div>
   <div class='ocr_carea' id='block_1_23' title="bbox 1856 822 3433 892">
    <p class='ocr_par' dir='ltr' id='par_1_23' title="bbox 1856 822 3433 892">
     <span class='ocr_line' id='line_1_23' title="bbox 1856 822 3433 892; baseline 0.002 -16"><span class='ocrx_word' id='word_1_161' title='bbox 1856 838 1948 876; x_wconf 81' lang='lat' dir='ltr'><strong>rex</strong></span> <span class='ocrx_word' id='word_1_162' title='bbox 1981 832 2254 892; x_wconf 77' lang='lat' dir='ltr'><strong>Ingentem</strong></span> <span class='ocrx_word' id='word_1_163' title='bbox 2289 829 2549 877; x_wconf 86' lang='lat' dir='ltr'><strong>statuam.</strong></span> <span class='ocrx_word' id='word_1_164' title='bbox 2578 822 2901 891; x_wconf 74' lang='lat' dir='ltr'><strong>Rurquue</strong></span> <span class='ocrx_word' id='word_1_165' title='bbox 2929 832 2986 875; x_wconf 92' lang='grc' dir='ltr'><strong>ιιι</strong></span> <span class='ocrx_word' id='word_1_166' title='bbox 3010 824 3270 892; x_wconf 82' lang='lat' dir='ltr'><strong>propheta</strong></span> <span class='ocrx_word' id='word_1_167' title='bbox 3298 824 3433 879; x_wconf 88' lang='lat' dir='ltr'><strong>vidit</strong></span> 
     </span>
    </p>
   </div>
   <div class='ocr_carea' id='block_1_24' title="bbox 1857 913 3431 988">
    <p class='ocr_par' dir='ltr' id='par_1_24' title="bbox 1857 913 3431 988">
     <span class='ocr_line' id='line_1_24' title="bbox 1857 913 3431 988; baseline 0.004 -21"><span class='ocrx_word' id='word_1_168' title='bbox 1857 913 2001 969; x_wconf 82' lang='lat' dir='ltr'><strong>feras</strong></span> <span class='ocrx_word' id='word_1_169' title='bbox 2029 924 2288 982; x_wconf 89' lang='lat' dir='ltr'><strong>quatuor,</strong></span> <span class='ocrx_word' id='word_1_170' title='bbox 2342 930 2480 982; x_wconf 85' lang='lat' dir='ltr'><strong>quas</strong></span> <span class='ocrx_word' id='word_1_171' title='bbox 2517 914 2886 985; x_wconf 82' lang='lat' dir='ltr'><strong>interpretans</strong></span> <span class='ocrx_word' id='word_1_172' title='bbox 2914 915 2967 969; x_wconf 93' lang='lat' dir='ltr'><strong>in</strong></span> <span class='ocrx_word' id='word_1_173' title='bbox 3001 925 3238 985; x_wconf 88' lang='lat' dir='ltr'><strong>quatuor</strong></span> <span class='ocrx_word' id='word_1_174' title='bbox 3268 932 3431 988; x_wconf 79' lang='lat' dir='ltr'><strong>regna</strong></span> 
     </span>
    </p>
   </div>
   <div class='ocr_carea' id='block_1_25' title="bbox 1855 1006 3434 1077">
    <p class='ocr_par' dir='ltr' id='par_1_25' title="bbox 1855 1006 3434 1077">
     <span class='ocr_line' id='line_1_25' title="bbox 1855 1006 3434 1077; baseline 0.003 -19"><span class='ocrx_word' id='word_1_175' title='bbox 1855 1006 2122 1059; x_wconf 68' lang='lat' dir='ltr'><strong>comet-tit</strong></span> <span class='ocrx_word' id='word_1_176' title='bbox 2142 1021 2156 1068; x_wconf 92' lang='lat'><strong>;</strong></span> <span class='ocrx_word' id='word_1_177' title='bbox 2176 1006 2246 1057; x_wconf 90' lang='lat' dir='ltr'><strong>ita</strong></span> <span class='ocrx_word' id='word_1_178' title='bbox 2270 1019 2362 1061; x_wconf 74' lang='lat' dir='ltr'><strong>rex</strong></span> <span class='ocrx_word' id='word_1_179' title='bbox 2383 1020 2537 1066; x_wconf 87' lang='lat' dir='ltr'><strong>auro,</strong></span> <span class='ocrx_word' id='word_1_180' title='bbox 2561 1015 2807 1075; x_wconf 88' lang='lat' dir='ltr'><strong>argento,</strong></span> <span class='ocrx_word' id='word_1_181' title='bbox 2826 1020 2934 1060; x_wconf 68' lang='lat' dir='ltr'><strong>aere</strong></span> <span class='ocrx_word' id='word_1_182' title='bbox 2954 1015 3007 1059; x_wconf 86' lang='lat' dir='ltr'><strong>et</strong></span> <span class='ocrx_word' id='word_1_183' title='bbox 3028 1006 3172 1060; x_wconf 78' lang='lat' dir='ltr'><strong>ferro</strong></span> <span class='ocrx_word' id='word_1_184' title='bbox 3197 1017 3434 1077; x_wconf 83' lang='lat' dir='ltr'><strong>quatuor</strong></span> 
     </span>
    </p>
   </div>
   <div class='ocr_carea' id='block_1_26' title="bbox 1855 1096 3433 1168">
    <p class='ocr_par' dir='ltr' id='par_1_26' title="bbox 1855 1096 3433 1168">
     <span class='ocr_line' id='line_1_26' title="bbox 1855 1096 3433 1168; baseline 0.001 -19"><span class='ocrx_word' id='word_1_185' title='bbox 1855 1112 2020 1166; x_wconf 87' lang='lat' dir='ltr'><strong>regna</strong></span> <span class='ocrx_word' id='word_1_186' title='bbox 2082 1097 2444 1166; x_wconf 66' lang='lat' dir='ltr'><strong>signiﬁcabat.</strong></span> <span class='ocrx_word' id='word_1_187' title='bbox 2485 1096 2777 1166; x_wconf 83' lang='lat' dir='ltr'><strong>Denuoque</strong></span> <span class='ocrx_word' id='word_1_188' title='bbox 2811 1105 2870 1150; x_wconf 92' lang='lat' dir='ltr'><strong>ut</strong></span> <span class='ocrx_word' id='word_1_189' title='bbox 2928 1098 3188 1165; x_wconf 86' lang='lat' dir='ltr'><strong>propheta</strong></span> <span class='ocrx_word' id='word_1_190' title='bbox 3244 1102 3297 1150; x_wconf 91' lang='lat' dir='ltr'><strong>in</strong></span> <span class='ocrx_word' id='word_1_191' title='bbox 3334 1112 3433 1168; x_wconf 80' lang='lat' dir='ltr'><strong>po-</strong></span> 
     </span>
    </p>
   </div>
   <div class='ocr_carea' id='block_1_27' title="bbox 1853 1186 3432 1256">
    <p class='ocr_par' dir='ltr' id='par_1_27' title="bbox 1853 1186 3432 1256">
     <span class='ocr_line' id='line_1_27' title="bbox 1853 1186 3432 1256; baseline 0.003 -17"><span class='ocrx_word' id='word_1_192' title='bbox 1853 1194 2055 1241; x_wconf 83' lang='lat' dir='ltr'><strong>strema</strong></span> <span class='ocrx_word' id='word_1_193' title='bbox 2087 1187 2263 1240; x_wconf 77' lang='lat' dir='ltr'><strong>bellua</strong></span> <span class='ocrx_word' id='word_1_194' title='bbox 2292 1201 2498 1241; x_wconf 85' lang='lat' dir='ltr'><strong>cornua</strong></span> <span class='ocrx_word' id='word_1_195' title='bbox 2529 1186 2717 1240; x_wconf 81' lang='lat' dir='ltr'><strong>decem</strong></span> <span class='ocrx_word' id='word_1_196' title='bbox 2747 1186 2918 1246; x_wconf 68' lang='lat' dir='ltr'><strong>divisa</strong></span> <span class='ocrx_word' id='word_1_197' title='bbox 2944 1186 3180 1249; x_wconf 85' lang='lat' dir='ltr'><strong>videbat,</strong></span> <span class='ocrx_word' id='word_1_198' title='bbox 3218 1187 3432 1256; x_wconf 87' lang='lat' dir='ltr'><strong>triaque</strong></span> 
     </span>
    </p>
   </div>
   <div class='ocr_carea' id='block_1_28' title="bbox 1854 1279 3431 1335">
    <p class='ocr_par' dir='ltr' id='par_1_28' title="bbox 1854 1279 3431 1335">
     <span class='ocr_line' id='line_1_28' title="bbox 1854 1279 3431 1335; baseline 0.001 -2"><span class='ocrx_word' id='word_1_199' title='bbox 1854 1293 2057 1333; x_wconf 91' lang='lat' dir='ltr'><strong>cornua</strong></span> <span class='ocrx_word' id='word_1_200' title='bbox 2102 1281 2170 1332; x_wconf 89' lang='lat' dir='ltr'><strong>ab</strong></span> <span class='ocrx_word' id='word_1_201' title='bbox 2228 1294 2338 1333; x_wconf 89' lang='lat' dir='ltr'><strong>uno</strong></span> <span class='ocrx_word' id='word_1_202' title='bbox 2370 1279 2636 1335; x_wconf 81' lang='lat' dir='ltr'><strong>contrita:</strong></span> <span class='ocrx_word' id='word_1_203' title='bbox 2691 1280 2943 1334; x_wconf 70' lang='lat' dir='ltr'><strong>similiter</strong></span> <span class='ocrx_word' id='word_1_204' title='bbox 2988 1294 3080 1334; x_wconf 82' lang='lat' dir='ltr'><strong>rex</strong></span> <span class='ocrx_word' id='word_1_205' title='bbox 3132 1280 3431 1335; x_wconf 7' lang='lat' dir='ltr'><strong>inpstatute</strong></span> 
     </span>
    </p>
   </div>
   <div class='ocr_carea' id='block_1_29' title="bbox 1852 1370 3431 1443">
    <p class='ocr_par' dir='ltr' id='par_1_29' title="bbox 1852 1370 3431 1443">
     <span class='ocr_line' id='line_1_29' title="bbox 1852 1370 3431 1443; baseline 0.003 -19"><span class='ocrx_word' id='word_1_206' title='bbox 1852 1372 2292 1426; x_wconf 80' lang='lat' dir='ltr'><strong>extremitatibus</strong></span> <span class='ocrx_word' id='word_1_207' title='bbox 2362 1383 2570 1442; x_wconf 84' lang='lat' dir='ltr'><strong>partem</strong></span> <span class='ocrx_word' id='word_1_208' title='bbox 2642 1370 2770 1425; x_wconf 81' lang='lat' dir='ltr'><strong>ferri</strong></span> <span class='ocrx_word' id='word_1_209' title='bbox 2833 1370 3050 1425; x_wconf 77' lang='lat' dir='ltr'><strong>videbat</strong></span> <span class='ocrx_word' id='word_1_210' title='bbox 3111 1381 3431 1443; x_wconf 87' lang='lat' dir='ltr'><strong>partemque</strong></span> 
     </span>
    </p>
   </div>
   <div class='ocr_carea' id='block_1_30' title="bbox 1854 1463 3429 1534">
    <p class='ocr_par' dir='ltr' id='par_1_30' title="bbox 1854 1463 3429 1534">
     <span class='ocr_line' id='line_1_30' title="bbox 1854 1463 3429 1534; baseline 0.001 -18"><span class='ocrx_word' id='word_1_211' title='bbox 1854 1471 2025 1518; x_wconf 67' lang='lat' dir='ltr'><strong>testae.</strong></span> <span class='ocrx_word' id='word_1_212' title='bbox 2048 1465 2296 1531; x_wconf 83' lang='lat' dir='ltr'><strong>Insuper,</strong></span> <span class='ocrx_word' id='word_1_213' title='bbox 2319 1472 2378 1516; x_wconf 90' lang='grc' dir='ltr'><strong>ιιι</strong></span> <span class='ocrx_word' id='word_1_214' title='bbox 2412 1463 2672 1532; x_wconf 66' lang='grc' dir='ltr'>ριἰρΙιειει</span> <span class='ocrx_word' id='word_1_215' title='bbox 2708 1470 2830 1533; x_wconf 89' lang='lat' dir='ltr'><strong>post</strong></span> <span class='ocrx_word' id='word_1_216' title='bbox 2869 1471 3104 1533; x_wconf 83' lang='lat' dir='ltr'><strong>quatuor</strong></span> <span class='ocrx_word' id='word_1_217' title='bbox 3139 1478 3429 1534; x_wconf 87' lang='lat' dir='ltr'><strong>regnorum</strong></span> 
     </span>
    </p>
   </div>
   <div class='ocr_carea' id='block_1_31' title="bbox 1850 1552 3430 1623">
    <p class='ocr_par' dir='ltr' id='par_1_31' title="bbox 1850 1552 3430 1623">
     <span class='ocr_line' id='line_1_31' title="bbox 1850 1552 3430 1623; baseline 0.002 -16"><span class='ocrx_word' id='word_1_218' title='bbox 1850 1553 2136 1615; x_wconf 81' lang='lat' dir='ltr'><strong>visionem,</strong></span> <span class='ocrx_word' id='word_1_219' title='bbox 2172 1552 2339 1607; x_wconf 80' lang='lat' dir='ltr'><strong>ﬁlium</strong></span> <span class='ocrx_word' id='word_1_220' title='bbox 2371 1552 2610 1608; x_wconf 84' lang='lat' dir='ltr'><strong>hominis</strong></span> <span class='ocrx_word' id='word_1_221' title='bbox 2642 1553 2852 1622; x_wconf 78' lang='lat' dir='ltr'><strong>aspexit</strong></span> <span class='ocrx_word' id='word_1_222' title='bbox 2876 1569 3090 1609; x_wconf 91' lang='lat' dir='ltr'><strong>smnmo</strong></span> <span class='ocrx_word' id='word_1_223' title='bbox 3118 1554 3343 1623; x_wconf 88' lang='lat' dir='ltr'><strong>imperio</strong></span> <span class='ocrx_word' id='word_1_224' title='bbox 3364 1569 3430 1610; x_wconf 89' lang='lat' dir='ltr'><strong>ac</strong></span> 
     </span>
    </p>
   </div>
   <div class='ocr_carea' id='block_1_32' title="bbox 1852 1643 3431 1721">
    <p class='ocr_par' dir='ltr' id='par_1_32' title="bbox 1852 1643 3431 1721">
     <span class='ocr_line' id='line_1_32' title="bbox 1852 1643 3431 1721; baseline -0.002 -20"><span class='ocrx_word' id='word_1_225' title='bbox 1852 1653 2127 1716; x_wconf 74' lang='lat' dir='ltr'><strong>potestate</strong></span> <span class='ocrx_word' id='word_1_226' title='bbox 2151 1660 2428 1721; x_wconf 83' lang='lat' dir='ltr'><strong>regnoque</strong></span> <span class='ocrx_word' id='word_1_227' title='bbox 2463 1644 2792 1714; x_wconf 88' lang='lat' dir='ltr'><strong>potientem;</strong></span> <span class='ocrx_word' id='word_1_228' title='bbox 2822 1646 2895 1696; x_wconf 90' lang='lat' dir='ltr'><strong>ita</strong></span> <span class='ocrx_word' id='word_1_229' title='bbox 2921 1658 3015 1698; x_wconf 77' lang='lat' dir='ltr'><strong>rex</strong></span> <span class='ocrx_word' id='word_1_230' title='bbox 3046 1643 3273 1713; x_wconf 89' lang='lat' dir='ltr'><strong>lapidem</strong></span> <span class='ocrx_word' id='word_1_231' title='bbox 3308 1659 3431 1698; x_wconf 88' lang='lat' dir='ltr'><strong>cer-</strong></span> 
     </span>
    </p>
   </div>
   <div class='ocr_carea' id='block_1_33' title="bbox 1854 1735 3431 1807">
    <p class='ocr_par' dir='ltr' id='par_1_33' title="bbox 1854 1735 3431 1807">
     <span class='ocr_line' id='line_1_33' title="bbox 1854 1735 3431 1807; baseline -0.001 -16"><span class='ocrx_word' id='word_1_232' title='bbox 1854 1754 1983 1791; x_wconf 86' lang='lat' dir='ltr'><strong>nere</strong></span> <span class='ocrx_word' id='word_1_233' title='bbox 2018 1738 2120 1792; x_wconf 86' lang='lat' dir='ltr'><strong>sibi</strong></span> <span class='ocrx_word' id='word_1_234' title='bbox 2150 1737 2457 1798; x_wconf 83' lang='lat' dir='ltr'><strong>videbatur,</strong></span> <span class='ocrx_word' id='word_1_235' title='bbox 2492 1735 2583 1804; x_wconf 86' lang='lat' dir='ltr'><strong>qui</strong></span> <span class='ocrx_word' id='word_1_236' title='bbox 2629 1736 2939 1789; x_wconf 85' lang='lat' dir='ltr'><strong>universam</strong></span> <span class='ocrx_word' id='word_1_237' title='bbox 2976 1743 3282 1790; x_wconf 86' lang='lat' dir='ltr'><strong>contereret</strong></span> <span class='ocrx_word' id='word_1_238' title='bbox 3317 1744 3431 1807; x_wconf 36' lang='lat' dir='ltr'><strong>sta.-</strong></span> 
     </span>
    </p>
   </div>
   <div class='ocr_carea' id='block_1_34' title="bbox 166 1808 1752 1897">
    <p class='ocr_par' dir='ltr' id='par_1_34' title="bbox 166 1822 1751 1895">
     <span class='ocr_line' id='line_1_34' title="bbox 166 1822 1751 1895; baseline -0.002 -17"><span class='ocrx_word' id='word_1_239' title='bbox 166 1842 278 1878; x_wconf 86' lang='grc' dir='ltr'><strong>που</strong></span> <span class='ocrx_word' id='word_1_240' title='bbox 307 1826 407 1895; x_wconf 86' lang='grc' dir='ltr'>τὴν</span> <span class='ocrx_word' id='word_1_241' title='bbox 435 1823 575 1878; x_wconf 77' lang='grc' dir='ltr'>κατὰ</span> <span class='ocrx_word' id='word_1_242' title='bbox 614 1823 830 1877; x_wconf 80' lang='grc' dir='ltr'>πάντων</span> <span class='ocrx_word' id='word_1_243' title='bbox 860 1824 1032 1894; x_wconf 78' lang='grc' dir='ltr'>ἀρχὴν</span> <span class='ocrx_word' id='word_1_244' title='bbox 1062 1823 1155 1876; x_wconf 79' lang='grc' dir='ltr'><strong>καὶ</strong></span> <span class='ocrx_word' id='word_1_245' title='bbox 1193 1823 1442 1890; x_wconf 77' lang='grc' dir='ltr'>ἐξουσίαν</span> <span class='ocrx_word' id='word_1_246' title='bbox 1470 1824 1563 1877; x_wconf 72' lang='grc' dir='ltr'><strong>καὶ</strong></span> <span class='ocrx_word' id='word_1_247' title='bbox 1595 1822 1751 1894; x_wconf 90' lang='grc' dir='ltr'>βασι-</span> 
     </span>
    </p>
   </div>
   <div class='ocr_carea' id='block_1_35' title="bbox 1854 1808 3427 1897">
    <p class='ocr_par' dir='ltr' id='par_1_35' title="bbox 1856 1827 3427 1897">
     <span class='ocr_line' id='line_1_35' title="bbox 1856 1827 3427 1897; baseline 0.001 -14"><span class='ocrx_word' id='word_1_248' title='bbox 1856 1837 2003 1883; x_wconf 88' lang='lat' dir='ltr'><strong>tuam</strong></span> <span class='ocrx_word' id='word_1_249' title='bbox 2040 1828 2299 1896; x_wconf 80' lang='lat' dir='ltr'><strong>ﬁeretque</strong></span> <span class='ocrx_word' id='word_1_250' title='bbox 2329 1842 2488 1883; x_wconf 89' lang='lat' dir='ltr'><strong>mons</strong></span> <span class='ocrx_word' id='word_1_251' title='bbox 2522 1842 2773 1897; x_wconf 85' lang='lat' dir='ltr'><strong>magnus,</strong></span> <span class='ocrx_word' id='word_1_252' title='bbox 2800 1827 2873 1880; x_wconf 89' lang='lat' dir='ltr'><strong>ita</strong></span> <span class='ocrx_word' id='word_1_253' title='bbox 2904 1835 2963 1882; x_wconf 90' lang='lat' dir='ltr'><strong>ut</strong></span> <span class='ocrx_word' id='word_1_254' title='bbox 2990 1843 3139 1882; x_wconf 89' lang='lat' dir='ltr'><strong>mare</strong></span> <span class='ocrx_word' id='word_1_255' title='bbox 3164 1829 3427 1897; x_wconf 81' lang='lat' dir='ltr'><strong>oppleret.</strong></span> 
     </span>
    </p>
   </div>
   <div class='ocr_carea' id='block_1_36' title="bbox 164 1914 1751 1988">
    <p class='ocr_par' dir='ltr' id='par_1_36' title="bbox 164 1914 1751 1988">
     <span class='ocr_line' id='line_1_36' title="bbox 164 1914 1751 1988; baseline -0.003 -17"><span class='ocrx_word' id='word_1_256' title='bbox 164 1916 327 1971; x_wconf 83' lang='grc' dir='ltr'>λείαν</span> <span class='ocrx_word' id='word_1_257' title='bbox 356 1915 726 1988; x_wconf 60' lang='grc' dir='ltr'>παρειληςότα</span> <span class='ocrx_word' id='word_1_258' title='bbox 746 1932 760 1946; x_wconf 76' lang='grc'><em>’</em></span> <span class='ocrx_word' id='word_1_259' title='bbox 791 1915 963 1979; x_wconf 76' lang='grc' dir='ltr'>οὕτως</span> <span class='ocrx_word' id='word_1_260' title='bbox 1000 1915 1091 1968; x_wconf 77' lang='grc' dir='ltr'>καὶ</span> <span class='ocrx_word' id='word_1_261' title='bbox 1115 1914 1143 1967; x_wconf 87' lang='grc' dir='ltr'>ὁ</span> <span class='ocrx_word' id='word_1_262' title='bbox 1174 1914 1424 1984; x_wconf 86' lang='grc' dir='ltr'>βασιλεὺς</span> <span class='ocrx_word' id='word_1_263' title='bbox 1449 1914 1594 1967; x_wconf 91' lang='grc' dir='ltr'>λίθον</span> <span class='ocrx_word' id='word_1_264' title='bbox 1627 1930 1751 1967; x_wconf 90' lang='grc' dir='ltr'>συν-</span> 
     </span>
    </p>
   </div>
   <div class='ocr_carea' id='block_1_37' title="bbox 161 2008 1752 2085">
    <p class='ocr_par' dir='ltr' id='par_1_37' title="bbox 161 2008 1752 2085">
     <span class='ocr_line' id='line_1_37' title="bbox 161 2008 1752 2085; baseline -0.004 -18"><span class='ocrx_word' id='word_1_265' title='bbox 161 2013 429 2085; x_wconf 71' lang='grc' dir='ltr'>τιίόοντα</span> <span class='ocrx_word' id='word_1_266' title='bbox 461 2014 559 2085; x_wconf 78' lang='grc' dir='ltr'><strong>τὴν</strong></span> <span class='ocrx_word' id='word_1_267' title='bbox 590 2014 774 2067; x_wconf 81' lang='grc' dir='ltr'>εἰκόνα</span> <span class='ocrx_word' id='word_1_268' title='bbox 821 2013 1003 2065; x_wconf 79' lang='grc' dir='ltr'>πᾶσαν</span> <span class='ocrx_word' id='word_1_269' title='bbox 1046 2011 1139 2063; x_wconf 78' lang='grc' dir='ltr'><strong>καὶ</strong></span> <span class='ocrx_word' id='word_1_270' title='bbox 1180 2010 1469 2080; x_wconf 80' lang='grc' dir='ltr'>γινομένην</span> <span class='ocrx_word' id='word_1_271' title='bbox 1498 2010 1578 2069; x_wconf 74' lang='grc' dir='ltr'><strong>εἰς</strong></span> <span class='ocrx_word' id='word_1_272' title='bbox 1625 2008 1752 2080; x_wconf 76' lang='grc' dir='ltr'>ὅρος</span> 
     </span>
    </p>
   </div>
   <div class='ocr_carea' id='block_1_38' title="bbox 166 2097 1738 2176">
    <p class='ocr_par' dir='ltr' id='par_1_38' title="bbox 166 2097 1738 2176">
     <span class='ocr_line' id='line_1_38' title="bbox 166 2097 1738 2176; baseline -0.004 -17"><span class='ocrx_word' id='word_1_273' title='bbox 166 2104 320 2175; x_wconf 80' lang='grc' dir='ltr'>μέγα</span> <span class='ocrx_word' id='word_1_274' title='bbox 359 2106 454 2159; x_wconf 76' lang='grc' dir='ltr'><strong>καὶ</strong></span> <span class='ocrx_word' id='word_1_275' title='bbox 494 2099 1034 2176; x_wconf 81' lang='grc' dir='ltr'>πληροῦν-θάλασσαν</span> <span class='ocrx_word' id='word_1_276' title='bbox 1078 2100 1253 2155; x_wconf 79' lang='grc' dir='ltr'>ἐδόκει</span> <span class='ocrx_word' id='word_1_277' title='bbox 1283 2102 1446 2172; x_wconf 81' lang='grc' dir='ltr'>ὁρᾷν·</span> <span class='ocrx_word' id='word_1_278' title='bbox 1478 2100 1571 2154; x_wconf 72' lang='grc' dir='ltr'>καῖ</span> <span class='ocrx_word' id='word_1_279' title='bbox 1610 2097 1738 2152; x_wconf 71' lang='grc' dir='ltr'>εικόο</span> 
     </span>
    </p>
   </div>
   <div class='ocr_carea' id='block_1_39' title="bbox 160 2188 1750 2265">
    <p class='ocr_par' dir='ltr' id='par_1_39' title="bbox 160 2188 1750 2265">
     <span class='ocr_line' id='line_1_39' title="bbox 160 2188 1750 2265; baseline -0.003 -19"><span class='ocrx_word' id='word_1_280' title='bbox 160 2209 307 2257; x_wconf 75' lang='grc' dir='ltr'>τωςο</span> <span class='ocrx_word' id='word_1_281' title='bbox 343 2192 546 2264; x_wconf 76' lang='grc' dir='ltr'>ἔπρεπε</span> <span class='ocrx_word' id='word_1_282' title='bbox 580 2192 690 2265; x_wconf 79' lang='grc' dir='ltr'><strong>γὰρ</strong></span> <span class='ocrx_word' id='word_1_283' title='bbox 734 2192 812 2263; x_wconf 78' lang='grc' dir='ltr'><strong>τῷ</strong></span> <span class='ocrx_word' id='word_1_284' title='bbox 850 2192 947 2263; x_wconf 83' lang='grc' dir='ltr'>μὲν</span> <span class='ocrx_word' id='word_1_285' title='bbox 987 2190 1325 2262; x_wconf 78' lang='grc' dir='ltr'>ἡπατημένῳ</span> <span class='ocrx_word' id='word_1_286' title='bbox 1367 2189 1496 2261; x_wconf 81' lang='grc' dir='ltr'>περῖ</span> <span class='ocrx_word' id='word_1_287' title='bbox 1533 2190 1631 2261; x_wconf 81' lang='grc' dir='ltr'>τὴν</span> <span class='ocrx_word' id='word_1_288' title='bbox 1655 2188 1750 2243; x_wconf 86' lang='grc' dir='ltr'><strong>τοῦ</strong></span> 
     </span>
    </p>
   </div>
   <div class='ocr_carea' id='block_1_40' title="bbox 164 2268 1751 2351">
    <p class='ocr_par' dir='ltr' id='par_1_40' title="bbox 164 2268 1751 2351">
     <span class='ocr_line' id='line_1_40' title="bbox 164 2268 1751 2351; baseline -0.001 -17"><span class='ocrx_word' id='word_1_289' title='bbox 164 2278 290 2351; x_wconf 78' lang='grc' dir='ltr'>βίου</span> <span class='ocrx_word' id='word_1_290' title='bbox 329 2280 625 2345; x_wconf 76' lang='grc' dir='ltr'>φαντασίαν</span> <span class='ocrx_word' id='word_1_291' title='bbox 658 2280 885 2349; x_wconf 85' lang='grc' dir='ltr'>βασιλεῖ,</span> <span class='ocrx_word' id='word_1_292' title='bbox 921 2280 1016 2333; x_wconf 76' lang='grc' dir='ltr'><strong>καὶ</strong></span> <span class='ocrx_word' id='word_1_293' title='bbox 1068 2278 1164 2350; x_wconf 80' lang='grc' dir='ltr'>τὴν</span> <span class='ocrx_word' id='word_1_294' title='bbox 1199 2268 1307 2333; x_wconf 81' lang='grc' dir='ltr'>τῶν</span> <span class='ocrx_word' id='word_1_295' title='bbox 1351 2279 1622 2350; x_wconf 73' lang='grc' dir='ltr'>αἰσθητῶν</span> <span class='ocrx_word' id='word_1_296' title='bbox 1664 2274 1751 2333; x_wconf 76' lang='grc' dir='ltr'>οἷα</span> 
     </span>
    </p>
   </div>
   <div class='ocr_carea' id='block_1_41' title="bbox 161 2369 1753 2445">
    <p class='ocr_par' dir='ltr' id='par_1_41' title="bbox 161 2369 1753 2445">
     <span class='ocr_line' id='line_1_41' title="bbox 161 2369 1753 2445; baseline -0.003 -18"><span class='ocrx_word' id='word_1_297' title='bbox 161 2373 478 2445; x_wconf 82' lang='grc' dir='ltr'>χρωμάτων</span> <span class='ocrx_word' id='word_1_298' title='bbox 504 2372 829 2444; x_wconf 84' lang='grc' dir='ltr'>ὡραιότητα.</span> <span class='ocrx_word' id='word_1_299' title='bbox 864 2370 1175 2442; x_wconf 70' lang='grc' dir='ltr'>ἐπιγραφῆς</span> <span class='ocrx_word' id='word_1_300' title='bbox 1222 2370 1585 2441; x_wconf 77' lang='grc' dir='ltr'>ἀνακειμένης</span> <span class='ocrx_word' id='word_1_301' title='bbox 1623 2369 1753 2424; x_wconf 87' lang='grc' dir='ltr'>θαυ-</span> 
     </span>
    </p>
   </div>
   <div class='ocr_carea' id='block_1_42' title="bbox 167 2460 1763 2536">
    <p class='ocr_par' dir='ltr' id='par_1_42' title="bbox 167 2460 1763 2536">
     <span class='ocr_line' id='line_1_42' title="bbox 167 2460 1763 2536; baseline -0.003 -18"><span class='ocrx_word' id='word_1_302' title='bbox 167 2463 420 2536; x_wconf 76' lang='grc' dir='ltr'>μάζοντι,</span> <span class='ocrx_word' id='word_1_303' title='bbox 453 2463 618 2517; x_wconf 71' lang='grc' dir='ltr'>εικόνι</span> <span class='ocrx_word' id='word_1_304' title='bbox 649 2461 857 2533; x_wconf 82' lang='grc' dir='ltr'><strong>μεγάλῃ</strong></span> <span class='ocrx_word' id='word_1_305' title='bbox 898 2461 990 2515; x_wconf 85' lang='grc' dir='ltr'><strong>τὸν</strong></span> <span class='ocrx_word' id='word_1_306' title='bbox 1024 2461 1236 2515; x_wconf 87' lang='grc' dir='ltr'>πάντων</span> <span class='ocrx_word' id='word_1_307' title='bbox 1265 2460 1565 2531; x_wconf 75' lang='grc' dir='ltr'>ἀνθρώπιον</span> <span class='ocrx_word' id='word_1_308' title='bbox 1596 2462 1763 2514; x_wconf 74' lang='grc' dir='ltr'>ἄπει--</span> 
     </span>
    </p>
   </div>
   <div class='ocr_carea' id='block_1_43' title="bbox 164 2551 1751 2625">
    <p class='ocr_par' dir='ltr' id='par_1_43' title="bbox 164 2551 1751 2625">
     <span class='ocr_line' id='line_1_43' title="bbox 164 2551 1751 2625; baseline -0.003 -15"><span class='ocrx_word' id='word_1_309' title='bbox 164 2555 361 2620; x_wconf 76' lang='grc' dir='ltr'>κάζειν</span> <span class='ocrx_word' id='word_1_310' title='bbox 393 2555 534 2625; x_wconf 85' lang='grc' dir='ltr'>βίον·</span> <span class='ocrx_word' id='word_1_311' title='bbox 566 2555 657 2608; x_wconf 77' lang='grc' dir='ltr'>τὸν</span> <span class='ocrx_word' id='word_1_312' title='bbox 686 2553 741 2606; x_wconf 74' lang='grc' dir='ltr'>δὲ</span> <span class='ocrx_word' id='word_1_313' title='bbox 770 2553 1077 2624; x_wconf 79' lang='grc' dir='ltr'>προφήτην.</span> <span class='ocrx_word' id='word_1_314' title='bbox 1120 2553 1210 2605; x_wconf 72' lang='grc' dir='ltr'><strong>τὸν</strong></span> <span class='ocrx_word' id='word_1_315' title='bbox 1241 2551 1405 2605; x_wconf 85' lang='grc' dir='ltr'>πολὺν</span> <span class='ocrx_word' id='word_1_316' title='bbox 1443 2552 1536 2605; x_wconf 75' lang='grc' dir='ltr'>καὶ</span> <span class='ocrx_word' id='word_1_317' title='bbox 1580 2552 1751 2623; x_wconf 89' lang='grc' dir='ltr'>μέγαν</span> 
     </span>
    </p>
   </div>
   <div class='ocr_carea' id='block_1_44' title="bbox 164 2646 1753 2720">
    <p class='ocr_par' dir='ltr' id='par_1_44' title="bbox 164 2646 1753 2720">
     <span class='ocr_line' id='line_1_44' title="bbox 164 2646 1753 2720; baseline -0.004 -14"><span class='ocrx_word' id='word_1_318' title='bbox 164 2650 335 2708; x_wconf 82' lang='grc' dir='ltr'>σάλον</span> <span class='ocrx_word' id='word_1_319' title='bbox 387 2647 480 2703; x_wconf 85' lang='grc' dir='ltr'><strong>τοῦ</strong></span> <span class='ocrx_word' id='word_1_320' title='bbox 524 2648 640 2718; x_wconf 84' lang='grc' dir='ltr'>βίου</span> <span class='ocrx_word' id='word_1_321' title='bbox 682 2647 892 2720; x_wconf 78' lang='grc' dir='ltr'>μεγάλῃ</span> <span class='ocrx_word' id='word_1_322' title='bbox 936 2646 1185 2718; x_wconf 78' lang='grc' dir='ltr'>θαλάσσῃ</span> <span class='ocrx_word' id='word_1_323' title='bbox 1212 2646 1612 2718; x_wconf 55' lang='grc' dir='ltr'>παραϐάλλειν</span> <span class='ocrx_word' id='word_1_324' title='bbox 1659 2646 1753 2699; x_wconf 70' lang='grc' dir='ltr'><strong>καὶ</strong></span> 
     </span>
    </p>
   </div>
   <div class='ocr_carea' id='block_1_45' title="bbox 160 2737 1753 2812">
    <p class='ocr_par' dir='ltr' id='par_1_45' title="bbox 160 2737 1753 2812">
     <span class='ocr_line' id='line_1_45' title="bbox 160 2737 1753 2812; baseline -0.002 -18"><span class='ocrx_word' id='word_1_325' title='bbox 160 2740 248 2812; x_wconf 80' lang='grc' dir='ltr'>τῷ</span> <span class='ocrx_word' id='word_1_326' title='bbox 276 2741 375 2812; x_wconf 79' lang='grc' dir='ltr'><strong>μὲν</strong></span> <span class='ocrx_word' id='word_1_327' title='bbox 407 2740 635 2810; x_wconf 80' lang='grc' dir='ltr'>βασιλεῖ.</span> <span class='ocrx_word' id='word_1_328' title='bbox 661 2738 759 2802; x_wconf 73' lang='grc' dir='ltr'><strong>τάς</strong></span> <span class='ocrx_word' id='word_1_329' title='bbox 789 2738 939 2811; x_wconf 86' lang='grc' dir='ltr'>παρά</span> <span class='ocrx_word' id='word_1_330' title='bbox 955 2737 1258 2809; x_wconf 79' lang='grc' dir='ltr'>ἀνθρώποις</span> <span class='ocrx_word' id='word_1_331' title='bbox 1287 2738 1593 2802; x_wconf 77' lang='grc' dir='ltr'>πολυτελεῖς</span> <span class='ocrx_word' id='word_1_332' title='bbox 1622 2737 1753 2803; x_wconf 79' lang='grc' dir='ltr'>ὕλας</span> 
     </span>
    </p>
   </div>
   <div class='ocr_carea' id='block_1_46' title="bbox 161 2827 1752 2903">
    <p class='ocr_par' dir='ltr' id='par_1_46' title="bbox 161 2827 1752 2903">
     <span class='ocr_line' id='line_1_46' title="bbox 161 2827 1752 2903; baseline 0 -21"><span class='ocrx_word' id='word_1_333' title='bbox 161 2831 376 2903; x_wconf 78' lang='grc' dir='ltr'>χρυσοῦ</span> <span class='ocrx_word' id='word_1_334' title='bbox 418 2831 509 2883; x_wconf 73' lang='grc' dir='ltr'><strong>καὶ</strong></span> <span class='ocrx_word' id='word_1_335' title='bbox 540 2829 779 2902; x_wconf 85' lang='grc' dir='ltr'>ἀργύρου</span> <span class='ocrx_word' id='word_1_336' title='bbox 817 2827 1020 2899; x_wconf 89' lang='grc' dir='ltr'>χαλκοῦ</span> <span class='ocrx_word' id='word_1_337' title='bbox 1048 2845 1107 2881; x_wconf 89' lang='grc' dir='ltr'><strong>τε</strong></span> <span class='ocrx_word' id='word_1_338' title='bbox 1138 2828 1234 2881; x_wconf 75' lang='grc' dir='ltr'><strong>καὶ</strong></span> <span class='ocrx_word' id='word_1_339' title='bbox 1277 2829 1496 2899; x_wconf 83' lang='grc' dir='ltr'>σιδήρου</span> <span class='ocrx_word' id='word_1_340' title='bbox 1540 2827 1752 2898; x_wconf 84' lang='grc' dir='ltr'>θαυμά-</span> 
     </span>
    </p>
   </div>
   <div class='ocr_carea' id='block_1_47' title="bbox 163 2918 1752 2993">
    <p class='ocr_par' dir='ltr' id='par_1_47' title="bbox 163 2918 1752 2993">
     <span class='ocr_line' id='line_1_47' title="bbox 163 2918 1752 2993; baseline -0.002 -17"><span class='ocrx_word' id='word_1_341' title='bbox 163 2923 342 2989; x_wconf 81' lang='grc' dir='ltr'>ζοντι,</span> <span class='ocrx_word' id='word_1_342' title='bbox 369 2924 466 2987; x_wconf 76' lang='grc' dir='ltr'>τὰς</span> <span class='ocrx_word' id='word_1_343' title='bbox 507 2922 647 2976; x_wconf 82' lang='grc' dir='ltr'>κατά</span> <span class='ocrx_word' id='word_1_344' title='bbox 676 2922 900 2993; x_wconf 86' lang='grc' dir='ltr'>χρόνους</span> <span class='ocrx_word' id='word_1_345' title='bbox 943 2922 998 2973; x_wconf 98' lang='lat' dir='ltr'><strong>tv</strong></span> <span class='ocrx_word' id='word_1_346' title='bbox 1040 2920 1117 2991; x_wconf 82' lang='grc' dir='ltr'>τῷ</span> <span class='ocrx_word' id='word_1_347' title='bbox 1166 2919 1264 2992; x_wconf 85' lang='grc' dir='ltr'><strong>βίῳ</strong></span> <span class='ocrx_word' id='word_1_348' title='bbox 1311 2920 1417 2973; x_wconf 83' lang='grc' dir='ltr'><strong>τῶν</strong></span> <span class='ocrx_word' id='word_1_349' title='bbox 1454 2918 1752 2993; x_wconf 81' lang='grc' dir='ltr'>ἀνθρώπων</span> 
     </span>
    </p>
   </div>
   <div class='ocr_carea' id='block_1_48' title="bbox 163 3010 1766 3088">
    <p class='ocr_par' dir='ltr' id='par_1_48' title="bbox 163 3010 1766 3088">
     <span class='ocr_line' id='line_1_48' title="bbox 163 3010 1766 3088; baseline -0.004 -18"><span class='ocrx_word' id='word_1_350' title='bbox 163 3018 486 3088; x_wconf 74' lang='grc' dir='ltr'>ἑπικρατεῖς</span> <span class='ocrx_word' id='word_1_351' title='bbox 519 3012 815 3085; x_wconf 77' lang='grc' dir='ltr'>βασιλείας,</span> <span class='ocrx_word' id='word_1_352' title='bbox 839 3012 1061 3075; x_wconf 81' lang='grc' dir='ltr'>ταύταις</span> <span class='ocrx_word' id='word_1_353' title='bbox 1097 3011 1389 3083; x_wconf 69' lang='grc' dir='ltr'>άξρομοιοῦν</span> <span class='ocrx_word' id='word_1_354' title='bbox 1416 3013 1534 3075; x_wconf 84' lang='grc' dir='ltr'>ταῖς</span> <span class='ocrx_word' id='word_1_355' title='bbox 1561 3010 1713 3075; x_wconf 71' lang='grc' dir='ltr'>ὕλαις</span> <span class='ocrx_word' id='word_1_356' title='bbox 1737 3027 1766 3042; x_wconf 64' lang='grc' dir='ltr'><strong>τ</strong></span> 
     </span>
    </p>
   </div>
   <div class='ocr_carea' id='block_1_49' title="bbox 160 3102 1753 3179">
    <p class='ocr_par' dir='ltr' id='par_1_49' title="bbox 160 3102 1753 3179">
     <span class='ocr_line' id='line_1_49' title="bbox 160 3102 1753 3179; baseline -0.003 -19"><span class='ocrx_word' id='word_1_357' title='bbox 160 3106 249 3178; x_wconf 83' lang='grc' dir='ltr'>τῷ</span> <span class='ocrx_word' id='word_1_358' title='bbox 267 3107 326 3160; x_wconf 77' lang='grc' dir='ltr'>δὲ</span> <span class='ocrx_word' id='word_1_359' title='bbox 356 3108 607 3179; x_wconf 79' lang='grc' dir='ltr'>προφήτῃ</span> <span class='ocrx_word' id='word_1_360' title='bbox 651 3107 708 3158; x_wconf 90' lang='lat' dir='ltr'><strong>tv</strong></span> <span class='ocrx_word' id='word_1_361' title='bbox 755 3107 989 3177; x_wconf 76' lang='grc' dir='ltr'>μορφαῖς</span> <span class='ocrx_word' id='word_1_362' title='bbox 1020 3102 1224 3174; x_wconf 85' lang='grc' dir='ltr'>θηρίων</span> <span class='ocrx_word' id='word_1_363' title='bbox 1254 3102 1353 3167; x_wconf 80' lang='grc' dir='ltr'><strong>τὰς</strong></span> <span class='ocrx_word' id='word_1_364' title='bbox 1395 3102 1565 3167; x_wconf 79' lang='grc' dir='ltr'>αὑτὰς</span> <span class='ocrx_word' id='word_1_365' title='bbox 1596 3103 1753 3172; x_wconf 84' lang='grc' dir='ltr'>βασι-</span> 
     </span>
    </p>
   </div>
   <div class='ocr_carea' id='block_1_50' title="bbox 161 3196 1746 3270">
    <p class='ocr_par' dir='ltr' id='par_1_50' title="bbox 161 3196 1746 3270">
     <span class='ocr_line' id='line_1_50' title="bbox 161 3196 1746 3270; baseline -0.003 -16"><span class='ocrx_word' id='word_1_366' title='bbox 161 3200 323 3264; x_wconf 80' lang='grc' dir='ltr'>λείας</span> <span class='ocrx_word' id='word_1_367' title='bbox 342 3199 686 3270; x_wconf 84' lang='grc' dir='ltr'>καταλλήλως</span> <span class='ocrx_word' id='word_1_368' title='bbox 708 3198 786 3269; x_wconf 81' lang='grc' dir='ltr'>τῷ</span> <span class='ocrx_word' id='word_1_369' title='bbox 801 3198 899 3268; x_wconf 79' lang='grc' dir='ltr'>τῆς</span> <span class='ocrx_word' id='word_1_370' title='bbox 924 3197 1099 3270; x_wconf 80' lang='grc' dir='ltr'>ἀρχῆς</span> <span class='ocrx_word' id='word_1_371' title='bbox 1122 3197 1306 3268; x_wconf 81' lang='grc' dir='ltr'>τρόπῳ</span> <span class='ocrx_word' id='word_1_372' title='bbox 1321 3196 1713 3268; x_wconf 77' lang='grc' dir='ltr'>διαγράφεσθαι</span> <span class='ocrx_word' id='word_1_373' title='bbox 1733 3214 1746 3224; x_wconf 92' lang='grc'>·</span> 
     </span>
    </p>
   </div>
   <div class='ocr_carea' id='block_1_51' title="bbox 163 3288 1751 3362">
    <p class='ocr_par' dir='ltr' id='par_1_51' title="bbox 163 3288 1751 3362">
     <span class='ocr_line' id='line_1_51' title="bbox 163 3288 1751 3362; baseline -0.003 -16"><span class='ocrx_word' id='word_1_374' title='bbox 163 3293 266 3346; x_wconf 72' lang='grc' dir='ltr'>καὶ</span> <span class='ocrx_word' id='word_1_375' title='bbox 300 3292 459 3345; x_wconf 83' lang='grc' dir='ltr'>πάλιν</span> <span class='ocrx_word' id='word_1_376' title='bbox 484 3290 560 3361; x_wconf 83' lang='grc' dir='ltr'><strong>τῷ</strong></span> <span class='ocrx_word' id='word_1_377' title='bbox 592 3291 690 3362; x_wconf 86' lang='grc' dir='ltr'>μὲν</span> <span class='ocrx_word' id='word_1_378' title='bbox 725 3290 933 3362; x_wconf 86' lang='grc' dir='ltr'>βασιλεῖ</span> <span class='ocrx_word' id='word_1_379' title='bbox 962 3290 1124 3360; x_wconf 75' lang='grc' dir='ltr'>μέγα,</span> <span class='ocrx_word' id='word_1_380' title='bbox 1158 3291 1233 3350; x_wconf 85' lang='grc' dir='ltr'>ὡς</span> <span class='ocrx_word' id='word_1_381' title='bbox 1267 3289 1430 3353; x_wconf 72' lang='grc' dir='ltr'>εἰκὸς,</span> <span class='ocrx_word' id='word_1_382' title='bbox 1460 3290 1544 3358; x_wconf 75' lang='grc' dir='ltr'><strong>ἐφ’</strong></span> <span class='ocrx_word' id='word_1_383' title='bbox 1574 3288 1751 3359; x_wconf 81' lang='grc' dir='ltr'>ἑαυτῷ</span> 
     </span>
    </p>
   </div>
   <div class='ocr_carea' id='block_1_52' title="bbox 165 3380 1752 3457">
    <p class='ocr_par' dir='ltr' id='par_1_52' title="bbox 165 3380 1752 3457">
     <span class='ocr_line' id='line_1_52' title="bbox 165 3380 1752 3457; baseline -0.004 -20"><span class='ocrx_word' id='word_1_384' title='bbox 165 3383 481 3457; x_wconf 75' lang='grc' dir='ltr'>φρονοῦντι,</span> <span class='ocrx_word' id='word_1_385' title='bbox 524 3385 618 3438; x_wconf 82' lang='grc' dir='ltr'><strong>καί</strong></span> <span class='ocrx_word' id='word_1_386' title='bbox 638 3382 1080 3452; x_wconf 80' lang='grc' dir='ltr'>άλαζονευομένῳ</span> <span class='ocrx_word' id='word_1_387' title='bbox 1121 3382 1213 3434; x_wconf 74' lang='grc' dir='ltr'><strong>ἐπὶ</strong></span> <span class='ocrx_word' id='word_1_388' title='bbox 1242 3385 1308 3453; x_wconf 79' lang='grc' dir='ltr'>τῇ</span> <span class='ocrx_word' id='word_1_389' title='bbox 1337 3381 1445 3434; x_wconf 83' lang='grc' dir='ltr'><strong>τῶν</strong></span> <span class='ocrx_word' id='word_1_390' title='bbox 1474 3380 1752 3452; x_wconf 85' lang='grc' dir='ltr'>προγόνων</span> 
     </span>
    </p>
   </div>
   <div class='ocr_carea' id='block_1_53' title="bbox 166 3472 1753 3549">
    <p class='ocr_par' dir='ltr' id='par_1_53' title="bbox 166 3472 1753 3549">
     <span class='ocr_line' id='line_1_53' title="bbox 166 3472 1753 3549; baseline -0.004 -18"><span class='ocrx_word' id='word_1_391' title='bbox 166 3478 499 3549; x_wconf 47' lang='grc' dir='ltr'>βασιλείδαή</span> <span class='ocrx_word' id='word_1_392' title='bbox 530 3477 639 3530; x_wconf 72' lang='grc' dir='ltr'><strong>τῶν</strong></span> <span class='ocrx_word' id='word_1_393' title='bbox 670 3477 1008 3547; x_wconf 84' lang='grc' dir='ltr'>πραγμάτων</span> <span class='ocrx_word' id='word_1_394' title='bbox 1040 3474 1306 3545; x_wconf 79' lang='grc' dir='ltr'>μεταϐολὴ</span> <span class='ocrx_word' id='word_1_395' title='bbox 1336 3473 1627 3535; x_wconf 80' lang='grc' dir='ltr'>δείκνυται,</span> <span class='ocrx_word' id='word_1_396' title='bbox 1658 3472 1753 3526; x_wconf 73' lang='grc' dir='ltr'>καὶ</span> 
     </span>
    </p>
   </div>
   <div class='ocr_carea' id='block_1_54' title="bbox 161 3564 1756 3641">
    <p class='ocr_par' dir='ltr' id='par_1_54' title="bbox 161 3564 1756 3641">
     <span class='ocr_line' id='line_1_54' title="bbox 161 3564 1756 3641; baseline -0.004 -17"><span class='ocrx_word' id='word_1_397' title='bbox 161 3570 279 3624; x_wconf 80' lang='grc' dir='ltr'>τῶν</span> <span class='ocrx_word' id='word_1_398' title='bbox 307 3570 400 3623; x_wconf 73' lang='grc' dir='ltr'>ἐπὶ</span> <span class='ocrx_word' id='word_1_399' title='bbox 432 3570 536 3641; x_wconf 83' lang='grc' dir='ltr'>γῆς</span> <span class='ocrx_word' id='word_1_400' title='bbox 567 3569 852 3640; x_wconf 85' lang='grc' dir='ltr'>βασιλειῶν</span> <span class='ocrx_word' id='word_1_401' title='bbox 879 3569 939 3622; x_wconf 84' lang='grc' dir='ltr'><strong>τὸ</strong></span> <span class='ocrx_word' id='word_1_402' title='bbox 967 3567 1117 3630; x_wconf 81' lang='grc' dir='ltr'>τέλος</span> <span class='ocrx_word' id='word_1_403' title='bbox 1139 3584 1151 3596; x_wconf 90' lang='grc'>·</span> <span class='ocrx_word' id='word_1_404' title='bbox 1195 3569 1276 3630; x_wconf 69' lang='grc' dir='ltr'><strong>είς</strong></span> <span class='ocrx_word' id='word_1_405' title='bbox 1316 3565 1631 3637; x_wconf 86' lang='grc' dir='ltr'>καθαίρεσιν</span> <span class='ocrx_word' id='word_1_406' title='bbox 1656 3564 1756 3619; x_wconf 89' lang='grc' dir='ltr'><strong>τοῦ</strong></span> 
     </span>
    </p>
   </div>
   <div class='ocr_carea' id='block_1_55' title="bbox 163 3654 1754 3731">
    <p class='ocr_par' dir='ltr' id='par_1_55' title="bbox 163 3654 1754 3731">
     <span class='ocr_line' id='line_1_55' title="bbox 163 3654 1754 3731; baseline -0.004 -16"><span class='ocrx_word' id='word_1_407' title='bbox 163 3662 230 3716; x_wconf 79' lang='lat' dir='ltr'><strong>tv</strong></span> <span class='ocrx_word' id='word_1_408' title='bbox 256 3660 408 3731; x_wconf 82' lang='grc' dir='ltr'>αὑτῷ</span> <span class='ocrx_word' id='word_1_409' title='bbox 425 3660 615 3729; x_wconf 76' lang='grc' dir='ltr'>τύφου,</span> <span class='ocrx_word' id='word_1_410' title='bbox 646 3662 740 3715; x_wconf 77' lang='grc' dir='ltr'><strong>καὶ</strong></span> <span class='ocrx_word' id='word_1_411' title='bbox 777 3662 857 3724; x_wconf 82' lang='grc' dir='ltr'><strong>εις</strong></span> <span class='ocrx_word' id='word_1_412' title='bbox 882 3659 944 3712; x_wconf 76' lang='grc' dir='ltr'>τὸ</span> <span class='ocrx_word' id='word_1_413' title='bbox 973 3658 1137 3730; x_wconf 82' lang='grc' dir='ltr'>μηδὲν</span> <span class='ocrx_word' id='word_1_414' title='bbox 1165 3657 1415 3729; x_wconf 79' lang='grc' dir='ltr'>ἡγεῖσθαι</span> <span class='ocrx_word' id='word_1_415' title='bbox 1456 3655 1669 3727; x_wconf 82' lang='grc' dir='ltr'>βέϐαιον</span> <span class='ocrx_word' id='word_1_416' title='bbox 1691 3654 1754 3708; x_wconf 81' lang='grc' dir='ltr'>τὸ</span> 
     </span>
    </p>
   </div>
   <div class='ocr_carea' id='block_1_56' title="bbox 164 3748 1751 3825">
    <p class='ocr_par' dir='ltr' id='par_1_56' title="bbox 164 3748 1751 3825">
     <span class='ocr_line' id='line_1_56' title="bbox 164 3748 1751 3825; baseline -0.004 -16"><span class='ocrx_word' id='word_1_417' title='bbox 164 3756 230 3809; x_wconf 88' lang='lat' dir='ltr'><strong>tv</strong></span> <span class='ocrx_word' id='word_1_418' title='bbox 258 3752 587 3825; x_wconf 85' lang='grc' dir='ltr'>ἀνθρώποις,</span> <span class='ocrx_word' id='word_1_419' title='bbox 618 3753 651 3825; x_wconf 82' lang='grc' dir='ltr'><strong>ἢ</strong></span> <span class='ocrx_word' id='word_1_420' title='bbox 683 3754 841 3824; x_wconf 84' lang='grc' dir='ltr'>μόνον</span> <span class='ocrx_word' id='word_1_421' title='bbox 870 3753 931 3805; x_wconf 89' lang='grc' dir='ltr'><strong>τὸ</strong></span> <span class='ocrx_word' id='word_1_422' title='bbox 972 3751 1064 3804; x_wconf 76' lang='grc' dir='ltr'><strong>ἐπὶ</strong></span> <span class='ocrx_word' id='word_1_423' title='bbox 1097 3751 1312 3804; x_wconf 84' lang='grc' dir='ltr'>πάντων</span> <span class='ocrx_word' id='word_1_424' title='bbox 1345 3748 1496 3812; x_wconf 85' lang='grc' dir='ltr'>τέλος</span> <span class='ocrx_word' id='word_1_425' title='bbox 1521 3748 1622 3819; x_wconf 77' lang='grc' dir='ltr'>τῆς</span> <span class='ocrx_word' id='word_1_426' title='bbox 1658 3748 1751 3802; x_wconf 91' lang='grc' dir='ltr'><strong>τοῦ</strong></span> 
     </span>
    </p>
   </div>
   <div class='ocr_carea' id='block_1_57' title="bbox 163 3839 1751 3919">
    <p class='ocr_par' dir='ltr' id='par_1_57' title="bbox 163 3839 1751 3919">
     <span class='ocr_line' id='line_1_57' title="bbox 163 3839 1751 3919; baseline -0.008 -15"><span class='ocrx_word' id='word_1_427' title='bbox 163 3848 309 3904; x_wconf 83' lang='grc' dir='ltr'>Θεοῦ</span> <span class='ocrx_word' id='word_1_428' title='bbox 337 3848 607 3919; x_wconf 84' lang='grc' dir='ltr'>βασιλείας</span> <span class='ocrx_word' id='word_1_429' title='bbox 626 3864 638 3877; x_wconf 86' lang='grc'><strong>·</strong></span> <span class='ocrx_word' id='word_1_430' title='bbox 672 3845 889 3900; x_wconf 80' lang='grc' dir='ltr'>ἔσεσθαι</span> <span class='ocrx_word' id='word_1_431' title='bbox 919 3842 1028 3915; x_wconf 76' lang='grc' dir='ltr'>γὰρ</span> <span class='ocrx_word' id='word_1_432' title='bbox 1064 3841 1198 3914; x_wconf 82' lang='grc' dir='ltr'>μετὰ</span> <span class='ocrx_word' id='word_1_433' title='bbox 1238 3841 1336 3912; x_wconf 84' lang='grc' dir='ltr'>τὴν</span> <span class='ocrx_word' id='word_1_434' title='bbox 1361 3839 1585 3916; x_wconf 73' lang='grc' dir='ltr'>πρώτην</span> <span class='ocrx_word' id='word_1_435' title='bbox 1629 3840 1751 3892; x_wconf 80' lang='grc' dir='ltr'><strong>Ἀσ-</strong></span> 
     </span>
    </p>
   </div>
   <div class='ocr_carea' id='block_1_58' title="bbox 167 3931 1753 4014">
    <p class='ocr_par' dir='ltr' id='par_1_58' title="bbox 167 3931 1753 4014">
     <span class='ocr_line' id='line_1_58' title="bbox 167 3931 1753 4014; baseline -0.008 -17"><span class='ocrx_word' id='word_1_436' title='bbox 167 3943 377 4014; x_wconf 76' lang='grc' dir='ltr'>συρίων</span> <span class='ocrx_word' id='word_1_437' title='bbox 414 3940 609 4013; x_wconf 79' lang='grc' dir='ltr'>ἀρχὴν,</span> <span class='ocrx_word' id='word_1_438' title='bbox 652 3939 719 4010; x_wconf 79' lang='grc' dir='ltr'>ἣν</span> <span class='ocrx_word' id='word_1_439' title='bbox 762 3939 789 3990; x_wconf 91' lang='lat'><strong>6</strong></span> <span class='ocrx_word' id='word_1_440' title='bbox 832 3936 1029 4009; x_wconf 79' lang='grc' dir='ltr'>χρυσὸς</span> <span class='ocrx_word' id='word_1_441' title='bbox 1074 3932 1311 4005; x_wconf 75' lang='grc' dir='ltr'>ᾐνίξατο,</span> <span class='ocrx_word' id='word_1_442' title='bbox 1355 3931 1613 4004; x_wconf 84' lang='grc' dir='ltr'>δευτέραν</span> <span class='ocrx_word' id='word_1_443' title='bbox 1652 3931 1753 4003; x_wconf 82' lang='grc' dir='ltr'>τὴν</span> 
     </span>
    </p>
   </div>
   <div class='ocr_carea' id='block_1_59' title="bbox 162 4022 1748 4102">
    <p class='ocr_par' dir='ltr' id='par_1_59' title="bbox 162 4022 1748 4102">
     <span class='ocr_line' id='line_1_59' title="bbox 162 4022 1748 4102; baseline -0.007 -17"><span class='ocrx_word' id='word_1_444' title='bbox 162 4031 281 4085; x_wconf 76' lang='grc' dir='ltr'>τῶν</span> <span class='ocrx_word' id='word_1_445' title='bbox 330 4031 576 4102; x_wconf 83' lang='grc' dir='ltr'>Περσῶν,</span> <span class='ocrx_word' id='word_1_446' title='bbox 626 4031 725 4102; x_wconf 83' lang='grc' dir='ltr'>τὴν</span> <span class='ocrx_word' id='word_1_447' title='bbox 768 4027 857 4083; x_wconf 74' lang='grc' dir='ltr'><strong>διά</strong></span> <span class='ocrx_word' id='word_1_448' title='bbox 911 4023 1006 4079; x_wconf 88' lang='grc' dir='ltr'><strong>τοῦ</strong></span> <span class='ocrx_word' id='word_1_449' title='bbox 1059 4024 1298 4097; x_wconf 81' lang='grc' dir='ltr'>ἀργύρου</span> <span class='ocrx_word' id='word_1_450' title='bbox 1346 4022 1748 4095; x_wconf 87' lang='grc' dir='ltr'>δεδηλωμένην·</span> 
     </span>
    </p>
   </div>
   <div class='ocr_carea' id='block_1_60' title="bbox 162 4114 1750 4195">
    <p class='ocr_par' dir='ltr' id='par_1_60' title="bbox 162 4114 1750 4195">
     <span class='ocr_line' id='line_1_60' title="bbox 162 4114 1750 4195; baseline -0.008 -17"><span class='ocrx_word' id='word_1_451' title='bbox 162 4124 359 4178; x_wconf 72' lang='grc' dir='ltr'>ἔπειτα</span> <span class='ocrx_word' id='word_1_452' title='bbox 381 4122 567 4195; x_wconf 80' lang='grc' dir='ltr'>τρίτην</span> <span class='ocrx_word' id='word_1_453' title='bbox 594 4121 693 4192; x_wconf 80' lang='grc' dir='ltr'><strong>τὴν</strong></span> <span class='ocrx_word' id='word_1_454' title='bbox 724 4119 1065 4182; x_wconf 74' lang='grc' dir='ltr'>Μακεδόνων,</span> <span class='ocrx_word' id='word_1_455' title='bbox 1093 4119 1160 4189; x_wconf 86' lang='grc' dir='ltr'>ἢν</span> <span class='ocrx_word' id='word_1_456' title='bbox 1189 4116 1216 4169; x_wconf 89' lang='lat'><strong>6</strong></span> <span class='ocrx_word' id='word_1_457' title='bbox 1244 4114 1443 4186; x_wconf 75' lang='grc' dir='ltr'>χαλκδς</span> <span class='ocrx_word' id='word_1_458' title='bbox 1471 4116 1567 4185; x_wconf 79' lang='grc' dir='ltr'>ἐσή</span> <span class='ocrx_word' id='word_1_459' title='bbox 1579 4131 1715 4185; x_wconf 88' lang='grc' dir='ltr'>μανε</span> <span class='ocrx_word' id='word_1_460' title='bbox 1735 4128 1750 4144; x_wconf 72' lang='grc'><strong><em>⁸</em></strong></span> 
     </span>
    </p>
   </div>
   <div class='ocr_carea' id='block_1_61' title="bbox 165 4208 1755 4287">
    <p class='ocr_par' dir='ltr' id='par_1_61' title="bbox 165 4208 1755 4287">
     <span class='ocr_line' id='line_1_61' title="bbox 165 4208 1755 4287; baseline -0.006 -19"><span class='ocrx_word' id='word_1_461' title='bbox 165 4214 295 4287; x_wconf 82' lang='grc' dir='ltr'>μεθ’</span> <span class='ocrx_word' id='word_1_462' title='bbox 339 4216 406 4284; x_wconf 73' lang='grc' dir='ltr'>ἢν</span> <span class='ocrx_word' id='word_1_463' title='bbox 436 4214 703 4286; x_wconf 66' lang='grc' dir='ltr'>τετάρτην</span> <span class='ocrx_word' id='word_1_464' title='bbox 737 4212 1079 4277; x_wconf 78' lang='grc' dir='ltr'>διαδέξασθαι</span> <span class='ocrx_word' id='word_1_465' title='bbox 1127 4209 1235 4263; x_wconf 84' lang='grc' dir='ltr'>τῶν</span> <span class='ocrx_word' id='word_1_466' title='bbox 1274 4208 1581 4279; x_wconf 84' lang='grc' dir='ltr'>Ῥωμαίων,</span> <span class='ocrx_word' id='word_1_467' title='bbox 1619 4223 1755 4278; x_wconf 84' lang='grc' dir='ltr'>κρα-</span> 
     </span>
    </p>
   </div>
   <div class='ocr_carea' id='block_1_62' title="bbox 159 4297 1757 4374">
    <p class='ocr_par' dir='ltr' id='par_1_62' title="bbox 159 4297 1757 4374">
     <span class='ocr_line' id='line_1_62' title="bbox 159 4297 1757 4374; baseline -0.005 -17"><span class='ocrx_word' id='word_1_468' title='bbox 159 4303 474 4374; x_wconf 81' lang='grc' dir='ltr'>ταιωτέραν</span> <span class='ocrx_word' id='word_1_469' title='bbox 498 4299 667 4355; x_wconf 78' lang='grc' dir='ltr'>οὖσαν</span> <span class='ocrx_word' id='word_1_470' title='bbox 688 4301 795 4355; x_wconf 82' lang='grc' dir='ltr'><strong>τῶν</strong></span> <span class='ocrx_word' id='word_1_471' title='bbox 820 4301 925 4373; x_wconf 76' lang='grc' dir='ltr'><strong>πρὸ</strong></span> <span class='ocrx_word' id='word_1_472' title='bbox 948 4298 1114 4369; x_wconf 71' lang='grc' dir='ltr'>αὐτῆς</span> <span class='ocrx_word' id='word_1_473' title='bbox 1133 4316 1145 4329; x_wconf 78' lang='grc'><em>’</em></span> <span class='ocrx_word' id='word_1_474' title='bbox 1173 4298 1253 4351; x_wconf 79' lang='grc' dir='ltr'><strong>διδ</strong></span> <span class='ocrx_word' id='word_1_475' title='bbox 1286 4298 1379 4350; x_wconf 70' lang='grc' dir='ltr'><strong>καὶ</strong></span> <span class='ocrx_word' id='word_1_476' title='bbox 1417 4297 1618 4367; x_wconf 74' lang='grc' dir='ltr'>σιδήρῳ</span> <span class='ocrx_word' id='word_1_477' title='bbox 1658 4311 1757 4349; x_wconf 86' lang='grc' dir='ltr'>πα-</span> 
     </span>
    </p>
   </div>
   <div class='ocr_carea' id='block_1_63' title="bbox 163 4387 1754 4470">
    <p class='ocr_par' dir='ltr' id='par_1_63' title="bbox 163 4387 1754 4470">
     <span class='ocr_line' id='line_1_63' title="bbox 163 4387 1754 4470; baseline -0.005 -21"><span class='ocrx_word' id='word_1_478' title='bbox 163 4395 463 4470; x_wconf 79' lang='grc' dir='ltr'>ρεϐάλλετο</span> <span class='ocrx_word' id='word_1_479' title='bbox 481 4412 494 4425; x_wconf 76' lang='grc' dir='ltr'><strong><em>ο</em></strong></span> <span class='ocrx_word' id='word_1_480' title='bbox 520 4396 702 4467; x_wconf 75' lang='grc' dir='ltr'>εἴρητο</span> <span class='ocrx_word' id='word_1_481' title='bbox 732 4393 861 4462; x_wconf 87' lang='grc' dir='ltr'>γοῦν</span> <span class='ocrx_word' id='word_1_482' title='bbox 884 4393 975 4446; x_wconf 69' lang='grc' dir='ltr'><strong>καὶ</strong></span> <span class='ocrx_word' id='word_1_483' title='bbox 1001 4390 1128 4463; x_wconf 70' lang='grc' dir='ltr'>περὶ</span> <span class='ocrx_word' id='word_1_484' title='bbox 1155 4389 1345 4459; x_wconf 76' lang='grc' dir='ltr'>αὐτῆς.</span> <span class='ocrx_word' id='word_1_485' title='bbox 1371 4388 1479 4441; x_wconf 73' lang='grc' dir='ltr'><strong>Καὶ</strong></span> <span class='ocrx_word' id='word_1_486' title='bbox 1512 4387 1754 4459; x_wconf 80' lang='grc' dir='ltr'>βασιλεία</span> 
     </span>
    </p>
   </div>
   <div class='ocr_carea' id='block_1_64' title="bbox 160 4478 1753 4572">
    <p class='ocr_par' dir='ltr' id='par_1_64' title="bbox 160 4478 1753 4572">
     <span class='ocr_line' id='line_1_64' title="bbox 160 4478 1753 4572; baseline -0.008 -29"><span class='ocrx_word' id='word_1_487' title='bbox 160 4489 405 4572; x_wconf 57' lang='grc' dir='ltr'>τετάρτη</span> <span class='ocrx_word' id='word_1_488' title='bbox 439 4487 586 4541; x_wconf 78' lang='grc' dir='ltr'>ἔσται</span> <span class='ocrx_word' id='word_1_489' title='bbox 638 4485 831 4558; x_wconf 75' lang='grc' dir='ltr'>ισχυρὰ</span> <span class='ocrx_word' id='word_1_490' title='bbox 879 4484 954 4548; x_wconf 86' lang='grc' dir='ltr'>ὼς</span> <span class='ocrx_word' id='word_1_491' title='bbox 998 4482 1245 4553; x_wconf 88' lang='grc' dir='ltr'>σίδηρος·</span> <span class='ocrx_word' id='word_1_492' title='bbox 1294 4481 1351 4534; x_wconf 83' lang='grc' dir='ltr'>ὃν</span> <span class='ocrx_word' id='word_1_493' title='bbox 1382 4480 1582 4572; x_wconf 79' lang='grc' dir='ltr'>τρόπον</span> <span class='ocrx_word' id='word_1_494' title='bbox 1609 4480 1637 4532; x_wconf 88' lang='lat'><strong>6</strong></span> <span class='ocrx_word' id='word_1_495' title='bbox 1673 4478 1753 4531; x_wconf 85' lang='grc' dir='ltr'>σί-</span> 
     </span>
    </p>
   </div>
   <div class='ocr_carea' id='block_1_65' title="bbox 157 4571 1755 4652">
    <p class='ocr_par' dir='ltr' id='par_1_65' title="bbox 157 4571 1755 4652">
     <span class='ocr_line' id='line_1_65' title="bbox 157 4571 1755 4652; baseline -0.005 -17"><span class='ocrx_word' id='word_1_496' title='bbox 157 4580 334 4652; x_wconf 77' lang='grc' dir='ltr'>δηρος</span> <span class='ocrx_word' id='word_1_497' title='bbox 369 4579 617 4633; x_wconf 80' lang='grc' dir='ltr'>λεπτύνει</span> <span class='ocrx_word' id='word_1_498' title='bbox 663 4579 757 4633; x_wconf 73' lang='grc' dir='ltr'>καὶ</span> <span class='ocrx_word' id='word_1_499' title='bbox 807 4575 1040 4647; x_wconf 75' lang='grc' dir='ltr'>δαμάζει</span> <span class='ocrx_word' id='word_1_500' title='bbox 1092 4576 1304 4638; x_wconf 87' lang='grc' dir='ltr'>πάντα,</span> <span class='ocrx_word' id='word_1_501' title='bbox 1347 4571 1520 4637; x_wconf 70' lang='grc' dir='ltr'>οὕτως</span> <span class='ocrx_word' id='word_1_502' title='bbox 1577 4572 1755 4627; x_wconf 87' lang='grc' dir='ltr'>πάντα</span> 
     </span>
    </p>
   </div>
   <div class='ocr_carea' id='block_1_66' title="bbox 158 4665 1756 4741">
    <p class='ocr_par' dir='ltr' id='par_1_66' title="bbox 158 4665 1756 4741">
     <span class='ocr_line' id='line_1_66' title="bbox 158 4665 1756 4741; baseline -0.005 -15"><span class='ocrx_word' id='word_1_503' title='bbox 158 4672 426 4727; x_wconf 87' lang='grc' dir='ltr'>λεπτυνεί</span> <span class='ocrx_word' id='word_1_504' title='bbox 454 4673 545 4726; x_wconf 80' lang='grc' dir='ltr'><strong>καὶ</strong></span> <span class='ocrx_word' id='word_1_505' title='bbox 581 4671 813 4741; x_wconf 85' lang='grc' dir='ltr'>δαμάσει</span> <span class='ocrx_word' id='word_1_506' title='bbox 832 4686 845 4699; x_wconf 87' lang='grc'><strong>·</strong></span> <span class='ocrx_word' id='word_1_507' title='bbox 878 4668 971 4722; x_wconf 70' lang='grc' dir='ltr'><strong>καὶ</strong></span> <span class='ocrx_word' id='word_1_508' title='bbox 1003 4667 1140 4738; x_wconf 76' lang='grc' dir='ltr'>μετὰ</span> <span class='ocrx_word' id='word_1_509' title='bbox 1166 4665 1263 4730; x_wconf 83' lang='grc' dir='ltr'>τὰς</span> <span class='ocrx_word' id='word_1_510' title='bbox 1286 4667 1404 4738; x_wconf 84' lang='grc' dir='ltr'>είρη</span> <span class='ocrx_word' id='word_1_511' title='bbox 1415 4665 1581 4735; x_wconf 86' lang='grc' dir='ltr'>μένας</span> <span class='ocrx_word' id='word_1_512' title='bbox 1609 4665 1756 4718; x_wconf 82' lang='grc' dir='ltr'>άπά-</span> 
     </span>
    </p>
   </div>
   <div class='ocr_carea' id='block_1_67' title="bbox 161 4756 1756 4837">
    <p class='ocr_par' dir='ltr' id='par_1_67' title="bbox 161 4756 1756 4837">
     <span class='ocr_line' id='line_1_67' title="bbox 161 4756 1756 4837; baseline -0.007 -18"><span class='ocrx_word' id='word_1_513' title='bbox 161 4783 292 4829; x_wconf 83' lang='grc' dir='ltr'>σας,</span> <span class='ocrx_word' id='word_1_514' title='bbox 319 4764 415 4837; x_wconf 80' lang='grc' dir='ltr'>τὴν</span> <span class='ocrx_word' id='word_1_515' title='bbox 436 4763 528 4817; x_wconf 84' lang='grc' dir='ltr'><strong>τοῦ</strong></span> <span class='ocrx_word' id='word_1_516' title='bbox 552 4762 685 4816; x_wconf 81' lang='grc' dir='ltr'>Θεοῦ</span> <span class='ocrx_word' id='word_1_517' title='bbox 718 4761 1013 4833; x_wconf 87' lang='grc' dir='ltr'>βασιλείαν,</span> <span class='ocrx_word' id='word_1_518' title='bbox 1031 4759 1119 4813; x_wconf 81' lang='grc' dir='ltr'>διὰ</span> <span class='ocrx_word' id='word_1_519' title='bbox 1144 4757 1240 4811; x_wconf 90' lang='grc' dir='ltr'><strong>τοῦ</strong></span> <span class='ocrx_word' id='word_1_520' title='bbox 1258 4756 1631 4829; x_wconf 83' lang='grc' dir='ltr'>συντρίϐοντος</span> <span class='ocrx_word' id='word_1_521' title='bbox 1657 4756 1756 4827; x_wconf 79' lang='grc' dir='ltr'><strong>τὴν</strong></span> 
     </span>
    </p>
   </div>
   <div class='ocr_carea' id='block_1_68' title="bbox 162 4848 1757 4923">
    <p class='ocr_par' dir='ltr' id='par_1_68' title="bbox 162 4848 1757 4923">
     <span class='ocr_line' id='line_1_68' title="bbox 162 4848 1757 4923; baseline -0.008 -12"><span class='ocrx_word' id='word_1_522' title='bbox 162 4860 353 4911; x_wconf 79' lang='grc' dir='ltr'>πᾶσαν</span> <span class='ocrx_word' id='word_1_523' title='bbox 379 4856 562 4911; x_wconf 81' lang='grc' dir='ltr'>εἰκόνα</span> <span class='ocrx_word' id='word_1_524' title='bbox 601 4854 747 4909; x_wconf 84' lang='grc' dir='ltr'>λίθου</span> <span class='ocrx_word' id='word_1_525' title='bbox 797 4851 1206 4923; x_wconf 81' lang='grc' dir='ltr'>παρισταμένην</span> <span class='ocrx_word' id='word_1_526' title='bbox 1229 4865 1243 4879; x_wconf 83' lang='grc'><em>’</em></span> <span class='ocrx_word' id='word_1_527' title='bbox 1282 4848 1376 4903; x_wconf 71' lang='grc' dir='ltr'><strong>καὶ</strong></span> <span class='ocrx_word' id='word_1_528' title='bbox 1410 4851 1438 4903; x_wconf 87' lang='lat'><strong>6</strong></span> <span class='ocrx_word' id='word_1_529' title='bbox 1469 4848 1757 4920; x_wconf 74' lang='grc' dir='ltr'>προφήτης</span> 
     </span>
    </p>
   </div>
   <div class='ocr_carea' id='block_1_69' title="bbox 159 4937 1755 5016">
    <p class='ocr_par' dir='ltr' id='par_1_69' title="bbox 159 4937 1755 5016">
     <span class='ocr_line' id='line_1_69' title="bbox 159 4937 1755 5016; baseline -0.009 -12"><span class='ocrx_word' id='word_1_530' title='bbox 159 4948 374 5005; x_wconf 77' lang='grc' dir='ltr'>τούτων</span> <span class='ocrx_word' id='word_1_531' title='bbox 406 4946 731 5010; x_wconf 77' lang='grc' dir='ltr'>ἀκολούθως,</span> <span class='ocrx_word' id='word_1_532' title='bbox 762 4945 861 5016; x_wconf 85' lang='grc' dir='ltr'><strong>τὴν</strong></span> <span class='ocrx_word' id='word_1_533' title='bbox 895 4944 989 4998; x_wconf 72' lang='grc' dir='ltr'>ἐπὶ</span> <span class='ocrx_word' id='word_1_534' title='bbox 1013 4943 1155 4998; x_wconf 86' lang='grc' dir='ltr'>τέλει</span> <span class='ocrx_word' id='word_1_535' title='bbox 1190 4940 1300 4994; x_wconf 87' lang='grc' dir='ltr'><strong>τῶν</strong></span> <span class='ocrx_word' id='word_1_536' title='bbox 1327 4939 1461 4994; x_wconf 79' lang='grc' dir='ltr'>ὅλων</span> <span class='ocrx_word' id='word_1_537' title='bbox 1492 4938 1625 4992; x_wconf 89' lang='grc' dir='ltr'>Θεοῦ</span> <span class='ocrx_word' id='word_1_538' title='bbox 1656 4937 1755 5008; x_wconf 85' lang='grc' dir='ltr'>βα·</span> 
     </span>
    </p>
   </div>
   <div class='ocr_carea' id='block_1_70' title="bbox 165 5031 1753 5111">
    <p class='ocr_par' dir='ltr' id='par_1_70' title="bbox 165 5031 1753 5111">
     <span class='ocr_line' id='line_1_70' title="bbox 165 5031 1753 5111; baseline -0.008 -16"><span class='ocrx_word' id='word_1_539' title='bbox 165 5042 398 5100; x_wconf 87' lang='grc' dir='ltr'>σιλείαν.</span> <span class='ocrx_word' id='word_1_540' title='bbox 427 5040 488 5093; x_wconf 83' lang='grc' dir='ltr'><strong>ού</strong></span> <span class='ocrx_word' id='word_1_541' title='bbox 517 5039 779 5111; x_wconf 89' lang='grc' dir='ltr'>πρότερον</span> <span class='ocrx_word' id='word_1_542' title='bbox 803 5036 1015 5108; x_wconf 89' lang='grc' dir='ltr'>θεωρεῖ,</span> <span class='ocrx_word' id='word_1_543' title='bbox 1043 5036 1076 5106; x_wconf 83' lang='grc' dir='ltr'>ἢ</span> <span class='ocrx_word' id='word_1_544' title='bbox 1108 5037 1207 5098; x_wconf 82' lang='grc' dir='ltr'>τὰς</span> <span class='ocrx_word' id='word_1_545' title='bbox 1234 5033 1527 5103; x_wconf 81' lang='grc' dir='ltr'>εἰρημένας</span> <span class='ocrx_word' id='word_1_546' title='bbox 1556 5031 1753 5085; x_wconf 78' lang='grc' dir='ltr'>τέσσα-</span> 
     </span>
    </p>
   </div>
   <div class='ocr_carea' id='block_1_71' title="bbox 167 5123 1755 5208">
    <p class='ocr_par' dir='ltr' id='par_1_71' title="bbox 167 5123 1755 5208">
     <span class='ocr_line' id='line_1_71' title="bbox 167 5123 1755 5208; baseline -0.008 -18"><span class='ocrx_word' id='word_1_547' title='bbox 167 5152 271 5208; x_wconf 84' lang='grc' dir='ltr'><strong>ρας</strong></span> <span class='ocrx_word' id='word_1_548' title='bbox 297 5133 610 5195; x_wconf 85' lang='grc' dir='ltr'>δυναστείας</span> <span class='ocrx_word' id='word_1_549' title='bbox 636 5130 933 5203; x_wconf 70' lang='grc' dir='ltr'>διαγράψαι</span> <span class='ocrx_word' id='word_1_550' title='bbox 977 5127 1067 5182; x_wconf 81' lang='grc' dir='ltr'><strong>τὸν</strong></span> <span class='ocrx_word' id='word_1_551' title='bbox 1094 5127 1270 5196; x_wconf 89' lang='grc' dir='ltr'>λόγον.</span> <span class='ocrx_word' id='word_1_552' title='bbox 1293 5125 1393 5180; x_wconf 84' lang='grc' dir='ltr'><strong>Διὰ</strong></span> <span class='ocrx_word' id='word_1_553' title='bbox 1416 5125 1525 5179; x_wconf 83' lang='grc' dir='ltr'><strong>τῶν</strong></span> <span class='ocrx_word' id='word_1_554' title='bbox 1561 5123 1755 5179; x_wconf 84' lang='grc' dir='ltr'>τεσσά-</span> 
     </span>
    </p>
   </div>
   <div class='ocr_carea' id='block_1_72' title="bbox 168 5218 1754 5302">
    <p class='ocr_par' dir='ltr' id='par_1_72' title="bbox 168 5218 1754 5302">
     <span class='ocr_line' id='line_1_72' title="bbox 168 5218 1754 5302; baseline -0.008 -19"><span class='ocrx_word' id='word_1_555' title='bbox 168 5246 283 5302; x_wconf 85' lang='grc' dir='ltr'><strong>ρων</strong></span> <span class='ocrx_word' id='word_1_556' title='bbox 311 5227 485 5301; x_wconf 83' lang='grc' dir='ltr'>μόνων</span> <span class='ocrx_word' id='word_1_557' title='bbox 510 5227 603 5281; x_wconf 73' lang='grc' dir='ltr'>καὶ</span> <span class='ocrx_word' id='word_1_558' title='bbox 625 5226 745 5279; x_wconf 77' lang='grc' dir='ltr'>οὐδὲ</span> <span class='ocrx_word' id='word_1_559' title='bbox 780 5223 980 5296; x_wconf 77' lang='grc' dir='ltr'>ἑτέρων</span> <span class='ocrx_word' id='word_1_560' title='bbox 1008 5220 1248 5293; x_wconf 77' lang='grc' dir='ltr'>ἠγοῦμαι</span> <span class='ocrx_word' id='word_1_561' title='bbox 1278 5219 1376 5283; x_wconf 70' lang='grc' dir='ltr'>τὰς</span> <span class='ocrx_word' id='word_1_562' title='bbox 1411 5220 1629 5290; x_wconf 82' lang='grc' dir='ltr'>ὁράσεις</span> <span class='ocrx_word' id='word_1_563' title='bbox 1658 5218 1754 5272; x_wconf 80' lang='grc' dir='ltr'>καὶ</span> 
     </span>
    </p>
   </div>
   <div class='ocr_carea' id='block_1_73' title="bbox 160 5308 1754 5392">
    <p class='ocr_par' dir='ltr' id='par_1_73' title="bbox 160 5308 1754 5392">
     <span class='ocr_line' id='line_1_73' title="bbox 160 5308 1754 5392; baseline -0.008 -18"><span class='ocrx_word' id='word_1_564' title='bbox 160 5320 250 5392; x_wconf 80' lang='grc' dir='ltr'>τῷ</span> <span class='ocrx_word' id='word_1_565' title='bbox 279 5319 489 5390; x_wconf 86' lang='grc' dir='ltr'>βασιλεῖ</span> <span class='ocrx_word' id='word_1_566' title='bbox 509 5319 603 5373; x_wconf 75' lang='grc' dir='ltr'>καὶ</span> <span class='ocrx_word' id='word_1_567' title='bbox 626 5316 705 5388; x_wconf 86' lang='grc' dir='ltr'>τῷ</span> <span class='ocrx_word' id='word_1_568' title='bbox 732 5317 985 5389; x_wconf 76' lang='grc' dir='ltr'>προφήτῃ</span> <span class='ocrx_word' id='word_1_569' title='bbox 1012 5310 1298 5380; x_wconf 82' lang='grc' dir='ltr'>δεδεῖχθαι,</span> <span class='ocrx_word' id='word_1_570' title='bbox 1328 5310 1415 5363; x_wconf 81' lang='grc' dir='ltr'><strong>διά</strong></span> <span class='ocrx_word' id='word_1_571' title='bbox 1438 5310 1500 5363; x_wconf 81' lang='grc' dir='ltr'><strong>τὸ</strong></span> <span class='ocrx_word' id='word_1_572' title='bbox 1526 5308 1754 5370; x_wconf 87' lang='grc' dir='ltr'>ταύταις</span> 
     </span>
    </p>
   </div>
   <div class='ocr_carea' id='block_1_74' title="bbox 163 5400 1755 5489">
    <p class='ocr_par' dir='ltr' id='par_1_74' title="bbox 163 5400 1755 5489">
     <span class='ocr_line' id='line_1_74' title="bbox 163 5400 1755 5489; baseline -0.009 -20"><span class='ocrx_word' id='word_1_573' title='bbox 163 5409 646 5481; x_wconf 64' lang='grc' dir='ltr'>καταὼυλωθῆναι</span> <span class='ocrx_word' id='word_1_574' title='bbox 680 5412 763 5489; x_wconf 80' lang='grc' dir='ltr'><strong>¹τὸ</strong></span> <span class='ocrx_word' id='word_1_575' title='bbox 828 5407 1097 5463; x_wconf 86' lang='grc' dir='ltr'>Ἰουδαίων</span> <span class='ocrx_word' id='word_1_576' title='bbox 1145 5406 1300 5471; x_wconf 76' lang='grc' dir='ltr'>ἔθνος</span> <span class='ocrx_word' id='word_1_577' title='bbox 1343 5404 1451 5460; x_wconf 80' lang='grc' dir='ltr'>ἀπὸ</span> <span class='ocrx_word' id='word_1_578' title='bbox 1497 5402 1606 5457; x_wconf 87' lang='grc' dir='ltr'><strong>τῶν</strong></span> <span class='ocrx_word' id='word_1_579' title='bbox 1655 5400 1755 5456; x_wconf 86' lang='grc' dir='ltr'><strong>τοῦ</strong></span> 
     </span>
    </p>
   </div>
   <div class='ocr_carea' id='block_1_75' title="bbox 167 5499 773 5577">
    <p class='ocr_par' dir='ltr' id='par_1_75' title="bbox 167 5499 773 5577">
     <span class='ocr_line' id='line_1_75' title="bbox 167 5499 773 5577; baseline -0.015 -18"><span class='ocrx_word' id='word_1_580' title='bbox 167 5502 455 5577; x_wconf 80' lang='grc' dir='ltr'>προφήτου</span> <span class='ocrx_word' id='word_1_581' title='bbox 480 5499 705 5572; x_wconf 64' lang='grc' dir='ltr'>χρόνων.</span> <span class='ocrx_word' id='word_1_582' title='bbox 753 5516 773 5550; x_wconf 75' lang='grc' dir='ltr'><strong>ι</strong></span> 
     </span>
    </p>
   </div>
   <div class='ocr_carea' id='block_1_76' title="bbox 1852 1918 3427 1991">
    <p class='ocr_par' dir='ltr' id='par_1_76' title="bbox 1852 1918 3427 1991">
     <span class='ocr_line' id='line_1_76' title="bbox 1852 1918 3427 1991; baseline 0.002 -18"><span class='ocrx_word' id='word_1_583' title='bbox 1852 1922 1989 1991; x_wconf 83' lang='lat' dir='ltr'><strong>Apte</strong></span> <span class='ocrx_word' id='word_1_584' title='bbox 2037 1920 2090 1973; x_wconf 88' lang='lat' dir='ltr'><strong>id</strong></span> <span class='ocrx_word' id='word_1_585' title='bbox 2129 1919 2369 1991; x_wconf 87' lang='lat' dir='ltr'><strong>quidem.</strong></span> <span class='ocrx_word' id='word_1_586' title='bbox 2398 1918 2512 1974; x_wconf 77' lang='lat' dir='ltr'><strong>[lex</strong></span> <span class='ocrx_word' id='word_1_587' title='bbox 2561 1921 2782 1989; x_wconf 88' lang='lat' dir='ltr'><strong>quippe,</strong></span> <span class='ocrx_word' id='word_1_588' title='bbox 2835 1920 2961 1974; x_wconf 63' lang='lat' dir='ltr'><strong>vitae</strong></span> <span class='ocrx_word' id='word_1_589' title='bbox 2992 1919 3130 1974; x_wconf 82' lang='lat' dir='ltr'><strong>fastu</strong></span> <span class='ocrx_word' id='word_1_590' title='bbox 3163 1920 3427 1985; x_wconf 76' lang='lat' dir='ltr'><strong>irretitus,</strong></span> 
     </span>
    </p>
   </div>
   <div class='ocr_carea' id='block_1_77' title="bbox 1853 2011 3430 2082">
    <p class='ocr_par' dir='ltr' id='par_1_77' title="bbox 1853 2011 3430 2082">
     <span class='ocr_line' id='line_1_77' title="bbox 1853 2011 3430 2082; baseline -0.001 -14"><span class='ocrx_word' id='word_1_591' title='bbox 1853 2014 2299 2082; x_wconf 88' lang='lat' dir='ltr'><strong>sensibiliumque</strong></span> <span class='ocrx_word' id='word_1_592' title='bbox 2327 2026 2507 2067; x_wconf 89' lang='lat' dir='ltr'><strong>rerum</strong></span> <span class='ocrx_word' id='word_1_593' title='bbox 2560 2011 3016 2080; x_wconf 77' lang='lat' dir='ltr'><strong>pulchritudinem</strong></span> <span class='ocrx_word' id='word_1_594' title='bbox 3047 2019 3303 2081; x_wconf 91' lang='lat' dir='ltr'><strong>tanquam</strong></span> <span class='ocrx_word' id='word_1_595' title='bbox 3334 2025 3430 2067; x_wconf 85' lang='lat' dir='ltr'><strong>co-</strong></span> 
     </span>
    </p>
   </div>
   <div class='ocr_carea' id='block_1_78' title="bbox 1854 2102 3429 2173">
    <p class='ocr_par' dir='ltr' id='par_1_78' title="bbox 1854 2102 3429 2173">
     <span class='ocr_line' id='line_1_78' title="bbox 1854 2102 3429 2173; baseline 0 -16"><span class='ocrx_word' id='word_1_596' title='bbox 1854 2105 2060 2158; x_wconf 87' lang='lat' dir='ltr'><strong>loriam-</strong></span> <span class='ocrx_word' id='word_1_597' title='bbox 2079 2106 2317 2158; x_wconf 88' lang='lat' dir='ltr'><strong>tabulam</strong></span> <span class='ocrx_word' id='word_1_598' title='bbox 2359 2103 2533 2157; x_wconf 76' lang='lat' dir='ltr'><strong>titulis</strong></span> <span class='ocrx_word' id='word_1_599' title='bbox 2564 2102 2772 2171; x_wconf 71' lang='lat' dir='ltr'><strong>adiecti</strong></span> <span class='ocrx_word' id='word_1_600' title='bbox 2833 2103 3073 2164; x_wconf 89' lang='lat' dir='ltr'><strong>mirans,</strong></span> <span class='ocrx_word' id='word_1_601' title='bbox 3128 2118 3429 2173; x_wconf 86' lang='lat' dir='ltr'><strong>congruum</strong></span> 
     </span>
    </p>
   </div>
   <div class='ocr_carea' id='block_1_79' title="bbox 1852 2193 3429 2266">
    <p class='ocr_par' dir='ltr' id='par_1_79' title="bbox 1852 2193 3429 2266">
     <span class='ocr_line' id='line_1_79' title="bbox 1852 2193 3429 2266; baseline -0.001 -16"><span class='ocrx_word' id='word_1_602' title='bbox 1852 2207 1989 2257; x_wconf 88' lang='lat' dir='ltr'><strong>erat,</strong></span> <span class='ocrx_word' id='word_1_603' title='bbox 2024 2204 2081 2250; x_wconf 87' lang='lat' dir='ltr'><strong>ut</strong></span> <span class='ocrx_word' id='word_1_604' title='bbox 2108 2211 2318 2266; x_wconf 65' lang='lat' dir='ltr'><strong>magna:</strong></span> <span class='ocrx_word' id='word_1_605' title='bbox 2352 2203 2546 2252; x_wconf 69' lang='lat' dir='ltr'><strong>stature</strong></span> <span class='ocrx_word' id='word_1_606' title='bbox 2579 2202 2903 2249; x_wconf 84' lang='lat' dir='ltr'><strong>cunt-torum</strong></span> <span class='ocrx_word' id='word_1_607' title='bbox 2949 2193 3228 2249; x_wconf 87' lang='lat' dir='ltr'><strong>hominum</strong></span> <span class='ocrx_word' id='word_1_608' title='bbox 3266 2195 3429 2249; x_wconf 74' lang='lat' dir='ltr'><strong>vitam</strong></span> 
     </span>
    </p>
   </div>
   <div class='ocr_carea' id='block_1_80' title="bbox 1853 2286 3430 2357">
    <p class='ocr_par' dir='ltr' id='par_1_80' title="bbox 1853 2286 3430 2357">
     <span class='ocr_line' id='line_1_80' title="bbox 1853 2286 3430 2357; baseline -0.001 -15"><span class='ocrx_word' id='word_1_609' title='bbox 1853 2297 2196 2357; x_wconf 70' lang='lat' dir='ltr'><strong>compararet</strong></span> <span class='ocrx_word' id='word_1_610' title='bbox 2241 2306 2253 2343; x_wconf 92' lang='lat'><strong>:</strong></span> <span class='ocrx_word' id='word_1_611' title='bbox 2299 2288 2619 2357; x_wconf 83' lang='lat' dir='ltr'><strong>prophetam</strong></span> <span class='ocrx_word' id='word_1_612' title='bbox 2670 2294 2850 2340; x_wconf 89' lang='lat' dir='ltr'><strong>autem</strong></span> <span class='ocrx_word' id='word_1_613' title='bbox 2906 2286 3164 2348; x_wconf 71' lang='lat' dir='ltr'><strong>deceliat,</strong></span> <span class='ocrx_word' id='word_1_614' title='bbox 3204 2287 3430 2341; x_wconf 87' lang='lat' dir='ltr'><strong>multam</strong></span> 
     </span>
    </p>
   </div>
   <div class='ocr_carea' id='block_1_81' title="bbox 1855 2378 3434 2450">
    <p class='ocr_par' dir='ltr' id='par_1_81' title="bbox 1855 2378 3434 2450">
     <span class='ocr_line' id='line_1_81' title="bbox 1855 2378 3434 2450; baseline -0.001 -16"><span class='ocrx_word' id='word_1_615' title='bbox 1855 2381 1997 2435; x_wconf 89' lang='lat' dir='ltr'><strong>hanc</strong></span> <span class='ocrx_word' id='word_1_616' title='bbox 2034 2389 2088 2435; x_wconf 89' lang='lat' dir='ltr'><strong>et</strong></span> <span class='ocrx_word' id='word_1_617' title='bbox 2114 2395 2362 2450; x_wconf 86' lang='lat' dir='ltr'><strong>magnam</strong></span> <span class='ocrx_word' id='word_1_618' title='bbox 2395 2382 2519 2435; x_wconf 70' lang='lat' dir='ltr'><strong>vitae</strong></span> <span class='ocrx_word' id='word_1_619' title='bbox 2561 2378 2995 2440; x_wconf 81' lang='lat' dir='ltr'><strong>ﬂuctuationem,</strong></span> <span class='ocrx_word' id='word_1_620' title='bbox 3053 2378 3161 2431; x_wconf 91' lang='lat' dir='ltr'><strong>lato</strong></span> <span class='ocrx_word' id='word_1_621' title='bbox 3194 2380 3326 2431; x_wconf 88' lang='lat' dir='ltr'><strong>mari</strong></span> <span class='ocrx_word' id='word_1_622' title='bbox 3356 2381 3434 2435; x_wconf 85' lang='lat' dir='ltr'><strong>si-</strong></span> 
     </span>
    </p>
   </div>
   <div class='ocr_carea' id='block_1_82' title="bbox 1854 2469 3431 2541">
    <p class='ocr_par' dir='ltr' id='par_1_82' title="bbox 1854 2469 3431 2541">
     <span class='ocr_line' id='line_1_82' title="bbox 1854 2469 3431 2541; baseline 0.001 -18"><span class='ocrx_word' id='word_1_623' title='bbox 1854 2471 2033 2526; x_wconf 91' lang='lat' dir='ltr'><strong>milem</strong></span> <span class='ocrx_word' id='word_1_624' title='bbox 2058 2471 2257 2526; x_wconf 83' lang='lat' dir='ltr'><strong>dicere.</strong></span> <span class='ocrx_word' id='word_1_625' title='bbox 2290 2469 2515 2541; x_wconf 78' lang='lat' dir='ltr'><strong>Regem,</strong></span> <span class='ocrx_word' id='word_1_626' title='bbox 2547 2470 2792 2540; x_wconf 80' lang='lat' dir='ltr'><strong>inquam,</strong></span> <span class='ocrx_word' id='word_1_627' title='bbox 2826 2484 2927 2540; x_wconf 87' lang='lat' dir='ltr'><strong>par</strong></span> <span class='ocrx_word' id='word_1_628' title='bbox 2960 2481 3077 2524; x_wconf 89' lang='lat' dir='ltr'><strong>erat</strong></span> <span class='ocrx_word' id='word_1_629' title='bbox 3110 2470 3347 2539; x_wconf 84' lang='lat' dir='ltr'><strong>pretiosa</strong></span> <span class='ocrx_word' id='word_1_630' title='bbox 3376 2469 3431 2524; x_wconf 92' lang='lat' dir='ltr'><strong>in</strong></span> 
     </span>
    </p>
   </div>
   <div class='ocr_carea' id='block_1_83' title="bbox 1853 2559 3433 2627">
    <p class='ocr_par' dir='ltr' id='par_1_83' title="bbox 1853 2559 3433 2627">
     <span class='ocr_line' id='line_1_83' title="bbox 1853 2559 3433 2627; baseline 0.001 -14"><span class='ocrx_word' id='word_1_631' title='bbox 1853 2559 2133 2613; x_wconf 84' lang='lat' dir='ltr'><strong>hominum</strong></span> <span class='ocrx_word' id='word_1_632' title='bbox 2167 2561 2526 2614; x_wconf 65' lang='lat' dir='ltr'><strong>aastimatione</strong></span> <span class='ocrx_word' id='word_1_633' title='bbox 2548 2560 2761 2614; x_wconf 87' lang='lat' dir='ltr'><strong>metalla</strong></span> <span class='ocrx_word' id='word_1_634' title='bbox 2781 2574 3000 2624; x_wconf 91' lang='lat' dir='ltr'><strong>aurum,</strong></span> <span class='ocrx_word' id='word_1_635' title='bbox 3027 2569 3338 2627; x_wconf 75' lang='lat' dir='ltr'><strong>argentum,</strong></span> <span class='ocrx_word' id='word_1_636' title='bbox 3356 2575 3433 2617; x_wconf 76' lang='lat' dir='ltr'><strong>tes</strong></span> 
     </span>
    </p>
   </div>
   <div class='ocr_carea' id='block_1_84' title="bbox 1854 2650 3433 2720">
    <p class='ocr_par' dir='ltr' id='par_1_84' title="bbox 1854 2650 3433 2720">
     <span class='ocr_line' id='line_1_84' title="bbox 1854 2650 3433 2720; baseline 0.001 -16"><span class='ocrx_word' id='word_1_637' title='bbox 1854 2650 2167 2720; x_wconf 81' lang='lat' dir='ltr'><strong>ferrumque</strong></span> <span class='ocrx_word' id='word_1_638' title='bbox 2192 2651 2603 2719; x_wconf 87' lang='lat' dir='ltr'><strong>suspicientem,</strong></span> <span class='ocrx_word' id='word_1_639' title='bbox 2640 2651 2894 2704; x_wconf 66' lang='lat' dir='ltr'><strong>conferre</strong></span> <span class='ocrx_word' id='word_1_640' title='bbox 2919 2665 3040 2703; x_wconf 84' lang='lat' dir='ltr'><strong>eum</strong></span> <span class='ocrx_word' id='word_1_641' title='bbox 3069 2650 3154 2703; x_wconf 80' lang='lat' dir='ltr'><strong>his</strong></span> <span class='ocrx_word' id='word_1_642' title='bbox 3186 2651 3433 2707; x_wconf 85' lang='lat' dir='ltr'><strong>materiis</strong></span> 
     </span>
    </p>
   </div>
   <div class='ocr_carea' id='block_1_85' title="bbox 1853 2740 3432 2815">
    <p class='ocr_par' dir='ltr' id='par_1_85' title="bbox 1853 2740 3432 2815">
     <span class='ocr_line' id='line_1_85' title="bbox 1853 2740 3432 2815; baseline -0.001 -18"><span class='ocrx_word' id='word_1_643' title='bbox 1853 2751 2211 2815; x_wconf 67' lang='lat' dir='ltr'><strong>pra&#39;polentes</strong></span> <span class='ocrx_word' id='word_1_644' title='bbox 2265 2743 2428 2796; x_wconf 81' lang='lat' dir='ltr'><strong>rariis</strong></span> <span class='ocrx_word' id='word_1_645' title='bbox 2482 2744 2819 2812; x_wconf 88' lang='lat' dir='ltr'><strong>temporibus</strong></span> <span class='ocrx_word' id='word_1_646' title='bbox 2862 2741 3003 2795; x_wconf 90' lang='lat' dir='ltr'><strong>inter</strong></span> <span class='ocrx_word' id='word_1_647' title='bbox 3047 2741 3296 2796; x_wconf 86' lang='lat' dir='ltr'><strong>homines</strong></span> <span class='ocrx_word' id='word_1_648' title='bbox 3331 2740 3432 2814; x_wconf 85' lang='lat' dir='ltr'><strong>dy-</strong></span> 
     </span>
    </p>
   </div>
   <div class='ocr_carea' id='block_1_86' title="bbox 1853 2830 3432 2903">
    <p class='ocr_par' dir='ltr' id='par_1_86' title="bbox 1853 2830 3432 2903">
     <span class='ocr_line' id='line_1_86' title="bbox 1853 2830 3432 2903; baseline -0.001 -16"><span class='ocrx_word' id='word_1_649' title='bbox 1853 2833 2107 2887; x_wconf 86' lang='lat' dir='ltr'><strong>nastias:</strong></span> <span class='ocrx_word' id='word_1_650' title='bbox 2155 2833 2477 2903; x_wconf 74' lang='lat' dir='ltr'><strong>prOpIietam</strong></span> <span class='ocrx_word' id='word_1_651' title='bbox 2525 2846 2655 2885; x_wconf 84' lang='lat' dir='ltr'><strong>vero</strong></span> <span class='ocrx_word' id='word_1_652' title='bbox 2704 2845 2811 2885; x_wconf 91' lang='lat' dir='ltr'><strong>non</strong></span> <span class='ocrx_word' id='word_1_653' title='bbox 2859 2830 3132 2896; x_wconf 77' lang='lat' dir='ltr'><strong>dedecuit,</strong></span> <span class='ocrx_word' id='word_1_654' title='bbox 3193 2831 3432 2885; x_wconf 78' lang='lat' dir='ltr'><strong>ferarum</strong></span> 
     </span>
    </p>
   </div>
   <div class='ocr_carea' id='block_1_87' title="bbox 1856 2922 3435 2995">
    <p class='ocr_par' dir='ltr' id='par_1_87' title="bbox 1856 2922 3435 2995">
     <span class='ocr_line' id='line_1_87' title="bbox 1856 2922 3435 2995; baseline -0.001 -17"><span class='ocrx_word' id='word_1_655' title='bbox 1856 2926 2042 2995; x_wconf 85' lang='lat' dir='ltr'><strong>liguris</strong></span> <span class='ocrx_word' id='word_1_656' title='bbox 2070 2923 2259 2979; x_wconf 87' lang='lat' dir='ltr'><strong>eadem</strong></span> <span class='ocrx_word' id='word_1_657' title='bbox 2311 2937 2475 2993; x_wconf 84' lang='lat' dir='ltr'><strong>regna</strong></span> <span class='ocrx_word' id='word_1_658' title='bbox 2508 2922 2820 2992; x_wconf 88' lang='lat' dir='ltr'><strong>designare,</strong></span> <span class='ocrx_word' id='word_1_659' title='bbox 2863 2928 3229 2991; x_wconf 81' lang='lat' dir='ltr'><strong>congruenter</strong></span> <span class='ocrx_word' id='word_1_660' title='bbox 3272 2922 3435 2977; x_wconf 79' lang='lat' dir='ltr'><strong>nimi—</strong></span> 
     </span>
    </p>
   </div>
   <div class='ocr_carea' id='block_1_88' title="bbox 1855 3014 3433 3087">
    <p class='ocr_par' dir='ltr' id='par_1_88' title="bbox 1855 3014 3433 3087">
     <span class='ocr_line' id='line_1_88' title="bbox 1855 3014 3433 3087; baseline -0.002 -15"><span class='ocrx_word' id='word_1_661' title='bbox 1855 3034 1974 3072; x_wconf 83' lang='lat' dir='ltr'><strong>rum</strong></span> <span class='ocrx_word' id='word_1_662' title='bbox 2002 3016 2354 3087; x_wconf 88' lang='lat' dir='ltr'><strong>imperiorum</strong></span> <span class='ocrx_word' id='word_1_663' title='bbox 2403 3015 2667 3071; x_wconf 87' lang='lat' dir='ltr'><strong>moribus.</strong></span> <span class='ocrx_word' id='word_1_664' title='bbox 2703 3014 2943 3084; x_wconf 89' lang='lat' dir='ltr'><strong>Denique</strong></span> <span class='ocrx_word' id='word_1_665' title='bbox 2972 3015 3106 3085; x_wconf 85' lang='lat' dir='ltr'><strong>regi,</strong></span> <span class='ocrx_word' id='word_1_666' title='bbox 3140 3025 3195 3069; x_wconf 93' lang='grc' dir='ltr'><strong>ιιι</strong></span> <span class='ocrx_word' id='word_1_667' title='bbox 3228 3014 3306 3081; x_wconf 81' lang='grc' dir='ltr'>ιιι,</span> <span class='ocrx_word' id='word_1_668' title='bbox 3338 3029 3433 3069; x_wconf 87' lang='lat' dir='ltr'><strong>su-</strong></span> 
     </span>
    </p>
   </div>
   <div class='ocr_carea' id='block_1_89' title="bbox 1858 3105 3435 3180">
    <p class='ocr_par' dir='ltr' id='par_1_89' title="bbox 1858 3105 3435 3180">
     <span class='ocr_line' id='line_1_89' title="bbox 1858 3105 3435 3180; baseline -0.002 -16"><span class='ocrx_word' id='word_1_669' title='bbox 1858 3109 2024 3180; x_wconf 83' lang='lat' dir='ltr'><strong>perbo</strong></span> <span class='ocrx_word' id='word_1_670' title='bbox 2066 3118 2122 3164; x_wconf 89' lang='lat' dir='ltr'><strong>et</strong></span> <span class='ocrx_word' id='word_1_671' title='bbox 2164 3107 2432 3176; x_wconf 84' lang='lat' dir='ltr'><strong>majorum</strong></span> <span class='ocrx_word' id='word_1_672' title='bbox 2492 3122 2717 3161; x_wconf 88' lang='lat' dir='ltr'><strong>suorum</strong></span> <span class='ocrx_word' id='word_1_673' title='bbox 2780 3106 2996 3161; x_wconf 90' lang='lat' dir='ltr'><strong>diutina</strong></span> <span class='ocrx_word' id='word_1_674' title='bbox 3058 3105 3435 3161; x_wconf 86' lang='lat' dir='ltr'><strong>dominatione</strong></span> 
     </span>
    </p>
   </div>
   <div class='ocr_carea' id='block_1_90' title="bbox 1852 3199 3434 3269">
    <p class='ocr_par' dir='ltr' id='par_1_90' title="bbox 1852 3199 3434 3269">
     <span class='ocr_line' id='line_1_90' title="bbox 1852 3199 3434 3269; baseline -0.003 -12"><span class='ocrx_word' id='word_1_675' title='bbox 1852 3203 2029 3268; x_wconf 76' lang='lat' dir='ltr'><strong>elato,</strong></span> <span class='ocrx_word' id='word_1_676' title='bbox 2079 3214 2259 3255; x_wconf 89' lang='lat' dir='ltr'><strong>rerum</strong></span> <span class='ocrx_word' id='word_1_677' title='bbox 2316 3199 2604 3253; x_wconf 90' lang='lat' dir='ltr'><strong>conversio</strong></span> <span class='ocrx_word' id='word_1_678' title='bbox 2648 3199 2983 3261; x_wconf 84' lang='lat' dir='ltr'><strong>ostenditur,</strong></span> <span class='ocrx_word' id='word_1_679' title='bbox 3034 3212 3434 3269; x_wconf 83' lang='lat' dir='ltr'><strong>regnorumque</strong></span> 
     </span>
    </p>
   </div>
   <div class='ocr_carea' id='block_1_91' title="bbox 1852 3287 3433 3358">
    <p class='ocr_par' dir='ltr' id='par_1_91' title="bbox 1852 3287 3433 3358">
     <span class='ocr_line' id='line_1_91' title="bbox 1852 3287 3433 3358; baseline -0.003 -12"><span class='ocrx_word' id='word_1_680' title='bbox 1852 3293 2196 3348; x_wconf 89' lang='lat' dir='ltr'><strong>terrestriqu</strong></span> <span class='ocrx_word' id='word_1_681' title='bbox 2233 3289 2359 3345; x_wconf 77' lang='lat' dir='ltr'><strong>linis</strong></span> <span class='ocrx_word' id='word_1_682' title='bbox 2387 3304 2401 3341; x_wconf 89' lang='lat'><strong>:</strong></span> <span class='ocrx_word' id='word_1_683' title='bbox 2430 3290 2641 3344; x_wconf 88' lang='lat' dir='ltr'><strong>scilicet</strong></span> <span class='ocrx_word' id='word_1_684' title='bbox 2680 3289 2750 3343; x_wconf 94' lang='lat' dir='ltr'><strong>ob</strong></span> <span class='ocrx_word' id='word_1_685' title='bbox 2772 3289 2892 3358; x_wconf 87' lang='lat' dir='ltr'><strong>ejus</strong></span> <span class='ocrx_word' id='word_1_686' title='bbox 2922 3287 3090 3341; x_wconf 89' lang='lat' dir='ltr'><strong>animi</strong></span> <span class='ocrx_word' id='word_1_687' title='bbox 3134 3289 3433 3342; x_wconf 88' lang='lat' dir='ltr'><strong>curandam</strong></span> 
     </span>
    </p>
   </div>
   <div class='ocr_carea' id='block_1_92' title="bbox 1854 3378 3435 3452">
    <p class='ocr_par' dir='ltr' id='par_1_92' title="bbox 1854 3378 3435 3452">
     <span class='ocr_line' id='line_1_92' title="bbox 1854 3378 3435 3452; baseline -0.002 -15"><span class='ocrx_word' id='word_1_688' title='bbox 1854 3384 2239 3443; x_wconf 87' lang='lat' dir='ltr'><strong>tumiditatem,</strong></span> <span class='ocrx_word' id='word_1_689' title='bbox 2271 3391 2436 3452; x_wconf 91' lang='lat' dir='ltr'><strong>atque</strong></span> <span class='ocrx_word' id='word_1_690' title='bbox 2466 3391 2525 3434; x_wconf 85' lang='lat' dir='ltr'><strong>ut</strong></span> <span class='ocrx_word' id='word_1_691' title='bbox 2557 3381 2604 3436; x_wconf 91' lang='lat' dir='ltr'><strong>is</strong></span> <span class='ocrx_word' id='word_1_692' title='bbox 2631 3380 2765 3434; x_wconf 78' lang='lat' dir='ltr'><strong>nihil</strong></span> <span class='ocrx_word' id='word_1_693' title='bbox 2802 3381 2854 3433; x_wconf 91' lang='lat' dir='ltr'><strong>in</strong></span> <span class='ocrx_word' id='word_1_694' title='bbox 2890 3378 3206 3435; x_wconf 88' lang='lat' dir='ltr'><strong>hominibus</strong></span> <span class='ocrx_word' id='word_1_695' title='bbox 3236 3378 3435 3434; x_wconf 87' lang='lat' dir='ltr'><strong>stabile</strong></span> 
     </span>
    </p>
   </div>
   <div class='ocr_carea' id='block_1_93' title="bbox 1848 3470 3432 3546">
    <p class='ocr_par' dir='ltr' id='par_1_93' title="bbox 1848 3470 3432 3546">
     <span class='ocr_line' id='line_1_93' title="bbox 1848 3470 3432 3546; baseline -0.003 -17"><span class='ocrx_word' id='word_1_696' title='bbox 1848 3476 2138 3546; x_wconf 84' lang='lat' dir='ltr'><strong>judicaret,</strong></span> <span class='ocrx_word' id='word_1_697' title='bbox 2171 3486 2368 3545; x_wconf 66' lang='lat' dir='ltr'><strong>praeter</strong></span> <span class='ocrx_word' id='word_1_698' title='bbox 2392 3473 2562 3529; x_wconf 91' lang='lat' dir='ltr'><strong>divini</strong></span> <span class='ocrx_word' id='word_1_699' title='bbox 2593 3487 2758 3543; x_wconf 87' lang='lat' dir='ltr'><strong>super</strong></span> <span class='ocrx_word' id='word_1_700' title='bbox 2788 3486 2979 3527; x_wconf 88' lang='lat' dir='ltr'><strong>oumes</strong></span> <span class='ocrx_word' id='word_1_701' title='bbox 3001 3471 3258 3527; x_wconf 88' lang='lat' dir='ltr'><strong>mortales</strong></span> <span class='ocrx_word' id='word_1_702' title='bbox 3282 3470 3432 3541; x_wconf 89' lang='lat' dir='ltr'><strong>regni</strong></span> 
     </span>
    </p>
   </div>
   <div class='ocr_carea' id='block_1_94' title="bbox 1851 3562 3415 3636">
    <p class='ocr_par' dir='ltr' id='par_1_94' title="bbox 1851 3562 3415 3636">
     <span class='ocr_line' id='line_1_94' title="bbox 1851 3562 3415 3636; baseline -0.004 -13"><span class='ocrx_word' id='word_1_703' title='bbox 1851 3568 2412 3624; x_wconf 59' lang='lat' dir='ltr'><strong>consummationem.</strong></span> <span class='ocrx_word' id='word_1_704' title='bbox 2437 3564 2573 3619; x_wconf 86' lang='lat' dir='ltr'><strong>Nam</strong></span> <span class='ocrx_word' id='word_1_705' title='bbox 2610 3565 2843 3636; x_wconf 87' lang='lat' dir='ltr'><strong>primam</strong></span> <span class='ocrx_word' id='word_1_706' title='bbox 2873 3564 3223 3635; x_wconf 71' lang='lat' dir='ltr'><strong>Ass)riorum</strong></span> <span class='ocrx_word' id='word_1_707' title='bbox 3256 3562 3415 3618; x_wconf 78' lang='lat' dir='ltr'><strong>domi-</strong></span> 
     </span>
    </p>
   </div>
   <div class='ocr_carea' id='block_1_95' title="bbox 1854 3655 3432 3731">
    <p class='ocr_par' dir='ltr' id='par_1_95' title="bbox 1854 3655 3432 3731">
     <span class='ocr_line' id='line_1_95' title="bbox 1854 3655 3432 3731; baseline -0.005 -15"><span class='ocrx_word' id='word_1_708' title='bbox 1854 3662 2155 3722; x_wconf 84' lang='lat' dir='ltr'><strong>nationem,</strong></span> <span class='ocrx_word' id='word_1_709' title='bbox 2196 3676 2360 3731; x_wconf 90' lang='lat' dir='ltr'><strong>quam</strong></span> <span class='ocrx_word' id='word_1_710' title='bbox 2405 3673 2599 3713; x_wconf 89' lang='lat' dir='ltr'><strong>aurum</strong></span> <span class='ocrx_word' id='word_1_711' title='bbox 2638 3655 3020 3728; x_wconf 87' lang='lat' dir='ltr'><strong>portendebat,</strong></span> <span class='ocrx_word' id='word_1_712' title='bbox 3072 3664 3432 3725; x_wconf 78' lang='lat' dir='ltr'><strong>excepturum</strong></span> 
     </span>
    </p>
   </div>
   <div class='ocr_carea' id='block_1_96' title="bbox 1852 3745 3430 3818">
    <p class='ocr_par' dir='ltr' id='par_1_96' title="bbox 1852 3745 3430 3818">
     <span class='ocr_line' id='line_1_96' title="bbox 1852 3745 3430 3818; baseline -0.006 -9"><span class='ocrx_word' id='word_1_713' title='bbox 1852 3762 1971 3809; x_wconf 88' lang='lat' dir='ltr'><strong>erat</strong></span> <span class='ocrx_word' id='word_1_714' title='bbox 2000 3754 2245 3809; x_wconf 88' lang='lat' dir='ltr'><strong>secundo</strong></span> <span class='ocrx_word' id='word_1_715' title='bbox 2272 3753 2394 3806; x_wconf 88' lang='lat' dir='ltr'><strong>loco</strong></span> <span class='ocrx_word' id='word_1_716' title='bbox 2425 3750 2715 3806; x_wconf 83' lang='lat' dir='ltr'><strong>Persarum</strong></span> <span class='ocrx_word' id='word_1_717' title='bbox 2746 3748 3036 3818; x_wconf 80' lang='lat' dir='ltr'><strong>imperium</strong></span> <span class='ocrx_word' id='word_1_718' title='bbox 3086 3753 3313 3816; x_wconf 86' lang='lat' dir='ltr'><strong>argento</strong></span> <span class='ocrx_word' id='word_1_719' title='bbox 3340 3745 3430 3800; x_wconf 56' lang='lat' dir='ltr'><strong>dea</strong></span> 
     </span>
    </p>
   </div>
   <div class='ocr_carea' id='block_1_97' title="bbox 1854 3839 3431 3905">
    <p class='ocr_par' dir='ltr' id='par_1_97' title="bbox 1854 3839 3431 3905">
     <span class='ocr_line' id='line_1_97' title="bbox 1854 3839 3431 3905; baseline -0.008 -5"><span class='ocrx_word' id='word_1_720' title='bbox 1854 3853 2242 3901; x_wconf 87' lang='lat' dir='ltr'><strong>monstratum.</strong></span> <span class='ocrx_word' id='word_1_721' title='bbox 2278 3843 2485 3898; x_wconf 80' lang='lat' dir='ltr'><strong>Deinde</strong></span> <span class='ocrx_word' id='word_1_722' title='bbox 2526 3842 2747 3897; x_wconf 88' lang='lat' dir='ltr'><strong>tertium</strong></span> <span class='ocrx_word' id='word_1_723' title='bbox 2794 3839 3150 3894; x_wconf 79' lang='lat' dir='ltr'><strong>Macedonum</strong></span> <span class='ocrx_word' id='word_1_724' title='bbox 3182 3850 3431 3905; x_wconf 78' lang='lat' dir='ltr'><strong>regnum,</strong></span> 
     </span>
    </p>
   </div>
   <div class='ocr_carea' id='block_1_98' title="bbox 1853 3927 3432 4009">
    <p class='ocr_par' dir='ltr' id='par_1_98' title="bbox 1853 3927 3432 4009">
     <span class='ocr_line' id='line_1_98' title="bbox 1853 3927 3432 4009; baseline -0.008 -18"><span class='ocrx_word' id='word_1_725' title='bbox 1853 3937 2000 4009; x_wconf 82' lang='lat' dir='ltr'><strong>quod</strong></span> <span class='ocrx_word' id='word_1_726' title='bbox 2053 3952 2161 3993; x_wconf 65' lang='lat' dir='ltr'><strong>aere</strong></span> <span class='ocrx_word' id='word_1_727' title='bbox 2204 3934 2635 4006; x_wconf 73' lang='lat' dir='ltr'><strong>significabatur.</strong></span> <span class='ocrx_word' id='word_1_728' title='bbox 2692 3929 2823 3985; x_wconf 83' lang='lat' dir='ltr'><strong>Post</strong></span> <span class='ocrx_word' id='word_1_729' title='bbox 2871 3929 3015 4001; x_wconf 89' lang='lat' dir='ltr'><strong>quod</strong></span> <span class='ocrx_word' id='word_1_730' title='bbox 3067 3927 3432 3981; x_wconf 79' lang='lat' dir='ltr'><strong>Ronanormn</strong></span> 
     </span>
    </p>
   </div>
   <div class='ocr_carea' id='block_1_99' title="bbox 1853 4018 3440 4101">
    <p class='ocr_par' dir='ltr' id='par_1_99' title="bbox 1853 4018 3440 4101">
     <span class='ocr_line' id='line_1_99' title="bbox 1853 4018 3440 4101; baseline -0.007 -18"><span class='ocrx_word' id='word_1_731' title='bbox 1853 4038 2132 4101; x_wconf 85' lang='lat' dir='ltr'><strong>quartum,</strong></span> <span class='ocrx_word' id='word_1_732' title='bbox 2170 4026 2385 4083; x_wconf 74' lang='lat' dir='ltr'><strong>caeteris</strong></span> <span class='ocrx_word' id='word_1_733' title='bbox 2410 4040 2531 4095; x_wconf 67' lang='lat' dir='ltr'><strong>quae</strong></span> <span class='ocrx_word' id='word_1_734' title='bbox 2567 4028 2962 4094; x_wconf 60' lang='lat' dir='ltr'><strong>praecesserant</strong></span> <span class='ocrx_word' id='word_1_735' title='bbox 2993 4018 3189 4074; x_wconf 80' lang='lat' dir='ltr'><strong>fortius</strong></span> <span class='ocrx_word' id='word_1_736' title='bbox 3218 4038 3232 4073; x_wconf 74' lang='grc' dir='ltr'>ε</span> <span class='ocrx_word' id='word_1_737' title='bbox 3265 4031 3440 4087; x_wconf 78' lang='lat' dir='ltr'><strong>quare</strong></span> 
     </span>
    </p>
   </div>
   <div class='ocr_carea' id='block_1_100' title="bbox 1854 4112 3438 4189">
    <p class='ocr_par' dir='ltr' id='par_1_100' title="bbox 1854 4112 3438 4189">
     <span class='ocr_line' id='line_1_100' title="bbox 1854 4112 3438 4189; baseline -0.009 -11"><span class='ocrx_word' id='word_1_738' title='bbox 1854 4133 1903 4178; x_wconf 88' lang='lat' dir='ltr'><strong>et</strong></span> <span class='ocrx_word' id='word_1_739' title='bbox 1951 4121 2097 4177; x_wconf 80' lang='lat' dir='ltr'><strong>ferro</strong></span> <span class='ocrx_word' id='word_1_740' title='bbox 2155 4126 2503 4189; x_wconf 86' lang='lat' dir='ltr'><strong>comparatur</strong></span> <span class='ocrx_word' id='word_1_741' title='bbox 2561 4116 2873 4183; x_wconf 84' lang='lat' dir='ltr'><strong>diciturque</strong></span> <span class='ocrx_word' id='word_1_742' title='bbox 2909 4112 2976 4167; x_wconf 86' lang='lat' dir='ltr'><strong>de</strong></span> <span class='ocrx_word' id='word_1_743' title='bbox 3016 4126 3082 4167; x_wconf 90' lang='lat' dir='ltr'><strong>eo</strong></span> <span class='ocrx_word' id='word_1_744' title='bbox 3125 4130 3137 4165; x_wconf 93' lang='lat'>:</span> <span class='ocrx_word' id='word_1_745' title='bbox 3172 4116 3438 4181; x_wconf 81' lang='lat' dir='ltr'><strong>quartum</strong></span> 
     </span>
    </p>
   </div>
   <div class='ocr_carea' id='block_1_101' title="bbox 1854 4199 3438 4279">
    <p class='ocr_par' dir='ltr' id='par_1_101' title="bbox 1854 4199 3438 4279">
     <span class='ocr_line' id='line_1_101' title="bbox 1854 4199 3438 4279; baseline -0.008 -16"><span class='ocrx_word' id='word_1_746' title='bbox 1854 4210 1963 4265; x_wconf 82' lang='lat' dir='ltr'><strong>erit</strong></span> <span class='ocrx_word' id='word_1_747' title='bbox 1990 4224 2216 4279; x_wconf 83' lang='lat' dir='ltr'><strong>regnum</strong></span> <span class='ocrx_word' id='word_1_748' title='bbox 2246 4207 2486 4261; x_wconf 87' lang='lat' dir='ltr'><strong>validum</strong></span> <span class='ocrx_word' id='word_1_749' title='bbox 2524 4203 2652 4260; x_wconf 82' lang='lat' dir='ltr'><strong>ferri</strong></span> <span class='ocrx_word' id='word_1_750' title='bbox 2688 4204 2882 4258; x_wconf 90' lang='lat' dir='ltr'><strong>instar.</strong></span> <span class='ocrx_word' id='word_1_751' title='bbox 2916 4201 2993 4256; x_wconf 84' lang='lat' dir='ltr'><strong>Ac</strong></span> <span class='ocrx_word' id='word_1_752' title='bbox 3038 4200 3202 4254; x_wconf 87' lang='lat' dir='ltr'><strong>veluti</strong></span> <span class='ocrx_word' id='word_1_753' title='bbox 3230 4199 3438 4253; x_wconf 80' lang='lat' dir='ltr'><strong>ferrum</strong></span> 
     </span>
    </p>
   </div>
   <div class='ocr_carea' id='block_1_102' title="bbox 1857 4291 3439 4366">
    <p class='ocr_par' dir='ltr' id='par_1_102' title="bbox 1857 4291 3439 4366">
     <span class='ocr_line' id='line_1_102' title="bbox 1857 4291 3439 4366; baseline -0.006 -13"><span class='ocrx_word' id='word_1_754' title='bbox 1857 4300 2037 4353; x_wconf 90' lang='lat' dir='ltr'><strong>omnia</strong></span> <span class='ocrx_word' id='word_1_755' title='bbox 2076 4305 2335 4354; x_wconf 76' lang='lat' dir='ltr'><strong>extenuat</strong></span> <span class='ocrx_word' id='word_1_756' title='bbox 2379 4298 2696 4366; x_wconf 85' lang='lat' dir='ltr'><strong>domatqne,</strong></span> <span class='ocrx_word' id='word_1_757' title='bbox 2737 4296 2811 4348; x_wconf 89' lang='lat' dir='ltr'><strong>ita</strong></span> <span class='ocrx_word' id='word_1_758' title='bbox 2856 4294 2961 4349; x_wconf 89' lang='lat' dir='ltr'><strong>hoc</strong></span> <span class='ocrx_word' id='word_1_759' title='bbox 2997 4307 3221 4364; x_wconf 88' lang='lat' dir='ltr'><strong>regnum</strong></span> <span class='ocrx_word' id='word_1_760' title='bbox 3252 4291 3439 4345; x_wconf 81' lang='lat' dir='ltr'><strong>omnia</strong></span> 
     </span>
    </p>
   </div>
   <div class='ocr_carea' id='block_1_103' title="bbox 1857 4383 3439 4459">
    <p class='ocr_par' dir='ltr' id='par_1_103' title="bbox 1857 4383 3439 4459">
     <span class='ocr_line' id='line_1_103' title="bbox 1857 4383 3439 4459; baseline -0.008 -12"><span class='ocrx_word' id='word_1_761' title='bbox 1857 4393 2320 4447; x_wconf 87' lang='lat' dir='ltr'><strong>comminutttrum</strong></span> <span class='ocrx_word' id='word_1_762' title='bbox 2357 4405 2419 4444; x_wconf 89' lang='lat' dir='ltr'><strong>ac</strong></span> <span class='ocrx_word' id='word_1_763' title='bbox 2450 4389 2893 4459; x_wconf 71' lang='lat' dir='ltr'><strong>subjugaturum.</strong></span> <span class='ocrx_word' id='word_1_764' title='bbox 2934 4384 3065 4440; x_wconf 89' lang='lat' dir='ltr'><strong>Post</strong></span> <span class='ocrx_word' id='word_1_765' title='bbox 3113 4384 3227 4438; x_wconf 65' lang='lat' dir='ltr'><strong>haec</strong></span> <span class='ocrx_word' id='word_1_766' title='bbox 3254 4383 3439 4437; x_wconf 85' lang='lat' dir='ltr'><strong>omnia</strong></span> 
     </span>
    </p>
   </div>
   <div class='ocr_carea' id='block_1_104' title="bbox 1788 4482 3440 4568">
    <p class='ocr_par' dir='ltr' id='par_1_104' title="bbox 1788 4482 3440 4568">
     <span class='ocr_line' id='line_1_104' title="bbox 1788 4482 3440 4568; baseline -0.006 -28"><span class='ocrx_word' id='word_1_767' title='bbox 1788 4514 1830 4568; x_wconf 72' lang='grc' dir='ltr'><strong>ι)</strong></span> <span class='ocrx_word' id='word_1_768' title='bbox 1859 4484 1953 4540; x_wconf 88' lang='lat' dir='ltr'><strong>Dei</strong></span> <span class='ocrx_word' id='word_1_769' title='bbox 2000 4500 2225 4555; x_wconf 79' lang='lat' dir='ltr'><strong>regnum</strong></span> <span class='ocrx_word' id='word_1_770' title='bbox 2270 4483 2324 4537; x_wconf 91' lang='lat' dir='ltr'><strong>in</strong></span> <span class='ocrx_word' id='word_1_771' title='bbox 2377 4482 2553 4552; x_wconf 86' lang='lat' dir='ltr'><strong>lapide</strong></span> <span class='ocrx_word' id='word_1_772' title='bbox 2603 4491 2771 4535; x_wconf 85' lang='lat' dir='ltr'><strong>totam</strong></span> <span class='ocrx_word' id='word_1_773' title='bbox 2831 4487 3067 4533; x_wconf 90' lang='lat' dir='ltr'><strong>statuam</strong></span> <span class='ocrx_word' id='word_1_774' title='bbox 3122 4482 3440 4532; x_wconf 82' lang='lat' dir='ltr'><strong>conterente</strong></span> 
     </span>
    </p>
   </div>
   <div class='ocr_carea' id='block_1_105' title="bbox 1859 4566 3439 4647">
    <p class='ocr_par' dir='ltr' id='par_1_105' title="bbox 1859 4566 3439 4647">
     <span class='ocr_line' id='line_1_105' title="bbox 1859 4566 3439 4647; baseline -0.007 -17"><span class='ocrx_word' id='word_1_775' title='bbox 1859 4581 2281 4647; x_wconf 82' lang='lat' dir='ltr'><strong>agnoscere&#39;est.</strong></span> <span class='ocrx_word' id='word_1_776' title='bbox 2308 4571 2445 4625; x_wconf 88' lang='lat' dir='ltr'><strong>Tum</strong></span> <span class='ocrx_word' id='word_1_777' title='bbox 2477 4583 2531 4625; x_wconf 88' lang='lat' dir='ltr'><strong>et</strong></span> <span class='ocrx_word' id='word_1_778' title='bbox 2562 4571 2823 4642; x_wconf 85' lang='lat' dir='ltr'><strong>propheta</strong></span> <span class='ocrx_word' id='word_1_779' title='bbox 2851 4570 2936 4624; x_wconf 91' lang='lat' dir='ltr'><strong>his</strong></span> <span class='ocrx_word' id='word_1_780' title='bbox 2966 4583 3300 4626; x_wconf 86' lang='lat' dir='ltr'><strong>consonans.</strong></span> <span class='ocrx_word' id='word_1_781' title='bbox 3323 4566 3439 4621; x_wconf 86' lang='lat' dir='ltr'><strong>uni-</strong></span> 
     </span>
    </p>
   </div>
   <div class='ocr_carea' id='block_1_106' title="bbox 1857 4656 3439 4735">
    <p class='ocr_par' dir='ltr' id='par_1_106' title="bbox 1857 4656 3439 4735">
     <span class='ocr_line' id='line_1_106' title="bbox 1857 4656 3439 4735; baseline -0.005 -14"><span class='ocrx_word' id='word_1_782' title='bbox 1857 4668 2071 4723; x_wconf 76' lang='lat' dir='ltr'><strong>vet-sale</strong></span> <span class='ocrx_word' id='word_1_783' title='bbox 2104 4665 2195 4719; x_wconf 89' lang='lat' dir='ltr'><strong>Dei</strong></span> <span class='ocrx_word' id='word_1_784' title='bbox 2238 4674 2522 4735; x_wconf 85' lang='lat' dir='ltr'><strong>postremo</strong></span> <span class='ocrx_word' id='word_1_785' title='bbox 2559 4663 2680 4716; x_wconf 86' lang='lat' dir='ltr'><strong>loco</strong></span> <span class='ocrx_word' id='word_1_786' title='bbox 2735 4663 2973 4725; x_wconf 75' lang='lat' dir='ltr'><strong>futurum</strong></span> <span class='ocrx_word' id='word_1_787' title='bbox 3022 4676 3251 4730; x_wconf 79' lang='lat' dir='ltr'><strong>regnum</strong></span> <span class='ocrx_word' id='word_1_788' title='bbox 3296 4656 3439 4713; x_wconf 71' lang='lat' dir='ltr'><strong>haud</strong></span> 
     </span>
    </p>
   </div>
   <div class='ocr_carea' id='block_1_107' title="bbox 1858 4751 3440 4826">
    <p class='ocr_par' dir='ltr' id='par_1_107' title="bbox 1858 4751 3440 4826">
     <span class='ocr_line' id='line_1_107' title="bbox 1858 4751 3440 4826; baseline -0.006 -14"><span class='ocrx_word' id='word_1_789' title='bbox 1858 4766 1985 4813; x_wconf 82' lang='lat' dir='ltr'><strong>ante</strong></span> <span class='ocrx_word' id='word_1_790' title='bbox 2003 4757 2169 4820; x_wconf 82' lang='lat' dir='ltr'><strong>videt,</strong></span> <span class='ocrx_word' id='word_1_791' title='bbox 2187 4770 2350 4826; x_wconf 84' lang='lat' dir='ltr'><strong>quam</strong></span> <span class='ocrx_word' id='word_1_792' title='bbox 2376 4754 2647 4825; x_wconf 64' lang='lat' dir='ltr'><strong>praedicta-</strong></span> <span class='ocrx_word' id='word_1_793' title='bbox 2665 4763 2899 4824; x_wconf 90' lang='lat' dir='ltr'><strong>quatuor</strong></span> <span class='ocrx_word' id='word_1_794' title='bbox 2915 4751 3181 4822; x_wconf 61' lang='lat' dir='ltr'><strong>dynastiat</strong></span> <span class='ocrx_word' id='word_1_795' title='bbox 3201 4757 3440 4820; x_wconf 84' lang='lat' dir='ltr'><strong>quatuor</strong></span> 
     </span>
    </p>
   </div>
   <div class='ocr_carea' id='block_1_108' title="bbox 1855 4840 3429 4920">
    <p class='ocr_par' dir='ltr' id='par_1_108' title="bbox 1855 4840 3429 4920">
     <span class='ocr_line' id='line_1_108' title="bbox 1855 4840 3429 4920; baseline -0.005 -15"><span class='ocrx_word' id='word_1_796' title='bbox 1855 4850 2156 4905; x_wconf 72' lang='lat' dir='ltr'><strong>belluarum</strong></span> <span class='ocrx_word' id='word_1_797' title='bbox 2186 4850 2371 4920; x_wconf 86' lang='lat' dir='ltr'><strong>liguris</strong></span> <span class='ocrx_word' id='word_1_798' title='bbox 2401 4862 2672 4917; x_wconf 74' lang='lat' dir='ltr'><strong>expressa:</strong></span> <span class='ocrx_word' id='word_1_799' title='bbox 2697 4863 2747 4900; x_wconf 90' lang='lat' dir='ltr'><strong>Ill</strong></span> <span class='ocrx_word' id='word_1_800' title='bbox 2783 4860 3035 4901; x_wconf 90' lang='lat' dir='ltr'><strong>sermone</strong></span> <span class='ocrx_word' id='word_1_801' title='bbox 3068 4845 3301 4899; x_wconf 78' lang='lat' dir='ltr'><strong>fuerunt.</strong></span> <span class='ocrx_word' id='word_1_802' title='bbox 3334 4840 3429 4897; x_wconf 84' lang='lat' dir='ltr'><strong>Ho-</strong></span> 
     </span>
    </p>
   </div>
   <div class='ocr_carea' id='block_1_109' title="bbox 1856 4933 3439 5012">
    <p class='ocr_par' dir='ltr' id='par_1_109' title="bbox 1856 4933 3439 5012">
     <span class='ocr_line' id='line_1_109' title="bbox 1856 4933 3439 5012; baseline -0.008 -14"><span class='ocrx_word' id='word_1_803' title='bbox 1856 4959 1976 4998; x_wconf 89' lang='lat' dir='ltr'><strong>rum</strong></span> <span class='ocrx_word' id='word_1_804' title='bbox 1995 4951 2370 5012; x_wconf 86' lang='lat' dir='ltr'><strong>ergoquatuor</strong></span> <span class='ocrx_word' id='word_1_805' title='bbox 2383 4956 2671 5011; x_wconf 87' lang='lat' dir='ltr'><strong>regnorum</strong></span> <span class='ocrx_word' id='word_1_806' title='bbox 2689 4936 3084 4995; x_wconf 86' lang='lat' dir='ltr'><strong>tantummodo.</strong></span> <span class='ocrx_word' id='word_1_807' title='bbox 3108 4943 3160 4990; x_wconf 91' lang='lat' dir='ltr'><strong>ct</strong></span> <span class='ocrx_word' id='word_1_808' title='bbox 3183 4951 3288 4989; x_wconf 91' lang='lat' dir='ltr'><strong>non</strong></span> <span class='ocrx_word' id='word_1_809' title='bbox 3306 4933 3439 4986; x_wconf 79' lang='lat' dir='ltr'><strong>alio-</strong></span> 
     </span>
    </p>
   </div>
   <div class='ocr_carea' id='block_1_110' title="bbox 1860 5024 3441 5100">
    <p class='ocr_par' dir='ltr' id='par_1_110' title="bbox 1860 5024 3441 5100">
     <span class='ocr_line' id='line_1_110' title="bbox 1860 5024 3441 5100; baseline -0.008 -11"><span class='ocrx_word' id='word_1_810' title='bbox 1860 5051 2004 5096; x_wconf 83' lang='lat' dir='ltr'><strong>rmn,</strong></span> <span class='ocrx_word' id='word_1_811' title='bbox 2038 5035 2279 5088; x_wconf 86' lang='lat' dir='ltr'><strong>arbitror</strong></span> <span class='ocrx_word' id='word_1_812' title='bbox 2306 5033 2674 5087; x_wconf 83' lang='lat' dir='ltr'><strong>visionestum</strong></span> <span class='ocrx_word' id='word_1_813' title='bbox 2702 5029 2814 5100; x_wconf 79' lang='lat' dir='ltr'><strong>regi</strong></span> <span class='ocrx_word' id='word_1_814' title='bbox 2847 5038 2959 5083; x_wconf 91' lang='lat' dir='ltr'><strong>tum</strong></span> <span class='ocrx_word' id='word_1_815' title='bbox 2987 5028 3262 5099; x_wconf 76' lang='lat' dir='ltr'><strong>praplzetm</strong></span> <span class='ocrx_word' id='word_1_816' title='bbox 3286 5024 3441 5077; x_wconf 79' lang='lat' dir='ltr'><strong>obla-</strong></span> 
     </span>
    </p>
   </div>
   <div class='ocr_carea' id='block_1_111' title="bbox 1858 5114 3439 5195">
    <p class='ocr_par' dir='ltr' id='par_1_111' title="bbox 1858 5114 3439 5195">
     <span class='ocr_line' id='line_1_111' title="bbox 1858 5114 3439 5195; baseline -0.009 -13"><span class='ocrx_word' id='word_1_817' title='bbox 1858 5137 1945 5183; x_wconf 86' lang='lat' dir='ltr'><strong>tas</strong></span> <span class='ocrx_word' id='word_1_818' title='bbox 1979 5125 2168 5191; x_wconf 82' lang='lat' dir='ltr'><strong>fuisse,</strong></span> <span class='ocrx_word' id='word_1_819' title='bbox 2199 5125 2326 5195; x_wconf 91' lang='lat' dir='ltr'><strong>quia</strong></span> <span class='ocrx_word' id='word_1_820' title='bbox 2378 5124 2635 5178; x_wconf 85' lang='lat' dir='ltr'><strong>nimirum</strong></span> <span class='ocrx_word' id='word_1_821' title='bbox 2668 5122 2735 5176; x_wconf 92' lang='lat' dir='ltr'><strong>ab</strong></span> <span class='ocrx_word' id='word_1_822' title='bbox 2785 5121 2871 5175; x_wconf 91' lang='lat' dir='ltr'><strong>his</strong></span> <span class='ocrx_word' id='word_1_823' title='bbox 2908 5118 3090 5188; x_wconf 85' lang='lat' dir='ltr'><strong>regnis</strong></span> <span class='ocrx_word' id='word_1_824' title='bbox 3121 5114 3439 5170; x_wconf 64' lang='lat' dir='ltr'><strong>Iudaeorum</strong></span> 
     </span>
    </p>
   </div>
   <div class='ocr_carea' id='block_1_112' title="bbox 1860 5205 3441 5292">
    <p class='ocr_par' dir='ltr' id='par_1_112' title="bbox 1860 5205 3441 5292">
     <span class='ocr_line' id='line_1_112' title="bbox 1860 5205 3441 5292; baseline -0.007 -17"><span class='ocrx_word' id='word_1_825' title='bbox 1860 5221 2094 5292; x_wconf 84' lang='lat' dir='ltr'><strong>populus</strong></span> <span class='ocrx_word' id='word_1_826' title='bbox 2123 5219 2347 5274; x_wconf 83' lang='lat' dir='ltr'><strong>servitio</strong></span> <span class='ocrx_word' id='word_1_827' title='bbox 2371 5217 2471 5272; x_wconf 79' lang='lat' dir='ltr'><strong>fuit</strong></span> <span class='ocrx_word' id='word_1_828' title='bbox 2497 5230 2820 5287; x_wconf 82' lang='lat' dir='ltr'><strong>oppressus,</strong></span> <span class='ocrx_word' id='word_1_829' title='bbox 2853 5220 3012 5285; x_wconf 83' lang='lat' dir='ltr'><strong>capto</strong></span> <span class='ocrx_word' id='word_1_830' title='bbox 3042 5225 3074 5265; x_wconf 86' lang='lat' dir='ltr'><strong>a</strong></span> <span class='ocrx_word' id='word_1_831' title='bbox 3098 5205 3441 5280; x_wconf 74' lang='lat' dir='ltr'><strong>temporibus</strong></span> 
     </span>
    </p>
   </div>
   <div class='ocr_carea' id='block_1_113' title="bbox 1857 5309 2389 5383">
    <p class='ocr_par' dir='ltr' id='par_1_113' title="bbox 1857 5309 2389 5383">
     <span class='ocr_line' id='line_1_113' title="bbox 1857 5309 2389 5383; baseline -0.009 -17"><span class='ocrx_word' id='word_1_832' title='bbox 1857 5311 2136 5383; x_wconf 76' lang='lat' dir='ltr'><strong>propheta:</strong></span> <span class='ocrx_word' id='word_1_833' title='bbox 2163 5309 2338 5365; x_wconf 87' lang='lat' dir='ltr'><strong>initio.</strong></span> <span class='ocrx_word' id='word_1_834' title='bbox 2368 5327 2389 5361; x_wconf 72' lang='grc' dir='ltr'><strong>ι</strong></span> 
     </span>
    </p>
   </div>
  </div>
