3856 6222
184 303 294 359 800

1321 295 1526 352 LIBER
1563 292 1843 351 CONTRA
1896 289 2319 349 HIEROCLEM.

3343 285 3453 345 810

181 416 294 489 ἄρα
324 412 485 483 φύσιν
516 409 822 485 ἀνθρώποις
857 410 1265 482 ὲπιλάμψασαν.
1297 411 1509 465 σκότιον
1539 425 1644 462 που
1676 407 1774 462 καὶ

1899 404 2039 460 alem
2059 403 2169 460 lere
2199 401 2484 459 stabiliens
2499 408 2786 457 auctorum
2815 399 3176 455 memoriam:
3205 398 3453 457 divinam

185 504 532 579 μινυνθάδιον
563 503 848 557 ἀποτελεῖν
868 543 882 566 ,
915 504 1037 574 οὐχὶ
1068 503 1124 557 δὲ
1153 505 1211 568 ὲς
1236 503 1409 558 αίῶνα
1436 502 1534 574 τὴν
1567 500 1772 573 ἀρετὴν

184 597 589 654 ἐπιδείκνυσθαι
611 638 624 661 ,
663 597 738 668 μὴ
772 599 829 662 ἐς
867 597 964 651 ἕνα
992 597 1114 652 τινὰ
1148 597 1340 669 Δάμιν,
1378 597 1410 668 ἢ
1450 598 1544 650 καὶ
1577 595 1771 660 ἄλλους

185 692 412 765 βραχεῖς
464 690 852 761 πτωχεύουσαν
897 689 1008 762 (46)
1042 689 1151 742 τῶν
1189 687 1525 762 ἀνθρώπων,
1564 688 1679 743 ἀλλ’
1713 689 1774 752 ἐς

186 785 400 862 μυρίων
432 784 572 836 ὅσων
610 782 879 852 ὠφελείας
899 821 914 847 ,
948 782 1008 834 οὐ
1046 780 1154 835 τῶν
1183 780 1304 836 καθ’
1337 774 1411 837 ὧν
1446 781 1774 854 ὲγνωρίζετο

185 877 386 947 μόνον,
426 875 562 932 ἀλλά
595 877 691 928 καὶ
729 875 838 928 τῶν
875 874 1013 946 μετά
1053 873 1228 930 ταῦτα
1261 875 1642 946 γενησομένων
1674 874 1773 946 τὴν

184 971 427 1043 πάροδον
457 971 777 1042 ποιουμένη.
803 968 990 1043 Ταύτῃ
1010 968 1190 1022 τοίνυν
1213 968 1306 1022 καὶ
1337 969 1463 1032 τοὺς
1491 967 1660 1022 πάλαι
1681 983 1775 1020 σο-

182 1063 324 1131 φοὺς
356 1061 603 1132 ζηλωτάς
634 1078 696 1113 τε
731 1061 826 1114 καὶ
857 1060 1134 1130 διαδόχους
1169 1058 1498 1128 ποιήσασθαι
1531 1058 1643 1129 (47)
1676 1057 1776 1130 τῆς

182 1153 420 1224 ἀρετῆς,
452 1152 716 1206 ἀθάνατον
764 1151 840 1215 ὡς
878 1151 1094 1222 ἀληθῶς
1142 1149 1449 1224 ἀνθρώποις
1491 1165 1801 1230 παρεσχηη

185 1248 390 1318 μένους
434 1247 494 1300 τὸ
539 1247 888 1318 κατόρθωμα.
931 1247 993 1299 Et
1037 1246 1094 1299 δὲ
1135 1245 1336 1316 θνητήν
1363 1243 1410 1296 θ’
1440 1243 1778 1314 ὑπογράφεις

181 1339 416 1410 τάνδρὸς
446 1339 546 1409 τὴν
575 1338 768 1408 φύσιν,
796 1339 899 1408 ὅρα
944 1337 1018 1409 μὴ
1059 1335 1218 1390 πλέον
1257 1334 1290 1406 ἢ
1326 1335 1571 1407 προσῆκε
1605 1333 1778 1408 ταύτῃ

181 1431 573 1505 χαριζόμενος,
602 1431 759 1504 δίκην
783 1429 1031 1494 ἀποίσεις
1064 1427 1422 1501 παραλογίας.

724 1714 1125 1770 ΚΕΦΔΛΑΙΟΝ
1167 1712 1248 1770 ii'.

1879 512 2010 554 vero
2042 506 2320 562 naturam,
2347 495 2599 551 homines
2637 493 3019 560 irradiantem,
3050 492 3338 550 admittere
3366 499 3455 550 te-

1880 591 2102 656 nebras,
2138 603 2443 660 parumque
2472 586 2776 642 durabilem
2815 601 2973 642 esse:
3017 601 3194 657 neque
3217 586 3270 641 in
3293 595 3456 642 aeter-

1879 699 2013 739 num
2067 681 2371 740 subsistere
2400 681 2680 744 virtutem,
2742 687 3058 735 contentam
3116 677 3364 744 minime,
3398 678 3459 736 in

1879 773 2161 828 Damidem
2221 772 2480 844 aliquem,
2536 771 2781 842 aliosque
2822 771 3004 827 brevis
3052 769 3150 826 aevi
3205 771 3460 829 homines

1881 882 2176 940 pauperem
2205 866 2522 922 exercuisse
2546 865 2958 928 liberalitatem,
2986 865 3081 920 sed
3115 864 3174 920 in
3208 867 3461 921 multitu-

1882 956 2030 1012 dinis
2077 957 2359 1012 hominum
2403 958 2647 1023 inﬁnitae,
2680 974 2791 1014 non
2827 959 2947 1030 ejus
2971 966 3183 1014 tantum
3213 973 3324 1032 quo
3375 959 3462 1016 in-

1882 1051 2080 1107 claruit
2100 1051 2423 1118 aevi,verum
2452 1053 2614 1108 etiam
2636 1053 2864 1123 posthac
2893 1053 3286 1110 exstiturorum
3309 1068 3465 1109 emo-

1883 1143 2186 1198 lumentum
2222 1142 2646 1198 redundantem.
2679 1142 2845 1215 Atqui
2880 1159 2944 1200 ea
2988 1145 3203 1201 ratione
3248 1143 3462 1214 antiqui

1885 1236 2183 1307 sapientes,
2217 1237 2438 1292 virtutis
2493 1253 2606 1293 suae
2652 1237 2956 1295 imitatores
3000 1253 3466 1310 successoresque

1885 1326 1992 1381 sibi
2025 1335 2376 1397 paraverunt.
2409 1327 2721 1384 immortale
2751 1330 2994 1386 humano
3031 1332 3216 1402 generi
3247 1332 3463 1388 emolu-

1885 1432 2128 1476 mentum
2155 1421 2651 1492 praahentes.Quod
2682 1425 2728 1480 si
2747 1427 3031 1482 mortalem
3051 1441 3183 1482 vero
3211 1434 3465 1491 naturam

1885 1513 2129 1569 ascribas
2169 1515 2308 1579 viro,
2363 1529 2496 1571 cave
2526 1531 2596 1571 ne
2622 1516 2746 1588 plus
2777 1533 2942 1588 quam
2971 1533 3036 1574 ea
3071 1517 3232 1586 ferat,
3268 1520 3344 1576 illi
3367 1521 3468 1576 tri-

1885 1604 2082 1672 buens,
2118 1614 2319 1677 praeter
2347 1607 2618 1663 rationem
2648 1607 2828 1679 egisse
2858 1610 3161 1666 aceuseris.

2377 1718 2541 1790 διε
2573 1717 2802 1775 CAPUT
2839 1715 2979 1772 vui.

278 1831 440 1888 Ἀλλά
471 1833 578 1904 μὴν
601 1831 852 1904 εἰσῆκται
885 1828 1035 1901 αὑτῷ
1065 1829 1207 1892 θεῖος
1238 1826 1545 1899 ἄνθρωπος,
1571 1826 1666 1880 καὶ
1691 1823 1783 1878 θα·

1957 1830 2122 1904 Atqui
2151 1832 2378 1891 omnino
2407 1835 2483 1890 ita
2513 1836 2582 1891 ab
2601 1851 2667 1893 eo
2685 1839 2866 1891 virum
2893 1843 3343 1906 repraesentatum
3363 1835 3468 1891 ha-

185 1924 416 1980 λαττιου
460 1923 712 1995 δαίμονος
748 1921 937 1995 σχῆμά
961 1939 1020 1976 τε
1053 1923 1149 1976 καὶ
1181 1921 1522 1992 προσωπεῖον
1549 1918 1659 1973 ἀπὸ
1687 1934 1784 1986 γε-

187 2021 398 2083 νέσεως
423 2016 846 2088 ἀναλαμϐάνων.
883 2013 1106 2088 Κυούσῃ
1135 2013 1264 2085 γὰρ,
1293 2008 1367 2076 ὣς
1390 2027 1544 2082 φησι,
1587 2012 1655 2082 τῇ
1685 2010 1785 2063 αὒ-

183 2111 292 2166 τοῦ
323 2112 489 2183 μητρῖ⁹
525 2110 658 2181 (48),
680 2108 874 2180 φάσμα
904 2103 1035 2180 ἦλθε
1065 2103 1350 2160 θαλαττίου
1375 2105 1630 2174 δαίμονος
1651 2101 1783 2173 (49),

186 2206 480 2276 Πρωτεὺς,
499 2205 528 2258 ὀ
559 2202 712 2276 παρὰ
741 2203 817 2274 τῷ
844 2202 1066 2273 Ὁμήρῳ
1093 2198 1434 2264 ἐξαλλάττων
1456 2196 1591 2269 (50).
1623 2195 1687 2248 Ἦ
1706 2194 1784 2260 δὲ,

185 2298 353 2352 οὐδὲν
391 2296 656 2360 δείσασα,
684 2295 849 2367 ἡρετο
894 2292 1057 2348 αὑτὸν
1102 2291 1156 2346 τί
1203 2291 1542 2362 ἀποκυήσοι;
1599 2288 1658 2342 '0
1706 2285 1784 2352 δὲ,

204 2391 374 2462 Ἐμὲ,
407 2384 548 2444 εἶπε.
577 2388 650 2442 Σὺ
685 2387 742 2442 δὲ
781 2387 896 2451 τίςς
925 2385 1218 2456 εἰπούσης·
1249 2383 1508 2456 Πρωτεὺς
1531 2421 1545 2445 ,
1583 2381 1723 2452 ἔφη,
1758 2383 1788 2435 ὁ

193 2483 521 2551 Αἰγύπτιος.
563 2478 697 2535 Εἶτα
744 2479 802 2533 δὲ
837 2477 1078 2550 λειμῶνά
1109 2494 1228 2532 τινα
1253 2516 1268 2542 ,
1305 2477 1401 2529 καὶ
1429 2473 1660 2538 κύκνους
1689 2471 1787 2544 τὴν

191 2580 440 2647 γυναῖκα
507 2573 828 2649 μαιεύεσθαι
897 2571 1136 2645 γράφει,
1199 2568 1394 2624 ὁπόθεν
1451 2566 1584 2622 αὐτὸ
1639 2564 1787 2620 τοῦτ’

190 2670 412 2743 ἐλήφθη
441 2669 553 2740 (51)
578 2667 652 2740 μὴ
687 2665 878 2721 εἰπών.
930 2664 1004 2718 Uti
1041 2663 1151 2736 γάρ
1183 2661 1248 2734 δὴ
1307 2661 1402 2715 καὶ
1446 2659 1636 2714 τούτου
1681 2659 1788 2729 ὐφ-

188 2762 413 2835 ηγητὴν
440 2762 613 2833 Δάμιν
636 2759 728 2812 τὸν
766 2756 1048 2828 Ἀσσύριον
1074 2751 1588 2826 ὑπογράψεται(52).
1628 2749 1788 2804 Ἀλλά

191 2856 300 2909 καὶ
331 2854 431 2907 οὐκ
483 2854 542 2915 ἐς
569 2851 779 2923 μακρὸν
811 2848 912 2918 τῆς
958 2847 1130 2918 αὐτῆς
1187 2847 1428 2918 ἱστορίας
1491 2843 1642 2914 αὐτῷ
1681 2843 1789 2899 Δά-

197 2948 344 3019 μιδι,
417 2940 503 2999 οἶα
533 2944 597 3016 δὴ
645 2943 796 3006 θείας
841 2941 970 2996 ὅντα
1014 2939 1259 3010 φύσεως,
1303 2939 1395 2992 τὸν
1435 2936 1790 2991 Ἀπολλώνιον

192 3037 436 3105 εἰσάγει,
470 3035 609 3090 αὑτά
641 3034 706 3106 δὴ
741 3032 915 3087 ταῦτα
945 3031 1173 3100 λέγοντα
1201 3045 1214 3059 °
1254 3047 1274 3080 ι
1323 3027 1492 3097 Ἐγὼ,
1521 3021 1566 3082 ὧ
1586 3029 1787 3100 ἑταῖρε,

194 3128 398 3182 πασῶν
423 3126 534 3181 τῶν
561 3125 753 3197 φωνῶν
793 3123 1048 3197 ξυνίημι,
1083 3121 1268 3194 μαθὼν
1293 3121 1548 3194 οὐδεμίαν
1571 3138 1585 3151 ·
1620 3141 1638 3173 ι
1671 3123 1785 3189 καὶ,
1816 3161 1858 3218 C

203 3240 227 3273 ε
252 3221 349 3292 Μὴ
373 3220 684 3291 θαυμάσῃς·
711 3213 827 3272 οῖδα
857 3217 967 3288 γὰρ
999 3217 1094 3270 καὶ
1121 3216 1157 3270 ἃ
1186 3214 1462 3268 σιωπῶσιν
1494 3215 1543 3267 οἱ
1573 3213 1786 3286 ἄνθρω-

196 3331 320 3367 ποι.
361 3333 380 3364 ι
410 3313 517 3366 Καὶ
547 3312 708 3364 πάλιν
729 3312 788 3364 ὲν
815 3307 1142 3382 Ἀσκληπιοῦ
1172 3306 1480 3379 τιμώμενον
1514 3306 1626 3377 (5'5)
1652 3307 1788 3378 πρὸς

193 3405 299 3460 τοῦ
329 3405 596 3475 δαίμονος,
632 3403 722 3458 καὶ
752 3401 1060 3474 πρόγνωσίν
1230 3417 1351 3454 τινα
1382 3399 1475 3454 καὶ
1501 3398 1787 3452 ἀδίδακτον

196 3495 320 3568 (55)
363 3495 508 3566 ἔχειν
553 3495 619 3548 ἐκ
663 3493 870 3561 παιδὸς,
917 3490 1202 3564 κρείττονά
1233 3506 1292 3544 τε
1320 3489 1558 3560 ἀτεχνῶς
1587 3486 1790 3560 ἀνθρώ.

276 3653 304 3687 ⁸
343 3653 436 3706 lib.
471 3667 518 3712 ι.
552 3666 601 3705 c.
634 3651 690 3706 4.
768 3650 789 3681 ⁸
825 3649 920 3705 lib.
955 3662 1004 3714 l,
1039 3664 1089 3703 c.
1125 3647 1180 3704 5.
1256 3646 1280 3677 ⁸
1316 3646 1412 3702 lib.
1449 3659 1503 3711 ι,
1537 3659 1588 3700 c.
1625 3644 1710 3700 i9.

264 3810 381 3883 (46)
412 3810 508 3883 Μὴ
550 3810 616 3876 ἐς
665 3810 774 3864 ἕνα
820 3809 953 3862 τινὰ
982 3805 1163 3883 Διξμιν
1196 3845 1237 3860 ..
1262 3843 1279 3858 .
1332 3804 1782 3883 πτωχερουᾳρν.

200 3874 519 3953 uidisses
550 3874 630 3944 ef;
653 3897 774 3953 τινα
795 3887 882 3934 est
910 3874 1159 3933 mendice
1189 3885 1244 3931 et
1275 3891 1465 3946 parum
1490 3874 1788 3929 liberaliter

203 3969 270 4009 se
322 3952 589 4025 adversus
633 3952 871 4025 aliquem
918 3963 1130 4025 gerere,
1183 3962 1344 4025 quem
1391 3959 1635 4025 sensum.
1665 3959 1788 4025 esse

251 4025 498 4086 hraseos,
543 4023 612 4078 ab
641 4015 882 4081 Acéiolo,
922 4015 984 4073 iit
1021 4015 1354 4081 multaalia,
1386 4030 1578 4086 parum
1621 4015 1786 4070 intel-

225 4087 399 4166 ectae,
420 4084 616 4164 lingua:
647 4091 898 4166 analogia
928 4091 1076 4166 satis
1103 4088 1304 4166 prodit.
1338 4084 1657 4166 Πτωχεῦσαι
1685 4099 1788 4166 au-

201 4173 321 4235 tem
355 4165 429 4235 ait
455 4158 777 4235 sapientiam
807 4158 1374 4235 Apollonii—divinam,
1400 4158 1634 4235 si__tanta_
1661 4158 1786 4227 qui-

202 4233 336 4289 dem
377 4228 558 4298 fuerit,
597 4249 742 4288 nunc
775 4228 956 4288 autem
987 4233 1134 4285 nulla
1164 4230 1284 4296 ejus
1322 4229 1558 4298 amplius
1585 4228 1669 4281 vis
1695 4242 1790 4282 su-

203 4306 425 4376 persit:
471 4306 617 4376 quod
657 4305 851 4374 exigua
893 4318 990 4376 res
1011 4311 1067 4358 et
1106 4301 1327 4376 indigna
1358 4298 1550 4376 divina
1587 4298 1790 4376 virtute

203 4369 504 4446 "videatur;
527 4369 1089 4446 pauculosquosdam
1133 4369 1298 4446 unius
1327 4370 1504 4426 aetatis
1535 4369 1788 4446 homines

203 4445 447 4507 allicere,
493 4441 605 4500 imo
635 4461 705 4500 ne
747 4444 815 4498 ad
845 4446 1028 4514 ἀκμήν
1066 4443 1285 4512 quidem
1318 4455 1414 4514 eos
1451 4441 1787 4514 perducere;

1885 1922 2101 1988 bemus,
2146 1933 2207 1979 ut
2238 1925 2332 1996 qui
2372 1926 2544 1981 divini
2593 1930 2668 1983 sit
2715 1925 2972 1997 generis,
3033 1927 3230 1997 deique
3261 1926 3465 1982 marini

1885 2013 2121 2070 formam
2163 2024 2218 2072 et
2255 2019 2493 2088 speciem
2542 2019 2611 2074 ab
2643 2018 2779 2090 ipsis
2814 2019 3093 2076 natalibus
3143 2019 3386 2076 induerit
3417 2023 3464 2076 '.

1885 2107 2045 2164 Matri
2095 2109 2243 2165 enim
2273 2110 2417 2182 ejus,
2456 2119 2516 2166 ut
2549 2113 2647 2178 ait,
2679 2121 2926 2168 ventrem
2976 2111 3214 2180 ferenti,
3262 2113 3466 2169 marini

1884 2201 1982 2262 Dei
2012 2201 2195 2258 oblata
2235 2215 2321 2259 est
2347 2207 2582 2276 species,
2615 2204 2870 2272 Proteus,
2902 2207 3152 2278 inquam,
3181 2208 3324 2278 apud
3356 2206 3470 2264 lio-

1886 2308 2100 2350 merum
2152 2296 2289 2350 alias
2331 2297 2579 2366 aliasque
2627 2296 2830 2368 ﬁguras
2884 2299 3138 2356 induens.
3182 2297 3259 2354 Ea
3299 2315 3468 2369 vero,

1886 2386 2024 2443 nihil
2053 2388 2367 2457 perterrita,
2397 2389 2529 2459 quid
2550 2389 2796 2460 paritura
2822 2399 2971 2449 esset
2999 2407 3125 2447 eum
3159 2391 3469 2465 interrogao

1887 2480 1987 2535 vit.
2012 2479 2064 2534 is
2088 2496 2242 2545 vero,
2278 2482 2385 2549 Me,
2419 2485 2727 2554 respondit,
2766 2485 2969 2555 ipsum.
2999 2483 3135 2550 Quis
3158 2492 3215 2538 tu
3249 2482 3471 2541 autem?

1887 2571 2264 2644 interrogante
2306 2591 2371 2631 ea
2415 2595 2429 2632 :
2464 2574 2718 2642 Proteus,
2778 2577 2872 2633 ille
2912 2577 3128 2647 inquit,
3170 2575 3466 2648 Egyptius

1891 2663 2083 2738 [sum].
2131 2665 2270 2722 Tum
2326 2679 2546 2739 pratum
2601 2669 2879 2741 quoddam
2909 2677 2964 2726 et
2990 2684 3198 2740 cycnos
3249 2670 3469 2726 mulieri

1889 2755 2265 2812 obstetriciam
2289 2774 2512 2830 operam
2547 2760 2872 2832 praestitisse
2911 2761 3162 2825 scribit',
3197 2761 3343 2817 unde
3358 2761 3466 2818 hoo

1890 2844 2072 2917 ipsum
2103 2847 2486 2922 depromptum
2517 2852 2589 2909 sit
2621 2852 2772 2908 nullo
2824 2851 2974 2908 l‘acto
3016 2851 3240 2908 indicio.
3271 2851 3462 2925 Neque

1889 2938 2038 2993 enim
2065 2937 2247 3012 {puto}
2275 2941 2442 3012 hujus
2476 2959 2696 3014 quoque
2728 2945 2807 3000 rei
2854 2952 3138 3000 auctorem
3177 2945 3468 3016 Assyrium

1892 3027 2088 3085 Damin
2115 3031 2396 3104 aiiegabit.
2431 3033 2503 3088 At
2529 3042 2584 3089 et
2613 3051 2723 3090 non
2765 3035 2938 3091 multo
2970 3043 3094 3108 post
3144 3035 3299 3090 initia
3349 3035 3472 3107 ejus

1891 3121 2159 3188 historiae,
2209 3124 2277 3179 ad
2318 3111 2498 3195 ipsum
2533 3126 2842 3192 Damidem,
2880 3128 3041 3198 quasi
3075 3127 3274 3183 divinae
3301 3130 3475 3200 parti-

1894 3229 2024 3285 ceps
2073 3215 2146 3269 sit
2181 3223 2426 3282 naturae,
2473 3219 2655 3276 haece
2689 3221 2855 3276 verba
2895 3220 3285 3292 Appollonium
3343 3235 3468 3292 pro-

1895 3305 2161 3363 l'erentem
2192 3308 2447 3366 inducit‘
2483 3330 2497 3368 :
2544 3332 2563 3365 ι
2601 3312 2734 3385 Ego,
2775 3315 2971 3384 amice,
2994 3330 3190 3372 omnes
3224 3315 3472 3386 intelligo

1895 3401 2110 3472 linguas
2136 3442 2151 3466 ,
2196 3403 2322 3459 licet
2353 3406 2556 3461 nullam
2613 3407 2900 3463 didicerim
2936 3427 2950 3464 :
3006 3427 3026 3462 ›
3063 3411 3192 3466 item
3229 3425 3244 3462 :
3298 3429 3319 3462 ι
3353 3409 3475 3466 Noli

1895 3493 2106 3558 mirari,
2125 3507 2250 3548 nam
2263 3505 2316 3550 et
2333 3512 2455 3568 qua:
2479 3497 2700 3556 silentio
2713 3499 2967 3558 homines
2983 3511 3263 3573 premunt,
3276 3503 3426 3559 novi.
3449 3521 3470 3556 ι

1892 3800 2189 3874 ιίηοηάιιωί
2217 3810 2352 3874 puto
2397 3803 2542 3874 quod
2574 3805 2709 3861 editi
2755 3805 3047 3874 habebant,
3067 3805 3204 3862 nihil
3248 3822 3477 3870 necesse

1892 3873 2047 3946 enim
2062 3873 2124 3946 in
2158 3873 2229 3929 iis
2251 3873 2466 3946 mutare
2496 3877 2815 3946 quidquam.

1967 3942 2078 4022 (ὀρ
2093 3945 2421 4022 ῥαλαττίοε)
2438 3942 2602 4022 ᾇιλιῖεμΖ
2609 3942 2914 4022 Αἰγυπτίου
2928 3947 3179 4022 δαίμονος
3195 3949 3471 4022 legebatur

1894 4012 1984 4094 ap.
2013 4012 2280 4094 Philostr.
2314 4014 2423 4068 vid.
2449 4016 2485 4070 l.
2509 4012 2560 4073 ε’.
2581 4016 2650 4094 U_t
2675 4012 2866 4094 nostro
2889 4012 3175 4094 θαλαττίου
3188 4012 3474 4094 δαίμονος,

1895 4086 1972 4140 ita
2001 4085 2174 4160 ἁλίοιο
2194 4086 2704 4160 γέροντοςμηοιηὶηε
2734 4089 2884 4160 venit
2914 4088 3151 4147 Homero
3172 4085 3366 4160 Odyss.
3410 4085 3476 4158 ti,

1895 4171 2039 4236 v_ers.
2065 4155 2198 4236 §§5,
2232 4156 2358 4236 59_i.
2393 4157 2546 4236 adde
2571 4175 2715 4236 vers.
2752 4159 2878 4224 384,
2901 4161 2994 4216 ubi
3013 4162 3192 4236 γέρων
3238 4155 3387 4229 ἅλιος
3419 4155 3476 4220 et

1895 4227 2263 4298 Ποσειδάωνος
2290 4226 2546 4298 ὑποδμώς
2571 4229 2792 4286 dicitur.

1895 4297 2376 4425 νθξξρᾰὲἕιπαρά
2411 4297 2463 4353 τ’
2506 4300 2707 4371 ’θμήρο
2750 4299 3154 4367 ἐξαλλάττων.
3191 4301 3386 4374 Odyss.
3410 4307 3476 4370 Δ,

1969 4441 2082 4509 (51)
2125 4439 2413 4510 Ἐλήςρθη.
2443 4439 2858 4513 Μοιεεῑληφθέν
2887 4443 2942 4498 in
2964 4443 3149 4509 editis,
3182 4445 3478 4504 manifesto

205 4515 404 4570 Damin
435 4505 578 4570 enim
606 4517 660 4570 in
688 4505 1049 4569 medioxuniis
1079 4505 1546 4582 philosophis,qui
1568 4525 1694 4582 cum
1716 4523 1793 4582 eo
1823 4505 1868 4560 D
1895 4505 2104 4573 errore,
2137 4505 2298 4581 quem
2330 4505 2553 4582 sustulit
2576 4512 2689 4582 jam
2710 4505 3084 4572 "Honsnmus.

204 4585 514 4640 liberaliter
545 4587 736 4656 egerit,
755 4588 843 4639 vix
871 4579 1115 4641 censeat.
1141 4581 1212 4639 Ut
1240 4579 1397 4656 adeo,
1432 4579 1790 4656 nisimEusebii

204 4671 330 4710 aevo
354 4652 611 4710 virtutem
641 4657 912 4726 Apollonii
939 4657 1170 4724 ejusque
1198 4655 1463 4726 doctrinae
1491 4652 1788 4726 eliicaﬁciam

205 4727 519 4782 luculenter
552 4723 705 4781 tueri
737 4728 916 4790 liceat,
945 4727 1020 4798 ita
1055 4726 1176 4798 ejus
1212 4724 1461 4798 ἐνεργείᾳ
1505 4723 1790 4798 hominum

205 4800 381 4850 animi
431 4799 816 4867 percellantur,
849 4804 909 4851 ut
943 4793 1149 4852 Christi
1201 4793 1636 4867 percellebantur
1677 4793 1785 4847 vir-

205 4875 364 4930 tute,
397 4865 530 4923 nihil
553 4868 720 4923 divini
751 4869 798 4921 ei
824 4870 1005 4922 inesse
1035 4869 1107 4921 sit
1129 4867 1510 4938 judicandum.
1537 4865 1701 4938 idque
1723 4877 1791 4938 eo

203 4940 388 5009 magis
428 4941 606 4995 valere
634 4941 787 5001 dicit,
816 4939 961 5009 quod
984 4938 1059 4990 illi
1091 4933 1309 5008 quoque
1340 4933 1668 5009 philosophi,
1694 4933 1791 5009 qui

203 5005 395 5064 tanien
426 5011 629 5064 nullam
659 5010 762 5066 sibi
785 5005 1132 5079 arrogassent
1153 5005 1393 5064 divinam
1419 5005 1696 5070 virtutem,
1714 5005 1790 5060 ad

205 5089 468 5151 posteros
490 5090 670 5136 tamen
699 5088 753 5136 et
793 5088 1092 5137 sectatores
1123 5079 1542 5151 propagaverint
1570 5079 1790 5151 inventa

205 5149 336 5216 sua,
373 5160 432 5204 ut
476 5153 612 5206 adeo
651 5167 840 5208 eorum
885 5152 1053 5222 ἀρετή
1104 5149 1494 5206 ιιιὶηιιείίυει-ἰι
1541 5149 1789 5221 πτωχεύ-

203 5239 370 5284 ουσα,
401 5238 575 5293 quam
595 5223 872 5293 Apollonii
901 5225 1098 5283 virtus,
1128 5239 1217 5278 res
1247 5222 1410 5276 unius
1437 5222 1634 5275 aetatis.

284 5293 400 5362 (47)
433 5291 825 5358 Ποιήσάσθαι.
857 5291 959 5363 Per
998 5293 1280 5363 enallagen
1307 5294 1788 5363 ριύμὲποιησαντο.

285 5361 400 5431 (48)
428 5365 674 5433 κυούσῃ
689 5366 818 5433 γὰρ,
841 5362 919 5429 ὣς
946 5380 1117 5433 φησι,
1149 5361 1224 5432 τῇ
1255 5361 1441 5433 αὑτοῦ
1453 5361 1653 5431 μητρί.
1682 5362 1791 5415 Αὐ-

198 5435 301 5490 τόν
335 5450 398 5487 ex
432 5431 761 5487 Philostrato
792 5451 890 5504 pro
917 5431 1080 5487 αὑτοῦ
1109 5431 1345 5502 repnsui.
1379 5431 1654 5487 HOLS'I'EN.

284 5504 425 5558 Male
453 5519 579 5558 vero
606 5524 618 5558 :
652 5499 1362 5574 nam-apudPhilostratum
1387 5519 1604 5574 quoque
1625 5499 1788 5557 αὐτοῦ

203 5576 526 5644 legendum,
559 5591 667 5630 non
707 5573 888 5629 αὐτόν.
924 5573 1059 5629 Vide
1075 5574 1177 5629 Vit.
1209 5575 1330 5644 Ap.,
1362 5573 1487 5638 1,ί4.
1519 5574 1788 5628 Prteterea

203 5643 360 5716 apud
393 5643 785 5701 Philostratum
831 5646 989 5716 plane
1022 5647 1127 5699 alia
1159 5646 1496 5700 censtructio
1539 5654 1644 5705 est,
1671 5659 1791 5716 quae

204 5715 319 5771 hoc
351 5717 472 5769 loco
518 5732 627 5770 non
666 5715 845 5785 possit
863 5717 1132 5786 obtinere,
1165 5717 1270 5771 nisi
1311 5717 1545 5771 articulo
1594 5717 1659 5786 τῇ
1686 5715 1790 5786 de-

201 5787 344 5854 leto,
377 5794 437 5841 ut
465 5783 772 5842 monstrosa
799 5787 960 5858 plane
985 5790 1054 5842 sit
1085 5785 1440 5844 Holsteniana
1469 5783 1791 5862 iectio'.’_Rec

537 5881 803 5942 Ριτιιοι..
863 5879 983 5944 Gtt.
1039 5878 1240 5943 XXll.

1968 4582 2080 4650 (52)
2119 4579 2202 4636 0ήὺ
2243 4583 2355 4653 τὰρ
2403 4579 2482 4651 δὴ
2511 4579 2598 4638 ..ζ
2640 4583 3069 4653 ὐποῃράψεται.
3121 4583 3301 4640 Malim
3342 4586 3478 4642 ὐπο-

1894 4653 2184 4727 γράφεται.
2237 4651 2372 4706 Nam
2421 4654 2663 4727 loquitur
2708 4651 2779 4709 de
2796 4651 2957 4708 iacto
3001 4654 3341 4727 Pbil_ostrati,
3378 4658 3474 4727 qui

1896 4723 2000 4777 ista
2025 4731 2084 4777 ut
2127 4729 2323 4778 caetera
2355 4739 2422 4778 ex
2452 4724 2676 4780 Damide
2719 4740 2832 4780 non
2877 4726 3085 4781 retulit.
3108 4725 3260 4784 Ferri
3290 4723 3476 4783 tamen

1896 4793 2268 4868 ὑπογρᾴψεται
2299 4808 2463 4868 posse
2483 4804 2705 4868 putem,
2734 4803 2794 4851 ut
2827 4811 3025 4852 sensus
3069 4797 3142 4852 sit
3173 4815 3185 4852 :
3217 4814 3324 4853 non
3350 4814 3476 4868 spe-

1895 4879 2020 4919 rare
2051 4864 2366 4929 Eusebium,
2397 4864 2792 4922 Philostratum
2813 4883 2932 4922 eam
2958 4882 3071 4922 rem
3099 4883 3128 4920 a
3158 4864 3395 4923 Damide'
3415 4884 3478 4924 se

1894 4936 2177 5005 accepisse
2229 4934 2646 4992 aiiirmaturum.
2677 4937 2814 4992 Cum
2872 4938 2962 4994 ille
3022 4953 3207 4994 rerum
3259 4947 3476 4996 tantum

1894 5006 2176 5080 scripserit
2214 5007 2500 5080 historiam
2543 5008 2613 5063 ab
2657 5009 2950 5077 Apollonio
2989 5021 3289 5079 gestarum,
3324 5021 3476 5080 post-

1893 5092 2056 5146 quam
2079 5079 2132 5130 in
2150 5079 2471 5149 comitatum
2497 5079 2620 5148 ejus
2646 5080 2765 5149 ipse
2788 5079 3036 5134 adscitus
3065 5090 3210 5135 esset
3237 5098 3250 5134 :
3281 5079 3342 5136 ut
3369 5082 3472 5137 ob-

1893 5156 2169 5203 servatum
2196 5148 2531 5220 Philostrato
2561 5148 2688 5220 ipsi,
2723 5148 2842 5204 Vita
2875 5149 3147 5219 Apollon.,
3173 5165 3212 5211 ι,
3241 5151 3296 5207 3.

1966 5221 2080 5290 (55)
2128 5219 2477 5289 Τιμώμενον.
2537 5217 2931 5291 Περθιοηόιιω
2966 5220 3075 5275 ἀπὸ
3127 5221 3222 5275 τοῦ
3290 5217 3475 5277 κοινοῦ

1893 5293 2119 5362 verbum
2149 5291 2387 5359 εἰσάγειν
2413 5294 2557 5362 quod
2590 5292 2889 5362 praecessit.

1966 5361 2085 5435 (54)
2113 5361 2479 5430 Πρόγνωσιν.
2527 5361 2658 5431 Ejus
2714 5364 2791 5417 rei
2840 5378 2936 5434 per
2987 5370 3159 5435 totam
3201 5362 3474 5435 Apollonii

1892 5432 2201 5504 historiam,
2226 5447 2423 5504 sparsa
2446 5443 2796 5504 argumenta
2843 5432 2937 5488 lib.
2987 5449 3028 5490 ι.
3063 5432 3265 5489 νίάοτῖ
3295 5441 3478 5504 potest

1893 5518 2018 5574 cap.
2047 5503 2156 5576 2et
2183 5503 2273 5576 i2.
2305 5503 2409 5558 sub
2433 5503 2553 5569 ﬁn.,
2580 5505 2640 5558 it.
2673 5521 2798 5576 cap.
2832 5504 2923 5560 22.

1967 5572 2081 5645 (55)
2119 5572 2487 5648 ’Aﬁldgzxror.
2523 5572 2766 5648 Respicit
2793 5576 2861 5631 ad
2893 5577 3057 5648 paulo
3087 5584 3216 5648 ante
3244 5575 3478 5648 allegat:

1895 5661 1967 5719 ex
1983 5643 2104 5714 cap.
2131 5643 2219 5699 i9.
2251 5643 2387 5699 Nam
2417 5647 2552 5719 alias
2577 5643 2702 5702 etc.
2733 5647 2806 5704 20
2839 5643 2908 5703 ρι’
2931 5665 3053 5719 sqq.
3085 5645 3221 5701 varii
3256 5643 3481 5716 Apollo-

1893 5717 1971 5772 nii
2019 5721 2385 5792 praeceptores
2427 5716 2762 5792 referuntur,
2797 5716 3033 5792 quorum
3075 5724 3130 5775 et
3157 5719 3324 5789 paulo
3352 5720 3480 5788 post

1897 5790 2040 5860 apud
2075 5793 2325 5844 nostrum
2352 5790 2578 5846 mentio.

2957 5893 3037 5956 26
