3856 6222
384 249 484 309 8H

1036 249 1302 305 EUSEBH
1347 244 1829 306 CAESARIENSIS
1867 244 2016 302 OPP.
2047 243 2243 302 PARS.
2281 243 2346 300 ll.
2385 273 2457 286 -—
2490 239 2986 299 APOLOGETICA.

3519 225 3634 283 ΜΞ

383 369 448 425 Et
481 384 696 425 rursum
723 368 744 400 '
771 368 825 422 in
877 366 1176 436 Esculapii
1211 367 1416 438 templo
1446 383 1478 420 a
1510 365 1620 421 Deo
1645 363 1946 421 honoriﬁce

2079 378 2150 414 που
2181 361 2341 431 φῦναι
2397 360 2557 415 αὐτὸν
2598 358 2658 424 ἐξ
2701 356 2873 426 αὐτῆς
2926 351 3212 422 γενέσεως,
3245 342 3342 402 καὶ
3387 340 3454 400 δι’
3500 345 3633 438 ὅλης

384 477 510 516 eum
540 460 785 515 habitum
812 457 964 532 [ait];
990 467 1044 516 et
1072 475 1254 515 rerum
1309 457 1616 512 futurarum
1641 457 1948 519 scientiam,

383 553 505 610 sine
561 552 901 607 institutione
950 567 980 606 a
1026 565 1196 621 puero
1241 549 1546 602 habuisse:
1603 548 1951 616 humanaque

381 638 670 694 manifeste
685 637 1120 692 exeelleutiorem
1141 635 1296 705 517
1312 644 1530 690 nactum
1557 636 1790 691 indolem
1808 652 1950 706 esse,

384 729 570 784 statim
606 729 673 782 ab
702 728 834 798 ipsis
865 725 1163 789 natalibus,
1201 741 1296 794 per
1339 734 1507 781 totam
1537 742 1752 796 quoque
1782 727 1952 783 histo-

384 823 520 876 riam
568 821 778 875 scribit.
827 820 1074 886 Cumque
1121 818 1260 872 adeo
1301 818 1532 872 vinculis
1571 833 1628 872 se
1662 819 1953 886 aliquando

387 903 746 969 exsolvisset,
795 903 1076 973 sequentia
1137 903 1415 973 subjungit
1467 905 1629 959 verba
1665 904 1685 936 ‘
1712 921 1726 956 :
1757 922 1775 954 ι
1811 902 1957 958 Tum

385 995 619 1063 primum
643 1009 721 1057 se,
757 991 963 1059 Darnis,
993 995 1252 1064 penitius,
1286 997 1380 1060 ait,
1413 993 1682 1064 Apollonii
1711 996 1949 1051 indolem

385 1085 751 1155 perSpexisse,
778 1099 972 1153 nempe
1009 1085 1194 1140 divina
1222 1086 1367 1155 quod
1392 1095 1558 1151 esset,
1605 1093 1659 1140 et
1714 1085 1952 1139 humana

385 1176 757 1230 excellentior.
782 1174 967 1246 Neque
996 1177 1138 1231 enim
1159 1178 1332 1232 sacris
1370 1177 1624 1245 peractis,
1657 1175 1952 1247 (quomodo

387 1265 443 1318 id
472 1267 616 1319 enim
653 1266 706 1320 in
730 1265 977 1322 custodia
997 1267 1262 1336 potuisset
1287 1266 1327 1338 ?)
1351 1281 1526 1336 neque
1548 1268 1952 1337 precationibus

388 1370 569 1420 usum,
602 1371 777 1425 neque
816 1355 1099 1410 verbulum
1153 1355 1513 1422 emittentem,
1563 1357 1780 1410 vincula
1827 1372 1952 1412 eum

383 1446 624 1501 ludibrio
671 1447 947 1500 habuisse.
980 1464 997 1496 ι
1064 1443 1179 1500 Sub
1237 1445 1400 1499 linem
1459 1462 1586 1502 vero
1643 1447 1950 1513 historite’,

384 1555 657 1610 nusquam
689 1540 929 1610 gentium
956 1539 1270 1610 sepulcrum
1310 1539 1432 1609 ejus
1458 1539 1694 1593 inveniri
1733 1541 1950 1607 scribit,

2050 456 2183 525 ἡμῖν
2225 453 2326 522 τῆς
2374 451 2614 524 ἱστορίας
2649 449 2975 520 ὑπογράφει.
3009 443 3281 503 Λύσαντος
3320 438 3450 507 γοῦν
3500 437 3630 489 ἑαυ-

2050 547 2142 599 τόν
2181 563 2310 598 ποτε
2351 546 2459 598 ἀπὸ
2495 544 2602 597 τῶν
2630 541 2877 612 δεσμῶν,
2910 537 3167 607 ἐπιφέρει
3199 534 3405 601 λέγων’
3439 547 3461 580 ι
3491 529 3633 582 Τότε

2052 635 2265 707 πρῶτον
2293 635 2320 686 6
2355 635 2525 705 Δάμις
2559 631 2721 702 φησὶν
2751 627 2995 698 ἀκριϐῶς
3033 624 3268 690 ξυνεῖναι
3298 619 3396 688 τῆς
3434 614 3633 707 Ἀπολ-

2050 702 2245 779 λωνίου
2279 702 2521 792 φύσεως,
2549 723 2630 775 ὅτι
2652 719 2770 773 θεία
2801 735 2860 770 τε
2894 716 2978 787 εἴη
3006 715 3103 768 καὶ
3128 711 3390 782 κρείττων
3420 702 3636 776 ἀνθρώ-

2049 835 2172 870 που.
2208 815 2300 887 Μὴ
2332 815 2440 885 γάρ
2462 813 2700 868 θύσαντά
2722 829 2772 864 τι
2802 808 2942 880 (πῶς
2973 808 3080 878 γὰρ
3106 808 3162 858 ὲν
3193 797 3557 872 δεσμωτηρίῳ
3573 796 3638 862 ;),

2056 908 2188 978 μηδὲ
2212 907 2523 977 εὐξάμενον,
2553 905 2686 978 μηδὲ
2721 902 2940 955 εἰπόντα
2977 895 3189 969 (56-57)
3226 911 3310 958 τι,
3340 888 3639 978 καταγελὰέ

2060 977 2148 1052 σαι
2177 999 2271 1051 τοῦ
2310 997 2529 1069 δεσμοῦ.
2562 1016 2580 1048 ›
2618 995 2740 1049 Ἐπὶ
2767 993 2986 1062 τελευτῇ
3022 991 3079 1043 δὲ
3100 1028 3115 1052 ,
3143 989 3312 1055 τάφον
3345 985 3440 1054 μὲν
3469 977 3642 1034 αὑτοῦ

2056 1088 2301 1161 μηδόλως
2334 1108 2423 1144 ποι
2456 1090 2559 1159 γῆς
2592 1086 2979 1159 εὑρίσκεσθαι,
3017 1081 3260 1153 χωρῆσαι
3297 1077 3353 1129 δὲ
3387 1077 3446 1137 ὲς
3464 1075 3643 1161 οὐρα-

2055 1159 2146 1232 νὸν
2198 1180 2346 1250 αὐτῷ
2401 1178 2611 1249 σώματι
2670 1176 2786 1247 μεθ’
2835 1173 3029 1244 ὖμνωνλ
3062 1169 3158 1228 καὶ
3204 1162 3421 1235 χορείας
3462 1159 3643 1248 λέγει.

2055 1274 2294 1336 Εἰκότως
2323 1271 2386 1343 δὴ
2413 1267 2506 1325 οὖν
2527 1311 2541 1334 ,
2569 1264 2656 1322 οἷα
2683 1269 2772 1321 τὸν
2797 1264 3070 1324 τοσοῦτον,
3103 1279 3120 1311 ι
3148 1257 3424 1326 θειότερον
3465 1251 3502 1322 ἦ
3533 1251 3645 1343 Πυ-

2057 1365 2292 1437 θαγόρας
2319 1405 2334 1430 ,
2362 1340 2731 1435 ⁹Ἐμπεδοκλῆς
2749 1377 2808 1412 τε
2831 1358 2926 1412 καὶ
2955 1355 3199 1414 Πλάτων,
3231 1344 3525 1437 φιλοσοφία
3551 1340 3646 1437 τδν

2060 1432 2226 1528 ἄνδρα
2287 1432 2751 1527 προσεληλυθέναι
2811 1449 2998 1520 φησίν.
3068 1464 3088 1498 ι
3135 1439 3344 1496 Οὐκοῦν
3396 1437 3452 1488 ὲν
3502 1432 3648 1493 θεοῖς

2060 1549 2191 1618 ἡμῖν
2221 1546 2623 1618 ἀναγεγράφθω
2651 1547 2679 1598 6
2707 1543 3009 1612 ἄνθρωπος.

384 1636 615 1706 ipsoque
675 1650 904 1705 corpore
959 1636 1015 1689 in
1076 1635 1275 1689 emlum
1325 1649 1448 1689 eum
1506 1635 1652 1688 inter
1716 1636 1947 1692 choreas
1985 1617 2188 1697 abiisse
2216 1643 2258 1695 ⁸.
2303 1617 2499 1696 Merito
2529 1655 2653 1694 eum
2694 1637 2880 1706 igitur,
2930 1632 3129 1703 quippe
3181 1635 3370 1681 tantus
3401 1621 3496 1692 qui
3552 1617 3650 1680 sit.

392 1748 414 1782 ι
446 1731 618 1802 magis
665 1730 848 1786 divine
893 1745 1056 1802 quam
1121 1731 1480 1802 Pythagoras,
1544 1729 2010 1803 Empedoclesque
2045 1745 2100 1792 et
2142 1737 2319 1805 Plato,
2377 1736 2445 1792 ad
2495 1733 2894 1805 philosophiam
2945 1729 3019 1782 ait
3071 1721 3371 1779 accessisse
3400 1719 3448 1772 '.
3513 1731 3544 1766 ι·
3589 1709 3658 1763 ιη

386 1827 613 1884 deorum
635 1827 817 1898 itaque
840 1843 1066 1884 censum
1091 1829 1248 1883 nobis
1283 1827 1466 1882 veniat
1495 1828 1677 1883 homo.

991 1934 1220 1996 CAPUT
1267 1940 1358 1996 1x.
1994 1956 2038 2012 Β

457 2033 612 2090 Absit
636 2033 856 2089 invidia
893 2048 1108 2103 quoque
1129 2047 1159 2085 a
1181 2033 1491 2104 linguarum
1520 2031 1805 2097 omnium,
1837 2048 1959 2103 quae

2597 1930 2995 1992 ΚΕΦΑΛΑΙΟΝ
3042 1927 3120 1982 Θ’.

2126 2033 2276 2088 Καὶὸ
2295 2033 2483 2102 φθόνος
2508 2030 2729 2084 ἀπέστω
2755 2027 2854 2095 τῆς
2875 2023 2981 2076 τῶν
3013 2017 3204 2089 φωνῶν
3238 2012 3459 2068 ἀπασῶν
3489 2010 3670 2064 αὐτο--

390 2133 584 2196 sponte
601 2125 650 2180 ei
691 2125 1115 2195 venitnulloque
1151 2131 1429 2195 praeeunte
1458 2124 1743 2195 magistro,
1773 2126 1960 2194 cogni-

386 2219 538 2271 tione
571 2216 633 2271 ιο.
658 2215 738 2270 Ad
780 2217 908 2285 quid
939 2216 1102 2287 igitur
1131 2215 1189 2268 in
1223 2215 1465 2270 scholam
1493 2231 1618 2270 eum
1647 2216 1866 2270 deducit
1892 2215 1959 2282 “,

387 2319 551 2381 atque
573 2309 650 2364 illi
668 2310 762 2380 qui
790 2311 991 2364 nullam
1010 2308 1238 2364 edoctus
1283 2315 1368 2364 est
1417 2309 1662 2378 linguam
1699 2308 1958 2374 detrahit,

389 2403 549 2474 quasi
579 2419 682 2457 usu
747 2409 801 2456 et
854 2401 1116 2456 exercitio
1167 2416 1276 2456 non
1308 2417 1434 2456 vero
1476 2408 1673 2454 natura
1725 2401 1961 2454 Atticam

386 2496 753 2566 eloquentiam
784 2493 856 2549 sit
881 2494 1206 2549 assecutus?
1237 2492 1439 2563 Nempe
1465 2493 1561 2556 ait,
1601 2511 1620 2543 ι
1649 2492 1717 2546 ad
1744 2500 1960 2546 aetatem

387 2589 482 2643 ubi
505 2587 860 2657 pervenisset,
908 2586 1211 2640 litterarum
1259 2585 1565 2640 doctrinam
1615 2599 1740 2638 eum
1766 2593 1820 2638 et
1853 2598 1966 2638 me-

387 2678 578 2736 moriae
619 2677 731 2731 vim
784 2676 1061 2745 studiique
1119 2673 1477 2744 pertinaciam
1524 2672 1871 2742 patefecisse,
1906 2679 1961 2727 et

386 2769 574 2840 lingua
606 2781 732 2822 esse
769 2766 948 2820 Attica
991 2781 1171 2820 usum.
1219 2785 1238 2818 ι
1299 2764 1466 2819 ltem:
1509 2782 1527 2814 (
1555 2763 1746 2818 Annos
1803 2772 1967 2820 natus

395 2876 514 2924 xw,
551 2859 785 2913 Tarsum
836 2872 867 2911 a
894 2863 1116 2927 parente
1149 2854 1420 2910 deductus
1449 2861 1534 2908 est
1591 2853 1659 2907 ad
1693 2854 1969 2925 Euthyde-

389 2965 562 3015 mum,
619 2948 903 3004 Phoenicia
934 2947 1252 3012 oriundum,
1301 2948 1392 3018 qui
1414 2948 1604 3002 rhetor
1641 2947 1818 3001 bonus
1851 2953 1970 3002 erat

389 3041 654 3110 illumque
687 3039 965 3094 instituit:
1003 3053 1240 3109 eumque
1274 3040 1364 3094 ille
1399 3038 1834 3109 amplectebatur
1851 3053 1968 3092 ma-

389 3132 643 3202 gistrum.
684 3149 702 3182 ›
733 3129 903 3184 Porro
934 3145 946 3180 :
979 3148 996 3180 ι
1027 3129 1161 3184 Cum
1194 3131 1288 3185 illo
1325 3130 1679 3200 philosophia:
1705 3131 1973 3184 vacabant

389 3220 636 3277 Platonis
692 3229 747 3275 et
801 3220 1094 3290 Chrysippi
1135 3229 1454 3285 sectatores,
1497 3229 1551 3276 et
1600 3220 1969 3291 Peripatetici.

2059 2125 2226 2195 φυοῦς
2259 2125 2352 2178 καὶ
2403 2121 2782 2177 αὐτοδιδάκτου
2839 2114 3121 2179 ξυνέσεως.
3164 2110 3229 2162 Τί
3265 2107 3401 2177 δῆτα
3439 2100 3537 2156 οὖν
3593 2104 3659 2164 ἐς

2061 2215 2381 2271 διδασκάλου
2425 2215 2548 2282 ἄγει
2590 2211 2700 2283 (58)
2730 2209 2912 2271 αὑτὸν,
2945 2204 3149 2258 καὶτὸν
3174 2199 3442 2272 μηδεμίαν
3467 2195 3662 2266 φωνὴν

2065 2304 2740 2381 μεμαθηκόταδιαόάλλει,
2778 2299 2933 2362 ὡςᾶν
2963 2296 3021 2362 ἐξ
3080 2296 3368 2363 ἀσκήσεως
3427 2291 3524 2344 καὶ
3566 2305 3662 2381 με-

2060 2380 2243 2469 λέτης,
2279 2397 2392 2451 ἀλλ’
2427 2397 2528 2449 οὐκ
2575 2395 2638 2447 ὲκ
2676 2390 2893 2462 φύσεως
2935 2387 3176 2440 Ἀττικὸν
3217 2384 3509 2452 γενόμενον
3554 2380 3660 2448 τὴν

2062 2493 2335 2560 γλῶτταν;
2359 2488 2496 2560 Φησὶ
2519 2485 2627 2556 γὰρ
2648 2526 2664 2552 ,
2699 2484 2794 2547 ὡς,
2817 2501 2835 2532 ‹
2869 2477 3072 2550 προῖὼν
3114 2477 3171 2539 ἐς
3194 2473 3411 2546 ἡλικίαν
3431 2512 3444 2536 ,
3464 2469 3658 2540 γράμ-

2069 2586 2214 2656 ματά
2261 2599 2320 2635 τε
2383 2579 2491 2649 (59)
2521 2578 2616 2630 καὶ
2637 2575 2857 2648 μνήμης
2889 2572 3038 2641 ἰσχὺν
3067 2567 3276 2637 ἐδήλου,
3307 2564 3402 2656 κα)
3425 2561 3662 2656 μελέτης

2066 2650 2287 2747 κράτος·
2325 2673 2420 2726 καὶ
2444 2673 2477 2740 ἡ
2505 2669 2719 2738 γλῶττα
2742 2663 2890 2734 αὐτῷ
2921 2662 3029 2732 (60)
3057 2656 3316 2718 Ἀττικῶς
3342 2650 3480 2747 εἶχε..
3513 2650 3663 2747 »Καὶ

2075 2744 2396 2834 «Τεγονὸτα
2443 2763 2500 2815 δὲ
2546 2758 2705 2813 αὐτὸν
2742 2757 2834 2827 ἔτη
2883 2747 3398 2822 τεσσαρεσκαίδεκα,
3438 2744 3562 2810 ἄγει
3602 2745 3664 2804 ὲς

2069 2832 2315 2931 Ταρσοὺς
2331 2858 2358 2908 ὁ
2384 2851 2587 2924 πατὴρ,
2606 2848 2740 2918 παρ’
2766 2845 3083 2914 Εὐθύδημον
3101 2841 3191 2893 τὸν
3217 2840 3280 2890 ἐκ
3297 2835 3576 2931 Φοινικης,
3594 2832 3661 2931 6;

2073 2923 2256 3022 ῥήτωρ
2283 2964 2343 2999 τε
2373 2923 2574 3013 ἀγαθὸς
2604 2938 2693 3013 ἦν,
2718 2941 2812 2993 καὶ
2832 2937 3082 2990 ἐπαίδευε
3107 2932 3312 2984 τοῦτον·
3335 2931 3362 2982 6
3392 2927 3449 2979 δὲ
3462 2923 3660 3022 δι-

2070 3013 2337 3094 δασκάλου
2360 3037 2534 3106 εἴχετο
2549 3051 2561 3064 ·
2600 3052 2618 3084 ι
2639 3029 2756 3084 εἶτα
2772 3048 2785 3061 ·
2820 3048 2838 3081 ι
2868 3021 3328 3094 Ξυνεφιλοσὸφουν
3350 3016 3498 3085 αὐτῷ
3515 3013 3657 3066 Πλα-

2071 3129 2280 3184 τώνειοί
2315 3145 2373 3180 τε
2403 3127 2496 3180 καὶ
2535 3123 2902 3196 Χρυσίππειοι
2926 3159 2940 3184 ,
2967 3117 3060 3171 καὶ
3087 3116 3136 3168 οἱ
3161 3112 3268 3167 ἀπὸ
3293 3111 3388 3163 τοῦ
3413 3107 3660 3178 Περιπά-

2074 3240 2188 3277 του.
2232 3221 2460 3291 Διήκουε
2513 3215 2623 3287 (6|)
2659 3215 2716 3268 δὲ
2766 3214 2858 3266 καὶ
2899 3210 3009 3264 τῶν
3065 3203 3388 3274 Ἐπικούρου
3442 3200 3658 3267 λόγων·

390 3313 701 3382 Quinetiam
731 3312 950 3382 Epicuri
992 3311 1244 3381 dogmata
1297 3312 1506 3366 audivit
1537 3328 1550 3363 :
1585 3327 1763 3382 neque
1819 3313 1964 3366 enim

2079 3314 2187 3367 ὧδὲ
2232 3313 2341 3384 γάρ
2381 3312 2602 3374 τούτους
2659 3300 3059 3366 ἀπεσπούδαζε.
3114 3299 3253 3359 Τοὺς
3300 3295 3358 3347 δὲ
3412 3292 3664 3359 Πυθαγρ-

392 3409 499 3463 ista
524 3404 779 3475 neglexit.
834 3403 1197 3474 Pythagorica
1245 3419 1376 3458 vero
1422 3403 1682 3458 inell‘ahili
1729 3402 1966 3474 quadam

393 3496 593 3552 mentis
615 3499 668 3550 vi
704 3495 1136 3564 comprehendit.
1167 3514 1185 3546 ι
1232 3493 1365 3547 Tam
1401 3494 1575 3560 varia,
1629 3494 1723 3564 qui
1757 3494 1969 3547 nullum

391 3588 592 3659 lingua:
619 3587 784 3642 ullius
809 3586 1130 3656 magistrum
1170 3585 1379 3647 habuit,
1424 3584 1716 3653 divinaque
1743 3585 1969 3648 virtute,

393 3679 559 3735 etiam
584 3693 704 3748 quae
735 3677 954 3731 silentio
980 3681 1236 3746 premunt
1261 3674 1531 3735 homines,
1562 3682 1689 3728 ante
1720 3671 1970 3727 animad-

392 3770 557 3826 vertit
586 3770 651 3837 “,
683 3783 817 3825 usus
846 3777 1027 3823 tamen
1056 3765 1396 3821 institutione
1417 3762 1540 3818 fuit.

930 3875 1094 3946 513
1130 3872 1356 3930 CAPUT
1396 3872 1464 3926 χ.

417 3981 424 3988 ’
463 3974 833 4030 Philostratus
863 3987 1016 4036 vero,
1052 3981 1248 4026 rursus
1277 3966 1580 4036 interjectis
1626 3968 1973 4038 quibusdam,

395 4083 522 4122 eum
551 4065 789 4131 extollit,
819 4063 987 4134 aquod
1033 4064 1102 4116 ad
1143 4073 1395 4131 magnam
1444 4056 1642 4126 lingua:
1686 4058 1972 4114 brutorum

396 4162 754 4216 animantium
785 4159 1154 4230 cognitionem
1187 4150 1536 4226 pervenerit;
1566 4153 1854 4223 pergitque
1881 4153 1966 4206 di-

396 4252 668 4308 cendo“:
709 4269 728 4303 ι
779 4249 1162 4322 Cognitionem
1211 4246 1376 4301 etiam
1425 4240 1628 4310 lingua:
1680 4244 1967 4299 brutorum

469 4407 491 4440 '
530 4407 626 4462 lib.
664 4423 712 4471 1,
747 4421 798 4461 c.
832 4405 887 4461 9.
961 4405 984 4436 ⁸
1022 4404 1117 4457 lib.
1149 4417 1261 4466 vn,
1296 4417 1346 4456 c.
1383 4401 1472 4458 58.
1547 4402 1568 4433 "
1609 4399 1703 4454 lib.
1737 4413 1874 4462 vni,
1905 4397 1994 4471 ξι.

395 4477 440 4511 ¹¹
480 4477 577 4534 lib.
611 4493 663 4543 t,
699 4468 750 4532 ὸ.
784 4477 838 4531 7.
879 4505 894 4524 ›
953 4475 996 4506 ¹²
1037 4475 1130 4528 lib.
1169 4490 1219 4538 ι,
1256 4488 1304 4527 c.
1341 4473 1427 4528 19.
1507 4472 1550 4502 ¹³
1591 4471 1685 4526 lib.
1724 4485 1771 4536 1,
1813 4484 1865 4525 c.
1907 4468 1998 4524 20.

472 4636 682 4708 (56-57)
715 4634 882 4704 Μηδέ
920 4633 1252 4708 εὐξάμεγρν
1272 4633 1427 4708 μηδὲ
1445 4632 1689 4708 aliis???
1718 4645 1792 4708 ῖι·
1818 4624 1976 4696 Αρυά
2007 4643 2051 4699 ι)

397 4699 878 4792 Philostr..'legihttt‘r
917 4699 1365 4792 (recteestva
1382 4722 1436 4792 ξι
1463 4702 1603 4792 μηδὲ
1631 4699 1867 4752 εἰπόντα.

473 4779 585 4848 (5⁸)
626 4766 1331 4848 κἘςῗδιδαὰρέάέλοαᾶγες.
1381 4766 1595 4848 Subint.
1625 4766 1977 4848 ’φροντιστή-

400 4837 517 4920 ριον
554 4837 641 4920 vel
683 4837 984 4920 talequid,
1014 4853 1142 4898 nota
1185 4837 1240 4899 et
1273 4837 1731 4920 frequentissima
1773 4837 1978 4920 Graecis

399 4908 579 4986 ἱειΙίρεὶ
597 4955 613 4980 ,
667 4917 809 4986 apud
837 4908 1260 4986 'Philostratum
1290 4908 1616 4986 identidem
1644 4908 1974 4986 _observa_ta.

398 4977 644 5056 Respicit
668 4977 851 5056 autem
878 4986 944 5039 ad
977 4983 1305 5055 Euthydemi
1327 4984 1603 5056 scholam,
1643 4980 1699 5034 in
1724 4993 1832 5056 qua
1861 4977 1978 5056 elo-

397 5047 879 5180 ?)tttltialngéﬁatsct’udiis
903 5047 1159 5126 Operatus
1207 5063 1291 5110 est
1309 5052 1655 5123 Apollonius,
1701 5047 1976 5103 referente

483 5127 756 5182 ilostrato.

470 5178 934 5268 (sarpan
945 5212 1029 5249 τε.
1060 5193 1372 5268 Philostrati
1390 5191 1523 5268 editi
1545 5188 1819 5244 habebant
1847 5178 1976 5268 ἐνηῇ

399 5256 704 5338 γράμματά
725 5256 933 5338 omisso
964 5283 1048 5338 τε,
1079 5266 1224 5338 quod
1250 5266 1409 5333 plane
1446 5263 1612 5316 alium
1647 5272 1869 5338 sensum
1896 5256 1979 5309 fa:

398 5335 478 5390 eit
509 5335 527 5391 ἐ
556 5335 751 5406 nempe
773 5335 1121 5404 Apollonium
1152 5336 1221 5389 ad
1258 5341 1472 5388 aetatem
1497 5337 1841 5406 provectum,
1867 5341 1976 5395 qua

399 5407 614 5461 institui
643 5399 838 5461 litteris
873 5406 1104 5475 juvenes
1136 5406 1315 5460 solent
1347 5399 1624 5475 memoria:
1657 5399 1763 5475 vim
1797 5405 1852 5450 et
1873 5411 1977 5450 ete-

396 5485 640 5531 terarum
665 5470 954 5544 virtutum,
983 5491 1122 5547 quas
1147 5475 1214 5530 ad
1241 5474 1562 5529 intellectum
1591 5470 1856 5534 referunt,
1887 5480 1976 5519 ar-

396 5556 656 5617 gumenta
681 5547 920 5617 dedisse.

470 5616 582 5687 (60)
636 5616 827 5684 Αὐτῷ.
876 5607 1162 5674 Omittitur
1215 5618 1362 5689 apud
1412 5615 1807 5671 Philostratum
1866 5607 1972 5664 hoe

395 5699 719 5758 pronomen.

2075 3409 2252 3480 ρείους
2297 3406 2407 3478 (62)
2444 3405 2668 3478 ἀρρήτῳ
2697 3399 2817 3452 ιτιν).
2863 3394 3025 3466 σοφίᾳ
3064 3392 3175 3460 (6⁸5)
3202 3386 3601 3480 ξυνελάμὸανε.
3641 3404 3658 3434 ι

2075 3475 2328 3550 Τοσαῦτα
2355 3475 2545 3565 ὁγμηήδε
2555 3492 2683 3562 μίαν
2717 3485 2900 3560 μαθὼν
2931 3481 3144 3553 φωνὴν,
3171 3479 3290 3550 Θείᾳ
3319 3495 3378 3530 τε
3406 3475 3661 3565 δυνάμει,

2082 3607 2102 3641 ι
2119 3586 2154 3642 θ.
2179 3586 2272 3640 καὶ
2293 3564 2565 3638 σιωπῶσιν
2579 3579 2854 3651 ἄνθρωποι
2877 3593 2896 3626 ›
2922 3569 3229 3644 προλαϐὼν,
3258 3564 3663 3634 ὲξεπαιδεύετο.

2621 3863 3014 3921 ΚΕΦΑΔΑΙΟΝ
3054 3863 3108 3914 l'.

2158 3969 2215 4022 '0
2239 3966 2317 4031 δὲ,
2336 3961 2597 4018 διαλιπὼν
2617 3955 2791 4023 αὖθις,
2820 3955 2980 4009 αὑτὸν
3003 3949 3271 4022 θαυμάζει
3298 3946 3408 4019 (64)
3442 3947 3502 4009 ἐς
3539 3945 3667 3998 ὅσον

2073 4059 2336 4126 ξυνέσεως
2364 4055 2465 4126 τῆς
2503 4053 2618 4106 τῶν
2660 4049 2813 4120 ζῴων
2853 4046 3035 4115 φωνῆς
3077 4039 3239 4113 ἦλθε·
3275 4039 3370 4092 καὶ
3405 4036 3668 4107 ἐπιφέρει

2071 4153 2243 4220 λέγων
2266 4165 2279 4178 ’
2313 4166 2331 4199 ‹
2355 4145 2472 4200 Καὶ
2499 4146 2557 4207 ἐς
2589 4140 2799 4207 ξύνεσιν
2824 4137 2881 4190 δὲ
2911 4136 3022 4207 (65)
3073 4133 3174 4201 τῆς
3204 4131 3318 4220 τῶν
3358 4128 3518 4220 ζέξων

2073 4216 2337 4312 νῆςῆλθε.
2369 4232 2578 4305 Ἔμαθε
2601 4230 2710 4303 (66)
2732 4229 2788 4282 δὲ
2823 4225 2982 4280 τοῦτο
3011 4223 3098 4276 διὰ
3129 4221 3236 4274 τῶν
3280 4216 3531 4290 ’Δράϐων
3553 4216 3666 4286 (67)

2071 4396 2092 4428 ⁸
2131 4394 2228 4450 lib.
2260 4406 2394 4457 vtlt,
2431 4388 2523 4444 50.
2598 4387 2619 4418 ⁸
2658 4383 2753 4438 lib.
2809 4399 2861 4449 I,
2906 4396 2960 4435 c.
3007 4380 3066 4436 2.
3164 4376 3211 4409 ¹⁹
3244 4376 3342 4432 lib.
3373 4391 3429 4440 ι,
3465 4389 3518 4429 c.
3574 4372 3662 4426 19.

2175 4621 2262 4693 61)
2295 4619 2567 4693 Διήκουξι
2595 4615 2752 4693 Apud
2773 4612 3145 4693 Ριξίιοεὲτιςξξ
3165 4610 3440 4693 διήκουσε·

2175 4621 2262 4693 61)
2295 4621 2562 4687 Διήκουε.
2595 4621 2752 4685 Apud
2773 4621 3035 4669 Philostr.
3063 4621 3145 4667 est
3165 4621 3440 4680 διήκουσε.

2151 4621 2463 4765 ξϐἓλΐοὺς
2506 4687 2576 4741 δὲ
2618 4691 2766 4765 Πυρ.
2820 4686 2978 4765 Apud
3022 4683 3281 4765 Philostr.
3319 4672 3665 4765 estl_'_t:eb‘;-§§:

2079 4746 2356 4826 τε“Πυθ.,
2392 4746 2493 4832 pro
2547 4773 2656 4829 quo
2703 4757 2761 4810 in
2821 4746 2980 4810 codd.
3033 4768 3169 4807 mss.
3218 4748 3506 4818 legebatur
3539 4746 3665 4805 τοὺς

2079 4833 2137 4886 δέ
2178 4851 2262 4886 γε.

2295 4895 2844 4974 ΣοφίᾳκΡιιίιίξειιἭιί
2879 4892 3011 4974 editi
3045 4891 3206 4974 male,
3235 4884 3555 4974 φιλοσρφξα.

2151 4955 2813 5044 (6.6)Atrglt'zztbfat'201c,
2842 4962 3040 5044 gaza?-
3086 4955 3282 5044 θαμμξ.
3310 4956 3452 5044 Male

2077 5043 2136 5098 in
2154 5024 2320 5098 eid—illis
2361 5024 2644 5094 distinctio
2685 5024 2937 5091 nonnihil
2965 5024 3329 5106 obscuritatis
3355 5027 3441 5106 his
3489 5024 3664 5106 oﬂjrn—

2084 5093 2717 5180 defianhempeiminus
2747 5104 3030 5161 commode
3059 5103 3136 5155 illi
3170 5120 3183 5152 :
3213 5094 3490 5151 Διαλιπὼν
3515 5093 3661 5153 αὖθις

2085 5183 2268 5246 αὐτὸν,
2300 5181 2592 5251 θαυμάσει.

2157 5228 2269 5323 (ἀεὶ
2299 5228 2788 5323 ἱξᾶιτέξίξῦνεσιν
2811 5243 2900 5300 δέ.
2921 5240 3210 5297 Particulae
3236 5237 3331 5291 καί
3353 5243 3408 5291 et
3429 5234 3490 5288 δέ
3523 5228 3657 5300 apud

2084 5319 2350 5380 Philostr.
2378 5319 2778 5375 desiderantur.

2157 5367 2732 5464 ὤθῖδὶῑξιᾶἧὲί-Εᾶἰιὶ
2770 5367 2873 5438 καὶ
2916 5382 3108 5463 ἔμαθε.
3163 5378 3334 5464 Omis‘i
3369 5367 3657 5464 καίειᾟά

2085 5441 2666 5532 ερὶιὶιἾΡῶῑόέιὲεὶιυιη
2717 5441 3250 5526 quoque-omissum
3294 5441 3704 5516 deprehende-l

2082 5535 2227 5588 bam.
3194 5586 3259 5590 __
3508 5583 3519 5590 ι
3600 5579 3621 5590 _
3692 5535 3702 5567 ε

2156 5583 2269 5670 (67)
2305 5601 2405 5656 Διὰ
2424 5600 2542 5656 τῶν
2578 5597 2855 5668 Ἀράϐων.
2884 5591 3168 5658 Philostr.,
3187 5586 3276 5643 διὰ
3303 5583 3530 5639 τουτωνὶ
3559 5583 3660 5630 τῶν

2093 5673 2358 5743 ’Δραόίων
