3856 6222
257 237 368 303 813

1401 232 1603 298 LIBER
1643 230 1925 299 CONTRA
1963 223 2381 300 ιιιειιοιιιειι.

3440 232 3547 308 sla

256 361 643 436 πορευόμενος,
671 361 872 433 ἄριστα
892 360 1309 430 γιγνωσκόντων
1346 377 1406 413 τε
1449 362 1541 414 καὶ
1578 363 1848 434 πραττόν-

1957 364 2311 419 animantium
2345 361 2449 418 sibi
2493 362 2856 433 comparavit.
2889 362 2949 418 ld
2989 377 3123 420 vero
3157 365 3374 432 didicit,
3412 368 3545 424 dum

253 473 368 510 των
394 454 526 511 αὐτό
555 453 686 526 (68).
721 455 881 506 Ἔστι
914 453 1024 523 γὰρ
1052 451 1160 506 τῶν
1199 452 1470 525 Ἀραϐίων
1510 453 1726 508 κύκνων
1753 456 1852 527 ἥδη

255 545 355 601 καὶ
399 544 629 617 ὀρνίθων
668 542 777 616 (69)
830 543 1251 614 μαντευομένων
1293 542 1515 596 ἀκούειν
1539 585 1552 610 ,
1588 544 1766 597 ὁπόσα
1806 545 1854 598 οἱ

257 636 525 710 χρησμοί.
557 635 970 706 Ξυμὸάλλονται
1011 633 1070 687 δὲ
1112 634 1220 688 τῶν
1249 633 1492 703 ἀλόγων,
1547 636 1853 708 σιτούμενοι

254 729 368 784 τῶν
387 729 696 800 δρακόντων
719 729 768 781 oi
802 727 901 798 μὲν
931 728 1182 799 καρδίαν,
1226 729 1411 796 φασιν,
1439 727 1489 779 οἱ
1523 727 1581 781 δὲ
1626 722 1800 800 ἧπαρ.
1829 747 1848 780 ι

270 821 542 876 Ἐνταῦθα
575 821 796 884 πάντως
825 839 927 874 που
955 821 1262 892 δρακόντων
1289 820 1516 892 καρδίας
1543 818 1716 890 δήπου
1757 820 1854 873 καὶ

253 915 467 986 ἥπατος
498 915 591 967 τὸν
636 913 1040 984 Πυθαγόρειον,
1093 914 1352 985 ἐμψύχων
1387 931 1449 966 τε
1489 915 1696 985 τροφῆς
1743 916 1853 968 ἀπ-

255 1006 539 1077 εχόμενον,
565 1006 660 1058 καὶ
682 1006 814 1077 μηδὲ
845 1006 993 1059 θύειν
1009 1006 1256 1076 δαίμοσιν
1281 1003 1675 1076 ἐπιτολμῶντα,
1703 1005 1853 1070 εἰκὸς

251 1094 326 1169 ἦν
350 1097 780 1167 ἀπογεύσασθαι,
818 1099 894 1162 ὡς
919 1097 985 1152 ἂν
1031 1099 1123 1150 καὶ
1161 1098 1260 1168 τῆς
1295 1095 1449 1167 παρὰ
1484 1095 1698 1160 τούτοις
1741 1113 1854 1150 κοι-

251 1195 486 1264 νωνήσοι
520 1190 731 1260 σοφίας.
761 1190 906 1262 Πρὸς
931 1189 1041 1261 γὰρ
1063 1188 1283 1242 τοιῶνδε
1307 1187 1710 1258 διδασκομένων
1734 1187 1852 1252 πῶς

250 1287 324 1341 ἂν
358 1286 554 1351 ἄλλως,
591 1285 664 1356 μὴ
690 1285 812 1354 οὐχὶ
856 1283 925 1337 τὰ
962 1284 1124 1354 ὅμοια
1155 1285 1268 1345 τοῖς
1297 1280 1638 1345 διδασκάλοις
1673 1279 1842 1352 ζηλὼ-

255 1395 432 1443 σαντι,
461 1376 815 1449 κατωρθοῦτο
854 1376 916 1429 τὸ
951 1374 1328 1446 ἐπιτήδευμα;
1380 1374 1618 1444 Ἔχομεν
1658 1373 1722 1444 δὴ
1757 1369 1850 1427 οὖν

251 1470 396 1542 πρὸς
455 1471 568 1534 τοῖς
618 1468 1106 1540 καταλελεγμένοις
1143 1466 1254 1538 (70)
1305 1468 1400 1521 xci
1435 1467 1564 1530 τοὺς
1595 1466 1840 1537 Ἀράϐων

254 1564 457 1634 σοφοὺς
486 1563 838 1627 διδασκάλους
869 1563 969 1634 τῆς
1021 1562 1163 1616 κατὰ
1208 1562 1308 1633 τὴν
1351 1563 1696 1633 οίωνιστικὴν
1723 1563 1851 1616 τάνέ-

250 1655 382 1729 δρδς
404 1657 715 1728 ἐπιστήμης
736 1673 748 1686 ·
774 1656 867 1726 ἀφ’
901 1651 970 1726 ἧς
998 1655 1223 1718 είκότως
1251 1652 1596 1727 ὁρμώμενος,
1625 1653 1849 1726 ὕστερόν

254 1766 390 1802 ποτε
422 1746 512 1802 τὸν
539 1748 816 1820 στρουθὸν,
845 1749 872 1801 ὅ
900 1765 953 1802 τι
979 1749 1075 1801 καὶ
1102 1746 1364 1818 βούλοιτο,
1407 1745 1694 1815 ξυγκαλῶν
1723 1745 1850 1810 τοὺς

252 1841 507 1914 ἑταίρους
560 1843 654 1895 ἐπὶ
699 1842 929 1912 τροφὴν,
991 1839 1316 1913 προειπὼν,
1362 1839 1547 1911 θαῦμα
1597 1839 1851 1911 μέγιστον

253 1934 519 2006 παρέχειν
547 1932 693 2000 ἔδοξε
719 1937 832 1996 τοῖς
860 1931 1114 2004 παροῦσι.
1145 1932 1330 2005 Ταύτῃ
1360 1933 1424 2004 δὴ
1459 1933 1553 1986 καὶ
1590 1931 1688 2003 τὴν
1735 1932 1844 1985 ἀπὸ

255 2028 615 2098 εσφαγμένην
640 2028 763 2080 ὅσον
787 2025 941 2080 οὔπω
967 2026 1184 2079 λέαιναν
1209 2027 1324 2096 ἅμα
1365 2027 1479 2088 τοῖς
1517 2023 1662 2078 ὀκτὼ
1708 2023 1840 2078 σκύ⁴⁵

256 2133 414 2188 μνοις
442 2116 584 2170 κατὰ
616 2118 714 2189 τὴν
751 2117 1053 2187 Ἀσσυρίων
1081 2115 1198 2169 ὁδὸν
1235 2115 1598 2186 θεασάμενος,
1626 2115 1847 2181 αὐτίκα,

249 2208 334 2280 τῷ
368 2211 648 2282 μαθήματι
679 2209 1002 2280 ξυμϐαλὼν,
1042 2209 1143 2280 τῆς
1182 2209 1448 2280 ἐσομένης
1495 2206 1646 2280 αύτῷ
1697 2208 1847 2281 παρὰ

251 2301 496 2374 Πέρσαις
523 2301 803 2374 διατριϐῆς
828 2298 918 2355 τὸν
949 2302 1139 2374 χρόνον
1169 2299 1560 2372 ἐμαντεύσατο.

1957 471 2055 526 per
2087 455 2224 509 istos
2249 454 2466 509 Arabiae
2498 455 2734 525 populos
2763 455 2868 510 iter
2898 453 3127 522 faceret,
3159 459 3256 527 qui
3287 467 3343 514 et
3373 460 3548 516 scien-

1955 551 2029 603 tia
2067 554 2123 602 et
2143 563 2246 602 usu
2273 545 2394 616 ejus
2419 547 2499 602 rei
2540 546 2778 602 maxime
2801 548 3100 617 pollebant.
3133 547 3232 606 Est
3260 553 3407 606 enim
3443 553 3548 608 hoc

1953 641 2219 706 Arabum,
2253 647 2313 696 ut
2362 656 2568 712 cycnos
2607 640 2937 707 bodienum,
2983 643 3236 714 aliasque
3291 643 3546 700 fatidicas

1955 748 2084 790 aves
2107 735 2460 790 sciscitentur
2488 732 2719 800 perinde
2751 742 2916 805 atque
2945 737 3193 792 oracula.
3226 736 3547 808 Conjiciunt

1953 840 2086 881 vero
2125 828 2318 881 brutas
2357 840 2522 882 voces
2557 827 2859 882 draconum
2895 827 3062 898 pasti,
3097 836 3158 883 ut
3191 829 3284 882 alii
3327 837 3543 900 putant,

1954 919 2141 983 corde,
2191 926 2252 972 ut
2286 918 2401 983 alii,
2442 919 2660 991 bepate.
2700 940 2719 972 ι
2759 919 2860 975 Hic
2903 936 3104 992 nempe
3133 922 3362 977 omnino
3413 923 3546 978 dra-

1953 1024 2177 1072 conum,
2220 1008 2336 1064 sive
2359 1024 2476 1074 cor,
2504 1010 2618 1066 sive
2641 1010 2810 1080 hepar
2832 1011 3258 1083 Pythagoricum
3304 1013 3482 1080 illum,
3510 1029 3544 1069 a

1954 1101 2106 1154 victu
2130 1099 2517 1155 abhorrentem
2559 1094 2955 1167 animantium,
2981 1110 3036 1158 et
3074 1118 3145 1158 ne
3175 1103 3283 1158 diis
3313 1103 3540 1174 quidem

1953 1195 2222 1264 sanguine
2252 1209 2368 1248 rem
2435 1196 2650 1250 sacram
2694 1194 2876 1251 facere
2911 1197 3301 1262 sustinentem,
3333 1198 3545 1254 verosio

1953 1287 2082 1343 mile
2114 1295 2200 1342 est
2226 1286 2558 1351 comedisse,
2591 1302 2700 1356 quo
2730 1288 2942 1343 scilicet
2961 1289 3017 1343 in
3054 1289 3340 1359 sapientiae
3363 1292 3543 1360 gentis

1953 1373 2114 1431 istius
2151 1385 2336 1446 partes
2375 1377 2494 1446 ipse
2523 1383 2742 1446 duoque
2775 1379 3007 1433 veniret.
3043 1377 3206 1450 Apud
3245 1381 3544 1451 magistros

1951 1467 2097 1521 enim
2139 1467 2435 1537 ejusmodi,
2477 1482 2586 1538 qua
2629 1467 2736 1520 alia
2768 1469 3002 1532 ratione,
3049 1470 3156 1525 nisi
3199 1471 3388 1527 eadem
3422 1487 3544 1542 qua:

1951 1567 2313 1629 praeceptores
2366 1558 2668 1628 sequendo,
2717 1559 2772 1613 in
2824 1560 3082 1616 instituto
3125 1577 3228 1617 suo
3272 1563 3543 1634 proﬁcere

1951 1652 2256 1722 potuisset?
2299 1651 2575 1708 Tenemus
2606 1653 2772 1724 igitur
2800 1655 2944 1711 inter
2983 1655 3263 1726 Apollonii
3296 1663 3538 1726 praecp-

1952 1751 2123 1810 tores,
2161 1759 2396 1814 quorum
2431 1747 2744 1816 catalogum
2785 1746 3060 1815 dedimus,
3100 1747 3344 1802 Arabum
3371 1748 3541 1803 etiam

1955 1837 2256 1907 sapientes,
2286 1837 2423 1893 artis
2456 1838 2755 1908 auguralis,
2789 1854 2898 1909 qua
2922 1840 3041 1909 ipse
3086 1841 3408 1910 praestabat,
3439 1838 3544 1894 do-

1951 1935 2134 1984 ctores
2163 1945 2176 1980 :
2209 1929 2392 1999 cujus,
2425 1941 2486 1984 ut
2505 1931 2818 1987 verosimile
2841 1938 2948 1995 est,
2979 1931 3318 2000 adjumento,
3349 1939 3541 2002 postea

1951 2021 2247 2093 aliquando
2277 2021 2346 2076 de
2368 2023 2690 2092 passerculo
2710 2023 2777 2088 η,
2809 2022 2943 2093 quid
2966 2023 3072 2079 sibi
3109 2024 3262 2090 velit,
3297 2023 3427 2079 dum
3449 2039 3542 2080 sos

1949 2114 2068 2170 cios
2106 2113 2174 2168 ad
2205 2119 2425 2184 pastum
2455 2113 2738 2180 invitaret,
2768 2115 3128 2180 vaticinatus,
3156 2130 3274 2171 rem
3300 2117 3540 2171 maxime

1950 2205 2262 2260 mirandam
2295 2213 2558 2276 praestare
2581 2207 2946 2276 presentibus
2969 2207 3229 2263 omnibus
3251 2215 3336 2263 est
3356 2223 3535 2263 Visus.

1953 2297 2242 2364 Similiter,
2277 2315 2477 2356 caesam
2507 2301 2672 2356 modo
2700 2301 2953 2366 leamam,
2982 2313 3092 2356 una
3132 2317 3262 2356 cum
3287 2311 3416 2357 octo
3447 2315 3542 2357 ca-

251 2399 408 2462 tulis,
442 2398 498 2452 in
539 2400 734 2454 itinere
763 2414 860 2469 per
903 2399 1190 2470 Assyriam
1240 2397 1631 2466 conspicatus,
1666 2395 1837 2462 illico,
1879 2411 1947 2452 ex
1980 2397 2088 2454 isto
2111 2396 2487 2468 conjecturam
2546 2396 2758 2453 faciens
2783 2397 2826 2429 “
2865 2396 3222 2463 documento,
3277 2395 3580 2488 facienda.

251 2494 361 2549 sibi
389 2495 530 2565 apud
559 2493 756 2550 Persas
787 2508 955 2548 mora:
982 2503 1198 2564 tempus
1227 2494 1506 2565 praedixit.

780 2607 1180 2671 ΚΕΦΑΛΑΙΟΝ
1221 2616 1325 2669 IA'.

340 2695 630 2762 Ἀκόλουθα
682 2699 740 2761 δὲ
783 2711 849 2779 τῇ
912 2709 1064 2780 παρὰ
1109 2711 1220 2772 τοῖς
1273 2708 1550 2780 Ἀραϐίοις
1603 2708 1847 2781 φοιτήσει

252 2801 528 2872 ἐγχειρεῖν
561 2787 724 2854 αὑτὸν
755 2803 849 2854 καὶ
883 2801 1036 2873 παρά
1070 2803 1311 2873 Πέρσαις
1348 2802 1377 2853 ὁ
1409 2801 1573 2866 αὐτὸς
1608 2801 1851 2873 ξυγγρα-

252 2891 394 2959 φεὺς
429 2880 647 2961 ἱστορεῖ.
682 2891 772 2962 Τῷ
802 2891 910 2961 γάρ
935 2909 1018 2944 τοι
1057 2892 1272 2962 Δάμιδι,
1303 2892 1361 2957 ὃς
1390 2892 1548 2962 μόνος
1587 2894 1848 2964 φοιτητὴς

249 2971 324 3051 ἦν
353 2979 500 3050 αὐτῷ
541 2973 634 3034 καὶ
681 2983 916 3054 ἑταῖρος,
949 2983 1336 3053 ἀπαγορεύσας
1373 2985 1485 3056 (71)
1536 2983 1686 3056 παρά
1719 2985 1847 3048 τοὺς

2442 2595 2609 2674 519
2641 2594 2872 2660 CAPUT
2907 2589 2998 2660 Xl.

2025 2701 2408 2758 Consentanea
2434 2705 2615 2757 a'ute‘m
2634 2700 2939 2772 disciplinae
2965 2698 3109 2771 apud
3126 2690 3357 2767 Arabes,
3389 2684 3538 2772 apud

1954 2792 2154 2851 Persas
2183 2798 2404 2865 quoque
2436 2808 2758 2864 aggressum
2785 2802 2909 2847 eum
2939 2791 3131 2857 fuisse,
3177 2791 3319 2848 idem
3346 2796 3542 2849 auctor

1955 2895 2369 2942 commemorat.
2406 2883 2692 2940 Damidem
2736 2884 2906 2950 enim,
2940 2884 3034 2954 qui
3089 2883 3242 2940 solus
3288 2884 3394 2954 ipsi
3421 2892 3542 2940 erat

1951 2976 2256 3049 diseiphlus
2273 2977 2589 3047 sociusque,
2606 2976 2903 3047 prohibens
2930 2976 2999 3031 ad
3023 2983 3211 3046 magus
3227 2973 3536 3041 accessu",

255 3042 484 3145 μάγους.
504 3065 660 3138 ἱέναι,
689 3042 846 3146 μόνος
870 3075 1052 3141 αὐτὸς,
1193 3077 1259 3130 ἃν
1284 3079 1359 3149 μὴ
1380 3042 1509 3149 μετ’
1532 3042 1846 3148 ἀγνώμονος

1957 3042 2262 3138 solus-ipse,
2295 3068 2436 3140 (eam
2458 3069 2528 3123 ob
2557 3073 2781 3123 causam
2815 3069 3043 3134 seilicet,
3076 3080 3146 3124 ne
3173 3068 3348 3134 illum,
3373 3075 3539 3140 quem

251 3152 456 3238 δηλαδὴ
488 3169 556 3221 τὰ
577 3169 676 3239 τῆς
707 3169 938 3239 μαγείας
970 3169 1262 3240 μανθάνοι,
1296 3170 1639 3242 μεσημϐρίας
1660 3180 1740 3232 τε,
1769 3160 1845 3234 ὡς

250 3260 400 3330 ἀμφὶ
432 3260 603 3330 μέσας
631 3259 853 3324 νύκτας,
878 3259 978 3324 τὰς
1009 3261 1125 3330 μετ’
1155 3260 1331 3314 αὐτῶν
1363 3257 1598 3314 ἐποιεῖτο
1628 3261 1842 3332 σχολὰς.

254 3339 383 3402 Ἔτι
409 3350 466 3402 δὲ
494 3349 778 3422 Οὐαρδάνῃ
811 3349 1140 3421 Βαϐυλωνίῳ
1178 3351 1236 3414 ἐς
1270 3349 1462 3418 λόγους
1495 3343 1712 3403 ἐλθόντα
1747 3350 1845 3420 βα-

254 3429 417 3505 ιὲιλεῖ,
439 3436 541 3496 ὧδέ
569 3461 684 3506 πως
714 3443 892 3511 λέγειν
922 3443 1087 3495 αὑτὸν
1125 3442 1480 3514 παρατίθεται
1501 3453 1514 3472 "
1548 3460 1566 3492 ι
1595 3442 1764 3512 Σοφία
1789 3442 1846 3496 δέ

253 3543 349 3606 μοι
404 3534 764 3605 Πυθαγόρου,
807 3534 1012 3604 Σαμίου
1080 3534 1305 3606 ἀνδρὸς,
1368 3535 1427 3599 ὃς
1481 3534 1637 3598 θεοὺς
1687 3534 1848 3607 θερα-

251 3625 444 3678 πεύειν
472 3626 584 3698 (72)
623 3619 728 3680 ὧδέ
763 3642 830 3698 με
862 3623 1160 3691 ἐδιδάξατο,
1188 3624 1263 3688 ὼς
1288 3616 1401 3694 (75)
1434 3621 1670 3689 ξυνιέναι
1696 3623 1846 3694 σφῶν

250 3719 551 3790 ὁρωμένων
580 3735 641 3771 τε
686 3719 781 3772 καὶ
805 3719 902 3788 οὐχ
947 3717 1238 3789 ὁρωμένων
1259 3734 1272 3747 ·
1323 3718 1514 3788 φοιτᾷν
1553 3735 1613 3770 τε
1642 3719 1700 3781 ἐς
1733 3719 1849 3771 δια-

253 3807 430 3873 λέξεις
459 3809 619 3862 θεῶν.
651 3829 668 3860 ι
691 3809 787 3873 Τίς
819 3809 863 3862 δ’
891 3809 1038 3880 αύτῷ
1076 3809 1248 3862 ταῦτα
1275 3807 1714 3881 ξυγχωρήσειεν;
1757 3812 1849 3864 ὅτε

254 3890 554 3972 Πυθαγόρα
614 3901 711 3972 μὲν
761 3901 989 3972 οὐδεμία
1025 3919 1110 3966 τις
1160 3901 1383 3974 τοιαύτη
1430 3902 1849 3960 καταλέλειπται

253 3991 466 4062 γραφὴ,
483 3991 588 4044 οὐδ’
615 3992 902 4064 ἀπόρρητά
921 4010 1044 4047 τινα
1067 3992 1473 4064 ξυγγράμματα
1492 3993 1627 4065 (74),
1643 3995 1720 4059 ὡς
1745 3995 1848 4050 κᾶν

256 4083 557 4153 ὑπονοῆσαι
591 4083 752 4138 αὐτὸν
778 4084 836 4148 ἐξ
861 4084 1084 4137 ἐκείνων
1110 4085 1383 4155 ὁρμᾶσθαι
1405 4104 1416 4116 ·
1443 4088 1472 4139 ό
1509 4085 1568 4139 δέ
1619 4103 1682 4156 γε
1707 4087 1849 4141 διδά-

259 4175 460 4240 σκαλος
488 4175 634 4246 αύτῷ
660 4176 758 4246 τῆς
796 4176 937 4229 κατὰ
971 4170 1296 4249 Πυθαγόραν
1341 4179 1662 4249 φιλοσοφίας
1698 4179 1850 4233 οὐδέν

255 4284 313 4322 τι
343 4268 616 4340 διαφέρειν
653 4268 762 4322 τῶν
815 4270 1203 4340 Ἐπικουρείων
1246 4272 1386 4343 πρὸς
1422 4273 1587 4326 αὐτοῦ
1636 4287 1852 4345 μεμαρ-

1948 3152 2269 3234 planissime
2303 3161 2546 3232 liquebat
2574 3174 2762 3215 rerum
2796 3161 3132 3232 inagicarum
3166 3161 3386 3232 penitus
3414 3169 3542 3218 esse

1948 3252 2731 3324 iinperitum,COndiscipulum
2753 3251 3028 3324 baberet,)
3058 3253 3208 3308 circa
3229 3253 3539 3317 meridiem,

1949 3347 2028 3401 uti
2057 3354 2111 3402 et
2141 3348 2288 3401 circa
2330 3340 2542 3400 medias
2589 3351 2807 3412 noctes,
2840 3355 3037 3401 eortlm
3089 3347 3316 3402 scholas
3343 3347 3536 3404 obivit.

1947 3437 2325 3508 Praetereaque
2349 3437 2418 3490 ad
2438 3437 2706 3493 Ba‘rdanis
2735 3437 3023 3509 Babylonii
3059 3441 3205 3510 regis
3237 3440 3540 3496 admissum

1949 3529 2307 3600 colloquium,
2339 3529 2427 3583 his
2458 3528 2574 3583 fere
2620 3529 2805 3584 verbis
2836 3546 3000 3585 usum
3032 3543 3159 3586 eum
3183 3530 3356 3588 fuisse
3386 3531 3543 3604 [Phi-ﬁ

1949 3621 2233 3694 lo‘stratus]
2261 3619 2433 3676 refert
2455 3622 2498 3652 ”
2533 3642 2545 3677 :
2581 3631 2602 3674 ι
2640 3621 2980 3693 Sapientiam
3020 3631 3204 3679 autem
3238 3627 3541 3695 amplector

1948 3713 2271 3786 Pythagora:
2303 3713 2497 3779 Samii,
2527 3717 2620 3784 qui
2651 3718 2706 3771 et
2735 3717 2917 3772 colere
2951 3716 3084 3772 deos
3113 3733 3200 3773 me
3227 3717 3300 3772 ita
3329 3719 3538 3788 docuit,

1950 3817 2012 3864 ut
2025 3816 2208 3864 mente
2236 3823 2332 3865 eos
2365 3809 2722 3879 complectar,
2750 3809 2866 3864 sive'
2885 3809 3151 3865 videndos
3181 3825 3240 3866 se
3262 3813 3542 3881 praebeant

1929 3901 2070 3957 ~sive
2101 3903 2308 3967 minus,
2355 3902 2586 3971 pariter,
2636 3906 2803 3972 atque
2855 3900 2914 3954 in
2954 3901 3227 3972 colloquia
3259 3908 3386 3958 eum
3431 3905 3540 3961 diis

1951 3991 2301 4049 descendam.
2342 4011 2361 4044 ›
2391 3990 2498 4046 Sed
2529 3992 2675 4046 enim
2715 3992 2840 4061 quis
2875 3991 2982 4046 boc
3034 3993 3114 4048 illi
3156 3996 3541 4052 concesserit?

1950 4085 2091 4140 Cum
2131 4081 2473 4155 Pythagoras
2517 4083 2641 4153 ejus
2684 4084 2904 4153 generis
2947 4086 3215 4156 scriptum
3254 4087 3541 4158 reliquerit

1951 4179 2186 4243 nullum,
2220 4192 2397 4246 neque
2429 4175 2652 4246 aliquod
2685 4177 2954 4248 scriptum
2987 4177 3108 4247 ejus
3157 4181 3338 4235 eistet
3375 4195 3552 4236 arca--

1952 4287 2083 4327 num
2103 4272 2299 4342 magis,
2335 4281 2396 4325 ut
2425 4270 2511 4326 vel
2540 4269 2815 4340 suspicari
2843 4269 3007 4326 liceat
3029 4270 3232 4333 talibus
3259 4289 3385 4330 eum
3405 4275 3540 4331 sub-l-

334 4430 380 4462 "‘
416 4431 510 4488 lib.
551 4449 639 4498 tv,
676 4447 726 4488 c.
759 4433 815 4488 2.
894 4434 942 4467 ¹³
978 4434 1075 4490 lib.
1120 4450 1168 4502 ι,
1209 4451 1261 4490 c.
1297 4434 1389 4490 22.
1469 4437 1514 4468 ¹⁶
1554 4437 1646 4492 lib.
1683 4450 1737 4503 ι,
1771 4453 1822 4493 c.

2025 4438 2072 4470 ³⁷
2109 4438 2208 4494 lib.
2250 4452 2306 4505 ι,
2349 4436 2440 4492 '52.-

333 4586 447 4660 (68)
477 4590 773 4669 ι’[ιγνωσκ.
825 4606 898 4669 τε
939 4591 1038 4669 καὶ
1080 4606 1286 4669 πρατιζ.
1338 4587 1505 4669 αὐτό.
1555 4592 1840 4669 P_hi_lostr.,

1957 4594 2093 4650 hanc
2141 4595 2435 4669 lectionem
2468 4592 2754 4669 sequentia
2797 4593 2810 4648 ξ
2858 4595 2936 4661 ὥς
2979 4596 3047 4651 av
3098 4597 3172 4669 μὴ
3205 4599 3336 4668 ’μετ’
3363 4583 3543 4668 ms.

256 4657 674 4736 γιγνωσκόντων
686 4678 756 4736 τε
780 4657 912 4715 αὐτὸ
939 4663 1031 4716 καὶ
1055 4657 1422 4733 πραττόντων,
1456 4664 1602 4734 quod
1622 4657 1846 4736 elegans

259 4732 443 4814 magis
483 4731 615 4814 mihi
648 4731 884 4814 videtur.

335 4800 447 4875 (69)
481 4801 732 4875 Κύκνων
762 4801 883 4870 ἤδη
921 4801 1019 4875 καί
1041 4802 1226 4870 ὀρνίθ.
1259 4801 1542 4875 Pl;ilostr.,
1593 4803 1692 4875 ἤδη
1712 4816 1846 4875 -κοι-

261 4870 376 4934 νὺν,
409 4870 661 4942 ὀρνίθων,
696 4880 832 4936 etc.,
873 4874 1016 4940 quod
1047 4873 1370 4941 magismihi
1396 4870 1844 4944 probatur-[Nam

259 4951 318 4995 et
347 4951 471 5010 post
494 4944 730 5010 speciem
772 4956 944 5011 genus
980 4944 1251 4997 noininari
1282 4959 1390 4998 non
1434 4946 1571 5000 adeo
1626 4959 1844 4999 conve-
1945 4944 2173 5000 ticula'm
2215 4963 2277 5000 τε

261 5011 447 5082 piens,
478 5020 532 5066 et
553 5015 710 5082 cycni
744 5013 889 5066 inter
916 5015 1205 5082 augurales
1233 5030 1363 5068 aves
1387 5023 1496 5070 non
1526 5015 1662 5069 adeo
1700 5016 1842 5069 cele-

258 5080 412 5155 bres,
457 5082 566 5134 imo
589 5080 877 5155 corvorum
914 5098 978 5137 ea
996 5080 1071 5155 :in
1106 5100 1162 5138 re
1195 5085 1463 5139 celebrior
1507 5096 1671 5155 opera
1707 5085 1850 5155 apud

258 5152 496 5275 Ara‘lbels,
531 5159 589 5206 ut
613 5154 962 5209 observatum
994 5152 1298 5227 Porphyrio
1326 5156 1404 5211 De
1429 5152 1596 5224 abst,
1624 5155 1719 5212 lib.
1741 5152 1849 5222 ἰιι,

260 5237 322 5275 n.
470 5263 483 5275 .

260 5237 739 5364 ιλ(96Δῖ’Ἔχιιμεν
781 5295 850 5364 δὴ
904 5291 1019 5350 οὖν
1052 5297 1152 5364 πρ.
1197 5301 1253 5351 τ.
1289 5300 1572 5353 mretst
1616 5296 1743 5352 Hac
1784 5313 1851 5352 eo

260 5371 540 5436 spectant,
571 5367 717 5436 quod
750 5369 856 5436 ista
890 5367 958 5421 de
987 5368 1260 5423 Arabibus
1291 5371 1608 5424 narratione
1635 5376 1850 5422 contra—

261 5435 420 5509 dicat
460 5435 562 5509 sibi
588 5435 715 5509 ίιρεὶ
735 5435 1138 5509 Philostratus,
1184 5455 1309 5493 cum
1355 5441 1483 5494 alibi
1523 5440 1850 5509 sapientiam

257 5502 540 5584 Apollonii
562 5502 940 5584 αὐτοδίδακτον
966 5525 1089 5565 esse
1110 5513 1336 5566 statuat.
1361 5511 1515 5578 Quod
1542 5502 1704 5581 paulo
1723 5518 1850 5565 ante

261 5577 318 5633 ei
352 5577 764 5644 exprobratum,
791 5594 841 5634 c.
871 5582 926 5635 9.

341 5645 456 5719 (Ἠ)
490 5647 954 5722 ᾋσζαγορειξᾰᾱς.
987 5651 1064 5706 Ita
1095 5649 1385 5722 legendum
1416 5657 1541 5709 esse
1573 5652 1689 5708 sole
1727 5651 1845 5706 cla-

265 5715 389 5776 rius
412 5715 506 5784 {si
570 5715 752 5777 loc'uin
800 5715 1118 5782 Philostrati
1150 5715 1468 5794 'con‘tera's,
1515 5722 1845 5797 ﬁrmutqﬂe

1955 4681 2116 4736 μονος
2139 4677 2246 4720 etc.
2281 4667 2526 4732 Quorum
2562 4668 2751 4724 nullus
2781 4683 2906 4722 esse
2934 4667 3114 4737 potest
3145 4667 3364 4733 sensus,
3393 4667 3440 4725 si
3463 4683 3544 4726 re-

1951 4738 2226 4810 tineamus
2268 4737 2560 4810 lectionem
2600 4737 2957 4809 depravatam
3000 4739 3274 4794 editorum
3317 4742 3412 4810 qui
3441 4741 3544 4795 ba-

1949 4804 2101 4877 bent_
2115 4805 2578 4877 ἀπαγορεύσαντι.

2022 4875 2135 4952 (72)
2169 4875 2353 4943 Θεοὺς
2385 4879 2752 4952 θεραπεύειν.
2785 4877 3156 4952 Philostratus
3186 4879 3546 4952 otnil.tit_par-l

2317 4963 2480 5016 quam
2521 4948 2612 5002 hic
2645 4951 2906 5004 insertam
2944 4951 3147 5004 habent
3187 4951 3333 5005 edita
3371 4948 3544 5007 Euse-

1947 5017 2135 5092 biana,
2165 5019 2360 5092 melius
2392 5033 2512 5073 eam
2536 5035 2646 5092 ego
2674 5034 2893 5090 quoque
2927 5021 3104 5092 omitti
3137 5031 3344 5089 putem,
3370 5021 3450 5076 illi
3478 5025 3542 5076 τε

1955 5089 2099 5141 enim
2137 5089 2273 5155 nihil
2316 5089 2629 5157 resliondet,
2666 5089 2722 5144 et
2773 5091 3058 5159 sequentia
3109 5092 3219 5144 duo
3248 5092 3372 5145 cola
3400 5093 3545 5148 inter

1957 5171 2017 5212 se
2048 5159 2254 5231 rectius
2284 5159 2375 5212 illa
2410 5160 2679 5229 particula
2712 5161 3037 5231 junguntur,
3071 5167 3334 5230 tanquam
3360 5172 3544 5231 partes

1956 5229 2295 5284 continentia
2343 5235 2547 5304 cultus,
2592 5245 2754 5300 quem
2803 5229 2839 5285 εἰ
2898 5229 3221 5303 Pythagora:
3271 5229 3542 5304 Sapientia

1958 5312 2017 5353 se
2040 5303 2318 5370 accepisse
2349 5301 2451 5370 ait.

2055 5369 2143 5439 73)
2172 5367 2312 5435 "ac.
2345 5369 2605 5424 Philostr.
2643 5367 2807 5425 habet
2834 5371 2951 5427 καί.

2059 5439 2147 5515 74)
2173 5439 2522 5515 ,Ἆπόῤῥητά
2539 5458 2674 5495 τινα
2702 5440 3144 5515 ξυγγράμματα.
3167 5440 3297 5500 Ηεε.
3334 5442 3543 5515 Scripta

1955 5510 2126 5565 variis
2170 5510 2471 5566 involucris
2510 5524 2733 5567 sensum
2777 5510 3136 5578 involventia,
3176 5521 3238 5568 ut
3287 5510 3544 5570 solebant

1957 5581 2223 5653 symbolis
2252 5583 2476 5653 suisuti
2520 5583 2586 5638 ad
2631 5582 2892 5652 tegendas
2919 5584 3234 5640 reconditas
3263 5584 3546 5640 doctrinas

1953 5651 2033 5706 illi
2057 5652 2450 5734 'philosophin
2489 5651 2848 5734 symbolicam
2904 5654 3106 5712 imitati
3156 5653 3550 5730 Egyptiorum.

1940 5723 2276 5810 sapientiam
2303 5723 2556 5797 passim.“
