3856 6222
360 245 470 307 818

1024 240 1294 300 EUSEBll
1325 236 1806 298 CAESARIENSIS
1843 233 1993 294 OPP.
2033 233 2216 290 PARS
2252 232 2318 290 ιι.
2358 266 2430 278 -
2466 236 2968 296 APOLOGETICA.

363 365 523 423 sidils
553 377 736 419 usum.
767 359 880 418 lmo
913 363 1195 433 magister,
1227 377 1338 433 quo
1371 362 1462 417 ille
1499 361 1553 416 in
1585 358 1932 432 Pythagorica

2050 357 2279 430 τύρηται
2301 358 2398 412 τοῦ
2421 357 2805 430 Φιλοστράτου,
2827 352 2932 413 ὧδέ
2957 379 3074 425 πως
3099 361 3382 434 εἰρηκότος
3400 383 3416 396 ·
3443 381 3466 416 ι
3491 365 3644 420 AM

365 456 708 529 philosophia
737 469 870 510 usus
899 461 1004 518 est,
1041 454 1174 509 nihil
1209 452 1496 524 Epicureis
1529 450 1703 506 fuisse
1730 450 1943 514 melior,

364 552 537 621 ipsius
560 548 875 604 Philostrati
905 547 1222 603 testimonio
1249 546 1588 616 perhibetur,
1622 545 1698 597 ita
1724 543 1948 612 loquen-

362 641 495 698 tis“
525 659 537 692 :
572 661 592 693 σ
625 639 942 709 Praeceptor
970 638 1191 708 quidem
1234 634 1609 707 Pythagoricae
1641 633 1947 703 disciplina:

361 732 409 787 ei
437 729 559 795 fuit,
590 731 746 786 bonae
772 729 994 783 minime
1023 726 1217 796 frugis,
1249 741 1425 796 neque
1455 740 1620 794 opera
1647 726 1852 795 pariter
1881 739 1946 780 ac

360 824 545 878 verbis
577 820 1018 892 philosophatus,
1054 818 1342 889 ventrique
1374 827 1429 876 et
1456 817 1654 874 Veneri
1700 818 1943 886 deditus,

359 918 416 968 et
443 911 509 966 ad
539 911 758 982 Epicuri
789 911 1138 979 disciplinam
1175 911 1544 981 compositus.
1575 911 1735 979 Isque
1765 909 1946 966 Euxe-

359 1019 469 1061 nus
502 1011 644 1067 erat,
675 1001 937 1058 Heraclea
978 1004 1032 1056 in
1063 1001 1240 1057 Ponto
1287 1003 1580 1069 oriundus,
1621 1002 1946 1075 Pythagorae

357 1103 541 1151 autem
575 1096 876 1151 sententias
923 1096 1001 1149 ita
1031 1106 1284 1158 noverat,
1329 1097 1474 1151 sicut
1514 1111 1644 1152 aves
1699 1111 1785 1161 ea,
1821 1111 1946 1166 qua:

359 1188 432 1242 ab
463 1187 780 1242 hominibus
820 1187 1144 1242 edocentur.
1185 1206 1204 1240 ι
1248 1185 1362 1242 Vah
1416 1187 1854 1243 absurditateml
1895 1188 1943 1245 si

359 1280 428 1336 ab
455 1280 558 1335 hoc
590 1280 862 1351 quispiam
897 1279 1124 1336 afﬁrmet
1154 1280 1517 1336 conversandi
1545 1296 1671 1335 cum
1707 1281 1815 1337 diis
1848 1294 1938 1351 pev

358 1372 546 1427 ritiam
585 1372 934 1442 Apollonium
989 1373 1290 1442 accepisse.
1331 1371 1532 1428 Verum
1574 1371 1943 1428 concedamus

357 1463 499 1519 alios
527 1480 748 1535 quoque
793 1479 918 1520 eum
952 1465 1236 1521 audivisse
1267 1464 1634 1544 [Pythagorae]
1669 1467 1942 1535 interpre-

359 1569 464 1619 tes,
497 1558 715 1612 tametsi
739 1567 928 1612 noster
959 1557 1260 1614 historicus
1290 1557 1411 1626 ejus
1444 1557 1618 1616 reine
1653 1557 1941 1611 minimum

356 1649 582 1720 quidem
610 1649 872 1704 indicium
899 1647 1064 1702 faciat
1090 1667 1103 1704 :
1142 1656 1196 1702 at
1225 1652 1350 1719 quis
1380 1665 1570 1705 eorum
1604 1664 1942 1720 cognoscere

2049 448 2248 512 σκαλος
2278 448 2375 520 μὲν
2404 443 2472 519 ἦν
2516 449 2626 520 (75)
2667 449 2816 521 αὐτῷ
2855 449 2965 504 τῶν
2997 451 3315 526 Πυθαγόρου
3358 454 3536 524 λόγων
3575 458 3641 512 οὺ

2047 541 2191 595 πάνυ
2220 541 2529 607 σπουδαῖος,
2547 542 2656 596 οὐδ’
2686 542 2896 614 ἐνεργῷ
2927 545 2993 615 τῇ
3017 543 3306 618 φιλοσοφία
3330 547 3640 619 χρώμενος,

2045 634 2284 706 γαστρός
2329 651 2390 687 τε
2431 634 2609 705 ἥττων
2631 633 2741 705 (76)
2777 635 2875 688 καὶ
2915 634 3295 707 Ἀφροδισίων·
3351 642 3444 694 κα)⁵
3496 643 3645 696 κατὰ

2045 721 2137 777 τὸν
2170 722 2492 794 Ἐπίκουρον
2518 725 2906 794 ὲσχημάτιστο.
2929 721 3038 780 Ἦν
3059 726 3114 779 δὲ
3145 720 3300 792 οὗτος
3321 727 3578 795 Εὔξενος,
3613 731 3645 783 6

2046 811 2108 880 ἐξ
2142 815 2470 887 Ἡρακλείας
2512 815 2624 888 (77)
2661 816 2758 871 τοῦ
2808 819 3032 872 Πόντου.
3076 819 3186 884 Τὰς
3213 821 3272 874 δὲ
3315 822 3644 894 Πυθαγόρου

2045 905 2270 978 γνώμας
2290 907 2402 978 (78)
2439 909 2772 977 ἐγίγνωσκεν
2796 949 2811 973 ,
2854 909 3043 983 ὥσπερ
3070 913 3120 964 οἱ
3159 911 3372 982 δρνιθες
3410 913 3448 968 ἃ.
3499 933 3646 984 μανε-

2046 997 2267 1052 θάνουσι
2305 999 2455 1070 παρὰ
2490 1001 2600 1054 τῶν
2643 999 2966 1074 ἀνθρώπων.
2999 1021 3018 1054 ι
3065 1003 3171 1056 Φεῦ
3217 1006 3317 1076 τῆς
3363 1007 3641 1071 ἀτοπίαςι

2045 1091 2096 1142 εί
2127 1090 2282 1164 παρὰ
2309 1091 2502 1144 τούτου
2528 1090 2677 1159 λέγοι
2713 1107 2800 1154 τις
2833 1092 2934 1162 τῆς
2974 1091 3114 1165 πρὸς
3149 1095 3276 1157 τοὺς
3317 1094 3475 1159 θεοὺς
3523 1096 3646 1150 δια-

2045 1180 2242 1250 λέξεως
2262 1182 2360 1254 τὴν
2395 1181 2604 1247 ξύνεσιν
2633 1183 2795 1238 αὐτὸν
2819 1182 3117 1254 εἰληφέναι.
3156 1184 3317 1238 Ἀλλὰ
3340 1187 3404 1258 δὴ
3440 1187 3644 1256 ξυγκε.

2043 1276 2313 1348 χωρήσθω
2337 1278 2432 1330 καὶ
2453 1277 2541 1329 έτέ
2550 1294 2660 1348 ρων
2685 1276 2980 1348 ὑφηγητῶν
3001 1278 3162 1332 αὐτὸν
3183 1279 3502 1350 ἀκηκοέναν
3525 1280 3646 1336 και-

2042 1386 2190 1438 τοιγε
2217 1369 2312 1422 τοῦ
2339 1369 2696 1441 ξυγγραφέως
2715 1369 2876 1424 τοῦτο
2909 1371 3175 1444 μηδαμῶς
3211 1372 3639 1444 ἐπισημηναμέ-

2044 1477 2157 1516 νου·
2186 1459 2272 1524 τίς
2289 1460 2354 1532 δὴ
2377 1457 2470 1514 οὖν
2502 1461 2708 1515 τούτων
2731 1459 2942 1527 ξύνεσίν
2963 1480 3024 1516 τε
3050 1463 3145 1516 καὶ
3176 1462 3426 1535 φοίτησιν
3469 1463 3637 1531 θεῶν,

2042 1553 2336 1626 ὁρωμένων
2369 1555 2463 1607 καὶ
2481 1554 2580 1626 οὐχ
2597 1553 2914 1627 ὁρωμένων,
2937 1556 3102 1619 αὑτός
3132 1573 3194 1609 τε
3223 1556 3297 1622 ὡς
3329 1557 3436 1610 ὑπὸ
3451 1556 3643 1610 Πυθα-

2043 1644 2207 1716 γόρου
2235 1643 2452 1709 εἰδέναι,
2487 1644 2832 1719 διδάσκεσθαι
2865 1665 2925 1700 τε
2963 1647 3186 1719 ἑτέρους
3226 1649 3641 1719 έπηγγέλλετο;

357 1741 518 1808 deos,
550 1757 860 1813 eorumque
893 1743 1243 1798 commerciis
1274 1741 1401 1805 frui,
1437 1743 1555 1797 sive
1580 1742 1846 1797 videndos
1881 1757 1932 1796 se

2050 1739 2154 1791 Καὶ
2179 1737 2282 1810 μὴν
2301 1737 2407 1792 οὐδ’
2423 1740 2452 1791 6
2474 1717 2800 1810 περιϐόητος
2827 1717 3073 1805 Πλάτων,
3092 1742 3306 1795 πάντων
3323 1717 3403 1810 -γε
3431 1742 3641 1813 μᾶλλον

357 1834 640 1904 praebeant
681 1835 796 1888 sive
840 1833 1047 1897 minus,
1083 1835 1171 1889 vel
1225 1835 1406 1904 ipsum
1454 1849 1514 1888 se
1557 1849 1589 1888 a
1633 1833 1940 1905 Pythagora

355 1924 632 1988 edoctum,
681 1926 767 1980 vel
821 1925 959 1980 alios
1012 1925 1213 1980 docere
1260 1941 1425 1996 posse
1475 1926 1762 1996 professus
1812 1927 1943 1982 est?

355 2013 522 2084 Atqui
556 2029 623 2068 ne
643 2013 1115 2070 celebratissimus
1144 2013 1300 2069 Plato
1322 2017 1541 2087 quidem
1571 2018 1746 2087 magis
1773 2032 1938 2088 quam

355 2106 499 2162 alius
527 2106 822 2177 quisquam
846 2106 1224 2180 Pythagoricae
1246 2108 1524 2180 particeps
1543 2109 1936 2181 philosophiae:

354 2213 534 2270 neque
567 2199 860 2271 Archytas,
899 2216 1077 2272 neque
1121 2202 1258 2272 ipse,
1287 2203 1380 2273 qui
1419 2200 1743 2274 Pythagorae
1778 2201 1940 2257 fami-

353 2291 521 2348 liares
548 2307 835 2350 sermones
865 2293 1066 2351 litteris
1099 2295 1400 2361 mandavit,
1425 2292 1727 2360 Philolaus,
1759 2310 1940 2366 neque

353 2383 468 2444 alii,
499 2384 543 2439 si
567 2383 664 2454 qui
697 2393 828 2440 sunt
849 2399 915 2440 ex
945 2385 1050 2439 viri
1091 2385 1239 2440 illius
1276 2383 1663 2451 familiaribus,
1693 2387 1788 2456 qui
1819 2402 1941 2443 sen-

299 2462 308 2470 ’
350 2475 553 2530 tentias
588 2474 733 2530 illius
757 2486 920 2546 atque
956 2477 1211 2546 dogmata
1239 2476 1434 2532 litteris
1465 2478 1775 2548 posteritati
1800 2493 1935 2534 con-

352 2563 676 2634 signarunt,
729 2564 895 2619 talem
952 2579 1194 2634 unquam
1251 2563 1580 2634 sapientiam
1633 2565 1932 2634 jactavere.

348 2655 586 2712 Aliunde
615 2655 809 2727 igitur,
860 2671 1046 2726 neque
1075 2671 1104 2709 a
1131 2653 1438 2727 Pythagora
1464 2671 1615 2723 vero,
1635 2657 1764 2711 talia
1802 2656 1938 2712 edo-

349 2753 494 2812 ctus,
544 2747 638 2801 illo
668 2753 933 2818 praetextu
957 2747 1338 2802 auctoritatem
1382 2763 1655 2818 quaerens,
1691 2763 1721 2802 a
1755 2748 1935 2819 philo-

2040 1831 2140 1902 τῆς
2161 1830 2479 1902 Πυθαγόρου
2509 1831 2921 1904 κεκοινωνηκὼς
2947 1831 3410 1903 φιλοσοφίας,οὖτ’
3440 1834 3646 1906 Ἀρχύ-

2039 1939 2137 1985 τας
2160 1920 2294 1993 (79),
2327 1921 2439 1975 οὔτ’
2474 1920 2638 1985 αὐτὸς
2659 1922 2890 1990 ἐκεῖνος,
2915 1923 2944 1975 6
2977 1922 3075 1986 τὰς
3104 1922 3422 1995 Πυθαγόρου
3441 1929 3641 1997 γραφῇ

2040 2012 2320 2084 παραδοὺς
2348 2012 2585 2084 ὁμιλίας,
2618 2011 2876 2076 Φιλόλαος
2913 2013 3046 2084 (80),
3087 2012 3198 2066 οὐδ’
3221 2014 3274 2066 εἴ
3293 2031 3436 2078 τινες
3479 2014 3640 2069 ἄλλοι

2040 2104 2308 2177 γνώριμοι
2331 2103 2559 2176 τάνδρὸς
2601 2105 2906 2173 γεγονότες,
2937 2103 2987 2158 οἳ
3026 2105 3182 2170 δόξας
3213 2123 3274 2160 τε
3326 2106 3495 2159 αὑτοῦ
3541 2107 3642 2161 καὶ

2039 2197 2265 2269 γνώμας
2308 2200 2492 2270 γραφῇ
2533 2201 2643 2262 τοῖς
2676 2198 2794 2269 μετ’
2821 2197 3128 2270 αὐτοῦ(80⁴)
3155 2198 3638 2270 παραδεδώκασιν,

2041 2293 2133 2345 ἐπὶ
2161 2291 2387 2364 τοιαύτῃ
2404 2293 2508 2347 τινὶ
2538 2293 2904 2364 ὲσεμνύναντο
2923 2293 3320 2366 σοφίᾳ.οὐκοῦν
3340 2293 3639 2366 ἑτέρωθεν,

2040 2385 2156 2440 ἀλλ’
2173 2385 2274 2439 οὐκ
2289 2386 2397 2439 ἀπὸ
2417 2385 2838 2457 Πυθαγόρου,τὰ
2848 2387 3025 2441 τοιάδε
3048 2385 3254 2458 μαθὼν,
3281 2390 3642 2460 προσχήματι

2038 2476 2400 2549 σεμνολογῶν,
2435 2479 2803 2551 ἐπιγράφεται
2848 2479 2949 2549 τὴν
3000 2477 3096 2531 τοῦ
3131 2477 3421 2549 φιλοσόφου
3459 2479 3642 2550 πρόσ-

2042 2585 2220 2638 ρησιν.
2257 2567 2372 2622 Ἵνα
2396 2568 2452 2622 δὲ
2481 2569 2577 2622 καὶ
2606 2567 3058 2641 παραλογώτατα,
3078 2570 3140 2623 τὸ
3182 2569 3376 2639 ψεῦδος
3410 2570 3524 2640 (81)
3557 2571 3638 2634 ὡς

2036 2658 2237 2731 ἀληθές
2282 2677 2366 2724 τις
2407 2661 2688 2730 γεγονέναι
2741 2660 3162 2734 ξυγχωρήσειεν,
3197 2663 3297 2715 οὐκ
3335 2661 3436 2716 οἷδ’
3480 2664 3638 2727 ὅπως

2035 2751 2095 2816 ἐξ
2133 2751 2300 2805 αὐτοῦ
2324 2751 2496 2821 λέγων
2529 2752 2638 2823 (82)
2665 2753 2873 2807 ἐκείνου
2900 2754 2994 2807 τοῦ
3024 2756 3252 2826 Σαμίου,
3279 2754 3387 2826 πρὸ
3417 2756 3635 2829 μυρίων

350 2840 507 2910 sophi
555 2839 706 2894 illius
734 2839 956 2892 nomine
1001 2838 1266 2907 appellari
1294 2837 1486 2893 voluit.
1521 2836 1592 2893 Ut
1639 2847 1822 2894 autem
1847 2839 1932 2894 vel

2050 2845 2174 2896 Sowv
2206 2843 2344 2898 ὲτῶν
2373 2843 2433 2909 ἐξ
2469 2843 2774 2917 ἀνθρώπων
2805 2846 3121 2916 γενομένου,
3151 2846 3221 2901 τὰ
3260 2848 3389 2919 περὶ
3418 2847 3635 2901 τούτων

347 2935 606 2998 maxime,
634 2943 831 3004 praeter
860 2947 1077 2986 onmem
1103 2932 1396 2996 rationem,
1425 2931 1770 2988 mendacium
1796 2931 1931 2987 illud

2050 2935 2195 2989 ιύτὸν
2228 2934 2626 3008 μεμαθηκέναι.
2663 2937 2874 2992 Οὐκοῦν
2901 2938 3036 3008 πρὸς
3068 2942 3180 3004 τοῖς
3223 2939 3502 3012 Ἀραϐίοις
3532 2939 3634 2993 καὶ

346 3041 539 3081 verum
591 3040 717 3081 esse
764 3025 964 3095 aliquis
1011 3021 1316 3090 concedat;
1346 3038 1458 3078 non
1509 3023 1671 3079 video
1721 3031 1924 3089 tamen,

359 3135 446 3137 Π---
495 3126 649 3137 _.--._
713 3119 770 3137 -L
825 3117 939 3137 2---
988 3116 1162 3137 J2--_‘
1207 3115 1376 3137 ..---ε.
1431 3115 1613 3137 L‘__..!-
1663 3115 1752 3137 211Δ
1839 3115 1924 3137 ---ε

2050 3029 2218 3082 τοῦτον
2251 3028 2569 3084 διδάσκαλον
2603 3029 2767 3085 αὑτοῦ
2801 3031 2901 3103 τῆς
2937 3031 3001 3103 δὴ
3049 3029 3411 3103 νομιζομένης
3455 3033 3635 3105 ἀπορ-

346 3135 457 3190 quo
495 3126 658 3189 pacto
709 3119 778 3172 ab
825 3117 945 3187 ipso
982 3116 1166 3172 dicere
1207 3115 1382 3186 possit
1431 3115 1619 3170 Samio
1663 3115 1777 3182 illo,
1832 3115 1927 3187 qui

2050 3124 2204 3195 ῥήτου
2238 3125 2368 3195 περὶ
2399 3122 2537 3176 θεῶν
2573 3125 2884 3196 ἐπιστήμης
2918 3126 3306 3197 ὲπιγραπτέον.
3346 3126 3410 3177 Εἰ
3441 3125 3507 3196 δὴ
3536 3121 3634 3178 οὖν

346 3211 616 3282 plurimos
649 3217 775 3265 ante
805 3224 980 3265 annos
1005 3210 1145 3265 vivis
1176 3208 1436 3274 excessit,
1469 3209 1576 3263 ista
1619 3225 1742 3266 sese
1771 3225 1931 3266 acce-

2050 3213 2187 3279 ὶείας
2217 3211 2286 3286 ἦν
2321 3214 2556 3284 φύσεως,
2593 3215 2958 3285 κατέψευσται
2995 3215 3160 3270 αὑτοῦ
3208 3218 3336 3280 τοὺς
3368 3216 3632 3271 διδασκά-

345 3303 513 3374 pisse.
561 3301 706 3372 Ergo
734 3300 1007 3357 Arabibus
1037 3301 1187 3355 hunc
1237 3316 1458 3371 quoque
1485 3301 1770 3357 doctorem
1814 3301 1932 3372 ejus

2050 3319 2158 3372 ιους
2182 3310 2210 3361 6
2237 3308 2413 3378 λόγος.
2440 3309 2504 3361 Ei
2523 3308 2568 3361 δ’
2596 3307 2800 3380 ἀληθὴς
2825 3304 2892 3380 ἦν
2922 3301 3099 3372 οὗτος,
3131 3308 3331 3380 ψευδὴς
3363 3304 3434 3379 ἦν
3458 3310 3488 3361 6
3530 3308 3638 3378 μῦο

347 3408 585 3459 ετοτωω,
617 3407 740 3464 qua
773 3399 1017 3463 putatur,
1041 3393 1108 3448 de
1136 3392 1244 3448 diis
1287 3394 1533 3449 scientiae
1567 3392 1649 3449 fas
1687 3393 1794 3448 erit
1839 3409 1934 3448 ac-

346 3500 595 3541 censere.
641 3482 700 3538 Si
731 3483 932 3538 divinae
960 3498 1092 3554 ergo
1144 3483 1348 3541 indolis
1376 3484 1515 3553 fuit;
1549 3485 1783 3540 historia
1809 3501 1930 3540 ma-

2036 3399 2146 3465 θος,
2173 3401 2268 3453 καὶ
2289 3401 2390 3454 οὐκ
2415 3397 2623 3472 ἀληθὴς
2645 3400 2680 3471 ἠ
2709 3401 2838 3472 περ).
2863 3398 2958 3454 τοῦ
2985 3399 3128 3454 θεῖον
3155 3400 3440 3470 γεγονέναι
3462 3398 3632 3454 αὐτὸν

2035 3493 2244 3563 γραφή-

345 3580 552 3652 gistros
592 3581 643 3638 ei
688 3593 976 3652 perperam
1024 3577 1303 3636 aliinxisse
1349 3579 1800 3651 deprehenditur.
1837 3579 1934 3637 Sin
1971 3599 2036 3639 ea
2108 3603 2266 3642 verax
2302 3586 2548 3642 narratio
2609 3593 2715 3651 est,
2759 3584 2896 3640 falsa
2929 3585 3034 3640 erit
3081 3583 3284 3647 fabula,
3311 3600 3491 3656 neque
3531 3598 3631 3640 ve-

346 3689 490 3738 rum,
515 3670 662 3744 quod
700 3672 769 3728 de
796 3671 917 3742 ejus
939 3671 1222 3726 divinitate
1250 3679 1336 3726 est
1357 3672 1644 3743 scriptum.

871 3762 1035 3832 520
1069 3760 1299 3818 CAPUT
1336 3763 1453 3822 xu.

413 3855 535 3913 Non
561 3857 694 3913 mihi
722 3867 808 3915 est
860 3859 1076 3914 animus
1131 3857 1450 3929 diligentius
1488 3859 1556 3915 de
1590 3858 1771 3917 Protei
1801 3878 1924 3934 spe-

416 3977 463 4010 “
502 3975 600 4032 lib.
637 3990 693 4042 ι,
725 3992 775 4032 c.
811 3977 866 4032 7.

413 4070 525 4142 (75)
564 4069 694 4124 Μὲν
716 4067 814 4141 ἦν.
847 4069 1104 4127 Philostr.
1137 4071 1301 4126 habet
1329 4071 1426 4142 μὲν
1453 4069 1562 4142 γὰρ
1576 4063 1676 4142 ᾖν.

414 4137 527 4214 (76)
559 4137 834 4214 Γαιζτρός
871 4159 935 4196 τε
975 4142 1187 4211 ἥττων.
1240 4137 1545 4209 ΡΜΙοειὶκί
1575 4137 1814 4211 Γαστρός
1863 4156 1922 4192 τε

340 4212 766 4354 “fwif‘ﬁvs?

339 4351 696 4410 Philostrato.

439 4423 527 4492 78)
563 4422 834 4492 Γνώμας.
863 4421 1150 4487 Philostr.,
1166 4422 1342 4488 δόξας.

440 4490 527 4562 79)
575 4490 882 4562 Ἀρχύτας.
932 4491 1064 4548 Uter
1104 4495 1264 4548 vero?
1306 4507 1431 4546 nam
1479 4490 1589 4546 duo
1632 4491 1803 4548 fuisse
1839 4493 1922 4545 vi-

339 4563 540 4636 dentur
573 4565 628 4619 in
660 4565 977 4636 Pythagorae
1018 4564 1254 4636 διαδοχῇ.
1292 4563 1444 4618 Alter
1480 4564 1574 4636 qui
1621 4563 1801 4636 ipsum
1831 4577 1924 4636 au-

339 4635 478 4692 divit
509 4632 903 4707 Pythagoram,
939 4632 1233 4707 Jamblic'h'.
1269 4636 1306 4690 ι.
1341 4648 1465 4707 r,_c.
1499 4632 1592 4707 25,
1624 4632 1917 4707 Μαθητεύτ

343 4723 533 4778 σαντες
555 4703 568 4707 ⁷
587 4703 666 4776 τῷ
690 4703 982 4778 Πυθαγόρα
1031 4705 1312 4778 πρεσϐύτῃ
1355 4705 1487 4778 νέοιΔ
1512 4703 1789 4778 Φιλόλαος,
1828 4705 1922 4757 καὶ

339 4775 600 4850 ῌΰρυτος,
639 4774 746 4850 κα).
791 4774 1232 4850 ἈρχύταςτεᾸ
1283 4774 1668 4848 πρεσϐύτερος.
1699 4776 1922 4850 ,Ιῃεᾳιιθ

340 4843 573 4918 Philolai
603 4843 967 4918 magisteﬁut
993 4847 1141 4918 apud
1165 4843 1455 4918 Diogenem
1487 4843 1591 4918 est,
1618 4845 1711 4916 qui
1743 4843 1922 4918 Philo-

339 4919 461 4987 laus
493 4914 1084 4987 primus‘Pythagorica
1113 4914 1365 4987 dogmata
1400 4914 1916 4987 scriptis—prodidit.

340 4985 413 5044 Ut
458 4985 782 5059 posterioris
825 4985 1080 5059 Archyta:
1117 4985 1351 5059 alicujus
1389 4985 1827 5059 esseiopo’rteat,
1871 4985 1919 5040 si

338 5056 590 5128 quite—sint
619 5056 989 5128 Pythagorica
1003 5059 1226 5128 scripta.
1253 5058 1580 5128 Posterioris
1593 5056 1920 5128 meminisse

342 5127 553 5200 videtur
573 5128 716 5200 apud
740 5127 992 5200 Photium
1016 5127 1356 5200 Anduymus,
1378 5127 1596 5200 ἔννατον
1617 5127 1725 5181 ἀπὸ
1750 5127 1923 5200 Πυθα-

338 5198 502 5271 γόρου
514 5197 756 5271 διάδοχον
774 5199 1038 5271 Πλάτωνα
1047 5197 1323 5271 γεγονέναι
1342 5199 1598 5270 Ἀρχύτου
1619 5197 1890 5271 πρεσϐυτέ
1901 5228 1920 5240 -

343 5267 435 5342 ρου
462 5267 707 5342 μαθητῇ
727 5269 996 5338 inquiens.
1025 5267 1091 5324 Ut
1107 5267 1572 5342 Archytam'illum
1596 5267 1848 5342 octavum
1864 5269 1918 5321 in

338 5339 400 5394 ea
416 5339 764 5411 successione
782 5341 949 5411 fuisse
966 5349 1234 5411 oporteat,
1248 5339 1522 5406 juniorem
1541 5341 1742 5411 priore,
1755 5354 1916 5411 quem

339 5411 446 5479 ipsi
492 5408 812 5480 Pythagorae
863 5408 1083 5466 Tarenti
1116 5413 1456 5467 successisse
1518 5408 1655 5464 dicit
1688 5408 1919 5464 Jambli-

337 5481 512 5553 chus._
543 5480 908 5553 Quamobrem
969 5482 1115 5552 apud
1177 5481 1456 5553 Photium_
1485 5482 1750 5553 νεωτέρου
1819 5494 1918 5553 pro

338 5549 704 5626 πρεσϐυτέρου
741 5553 842 5622 legi
872 5549 1076 5607 malim.
1108 5554 1250 5606 Sane
1282 5555 1400 5623 ipse
1428 5549 1799 5606 Philostratus
1831 5551 1920 5605 hic

335 5621 589 5691 Archytas
645 5619 974 5691 Philolaum,
1019 5633 1279 5691 tanquam
1323 5624 1614 5691 posteriori
1654 5624 1916 5691 priorem,

337 5637 589 5692 archytae
645 5637 974 5683 rnnmaum,
1019 5637 1279 5693 tanquam
1323 5637 1614 5692 posteriori
1654 5637 1916 5691 pl‘lOl‘cm,

337 5706 612 5764 opponere
639 5692 870 5748 videtur.
894 5689 1140 5751 Junioris
1163 5709 1291 5750 vero
1311 5693 1564 5767 Archyta:
1591 5693 1760 5749 vitam
1789 5689 1919 5746 Dio-

767 4282 1128 4351 Ἡρακλείας.
1171 4281 1259 4350 Ἐξ
1285 4281 1576 4347 omissum,
1605 4279 1822 4338 restitui
1854 4294 1921 4336 ex

1954 4389 2003 4447 D

2561 3762 2956 3820 ΚΕΦΑΛΑΙΟΝ
2985 3764 3087 3822 ιΒν.

2102 3859 2270 3913 Οὔπω
2304 3877 2394 3931 μοι
2438 3858 2534 3912 τοῦ
2580 3859 2851 3929 Πρωτέως
2880 3857 2943 3911 τὸ
2989 3856 3182 3928 φάσμα
3229 3858 3633 3934 πολυπραγμο-

2031 4084 2199 4138 genes
2226 4066 2846 4139 scripsit.wSc_riptaque
2888 4066 3010 4139 ejus
3048 4069 3220 4134 varia,
3257 4069 3326 4124 ad
3361 4086 3486 4139 qua:
3535 4074 3632 4133 hic

2029 4137 2261 4214 digitum
2299 4137 2532 4214 intendit
2569 4137 2861 4214 Eusebius,
2913 4137 3083 4214 habes
3128 4141 3272 4214 apud
3306 4137 3628 4214 Menagium

2029 4207 2109 4263 ad'
2134 4209 2356 4280 Diogen.
2391 4207 2573 4280 Laert.
2605 4209 2700 4263 lib.
2727 4224 2854 4280 vni,
2885 4225 2933 4263 s.
2961 4210 3053 4265 80.
3086 4207 3307 4280 quibus,
3333 4207 3630 4270 addendus

2029 4280 2246 4352 videtur
2279 4279 2416 4352 liber
2439 4279 3115 4352 Περίπαίδωνάγωγῆς,
3144 4282 3246 4352 ipsi
3283 4279 3630 4342 Philostrato

2030 4351 2314 4420 allegatus,
2347 4351 2442 4420 lib.
2475 4365 2529 4404 Vl
2565 4350 2638 4402 De
2667 4351 2776 4404 vita
2812 4350 3084 4418 Apollon.,
3115 4350 3180 4406 cI
3204 4353 3296 4406 3|.

2102 4419 2214 4490 (80)
2236 4419 2446 4489 Γραφῇ
2467 4420 2771 4491 παραδοὺς
2783 4424 2940 4491 όμιλ.
2953 4424 3289 4488 ,Φιλόλαος.
3309 4420 3504 4480 Simile
3520 4426 3629 4483 hoc

2028 4506 2169 4560 opus
2219 4491 2387 4545 fuisse
2421 4491 2634 4544 videtur
2668 4490 2981 4558 Epicteticis
3017 4493 3236 4546 Arriani
3271 4495 3630 4550 dissertatio-

2029 4562 2216 4616 nibus.
2245 4564 2437 4616 uuales
2459 4559 2780 4616 Pvthaeorzc
2802 4563 3221 4616 dissertationes
3239 4566 3469 4616 scr-insit
3493 4584 3630 4616 ηιιο-

2029 4575 2216 4622 mnus,
2245 4575 2437 4630 quales
2459 4575 2780 4632 Pythagorae
2802 4575 3221 4618 dissertationes
3239 4575 3469 4634 scnpsrt
3493 4584 3632 4637 quo-

2029 4649 2136 4710 que
2165 4631 2478 4710 Moderatus
2511 4631 2872 4710 ‘Ga‘ditanusn
2903 4632 2969 4689 V.
2997 4631 3349 4710 Stephanus_
3364 4637 3624 4710 Fg'zdatpa’

2027 4702 2170 4755 οὕτω
2209 4702 2278 4756 τὰ
2314 4704 2475 4756 πέντε
2509 4701 2684 4770 βιϐλία
2717 4701 3119 4772 ἐπιγέγραπται
3165 4703 3274 4756 τῶν
3304 4701 3624 4782 Πυθαγορι-

2028 4773 2140 4812 νιτιυ
2170 4770 2372 4812 «vah-mu
2400 4771 2708 4812 λίηδβηᾶτ-ηη
2739 4773 3037 4812 Γηδςιηέιηρ
3098 4775 3369 4812 Πωιρηιιη
3407 4785 3624 4812 Inlian

2028 4773 2140 4854 κῶν
2170 4771 2372 4843 σχολῶν
2399 4771 2708 4854 Μοδεράτου
2739 4771 3057 4855 Γαδειρέως.
3098 4775 3370 4855 caeterum
3407 4771 3628 4856 primus

2027 4841 2309 4918 Philolaus
2339 4843 2458 4918 fuit,
2489 4843 3292 4918 quiPythagoricapubltcavjt
3319 4863 3333 4899 :
3364 4845 3621 4918 Diogen..

2027 4914 2132 4988 lib.
2153 4929 2276 4988 vnn,
2309 4929 2355 4968 s.
2385 4914 2475 4988 853,
2507 4910 2686 4985 Μέχρι
2718 4913 2774 4967 δὲ
2791 4910 3060 4968 ’Φιλολάου
3089 4917 3191 4969 οὐκ
3234 4910 3304 4986 ἦν
3333 4932 3388 4970 τι
3417 4910 3626 4988 γνῶναι

2026 4984 2390 5056 Πυθαγόρειον
2418 4983 2614 5056 δόγμα.

2099 5051 2643 5126 (δυηΜετῖαὺτοῦί.
2675 5051 2847 5126 Forte
2878 5053 3169 5124 legendum
3210 5057 3400 5124 αὐτόν,
3456 5067 3519 5114 ut
3566 5069 3626 5118 et

2027 5123 2295 5194 interpres
2311 5125 2520 5195 ,legisse
2548 5125 2780 5178 videtur.
2797 5123 2970 5180 .Enir.
3069 5128 3072 5130 ⁷

2100 5196 2212 5266 (8|)
2252 5197 2333 5271 T6_
2351 5195 2811 5271 yeﬁdoc._uiias-i
2862 5209 3058 5266 nempe
3107 5195 3478 5271 Pythagorica
3527 5203 3621 5258 illa

2026 5268 2138 5324 sint
2166 5265 2220 5321 et
2240 5281 2269 5318 a
2302 5265 2656 5337 Pythagoreis
2686 5273 2935 5337 accepta.

2097 5337 2208 5407 (82)
2229 5335 2450 5404 Λέγων.
2473 5335 2688 5390 Subint.
2707 5337 2843 5399 ἐστί,
2862 5336 2918 5390 h.
2935 5335 3165 5406 θ.λέγει.
3185 5337 3460 5394 (Σαλιεωηι
3479 5341 3620 5396 κατὰ

2023 5408 2084 5460 τὸ
2107 5408 2267 5482 ῥητόν
2288 5408 2466 5482 verbis
2482 5423 2650 5482 supra
2666 5407 2912 5482 allegatis
2930 5407 3065 5482 dicit
3089 5412 3417 5482 Apollonius
3449 5413 3618 5482 Σοφία

2071 5474 2119 5531 οἱ
2160 5474 2496 5548 Πυθαγόρου,
2536 5474 2594 5541 ὃς
2627 5474 2796 5539 θεοὺς
2821 5474 3155 5547 θεραπεύειν
3187 5474 3291 5533 ὧδέ
3328 5498 3397 5550 με
3441 5474 3615 5536 ἐδιδὰ-

2071 5496 2119 5531 or.
2160 5496 2496 5548 ιιυυαγορου,
2536 5496 2594 5541 ος
2627 5496 2783 5539 υεους
2821 5496 3143 5547 υεραπευειν
3187 5496 3291 5533 ωοε
3328 5498 3397 5550 με
3441 5496 3615 5536 eota;-

2026 5496 2175 5614 ξατο,
2207 5563 2327 5623 qua:
2363 5558 2544 5623 tamen
2571 5563 2639 5600 an
2666 5552 2805 5623 satis
2825 5563 3010 5623 _a:que_
3033 5564 3098 5623 ac
3136 5551 3326 5606 dextre
3355 5553 3616 5623 interpre-

2025 5627 2177 5696 tetur
2205 5618 2505 5696 _Eusebius,
2537 5626 2596 5672 ut
2630 5619 2734 5672 alia
2783 5618 2965 5689 plura,
2996 5619 3090 5674 hic
3131 5623 3356 5693 quidem
3401 5618 3615 5696 disc-lui-

2025 5689 2182 5745 rendi
2205 5690 2358 5746 locus
2393 5704 2505 5744 non
2534 5700 2639 5746 εει.
