3856 6222
187 423 300 482 817

1327 419 1533 476 LIBER
1568 419 1848 477 CONTRA
1887 416 2310 476 HIEROCLEM.

184 545 302 596 νεῖν
329 539 528 602 ἔπεισι,
559 538 654 592 καὶ
688 536 787 610 τὴν
819 536 949 610 περὶ
976 535 1165 592 τούτου
1195 537 1378 592 πίστιν
1423 541 1618 605 αἰτεῖν,
1651 539 1773 594 οὑδὲ

1888 547 2000 594 ctro
2037 539 2396 608 "inquirere,
2429 535 2657 607 ejusque
2686 540 3008 606 argumenta
3039 540 3100 590 ut
3124 533 3252 591 edat
3278 545 3472 606 postn-

185 633 299 688 τῶν
343 631 471 704 παρ’
502 631 652 702 αὑτῷ
689 629 904 684 κύκνων
935 631 1034 694 τὰς
1076 631 1398 699 ἀποδείξεις,
1429 631 1522 696 οὓς
1550 633 1775 702 γελοίως

185 723 479 779 τίκτουσαν
505 722 667 778 αὑτὸν
692 721 790 794 τὴν
819 723 1035 795 μητέρα
1058 723 1153 777 καὶ
1173 725 1502 796 περιστῆσαι
1523 724 1656 796 (85),
1683 725 1778 778 καὶ

191 815 484 889 μαιοῦσθαι
509 817 733 887 ἱστορεῖ.
778 813 916 868 Ἀλλ’
949 815 1072 869 οὑδὲ
1105 815 1234 888 περὶ
1264 815 1356 869 τοῦ
1389 816 1636 889 σκηπτοῦ
1665 817 1777 889 (84)

190 906 522 979 μυθολογίας
548 907 641 962 τὸν
677 907 930 978 μάρτυρα
969 905 1234 978 παρέχειν
1278 907 1432 974 ἀξιῶ.
1470 908 1544 962 Οὑ
1573 909 1680 981 γὰρ
1712 909 1778 978 δὴ

187 996 287 1050 καὶ
319 997 546 1058 τούτων,
579 995 654 1060 ὡς
683 995 808 1066 ἔφη,
845 995 1020 1066 Δάμις
1049 998 1182 1067 ἡμῖν
1229 995 1494 1068 ξυνίστωρ
1521 996 1632 1066 (85)
1677 997 1781 1066 ἀφ-

189 1085 384 1156 ίξεται,
416 1085 610 1158 μακρῷ
628 1085 853 1157 ὕστερον
883 1088 940 1138 ἐν
968 1085 1115 1157 Νίνῳ
1140 1086 1238 1158 τῆς
1276 1085 1563 1158 Ἀσσυρίας
1592 1084 1780 1158 τάνδρὶ

189 1177 456 1248 ξυνάψας.
505 1175 648 1246 Ἐγὼ
686 1177 784 1248 μὲν
815 1172 909 1230 οὖν
942 1173 1000 1230 εὖ
1042 1177 1186 1249 μάλα
1233 1176 1528 1249 προθύμως
1559 1181 1674 1241 τοῖς
1705 1178 1782 1230 εἰ·

187 1269 313 1323 κόσι
339 1287 398 1324 τε
442 1270 536 1323 καὶ
569 1268 828 1340 ἀληθείας
875 1269 1158 1339 ἐχομένοις
1203 1267 1545 1340 πειθόμενος,
1593 1269 1642 1322 εἰ
1685 1268 1783 1322 καὶ

191 1363 421 1434 μείζονά
444 1381 567 1417 τινα
593 1362 716 1416 καθ’
750 1361 1053 1434 ὑπερϐολὴν
1080 1363 1138 1426 ἐς
1164 1361 1385 1415 ἔπαινον
1417 1361 1611 1434 ἀνδρὸς
1646 1363 1784 1431 ἀγα-

190 1455 288 1510 θοῦ
346 1456 546 1524 λέγοιτ’
587 1455 674 1522 ἂν,
730 1454 900 1508 πιστὰ
952 1455 1048 1508 καὶ
1108 1454 1454 1526 παραδεκτέα
1501 1449 1639 1508 εἷναί
1693 1471 1782 1525 μοι

187 1547 356 1611 δοκῶ,
387 1547 470 1601 ὅτι
515 1547 592 1619 μὴ
646 1546 780 1618 μόνα
819 1545 889 1600 τά
937 1544 1216 1618 τερατώδη
1261 1547 1357 1601 καὶ
1407 1545 1572 1616 λήρου
1619 1545 1780 1601 πλέα.

189 1638 403 1694 Οὔκουν
443 1637 718 1710 φθονείην,
765 1639 818 1692 εἴ
857 1655 1020 1708 φησιν
1067 1638 1096 1690 ὁ
1137 1637 1484 1709 ξυγγραφεὺς
1515 1637 1674 1706 γένος
1722 1653 1783 1689 τε

189 1733 439 1803 ἀρχαῖον,
465 1731 558 1783 καὶ
588 1731 696 1784 τῶν
721 1730 978 1783 οἰκιστῶν
1007 1729 1320 1801 ἀνημμένον
1351 1728 1428 1800 τῷ
1449 1729 1604 1801 ἀνδρὶ
1632 1745 1786 1799 γεγο-

190 1822 342 1876 νέναι
363 1839 376 1854 ο
405 1823 501 1876 καὶ
527 1821 775 1876 πλουτῶν
799 1823 848 1874 εί
874 1821 1048 1886 οὑτως
1080 1821 1270 1893 ἔτυχεν
1294 1821 1434 1893 ὑπὲρ
1463 1820 1590 1886 τοὺς
1617 1821 1786 1891 ἐγχω-

1882 629 2020 694 lare,
2055 637 2112 684 ut
2140 631 2293 693 item,
2325 629 2393 684 de
2414 629 2608 700 cycnis
2631 643 2753 697 quae
2786 627 2952 684 habet
2981 628 3049 694 ’°,
3076 627 3271 698 probet
3289 669 3304 692 ,
3331 643 3474 697 quos

1879 721 2113 776 ridicule
2145 728 2376 776 matrem
2422 720 2568 790 ejus,
2625 719 2805 789 ipsum
2843 719 2956 789 jam
3005 719 3330 790 parientem,
3360 719 3472 775 eir-

1882 812 2258 875 cumstetisse,
2282 812 2441 882 eique
2487 811 2863 867 obstetriciam
2900 813 3221 882 praestitisse
3245 827 3468 882 operam

1882 912 2092 958 narrat.
2149 902 2264 957 lmo
2294 918 2472 973 neque
2525 910 2585 957 ut
2620 902 2817 958 fabulae
2846 903 2888 932 ’ί
2925 902 2991 957 de
3023 903 3250 958 fulmine
3273 909 3468 958 testem

1883 993 2154 1064 producat
2177 1002 2393 1063 expeto.
2437 991 2626 1063 Neque
2669 993 2814 1048 enim
2857 991 3087 1046 istorum
3120 992 3281 1046 etiam
3335 1007 3472 1046 con-

1883 1084 2035 1142 scius
2066 1083 2274 1147 Darnis,
2305 1082 2372 1138 ad
2417 1099 2579 1154 quem
2637 1085 2978 1154 provocavit,
3011 1081 3172 1138 nobis
3207 1083 3468 1154 prodibit,

1882 1177 1977 1248 qui
2009 1177 2103 1232 diu
2152 1185 2277 1249 post
2328 1175 2548 1232 demum
2606 1174 2754 1241 Nini,
2787 1175 3026 1247 Assyriae
3055 1177 3211 1240 urbe,
3262 1177 3383 1231 viro
3409 1191 3470 1232 se

1884 1269 2157 1338 adjunxit.
2195 1267 2402 1339 Nempe
2444 1283 2546 1338 ego
2568 1267 2786 1338 quidem
2817 1268 3194 1324 lubentissime
3215 1268 3472 1340 probabi-

1882 1361 2026 1416 libus
2047 1360 2232 1424 rebus,
2252 1369 2308 1416 et
2333 1359 2398 1414 ad
2436 1376 2623 1415 verum
2641 1360 2868 1430 propius
2897 1359 3286 1415 accedentibus
3311 1360 3469 1414 fidem

1884 1452 2116 1515 habens,
2146 1451 2275 1507 licet
2319 1451 2483 1506 etiam
2537 1451 2782 1522 quasdam
2833 1450 3120 1522 magnifice
3148 1452 3344 1523 magis,
3372 1467 3472 1523 per

1884 1543 2390 1614 exaggerationem,
2424 1542 2489 1598 ad
2523 1543 3058 1597 commendationem
3096 1544 3194 1598 viri
3231 1543 3358 1598 boui
3387 1542 3470 1598 af-

1886 1631 2156 1696 ferantnr,
2213 1648 2278 1688 ea
2339 1631 2613 1688 credenda
2647 1647 2771 1687 esse
2819 1631 3304 1703 amplectendaque
3333 1632 3468 1686 mihi

1887 1723 2214 1794 persuadeo,
2247 1724 2410 1779 modo
2431 1739 2502 1778 ne
2545 1735 2854 1778 monstrosa
2891 1723 3002 1778 sint
3061 1724 3242 1794 plane,
3274 1734 3327 1778 et
3356 1730 3472 1778 sto-

1887 1816 2013 1872 lidis
2047 1818 2321 1889 figmentis
2361 1815 2583 1872 referta.
2618 1814 2804 1886 Neque
2834 1815 2969 1870 adeo
2999 1814 3291 1879 invideam,
3322 1814 3469 1886 quod

189 1915 343 1988 ρίους
374 1915 624 1981 ἅπαντας
645 1931 660 1946 ο
690 1915 1030 1969 διδασκάλων
1064 1932 1144 1981 τε,
1194 1914 1311 1969 νέον
1344 1914 1492 1979 ὅντα,
1531 1913 1591 1967 οὑ
1624 1914 1779 1985 μόνον

1888 1909 2034 1963 dicat
2071 1908 2390 1972 historicus,
2447 1923 2620 1980 genus
2680 1923 2802 1963 esse
2848 1908 2968 1962 viro
2995 1909 3278 1978 antiquum
3301 1908 3382 1971 “,
3415 1916 3470 1960 et

186 2007 300 2062 τῶν
345 2007 732 2080 δεδηλωμένων
786 2010 991 2078 τυχεῖν,
1039 2006 1175 2070 ἀλλ’,
1220 2008 1269 2059 εί
1311 2005 1478 2070 δοκεῖ,
1509 2005 1606 2059 καὶ
1654 2003 1779 2058 τού-

187 2116 298 2154 των
327 2099 436 2170 (86)
465 2099 628 2153 αὑτὸν
655 2099 974 2153 διδάσκαλον
1001 2099 1096 2152 καὶ
1129 2097 1448 2170 καθηγητὴν
1476 2095 1776 2166 γεγονέναι.

193 2192 378 2246 Ἔστω
409 2193 454 2246 δ’
487 2194 581 2245 ἐπὶ
614 2191 826 2255 τούτοις
871 2193 1131 2264 ἐντρεχὴς
1156 2192 1250 2244 καὶ
1280 2189 1350 2244 τά
1383 2189 1559 2254 κοινά,
1589 2189 1665 2252 ὡς
1689 2188 1781 2242 τὸν

187 2283 250 2349 ii;
299 2283 626 2356 Ἀσκληπιοὺ
655 2283 953 2358 θεραπείας
986 2284 1146 2355 χάριν
1177 2283 1502 2354 ἀφιγμένον,
1535 2282 1625 2336 διά
1640 2280 1783 2351 γνώ-

192 2391 306 2446 μης
354 2375 583 2447 ἀρίστης
631 2373 941 2440 ἀπαλλάξαι
989 2373 1093 2443 τῆς
1137 2372 1468 2445 ἀρρωστίας.
1518 2370 1780 2426 Νοσοῦντι

187 2465 382 2536 γάρῗδὴ
416 2465 606 2538 ὑδέρου
654 2464 840 2528 πάθει,
889 2462 1227 2533 κατάλληλον
1275 2463 1603 2535 ἐγκρατείας
1653 2463 1781 2515 ὑπο-

189 2557 380 2612 θέσθαι
418 2557 626 2610 δίαιταν
671 2556 750 2628 τῷ
779 2556 1062 2629 κάμνοντι,
1095 2557 1188 2610 καὶ
1235 2555 1408 2628 ταύτῃ
1449 2555 1612 2609 αὑτὸν
1653 2555 1783 2624 ὑγιᾶ

188 2650 554 2720 καταστῆσαι,
583 2650 678 2704 καὶ
716 2648 890 2720 τούτῳ
917 2665 980 2719 γε
1013 2650 1112 2720 τῆς
1143 2650 1456 2720 φρονήσεως
1487 2647 1782 2703 ἀποδεκτὸν

186 2742 252 2799 ’ὼ
288 2741 594 2817 μειράκιον.
615 2741 724 2797 Καὶ
755 2741 831 2807 ὡς
858 2741 950 2796 τὸν
981 2739 1288 2804 πολυτελῶς
1313 2741 1424 2812 (87)
1471 2739 1619 2794 θύειν
1641 2758 1784 2813 παρ-

193 2833 600 2906 εσκευασμένον
637 2827 835 2906 εἷρξεν,
865 2829 954 2885 οἶα
986 2831 1132 2896 εἰκὸς
1169 2831 1262 2884 ἐπὶ
1293 2832 1460 2903 κακίᾳ
1499 2831 1783 2904 διαϐεϐοη-

194 2927 358 3000 μένον
381 2946 396 2959 ο
456 2926 548 2979 καὶ
599 2924 709 2996 γὰρ
753 2925 816 2995 δὴ
871 2927 966 2978 καὶ
1021 2923 1131 2978 τῶν
1186 2923 1470 2994 ἐγχωρίων
1524 2915 1781 2976 ἁπάντων

190 3011 597 3068 πλουσιώτατόν
622 3013 730 3084 (88)
764 3030 824 3066 τε
857 3011 950 3066 καὶ
983 3011 1448 3083 περιφανέστατον
1473 3012 1636 3065 αὑτὸν
1660 3013 1785 3064 ὑπο-

187 3104 419 3160 τίθεται.
454 3106 566 3158 Καὶ
605 3105 662 3157 ἐν
703 3103 945 3176 σώφροσι
972 3105 1016 3158 δ’
1051 3103 1212 3156 αὑτὸν
1241 3102 1435 3173 φθόνος
1464 3104 1639 3168 οὐδεὶς
1660 3104 1786 3157 ἀνα-

186 3197 448 3270 γράφειν,
476 3197 557 3250 ὅτι
591 3214 649 3250 τε
681 3197 816 3269 πρὸς
847 3195 938 3249 τὸν
963 3195 1218 3267 ἐραστὴν,
1247 3194 1585 3268 πειρώμενον
1615 3193 1780 3250 αὑτοῦ

185 3269 291 3361 τῆς
320 3289 490 3361 ὥρας,
529 3288 982 3359 διελοιδορήσατο,
1025 3287 1121 3341 καὶ
1144 3288 1461 3357 γυναικείας
1493 3288 1574 3340 ὅτι
1607 3287 1780 3341 καθα-
1808 3269 1852 3330 C

200 3384 295 3456 ρὸν
339 3382 529 3436 ἐαυτὸν
566 3382 764 3453 μίξεως
807 3381 896 3435 διὰ
941 3381 1148 3446 τέλους,
1199 3383 1276 3446 ὼς
1317 3383 1346 3434 ό
1391 3382 1549 3450 λόγος
1594 3383 1781 3453 φησὶν,

194 3478 396 3548 ἧγαγε.
421 3475 594 3528 Πιστά
629 3475 676 3528 δ’
715 3475 856 3528 ἔστω
896 3475 992 3528 καὶ
1030 3474 1098 3528 τά
1128 3474 1230 3544 τῆς
1276 3473 1602 3538 πενταετοῦς
1641 3475 1783 3532 κατά

191 3565 521 3638 Πυθαγόραν
553 3567 764 3638 σιωπῆς
794 3567 983 3631 αὑτοῦ,
1013 3568 1106 3620 καὶ
1148 3567 1234 3628 τὰ,
1281 3568 1430 3631 ὅπως
1456 3566 1659 3638 ταύτην
1695 3568 1778 3621 δι-

190 3661 414 3730 ήνυσεν,
447 3658 670 3711 ἐπαίνου
700 3658 846 3723 ἄξια.
881 3657 1067 3711 Ταῦτα
1082 3657 1167 3728 δὴ,
1187 3657 1282 3710 καὶ
1314 3658 1416 3711 ὅσα
1445 3657 1670 3711 τοιαῦτα
1691 3661 1784 3713 ἀν-

191 3749 463 3822 θρώπινα,
497 3751 592 3804 καὶ
615 3751 690 3813 ὡς
713 3750 929 3820 ἀληθῶς
959 3749 1276 3820 φιλοσοφίας
1307 3749 1400 3803 κα)⁵
1432 3748 1690 3819 ἀληθείας
1719 3750 1780 3804 οὑ

189 3844 408 3916 πὸρῤω,
437 3842 642 3915 δέχοιμ’
671 3843 760 3906 ἂν,
797 3844 926 3915 περὶ
966 3841 1161 3896 πολλοῦ
1195 3842 1256 3895 τὸ
1277 3840 1558 3913 εὖγνωμόν
1586 3860 1646 3895 τε
1689 3843 1782 3896 καὶ

191 3935 486 4008 φιλάληθες
517 3936 844 4008 τιμώμενος.
886 3934 959 3988 Τό
983 3934 1048 4004 γέ
1075 3951 1158 3988 τοι
1203 3936 1452 4006 κρεῖττον
1491 3932 1779 4006 ἀνθρώπου

187 4027 290 4100 τὴν
317 4028 478 4097 φύσιν
518 4027 887 4092 ὑποτίθεσθαι,
921 4028 1015 4081 καὶ
1059 4025 1209 4098 παρά
1249 4025 1416 4089 πόδας
1462 4026 1572 4096 (89)
1619 4028 1778 4081 ἐνανσ-

187 4119 472 4189 τιολογεῖν,
519 4121 620 4188 τῆς
667 4137 727 4173 τε
782 4118 1029 4190 δοθείσης
1068 4119 1400 4189 ἀμνημονεῖν
1447 4117 1776 4184 ὑποθέσεως,

187 4212 335 4284 ἔχειν
361 4213 527 4283 ψόγον
559 4213 646 4278 ἂν,
680 4213 775 4267 καὶ
814 4211 1065 4285 διαϐολὴν
1095 4211 1242 4284 αὑτῷ
1282 4229 1342 4265 τε
1381 4211 1459 4284 τῷ
1489 4212 1776 4286 γράφοντι,

188 4304 286 4358 καὶ
319 4303 457 4358 πολὺ
489 4305 754 4376 πρότερον
793 4303 872 4375 τῷ
902 4303 1254 4376 γραφομένῳ,
1291 4302 1579 4374 περιάψειν
1611 4299 1772 4374 ἡγοῦο

191 4412 318 4465 μαι.

1884 2000 2030 2072 quod
2064 2000 2120 2054 in
2167 1999 2376 2069 primos
2433 1999 2750 2055 conditores
2782 1997 3016 2072 [patriae]
3043 1999 3276 2054 desinat.
3309 1997 3466 2066 Quod

1888 2092 2017 2146 item
2047 2091 2249 2145 civium
2285 2091 2530 2145 omnium
2559 2091 2892 2146 ditissimum
2929 2090 3063 2146 licat
3093 2091 3295 2146 fuisse:
3327 2105 3469 2161 pras-

1882 2191 2246 2254 ceptoresque
2273 2184 2320 2215 ¹³
2359 2183 2765 2238 adolescentem
2805 2199 2914 2238 non
2969 2183 3310 2239 clarissimos
3349 2193 3471 2239 tan-

1881 2283 1998 2330 tum
2048 2291 2170 2331 esse
2225 2283 2473 2339 nactum,
2529 2291 2718 2330 verum
2757 2277 2946 2338 etiam.
3008 2277 3054 2332 si
3104 2277 3179 2330 ita
3232 2277 3466 2348 placeat,

1879 2383 2071 2424 eorum
2098 2369 2275 2438 ipsum
2299 2369 2623 2440 magistrum
2665 2361 2947 2424 exstitisse
2980 2376 3144 2439 atque
3166 2367 3464 2431 doctorem.

1883 2463 2014 2519 Esto
2038 2475 2218 2519 autem
2250 2473 2534 2534 praeterea,
2570 2465 2733 2520 etiam
2766 2463 2821 2520 in
2859 2465 3022 2520 rebus
3044 2463 3362 2536 [ordinariis
3389 2459 3468 2536 et]

1881 2557 2200 2627 vulgaribus
2234 2571 2401 2628 sagax
2434 2573 2447 2609 :
2481 2555 2556 2610 ita
2595 2563 2656 2609 ut
2687 2555 2756 2611 ad
2817 2556 3160 2626 Asclepieum
3185 2540 3470 2612 medicina:

1885 2663 2054 2704 causa
2089 2649 2436 2704 accedentem
2477 2650 2546 2713 “,
2573 2649 2782 2718 optimo
2805 2650 3036 2706 consilio
3060 2650 3128 2705 ab
3146 2650 3470 2720 agritudine

1883 2740 2131 2796 liberarit
2181 2740 2371 2811 (Aquae
2419 2738 2706 2797 intercutis
2752 2741 2899 2796 enim
2950 2742 3143 2798 morbo
3172 2741 3466 2806 laboranti,

1883 2831 2302 2886 convenientem
2363 2847 2511 2902 aegro
2541 2831 2598 2887 in
2656 2833 2804 2888 victu
2851 2833 3270 2904 temperantiam
3320 2831 3469 2904 quod

1884 2923 2224 2992 praeceperit,
2277 2940 2513 2996 eumque
2566 2924 2702 2980 adeo
2751 2926 3056 2981 restituerit
3092 2925 3338 2989 sanitati,
3397 2927 3470 2982 ob

1884 3013 1989 3069 hoc
2040 3031 2259 3085 quoque
2315 3019 2620 3088 prudentia:
2665 3016 3097 3091 [argumentum]
3157 3018 3469 3075 laudandus

1883 3109 2250 3180 adolescens);
2305 3110 2379 3163 ita
2412 3109 2601 3182 [porro
2648 3111 2706 3165 in
2758 3110 2924 3167 rebus
2953 3112 3272 3184 vulgaribus
3299 3128 3470 3184 sagax

1885 3199 1978 3274 sit]
2027 3209 2100 3254 vut
2127 3209 2182 3258 et
2228 3202 2514 3272 magniﬁce
2550 3203 2724 3259 sacris
2769 3212 3086 3274 operantem
3133 3203 3374 3275 abegerit
3396 3204 3466 3271 ³⁸,

1884 3297 2086 3368 quippe
2115 3294 2319 3351 affatim
2351 3295 2421 3350 ob
2438 3297 2571 3352 vitia
2599 3296 2868 3353 famosum
2912 3295 3131 3368 (nempe
3188 3296 3468 3354 hominem

1885 3395 1946 3443 ut
2001 3388 2243 3460 regionis
2294 3388 2442 3444 illius
2504 3389 2741 3444 maxime
2791 3389 3013 3444 divitem
3073 3396 3468 3460 repraesentat,

1883 3479 2230 3550 maximeque
2251 3478 2668 3550 conspicuum);
2696 3496 2874 3551 neque
2893 3479 3164 3535 invideam
3195 3481 3251 3535 in
3273 3480 3471 3538 castis-

1883 3571 2039 3629 simis
2068 3587 2193 3628 eum
2235 3572 2474 3636 censeri,
2537 3573 2794 3643 quodque
2849 3579 3120 3628 amantem
3151 3573 3218 3636 ",
3253 3580 3466 3628 aetatem

1885 3663 2008 3732 ejus
2035 3678 2392 3734 corrumpere
2422 3669 2749 3731 tentantem,
2788 3663 3142 3734 objurgatum
3171 3662 3466 3732 repulerit;

1884 3753 2032 3825 quod
2071 3754 2198 3808 item
2229 3767 2260 3806 a
2301 3753 2552 3808 muliebri
2611 3754 2948 3810 commercio
3000 3767 3193 3823 puram
3225 3768 3465 3824 semper,

1885 3851 1946 3898 ut
1974 3843 2208 3898 historia
2232 3842 2402 3897 refert
2425 3842 2494 3905 ³⁷,
2525 3844 2694 3899 vitam
2743 3844 2937 3916 egerit.
2971 3841 3157 3899 Fidem
3179 3843 3345 3899 etiam
3380 3844 3468 3899 in-

1883 3935 2126 3998 veniant,
2159 3950 2282 4006 qua:
2307 3935 2374 3988 ad
2395 3933 2788 4008 [observatum]
2829 3937 2932 4007 ipsi
2955 3935 3111 4005 juxta
3139 3934 3466 4008 Pythagora

1893 4029 2140 4084 instituta
2164 4029 2540 4100 quinquennio
2571 4029 2846 4084 silentium
2875 4039 3122 4098 spectant
3141 4029 3207 4092 ’⁸,
3230 4036 3285 4083 et
3313 4029 3466 4098 quid-

1893 4114 2046 4185 quid,
2079 4115 2208 4170 dum
2240 4116 2368 4170 illud
2393 4116 2583 4181 obivit,
2605 4115 2761 4171 laude
2793 4104 3182 4189 fecitdignum.
3205 4115 3348 4184 Haec,
3376 4118 3464 4171 in-

1893 4221 2078 4276 quam,
2097 4213 2152 4262 et
2169 4207 2430 4278 quidquid
2454 4207 2572 4276 ejus
2595 4218 2680 4262 est
2699 4209 2933 4276 generis,
2952 4209 3245 4263 humanam
3263 4218 3462 4265 sortem

1893 4315 2002 4356 non
2042 4300 2360 4358 excedentia
2383 4343 2398 4366 ,
2435 4299 2592 4371 521
2641 4308 2696 4355 et
2745 4315 2887 4355 vera:
2943 4299 3304 4370 philosophiae
3338 4315 3469 4355 cono

1887 4402 2174 4461 sentanea,
2209 4409 2388 4465 neque
2425 4395 2592 4450 nimis
2624 4393 2694 4450 ab
2722 4393 2837 4465 ipsa
2859 4394 3090 4450 veritate
3118 4395 3317 4459 aliena,
3355 4409 3466 4449 non

188 4487 400 4542 invitus
432 4486 788 4554 admiserim;
825 4486 1008 4558 magni
1044 4500 1176 4542 sane
1210 4484 1503 4541 candorem
1539 4485 1773 4551 faciens,
1814 4495 1869 4543 et
1903 4487 2145 4543 studium
2182 4485 2452 4542 veritatis.
2479 4484 2549 4538 At
2567 4500 2697 4540 vero
2725 4485 2966 4541 hominis
3023 4485 3173 4541 illius
3228 4483 3466 4539 indolem

186 4579 434 4637 humana
475 4583 737 4652 majorem
771 4582 994 4654 lingere,
1029 4584 1326 4654 statimque
1354 4583 1460 4640 sibi
1491 4581 1596 4654 ipsi
1630 4584 2034 4651 contradicere,
2062 4589 2118 4638 et
2179 4596 2375 4654 parum
2404 4596 2703 4637 memorem
2743 4595 2870 4638 esse
2923 4590 3084 4637 antea
3139 4581 3467 4651 positorum,

261 4734 312 4770 ”
349 4736 441 4792 lib.
475 4753 526 4801 ι,
561 4753 612 4792 c.
645 4739 700 4792 4.
777 4738 825 4771 ’⁸
865 4738 958 4793 lib.
1001 4739 1140 4801 n',c.
1179 4737 1232 4792 5.
1310 4737 1505 4793 "ibid.
1581 4739 1629 4772 "
1668 4739 1761 4794 lib.

1895 4753 1944 4793 c.
1987 4738 2042 4792 4.
2118 4739 2166 4770 ⁸³
2202 4737 2298 4794 lib.
2331 4753 2384 4804 ι,
2420 4752 2471 4793 c.
2505 4737 2558 4792 3.
2651 4737 2700 4770 “
2748 4737 2842 4793 lib.
2885 4753 2934 4801 ι,
2978 4751 3027 4791 c.
3061 4735 3116 4792 9.
3193 4737 3240 4770 ”
3278 4734 3376 4790 lib.
3411 4747 3466 4802 ι,

185 4821 242 4864 c.
280 4805 366 4861 19.
443 4808 489 4839 ³⁸
526 4809 622 4863 lib.
660 4825 714 4873 ι,
748 4823 798 4864 c.
835 4807 922 4863 12.

263 4961 378 5032 (83)
413 4961 800 5032 Περιστῆσαι.
829 4961 1187 5020 Restituenda
1222 4980 1290 5021 ex
1321 4963 1655 5023 Philostrato
1674 4981 1777 5020 vox

186 5033 317 5094 fuit.
347 5049 470 5102 quae
501 5035 780 5088 exciderat
819 5035 876 5089 in
906 5036 1088 5092 editis.

261 5103 376 5178 (84)
411 5103 523 5158 Τοῦ
568 5105 862 5178 σκηπτοῦ.
913 5104 1227 5178 Legendum
1258 5106 1372 5178 τοῦ
1419 5106 1684 5178 σκηπτοῦ,
1718 5115 1778 5162 ut

185 5190 256 5230 ex
293 5173 426 5244 Reg.
466 5189 568 5244 mst
601 5183 655 5228 et
705 5173 1038 5231 Philostrato
1079 5177 1451 5234 emendaram.
1497 5173 1773 5234 Hoasrsn.

186 5243 398 5314 Nempe
431 5244 488 5298 in
529 5243 750 5301 Eusebii
780 5246 944 5302 editis
982 5247 1164 5319 inepte
1205 5249 1471 5319 scriptum
1495 5257 1612 5304 erat
1649 5250 1778 5322 περὶ

186 5317 318 5367 τοὺς
351 5315 577 5367 κήπους.

185 5332 318 5378 τους
351 5331 577 5404 κηπους.

192 5456 206 5472 Ι
260 5384 376 5472 (8Ξξ)
409 5385 738 5472 curiatam.
771 5386 1289 5472 guviﬂoipreposui
1319 5386 1562 5472 ριόιξὺν.
1605 5388 1776 5472 ἴξτρφ

186 5455 359 5525 (quod
383 5455 583 5532 eratin
625 5457 901 5526 prioribus
941 5455 1294 5531 editionibus)
1321 5455 1599 5515 sententia
1629 5455 1779 5532 ﬂagi-

185 5533 343 5581 tante
397 5525 670 5582 Ηοιετειι.

262 5595 667 5677 (86)]ὀύτωις.
707 5595 798 5677 Sic
823 5599 1047 5677 _resti_tui
1065 5615 1180 5677 _p_ro_
1214 5599 1426 5677 τοῦτον,
1465 5602 1778 5677 postulante

188 5668 489 5739 sententia,
525 5677 581 5722 et
629 5668 748 5739 ipsa
783 5669 1012 5726 historia
1062 5668 1383 5726 Philostrati
1425 5668 1776 5739 concinente,

189 5738 286 5814 qui
320 5735 946 5814 Euxenotmagistroin
976 5739 1338 5814 Pythagorica
1359 5744 1626 5814 sapientia
1651 5735 1774 5807 suo,

413 5809 750 5880 superiorem
808 5809 979 5869 fuisse
1022 5809 1370 5884 discipulum
1425 5809 1774 5884 Apollonium

1809 5008 1858 5068 υ
1880 5008 2215 5102 particulam.
2255 5008 2331 5102 (bs;
2370 5008 2432 5094 av
2452 5052 2514 5093 su

1000 4810 1044 4841 ³⁷
1084 4811 1177 4865 lib.
1219 4826 1265 4875 ι,
1299 4824 1349 4864 c.
1386 4810 1474 4865 15.
1549 4809 1595 4841 ³⁸
1635 4809 1728 4864 lib.
1765 4825 1780 4864 ι
1817 4849 1834 4875 ,
1867 4825 1918 4865 c.
1952 4809 2020 4864 14
2045 4817 2100 4864 et
2133 4807 2222 4864 16.

1955 4963 2066 5037 (87)
2104 4968 2215 5023 Kal
2244 4970 2324 5035 ὡς
2366 4969 2475 5024 τὸν
2515 4969 2735 5037 uolut.
2763 4962 3134 5037 Suspenditnr
3161 4961 3350 5037 oratio
3371 4980 3469 5036 per

2590 5036 2848 5101 rioribus,
2875 5032 3018 5088 ἓστω
3043 5032 3086 5086 δ’
3121 5034 3213 5086 ἐπὶ
3260 5032 3468 5102 τούτοις
3507 5037 3524 5058 ⁸

1881 5052 2205 5159 particulam
2255 5052 2331 5102 ως
2381 5055 2412 5094 a
2452 5052 2848 5160 Superioribus,
2877 5052 3018 5088 εστω
3043 5052 3083 5086 0'
3121 5052 3468 5118 STEl..1OU‘!Ot;

1913 5107 2139 5178 ντρεχὴς
2166 5110 2258 5162 καὶ
2282 5110 2351 5164 τά
2394 5125 2510 5190 κοιν
2555 5147 2569 5170 ,
2615 5108 2712 5160 ὨΣ
2735 5107 2827 5160 τὸν
2869 5105 3198 5193 Ἀσκληπιου
3228 5106 3468 5177 αριγμέ-

1881 5194 1970 5251 νον
2017 5179 2322 5244 ἀπαλλάξαι
2363 5197 2462 5251 της
2516 5177 2830 5251 ἀρρωστίας
2977 5176 3071 5229 καὶ
3131 5175 3214 5227 ΩΣ
3239 5175 3331 5229 τὸν
3365 5195 3468 5230 ποο

1882 5248 1997 5301 λυτ.
2030 5256 2137 5304 etc.

1953 5319 2062 5389 (88)
2090 5321 2200 5376 Kal
2220 5339 2276 5389 τ.
2294 5319 2348 5375 ὃ.
2367 5318 2467 5389 καί
2505 5336 2556 5389 τ.
2588 5319 2797 5386 ὲγχωρ.
2816 5315 2920 5371 ἀπ.
2948 5317 3171 5371 πλουσ.
3209 5313 3466 5384 Qualium

1882 5387 2089 5446 scelera
2131 5387 2345 5445 facilius
2368 5387 2422 5441 in
2447 5388 2642 5459 vulgus
2667 5402 2924 5444 emanare
2959 5389 3160 5459 solent,
3217 5395 3276 5440 ut
3331 5389 3469 5459 adeo

1880 5461 2203 5529 Apollonius
2246 5462 2364 5517 sine
2399 5457 2589 5529 divina
2635 5459 2887 5524 scientia,
2917 5474 2985 5513 ex
3033 5457 3198 5529 fama,
3231 5471 3353 5526 qua:
3398 5457 3467 5512 ad

1884 5527 2160 5586 hominem
2195 5533 2358 5587 istum
2382 5527 2732 5600 spectabant.
2764 5529 3003 5600 potuerit
3032 5528 3353 5584 resciscere.

1955 5600 2068 5672 (89)
2100 5603 2264 5670 Παρὰ
2287 5595 2493 5667 πόδάς.
2527 5595 2782 5672 Ιιιι--Βεεῖ
2810 5600 2951 5672 ρο(ιᾷ
2972 5600 3258 5672 praedito
3289 5615 3468 5670 παρα-

1883 5667 2065 5738 ne“;
2091 5667 2237 5741 quod
2263 5673 2425 5730 nauci
2461 5678 2565 5726 est.
2598 5667 2874 5741 Hotsreu.
2907 5667 3062 5725 Hanc
3093 5667 3381 5741 lectionem
3402 5675 3465 5741 (et

1885 5736 2198 5814 ipseprobo
2225 5759 2239 5806 ;
2264 5743 2580 5814 suspicatus
2627 5739 2757 5796 olim
2800 5741 3031 5811 fueram,
3056 5736 3373 5813 παραδόξως
3398 5740 3466 5796 ιο·

1882 5813 2118 5886 gendum
2155 5828 2296 5870 esse.
