3856 6222
383 349 490 410 835
1025 347 1294 407 EUSEBII
1327 344 1806 404 CESARIENSIS
1837 343 1987 401 OPP.
2022 341 2206 399 PARS
2242 339 2307 396 ll.
2347 369 2420 382 —
2458 333 2967 394 APOLOGETICA.
3527 328 3632 384 814

383 468 543 522 istam
589 465 856 520 rationem
895 479 1150 534 sequens,
1222 462 1542 533 neutiquam
1598 459 1756 530 juxta
1823 473 1906 514 eat

2113 457 2166 528 χὶ
2208 457 2426 518 πάντως
2463 452 2698 522 φαύλους
2727 450 2888 513 ὄντας
2936 447 3028 501 τὸν
3067 447 3318 517 τρόπον⁴ο
3343 447 3458 509 τοῖς
3490 445 3548 497 δὲ
3575 445 3636 497 τὸ

379 557 510 613 deos
520 555 835 612 hominibus
852 555 957 610 illis
973 555 1340 626 pauperculis,
1359 553 1447 610 bis
1465 553 1621 623 ipsis,
1649 549 1893 624 [inquam

2114 551 2185 611 θος
2235 542 2682 614 ἀκολαστοτέροις
2727 538 2963 634 ἄφθονα.
2984 535 3078 590 καὶ
3124 534 3194 588 τὰ
3240 535 3316 634 μὴ
3360 534 3637 634 ἀναγκαῖα

378 647 471 716 qui
492 646 831 717 philosophia
848 622 1172 716 prestantes
1195 642 1367 708 fuere,
1392 622 1510 714 ipsa
1531 622 1750 713 quoque
1777 639 1842 694 ad
1861 639 1901 693 vi

2110 637 2377 708 ιρασχεῖν,
2414 634 2464 686 εί
2500 632 2573 703 μὴ
2603 629 2841 700 βελτίους
2875 625 3169 697 ἐτύγχανον
3198 622 3306 676 τῶν
3326 622 3633 692 προτέρων.

376 715 525 793 ctum
557 715 864 808 spectantia
905 737 1288 793 subtracturos
1318 735 1509 800 fuisse,
1556 734 1661 789 nisi
1692 731 1894 802 pessim

2114 728 2158 794 ἒξ
2190 722 2265 782 ὧν
2300 726 2464 783 παντί
2495 742 2559 796 γε
2599 723 2916 794 καταφανὴς
2957 723 2990 792 ἡ
3030 719 3124 773 τοῦ
3169 715 3637 790 ξυμπεράσματος

375 827 457 885 iili
482 830 726 884 moribus
747 829 1122 885 exstitissent:
1156 843 1334 900 neque
1354 829 1486 892 illis,
1512 825 1606 898 qui
1627 825 1790 881 soluti
1819 832 1950 878 sunt
2054 822 2272 876 ἀτοπία.
2995 909 3023 911 η
3211 903 3255 911 __
3315 904 3330 911 _
3558 903 3569 911 _
3617 897 3632 911 ο

375 921 644 986 moribus,
678 922 884 978 all‘atim
927 926 1092 980 etiam
1115 925 1297 979 minus
1334 921 1641 978 necessaria
1666 920 2030 993 praastituros,
2059 919 2166 974 nisi
2210 917 2488 988 prioribus
2515 913 2859 971 exstitissent
2902 909 3179 965 meliores.
3211 903 3368 961 Unde
3420 903 3636 957 nemini

375 1014 610 1070 obscura
635 1015 796 1074 istius
824 1018 1198 1073 conclusionis
1230 1024 1314 1072 est
1345 1017 1674 1072 absurditas.

856 1104 1016 1177 523
1056 1103 1283 1166 CAPUT
1326 1102 1484 1159 xvu.

2572 1093 2964 1150 ΚΕΦΑΛΑΙΟΝ
2996 1094 3094 1147 ΙΖ¹.

443 1193 608 1252 Hisce
635 1211 704 1252 ex
732 1196 974 1252 secundo
1001 1196 1144 1252 libro
1173 1197 1439 1267 eXpositis
1469 1198 1537 1252 ad
1566 1197 1785 1253 tertium
1822 1209 1948 1264 per-

2119 1193 2302 1249 Ταῦτα
2332 1191 2428 1246 καλ⁸
2457 1189 2565 1245 ἀπὸ
2607 1190 2702 1244 τοῦ
2733 1188 2986 1260 δευτέρου
3036 1183 3422 1256 παραθέμενοι,
3460 1181 3637 1252 ἴωμεν

371 1286 1004 1357 gemus,consideraturi
1053 1302 1175 1356 qua
1225 1287 1293 1342 ad
1343 1285 1750 1351 Brachmanas,
1802 1281 1894 1336 [δη

2115 1287 2144 1341 :l.
2174 1285 2235 1339 τὸ
2265 1285 2466 1356 τρίτον,
2507 1281 2576 1336 τὰ
2608 1280 2752 1335 κατὰ
2780 1282 2906 1342 τοὺς
2950 1276 3308 1349 βεδοημένους
3353 1276 3638 1347 ἐποψόμε-

371 1377 510 1434 adeo
532 1378 857 1443 celebratos,
881 1379 1154 1449 pertinent
1185 1379 1228 1411 ³⁹
1259 1399 1270 1435 :
1304 1395 1410 1450 qua
1443 1387 1598 1449 parte
1632 1375 1805 1447 magis
1846 1389 1894 1428 οε

2114 1398 2131 1433 ι
2164 1379 2530 1451 Βραχμᾶνας·
2582 1374 2712 1429 ἔνθα
2757 1374 2821 1445 δὴ
2849 1371 2918 1426 τὰ
2963 1371 3106 1443 ὑπὲρ
3146 1369 3350 1440 Θούλην
3399 1369 3635 1425 ἄπιστα.

369 1477 602 1526 currunt
650 1469 1008 1536 incredibilia,
1040 1487 1202 1542 quam
1249 1471 1317 1528 de
1373 1471 1547 1526 Thule
1607 1467 1890 1525 referuntu

2114 1473 2162 1526 ιὶ
2194 1471 2248 1524 εί
2271 1471 2325 1523 τί
2352 1486 2457 1540 περ
2486 1467 2612 1523 ἄλλο
2639 1464 2942 1539 τερατῶδές
2981 1480 3110 1516 ποτε
3145 1461 3460 1534 μυθολόγοις
3487 1461 3637 1514 τισὶν

371 1559 486 1616 lmo
522 1563 570 1618 si
604 1562 735 1633 quid
773 1563 921 1618 aliud
977 1579 1217 1634 unquam
1275 1563 1639 1634 scriptoribus
1682 1560 1894 1616 fabulos

2119 1561 2492 1624 απέπλασται,
2524 1555 2584 1613 εὖ
2636 1557 2778 1629 μάλα
2823 1555 2990 1610 πιστά
3022 1555 3116 1608 καὶ
3160 1553 3522 1624 ἀληθέστατα,
3555 1554 3640 1616 ὡς

369 1661 745 1710 monstrosum
768 1655 1134 1726 excogitatum
1170 1655 1305 1720 fuit,
1362 1656 1416 1712 id
1449 1671 1611 1712 omne
1638 1654 1887 1711 verisimi

2138 1654 2435 1726 παραθέσει
2458 1650 2683 1714 τούτων,
2705 1649 3137 1718 ἀναφανήσεται·
3167 1642 3250 1710 οἷς
3275 1646 3370 1698 καὶ
3394 1645 3487 1698 τὸν
3505 1645 3638 1698 νοῦν

369 1747 550 1812 valde,
582 1748 692 1801 imo
719 1747 1085 1813 verissimum,
1111 1749 1159 1803 si
1179 1762 1302 1802 cum
1323 1748 1443 1804 istis
1470 1763 1776 1818 compares,
1797 1745 1892 1801 vidi

2117 1747 2338 1818 τιστῆσαι
2363 1744 2510 1811 ἄξιον
2538 1743 2637 1814 τῆς
2666 1740 2761 1794 τοῦ
2790 1759 2807 1791 ι
2841 1738 3168 1810 Φιλαλήθους
3199 1756 3218 1787 ι
3253 1738 3437 1790 ἕνεκεν
3464 1737 3640 1790 αύθα-

372 1836 542 1893 bitur.
562 1838 770 1903 Quibus
787 1838 1011 1894 omnino
1025 1847 1257 1894 mentem
1277 1839 1560 1896 advertere
1578 1839 1740 1894 etiam
1759 1853 1895 1906 oper.

2118 1838 2210 1902 ξας,
2245 1838 2375 1908 ἡμῖν
2416 1835 2514 1907 μὲν
2570 1833 2852 1904 εὐχέρειαν
2895 1831 2971 1902 (4)
3020 1831 3114 1884 καὶ
3156 1831 3464 1901 κουφότητα
3509 1829 3641 1901 τρό-

369 1929 604 1999 pretium
655 1937 740 1985 est
796 1939 1018 2000 propter
1069 1947 1089 1980 ι
1135 1927 1454 1986 Ριιίιοιειιιαι
1497 1949 1517 1982 ι
1580 1930 1892 2000 jactantiam

2119 1947 2148 1982 υ
2184 1928 2596 2001 περιάπτοντος,
2631 1924 2780 1996 αύτῷ
2807 1924 2863 1977 δὲ
2893 1923 2987 1976 καὶ
3014 1925 3126 1986 τοῖς
3159 1921 3307 1992 αύτῷ
3336 1920 3640 1993 παραπλη-

367 2021 529 2076 nobis
556 2019 932 2076 credulitatem
961 2037 1283 2094 morumque
1315 2022 1588 2078 levitatem
1619 2024 1882 2078 tribuenti

2112 2039 2180 2085 >ις
2210 2021 2310 2093 τὴν
2341 2018 2541 2090 ἀκριϐῆ
2580 2018 2674 2072 καὶ
2704 2015 2924 2086 βεϐαίαν
2960 2013 3098 2087 μετά
3129 2014 3392 2081 ξυνέσεως
3423 2013 3635 2084 κρίσιν.

369 2113 475 2169 sibi
505 2127 634 2168 vero
680 2128 746 2169 ac
787 2114 873 2171 sui
915 2115 1188 2172 similibus
1221 2125 1538 2172 accuratum
1572 2117 1892 2186 solidumqui

2121 2131 2188 2185 ρα
2225 2111 2355 2182 γοῦν
2383 2114 2464 2181 ἐφ’
2495 2106 2576 2175 οἷς
2615 2109 2933 2181 σεμνύνεται
2981 2107 3320 2180 παραδόξοις,
3353 2106 3464 2159 τῶν
3495 2107 3638 2176 ἡμε-

367 2216 434 2258 ac
463 2201 693 2258 scientia
728 2203 916 2258 nixum
948 2204 1239 2275 judicium.
1286 2203 1422 2261 Vide
1451 2205 1618 2276 igitur
1645 2205 1846 2275 quibus
1883 2224 1890 2260 ε

2113 2221 2216 2276 ρων
2249 2203 2407 2260 θείων
2440 2201 2838 2272 εύαγγελιστῶν
2871 2200 3179 2272 προκρίνων
3211 2199 3301 2252 τὸν
3331 2197 3636 2268 Φιλόστρα-

365 2293 533 2364 jactet
563 2296 853 2365 portentis,
883 2298 1090 2354 sanctis
1121 2297 1472 2369 evangelistis
1517 2297 1722 2354 nostris
1764 2297 1888 2352 Phil

2114 2315 2152 2361 ν,
2182 2297 2258 2360 ὼς
2288 2297 2362 2368 μὴ
2397 2296 2555 2368 μόνον
2585 2295 2835 2358 παιδείας
2856 2295 2949 2348 ἐπὶ
2971 2293 3215 2347 πλεῖστον
3235 2293 3460 2364 ἥκοντα,
3494 2289 3637 2345 ἀλλὰ

367 2391 600 2441 stratum
631 2392 1004 2456 anteponens,
1060 2394 1121 2444 ut
1161 2389 1256 2459 qui
1291 2387 1602 2444 eruditione
1633 2403 1744 2443 non
1776 2390 1890 2444 mod

1410 2387 1602 2444 litinne
1633 2403 1744 2443 non
1776 2389 1940 2445 modo
2041 2389 2135 2442 καὶ
2163 2389 2418 2462 ἀληθείας
2443 2387 2933 2460 ὲπιμεμελημένον.

367 2478 660 2548 profecerit
683 2479 937 2547 maxime,
969 2481 1065 2538 sed
1111 2482 1356 2538 veritatis
1379 2482 1547 2538 etiam
1595 2483 1672 2541 sit
1702 2483 1942 2540 maxime

367 2567 669 2626 studiosus.

916 2682 1146 2741 CAPUT
1187 2683 1378 2742 XVlll.

2560 2685 2954 2740 ΚΕΦΑΛΑῙΟΝ
2992 2685 3092 2739 ιη’.

435 2771 682 2830 Primum
725 2773 891 2847 igitur
924 2777 1146 2848 quidem
1180 2777 1236 2832 in
1266 2778 1463 2834 itinere
1495 2777 1769 2850 Apollonii
1799 2779 1845 2812 “
1871 2780 1940 2836 ad

2111 2782 2312 2854 Πρῶτα
2343 2781 2440 2852 μὲν
2469 2776 2563 2836 οὖν
2615 2782 2675 2834 ὲν
2701 2783 2769 2852 τῇ
2815 2780 2952 2852 πρὸς
2997 2780 3124 2843 τοὺς
3155 2779 3492 2851 Βραχμᾶνας
3532 2797 3630 2834 πο-

365 2859 737 2921 Bracbmanas
763 2864 962 2921 femina
992 2866 1240 2938 quaedam
1286 2868 1356 2924 ab
1391 2883 1456 2924 eo
1486 2870 1672 2925 colore
1720 2870 1886 2925 induc

2103 2876 2166 2947 ίᾳ
2214 2875 2308 2928 τοῦ
2349 2874 2704 2928 Ἀπολλωνίου
2745 2875 2882 2945 γυνή
2947 2891 3036 2937 τις
3074 2873 3222 2944 αύτῷ
3265 2875 3364 2944 τὴν
3410 2875 3626 2944 χροιὰν,

366 2964 478 3026 tur,
509 2973 541 3014 a
573 2960 752 3030 capite
779 2959 847 3015 ad
878 2961 1055 3016 femur
1082 2977 1256 3032 usque
1297 2962 1708 3027 candidissima,
1733 2962 1889 3032 reliqt

2101 2970 2318 3037 σάγεται
2353 2968 2462 3021 ἀπὸ
2493 2967 2595 3037 τῆς
2624 2967 2866 3038 κεφαλῆς
2895 2969 2952 3030 ὲς
2987 2967 3156 3036 ὀσφὺν
3188 2966 3490 3038 λευκοτάτη
3527 2967 3624 3037 (5),

366 3064 498 3106 vero
529 3053 774 3122 corporis
797 3060 952 3124 parte
978 3054 1154 3125 nigra.
1188 3053 1400 3110 Montes
1432 3070 1619 3126 porro,
1658 3065 1889 3128 pergent

2147 3060 2205 3114 δὲ
2242 3060 2426 3132 ἕτερον
2460 3059 2625 3132 μέρος
2653 3059 2747 3113 τοῦ
2796 3059 3047 3132 σώματος
3101 3059 3326 3131 μέλαινα
3347 3076 3360 3090 ·
3418 3059 3491 3112 τὰ
3547 3060 3626 3124 δὲ,

367 3143 471 3200 bus
501 3143 557 3198 in
580 3145 778 3202 itinere
809 3147 874 3202 ad
906 3146 1276 3204 Brachmanas
1307 3147 1547 3222 [oblati],
1588 3149 1774 3220 pipere
1806 3164 1890 3204 con

2102 3153 2337 3206 ιοῖόντων
2365 3153 2463 3224 τῆς
2493 3154 2586 3206 ἐπὶ
2614 3153 2742 3217 τοὺς
2773 3153 3103 3225 Βραχμᾶνας
3133 3153 3271 3217 ὀδοῦ,
3297 3153 3422 3224 ὅρη,
3458 3169 3625 3206 κατα.

367 3235 460 3292 siti
494 3234 558 3300 “,
584 3236 813 3310 ejusque
839 3240 1018 3294 coloni
1065 3241 1236 3298 simiae
1254 3281 1269 3306 ,
1314 3242 1689 3312 draconesque
1715 3240 1890 3312 quidm

2104 3247 2423 3318 ;φυτευμένα
2461 3246 2522 3300 τὸ
2569 3246 2791 3319 πέπερι,
2826 3247 2922 3300 κα)⁸
2966 3245 3157 3299 τούτου
3199 3245 3421 3316 πίθηκοι
3449 3261 3627 3314 γεωρ-

366 3328 745 3398 tnagnitudine
773 3331 1037 3400 stupenda
1063 3331 1130 3400 “,
1152 3333 1218 3389 de
1240 3348 1474 3403 quorum
1501 3333 1770 3403 capitibus
1797 3333 1886 3404 ign

2104 3339 2146 3403 ὶ,
2181 3341 2274 3392 καὶ
2317 3336 2606 3410 παράδοξοι
2634 3353 2782 3400 τινες
2836 3336 2898 3390 τὸ
2931 3336 3156 3408 μέγεθος
3199 3336 3516 3408 δράκοντες,
3551 3329 3627 3389 ὧν

367 3417 597 3476 ﬂammae
625 3421 946 3487 scintillent,
975 3439 1114 3494 quos
1138 3426 1185 3480 si
1219 3426 1345 3496 quis
1377 3427 1628 3496 perimat,
1663 3427 1716 3480 in
1747 3441 1890 3482 eorm

2108 3431 2146 3484 εὺ
2168 3429 2406 3500 κεφαλῆς
2434 3428 2716 3500 λαμπάδες
2743 3428 3208 3500 ἀπορριπτοῦνται
3230 3427 3422 3500 πυρὸς,
3451 3425 3549 3490 οὓς
3579 3427 3631 3479 εί

368 3512 546 3585 capite
573 3516 852 3572 mirabiles
881 3515 1118 3572 inveniat
1148 3517 1384 3588 lapillos,
1412 3518 1574 3590 Gygae
1604 3519 1805 3587 lapidi,
1838 3533 1891 3573 ct

2103 3538 2121 3584 :
2145 3520 2342 3585 ἀνέλοι,
2360 3521 2510 3593 εὕροι
2531 3521 2620 3584 ἂν,
2649 3522 2800 3594 φησι,
2831 3519 3170 3592 παραδόξους
3194 3518 3373 3583 λίθους
3399 3519 3493 3572 ἐπὶ
3525 3519 3626 3590 τῆς

364 3607 456 3681 jus
481 3607 624 3679 apud
656 3606 936 3665 Platonem
968 3611 1191 3673 mentio,
1217 3611 1441 3666 similes.
1476 3610 1542 3664 Et
1580 3611 1695 3666 haec
1717 3611 1887 3682 quide1

2081 3611 2299 3683 εφαλῆς,
2319 3613 2396 3684 τῷ
2425 3613 2518 3667 τοῦ
2544 3614 2738 3684 Γύγου,
2758 3612 2852 3665 τοῦ
2870 3612 3022 3684 παρά
3048 3611 3126 3682 τῷ
3146 3611 3417 3674 Πλάτωνι,
3447 3629 3604 3682 παρα

369 3711 500 3759 sunt
551 3717 714 3772 qum,
753 3710 1045 3774 antequam
1108 3701 1177 3757 ad
1217 3702 1617 3758 Brachmanum
1667 3704 1892 3758 tumulul

2105 3705 2316 3774 .ησίους.
2337 3705 2449 3758 Καὶ
2471 3704 2643 3759 ταῦτα
2674 3704 2772 3775 μὲν
2798 3704 2869 3757 τὰ
2891 3703 2997 3775 πρὸ
3025 3704 3119 3757 τοῦ
3152 3703 3258 3756 τῶν
3281 3703 3628 3774 Βραχμάνων

369 3794 738 3865 perveniatur,
769 3804 1084 3850 occurrunt.
1121 3794 1192 3850 Ut
1237 3811 1367 3852 vero
1401 3795 1548 3851 hunc
1573 3811 1792 3868 quoque
1820 3803 1892 3850 att

2104 3813 2223 3866 φου.
2265 3795 2353 3860 Ὦς
2383 3797 2441 3851 δὲ
2483 3798 2578 3851 καὶ
2620 3799 2700 3861 είς
2732 3797 2892 3851 αὑτὸν
2930 3797 3205 3866 ἀφίκοντο,
3241 3796 3627 3866 Σανδαρίκινσν

368 3894 564 3958 gerunt
595 3885 662 3952 “,
695 3884 1130 3941 Sandaracinum
1179 3887 1292 3943 illic
1341 3897 1563 3958 puteum
1593 3888 1798 3944 vidisse
1825 3889 1891 3942 ait

2104 3888 2272 3944 ταῦθα
2297 3891 2474 3962 φρέαρ
2516 3889 2710 3954 ὓδατος
2776 3891 2904 3944 ἰδεῖν
2961 3888 3286 3960 παραδόξου,
3341 3889 3438 3941 καὶ
3485 3904 3627 3958 κρα-

369 3993 525 4049 ιιιιιιω
571 3978 732 4049 plane
761 3977 1067 4034 mirabilis:
1102 3978 1368 4050 juxtaque
1399 3987 1662 4036 craterem
1683 4019 1700 4046 ,
1755 3981 1892 4052 ignei

2104 3995 2179 4050 pa
2214 3978 2438 4051 πλησίον
2459 3979 2652 4051 πυρὸς,
2675 3973 2736 4032 οὗ
2758 3979 2930 4059 φλόγα
2961 3977 3382 4050 ἀναπέμπεσθαι
3417 3978 3627 4050 μολυϐ-

369 4070 762 4132 continentem,
792 4085 861 4126 ex
887 4086 996 4141 quo
1030 4071 1265 4140 plumbei
1296 4071 1497 4128 coloris
1545 4071 1762 4127 ﬂamma
1805 4089 1892 4130 sui

2104 4071 2198 4140 »δηο
2229 4069 2324 4125 δύο
2354 4087 2414 4124 τε
2439 4069 2626 4133 πίθους
2649 4069 2795 4123 λίθου
2837 4071 3082 4141 μέλανος
3117 4071 3208 4123 τὸν
3237 4069 3338 4140 μὲν
3371 4068 3627 4139 όμὸρων,

369 4174 494 4216 sum
524 4159 730 4216 tendat.
761 4158 901 4216 Tum
929 4168 984 4216 et
1018 4161 1162 4216 dolia
1205 4161 1314 4216 duo
1348 4162 1545 4232 lapidis
1577 4163 1892 4234 nigricantis

2105 4180 2126 4214 ν
2147 4161 2203 4214 δὲ
2221 4161 2454 4232 ἀνέμων,
2473 4161 2564 4230 ἀφ’
2578 4153 2652 4213 ὧν
2675 4162 2799 4223 τοὺς
2811 4161 3158 4231 Βραχμᾶνας,
3176 4153 3257 4221 οἷς
3283 4158 3350 4211 ἂν
3365 4155 3475 4211 εἷεν
3495 4158 3628 4228 ἵλεῳ

367 4250 598 4305 alterum
648 4250 942 4318 imbrium,
996 4251 1334 4322 alterumque
1394 4261 1679 4309 ventorum
1709 4293 1724 4318 ,
1792 4255 1890 4310 und

2106 4270 2133 4316 ς
2159 4250 2362 4324 χώρας,
2411 4255 2686 4325 χορηγεῖν.
2735 4251 2894 4306 Ἀλλά
2919 4269 2982 4322 γε
3032 4253 3125 4305 καὶ
3157 4251 3452 4322 ἀγάλματα
3489 4251 3627 4323 παρ’

366 4339 734 4398 Brachmanes
763 4343 833 4398 iis
865 4342 1066 4414 quibus
1094 4341 1312 4400 faveant
1336 4344 1608 4417 indigenis
1636 4343 1889 4419 [ventosa

2101 4349 2226 4409 ιτοῖς
2267 4346 2495 4417 Ἀθηνᾶς
2525 4365 2542 4396 ‹
2575 4345 2840 4410 Πολιάδος
2871 4366 2889 4397 ι
2919 4343 3362 4406 καὶἋπόλλωνος
3393 4341 3624 4410 Πυθίου,

367 4429 630 4504 pluviam]
647 4432 1045 4502 impertiantur.
1062 4433 1202 4501 Quin
1224 4442 1434 4492 statuas
1451 4451 1668 4507 quoque
1679 4436 1822 4508 apud
1838 4451 1890 4493 et

2100 4443 2132 4495 ιὶ
2161 4439 2410 4493 Διονύσου
2441 4439 2538 4511 (6),
2569 4441 2662 4494 καὶ
2685 4439 2859 4494 ἀλλων
2895 4438 3058 4492 τινῶν
3097 4436 3423 4507 Ἑλληνικῶν
3458 4435 3623 4492 θεῶν.

365 4537 490 4580 esse
524 4541 545 4577 ι
585 4523 822 4580 Poliadis
860 4544 880 4578 ι
919 4524 1194 4594 Minervae,
1223 4526 1512 4600 Pythiique
1549 4529 1849 4600 Apollinis,
1879 4547 1888 4581 ι

2100 4535 2262 4606 ίρχαν
2292 4533 2368 4597 δὲ,
2398 4510 2490 4585 τδν
2533 4533 2626 4586 ὲπὶ
2671 4532 2907 4595 πάντων,
2962 4549 2980 4581 ι
3019 4530 3336 4584 διδάσκαλον
3373 4549 3393 4580 ι
3432 4529 3623 4583 καλεῖ.

367 4609 586 4675 Bacchi,
615 4613 954 4684 aliorumque
969 4615 1329 4688 quorumdam
1359 4617 1608 4685 deorum,
1636 4632 1759 4688 quae
1785 4615 1890 4673 Gra

2100 4643 2162 4678 ἀι
2185 4641 2199 4656 ο
2229 4623 2288 4678 ὃν
2327 4624 2422 4678 καὶ
2457 4623 2584 4676 ίδεῖν
2620 4621 2998 4693 καθεζόμενον,
3031 4619 3225 4674 πολλοῦ
3255 4637 3320 4688 γε
3344 4620 3427 4673 δεῖ
3472 4619 3623 4690 φιλο-

367 4703 415 4758 ci
445 4702 650 4757 colunt.
682 4701 930 4766 larcham
963 4713 1142 4760 autem
1179 4705 1247 4772 “,
1280 4707 1373 4778 qui
1419 4708 1674 4764 omnibus
1705 4712 1889 4778 praesit

2101 4716 2293 4786 φικῶς,
2330 4715 2651 4787 σατραπικῷ
2683 4715 2761 4784 (7)
2808 4715 2852 4767 δ’
2887 4713 2952 4768 ἂν
2984 4713 3180 4785 μᾶλλον
3225 4713 3488 4784 σχήματι,
3532 4714 3621 4782 ἐφ’

365 4793 626 4862 appellari
651 4811 669 4845 ι
704 4791 1059 4864 magistrum:
1084 4814 1104 4849 ι
1135 4811 1295 4867 quem
1315 4797 1508 4854 viderit
1529 4799 1888 4857 considenten

2096 4807 2369 4878 ιηλστάτου
2407 4806 2616 4879 δίφρου.
2665 4804 2882 4859 Χαλκοῦ
2931 4805 2988 4858 δὲ
3040 4805 3266 4876 μέλανος
3315 4801 3474 4868 οὗτος
3525 4799 3619 4875 ἦν,

365 4883 554 4939 habitu
612 4884 746 4940 adeo
781 4901 814 4941 a
857 4887 1232 4958 philosophico
1263 4889 1595 4957 dissidente,
1644 4900 1706 4948 ut
1737 4902 1888 4950 satra

2094 4899 2129 4952 tl.
2182 4897 2494 4952 πεποίκιλτο
2529 4895 2780 4971 χρυσέοις
2829 4896 3158 4968 ἀγάλμασιν,
3208 4893 3294 4950 οἷα
3335 4897 3401 4967 δὴ
3446 4897 3617 4960 εἰκὸς,

363 4991 490 5050 pam
527 4977 774 5036 retulerit
814 4985 1032 5051 potius,
1067 4982 1127 5038 in
1163 4984 1383 5041 sublimi
1413 4985 1712 5046 collocatus
1765 4990 1886 5047 solii

2099 4991 2379 5064 χνουργῶν
2419 4990 2701 5062 βαναύσων
2730 4989 2950 5064 τρόπον,
2979 4990 3116 5062 πυρὶ
3159 4988 3255 5043 καὶ
3281 4989 3486 5060 σιδήρῳ
3521 5006 3618 5060 μο-

433 5131 480 5164 ³⁹
517 5131 612 5188 lib.
644 5147 727 5189 ιιι.
797 5133 847 5169 ⁸⁸
882 5135 979 5192 lib.
1013 5153 1110 5203 Ill,
1141 5151 1190 5192 c.
1223 5139 1276 5194 3.
1352 5139 1396 5172 δι
1435 5141 1532 5197 lib.
1566 5156 1660 5208 In,
1691 5157 1744 5200 c.
1775 5143 1831 5201 4.
1907 5141 1953 5181 ⁸³

2042 5146 2086 5202 b.
2120 5160 2218 5211 ιιι,
2251 5162 2301 5202 c.
2335 5145 2392 5201 8.
2466 5145 2515 5177 “
2552 5145 2648 5200 lib.
2682 5161 2764 5209 ιιι,
2797 5160 2848 5200 c.
2885 5143 2970 5199 14.
3046 5143 3093 5176 ⁸⁸
3131 5143 3229 5200 lib.
3260 5159 3358 5210 ιιι,
3389 5157 3438 5198 c.
3479 5143 3565 5202 16.

434 5283 513 5427 μζ
563 5284 727 5357 Ἡμῖν
749 5287 866 5358 μὲν
890 5290 1218 5360 εὐχέρειαν,
1250 5299 1354 5346 etc.
1398 5292 1529 5350 Vide
1552 5310 1716 5366 supra
1742 5312 1792 5352 c.
1824 5297 1879 5353 2.

457 5354 490 5409 5
549 5357 682 5412 Ἀπὸ
709 5377 759 5414 τ.
793 5377 923 5427 κερ.
960 5365 1025 5427 ἐς
1057 5363 1197 5427 ὀσςρ.
1228 5367 1397 5418 λευκ.
1434 5363 1510 5418 Ex
1541 5369 1803 5422 memoria
1833 5382 1932 5423 sua

2086 5313 2335 5370 ignomen
2370 5299 2424 5353 in
2466 5299 2748 5355 Bacchicis
2777 5300 2920 5354 haud
2953 5315 3097 5356 esse.
3145 5298 3285 5355 Puto
3319 5315 3422 5371 ego
3449 5301 3609 5355 docta

2092 5386 2197 5424 anu
2238 5369 2471 5427 auadam
2500 5369 2693 5427 Δηλίου
2724 5370 2778 5424 in
2812 5371 3059 5427 margine
3085 5371 3260 5427 primo
3287 5372 3607 5425 adnotatum

457 5354 682 5442 _5)7‘A:7zd
709 5354 763 5414 τξ
793 5354 1397 5442 κοξκ-ἒςίόσςοίλευκ.
1434 5363 1510 5418 Ex
1541 5354 1803 5442 memoria
1825 5382 1932 5442 sua

2083 5354 2197 5442 ηςῗιιιι
2238 5369 2471 5442 quadam
2500 5369 2693 5441 Δηλίου
2724 5354 2778 5424 in
2812 5354 3066 5439 margine
3079 5354 3606 5442 primoad‘t'mtatum

361 5429 546 5512 potius
568 5445 727 5498 quam
751 5445 818 5484 ex
842 5429 1317 5512 Philostratoch
1346 5434 1614 5512 depromit
1639 5433 1929 5512 Eusebius,
2034 5439 2223 5512 fuisse,
2257 5429 2315 5493 iit
2347 5429 2574 5512 scﬂicet'
2590 5449 2870 5512 notaretur
2897 5429 3039 5512 apud
3077 5429 3473 5512 Philostratum
3509 5457 3606 5512 pro

404 5510 483 5582 tle
514 5505 691 5582 tamen
703 5515 836 5582 eum
861 5501 952 5556 hic
970 5501 1234 5582 destituit.
1268 5502 1399 5557 Nam
1417 5501 1786 5582 Philostratus
1810 5501 1927 5576 qui;

2081 5509 2376 5582 ὶπόλλωνος
2406 5510 2610 5582 Πυθίου
2640 5510 2765 5580 legi,
2809 5501 3141 5576 Ἀπόλλωνος
3167 5511 3360 5582 Δηλίου
3399 5531 3412 5565 :
3443 5501 3604 5582 idque

403 5568 664 5659 eni‘illam
695 5569 958 5659 feminam
1005 5585 1036 5625 a
1078 5573 1256 5641 capite
1301 5589 1476 5659 usque
1525 5576 1621 5659 ad.
1642 5568 1927 5659 mammas,
2032 5588 2224 5659 postea
2249 5568 2527 5659 indoctum
2559 5568 2842 5634 librarium
2875 5583 2929 5635 in
2960 5568 3164 5636 textuiu
3193 5568 3318 5652 post
3345 5568 3599 5637 Διονύσου

364 5641 605 5718 nigram,
629 5641 754 5718 inde
785 5642 994 5718 reliquo
1017 5656 1246 5718 corpore
1277 5641 1567 5718 candidam
1597 5646 1765 5718 fuisse
1795 5641 1923 5702 ait.'
2032 5641 2283 5718 imperite
2309 5653 2622 5706 intrusisse.

685 5705 995 5795 Διονύσον.
1017 5705 1260 5795 Ine-ditis
1281 5712 1524 5769 additum
1545 5715 1758 5795 Δηλίου,
1781 5718 1928 5795 quod

2103 5705 2181 5795 (ἶ)
2222 5705 2593 5795 Σατραπικῷέ
2625 5719 3007 5795 lta_l_e_gendum
3029 5721 3253 5778 omnino
3274 5737 3376 5794 pro
3401 5739 3601 5795 σατρα-

367 5772 587 5834 Eusébii
615 5793 738 5836 esse
767 5781 976 5853 nequit,
1010 5783 1102 5854 qui
1126 5782 1378 5854 ignorare
1406 5799 1516 5841 non
1546 5772 1759 5855 poterat
1785 5772 1927 5843 belii
2033 5772 2210 5856 πιὲιῖίς
2223 5772 2637 5863 audieritis
2655 5772 2838 5848 editis.

2149 5877 2180 5902 ο
