3856 6222
156 373 266 433 825

1301 371 1508 430 LIBER
1543 371 1825 431 CONTRA
1863 374 2289 435 HIEROCLEM.

3331 383 3436 439 826

154 487 425 565 χθοῦντας
455 486 585 551 τοὺς
621 485 945 556 φιλοσόφους
985 490 1356 561 τεχνουργεῖν,
1387 489 1420 560 ἢ
1463 490 1578 557 καὶ,
1615 489 1743 544 θαυ-

1854 491 1984 547 Erat
2016 501 2195 549 autem
2224 494 2356 549 illud
2383 509 2451 550 ex
2489 507 2598 549 aere
2639 494 2816 566 nigro,
2849 493 3142 567 aureisque
3182 507 3438 554 ornatum

157 581 473 654 ματοποιῶν
504 579 680 652 δίκην,
725 579 1031 651 αὐτόματον
1074 580 1356 634 ἀποτελεῖν
1396 583 1458 634 τὸ
1495 582 1757 654 δημιούρ-

152 689 334 748 γημα.
369 675 435 728 Οί
480 674 537 726 δὲ
576 673 685 727 τῶν
719 672 895 728 ἄλλων
925 672 1035 726 τῶν
1078 673 1195 744 μετ’
1229 674 1391 728 αὐτὸν
1434 674 1752 729 διδάσκαλον

150 765 335 837 δίφροι
372 766 566 837 χαλκοῖ
598 766 718 838 μὲν,
749 765 936 836 φησιν,
962 764 1166 836 ἄσημοι
1195 766 1240 820 δ’
1271 762 1433 838 ἦσαν,
1461 768 1558 821 καὶ
1589 762 1751 839 ἦττον

152 855 372 929 ὑψηλοί.
423 857 574 911 Ἔδει
617 858 726 928 γάρ
773 874 874 910 που
925 857 1190 929 τυράννου
1243 859 1461 922 πάντως
1506 861 1746 931 σχήματι

153 948 459 1020 προνομίας
483 948 585 1018 τῆς
612 949 668 1000 ὲν
695 948 994 1018 ἀγάλμασι,
1025 949 1118 1003 κα)⁵
1145 949 1332 1022 χρυσῷ
1361 951 1454 1003 τὸν
1477 950 1577 1021 τῆς
1597 950 1748 1015 θείας

151 1039 476 1109 φιλοσοφίας
498 1039 815 1094 διδάσκαλον
847 1040 1148 1107 ἀξιοῦσθαι.

1856 587 2076 651 statuis,
2118 587 2308 658 quales
2333 587 2566 654 scilicet,
2599 586 2882 643 fabrorum
2925 603 3079 645 more
3127 591 3440 647 verosimile

1853 679 1927 733 sit
1960 681 2278 751 sapientes,
2321 680 2433 750 igni
2482 679 2738 751 ferroque
2789 681 3072 746 adhibito,
3126 680 3436 749 fabricare;

1851 770 1986 841 quin
2007 780 2061 826 et
2086 771 2548 843 praestigiatorum
2591 772 2702 826 ritu
2749 772 2824 825 ita
2851 787 2987 841 opus
3019 772 3324 836 instruere,
3377 779 3440 828 ut

1853 869 2050 931 sponte
2095 878 2194 918 sua
2229 871 2534 919 moveatur.
2566 863 2900 919 Caeterarum
2935 869 3138 928 autem,
3172 865 3264 935 qui
3298 864 3442 921 assi-

1859 952 2064 1008 debant
2091 954 2388 1025 magistro,
2422 955 2603 1018 sedes,
2626 969 2781 1009 aerea:
2809 953 3062 1025 quidem,
3095 957 3174 1010 uti
3234 957 3309 1010 ait
3329 957 3440 1018 ,si-

1855 1047 1979 1116 gnis
2009 1054 2191 1102 tamen
2219 1061 2424 1101 ornatze
2475 1063 2585 1101 non
2611 1055 2792 1114 erant,
2832 1049 3126 1118 minusque
3154 1049 3437 1108 sublimes.

149 1130 360 1203 Nempe
387 1141 506 1188 erat
541 1136 874 1191 conveniens
913 1137 1138 1190 omnino
1178 1137 1328 1208 regio
1356 1138 1574 1193 ornatui
1609 1142 2000 1212 praerogativa,
2050 1142 2107 1197 in
2156 1145 2355 1200 statuis
2387 1143 2495 1199 illis
2533 1141 3227 1213 consistens,[conveniens
3260 1143 3412 1220 item]

150 1241 292 1283 auro
319 1228 594 1285 honorare
621 1229 817 1285 divinae
839 1231 1194 1302 philosophiae
1220 1235 1568 1306 magistrum.

681 1329 1079 1384 ΚΕΦΑΛΑΙΟΝ
1118 1329 1218 1384 ΙΘ¹.

223 1418 449 1490 Πρῶτον
493 1419 551 1474 δὲ
593 1419 685 1473 τὸν
730 1421 944 1492 Ίάρχαν
990 1423 1183 1488 ἰδόντα,
1213 1426 1364 1496 φησὶ,
1415 1426 1508 1480 τὸν
1549 1429 1742 1484 Ἀπολ-

148 1505 364 1574 λώνιον,
410 1509 470 1576 ἐξ
517 1510 778 1582 ὀνόματός
821 1529 882 1565 τε
932 1519 1253 1585 προσειπεῖν
1294 1517 1369 1587 (8)
1417 1517 1627 1573 Ἐλλάδι
1672 1523 1740 1592 τῇ

148 1605 328 1674 φωνῇ,
360 1604 455 1658 καὶ
486 1605 552 1676 ἢν
576 1603 724 1675 αὐτῷ
752 1604 905 1676 παρά
929 1605 1185 1677 Φραώτου
1212 1609 1425 1680 κομίζει
1452 1611 1740 1684 ἐπιστολὴν

146 1697 395 1768 αἰτῆσαι,
445 1696 588 1750 κατά
637 1698 944 1770 πρόγνωσιν
991 1699 1091 1770 ἤδη
1142 1699 1302 1755 τοῦτο
1348 1703 1739 1775 προειληφότα.

160 1785 532 1850 Ἑνδείξασθαί
559 1805 620 1841 τε
662 1788 722 1841 τὸ
769 1787 950 1842 ἔνθεον
995 1790 1095 1860 τῆς
1127 1791 1507 1863 προγνώσεως,
1557 1813 1742 1867 προει-

150 1879 380 1952 ρηκότα,
409 1879 486 1942 ὡς
526 1878 634 1950 ἄρα
665 1882 744 1934 ἑνὶ
766 1881 1075 1953 γράμματι,
1115 1883 1192 1955 τῷ
1231 1903 1249 1935 ι
1285 1885 1476 1949 Δέλτα,
1519 1906 1537 1938 ι
1572 1886 1742 1942 λείποι

144 1974 179 2043 ἡ
208 1971 505 2044 ἐπιστολή.
548 1972 849 2042 Ἀρξασθαί
897 1993 956 2028 τε
999 1976 1377 2048 ἀπειροκάλως
1422 1978 1584 2042 εὐθὺς
1637 1979 1746 2033 ἀπὸ

147 2068 379 2138 πρώτης
410 2065 649 2136 ὁμιλίας,
693 2068 1126 2141 ἀπειροπλούτου
1169 2070 1346 2142 δίκην,
1389 2071 1746 2127 ὲνεπιδείκνυ-

147 2156 278 2210 σθαι
311 2157 372 2211 τὸ
413 2158 516 2229 τῆς
569 2159 931 2231 προγνώσεως
977 2163 1378 2235 πλεονέκτημα,
1412 2166 1621 2237 πατέρα
1651 2167 1746 2220 καὶ

148 2249 370 2322 μητέρα
406 2251 775 2320 καταλέγοντα
819 2252 913 2306 τοῦ
955 2254 1334 2318 Ἀπολλωνίου,
1371 2257 1526 2326 γένος
1558 2276 1616 2311 τε
1653 2262 1745 2312 καὶ

144 2342 380 2413 τροφὴν,
414 2343 509 2396 καὶ
536 2344 809 2407 παιδείαν,
851 2345 947 2399 καὶ
973 2347 1072 2411 τὰς
1100 2347 1244 2400 κατά
1281 2349 1507 2420 χρόνους
1538 2350 1742 2422 ἀποδη-

148 2434 306 2505 μίας,
338 2434 432 2488 κα).
463 2434 562 2505 τὴν
601 2437 658 2499 ὲς
701 2437 862 2491 αὑτὸν
910 2438 1154 2508 πορείαν,
1188 2441 1282 2493 καὶ
1325 2440 1395 2492 τά
1428 2443 1547 2495 κατ’
1576 2427 1744 2514 αὐτὴν

145 2526 520 2597 πεπραγμένα
573 2526 720 2598 αὐτῷ
775 2529 869 2582 καὶ
910 2528 1254 2600 ὡμιλημένα.
1289 2526 1424 2584 Εἶτα
1473 2531 1529 2584 δέ
1579 2550 1744 2603 φησιν

143 2609 305 2681 οὗτος
348 2619 378 2670 6
429 2618 734 2688 θαυμάσιος
792 2623 1162 2692 συγγραφεὺς,
1216 2623 1342 2686 τοὺς
1391 2623 1742 2696 Βραχμᾶνας,

144 2711 270 2782 ἅμα
322 2710 403 2782 τῷ
443 2712 805 2785 Ἀπολλωνίῳ,
854 2714 1222 2785 χρισαμένους
1272 2715 1574 2788 ἠλεκτρίνῳ
1608 2734 1746 2787 φαρ-

147 2803 332 2874 μάκῳ,
360 2803 693 2858 λούσασθαι·
726 2806 821 2858 καὶ
867 2807 1230 2877 περιστάντας
1259 2807 1334 2871 ὡς
1367 2809 1425 2860 ἐν
1461 2807 1612 2880 χορῷ
1645 2809 1744 2881 τὴν

142 2894 256 2964 γῆν
287 2895 455 2966 τύψαι
498 2900 618 2962 ταῖς
669 2897 916 2969 ῥάϐδοιςο
945 2899 1042 2970 τὴν
1089 2899 1146 2951 δὲ
1197 2899 1568 2972 κυρτωθεῖσαν
1615 2903 1745 2955 ἀνα-

144 2989 370 3060 πέμψαι
403 2990 601 3054 αὐτοὺς
625 2991 684 3056 ἐς
731 2991 930 3062 δίπηχυ
963 2990 1058 3044 τοῦ
1091 2992 1274 3064 ἀέρος,
1304 2992 1527 3045 ἑστάναι
1565 3009 1625 3045 τε
1654 2993 1747 3046 αὐ·-

142 3083 276 3145 τοὺς
308 3083 615 3156 μετεώρους
642 3085 700 3136 ὲν
721 3083 867 3154 αὐτῷ
890 3083 1010 3156 ἀέρι
1034 3084 1124 3136 ἐπί
1146 3102 1199 3137 τι
1226 3085 1420 3156 χρόνου
1447 3085 1741 3156 διάστημα,

2331 1324 2494 1396 524
2528 1324 2756 1382 CAPUT
2795 1321 2937 1381 XIX.

1920 1420 2173 1477 Iarcham
2219 1430 2400 1475 autem
2428 1459 2442 1484 ,
2473 1421 2564 1475 ubi
2617 1421 2854 1490 primum
2925 1419 3274 1492 Apollonium
3306 1439 3442 1478 con-

1849 1513 2152 1585 spexisset,
2174 1511 2500 1565 nominatim
2535 1526 2660 1566 eum
2694 1511 2960 1566 salutasse
3015 1513 3090 1566 ait
3121 1511 3307 1568 Graeca
3342 1515 3442 1567 lin-

1847 1620 1975 1676 gua,
2007 1603 2268 1672 reddique
2301 1603 2404 1658 sibi
2435 1602 2722 1671 epistolam
2746 1642 2760 1666 ,
2804 1617 2969 1672 quam
3003 1617 3034 1656 a
3063 1601 3298 1658 Phraota
3334 1605 3439 1674 ipsi

1850 1696 2113 1752 afferebat
2133 1735 2148 1759 ,
2183 1695 2497 1767 postulasse
2524 1735 2537 1758 ,
2565 1701 2750 1749 mente
2782 1709 3028 1766 praesaga
3061 1711 3125 1750 ea
3154 1696 3220 1750 de
3247 1696 3437 1766 rejam

1851 1798 2011 1844 antea
2033 1787 2311 1844 edoctum.
2369 1785 2574 1857 Nempe
2600 1787 3009 1841 demonstrasse
3035 1786 3298 1842 divinitus
3331 1786 3438 1841 sibi

1846 1897 1935 1936 res
1963 1887 2122 1935 antea
2164 1885 2483 1949 perspectas
2525 1893 2669 1941 esse,
2698 1877 3046 1948 praedicendo
3089 1893 3196 1931 una
3229 1878 3434 1942 littera,

1850 1991 1868 2024 ι
1901 1971 2076 2037 Delta,
2111 1992 2131 2025 ι
2163 1972 2394 2027 deficere
2427 1971 2734 2040 epistoiam.
2757 1971 3005 2042 Cmpisse
3029 1981 3210 2026 autem
3244 1986 3436 2042 parum

1845 2067 2094 2122 modeste
2117 2067 2292 2136 prima
2327 2065 2514 2120 statim
2570 2066 3024 2127 conversatione,
3065 2080 3220 2120 more
3246 2079 3437 2120 eorum

1845 2160 1935 2229 qui
1971 2160 2141 2214 vastis
2172 2159 2379 2212 divitiis
2407 2156 2713 2220 abundant,
2760 2157 3208 2211 absconditarum
3253 2173 3436 2212 rerum

1839 2253 2052 2321 jactare
2085 2253 2392 2314 scientiam,
2432 2259 2644 2321 patrem
2689 2251 3030 2304 recensendo
3059 2252 3332 2320 Apollonii
3385 2257 3441 2307 et

1844 2352 2097 2410 matrem,
2126 2353 2180 2399 et
2208 2359 2381 2415 genus
2420 2360 2605 2406 omne,
2631 2343 3126 2414 educationemque
3179 2353 3234 2399 et
3281 2344 3440 2399 insti-

1843 2435 2130 2502 tutioncm,
2152 2435 2431 2504 variisque
2477 2435 2821 2505 temporibus
2874 2445 3162 2504 susceptas
3191 2434 3439 2506 peregri-

1843 2525 2116 2588 nationes,
2150 2535 2202 2580 et
2232 2526 2378 2595 quod
2409 2527 2474 2580 ad
2501 2526 2681 2596 ipsum
2712 2527 3026 2581 instituerat
3051 2527 3173 2590 iter,
3209 2540 3440 2596 quaeque

1842 2619 1947 2688 ipsi
1975 2619 2030 2673 in
2062 2634 2126 2673 eo
2157 2625 2309 2690 gesta
2344 2617 2561 2672 dictave
2610 2617 2848 2673 fuerant.
2893 2619 3023 2672 Inde
3066 2633 3230 2687 porro
3285 2634 3439 2688 egre-

1844 2713 1967 2782 gius
1994 2713 2086 2767 ille
2119 2713 2354 2782 scriptor
2382 2719 2574 2766 narrat
2607 2710 2675 2776 ⁸⁸,
2705 2711 2974 2766 electrino
3021 2720 3300 2781 unguento
3332 2727 3437 2764 un-

1844 2815 1964 2862 ctos
1988 2805 2362 2861 Brachmanas
2392 2819 2518 2859 cum
2541 2801 2816 2876 Tyanensi
2839 2846 2853 2869 ,
2887 2803 3085 2859 balneo
3116 2819 3249 2859 usos
3279 2819 3400 2858 esse
3421 2845 3436 2862 .

1842 2913 2077 2965 eumque
2106 2897 2446 2959 ambientes,
2484 2896 2654 2951 choro
2680 2896 2872 2964 quasi,
2931 2903 3136 2950 terram
3183 2897 3443 2965 scipioni-

1843 2988 1947 3043 bus
1970 2985 2216 3050 feriisse;
2249 3001 2370 3039 eam
2404 3001 2536 3040 vero
2567 2985 2623 3038 in
2660 2985 2885 3056 gibbum
2917 2987 3280 3050 resilientem,
3315 2990 3440 3043 alti-

1842 3080 2034 3135 tudine
2065 3079 2350 3133 bicubitali
2380 3094 2476 3134 eos
2501 3080 2556 3132 in
2604 3094 2791 3134 aerem
2849 3080 3136 3144 extulisse,
3170 3082 3437 3150 pensiles-

145 3173 332 3228 ἕλκειν
357 3175 414 3229 δὲ
447 3176 542 3228 καὶ
582 3174 692 3247 πῦρ
727 3175 833 3229 ἀπὺ
861 3175 955 3228 τοῦ
999 3176 1172 3246 ἡλίου,
1212 3177 1300 3229 ὅτε
1328 3176 1622 3247 βούλοιντο,
1651 3179 1743 3231 αὐ-

1854 3187 1950 3244 que
1977 3170 2298 3240 aliquandiu
2330 3171 2385 3225 in
2418 3172 2537 3241 ipso
2581 3186 2709 3226 aere
2749 3171 2872 3226 illos
2899 3172 3236 3228 substitisse.
3283 3172 3442 3229 Deri-

142 3267 421 3337 τομάτως.
452 3266 674 3330 Τούτοις
705 3267 749 3320 δ’
780 3267 1032 3339 ἐπιφέρει
1066 3268 1366 3340 παράδοξον
1395 3271 1423 3322 6
1461 3269 1736 3341 θαυματο-

144 3357 341 3426 λόγος·
373 3359 449 3421 ὡς
479 3357 589 3430 ἄρα
615 3359 869 3430 τρίποδες
901 3361 1128 3414 Πυθικοὶ
1150 3361 1408 3432 τέτταρες
1442 3361 1738 3434 ἐξεκυκλή-

147 3449 328 3524 θησαν
357 3449 455 3521 (9),
488 3451 786 3520 αὐτόματοι
828 3452 1150 3522 φοιτῶντεςο
1188 3454 1282 3508 καὶ
1315 3454 1523 3518 εἰκάζει
1550 3454 1613 3525 δὴ
1645 3451 1738 3508 οὖν

147 3543 353 3606 αὐτοὺς
390 3546 506 3608 τοῖς
546 3544 885 3616 ὐμηρείοις-
927 3547 1197 3616 οἰνοχόους
1237 3547 1286 3598 τ’
1317 3547 1409 3599 ἐπὶ
1436 3546 1646 3611 τούτοις
1675 3549 1740 3601 ἐκ

147 3634 358 3708 χαλκοῦ
401 3635 682 3700 διακόνους
733 3638 834 3708 τὴν
885 3636 1017 3709 ὓλην
1062 3639 1171 3710 (10)
1217 3639 1397 3710 ἵστησι
1449 3639 1736 3712 τέτταρας.

161 3727 437 3797 Ἐπιλέγει
457 3728 514 3781 δὲ
547 3728 623 3792 ὠς
654 3729 762 3801 ἄρα
803 3730 897 3782 κα)⁸
926 3732 958 3801 ὴ
985 3730 1053 3801 γῆ
1076 3731 1396 3802 αὐτομάτως
1427 3731 1741 3803 ὑπεστρών-

146 3839 279 3876 νυτο
317 3822 504 3885 αὐτοῖς
537 3821 692 3885 πόας.
725 3821 847 3876 Τῶν
887 3821 943 3876 δὲ
975 3823 1244 3894 τριπόδων
1283 3824 1332 3877 οἱ
1369 3824 1466 3894 μὲν
1494 3823 1607 3888 δύο,
1639 3841 1742 3895 φη-

151 3916 262 3978 σὶν,
303 3912 450 3968 οἴνου
481 3910 772 3987 ἀπέρρεον,
818 3917 866 3970 οἱ
905 3915 962 3968 δὲ
1005 3916 1182 3985 ἕτεροι
1218 3917 1332 3980 δύο,
1361 3917 1390 3968 ὁ
1424 3918 1522 3988 μὲν
1551 3916 1741 3982 ὓδατος

149 4005 360 4079 θερμοῦ
410 4009 609 4080 κρᾶσιν
652 4011 936 4080 παρεῖχεν,
981 4011 1010 4063 6
1051 4009 1096 4063 6’
1136 4005 1202 4063 αὖ
1240 4009 1468 4081 ψυχροῦ.
1513 4011 1652 4075 Τοὺς
1683 4010 1742 4063 δὲ

145 4100 423 4172 οἰνοχόους
473 4103 600 4165 τοὺς
633 4100 871 4172 χαλκοῦς
921 4095 1184 4174 ἀρύεσθαι
1236 4102 1518 4175 εὐμέτρως
1559 4100 1653 4156 τοῦ
1681 4120 1742 4156 τε

145 4191 298 4247 οῑνου
352 4193 450 4248 καὶ
478 4193 575 4247 τοῦ
626 4193 850 4258 ὓδατος·
901 4194 1274 4265 περιελαύνειν
1315 4212 1379 4265 γε
1421 4195 1605 4268 κύκλῳ
1647 4195 1744 4260 τὰς

149 4286 406 4352 κύλικας,
436 4286 626 4360 ὥσπερ
646 4289 704 4341 ἐν
726 4290 839 4352 τοῖς
863 4287 1046 4352 πότοις
1074 4287 1208 4363 (11).

689 4555 1088 4609 ΚΕΦΑΛΑΙΟΝ
1125 4557 1210 4609 K'.

223 4643 413 4698 Ταῦτα
457 4646 731 4718 Ἱεροκλεῖ,
759 4646 830 4702 τά
852 4648 1114 4701 ἀνωτάτω
1145 4647 1254 4720 (19)
1284 4649 1377 4702 καὶ
1422 4648 1650 4703 καθόλου
1675 4650 1749 4704 δι-

149 4739 429 4811 καστήρια
493 4741 930 4812 πεπιστευμένῳ,
981 4739 1121 4813 μετά
1180 4741 1380 4813 πολλῆς
1440 4742 1747 4807 ἀνετάσεως

234 4931 285 4964 ⁸⁸
323 4932 422 4987 lib.
455 4947 541 4998 ιιι,
572 4948 623 4988 c.
659 4932 749 4987 17.
826 4933 871 4967 ⁸⁸
910 4934 1007 4990 lib.
1047 4951 1140 5001 ιιι,
1175 4950 1227 4991 ο.
1264 4936 1356 4993 27.

1842 3278 1972 3317 vare
2004 3263 2134 3317 item
2157 3276 2253 3316 eos
2277 3261 2371 3315 ubi
2404 3261 2700 3325 voluerint,
2727 3275 2794 3314 ex
2826 3261 2940 3316 sole
2969 3261 3148 3331 ignem
3173 3302 3189 3327 ,
3244 3272 3440 3332 sponte

1845 3361 2186 3424 sequentem.
2229 3354 2408 3424 Atque
2438 3352 2562 3408 istis
2588 3354 2846 3408 omnibus
2876 3369 2991 3408 rem
3023 3355 3181 3424 plane
3211 3364 3439 3426 stupen-

1844 3445 1968 3500 dam
2005 3455 2359 3517 portentosos
2389 3446 2480 3500 ille
2507 3446 2747 3515 scriptor
2771 3446 2956 3517 jungit
2986 3446 3066 3514 “;
3101 3455 3159 3502 ut
3194 3449 3438 3520 tripodes

1847 3537 2300 3610 nempc,Pythiis
2334 3538 2573 3603 similes,
2627 3546 2885 3608 quatuor,
2918 3547 3113 3609 sponte
3165 3556 3264 3596 sua
3317 3558 3439 3597 mo-

1845 3639 2058 3696 ventes,
2093 3631 2147 3685 in
2176 3631 2415 3686 medium
2441 3632 2852 3700 processerint;
2887 3647 3094 3701 eosque
3127 3631 3438 3691 Homericis

1848 3725 2056 3780 similes
2081 3739 2206 3779 esse
2256 3724 2350 3777 ait.
2397 3721 2698 3778 Pincernas
2751 3731 2934 3777 autem
2967 3724 3035 3779 iis
3084 3740 3152 3780 ex
3208 3739 3355 3788 aere,
3388 3727 3438 3781 si

1847 3813 2132 3870 materiam
2182 3823 2422 3884 spectes,
2451 3815 2544 3885 qui
2582 3814 2995 3881 ministrarent,
3049 3816 3242 3869 statuit
3297 3833 3438 3889 qua-

1847 3915 1995 3962 tuor.
2028 3906 2194 3961 Addit
2223 3908 2429 3973 etiam,
2470 3913 2531 3960 ut
2579 3915 2724 3962 terra
2774 3913 2970 3976 sponte
3013 3907 3264 3976 gramina
3307 3909 3440 3964 sub-

1847 4001 2128 4056 straverit.
2155 3999 2455 4070 Tripodum
2481 4007 2660 4056 autem
2689 3997 2850 4054 binos
2880 3999 2958 4053 ait
2985 4001 3114 4053 vino
3146 4015 3436 4066 manasse,

1847 4093 2187 4163 reliquorum
2246 4109 2378 4148 vero
2435 4094 2668 4148 alterum
2715 4093 2907 4148 calidae
2954 4091 3323 4148 admiscenda:
3351 4110 3439 4150 co-

1844 4186 1990 4256 piam
2018 4185 2234 4252 fecisse,
2271 4187 2501 4242 alterum
2544 4186 2791 4258 frigidm;
2833 4202 3116 4257 aereosque
3145 4187 3436 4258 pincernas

1843 4280 2032 4333 vinum
2068 4279 2273 4350 pariter
2306 4286 2360 4334 et
2408 4293 2608 4349 aquam
2654 4281 2804 4350 larga
2854 4280 3111 4336 hausisse
3145 4295 3434 4347 mensura;

1843 4372 2045 4426 Calices
2073 4371 2226 4426 enim
2257 4372 2614 4428 circutnlatos
2647 4387 2790 4437 esse,
2826 4380 2888 4427 ut
2920 4371 3037 4427 fieri
3071 4373 3129 4427 in
3158 4383 3439 4444 compota—

1845 4463 2090 4518 tionibus
2120 4462 2346 4520 assolet.

2347 4553 2508 4625 525
2544 4555 2773 4612 CAPUT
2810 4554 2929 4609 xx.

1920 4645 2026 4701 Ista
2072 4643 2348 4713 Hierocli,
2397 4645 2671 4716 supremis
2721 4647 2777 4700 in
2829 4646 3128 4716 provinciis
3179 4645 3438 4717 praefecto

1849 4740 2182 4805 dicasteriis,
2221 4743 2391 4795 multa
2415 4738 2670 4795 instituta
2705 4739 3128 4809 disquisitione,
3156 4753 3283 4793 vera
3314 4755 3438 4796 esse

225 5090 306 5163 (8)
346 5092 724 5162 Προσειπεῖν.
777 5091 858 5163 ita
884 5109 952 5148 ex
979 5091 1314 5147 Philostrato
1351 5091 1740 5159 scribendum;
1776 5103 1821 5157 ι)
1850 5089 2025 5163 invito
2050 5090 2250 5162 linguae
2270 5093 2451 5162 genio,
2477 5105 2596 5145 eam
2621 5092 2809 5163 itaque
2831 5090 3008 5147 omitti
3034 5089 3198 5161 plane
3223 5090 3435 5158 malim,

149 5164 299 5234 male
324 5163 466 5234 enim
500 5165 555 5218 in
585 5163 750 5220 editis
778 5162 999 5234 Eusebii
1027 5171 1111 5218 est
1141 5166 1444 5234 προειπεῖν.

229 5232 306 5302 (9)
359 5233 913 5303 Ἐξεκυκλήθησαν.
941 5232 1058 5288 Vox
1090 5234 1144 5288 in
1180 5232 1412 5290 theatris
1441 5234 1640 5290 usitata
1677 5233 1746 5290 de

150 5305 288 5368 illis,
316 5319 436 5373 qua:
457 5305 728 5360 machinis
760 5305 992 5359 occultis
1018 5305 1073 5358 in
1104 5319 1327 5359 scenam
1364 5306 1744 5373 proveheban—

149 5383 278 5440 tur;
313 5374 488 5428 utitur
512 5375 725 5436 eadem,
759 5375 851 5430 ubi
886 5376 952 5429 de
980 5375 1066 5430 his
1096 5374 1498 5430 Brachmanum
1535 5375 1746 5432 artibus

150 5445 424 5517 loquitur,
444 5443 784 5516 Thespesion
810 5447 1257 5517 gymnosophista
1275 5446 1426 5517 apud
1444 5445 1747 5500 Philostra-

152 5523 291 5586 tutn,
311 5516 403 5569 lib.
433 5533 506 5580 vi,
533 5515 607 5571 De
649 5518 757 5571 vita
788 5515 1076 5584 Apollonii,
1113 5533 1234 5586 cap.
1263 5516 1355 5586 10.
1381 5515 1528 5570 Loco
1560 5524 1745 5586 autem

152 5585 398 5659 ubi“th
432 5586 747 5659 referuntur
785 5586 1006 5658 proprio
1043 5585 1272 5642 verbum
1312 5585 1747 5659 ὲξεπορεύθησαν

150 5651 422 5713 Philostr.
460 5658 731 5713 adhibuit.

233 5726 347 5798 (10)
384 5728 629 5798 Χαλκοῦ
659 5727 979 5795 διακόνους
1022 5727 1139 5798 τὴν
1179 5727 1356 5794 ὕλην.
1408 5724 1578 5798 Egre
1611 5725 1742 5782 mihi

157 5794 297 5869 facit
329 5794 434 5853 vox
461 5797 744 5862 διακόνους
775 5794 1099 5869 interposita
1143 5798 1389 5869 vocibus,
1409 5794 1606 5869 natura
1639 5812 1740 5869 sua

155 5866 582 5941 conjungendis,
615 5884 794 5940 neque
832 5866 939 5925 hac
969 5871 1184 5926 ratione
1229 5868 1580 5937 divellendis',
1631 5867 1740 5924 nisi

1849 5161 1985 5216 nihil
2009 5161 2154 5215 enim
2188 5178 2249 5216 ea
2280 5161 2364 5216 est
2391 5177 2550 5230 opus.

1924 5231 2036 5303 (11)
2077 5233 2307 5298 Πότοις.
2344 5232 2481 5285 Male
2522 5232 2577 5286 in
2611 5233 2778 5288 editis
2807 5230 3115 5287 habebatur
3145 5234 3434 5303 ποταμοῖς,

1889 5303 1994 5356 uod
2021 5302 2218 5357 Secnre
2243 5305 2405 5359 nimis
2430 5311 2654 5358 secutus
2679 5304 2784 5358 fuit
2811 5303 3092 5364 Acciolus,
3117 5302 3210 5372 qui
3233 5304 3399 5356 vertit
3421 5319 3434 5334 ’

1848 5317 1994 5429 ἓιιοιι
2022 5317 2218 5357 secnre
2243 5319 2405 5359 nimis
2430 5317 2654 5358 secutus
2679 5317 2784 5358 luit
2811 5317 3092 5364 Acctotus,
3117 5317 3210 5372 qui
3233 5317 3399 5356 vertit
3421 5319 3434 5334 ’

1894 5373 1957 5428 ed
1990 5381 2040 5445 et
2071 5373 2270 5445 calices
2293 5385 2440 5428 actos
2468 5374 2522 5426 in
2543 5391 2732 5443 gyrum
2754 5374 2910 5445 quasi
2933 5375 3192 5445 verticoso
3218 5373 3439 5441 ﬂumine

1850 5443 2212 5514 impellebant.
2234 5443 2309 5498 Eo
2333 5445 2505 5498 tutius
2529 5452 2709 5499 autem
2735 5443 2922 5508 πότοις
2945 5444 3269 5514 substituas,
3288 5445 3436 5513 quod

1851 5512 1971 5584 ipsa
2010 5517 2100 5568 hic
2142 5512 2462 5568 Philostrati
2519 5516 2684 5568 verba
2724 5516 3018 5570 retinuerit
3052 5512 3347 5575 Eusebius,
3379 5515 3435 5569 in

1854 5588 2015 5655 cujus
2046 5593 2198 5639 textu
2237 5586 2420 5648 πότοις
2471 5585 2720 5639 codicum
2773 5586 3016 5639 omnium
3049 5599 3324 5640 consensu
3359 5585 3438 5640 le-

1856 5657 2023 5726 gitur.
2051 5655 2311 5710 Eamdem
2347 5657 2634 5711 lectionem
2667 5655 2997 5711 Salmasium
3027 5671 3247 5726 quoque
3266 5656 3435 5711 restio

1854 5728 2052 5792 tuisse,
2079 5734 2204 5796 post
2229 5726 2612 5796 animadverti.

1924 5797 2034 5868 (12)
2079 5794 2157 5853 Τὰ
2187 5795 2486 5868 ἀνωτᾴτω,
2517 5805 2625 5854 etc.
2664 5796 2865 5867 Eadem
2901 5795 3082 5856 verbis
3114 5794 3310 5856 iisdem
3340 5795 3440 5850 ha-

1849 5867 1947 5924 bes
1983 5883 2170 5939 supra,
2205 5881 2322 5937 cap.
2360 5867 2411 5922 5.
2495 5893 2506 5903 -
