3856 6222
416 362 527 419 837

1097 350 1367 409 EUSEBII
1408 344 1888 406 CESARIENSIS
1925 341 2079 400 OPP.
2120 339 2303 397 PARS
2342 338 2410 394 ll.
2444 369 2517 382 -—-
2553 329 3056 391 APOLOGETICA.

417 477 675 533 videntur
705 477 871 541 atque
895 466 1201 540 explorata,
1225 472 1417 522 nostra
1444 471 1627 519 autem
1649 460 1993 531 simplicitas,

2107 454 2278 527 ἀληθῆ
2313 456 2409 509 καὶ
2438 451 2606 506 πιστά
2648 444 2789 504 εἶναι
2818 449 2988 502 δοκεῖ.
3021 444 3132 501 Καὶ
3181 440 3336 513 ἡμῶν
3389 440 3489 510 μὲν
3530 440 3699 511 εὐχέ-

418 569 724 637 levitasque
767 562 937 618 animi
970 561 1148 630 longe
1197 557 1437 612 maxima
1478 554 1547 610 ab
1584 569 1650 610 eo
1687 553 1997 607 damnatur.

416 662 539 731 lpse
562 668 745 713 autem
771 657 902 709 talia
933 652 1168 709 credens
1205 649 1562 711 Philostrato,
1588 647 1675 701 his
1714 646 1853 716 ipsis
1877 658 2002 699 ver-

417 755 504 809 bis
534 767 594 808 se
616 753 808 820 jactat,
840 748 1097 818 inquiens
1133 766 1148 799 :
1178 763 1198 796 c
1238 742 1536 797 Videamus
1577 740 1721 795 enim
1743 777 1759 802 ,
1794 744 2002 807 quanto

415 859 521 899 nos
582 844 779 897 melius
834 840 950 893 haec
1013 846 1178 907 atque
1218 835 1546 906 prudentius
1604 830 1997 897 admittamus,

415 942 471 989 et
501 948 622 1003 qua:
660 933 727 987 de
760 930 1041 1002 praeclaris
1074 928 1280 982 virtute
1308 925 1444 981 viris
1493 923 1769 981 sententia
1809 928 2001 976 nostra

417 1027 508 1083 sit.
549 1044 569 1077 ι

999 1130 1233 1189 CAPUT
1273 1127 1417 1187 XXI.

482 1249 545 1306 In
602 1255 867 1320 aliparato
915 1263 1083 1318 porro
1132 1248 1238 1302 hoc
1296 1245 1461 1301 modo
1503 1242 1788 1309 convivio,
1845 1241 2002 1313 juxta

414 1343 596 1415 ipsum
642 1342 1037 1398 Philostratum
1089 1341 1171 1405 ⁸⁷,
1231 1338 1488 1393 Indorum
1538 1336 1820 1391 inducitur
1862 1334 1998 1399 rex,

411 1436 874 1506 compotationem
926 1434 1221 1488 instituens
1260 1446 1388 1485 eum
1430 1427 1794 1500 philosorihis.
1844 1424 2003 1481 Hunc

410 1543 543 1582 vero
574 1528 809 1597 superbe
843 1542 902 1580 se
925 1526 1165 1595 gessisse
1194 1532 1247 1579 et
1271 1524 1327 1577 in
1360 1520 1764 1593 philosophiam
1808 1518 2007 1574 debac-

411 1618 633 1673 ehatum
660 1625 870 1682 narrat,
915 1618 1140 1686 crapula
1188 1616 1318 1669 item
1358 1613 1503 1684 apud
1544 1629 1640 1669 eos
1685 1612 2000 1679 incaluisse,

342 1754 349 1759 .
411 1725 649 1786 cumque
679 1710 798 1780 ipso
829 1709 945 1764 sole
986 1708 1055 1762 de
1090 1707 1403 1777 principatu
1447 1705 1800 1762 contendisse
1823 1747 1838 1770 ,
1872 1706 2004 1760 alia-

2107 565 2227 621 ρεια
2246 548 2339 601 καὶ
2362 545 2634 616 κουφότης
2649 543 2759 614 (15)
2777 540 3003 611 πλείστη
3028 540 3127 609 ὅση
3157 535 3528 603 κατέγνωσται
3556 532 3696 604 παρ’

2101 642 2279 714 αὐτῷ’
2324 641 2487 704 αὐτὸς
2516 637 2595 699 δὲ,
2628 636 2855 690 τοιαῦτα
2891 630 3236 702 Φιλοστράτῳ
3264 625 3558 689 πιστεύων,
3597 626 3696 679 αὑ-

2100 739 2215 800 τοῖς
2257 735 2323 808 δὴ
2385 734 2594 806 ῥήμασι
2648 728 2976 801 σεμνύνεται
3036 724 3231 793 λέγων’
3297 740 3317 773 ‹
3352 717 3701 789 Σκεψώμεθά

2101 847 2167 899 γε
2223 828 2329 901 μὴν
2381 828 2492 897 ὅσῳ
2533 824 2741 896 βέλτιον
2800 820 2896 876 καὶ
2929 815 3289 888 ξυνετώτερον
3338 814 3503 884 ἡμεῖς
3547 811 3700 863 ἐκδε-

2100 922 2311 994 χόμεθα
2332 921 2403 976 τὰ
2427 917 2675 984 τοιαῦτα,
2697 917 2793 972 καὶ
2807 916 2874 987 ἢν
2898 912 3028 985 περὶ
3052 910 3161 965 τῶν
3184 907 3456 981 ὲναρέτων
3480 903 3700 975 ἀνδρῶν

2096 1015 2297 1088 ,ἔχομεν
2325 1012 2571 1086 γνώμην.
2616 1031 2635 1065 ι

2608 1120 3008 1179 ΚΕΦᾹΔΑῙΟΝ
3044 1118 3177 1173 KA'.

2185 1246 2311 1303 Ἐπὶ
2341 1242 2567 1313 τοιούτῳ
2594 1241 2659 1312 δὴ
2687 1239 2767 1311 τῷ
2796 1235 3105 1309 συμποσίῳ,
3138 1230 3280 1287 κατά
3304 1230 3396 1284 τὸν
3419 1228 3586 1283 αὐτὸν
3611 1228 3702 1280 0t-

2101 1344 2413 1414 λόστρατον,
2465 1335 2718 1409 βασιλεὺς
2760 1330 3111 1403 ἐγχωριάζων
3163 1325 3345 1389 Ἰνδοῖς
3387 1322 3701 1414 εἰσάγεται,

2105 1435 2389 1509 συμπίνων
2426 1433 2544 1494 τοῖς
2572 1426 2902 1498 φιλοσόφοις.
2937 1421 3138 1475 Τοῦτον
3178 1418 3235 1472 δὲ
3264 1413 3569 1487 ἐνυϐρίζειν
3601 1414 3705 1466 καὶ

2103 1528 2457 1602 ὲμπαροινεῖν
2490 1520 2799 1594 φιλοσοφίᾳ,
2838 1511 3205 1602 μεθύσκεσθαί
3231 1527 3293 1602 τε
3309 1511 3456 1602 παρ’
3487 1508 3703 1602 atii-cote,

2104 1597 2201 1670 καὶ
2261 1597 2718 1684 ἀντιπαρεξάγειν
2762 1605 2840 1678 τῷ
2897 1602 3053 1676 ἡλίῳ,
3121 1601 3214 1656 καὶ
3273 1597 3706 1664 ἀλαζονεύεσθαι

2107 1711 2332 1781 ἱστορεῖ.
2367 1704 2479 1759 Καὶ
2513 1701 2675 1757 πάλιν
2705 1698 2796 1751 τὸν
2837 1693 3192 1770 Ἀπολλώνιον
3217 1692 3282 1745 δι’
3313 1689 3603 1763 ἑρμηνέως
3632 1689 3707 1741 τά

410 1823 519 1879 que
550 1781 695 1861 elato
721 1800 908 1858 animo
940 1799 1242 1872 jactitasse.
1278 1795 1520 1853 Rursum
1546 1805 1727 1856 autem
1768 1812 1864 1868 per
1909 1796 1993 1853 in—

2107 1802 2250 1875 παρά
2277 1799 2465 1857 τούτου
2498 1793 2786 1871 μανθάνειν
2809 1810 2824 1824 ο
2852 1790 2949 1846 καὶ
2965 1784 3031 1847 αὖ
3065 1788 3228 1845 πάλιν
3246 1786 3386 1855 πρὸς
3403 1781 3706 1844 αὒτὸνόια-

409 1910 705 1972 terpretem
742 1901 847 1955 ista
885 1899 954 1953 ab
996 1913 1062 1952 eo
1101 1895 1382 1967 accepisse
1411 1894 1796 1964 Apollonium;
1825 1894 1996 1949 vicis-

412 1995 627 2063 simque
646 2006 827 2062 regem
861 1990 1158 2043 allocntum
1196 2005 1349 2053 esse,
1386 1987 1579 2041 Iarcha
1609 1986 1784 2042 vicem
1830 1986 2000 2040 inter-

411 2086 581 2157 pret‘s
614 2084 941 2139 sustinente.
983 2080 1088 2147 Qui
1133 2089 1318 2135 autem
1364 2080 1727 2135 admiratione
1773 2078 1997 2149 dignum

411 2174 558 2230 haud
591 2174 991 2234 existimemus,
1033 2170 1179 2241 quod
1207 2171 1506 2242 superbum
1541 2179 1860 2241 tantopere,
1904 2171 2000 2225 ab-

412 2266 581 2322 surde
614 2264 749 2319 adeo
776 2262 1128 2329 debacchari,
1157 2268 1213 2316 et
1256 2263 1495 2332 crapulae
1540 2262 1824 2333 indulgere
1850 2276 2001 2317 vero.

411 2358 592 2414 simile
649 2364 817 2428 queat
854 2355 1061 2421 videri,
1110 2368 1271 2424 quem
1312 2371 1382 2410 ne
1433 2354 1501 2409 ad
1545 2354 1997 2426 philosophorum

410 2452 653 2522 quidem,
686 2450 886 2505 nedum
912 2450 1032 2505 deis
1064 2450 1329 2506 similium
1360 2449 1606 2505 virorum
1648 2457 1872 2518 penates
1900 2462 1999 2518 par

409 2551 529 2597 erat
573 2540 868 2598 accedere?
897 2540 1041 2607 Quid
1067 2555 1198 2596 vero
1235 2548 1343 2607 est,
1390 2539 1536 2609 quod
1588 2538 1863 2594 semideos
1902 2553 1999 2594 eos

411 2634 645 2705 appello,
668 2641 723 2689 et
752 2633 1007 2705 dignitati
1030 2635 1275 2689 virorum
1297 2632 1468 2686 illudo
1486 2632 1509 2686 ?
1530 2631 1997 2702 quandoquidem,

408 2728 700 2798 Apollonio
734 2727 1105 2797 interrogante
1146 2726 1222 2790 ⁸⁸,
1255 2739 1525 2796 quosnam
1571 2740 1633 2779 se
1677 2740 1800 2779 esse
1840 2732 2001 2794 puta-

411 2819 574 2874 rent?
604 2817 737 2872 deos
772 2833 832 2873 se
862 2834 984 2873 esse
1017 2816 1300 2887 respondit
1334 2814 1578 2870 larchas.
1620 2812 1723 2881 Qui
1761 2815 1926 2868 etiam
1954 2812 1999 2845 “

410 2912 553 2981 apud
593 2911 874 2973 convivas,
927 2919 986 2964 ut
1029 2910 1121 2980 qui
1172 2909 1309 2963 deus
1359 2917 1526 2969 esset,
1578 2904 1742 2960 modo
1778 2906 1998 2975 quidem

410 3002 798 3072 philoSOphum
828 3002 1054 3055 minime
1087 2999 1417 3063 addecente,
1458 2998 1630 3051 multo
1657 2997 1839 3051 minus
1867 3012 1999 3051 con-

407 3093 661 3147 veniente
692 3091 801 3156 dei,
828 3105 989 3161 quem
1025 3105 1084 3145 se
1119 3105 1244 3145 esse
1268 3088 1554 3160 professus
1576 3097 1682 3153 est,
1718 3087 1997 3157 dignitati,

2099 1897 2373 1969 λέγεσθαι,
2391 1890 2863 1965 ύφερμηνεύοντος
2882 1887 2975 1940 τοῦ
2992 1884 3196 1958 Ίάρχα.
3216 1884 3327 1937 Καὶ
3348 1882 3468 1946 πῶς
3485 1882 3549 1936 ού
3566 1881 3707 1934 θαυ-

2103 1993 2294 2064 μάζειν
2326 1987 2505 2055 ἄξιον,
2541 1986 2690 2047 ὅπως
2746 1981 2838 2035 τὸν
2889 1977 3150 2051 ὑϐριστὴν
3186 1976 3279 2031 καὶ
3341 1973 3705 2029 ἀτοπώτατον

2100 2083 2382 2156 παροινεῖν
2412 2079 2506 2133 καὶ
2560 2073 2926 2148 μεθύσκεσθαι
2970 2069 3120 2142 παρά
3163 2066 3507 2140 τηλικούτοις
3549 2066 3706 2129 εἰκὸς

2097 2171 2187 2248 ἦν,
2223 2175 2282 2228 δν
2328 2172 2450 2246 οὐδὲ
2497 2167 2749 2239 παριέναι
2796 2164 2943 2229 ἀξιον
2988 2164 3045 2216 ὲν
3092 2160 3416 2230 φιλοσόφων,
3449 2159 3587 2230 μήτι
3636 2174 3705 2226 γε

2099 2266 2195 2318 κα).
2239 2263 2463 2317 ἰσοθέων
2491 2259 2673 2330 ἑστίας
2709 2257 2774 2312 Τί
2816 2255 2874 2308 δέ
2921 2270 3011 2325 μοι
3047 2251 3285 2315 ἰσοθέους
3325 2252 3554 2314 τούτους
3604 2268 3707 2305 καρ

2098 2355 2231 2419 λείν,
2279 2354 2374 2409 καὶ
2410 2353 2512 2423 τῆς
2542 2350 2699 2415 ἀξίας
2731 2345 3033 2417 ἐνυϐρίζειν
3058 2346 3185 2407 τοὺς
3223 2342 3457 2415 ἄνδρας
3510 2342 3702 2409 ὁπότε,

2101 2446 2405 2517 πυθομένου
2432 2443 2524 2497 τοῦ
2566 2438 2947 2500 Ἀπολλωνίου,
2973 2435 3125 2497 τίνας
3143 2434 3371 2497 ἑαυτοὺς
3397 2432 3667 2502 ἡγοῦνται
3684 2473 3701 2493 ,

2100 2538 2278 2602 θεοὺς,
2311 2536 2416 2607 ἔφη
2448 2537 2477 2588 ό
2515 2533 2761 2604 Ἰάρχας’
2798 2529 2857 2593 ὃς
2884 2530 2978 2581 καὶ
3008 2527 3121 2588 τοῖς
3154 2524 3484 2595 συμπόταις,
3507 2518 3603 2575 οἷα
3635 2520 3701 2574 δὴ

2100 2631 2222 2693 θεὸς
2244 2626 2475 2700 (14-15),
2501 2623 2793 2692 φιλοσόφου
2833 2621 2930 2691 μὲν
2948 2620 3149 2690 ἥκιστα
3175 2616 3385 2687 τρόπῳ,
3411 2613 3619 2667 πολλοῦ
3638 2629 3702 2680 γε

2099 2723 2199 2786 δεῖ,
2243 2722 2372 2792 μήτι
2410 2735 2474 2787 γε
2505 2715 2726 2789 μᾶλλον,
2757 2708 2818 2768 οὗ
2850 2712 3042 2782 ἔφησε,
3075 2708 3198 2790 θεοῦ
3236 2707 3424 2773 ἀξίως,
3452 2706 3562 2778 τὴν
3584 2704 3704 2774 φιά-

2101 2814 2198 2886 λην
2228 2813 2549 2866 ὲπικύπτων
2574 2805 2685 2878 (16)
2717 2805 2967 2876 ἐξῆρχεν.
3007 2801 3074 2855 Ἦ
3094 2801 3171 2888 δὲ,
3197 2800 3363 2870 φησιν
3397 2800 3427 2851 ὁ
3464 2808 3703 2866 συγγρα-

2102 2909 2257 2977 φεὺς,
2302 2904 2377 2968 ὡς
2426 2902 2538 2973 ,ἄρα
2581 2897 2799 2963 ὲπότιζε
2836 2898 2947 2967 (17)
2982 2894 3184 2957 ἱκανῶς
3235 2892 3464 2956 πάντας,
3519 2888 3701 2942 ἐπεδί-

2100 2997 2191 3050 δου
2231 2995 2363 3067 (18),
2392 2991 2645 3062 καθάπερ
2690 2992 2746 3043 αί
2790 2988 3093 3059 ἀπόρρητοι
3125 2983 3302 3055 πηγαὶ
3332 2985 3448 3046 τοῖς
3491 2982 3698 3052 ἀνιμω-

2107 3089 2311 3162 μένοις.

407 3186 605 3255 pbialae
660 3184 1007 3250 incumbens,
1058 3185 1517 3255 compotationem
1557 3182 1787 3254 incepit.
1823 3183 1899 3238 Ea
1965 3200 2099 3242 vero
2136 3186 2289 3248 dum.
2340 3188 2601 3238 narrante
2636 3179 2938 3241 historico,
2972 3174 3229 3230 omnibus
3262 3169 3471 3225 affatim
3509 3176 3694 3239 potum

407 3283 696 3353 przeberet,
736 3282 1041 3338 liberaliter
1099 3280 1337 3359 [latices]
1399 3282 1790 3352 submittebat,
1826 3282 2054 3354 perinde
2092 3298 2157 3339 ac
2220 3281 2400 3337 fontes
2443 3278 2649 3335 occulti
2702 3274 3082 3331 haurientibus
3127 3271 3328 3343 [aquas
3372 3266 3697 3322 submittere

407 3374 633 3449 solent].

980 3470 1217 3527 CAPUT
1259 3470 1422 3526 XXII.

483 3561 801 3619 Succedunt
828 3562 955 3618 inde
977 3564 1153 3617 mutui
1190 3580 1475 3621 sermones
1507 3574 1562 3621 et
1599 3564 1997 3638 philoSOphica:

409 3655 837 3726 disputationes,
867 3652 1059 3711 larcha
1090 3654 1319 3709 docente
1343 3656 1389 3686 ⁵ο
1421 3663 1480 3709 ut
1517 3672 1615 3711 sua
1647 3657 1776 3710 olim
1815 3655 1997 3711 anima

407 3750 465 3829 in
502 3750 609 3804 alio
652 3748 912 3806 hominis.
949 3747 1043 3822 qui
1083 3763 1179 3803 rex
1208 3748 1391 3813 fuerit,
1424 3748 1701 3804 exstiterit
1743 3764 1996 3821 corpore,

409 3848 574 3910 atque
618 3839 750 3894 talia
795 3839 1045 3913 quaedam
1104 3839 1159 3893 in
1208 3856 1274 3894 eo
1324 3840 1663 3910 patraverit:
1709 3839 1999 3910 Apollonio

408 3933 652 3987 vicissim
681 3933 751 3994 εί,
796 3940 856 3987 ιιι
895 3932 1053 3987 navis
1100 3931 1373 4004 {Egyptize
1410 3932 1684 3987 exstiterit
1725 3934 2000 4003 guberna-

407 4029 532 4088 tor,
599 4038 828 4093 quaeque
875 4024 980 4078 sibi
1029 4032 1182 4093 gesta
1220 4032 1335 4076 tum
1396 4022 1643 4091 fuerint,
1709 4031 1992 4078 narrante.

406 4112 754 4181 Qumstiones
775 4131 906 4171 vero
933 4124 987 4171 et
1010 4116 1403 4185 responsiones
1434 4115 1725 4189 utriusque
1755 4122 1883 4170 sunt
1911 4123 1998 4170 ta-

404 4207 507 4273 les,
540 4209 785 4278 qualium
812 4224 881 4263 ne
909 4209 1241 4271 mentionem
1269 4209 1488 4284 quidem
1522 4208 1744 4277 fecisse,
1772 4209 1995 4282 sapien-

404 4301 481 4355 tia
511 4303 748 4358 maxime
781 4310 899 4358 erat
931 4302 1179 4373 dignum.
1225 4286 1599 4374 Interrogasse
1644 4320 1776 4374 ergo
1825 4306 1994 4376 Apol-

403 4392 611 4449 Ionium
640 4395 810 4450 refert
837 4395 906 4460 ⁵³,
933 4409 1171 4449 aureane
1208 4393 1352 4464 apud
1393 4409 1489 4449 eos
1534 4410 1675 4466 aqua
1721 4396 1995 4451 invenire-

402 4486 587 4542 ιρι-ΤΟ
617 4487 831 4557 plenam
869 4486 1184 4557 sapientiaa,
1215 4501 1249 4540 o
1292 4485 1672 4542 admirandam
1719 4488 1981 4557 quaestio-

2616 3458 3016 3516 ΚΕΦΑΛΑῙΟΝ
3066 3458 3195 3510 KB'.

2152 3556 2328 3613 ’Μετὰ
2352 3554 2526 3609 ταῦτα
2554 3553 2732 3607 κοιναὶ
2753 3552 2928 3621 λόγων
2961 3548 3188 3621 ὁμιλίαι,
3221 3548 3316 3601 καὶ
3345 3546 3698 3600 σπουοαιολο-

2101 3653 2217 3722 γίαι
2267 3648 2377 3704 τῶν
2421 3647 2751 3718 φιλοσόφων,
2804 3643 2900 3696 τοῦ
2952 3642 3049 3714 μὲν
3094 3641 3277 3711 Ἰάρχα
3328 3638 3700 3700 διδάσκοντος,

2101 3745 2178 3808 ὡς
2207 3744 2315 3815 ἄρα
2344 3741 2474 3795 ποτὲ
2496 3737 2647 3809 αὐτῷ
2678 3738 2710 3808 ή
2740 3735 2885 3806 ψυχὴ
2913 3736 2971 3801 ὲν
3007 3733 3199 3805 ἑτέρῳ,
3232 3729 3525 3801 ἀνθρώπου
3552 3729 3702 3799 βασι-

2100 3839 2259 3900 λέως,
2288 3834 2497 3904 γένοιτο
2528 3831 2763 3902 σώματι,
2798 3827 2890 3881 καὶ
2928 3825 3100 3878 τοιάδε
3138 3821 3260 3879 τινὰ
3303 3821 3454 3892 αύτῷ
3482 3839 3703 3893 πεπρα-

2102 3909 2282 4002 γμένα
2324 3927 2410 3997 εἴη
2430 3943 2446 3958 ·
2471 3924 2566 3979 τοῦ
2612 3919 2968 3977 Ἀπολλωνίου
3008 3917 3086 3981 δὲ,
3115 3917 3192 3980 ὡς
3214 3917 3340 3986 νηὸς
3386 3916 3702 3984 Δίγυπτῖας

2099 4024 2229 4078 ποτὲ
2263 4022 2474 4091 γένοιτο
2519 4018 2882 4089 κυϐερνήτης,
2914 4014 3009 4068 κα).
3055 4010 3294 4065 τοσαῦτα
3320 4006 3697 4080 διαπράξοιτο.

2100 4116 2327 4178 Πεύσεις
2352 4131 2412 4166 τε
2441 4113 2536 4166 καὶ
2580 4109 2903 4181 ἀποκρίσεις
2944 4105 3200 4168 ἑκάστου,
3234 4096 3310 4155 ὧν
3337 4102 3436 4155 καὶ
3464 4100 3566 4169 τῆς
3612 4116 3707 4152 σε-

2097 4208 2224 4278 φίας
2254 4206 2403 4271 ἄξιον
2442 4201 2710 4275 μηδαμῶς
2743 4197 3114 4271 παρεκθέσθαι
3143 4195 3239 4266 τὴν
3270 4194 3515 4265 μνήμην.
3554 4191 3707 4262 Ἐρέ-

2098 4303 2223 4357 σθαι
2266 4301 2323 4354 δέ
2348 4317 2481 4371 φησι
2520 4298 2613 4351 τὸν
2678 4293 3055 4357 Ἀπολλώνιον,
3098 4294 3145 4344 εί
3187 4292 3304 4343 ἐστι
3346 4289 3480 4359 παρ’
3514 4286 3704 4348 αὐτοῖς

2097 4393 2328 4466 χρύσεον
2368 4390 2550 4461 ύδωρ;
2586 4388 2652 4441 Ὢ
2692 4386 2784 4440 τοῦ
2816 4382 2982 4454 σοφοῦ
3012 4384 3107 4436 καὶ
3140 4378 3445 4452 παραδόξου
3480 4376 3702 4445 πύσμα-

2099 4504 2190 4550 τος
2214 4488 2226 4539 !
2256 4485 2367 4539 Καὶ
2400 4482 2530 4553 περὶ
2559 4478 2864 4553 ἀνθρώπων
2896 4477 2953 4530 δὲ
2988 4475 3093 4529 ὑπὸ
3119 4474 3221 4544 γῆν
3252 4470 3577 4533 οἰκούντων,
3604 4466 3701 4522 καὶ

470 4602 516 4636 ⁸⁷
557 4603 652 4656 lib.
706 4616 799 4668 ιιι,
835 4616 887 4658 c.
917 4602 1008 4665 25.
1086 4604 1133 4637 ⁸⁸
1170 4607 1268 4664 lib‘.
1304 4623 1398 4670 ιιι,
1437 4607 1525 4663 18.
1601 4606 1647 4640 ⁴⁹
1678 4606 1774 4661 lib.
1815 4621 1902 4671 ιιι,
1933 4622 1984 4663 c.

2107 4649 2116 4663 .
2190 4607 2240 4639 δ’
2281 4605 2377 4660 lib.
2410 4621 2510 4669 ιιι,
2541 4618 2594 4657 c.
2629 4600 2713 4663 19,
2732 4602 2814 4656 20.
2892 4598 2930 4629 '"
2979 4596 3078 4653 lib.
3113 4608 3216 4661 ιιι,
3250 4608 3303 4648 c.
3336 4591 3431 4647 25.
3513 4591 3560 4623 ⁵⁸
3600 4590 3694 4647 lib.

404 4690 491 4739 ιιι,
513 4688 563 4729 c.
596 4672 688 4728 45.

477 4828 587 4899 (15)
641 4828 829 4899 Ἠμῶν
851 4828 971 4898 μὲν
994 4829 1125 4897 εὐχ.
1155 4828 1253 4881 καὶ
1278 4830 1526 4896 κρυερόν.
1567 4826 1688 4895 ipsa
1725 4824 1991 4899 Hieroclis

2107 4825 2558 4899 [ιυιηςυοιετξηε

400 4898 592 4963 verba,
625 4898 826 4973 quibus
871 4916 992 4955 eam
1029 4900 1365 4955 Christianis
1398 4899 1789 4968 eXprobrabat,
1820 4898 1991 4952 habes

403 4986 592 5035 supra,
624 4988 744 5035 cap.
780 4973 830 5025 1.

502 4988 838 5113 ἶιῗᾏῗθέΨῶά
866 5041 942 5111 δὴ
978 5041 1132 5109 θεός.
1157 5039 1337 5095 Verba
1361 5040 1464 5095 ista
1493 5037 1627 5093 mihi
1655 5044 1854 5113 praeter
1875 5053 1990 5093 rem

400 5109 678 5171 videntur.
710 5114 899 5168 nescio
930 5109 1096 5175 unde,
1130 5113 1186 5166 in
1215 5120 1420 5168 textum
1453 5125 1578 5166 esse
1606 5109 1869 5163 admissa.

502 5184 588 5252 l6)
643 5184 1033 5238 Ἐπικύπτων.
1083 5183 1164 5236 lta
1217 5179 1988 5252 certissimerestituendum

401 5250 827 5311 ebeilostrato
862 5275 875 5311 :
912 5254 1051 5310 Vide
1081 5254 1373 5310 observata
1405 5252 1471 5306 ad
1506 5250 1603 5305 lib.
1631 5265 1716 5310 Ill,
1745 5265 1867 5319 cap.
1897 5250 1990 5313 32,

400 5343 460 5383 ιι.
500 5327 554 5391 5,
593 5335 647 5381 et
678 5326 764 5382 lib.
796 5343 856 5392 ιι,
886 5341 1009 5396 cap.
1036 5326 1129 5391 28,
1164 5342 1221 5380 ιι.
1251 5324 1306 5391 6,
1341 5337 1537 5391 nempe
1564 5320 1870 5396 κύπτοντας
1904 5320 1996 5373 πί-

399 5415 510 5453 νειν
543 5405 627 5454 est
657 5391 855 5453 canum
887 5391 1229 5467 aliorumque
1255 5402 1376 5464 ejus
1403 5393 1619 5467 generis
1646 5391 1990 5467 animalium,

401 5479 461 5523 ut
490 5470 662 5538 liquet
691 5486 759 5525 ex
797 5469 1108 5525 observatis
1135 5461 1443 5538 posteriore
1479 5465 1622 5538 loco,
1661 5462 1829 5538 idque
1854 5461 1994 5515 adeo

398 5533 837 5609 viris—gravibus,
870 5539 1081 5595 ηεὼιιιι,
1096 5533 1460 5608 philosophis,
1487 5533 1645 5587 valde
1673 5533 1985 5609 indignum,

400 5604 587 5664 bibere
632 5625 696 5664 ex
726 5618 895 5665 tantae
933 5604 1448 5671 molis'crateribus,
1501 5611 1560 5659 ut
1601 5604 1792 5674 pronis
1821 5604 1990 5658 etiam

399 5694 468 5733 ex
505 5679 572 5733 iis
603 5687 767 5748 potus
793 5688 940 5735 esset
970 5680 1329 5733 hauriendus.

473 5749 585 5817 (17)
609 5744 915 5811 ”Επότιζε.
956 5749 1192 5805 Delenda
1222 5760 1339 5804 erat
1372 5764 1476 5802 vox
1520 5747 1676 5802 nihili
1712 5744 1988 5810 ὲπόντιζε,

398 5828 453 5876 et
471 5833 537 5876 ex
559 5818 893 5881 Philostrato
917 5831 1080 5892 atque
1098 5819 1227 5891 Reg.
1253 5821 1375 5877 eod.
1405 5819 1619 5886 ὲπότιζε
1645 5818 1993 5876 substituen-

2170 4895 2285 4966 (l8)
2335 4896 2663 4949 Ἐπεδίδου.
2726 4892 3045 4966 Holstenius
3097 4907 3163 4966 es
3217 4887 3566 4966 Philostrato
3609 4886 3696 4966 ad-

2100 4958 2280 5022 denda
2324 4974 2446 5035 post
2488 4966 2732 5019 ἐπεδίδου
2782 4965 3007 5034 putabat
3042 4963 3208 5035 verba
3244 4960 3308 5013 τὸ
3338 4962 3493 5035 νᾶμα
3527 4958 3694 5035 ἀφρός

2100 5056 2226 5101 νως,
2247 5027 2367 5092 sine
2396 5037 2596 5106 quibus
2626 5027 2823 5091 caetera
2853 5050 2962 5106 non
2992 5034 3271 5106 cohaerere
3300 5027 3561 5106 putabat.
3582 5027 3692 5085 Sed

2098 5100 2231 5179 pace
2256 5107 2378 5177 ejus
2398 5100 2607 5162 dictum
2635 5107 2736 5179 sit.
2758 5107 2880 5161 sine
2914 5104 3035 5179 istis
3059 5105 3223 5179 etiam
3259 5113 3386 5179 apte
3418 5100 3691 5179 cohaerent

2098 5171 2330 5248 reliqua,
2372 5194 2498 5232 nam
2536 5175 2827 5248 ἐπιδιδόναι
2856 5176 3032 5245 πηγή,
3068 5171 3357 5248 nu_|la_alia
3391 5186 3455 5225 re
3486 5171 3689 5248 addita,

2098 5242 2365 5305 dici—fons
2397 5257 2599 5318 potest.
2632 5245 2723 5300 Sic
2751 5248 2897 5301 enim
2923 5242 3085 5318 apud
3113 5243 3339 5318 _Atticos
3389 5242 3690 5318 scriptqres

2099 5311 2819 5390 ipsumque-Philostratum
2846 5311 3054 5386 passim
3079 5315 3260 5383 aliqua
3281 5327 3372 5368 res
3395 5311 3691 5390 ὲπιδιδιζθαι

2098 5336 2393 5445 Husumque
2420 5336 2819 5373 rnttosuatum
2846 5336 3054 5386 passuri
3079 5336 3260 5383 athuu
3282 5336 3372 5368 res
3395 5336 3691 5365 επιοισυνςιι

2140 5393 2321 5454 icitur,
2358 5406 2467 5444 non
2506 5389 2690 5443 addita
2740 5388 2794 5441 in
2836 5394 2991 5440 sexto
3034 5400 3166 5439 casn
3210 5397 3292 5447 re,
3337 5398 3448 5453 qua
3480 5381 3691 5451 proﬁcit

2097 5462 2184 5514 vel
2218 5464 2557 5516 incrementa
2583 5461 2747 5527 capit.
2767 5470 2888 5525 quae
2909 5457 3044 5527 adeo
3067 5470 3132 5527 ex
3159 5454 3296 5523 ipsis
3320 5456 3690 5527 circumstan-

2098 5533 2192 5588 tiis
2222 5534 2294 5587 sit
2323 5520 2696 5600 intelligenda.
2730 5520 3042 5600 omittenda
3081 5520 3264 5594 itaque
3297 5538 3362 5576 ea
3385 5520 3579 5600 _verba'
3605 5521 3685 5572 hic

2096 5603 2380 5669 duximus,
2409 5592 2535 5656 cum
2570 5614 2750 5669 neque
2779 5598 3087 5669 necessitas
3110 5592 3189 5669 ea
3211 5592 3480 5669 postulet,
3511 5603 3684 5659 neque

2096 5614 2380 5669 nummus,
2409 5618 2535 5656 cum
2570 5616 2640 5655 ne
2681 5614 2750 5654 ue
2779 5614 3087 5653 necessuas
3117 5614 3179 5650 ea
3211 5614 3480 5664 postumi,
3511 5614 3682 5659 neque

2095 5688 2286 5801 eorpm
2333 5673 2396 5729 in
2437 5671 2598 5729 codd.
2632 5614 2960 5726 Eusebianis
2990 5665 3277 5754 vestigium
3310 5662 3485 5719 ullum
3522 5673 3682 5733 appa-

2091 5759 2187 5805 rea
2218 5786 2230 5800 .

2124 5760 2230 5805 θαι.
