3856 6222
185 280 300 336 800

1327 272 1531 330 LIBER
1568 269 1848 328 CONTRA
1902 265 2324 326 HIEROCLEM.

3349 263 3458 323 810

181 393 300 466 ἄρα
329 389 490 460 φύσιν
521 386 827 462 ἀνθρώποις
861 387 1270 459 ὲπιλάμψασαν,
1302 387 1515 442 σκότιον
1546 402 1650 440 που
1681 384 1780 439 καὶ

1903 381 2044 437 alem
2064 380 2175 438 fere
2205 379 2488 436 stabiliens
2505 385 2791 435 auctorum
2821 377 3182 433 memoriam:
3210 376 3458 434 divinam

188 481 538 555 μινυνθάδιον
569 481 854 534 ἀποτελεῖν
873 520 887 543 ,
921 481 1043 551 οὐχ).
1074 480 1129 534 δὲ
1159 483 1216 544 ἐς
1241 480 1414 535 αίῶνα
1441 479 1540 551 τὴν
1573 477 1777 550 ἀρετὴν

185 573 594 630 ἐπιδείκνυσθαι
616 615 630 637 ,
669 575 744 646 μὴ
778 576 834 640 ἐς
873 575 970 629 ἕνα
998 575 1120 628 τινὰ
1153 574 1346 646 Δάμιν,
1383 574 1416 645 ἢ
1456 575 1550 628 καὶ
1582 572 1777 636 ἄλλους

188 669 417 742 βραχεῖς
469 668 858 738 πτωχεύουσαν
903 666 1014 740 (46)
1048 667 1156 720 τῶν
1195 664 1531 740 ἀνθρώπων,
1570 665 1685 720 ἀλλ’
1719 666 1780 728 ἐς

190 762 406 839 μυρίων
437 761 578 814 ὅσων
616 760 919 829 ὠφελείας,
954 759 1014 812 οὐ
1052 758 1160 813 τῶν
1189 757 1310 814 καθ’
1343 752 1417 814 ὧν
1452 758 1780 832 ὲγνωρίξετο

191 854 391 924 μόνον,
432 852 568 909 ἀλλὰ
601 854 696 906 καὶ
735 851 843 906 τῶν
881 851 1018 924 μετὰ
1059 851 1234 908 ταῦτα
1267 853 1648 923 γενησομένων
1680 852 1779 924 τὴν

189 948 433 1020 πάροδον
463 949 783 1019 ποιουμένη.
808 946 996 1021 Ταύτῃ
1016 945 1195 1000 τοίνυν
1219 946 1312 1000 καὶ
1343 947 1469 1010 τοὺς
1497 944 1666 999 πάλαι
1687 961 1781 998 σο-

189 1041 330 1108 φοὺς
361 1038 608 1110 ζηλωτάς
640 1055 701 1091 τε
736 1038 832 1091 καὶ
863 1038 1140 1108 διαδόχους
1174 1036 1503 1107 ποιήσασθαι
1537 1035 1648 1106 (47)
1682 1035 1781 1107 τῆς

189 1130 426 1202 ἀρετῆς,
458 1129 722 1184 ἀθάνατον
769 1128 846 1193 ὡς
883 1129 1100 1200 ἀληθῶς
1147 1127 1454 1202 ἀνθρώποις
1497 1143 1807 1208 παρεσχηη

195 1226 395 1296 μένους
439 1225 499 1278 τὸ
546 1225 894 1296 κατόρθωμα.
935 1224 999 1277 Et
1043 1223 1099 1276 δὲ
1140 1222 1342 1293 θνητήν
1369 1220 1416 1274 θ’
1446 1221 1783 1292 ὑπογράφεις

190 1317 421 1389 τάνδρὸς
451 1317 552 1388 τὴν
581 1316 774 1386 φύσιν,
802 1317 904 1386 δρα
949 1314 1023 1386 μὴ
1065 1313 1224 1367 πλέον
1263 1312 1296 1384 ἢ
1332 1313 1577 1384 προσῆκε
1610 1311 1784 1386 ταύτῃ

192 1409 579 1483 χαριζόμενος,
608 1409 765 1482 δίκην
789 1407 1036 1472 ἀποίσεις
1069 1406 1428 1478 παραλογίας.

730 1692 1131 1748 ΚΕΦΑΛΑῙΟΝ
1173 1690 1253 1748 H'.

1885 489 2016 532 vero
2047 483 2326 539 naturam,
2352 472 2604 529 homines
2642 471 3025 538 irradiantem,
3055 470 3344 527 admittere
3371 477 3460 527 te-

1885 569 2108 633 nebras,
2143 581 2448 638 parumque
2477 564 2781 620 durabilem
2821 579 2978 620 esse:
3022 579 3200 635 neque
3221 564 3275 618 in
3298 571 3462 620 aeter-

1885 676 2018 716 num
2073 659 2376 717 subsistere
2405 659 2685 722 virtutem,
2748 665 3064 712 contentam
3121 655 3369 722 minime,
3403 656 3464 713 in

1884 751 2166 806 Damidem
2226 750 2485 821 aliquem,
2541 749 2787 820 aliosque
2827 748 3009 804 brevis
3057 748 3156 804 aevi
3209 749 3464 807 homines

1887 859 2182 917 pauperem
2211 844 2527 900 exercuisse
2551 843 2963 906 liberalitatem,
2990 842 3087 898 sed
3121 841 3178 897 in
3213 844 3466 899 multitu-

1888 933 2036 989 dinis
2083 935 2365 990 hominum
2409 936 2652 1002 inﬁnitae,
2686 952 2797 991 non
2831 937 2952 1007 ejus
2975 943 3188 991 tantum
3218 950 3328 1009 quo
3380 937 3467 994 in-

1889 1029 2086 1084 claruit
2106 1029 2428 1096 aavi,verum
2458 1031 2620 1085 etiam
2641 1030 2869 1101 posthac
2898 1031 3291 1087 exstiturorum
3315 1045 3470 1086 emo-

1889 1120 2192 1176 iumentum
2229 1120 2651 1176 redundantem.
2685 1120 2850 1192 Atqui
2885 1137 2949 1177 ea
2993 1123 3208 1178 ratione
3253 1120 3467 1192 antiqui

1891 1214 2189 1284 sapientes,
2223 1214 2443 1269 virtutis
2498 1230 2612 1270 suae
2657 1215 2962 1272 imitatores
3004 1230 3471 1287 successoresque

1891 1304 1999 1360 sibi
2030 1313 2381 1375 paraverunt.
2414 1305 2727 1362 immortale
2757 1307 3000 1363 humano
3035 1309 3221 1380 generi
3251 1310 3468 1365 emolu-

1890 1409 2134 1453 mentum
2160 1399 2656 1470 praebentes.Quod
2687 1402 2733 1457 si
2753 1404 3036 1459 mortalem
3056 1419 3187 1460 vero
3215 1412 3470 1468 naturam

1891 1490 2135 1546 ascribas
2175 1492 2314 1556 viro,
2369 1507 2501 1548 cave
2532 1509 2601 1548 ne
2627 1493 2751 1565 plus
2783 1509 2946 1565 quam
2977 1509 3042 1552 ea
3076 1494 3237 1563 ferat,
3273 1497 3350 1553 illi
3372 1498 3473 1553 tri-

1892 1582 2088 1650 buens,
2125 1592 2325 1655 praater
2352 1585 2622 1640 rationem
2653 1585 2834 1656 egisse
2862 1587 3166 1643 accuseris.

2382 1696 2546 1768 διε
2578 1694 2807 1752 CAPUT
2844 1692 2984 1750 vni.

283 1809 446 1865 Ἀλλὰ
477 1811 584 1882 μὴν
606 1809 858 1881 εἰσῆκται
891 1806 1040 1878 αὐτῷ
1071 1806 1213 1870 θεῖος
1243 1803 1552 1877 ἄνθρωπος,
1578 1803 1672 1857 καὶ
1697 1801 1788 1856 θα·

1962 1807 2127 1881 Atqui
2157 1810 2384 1868 omnino
2413 1812 2489 1867 ita
2519 1813 2588 1868 ab
2607 1829 2672 1870 eo
2691 1816 2871 1868 virum
2898 1819 3348 1883 repraesentatum
3368 1812 3472 1868 ha-

194 1902 422 1958 λαττίου
466 1901 717 1973 δαίμονος
753 1899 943 1972 σχῆμά
967 1917 1026 1953 τε
1059 1899 1154 1953 κα)⁵
1187 1899 1528 1970 προσωπεῖον
1555 1895 1666 1950 ἀπὸ
1693 1912 1790 1964 γε-

195 1999 404 2061 νέσεως
429 1993 852 2066 ἀναλαμϐάνων.
889 1991 1112 2065 Κυούσῃ
1140 1990 1270 2062 γὰρ,
1299 1986 1373 2053 ὣς
1396 2005 1550 2060 φησι,
1593 1990 1661 2059 τῇ
1693 1987 1791 2040 αὐ-

192 2089 296 2144 τοῦ
327 2090 494 2161 μητρὶ
531 2087 663 2158 (48),
685 2085 878 2157 φάσμα
909 2081 1040 2157 ἦλθε
1071 2081 1356 2138 θαλαττίου
1381 2082 1636 2152 δαίμονος
1657 2078 1790 2150 (49),

195 2184 484 2254 Πρωτεὺς,
504 2182 533 2236 ὁ
563 2179 716 2253 παρὰ
745 2180 822 2252 τῷ
850 2179 1072 2251 Ὁμήρῳ
1099 2175 1440 2242 ἐξαλλάττων
1462 2173 1598 2246 (50).
1630 2172 1694 2225 Ἡ
1712 2171 1790 2237 δὲ,

193 2275 357 2330 οὐδὲν
396 2273 661 2338 δείσασα,
689 2273 854 2344 ἦρετο
899 2270 1063 2326 αὐτὸν
1108 2268 1161 2323 τί
1209 2268 1548 2340 ἀποκυήσοι;
1605 2265 1664 2320 '0
1712 2263 1790 2329 δὲ,

209 2368 378 2439 Ἐμὲ,
412 2361 553 2422 εἷπε.
583 2366 655 2420 Σὺ
690 2364 746 2420 δὲ
786 2364 902 2428 τίς;
931 2363 1224 2434 εἰπούσηςο
1255 2360 1514 2434 Πρωτεὺς
1537 2398 1551 2423 ,
1589 2357 1730 2430 ἔφη,
1764 2359 1794 2412 ὁ

201 2460 527 2529 Αἰγύπτιος.
568 2456 703 2512 Εἶτα
749 2457 808 2510 δὲ
842 2455 1084 2528 λειμῶνά
1115 2472 1235 2510 τινα
1258 2494 1274 2519 ,
1311 2454 1406 2507 καὶ
1435 2451 1666 2516 κύκνους
1694 2449 1794 2521 τὴν

199 2558 446 2626 γυναῖκα
510 2551 834 2626 ’μαιεύεσθαι
901 2549 1142 2622 γράφει,
1205 2547 1400 2602 ὁπόθεν
1457 2544 1590 2600 αὐτὸ
1645 2541 1793 2597 τοῦτ’

199 2647 417 2720 ἐλήφθη
446 2646 558 2718 (51)
583 2645 658 2718 μὴ
693 2642 882 2698 εἰπών.
935 2642 1010 2696 Οὐ
1046 2640 1156 2714 γὰρ
1189 2639 1254 2712 δὴ
1313 2638 1408 2694 καὶ
1452 2637 1642 2692 τούτου
1688 2637 1793 2706 ὐφ-

197 2740 418 2812 ηγητὴν
445 2740 618 2810 Δάμιν
641 2737 732 2790 τὸν
771 2733 1053 2806 Ἀσσύριον
1079 2729 1594 2804 ὑπογράψεται(52).
1634 2727 1794 2781 Ἀλλὰ

201 2834 303 2887 καὶ
335 2832 436 2885 οὐκ
489 2831 547 2893 ὲς
575 2828 784 2900 μακρὸν
817 2826 918 2896 τῆς
963 2826 1137 2897 αὐτῆς
1193 2817 1434 2896 ἱστορίας
1497 2819 1648 2892 αὐτῷ
1687 2821 1794 2876 Δά-

206 2926 346 2996 μιδι,
421 2918 508 2977 οἷα
539 2922 602 2994 δὴ
649 2921 801 2984 θείας
846 2919 976 2974 ὄντα
1021 2917 1265 2988 φύσεως,
1308 2916 1400 2970 τὸν
1441 2913 1795 2969 Ἀπολλώνιον

202 3015 441 3083 εἰσάγει,
475 3013 614 3067 αὐτὰ
647 3011 712 3084 δὴ
746 3009 921 3064 ταῦτα
951 3009 1178 3078 λέγοντα
1206 3023 1219 3037 ·
1259 3025 1279 3058 ι
1329 3004 1497 3074 Ἐγὼ,
1527 2999 1572 3060 ὦ
1592 3007 1793 3077 ἑταῖρε,

203 3106 402 3160 πασῶν
428 3104 539 3158 τῶν
567 3103 758 3174 φωνῶν
798 3100 1054 3174 ξυνίημι,
1089 3099 1274 3172 μαθὼν
1299 3099 1553 3171 οὐδεμίαν
1577 3115 1590 3129 ⁸
1626 3119 1644 3151 ι
1677 3100 1791 3166 καὶ,
1821 3138 1863 3196 C

211 3218 234 3250 ο
257 3199 352 3270 Μὴ
377 3197 690 3268 θαυμάσῃςο
716 3190 832 3250 οῖδα
863 3194 973 3266 γὰρ
1005 3193 1100 3248 καὶ
1127 3193 1163 3247 ἃ
1191 3191 1468 3246 σιωπῶσιν
1500 3192 1549 3245 οἱ
1579 3191 1792 3264 ἄνθρω-

206 3308 322 3344 ποι.
365 3311 384 3342 ι
415 3290 522 3343 Καὶ
551 3290 714 3342 πάλιν
734 3290 793 3342 ὲν
821 3284 1147 3359 Ἀσκληπιοῦ
1177 3284 1485 3356 τιμώμενον
1520 3283 1631 3355 (5'5)
1657 3284 1794 3356 πρὸς

203 3383 302 3436 τοῦ
331 3382 602 3453 δαίμονος,
637 3381 728 3435 καὶ
758 3379 1065 3452 πρόγνωσιν
1096 3377 1206 3449 (54)
1235 3394 1356 3431 τινα
1388 3376 1481 3430 καὶ
1507 3375 1793 3430 ἀδίδακτον

206 3473 324 3545 (55)
367 3472 512 3543 ἔχειν
559 3472 625 3525 ἐκ
669 3470 877 3538 παιδὸς,
923 3467 1208 3541 κρείττονά
1238 3483 1297 3520 τε
1326 3466 1564 3537 ἀτεχνῶς
1592 3463 1794 3537 ἀνθρὼ-

283 3630 309 3664 ³
347 3630 441 3684 lib.
478 3644 524 3690 ι,
558 3643 606 3682 c.
639 3628 696 3683 4.
773 3626 794 3658 ⁸
832 3627 926 3682 lib.
960 3639 1009 3692 ι,
1045 3641 1095 3680 c.
1131 3624 1185 3680 5.
1261 3622 1285 3654 ⁵
1321 3623 1417 3680 lib.
1453 3637 1508 3688 ι,
1542 3636 1593 3676 c.
1630 3621 1716 3677 l9.

271 3787 386 3860 (46)
417 3787 514 3860 Μὴ
556 3787 622 3860 ἐς
670 3786 780 3840 ἕνα
826 3785 959 3838 τινὰ
988 3782 1168 3860 Δάμιν
1201 3822 1242 3836 ..
1267 3820 1284 3835 .
1337 3781 1789 3860 πτωχεύουᾳαν.

212 3851 525 3929 Πτωίεύειν
556 3851 636 3921 εἷς
659 3873 780 3929 τινα
801 3863 888 3910 est
916 3851 1164 3910 mendice
1195 3861 1249 3908 et
1281 3867 1470 3923 parum
1495 3851 1794 3906 liberaliter

214 3945 276 4002 se
327 3928 595 4002 adversus
638 3928 876 4002 aliquem
923 3940 1135 4002 gerere,
1188 3939 1348 4002 quem
1396 3937 1640 4002 sensum.
1671 3936 1794 4002 esse

257 4001 504 4063 hraseos,
548 4000 618 4054 ab
647 3991 888 4057 Acciolo,
928 3991 990 4049 ut
1028 3991 1359 4058 multa’alia,
1391 4007 1584 4063 parum
1627 3991 1792 4046 intel-

235 4080 390 4132 ectae,
426 4061 622 4140 linguae
652 4067 904 4136 analogia
934 4067 1082 4140 satis
1109 4065 1309 4140 prodit.
1343 4061 1662 4140 Πτωχεῦσαι
1691 4077 1793 4140 au-

213 4149 325 4211 tem
360 4131 435 4211 ait
461 4131 783 4211 sapientiam
813 4131 1379 4211 Apollonii'divinam,
1405 4131 1639 4211 ettanta
1667 4131 1792 4204 qui-

213 4210 340 4266 dem
382 4205 563 4275 fuerii,
602 4225 748 4264 nunc
781 4205 962 4263 autem
993 4208 1140 4261 nulla
1169 4206 1289 4272 ejus
1327 4205 1563 4275 amplius
1591 4205 1674 4258 vis
1701 4219 1796 4260 su-

214 4283 432 4352 persit:
477 4274 623 4352 quod
663 4281 857 4350 exigua
899 4294 996 4352 res
1017 4287 1072 4334 et
1112 4277 1333 4352 indigna
1363 4274 1554 4352 divina
1592 4275 1795 4352 virtute

213 4345 510 4423 videatur;
533 4345 816 4423 pauculos
829 4350 1094 4423 quosdam
1139 4345 1304 4423 unius
1333 4347 1509 4401 aetatis
1540 4345 1794 4423 homines

214 4421 453 4483 allicere,
499 4417 610 4476 ifno
641 4437 710 4476 ne
753 4420 821 4474 ad
851 4417 1034 4490 ἀκμήν
1071 4419 1291 4488 quidem
1323 4432 1419 4490 eos
1456 4417 1792 4490 perducere;

1891 1899 2107 1965 bemus,
2152 1910 2213 1956 ut
2244 1903 2337 1973 qui
2379 1903 2550 1958 divini
2598 1907 2673 1960 sit
2721 1903 2978 1974 generis,
3038 1904 3235 1974 deique
3266 1903 3470 1959 marini

1891 1989 2127 2047 formam
2169 2001 2224 2050 et
2260 1996 2498 2066 speciem
2548 1996 2616 2050 ab
2648 1995 2784 2067 ipsis
2820 1996 3098 2053 natalibus
3149 1996 3392 2053 induerit
3422 1999 3469 2054 ὀ

1891 2085 2051 2142 Matri
2101 2087 2248 2142 enim
2279 2088 2422 2159 ejus,
2461 2096 2522 2143 ut
2555 2089 2653 2156 ait,
2684 2097 2932 2146 ventrem
2981 2088 3179 2146 ferenti
3203 2129 3219 2156 ,
3267 2089 3472 2145 marini

1891 2178 1987 2236 Dei
2018 2179 2201 2236 oblata
2241 2193 2326 2236 est
2353 2183 2588 2253 species,
2621 2181 2876 2249 Proteus,
2908 2184 3157 2254 inquam,
3187 2184 3330 2255 apud
3362 2183 3475 2242 Ho-

1893 2286 2106 2327 merum
2158 2273 2295 2328 alias
2337 2273 2584 2343 aliasque
2633 2273 2835 2345 figuras
2890 2275 3144 2332 induens.
3187 2274 3264 2330 Ea
3304 2291 3474 2345 vero,

1893 2363 2029 2420 nihil
2059 2365 2373 2434 perterrita,
2403 2365 2534 2436 quid
2555 2366 2802 2437 paritura
2827 2376 2976 2426 esset
3004 2383 3131 2424 eum
3164 2368 3474 2442 interroga.

1893 2457 1993 2512 vit.
2018 2457 2070 2511 ls
2093 2473 2248 2523 vero,
2284 2459 2390 2526 Me,
2425 2462 2732 2531 reSpondit,
2771 2461 2974 2532 ipsum.
3005 2460 3140 2528 Quis
3163 2469 3221 2515 tu
3255 2459 3477 2518 autem?

1893 2549 2269 2622 interrogante
2311 2568 2376 2609 ea
2421 2573 2434 2609 :
2469 2551 2723 2620 Proteus,
2784 2553 2877 2610 ille
2917 2553 3134 2624 inquit,
3175 2552 3472 2626 Egyptius

1897 2640 2089 2716 [sum].
2137 2643 2275 2699 Tum
2331 2657 2551 2716 pratum
2607 2646 2884 2718 quoddam
2914 2655 2970 2703 et
2996 2661 3204 2718 cycnos
3255 2647 3474 2704 mulieri

1894 2733 2271 2790 obstetriciam
2294 2752 2518 2808 operam
2552 2738 2878 2809 praestitisse
2916 2738 3168 2802 scribit',
3202 2739 3348 2794 unde
3363 2738 3471 2796 hoo

1895 2821 2077 2894 ipsum
2108 2824 2490 2900 depromptum
2522 2830 2593 2887 sit
2626 2830 2778 2886 nullo
2830 2829 2979 2885 facto
3021 2829 3245 2886 indicio.
3277 2828 3467 2902 Neque

1895 2915 2043 2970 enim
2071 2914 2252 2990 [puto]
2280 2918 2447 2989 hujus
2481 2936 2702 2992 quoque
2733 2923 2813 2978 rei
2860 2930 3143 2977 auctorem
3182 2922 3473 2994 Assyrium

1897 3005 2094 3064 Damin
2121 3009 2402 3081 allegabit.
2437 3011 2509 3065 At
2535 3019 2589 3066 et
2618 3028 2728 3067 non
2770 3013 2944 3068 multo
2975 3021 3101 3084 post
3150 3013 3304 3068 initia
3354 3013 3478 3084 ejus

1897 3099 2164 3166 historiae,
2215 3102 2282 3157 ad
2323 3089 2502 3173 ipsum
2539 3103 2847 3169 Damidem,
2886 3105 3047 3176 quasi
3081 3105 3280 3160 divinae
3306 3107 3480 3176 parti-

1899 3206 2030 3263 ceps
2079 3194 2152 3247 sit
2186 3201 2432 3259 naturae,
2478 3197 2660 3253 haecce
2694 3199 2860 3254 verba
2901 3197 3291 3270 Appollonium
3349 3213 3472 3269 pro-

1900 3283 2167 3341 ferentem
2198 3286 2452 3343 inducit‘
2488 3308 2502 3346 :
2549 3309 2568 3343 ι
2605 3289 2740 3362 Ego,
2780 3292 2977 3361 amice,
3000 3308 3196 3349 omnes
3230 3293 3478 3362 intelligo

1900 3379 2116 3449 linguas
2142 3419 2156 3443 ,
2201 3381 2328 3436 licet
2359 3383 2562 3439 nullam
2619 3385 2906 3442 didicerim
2941 3405 2955 3442 :
3011 3405 3032 3440 ›
3069 3388 3198 3443 item
3235 3403 3250 3440 :
3304 3406 3324 3440 ι
3359 3386 3481 3443 Noli

1900 3470 2110 3536 mirari,
2129 3485 2256 3526 nam
2269 3483 2322 3528 et
2338 3489 2460 3546 quae
2484 3475 2706 3534 silentio
2719 3478 2972 3536 homines
2988 3488 3268 3551 premunt,
3281 3480 3431 3536 novi.
3454 3498 3476 3534 ι

1898 3778 2195 3851 tinendum
2223 3787 2357 3850 puto
2402 3780 2548 3851 quod
2579 3781 2714 3838 editi
2760 3781 3052 3851 habebant,
3073 3783 3209 3839 nihil
3253 3799 3482 3848 necesse

1898 3851 2053 3923 enim
2068 3850 2130 3923 in
2163 3849 2237 3906 iis
2257 3849 2471 3923 mutare
2501 3854 2820 3923 quidquam.

1972 3920 2083 3999 (ιὲ)
2099 3921 2427 3999 ραλαττίρρ
2443 3920 2607 3999 ιᾷοιῖμΖ
2615 3920 2920 3999 ᾗίγυπτίου
2933 3924 3185 3999 δαίμονος
3200 3926 3477 3999 legebatur

1900 4005 1990 4071 ap.
2018 3989 2284 4071 ⁸ξ’[ιίιοδῐιι.
2319 3991 2428 4045 vid.
2455 3993 2490 4046 l.
2515 3989 2566 4049 θ’.
2587 3993 2656 4071 U_t
2681 3989 2872 4071 nostro
2895 3989 3181 4071 θαλαττίου
3194 3989 3480 4071 ρᾅμονος,

1900 4063 1977 4117 ita
2007 4062 2178 4135 ἁλίοιο
2200 4063 2457 4135 γέροντος
2486 4065 2709 4120 nomine
2739 4066 2890 4121 venit
2919 4065 3157 4124 Homero
3178 4062 3373 4135 Odyss.
3417 4062 3482 4135 ti,

1900 4149 2045 4213 vers.
2071 4127 2363 4213 ῥβδζῦθί.
2398 4135 2552 4213 adde
2577 4152 2720 4213 vers.
2758 4135 2884 4200 384,
2907 4138 3000 4194 ubi
3019 4138 3198 4213 γέρων
3244 4127 3393 4206 ἅλιος
3425 4127 3483 4197 εἰ

1901 4204 2269 4276 Ποσειδάωνος
2295 4203 2552 4276 ὑποδμώς
2576 4207 2798 4262 dicitur.

1901 4275 2382 4402 παρὰ
2417 4273 2469 4330 τ.
2512 4277 2712 4348 Ὀμήρ.
2755 4273 3160 4345 ἐξαλλάττων.
3197 4279 3392 4352 Odyss.
3416 4283 3482 4346 Δ,

1973 4417 2087 4485 (51)
2130 4415 2418 4487 Ἐλήφθη.
2448 4417 2864 4490 Μδίθνείληφθὲν
2892 4419 2948 4475 in
2969 4421 3155 4486 editis,
3187 4421 3484 4480 manifesto

216 4491 411 4546 Damin
441 4482 584 4546 enim
613 4493 666 4546 in
695 4482 1054 4545 medioxuniis
1085 4482 1552 4559 philosophis,qui
1574 4502 1700 4559 cum
1723 4501 1798 4559 eo
1828 4482 1874 4537 D
1900 4482 2109 4559 errore,
2143 4482 2303 4558 quem
2335 4482 2559 4559 sustulit
2582 4489 2695 4559 jam
2715 4482 3090 4549 'HoLsremus.

215 4561 519 4617 liberaliter
551 4563 742 4632 egerit,
761 4564 849 4615 vix
877 4557 1121 4617 censeat.
1147 4558 1218 4615 Ut
1245 4561 1403 4632 adeo,
1437 4557 1796 4632 nisiMEllsebii

215 4647 335 4688 aevo
359 4629 616 4687 virtutem
647 4633 918 4702 Apollonii
945 4633 1175 4700 ejusque
1204 4631 1469 4702 doctrina:
1495 4629 1794 4702 ellicaciam

216 4703 525 4758 luculenter
557 4700 711 4758 tueri
743 4705 922 4766 liceat,
950 4703 1025 4774 ita
1061 4703 1182 4774 ejus
1217 4701 1466 4773 ἐνεργείᾳ
1511 4700 1795 4774 hominum

217 4777 387 4827 animi
437 4775 822 4844 percellantur,
855 4781 915 4827 ut
948 4771 1154 4829 Christi
1206 4771 1642 4844 percellebautur
1683 4771 1790 4824 vir-

217 4851 370 4907 tute,
403 4842 535 4900 nihil
559 4845 726 4900 divini
756 4846 804 4898 ei
831 4846 1011 4900 inesse
1041 4845 1112 4898 sit
1135 4843 1515 4914 judicandum.
1542 4842 1706 4912 quue
1729 4854 1797 4914 eo

215 4917 394 4985 magis
434 4918 611 4972 valere
640 4917 792 4977 dicit,
822 4915 967 4985 quod
990 4915 1064 4968 illi
1097 4909 1315 4985 quoque
1346 4909 1674 4983 philosophi,
1700 4909 1796 4985 qui

215 4982 402 5039 tanien
432 4987 635 5041 nullam
665 4987 768 5042 sibi
791 4982 1137 5056 ari-ogassent
1159 4982 1399 5041 divinam
1424 4982 1701 5047 virtutem,
1726 4982 1796 5036 ad

218 5065 474 5126 posteros
495 5067 676 5113 tamen
705 5065 759 5112 et
799 5065 1098 5114 sectatores
1129 5056 1548 5128 propagaverint
1577 5057 1796 5128 inventa

219 5125 343 5193 sua,
379 5137 438 5181 ut
481 5129 617 5184 adeo
657 5144 846 5184 eorum
890 5128 1059 5199 ἀρετή
1110 5125 1500 5184 minus'l‘uerit
1547 5125 1795 5198 πτωχεύ-

217 5215 375 5261 ουσα,
407 5215 581 5270 qnam
601 5199 879 5270 Apollonii
907 5201 1104 5260 virtus,
1134 5216 1222 5255 res
1253 5200 1415 5253 unius
1443 5199 1640 5252 atatis.

292 5270 406 5340 (47)
439 5267 831 5334 Ποιήσάσθαι.
862 5269 965 5324 Per
1004 5270 1285 5340 enallagen
1313 5271 1794 5340 ριύῃὲποιήσαντο.

293 5340 406 5408 (48)
433 5341 680 5410 Κυούσῃ
695 5343 824 5410 γὰρ,
847 5339 926 5407 ὣς
951 5357 1123 5410 φησι,
1155 5339 1230 5410 τῇ
1261 5339 1660 5410 αὐτοῦμητρι.
1689 5339 1796 5392 Αὑ-

213 5412 404 5482 τόνίεκ
438 5408 766 5464 Philostrato
798 5427 896 5482 pro
923 5408 1086 5464 αὑτοῦ
1114 5408 1351 5480 repnsui.
1386 5409 1660 5464 HOLSTEN.

291 5481 430 5535 Male
459 5495 585 5536 vero
611 5501 624 5536 :
658 5476 950 5551 nam’apud
980 5476 1368 5536 Philostratum
1392 5497 1610 5551 quoque
1631 5476 1794 5534 αὐτοῦ

218 5551 532 5621 legendum,
565 5568 673 5607 non
712 5553 895 5606 αὐτόν.
929 5551 1064 5607 Vide
1080 5551 1182 5606 Vit.
1215 5553 1335 5620 Ap.,
1366 5567 1406 5615 ι,
1438 5553 1493 5606 4.
1525 5551 1794 5606 Praeterea

218 5623 365 5694 apud
398 5621 813 5694 Philostratumr
838 5623 995 5694 plane
1027 5624 1133 5676 alia
1165 5623 1502 5678 constructio
1544 5631 1649 5681 est.
1676 5637 1798 5694 quae

219 5691 324 5763 hac
355 5694 478 5746 loco
524 5709 632 5747 non
672 5691 852 5762 possit
869 5695 1137 5763 obtinere,
1171 5694 1276 5748 nisi
1317 5694 1550 5748 articulo
1599 5694 1664 5763 τῇ
1691 5691 1796 5763 de-

217 5762 348 5830 leto,
382 5771 442 5818 ut
471 5760 778 5818 monstrosa
805 5764 965 5835 plane
991 5767 1060 5819 sit
1091 5762 1444 5820 Holsteniana
1474 5760 1797 5839 lectio..Re-

543 5858 810 5919 PA‘I'BOL.
869 5857 988 5921 Gn.
1046 5855 1246 5920 XXII.

1973 4557 2086 4631 (52)
2125 4557 2208 4613 Οὐ
2248 4559 2361 4631 τὰρ
2409 4557 2487 4628 δὴ
2516 4557 2603 4615 ..ζ
2645 4560 3074 4631 ὑπογράψεται.
3125 4560 3307 4618 Malim
3349 4563 3484 4618 ὑπο-

1900 4630 2188 4704 γράφεται.
2242 4629 2377 4682 Nam
2426 4631 2668 4704 loquitur
2713 4629 2962 4687 de'l'acto
3007 4631 3347 4704 Philystrati,
3383 4635 3479 4704 qui

1902 4699 2006 4754 ista
2030 4707 2089 4754 ut
2132 4707 2329 4754 catera
2361 4716 2427 4755 ex
2458 4699 2682 4757 Damide
2726 4717 2836 4757 non
2883 4703 3090 4758 retulit.
3115 4702 3265 4761 Ferri
3295 4699 3481 4760 tamen

1901 4769 2275 4845 ὑπογρᾴψεται
2305 4785 2468 4845 posse
2488 4781 2710 4845 putem,
2740 4779 2799 4828 ut
2833 4789 3031 4830 sensus
3075 4774 3148 4830 sit
3179 4793 3191 4829 :
3224 4791 3330 4830 non
3355 4791 3482 4845 spe-

1900 4855 2025 4896 rare
2051 4840 2371 4906 Eusebium,
2403 4840 2796 4898 Philostratum
2818 4859 2937 4898 eam
2963 4860 3076 4899 rem
3105 4861 3134 4898 a
3164 4840 3400 4900 Damide'
3421 4861 3484 4901 se

1899 4912 2182 4981 accepisse
2235 4912 2652 4968 ailirmaturum.
2683 4915 2820 4970 Cum
2877 4915 2968 4970 ille
3027 4931 3213 4971 rerum
3265 4923 3481 4972 tantum

1899 4983 2182 5057 scripserit
2220 4983 2505 5057 historiam
2549 4985 2619 5039 ab
2663 4986 2955 5057 Apollonio
2995 4998 3294 5056 gestarum,
3329 4999 3481 5057 post-

1898 5068 2062 5123 quam
2085 5055 2476 5126 incomitatum
2503 5057 2626 5125 ejus
2652 5057 2770 5126 ipse
2794 5055 3041 5111 adscitus
3070 5067 3215 5112 esset
3241 5075 3254 5111 :
3287 5055 3348 5112 ut
3375 5058 3478 5113 ob-

1899 5133 2176 5180 servatum
2202 5125 2537 5197 Philostrato
2567 5125 2694 5197 ipsi,
2729 5125 2848 5181 Vita
2880 5127 3152 5197 Apollon.,
3178 5143 3217 5188 ι.
3246 5128 3301 5183 3.

1971 5197 2085 5267 (55)
2133 5196 2483 5266 Τιμώμενον.
2543 5194 2936 5268 Βερειεηάυω
2971 5197 3080 5252 ἀπὸ
3131 5198 3226 5252 τοῦ
3295 5194 3481 5254 κοινοῦ

1899 5269 2126 5321 verbum
2155 5269 2393 5337 εἰσάγειν
2419 5271 2563 5339 quod
2595 5269 2894 5339 praeessit.

1971 5339 2091 5412 (54)»
2119 5337 2485 5407 Πρόγνωσιὺ.
2533 5337 2665 5408 Ejus
2720 5340 2796 5394 rei
2846 5355 2942 5412 per
2992 5347 3164 5412 totam
3206 5337 3478 5412 Apollonii

1897 5408 2206 5481 historiam,
2239 5425 2430 5480 sparsa
2453 5419 2802 5481 argumenta
2847 5408 2942 5481 lib.
2992 5425 3033 5467 ι.
3068 5408 3271 5466 νὶἀθτῖ
3300 5417 3484 5481 potest

1899 5494 2024 5551 cap.
2053 5481 2163 5535 Set
2190 5480 2278 5552 l2.
2311 5481 2416 5535 sub
2439 5480 2559 5546 ﬁn.,
2585 5482 2645 5535 it.
2679 5497 2803 5552 cap.
2837 5480 2928 5536 ξε.

1973 5550 2087 5622 (55)
2125 5550 2492 5623 ’A_6l¢_?_axtor.
2529 5550 2772 5623 Respicit
2799 5552 2867 5607 ad
2899 5553 3062 5623 paulo
3092 5560 3220 5623 ante
3249 5551 3483 5621 allegat:

1901 5639 1966 5678 ex
1989 5620 2110 5692 cap.
2137 5620 2225 5676 19.
2258 5620 2394 5676 Nam
2422 5624 2558 5694 alias
2583 5620 2707 5678 et‘c.
2738 5623 2810 5680 ΞΟ
2845 5620 2914 5678 ρι’
2937 5640 3058 5694 sqq.
3091 5621 3226 5677 varii
3260 5620 3487 5692 Apollo-

1899 5694 1976 5749 nii
2025 5699 2390 5768 praeceptores
2432 5693 2767 5768 referuntur,
2802 5693 3038 5768 quorum
3081 5700 3135 5751 et
3163 5694 3329 5765 paulo
3357 5696 3494 5763 post.

1903 5764 2046 5836 apud
2082 5771 2331 5821 nostrum
2359 5766 2583 5822 mentio.

2962 5869 3042 5931 26
