3856 6222
395 255 496 316 811

1047 259 1313 315 EUSEBll
1357 257 1838 316 CAESARIENSIS
1876 257 2026 315 OPP.
2057 256 2253 316 PARS.
2292 258 2356 314 ll.
2395 287 2468 301 --
2502 255 2997 314 APOLOGETlCA.

3527 245 3646 302 8η

394 376 458 432 Et
491 392 706 433 rursum
733 376 754 408 '
782 377 836 430 in
888 375 1186 447 IEsculapii
1222 378 1425 448 templo
1456 393 1488 432 a
1519 376 1630 432 Deo
1655 375 1956 433 honoriﬁce

2082 391 2160 428 του
2190 375 2351 445 φῦναι
2407 375 2566 430 αὐτὸν
2609 374 2668 440 ὲξ
2712 372 2884 443 αὐτῆς
2937 367 3222 439 γενέσεως,
3256 361 3352 420 καὶ
3397 364 3466 417 δι’
3509 364 3645 434 ὅλης

394 484 521 524 eum
550 468 796 524 habitum
823 467 974 541 [ait];
1000 477 1054 524 et
1081 485 1264 524 rerum
1318 468 1625 522 fulurarum
1650 468 1957 532 scientiam,

393 560 514 617 sine
571 560 911 615 institutione
959 577 990 614 a
1036 575 1205 631 puero
1252 559 1556 613 habuisse:
1612 559 1960 628 humanaque

391 646 680 702 manifeste
694 646 1130 701 excellentiorem
1150 644 1306 715 517
1321 655 1538 700 nactum
1565 647 1800 702 indolem
1817 665 1959 718 esse,

393 737 579 791 statim
615 738 683 791 ab
712 737 843 806 ipsis
875 735 1172 799 natalibus,
1210 751 1304 804 per
1347 745 1515 791 totam
1545 753 1761 808 quoque
1790 740 1961 795 histo-

2059 469 2192 539 ἡμῖν
2235 467 2335 537 τῆς
2385 466 2624 538 ἱστορίας
2659 465 2985 536 ὑπογράφει.
3019 460 3291 521 Λύσαντος
3330 456 3461 525 γοῦν
3510 457 3643 508 ἑαυ-

2059 560 2151 612 τόν
2190 577 2318 612 ποτε
2361 560 2469 612 ἀπὸ
2505 558 2612 611 τῶν
2639 557 2887 628 δεσμῶν,
2920 554 3176 624 ἐπιφέρει
3208 551 3414 618 λέγων’
3451 566 3473 598 ι
3501 546 3646 600 Τότε

2061 649 2274 720 πρῶτον
2301 649 2330 699 ὁ
2363 649 2534 720 Δάμις
2568 647 2730 716 φησὶν
2761 643 3004 715 ἀκριϐῶς
3043 641 3277 706 ξυνεῖναι
3306 637 3404 706 τῆς
3447 633 3646 687 Ἀπολ·

2060 738 2253 792 λωνίου
2287 737 2530 807 φύσεως,
2558 738 2640 791 ὅτι
2661 735 2778 788 θεία
2810 751 2870 786 τε
2903 732 2988 804 εἴη
3016 731 3111 785 καὶ
3137 728 3398 800 κρείττων
3429 721 3650 794 ἀνθριῦ⁴

393 830 529 883 riam
576 829 787 883 scribit.
837 829 1082 894 Cumque
1129 828 1268 882 adeo
1309 829 1540 883 vinculis
1579 844 1636 883 se
1670 831 1961 897 aliquando

2082 848 2180 884 του.
2217 829 2308 901 Μὴ
2340 829 2448 900 γὰρ
2471 829 2708 882 θύσαντα
2731 845 2780 880 τι
2811 824 2950 896 (πῶς
2983 825 3089 895 γὰρ
3115 826 3171 876 ὲν
3202 815 3568 890 δεσμωτηρίῳ
3585 816 3651 881 ς),

395 911 755 977 exsolvisset,
805 913 1085 981 sequentia
1145 913 1423 983 subjungit
1474 916 1637 970 verba
1673 916 1693 947 °
1720 932 1733 968 :
1764 933 1783 966 ι
1819 915 1966 970 Tum

393 1003 628 1070 primum
651 1017 728 1065 se,
767 1000 971 1068 Darnis,
1001 1004 1260 1074 penitius,
1293 1007 1387 1070 ait,
1420 1004 1690 1074 Apollonii
1720 1007 1956 1063 indolem

393 1093 758 1162 perspexisse,
786 1108 980 1162 nempe
1017 1094 1201 1148 divina
1229 1096 1374 1165 quod
1398 1106 1566 1162 esset,
1612 1105 1666 1152 et
1721 1097 1959 1152 humana

392 1183 764 1237 excellentior.
789 1183 975 1254 Neque
1003 1187 1145 1240 enim
1166 1188 1339 1242 sacris
1377 1187 1631 1256 peractis,
1665 1187 1959 1258 (quomodo

394 1271 450 1326 id
479 1274 623 1327 enim
659 1273 712 1327 in
737 1274 986 1330 custodia
1005 1277 1269 1346 potuisset
1293 1277 1333 1348 ?)
1357 1292 1534 1346 neque
1554 1279 1959 1348 precationibus

395 1377 575 1427 usum,
608 1379 783 1432 neque
823 1364 1106 1419 verbulum
1160 1365 1519 1434 emittentem,
1569 1368 1787 1423 vincula
1833 1384 1959 1424 eum

383 1449 629 1509 ludibrio
677 1455 1004 1510 habuisse.»
1071 1453 1185 1510 Sub
1242 1455 1405 1510 ﬁnem
1465 1473 1592 1513 vero
1649 1459 1956 1527 historiae’,

389 1562 663 1618 nusquam
694 1549 935 1619 gentium
962 1548 1275 1620 sepulcrum
1315 1549 1437 1619 ejus
1463 1550 1698 1605 inveniri
1739 1553 1956 1620 scribit,

2064 922 2196 992 μηδὲ
2220 921 2531 992 εὐξάμενον,
2561 921 2694 993 μηδὲ
2729 919 2948 972 εἰπόντα
2986 913 3197 986 (56-57)
3233 929 3317 976 τι,
3349 908 3653 975 κατικγελά.⁸

2067 1029 2156 1065 σαι
2185 1013 2278 1065 τοῦ
2317 1012 2537 1084 δεσμοῦ.
2571 1032 2588 1063 ι
2626 1011 2748 1065 Ἐστι)¹
2775 1010 2995 1079 τελευτῇ
3030 1008 3087 1060 δὲ
3108 1046 3122 1070 ,
3150 1005 3320 1074 τάφον
3355 1003 3451 1072 μὲν
3479 996 3655 1052 αὐτοῦ

2064 1101 2308 1175 μηδόλως
2342 1122 2430 1158 ποι
2464 1105 2566 1175 γῆς
2599 1102 2951 1175 εὑρίσκεσθαι
2973 1141 2987 1167 ,
3024 1098 3269 1170 χωρῆσαι
3303 1095 3361 1147 δὲ
3395 1095 3456 1155 ες
3479 1093 3656 1162 οὐρα-

2062 1193 2153 1245 νὺν
2205 1194 2352 1264 αὐτῷ
2408 1193 2618 1264 σώματι
2677 1192 2794 1263 μεθ’
2842 1189 3036 1260 ὓμνων,
3069 1186 3165 1244 καὶ
3211 1180 3428 1253 χορείας
3472 1177 3656 1245 λέγει.

2062 1287 2301 1350 Εἰκότως
2330 1286 2392 1358 δὴ
2420 1282 2513 1340 οὖν
2535 1327 2548 1350 ,
2576 1279 2663 1338 οἷα
2689 1285 2778 1336 τὸν
2804 1281 3077 1342 τοσοῦτον,
3109 1296 3128 1328 ι
3155 1275 3430 1344 θειότερον
3475 1269 3510 1341 ἢ
3541 1270 3658 1321 Πυ-

2064 1378 2298 1451 θαγόρας
2325 1420 2340 1444 ,
2369 1377 2737 1450 Ἐμπεδοκλῆς
2756 1393 2815 1428 τε
2839 1374 2932 1428 καὶ
2961 1372 3206 1431 Πλάτων,
3239 1363 3533 1436 φιλοσοφίᾳ
3560 1359 3659 1413 τὸν

2067 1469 2232 1542 ἄνδρα
2293 1469 2757 1542 προσεληλυθέναι
2819 1465 3004 1536 φησίν.
3075 1481 3095 1514 ι
3141 1456 3350 1514 Οὐκοῦν
3403 1455 3472 1506 ὲν
3511 1451 3661 1512 θεοῖς

2066 1563 2197 1632 ἡμῖν
2227 1561 2628 1633 ἀναγεγράφθω
2656 1562 2684 1613 ὁ
2712 1558 3014 1628 ἄνθρωπος.

389 1643 621 1713 ipsoque
681 1659 910 1714 corpore
965 1646 1020 1698 in
1081 1645 1280 1699 cmlum
1329 1660 1453 1700 eum
1511 1646 1657 1700 inter
1721 1648 1953 1705 choreas
1991 1653 2193 1711 abiisse
2221 1657 2264 1709 ⁸.
2310 1656 2504 1711 Merito
2534 1670 2658 1710 eum
2699 1653 2885 1723 igitur,
2935 1649 3135 1720 quippe
3188 1652 3375 1698 tantus
3407 1638 3506 1710 qui
3561 1635 3662 1696 sit.

397 1755 418 1790 ι
451 1739 623 1810 magis
671 1739 853 1794 divine
898 1755 1060 1812 quam
1125 1740 1485 1811 Pythagoras,
1549 1741 2015 1816 Empedoclesque
2050 1759 2105 1805 et
2146 1751 2324 1819 Plato,
2381 1751 2450 1806 ad
2500 1748 2900 1820 philos0phiam
2949 1745 3024 1798 ait
3076 1738 3377 1796 accessisse
3406 1736 3455 1790 '.
3522 1750 3553 1783 ι’
3601 1727 3669 1781 In

391 1833 617 1892 deorum
640 1835 822 1907 itaque
845 1851 1070 1894 censum
1095 1839 1253 1893 nobis
1287 1838 1470 1893 veniat
1499 1839 1682 1895 homo.

995 1943 1225 2006 CAPUT
1271 1950 1362 2006 1x.
1999 1970 2042 2024 Β

461 2041 616 2098 Absit
661 2041 860 2097 invidia
897 2057 1112 2112 quoque
1133 2057 1163 2095 a
1186 2043 1495 2113 linguarum
1524 2043 1809 2109 omnium,
1841 2061 1964 2116 quae

2602 1947 2999 2007 ΚΕΦΑΛΑῙΟΝ
3046 1944 3124 1999 ϐ’.

2129 2047 2280 2102 Καὶὸ
2298 2047 2488 2116 φθόνος
2513 2046 2732 2099 ἀπέστω
2759 2043 2858 2112 τῆς
2877 2039 2985 2092 τῶν
3016 2034 3206 2107 φωνῶν
3240 2030 3467 2086 ἁπασῶν
3497 2029 3680 2084 αὐτο--

393 2142 588 2204 sponte
605 2132 654 2188 ei
694 2134 1118 2204 venitnulloque
1155 2142 1433 2205 praeeunte
1462 2136 1746 2207 magistro,
1777 2139 1964 2207 cogni-

390 2226 541 2278 tione
574 2224 637 2278 ιο.
662 2223 742 2278 Ad
783 2225 910 2294 quid
941 2226 1104 2297 igitur
1135 2225 1193 2279 in
1225 2226 1469 2281 scholam
1496 2242 1622 2281 eum
1650 2227 1870 2282 deducit
1895 2228 1962 2294 “,

390 2326 554 2388 atque
577 2318 654 2371 illi
671 2318 765 2388 qui
792 2319 994 2373 nullam
1013 2317 1241 2374 edoctus
1287 2326 1372 2374 est
1421 2320 1665 2390 linguam
1702 2320 1960 2387 detrahit,

392 2411 551 2481 quasi
582 2426 684 2464 usu
750 2417 804 2464 et
856 2411 1119 2466 exercitio
1169 2426 1280 2466 non
1310 2427 1437 2467 vero
1478 2419 1676 2466 natura
1726 2412 1964 2466 Atticam

388 2504 756 2573 eloquentiam
787 2501 858 2557 sit
883 2505 1209 2559 assecutus?
1238 2503 1441 2574 Nempe
1467 2505 1563 2568 ait,
1603 2523 1622 2556 ι
1651 2503 1962 2558 ιιάαξιοιθιῐι

390 2595 484 2650 ubi
507 2595 862 2664 pervenisset,
910 2595 1213 2650 litterarum
1261 2595 1567 2650 doctrinam
1617 2611 1741 2649 eum
1768 2605 1822 2650 et
1855 2611 1968 2651 me—

389 2686 580 2742 moria:
622 2685 732 2739 vim
787 2685 1062 2754 studiique
1121 2685 1479 2754 pertinaciam
1525 2684 1872 2753 patefecisse,
1908 2692 1962 2740 et

387 2776 576 2848 lingua
608 2790 734 2830 esse
771 2775 950 2829 Attica
993 2790 1173 2830 usum.
1221 2795 1240 2828 ι
1300 2775 1468 2829 ltem:
1510 2794 1528 2825 ι
1557 2775 1748 2830 Annos
1805 2784 1968 2832 natus

395 2883 515 2932 riv,
552 2866 786 2921 Tarsum
838 2881 869 2920 a
895 2873 1118 2936 parente
1150 2864 1421 2920 deductus
1450 2873 1535 2920 est
1591 2865 1660 2919 ad
1693 2865 1969 2937 Euthyde-

390 2973 564 3023 mum,
620 2956 905 3012 Phoenicia
935 2957 1252 3022 oriundum,
1302 2959 1393 3028 qui
1415 2959 1604 3013 rhetor
1641 2959 1819 3013 bonus
1851 2965 1970 3014 erat

389 3048 654 3118 illumque
687 3047 966 3102 instituit:
1004 3062 1240 3118 eumque
1275 3050 1364 3104 ille
1400 3050 1834 3120 amplectebatur
1852 3065 1968 3104 ma-

390 3140 643 3209 gistrum.
684 3138 904 3193 »Ρυιτο
935 3154 947 3189 :
978 3157 996 3189 ι
1027 3139 1161 3193 Cum
1193 3141 1288 3195 illo
1325 3142 1679 3212 philosophia:
1705 3143 1973 3196 vacabant

389 3227 636 3285 Platonis
691 3237 746 3282 et
801 3229 1094 3300 Chrysippi
1135 3240 1454 3296 sectatores,
1497 3240 1551 3288 et
1600 3231 1968 3302 Peripatetici.

2063 2138 2229 2208 φυοῦς
2261 2139 2355 2192 καὶ
2405 2136 2785 2192 αὐτοδιδάκτου
2842 2131 3124 2196 ξυνέσεως,
3167 2127 3232 2179 Τί
3268 2126 3405 2196 δῆτα
3444 2119 3545 2176 οὖν
3605 2123 3668 2184 ἐς

2065 2230 2384 2284 διδασκάλου
2429 2231 2552 2297 ἄγει
2593 2226 2703 2298 (58)
2733 2225 2915 2287 αὐτὸν,
2947 2221 3151 2275 καὶτὸν
3177 2217 3446 2290 μηδεμίαν
3473 2215 3672 2286 φωνὴν

2067 2319 2743 2394 μεμαθηκόταδιαὸἀλλει,
2781 2315 2936 2379 ὡςᾶν
2965 2313 3024 2379 ἐξ
3083 2313 3370 2382 ἀσκήσεως
3430 2309 3530 2363 καὶ
3573 2324 3671 2378 με·

2063 2414 2246 2483 λέτης,
2282 2411 2395 2465 ἀλλ’
2430 2411 2531 2464 οὐκ
2578 2411 2641 2462 ἐκ
2679 2407 2896 2477 φύσεως
2937 2404 3178 2456 Ἀττικὸν
3219 2401 3516 2470 γενόμενον
3561 2399 3669 2468 τὴν

2064 2506 2338 2573 γλῶτταν;
2361 2503 2500 2574 Φησὶ
2522 2500 2630 2572 γὰρ
2651 2541 2667 2567 ,
2701 2500 2797 2562 ὡς,
2819 2517 2837 2548 ι
2871 2495 3074 2567 προῖὼν
3116 2495 3172 2556 ὲς
3195 2492 3413 2563 ἠλικίαν
3433 2530 3448 2554 ,
3468 2489 3668 2560 γράμ-

2071 2599 2216 2669 ματά
2263 2613 2321 2649 τε
2385 2594 2493 2664 (59)
2524 2593 2618 2646 καὶ
2639 2592 2858 2663 μνήμης
2891 2589 3040 2658 ἰσχὺν
3069 2584 3276 2654 ἐδήλου,
3307 2582 3403 2669 καὶ
3428 2580 3670 2651 μελέτης

2067 2668 2289 2760 κράτος·
2327 2687 2422 2740 καὶ
2446 2687 2479 2755 ἡ
2507 2684 2721 2753 γλῶττα
2744 2680 2891 2750 αὐτῷ
2922 2679 3030 2749 (60)
3058 2674 3317 2737 Ἀττικῶς
3343 2668 3484 2742 εἶχε.
3518 2670 3671 2723 »Καὶ

2076 2799 2094 2832 ι
2128 2779 2397 2848 Γεγονότα
2444 2777 2502 2830 δὲ
2548 2775 2706 2828 αὐτὸν
2744 2773 2835 2843 ἔτη
2885 2766 3400 2839 τεσσαρεσκαίδεκα,
3439 2764 3567 2829 ἄγει
3609 2765 3672 2824 ὲς

2069 2873 2316 2944 Ταρσοὺς
2332 2873 2359 2922 ὁ
2385 2867 2588 2939 πατὴρ,
2608 2865 2740 2934 παρ’
2768 2862 3083 2931 Εὐθύδημον
3101 2859 3191 2911 τὸν
3217 2858 3281 2908 ἐκ
3298 2855 3581 2923 Φοινίκης,
3605 2853 3669 2914 ὃς
3690 2872 3693 2873 ν

2074 2943 2257 3035 ῥήτωρ
2285 2978 2344 3013 τε
2374 2959 2575 3028 ἀγαθὸς
2605 2953 2694 3028 ἦν,
2719 2957 2813 3009 καὶ
2832 2953 3082 3006 ἐπαίδευε
3108 2949 3312 3002 τοῦτον·
3335 2950 3362 3000 ὁ
3393 2946 3451 2998 δὲ
3473 2944 3578 3035 toﬁ,
3595 2943 3667 2996 δι-

2070 3034 2338 3108 δασκάλου
2362 3052 2534 3120 εἴχετο
2550 3067 2562 3079 ·
2601 3068 2619 3099 ›
2640 3044 2756 3099 εἶτα
2772 3064 2786 3076 ·
2821 3065 2838 3096 ι
2869 3039 3328 3111 Ξυνεφιλοσὸφουν
3350 3035 3502 3104 αὐτῷ
3518 3034 3664 3086 Πλα-

2071 3143 2280 3198 τώνειοί
2315 3159 2374 3194 τε
2404 3142 2497 3194 καὶ
2536 3138 2903 3211 Χρυσίππειοι
2927 3176 2941 3200 ,
2967 3135 3060 3188 καὶ
3087 3133 3136 3185 οἱ
3160 3130 3268 3185 ἀπὸ
3294 3129 3389 3182 τοῦ
3413 3127 3666 3198 Περιπά-

2073 3254 2188 3292 του.
2232 3235 2461 3305 Διήκουε
2513 3231 2622 3302 (6i)
2658 3231 2716 3283 δὲ
2766 3230 2858 3282 καὶ
2899 3226 3009 3280 τῶν
3065 3221 3390 3293 Ἐπικούρου
3443 3219 3664 3286 λόγων·

391 3321 701 3389 Quinetiam
730 3321 949 3391 Epicuri
991 3321 1243 3391 dogmata
1297 3323 1506 3377 audivit
1537 3339 1549 3374 :
1584 3339 1762 3393 neque
1819 3325 1964 3379 enim

2082 3327 2186 3381 ιύδὲ
2232 3328 2341 3399 γὰρ
2380 3326 2601 3389 τούτους
2657 3317 3058 3383 ἀπεσπούδαζε.
3114 3317 3252 3377 Τοὺς
3301 3313 3358 3366 δὲ
3412 3310 3670 3379 Πυθαγρ-

391 3416 498 3470 ista
523 3412 778 3482 neglexit.
834 3411 1196 3482 Pythagorica
1246 3429 1376 3469 vero
1421 3415 1682 3469 inell‘abili
1729 3415 1965 3485 quadam

392 3504 592 3558 mentis
614 3507 666 3558 vi
703 3505 1135 3572 comprehendit.
1166 3524 1184 3556 ι
1231 3503 1364 3558 Tam
1399 3505 1573 3572 varia,
1628 3506 1722 3575 qui
1756 3506 1967 3560 nullum

390 3595 590 3666 linguae
617 3595 782 3650 ullius
809 3596 1127 3665 magistrum
1168 3595 1377 3657 habuit,
1423 3595 1714 3665 divinaque
1741 3597 1967 3661 virtute,

391 3687 557 3742 etiam
583 3701 703 3756 qua:
733 3686 953 3740 silentio
979 3691 1233 3754 premunt
1259 3685 1530 3747 homines,
1560 3693 1687 3740 ante
1719 3683 1968 3740 animad-

389 3778 554 3834 vertit
583 3779 649 3845 η,
680 3792 815 3833 usus
845 3786 1024 3832 tamen
1054 3775 1394 3831 institutione
1415 3774 1538 3829 fuit.

928 3884 1091 3955 513
1127 3883 1353 3940 CAPUT
1394 3883 1461 3937 χ.

415 3987 422 3995 “
461 3981 831 4038 Philostratus
861 3996 1014 4046 vero,
1049 3991 1245 4034 rursus
1273 3977 1578 4046 interiectis
1623 3981 1969 4050 quibusdam,

393 4089 520 4130 eum
546 4073 786 4139 extollit,
823 4071 984 4143 quod
1029 4073 1098 4125 ad
1139 4083 1392 4141 magnam
1441 4067 1638 4138 lingua:
1683 4070 1968 4126 brutorum

393 4170 751 4224 animantium
781 4167 1150 4239 cognitionem
1184 4161 1533 4236 pervenerit;
1563 4166 1850 4234 pergitque
1877 4166 1963 4220 di-

392 4260 664 4316 cendo”:
705 4278 724 4312 ι
775 4259 1158 4330 Cognitionem
1207 4256 1372 4311 etiam
1421 4251 1623 4322 lingua:
1675 4255 1962 4312 brutorum

465 4415 488 4447 '
526 4415 621 4470 lib.
659 4431 708 4480 1,
743 4429 794 4469 c.
827 4413 882 4469 9..
957 4413 980 4444 ⁸
1017 4413 1112 4466 lib.
1145 4427 1256 4476 v11,
1291 4427 1342 4466 c.
1379 4412 1467 4468 '58.
1542 4413 1563 4444 "
1604 4411 1698 4466 lib.
1733 4426 1870 4475 vni,
1901 4410 1990 4464 5|.

391 4485 437 4518 ί¹
476 4485 574 4542 lib.
607 4501 659 4551 1,
695 4501 745 4541 c.
779 4486 834 4539 7.
875 4514 888 4532 ρ
949 4485 992 4515 ³⁸
1032 4483 1124 4537 lib.
1164 4499 1214 4548 ι,
1251 4498 1299 4537 c.
1336 4484 1422 4538 l9.
1502 4483 1545 4514 ¹³
1586 4483 1680 4538 lib.
1719 4497 1766 4547 1,
1809 4497 1860 4538 c.
1903 4481 1993 4536 20.

467 4643 876 4728 (56-57)1Μῃδὲ
914 4643 1247 4728 εὐξάμεῖρν
1266 4644 1421 4728 μῃδὲ
1439 4643 1683 4728 elarger
1713 4636 1970 4728 τιὶᾼρυά
2001 4655 2046 4712 D

391 4711 872 4784 Philostﬂlegitur
911 4715 1029 4784 μηδ’
1062 4711 1359 4784 εὐξάμενον
1379 4732 1430 4784 τι
1465 4713 1598 4783 μηδὲ
1625 4711 1862 4764 εἰπόντα.

467 4785 579 4855 (5⁸)
618 4779 1130 4855 ,Ἐςῖδιδαὸῖκᾶλου
1177 4779 1324 4855 ἄγει.
1375 4779 1589 4855 Sttbiiit.
1620 4779 1971 4855 sponsam-1i}-

394 4849 510 4927 ριον
548 4849 634 4927 vel
679 4853 974 4927 talequid,
1007 4863 1135 4907 nota
1178 4849 1233 4909 et
1265 4849 1725 4927 frequentissima
1768 4849 1972 4904 Graecis

393 4919 572 4994 ellipsi
590 4962 606 4987 ,
661 4924 803 4994 apud
831 4919 1252 4980 "Philostratum
1284 4919 1610 4994 identidem
1638 4919 1967 4994 _observata.

391 4989 636 5065 Respicit
661 4989 845 5065 autem
871 4995 937 5048 ad
970 4993 1298 5065 Euthydemi
1320 4994 1596 5065 scholam,
1636 4991 1693 5046 in
1717 5005 1825 5065 qua
1855 4989 1971 5043 elo-

389 5059 872 5188 g;;?li:)l;:af3udiis
897 5059 1152 5135 operatus
1199 5073 1283 5120 est
1302 5062 1647 5133 Apollonius,
1694 5059 1968 5116 referente

453 5141 749 5191 iilostrato.

462 5203 578 5276 (59)
605 5203 926 5274 Γράμματά
938 5221 1021 5258 τε.
1052 5203 1367 5259 Philostrati
1383 5202 1515 5276 editi
1538 5200 1811 5256 habebant
1839 5191 1968 5276 ἐν’-ᾗ

390 5268 696 5346 γράμματά
716 5268 925 5346 omisso
956 5291 1040 5346 τε,
1070 5276 1216 5346 quod
1242 5276 1401 5343 plane
1438 5274 1604 5326 alium
1639 5286 1861 5325 sensum
1889 5268 1971 5322 fa:

389 5344 470 5415 cit
501 5344 516 5399 ἑ
547 5344 743 5415 nempe
764 5344 1113 5414 Apollonium
1143 5345 1213 5399 ad
1249 5351 1463 5399 aetatem
1489 5349 1828 5415 provectum,
1859 5355 1968 5408 qua

389 5414 605 5469 institui
635 5411 830 5470 litteris
864 5415 1094 5484 juvenes
1128 5416 1306 5470 solent
1339 5411 1616 5468 memoria:
1649 5411 1755 5484 vim
1789 5417 1843 5462 et
1865 5424 1969 5462 caa-

386 5493 631 5538 terarum
656 5481 945 5556 virtutum,
975 5501 1114 5556 quas
1138 5485 1206 5540 ad
1233 5484 1554 5540 intellectum
1583 5481 1847 5547 referunt,
1879 5493 1968 5532 ar-

387 5564 647 5625 gumenta
672 5554 910 5621 dedisse.

460 5623 572 5694 (60)
627 5625 817 5692 Αὐτῷ.
867 5620 1153 5683 Omittitur
1207 5628 1353 5699 apud
1403 5625 1799 5682 Philostratum
1858 5620 1962 5676 hoc

385 5707 710 5766 pronomen.

2074 3422 2251 3494 ρείους
2297 3421 2406 3492 (62)
2443 3420 2666 3493 ἀρρήτῳ
2695 3415 2816 3468 τιν).
2862 3411 3024 3482 σοφίᾳ
3064 3409 3175 3476 (65)
3202 3405 3602 3474 ξυνελάμϐανε.
3643 3423 3663 3454 ι

2074 3510 2327 3563 Τοσαῦτα
2355 3511 2383 3561 ὁ
2413 3507 2681 3580 μηδεμίαν
2715 3501 2900 3575 μαθὼν
2930 3499 3143 3570 φωνὴν,
3171 3496 3289 3568 θείᾳ
3318 3513 3377 3548 τε
3405 3494 3665 3564 δυνάμει,

2081 3620 2100 3654 ι
2118 3601 2154 3656 ὃ.
2177 3600 2271 3654 καὶ
2291 3599 2563 3652 σιωπῶσιν
2577 3594 2672 3651 ἄνθ
2680 3609 2852 3667 ρωποι
2876 3610 2894 3642 ›
2921 3586 3228 3661 προλαϐὼν,
3257 3583 3667 3653 ὲξεπαιδεύετο.

2618 3879 3011 3936 ΚΕΦΑΔΑῙΟΝ
3051 3879 3106 3931 l'.

2155 3982 2212 4036 '0
2236 3980 2314 4045 δὲ,
2334 3975 2594 4033 διαλιπὼν
2615 3972 2788 4039 αὖθις,
2817 3972 2976 4025 αὐτὸν
3000 3966 3268 4040 θαυμάζει
3295 3965 3405 4037 (6-1)
3438 3966 3496 4027 ὲς
3535 3964 3668 4017 ὅσον

2070 4072 2334 4140 ξυνέσεως
2362 4071 2462 4140 τῆς
2499 4069 2614 4121 ’τῶν
2657 4065 2810 4137 ζῴων
2849 4063 3031 4132 φωνῆς
3073 4056 3236 4131 ἦλθεο
3272 4057 3367 4110 καὶ
3402 4055 3668 4126 ἐπιφέρει

2067 4166 2240 4234 λέγων
2263 4180 2275 4191 ·
2311 4181 2328 4213 ι
2353 4159 2468 4214 Καὶ
2495 4161 2553 4222 ὲς
2585 4156 2794 4223 ξύνεσιν
2820 4153 2876 4206 δὲ
2906 4153 3018 4223 (65)
3068 4151 3170 4218 τῆς
3200 4149 3308 4201 τῶν
3354 4146 3512 4216 ζῴων
3545 4164 3668 4214 φω-

2069 4255 2166 4325 νῆς
2184 4248 2333 4324 ἦλθε.
2366 4247 2574 4320 Ἔμαθε
2597 4245 2706 4319 (66)
2728 4245 2784 4298 δὲ
2819 4242 2978 4296 τοῦτο
3007 4240 3094 4293 διὰ
3125 4239 3233 4291 τῶν
3276 4235 3526 4308 ’Δρὰὅων
3550 4235 3668 4307 (67)

2066 4409 2087 4441 ⁸
2126 4408 2224 4463 lib.
2255 4420 2390 4471 vui,
2427 4403 2518 4458 50.
2593 4402 2614 4433 ⁹
2654 4399 2748 4454 lib.
2803 4415 2856 4466 1,
2901 4412 2954 4452 c.
3002 4397 3061 4453 2.
3159 4393 3205 4426 ¹⁹
3239 4394 3336 4450 lib.
3368 4410 3423 4458 ι,
3460 4407 3512 4448 c.
3570 4391 3662 4446 19.

2169 4634 2256 4706 61)
2290 4634 2561 4706 Διήκουεἶ
2589 4630 2747 4701 Apud
2768 4628 3140 4706 Pliilostrlest
3159 4628 3433 4697 διήκουσε.

2169 4634 2256 4706 61)
2290 4634 2557 4701 Διήκουε.
2589 4634 2747 4701 Apud
2768 4634 3029 4686 Philostr.
3057 4639 3140 4684 est
3159 4634 3433 4697 διήκουσε.

2145 4634 2458 4778 (62)4Τοὺς
2501 4702 2570 4755 δὲ
2612 4706 2760 4778 llud.
2815 4702 2973 4778 Apud
3016 4699 3276 4778 Philostr.
3317 4709 3416 4778 est
3444 4693 3575 4755 τοὺς

2073 4765 2350 4840 τε“Πύθ.,
2387 4765 2487 4846 pro
2540 4788 2649 4844 quo
2696 4773 2755 4825 in
2815 4765 2974 4826 codd.
3027 4785 3162 4824 mss.
3212 4765 3496 4836 legebatur
3530 4766 3664 4825 τοὺς

2073 4847 2131 4900 δέ
2171 4864 2256 4900 γε.

2167 4903 2258 4984 65)
2288 4915 2495 4983 Σοφίᾳ.
2522 4911 2838 4984 Philostrati
2873 4909 3005 4984 editi
3039 4909 3200 4984 male,
3229 4903 3546 4984 φιλοσρφίᾳ.

2167 4917 2258 4984 65)
2288 4917 2495 4983 Σοφίᾳ.
2522 4917 2838 4968 Philostrati
2873 4917 3005 4966 editi
3039 4917 3200 4972 male,
3229 4917 3546 4975 φιλοσοφίᾳ.

2145 4917 2595 5058 (64)Διᾳλιπὼν-
2616 4983 2807 5048 αὖθις,
2836 4979 3034 5058 *αὐτὸν
3080 4983 3275 5058 ﬂung;
3302 4974 3442 5058 Male
3480 4973 3663 5058 lq‘cata

2070 5056 2130 5128 in
2149 5042 2637 5128 editis_distinctio
2679 5042 2929 5107 nonnihil
2959 5042 3321 5128 obscuritatis
3347 5045 3431 5128 his
3479 5042 3663 5128 0113;...

2076 5127 2260 5182 debat.
2299 5124 2502 5195 Nempe
2530 5125 2710 5178 minus
2740 5121 3023 5178 commode
3052 5120 3130 5172 illi
3163 5137 3175 5170 :
3205 5112 3480 5168 Διαλιπὼν
3504 5112 3659 5174 αὖθις

2078 5197 2261 5261 αὐτὸν,
2293 5195 2585 5265 θαυμάσει.

2149 5249 2262 5337 (65)
2292 5249 2412 5337 Καί
2426 5267 2491 5330 ἐς
2510 5264 2780 5337 ξύνεσιν
2805 5259 2892 5318 δέ.
2913 5257 3202 5315 Ρπιίουιεε
3228 5255 3322 5310 καί
3343 5263 3399 5310 et
3418 5252 3480 5306 δέ
3511 5249 3655 5319 apud

2077 5334 2343 5394 Philostr.
2371 5334 2771 5389 desiderantur.

2148 5387 2536 5477 (eamme
2582 5403 2725 5456 Editi
2773 5401 2866 5454 καὶ
2908 5399 3099 5477 ἔμαθε.
3154 5397 3325 5477 οωῑερ
3371 5392 3466 5477 καί
3507 5387 3652 5477 φιρά

2077 5461 2221 5546 apud
2243 5461 2658 5530 [Philostratum
2710 5461 2952 5542 quoque'
2974 5471 3240 5524 omissum
3284 5461 3656 5534 deprehende-
3687 5461 3702 5500 ἒ

2296 5616 2397 5670 Διὰ
2416 5614 2534 5672 τῶν
2569 5613 2846 5684 Ἀρά-ϐων.
2876 5608 3159 5675 Philostr.,
3177 5604 3266 5660 διὰ
3294 5602 3519 5657 τουτωνὶ
3548 5599 3655 5649 τῶν
3688 5573 3698 5588 ³

2151 5704 2216 5741 aa
2277 5703 2350 5739 ων

2147 5703 2350 5756 ραοιων
