  <div class='ocr_page' id='page_1' title='image "/cluster/home/n/w/nwhite01/storage/ocr_20150623/22/nnc1.0046978372/450.png"; bbox 0 0 3856 6222; ppageno 0'>
   <div class='ocr_carea' id='block_1_1' title="bbox 236 243 358 308">
    <p class='ocr_par' dir='ltr' id='par_1_1' title="bbox 236 243 358 308">
     <span class='ocr_line' id='line_1_1' title="bbox 236 243 358 308; baseline 0.016 -2"><span class='ocrx_word' id='word_1_1' title='bbox 236 243 358 308; x_wconf 69' lang='grc'><strong>813</strong></span> 
     </span>
    </p>
   </div>
   <div class='ocr_carea' id='block_1_2' title="bbox 1390 225 2370 303">
    <p class='ocr_par' dir='ltr' id='par_1_2' title="bbox 1390 225 2370 303">
     <span class='ocr_line' id='line_1_2' title="bbox 1390 225 2370 303; baseline -0.003 -2"><span class='ocrx_word' id='word_1_2' title='bbox 1390 236 1592 302; x_wconf 75' lang='lat' dir='ltr'><strong>Lmen</strong></span> <span class='ocrx_word' id='word_1_3' title='bbox 1631 244 1914 302; x_wconf 67' lang='lat' dir='ltr'><strong>comma</strong></span> <span class='ocrx_word' id='word_1_4' title='bbox 1953 225 2370 303; x_wconf 72' lang='lat' dir='ltr'><strong>ﬂlE-ROCLEM.</strong></span> 
     </span>
    </p>
   </div>
   <div class='ocr_carea' id='block_1_3' title="bbox 3429 231 3536 308">
    <p class='ocr_par' dir='ltr' id='par_1_3' title="bbox 3429 231 3536 308">
     <span class='ocr_line' id='line_1_3' title="bbox 3429 231 3536 308; baseline 0.009 -2"><span class='ocrx_word' id='word_1_5' title='bbox 3429 231 3536 308; x_wconf 70' lang='lat' dir='ltr'><strong>sit</strong></span> 
     </span>
    </p>
   </div>
   <div class='ocr_carea' id='block_1_4' title="bbox 236 362 1843 442">
    <p class='ocr_par' dir='ltr' id='par_1_4' title="bbox 236 365 1837 442">
     <span class='ocr_line' id='line_1_4' title="bbox 236 365 1837 442; baseline -0.004 -18"><span class='ocrx_word' id='word_1_6' title='bbox 236 367 633 442; x_wconf 77' lang='grc' dir='ltr'>πορευόμενος,</span> <span class='ocrx_word' id='word_1_7' title='bbox 661 367 862 438; x_wconf 74' lang='grc' dir='ltr'>ἄριστα</span> <span class='ocrx_word' id='word_1_8' title='bbox 881 365 1298 436; x_wconf 75' lang='grc' dir='ltr'><strong>γιγνωσκόντων</strong></span> <span class='ocrx_word' id='word_1_9' title='bbox 1336 381 1396 417; x_wconf 87' lang='grc' dir='ltr'><strong>τε</strong></span> <span class='ocrx_word' id='word_1_10' title='bbox 1438 365 1530 418; x_wconf 75' lang='grc' dir='ltr'>καὶ</span> <span class='ocrx_word' id='word_1_11' title='bbox 1567 367 1837 437; x_wconf 87' lang='grc' dir='ltr'>πραττόν-</span> 
     </span>
    </p>
   </div>
   <div class='ocr_carea' id='block_1_5' title="bbox 1951 362 3534 442">
    <p class='ocr_par' dir='ltr' id='par_1_5' title="bbox 1951 362 3534 434">
     <span class='ocr_line' id='line_1_5' title="bbox 1951 362 3534 434; baseline 0.002 -13"><span class='ocrx_word' id='word_1_12' title='bbox 1951 365 2300 421; x_wconf 77' lang='lat' dir='ltr'><strong>animantium</strong></span> <span class='ocrx_word' id='word_1_13' title='bbox 2335 363 2438 420; x_wconf 88' lang='lat' dir='ltr'><strong>sibi</strong></span> <span class='ocrx_word' id='word_1_14' title='bbox 2483 362 2845 434; x_wconf 74' lang='lat' dir='ltr'><strong>comparavit.</strong></span> <span class='ocrx_word' id='word_1_15' title='bbox 2878 362 2938 419; x_wconf 85' lang='lat' dir='ltr'><strong>Id</strong></span> <span class='ocrx_word' id='word_1_16' title='bbox 2978 377 3113 420; x_wconf 89' lang='lat' dir='ltr'><strong>vero</strong></span> <span class='ocrx_word' id='word_1_17' title='bbox 3146 365 3363 432; x_wconf 88' lang='lat' dir='ltr'><strong>didicit,</strong></span> <span class='ocrx_word' id='word_1_18' title='bbox 3401 367 3534 424; x_wconf 86' lang='lat' dir='ltr'><strong>dum</strong></span> 
     </span>
    </p>
   </div>
   <div class='ocr_carea' id='block_1_6' title="bbox 235 456 1841 532">
    <p class='ocr_par' dir='ltr' id='par_1_6' title="bbox 235 456 1841 532">
     <span class='ocr_line' id='line_1_6' title="bbox 235 456 1841 532; baseline -0.004 -15"><span class='ocrx_word' id='word_1_19' title='bbox 235 479 358 517; x_wconf 85' lang='grc' dir='ltr'><strong>των</strong></span> <span class='ocrx_word' id='word_1_20' title='bbox 384 461 516 516; x_wconf 76' lang='grc' dir='ltr'>αὐτό</span> <span class='ocrx_word' id='word_1_21' title='bbox 545 459 676 532; x_wconf 88' lang='grc'><strong>(68).</strong></span> <span class='ocrx_word' id='word_1_22' title='bbox 711 460 870 512; x_wconf 86' lang='grc' dir='ltr'>Ἔστι</span> <span class='ocrx_word' id='word_1_23' title='bbox 904 457 1014 528; x_wconf 91' lang='grc' dir='ltr'><strong>γάρ</strong></span> <span class='ocrx_word' id='word_1_24' title='bbox 1041 456 1150 510; x_wconf 85' lang='grc' dir='ltr'><strong>τῶν</strong></span> <span class='ocrx_word' id='word_1_25' title='bbox 1189 456 1459 528; x_wconf 82' lang='grc' dir='ltr'>Ἀραϐίων</span> <span class='ocrx_word' id='word_1_26' title='bbox 1499 457 1715 511; x_wconf 83' lang='grc' dir='ltr'>κύκνων</span> <span class='ocrx_word' id='word_1_27' title='bbox 1741 459 1841 530; x_wconf 65' lang='grc' dir='ltr'><strong>ἤδη</strong></span> 
     </span>
    </p>
   </div>
   <div class='ocr_carea' id='block_1_7' title="bbox 238 546 1844 623">
    <p class='ocr_par' dir='ltr' id='par_1_7' title="bbox 238 546 1844 623">
     <span class='ocr_line' id='line_1_7' title="bbox 238 546 1844 623; baseline -0.004 -16"><span class='ocrx_word' id='word_1_28' title='bbox 238 551 344 607; x_wconf 76' lang='grc' dir='ltr'><strong>καὶ</strong></span> <span class='ocrx_word' id='word_1_29' title='bbox 389 549 619 623; x_wconf 83' lang='grc' dir='ltr'>ὀρνίθων</span> <span class='ocrx_word' id='word_1_30' title='bbox 657 548 767 621; x_wconf 87' lang='grc'><strong>(69)</strong></span> <span class='ocrx_word' id='word_1_31' title='bbox 820 548 1242 618; x_wconf 80' lang='grc' dir='ltr'>μαντευομένων</span> <span class='ocrx_word' id='word_1_32' title='bbox 1283 546 1504 600; x_wconf 83' lang='grc' dir='ltr'><strong>ἀκούειν</strong></span> <span class='ocrx_word' id='word_1_33' title='bbox 1527 589 1542 614; x_wconf 94' lang='grc'><strong>,</strong></span> <span class='ocrx_word' id='word_1_34' title='bbox 1578 547 1756 600; x_wconf 82' lang='grc' dir='ltr'>ὁπόσα</span> <span class='ocrx_word' id='word_1_35' title='bbox 1796 548 1844 600; x_wconf 83' lang='grc' dir='ltr'>οἱ</span> 
     </span>
    </p>
   </div>
   <div class='ocr_carea' id='block_1_8' title="bbox 240 637 1842 716">
    <p class='ocr_par' dir='ltr' id='par_1_8' title="bbox 240 637 1842 716">
     <span class='ocr_line' id='line_1_8' title="bbox 240 637 1842 716; baseline -0.002 -20"><span class='ocrx_word' id='word_1_36' title='bbox 240 642 514 716; x_wconf 83' lang='grc' dir='ltr'>χρησμοί.</span> <span class='ocrx_word' id='word_1_37' title='bbox 547 640 961 712; x_wconf 83' lang='grc' dir='ltr'>Ξυμϐάλλονται</span> <span class='ocrx_word' id='word_1_38' title='bbox 1002 638 1060 692; x_wconf 83' lang='grc' dir='ltr'><strong>δέ</strong></span> <span class='ocrx_word' id='word_1_39' title='bbox 1102 639 1210 692; x_wconf 83' lang='grc' dir='ltr'><strong>τῶν</strong></span> <span class='ocrx_word' id='word_1_40' title='bbox 1239 637 1482 707; x_wconf 84' lang='grc' dir='ltr'>ἀλόγων,</span> <span class='ocrx_word' id='word_1_41' title='bbox 1537 639 1842 711; x_wconf 83' lang='grc' dir='ltr'><strong>σιτούμενοι</strong></span> 
     </span>
    </p>
   </div>
   <div class='ocr_carea' id='block_1_9' title="bbox 237 725 1838 807">
    <p class='ocr_par' dir='ltr' id='par_1_9' title="bbox 237 725 1838 807">
     <span class='ocr_line' id='line_1_9' title="bbox 237 725 1838 807; baseline -0.004 -18"><span class='ocrx_word' id='word_1_42' title='bbox 237 736 358 791; x_wconf 82' lang='grc' dir='ltr'><strong>τῶν</strong></span> <span class='ocrx_word' id='word_1_43' title='bbox 377 735 686 807; x_wconf 74' lang='grc' dir='ltr'>δρακόντων</span> <span class='ocrx_word' id='word_1_44' title='bbox 710 735 758 786; x_wconf 82' lang='grc' dir='ltr'>οἱ</span> <span class='ocrx_word' id='word_1_45' title='bbox 793 733 892 803; x_wconf 85' lang='grc' dir='ltr'><strong>μὲν</strong></span> <span class='ocrx_word' id='word_1_46' title='bbox 921 732 1172 804; x_wconf 85' lang='grc' dir='ltr'><strong>καρδίαν,</strong></span> <span class='ocrx_word' id='word_1_47' title='bbox 1216 733 1401 801; x_wconf 76' lang='grc' dir='ltr'>φασὶν,</span> <span class='ocrx_word' id='word_1_48' title='bbox 1429 731 1479 783; x_wconf 83' lang='grc' dir='ltr'><strong>οἱ</strong></span> <span class='ocrx_word' id='word_1_49' title='bbox 1513 731 1570 784; x_wconf 88' lang='grc' dir='ltr'>δὲ</span> <span class='ocrx_word' id='word_1_50' title='bbox 1615 725 1790 803; x_wconf 76' lang='grc' dir='ltr'>ἧπαρ.</span> <span class='ocrx_word' id='word_1_51' title='bbox 1819 751 1838 783; x_wconf 77' lang='grc' dir='ltr'><strong>ι</strong></span> 
     </span>
    </p>
   </div>
   <div class='ocr_carea' id='block_1_10' title="bbox 255 822 1844 897">
    <p class='ocr_par' dir='ltr' id='par_1_10' title="bbox 255 822 1844 897">
     <span class='ocr_line' id='line_1_10' title="bbox 255 822 1844 897; baseline -0.004 -15"><span class='ocrx_word' id='word_1_52' title='bbox 255 827 532 882; x_wconf 80' lang='grc' dir='ltr'><strong>Ἐνταῦθα</strong></span> <span class='ocrx_word' id='word_1_53' title='bbox 566 826 787 890; x_wconf 83' lang='grc' dir='ltr'>πάντως</span> <span class='ocrx_word' id='word_1_54' title='bbox 816 843 918 879; x_wconf 91' lang='grc' dir='ltr'><strong>που</strong></span> <span class='ocrx_word' id='word_1_55' title='bbox 945 826 1252 897; x_wconf 81' lang='grc' dir='ltr'>δρακόντων</span> <span class='ocrx_word' id='word_1_56' title='bbox 1279 824 1506 895; x_wconf 75' lang='grc' dir='ltr'>καρδίας</span> <span class='ocrx_word' id='word_1_57' title='bbox 1533 822 1706 893; x_wconf 84' lang='grc' dir='ltr'>δήπου</span> <span class='ocrx_word' id='word_1_58' title='bbox 1747 823 1844 876; x_wconf 80' lang='grc' dir='ltr'>καὶ</span> 
     </span>
    </p>
   </div>
   <div class='ocr_carea' id='block_1_11' title="bbox 237 918 1844 992">
    <p class='ocr_par' dir='ltr' id='par_1_11' title="bbox 237 918 1844 992">
     <span class='ocr_line' id='line_1_11' title="bbox 237 918 1844 992; baseline -0.001 -19"><span class='ocrx_word' id='word_1_59' title='bbox 237 922 458 992; x_wconf 71' lang='grc' dir='ltr'>ἥπατος</span> <span class='ocrx_word' id='word_1_60' title='bbox 489 920 582 973; x_wconf 85' lang='grc' dir='ltr'><strong>τὸν</strong></span> <span class='ocrx_word' id='word_1_61' title='bbox 628 919 1031 990; x_wconf 78' lang='grc' dir='ltr'>Πυθαγόρειον,</span> <span class='ocrx_word' id='word_1_62' title='bbox 1083 918 1342 989; x_wconf 79' lang='grc' dir='ltr'>ἐμψύχων</span> <span class='ocrx_word' id='word_1_63' title='bbox 1376 934 1440 971; x_wconf 90' lang='grc' dir='ltr'><strong>τε</strong></span> <span class='ocrx_word' id='word_1_64' title='bbox 1479 918 1686 989; x_wconf 72' lang='grc' dir='ltr'>τροφῆς</span> <span class='ocrx_word' id='word_1_65' title='bbox 1734 919 1844 971; x_wconf 88' lang='grc' dir='ltr'>ἀπ-</span> 
     </span>
    </p>
   </div>
   <div class='ocr_carea' id='block_1_12' title="bbox 241 1007 1844 1084">
    <p class='ocr_par' dir='ltr' id='par_1_12' title="bbox 241 1007 1844 1084">
     <span class='ocr_line' id='line_1_12' title="bbox 241 1007 1844 1084; baseline -0.001 -20"><span class='ocrx_word' id='word_1_66' title='bbox 241 1012 530 1084; x_wconf 83' lang='grc' dir='ltr'>εχόμενον,</span> <span class='ocrx_word' id='word_1_67' title='bbox 556 1012 651 1064; x_wconf 80' lang='grc' dir='ltr'>καὶ</span> <span class='ocrx_word' id='word_1_68' title='bbox 673 1011 805 1082; x_wconf 84' lang='grc' dir='ltr'>μηδὲ</span> <span class='ocrx_word' id='word_1_69' title='bbox 836 1011 984 1064; x_wconf 84' lang='grc' dir='ltr'>θύειν</span> <span class='ocrx_word' id='word_1_70' title='bbox 1001 1011 1246 1080; x_wconf 82' lang='grc' dir='ltr'>δαίμοσιν</span> <span class='ocrx_word' id='word_1_71' title='bbox 1272 1007 1665 1080; x_wconf 78' lang='grc' dir='ltr'>ἐπιτολμῶντα,</span> <span class='ocrx_word' id='word_1_72' title='bbox 1693 1008 1844 1073; x_wconf 80' lang='grc' dir='ltr'>είκὸς</span> 
     </span>
    </p>
   </div>
   <div class='ocr_carea' id='block_1_13' title="bbox 239 1099 1845 1176">
    <p class='ocr_par' dir='ltr' id='par_1_13' title="bbox 239 1099 1845 1176">
     <span class='ocr_line' id='line_1_13' title="bbox 239 1099 1845 1176; baseline -0.004 -18"><span class='ocrx_word' id='word_1_73' title='bbox 239 1100 317 1176; x_wconf 78' lang='grc' dir='ltr'>ἧν</span> <span class='ocrx_word' id='word_1_74' title='bbox 341 1103 772 1172; x_wconf 81' lang='grc' dir='ltr'>ἀπογεύσασθαι,</span> <span class='ocrx_word' id='word_1_75' title='bbox 810 1103 885 1166; x_wconf 77' lang='grc' dir='ltr'>ὥς</span> <span class='ocrx_word' id='word_1_76' title='bbox 911 1102 976 1156; x_wconf 84' lang='grc' dir='ltr'>ἂν</span> <span class='ocrx_word' id='word_1_77' title='bbox 1022 1104 1114 1155; x_wconf 79' lang='grc' dir='ltr'><strong>καὶ</strong></span> <span class='ocrx_word' id='word_1_78' title='bbox 1151 1103 1250 1172; x_wconf 85' lang='grc' dir='ltr'>τῆς</span> <span class='ocrx_word' id='word_1_79' title='bbox 1285 1099 1439 1171; x_wconf 84' lang='grc' dir='ltr'><strong>παρά</strong></span> <span class='ocrx_word' id='word_1_80' title='bbox 1475 1099 1688 1163; x_wconf 86' lang='grc' dir='ltr'>τούτοις</span> <span class='ocrx_word' id='word_1_81' title='bbox 1731 1116 1845 1154; x_wconf 87' lang='grc' dir='ltr'>κοι-</span> 
     </span>
    </p>
   </div>
   <div class='ocr_carea' id='block_1_14' title="bbox 238 1190 1844 1269">
    <p class='ocr_par' dir='ltr' id='par_1_14' title="bbox 238 1190 1844 1269">
     <span class='ocr_line' id='line_1_14' title="bbox 238 1190 1844 1269; baseline -0.004 -19"><span class='ocrx_word' id='word_1_82' title='bbox 238 1201 478 1269; x_wconf 79' lang='grc' dir='ltr'>νωνήσοι</span> <span class='ocrx_word' id='word_1_83' title='bbox 511 1196 723 1265; x_wconf 75' lang='grc' dir='ltr'>σοφίας.</span> <span class='ocrx_word' id='word_1_84' title='bbox 752 1195 897 1266; x_wconf 86' lang='grc' dir='ltr'>Πρὸς</span> <span class='ocrx_word' id='word_1_85' title='bbox 923 1193 1032 1265; x_wconf 88' lang='grc' dir='ltr'>γὰρ</span> <span class='ocrx_word' id='word_1_86' title='bbox 1055 1193 1274 1246; x_wconf 84' lang='grc' dir='ltr'>τοιῶνδε</span> <span class='ocrx_word' id='word_1_87' title='bbox 1298 1191 1700 1262; x_wconf 81' lang='grc' dir='ltr'>διδασκομένων</span> <span class='ocrx_word' id='word_1_88' title='bbox 1725 1190 1844 1255; x_wconf 84' lang='grc' dir='ltr'><strong>πῶς</strong></span> 
     </span>
    </p>
   </div>
   <div class='ocr_carea' id='block_1_15' title="bbox 239 1282 1834 1362">
    <p class='ocr_par' dir='ltr' id='par_1_15' title="bbox 239 1282 1834 1362">
     <span class='ocr_line' id='line_1_15' title="bbox 239 1282 1834 1362; baseline -0.008 -15"><span class='ocrx_word' id='word_1_89' title='bbox 239 1291 314 1347; x_wconf 83' lang='grc' dir='ltr'><strong>ἂν</strong></span> <span class='ocrx_word' id='word_1_90' title='bbox 349 1291 545 1356; x_wconf 74' lang='grc' dir='ltr'>ἄλλως,</span> <span class='ocrx_word' id='word_1_91' title='bbox 582 1291 656 1362; x_wconf 79' lang='grc' dir='ltr'><strong>μὴ</strong></span> <span class='ocrx_word' id='word_1_92' title='bbox 681 1289 803 1360; x_wconf 73' lang='grc' dir='ltr'>οὐχὶ</span> <span class='ocrx_word' id='word_1_93' title='bbox 848 1288 916 1342; x_wconf 90' lang='grc' dir='ltr'><strong>τά</strong></span> <span class='ocrx_word' id='word_1_94' title='bbox 953 1289 1115 1359; x_wconf 80' lang='grc' dir='ltr'>ὃμοια</span> <span class='ocrx_word' id='word_1_95' title='bbox 1147 1289 1260 1350; x_wconf 82' lang='grc' dir='ltr'>τοῖς</span> <span class='ocrx_word' id='word_1_96' title='bbox 1289 1285 1630 1348; x_wconf 81' lang='grc' dir='ltr'>διδασκάλοις</span> <span class='ocrx_word' id='word_1_97' title='bbox 1665 1282 1834 1355; x_wconf 52' lang='lat' dir='ltr'><strong>Cumb-</strong></span> 
     </span>
    </p>
   </div>
   <div class='ocr_carea' id='block_1_16' title="bbox 244 1372 1841 1454">
    <p class='ocr_par' dir='ltr' id='par_1_16' title="bbox 244 1372 1841 1454">
     <span class='ocr_line' id='line_1_16' title="bbox 244 1372 1841 1454; baseline -0.004 -17"><span class='ocrx_word' id='word_1_98' title='bbox 244 1401 424 1449; x_wconf 89' lang='grc' dir='ltr'>σαντι,</span> <span class='ocrx_word' id='word_1_99' title='bbox 453 1382 806 1454; x_wconf 82' lang='grc' dir='ltr'>κατωρθοῦτο</span> <span class='ocrx_word' id='word_1_100' title='bbox 845 1381 908 1434; x_wconf 83' lang='grc' dir='ltr'><strong>τὸ</strong></span> <span class='ocrx_word' id='word_1_101' title='bbox 944 1379 1319 1451; x_wconf 84' lang='grc' dir='ltr'>ἐπιτήδευμα;</span> <span class='ocrx_word' id='word_1_102' title='bbox 1371 1378 1609 1447; x_wconf 87' lang='grc' dir='ltr'>’Έχομεν</span> <span class='ocrx_word' id='word_1_103' title='bbox 1649 1377 1713 1448; x_wconf 84' lang='grc' dir='ltr'>δὴ</span> <span class='ocrx_word' id='word_1_104' title='bbox 1748 1372 1841 1430; x_wconf 82' lang='grc' dir='ltr'><strong>οὖν</strong></span> 
     </span>
    </p>
   </div>
   <div class='ocr_carea' id='block_1_17' title="bbox 242 1470 1831 1548">
    <p class='ocr_par' dir='ltr' id='par_1_17' title="bbox 242 1470 1831 1548">
     <span class='ocr_line' id='line_1_17' title="bbox 242 1470 1831 1548; baseline -0.003 -19"><span class='ocrx_word' id='word_1_105' title='bbox 242 1476 387 1548; x_wconf 69' lang='grc' dir='ltr'>πρὸς</span> <span class='ocrx_word' id='word_1_106' title='bbox 448 1477 561 1540; x_wconf 80' lang='grc' dir='ltr'>τοῖς</span> <span class='ocrx_word' id='word_1_107' title='bbox 609 1473 1098 1544; x_wconf 87' lang='grc' dir='ltr'>καταλελεγμένοις</span> <span class='ocrx_word' id='word_1_108' title='bbox 1136 1471 1246 1543; x_wconf 82' lang='lat'><strong>(70)</strong></span> <span class='ocrx_word' id='word_1_109' title='bbox 1297 1472 1392 1525; x_wconf 73' lang='grc' dir='ltr'><strong>καὶ</strong></span> <span class='ocrx_word' id='word_1_110' title='bbox 1427 1470 1555 1534; x_wconf 81' lang='grc' dir='ltr'>τοὺς</span> <span class='ocrx_word' id='word_1_111' title='bbox 1587 1470 1831 1541; x_wconf 85' lang='grc' dir='ltr'>Ἀράϐων</span> 
     </span>
    </p>
   </div>
   <div class='ocr_carea' id='block_1_18' title="bbox 244 1566 1842 1640">
    <p class='ocr_par' dir='ltr' id='par_1_18' title="bbox 244 1566 1842 1640">
     <span class='ocr_line' id='line_1_18' title="bbox 244 1566 1842 1640; baseline -0.003 -17"><span class='ocrx_word' id='word_1_112' title='bbox 244 1571 449 1640; x_wconf 76' lang='grc' dir='ltr'>σοφοὺς</span> <span class='ocrx_word' id='word_1_113' title='bbox 478 1569 830 1631; x_wconf 79' lang='grc' dir='ltr'>διδασκάλους</span> <span class='ocrx_word' id='word_1_114' title='bbox 861 1569 961 1639; x_wconf 84' lang='grc' dir='ltr'><strong>τῆς</strong></span> <span class='ocrx_word' id='word_1_115' title='bbox 1013 1566 1156 1620; x_wconf 81' lang='grc' dir='ltr'>κατὰ</span> <span class='ocrx_word' id='word_1_116' title='bbox 1200 1567 1300 1638; x_wconf 84' lang='grc' dir='ltr'>τὴν</span> <span class='ocrx_word' id='word_1_117' title='bbox 1343 1566 1686 1637; x_wconf 81' lang='grc' dir='ltr'>οίωνιστικὴν</span> <span class='ocrx_word' id='word_1_118' title='bbox 1713 1566 1842 1618; x_wconf 86' lang='grc' dir='ltr'>τάν-</span> 
     </span>
    </p>
   </div>
   <div class='ocr_carea' id='block_1_19' title="bbox 241 1656 1841 1734">
    <p class='ocr_par' dir='ltr' id='par_1_19' title="bbox 241 1656 1841 1734">
     <span class='ocr_line' id='line_1_19' title="bbox 241 1656 1841 1734; baseline -0.004 -18"><span class='ocrx_word' id='word_1_119' title='bbox 241 1661 372 1734; x_wconf 72' lang='grc' dir='ltr'>δρὸς</span> <span class='ocrx_word' id='word_1_120' title='bbox 396 1663 707 1733; x_wconf 75' lang='grc' dir='ltr'>ἐπιστήμης</span> <span class='ocrx_word' id='word_1_121' title='bbox 727 1679 740 1690; x_wconf 93' lang='grc'><strong>·</strong></span> <span class='ocrx_word' id='word_1_122' title='bbox 766 1661 860 1730; x_wconf 83' lang='grc' dir='ltr'><strong>ἀφ’</strong></span> <span class='ocrx_word' id='word_1_123' title='bbox 894 1656 962 1732; x_wconf 81' lang='grc' dir='ltr'>ἦς</span> <span class='ocrx_word' id='word_1_124' title='bbox 991 1660 1216 1723; x_wconf 82' lang='grc' dir='ltr'>εἰκότως</span> <span class='ocrx_word' id='word_1_125' title='bbox 1244 1656 1588 1731; x_wconf 82' lang='grc' dir='ltr'>ὁρμώμενος,</span> <span class='ocrx_word' id='word_1_126' title='bbox 1615 1657 1841 1729; x_wconf 78' lang='grc' dir='ltr'>ὕστερόν</span> 
     </span>
    </p>
   </div>
   <div class='ocr_carea' id='block_1_20' title="bbox 245 1749 1842 1825">
    <p class='ocr_par' dir='ltr' id='par_1_20' title="bbox 245 1749 1842 1825">
     <span class='ocr_line' id='line_1_20' title="bbox 245 1749 1842 1825; baseline -0.004 -18"><span class='ocrx_word' id='word_1_127' title='bbox 245 1771 383 1808; x_wconf 87' lang='grc' dir='ltr'>ποτε</span> <span class='ocrx_word' id='word_1_128' title='bbox 414 1751 505 1807; x_wconf 77' lang='grc' dir='ltr'>τὸν</span> <span class='ocrx_word' id='word_1_129' title='bbox 531 1753 809 1825; x_wconf 86' lang='grc' dir='ltr'>στρουθὸν,</span> <span class='ocrx_word' id='word_1_130' title='bbox 838 1754 866 1805; x_wconf 87' lang='grc' dir='ltr'>ὃ</span> <span class='ocrx_word' id='word_1_131' title='bbox 893 1770 946 1806; x_wconf 93' lang='grc' dir='ltr'><strong>τι</strong></span> <span class='ocrx_word' id='word_1_132' title='bbox 972 1753 1068 1806; x_wconf 71' lang='grc' dir='ltr'>καὶ</span> <span class='ocrx_word' id='word_1_133' title='bbox 1096 1751 1356 1823; x_wconf 84' lang='grc' dir='ltr'>βούλοιτο,</span> <span class='ocrx_word' id='word_1_134' title='bbox 1399 1749 1686 1819; x_wconf 80' lang='grc' dir='ltr'>ξυγκαλῶν</span> <span class='ocrx_word' id='word_1_135' title='bbox 1714 1749 1842 1813; x_wconf 77' lang='grc' dir='ltr'>τοὺς</span> 
     </span>
    </p>
   </div>
   <div class='ocr_carea' id='block_1_21' title="bbox 243 1843 1842 1920">
    <p class='ocr_par' dir='ltr' id='par_1_21' title="bbox 243 1843 1842 1920">
     <span class='ocr_line' id='line_1_21' title="bbox 243 1843 1842 1920; baseline -0.003 -20"><span class='ocrx_word' id='word_1_136' title='bbox 243 1847 500 1920; x_wconf 76' lang='grc' dir='ltr'>ἑταίρους</span> <span class='ocrx_word' id='word_1_137' title='bbox 553 1848 647 1900; x_wconf 76' lang='grc' dir='ltr'>ἐπὶ</span> <span class='ocrx_word' id='word_1_138' title='bbox 692 1846 922 1918; x_wconf 81' lang='grc' dir='ltr'>τροφὴν,</span> <span class='ocrx_word' id='word_1_139' title='bbox 984 1843 1309 1917; x_wconf 86' lang='grc' dir='ltr'>προειπὼν,</span> <span class='ocrx_word' id='word_1_140' title='bbox 1355 1843 1539 1914; x_wconf 83' lang='grc' dir='ltr'>θαῦμα</span> <span class='ocrx_word' id='word_1_141' title='bbox 1589 1843 1842 1914; x_wconf 86' lang='grc' dir='ltr'>μέγιστον</span> 
     </span>
    </p>
   </div>
   <div class='ocr_carea' id='block_1_22' title="bbox 245 1934 1836 2012">
    <p class='ocr_par' dir='ltr' id='par_1_22' title="bbox 245 1934 1836 2012">
     <span class='ocr_line' id='line_1_22' title="bbox 245 1934 1836 2012; baseline -0.003 -20"><span class='ocrx_word' id='word_1_142' title='bbox 245 1940 513 2012; x_wconf 84' lang='grc' dir='ltr'>παρέχειν</span> <span class='ocrx_word' id='word_1_143' title='bbox 541 1938 687 2006; x_wconf 76' lang='grc' dir='ltr'>ἔδοξε</span> <span class='ocrx_word' id='word_1_144' title='bbox 712 1941 825 2002; x_wconf 82' lang='grc' dir='ltr'>τοῖς</span> <span class='ocrx_word' id='word_1_145' title='bbox 853 1936 1107 2009; x_wconf 77' lang='grc' dir='ltr'>παροῦσι.</span> <span class='ocrx_word' id='word_1_146' title='bbox 1138 1936 1323 2010; x_wconf 78' lang='grc' dir='ltr'>Ταύτῃ</span> <span class='ocrx_word' id='word_1_147' title='bbox 1353 1936 1417 2008; x_wconf 82' lang='grc' dir='ltr'>δὴ</span> <span class='ocrx_word' id='word_1_148' title='bbox 1452 1937 1545 1989; x_wconf 70' lang='grc' dir='ltr'>καὶ</span> <span class='ocrx_word' id='word_1_149' title='bbox 1583 1934 1682 2006; x_wconf 81' lang='grc' dir='ltr'><strong>τὴν</strong></span> <span class='ocrx_word' id='word_1_150' title='bbox 1727 1935 1836 1988; x_wconf 56' lang='grc' dir='ltr'>ἀπὸ</span> 
     </span>
    </p>
   </div>
   <div class='ocr_carea' id='block_1_23' title="bbox 249 2026 1832 2104">
    <p class='ocr_par' dir='ltr' id='par_1_23' title="bbox 249 2026 1832 2104">
     <span class='ocr_line' id='line_1_23' title="bbox 249 2026 1832 2104; baseline -0.004 -18"><span class='ocrx_word' id='word_1_151' title='bbox 249 2033 608 2104; x_wconf 77' lang='grc' dir='ltr'>εσφαγμένην</span> <span class='ocrx_word' id='word_1_152' title='bbox 633 2033 756 2086; x_wconf 84' lang='grc' dir='ltr'>ὅσον</span> <span class='ocrx_word' id='word_1_153' title='bbox 781 2031 935 2085; x_wconf 70' lang='grc' dir='ltr'>οὔπω</span> <span class='ocrx_word' id='word_1_154' title='bbox 960 2030 1177 2083; x_wconf 82' lang='grc' dir='ltr'>λέαιναν</span> <span class='ocrx_word' id='word_1_155' title='bbox 1202 2030 1317 2100; x_wconf 82' lang='grc' dir='ltr'>ἆμα</span> <span class='ocrx_word' id='word_1_156' title='bbox 1358 2031 1471 2092; x_wconf 86' lang='grc' dir='ltr'>τοῖς</span> <span class='ocrx_word' id='word_1_157' title='bbox 1510 2026 1654 2081; x_wconf 87' lang='grc' dir='ltr'>ὀκτὼ</span> <span class='ocrx_word' id='word_1_158' title='bbox 1701 2026 1832 2081; x_wconf 65' lang='grc' dir='ltr'>σκύι</span> 
     </span>
    </p>
   </div>
   <div class='ocr_carea' id='block_1_24' title="bbox 248 2119 1840 2195">
    <p class='ocr_par' dir='ltr' id='par_1_24' title="bbox 248 2119 1840 2195">
     <span class='ocr_line' id='line_1_24' title="bbox 248 2119 1840 2195; baseline -0.003 -21"><span class='ocrx_word' id='word_1_159' title='bbox 248 2139 408 2193; x_wconf 87' lang='grc' dir='ltr'>μνοις</span> <span class='ocrx_word' id='word_1_160' title='bbox 435 2121 578 2176; x_wconf 87' lang='grc' dir='ltr'><strong>κατά</strong></span> <span class='ocrx_word' id='word_1_161' title='bbox 609 2123 708 2195; x_wconf 86' lang='grc' dir='ltr'>τὴν</span> <span class='ocrx_word' id='word_1_162' title='bbox 745 2121 1047 2192; x_wconf 84' lang='grc' dir='ltr'>Ἀσσυρίων</span> <span class='ocrx_word' id='word_1_163' title='bbox 1074 2120 1192 2173; x_wconf 85' lang='grc' dir='ltr'>ὁδὸν</span> <span class='ocrx_word' id='word_1_164' title='bbox 1228 2119 1591 2190; x_wconf 83' lang='grc' dir='ltr'>θεασάμενος,</span> <span class='ocrx_word' id='word_1_165' title='bbox 1619 2119 1840 2183; x_wconf 71' lang='grc' dir='ltr'>αὐτίκα,</span> 
     </span>
    </p>
   </div>
   <div class='ocr_carea' id='block_1_25' title="bbox 242 2209 1839 2288">
    <p class='ocr_par' dir='ltr' id='par_1_25' title="bbox 242 2209 1839 2288">
     <span class='ocr_line' id='line_1_25' title="bbox 242 2209 1839 2288; baseline -0.003 -20"><span class='ocrx_word' id='word_1_166' title='bbox 242 2214 328 2285; x_wconf 82' lang='grc' dir='ltr'>τῷ</span> <span class='ocrx_word' id='word_1_167' title='bbox 362 2215 642 2288; x_wconf 84' lang='grc' dir='ltr'>μαθήματι</span> <span class='ocrx_word' id='word_1_168' title='bbox 673 2213 995 2286; x_wconf 80' lang='grc' dir='ltr'>ξυμϐαλὼν,</span> <span class='ocrx_word' id='word_1_169' title='bbox 1035 2213 1136 2284; x_wconf 82' lang='grc' dir='ltr'><strong>τῆς</strong></span> <span class='ocrx_word' id='word_1_170' title='bbox 1175 2212 1441 2283; x_wconf 74' lang='grc' dir='ltr'>ἐσομένης</span> <span class='ocrx_word' id='word_1_171' title='bbox 1489 2209 1638 2282; x_wconf 85' lang='grc' dir='ltr'>αύτῷ</span> <span class='ocrx_word' id='word_1_172' title='bbox 1689 2210 1839 2284; x_wconf 88' lang='grc' dir='ltr'><strong>παρά</strong></span> 
     </span>
    </p>
   </div>
   <div class='ocr_carea' id='block_1_26' title="bbox 245 2303 1553 2380">
    <p class='ocr_par' dir='ltr' id='par_1_26' title="bbox 245 2303 1553 2380">
     <span class='ocr_line' id='line_1_26' title="bbox 245 2303 1553 2380; baseline -0.003 -20"><span class='ocrx_word' id='word_1_173' title='bbox 245 2307 490 2380; x_wconf 82' lang='grc' dir='ltr'>Πέρσαις</span> <span class='ocrx_word' id='word_1_174' title='bbox 517 2307 797 2379; x_wconf 82' lang='grc' dir='ltr'>διατριϐῆς</span> <span class='ocrx_word' id='word_1_175' title='bbox 822 2303 912 2360; x_wconf 72' lang='grc' dir='ltr'>τὸν</span> <span class='ocrx_word' id='word_1_176' title='bbox 944 2306 1133 2378; x_wconf 86' lang='grc' dir='ltr'>χρόνον</span> <span class='ocrx_word' id='word_1_177' title='bbox 1163 2303 1553 2375; x_wconf 86' lang='grc' dir='ltr'>ἐμαντεύσατο.</span> 
     </span>
    </p>
   </div>
   <div class='ocr_carea' id='block_1_27' title="bbox 1946 453 3538 529">
    <p class='ocr_par' dir='ltr' id='par_1_27' title="bbox 1946 453 3538 529">
     <span class='ocr_line' id='line_1_27' title="bbox 1946 453 3538 529; baseline 0.001 -16"><span class='ocrx_word' id='word_1_178' title='bbox 1946 473 2044 529; x_wconf 85' lang='lat' dir='ltr'><strong>per</strong></span> <span class='ocrx_word' id='word_1_179' title='bbox 2077 457 2214 512; x_wconf 87' lang='lat' dir='ltr'><strong>istos</strong></span> <span class='ocrx_word' id='word_1_180' title='bbox 2239 455 2455 510; x_wconf 77' lang='lat' dir='ltr'><strong>Arabia:</strong></span> <span class='ocrx_word' id='word_1_181' title='bbox 2488 456 2723 526; x_wconf 90' lang='lat' dir='ltr'><strong>populos</strong></span> <span class='ocrx_word' id='word_1_182' title='bbox 2752 456 2858 510; x_wconf 88' lang='lat' dir='ltr'><strong>iter</strong></span> <span class='ocrx_word' id='word_1_183' title='bbox 2887 453 3116 521; x_wconf 82' lang='lat' dir='ltr'><strong>faceret,</strong></span> <span class='ocrx_word' id='word_1_184' title='bbox 3149 459 3245 527; x_wconf 90' lang='lat' dir='ltr'><strong>qui</strong></span> <span class='ocrx_word' id='word_1_185' title='bbox 3277 467 3332 514; x_wconf 95' lang='lat' dir='ltr'><strong>et</strong></span> <span class='ocrx_word' id='word_1_186' title='bbox 3362 459 3538 516; x_wconf 84' lang='lat' dir='ltr'><strong>scicn-</strong></span> 
     </span>
    </p>
   </div>
   <div class='ocr_carea' id='block_1_28' title="bbox 1945 547 3538 618">
    <p class='ocr_par' dir='ltr' id='par_1_28' title="bbox 1945 547 3538 618">
     <span class='ocr_line' id='line_1_28' title="bbox 1945 547 3538 618; baseline 0.003 -14"><span class='ocrx_word' id='word_1_187' title='bbox 1945 554 2018 605; x_wconf 88' lang='lat' dir='ltr'><strong>tia</strong></span> <span class='ocrx_word' id='word_1_188' title='bbox 2057 557 2113 604; x_wconf 91' lang='lat' dir='ltr'><strong>et</strong></span> <span class='ocrx_word' id='word_1_189' title='bbox 2134 565 2236 604; x_wconf 92' lang='lat' dir='ltr'><strong>usu</strong></span> <span class='ocrx_word' id='word_1_190' title='bbox 2263 547 2384 618; x_wconf 86' lang='lat' dir='ltr'><strong>ejus</strong></span> <span class='ocrx_word' id='word_1_191' title='bbox 2410 548 2489 603; x_wconf 87' lang='lat' dir='ltr'><strong>rei</strong></span> <span class='ocrx_word' id='word_1_192' title='bbox 2530 547 2768 603; x_wconf 84' lang='lat' dir='ltr'><strong>maxime</strong></span> <span class='ocrx_word' id='word_1_193' title='bbox 2791 548 3089 618; x_wconf 86' lang='lat' dir='ltr'><strong>pollebant.</strong></span> <span class='ocrx_word' id='word_1_194' title='bbox 3123 547 3222 606; x_wconf 87' lang='lat' dir='ltr'><strong>Est</strong></span> <span class='ocrx_word' id='word_1_195' title='bbox 3249 553 3396 606; x_wconf 88' lang='lat' dir='ltr'><strong>enim</strong></span> <span class='ocrx_word' id='word_1_196' title='bbox 3433 553 3538 608; x_wconf 92' lang='lat' dir='ltr'><strong>hoc</strong></span> 
     </span>
    </p>
   </div>
   <div class='ocr_carea' id='block_1_29' title="bbox 1943 642 3537 714">
    <p class='ocr_par' dir='ltr' id='par_1_29' title="bbox 1943 642 3537 714">
     <span class='ocr_line' id='line_1_29' title="bbox 1943 642 3537 714; baseline 0.001 -16"><span class='ocrx_word' id='word_1_197' title='bbox 1943 643 2208 708; x_wconf 77' lang='lat' dir='ltr'><strong>Arabum,</strong></span> <span class='ocrx_word' id='word_1_198' title='bbox 2242 651 2303 698; x_wconf 91' lang='lat' dir='ltr'><strong>ut</strong></span> <span class='ocrx_word' id='word_1_199' title='bbox 2353 657 2558 714; x_wconf 79' lang='lat' dir='ltr'><strong>cycnos</strong></span> <span class='ocrx_word' id='word_1_200' title='bbox 2596 642 2926 707; x_wconf 89' lang='lat' dir='ltr'><strong>bodienum,</strong></span> <span class='ocrx_word' id='word_1_201' title='bbox 2973 643 3225 714; x_wconf 90' lang='lat' dir='ltr'><strong>aliasque</strong></span> <span class='ocrx_word' id='word_1_202' title='bbox 3280 643 3537 700; x_wconf 73' lang='lat' dir='ltr'><strong>fatidicas</strong></span> 
     </span>
    </p>
   </div>
   <div class='ocr_carea' id='block_1_30' title="bbox 1945 733 3537 808">
    <p class='ocr_par' dir='ltr' id='par_1_30' title="bbox 1945 733 3537 808">
     <span class='ocr_line' id='line_1_30' title="bbox 1945 733 3537 808; baseline 0.001 -18"><span class='ocrx_word' id='word_1_203' title='bbox 1945 751 2075 792; x_wconf 89' lang='lat' dir='ltr'><strong>aves</strong></span> <span class='ocrx_word' id='word_1_204' title='bbox 2097 737 2450 792; x_wconf 80' lang='lat' dir='ltr'><strong>sciscitentur</strong></span> <span class='ocrx_word' id='word_1_205' title='bbox 2478 733 2709 800; x_wconf 87' lang='lat' dir='ltr'><strong>perinde</strong></span> <span class='ocrx_word' id='word_1_206' title='bbox 2741 744 2906 806; x_wconf 89' lang='lat' dir='ltr'><strong>atque</strong></span> <span class='ocrx_word' id='word_1_207' title='bbox 2935 737 3183 791; x_wconf 90' lang='lat' dir='ltr'><strong>oracula.</strong></span> <span class='ocrx_word' id='word_1_208' title='bbox 3216 736 3537 808; x_wconf 83' lang='lat' dir='ltr'><strong>Conjiciunt</strong></span> 
     </span>
    </p>
   </div>
   <div class='ocr_carea' id='block_1_31' title="bbox 1943 828 3532 900">
    <p class='ocr_par' dir='ltr' id='par_1_31' title="bbox 1943 828 3532 900">
     <span class='ocr_line' id='line_1_31' title="bbox 1943 828 3532 900; baseline 0.001 -17"><span class='ocrx_word' id='word_1_209' title='bbox 1943 843 2077 884; x_wconf 86' lang='lat' dir='ltr'><strong>vero</strong></span> <span class='ocrx_word' id='word_1_210' title='bbox 2115 829 2308 884; x_wconf 87' lang='lat' dir='ltr'><strong>brutas</strong></span> <span class='ocrx_word' id='word_1_211' title='bbox 2348 841 2512 883; x_wconf 89' lang='lat' dir='ltr'><strong>voces</strong></span> <span class='ocrx_word' id='word_1_212' title='bbox 2547 828 2849 883; x_wconf 85' lang='lat' dir='ltr'><strong>draconum</strong></span> <span class='ocrx_word' id='word_1_213' title='bbox 2886 828 3052 899; x_wconf 90' lang='lat' dir='ltr'><strong>pasti,</strong></span> <span class='ocrx_word' id='word_1_214' title='bbox 3087 837 3148 883; x_wconf 91' lang='lat' dir='ltr'><strong>ut</strong></span> <span class='ocrx_word' id='word_1_215' title='bbox 3181 828 3273 882; x_wconf 86' lang='lat' dir='ltr'><strong>alii</strong></span> <span class='ocrx_word' id='word_1_216' title='bbox 3317 836 3532 900; x_wconf 56' lang='lat' dir='ltr'><strong>putant.</strong></span> 
     </span>
    </p>
   </div>
   <div class='ocr_carea' id='block_1_32' title="bbox 1944 920 3536 992">
    <p class='ocr_par' dir='ltr' id='par_1_32' title="bbox 1944 920 3536 992">
     <span class='ocr_line' id='line_1_32' title="bbox 1944 920 3536 992; baseline 0.001 -16"><span class='ocrx_word' id='word_1_217' title='bbox 1944 921 2132 985; x_wconf 91' lang='lat' dir='ltr'><strong>corde,</strong></span> <span class='ocrx_word' id='word_1_218' title='bbox 2181 929 2243 975; x_wconf 88' lang='lat' dir='ltr'><strong>ut</strong></span> <span class='ocrx_word' id='word_1_219' title='bbox 2276 920 2392 984; x_wconf 89' lang='lat' dir='ltr'><strong>alii,</strong></span> <span class='ocrx_word' id='word_1_220' title='bbox 2432 920 2650 992; x_wconf 89' lang='lat' dir='ltr'><strong>hepate.</strong></span> <span class='ocrx_word' id='word_1_221' title='bbox 2691 940 2710 972; x_wconf 76' lang='grc' dir='ltr'><strong>ι</strong></span> <span class='ocrx_word' id='word_1_222' title='bbox 2749 920 2851 975; x_wconf 84' lang='lat' dir='ltr'><strong>Hic</strong></span> <span class='ocrx_word' id='word_1_223' title='bbox 2893 937 3094 992; x_wconf 88' lang='lat' dir='ltr'><strong>nempe</strong></span> <span class='ocrx_word' id='word_1_224' title='bbox 3123 922 3352 978; x_wconf 89' lang='lat' dir='ltr'><strong>omnino</strong></span> <span class='ocrx_word' id='word_1_225' title='bbox 3404 922 3536 978; x_wconf 80' lang='lat' dir='ltr'><strong>dra-</strong></span> 
     </span>
    </p>
   </div>
   <div class='ocr_carea' id='block_1_33' title="bbox 1944 1011 3535 1083">
    <p class='ocr_par' dir='ltr' id='par_1_33' title="bbox 1944 1011 3535 1083">
     <span class='ocr_line' id='line_1_33' title="bbox 1944 1011 3535 1083; baseline 0.001 -17"><span class='ocrx_word' id='word_1_226' title='bbox 1944 1026 2167 1074; x_wconf 86' lang='lat' dir='ltr'><strong>conum,</strong></span> <span class='ocrx_word' id='word_1_227' title='bbox 2210 1011 2328 1066; x_wconf 85' lang='lat' dir='ltr'><strong>sive</strong></span> <span class='ocrx_word' id='word_1_228' title='bbox 2349 1026 2466 1075; x_wconf 75' lang='lat' dir='ltr'><strong>cor,</strong></span> <span class='ocrx_word' id='word_1_229' title='bbox 2494 1011 2609 1066; x_wconf 85' lang='lat' dir='ltr'><strong>sive</strong></span> <span class='ocrx_word' id='word_1_230' title='bbox 2632 1011 2800 1081; x_wconf 88' lang='lat' dir='ltr'><strong>hepar</strong></span> <span class='ocrx_word' id='word_1_231' title='bbox 2823 1011 3250 1083; x_wconf 78' lang='lat' dir='ltr'><strong>Pythagoricum</strong></span> <span class='ocrx_word' id='word_1_232' title='bbox 3295 1012 3473 1080; x_wconf 91' lang='lat' dir='ltr'><strong>illum,</strong></span> <span class='ocrx_word' id='word_1_233' title='bbox 3501 1027 3535 1068; x_wconf 85' lang='lat' dir='ltr'><strong>a</strong></span> 
     </span>
    </p>
   </div>
   <div class='ocr_carea' id='block_1_34' title="bbox 1945 1094 3530 1174">
    <p class='ocr_par' dir='ltr' id='par_1_34' title="bbox 1945 1094 3530 1174">
     <span class='ocr_line' id='line_1_34' title="bbox 1945 1094 3530 1174; baseline 0.001 -18"><span class='ocrx_word' id='word_1_234' title='bbox 1945 1103 2096 1156; x_wconf 85' lang='lat' dir='ltr'><strong>victu</strong></span> <span class='ocrx_word' id='word_1_235' title='bbox 2121 1101 2508 1157; x_wconf 81' lang='lat' dir='ltr'><strong>abhorrentem</strong></span> <span class='ocrx_word' id='word_1_236' title='bbox 2549 1094 2946 1167; x_wconf 58' lang='lat' dir='ltr'><strong>animantium;</strong></span> <span class='ocrx_word' id='word_1_237' title='bbox 2972 1111 3027 1158; x_wconf 91' lang='lat' dir='ltr'><strong>et</strong></span> <span class='ocrx_word' id='word_1_238' title='bbox 3065 1118 3136 1158; x_wconf 89' lang='lat' dir='ltr'><strong>ne</strong></span> <span class='ocrx_word' id='word_1_239' title='bbox 3165 1102 3274 1158; x_wconf 90' lang='lat' dir='ltr'><strong>diis</strong></span> <span class='ocrx_word' id='word_1_240' title='bbox 3304 1103 3530 1174; x_wconf 85' lang='lat' dir='ltr'><strong>quidem</strong></span> 
     </span>
    </p>
   </div>
   <div class='ocr_carea' id='block_1_35' title="bbox 1944 1195 3536 1266">
    <p class='ocr_par' dir='ltr' id='par_1_35' title="bbox 1944 1195 3536 1266">
     <span class='ocr_line' id='line_1_35' title="bbox 1944 1195 3536 1266; baseline 0 -15"><span class='ocrx_word' id='word_1_241' title='bbox 1944 1197 2213 1266; x_wconf 82' lang='lat' dir='ltr'><strong>sanguine</strong></span> <span class='ocrx_word' id='word_1_242' title='bbox 2242 1211 2358 1250; x_wconf 91' lang='lat' dir='ltr'><strong>rem</strong></span> <span class='ocrx_word' id='word_1_243' title='bbox 2425 1197 2641 1251; x_wconf 88' lang='lat' dir='ltr'><strong>sacram</strong></span> <span class='ocrx_word' id='word_1_244' title='bbox 2685 1195 2868 1252; x_wconf 86' lang='lat' dir='ltr'><strong>facere</strong></span> <span class='ocrx_word' id='word_1_245' title='bbox 2902 1197 3292 1262; x_wconf 91' lang='lat' dir='ltr'><strong>sustinentem,</strong></span> <span class='ocrx_word' id='word_1_246' title='bbox 3324 1197 3536 1253; x_wconf 84' lang='lat' dir='ltr'><strong>verosi-</strong></span> 
     </span>
    </p>
   </div>
   <div class='ocr_carea' id='block_1_36' title="bbox 1944 1287 3534 1360">
    <p class='ocr_par' dir='ltr' id='par_1_36' title="bbox 1944 1287 3534 1360">
     <span class='ocr_line' id='line_1_36' title="bbox 1944 1287 3534 1360; baseline 0.002 -19"><span class='ocrx_word' id='word_1_247' title='bbox 1944 1289 2073 1346; x_wconf 89' lang='lat' dir='ltr'><strong>mile</strong></span> <span class='ocrx_word' id='word_1_248' title='bbox 2105 1297 2190 1345; x_wconf 88' lang='lat' dir='ltr'><strong>est</strong></span> <span class='ocrx_word' id='word_1_249' title='bbox 2217 1287 2549 1352; x_wconf 89' lang='lat' dir='ltr'><strong>comedisse,</strong></span> <span class='ocrx_word' id='word_1_250' title='bbox 2583 1303 2692 1357; x_wconf 90' lang='lat' dir='ltr'><strong>quo</strong></span> <span class='ocrx_word' id='word_1_251' title='bbox 2721 1289 2934 1344; x_wconf 88' lang='lat' dir='ltr'><strong>scilicet</strong></span> <span class='ocrx_word' id='word_1_252' title='bbox 2952 1289 3008 1343; x_wconf 91' lang='lat' dir='ltr'><strong>in</strong></span> <span class='ocrx_word' id='word_1_253' title='bbox 3045 1289 3330 1359; x_wconf 66' lang='lat' dir='ltr'><strong>sapientiae</strong></span> <span class='ocrx_word' id='word_1_254' title='bbox 3354 1291 3534 1360; x_wconf 84' lang='lat' dir='ltr'><strong>gentis</strong></span> 
     </span>
    </p>
   </div>
   <div class='ocr_carea' id='block_1_37' title="bbox 1944 1377 3535 1451">
    <p class='ocr_par' dir='ltr' id='par_1_37' title="bbox 1944 1377 3535 1451">
     <span class='ocr_line' id='line_1_37' title="bbox 1944 1377 3535 1451; baseline 0.003 -20"><span class='ocrx_word' id='word_1_255' title='bbox 1944 1377 2106 1433; x_wconf 84' lang='lat' dir='ltr'><strong>istius</strong></span> <span class='ocrx_word' id='word_1_256' title='bbox 2142 1387 2327 1448; x_wconf 91' lang='lat' dir='ltr'><strong>partes</strong></span> <span class='ocrx_word' id='word_1_257' title='bbox 2366 1378 2485 1448; x_wconf 90' lang='lat' dir='ltr'><strong>ipse</strong></span> <span class='ocrx_word' id='word_1_258' title='bbox 2514 1385 2734 1447; x_wconf 72' lang='lat' dir='ltr'><strong>Quoque</strong></span> <span class='ocrx_word' id='word_1_259' title='bbox 2766 1379 2999 1434; x_wconf 78' lang='lat' dir='ltr'><strong>veniret.</strong></span> <span class='ocrx_word' id='word_1_260' title='bbox 3035 1377 3198 1450; x_wconf 81' lang='lat' dir='ltr'><strong>Apud</strong></span> <span class='ocrx_word' id='word_1_261' title='bbox 3237 1380 3535 1451; x_wconf 79' lang='lat' dir='ltr'><strong>magistros</strong></span> 
     </span>
    </p>
   </div>
   <div class='ocr_carea' id='block_1_38' title="bbox 1942 1468 3535 1542">
    <p class='ocr_par' dir='ltr' id='par_1_38' title="bbox 1942 1468 3535 1542">
     <span class='ocr_line' id='line_1_38' title="bbox 1942 1468 3535 1542; baseline 0.002 -18"><span class='ocrx_word' id='word_1_262' title='bbox 1942 1469 2088 1524; x_wconf 90' lang='lat' dir='ltr'><strong>enim</strong></span> <span class='ocrx_word' id='word_1_263' title='bbox 2129 1468 2426 1539; x_wconf 79' lang='lat' dir='ltr'><strong>ejusmodi,</strong></span> <span class='ocrx_word' id='word_1_264' title='bbox 2468 1483 2577 1539; x_wconf 90' lang='lat' dir='ltr'><strong>qua</strong></span> <span class='ocrx_word' id='word_1_265' title='bbox 2620 1469 2727 1522; x_wconf 86' lang='lat' dir='ltr'><strong>alia</strong></span> <span class='ocrx_word' id='word_1_266' title='bbox 2759 1469 2994 1532; x_wconf 89' lang='lat' dir='ltr'><strong>ratione,</strong></span> <span class='ocrx_word' id='word_1_267' title='bbox 3040 1471 3148 1525; x_wconf 89' lang='lat' dir='ltr'><strong>nisi</strong></span> <span class='ocrx_word' id='word_1_268' title='bbox 3191 1471 3380 1526; x_wconf 90' lang='lat' dir='ltr'><strong>eadem</strong></span> <span class='ocrx_word' id='word_1_269' title='bbox 3413 1485 3535 1542; x_wconf 70' lang='lat' dir='ltr'><strong>qua)</strong></span> 
     </span>
    </p>
   </div>
   <div class='ocr_carea' id='block_1_39' title="bbox 1943 1559 3535 1634">
    <p class='ocr_par' dir='ltr' id='par_1_39' title="bbox 1943 1559 3535 1634">
     <span class='ocr_line' id='line_1_39' title="bbox 1943 1559 3535 1634; baseline 0.003 -19"><span class='ocrx_word' id='word_1_270' title='bbox 1943 1569 2305 1632; x_wconf 62' lang='lat' dir='ltr'><strong>praceptores</strong></span> <span class='ocrx_word' id='word_1_271' title='bbox 2357 1559 2660 1630; x_wconf 89' lang='lat' dir='ltr'><strong>sequendo,</strong></span> <span class='ocrx_word' id='word_1_272' title='bbox 2709 1560 2765 1614; x_wconf 92' lang='lat' dir='ltr'><strong>in</strong></span> <span class='ocrx_word' id='word_1_273' title='bbox 2817 1561 3073 1616; x_wconf 91' lang='lat' dir='ltr'><strong>instituto</strong></span> <span class='ocrx_word' id='word_1_274' title='bbox 3117 1576 3220 1617; x_wconf 92' lang='lat' dir='ltr'><strong>suo</strong></span> <span class='ocrx_word' id='word_1_275' title='bbox 3263 1563 3535 1634; x_wconf 82' lang='lat' dir='ltr'><strong>prolicere</strong></span> 
     </span>
    </p>
   </div>
   <div class='ocr_carea' id='block_1_40' title="bbox 1942 1653 3530 1726">
    <p class='ocr_par' dir='ltr' id='par_1_40' title="bbox 1942 1653 3530 1726">
     <span class='ocr_line' id='line_1_40' title="bbox 1942 1653 3530 1726; baseline 0.001 -17"><span class='ocrx_word' id='word_1_276' title='bbox 1942 1654 2248 1725; x_wconf 89' lang='lat' dir='ltr'><strong>potuisset?</strong></span> <span class='ocrx_word' id='word_1_277' title='bbox 2290 1653 2567 1710; x_wconf 87' lang='lat' dir='ltr'><strong>Tenemus</strong></span> <span class='ocrx_word' id='word_1_278' title='bbox 2598 1655 2765 1725; x_wconf 81' lang='lat' dir='ltr'><strong>igitur</strong></span> <span class='ocrx_word' id='word_1_279' title='bbox 2792 1656 2937 1711; x_wconf 89' lang='lat' dir='ltr'><strong>inter</strong></span> <span class='ocrx_word' id='word_1_280' title='bbox 2975 1655 3254 1726; x_wconf 89' lang='lat' dir='ltr'><strong>Apollonii</strong></span> <span class='ocrx_word' id='word_1_281' title='bbox 3287 1663 3530 1726; x_wconf 67' lang='lat' dir='ltr'><strong>praecep-</strong></span> 
     </span>
    </p>
   </div>
   <div class='ocr_carea' id='block_1_41' title="bbox 1944 1746 3534 1818">
    <p class='ocr_par' dir='ltr' id='par_1_41' title="bbox 1944 1746 3534 1818">
     <span class='ocr_line' id='line_1_41' title="bbox 1944 1746 3534 1818; baseline 0.001 -18"><span class='ocrx_word' id='word_1_282' title='bbox 1944 1753 2114 1812; x_wconf 87' lang='lat' dir='ltr'><strong>tores,</strong></span> <span class='ocrx_word' id='word_1_283' title='bbox 2153 1761 2388 1817; x_wconf 90' lang='lat' dir='ltr'><strong>quorum</strong></span> <span class='ocrx_word' id='word_1_284' title='bbox 2423 1748 2738 1818; x_wconf 82' lang='lat' dir='ltr'><strong>catalogum</strong></span> <span class='ocrx_word' id='word_1_285' title='bbox 2777 1746 3051 1815; x_wconf 90' lang='lat' dir='ltr'><strong>dedimus,</strong></span> <span class='ocrx_word' id='word_1_286' title='bbox 3092 1747 3335 1802; x_wconf 81' lang='lat' dir='ltr'><strong>Arabum</strong></span> <span class='ocrx_word' id='word_1_287' title='bbox 3363 1747 3534 1802; x_wconf 92' lang='lat' dir='ltr'><strong>etiam</strong></span> 
     </span>
    </p>
   </div>
   <div class='ocr_carea' id='block_1_42' title="bbox 1947 1837 3536 1910">
    <p class='ocr_par' dir='ltr' id='par_1_42' title="bbox 1947 1837 3536 1910">
     <span class='ocr_line' id='line_1_42' title="bbox 1947 1837 3536 1910; baseline 0 -16"><span class='ocrx_word' id='word_1_288' title='bbox 1947 1839 2248 1910; x_wconf 88' lang='lat' dir='ltr'><strong>sapientes,</strong></span> <span class='ocrx_word' id='word_1_289' title='bbox 2277 1839 2415 1895; x_wconf 91' lang='lat' dir='ltr'><strong>artis</strong></span> <span class='ocrx_word' id='word_1_290' title='bbox 2448 1840 2748 1910; x_wconf 79' lang='lat' dir='ltr'><strong>auguralis,</strong></span> <span class='ocrx_word' id='word_1_291' title='bbox 2781 1855 2892 1910; x_wconf 90' lang='lat' dir='ltr'><strong>qua</strong></span> <span class='ocrx_word' id='word_1_292' title='bbox 2915 1841 3033 1910; x_wconf 93' lang='lat' dir='ltr'><strong>ipse</strong></span> <span class='ocrx_word' id='word_1_293' title='bbox 3077 1840 3400 1910; x_wconf 79' lang='lat' dir='ltr'><strong>praestabat,</strong></span> <span class='ocrx_word' id='word_1_294' title='bbox 3432 1837 3536 1894; x_wconf 83' lang='lat' dir='ltr'><strong>do-</strong></span> 
     </span>
    </p>
   </div>
   <div class='ocr_carea' id='block_1_43' title="bbox 1943 1931 3534 2002">
    <p class='ocr_par' dir='ltr' id='par_1_43' title="bbox 1943 1931 3534 2002">
     <span class='ocr_line' id='line_1_43' title="bbox 1943 1931 3534 2002; baseline 0.001 -16"><span class='ocrx_word' id='word_1_295' title='bbox 1943 1937 2126 1986; x_wconf 91' lang='lat' dir='ltr'><strong>ctores</strong></span> <span class='ocrx_word' id='word_1_296' title='bbox 2155 1947 2168 1982; x_wconf 89' lang='lat'><strong>:</strong></span> <span class='ocrx_word' id='word_1_297' title='bbox 2201 1931 2385 2001; x_wconf 87' lang='lat' dir='ltr'><strong>cujus,</strong></span> <span class='ocrx_word' id='word_1_298' title='bbox 2417 1943 2478 1986; x_wconf 90' lang='lat' dir='ltr'><strong>ut</strong></span> <span class='ocrx_word' id='word_1_299' title='bbox 2498 1932 2810 1987; x_wconf 88' lang='lat' dir='ltr'><strong>verosimile</strong></span> <span class='ocrx_word' id='word_1_300' title='bbox 2834 1939 2940 1995; x_wconf 89' lang='lat' dir='ltr'><strong>est,</strong></span> <span class='ocrx_word' id='word_1_301' title='bbox 2971 1931 3311 2000; x_wconf 90' lang='lat' dir='ltr'><strong>adjumento,</strong></span> <span class='ocrx_word' id='word_1_302' title='bbox 3341 1939 3534 2002; x_wconf 70' lang='lat' dir='ltr'><strong>postea</strong></span> 
     </span>
    </p>
   </div>
   <div class='ocr_carea' id='block_1_44' title="bbox 1943 2023 3534 2095">
    <p class='ocr_par' dir='ltr' id='par_1_44' title="bbox 1943 2023 3534 2095">
     <span class='ocr_line' id='line_1_44' title="bbox 1943 2023 3534 2095; baseline 0.001 -17"><span class='ocrx_word' id='word_1_303' title='bbox 1943 2023 2239 2095; x_wconf 87' lang='lat' dir='ltr'><strong>aliquando</strong></span> <span class='ocrx_word' id='word_1_304' title='bbox 2270 2023 2338 2078; x_wconf 92' lang='lat' dir='ltr'><strong>de</strong></span> <span class='ocrx_word' id='word_1_305' title='bbox 2360 2024 2682 2093; x_wconf 91' lang='lat' dir='ltr'><strong>passerculo</strong></span> <span class='ocrx_word' id='word_1_306' title='bbox 2703 2025 2770 2089; x_wconf 66' lang='grc' dir='ltr'>η,</span> <span class='ocrx_word' id='word_1_307' title='bbox 2801 2023 2936 2094; x_wconf 87' lang='lat' dir='ltr'><strong>quid</strong></span> <span class='ocrx_word' id='word_1_308' title='bbox 2958 2023 3065 2079; x_wconf 84' lang='lat' dir='ltr'><strong>sibi</strong></span> <span class='ocrx_word' id='word_1_309' title='bbox 3101 2024 3255 2090; x_wconf 85' lang='lat' dir='ltr'><strong>velit,</strong></span> <span class='ocrx_word' id='word_1_310' title='bbox 3289 2023 3419 2078; x_wconf 93' lang='lat' dir='ltr'><strong>dum</strong></span> <span class='ocrx_word' id='word_1_311' title='bbox 3441 2039 3534 2080; x_wconf 57' lang='lat' dir='ltr'><strong>soa-</strong></span> 
     </span>
    </p>
   </div>
   <div class='ocr_carea' id='block_1_45' title="bbox 1942 2115 3532 2186">
    <p class='ocr_par' dir='ltr' id='par_1_45' title="bbox 1942 2115 3532 2186">
     <span class='ocr_line' id='line_1_45' title="bbox 1942 2115 3532 2186; baseline -0.001 -14"><span class='ocrx_word' id='word_1_312' title='bbox 1942 2117 2060 2172; x_wconf 91' lang='lat' dir='ltr'><strong>cios</strong></span> <span class='ocrx_word' id='word_1_313' title='bbox 2098 2115 2167 2171; x_wconf 89' lang='lat' dir='ltr'><strong>ad</strong></span> <span class='ocrx_word' id='word_1_314' title='bbox 2198 2122 2418 2186; x_wconf 86' lang='lat' dir='ltr'><strong>pastum</strong></span> <span class='ocrx_word' id='word_1_315' title='bbox 2448 2115 2730 2181; x_wconf 89' lang='lat' dir='ltr'><strong>invitaret,</strong></span> <span class='ocrx_word' id='word_1_316' title='bbox 2761 2115 3121 2180; x_wconf 89' lang='lat' dir='ltr'><strong>vaticinatus,</strong></span> <span class='ocrx_word' id='word_1_317' title='bbox 3149 2130 3267 2170; x_wconf 90' lang='lat' dir='ltr'><strong>rem</strong></span> <span class='ocrx_word' id='word_1_318' title='bbox 3293 2116 3532 2171; x_wconf 72' lang='lat' dir='ltr'><strong>maxime</strong></span> 
     </span>
    </p>
   </div>
   <div class='ocr_carea' id='block_1_46' title="bbox 1943 2207 3528 2278">
    <p class='ocr_par' dir='ltr' id='par_1_46' title="bbox 1943 2207 3528 2278">
     <span class='ocr_line' id='line_1_46' title="bbox 1943 2207 3528 2278; baseline -0.001 -16"><span class='ocrx_word' id='word_1_319' title='bbox 1943 2208 2254 2262; x_wconf 87' lang='lat' dir='ltr'><strong>mirandam</strong></span> <span class='ocrx_word' id='word_1_320' title='bbox 2287 2215 2551 2278; x_wconf 62' lang='lat' dir='ltr'><strong>praestare</strong></span> <span class='ocrx_word' id='word_1_321' title='bbox 2573 2208 2938 2278; x_wconf 67' lang='lat' dir='ltr'><strong>praesentibus</strong></span> <span class='ocrx_word' id='word_1_322' title='bbox 2962 2207 3222 2262; x_wconf 90' lang='lat' dir='ltr'><strong>omnibus</strong></span> <span class='ocrx_word' id='word_1_323' title='bbox 3243 2215 3329 2263; x_wconf 85' lang='lat' dir='ltr'><strong>est</strong></span> <span class='ocrx_word' id='word_1_324' title='bbox 3349 2222 3528 2263; x_wconf 78' lang='lat' dir='ltr'><strong>Visus.</strong></span> 
     </span>
    </p>
   </div>
   <div class='ocr_carea' id='block_1_47' title="bbox 1947 2299 3536 2367">
    <p class='ocr_par' dir='ltr' id='par_1_47' title="bbox 1947 2299 3536 2367">
     <span class='ocr_line' id='line_1_47' title="bbox 1947 2299 3536 2367; baseline 0 -11"><span class='ocrx_word' id='word_1_325' title='bbox 1947 2299 2236 2366; x_wconf 90' lang='lat' dir='ltr'><strong>Similiter,</strong></span> <span class='ocrx_word' id='word_1_326' title='bbox 2270 2317 2470 2357; x_wconf 71' lang='lat' dir='ltr'><strong>caesam</strong></span> <span class='ocrx_word' id='word_1_327' title='bbox 2501 2303 2665 2358; x_wconf 93' lang='lat' dir='ltr'><strong>modo</strong></span> <span class='ocrx_word' id='word_1_328' title='bbox 2693 2303 2946 2367; x_wconf 74' lang='lat' dir='ltr'><strong>leaenam,</strong></span> <span class='ocrx_word' id='word_1_329' title='bbox 2975 2313 3086 2356; x_wconf 88' lang='lat' dir='ltr'><strong>una</strong></span> <span class='ocrx_word' id='word_1_330' title='bbox 3125 2317 3255 2357; x_wconf 87' lang='lat' dir='ltr'><strong>cum</strong></span> <span class='ocrx_word' id='word_1_331' title='bbox 3281 2311 3409 2357; x_wconf 90' lang='lat' dir='ltr'><strong>octo</strong></span> <span class='ocrx_word' id='word_1_332' title='bbox 3440 2315 3536 2356; x_wconf 76' lang='lat' dir='ltr'><strong>ca-</strong></span> 
     </span>
    </p>
   </div>
   <div class='ocr_carea' id='block_1_48' title="bbox 245 2395 3572 2486">
    <p class='ocr_par' dir='ltr' id='par_1_48' title="bbox 245 2395 3572 2486">
     <span class='ocr_line' id='line_1_48' title="bbox 245 2395 3572 2486; baseline -0.002 -30"><span class='ocrx_word' id='word_1_333' title='bbox 245 2404 403 2467; x_wconf 89' lang='lat' dir='ltr'><strong>tulis,</strong></span> <span class='ocrx_word' id='word_1_334' title='bbox 437 2404 492 2458; x_wconf 91' lang='lat' dir='ltr'><strong>in</strong></span> <span class='ocrx_word' id='word_1_335' title='bbox 533 2405 728 2458; x_wconf 87' lang='lat' dir='ltr'><strong>itinere</strong></span> <span class='ocrx_word' id='word_1_336' title='bbox 757 2419 855 2474; x_wconf 91' lang='lat' dir='ltr'><strong>per</strong></span> <span class='ocrx_word' id='word_1_337' title='bbox 897 2403 1184 2473; x_wconf 89' lang='lat' dir='ltr'><strong>Assyriam</strong></span> <span class='ocrx_word' id='word_1_338' title='bbox 1234 2401 1624 2469; x_wconf 85' lang='lat' dir='ltr'><strong>conspicatus,</strong></span> <span class='ocrx_word' id='word_1_339' title='bbox 1659 2397 1831 2465; x_wconf 89' lang='lat' dir='ltr'><strong>illico,</strong></span> <span class='ocrx_word' id='word_1_340' title='bbox 1872 2413 1940 2454; x_wconf 78' lang='lat' dir='ltr'><strong>ex</strong></span> <span class='ocrx_word' id='word_1_341' title='bbox 1973 2400 2082 2456; x_wconf 89' lang='lat' dir='ltr'><strong>isto</strong></span> <span class='ocrx_word' id='word_1_342' title='bbox 2103 2398 2480 2470; x_wconf 87' lang='lat' dir='ltr'><strong>conjecturam</strong></span> <span class='ocrx_word' id='word_1_343' title='bbox 2539 2397 2751 2454; x_wconf 80' lang='lat' dir='ltr'><strong>faciens</strong></span> <span class='ocrx_word' id='word_1_344' title='bbox 2777 2398 2820 2430; x_wconf 83' lang='grc'>¹⁸</span> <span class='ocrx_word' id='word_1_345' title='bbox 2859 2397 3216 2464; x_wconf 89' lang='lat' dir='ltr'><strong>documento,</strong></span> <span class='ocrx_word' id='word_1_346' title='bbox 3270 2395 3572 2486; x_wconf 34' lang='lat' dir='ltr'><strong>facienda.</strong></span> 
     </span>
    </p>
   </div>
   <div class='ocr_carea' id='block_1_49' title="bbox 246 2497 1500 2570">
    <p class='ocr_par' dir='ltr' id='par_1_49' title="bbox 246 2497 1500 2570">
     <span class='ocr_line' id='line_1_49' title="bbox 246 2497 1500 2570; baseline -0.002 -16"><span class='ocrx_word' id='word_1_347' title='bbox 246 2499 356 2555; x_wconf 88' lang='lat' dir='ltr'><strong>sibi</strong></span> <span class='ocrx_word' id='word_1_348' title='bbox 384 2499 524 2570; x_wconf 88' lang='lat' dir='ltr'><strong>apud</strong></span> <span class='ocrx_word' id='word_1_349' title='bbox 554 2498 752 2555; x_wconf 82' lang='lat' dir='ltr'><strong>Persas</strong></span> <span class='ocrx_word' id='word_1_350' title='bbox 782 2513 949 2553; x_wconf 77' lang='lat' dir='ltr'><strong>mora:</strong></span> <span class='ocrx_word' id='word_1_351' title='bbox 976 2507 1192 2568; x_wconf 86' lang='lat' dir='ltr'><strong>tempus</strong></span> <span class='ocrx_word' id='word_1_352' title='bbox 1222 2497 1500 2569; x_wconf 65' lang='lat' dir='ltr'><strong>praedixit.</strong></span> 
     </span>
    </p>
   </div>
   <div class='ocr_carea' id='block_1_50' title="bbox 774 2612 1320 2674">
    <p class='ocr_par' dir='ltr' id='par_1_50' title="bbox 774 2612 1320 2674">
     <span class='ocr_line' id='line_1_50' title="bbox 774 2612 1320 2674; baseline -0.002 -1"><span class='ocrx_word' id='word_1_353' title='bbox 774 2612 1174 2674; x_wconf 79' lang='grc' dir='ltr'><strong>ΚΕΦΑΛΑΙΟΝ</strong></span> <span class='ocrx_word' id='word_1_354' title='bbox 1216 2620 1320 2672; x_wconf 84' lang='lat' dir='ltr'><strong>IA&#39;.</strong></span> 
     </span>
    </p>
   </div>
   <div class='ocr_carea' id='block_1_51' title="bbox 335 2701 1841 2785">
    <p class='ocr_par' dir='ltr' id='par_1_51' title="bbox 335 2701 1841 2785">
     <span class='ocr_line' id='line_1_51' title="bbox 335 2701 1841 2785; baseline -0.001 -19"><span class='ocrx_word' id='word_1_355' title='bbox 335 2701 626 2767; x_wconf 83' lang='grc' dir='ltr'>Ἀκόλουθα</span> <span class='ocrx_word' id='word_1_356' title='bbox 678 2704 735 2766; x_wconf 76' lang='grc' dir='ltr'><strong>δὲ</strong></span> <span class='ocrx_word' id='word_1_357' title='bbox 777 2716 844 2784; x_wconf 82' lang='grc' dir='ltr'>τῇ</span> <span class='ocrx_word' id='word_1_358' title='bbox 907 2713 1059 2785; x_wconf 87' lang='grc' dir='ltr'><strong>παρά</strong></span> <span class='ocrx_word' id='word_1_359' title='bbox 1103 2716 1215 2775; x_wconf 86' lang='grc' dir='ltr'>τοῖς</span> <span class='ocrx_word' id='word_1_360' title='bbox 1269 2712 1545 2784; x_wconf 83' lang='grc' dir='ltr'>Ἀραϐίοις</span> <span class='ocrx_word' id='word_1_361' title='bbox 1597 2711 1841 2784; x_wconf 82' lang='grc' dir='ltr'>φοιτήσει</span> 
     </span>
    </p>
   </div>
   <div class='ocr_carea' id='block_1_52' title="bbox 249 2794 1845 2878">
    <p class='ocr_par' dir='ltr' id='par_1_52' title="bbox 249 2794 1845 2878">
     <span class='ocr_line' id='line_1_52' title="bbox 249 2794 1845 2878; baseline -0.001 -19"><span class='ocrx_word' id='word_1_362' title='bbox 249 2807 524 2878; x_wconf 70' lang='grc' dir='ltr'>ἐγχειρεῖν</span> <span class='ocrx_word' id='word_1_363' title='bbox 556 2794 719 2859; x_wconf 69' lang='grc' dir='ltr'>αὑτὸν</span> <span class='ocrx_word' id='word_1_364' title='bbox 749 2807 844 2860; x_wconf 74' lang='grc' dir='ltr'><strong>καὶ</strong></span> <span class='ocrx_word' id='word_1_365' title='bbox 877 2805 1031 2878; x_wconf 87' lang='grc' dir='ltr'><strong>παρά</strong></span> <span class='ocrx_word' id='word_1_366' title='bbox 1065 2807 1306 2878; x_wconf 87' lang='grc' dir='ltr'>Πέρσαις</span> <span class='ocrx_word' id='word_1_367' title='bbox 1343 2805 1371 2857; x_wconf 80' lang='grc' dir='ltr'>ὁ</span> <span class='ocrx_word' id='word_1_368' title='bbox 1404 2805 1568 2869; x_wconf 76' lang='grc' dir='ltr'>αὐτὸς</span> <span class='ocrx_word' id='word_1_369' title='bbox 1603 2803 1845 2876; x_wconf 83' lang='grc' dir='ltr'>ξυγγρα-</span> 
     </span>
    </p>
   </div>
   <div class='ocr_carea' id='block_1_53' title="bbox 249 2895 1842 2967">
    <p class='ocr_par' dir='ltr' id='par_1_53' title="bbox 249 2895 1842 2967">
     <span class='ocr_line' id='line_1_53' title="bbox 249 2895 1842 2967; baseline -0.001 -18"><span class='ocrx_word' id='word_1_370' title='bbox 249 2899 390 2966; x_wconf 75' lang='grc' dir='ltr'>φεὺς</span> <span class='ocrx_word' id='word_1_371' title='bbox 424 2899 642 2967; x_wconf 78' lang='grc' dir='ltr'>ἱστορεῖ.</span> <span class='ocrx_word' id='word_1_372' title='bbox 677 2895 767 2967; x_wconf 83' lang='grc' dir='ltr'><strong>Τῷ</strong></span> <span class='ocrx_word' id='word_1_373' title='bbox 797 2896 905 2967; x_wconf 88' lang='grc' dir='ltr'><strong>γάρ</strong></span> <span class='ocrx_word' id='word_1_374' title='bbox 930 2914 1013 2949; x_wconf 93' lang='grc' dir='ltr'><strong>τοι</strong></span> <span class='ocrx_word' id='word_1_375' title='bbox 1052 2895 1267 2966; x_wconf 84' lang='grc' dir='ltr'>Δάμιδι,</span> <span class='ocrx_word' id='word_1_376' title='bbox 1297 2896 1356 2960; x_wconf 88' lang='grc' dir='ltr'>ὃς</span> <span class='ocrx_word' id='word_1_377' title='bbox 1385 2896 1543 2966; x_wconf 83' lang='grc' dir='ltr'>μόνος</span> <span class='ocrx_word' id='word_1_378' title='bbox 1582 2896 1842 2966; x_wconf 80' lang='grc' dir='ltr'>φοιτητὴς</span> 
     </span>
    </p>
   </div>
   <div class='ocr_carea' id='block_1_54' title="bbox 2436 2589 2992 2675">
    <p class='ocr_par' dir='ltr' id='par_1_54' title="bbox 2436 2589 2992 2675">
     <span class='ocr_line' id='line_1_54' title="bbox 2436 2589 2992 2675; baseline -0.002 -14"><span class='ocrx_word' id='word_1_379' title='bbox 2436 2601 2603 2675; x_wconf 80' lang='lat'><strong>519</strong></span> <span class='ocrx_word' id='word_1_380' title='bbox 2635 2595 2865 2661; x_wconf 79' lang='lat' dir='ltr'><strong>CAPUT</strong></span> <span class='ocrx_word' id='word_1_381' title='bbox 2901 2589 2992 2660; x_wconf 76' lang='lat' dir='ltr'><strong>XI.</strong></span> 
     </span>
    </p>
   </div>
   <div class='ocr_carea' id='block_1_55' title="bbox 2019 2683 3530 2772">
    <p class='ocr_par' dir='ltr' id='par_1_55' title="bbox 2019 2683 3530 2772">
     <span class='ocr_line' id='line_1_55' title="bbox 2019 2683 3530 2772; baseline -0.003 -12"><span class='ocrx_word' id='word_1_382' title='bbox 2019 2703 2401 2760; x_wconf 84' lang='lat' dir='ltr'><strong>Consentan‘ea</strong></span> <span class='ocrx_word' id='word_1_383' title='bbox 2427 2707 2610 2758; x_wconf 78' lang='lat' dir='ltr'><strong>autem</strong></span> <span class='ocrx_word' id='word_1_384' title='bbox 2629 2701 2932 2772; x_wconf 75' lang='lat' dir='ltr'><strong>disciplinae&quot;</strong></span> <span class='ocrx_word' id='word_1_385' title='bbox 2959 2698 3103 2772; x_wconf 86' lang='lat' dir='ltr'><strong>apud</strong></span> <span class='ocrx_word' id='word_1_386' title='bbox 3119 2691 3351 2766; x_wconf 82' lang='lat' dir='ltr'><strong>Arabes,</strong></span> <span class='ocrx_word' id='word_1_387' title='bbox 3383 2683 3530 2771; x_wconf 76' lang='lat' dir='ltr'><strong>apud</strong></span> 
     </span>
    </p>
   </div>
   <div class='ocr_carea' id='block_1_56' title="bbox 1948 2792 3536 2867">
    <p class='ocr_par' dir='ltr' id='par_1_56' title="bbox 1948 2792 3536 2867">
     <span class='ocr_line' id='line_1_56' title="bbox 1948 2792 3536 2867; baseline -0.002 -16"><span class='ocrx_word' id='word_1_388' title='bbox 1948 2795 2148 2853; x_wconf 83' lang='lat' dir='ltr'><strong>Persas</strong></span> <span class='ocrx_word' id='word_1_389' title='bbox 2177 2800 2398 2867; x_wconf 86' lang='lat' dir='ltr'><strong>qu&#39;oque</strong></span> <span class='ocrx_word' id='word_1_390' title='bbox 2430 2809 2752 2866; x_wconf 81' lang='lat' dir='ltr'><strong>aggressum</strong></span> <span class='ocrx_word' id='word_1_391' title='bbox 2779 2802 2903 2848; x_wconf 87' lang='lat' dir='ltr'><strong>eum</strong></span> <span class='ocrx_word' id='word_1_392' title='bbox 2933 2792 3126 2857; x_wconf 79' lang='lat' dir='ltr'><strong>fuisse,</strong></span> <span class='ocrx_word' id='word_1_393' title='bbox 3171 2792 3313 2847; x_wconf 88' lang='lat' dir='ltr'><strong>idem</strong></span> <span class='ocrx_word' id='word_1_394' title='bbox 3340 2795 3536 2848; x_wconf 76' lang='lat' dir='ltr'><strong>auctor</strong></span> 
     </span>
    </p>
   </div>
   <div class='ocr_carea' id='block_1_57' title="bbox 1949 2883 3536 2955">
    <p class='ocr_par' dir='ltr' id='par_1_57' title="bbox 1949 2883 3536 2955">
     <span class='ocr_line' id='line_1_57' title="bbox 1949 2883 3536 2955; baseline -0.003 -11"><span class='ocrx_word' id='word_1_395' title='bbox 1949 2897 2364 2944; x_wconf 84' lang='lat' dir='ltr'><strong>commemorat.</strong></span> <span class='ocrx_word' id='word_1_396' title='bbox 2401 2884 2686 2940; x_wconf 88' lang='lat' dir='ltr'><strong>Damidem</strong></span> <span class='ocrx_word' id='word_1_397' title='bbox 2730 2885 2900 2950; x_wconf 88' lang='lat' dir='ltr'><strong>enim,</strong></span> <span class='ocrx_word' id='word_1_398' title='bbox 2935 2884 3029 2955; x_wconf 91' lang='lat' dir='ltr'><strong>qui</strong></span> <span class='ocrx_word' id='word_1_399' title='bbox 3084 2884 3236 2940; x_wconf 87' lang='lat' dir='ltr'><strong>solus</strong></span> <span class='ocrx_word' id='word_1_400' title='bbox 3283 2883 3388 2954; x_wconf 88' lang='lat' dir='ltr'><strong>ipsi</strong></span> <span class='ocrx_word' id='word_1_401' title='bbox 3415 2891 3536 2939; x_wconf 90' lang='lat' dir='ltr'><strong>erat</strong></span> 
     </span>
    </p>
   </div>
   <div class='ocr_carea' id='block_1_58' title="bbox 246 2973 1843 3059">
    <p class='ocr_par' dir='ltr' id='par_1_58' title="bbox 246 2975 1842 3059">
     <span class='ocr_line' id='line_1_58' title="bbox 246 2975 1842 3059; baseline 0.002 -22"><span class='ocrx_word' id='word_1_402' title='bbox 246 2975 319 3058; x_wconf 75' lang='grc' dir='ltr'>ἦν</span> <span class='ocrx_word' id='word_1_403' title='bbox 349 2985 496 3056; x_wconf 81' lang='grc' dir='ltr'>αὐτῷ</span> <span class='ocrx_word' id='word_1_404' title='bbox 536 2979 630 3040; x_wconf 64' lang='grc' dir='ltr'><strong>καὶ</strong></span> <span class='ocrx_word' id='word_1_405' title='bbox 677 2988 912 3059; x_wconf 78' lang='grc' dir='ltr'>ἑταῖρος,</span> <span class='ocrx_word' id='word_1_406' title='bbox 944 2988 1332 3058; x_wconf 85' lang='grc' dir='ltr'>ἀπαγορεύσας</span> <span class='ocrx_word' id='word_1_407' title='bbox 1369 2988 1481 3059; x_wconf 82' lang='grc'><strong>(71)</strong></span> <span class='ocrx_word' id='word_1_408' title='bbox 1531 2987 1681 3059; x_wconf 87' lang='grc' dir='ltr'><strong>παρά</strong></span> <span class='ocrx_word' id='word_1_409' title='bbox 1713 2988 1842 3051; x_wconf 82' lang='grc' dir='ltr'>τοὺς</span> 
     </span>
    </p>
   </div>
   <div class='ocr_carea' id='block_1_59' title="bbox 1951 2973 3530 3059">
    <p class='ocr_par' dir='ltr' id='par_1_59' title="bbox 1951 2973 3530 3051">
     <span class='ocr_line' id='line_1_59' title="bbox 1951 2973 3530 3051; baseline -0.002 -15"><span class='ocrx_word' id='word_1_410' title='bbox 1951 2978 2250 3051; x_wconf 83' lang='lat' dir='ltr'><strong>discipulus</strong></span> <span class='ocrx_word' id='word_1_411' title='bbox 2267 2979 2583 3049; x_wconf 88' lang='lat' dir='ltr'><strong>sociusque,</strong></span> <span class='ocrx_word' id='word_1_412' title='bbox 2599 2977 2898 3048; x_wconf 88' lang='lat' dir='ltr'><strong>prohibens</strong></span> <span class='ocrx_word' id='word_1_413' title='bbox 2925 2977 2993 3031; x_wconf 85' lang='lat' dir='ltr'><strong>ad</strong></span> <span class='ocrx_word' id='word_1_414' title='bbox 3017 2984 3206 3046; x_wconf 81' lang='lat' dir='ltr'><strong>magos</strong></span> <span class='ocrx_word' id='word_1_415' title='bbox 3222 2973 3530 3040; x_wconf 80' lang='lat' dir='ltr'><strong>accessu&quot;,</strong></span> 
     </span>
    </p>
   </div>
   <div class='ocr_carea' id='block_1_60' title="bbox 251 3079 1840 3152">
    <p class='ocr_par' dir='ltr' id='par_1_60' title="bbox 251 3079 1840 3152">
     <span class='ocr_line' id='line_1_60' title="bbox 251 3079 1840 3152; baseline -0.001 -18"><span class='ocrx_word' id='word_1_416' title='bbox 251 3082 463 3151; x_wconf 78' lang='grc' dir='ltr'>μάγους</span> <span class='ocrx_word' id='word_1_417' title='bbox 500 3081 656 3143; x_wconf 81' lang='grc' dir='ltr'>ἰέναι,</span> <span class='ocrx_word' id='word_1_418' title='bbox 684 3079 842 3152; x_wconf 80' lang='grc' dir='ltr'>μόνος</span> <span class='ocrx_word' id='word_1_419' title='bbox 865 3080 1048 3146; x_wconf 84' lang='grc' dir='ltr'>αὐτὸς,</span> <span class='ocrx_word' id='word_1_420' title='bbox 1077 3082 1153 3146; x_wconf 84' lang='grc' dir='ltr'>ὼς</span> <span class='ocrx_word' id='word_1_421' title='bbox 1188 3081 1254 3134; x_wconf 84' lang='grc' dir='ltr'><strong>ἂν</strong></span> <span class='ocrx_word' id='word_1_422' title='bbox 1279 3082 1354 3152; x_wconf 82' lang='grc' dir='ltr'><strong>μὴ</strong></span> <span class='ocrx_word' id='word_1_423' title='bbox 1389 3083 1504 3152; x_wconf 89' lang='grc' dir='ltr'>μετ’</span> <span class='ocrx_word' id='word_1_424' title='bbox 1527 3079 1840 3151; x_wconf 78' lang='grc' dir='ltr'>ἀγνώμονος</span> 
     </span>
    </p>
   </div>
   <div class='ocr_carea' id='block_1_61' title="bbox 248 3158 1840 3245">
    <p class='ocr_par' dir='ltr' id='par_1_61' title="bbox 248 3158 1840 3245">
     <span class='ocr_line' id='line_1_61' title="bbox 248 3158 1840 3245; baseline -0.001 -19"><span class='ocrx_word' id='word_1_425' title='bbox 248 3158 452 3244; x_wconf 70' lang='grc' dir='ltr'>δηλαδὴ</span> <span class='ocrx_word' id='word_1_426' title='bbox 484 3175 552 3226; x_wconf 75' lang='grc' dir='ltr'>τὰ</span> <span class='ocrx_word' id='word_1_427' title='bbox 572 3174 671 3244; x_wconf 78' lang='grc' dir='ltr'>τῆς</span> <span class='ocrx_word' id='word_1_428' title='bbox 702 3174 934 3244; x_wconf 88' lang='grc' dir='ltr'>μαγείας</span> <span class='ocrx_word' id='word_1_429' title='bbox 965 3174 1258 3245; x_wconf 86' lang='grc' dir='ltr'>μανθάνοι,</span> <span class='ocrx_word' id='word_1_430' title='bbox 1291 3173 1635 3245; x_wconf 73' lang='grc' dir='ltr'>μεσημϐρίας</span> <span class='ocrx_word' id='word_1_431' title='bbox 1655 3183 1735 3235; x_wconf 79' lang='grc' dir='ltr'><strong>τε,</strong></span> <span class='ocrx_word' id='word_1_432' title='bbox 1765 3173 1840 3236; x_wconf 84' lang='grc' dir='ltr'>ὼς</span> 
     </span>
    </p>
   </div>
   <div class='ocr_carea' id='block_1_62' title="bbox 247 3261 1838 3336">
    <p class='ocr_par' dir='ltr' id='par_1_62' title="bbox 247 3261 1838 3336">
     <span class='ocr_line' id='line_1_62' title="bbox 247 3261 1838 3336; baseline -0.001 -18"><span class='ocrx_word' id='word_1_433' title='bbox 247 3267 396 3336; x_wconf 71' lang='grc' dir='ltr'>ἀμφὶ</span> <span class='ocrx_word' id='word_1_434' title='bbox 427 3265 599 3336; x_wconf 83' lang='grc' dir='ltr'>μέσας</span> <span class='ocrx_word' id='word_1_435' title='bbox 627 3264 849 3328; x_wconf 87' lang='grc' dir='ltr'>νύκτας,</span> <span class='ocrx_word' id='word_1_436' title='bbox 874 3265 974 3329; x_wconf 85' lang='grc' dir='ltr'>τὰς</span> <span class='ocrx_word' id='word_1_437' title='bbox 1005 3265 1121 3335; x_wconf 79' lang='grc' dir='ltr'>μετ’</span> <span class='ocrx_word' id='word_1_438' title='bbox 1151 3264 1327 3318; x_wconf 83' lang='grc' dir='ltr'>αὐτῶν</span> <span class='ocrx_word' id='word_1_439' title='bbox 1359 3261 1594 3318; x_wconf 74' lang='grc' dir='ltr'>ἐποιεῖτο</span> <span class='ocrx_word' id='word_1_440' title='bbox 1624 3263 1838 3335; x_wconf 82' lang='grc' dir='ltr'>σχολὰς.</span> 
     </span>
    </p>
   </div>
   <div class='ocr_carea' id='block_1_63' title="bbox 252 3343 1841 3426">
    <p class='ocr_par' dir='ltr' id='par_1_63' title="bbox 252 3343 1841 3426">
     <span class='ocr_line' id='line_1_63' title="bbox 252 3343 1841 3426; baseline -0.002 -18"><span class='ocrx_word' id='word_1_441' title='bbox 252 3343 378 3408; x_wconf 83' lang='grc' dir='ltr'>Ἔτι</span> <span class='ocrx_word' id='word_1_442' title='bbox 405 3355 461 3408; x_wconf 90' lang='grc' dir='ltr'><strong>δέ</strong></span> <span class='ocrx_word' id='word_1_443' title='bbox 490 3355 774 3426; x_wconf 78' lang='grc' dir='ltr'>Οὐαρδάνῃ</span> <span class='ocrx_word' id='word_1_444' title='bbox 807 3354 1136 3426; x_wconf 85' lang='grc' dir='ltr'>Βαϐυλωνίῳ</span> <span class='ocrx_word' id='word_1_445' title='bbox 1174 3355 1231 3417; x_wconf 88' lang='grc' dir='ltr'><strong>ἐς</strong></span> <span class='ocrx_word' id='word_1_446' title='bbox 1266 3353 1457 3422; x_wconf 87' lang='grc' dir='ltr'>λόγους</span> <span class='ocrx_word' id='word_1_447' title='bbox 1491 3347 1708 3406; x_wconf 83' lang='grc' dir='ltr'>ἐλθόντα</span> <span class='ocrx_word' id='word_1_448' title='bbox 1743 3352 1841 3424; x_wconf 86' lang='grc' dir='ltr'><strong>βα-</strong></span> 
     </span>
    </p>
   </div>
   <div class='ocr_carea' id='block_1_64' title="bbox 252 3435 1842 3518">
    <p class='ocr_par' dir='ltr' id='par_1_64' title="bbox 252 3435 1842 3518">
     <span class='ocr_line' id='line_1_64' title="bbox 252 3435 1842 3518; baseline -0.002 -17"><span class='ocrx_word' id='word_1_449' title='bbox 252 3435 412 3509; x_wconf 72' lang='grc' dir='ltr'>σιλεῖ,</span> <span class='ocrx_word' id='word_1_450' title='bbox 435 3441 538 3501; x_wconf 79' lang='grc' dir='ltr'>ὧδέ</span> <span class='ocrx_word' id='word_1_451' title='bbox 565 3465 680 3511; x_wconf 87' lang='grc' dir='ltr'><strong>πως</strong></span> <span class='ocrx_word' id='word_1_452' title='bbox 709 3447 888 3515; x_wconf 88' lang='grc' dir='ltr'>λέγειν</span> <span class='ocrx_word' id='word_1_453' title='bbox 917 3447 1083 3500; x_wconf 79' lang='grc' dir='ltr'>αὑτὸν</span> <span class='ocrx_word' id='word_1_454' title='bbox 1121 3446 1477 3518; x_wconf 80' lang='grc' dir='ltr'>παρατίθεται</span> <span class='ocrx_word' id='word_1_455' title='bbox 1497 3457 1509 3476; x_wconf 80' lang='lat'>&quot;</span> <span class='ocrx_word' id='word_1_456' title='bbox 1544 3464 1562 3496; x_wconf 80' lang='grc' dir='ltr'><strong>ι</strong></span> <span class='ocrx_word' id='word_1_457' title='bbox 1591 3445 1759 3516; x_wconf 74' lang='grc' dir='ltr'>Σοφία</span> <span class='ocrx_word' id='word_1_458' title='bbox 1785 3445 1842 3498; x_wconf 87' lang='grc' dir='ltr'><strong>δέ</strong></span> 
     </span>
    </p>
   </div>
   <div class='ocr_carea' id='block_1_65' title="bbox 251 3537 1845 3612">
    <p class='ocr_par' dir='ltr' id='par_1_65' title="bbox 251 3537 1845 3612">
     <span class='ocr_line' id='line_1_65' title="bbox 251 3537 1845 3612; baseline -0.003 -18"><span class='ocrx_word' id='word_1_459' title='bbox 251 3549 345 3612; x_wconf 77' lang='grc' dir='ltr'><strong>μοι</strong></span> <span class='ocrx_word' id='word_1_460' title='bbox 399 3540 760 3610; x_wconf 83' lang='grc' dir='ltr'>Πυθαγόρου,</span> <span class='ocrx_word' id='word_1_461' title='bbox 803 3539 1008 3610; x_wconf 88' lang='grc' dir='ltr'>Σαμίου</span> <span class='ocrx_word' id='word_1_462' title='bbox 1076 3538 1302 3610; x_wconf 76' lang='grc' dir='ltr'>ἀνδρὸς,</span> <span class='ocrx_word' id='word_1_463' title='bbox 1365 3537 1424 3602; x_wconf 75' lang='grc' dir='ltr'>ὃς</span> <span class='ocrx_word' id='word_1_464' title='bbox 1477 3537 1633 3601; x_wconf 81' lang='grc' dir='ltr'>θεοὺς</span> <span class='ocrx_word' id='word_1_465' title='bbox 1683 3537 1845 3610; x_wconf 82' lang='grc' dir='ltr'>θερα-</span> 
     </span>
    </p>
   </div>
   <div class='ocr_carea' id='block_1_66' title="bbox 249 3620 1842 3703">
    <p class='ocr_par' dir='ltr' id='par_1_66' title="bbox 249 3620 1842 3703">
     <span class='ocr_line' id='line_1_66' title="bbox 249 3620 1842 3703; baseline -0.003 -19"><span class='ocrx_word' id='word_1_466' title='bbox 249 3631 441 3684; x_wconf 85' lang='grc' dir='ltr'>πεύειν</span> <span class='ocrx_word' id='word_1_467' title='bbox 468 3632 580 3703; x_wconf 71' lang='grc'>(72)</span> <span class='ocrx_word' id='word_1_468' title='bbox 619 3625 724 3685; x_wconf 80' lang='grc' dir='ltr'>ὦδέ</span> <span class='ocrx_word' id='word_1_469' title='bbox 759 3648 826 3702; x_wconf 89' lang='grc' dir='ltr'><strong>με</strong></span> <span class='ocrx_word' id='word_1_470' title='bbox 859 3628 1156 3695; x_wconf 81' lang='grc' dir='ltr'>ἐδιδάξατο,</span> <span class='ocrx_word' id='word_1_471' title='bbox 1184 3628 1260 3692; x_wconf 84' lang='grc' dir='ltr'><strong>ὡς</strong></span> <span class='ocrx_word' id='word_1_472' title='bbox 1285 3620 1397 3697; x_wconf 76' lang='grc'>(75)</span> <span class='ocrx_word' id='word_1_473' title='bbox 1431 3623 1666 3692; x_wconf 82' lang='grc' dir='ltr'>ξυνιέναι</span> <span class='ocrx_word' id='word_1_474' title='bbox 1692 3625 1842 3696; x_wconf 83' lang='grc' dir='ltr'>σφῶν</span> 
     </span>
    </p>
   </div>
   <div class='ocr_carea' id='block_1_67' title="bbox 249 3721 1846 3796">
    <p class='ocr_par' dir='ltr' id='par_1_67' title="bbox 249 3721 1846 3796">
     <span class='ocr_line' id='line_1_67' title="bbox 249 3721 1846 3796; baseline -0.003 -19"><span class='ocrx_word' id='word_1_475' title='bbox 249 3724 547 3796; x_wconf 80' lang='grc' dir='ltr'>ὁρωμένων</span> <span class='ocrx_word' id='word_1_476' title='bbox 576 3741 639 3777; x_wconf 88' lang='grc' dir='ltr'><strong>τε</strong></span> <span class='ocrx_word' id='word_1_477' title='bbox 684 3724 778 3777; x_wconf 73' lang='grc' dir='ltr'><strong>καὶ</strong></span> <span class='ocrx_word' id='word_1_478' title='bbox 801 3723 899 3794; x_wconf 75' lang='grc' dir='ltr'><strong>οὐχ</strong></span> <span class='ocrx_word' id='word_1_479' title='bbox 943 3721 1236 3794; x_wconf 86' lang='grc' dir='ltr'>ὁρωμένων</span> <span class='ocrx_word' id='word_1_480' title='bbox 1256 3737 1268 3750; x_wconf 77' lang='grc'><strong><em>⁸</em></strong></span> <span class='ocrx_word' id='word_1_481' title='bbox 1320 3721 1510 3791; x_wconf 78' lang='grc' dir='ltr'>φοιτᾷν</span> <span class='ocrx_word' id='word_1_482' title='bbox 1549 3737 1609 3772; x_wconf 89' lang='grc' dir='ltr'><strong>τε</strong></span> <span class='ocrx_word' id='word_1_483' title='bbox 1638 3722 1696 3784; x_wconf 85' lang='grc' dir='ltr'><strong>ἐς</strong></span> <span class='ocrx_word' id='word_1_484' title='bbox 1729 3721 1846 3774; x_wconf 81' lang='grc' dir='ltr'>δια-</span> 
     </span>
    </p>
   </div>
   <div class='ocr_carea' id='block_1_68' title="bbox 252 3811 1845 3884">
    <p class='ocr_par' dir='ltr' id='par_1_68' title="bbox 252 3811 1845 3884">
     <span class='ocr_line' id='line_1_68' title="bbox 252 3811 1845 3884; baseline 0.001 -18"><span class='ocrx_word' id='word_1_485' title='bbox 252 3813 426 3878; x_wconf 78' lang='grc' dir='ltr'>λέξεις</span> <span class='ocrx_word' id='word_1_486' title='bbox 456 3813 616 3867; x_wconf 84' lang='grc' dir='ltr'>θεῶν.</span> <span class='ocrx_word' id='word_1_487' title='bbox 648 3834 665 3865; x_wconf 81' lang='grc' dir='ltr'><strong>ι</strong></span> <span class='ocrx_word' id='word_1_488' title='bbox 688 3814 784 3878; x_wconf 89' lang='grc' dir='ltr'><strong>Τίς</strong></span> <span class='ocrx_word' id='word_1_489' title='bbox 816 3813 860 3866; x_wconf 84' lang='grc' dir='ltr'>δ’</span> <span class='ocrx_word' id='word_1_490' title='bbox 887 3813 1035 3884; x_wconf 77' lang='grc' dir='ltr'>αὐτῷ</span> <span class='ocrx_word' id='word_1_491' title='bbox 1073 3813 1245 3866; x_wconf 76' lang='grc' dir='ltr'>ταῦτα</span> <span class='ocrx_word' id='word_1_492' title='bbox 1272 3811 1710 3884; x_wconf 85' lang='grc' dir='ltr'>ξυγχωρήσειεν;</span> <span class='ocrx_word' id='word_1_493' title='bbox 1754 3815 1845 3867; x_wconf 87' lang='grc' dir='ltr'>ὅτε</span> 
     </span>
    </p>
   </div>
   <div class='ocr_carea' id='block_1_69' title="bbox 254 3896 1845 3977">
    <p class='ocr_par' dir='ltr' id='par_1_69' title="bbox 254 3896 1845 3977">
     <span class='ocr_line' id='line_1_69' title="bbox 254 3896 1845 3977; baseline 0.003 -19"><span class='ocrx_word' id='word_1_494' title='bbox 254 3896 551 3977; x_wconf 74' lang='grc' dir='ltr'>Πυθαγόρα</span> <span class='ocrx_word' id='word_1_495' title='bbox 611 3905 708 3976; x_wconf 89' lang='grc' dir='ltr'><strong>μέν</strong></span> <span class='ocrx_word' id='word_1_496' title='bbox 759 3905 986 3977; x_wconf 90' lang='grc' dir='ltr'>ούδεμία</span> <span class='ocrx_word' id='word_1_497' title='bbox 1022 3923 1106 3969; x_wconf 90' lang='grc' dir='ltr'><strong>τις</strong></span> <span class='ocrx_word' id='word_1_498' title='bbox 1157 3905 1380 3976; x_wconf 77' lang='grc' dir='ltr'>τοιαύτη</span> <span class='ocrx_word' id='word_1_499' title='bbox 1427 3905 1845 3962; x_wconf 85' lang='grc' dir='ltr'>καταλέλειπται</span> 
     </span>
    </p>
   </div>
   <div class='ocr_carea' id='block_1_70' title="bbox 254 3996 1845 4068">
    <p class='ocr_par' dir='ltr' id='par_1_70' title="bbox 254 3996 1845 4068">
     <span class='ocr_line' id='line_1_70' title="bbox 254 3996 1845 4068; baseline 0.011 -23"><span class='ocrx_word' id='word_1_500' title='bbox 254 3996 463 4067; x_wconf 71' lang='grc' dir='ltr'>γραφὴ,</span> <span class='ocrx_word' id='word_1_501' title='bbox 481 3996 586 4049; x_wconf 75' lang='grc' dir='ltr'>οὐδ’</span> <span class='ocrx_word' id='word_1_502' title='bbox 613 3997 900 4068; x_wconf 77' lang='grc' dir='ltr'>ἀπόρρητά</span> <span class='ocrx_word' id='word_1_503' title='bbox 918 4014 1041 4051; x_wconf 89' lang='grc' dir='ltr'>τινα</span> <span class='ocrx_word' id='word_1_504' title='bbox 1065 3996 1469 4068; x_wconf 71' lang='grc' dir='ltr'>ξυγγράμματα</span> <span class='ocrx_word' id='word_1_505' title='bbox 1489 3996 1624 4068; x_wconf 70' lang='grc'><strong>(74),</strong></span> <span class='ocrx_word' id='word_1_506' title='bbox 1641 3997 1717 4061; x_wconf 82' lang='grc' dir='ltr'><strong>ὡς</strong></span> <span class='ocrx_word' id='word_1_507' title='bbox 1741 3998 1845 4053; x_wconf 72' lang='grc' dir='ltr'><strong>κᾶν</strong></span> 
     </span>
    </p>
   </div>
   <div class='ocr_carea' id='block_1_71' title="bbox 255 4088 1846 4158">
    <p class='ocr_par' dir='ltr' id='par_1_71' title="bbox 255 4088 1846 4158">
     <span class='ocr_line' id='line_1_71' title="bbox 255 4088 1846 4158; baseline 0.001 -17"><span class='ocrx_word' id='word_1_508' title='bbox 255 4088 555 4158; x_wconf 72' lang='grc' dir='ltr'>ὑπονοῆσαι</span> <span class='ocrx_word' id='word_1_509' title='bbox 589 4088 750 4142; x_wconf 74' lang='grc' dir='ltr'>αὐτὸν</span> <span class='ocrx_word' id='word_1_510' title='bbox 776 4088 834 4152; x_wconf 81' lang='grc' dir='ltr'><strong>ἐξ</strong></span> <span class='ocrx_word' id='word_1_511' title='bbox 860 4089 1082 4141; x_wconf 80' lang='grc' dir='ltr'>ἐκείνων</span> <span class='ocrx_word' id='word_1_512' title='bbox 1107 4089 1414 4158; x_wconf 78' lang='grc' dir='ltr'>ὁρμᾶσθαι·</span> <span class='ocrx_word' id='word_1_513' title='bbox 1441 4091 1470 4142; x_wconf 89' lang='grc' dir='ltr'>ὁ</span> <span class='ocrx_word' id='word_1_514' title='bbox 1507 4088 1566 4142; x_wconf 89' lang='grc' dir='ltr'><strong>δέ</strong></span> <span class='ocrx_word' id='word_1_515' title='bbox 1616 4106 1679 4158; x_wconf 92' lang='grc' dir='ltr'><strong>γε</strong></span> <span class='ocrx_word' id='word_1_516' title='bbox 1704 4089 1846 4143; x_wconf 69' lang='grc' dir='ltr'>διδά-</span> 
     </span>
    </p>
   </div>
   <div class='ocr_carea' id='block_1_72' title="bbox 259 4174 1847 4252">
    <p class='ocr_par' dir='ltr' id='par_1_72' title="bbox 259 4174 1847 4252">
     <span class='ocr_line' id='line_1_72' title="bbox 259 4174 1847 4252; baseline 0 -18"><span class='ocrx_word' id='word_1_517' title='bbox 259 4180 458 4245; x_wconf 80' lang='grc' dir='ltr'>σκαλος</span> <span class='ocrx_word' id='word_1_518' title='bbox 485 4179 632 4251; x_wconf 83' lang='grc' dir='ltr'>αύτῷ</span> <span class='ocrx_word' id='word_1_519' title='bbox 658 4181 756 4251; x_wconf 84' lang='grc' dir='ltr'>τῆς</span> <span class='ocrx_word' id='word_1_520' title='bbox 794 4180 934 4234; x_wconf 84' lang='grc' dir='ltr'><strong>κατά</strong></span> <span class='ocrx_word' id='word_1_521' title='bbox 968 4174 1294 4252; x_wconf 86' lang='grc' dir='ltr'>Πυθαγόραν</span> <span class='ocrx_word' id='word_1_522' title='bbox 1339 4183 1660 4252; x_wconf 73' lang='grc' dir='ltr'>φιλοσοφίας</span> <span class='ocrx_word' id='word_1_523' title='bbox 1696 4181 1847 4235; x_wconf 80' lang='grc' dir='ltr'>οὐδέν</span> 
     </span>
    </p>
   </div>
   <div class='ocr_carea' id='block_1_73' title="bbox 255 4273 1849 4347">
    <p class='ocr_par' dir='ltr' id='par_1_73' title="bbox 255 4273 1849 4347">
     <span class='ocr_line' id='line_1_73' title="bbox 255 4273 1849 4347; baseline 0.001 -20"><span class='ocrx_word' id='word_1_524' title='bbox 255 4290 312 4328; x_wconf 80' lang='grc' dir='ltr'><strong>τι</strong></span> <span class='ocrx_word' id='word_1_525' title='bbox 341 4273 614 4345; x_wconf 83' lang='grc' dir='ltr'>διαφέρειν</span> <span class='ocrx_word' id='word_1_526' title='bbox 651 4273 760 4327; x_wconf 84' lang='grc' dir='ltr'><strong>τῶν</strong></span> <span class='ocrx_word' id='word_1_527' title='bbox 813 4274 1200 4345; x_wconf 86' lang='grc' dir='ltr'>Ἐπικουρείων</span> <span class='ocrx_word' id='word_1_528' title='bbox 1245 4275 1384 4346; x_wconf 81' lang='grc' dir='ltr'>πρὸς</span> <span class='ocrx_word' id='word_1_529' title='bbox 1419 4275 1585 4329; x_wconf 81' lang='grc' dir='ltr'>αὑτοῦ</span> <span class='ocrx_word' id='word_1_530' title='bbox 1634 4290 1849 4347; x_wconf 86' lang='grc' dir='ltr'>μεμαρ-</span> 
     </span>
    </p>
   </div>
   <div class='ocr_carea' id='block_1_74' title="bbox 1944 3067 3533 3142">
    <p class='ocr_par' dir='ltr' id='par_1_74' title="bbox 1944 3067 3533 3142">
     <span class='ocr_line' id='line_1_74' title="bbox 1944 3067 3533 3142; baseline -0.004 -13"><span class='ocrx_word' id='word_1_531' title='bbox 1944 3073 2095 3129; x_wconf 86' lang='lat' dir='ltr'><strong>Solus</strong></span> <span class='ocrx_word' id='word_1_532' title='bbox 2121 3071 2257 3141; x_wconf 85' lang='lat' dir='ltr'><strong>ipse,</strong></span> <span class='ocrx_word' id='word_1_533' title='bbox 2289 3069 2430 3142; x_wconf 88' lang='lat' dir='ltr'><strong>(eam</strong></span> <span class='ocrx_word' id='word_1_534' title='bbox 2453 3070 2523 3124; x_wconf 91' lang='lat' dir='ltr'><strong>ob</strong></span> <span class='ocrx_word' id='word_1_535' title='bbox 2551 3074 2776 3124; x_wconf 80' lang='lat' dir='ltr'><strong>causam</strong></span> <span class='ocrx_word' id='word_1_536' title='bbox 2809 3069 3038 3134; x_wconf 88' lang='lat' dir='ltr'><strong>scilicet,</strong></span> <span class='ocrx_word' id='word_1_537' title='bbox 3071 3080 3141 3124; x_wconf 88' lang='lat' dir='ltr'><strong>ne</strong></span> <span class='ocrx_word' id='word_1_538' title='bbox 3168 3067 3343 3134; x_wconf 89' lang='lat' dir='ltr'><strong>illum,</strong></span> <span class='ocrx_word' id='word_1_539' title='bbox 3367 3074 3533 3140; x_wconf 80' lang='lat' dir='ltr'><strong>quem</strong></span> 
     </span>
    </p>
   </div>
   <div class='ocr_carea' id='block_1_75' title="bbox 1943 3155 3537 3236">
    <p class='ocr_par' dir='ltr' id='par_1_75' title="bbox 1943 3155 3537 3236">
     <span class='ocr_line' id='line_1_75' title="bbox 1943 3155 3537 3236; baseline -0.001 -18"><span class='ocrx_word' id='word_1_540' title='bbox 1943 3155 2264 3236; x_wconf 76' lang='lat' dir='ltr'><strong>planissime</strong></span> <span class='ocrx_word' id='word_1_541' title='bbox 2296 3163 2541 3233; x_wconf 87' lang='lat' dir='ltr'><strong>liquebat</strong></span> <span class='ocrx_word' id='word_1_542' title='bbox 2569 3175 2757 3216; x_wconf 87' lang='lat' dir='ltr'><strong>rerum</strong></span> <span class='ocrx_word' id='word_1_543' title='bbox 2791 3161 3128 3232; x_wconf 88' lang='lat' dir='ltr'><strong>magicarum</strong></span> <span class='ocrx_word' id='word_1_544' title='bbox 3161 3161 3381 3232; x_wconf 80' lang='lat' dir='ltr'><strong>penitus</strong></span> <span class='ocrx_word' id='word_1_545' title='bbox 3409 3168 3537 3217; x_wconf 77' lang='lat' dir='ltr'><strong>esse</strong></span> 
     </span>
    </p>
   </div>
   <div class='ocr_carea' id='block_1_76' title="bbox 1944 3251 3534 3326">
    <p class='ocr_par' dir='ltr' id='par_1_76' title="bbox 1944 3251 3534 3326">
     <span class='ocr_line' id='line_1_76' title="bbox 1944 3251 3534 3326; baseline -0.004 -15"><span class='ocrx_word' id='word_1_546' title='bbox 1944 3253 2726 3326; x_wconf 82' lang='lat' dir='ltr'><strong>imperitum,condiscipulum</strong></span> <span class='ocrx_word' id='word_1_547' title='bbox 2749 3251 3024 3324; x_wconf 89' lang='lat' dir='ltr'><strong>haberet,)</strong></span> <span class='ocrx_word' id='word_1_548' title='bbox 3053 3253 3203 3308; x_wconf 79' lang='lat' dir='ltr'><strong>circa</strong></span> <span class='ocrx_word' id='word_1_549' title='bbox 3224 3252 3534 3316; x_wconf 68' lang='lat' dir='ltr'><strong>meridiem,</strong></span> 
     </span>
    </p>
   </div>
   <div class='ocr_carea' id='block_1_77' title="bbox 1944 3345 3532 3412">
    <p class='ocr_par' dir='ltr' id='par_1_77' title="bbox 1944 3345 3532 3412">
     <span class='ocr_line' id='line_1_77' title="bbox 1944 3345 3532 3412; baseline 0 -9"><span class='ocrx_word' id='word_1_550' title='bbox 1944 3349 2022 3403; x_wconf 90' lang='lat' dir='ltr'><strong>uti</strong></span> <span class='ocrx_word' id='word_1_551' title='bbox 2052 3356 2106 3404; x_wconf 91' lang='lat' dir='ltr'><strong>et</strong></span> <span class='ocrx_word' id='word_1_552' title='bbox 2135 3350 2282 3404; x_wconf 91' lang='lat' dir='ltr'><strong>circa</strong></span> <span class='ocrx_word' id='word_1_553' title='bbox 2325 3345 2537 3402; x_wconf 90' lang='lat' dir='ltr'><strong>medias</strong></span> <span class='ocrx_word' id='word_1_554' title='bbox 2584 3352 2802 3412; x_wconf 91' lang='lat' dir='ltr'><strong>noctes,</strong></span> <span class='ocrx_word' id='word_1_555' title='bbox 2835 3356 3032 3402; x_wconf 85' lang='lat' dir='ltr'><strong>eorttm</strong></span> <span class='ocrx_word' id='word_1_556' title='bbox 3084 3347 3312 3402; x_wconf 86' lang='lat' dir='ltr'><strong>scholas</strong></span> <span class='ocrx_word' id='word_1_557' title='bbox 3339 3346 3532 3403; x_wconf 88' lang='lat' dir='ltr'><strong>obivit.</strong></span> 
     </span>
    </p>
   </div>
   <div class='ocr_carea' id='block_1_78' title="bbox 1942 3438 3535 3510">
    <p class='ocr_par' dir='ltr' id='par_1_78' title="bbox 1942 3438 3535 3510">
     <span class='ocr_line' id='line_1_78' title="bbox 1942 3438 3535 3510; baseline 0 -16"><span class='ocrx_word' id='word_1_558' title='bbox 1942 3439 2320 3510; x_wconf 74' lang='lat' dir='ltr'><strong>Praetereaque</strong></span> <span class='ocrx_word' id='word_1_559' title='bbox 2344 3438 2413 3492; x_wconf 89' lang='lat' dir='ltr'><strong>ad</strong></span> <span class='ocrx_word' id='word_1_560' title='bbox 2435 3438 2700 3493; x_wconf 85' lang='lat' dir='ltr'><strong>Ba‘rdanis</strong></span> <span class='ocrx_word' id='word_1_561' title='bbox 2731 3438 3019 3510; x_wconf 80' lang='lat' dir='ltr'><strong>Babylonii</strong></span> <span class='ocrx_word' id='word_1_562' title='bbox 3054 3441 3200 3510; x_wconf 82' lang='lat' dir='ltr'><strong>regis</strong></span> <span class='ocrx_word' id='word_1_563' title='bbox 3233 3439 3535 3496; x_wconf 82' lang='lat' dir='ltr'><strong>admissum</strong></span> 
     </span>
    </p>
   </div>
   <div class='ocr_carea' id='block_1_79' title="bbox 1945 3529 3538 3604">
    <p class='ocr_par' dir='ltr' id='par_1_79' title="bbox 1945 3529 3538 3604">
     <span class='ocr_line' id='line_1_79' title="bbox 1945 3529 3538 3604; baseline 0.002 -20"><span class='ocrx_word' id='word_1_564' title='bbox 1945 3531 2302 3601; x_wconf 84' lang='lat' dir='ltr'><strong>colloquium,</strong></span> <span class='ocrx_word' id='word_1_565' title='bbox 2334 3530 2422 3584; x_wconf 92' lang='lat' dir='ltr'><strong>his</strong></span> <span class='ocrx_word' id='word_1_566' title='bbox 2453 3529 2570 3584; x_wconf 80' lang='lat' dir='ltr'><strong>fere</strong></span> <span class='ocrx_word' id='word_1_567' title='bbox 2616 3529 2801 3584; x_wconf 80' lang='lat' dir='ltr'><strong>verbis</strong></span> <span class='ocrx_word' id='word_1_568' title='bbox 2833 3545 2996 3586; x_wconf 88' lang='lat' dir='ltr'><strong>usum</strong></span> <span class='ocrx_word' id='word_1_569' title='bbox 3027 3546 3154 3586; x_wconf 90' lang='lat' dir='ltr'><strong>eum</strong></span> <span class='ocrx_word' id='word_1_570' title='bbox 3179 3529 3352 3587; x_wconf 80' lang='lat' dir='ltr'><strong>fuisse</strong></span> <span class='ocrx_word' id='word_1_571' title='bbox 3381 3530 3538 3604; x_wconf 51' lang='lat' dir='ltr'><strong>[Phis</strong></span> 
     </span>
    </p>
   </div>
   <div class='ocr_carea' id='block_1_80' title="bbox 1945 3621 3537 3696">
    <p class='ocr_par' dir='ltr' id='par_1_80' title="bbox 1945 3621 3537 3696">
     <span class='ocr_line' id='line_1_80' title="bbox 1945 3621 3537 3696; baseline 0 -18"><span class='ocrx_word' id='word_1_572' title='bbox 1945 3622 2229 3696; x_wconf 88' lang='lat' dir='ltr'><strong>lostratus]</strong></span> <span class='ocrx_word' id='word_1_573' title='bbox 2257 3621 2428 3677; x_wconf 80' lang='lat' dir='ltr'><strong>refert</strong></span> <span class='ocrx_word' id='word_1_574' title='bbox 2450 3623 2494 3654; x_wconf 83' lang='grc'><strong>¹⁷</strong></span> <span class='ocrx_word' id='word_1_575' title='bbox 2527 3643 2540 3678; x_wconf 91' lang='lat'>:</span> <span class='ocrx_word' id='word_1_576' title='bbox 2577 3632 2597 3675; x_wconf 69' lang='grc' dir='ltr'><strong>ι</strong></span> <span class='ocrx_word' id='word_1_577' title='bbox 2636 3623 2975 3694; x_wconf 86' lang='lat' dir='ltr'><strong>Sapientiam</strong></span> <span class='ocrx_word' id='word_1_578' title='bbox 3016 3631 3199 3679; x_wconf 86' lang='lat' dir='ltr'><strong>autem</strong></span> <span class='ocrx_word' id='word_1_579' title='bbox 3234 3626 3537 3695; x_wconf 86' lang='lat' dir='ltr'><strong>amplector</strong></span> 
     </span>
    </p>
   </div>
   <div class='ocr_carea' id='block_1_81' title="bbox 1944 3714 3534 3788">
    <p class='ocr_par' dir='ltr' id='par_1_81' title="bbox 1944 3714 3534 3788">
     <span class='ocr_line' id='line_1_81' title="bbox 1944 3714 3534 3788; baseline 0.003 -19"><span class='ocrx_word' id='word_1_580' title='bbox 1944 3714 2267 3788; x_wconf 71' lang='lat' dir='ltr'><strong>Pythagora:</strong></span> <span class='ocrx_word' id='word_1_581' title='bbox 2299 3714 2492 3781; x_wconf 89' lang='lat' dir='ltr'><strong>Samii,</strong></span> <span class='ocrx_word' id='word_1_582' title='bbox 2523 3717 2616 3786; x_wconf 87' lang='lat' dir='ltr'><strong>qui</strong></span> <span class='ocrx_word' id='word_1_583' title='bbox 2647 3720 2702 3772; x_wconf 82' lang='lat' dir='ltr'><strong>et</strong></span> <span class='ocrx_word' id='word_1_584' title='bbox 2731 3717 2912 3772; x_wconf 89' lang='lat' dir='ltr'><strong>colere</strong></span> <span class='ocrx_word' id='word_1_585' title='bbox 2947 3717 3080 3772; x_wconf 89' lang='lat' dir='ltr'><strong>deos</strong></span> <span class='ocrx_word' id='word_1_586' title='bbox 3109 3733 3197 3772; x_wconf 89' lang='lat' dir='ltr'><strong>me</strong></span> <span class='ocrx_word' id='word_1_587' title='bbox 3223 3717 3296 3772; x_wconf 88' lang='lat' dir='ltr'><strong>ita</strong></span> <span class='ocrx_word' id='word_1_588' title='bbox 3325 3717 3534 3787; x_wconf 80' lang='lat' dir='ltr'><strong>docuit,</strong></span> 
     </span>
    </p>
   </div>
   <div class='ocr_carea' id='block_1_82' title="bbox 1947 3809 3538 3881">
    <p class='ocr_par' dir='ltr' id='par_1_82' title="bbox 1947 3809 3538 3881">
     <span class='ocr_line' id='line_1_82' title="bbox 1947 3809 3538 3881; baseline 0 -15"><span class='ocrx_word' id='word_1_589' title='bbox 1947 3819 2008 3866; x_wconf 93' lang='lat' dir='ltr'><strong>ut</strong></span> <span class='ocrx_word' id='word_1_590' title='bbox 2021 3819 2204 3866; x_wconf 89' lang='lat' dir='ltr'><strong>mente</strong></span> <span class='ocrx_word' id='word_1_591' title='bbox 2233 3825 2328 3866; x_wconf 89' lang='lat' dir='ltr'><strong>eos</strong></span> <span class='ocrx_word' id='word_1_592' title='bbox 2360 3809 2718 3880; x_wconf 86' lang='lat' dir='ltr'><strong>complectar,</strong></span> <span class='ocrx_word' id='word_1_593' title='bbox 2745 3810 2862 3864; x_wconf 90' lang='lat' dir='ltr'><strong>sive‘</strong></span> <span class='ocrx_word' id='word_1_594' title='bbox 2880 3809 3146 3865; x_wconf 85' lang='lat' dir='ltr'><strong>videndos</strong></span> <span class='ocrx_word' id='word_1_595' title='bbox 3177 3825 3236 3866; x_wconf 88' lang='lat' dir='ltr'><strong>se</strong></span> <span class='ocrx_word' id='word_1_596' title='bbox 3259 3811 3538 3881; x_wconf 68' lang='lat' dir='ltr'><strong>praebeant</strong></span> 
     </span>
    </p>
   </div>
   <div class='ocr_carea' id='block_1_83' title="bbox 1949 3900 3537 3972">
    <p class='ocr_par' dir='ltr' id='par_1_83' title="bbox 1949 3900 3537 3972">
     <span class='ocr_line' id='line_1_83' title="bbox 1949 3900 3537 3972; baseline -0.001 -12"><span class='ocrx_word' id='word_1_597' title='bbox 1949 3904 2066 3960; x_wconf 75' lang='lat' dir='ltr'><strong>sive</strong></span> <span class='ocrx_word' id='word_1_598' title='bbox 2098 3905 2304 3969; x_wconf 90' lang='lat' dir='ltr'><strong>minus,</strong></span> <span class='ocrx_word' id='word_1_599' title='bbox 2352 3903 2582 3972; x_wconf 83' lang='lat' dir='ltr'><strong>pariter,</strong></span> <span class='ocrx_word' id='word_1_600' title='bbox 2633 3907 2799 3972; x_wconf 86' lang='lat' dir='ltr'><strong>atque</strong></span> <span class='ocrx_word' id='word_1_601' title='bbox 2852 3900 2911 3955; x_wconf 85' lang='lat' dir='ltr'><strong>in</strong></span> <span class='ocrx_word' id='word_1_602' title='bbox 2950 3902 3223 3972; x_wconf 85' lang='lat' dir='ltr'><strong>colloquia</strong></span> <span class='ocrx_word' id='word_1_603' title='bbox 3255 3907 3382 3958; x_wconf 76' lang='lat' dir='ltr'><strong>eum</strong></span> <span class='ocrx_word' id='word_1_604' title='bbox 3427 3904 3537 3959; x_wconf 82' lang='lat' dir='ltr'><strong>diis</strong></span> 
     </span>
    </p>
   </div>
   <div class='ocr_carea' id='block_1_84' title="bbox 1948 3991 3538 4061">
    <p class='ocr_par' dir='ltr' id='par_1_84' title="bbox 1948 3991 3538 4061">
     <span class='ocr_line' id='line_1_84' title="bbox 1948 3991 3538 4061; baseline 0.001 -11"><span class='ocrx_word' id='word_1_605' title='bbox 1948 3993 2298 4050; x_wconf 86' lang='lat' dir='ltr'><strong>descendam.</strong></span> <span class='ocrx_word' id='word_1_606' title='bbox 2338 4012 2358 4046; x_wconf 87' lang='grc'>›</span> <span class='ocrx_word' id='word_1_607' title='bbox 2387 3991 2494 4047; x_wconf 86' lang='lat' dir='ltr'><strong>Sed</strong></span> <span class='ocrx_word' id='word_1_608' title='bbox 2526 3992 2672 4047; x_wconf 90' lang='lat' dir='ltr'><strong>enim</strong></span> <span class='ocrx_word' id='word_1_609' title='bbox 2712 3992 2837 4061; x_wconf 91' lang='lat' dir='ltr'><strong>quis</strong></span> <span class='ocrx_word' id='word_1_610' title='bbox 2871 3991 2978 4047; x_wconf 88' lang='lat' dir='ltr'><strong>hoc</strong></span> <span class='ocrx_word' id='word_1_611' title='bbox 3031 3992 3111 4047; x_wconf 91' lang='lat' dir='ltr'><strong>illi</strong></span> <span class='ocrx_word' id='word_1_612' title='bbox 3153 3995 3538 4051; x_wconf 70' lang='lat' dir='ltr'><strong>concesserit?</strong></span> 
     </span>
    </p>
   </div>
   <div class='ocr_carea' id='block_1_85' title="bbox 1947 4083 3538 4157">
    <p class='ocr_par' dir='ltr' id='par_1_85' title="bbox 1947 4083 3538 4157">
     <span class='ocr_line' id='line_1_85' title="bbox 1947 4083 3538 4157; baseline 0 -16"><span class='ocrx_word' id='word_1_613' title='bbox 1947 4086 2088 4142; x_wconf 89' lang='lat' dir='ltr'><strong>Cum</strong></span> <span class='ocrx_word' id='word_1_614' title='bbox 2128 4084 2470 4157; x_wconf 81' lang='lat' dir='ltr'><strong>Pythagoras</strong></span> <span class='ocrx_word' id='word_1_615' title='bbox 2514 4083 2638 4154; x_wconf 83' lang='lat' dir='ltr'><strong>ejus</strong></span> <span class='ocrx_word' id='word_1_616' title='bbox 2680 4084 2900 4154; x_wconf 86' lang='lat' dir='ltr'><strong>generis</strong></span> <span class='ocrx_word' id='word_1_617' title='bbox 2944 4086 3212 4156; x_wconf 88' lang='lat' dir='ltr'><strong>scriptum</strong></span> <span class='ocrx_word' id='word_1_618' title='bbox 3251 4087 3538 4157; x_wconf 88' lang='lat' dir='ltr'><strong>reliquerit</strong></span> 
     </span>
    </p>
   </div>
   <div class='ocr_carea' id='block_1_86' title="bbox 1948 4176 3536 4248">
    <p class='ocr_par' dir='ltr' id='par_1_86' title="bbox 1948 4176 3536 4248">
     <span class='ocr_line' id='line_1_86' title="bbox 1948 4176 3536 4248; baseline -0.002 -11"><span class='ocrx_word' id='word_1_619' title='bbox 1948 4181 2183 4244; x_wconf 80' lang='lat' dir='ltr'><strong>nullum,</strong></span> <span class='ocrx_word' id='word_1_620' title='bbox 2217 4193 2394 4248; x_wconf 90' lang='lat' dir='ltr'><strong>neque</strong></span> <span class='ocrx_word' id='word_1_621' title='bbox 2426 4176 2649 4247; x_wconf 89' lang='lat' dir='ltr'><strong>aliquod</strong></span> <span class='ocrx_word' id='word_1_622' title='bbox 2681 4177 2951 4248; x_wconf 90' lang='lat' dir='ltr'><strong>scriptum</strong></span> <span class='ocrx_word' id='word_1_623' title='bbox 2983 4177 3104 4247; x_wconf 89' lang='lat' dir='ltr'><strong>ejus</strong></span> <span class='ocrx_word' id='word_1_624' title='bbox 3153 4180 3335 4235; x_wconf 62' lang='lat' dir='ltr'><strong>etstet</strong></span> <span class='ocrx_word' id='word_1_625' title='bbox 3372 4194 3536 4235; x_wconf 88' lang='lat' dir='ltr'><strong>arca-</strong></span> 
     </span>
    </p>
   </div>
   <div class='ocr_carea' id='block_1_87' title="bbox 1949 4269 3538 4344">
    <p class='ocr_par' dir='ltr' id='par_1_87' title="bbox 1949 4269 3538 4344">
     <span class='ocr_line' id='line_1_87' title="bbox 1949 4269 3538 4344; baseline -0.001 -15"><span class='ocrx_word' id='word_1_626' title='bbox 1949 4289 2081 4330; x_wconf 88' lang='lat' dir='ltr'><strong>num</strong></span> <span class='ocrx_word' id='word_1_627' title='bbox 2100 4273 2296 4344; x_wconf 78' lang='lat' dir='ltr'><strong>magis,</strong></span> <span class='ocrx_word' id='word_1_628' title='bbox 2333 4282 2394 4326; x_wconf 86' lang='lat' dir='ltr'><strong>ut</strong></span> <span class='ocrx_word' id='word_1_629' title='bbox 2421 4271 2508 4326; x_wconf 86' lang='lat' dir='ltr'><strong>vel</strong></span> <span class='ocrx_word' id='word_1_630' title='bbox 2537 4269 2812 4342; x_wconf 82' lang='lat' dir='ltr'><strong>suSpicari</strong></span> <span class='ocrx_word' id='word_1_631' title='bbox 2841 4270 3004 4326; x_wconf 87' lang='lat' dir='ltr'><strong>liceat</strong></span> <span class='ocrx_word' id='word_1_632' title='bbox 3026 4271 3229 4333; x_wconf 84' lang='lat' dir='ltr'><strong>talibus</strong></span> <span class='ocrx_word' id='word_1_633' title='bbox 3257 4288 3382 4330; x_wconf 90' lang='lat' dir='ltr'><strong>eum</strong></span> <span class='ocrx_word' id='word_1_634' title='bbox 3403 4273 3538 4330; x_wconf 41' lang='lat' dir='ltr'><strong>subs</strong></span> 
     </span>
    </p>
   </div>
   <div class='ocr_carea' id='block_1_88' title="bbox 332 4435 1843 4506">
    <p class='ocr_par' dir='ltr' id='par_1_88' title="bbox 332 4435 1821 4505">
     <span class='ocr_line' id='line_1_88' title="bbox 332 4435 1821 4505; baseline 0.004 -15"><span class='ocrx_word' id='word_1_635' title='bbox 332 4435 379 4468; x_wconf 77' lang='grc'><strong>⁸⁸</strong></span> <span class='ocrx_word' id='word_1_636' title='bbox 414 4436 508 4493; x_wconf 88' lang='lat' dir='ltr'><strong>lib.</strong></span> <span class='ocrx_word' id='word_1_637' title='bbox 549 4453 638 4502; x_wconf 82' lang='lat' dir='ltr'><strong>tv,</strong></span> <span class='ocrx_word' id='word_1_638' title='bbox 675 4451 725 4492; x_wconf 92' lang='lat' dir='ltr'><strong>c.</strong></span> <span class='ocrx_word' id='word_1_639' title='bbox 758 4437 814 4493; x_wconf 81' lang='grc'><strong>2.</strong></span> <span class='ocrx_word' id='word_1_640' title='bbox 893 4439 940 4471; x_wconf 72' lang='grc'><strong>⁸³</strong></span> <span class='ocrx_word' id='word_1_641' title='bbox 977 4438 1073 4493; x_wconf 84' lang='lat' dir='ltr'><strong>lib.</strong></span> <span class='ocrx_word' id='word_1_642' title='bbox 1118 4454 1166 4504; x_wconf 88' lang='grc' dir='ltr'><strong>ι,</strong></span> <span class='ocrx_word' id='word_1_643' title='bbox 1207 4453 1259 4493; x_wconf 91' lang='lat' dir='ltr'><strong>c.</strong></span> <span class='ocrx_word' id='word_1_644' title='bbox 1295 4437 1388 4494; x_wconf 71' lang='lat'><strong>22.</strong></span> <span class='ocrx_word' id='word_1_645' title='bbox 1467 4441 1512 4471; x_wconf 84' lang='grc'><strong>¹⁶</strong></span> <span class='ocrx_word' id='word_1_646' title='bbox 1552 4439 1645 4494; x_wconf 87' lang='lat' dir='ltr'><strong>lib.</strong></span> <span class='ocrx_word' id='word_1_647' title='bbox 1681 4453 1735 4505; x_wconf 87' lang='grc' dir='ltr'><strong>ι,</strong></span> <span class='ocrx_word' id='word_1_648' title='bbox 1769 4455 1821 4496; x_wconf 88' lang='lat' dir='ltr'><strong>c.</strong></span> 
     </span>
    </p>
   </div>
   <div class='ocr_carea' id='block_1_89' title="bbox 1951 4435 2437 4506">
    <p class='ocr_par' dir='ltr' id='par_1_89' title="bbox 2023 4438 2437 4506">
     <span class='ocr_line' id='line_1_89' title="bbox 2023 4438 2437 4506; baseline -0.002 -12"><span class='ocrx_word' id='word_1_649' title='bbox 2023 4440 2070 4472; x_wconf 83' lang='grc'><strong>¹⁷</strong></span> <span class='ocrx_word' id='word_1_650' title='bbox 2108 4439 2206 4496; x_wconf 90' lang='lat' dir='ltr'><strong>lib.</strong></span> <span class='ocrx_word' id='word_1_651' title='bbox 2248 4454 2303 4506; x_wconf 84' lang='lat' dir='ltr'><strong>t,</strong></span> <span class='ocrx_word' id='word_1_652' title='bbox 2346 4438 2437 4494; x_wconf 76' lang='lat'><strong>52.</strong></span> 
     </span>
    </p>
   </div>
   <div class='ocr_carea' id='block_1_90' title="bbox 333 4582 1843 4669">
    <p class='ocr_par' dir='ltr' id='par_1_90' title="bbox 333 4591 1839 4669">
     <span class='ocr_line' id='line_1_90' title="bbox 333 4591 1839 4669; baseline 0.001 -21"><span class='ocrx_word' id='word_1_653' title='bbox 333 4591 445 4665; x_wconf 87' lang='lat'><strong>(68)</strong></span> <span class='ocrx_word' id='word_1_654' title='bbox 475 4595 772 4669; x_wconf 59' lang='grc' dir='ltr'>Πιγνωσκ.</span> <span class='ocrx_word' id='word_1_655' title='bbox 825 4610 896 4669; x_wconf 57' lang='grc' dir='ltr'><strong>τε</strong></span> <span class='ocrx_word' id='word_1_656' title='bbox 937 4595 1037 4669; x_wconf 71' lang='grc' dir='ltr'>καὶ</span> <span class='ocrx_word' id='word_1_657' title='bbox 1078 4609 1285 4669; x_wconf 58' lang='lat' dir='ltr'><strong>aperte.</strong></span> <span class='ocrx_word' id='word_1_658' title='bbox 1337 4593 1503 4650; x_wconf 84' lang='grc' dir='ltr'>αὐτό.</span> <span class='ocrx_word' id='word_1_659' title='bbox 1554 4595 1839 4669; x_wconf 79' lang='lat' dir='ltr'><strong>Philostr.,</strong></span> 
     </span>
    </p>
   </div>
   <div class='ocr_carea' id='block_1_91' title="bbox 1951 4582 3540 4669">
    <p class='ocr_par' dir='ltr' id='par_1_91' title="bbox 1951 4582 3540 4669">
     <span class='ocr_line' id='line_1_91' title="bbox 1951 4582 3540 4669; baseline 0.001 -20"><span class='ocrx_word' id='word_1_660' title='bbox 1951 4596 2092 4652; x_wconf 80' lang='lat' dir='ltr'><strong>hanc</strong></span> <span class='ocrx_word' id='word_1_661' title='bbox 2140 4595 2433 4669; x_wconf 85' lang='lat' dir='ltr'><strong>lectionem</strong></span> <span class='ocrx_word' id='word_1_662' title='bbox 2465 4594 2752 4667; x_wconf 80' lang='lat' dir='ltr'><strong>sequentia</strong></span> <span class='ocrx_word' id='word_1_663' title='bbox 2794 4594 2808 4648; x_wconf 68' lang='grc' dir='ltr'>ξ</span> <span class='ocrx_word' id='word_1_664' title='bbox 2855 4593 2933 4660; x_wconf 71' lang='grc' dir='ltr'>ὥς</span> <span class='ocrx_word' id='word_1_665' title='bbox 2977 4596 3044 4650; x_wconf 67' lang='grc' dir='ltr'>ἂν</span> <span class='ocrx_word' id='word_1_666' title='bbox 3096 4597 3170 4669; x_wconf 80' lang='grc' dir='ltr'><strong>μὴ</strong></span> <span class='ocrx_word' id='word_1_667' title='bbox 3203 4599 3334 4668; x_wconf 80' lang='grc' dir='ltr'>’μετ’</span> <span class='ocrx_word' id='word_1_668' title='bbox 3361 4582 3540 4667; x_wconf 55' lang='lat' dir='ltr'><strong>me.</strong></span> 
     </span>
    </p>
   </div>
   <div class='ocr_carea' id='block_1_92' title="bbox 257 4659 1844 4738">
    <p class='ocr_par' dir='ltr' id='par_1_92' title="bbox 257 4659 1844 4738">
     <span class='ocr_line' id='line_1_92' title="bbox 257 4659 1844 4738; baseline 0.003 -20"><span class='ocrx_word' id='word_1_669' title='bbox 257 4659 673 4738; x_wconf 73' lang='grc' dir='ltr'>γιγνωσκόντων</span> <span class='ocrx_word' id='word_1_670' title='bbox 687 4681 756 4738; x_wconf 71' lang='grc' dir='ltr'><strong>τε</strong></span> <span class='ocrx_word' id='word_1_671' title='bbox 779 4659 910 4719; x_wconf 77' lang='grc' dir='ltr'>αὐτὸ</span> <span class='ocrx_word' id='word_1_672' title='bbox 938 4667 1030 4720; x_wconf 74' lang='grc' dir='ltr'>καὶ</span> <span class='ocrx_word' id='word_1_673' title='bbox 1054 4659 1422 4736; x_wconf 74' lang='grc' dir='ltr'>πραττόντων,</span> <span class='ocrx_word' id='word_1_674' title='bbox 1454 4667 1600 4738; x_wconf 87' lang='lat' dir='ltr'><strong>quod</strong></span> <span class='ocrx_word' id='word_1_675' title='bbox 1621 4659 1844 4738; x_wconf 78' lang='lat' dir='ltr'><strong>elegans</strong></span> 
     </span>
    </p>
   </div>
   <div class='ocr_carea' id='block_1_93' title="bbox 260 4735 883 4790">
    <p class='ocr_par' dir='ltr' id='par_1_93' title="bbox 260 4735 883 4790">
     <span class='ocr_line' id='line_1_93' title="bbox 260 4735 883 4790; baseline 0 0"><span class='ocrx_word' id='word_1_676' title='bbox 260 4735 439 4790; x_wconf 63' lang='lat' dir='ltr'><strong>magis</strong></span> <span class='ocrx_word' id='word_1_677' title='bbox 482 4737 614 4788; x_wconf 88' lang='lat' dir='ltr'><strong>mihi</strong></span> <span class='ocrx_word' id='word_1_678' title='bbox 649 4735 883 4790; x_wconf 78' lang='lat' dir='ltr'><strong>videtur.</strong></span> 
     </span>
    </p>
   </div>
   <div class='ocr_carea' id='block_1_94' title="bbox 336 4752 1844 4878">
    <p class='ocr_par' dir='ltr' id='par_1_94' title="bbox 336 4752 1844 4878">
     <span class='ocr_line' id='line_1_94' title="bbox 336 4752 883 4790; baseline 0.005 -3"><span class='ocrx_word' id='word_1_679' title='bbox 336 4752 439 4788; x_wconf 80' lang='lat' dir='ltr'><strong>l&#39;lS</strong></span> <span class='ocrx_word' id='word_1_680' title='bbox 482 4752 614 4788; x_wconf 88' lang='lat' dir='ltr'><strong>num</strong></span> <span class='ocrx_word' id='word_1_681' title='bbox 649 4752 883 4790; x_wconf 78' lang='lat' dir='ltr'><strong>\‘laellll&#39;.</strong></span> 
     </span>
     <span class='ocr_line' id='line_1_95' title="bbox 336 4752 1844 4878; baseline 0.001 -20"><span class='ocrx_word' id='word_1_682' title='bbox 336 4752 446 4878; x_wconf 48' lang='lat' dir='ltr'><strong>(g9)</strong></span> <span class='ocrx_word' id='word_1_683' title='bbox 480 4807 731 4878; x_wconf 68' lang='grc' dir='ltr'>Κύκνων</span> <span class='ocrx_word' id='word_1_684' title='bbox 761 4805 883 4875; x_wconf 69' lang='grc' dir='ltr'><strong>ἤδη</strong></span> <span class='ocrx_word' id='word_1_685' title='bbox 919 4805 1019 4860; x_wconf 76' lang='grc' dir='ltr'><strong>καί</strong></span> <span class='ocrx_word' id='word_1_686' title='bbox 1041 4805 1225 4874; x_wconf 76' lang='grc' dir='ltr'>όρνίθ.</span> <span class='ocrx_word' id='word_1_687' title='bbox 1258 4805 1542 4878; x_wconf 64' lang='lat' dir='ltr'><strong>Pl;ilostr.,</strong></span> <span class='ocrx_word' id='word_1_688' title='bbox 1592 4807 1692 4878; x_wconf 70' lang='grc' dir='ltr'><strong>ἢδη</strong></span> <span class='ocrx_word' id='word_1_689' title='bbox 1712 4819 1844 4878; x_wconf 21' lang='grc' dir='ltr'>Ακοι-</span> 
     </span>
    </p>
   </div>
   <div class='ocr_carea' id='block_1_95' title="bbox 262 4875 1843 4948">
    <p class='ocr_par' dir='ltr' id='par_1_95' title="bbox 262 4875 1843 4948">
     <span class='ocr_line' id='line_1_96' title="bbox 262 4875 1843 4948; baseline -0.001 -18"><span class='ocrx_word' id='word_1_690' title='bbox 262 4875 376 4939; x_wconf 78' lang='grc' dir='ltr'>νὺν,</span> <span class='ocrx_word' id='word_1_691' title='bbox 409 4875 660 4946; x_wconf 85' lang='grc' dir='ltr'>ὀρνίθων,</span> <span class='ocrx_word' id='word_1_692' title='bbox 696 4884 832 4940; x_wconf 81' lang='lat' dir='ltr'><strong>etc.,</strong></span> <span class='ocrx_word' id='word_1_693' title='bbox 872 4879 1015 4945; x_wconf 88' lang='lat' dir='ltr'><strong>quod</strong></span> <span class='ocrx_word' id='word_1_694' title='bbox 1047 4877 1369 4945; x_wconf 83' lang='lat' dir='ltr'><strong>:nagismihi</strong></span> <span class='ocrx_word' id='word_1_695' title='bbox 1395 4875 1690 4948; x_wconf 52' lang='lat' dir='ltr'><strong>probatur.</strong></span> <span class='ocrx_word' id='word_1_696' title='bbox 1711 4875 1843 4929; x_wconf 83' lang='lat' dir='ltr'><strong>Nam</strong></span> 
     </span>
    </p>
   </div>
   <div class='ocr_carea' id='block_1_96' title="bbox 261 4948 1843 5016">
    <p class='ocr_par' dir='ltr' id='par_1_96' title="bbox 261 4948 1843 5016">
     <span class='ocr_line' id='line_1_97' title="bbox 261 4948 1843 5016; baseline -0.001 -16"><span class='ocrx_word' id='word_1_697' title='bbox 261 4957 318 5000; x_wconf 87' lang='lat' dir='ltr'><strong>ct</strong></span> <span class='ocrx_word' id='word_1_698' title='bbox 348 4956 470 5016; x_wconf 86' lang='lat' dir='ltr'><strong>post</strong></span> <span class='ocrx_word' id='word_1_699' title='bbox 493 4949 730 5016; x_wconf 88' lang='lat' dir='ltr'><strong>speciem</strong></span> <span class='ocrx_word' id='word_1_700' title='bbox 772 4961 944 5016; x_wconf 84' lang='lat' dir='ltr'><strong>genus</strong></span> <span class='ocrx_word' id='word_1_701' title='bbox 979 4948 1250 5001; x_wconf 89' lang='lat' dir='ltr'><strong>nominari</strong></span> <span class='ocrx_word' id='word_1_702' title='bbox 1281 4962 1389 5002; x_wconf 92' lang='lat' dir='ltr'><strong>non</strong></span> <span class='ocrx_word' id='word_1_703' title='bbox 1433 4950 1570 5003; x_wconf 80' lang='lat' dir='ltr'><strong>adeo</strong></span> <span class='ocrx_word' id='word_1_704' title='bbox 1625 4962 1843 5002; x_wconf 90' lang='lat' dir='ltr'><strong>conve-</strong></span> 
     </span>
    </p>
   </div>
   <div class='ocr_carea' id='block_1_97' title="bbox 263 5016 1841 5087">
    <p class='ocr_par' dir='ltr' id='par_1_97' title="bbox 263 5016 1841 5087">
     <span class='ocr_line' id='line_1_98' title="bbox 263 5016 1841 5087; baseline 0.003 -20"><span class='ocrx_word' id='word_1_705' title='bbox 263 5016 446 5087; x_wconf 79' lang='lat' dir='ltr'><strong>niens,</strong></span> <span class='ocrx_word' id='word_1_706' title='bbox 477 5026 531 5071; x_wconf 93' lang='lat' dir='ltr'><strong>et</strong></span> <span class='ocrx_word' id='word_1_707' title='bbox 553 5019 710 5087; x_wconf 80' lang='lat' dir='ltr'><strong>cycni</strong></span> <span class='ocrx_word' id='word_1_708' title='bbox 745 5017 889 5071; x_wconf 88' lang='lat' dir='ltr'><strong>inter</strong></span> <span class='ocrx_word' id='word_1_709' title='bbox 916 5020 1204 5086; x_wconf 84' lang='lat' dir='ltr'><strong>augurales</strong></span> <span class='ocrx_word' id='word_1_710' title='bbox 1233 5033 1362 5072; x_wconf 86' lang='lat' dir='ltr'><strong>aves</strong></span> <span class='ocrx_word' id='word_1_711' title='bbox 1387 5027 1496 5073; x_wconf 86' lang='lat' dir='ltr'><strong>non</strong></span> <span class='ocrx_word' id='word_1_712' title='bbox 1525 5019 1662 5072; x_wconf 86' lang='lat' dir='ltr'><strong>adeo</strong></span> <span class='ocrx_word' id='word_1_713' title='bbox 1699 5017 1841 5071; x_wconf 80' lang='lat' dir='ltr'><strong>cele-</strong></span> 
     </span>
    </p>
   </div>
   <div class='ocr_carea' id='block_1_98' title="bbox 261 5086 1849 5158">
    <p class='ocr_par' dir='ltr' id='par_1_98' title="bbox 261 5086 1849 5158">
     <span class='ocr_line' id='line_1_99' title="bbox 261 5086 1849 5158; baseline 0 -18"><span class='ocrx_word' id='word_1_714' title='bbox 261 5086 412 5150; x_wconf 85' lang='lat' dir='ltr'><strong>bres,</strong></span> <span class='ocrx_word' id='word_1_715' title='bbox 457 5087 566 5141; x_wconf 88' lang='lat' dir='ltr'><strong>imo</strong></span> <span class='ocrx_word' id='word_1_716' title='bbox 590 5086 877 5141; x_wconf 69' lang='lat' dir='ltr'><strong>corvorum</strong></span> <span class='ocrx_word' id='word_1_717' title='bbox 914 5103 978 5142; x_wconf 89' lang='lat' dir='ltr'><strong>ea</strong></span> <span class='ocrx_word' id='word_1_718' title='bbox 999 5089 1071 5158; x_wconf 72' lang='lat' dir='ltr'><strong>in</strong></span> <span class='ocrx_word' id='word_1_719' title='bbox 1105 5104 1162 5142; x_wconf 88' lang='lat' dir='ltr'><strong>re</strong></span> <span class='ocrx_word' id='word_1_720' title='bbox 1194 5089 1462 5142; x_wconf 83' lang='lat' dir='ltr'><strong>celebrior</strong></span> <span class='ocrx_word' id='word_1_721' title='bbox 1507 5099 1671 5158; x_wconf 83' lang='lat' dir='ltr'><strong>opera</strong></span> <span class='ocrx_word' id='word_1_722' title='bbox 1706 5087 1849 5157; x_wconf 89' lang='lat' dir='ltr'><strong>apud</strong></span> 
     </span>
    </p>
   </div>
   <div class='ocr_carea' id='block_1_99' title="bbox 261 5157 1848 5280">
    <p class='ocr_par' dir='ltr' id='par_1_99' title="bbox 261 5157 1848 5280">
     <span class='ocr_line' id='line_1_100' title="bbox 261 5157 1848 5280; baseline 0.001 -70"><span class='ocrx_word' id='word_1_723' title='bbox 261 5157 496 5280; x_wconf 51' lang='lat' dir='ltr'><strong>Ara‘ibe‘s,</strong></span> <span class='ocrx_word' id='word_1_724' title='bbox 529 5165 590 5212; x_wconf 93' lang='lat' dir='ltr'><strong>ut</strong></span> <span class='ocrx_word' id='word_1_725' title='bbox 613 5161 962 5214; x_wconf 84' lang='lat' dir='ltr'><strong>observatum</strong></span> <span class='ocrx_word' id='word_1_726' title='bbox 994 5157 1298 5231; x_wconf 87' lang='lat' dir='ltr'><strong>Porphyrio</strong></span> <span class='ocrx_word' id='word_1_727' title='bbox 1326 5159 1404 5214; x_wconf 82' lang='lat' dir='ltr'><strong>De</strong></span> <span class='ocrx_word' id='word_1_728' title='bbox 1429 5157 1595 5227; x_wconf 55' lang='grc' dir='ltr'>αἰκίᾳ,</span> <span class='ocrx_word' id='word_1_729' title='bbox 1623 5158 1718 5214; x_wconf 89' lang='lat' dir='ltr'><strong>lib.</strong></span> <span class='ocrx_word' id='word_1_730' title='bbox 1761 5170 1848 5223; x_wconf 83' lang='grc' dir='ltr'>ιιι,</span> 
     </span>
     <span class='ocr_line' id='line_1_101' title="bbox 263 5242 484 5280; baseline 0 0"><span class='ocrx_word' id='word_1_731' title='bbox 263 5242 323 5280; x_wconf 88' lang='lat' dir='ltr'><strong>n.</strong></span> <span class='ocrx_word' id='word_1_732' title='bbox 471 5268 484 5280; x_wconf 96' lang='lat'><strong>.</strong></span> 
     </span>
    </p>
   </div>
   <div class='ocr_carea' id='block_1_100' title="bbox 263 5242 1850 5370">
    <p class='ocr_par' dir='ltr' id='par_1_100' title="bbox 263 5242 1850 5370">
     <span class='ocr_line' id='line_1_102' title="bbox 263 5242 1850 5370; baseline -0.008 -3"><span class='ocrx_word' id='word_1_733' title='bbox 263 5242 740 5370; x_wconf 48' lang='grc' dir='ltr'><strong>ιλ(Ξῖιόἷ.“Ἱὶ“χομ‹ιιξν</strong></span> <span class='ocrx_word' id='word_1_734' title='bbox 781 5299 850 5369; x_wconf 82' lang='grc' dir='ltr'>δὴ</span> <span class='ocrx_word' id='word_1_735' title='bbox 903 5296 1019 5355; x_wconf 77' lang='grc' dir='ltr'><strong>οὖν</strong></span> <span class='ocrx_word' id='word_1_736' title='bbox 1053 5301 1152 5369; x_wconf 74' lang='grc' dir='ltr'><strong>πρ.</strong></span> <span class='ocrx_word' id='word_1_737' title='bbox 1198 5304 1253 5354; x_wconf 69' lang='grc' dir='ltr'>τ.</span> <span class='ocrx_word' id='word_1_738' title='bbox 1288 5303 1571 5356; x_wconf 66' lang='grc' dir='ltr'>καταλελ.</span> <span class='ocrx_word' id='word_1_739' title='bbox 1616 5299 1743 5355; x_wconf 57' lang='lat' dir='ltr'><strong>Haec</strong></span> <span class='ocrx_word' id='word_1_740' title='bbox 1783 5316 1850 5355; x_wconf 89' lang='lat' dir='ltr'><strong>eo</strong></span> 
     </span>
    </p>
   </div>
   <div class='ocr_carea' id='block_1_101' title="bbox 262 5372 1851 5441">
    <p class='ocr_par' dir='ltr' id='par_1_101' title="bbox 262 5372 1851 5441">
     <span class='ocr_line' id='line_1_103' title="bbox 262 5372 1851 5441; baseline -0.001 -16"><span class='ocrx_word' id='word_1_741' title='bbox 262 5376 540 5436; x_wconf 72' lang='lat' dir='ltr'><strong>spectant,</strong></span> <span class='ocrx_word' id='word_1_742' title='bbox 572 5373 718 5441; x_wconf 88' lang='lat' dir='ltr'><strong>quod</strong></span> <span class='ocrx_word' id='word_1_743' title='bbox 751 5373 857 5441; x_wconf 90' lang='lat' dir='ltr'><strong>ista</strong></span> <span class='ocrx_word' id='word_1_744' title='bbox 891 5372 958 5425; x_wconf 85' lang='lat' dir='ltr'><strong>(le</strong></span> <span class='ocrx_word' id='word_1_745' title='bbox 987 5373 1260 5426; x_wconf 87' lang='lat' dir='ltr'><strong>Arabibus</strong></span> <span class='ocrx_word' id='word_1_746' title='bbox 1290 5375 1608 5427; x_wconf 86' lang='lat' dir='ltr'><strong>narratione</strong></span> <span class='ocrx_word' id='word_1_747' title='bbox 1635 5379 1851 5426; x_wconf 90' lang='lat' dir='ltr'><strong>contra-</strong></span> 
     </span>
    </p>
   </div>
   <div class='ocr_carea' id='block_1_102' title="bbox 264 5440 1850 5512">
    <p class='ocr_par' dir='ltr' id='par_1_102' title="bbox 264 5440 1850 5512">
     <span class='ocr_line' id='line_1_104' title="bbox 264 5440 1850 5512; baseline 0.001 -20"><span class='ocrx_word' id='word_1_748' title='bbox 264 5441 419 5512; x_wconf 81' lang='lat' dir='ltr'><strong>dicat</strong></span> <span class='ocrx_word' id='word_1_749' title='bbox 461 5441 563 5512; x_wconf 87' lang='lat' dir='ltr'><strong>sibi</strong></span> <span class='ocrx_word' id='word_1_750' title='bbox 593 5440 714 5512; x_wconf 7' lang='lat' dir='ltr'><strong>iipsi</strong></span> <span class='ocrx_word' id='word_1_751' title='bbox 746 5440 1138 5504; x_wconf 87' lang='lat' dir='ltr'><strong>Philostratus,</strong></span> <span class='ocrx_word' id='word_1_752' title='bbox 1184 5458 1309 5497; x_wconf 91' lang='lat' dir='ltr'><strong>cum</strong></span> <span class='ocrx_word' id='word_1_753' title='bbox 1355 5443 1483 5497; x_wconf 90' lang='lat' dir='ltr'><strong>alibi</strong></span> <span class='ocrx_word' id='word_1_754' title='bbox 1523 5443 1850 5512; x_wconf 84' lang='lat' dir='ltr'><strong>sapientiam</strong></span> 
     </span>
    </p>
   </div>
   <div class='ocr_carea' id='block_1_103' title="bbox 261 5508 1850 5584">
    <p class='ocr_par' dir='ltr' id='par_1_103' title="bbox 261 5508 1850 5584">
     <span class='ocr_line' id='line_1_105' title="bbox 261 5508 1850 5584; baseline 0.003 -23"><span class='ocrx_word' id='word_1_755' title='bbox 261 5508 541 5584; x_wconf 78' lang='lat' dir='ltr'><strong>Apollonii</strong></span> <span class='ocrx_word' id='word_1_756' title='bbox 563 5508 941 5567; x_wconf 67' lang='grc' dir='ltr'>αὐτοδίδακτον</span> <span class='ocrx_word' id='word_1_757' title='bbox 967 5528 1090 5569; x_wconf 87' lang='lat' dir='ltr'><strong>esse</strong></span> <span class='ocrx_word' id='word_1_758' title='bbox 1111 5516 1336 5570; x_wconf 84' lang='lat' dir='ltr'><strong>statuat.</strong></span> <span class='ocrx_word' id='word_1_759' title='bbox 1361 5514 1516 5582; x_wconf 86' lang='lat' dir='ltr'><strong>Quod</strong></span> <span class='ocrx_word' id='word_1_760' title='bbox 1542 5508 1705 5584; x_wconf 76' lang='lat' dir='ltr'><strong>paulo</strong></span> <span class='ocrx_word' id='word_1_761' title='bbox 1724 5519 1850 5567; x_wconf 90' lang='lat' dir='ltr'><strong>ante</strong></span> 
     </span>
    </p>
   </div>
   <div class='ocr_carea' id='block_1_104' title="bbox 265 5579 927 5649">
    <p class='ocr_par' dir='ltr' id='par_1_104' title="bbox 265 5579 927 5649">
     <span class='ocr_line' id='line_1_106' title="bbox 265 5579 927 5649; baseline 0.011 -17"><span class='ocrx_word' id='word_1_762' title='bbox 265 5579 331 5639; x_wconf 76' lang='lat' dir='ltr'><strong>ei</strong></span> <span class='ocrx_word' id='word_1_763' title='bbox 353 5581 765 5649; x_wconf 78' lang='lat' dir='ltr'><strong>exprobratum,</strong></span> <span class='ocrx_word' id='word_1_764' title='bbox 792 5598 842 5638; x_wconf 94' lang='lat' dir='ltr'><strong>c.</strong></span> <span class='ocrx_word' id='word_1_765' title='bbox 871 5587 927 5640; x_wconf 85' lang='lat'><strong>9.</strong></span> 
     </span>
    </p>
   </div>
   <div class='ocr_carea' id='block_1_105' title="bbox 343 5651 1846 5726">
    <p class='ocr_par' dir='ltr' id='par_1_105' title="bbox 343 5651 1846 5726">
     <span class='ocr_line' id='line_1_107' title="bbox 343 5651 1846 5726; baseline 0.001 -22"><span class='ocrx_word' id='word_1_766' title='bbox 343 5651 458 5724; x_wconf 72' lang='lat' dir='ltr'><strong>(il)</strong></span> <span class='ocrx_word' id='word_1_767' title='bbox 493 5653 954 5726; x_wconf 18' lang='grc' dir='ltr'>λἈπαγηορεύάας.</span> <span class='ocrx_word' id='word_1_768' title='bbox 990 5655 1066 5709; x_wconf 90' lang='lat' dir='ltr'><strong>lta</strong></span> <span class='ocrx_word' id='word_1_769' title='bbox 1095 5652 1386 5726; x_wconf 84' lang='lat' dir='ltr'><strong>legendum</strong></span> <span class='ocrx_word' id='word_1_770' title='bbox 1416 5670 1542 5712; x_wconf 91' lang='lat' dir='ltr'><strong>esse</strong></span> <span class='ocrx_word' id='word_1_771' title='bbox 1574 5655 1689 5711; x_wconf 86' lang='lat' dir='ltr'><strong>sole</strong></span> <span class='ocrx_word' id='word_1_772' title='bbox 1727 5654 1846 5709; x_wconf 88' lang='lat' dir='ltr'><strong>cla-</strong></span> 
     </span>
    </p>
   </div>
   <div class='ocr_carea' id='block_1_106' title="bbox 269 5720 1846 5799">
    <p class='ocr_par' dir='ltr' id='par_1_106' title="bbox 269 5720 1846 5799">
     <span class='ocr_line' id='line_1_108' title="bbox 269 5720 1846 5799; baseline 0.001 -18"><span class='ocrx_word' id='word_1_773' title='bbox 269 5720 390 5781; x_wconf 71' lang='lat' dir='ltr'><strong>rius</strong></span> <span class='ocrx_word' id='word_1_774' title='bbox 413 5720 508 5788; x_wconf 59' lang='lat' dir='ltr'><strong>{si</strong></span> <span class='ocrx_word' id='word_1_775' title='bbox 572 5720 753 5782; x_wconf 77' lang='lat' dir='ltr'><strong>locum</strong></span> <span class='ocrx_word' id='word_1_776' title='bbox 801 5720 1118 5786; x_wconf 83' lang='lat' dir='ltr'><strong>Philostrati</strong></span> <span class='ocrx_word' id='word_1_777' title='bbox 1153 5720 1468 5797; x_wconf 60' lang='lat' dir='ltr'><strong>&#39;conlera‘s,</strong></span> <span class='ocrx_word' id='word_1_778' title='bbox 1515 5725 1846 5799; x_wconf 77' lang='lat' dir='ltr'><strong>ﬁrmantque</strong></span> 
     </span>
    </p>
   </div>
   <div class='ocr_carea' id='block_1_107' title="bbox 1954 4668 3541 4738">
    <p class='ocr_par' dir='ltr' id='par_1_107' title="bbox 1954 4668 3541 4738">
     <span class='ocr_line' id='line_1_109' title="bbox 1954 4668 3541 4738; baseline 0.003 -19"><span class='ocrx_word' id='word_1_779' title='bbox 1954 4684 2114 4738; x_wconf 84' lang='grc' dir='ltr'>μονος</span> <span class='ocrx_word' id='word_1_780' title='bbox 2137 4678 2244 4722; x_wconf 89' lang='lat' dir='ltr'><strong>etc.</strong></span> <span class='ocrx_word' id='word_1_781' title='bbox 2279 4668 2524 4733; x_wconf 88' lang='lat' dir='ltr'><strong>Quorum</strong></span> <span class='ocrx_word' id='word_1_782' title='bbox 2559 4669 2749 4724; x_wconf 88' lang='lat' dir='ltr'><strong>nullus</strong></span> <span class='ocrx_word' id='word_1_783' title='bbox 2779 4683 2904 4723; x_wconf 86' lang='lat' dir='ltr'><strong>esse</strong></span> <span class='ocrx_word' id='word_1_784' title='bbox 2933 4668 3112 4737; x_wconf 86' lang='lat' dir='ltr'><strong>potest</strong></span> <span class='ocrx_word' id='word_1_785' title='bbox 3143 4683 3362 4732; x_wconf 89' lang='lat' dir='ltr'><strong>sensus,</strong></span> <span class='ocrx_word' id='word_1_786' title='bbox 3391 4670 3438 4724; x_wconf 88' lang='lat' dir='ltr'><strong>si</strong></span> <span class='ocrx_word' id='word_1_787' title='bbox 3461 4682 3541 4724; x_wconf 87' lang='lat' dir='ltr'><strong>re-</strong></span> 
     </span>
    </p>
   </div>
   <div class='ocr_carea' id='block_1_108' title="bbox 1949 4737 3542 4809">
    <p class='ocr_par' dir='ltr' id='par_1_108' title="bbox 1949 4737 3542 4809">
     <span class='ocr_line' id='line_1_110' title="bbox 1949 4737 3542 4809; baseline 0.003 -20"><span class='ocrx_word' id='word_1_788' title='bbox 1949 4737 2224 4809; x_wconf 79' lang='lat' dir='ltr'><strong>tineamus</strong></span> <span class='ocrx_word' id='word_1_789' title='bbox 2267 4738 2558 4809; x_wconf 80' lang='lat' dir='ltr'><strong>lectionem</strong></span> <span class='ocrx_word' id='word_1_790' title='bbox 2598 4737 2955 4809; x_wconf 76' lang='lat' dir='ltr'><strong>depravatam</strong></span> <span class='ocrx_word' id='word_1_791' title='bbox 2998 4738 3272 4793; x_wconf 80' lang='lat' dir='ltr'><strong>editorum</strong></span> <span class='ocrx_word' id='word_1_792' title='bbox 3315 4741 3410 4809; x_wconf 89' lang='lat' dir='ltr'><strong>qui</strong></span> <span class='ocrx_word' id='word_1_793' title='bbox 3439 4739 3542 4794; x_wconf 82' lang='lat' dir='ltr'><strong>ha-</strong></span> 
     </span>
    </p>
   </div>
   <div class='ocr_carea' id='block_1_109' title="bbox 1949 4806 2576 4878">
    <p class='ocr_par' dir='ltr' id='par_1_109' title="bbox 1949 4806 2576 4878">
     <span class='ocr_line' id='line_1_111' title="bbox 1949 4806 2576 4878; baseline 0.003 -18"><span class='ocrx_word' id='word_1_794' title='bbox 1949 4806 2097 4878; x_wconf 13' lang='lat' dir='ltr'><strong>bent,</strong></span> <span class='ocrx_word' id='word_1_795' title='bbox 2114 4807 2576 4878; x_wconf 88' lang='grc' dir='ltr'>ἀπαγορεύσαντι.</span> 
     </span>
    </p>
   </div>
   <div class='ocr_carea' id='block_1_110' title="bbox 2021 4876 3544 4951">
    <p class='ocr_par' dir='ltr' id='par_1_110' title="bbox 2021 4876 3544 4951">
     <span class='ocr_line' id='line_1_112' title="bbox 2021 4876 3544 4951; baseline 0.002 -20"><span class='ocrx_word' id='word_1_796' title='bbox 2021 4877 2134 4951; x_wconf 73' lang='lat'><strong>(72)</strong></span> <span class='ocrx_word' id='word_1_797' title='bbox 2167 4876 2351 4944; x_wconf 79' lang='grc' dir='ltr'><strong>Θεοῦς</strong></span> <span class='ocrx_word' id='word_1_798' title='bbox 2383 4879 2750 4951; x_wconf 60' lang='grc' dir='ltr'>θεραπεύειν.</span> <span class='ocrx_word' id='word_1_799' title='bbox 2783 4876 3154 4935; x_wconf 74' lang='lat' dir='ltr'><strong>Philostratus</strong></span> <span class='ocrx_word' id='word_1_800' title='bbox 3184 4878 3544 4951; x_wconf 44' lang='lat' dir='ltr'><strong>omittigpaf-t</strong></span> 
     </span>
    </p>
   </div>
   <div class='ocr_carea' id='block_1_111' title="bbox 1944 4947 3542 5018">
    <p class='ocr_par' dir='ltr' id='par_1_111' title="bbox 1944 4947 3542 5018">
     <span class='ocr_line' id='line_1_113' title="bbox 1944 4947 3542 5018; baseline 0.003 -16"><span class='ocrx_word' id='word_1_801' title='bbox 1944 4947 2172 5002; x_wconf 87' lang='lat' dir='ltr'><strong>ticulam</strong></span> <span class='ocrx_word' id='word_1_802' title='bbox 2214 4965 2276 5002; x_wconf 89' lang='grc' dir='ltr'><strong>τε</strong></span> <span class='ocrx_word' id='word_1_803' title='bbox 2316 4963 2479 5018; x_wconf 91' lang='lat' dir='ltr'><strong>quam</strong></span> <span class='ocrx_word' id='word_1_804' title='bbox 2519 4949 2610 5003; x_wconf 89' lang='lat' dir='ltr'><strong>hic</strong></span> <span class='ocrx_word' id='word_1_805' title='bbox 2645 4951 2905 5004; x_wconf 84' lang='lat' dir='ltr'><strong>insertam</strong></span> <span class='ocrx_word' id='word_1_806' title='bbox 2942 4951 3145 5004; x_wconf 90' lang='lat' dir='ltr'><strong>habent</strong></span> <span class='ocrx_word' id='word_1_807' title='bbox 3185 4950 3331 5004; x_wconf 87' lang='lat' dir='ltr'><strong>edita</strong></span> <span class='ocrx_word' id='word_1_808' title='bbox 3369 4947 3542 5006; x_wconf 77' lang='lat' dir='ltr'><strong>Euse-</strong></span> 
     </span>
    </p>
   </div>
   <div class='ocr_carea' id='block_1_112' title="bbox 1946 5019 3542 5090">
    <p class='ocr_par' dir='ltr' id='par_1_112' title="bbox 1946 5019 3542 5090">
     <span class='ocr_line' id='line_1_114' title="bbox 1946 5019 3542 5090; baseline 0.003 -19"><span class='ocrx_word' id='word_1_809' title='bbox 1946 5019 2134 5082; x_wconf 84' lang='lat' dir='ltr'><strong>biana,</strong></span> <span class='ocrx_word' id='word_1_810' title='bbox 2165 5021 2359 5074; x_wconf 77' lang='lat' dir='ltr'><strong>melius</strong></span> <span class='ocrx_word' id='word_1_811' title='bbox 2391 5034 2510 5073; x_wconf 84' lang='lat' dir='ltr'><strong>eant</strong></span> <span class='ocrx_word' id='word_1_812' title='bbox 2537 5034 2645 5090; x_wconf 84' lang='lat' dir='ltr'><strong>ego</strong></span> <span class='ocrx_word' id='word_1_813' title='bbox 2673 5033 2892 5090; x_wconf 88' lang='lat' dir='ltr'><strong>quoque</strong></span> <span class='ocrx_word' id='word_1_814' title='bbox 2925 5021 3102 5074; x_wconf 91' lang='lat' dir='ltr'><strong>omitti</strong></span> <span class='ocrx_word' id='word_1_815' title='bbox 3136 5030 3342 5088; x_wconf 89' lang='lat' dir='ltr'><strong>putem,</strong></span> <span class='ocrx_word' id='word_1_816' title='bbox 3369 5020 3449 5074; x_wconf 86' lang='lat' dir='ltr'><strong>illi</strong></span> <span class='ocrx_word' id='word_1_817' title='bbox 3477 5023 3542 5075; x_wconf 66' lang='grc' dir='ltr'><strong>τε</strong></span> 
     </span>
    </p>
   </div>
   <div class='ocr_carea' id='block_1_113' title="bbox 1955 5089 3543 5159">
    <p class='ocr_par' dir='ltr' id='par_1_113' title="bbox 1955 5089 3543 5159">
     <span class='ocr_line' id='line_1_115' title="bbox 1955 5089 3543 5159; baseline 0.003 -16"><span class='ocrx_word' id='word_1_818' title='bbox 1955 5091 2098 5143; x_wconf 91' lang='lat' dir='ltr'><strong>enim</strong></span> <span class='ocrx_word' id='word_1_819' title='bbox 2136 5090 2272 5154; x_wconf 84' lang='lat' dir='ltr'><strong>nihil</strong></span> <span class='ocrx_word' id='word_1_820' title='bbox 2315 5089 2628 5158; x_wconf 69' lang='lat' dir='ltr'><strong>reapondet,</strong></span> <span class='ocrx_word' id='word_1_821' title='bbox 2665 5089 2720 5145; x_wconf 84' lang='lat' dir='ltr'><strong>et</strong></span> <span class='ocrx_word' id='word_1_822' title='bbox 2771 5091 3057 5159; x_wconf 86' lang='lat' dir='ltr'><strong>sequentia</strong></span> <span class='ocrx_word' id='word_1_823' title='bbox 3107 5091 3218 5145; x_wconf 93' lang='lat' dir='ltr'><strong>duo</strong></span> <span class='ocrx_word' id='word_1_824' title='bbox 3247 5091 3370 5144; x_wconf 80' lang='lat' dir='ltr'><strong>cola</strong></span> <span class='ocrx_word' id='word_1_825' title='bbox 3400 5092 3543 5147; x_wconf 75' lang='lat' dir='ltr'><strong>inter</strong></span> 
     </span>
    </p>
   </div>
   <div class='ocr_carea' id='block_1_114' title="bbox 1956 5160 3543 5232">
    <p class='ocr_par' dir='ltr' id='par_1_114' title="bbox 1956 5160 3543 5232">
     <span class='ocr_line' id='line_1_116' title="bbox 1956 5160 3543 5232; baseline 0.001 -17"><span class='ocrx_word' id='word_1_826' title='bbox 1956 5174 2016 5215; x_wconf 89' lang='lat' dir='ltr'><strong>se</strong></span> <span class='ocrx_word' id='word_1_827' title='bbox 2048 5161 2253 5232; x_wconf 87' lang='lat' dir='ltr'><strong>rectius</strong></span> <span class='ocrx_word' id='word_1_828' title='bbox 2283 5161 2374 5214; x_wconf 89' lang='lat' dir='ltr'><strong>illa</strong></span> <span class='ocrx_word' id='word_1_829' title='bbox 2410 5160 2678 5229; x_wconf 88' lang='lat' dir='ltr'><strong>particula</strong></span> <span class='ocrx_word' id='word_1_830' title='bbox 2711 5161 3036 5232; x_wconf 73' lang='lat' dir='ltr'><strong>junguntur,</strong></span> <span class='ocrx_word' id='word_1_831' title='bbox 3070 5167 3333 5229; x_wconf 88' lang='lat' dir='ltr'><strong>tanquam</strong></span> <span class='ocrx_word' id='word_1_832' title='bbox 3360 5171 3543 5230; x_wconf 83' lang='lat' dir='ltr'><strong>partes</strong></span> 
     </span>
    </p>
   </div>
   <div class='ocr_carea' id='block_1_115' title="bbox 1955 5230 3543 5303">
    <p class='ocr_par' dir='ltr' id='par_1_115' title="bbox 1955 5230 3543 5303">
     <span class='ocr_line' id='line_1_117' title="bbox 1955 5230 3543 5303; baseline 0.003 -19"><span class='ocrx_word' id='word_1_833' title='bbox 1955 5231 2294 5285; x_wconf 80' lang='lat' dir='ltr'><strong>continentia“</strong></span> <span class='ocrx_word' id='word_1_834' title='bbox 2343 5235 2546 5303; x_wconf 79' lang='lat' dir='ltr'><strong>cultus,</strong></span> <span class='ocrx_word' id='word_1_835' title='bbox 2591 5246 2753 5300; x_wconf 73' lang='lat' dir='ltr'><strong>quem</strong></span> <span class='ocrx_word' id='word_1_836' title='bbox 2802 5230 2836 5285; x_wconf 85' lang='lat' dir='ltr'><strong>a</strong></span> <span class='ocrx_word' id='word_1_837' title='bbox 2897 5230 3221 5303; x_wconf 70' lang='lat' dir='ltr'><strong>Pythagorae</strong></span> <span class='ocrx_word' id='word_1_838' title='bbox 3271 5233 3543 5302; x_wconf 67' lang='lat' dir='ltr'><strong>Sapientia</strong></span> 
     </span>
    </p>
   </div>
   <div class='ocr_carea' id='block_1_116' title="bbox 1958 5301 2450 5371">
    <p class='ocr_par' dir='ltr' id='par_1_116' title="bbox 1958 5301 2450 5371">
     <span class='ocr_line' id='line_1_118' title="bbox 1958 5301 2450 5371; baseline -0.008 -15"><span class='ocrx_word' id='word_1_839' title='bbox 1958 5315 2017 5356; x_wconf 87' lang='lat' dir='ltr'><strong>se</strong></span> <span class='ocrx_word' id='word_1_840' title='bbox 2040 5306 2317 5371; x_wconf 81' lang='lat' dir='ltr'><strong>accepisse</strong></span> <span class='ocrx_word' id='word_1_841' title='bbox 2348 5301 2450 5371; x_wconf 77' lang='lat' dir='ltr'><strong>ait.</strong></span> 
     </span>
    </p>
   </div>
   <div class='ocr_carea' id='block_1_117' title="bbox 2055 5367 2950 5442">
    <p class='ocr_par' dir='ltr' id='par_1_117' title="bbox 2055 5367 2950 5442">
     <span class='ocr_line' id='line_1_119' title="bbox 2055 5367 2950 5442; baseline 0.006 -20"><span class='ocrx_word' id='word_1_842' title='bbox 2055 5371 2143 5442; x_wconf 56' lang='lat'><strong>72;)</strong></span> <span class='ocrx_word' id='word_1_843' title='bbox 2171 5367 2311 5436; x_wconf 63' lang='lat' dir='ltr'><strong>&quot;ac.</strong></span> <span class='ocrx_word' id='word_1_844' title='bbox 2345 5369 2604 5442; x_wconf 83' lang='lat' dir='ltr'><strong>Philostr.</strong></span> <span class='ocrx_word' id='word_1_845' title='bbox 2642 5367 2806 5442; x_wconf 86' lang='lat' dir='ltr'><strong>habet</strong></span> <span class='ocrx_word' id='word_1_846' title='bbox 2834 5371 2950 5442; x_wconf 81' lang='grc' dir='ltr'>καί.</span> 
     </span>
    </p>
   </div>
   <div class='ocr_carea' id='block_1_118' title="bbox 2058 5439 3543 5514">
    <p class='ocr_par' dir='ltr' id='par_1_118' title="bbox 2058 5439 3543 5514">
     <span class='ocr_line' id='line_1_120' title="bbox 2058 5439 3543 5514; baseline 0.001 -20"><span class='ocrx_word' id='word_1_847' title='bbox 2058 5439 2147 5512; x_wconf 69' lang='grc'><strong>74)</strong></span> <span class='ocrx_word' id='word_1_848' title='bbox 2174 5440 2522 5514; x_wconf 15' lang='grc' dir='ltr'><strong>ίἏπόῤῥηΐὰ</strong></span> <span class='ocrx_word' id='word_1_849' title='bbox 2539 5458 2673 5495; x_wconf 83' lang='grc' dir='ltr'>τινα</span> <span class='ocrx_word' id='word_1_850' title='bbox 2701 5440 3143 5512; x_wconf 67' lang='grc' dir='ltr'>ξυγγράμματα.</span> <span class='ocrx_word' id='word_1_851' title='bbox 3166 5439 3296 5498; x_wconf 63' lang='grc' dir='ltr'><strong>Ηεό.</strong></span> <span class='ocrx_word' id='word_1_852' title='bbox 3333 5441 3543 5514; x_wconf 77' lang='lat' dir='ltr'><strong>scripta</strong></span> 
     </span>
    </p>
   </div>
   <div class='ocr_carea' id='block_1_119' title="bbox 1956 5513 3544 5578">
    <p class='ocr_par' dir='ltr' id='par_1_119' title="bbox 1956 5513 3544 5578">
     <span class='ocr_line' id='line_1_121' title="bbox 1956 5513 3544 5578; baseline 0 -11"><span class='ocrx_word' id='word_1_853' title='bbox 1956 5513 2125 5568; x_wconf 84' lang='lat' dir='ltr'><strong>variis</strong></span> <span class='ocrx_word' id='word_1_854' title='bbox 2171 5513 2470 5567; x_wconf 88' lang='lat' dir='ltr'><strong>involucris</strong></span> <span class='ocrx_word' id='word_1_855' title='bbox 2509 5524 2732 5568; x_wconf 88' lang='lat' dir='ltr'><strong>sensum</strong></span> <span class='ocrx_word' id='word_1_856' title='bbox 2777 5513 3136 5578; x_wconf 84' lang='lat' dir='ltr'><strong>involventia,</strong></span> <span class='ocrx_word' id='word_1_857' title='bbox 3177 5519 3238 5568; x_wconf 84' lang='lat' dir='ltr'><strong>ut</strong></span> <span class='ocrx_word' id='word_1_858' title='bbox 3287 5513 3544 5568; x_wconf 83' lang='lat' dir='ltr'><strong>solebant</strong></span> 
     </span>
    </p>
   </div>
   <div class='ocr_carea' id='block_1_120' title="bbox 1958 5583 3546 5654">
    <p class='ocr_par' dir='ltr' id='par_1_120' title="bbox 1958 5583 3546 5654">
     <span class='ocr_line' id='line_1_122' title="bbox 1958 5583 3546 5654; baseline 0.001 -16"><span class='ocrx_word' id='word_1_859' title='bbox 1958 5583 2223 5654; x_wconf 85' lang='lat' dir='ltr'><strong>symbolis</strong></span> <span class='ocrx_word' id='word_1_860' title='bbox 2253 5584 2369 5638; x_wconf 88' lang='lat' dir='ltr'><strong>suis</strong></span> <span class='ocrx_word' id='word_1_861' title='bbox 2398 5585 2475 5638; x_wconf 90' lang='lat' dir='ltr'><strong>uti</strong></span> <span class='ocrx_word' id='word_1_862' title='bbox 2521 5584 2586 5638; x_wconf 87' lang='lat' dir='ltr'><strong>ad</strong></span> <span class='ocrx_word' id='word_1_863' title='bbox 2630 5583 2892 5652; x_wconf 83' lang='lat' dir='ltr'><strong>tegendas</strong></span> <span class='ocrx_word' id='word_1_864' title='bbox 2919 5584 3234 5654; x_wconf 48' lang='lat' dir='ltr'><strong>reconditas</strong></span> <span class='ocrx_word' id='word_1_865' title='bbox 3262 5583 3546 5640; x_wconf 79' lang='lat' dir='ltr'><strong>doctrinas</strong></span> 
     </span>
    </p>
   </div>
   <div class='ocr_carea' id='block_1_121' title="bbox 1953 5652 3550 5736">
    <p class='ocr_par' dir='ltr' id='par_1_121' title="bbox 1953 5652 3550 5736">
     <span class='ocr_line' id='line_1_123' title="bbox 1953 5652 3550 5736; baseline 0.001 -28"><span class='ocrx_word' id='word_1_866' title='bbox 1953 5652 2034 5708; x_wconf 86' lang='lat' dir='ltr'><strong>illi</strong></span> <span class='ocrx_word' id='word_1_867' title='bbox 2057 5654 2450 5736; x_wconf 31' lang='lat' dir='ltr'><strong>Ophiolosopbi,‘</strong></span> <span class='ocrx_word' id='word_1_868' title='bbox 2489 5655 2848 5736; x_wconf 80' lang='lat' dir='ltr'><strong>symbolicam</strong></span> <span class='ocrx_word' id='word_1_869' title='bbox 2904 5653 3106 5713; x_wconf 79' lang='lat' dir='ltr'><strong>imitati</strong></span> <span class='ocrx_word' id='word_1_870' title='bbox 3156 5652 3550 5730; x_wconf 30' lang='lat' dir='ltr'><strong>Egyptiorum‘</strong></span> 
     </span>
    </p>
   </div>
   <div class='ocr_carea' id='block_1_122' title="bbox 1941 5724 2556 5812">
    <p class='ocr_par' dir='ltr' id='par_1_122' title="bbox 1941 5724 2556 5812">
     <span class='ocr_line' id='line_1_124' title="bbox 1941 5724 2556 5812; baseline 0 -28"><span class='ocrx_word' id='word_1_871' title='bbox 1941 5724 2276 5812; x_wconf 58' lang='lat' dir='ltr'><strong>sapientiam</strong></span> <span class='ocrx_word' id='word_1_872' title='bbox 2303 5724 2556 5798; x_wconf 60' lang='lat' dir='ltr'><strong>passim.&quot;</strong></span> 
     </span>
    </p>
   </div>
  </div>
