  <div class='ocr_page' id='page_1' title='image "/cluster/home/n/w/nwhite01/storage/ocr_20150623/22/nnc1.0046978372/451.png"; bbox 0 0 3856 6222; ppageno 0'>
   <div class='ocr_carea' id='block_1_1' title="bbox 341 244 452 306">
    <p class='ocr_par' dir='ltr' id='par_1_1' title="bbox 341 244 452 306">
     <span class='ocr_line' id='line_1_1' title="bbox 341 244 452 306; baseline 0.018 -3"><span class='ocrx_word' id='word_1_1' title='bbox 341 244 452 306; x_wconf 70' lang='grc'>818</span> 
     </span>
    </p>
   </div>
   <div class='ocr_carea' id='block_1_2' title="bbox 1005 230 2949 298">
    <p class='ocr_par' dir='ltr' id='par_1_2' title="bbox 1005 230 2949 298">
     <span class='ocr_line' id='line_1_2' title="bbox 1005 230 2949 298; baseline -0.003 0"><span class='ocrx_word' id='word_1_2' title='bbox 1005 239 1275 298; x_wconf 83' lang='lat' dir='ltr'><strong>EUSEBII</strong></span> <span class='ocrx_word' id='word_1_3' title='bbox 1306 235 1786 296; x_wconf 74' lang='lat' dir='ltr'><strong>C.‘ESARIENSIS</strong></span> <span class='ocrx_word' id='word_1_4' title='bbox 1823 232 1973 292; x_wconf 87' lang='lat' dir='ltr'><strong>OPP.</strong></span> <span class='ocrx_word' id='word_1_5' title='bbox 2014 231 2196 289; x_wconf 73' lang='lat' dir='ltr'><strong>PARS</strong></span> <span class='ocrx_word' id='word_1_6' title='bbox 2233 230 2299 288; x_wconf 83' lang='lat' dir='ltr'><strong>ll.</strong></span> <span class='ocrx_word' id='word_1_7' title='bbox 2339 264 2411 277; x_wconf 85' lang='lat'><strong>-</strong></span> <span class='ocrx_word' id='word_1_8' title='bbox 2448 234 2949 294; x_wconf 80' lang='lat' dir='ltr'><strong>APOLOGETICA.</strong></span> 
     </span>
    </p>
   </div>
   <div class='ocr_carea' id='block_1_3' title="bbox 345 350 1914 432">
    <p class='ocr_par' dir='ltr' id='par_1_3' title="bbox 345 357 1914 432">
     <span class='ocr_line' id='line_1_3' title="bbox 345 357 1914 432; baseline -0.004 -11"><span class='ocrx_word' id='word_1_9' title='bbox 345 363 504 422; x_wconf 80' lang='lat' dir='ltr'><strong>sidils</strong></span> <span class='ocrx_word' id='word_1_10' title='bbox 534 376 718 418; x_wconf 83' lang='lat' dir='ltr'><strong>usum.</strong></span> <span class='ocrx_word' id='word_1_11' title='bbox 748 358 861 418; x_wconf 89' lang='lat' dir='ltr'><strong>lmo</strong></span> <span class='ocrx_word' id='word_1_12' title='bbox 895 361 1176 431; x_wconf 77' lang='lat' dir='ltr'><strong>magister,</strong></span> <span class='ocrx_word' id='word_1_13' title='bbox 1209 375 1320 432; x_wconf 91' lang='lat' dir='ltr'><strong>quo</strong></span> <span class='ocrx_word' id='word_1_14' title='bbox 1351 360 1444 416; x_wconf 90' lang='lat' dir='ltr'><strong>ille</strong></span> <span class='ocrx_word' id='word_1_15' title='bbox 1480 359 1534 414; x_wconf 92' lang='lat' dir='ltr'><strong>in</strong></span> <span class='ocrx_word' id='word_1_16' title='bbox 1566 357 1914 430; x_wconf 71' lang='lat' dir='ltr'><strong>Pythagorica</strong></span> 
     </span>
    </p>
   </div>
   <div class='ocr_carea' id='block_1_4' title="bbox 2033 350 3626 432">
    <p class='ocr_par' dir='ltr' id='par_1_4' title="bbox 2033 350 3626 432">
     <span class='ocr_line' id='line_1_4' title="bbox 2033 350 3626 432; baseline 0.004 -22"><span class='ocrx_word' id='word_1_17' title='bbox 2033 356 2260 428; x_wconf 87' lang='grc' dir='ltr'>τύρηται</span> <span class='ocrx_word' id='word_1_18' title='bbox 2282 356 2379 411; x_wconf 81' lang='grc' dir='ltr'>τοῦ</span> <span class='ocrx_word' id='word_1_19' title='bbox 2403 356 2786 428; x_wconf 79' lang='grc' dir='ltr'><strong>Φιλοστράτου,</strong></span> <span class='ocrx_word' id='word_1_20' title='bbox 2808 350 2912 411; x_wconf 83' lang='grc' dir='ltr'>ὧδέ</span> <span class='ocrx_word' id='word_1_21' title='bbox 2937 376 3054 423; x_wconf 75' lang='grc' dir='ltr'><strong>πως</strong></span> <span class='ocrx_word' id='word_1_22' title='bbox 3079 359 3362 432; x_wconf 70' lang='grc' dir='ltr'><strong>εἰρηκότος</strong></span> <span class='ocrx_word' id='word_1_23' title='bbox 3381 380 3396 392; x_wconf 89' lang='grc'><strong>·</strong></span> <span class='ocrx_word' id='word_1_24' title='bbox 3424 379 3445 414; x_wconf 74' lang='grc' dir='ltr'><strong>ι</strong></span> <span class='ocrx_word' id='word_1_25' title='bbox 3471 362 3626 417; x_wconf 69' lang='grc' dir='ltr'>Διδά-</span> 
     </span>
    </p>
   </div>
   <div class='ocr_carea' id='block_1_5' title="bbox 346 448 1924 528">
    <p class='ocr_par' dir='ltr' id='par_1_5' title="bbox 346 448 1924 528">
     <span class='ocr_line' id='line_1_5' title="bbox 346 448 1924 528; baseline -0.006 -18"><span class='ocrx_word' id='word_1_26' title='bbox 346 455 690 528; x_wconf 82' lang='lat' dir='ltr'><strong>philosOphia</strong></span> <span class='ocrx_word' id='word_1_27' title='bbox 717 468 852 509; x_wconf 88' lang='lat' dir='ltr'><strong>usus</strong></span> <span class='ocrx_word' id='word_1_28' title='bbox 880 460 986 516; x_wconf 88' lang='lat' dir='ltr'><strong>est,</strong></span> <span class='ocrx_word' id='word_1_29' title='bbox 1023 453 1156 508; x_wconf 85' lang='lat' dir='ltr'><strong>nihil</strong></span> <span class='ocrx_word' id='word_1_30' title='bbox 1191 451 1478 522; x_wconf 86' lang='lat' dir='ltr'><strong>Epicureis</strong></span> <span class='ocrx_word' id='word_1_31' title='bbox 1511 449 1684 505; x_wconf 84' lang='lat' dir='ltr'><strong>fuisse</strong></span> <span class='ocrx_word' id='word_1_32' title='bbox 1711 448 1924 514; x_wconf 87' lang='lat' dir='ltr'><strong>melior,</strong></span> 
     </span>
    </p>
   </div>
   <div class='ocr_carea' id='block_1_6' title="bbox 345 542 1930 620">
    <p class='ocr_par' dir='ltr' id='par_1_6' title="bbox 345 542 1930 620">
     <span class='ocr_line' id='line_1_6' title="bbox 345 542 1930 620; baseline -0.005 -16"><span class='ocrx_word' id='word_1_33' title='bbox 345 551 518 620; x_wconf 88' lang='lat' dir='ltr'><strong>ipsius</strong></span> <span class='ocrx_word' id='word_1_34' title='bbox 543 547 856 603; x_wconf 91' lang='lat' dir='ltr'><strong>Philostrati</strong></span> <span class='ocrx_word' id='word_1_35' title='bbox 886 546 1203 601; x_wconf 85' lang='lat' dir='ltr'><strong>testimonio</strong></span> <span class='ocrx_word' id='word_1_36' title='bbox 1230 545 1569 615; x_wconf 86' lang='lat' dir='ltr'><strong>perhibetur,</strong></span> <span class='ocrx_word' id='word_1_37' title='bbox 1604 543 1679 596; x_wconf 91' lang='lat' dir='ltr'><strong>ita</strong></span> <span class='ocrx_word' id='word_1_38' title='bbox 1706 542 1930 612; x_wconf 79' lang='lat' dir='ltr'><strong>loquen-</strong></span> 
     </span>
    </p>
   </div>
   <div class='ocr_carea' id='block_1_7' title="bbox 343 631 1928 708">
    <p class='ocr_par' dir='ltr' id='par_1_7' title="bbox 343 631 1928 708">
     <span class='ocr_line' id='line_1_7' title="bbox 343 631 1928 708; baseline -0.004 -14"><span class='ocrx_word' id='word_1_39' title='bbox 343 640 476 697; x_wconf 80' lang='lat' dir='ltr'><strong>tis“</strong></span> <span class='ocrx_word' id='word_1_40' title='bbox 507 657 518 691; x_wconf 93' lang='lat'><strong>:</strong></span> <span class='ocrx_word' id='word_1_41' title='bbox 554 659 573 691; x_wconf 75' lang='grc' dir='ltr'>ε</span> <span class='ocrx_word' id='word_1_42' title='bbox 607 637 923 708; x_wconf 68' lang='lat' dir='ltr'><strong>Praeceptor</strong></span> <span class='ocrx_word' id='word_1_43' title='bbox 951 637 1172 707; x_wconf 87' lang='lat' dir='ltr'><strong>quidem</strong></span> <span class='ocrx_word' id='word_1_44' title='bbox 1215 633 1591 706; x_wconf 68' lang='lat' dir='ltr'><strong>Pythagoricae</strong></span> <span class='ocrx_word' id='word_1_45' title='bbox 1621 631 1928 702; x_wconf 69' lang='lat' dir='ltr'><strong>disciplina:</strong></span> 
     </span>
    </p>
   </div>
   <div class='ocr_carea' id='block_1_8' title="bbox 341 725 1928 795">
    <p class='ocr_par' dir='ltr' id='par_1_8' title="bbox 341 725 1928 795">
     <span class='ocr_line' id='line_1_8' title="bbox 341 725 1928 795; baseline -0.003 -11"><span class='ocrx_word' id='word_1_46' title='bbox 341 731 391 786; x_wconf 90' lang='lat' dir='ltr'><strong>ei</strong></span> <span class='ocrx_word' id='word_1_47' title='bbox 419 728 541 794; x_wconf 86' lang='lat' dir='ltr'><strong>fuit,</strong></span> <span class='ocrx_word' id='word_1_48' title='bbox 572 730 728 784; x_wconf 72' lang='lat' dir='ltr'><strong>bonae</strong></span> <span class='ocrx_word' id='word_1_49' title='bbox 754 727 976 782; x_wconf 90' lang='lat' dir='ltr'><strong>minime</strong></span> <span class='ocrx_word' id='word_1_50' title='bbox 1005 726 1198 795; x_wconf 81' lang='lat' dir='ltr'><strong>frugis,</strong></span> <span class='ocrx_word' id='word_1_51' title='bbox 1230 740 1406 794; x_wconf 90' lang='lat' dir='ltr'><strong>neque</strong></span> <span class='ocrx_word' id='word_1_52' title='bbox 1436 739 1601 793; x_wconf 86' lang='lat' dir='ltr'><strong>opera</strong></span> <span class='ocrx_word' id='word_1_53' title='bbox 1627 725 1833 794; x_wconf 90' lang='lat' dir='ltr'><strong>pariter</strong></span> <span class='ocrx_word' id='word_1_54' title='bbox 1861 738 1928 779; x_wconf 87' lang='lat' dir='ltr'><strong>ac</strong></span> 
     </span>
    </p>
   </div>
   <div class='ocr_carea' id='block_1_9' title="bbox 341 816 1924 891">
    <p class='ocr_par' dir='ltr' id='par_1_9' title="bbox 341 816 1924 891">
     <span class='ocr_line' id='line_1_9' title="bbox 341 816 1924 891; baseline 0.001 -21"><span class='ocrx_word' id='word_1_55' title='bbox 341 823 527 878; x_wconf 78' lang='lat' dir='ltr'><strong>verbis</strong></span> <span class='ocrx_word' id='word_1_56' title='bbox 559 819 1000 891; x_wconf 89' lang='lat' dir='ltr'><strong>philosophatus,</strong></span> <span class='ocrx_word' id='word_1_57' title='bbox 1036 817 1323 888; x_wconf 89' lang='lat' dir='ltr'><strong>veutrique</strong></span> <span class='ocrx_word' id='word_1_58' title='bbox 1355 826 1410 874; x_wconf 91' lang='lat' dir='ltr'><strong>et</strong></span> <span class='ocrx_word' id='word_1_59' title='bbox 1437 816 1637 873; x_wconf 78' lang='lat' dir='ltr'><strong>Veneri</strong></span> <span class='ocrx_word' id='word_1_60' title='bbox 1681 816 1924 885; x_wconf 86' lang='lat' dir='ltr'><strong>deditus,</strong></span> 
     </span>
    </p>
   </div>
   <div class='ocr_carea' id='block_1_10' title="bbox 341 907 1928 980">
    <p class='ocr_par' dir='ltr' id='par_1_10' title="bbox 341 907 1928 980">
     <span class='ocr_line' id='line_1_10' title="bbox 341 907 1928 980; baseline -0.002 -13"><span class='ocrx_word' id='word_1_61' title='bbox 341 918 397 967; x_wconf 90' lang='lat' dir='ltr'><strong>et</strong></span> <span class='ocrx_word' id='word_1_62' title='bbox 424 911 491 966; x_wconf 88' lang='lat' dir='ltr'><strong>ad</strong></span> <span class='ocrx_word' id='word_1_63' title='bbox 521 910 740 980; x_wconf 81' lang='lat' dir='ltr'><strong>Epicuri</strong></span> <span class='ocrx_word' id='word_1_64' title='bbox 771 909 1120 978; x_wconf 87' lang='lat' dir='ltr'><strong>disciplinam</strong></span> <span class='ocrx_word' id='word_1_65' title='bbox 1157 910 1526 979; x_wconf 87' lang='lat' dir='ltr'><strong>compositus.</strong></span> <span class='ocrx_word' id='word_1_66' title='bbox 1557 908 1716 978; x_wconf 86' lang='lat' dir='ltr'><strong>Isque</strong></span> <span class='ocrx_word' id='word_1_67' title='bbox 1747 907 1928 964; x_wconf 86' lang='lat' dir='ltr'><strong>Euxe-</strong></span> 
     </span>
    </p>
   </div>
   <div class='ocr_carea' id='block_1_11' title="bbox 340 999 1928 1073">
    <p class='ocr_par' dir='ltr' id='par_1_11' title="bbox 340 999 1928 1073">
     <span class='ocr_line' id='line_1_11' title="bbox 340 999 1928 1073; baseline 0 -15"><span class='ocrx_word' id='word_1_68' title='bbox 340 1018 450 1060; x_wconf 87' lang='lat' dir='ltr'><strong>nus</strong></span> <span class='ocrx_word' id='word_1_69' title='bbox 484 1010 626 1066; x_wconf 90' lang='lat' dir='ltr'><strong>erat,</strong></span> <span class='ocrx_word' id='word_1_70' title='bbox 657 1000 919 1056; x_wconf 82' lang='lat' dir='ltr'><strong>Heraclea</strong></span> <span class='ocrx_word' id='word_1_71' title='bbox 959 1002 1014 1055; x_wconf 92' lang='lat' dir='ltr'><strong>in</strong></span> <span class='ocrx_word' id='word_1_72' title='bbox 1045 999 1222 1055; x_wconf 92' lang='lat' dir='ltr'><strong>Ponto</strong></span> <span class='ocrx_word' id='word_1_73' title='bbox 1269 1001 1561 1068; x_wconf 85' lang='lat' dir='ltr'><strong>oriundus,</strong></span> <span class='ocrx_word' id='word_1_74' title='bbox 1602 1001 1928 1073; x_wconf 63' lang='lat' dir='ltr'><strong>Pythagora</strong></span> 
     </span>
    </p>
   </div>
   <div class='ocr_carea' id='block_1_12' title="bbox 339 1095 1927 1165">
    <p class='ocr_par' dir='ltr' id='par_1_12' title="bbox 339 1095 1927 1165">
     <span class='ocr_line' id='line_1_12' title="bbox 339 1095 1927 1165; baseline 0.001 -15"><span class='ocrx_word' id='word_1_75' title='bbox 339 1102 523 1150; x_wconf 74' lang='lat' dir='ltr'><strong>autem</strong></span> <span class='ocrx_word' id='word_1_76' title='bbox 556 1095 858 1150; x_wconf 84' lang='lat' dir='ltr'><strong>sententias</strong></span> <span class='ocrx_word' id='word_1_77' title='bbox 904 1095 982 1147; x_wconf 89' lang='lat' dir='ltr'><strong>ita</strong></span> <span class='ocrx_word' id='word_1_78' title='bbox 1013 1103 1266 1157; x_wconf 90' lang='lat' dir='ltr'><strong>noverat,</strong></span> <span class='ocrx_word' id='word_1_79' title='bbox 1311 1095 1456 1150; x_wconf 87' lang='lat' dir='ltr'><strong>sicut</strong></span> <span class='ocrx_word' id='word_1_80' title='bbox 1495 1109 1626 1150; x_wconf 88' lang='lat' dir='ltr'><strong>aves</strong></span> <span class='ocrx_word' id='word_1_81' title='bbox 1681 1110 1766 1159; x_wconf 92' lang='lat' dir='ltr'><strong>ea,</strong></span> <span class='ocrx_word' id='word_1_82' title='bbox 1803 1109 1927 1165; x_wconf 63' lang='lat' dir='ltr'><strong>qua</strong></span> 
     </span>
    </p>
   </div>
   <div class='ocr_carea' id='block_1_13' title="bbox 341 1183 1926 1244">
    <p class='ocr_par' dir='ltr' id='par_1_13' title="bbox 341 1183 1926 1244">
     <span class='ocr_line' id='line_1_13' title="bbox 341 1183 1926 1244; baseline 0 -2"><span class='ocrx_word' id='word_1_83' title='bbox 341 1187 413 1242; x_wconf 82' lang='lat' dir='ltr'><strong>ab</strong></span> <span class='ocrx_word' id='word_1_84' title='bbox 444 1186 762 1241; x_wconf 89' lang='lat' dir='ltr'><strong>hominibus</strong></span> <span class='ocrx_word' id='word_1_85' title='bbox 802 1185 1126 1240; x_wconf 90' lang='lat' dir='ltr'><strong>edocentur.</strong></span> <span class='ocrx_word' id='word_1_86' title='bbox 1167 1204 1186 1238; x_wconf 86' lang='grc'>›</span> <span class='ocrx_word' id='word_1_87' title='bbox 1230 1183 1344 1240; x_wconf 86' lang='lat' dir='ltr'><strong>Vah</strong></span> <span class='ocrx_word' id='word_1_88' title='bbox 1398 1186 1836 1242; x_wconf 84' lang='lat' dir='ltr'><strong>absurditateml</strong></span> <span class='ocrx_word' id='word_1_89' title='bbox 1877 1187 1926 1244; x_wconf 89' lang='lat' dir='ltr'><strong>si</strong></span> 
     </span>
    </p>
   </div>
   <div class='ocr_carea' id='block_1_14' title="bbox 341 1278 1921 1350">
    <p class='ocr_par' dir='ltr' id='par_1_14' title="bbox 341 1278 1921 1350">
     <span class='ocr_line' id='line_1_14' title="bbox 341 1278 1921 1350; baseline -0.001 -16"><span class='ocrx_word' id='word_1_90' title='bbox 341 1280 409 1335; x_wconf 89' lang='lat' dir='ltr'><strong>ab</strong></span> <span class='ocrx_word' id='word_1_91' title='bbox 437 1279 540 1334; x_wconf 89' lang='lat' dir='ltr'><strong>hoc</strong></span> <span class='ocrx_word' id='word_1_92' title='bbox 572 1279 844 1350; x_wconf 81' lang='lat' dir='ltr'><strong>quispiam</strong></span> <span class='ocrx_word' id='word_1_93' title='bbox 879 1278 1105 1334; x_wconf 84' lang='lat' dir='ltr'><strong>allirmet</strong></span> <span class='ocrx_word' id='word_1_94' title='bbox 1136 1278 1498 1335; x_wconf 89' lang='lat' dir='ltr'><strong>conversandi</strong></span> <span class='ocrx_word' id='word_1_95' title='bbox 1527 1294 1653 1334; x_wconf 91' lang='lat' dir='ltr'><strong>cum</strong></span> <span class='ocrx_word' id='word_1_96' title='bbox 1688 1279 1796 1334; x_wconf 89' lang='lat' dir='ltr'><strong>diis</strong></span> <span class='ocrx_word' id='word_1_97' title='bbox 1830 1292 1921 1350; x_wconf 57' lang='lat' dir='ltr'><strong>pec</strong></span> 
     </span>
    </p>
   </div>
   <div class='ocr_carea' id='block_1_15' title="bbox 340 1370 1924 1442">
    <p class='ocr_par' dir='ltr' id='par_1_15' title="bbox 340 1370 1924 1442">
     <span class='ocr_line' id='line_1_15' title="bbox 340 1370 1924 1442; baseline 0 -16"><span class='ocrx_word' id='word_1_98' title='bbox 340 1372 528 1426; x_wconf 86' lang='lat' dir='ltr'><strong>riliam</strong></span> <span class='ocrx_word' id='word_1_99' title='bbox 566 1371 915 1442; x_wconf 85' lang='lat' dir='ltr'><strong>Apollonium</strong></span> <span class='ocrx_word' id='word_1_100' title='bbox 970 1372 1272 1441; x_wconf 87' lang='lat' dir='ltr'><strong>accepisse.</strong></span> <span class='ocrx_word' id='word_1_101' title='bbox 1312 1370 1514 1426; x_wconf 87' lang='lat' dir='ltr'><strong>Verum</strong></span> <span class='ocrx_word' id='word_1_102' title='bbox 1556 1370 1924 1426; x_wconf 85' lang='lat' dir='ltr'><strong>concedamus</strong></span> 
     </span>
    </p>
   </div>
   <div class='ocr_carea' id='block_1_16' title="bbox 339 1462 1924 1542">
    <p class='ocr_par' dir='ltr' id='par_1_16' title="bbox 339 1462 1924 1542">
     <span class='ocr_line' id='line_1_16' title="bbox 339 1462 1924 1542; baseline 0.001 -25"><span class='ocrx_word' id='word_1_103' title='bbox 339 1462 481 1518; x_wconf 87' lang='lat' dir='ltr'><strong>alios</strong></span> <span class='ocrx_word' id='word_1_104' title='bbox 509 1479 730 1534; x_wconf 87' lang='lat' dir='ltr'><strong>quoque</strong></span> <span class='ocrx_word' id='word_1_105' title='bbox 775 1479 899 1518; x_wconf 89' lang='lat' dir='ltr'><strong>eum</strong></span> <span class='ocrx_word' id='word_1_106' title='bbox 934 1464 1217 1520; x_wconf 83' lang='lat' dir='ltr'><strong>audivisse</strong></span> <span class='ocrx_word' id='word_1_107' title='bbox 1249 1462 1616 1542; x_wconf 68' lang='lat' dir='ltr'><strong>[Pythagorae]</strong></span> <span class='ocrx_word' id='word_1_108' title='bbox 1652 1466 1924 1534; x_wconf 83' lang='lat' dir='ltr'><strong>interpre-</strong></span> 
     </span>
    </p>
   </div>
   <div class='ocr_carea' id='block_1_17' title="bbox 341 1555 1924 1625">
    <p class='ocr_par' dir='ltr' id='par_1_17' title="bbox 341 1555 1924 1625">
     <span class='ocr_line' id='line_1_17' title="bbox 341 1555 1924 1625; baseline -0.003 -13"><span class='ocrx_word' id='word_1_109' title='bbox 341 1569 445 1618; x_wconf 89' lang='lat' dir='ltr'><strong>tes.</strong></span> <span class='ocrx_word' id='word_1_110' title='bbox 479 1557 696 1611; x_wconf 88' lang='lat' dir='ltr'><strong>tametsi</strong></span> <span class='ocrx_word' id='word_1_111' title='bbox 721 1567 910 1611; x_wconf 90' lang='lat' dir='ltr'><strong>noster</strong></span> <span class='ocrx_word' id='word_1_112' title='bbox 941 1555 1242 1612; x_wconf 88' lang='lat' dir='ltr'><strong>historicus</strong></span> <span class='ocrx_word' id='word_1_113' title='bbox 1272 1555 1393 1625; x_wconf 89' lang='lat' dir='ltr'><strong>ejus</strong></span> <span class='ocrx_word' id='word_1_114' title='bbox 1426 1556 1600 1614; x_wconf 75' lang='lat' dir='ltr'><strong>reine</strong></span> <span class='ocrx_word' id='word_1_115' title='bbox 1634 1555 1924 1610; x_wconf 90' lang='lat' dir='ltr'><strong>minimum</strong></span> 
     </span>
    </p>
   </div>
   <div class='ocr_carea' id='block_1_18' title="bbox 338 1646 1923 1719">
    <p class='ocr_par' dir='ltr' id='par_1_18' title="bbox 338 1646 1923 1719">
     <span class='ocr_line' id='line_1_18' title="bbox 338 1646 1923 1719; baseline -0.001 -16"><span class='ocrx_word' id='word_1_116' title='bbox 338 1648 564 1719; x_wconf 87' lang='lat' dir='ltr'><strong>quidem</strong></span> <span class='ocrx_word' id='word_1_117' title='bbox 592 1648 853 1703; x_wconf 91' lang='lat' dir='ltr'><strong>indicium</strong></span> <span class='ocrx_word' id='word_1_118' title='bbox 881 1646 1046 1702; x_wconf 82' lang='lat' dir='ltr'><strong>faciat</strong></span> <span class='ocrx_word' id='word_1_119' title='bbox 1072 1667 1085 1702; x_wconf 90' lang='lat'><strong>:</strong></span> <span class='ocrx_word' id='word_1_120' title='bbox 1124 1655 1179 1701; x_wconf 88' lang='lat' dir='ltr'><strong>at</strong></span> <span class='ocrx_word' id='word_1_121' title='bbox 1207 1650 1332 1718; x_wconf 91' lang='lat' dir='ltr'><strong>quis</strong></span> <span class='ocrx_word' id='word_1_122' title='bbox 1361 1664 1552 1704; x_wconf 91' lang='lat' dir='ltr'><strong>eorum</strong></span> <span class='ocrx_word' id='word_1_123' title='bbox 1586 1663 1923 1718; x_wconf 85' lang='lat' dir='ltr'><strong>cognoscere</strong></span> 
     </span>
    </p>
   </div>
   <div class='ocr_carea' id='block_1_19' title="bbox 2007 441 3623 526">
    <p class='ocr_par' dir='ltr' id='par_1_19' title="bbox 2007 441 3623 526">
     <span class='ocr_line' id='line_1_19' title="bbox 2007 441 3623 526; baseline 0.006 -26"><span class='ocrx_word' id='word_1_124' title='bbox 2007 447 2229 526; x_wconf 17' lang='lat' dir='ltr'><strong>‘O’XGXOC</strong></span> <span class='ocrx_word' id='word_1_125' title='bbox 2259 447 2356 518; x_wconf 82' lang='grc' dir='ltr'><strong>μὲν</strong></span> <span class='ocrx_word' id='word_1_126' title='bbox 2385 441 2453 518; x_wconf 82' lang='grc' dir='ltr'><strong>ἦν</strong></span> <span class='ocrx_word' id='word_1_127' title='bbox 2497 447 2607 517; x_wconf 80' lang='grc'>(75)</span> <span class='ocrx_word' id='word_1_128' title='bbox 2648 447 2797 519; x_wconf 79' lang='grc' dir='ltr'>αὐτῷ</span> <span class='ocrx_word' id='word_1_129' title='bbox 2837 448 2946 502; x_wconf 86' lang='grc' dir='ltr'>τῶν</span> <span class='ocrx_word' id='word_1_130' title='bbox 2978 449 3294 523; x_wconf 84' lang='grc' dir='ltr'><strong>Πυθαγόρου</strong></span> <span class='ocrx_word' id='word_1_131' title='bbox 3339 451 3515 522; x_wconf 87' lang='grc' dir='ltr'>λόγων</span> <span class='ocrx_word' id='word_1_132' title='bbox 3555 455 3623 509; x_wconf 80' lang='grc' dir='ltr'><strong>σὺ</strong></span> 
     </span>
    </p>
   </div>
   <div class='ocr_carea' id='block_1_20' title="bbox 2029 539 3622 617">
    <p class='ocr_par' dir='ltr' id='par_1_20' title="bbox 2029 539 3622 617">
     <span class='ocr_line' id='line_1_20' title="bbox 2029 539 3622 617; baseline 0.004 -25"><span class='ocrx_word' id='word_1_133' title='bbox 2029 539 2172 593; x_wconf 81' lang='grc' dir='ltr'>πάνυ</span> <span class='ocrx_word' id='word_1_134' title='bbox 2201 539 2510 604; x_wconf 87' lang='grc' dir='ltr'>σπουδαῖος,</span> <span class='ocrx_word' id='word_1_135' title='bbox 2529 539 2637 594; x_wconf 75' lang='grc' dir='ltr'>οὐδ’</span> <span class='ocrx_word' id='word_1_136' title='bbox 2667 539 2876 613; x_wconf 81' lang='grc' dir='ltr'>ἐνεργῷ</span> <span class='ocrx_word' id='word_1_137' title='bbox 2909 543 2974 612; x_wconf 82' lang='grc' dir='ltr'><strong>τῇ</strong></span> <span class='ocrx_word' id='word_1_138' title='bbox 2997 541 3286 616; x_wconf 76' lang='grc' dir='ltr'>φιλοσοφίᾳ</span> <span class='ocrx_word' id='word_1_139' title='bbox 3309 545 3622 617; x_wconf 81' lang='grc' dir='ltr'>χρώμενος,</span> 
     </span>
    </p>
   </div>
   <div class='ocr_carea' id='block_1_21' title="bbox 2026 631 3628 705">
    <p class='ocr_par' dir='ltr' id='par_1_21' title="bbox 2026 631 3628 705">
     <span class='ocr_line' id='line_1_21' title="bbox 2026 631 3628 705; baseline 0.005 -20"><span class='ocrx_word' id='word_1_140' title='bbox 2026 632 2264 704; x_wconf 88' lang='grc' dir='ltr'>γαστρός</span> <span class='ocrx_word' id='word_1_141' title='bbox 2310 649 2370 685; x_wconf 90' lang='grc' dir='ltr'>τε</span> <span class='ocrx_word' id='word_1_142' title='bbox 2412 632 2590 703; x_wconf 74' lang='grc' dir='ltr'>ἥττων</span> <span class='ocrx_word' id='word_1_143' title='bbox 2613 631 2723 703; x_wconf 86' lang='grc'>(76)</span> <span class='ocrx_word' id='word_1_144' title='bbox 2759 633 2856 686; x_wconf 75' lang='grc' dir='ltr'>καὶ</span> <span class='ocrx_word' id='word_1_145' title='bbox 2896 632 3275 705; x_wconf 79' lang='grc' dir='ltr'>Ἀφροδισίων·</span> <span class='ocrx_word' id='word_1_146' title='bbox 3330 639 3425 692; x_wconf 77' lang='grc' dir='ltr'>καὶ</span> <span class='ocrx_word' id='word_1_147' title='bbox 3475 640 3628 693; x_wconf 79' lang='grc' dir='ltr'>κατὰ</span> 
     </span>
    </p>
   </div>
   <div class='ocr_carea' id='block_1_22' title="bbox 2025 717 3628 792">
    <p class='ocr_par' dir='ltr' id='par_1_22' title="bbox 2025 717 3628 792">
     <span class='ocr_line' id='line_1_22' title="bbox 2025 717 3628 792; baseline 0.004 -18"><span class='ocrx_word' id='word_1_148' title='bbox 2025 719 2118 775; x_wconf 83' lang='grc' dir='ltr'><strong>τὸν</strong></span> <span class='ocrx_word' id='word_1_149' title='bbox 2151 720 2474 792; x_wconf 84' lang='grc' dir='ltr'>Ἐπίκουρον</span> <span class='ocrx_word' id='word_1_150' title='bbox 2499 723 2888 792; x_wconf 84' lang='grc' dir='ltr'>ὲσχημὰτιστο.</span> <span class='ocrx_word' id='word_1_151' title='bbox 2909 719 3019 779; x_wconf 79' lang='grc' dir='ltr'><strong>Ἷιν</strong></span> <span class='ocrx_word' id='word_1_152' title='bbox 3041 724 3095 777; x_wconf 80' lang='grc' dir='ltr'>δὲ</span> <span class='ocrx_word' id='word_1_153' title='bbox 3125 717 3278 790; x_wconf 77' lang='grc' dir='ltr'>οὗτος</span> <span class='ocrx_word' id='word_1_154' title='bbox 3301 725 3558 792; x_wconf 75' lang='grc' dir='ltr'>Εὔξενος,</span> <span class='ocrx_word' id='word_1_155' title='bbox 3594 729 3628 780; x_wconf 80' lang='grc' dir='ltr'>ὁ</span> 
     </span>
    </p>
   </div>
   <div class='ocr_carea' id='block_1_23' title="bbox 2027 810 3627 891">
    <p class='ocr_par' dir='ltr' id='par_1_23' title="bbox 2027 810 3627 891">
     <span class='ocr_line' id='line_1_23' title="bbox 2027 810 3627 891; baseline 0.005 -26"><span class='ocrx_word' id='word_1_156' title='bbox 2027 810 2089 878; x_wconf 77' lang='grc' dir='ltr'>ἐξ</span> <span class='ocrx_word' id='word_1_157' title='bbox 2123 813 2451 886; x_wconf 77' lang='grc' dir='ltr'><strong>Ἡρακλείας</strong></span> <span class='ocrx_word' id='word_1_158' title='bbox 2494 814 2604 886; x_wconf 90' lang='grc'>(77)</span> <span class='ocrx_word' id='word_1_159' title='bbox 2643 815 2738 869; x_wconf 79' lang='grc' dir='ltr'>τοῦ</span> <span class='ocrx_word' id='word_1_160' title='bbox 2789 816 3013 870; x_wconf 89' lang='grc' dir='ltr'><strong>Πόντου.</strong></span> <span class='ocrx_word' id='word_1_161' title='bbox 3057 817 3166 881; x_wconf 84' lang='grc' dir='ltr'><strong>Τὰς</strong></span> <span class='ocrx_word' id='word_1_162' title='bbox 3193 819 3252 872; x_wconf 83' lang='grc' dir='ltr'>δὲ</span> <span class='ocrx_word' id='word_1_163' title='bbox 3296 819 3627 891; x_wconf 80' lang='grc' dir='ltr'>Πυθαγόρου</span> 
     </span>
    </p>
   </div>
   <div class='ocr_carea' id='block_1_24' title="bbox 2027 903 3630 981">
    <p class='ocr_par' dir='ltr' id='par_1_24' title="bbox 2027 903 3630 981">
     <span class='ocr_line' id='line_1_24' title="bbox 2027 903 3630 981; baseline 0.004 -23"><span class='ocrx_word' id='word_1_164' title='bbox 2027 903 2250 976; x_wconf 82' lang='grc' dir='ltr'>γνώμας</span> <span class='ocrx_word' id='word_1_165' title='bbox 2271 905 2383 977; x_wconf 90' lang='grc'>(78)</span> <span class='ocrx_word' id='word_1_166' title='bbox 2420 907 2753 976; x_wconf 78' lang='grc' dir='ltr'><strong>ἐγίγνωσκεν</strong></span> <span class='ocrx_word' id='word_1_167' title='bbox 2777 947 2792 972; x_wconf 93' lang='grc'><strong>,</strong></span> <span class='ocrx_word' id='word_1_168' title='bbox 2835 907 3024 981; x_wconf 85' lang='grc' dir='ltr'>ὥσπερ</span> <span class='ocrx_word' id='word_1_169' title='bbox 3051 911 3101 962; x_wconf 82' lang='lat' dir='ltr'><strong>oi</strong></span> <span class='ocrx_word' id='word_1_170' title='bbox 3140 909 3353 979; x_wconf 77' lang='grc' dir='ltr'>ὄρνιθες</span> <span class='ocrx_word' id='word_1_171' title='bbox 3391 911 3428 965; x_wconf 80' lang='grc' dir='ltr'>ἃ</span> <span class='ocrx_word' id='word_1_172' title='bbox 3479 929 3630 981; x_wconf 80' lang='grc' dir='ltr'>μαν-</span> 
     </span>
    </p>
   </div>
   <div class='ocr_carea' id='block_1_25' title="bbox 2028 995 3624 1072">
    <p class='ocr_par' dir='ltr' id='par_1_25' title="bbox 2028 995 3624 1072">
     <span class='ocr_line' id='line_1_25' title="bbox 2028 995 3624 1072; baseline 0.005 -22"><span class='ocrx_word' id='word_1_173' title='bbox 2028 995 2248 1051; x_wconf 79' lang='grc' dir='ltr'>θάνουσι</span> <span class='ocrx_word' id='word_1_174' title='bbox 2287 998 2436 1069; x_wconf 82' lang='grc' dir='ltr'>παρὰ</span> <span class='ocrx_word' id='word_1_175' title='bbox 2471 999 2581 1052; x_wconf 82' lang='grc' dir='ltr'>τῶν</span> <span class='ocrx_word' id='word_1_176' title='bbox 2624 997 2947 1072; x_wconf 85' lang='grc' dir='ltr'>ἀνθρώπων.</span> <span class='ocrx_word' id='word_1_177' title='bbox 2980 1019 2998 1052; x_wconf 76' lang='grc' dir='ltr'><strong>ι</strong></span> <span class='ocrx_word' id='word_1_178' title='bbox 3045 1000 3151 1054; x_wconf 80' lang='grc' dir='ltr'><strong>Φεῦ</strong></span> <span class='ocrx_word' id='word_1_179' title='bbox 3198 1003 3296 1072; x_wconf 86' lang='grc' dir='ltr'>τῆς</span> <span class='ocrx_word' id='word_1_180' title='bbox 3343 1003 3624 1068; x_wconf 82' lang='grc' dir='ltr'>ἀτοπίαςί</span> 
     </span>
    </p>
   </div>
   <div class='ocr_carea' id='block_1_26' title="bbox 2026 1088 3630 1163">
    <p class='ocr_par' dir='ltr' id='par_1_26' title="bbox 2026 1088 3630 1163">
     <span class='ocr_line' id='line_1_26' title="bbox 2026 1088 3630 1163; baseline 0.004 -23"><span class='ocrx_word' id='word_1_181' title='bbox 2026 1089 2078 1140; x_wconf 87' lang='grc' dir='ltr'>εί</span> <span class='ocrx_word' id='word_1_182' title='bbox 2108 1088 2263 1163; x_wconf 85' lang='grc' dir='ltr'>παρὰ</span> <span class='ocrx_word' id='word_1_183' title='bbox 2291 1090 2484 1142; x_wconf 82' lang='grc' dir='ltr'>τούτου</span> <span class='ocrx_word' id='word_1_184' title='bbox 2509 1088 2658 1157; x_wconf 81' lang='grc' dir='ltr'>λέγοι</span> <span class='ocrx_word' id='word_1_185' title='bbox 2695 1106 2781 1152; x_wconf 90' lang='grc' dir='ltr'><strong>τις</strong></span> <span class='ocrx_word' id='word_1_186' title='bbox 2814 1090 2914 1160; x_wconf 86' lang='grc' dir='ltr'>τῆς</span> <span class='ocrx_word' id='word_1_187' title='bbox 2954 1089 3093 1162; x_wconf 84' lang='grc' dir='ltr'>πρὸς</span> <span class='ocrx_word' id='word_1_188' title='bbox 3129 1093 3256 1155; x_wconf 83' lang='grc' dir='ltr'>τοὺς</span> <span class='ocrx_word' id='word_1_189' title='bbox 3297 1091 3455 1156; x_wconf 79' lang='grc' dir='ltr'>θεοὺς</span> <span class='ocrx_word' id='word_1_190' title='bbox 3501 1093 3630 1146; x_wconf 65' lang='grc' dir='ltr'>δια..</span> 
     </span>
    </p>
   </div>
   <div class='ocr_carea' id='block_1_27' title="bbox 2025 1179 3628 1255">
    <p class='ocr_par' dir='ltr' id='par_1_27' title="bbox 2025 1179 3628 1255">
     <span class='ocr_line' id='line_1_27' title="bbox 2025 1179 3628 1255; baseline 0.003 -22"><span class='ocrx_word' id='word_1_191' title='bbox 2025 1179 2223 1248; x_wconf 82' lang='grc' dir='ltr'>λέξεως</span> <span class='ocrx_word' id='word_1_192' title='bbox 2243 1181 2342 1252; x_wconf 75' lang='grc' dir='ltr'><strong>τὴν</strong></span> <span class='ocrx_word' id='word_1_193' title='bbox 2376 1180 2584 1246; x_wconf 82' lang='grc' dir='ltr'>ξύνεσιν</span> <span class='ocrx_word' id='word_1_194' title='bbox 2615 1181 2776 1236; x_wconf 81' lang='grc' dir='ltr'>αὐτὸν</span> <span class='ocrx_word' id='word_1_195' title='bbox 2800 1180 3097 1252; x_wconf 81' lang='grc' dir='ltr'><strong>εἰληφέναι.</strong></span> <span class='ocrx_word' id='word_1_196' title='bbox 3137 1183 3296 1236; x_wconf 85' lang='grc' dir='ltr'><strong>Ἀλλὰ</strong></span> <span class='ocrx_word' id='word_1_197' title='bbox 3320 1183 3385 1255; x_wconf 85' lang='grc' dir='ltr'>δὴ</span> <span class='ocrx_word' id='word_1_198' title='bbox 3420 1183 3628 1254; x_wconf 78' lang='grc' dir='ltr'>ξυγκε-</span> 
     </span>
    </p>
   </div>
   <div class='ocr_carea' id='block_1_28' title="bbox 2026 1274 3631 1348">
    <p class='ocr_par' dir='ltr' id='par_1_28' title="bbox 2026 1274 3631 1348">
     <span class='ocr_line' id='line_1_28' title="bbox 2026 1274 3631 1348; baseline 0.002 -20"><span class='ocrx_word' id='word_1_199' title='bbox 2026 1275 2294 1347; x_wconf 85' lang='grc' dir='ltr'>χωρήσθω</span> <span class='ocrx_word' id='word_1_200' title='bbox 2319 1276 2413 1330; x_wconf 72' lang='grc' dir='ltr'>καὶ</span> <span class='ocrx_word' id='word_1_201' title='bbox 2433 1275 2641 1346; x_wconf 78' lang='grc' dir='ltr'>ἐτέρων</span> <span class='ocrx_word' id='word_1_202' title='bbox 2667 1274 2960 1346; x_wconf 81' lang='grc' dir='ltr'>ὑφηγητῶν</span> <span class='ocrx_word' id='word_1_203' title='bbox 2982 1275 3143 1329; x_wconf 79' lang='grc' dir='ltr'>αὑτὸν</span> <span class='ocrx_word' id='word_1_204' title='bbox 3163 1276 3481 1348; x_wconf 81' lang='grc' dir='ltr'><strong>ἀκηκοέναι·</strong></span> <span class='ocrx_word' id='word_1_205' title='bbox 3505 1277 3631 1332; x_wconf 80' lang='grc' dir='ltr'>καί·</span> 
     </span>
    </p>
   </div>
   <div class='ocr_carea' id='block_1_29' title="bbox 2024 1367 3622 1442">
    <p class='ocr_par' dir='ltr' id='par_1_29' title="bbox 2024 1367 3622 1442">
     <span class='ocr_line' id='line_1_29' title="bbox 2024 1367 3622 1442; baseline 0.001 -20"><span class='ocrx_word' id='word_1_206' title='bbox 2024 1385 2172 1436; x_wconf 88' lang='grc' dir='ltr'>τοιγε</span> <span class='ocrx_word' id='word_1_207' title='bbox 2199 1368 2294 1421; x_wconf 84' lang='grc' dir='ltr'>τοῦ</span> <span class='ocrx_word' id='word_1_208' title='bbox 2320 1367 2676 1439; x_wconf 78' lang='grc' dir='ltr'>ξυγγραφέως</span> <span class='ocrx_word' id='word_1_209' title='bbox 2697 1368 2857 1422; x_wconf 82' lang='grc' dir='ltr'>τοῦτο</span> <span class='ocrx_word' id='word_1_210' title='bbox 2890 1368 3154 1442; x_wconf 76' lang='grc' dir='ltr'><strong>μηδαμῶς</strong></span> <span class='ocrx_word' id='word_1_211' title='bbox 3192 1370 3622 1441; x_wconf 72' lang='grc' dir='ltr'>ἐπισημηναμέ-</span> 
     </span>
    </p>
   </div>
   <div class='ocr_carea' id='block_1_30' title="bbox 2025 1455 3621 1533">
    <p class='ocr_par' dir='ltr' id='par_1_30' title="bbox 2025 1455 3621 1533">
     <span class='ocr_line' id='line_1_30' title="bbox 2025 1455 3621 1533; baseline -0.001 -19"><span class='ocrx_word' id='word_1_212' title='bbox 2025 1476 2139 1514; x_wconf 91' lang='grc' dir='ltr'>νου·</span> <span class='ocrx_word' id='word_1_213' title='bbox 2167 1459 2254 1522; x_wconf 88' lang='grc' dir='ltr'><strong>τίς</strong></span> <span class='ocrx_word' id='word_1_214' title='bbox 2271 1459 2335 1530; x_wconf 81' lang='grc' dir='ltr'>δὴ</span> <span class='ocrx_word' id='word_1_215' title='bbox 2357 1455 2451 1512; x_wconf 74' lang='grc' dir='ltr'><strong>οὖν</strong></span> <span class='ocrx_word' id='word_1_216' title='bbox 2483 1459 2689 1514; x_wconf 86' lang='grc' dir='ltr'>τούτων</span> <span class='ocrx_word' id='word_1_217' title='bbox 2713 1458 2922 1525; x_wconf 77' lang='grc' dir='ltr'>ξύνεσίν</span> <span class='ocrx_word' id='word_1_218' title='bbox 2943 1478 3004 1514; x_wconf 85' lang='grc' dir='ltr'><strong>τε</strong></span> <span class='ocrx_word' id='word_1_219' title='bbox 3030 1461 3126 1514; x_wconf 78' lang='grc' dir='ltr'>καὶ</span> <span class='ocrx_word' id='word_1_220' title='bbox 3157 1460 3407 1533; x_wconf 84' lang='grc' dir='ltr'>φοίτησιν</span> <span class='ocrx_word' id='word_1_221' title='bbox 3449 1461 3621 1528; x_wconf 84' lang='grc' dir='ltr'>θεῶν,</span> 
     </span>
    </p>
   </div>
   <div class='ocr_carea' id='block_1_31' title="bbox 2024 1551 3626 1625">
    <p class='ocr_par' dir='ltr' id='par_1_31' title="bbox 2024 1551 3626 1625">
     <span class='ocr_line' id='line_1_31' title="bbox 2024 1551 3626 1625; baseline 0.001 -19"><span class='ocrx_word' id='word_1_222' title='bbox 2024 1551 2317 1624; x_wconf 80' lang='grc' dir='ltr'>ὁρωμένων</span> <span class='ocrx_word' id='word_1_223' title='bbox 2351 1553 2444 1606; x_wconf 76' lang='grc' dir='ltr'>καὶ</span> <span class='ocrx_word' id='word_1_224' title='bbox 2462 1553 2560 1624; x_wconf 86' lang='grc' dir='ltr'>οὐχ</span> <span class='ocrx_word' id='word_1_225' title='bbox 2579 1552 2895 1625; x_wconf 85' lang='grc' dir='ltr'>ὁρωμένων,</span> <span class='ocrx_word' id='word_1_226' title='bbox 2917 1553 3083 1617; x_wconf 83' lang='grc' dir='ltr'>αὑτός</span> <span class='ocrx_word' id='word_1_227' title='bbox 3112 1571 3175 1607; x_wconf 89' lang='grc' dir='ltr'><strong>τε</strong></span> <span class='ocrx_word' id='word_1_228' title='bbox 3203 1555 3278 1619; x_wconf 84' lang='grc' dir='ltr'>ὡς</span> <span class='ocrx_word' id='word_1_229' title='bbox 3309 1555 3417 1608; x_wconf 82' lang='grc' dir='ltr'><strong>ὑπὸ</strong></span> <span class='ocrx_word' id='word_1_230' title='bbox 3430 1553 3626 1608; x_wconf 79' lang='grc' dir='ltr'>Πυθα-</span> 
     </span>
    </p>
   </div>
   <div class='ocr_carea' id='block_1_32' title="bbox 2024 1641 3626 1724">
    <p class='ocr_par' dir='ltr' id='par_1_32' title="bbox 2024 1641 3626 1724">
     <span class='ocr_line' id='line_1_32' title="bbox 2024 1641 3626 1724; baseline 0.003 -29"><span class='ocrx_word' id='word_1_231' title='bbox 2024 1643 2188 1715; x_wconf 91' lang='grc' dir='ltr'>γόρου</span> <span class='ocrx_word' id='word_1_232' title='bbox 2217 1641 2434 1708; x_wconf 77' lang='grc' dir='ltr'>ειδέναι,</span> <span class='ocrx_word' id='word_1_233' title='bbox 2468 1643 2812 1724; x_wconf 76' lang='grc' dir='ltr'>διδάσκεσθαι</span> <span class='ocrx_word' id='word_1_234' title='bbox 2846 1663 2906 1699; x_wconf 89' lang='grc' dir='ltr'>τε</span> <span class='ocrx_word' id='word_1_235' title='bbox 2944 1645 3166 1717; x_wconf 82' lang='grc' dir='ltr'>ἑτέρους</span> <span class='ocrx_word' id='word_1_236' title='bbox 3206 1646 3626 1716; x_wconf 81' lang='grc' dir='ltr'>ὲπηγγέλλετο;</span> 
     </span>
    </p>
   </div>
   <div class='ocr_carea' id='block_1_33' title="bbox 339 1729 1914 1812">
    <p class='ocr_par' dir='ltr' id='par_1_33' title="bbox 339 1740 1914 1812">
     <span class='ocr_line' id='line_1_33' title="bbox 339 1740 1914 1812; baseline -0.001 -16"><span class='ocrx_word' id='word_1_237' title='bbox 339 1740 499 1807; x_wconf 90' lang='lat' dir='ltr'><strong>deos,</strong></span> <span class='ocrx_word' id='word_1_238' title='bbox 532 1755 841 1812; x_wconf 90' lang='lat' dir='ltr'><strong>eorumque</strong></span> <span class='ocrx_word' id='word_1_239' title='bbox 875 1741 1225 1797; x_wconf 86' lang='lat' dir='ltr'><strong>commerciis</strong></span> <span class='ocrx_word' id='word_1_240' title='bbox 1255 1740 1383 1804; x_wconf 81' lang='lat' dir='ltr'><strong>frui,</strong></span> <span class='ocrx_word' id='word_1_241' title='bbox 1419 1741 1537 1796; x_wconf 86' lang='lat' dir='ltr'><strong>sive</strong></span> <span class='ocrx_word' id='word_1_242' title='bbox 1562 1741 1828 1796; x_wconf 81' lang='lat' dir='ltr'><strong>videndos</strong></span> <span class='ocrx_word' id='word_1_243' title='bbox 1863 1755 1914 1795; x_wconf 86' lang='lat' dir='ltr'><strong>se</strong></span> 
     </span>
    </p>
   </div>
   <div class='ocr_carea' id='block_1_34' title="bbox 2033 1729 3625 1812">
    <p class='ocr_par' dir='ltr' id='par_1_34' title="bbox 2033 1735 3625 1810">
     <span class='ocr_line' id='line_1_34' title="bbox 2033 1735 3625 1810; baseline 0.004 -22"><span class='ocrx_word' id='word_1_244' title='bbox 2033 1737 2137 1788; x_wconf 75' lang='lat' dir='ltr'><strong>Kal.</strong></span> <span class='ocrx_word' id='word_1_245' title='bbox 2161 1735 2264 1808; x_wconf 84' lang='grc' dir='ltr'><strong>μὴν</strong></span> <span class='ocrx_word' id='word_1_246' title='bbox 2282 1736 2389 1790; x_wconf 77' lang='grc' dir='ltr'>οὐδ’</span> <span class='ocrx_word' id='word_1_247' title='bbox 2405 1738 2433 1789; x_wconf 88' lang='grc' dir='ltr'>ὁ</span> <span class='ocrx_word' id='word_1_248' title='bbox 2456 1736 2780 1809; x_wconf 76' lang='grc' dir='ltr'>περιϐόητος</span> <span class='ocrx_word' id='word_1_249' title='bbox 2808 1737 3054 1803; x_wconf 88' lang='grc' dir='ltr'>Πλάτων,</span> <span class='ocrx_word' id='word_1_250' title='bbox 3073 1740 3287 1793; x_wconf 82' lang='grc' dir='ltr'>πάντων</span> <span class='ocrx_word' id='word_1_251' title='bbox 3318 1756 3383 1807; x_wconf 88' lang='grc' dir='ltr'>γε</span> <span class='ocrx_word' id='word_1_252' title='bbox 3413 1740 3625 1810; x_wconf 78' lang='grc' dir='ltr'>μᾶλλον</span> 
     </span>
    </p>
   </div>
   <div class='ocr_carea' id='block_1_35' title="bbox 339 1831 1923 1904">
    <p class='ocr_par' dir='ltr' id='par_1_35' title="bbox 339 1831 1923 1904">
     <span class='ocr_line' id='line_1_35' title="bbox 339 1831 1923 1904; baseline 0.001 -19"><span class='ocrx_word' id='word_1_253' title='bbox 339 1833 622 1902; x_wconf 65' lang='lat' dir='ltr'><strong>praebeant</strong></span> <span class='ocrx_word' id='word_1_254' title='bbox 663 1834 778 1887; x_wconf 87' lang='lat' dir='ltr'><strong>sive</strong></span> <span class='ocrx_word' id='word_1_255' title='bbox 822 1832 1029 1896; x_wconf 91' lang='lat' dir='ltr'><strong>minus,</strong></span> <span class='ocrx_word' id='word_1_256' title='bbox 1065 1834 1153 1888; x_wconf 87' lang='lat' dir='ltr'><strong>vel</strong></span> <span class='ocrx_word' id='word_1_257' title='bbox 1207 1833 1388 1903; x_wconf 88' lang='lat' dir='ltr'><strong>ipsum</strong></span> <span class='ocrx_word' id='word_1_258' title='bbox 1436 1847 1496 1888; x_wconf 93' lang='lat' dir='ltr'><strong>se</strong></span> <span class='ocrx_word' id='word_1_259' title='bbox 1539 1848 1570 1887; x_wconf 88' lang='lat' dir='ltr'><strong>a</strong></span> <span class='ocrx_word' id='word_1_260' title='bbox 1615 1831 1923 1904; x_wconf 82' lang='lat' dir='ltr'><strong>Pythagora</strong></span> 
     </span>
    </p>
   </div>
   <div class='ocr_carea' id='block_1_36' title="bbox 337 1923 1925 1995">
    <p class='ocr_par' dir='ltr' id='par_1_36' title="bbox 337 1923 1925 1995">
     <span class='ocr_line' id='line_1_36' title="bbox 337 1923 1925 1995; baseline -0.001 -15"><span class='ocrx_word' id='word_1_261' title='bbox 337 1923 614 1987; x_wconf 89' lang='lat' dir='ltr'><strong>edoctum,</strong></span> <span class='ocrx_word' id='word_1_262' title='bbox 663 1925 749 1979; x_wconf 88' lang='lat' dir='ltr'><strong>vel</strong></span> <span class='ocrx_word' id='word_1_263' title='bbox 803 1924 941 1979; x_wconf 89' lang='lat' dir='ltr'><strong>alios</strong></span> <span class='ocrx_word' id='word_1_264' title='bbox 994 1923 1194 1979; x_wconf 88' lang='lat' dir='ltr'><strong>docere</strong></span> <span class='ocrx_word' id='word_1_265' title='bbox 1241 1939 1408 1995; x_wconf 90' lang='lat' dir='ltr'><strong>posse</strong></span> <span class='ocrx_word' id='word_1_266' title='bbox 1457 1924 1744 1995; x_wconf 87' lang='lat' dir='ltr'><strong>professus</strong></span> <span class='ocrx_word' id='word_1_267' title='bbox 1795 1925 1925 1980; x_wconf 81' lang='lat' dir='ltr'><strong>est?</strong></span> 
     </span>
    </p>
   </div>
   <div class='ocr_carea' id='block_1_37' title="bbox 337 2011 1920 2086">
    <p class='ocr_par' dir='ltr' id='par_1_37' title="bbox 337 2011 1920 2086">
     <span class='ocr_line' id='line_1_37' title="bbox 337 2011 1920 2086; baseline 0.003 -21"><span class='ocrx_word' id='word_1_268' title='bbox 337 2012 504 2083; x_wconf 82' lang='lat' dir='ltr'><strong>Atqui</strong></span> <span class='ocrx_word' id='word_1_269' title='bbox 538 2027 605 2067; x_wconf 90' lang='lat' dir='ltr'><strong>ne</strong></span> <span class='ocrx_word' id='word_1_270' title='bbox 625 2013 1098 2069; x_wconf 89' lang='lat' dir='ltr'><strong>celebratissimus</strong></span> <span class='ocrx_word' id='word_1_271' title='bbox 1126 2011 1281 2068; x_wconf 89' lang='lat' dir='ltr'><strong>Plato</strong></span> <span class='ocrx_word' id='word_1_272' title='bbox 1305 2015 1524 2086; x_wconf 91' lang='lat' dir='ltr'><strong>quidem</strong></span> <span class='ocrx_word' id='word_1_273' title='bbox 1554 2017 1729 2086; x_wconf 77' lang='lat' dir='ltr'><strong>magis</strong></span> <span class='ocrx_word' id='word_1_274' title='bbox 1755 2030 1920 2086; x_wconf 91' lang='lat' dir='ltr'><strong>quam</strong></span> 
     </span>
    </p>
   </div>
   <div class='ocr_carea' id='block_1_38' title="bbox 336 2105 1918 2179">
    <p class='ocr_par' dir='ltr' id='par_1_38' title="bbox 336 2105 1918 2179">
     <span class='ocr_line' id='line_1_38' title="bbox 336 2105 1918 2179; baseline 0.004 -20"><span class='ocrx_word' id='word_1_275' title='bbox 336 2105 481 2161; x_wconf 81' lang='lat' dir='ltr'><strong>alius</strong></span> <span class='ocrx_word' id='word_1_276' title='bbox 510 2105 804 2176; x_wconf 90' lang='lat' dir='ltr'><strong>quisquam</strong></span> <span class='ocrx_word' id='word_1_277' title='bbox 829 2105 1207 2178; x_wconf 65' lang='lat' dir='ltr'><strong>Pythagoricae</strong></span> <span class='ocrx_word' id='word_1_278' title='bbox 1227 2108 1506 2179; x_wconf 90' lang='lat' dir='ltr'><strong>particeps</strong></span> <span class='ocrx_word' id='word_1_279' title='bbox 1525 2108 1918 2179; x_wconf 63' lang='lat' dir='ltr'><strong>philosophiae:</strong></span> 
     </span>
    </p>
   </div>
   <div class='ocr_carea' id='block_1_39' title="bbox 337 2197 1922 2272">
    <p class='ocr_par' dir='ltr' id='par_1_39' title="bbox 337 2197 1922 2272">
     <span class='ocr_line' id='line_1_39' title="bbox 337 2197 1922 2272; baseline 0.003 -20"><span class='ocrx_word' id='word_1_280' title='bbox 337 2212 516 2269; x_wconf 88' lang='lat' dir='ltr'><strong>neque</strong></span> <span class='ocrx_word' id='word_1_281' title='bbox 549 2197 842 2270; x_wconf 84' lang='lat' dir='ltr'><strong>Archytas,</strong></span> <span class='ocrx_word' id='word_1_282' title='bbox 881 2215 1060 2271; x_wconf 88' lang='lat' dir='ltr'><strong>neque</strong></span> <span class='ocrx_word' id='word_1_283' title='bbox 1102 2201 1240 2271; x_wconf 91' lang='lat' dir='ltr'><strong>ipse,</strong></span> <span class='ocrx_word' id='word_1_284' title='bbox 1269 2201 1364 2271; x_wconf 91' lang='lat' dir='ltr'><strong>qui</strong></span> <span class='ocrx_word' id='word_1_285' title='bbox 1401 2199 1726 2272; x_wconf 64' lang='lat' dir='ltr'><strong>Pythagora:</strong></span> <span class='ocrx_word' id='word_1_286' title='bbox 1760 2200 1922 2256; x_wconf 90' lang='lat' dir='ltr'><strong>fami-</strong></span> 
     </span>
    </p>
   </div>
   <div class='ocr_carea' id='block_1_40' title="bbox 335 2290 1922 2364">
    <p class='ocr_par' dir='ltr' id='par_1_40' title="bbox 335 2290 1922 2364">
     <span class='ocr_line' id='line_1_40' title="bbox 335 2290 1922 2364; baseline 0.003 -19"><span class='ocrx_word' id='word_1_287' title='bbox 335 2290 503 2346; x_wconf 88' lang='lat' dir='ltr'><strong>liares</strong></span> <span class='ocrx_word' id='word_1_288' title='bbox 530 2306 816 2348; x_wconf 88' lang='lat' dir='ltr'><strong>sermones</strong></span> <span class='ocrx_word' id='word_1_289' title='bbox 847 2293 1048 2350; x_wconf 90' lang='lat' dir='ltr'><strong>litteris</strong></span> <span class='ocrx_word' id='word_1_290' title='bbox 1081 2293 1382 2360; x_wconf 89' lang='lat' dir='ltr'><strong>mandavit,</strong></span> <span class='ocrx_word' id='word_1_291' title='bbox 1407 2291 1708 2358; x_wconf 87' lang='lat' dir='ltr'><strong>Philolaus,</strong></span> <span class='ocrx_word' id='word_1_292' title='bbox 1742 2309 1922 2364; x_wconf 90' lang='lat' dir='ltr'><strong>neque</strong></span> 
     </span>
    </p>
   </div>
   <div class='ocr_carea' id='block_1_41' title="bbox 334 2382 1922 2455">
    <p class='ocr_par' dir='ltr' id='par_1_41' title="bbox 334 2382 1922 2455">
     <span class='ocr_line' id='line_1_41' title="bbox 334 2382 1922 2455; baseline 0.002 -18"><span class='ocrx_word' id='word_1_293' title='bbox 334 2383 450 2444; x_wconf 83' lang='lat' dir='ltr'><strong>alii,</strong></span> <span class='ocrx_word' id='word_1_294' title='bbox 481 2384 524 2438; x_wconf 94' lang='lat' dir='ltr'><strong>si</strong></span> <span class='ocrx_word' id='word_1_295' title='bbox 549 2382 646 2452; x_wconf 89' lang='lat' dir='ltr'><strong>qui</strong></span> <span class='ocrx_word' id='word_1_296' title='bbox 679 2392 810 2439; x_wconf 92' lang='lat' dir='ltr'><strong>sunt</strong></span> <span class='ocrx_word' id='word_1_297' title='bbox 832 2398 899 2438; x_wconf 84' lang='lat' dir='ltr'><strong>ex</strong></span> <span class='ocrx_word' id='word_1_298' title='bbox 928 2383 1032 2439; x_wconf 90' lang='lat' dir='ltr'><strong>viri</strong></span> <span class='ocrx_word' id='word_1_299' title='bbox 1073 2383 1222 2438; x_wconf 91' lang='lat' dir='ltr'><strong>illius</strong></span> <span class='ocrx_word' id='word_1_300' title='bbox 1257 2382 1645 2450; x_wconf 80' lang='lat' dir='ltr'><strong>familiaribus,</strong></span> <span class='ocrx_word' id='word_1_301' title='bbox 1676 2385 1769 2455; x_wconf 93' lang='lat' dir='ltr'><strong>qui</strong></span> <span class='ocrx_word' id='word_1_302' title='bbox 1801 2401 1922 2442; x_wconf 86' lang='lat' dir='ltr'><strong>sen-</strong></span> 
     </span>
    </p>
   </div>
   <div class='ocr_carea' id='block_1_42' title="bbox 281 2461 1917 2546">
    <p class='ocr_par' dir='ltr' id='par_1_42' title="bbox 281 2461 1917 2546">
     <span class='ocr_line' id='line_1_42' title="bbox 281 2461 1917 2546; baseline 0.002 -18"><span class='ocrx_word' id='word_1_303' title='bbox 281 2461 290 2468; x_wconf 68' lang='grc'><em>’</em></span> <span class='ocrx_word' id='word_1_304' title='bbox 332 2474 535 2529; x_wconf 84' lang='lat' dir='ltr'><strong>tentias</strong></span> <span class='ocrx_word' id='word_1_305' title='bbox 570 2473 716 2530; x_wconf 90' lang='lat' dir='ltr'><strong>illius</strong></span> <span class='ocrx_word' id='word_1_306' title='bbox 739 2485 902 2544; x_wconf 90' lang='lat' dir='ltr'><strong>atque</strong></span> <span class='ocrx_word' id='word_1_307' title='bbox 938 2475 1193 2545; x_wconf 79' lang='lat' dir='ltr'><strong>dogmata</strong></span> <span class='ocrx_word' id='word_1_308' title='bbox 1221 2475 1417 2530; x_wconf 88' lang='lat' dir='ltr'><strong>litteris</strong></span> <span class='ocrx_word' id='word_1_309' title='bbox 1447 2476 1757 2546; x_wconf 88' lang='lat' dir='ltr'><strong>posteritati</strong></span> <span class='ocrx_word' id='word_1_310' title='bbox 1782 2491 1917 2532; x_wconf 88' lang='lat' dir='ltr'><strong>con-</strong></span> 
     </span>
    </p>
   </div>
   <div class='ocr_carea' id='block_1_43' title="bbox 334 2562 1914 2634">
    <p class='ocr_par' dir='ltr' id='par_1_43' title="bbox 334 2562 1914 2634">
     <span class='ocr_line' id='line_1_43' title="bbox 334 2562 1914 2634; baseline 0 -16"><span class='ocrx_word' id='word_1_311' title='bbox 334 2563 658 2634; x_wconf 81' lang='lat' dir='ltr'><strong>signarunt,</strong></span> <span class='ocrx_word' id='word_1_312' title='bbox 711 2563 878 2618; x_wconf 87' lang='lat' dir='ltr'><strong>talem</strong></span> <span class='ocrx_word' id='word_1_313' title='bbox 934 2578 1175 2633; x_wconf 88' lang='lat' dir='ltr'><strong>unquam</strong></span> <span class='ocrx_word' id='word_1_314' title='bbox 1233 2562 1563 2633; x_wconf 87' lang='lat' dir='ltr'><strong>sapientiam</strong></span> <span class='ocrx_word' id='word_1_315' title='bbox 1615 2563 1914 2632; x_wconf 86' lang='lat' dir='ltr'><strong>jactavere.</strong></span> 
     </span>
    </p>
   </div>
   <div class='ocr_carea' id='block_1_44' title="bbox 330 2652 1920 2726">
    <p class='ocr_par' dir='ltr' id='par_1_44' title="bbox 330 2652 1920 2726">
     <span class='ocr_line' id='line_1_44' title="bbox 330 2652 1920 2726; baseline 0 -16"><span class='ocrx_word' id='word_1_316' title='bbox 330 2655 568 2711; x_wconf 82' lang='lat' dir='ltr'><strong>Aliunde</strong></span> <span class='ocrx_word' id='word_1_317' title='bbox 597 2655 791 2726; x_wconf 80' lang='lat' dir='ltr'><strong>igitur,</strong></span> <span class='ocrx_word' id='word_1_318' title='bbox 842 2669 1028 2725; x_wconf 89' lang='lat' dir='ltr'><strong>neque</strong></span> <span class='ocrx_word' id='word_1_319' title='bbox 1057 2670 1087 2708; x_wconf 88' lang='lat' dir='ltr'><strong>a</strong></span> <span class='ocrx_word' id='word_1_320' title='bbox 1113 2652 1420 2726; x_wconf 76' lang='lat' dir='ltr'><strong>Pythagora</strong></span> <span class='ocrx_word' id='word_1_321' title='bbox 1447 2669 1597 2721; x_wconf 87' lang='lat' dir='ltr'><strong>vero,</strong></span> <span class='ocrx_word' id='word_1_322' title='bbox 1617 2655 1747 2709; x_wconf 90' lang='lat' dir='ltr'><strong>talia</strong></span> <span class='ocrx_word' id='word_1_323' title='bbox 1785 2655 1920 2710; x_wconf 78' lang='lat' dir='ltr'><strong>edo-</strong></span> 
     </span>
    </p>
   </div>
   <div class='ocr_carea' id='block_1_45' title="bbox 332 2746 1917 2818">
    <p class='ocr_par' dir='ltr' id='par_1_45' title="bbox 332 2746 1917 2818">
     <span class='ocr_line' id='line_1_45' title="bbox 332 2746 1917 2818; baseline 0.001 -16"><span class='ocrx_word' id='word_1_324' title='bbox 332 2753 476 2812; x_wconf 91' lang='lat' dir='ltr'><strong>ctus,</strong></span> <span class='ocrx_word' id='word_1_325' title='bbox 526 2746 620 2800; x_wconf 92' lang='lat' dir='ltr'><strong>illo</strong></span> <span class='ocrx_word' id='word_1_326' title='bbox 651 2753 916 2817; x_wconf 70' lang='lat' dir='ltr'><strong>praetextu</strong></span> <span class='ocrx_word' id='word_1_327' title='bbox 939 2747 1320 2801; x_wconf 87' lang='lat' dir='ltr'><strong>auctoritatem</strong></span> <span class='ocrx_word' id='word_1_328' title='bbox 1364 2761 1638 2817; x_wconf 85' lang='lat' dir='ltr'><strong>quaerens,</strong></span> <span class='ocrx_word' id='word_1_329' title='bbox 1674 2761 1704 2800; x_wconf 90' lang='lat' dir='ltr'><strong>a</strong></span> <span class='ocrx_word' id='word_1_330' title='bbox 1737 2747 1917 2818; x_wconf 88' lang='lat' dir='ltr'><strong>philo-</strong></span> 
     </span>
    </p>
   </div>
   <div class='ocr_carea' id='block_1_46' title="bbox 332 2835 1915 2910">
    <p class='ocr_par' dir='ltr' id='par_1_46' title="bbox 332 2835 1915 2910">
     <span class='ocr_line' id='line_1_46' title="bbox 332 2835 1915 2910; baseline -0.001 -17"><span class='ocrx_word' id='word_1_331' title='bbox 332 2839 490 2910; x_wconf 88' lang='lat' dir='ltr'><strong>sophi</strong></span> <span class='ocrx_word' id='word_1_332' title='bbox 538 2838 688 2894; x_wconf 90' lang='lat' dir='ltr'><strong>illius</strong></span> <span class='ocrx_word' id='word_1_333' title='bbox 717 2838 940 2892; x_wconf 89' lang='lat' dir='ltr'><strong>nomine</strong></span> <span class='ocrx_word' id='word_1_334' title='bbox 984 2836 1248 2906; x_wconf 90' lang='lat' dir='ltr'><strong>appellari</strong></span> <span class='ocrx_word' id='word_1_335' title='bbox 1277 2836 1468 2892; x_wconf 91' lang='lat' dir='ltr'><strong>voluit.</strong></span> <span class='ocrx_word' id='word_1_336' title='bbox 1503 2835 1575 2891; x_wconf 89' lang='lat' dir='ltr'><strong>Ut</strong></span> <span class='ocrx_word' id='word_1_337' title='bbox 1621 2845 1804 2892; x_wconf 89' lang='lat' dir='ltr'><strong>autem</strong></span> <span class='ocrx_word' id='word_1_338' title='bbox 1830 2837 1915 2892; x_wconf 89' lang='lat' dir='ltr'><strong>vel</strong></span> 
     </span>
    </p>
   </div>
   <div class='ocr_carea' id='block_1_47' title="bbox 329 2929 1913 3002">
    <p class='ocr_par' dir='ltr' id='par_1_47' title="bbox 329 2929 1913 3002">
     <span class='ocr_line' id='line_1_47' title="bbox 329 2929 1913 3002; baseline -0.001 -16"><span class='ocrx_word' id='word_1_339' title='bbox 329 2934 588 2998; x_wconf 90' lang='lat' dir='ltr'><strong>maxime,</strong></span> <span class='ocrx_word' id='word_1_340' title='bbox 617 2941 813 3002; x_wconf 71' lang='lat' dir='ltr'><strong>praeter</strong></span> <span class='ocrx_word' id='word_1_341' title='bbox 842 2945 1059 2985; x_wconf 89' lang='lat' dir='ltr'><strong>omnem</strong></span> <span class='ocrx_word' id='word_1_342' title='bbox 1084 2931 1378 2995; x_wconf 89' lang='lat' dir='ltr'><strong>rationem,</strong></span> <span class='ocrx_word' id='word_1_343' title='bbox 1407 2929 1753 2987; x_wconf 90' lang='lat' dir='ltr'><strong>mendacium</strong></span> <span class='ocrx_word' id='word_1_344' title='bbox 1779 2929 1913 2985; x_wconf 92' lang='lat' dir='ltr'><strong>illud</strong></span> 
     </span>
    </p>
   </div>
   <div class='ocr_carea' id='block_1_48' title="bbox 329 3021 1907 3094">
    <p class='ocr_par' dir='ltr' id='par_1_48' title="bbox 329 3021 1907 3094">
     <span class='ocr_line' id='line_1_48' title="bbox 329 3021 1907 3094; baseline -0.002 -14"><span class='ocrx_word' id='word_1_345' title='bbox 329 3039 522 3080; x_wconf 87' lang='lat' dir='ltr'><strong>verum</strong></span> <span class='ocrx_word' id='word_1_346' title='bbox 573 3039 699 3080; x_wconf 90' lang='lat' dir='ltr'><strong>esse</strong></span> <span class='ocrx_word' id='word_1_347' title='bbox 746 3023 947 3094; x_wconf 89' lang='lat' dir='ltr'><strong>aliquis</strong></span> <span class='ocrx_word' id='word_1_348' title='bbox 994 3021 1298 3089; x_wconf 88' lang='lat' dir='ltr'><strong>concedat;</strong></span> <span class='ocrx_word' id='word_1_349' title='bbox 1329 3037 1441 3077; x_wconf 91' lang='lat' dir='ltr'><strong>non</strong></span> <span class='ocrx_word' id='word_1_350' title='bbox 1492 3022 1654 3077; x_wconf 90' lang='lat' dir='ltr'><strong>video</strong></span> <span class='ocrx_word' id='word_1_351' title='bbox 1704 3029 1907 3088; x_wconf 90' lang='lat' dir='ltr'><strong>tamen,</strong></span> 
     </span>
    </p>
   </div>
   <div class='ocr_carea' id='block_1_49' title="bbox 329 3113 1910 3190">
    <p class='ocr_par' dir='ltr' id='par_1_49' title="bbox 329 3113 1910 3190">
     <span class='ocr_line' id='line_1_49' title="bbox 329 3113 1910 3190; baseline -0.003 -18"><span class='ocrx_word' id='word_1_352' title='bbox 329 3134 438 3190; x_wconf 89' lang='lat' dir='ltr'><strong>quo</strong></span> <span class='ocrx_word' id='word_1_353' title='bbox 477 3126 640 3188; x_wconf 91' lang='lat' dir='ltr'><strong>pacto</strong></span> <span class='ocrx_word' id='word_1_354' title='bbox 691 3117 760 3171; x_wconf 89' lang='lat' dir='ltr'><strong>ab</strong></span> <span class='ocrx_word' id='word_1_355' title='bbox 807 3117 928 3186; x_wconf 89' lang='lat' dir='ltr'><strong>ipso</strong></span> <span class='ocrx_word' id='word_1_356' title='bbox 965 3115 1148 3171; x_wconf 89' lang='lat' dir='ltr'><strong>dicere</strong></span> <span class='ocrx_word' id='word_1_357' title='bbox 1189 3115 1364 3184; x_wconf 90' lang='lat' dir='ltr'><strong>possit</strong></span> <span class='ocrx_word' id='word_1_358' title='bbox 1413 3113 1601 3169; x_wconf 86' lang='lat' dir='ltr'><strong>Samio</strong></span> <span class='ocrx_word' id='word_1_359' title='bbox 1645 3113 1760 3180; x_wconf 90' lang='lat' dir='ltr'><strong>illo,</strong></span> <span class='ocrx_word' id='word_1_360' title='bbox 1814 3113 1910 3185; x_wconf 88' lang='lat' dir='ltr'><strong>qui</strong></span> 
     </span>
    </p>
   </div>
   <div class='ocr_carea' id='block_1_50' title="bbox 329 3207 1913 3282">
    <p class='ocr_par' dir='ltr' id='par_1_50' title="bbox 329 3207 1913 3282">
     <span class='ocr_line' id='line_1_50' title="bbox 329 3207 1913 3282; baseline 0.001 -19"><span class='ocrx_word' id='word_1_361' title='bbox 329 3209 598 3282; x_wconf 88' lang='lat' dir='ltr'><strong>plurimos</strong></span> <span class='ocrx_word' id='word_1_362' title='bbox 631 3216 758 3264; x_wconf 90' lang='lat' dir='ltr'><strong>ante</strong></span> <span class='ocrx_word' id='word_1_363' title='bbox 787 3223 962 3264; x_wconf 91' lang='lat' dir='ltr'><strong>annos</strong></span> <span class='ocrx_word' id='word_1_364' title='bbox 987 3208 1127 3263; x_wconf 88' lang='lat' dir='ltr'><strong>vivis</strong></span> <span class='ocrx_word' id='word_1_365' title='bbox 1159 3207 1418 3273; x_wconf 87' lang='lat' dir='ltr'><strong>excessit,</strong></span> <span class='ocrx_word' id='word_1_366' title='bbox 1451 3208 1558 3263; x_wconf 88' lang='lat' dir='ltr'><strong>ista</strong></span> <span class='ocrx_word' id='word_1_367' title='bbox 1602 3225 1724 3265; x_wconf 88' lang='lat' dir='ltr'><strong>sese</strong></span> <span class='ocrx_word' id='word_1_368' title='bbox 1754 3223 1913 3264; x_wconf 84' lang='lat' dir='ltr'><strong>acce-</strong></span> 
     </span>
    </p>
   </div>
   <div class='ocr_carea' id='block_1_51' title="bbox 328 3299 1917 3373">
    <p class='ocr_par' dir='ltr' id='par_1_51' title="bbox 328 3299 1917 3373">
     <span class='ocr_line' id='line_1_51' title="bbox 328 3299 1917 3373; baseline 0 -17"><span class='ocrx_word' id='word_1_369' title='bbox 328 3302 496 3373; x_wconf 86' lang='lat' dir='ltr'><strong>pisse.</strong></span> <span class='ocrx_word' id='word_1_370' title='bbox 544 3299 689 3370; x_wconf 82' lang='lat' dir='ltr'><strong>Ergo</strong></span> <span class='ocrx_word' id='word_1_371' title='bbox 717 3299 990 3356; x_wconf 86' lang='lat' dir='ltr'><strong>Arabibus</strong></span> <span class='ocrx_word' id='word_1_372' title='bbox 1020 3299 1170 3354; x_wconf 90' lang='lat' dir='ltr'><strong>hunc</strong></span> <span class='ocrx_word' id='word_1_373' title='bbox 1219 3315 1440 3370; x_wconf 88' lang='lat' dir='ltr'><strong>quoque</strong></span> <span class='ocrx_word' id='word_1_374' title='bbox 1468 3299 1753 3356; x_wconf 87' lang='lat' dir='ltr'><strong>doctorem</strong></span> <span class='ocrx_word' id='word_1_375' title='bbox 1796 3299 1917 3370; x_wconf 86' lang='lat' dir='ltr'><strong>ejus</strong></span> 
     </span>
    </p>
   </div>
   <div class='ocr_carea' id='block_1_52' title="bbox 330 3391 1917 3462">
    <p class='ocr_par' dir='ltr' id='par_1_52' title="bbox 330 3391 1917 3462">
     <span class='ocr_line' id='line_1_52' title="bbox 330 3391 1917 3462; baseline -0.001 -14"><span class='ocrx_word' id='word_1_376' title='bbox 330 3408 567 3458; x_wconf 72' lang='lat' dir='ltr'><strong>arcanae,</strong></span> <span class='ocrx_word' id='word_1_377' title='bbox 599 3407 722 3462; x_wconf 72' lang='lat' dir='ltr'><strong>qua:</strong></span> <span class='ocrx_word' id='word_1_378' title='bbox 755 3399 1000 3462; x_wconf 87' lang='lat' dir='ltr'><strong>putatur,</strong></span> <span class='ocrx_word' id='word_1_379' title='bbox 1024 3391 1091 3446; x_wconf 94' lang='lat' dir='ltr'><strong>de</strong></span> <span class='ocrx_word' id='word_1_380' title='bbox 1119 3391 1226 3446; x_wconf 91' lang='lat' dir='ltr'><strong>diis</strong></span> <span class='ocrx_word' id='word_1_381' title='bbox 1270 3393 1515 3448; x_wconf 67' lang='lat' dir='ltr'><strong>scientiae</strong></span> <span class='ocrx_word' id='word_1_382' title='bbox 1549 3391 1632 3448; x_wconf 89' lang='lat' dir='ltr'><strong>fas</strong></span> <span class='ocrx_word' id='word_1_383' title='bbox 1669 3392 1776 3447; x_wconf 88' lang='lat' dir='ltr'><strong>erit</strong></span> <span class='ocrx_word' id='word_1_384' title='bbox 1821 3407 1917 3447; x_wconf 86' lang='lat' dir='ltr'><strong>ac-</strong></span> 
     </span>
    </p>
   </div>
   <div class='ocr_carea' id='block_1_53' title="bbox 329 3481 1912 3553">
    <p class='ocr_par' dir='ltr' id='par_1_53' title="bbox 329 3481 1912 3553">
     <span class='ocr_line' id='line_1_53' title="bbox 329 3481 1912 3553; baseline -0.001 -13"><span class='ocrx_word' id='word_1_385' title='bbox 329 3499 578 3540; x_wconf 82' lang='lat' dir='ltr'><strong>censere.</strong></span> <span class='ocrx_word' id='word_1_386' title='bbox 623 3481 683 3537; x_wconf 88' lang='lat' dir='ltr'><strong>Si</strong></span> <span class='ocrx_word' id='word_1_387' title='bbox 713 3483 915 3538; x_wconf 73' lang='lat' dir='ltr'><strong>divinae</strong></span> <span class='ocrx_word' id='word_1_388' title='bbox 943 3497 1075 3553; x_wconf 88' lang='lat' dir='ltr'><strong>ergo</strong></span> <span class='ocrx_word' id='word_1_389' title='bbox 1126 3482 1331 3540; x_wconf 91' lang='lat' dir='ltr'><strong>indolis</strong></span> <span class='ocrx_word' id='word_1_390' title='bbox 1359 3482 1498 3551; x_wconf 86' lang='lat' dir='ltr'><strong>fuit;</strong></span> <span class='ocrx_word' id='word_1_391' title='bbox 1532 3483 1766 3539; x_wconf 90' lang='lat' dir='ltr'><strong>historia</strong></span> <span class='ocrx_word' id='word_1_392' title='bbox 1791 3499 1912 3538; x_wconf 84' lang='lat' dir='ltr'><strong>ma-</strong></span> 
     </span>
    </p>
   </div>
   <div class='ocr_carea' id='block_1_54' title="bbox 2023 1828 3630 1903">
    <p class='ocr_par' dir='ltr' id='par_1_54' title="bbox 2023 1828 3630 1903">
     <span class='ocr_line' id='line_1_54' title="bbox 2023 1828 3630 1903; baseline 0.002 -21"><span class='ocrx_word' id='word_1_393' title='bbox 2023 1830 2122 1900; x_wconf 85' lang='grc' dir='ltr'>τῆς</span> <span class='ocrx_word' id='word_1_394' title='bbox 2143 1828 2460 1900; x_wconf 81' lang='grc' dir='ltr'>Πυθαγόρου</span> <span class='ocrx_word' id='word_1_395' title='bbox 2491 1829 2900 1902; x_wconf 77' lang='grc' dir='ltr'>κεκοινωνηκὼς</span> <span class='ocrx_word' id='word_1_396' title='bbox 2927 1831 3262 1900; x_wconf 82' lang='grc' dir='ltr'>φιλοσοφίας,</span> <span class='ocrx_word' id='word_1_397' title='bbox 3278 1831 3391 1885; x_wconf 70' lang='grc' dir='ltr'>οὔτ’</span> <span class='ocrx_word' id='word_1_398' title='bbox 3421 1832 3630 1903; x_wconf 80' lang='grc' dir='ltr'>Ἀρχύ-</span> 
     </span>
    </p>
   </div>
   <div class='ocr_carea' id='block_1_55' title="bbox 2021 1917 3624 1995">
    <p class='ocr_par' dir='ltr' id='par_1_55' title="bbox 2021 1917 3624 1995">
     <span class='ocr_line' id='line_1_55' title="bbox 2021 1917 3624 1995; baseline 0.007 -29"><span class='ocrx_word' id='word_1_399' title='bbox 2021 1937 2119 1983; x_wconf 78' lang='grc' dir='ltr'><strong>τας</strong></span> <span class='ocrx_word' id='word_1_400' title='bbox 2141 1917 2276 1991; x_wconf 88' lang='lat'><strong>(79),</strong></span> <span class='ocrx_word' id='word_1_401' title='bbox 2310 1918 2421 1974; x_wconf 77' lang='grc' dir='ltr'>οὔτ’</span> <span class='ocrx_word' id='word_1_402' title='bbox 2456 1918 2619 1983; x_wconf 78' lang='grc' dir='ltr'>αὐτὸς</span> <span class='ocrx_word' id='word_1_403' title='bbox 2641 1920 2871 1988; x_wconf 75' lang='grc' dir='ltr'>ἐκεῖνος,</span> <span class='ocrx_word' id='word_1_404' title='bbox 2896 1921 2924 1973; x_wconf 90' lang='grc' dir='ltr'>ὁ</span> <span class='ocrx_word' id='word_1_405' title='bbox 2957 1920 3056 1984; x_wconf 83' lang='grc' dir='ltr'>τὰς</span> <span class='ocrx_word' id='word_1_406' title='bbox 3085 1920 3402 1994; x_wconf 86' lang='grc' dir='ltr'>Πυθαγόρου</span> <span class='ocrx_word' id='word_1_407' title='bbox 3421 1927 3624 1995; x_wconf 66' lang='grc' dir='ltr'>γραφῇ</span> 
     </span>
    </p>
   </div>
   <div class='ocr_carea' id='block_1_56' title="bbox 2023 2009 3624 2082">
    <p class='ocr_par' dir='ltr' id='par_1_56' title="bbox 2023 2009 3624 2082">
     <span class='ocr_line' id='line_1_56' title="bbox 2023 2009 3624 2082; baseline 0.001 -18"><span class='ocrx_word' id='word_1_408' title='bbox 2023 2010 2302 2082; x_wconf 76' lang='grc' dir='ltr'>παραδοὺς</span> <span class='ocrx_word' id='word_1_409' title='bbox 2329 2009 2566 2082; x_wconf 77' lang='grc' dir='ltr'>ὁμιλίας,</span> <span class='ocrx_word' id='word_1_410' title='bbox 2599 2009 2857 2075; x_wconf 83' lang='grc' dir='ltr'>Φιλόλαος</span> <span class='ocrx_word' id='word_1_411' title='bbox 2895 2011 3027 2082; x_wconf 88' lang='grc'><strong>(80),</strong></span> <span class='ocrx_word' id='word_1_412' title='bbox 3068 2011 3178 2065; x_wconf 80' lang='grc' dir='ltr'>οὐδ’</span> <span class='ocrx_word' id='word_1_413' title='bbox 3203 2013 3255 2065; x_wconf 79' lang='grc' dir='ltr'>εἴ</span> <span class='ocrx_word' id='word_1_414' title='bbox 3274 2029 3416 2077; x_wconf 85' lang='grc' dir='ltr'>τινες</span> <span class='ocrx_word' id='word_1_415' title='bbox 3460 2011 3624 2066; x_wconf 73' lang='grc' dir='ltr'>ἄλλοι</span> 
     </span>
    </p>
   </div>
   <div class='ocr_carea' id='block_1_57' title="bbox 2022 2101 3625 2175">
    <p class='ocr_par' dir='ltr' id='par_1_57' title="bbox 2022 2101 3625 2175">
     <span class='ocr_line' id='line_1_57' title="bbox 2022 2101 3625 2175; baseline 0.002 -20"><span class='ocrx_word' id='word_1_416' title='bbox 2022 2102 2290 2175; x_wconf 82' lang='grc' dir='ltr'>γνώριμοι</span> <span class='ocrx_word' id='word_1_417' title='bbox 2313 2101 2540 2173; x_wconf 80' lang='grc' dir='ltr'>τάνδρὸς</span> <span class='ocrx_word' id='word_1_418' title='bbox 2583 2102 2888 2171; x_wconf 88' lang='grc' dir='ltr'>γεγονότες,</span> <span class='ocrx_word' id='word_1_419' title='bbox 2918 2101 2968 2156; x_wconf 87' lang='grc' dir='ltr'>οἳ</span> <span class='ocrx_word' id='word_1_420' title='bbox 3007 2102 3162 2168; x_wconf 79' lang='grc' dir='ltr'>δόξας</span> <span class='ocrx_word' id='word_1_421' title='bbox 3193 2121 3256 2157; x_wconf 87' lang='grc' dir='ltr'><strong>τε</strong></span> <span class='ocrx_word' id='word_1_422' title='bbox 3307 2104 3475 2157; x_wconf 73' lang='grc' dir='ltr'>αὑτοῦ</span> <span class='ocrx_word' id='word_1_423' title='bbox 3523 2105 3625 2159; x_wconf 75' lang='grc' dir='ltr'><strong>καὶ</strong></span> 
     </span>
    </p>
   </div>
   <div class='ocr_carea' id='block_1_58' title="bbox 2021 2195 3621 2268">
    <p class='ocr_par' dir='ltr' id='par_1_58' title="bbox 2021 2195 3621 2268">
     <span class='ocr_line' id='line_1_58' title="bbox 2021 2195 3621 2268; baseline 0 -20"><span class='ocrx_word' id='word_1_424' title='bbox 2021 2195 2246 2267; x_wconf 83' lang='grc' dir='ltr'>γνώμας</span> <span class='ocrx_word' id='word_1_425' title='bbox 2289 2198 2474 2267; x_wconf 80' lang='grc' dir='ltr'>γραφῇ</span> <span class='ocrx_word' id='word_1_426' title='bbox 2515 2199 2625 2259; x_wconf 83' lang='grc' dir='ltr'>τοῖς</span> <span class='ocrx_word' id='word_1_427' title='bbox 2659 2196 2775 2266; x_wconf 89' lang='grc' dir='ltr'>μετ’</span> <span class='ocrx_word' id='word_1_428' title='bbox 2803 2195 3108 2268; x_wconf 80' lang='grc' dir='ltr'>αὐτοῦ(80⁶)</span> <span class='ocrx_word' id='word_1_429' title='bbox 3135 2195 3621 2268; x_wconf 82' lang='grc' dir='ltr'>παραδεδώκασιν,</span> 
     </span>
    </p>
   </div>
   <div class='ocr_carea' id='block_1_59' title="bbox 2023 2289 3623 2363">
    <p class='ocr_par' dir='ltr' id='par_1_59' title="bbox 2023 2289 3623 2363">
     <span class='ocr_line' id='line_1_59' title="bbox 2023 2289 3623 2363; baseline 0.001 -20"><span class='ocrx_word' id='word_1_430' title='bbox 2023 2291 2114 2343; x_wconf 76' lang='grc' dir='ltr'><strong>ἐπὶ</strong></span> <span class='ocrx_word' id='word_1_431' title='bbox 2142 2289 2369 2362; x_wconf 82' lang='grc' dir='ltr'>τοιαύτῃ</span> <span class='ocrx_word' id='word_1_432' title='bbox 2385 2291 2490 2344; x_wconf 79' lang='grc' dir='ltr'>τινὶ</span> <span class='ocrx_word' id='word_1_433' title='bbox 2519 2290 2886 2362; x_wconf 81' lang='grc' dir='ltr'>ὲσεμνύναντο</span> <span class='ocrx_word' id='word_1_434' title='bbox 2905 2291 3300 2362; x_wconf 78' lang='grc' dir='ltr'>σοφίᾳ.οὑκοῦν</span> <span class='ocrx_word' id='word_1_435' title='bbox 3321 2291 3623 2363; x_wconf 78' lang='grc' dir='ltr'>ἑτέρωθεν,</span> 
     </span>
    </p>
   </div>
   <div class='ocr_carea' id='block_1_60' title="bbox 2022 2383 3625 2456">
    <p class='ocr_par' dir='ltr' id='par_1_60' title="bbox 2022 2383 3625 2456">
     <span class='ocr_line' id='line_1_60' title="bbox 2022 2383 3625 2456; baseline 0.001 -18"><span class='ocrx_word' id='word_1_436' title='bbox 2022 2383 2137 2438; x_wconf 82' lang='grc' dir='ltr'>ἀλλ’</span> <span class='ocrx_word' id='word_1_437' title='bbox 2155 2384 2256 2437; x_wconf 82' lang='grc' dir='ltr'>οὐκ</span> <span class='ocrx_word' id='word_1_438' title='bbox 2271 2384 2378 2437; x_wconf 84' lang='grc' dir='ltr'><strong>ἀπὸ</strong></span> <span class='ocrx_word' id='word_1_439' title='bbox 2399 2383 2820 2455; x_wconf 84' lang='grc' dir='ltr'>Πυθαγόρου,τὰ</span> <span class='ocrx_word' id='word_1_440' title='bbox 2830 2383 3007 2438; x_wconf 86' lang='grc' dir='ltr'>τοιάδε</span> <span class='ocrx_word' id='word_1_441' title='bbox 3030 2383 3236 2456; x_wconf 87' lang='grc' dir='ltr'>μαθὼν,</span> <span class='ocrx_word' id='word_1_442' title='bbox 3262 2388 3625 2456; x_wconf 80' lang='grc' dir='ltr'>προσχήματι</span> 
     </span>
    </p>
   </div>
   <div class='ocr_carea' id='block_1_61' title="bbox 2019 2474 3625 2548">
    <p class='ocr_par' dir='ltr' id='par_1_61' title="bbox 2019 2474 3625 2548">
     <span class='ocr_line' id='line_1_61' title="bbox 2019 2474 3625 2548; baseline 0.001 -19"><span class='ocrx_word' id='word_1_443' title='bbox 2019 2474 2381 2547; x_wconf 81' lang='grc' dir='ltr'>σεμνολογῶν,</span> <span class='ocrx_word' id='word_1_444' title='bbox 2416 2476 2785 2548; x_wconf 76' lang='grc' dir='ltr'>ἐπιγράφεται</span> <span class='ocrx_word' id='word_1_445' title='bbox 2829 2476 2931 2546; x_wconf 83' lang='grc' dir='ltr'>τὴν</span> <span class='ocrx_word' id='word_1_446' title='bbox 2982 2475 3078 2528; x_wconf 82' lang='grc' dir='ltr'>τοῦ</span> <span class='ocrx_word' id='word_1_447' title='bbox 3113 2474 3402 2546; x_wconf 77' lang='grc' dir='ltr'>φιλοσόφου</span> <span class='ocrx_word' id='word_1_448' title='bbox 3441 2476 3625 2547; x_wconf 81' lang='grc' dir='ltr'>πρόσ-</span> 
     </span>
    </p>
   </div>
   <div class='ocr_carea' id='block_1_62' title="bbox 2024 2564 3620 2639">
    <p class='ocr_par' dir='ltr' id='par_1_62' title="bbox 2024 2564 3620 2639">
     <span class='ocr_line' id='line_1_62' title="bbox 2024 2564 3620 2639; baseline 0.001 -21"><span class='ocrx_word' id='word_1_449' title='bbox 2024 2583 2201 2637; x_wconf 88' lang='grc' dir='ltr'>ρησιν.</span> <span class='ocrx_word' id='word_1_450' title='bbox 2239 2565 2354 2620; x_wconf 81' lang='grc' dir='ltr'>Ἵνα</span> <span class='ocrx_word' id='word_1_451' title='bbox 2378 2566 2434 2620; x_wconf 83' lang='grc' dir='ltr'>δὲ</span> <span class='ocrx_word' id='word_1_452' title='bbox 2463 2568 2558 2620; x_wconf 75' lang='grc' dir='ltr'>καὶ</span> <span class='ocrx_word' id='word_1_453' title='bbox 2588 2564 3040 2639; x_wconf 52' lang='grc' dir='ltr'>παραλογώτατα,</span> <span class='ocrx_word' id='word_1_454' title='bbox 3060 2567 3122 2620; x_wconf 82' lang='grc' dir='ltr'>τὸ</span> <span class='ocrx_word' id='word_1_455' title='bbox 3164 2567 3356 2637; x_wconf 80' lang='grc' dir='ltr'>ψεῦδος</span> <span class='ocrx_word' id='word_1_456' title='bbox 3390 2568 3505 2639; x_wconf 84' lang='grc'>(81)</span> <span class='ocrx_word' id='word_1_457' title='bbox 3539 2568 3620 2631; x_wconf 82' lang='grc' dir='ltr'><strong>ὡς</strong></span> 
     </span>
    </p>
   </div>
   <div class='ocr_carea' id='block_1_63' title="bbox 2017 2657 3622 2732">
    <p class='ocr_par' dir='ltr' id='par_1_63' title="bbox 2017 2657 3622 2732">
     <span class='ocr_line' id='line_1_63' title="bbox 2017 2657 3622 2732; baseline 0.001 -21"><span class='ocrx_word' id='word_1_458' title='bbox 2017 2657 2218 2729; x_wconf 83' lang='grc' dir='ltr'>ἀληθές</span> <span class='ocrx_word' id='word_1_459' title='bbox 2264 2675 2348 2722; x_wconf 83' lang='grc' dir='ltr'><strong>τις</strong></span> <span class='ocrx_word' id='word_1_460' title='bbox 2388 2659 2670 2727; x_wconf 89' lang='grc' dir='ltr'>γεγονέναι</span> <span class='ocrx_word' id='word_1_461' title='bbox 2722 2658 3144 2732; x_wconf 76' lang='grc' dir='ltr'>ξυγχωρήσειεν,</span> <span class='ocrx_word' id='word_1_462' title='bbox 3177 2660 3278 2712; x_wconf 81' lang='grc' dir='ltr'>οὐκ</span> <span class='ocrx_word' id='word_1_463' title='bbox 3316 2659 3417 2713; x_wconf 71' lang='grc' dir='ltr'>οἷδ’</span> <span class='ocrx_word' id='word_1_464' title='bbox 3461 2662 3622 2724; x_wconf 81' lang='grc' dir='ltr'>ὅπως</span> 
     </span>
    </p>
   </div>
   <div class='ocr_carea' id='block_1_64' title="bbox 2017 2749 3618 2825">
    <p class='ocr_par' dir='ltr' id='par_1_64' title="bbox 2017 2749 3618 2825">
     <span class='ocr_line' id='line_1_64' title="bbox 2017 2749 3618 2825; baseline 0.002 -23"><span class='ocrx_word' id='word_1_465' title='bbox 2017 2749 2077 2815; x_wconf 77' lang='grc' dir='ltr'><strong>ἐξ</strong></span> <span class='ocrx_word' id='word_1_466' title='bbox 2115 2749 2281 2803; x_wconf 77' lang='grc' dir='ltr'>αὐτοῦ</span> <span class='ocrx_word' id='word_1_467' title='bbox 2306 2749 2478 2819; x_wconf 87' lang='grc' dir='ltr'>λέγων</span> <span class='ocrx_word' id='word_1_468' title='bbox 2510 2750 2620 2821; x_wconf 72' lang='lat'>(82)</span> <span class='ocrx_word' id='word_1_469' title='bbox 2646 2751 2856 2805; x_wconf 78' lang='grc' dir='ltr'>ἐκείνου</span> <span class='ocrx_word' id='word_1_470' title='bbox 2882 2751 2977 2805; x_wconf 79' lang='grc' dir='ltr'>τοῦ</span> <span class='ocrx_word' id='word_1_471' title='bbox 3006 2753 3234 2823; x_wconf 83' lang='grc' dir='ltr'>Σαμίου,</span> <span class='ocrx_word' id='word_1_472' title='bbox 3260 2751 3368 2824; x_wconf 84' lang='grc' dir='ltr'>πρὸ</span> <span class='ocrx_word' id='word_1_473' title='bbox 3398 2753 3618 2825; x_wconf 89' lang='grc' dir='ltr'>μυρίων</span> 
     </span>
    </p>
   </div>
   <div class='ocr_carea' id='block_1_65' title="bbox 2015 2841 3617 2916">
    <p class='ocr_par' dir='ltr' id='par_1_65' title="bbox 2015 2841 3617 2916">
     <span class='ocr_line' id='line_1_65' title="bbox 2015 2841 3617 2916; baseline 0.002 -22"><span class='ocrx_word' id='word_1_474' title='bbox 2015 2842 2155 2895; x_wconf 84' lang='grc' dir='ltr'>ὅσων</span> <span class='ocrx_word' id='word_1_475' title='bbox 2188 2841 2326 2896; x_wconf 76' lang='grc' dir='ltr'>ἐτῶν</span> <span class='ocrx_word' id='word_1_476' title='bbox 2355 2841 2415 2907; x_wconf 80' lang='grc' dir='ltr'>ἐξ</span> <span class='ocrx_word' id='word_1_477' title='bbox 2451 2841 2756 2915; x_wconf 87' lang='grc' dir='ltr'>ἀνθρώπων</span> <span class='ocrx_word' id='word_1_478' title='bbox 2788 2844 3104 2914; x_wconf 81' lang='grc' dir='ltr'>γενομένου,</span> <span class='ocrx_word' id='word_1_479' title='bbox 3133 2843 3203 2898; x_wconf 75' lang='grc' dir='ltr'><strong>τὰ</strong></span> <span class='ocrx_word' id='word_1_480' title='bbox 3241 2845 3370 2916; x_wconf 73' lang='grc' dir='ltr'>περὶ</span> <span class='ocrx_word' id='word_1_481' title='bbox 3400 2844 3617 2898; x_wconf 77' lang='grc' dir='ltr'>τούτων</span> 
     </span>
    </p>
   </div>
   <div class='ocr_carea' id='block_1_66' title="bbox 2015 2933 3616 3009">
    <p class='ocr_par' dir='ltr' id='par_1_66' title="bbox 2015 2933 3616 3009">
     <span class='ocr_line' id='line_1_66' title="bbox 2015 2933 3616 3009; baseline 0.002 -21"><span class='ocrx_word' id='word_1_482' title='bbox 2015 2934 2177 2988; x_wconf 83' lang='grc' dir='ltr'>αὑτὸν</span> <span class='ocrx_word' id='word_1_483' title='bbox 2210 2933 2608 3006; x_wconf 84' lang='grc' dir='ltr'>μεμαθηκέναι.</span> <span class='ocrx_word' id='word_1_484' title='bbox 2645 2935 2856 2989; x_wconf 78' lang='grc' dir='ltr'>Οὐκοῦν</span> <span class='ocrx_word' id='word_1_485' title='bbox 2883 2937 3018 3006; x_wconf 77' lang='grc' dir='ltr'>πρὸς</span> <span class='ocrx_word' id='word_1_486' title='bbox 3050 2940 3162 3001; x_wconf 79' lang='grc' dir='ltr'>τοῖς</span> <span class='ocrx_word' id='word_1_487' title='bbox 3204 2936 3484 3009; x_wconf 82' lang='grc' dir='ltr'>Ἀραϐίοις</span> <span class='ocrx_word' id='word_1_488' title='bbox 3514 2937 3616 2991; x_wconf 76' lang='grc' dir='ltr'>καὶ</span> 
     </span>
    </p>
   </div>
   <div class='ocr_carea' id='block_1_67' title="bbox 2014 3026 3618 3102">
    <p class='ocr_par' dir='ltr' id='par_1_67' title="bbox 2014 3026 3618 3102">
     <span class='ocr_line' id='line_1_67' title="bbox 2014 3026 3618 3102; baseline 0.001 -22"><span class='ocrx_word' id='word_1_489' title='bbox 2014 3026 2200 3080; x_wconf 82' lang='grc' dir='ltr'>τοῦτον</span> <span class='ocrx_word' id='word_1_490' title='bbox 2233 3027 2551 3082; x_wconf 83' lang='grc' dir='ltr'>διδάσκαλον</span> <span class='ocrx_word' id='word_1_491' title='bbox 2584 3028 2750 3083; x_wconf 81' lang='grc' dir='ltr'>αὐτοῦ</span> <span class='ocrx_word' id='word_1_492' title='bbox 2783 3029 2883 3101; x_wconf 85' lang='grc' dir='ltr'>τῆς</span> <span class='ocrx_word' id='word_1_493' title='bbox 2919 3029 2984 3101; x_wconf 81' lang='grc' dir='ltr'>δὴ</span> <span class='ocrx_word' id='word_1_494' title='bbox 3031 3028 3392 3100; x_wconf 77' lang='grc' dir='ltr'>νομιζομένης</span> <span class='ocrx_word' id='word_1_495' title='bbox 3437 3030 3618 3102; x_wconf 63' lang='lat' dir='ltr'><strong>amp.</strong></span> 
     </span>
    </p>
   </div>
   <div class='ocr_carea' id='block_1_68' title="bbox 2022 3118 3616 3195">
    <p class='ocr_par' dir='ltr' id='par_1_68' title="bbox 2022 3118 3616 3195">
     <span class='ocr_line' id='line_1_68' title="bbox 2022 3118 3616 3195; baseline -0.001 -20"><span class='ocrx_word' id='word_1_496' title='bbox 2022 3123 2186 3194; x_wconf 76' lang='grc' dir='ltr'><strong>ρἡου</strong></span> <span class='ocrx_word' id='word_1_497' title='bbox 2220 3123 2349 3193; x_wconf 77' lang='grc' dir='ltr'>περὶ</span> <span class='ocrx_word' id='word_1_498' title='bbox 2381 3120 2519 3174; x_wconf 85' lang='grc' dir='ltr'>θεῶν</span> <span class='ocrx_word' id='word_1_499' title='bbox 2555 3123 2866 3194; x_wconf 80' lang='grc' dir='ltr'>ἐπιστήμης</span> <span class='ocrx_word' id='word_1_500' title='bbox 2901 3125 3289 3195; x_wconf 85' lang='grc' dir='ltr'>ὲπιγραπτέον.</span> <span class='ocrx_word' id='word_1_501' title='bbox 3327 3123 3392 3176; x_wconf 90' lang='grc' dir='ltr'><strong>Εἰ</strong></span> <span class='ocrx_word' id='word_1_502' title='bbox 3423 3122 3488 3194; x_wconf 86' lang='grc' dir='ltr'>δὴ</span> <span class='ocrx_word' id='word_1_503' title='bbox 3518 3118 3616 3175; x_wconf 75' lang='grc' dir='ltr'>οὖν</span> 
     </span>
    </p>
   </div>
   <div class='ocr_carea' id='block_1_69' title="bbox 2018 3209 3614 3284">
    <p class='ocr_par' dir='ltr' id='par_1_69' title="bbox 2018 3209 3614 3284">
     <span class='ocr_line' id='line_1_69' title="bbox 2018 3209 3614 3284; baseline 0.002 -20"><span class='ocrx_word' id='word_1_504' title='bbox 2018 3211 2169 3277; x_wconf 87' lang='grc' dir='ltr'>θείας</span> <span class='ocrx_word' id='word_1_505' title='bbox 2199 3209 2268 3284; x_wconf 80' lang='grc' dir='ltr'><strong>ἦν</strong></span> <span class='ocrx_word' id='word_1_506' title='bbox 2303 3212 2538 3282; x_wconf 83' lang='grc' dir='ltr'>φύσεως,</span> <span class='ocrx_word' id='word_1_507' title='bbox 2575 3214 2940 3284; x_wconf 73' lang='grc' dir='ltr'>κατέψευσται</span> <span class='ocrx_word' id='word_1_508' title='bbox 2977 3213 3144 3269; x_wconf 80' lang='grc' dir='ltr'>αὑτοῦ</span> <span class='ocrx_word' id='word_1_509' title='bbox 3190 3215 3318 3279; x_wconf 75' lang='grc' dir='ltr'>τοὺς</span> <span class='ocrx_word' id='word_1_510' title='bbox 3350 3214 3614 3268; x_wconf 81' lang='grc' dir='ltr'>διδασκά-</span> 
     </span>
    </p>
   </div>
   <div class='ocr_carea' id='block_1_70' title="bbox 2015 3300 3620 3379">
    <p class='ocr_par' dir='ltr' id='par_1_70' title="bbox 2015 3300 3620 3379">
     <span class='ocr_line' id='line_1_70' title="bbox 2015 3300 3620 3379; baseline -0.001 -20"><span class='ocrx_word' id='word_1_511' title='bbox 2015 3303 2141 3370; x_wconf 78' lang='grc' dir='ltr'>λους</span> <span class='ocrx_word' id='word_1_512' title='bbox 2164 3309 2193 3360; x_wconf 86' lang='grc' dir='ltr'><strong>ό</strong></span> <span class='ocrx_word' id='word_1_513' title='bbox 2219 3306 2394 3375; x_wconf 84' lang='grc' dir='ltr'>λόγος.</span> <span class='ocrx_word' id='word_1_514' title='bbox 2422 3307 2486 3360; x_wconf 77' lang='lat' dir='ltr'><strong>Ei</strong></span> <span class='ocrx_word' id='word_1_515' title='bbox 2505 3306 2550 3360; x_wconf 85' lang='grc' dir='ltr'>δ’</span> <span class='ocrx_word' id='word_1_516' title='bbox 2578 3306 2782 3378; x_wconf 81' lang='grc' dir='ltr'>ἀληθὴς</span> <span class='ocrx_word' id='word_1_517' title='bbox 2807 3303 2874 3379; x_wconf 80' lang='grc' dir='ltr'><strong>ἦν</strong></span> <span class='ocrx_word' id='word_1_518' title='bbox 2904 3300 3080 3370; x_wconf 74' lang='grc' dir='ltr'>οὗτος,</span> <span class='ocrx_word' id='word_1_519' title='bbox 3112 3306 3313 3378; x_wconf 76' lang='grc' dir='ltr'>ψευδὴς</span> <span class='ocrx_word' id='word_1_520' title='bbox 3342 3302 3415 3377; x_wconf 66' lang='grc' dir='ltr'><strong>’ἧν</strong></span> <span class='ocrx_word' id='word_1_521' title='bbox 3441 3309 3469 3359; x_wconf 88' lang='grc' dir='ltr'><strong>ό</strong></span> <span class='ocrx_word' id='word_1_522' title='bbox 3511 3305 3620 3374; x_wconf 73' lang='grc' dir='ltr'><strong>μῦο</strong></span> 
     </span>
    </p>
   </div>
   <div class='ocr_carea' id='block_1_71' title="bbox 2019 3395 3615 3470">
    <p class='ocr_par' dir='ltr' id='par_1_71' title="bbox 2019 3395 3615 3470">
     <span class='ocr_line' id='line_1_71' title="bbox 2019 3395 3615 3470; baseline -0.001 -20"><span class='ocrx_word' id='word_1_523' title='bbox 2019 3396 2129 3463; x_wconf 89' lang='grc' dir='ltr'>θος,</span> <span class='ocrx_word' id='word_1_524' title='bbox 2156 3399 2250 3451; x_wconf 75' lang='grc' dir='ltr'>καὶ</span> <span class='ocrx_word' id='word_1_525' title='bbox 2271 3399 2372 3452; x_wconf 83' lang='grc' dir='ltr'>οὐκ</span> <span class='ocrx_word' id='word_1_526' title='bbox 2398 3395 2605 3470; x_wconf 79' lang='grc' dir='ltr'>ἀληθὴς</span> <span class='ocrx_word' id='word_1_527' title='bbox 2628 3399 2662 3469; x_wconf 83' lang='grc' dir='ltr'><strong>ἡ</strong></span> <span class='ocrx_word' id='word_1_528' title='bbox 2691 3399 2820 3470; x_wconf 77' lang='grc' dir='ltr'>περὶ</span> <span class='ocrx_word' id='word_1_529' title='bbox 2846 3397 2940 3454; x_wconf 80' lang='grc' dir='ltr'><strong>τοῦ</strong></span> <span class='ocrx_word' id='word_1_530' title='bbox 2967 3397 3110 3452; x_wconf 84' lang='grc' dir='ltr'>θεῖον</span> <span class='ocrx_word' id='word_1_531' title='bbox 3137 3397 3421 3467; x_wconf 90' lang='grc' dir='ltr'>γεγονέναι</span> <span class='ocrx_word' id='word_1_532' title='bbox 3444 3395 3615 3450; x_wconf 82' lang='grc' dir='ltr'>αὐτὸν</span> 
     </span>
    </p>
   </div>
   <div class='ocr_carea' id='block_1_72' title="bbox 2018 3491 2226 3561">
    <p class='ocr_par' dir='ltr' id='par_1_72' title="bbox 2018 3491 2226 3561">
     <span class='ocr_line' id='line_1_72' title="bbox 2018 3491 2226 3561; baseline 0.014 -3"><span class='ocrx_word' id='word_1_533' title='bbox 2018 3491 2226 3561; x_wconf 83' lang='grc' dir='ltr'>γραφή-</span> 
     </span>
    </p>
   </div>
   <div class='ocr_carea' id='block_1_73' title="bbox 328 3576 3615 3653">
    <p class='ocr_par' dir='ltr' id='par_1_73' title="bbox 328 3576 3615 3653">
     <span class='ocr_line' id='line_1_73' title="bbox 328 3576 3615 3653; baseline 0.002 -20"><span class='ocrx_word' id='word_1_534' title='bbox 328 3579 534 3651; x_wconf 78' lang='lat' dir='ltr'><strong>gistros</strong></span> <span class='ocrx_word' id='word_1_535' title='bbox 575 3579 626 3636; x_wconf 87' lang='lat' dir='ltr'><strong>ei</strong></span> <span class='ocrx_word' id='word_1_536' title='bbox 670 3593 958 3651; x_wconf 87' lang='lat' dir='ltr'><strong>perperam</strong></span> <span class='ocrx_word' id='word_1_537' title='bbox 1006 3576 1284 3634; x_wconf 83' lang='lat' dir='ltr'><strong>aflinxisse</strong></span> <span class='ocrx_word' id='word_1_538' title='bbox 1331 3578 1782 3650; x_wconf 89' lang='lat' dir='ltr'><strong>deprehenditur.</strong></span> <span class='ocrx_word' id='word_1_539' title='bbox 1819 3577 1916 3635; x_wconf 90' lang='lat' dir='ltr'><strong>Sin</strong></span> <span class='ocrx_word' id='word_1_540' title='bbox 1953 3597 2018 3638; x_wconf 86' lang='lat' dir='ltr'><strong>ea</strong></span> <span class='ocrx_word' id='word_1_541' title='bbox 2090 3601 2249 3639; x_wconf 85' lang='lat' dir='ltr'><strong>verax</strong></span> <span class='ocrx_word' id='word_1_542' title='bbox 2285 3584 2531 3640; x_wconf 87' lang='lat' dir='ltr'><strong>narratio</strong></span> <span class='ocrx_word' id='word_1_543' title='bbox 2592 3591 2697 3650; x_wconf 89' lang='lat' dir='ltr'><strong>est,</strong></span> <span class='ocrx_word' id='word_1_544' title='bbox 2740 3582 2878 3638; x_wconf 88' lang='lat' dir='ltr'><strong>falsa</strong></span> <span class='ocrx_word' id='word_1_545' title='bbox 2911 3583 3016 3638; x_wconf 90' lang='lat' dir='ltr'><strong>erit</strong></span> <span class='ocrx_word' id='word_1_546' title='bbox 3062 3581 3266 3643; x_wconf 88' lang='lat' dir='ltr'><strong>fabula,</strong></span> <span class='ocrx_word' id='word_1_547' title='bbox 3292 3597 3472 3653; x_wconf 78' lang='lat' dir='ltr'><strong>neque</strong></span> <span class='ocrx_word' id='word_1_548' title='bbox 3511 3596 3615 3638; x_wconf 75' lang='lat' dir='ltr'><strong>ve-</strong></span> 
     </span>
    </p>
   </div>
   <div class='ocr_carea' id='block_1_74' title="bbox 328 3669 1627 3743">
    <p class='ocr_par' dir='ltr' id='par_1_74' title="bbox 328 3669 1627 3743">
     <span class='ocr_line' id='line_1_74' title="bbox 328 3669 1627 3743; baseline -0.002 -16"><span class='ocrx_word' id='word_1_549' title='bbox 328 3689 474 3738; x_wconf 90' lang='lat' dir='ltr'><strong>rum,</strong></span> <span class='ocrx_word' id='word_1_550' title='bbox 498 3669 645 3743; x_wconf 78' lang='lat' dir='ltr'><strong>quod</strong></span> <span class='ocrx_word' id='word_1_551' title='bbox 683 3671 751 3727; x_wconf 88' lang='lat' dir='ltr'><strong>de</strong></span> <span class='ocrx_word' id='word_1_552' title='bbox 778 3670 900 3742; x_wconf 86' lang='lat' dir='ltr'><strong>ejus</strong></span> <span class='ocrx_word' id='word_1_553' title='bbox 922 3670 1206 3724; x_wconf 82' lang='lat' dir='ltr'><strong>divinitate</strong></span> <span class='ocrx_word' id='word_1_554' title='bbox 1233 3677 1319 3725; x_wconf 92' lang='lat' dir='ltr'><strong>est</strong></span> <span class='ocrx_word' id='word_1_555' title='bbox 1339 3671 1627 3742; x_wconf 90' lang='lat' dir='ltr'><strong>scriptum.</strong></span> 
     </span>
    </p>
   </div>
   <div class='ocr_carea' id='block_1_75' title="bbox 855 3759 1434 3832">
    <p class='ocr_par' dir='ltr' id='par_1_75' title="bbox 855 3759 1434 3832">
     <span class='ocr_line' id='line_1_75' title="bbox 855 3759 1434 3832; baseline 0.01 -18"><span class='ocrx_word' id='word_1_556' title='bbox 855 3761 1018 3832; x_wconf 79' lang='lat'><strong>520</strong></span> <span class='ocrx_word' id='word_1_557' title='bbox 1052 3759 1282 3817; x_wconf 83' lang='lat' dir='ltr'><strong>CAPUT</strong></span> <span class='ocrx_word' id='word_1_558' title='bbox 1319 3762 1434 3821; x_wconf 79' lang='lat' dir='ltr'><strong>xu.</strong></span> 
     </span>
    </p>
   </div>
   <div class='ocr_carea' id='block_1_76' title="bbox 395 3855 1907 3932">
    <p class='ocr_par' dir='ltr' id='par_1_76' title="bbox 395 3855 1907 3932">
     <span class='ocr_line' id='line_1_76' title="bbox 395 3855 1907 3932; baseline 0.004 -21"><span class='ocrx_word' id='word_1_559' title='bbox 395 3855 518 3912; x_wconf 82' lang='lat' dir='ltr'><strong>Non</strong></span> <span class='ocrx_word' id='word_1_560' title='bbox 545 3857 678 3912; x_wconf 89' lang='lat' dir='ltr'><strong>mihi</strong></span> <span class='ocrx_word' id='word_1_561' title='bbox 705 3866 790 3914; x_wconf 90' lang='lat' dir='ltr'><strong>est</strong></span> <span class='ocrx_word' id='word_1_562' title='bbox 843 3858 1059 3913; x_wconf 90' lang='lat' dir='ltr'><strong>animus</strong></span> <span class='ocrx_word' id='word_1_563' title='bbox 1114 3856 1432 3928; x_wconf 86' lang='lat' dir='ltr'><strong>diligentius</strong></span> <span class='ocrx_word' id='word_1_564' title='bbox 1470 3857 1538 3914; x_wconf 93' lang='lat' dir='ltr'><strong>de</strong></span> <span class='ocrx_word' id='word_1_565' title='bbox 1572 3857 1753 3915; x_wconf 89' lang='lat' dir='ltr'><strong>Protei</strong></span> <span class='ocrx_word' id='word_1_566' title='bbox 1783 3877 1907 3932; x_wconf 79' lang='lat' dir='ltr'><strong>spe-</strong></span> 
     </span>
    </p>
   </div>
   <div class='ocr_carea' id='block_1_77' title="bbox 398 3975 848 4042">
    <p class='ocr_par' dir='ltr' id='par_1_77' title="bbox 398 3975 848 4042">
     <span class='ocr_line' id='line_1_77' title="bbox 398 3975 848 4042; baseline 0.002 -13"><span class='ocrx_word' id='word_1_567' title='bbox 398 3977 446 4010; x_wconf 81' lang='grc'><strong>¹⁸</strong></span> <span class='ocrx_word' id='word_1_568' title='bbox 484 3975 583 4032; x_wconf 87' lang='lat' dir='ltr'><strong>lib.</strong></span> <span class='ocrx_word' id='word_1_569' title='bbox 619 3990 676 4042; x_wconf 86' lang='grc' dir='ltr'><strong>ι,</strong></span> <span class='ocrx_word' id='word_1_570' title='bbox 707 3991 758 4031; x_wconf 92' lang='lat' dir='ltr'><strong>c.</strong></span> <span class='ocrx_word' id='word_1_571' title='bbox 794 3976 848 4031; x_wconf 90' lang='lat'><strong>7.</strong></span> 
     </span>
    </p>
   </div>
   <div class='ocr_carea' id='block_1_78' title="bbox 293 4061 1658 4142">
    <p class='ocr_par' dir='ltr' id='par_1_78' title="bbox 293 4061 1658 4142">
     <span class='ocr_line' id='line_1_78' title="bbox 293 4061 1658 4142; baseline -0.003 -17"><span class='ocrx_word' id='word_1_572' title='bbox 293 4077 296 4086; x_wconf 80' lang='lat'><em>‘</em></span> <span class='ocrx_word' id='word_1_573' title='bbox 395 4069 508 4142; x_wconf 79' lang='lat'>(75)</span> <span class='ocrx_word' id='word_1_574' title='bbox 547 4068 677 4124; x_wconf 78' lang='grc' dir='ltr'><strong>Μὲν</strong></span> <span class='ocrx_word' id='word_1_575' title='bbox 699 4066 798 4140; x_wconf 78' lang='grc' dir='ltr'><strong>ἦν.</strong></span> <span class='ocrx_word' id='word_1_576' title='bbox 830 4067 1087 4142; x_wconf 87' lang='lat' dir='ltr'><strong>Philostr.</strong></span> <span class='ocrx_word' id='word_1_577' title='bbox 1120 4069 1284 4125; x_wconf 89' lang='lat' dir='ltr'><strong>habet</strong></span> <span class='ocrx_word' id='word_1_578' title='bbox 1311 4070 1409 4142; x_wconf 83' lang='grc' dir='ltr'><strong>μὲν</strong></span> <span class='ocrx_word' id='word_1_579' title='bbox 1435 4068 1545 4140; x_wconf 85' lang='grc' dir='ltr'>γὰρ</span> <span class='ocrx_word' id='word_1_580' title='bbox 1557 4061 1658 4142; x_wconf 61' lang='grc' dir='ltr'>ᾖν.</span> 
     </span>
    </p>
   </div>
   <div class='ocr_carea' id='block_1_79' title="bbox 397 4136 1905 4214">
    <p class='ocr_par' dir='ltr' id='par_1_79' title="bbox 397 4136 1905 4214">
     <span class='ocr_line' id='line_1_79' title="bbox 397 4136 1905 4214; baseline -0.003 -20"><span class='ocrx_word' id='word_1_581' title='bbox 397 4136 510 4214; x_wconf 83' lang='grc'>(76)</span> <span class='ocrx_word' id='word_1_582' title='bbox 542 4136 816 4214; x_wconf 49' lang='grc' dir='ltr'>Γαοξτρός</span> <span class='ocrx_word' id='word_1_583' title='bbox 854 4158 918 4195; x_wconf 84' lang='grc' dir='ltr'><strong>τε</strong></span> <span class='ocrx_word' id='word_1_584' title='bbox 958 4141 1170 4210; x_wconf 78' lang='grc' dir='ltr'>ἥττων.</span> <span class='ocrx_word' id='word_1_585' title='bbox 1222 4136 1527 4208; x_wconf 69' lang='grc' dir='ltr'>Ριιὶιοειτ.,’</span> <span class='ocrx_word' id='word_1_586' title='bbox 1557 4136 1796 4210; x_wconf 81' lang='grc' dir='ltr'>Γαστρός</span> <span class='ocrx_word' id='word_1_587' title='bbox 1844 4154 1905 4190; x_wconf 82' lang='grc' dir='ltr'>τε</span> 
     </span>
    </p>
   </div>
   <div class='ocr_carea' id='block_1_80' title="bbox 323 4212 748 4353">
    <p class='ocr_par' dir='ltr' id='par_1_80' title="bbox 323 4212 748 4353">
     <span class='ocr_line' id='line_1_80' title="bbox 323 4212 748 4353; baseline -0.002 -87"><span class='ocrx_word' id='word_1_588' title='bbox 323 4212 748 4353; x_wconf 45' lang='grc' dir='ltr'>γὰρῗηῖτοιὸνὲῖὲν.</span> 
     </span>
    </p>
   </div>
   <div class='ocr_carea' id='block_1_81' title="bbox 323 4351 678 4410">
    <p class='ocr_par' dir='ltr' id='par_1_81' title="bbox 323 4351 678 4410">
     <span class='ocr_line' id='line_1_81' title="bbox 323 4351 678 4410; baseline -0.003 0"><span class='ocrx_word' id='word_1_589' title='bbox 323 4351 678 4410; x_wconf 85' lang='lat' dir='ltr'><strong>Philostrato.</strong></span> 
     </span>
    </p>
   </div>
   <div class='ocr_carea' id='block_1_82' title="bbox 422 4421 1326 4491">
    <p class='ocr_par' dir='ltr' id='par_1_82' title="bbox 422 4421 1326 4491">
     <span class='ocr_line' id='line_1_82' title="bbox 422 4421 1326 4491; baseline -0.002 -14"><span class='ocrx_word' id='word_1_590' title='bbox 422 4423 510 4491; x_wconf 89' lang='lat'><strong>78)</strong></span> <span class='ocrx_word' id='word_1_591' title='bbox 547 4421 816 4491; x_wconf 82' lang='grc' dir='ltr'>Γνώμας.</span> <span class='ocrx_word' id='word_1_592' title='bbox 847 4421 1326 4487; x_wconf 73' lang='grc' dir='ltr'>Ρίιίιοειῐ.,δόξας.</span> 
     </span>
    </p>
   </div>
   <div class='ocr_carea' id='block_1_83' title="bbox 423 4489 1905 4561">
    <p class='ocr_par' dir='ltr' id='par_1_83' title="bbox 423 4489 1905 4561">
     <span class='ocr_line' id='line_1_83' title="bbox 423 4489 1905 4561; baseline -0.001 -15"><span class='ocrx_word' id='word_1_593' title='bbox 423 4489 510 4561; x_wconf 84' lang='grc'><strong>79)</strong></span> <span class='ocrx_word' id='word_1_594' title='bbox 557 4489 864 4561; x_wconf 63' lang='grc' dir='ltr'>Ἀρχύτας.</span> <span class='ocrx_word' id='word_1_595' title='bbox 915 4491 1047 4547; x_wconf 89' lang='lat' dir='ltr'><strong>Uter</strong></span> <span class='ocrx_word' id='word_1_596' title='bbox 1086 4494 1246 4547; x_wconf 87' lang='lat' dir='ltr'><strong>vero?</strong></span> <span class='ocrx_word' id='word_1_597' title='bbox 1289 4505 1413 4545; x_wconf 87' lang='lat' dir='ltr'><strong>nam</strong></span> <span class='ocrx_word' id='word_1_598' title='bbox 1461 4489 1572 4545; x_wconf 92' lang='lat' dir='ltr'><strong>duo</strong></span> <span class='ocrx_word' id='word_1_599' title='bbox 1614 4489 1785 4546; x_wconf 90' lang='lat' dir='ltr'><strong>fuisse</strong></span> <span class='ocrx_word' id='word_1_600' title='bbox 1821 4490 1905 4544; x_wconf 89' lang='lat' dir='ltr'><strong>vi-</strong></span> 
     </span>
    </p>
   </div>
   <div class='ocr_carea' id='block_1_84' title="bbox 322 4562 1906 4634">
    <p class='ocr_par' dir='ltr' id='par_1_84' title="bbox 322 4562 1906 4634">
     <span class='ocr_line' id='line_1_84' title="bbox 322 4562 1906 4634; baseline -0.005 -13"><span class='ocrx_word' id='word_1_601' title='bbox 322 4562 523 4621; x_wconf 82' lang='lat' dir='ltr'><strong>dentur</strong></span> <span class='ocrx_word' id='word_1_602' title='bbox 556 4565 610 4618; x_wconf 95' lang='lat' dir='ltr'><strong>in</strong></span> <span class='ocrx_word' id='word_1_603' title='bbox 643 4564 959 4634; x_wconf 66' lang='lat' dir='ltr'><strong>Pythagora}</strong></span> <span class='ocrx_word' id='word_1_604' title='bbox 1001 4563 1237 4634; x_wconf 83' lang='grc' dir='ltr'>διαδοχῇ.</span> <span class='ocrx_word' id='word_1_605' title='bbox 1274 4563 1426 4616; x_wconf 87' lang='lat' dir='ltr'><strong>Alter</strong></span> <span class='ocrx_word' id='word_1_606' title='bbox 1463 4562 1557 4634; x_wconf 83' lang='lat' dir='ltr'><strong>qui</strong></span> <span class='ocrx_word' id='word_1_607' title='bbox 1603 4562 1783 4634; x_wconf 80' lang='lat' dir='ltr'><strong>ipsum</strong></span> <span class='ocrx_word' id='word_1_608' title='bbox 1813 4575 1906 4634; x_wconf 85' lang='lat' dir='ltr'><strong>au-</strong></span> 
     </span>
    </p>
   </div>
   <div class='ocr_carea' id='block_1_85' title="bbox 323 4630 1900 4706">
    <p class='ocr_par' dir='ltr' id='par_1_85' title="bbox 323 4630 1900 4706">
     <span class='ocr_line' id='line_1_85' title="bbox 323 4630 1900 4706; baseline -0.006 -14"><span class='ocrx_word' id='word_1_609' title='bbox 323 4635 460 4692; x_wconf 88' lang='lat' dir='ltr'><strong>divit</strong></span> <span class='ocrx_word' id='word_1_610' title='bbox 492 4630 885 4706; x_wconf 52' lang='lat' dir='ltr'><strong>Pythag&#39;oram,</strong></span> <span class='ocrx_word' id='word_1_611' title='bbox 921 4630 1216 4706; x_wconf 50' lang='lat' dir='ltr'><strong>Jamblic&#39;l&#39;j;</strong></span> <span class='ocrx_word' id='word_1_612' title='bbox 1252 4634 1288 4688; x_wconf 92' lang='lat' dir='ltr'><strong>l.</strong></span> <span class='ocrx_word' id='word_1_613' title='bbox 1324 4647 1447 4706; x_wconf 35' lang='grc' dir='ltr'>ινα.</span> <span class='ocrx_word' id='word_1_614' title='bbox 1481 4630 1575 4706; x_wconf 61' lang='lat'><strong>2&#39;5,</strong></span> <span class='ocrx_word' id='word_1_615' title='bbox 1606 4630 1900 4706; x_wconf 49' lang='grc' dir='ltr'>ᾈΙαθητεύέ</span> 
     </span>
    </p>
   </div>
   <div class='ocr_carea' id='block_1_86' title="bbox 325 4702 1905 4777">
    <p class='ocr_par' dir='ltr' id='par_1_86' title="bbox 325 4702 1905 4777">
     <span class='ocr_line' id='line_1_86' title="bbox 325 4702 1905 4777; baseline -0.003 -19"><span class='ocrx_word' id='word_1_616' title='bbox 325 4702 648 4777; x_wconf 73' lang='grc' dir='ltr'>σαντες’τῴ</span> <span class='ocrx_word' id='word_1_617' title='bbox 673 4703 965 4777; x_wconf 57' lang='grc' dir='ltr'>Πυθαγόρα</span> <span class='ocrx_word' id='word_1_618' title='bbox 1013 4704 1294 4777; x_wconf 79' lang='grc' dir='ltr'>πρεσϐύτῃ</span> <span class='ocrx_word' id='word_1_619' title='bbox 1337 4703 1469 4777; x_wconf 33' lang='grc' dir='ltr'>νέο-ι-</span> <span class='ocrx_word' id='word_1_620' title='bbox 1494 4702 1766 4777; x_wconf 76' lang='grc' dir='ltr'>Φιλόλαος,</span> <span class='ocrx_word' id='word_1_621' title='bbox 1810 4703 1905 4756; x_wconf 76' lang='grc' dir='ltr'>καὶ</span> 
     </span>
    </p>
   </div>
   <div class='ocr_carea' id='block_1_87' title="bbox 322 4773 1904 4848">
    <p class='ocr_par' dir='ltr' id='par_1_87' title="bbox 322 4773 1904 4848">
     <span class='ocr_line' id='line_1_87' title="bbox 322 4773 1904 4848; baseline -0.001 -20"><span class='ocrx_word' id='word_1_622' title='bbox 322 4775 582 4848; x_wconf 65' lang='grc' dir='ltr'>ξὶῠρυτος,</span> <span class='ocrx_word' id='word_1_623' title='bbox 622 4773 728 4848; x_wconf 57' lang='grc' dir='ltr'>καὶ.</span> <span class='ocrx_word' id='word_1_624' title='bbox 773 4773 1215 4848; x_wconf 45' lang='grc' dir='ltr'>Ἀρχύταςτεῤ</span> <span class='ocrx_word' id='word_1_625' title='bbox 1266 4773 1650 4847; x_wconf 72' lang='grc' dir='ltr'>πρεσϐύτερος.</span> <span class='ocrx_word' id='word_1_626' title='bbox 1682 4774 1904 4848; x_wconf 64' lang='lat' dir='ltr'><strong>_lﬂeque</strong></span> 
     </span>
    </p>
   </div>
   <div class='ocr_carea' id='block_1_88' title="bbox 323 4841 1904 4918">
    <p class='ocr_par' dir='ltr' id='par_1_88' title="bbox 323 4841 1904 4918">
     <span class='ocr_line' id='line_1_88' title="bbox 323 4841 1904 4918; baseline -0.003 -17"><span class='ocrx_word' id='word_1_627' title='bbox 323 4841 555 4918; x_wconf 84' lang='lat' dir='ltr'><strong>Philolai</strong></span> <span class='ocrx_word' id='word_1_628' title='bbox 586 4841 950 4918; x_wconf 12' lang='lat' dir='ltr'><strong>magisteﬁr‘,&#39;ut</strong></span> <span class='ocrx_word' id='word_1_629' title='bbox 976 4846 1125 4918; x_wconf 83' lang='lat' dir='ltr'><strong>apud</strong></span> <span class='ocrx_word' id='word_1_630' title='bbox 1148 4841 1437 4918; x_wconf 76' lang='lat' dir='ltr'><strong>Diogenem</strong></span> <span class='ocrx_word' id='word_1_631' title='bbox 1469 4841 1574 4918; x_wconf 78' lang='lat' dir='ltr'><strong>est,</strong></span> <span class='ocrx_word' id='word_1_632' title='bbox 1600 4844 1693 4914; x_wconf 91' lang='lat' dir='ltr'><strong>qui</strong></span> <span class='ocrx_word' id='word_1_633' title='bbox 1725 4841 1904 4918; x_wconf 80' lang='lat' dir='ltr'><strong>Philo-</strong></span> 
     </span>
    </p>
   </div>
   <div class='ocr_carea' id='block_1_89' title="bbox 321 4913 1898 4986">
    <p class='ocr_par' dir='ltr' id='par_1_89' title="bbox 321 4913 1898 4986">
     <span class='ocr_line' id='line_1_89' title="bbox 321 4913 1898 4986; baseline -0.003 -15"><span class='ocrx_word' id='word_1_634' title='bbox 321 4917 444 4986; x_wconf 78' lang='lat' dir='ltr'><strong>laus</strong></span> <span class='ocrx_word' id='word_1_635' title='bbox 476 4913 1066 4986; x_wconf 28' lang='lat' dir='ltr'><strong>primus’Pythagorica</strong></span> <span class='ocrx_word' id='word_1_636' title='bbox 1095 4913 1347 4986; x_wconf 76' lang='lat' dir='ltr'><strong>dogmata</strong></span> <span class='ocrx_word' id='word_1_637' title='bbox 1383 4913 1898 4986; x_wconf 31' lang='lat' dir='ltr'><strong>scriptis’prodidit.</strong></span> 
     </span>
    </p>
   </div>
   <div class='ocr_carea' id='block_1_90' title="bbox 323 4984 1902 5058">
    <p class='ocr_par' dir='ltr' id='par_1_90' title="bbox 323 4984 1902 5058">
     <span class='ocr_line' id='line_1_90' title="bbox 323 4984 1902 5058; baseline -0.004 -15"><span class='ocrx_word' id='word_1_638' title='bbox 323 4985 396 5043; x_wconf 87' lang='lat' dir='ltr'><strong>Ut</strong></span> <span class='ocrx_word' id='word_1_639' title='bbox 440 4984 764 5058; x_wconf 67' lang='lat' dir='ltr'><strong>posterioris</strong></span> <span class='ocrx_word' id='word_1_640' title='bbox 808 4984 1063 5058; x_wconf 73' lang='lat' dir='ltr'><strong>Archyta:</strong></span> <span class='ocrx_word' id='word_1_641' title='bbox 1100 4984 1333 5058; x_wconf 80' lang='lat' dir='ltr'><strong>alicujus</strong></span> <span class='ocrx_word' id='word_1_642' title='bbox 1371 4984 1810 5058; x_wconf 22' lang='lat' dir='ltr'><strong>esseioporteat,</strong></span> <span class='ocrx_word' id='word_1_643' title='bbox 1853 4984 1902 5038; x_wconf 88' lang='lat' dir='ltr'><strong>si</strong></span> 
     </span>
    </p>
   </div>
   <div class='ocr_carea' id='block_1_91' title="bbox 321 5055 1903 5128">
    <p class='ocr_par' dir='ltr' id='par_1_91' title="bbox 321 5055 1903 5128">
     <span class='ocr_line' id='line_1_91' title="bbox 321 5055 1903 5128; baseline -0.001 -17"><span class='ocrx_word' id='word_1_644' title='bbox 321 5055 573 5128; x_wconf 57' lang='lat' dir='ltr'><strong>quae&#39;sint</strong></span> <span class='ocrx_word' id='word_1_645' title='bbox 602 5055 971 5128; x_wconf 75' lang='lat' dir='ltr'><strong>Pythagorica</strong></span> <span class='ocrx_word' id='word_1_646' title='bbox 986 5058 1210 5127; x_wconf 84' lang='lat' dir='ltr'><strong>scripta.</strong></span> <span class='ocrx_word' id='word_1_647' title='bbox 1237 5055 1903 5128; x_wconf 78' lang='lat' dir='ltr'><strong>Posteriorismeminisse</strong></span> 
     </span>
    </p>
   </div>
   <div class='ocr_carea' id='block_1_92' title="bbox 325 5125 1904 5200">
    <p class='ocr_par' dir='ltr' id='par_1_92' title="bbox 325 5125 1904 5200">
     <span class='ocr_line' id='line_1_92' title="bbox 325 5125 1904 5200; baseline 0 -23"><span class='ocrx_word' id='word_1_648' title='bbox 325 5125 536 5200; x_wconf 53' lang='lat' dir='ltr'><strong>videtur</strong></span> <span class='ocrx_word' id='word_1_649' title='bbox 556 5127 699 5200; x_wconf 83' lang='lat' dir='ltr'><strong>apud</strong></span> <span class='ocrx_word' id='word_1_650' title='bbox 723 5125 975 5200; x_wconf 78' lang='lat' dir='ltr'><strong>Photium</strong></span> <span class='ocrx_word' id='word_1_651' title='bbox 999 5125 1339 5200; x_wconf 80' lang='lat' dir='ltr'><strong>Anonymus,</strong></span> <span class='ocrx_word' id='word_1_652' title='bbox 1356 5126 1578 5200; x_wconf 72' lang='grc' dir='ltr'>ἔννατον</span> <span class='ocrx_word' id='word_1_653' title='bbox 1600 5125 1708 5179; x_wconf 81' lang='grc' dir='ltr'><strong>ἀπὸ</strong></span> <span class='ocrx_word' id='word_1_654' title='bbox 1733 5125 1904 5200; x_wconf 80' lang='grc' dir='ltr'>Πυθα-</span> 
     </span>
    </p>
   </div>
   <div class='ocr_carea' id='block_1_93' title="bbox 321 5196 1902 5271">
    <p class='ocr_par' dir='ltr' id='par_1_93' title="bbox 321 5196 1902 5271">
     <span class='ocr_line' id='line_1_93' title="bbox 321 5196 1902 5271; baseline -0.001 -21"><span class='ocrx_word' id='word_1_655' title='bbox 321 5197 485 5271; x_wconf 86' lang='grc' dir='ltr'>γόρου</span> <span class='ocrx_word' id='word_1_656' title='bbox 497 5196 740 5271; x_wconf 76' lang='grc' dir='ltr'>διάδοχον</span> <span class='ocrx_word' id='word_1_657' title='bbox 757 5198 1022 5271; x_wconf 75' lang='grc' dir='ltr'>Πλάτωνα</span> <span class='ocrx_word' id='word_1_658' title='bbox 1030 5196 1306 5271; x_wconf 83' lang='grc' dir='ltr'>γεγονέναι</span> <span class='ocrx_word' id='word_1_659' title='bbox 1325 5197 1581 5269; x_wconf 84' lang='grc' dir='ltr'>Ἀρχύτου</span> <span class='ocrx_word' id='word_1_660' title='bbox 1601 5196 1902 5271; x_wconf 67' lang='grc' dir='ltr'>πρεσϐυτέο</span> 
     </span>
    </p>
   </div>
   <div class='ocr_carea' id='block_1_94' title="bbox 327 5267 1901 5341">
    <p class='ocr_par' dir='ltr' id='par_1_94' title="bbox 327 5267 1901 5341">
     <span class='ocr_line' id='line_1_94' title="bbox 327 5267 1901 5341; baseline -0.001 -20"><span class='ocrx_word' id='word_1_661' title='bbox 327 5267 418 5341; x_wconf 70' lang='lat' dir='ltr'><strong>pob</strong></span> <span class='ocrx_word' id='word_1_662' title='bbox 445 5267 690 5341; x_wconf 66' lang='grc' dir='ltr'>μαθητήν</span> <span class='ocrx_word' id='word_1_663' title='bbox 710 5268 980 5341; x_wconf 80' lang='lat' dir='ltr'><strong>inquiens.</strong></span> <span class='ocrx_word' id='word_1_664' title='bbox 1009 5267 1554 5340; x_wconf 80' lang='lat' dir='ltr'><strong>UtArchytainillum</strong></span> <span class='ocrx_word' id='word_1_665' title='bbox 1579 5267 1901 5341; x_wconf 86' lang='lat' dir='ltr'><strong>octavumin</strong></span> 
     </span>
    </p>
   </div>
   <div class='ocr_carea' id='block_1_95' title="bbox 321 5337 1899 5410">
    <p class='ocr_par' dir='ltr' id='par_1_95' title="bbox 321 5337 1899 5410">
     <span class='ocr_line' id='line_1_95' title="bbox 321 5337 1899 5410; baseline -0.003 -17"><span class='ocrx_word' id='word_1_666' title='bbox 321 5337 383 5393; x_wconf 81' lang='lat' dir='ltr'><strong>ea</strong></span> <span class='ocrx_word' id='word_1_667' title='bbox 400 5337 748 5410; x_wconf 82' lang='lat' dir='ltr'><strong>succeSSione</strong></span> <span class='ocrx_word' id='word_1_668' title='bbox 766 5340 932 5410; x_wconf 81' lang='lat' dir='ltr'><strong>fuisse</strong></span> <span class='ocrx_word' id='word_1_669' title='bbox 949 5347 1217 5410; x_wconf 89' lang='lat' dir='ltr'><strong>oporteat,</strong></span> <span class='ocrx_word' id='word_1_670' title='bbox 1231 5337 1504 5405; x_wconf 68' lang='lat' dir='ltr'><strong>iuniorem</strong></span> <span class='ocrx_word' id='word_1_671' title='bbox 1523 5339 1724 5410; x_wconf 77' lang='lat' dir='ltr'><strong>priore,</strong></span> <span class='ocrx_word' id='word_1_672' title='bbox 1738 5352 1899 5410; x_wconf 85' lang='lat' dir='ltr'><strong>quem</strong></span> 
     </span>
    </p>
   </div>
   <div class='ocr_carea' id='block_1_96' title="bbox 323 5406 1902 5479">
    <p class='ocr_par' dir='ltr' id='par_1_96' title="bbox 323 5406 1902 5479">
     <span class='ocr_line' id='line_1_96' title="bbox 323 5406 1902 5479; baseline -0.003 -17"><span class='ocrx_word' id='word_1_673' title='bbox 323 5410 428 5479; x_wconf 90' lang='lat' dir='ltr'><strong>ipsi</strong></span> <span class='ocrx_word' id='word_1_674' title='bbox 475 5408 796 5478; x_wconf 65' lang='lat' dir='ltr'><strong>Pythagorae</strong></span> <span class='ocrx_word' id='word_1_675' title='bbox 847 5406 1066 5464; x_wconf 65' lang='lat' dir='ltr'><strong>Tarenti</strong></span> <span class='ocrx_word' id='word_1_676' title='bbox 1099 5411 1438 5466; x_wconf 86' lang='lat' dir='ltr'><strong>successisse</strong></span> <span class='ocrx_word' id='word_1_677' title='bbox 1501 5406 1637 5462; x_wconf 77' lang='lat' dir='ltr'><strong>dicit</strong></span> <span class='ocrx_word' id='word_1_678' title='bbox 1671 5406 1902 5462; x_wconf 77' lang='lat' dir='ltr'><strong>Jariibli-</strong></span> 
     </span>
    </p>
   </div>
   <div class='ocr_carea' id='block_1_97' title="bbox 321 5479 1902 5551">
    <p class='ocr_par' dir='ltr' id='par_1_97' title="bbox 321 5479 1902 5551">
     <span class='ocr_line' id='line_1_97' title="bbox 321 5479 1902 5551; baseline -0.003 -17"><span class='ocrx_word' id='word_1_679' title='bbox 321 5481 496 5551; x_wconf 66' lang='grc' dir='ltr'><strong>(ιιιιιειἈ</strong></span> <span class='ocrx_word' id='word_1_680' title='bbox 527 5479 891 5551; x_wconf 83' lang='lat' dir='ltr'><strong>Quamobrem</strong></span> <span class='ocrx_word' id='word_1_681' title='bbox 952 5481 1098 5550; x_wconf 86' lang='lat' dir='ltr'><strong>apud</strong></span> <span class='ocrx_word' id='word_1_682' title='bbox 1159 5479 1439 5551; x_wconf 85' lang='lat' dir='ltr'><strong>Photium_</strong></span> <span class='ocrx_word' id='word_1_683' title='bbox 1467 5480 1732 5551; x_wconf 82' lang='grc' dir='ltr'>νεωτέρου</span> <span class='ocrx_word' id='word_1_684' title='bbox 1801 5492 1902 5551; x_wconf 88' lang='lat' dir='ltr'><strong>pro</strong></span> 
     </span>
    </p>
   </div>
   <div class='ocr_carea' id='block_1_98' title="bbox 319 5548 1903 5692">
    <p class='ocr_par' dir='ltr' id='par_1_98' title="bbox 319 5548 1903 5692">
     <span class='ocr_line' id='line_1_98' title="bbox 321 5548 1903 5626; baseline -0.001 -22"><span class='ocrx_word' id='word_1_685' title='bbox 321 5548 688 5626; x_wconf 70' lang='grc' dir='ltr'><strong>⁸πρεσϐυτέρου</strong></span> <span class='ocrx_word' id='word_1_686' title='bbox 724 5551 826 5620; x_wconf 78' lang='lat' dir='ltr'><strong>legi</strong></span> <span class='ocrx_word' id='word_1_687' title='bbox 856 5548 1059 5606; x_wconf 75' lang='lat' dir='ltr'><strong>maliin.</strong></span> <span class='ocrx_word' id='word_1_688' title='bbox 1091 5553 1233 5605; x_wconf 86' lang='lat' dir='ltr'><strong>Sane</strong></span> <span class='ocrx_word' id='word_1_689' title='bbox 1265 5553 1383 5622; x_wconf 89' lang='lat' dir='ltr'><strong>ipse</strong></span> <span class='ocrx_word' id='word_1_690' title='bbox 1411 5548 1781 5604; x_wconf 69' lang='lat' dir='ltr'><strong>Philostratus</strong></span> <span class='ocrx_word' id='word_1_691' title='bbox 1813 5549 1903 5603; x_wconf 85' lang='lat' dir='ltr'><strong>hic</strong></span> 
     </span>
     <span class='ocr_line' id='line_1_99' title="bbox 319 5617 1899 5692; baseline -0.002 -19"><span class='ocrx_word' id='word_1_692' title='bbox 319 5621 573 5692; x_wconf 72' lang='lat' dir='ltr'><strong>Archytae</strong></span> <span class='ocrx_word' id='word_1_693' title='bbox 629 5617 957 5692; x_wconf 80' lang='lat' dir='ltr'><strong>Philolaum,</strong></span> <span class='ocrx_word' id='word_1_694' title='bbox 1001 5632 1262 5692; x_wconf 90' lang='lat' dir='ltr'><strong>tanquam</strong></span> <span class='ocrx_word' id='word_1_695' title='bbox 1307 5621 1899 5692; x_wconf 75' lang='lat' dir='ltr'><strong>posterioripriorem,</strong></span> 
     </span>
    </p>
   </div>
   <div class='ocr_carea' id='block_1_99' title="bbox 321 5639 1902 5765">
    <p class='ocr_par' dir='ltr' id='par_1_99' title="bbox 321 5639 1902 5765">
     <span class='ocr_line' id='line_1_100' title="bbox 321 5639 1899 5692; baseline -0.002 -19"><span class='ocrx_word' id='word_1_696' title='bbox 321 5639 573 5692; x_wconf 64' lang='grc' dir='ltr'>λιι-ειιγιω</span> <span class='ocrx_word' id='word_1_697' title='bbox 629 5639 957 5682; x_wconf 77' lang='lat' dir='ltr'><strong>rnumaum,</strong></span> <span class='ocrx_word' id='word_1_698' title='bbox 1001 5639 1262 5692; x_wconf 84' lang='lat' dir='ltr'><strong>tanquam</strong></span> <span class='ocrx_word' id='word_1_699' title='bbox 1307 5639 1596 5690; x_wconf 76' lang='lat' dir='ltr'><strong>pOSlel&#39;lOl&#39;l</strong></span> <span class='ocrx_word' id='word_1_700' title='bbox 1637 5639 1899 5689; x_wconf 76' lang='lat' dir='ltr'><strong>pl‘lOl&#39;Clﬂ,</strong></span> 
     </span>
     <span class='ocr_line' id='line_1_101' title="bbox 321 5687 1902 5765; baseline -0.001 -19"><span class='ocrx_word' id='word_1_701' title='bbox 321 5705 596 5764; x_wconf 86' lang='lat' dir='ltr'><strong>opponere</strong></span> <span class='ocrx_word' id='word_1_702' title='bbox 623 5691 854 5747; x_wconf 90' lang='lat' dir='ltr'><strong>videtur.</strong></span> <span class='ocrx_word' id='word_1_703' title='bbox 877 5688 1123 5750; x_wconf 83' lang='lat' dir='ltr'><strong>Junioris</strong></span> <span class='ocrx_word' id='word_1_704' title='bbox 1145 5708 1274 5749; x_wconf 89' lang='lat' dir='ltr'><strong>vero</strong></span> <span class='ocrx_word' id='word_1_705' title='bbox 1294 5692 1546 5765; x_wconf 71' lang='lat' dir='ltr'><strong>Archyta:</strong></span> <span class='ocrx_word' id='word_1_706' title='bbox 1572 5691 1742 5747; x_wconf 87' lang='lat' dir='ltr'><strong>vitam</strong></span> <span class='ocrx_word' id='word_1_707' title='bbox 1772 5687 1902 5744; x_wconf 79' lang='lat' dir='ltr'><strong>Dio-</strong></span> 
     </span>
    </p>
   </div>
   <div class='ocr_carea' id='block_1_100' title="bbox 750 4277 1904 4350">
    <p class='ocr_par' dir='ltr' id='par_1_100' title="bbox 750 4277 1904 4350">
     <span class='ocr_line' id='line_1_102' title="bbox 750 4277 1904 4350; baseline -0.003 -14"><span class='ocrx_word' id='word_1_708' title='bbox 750 4282 1110 4350; x_wconf 77' lang='grc' dir='ltr'>Ἠρακλείας.</span> <span class='ocrx_word' id='word_1_709' title='bbox 1153 4281 1242 4348; x_wconf 80' lang='grc' dir='ltr'><strong>Ἐξ</strong></span> <span class='ocrx_word' id='word_1_710' title='bbox 1267 4279 1558 4346; x_wconf 88' lang='lat' dir='ltr'><strong>omissum,</strong></span> <span class='ocrx_word' id='word_1_711' title='bbox 1587 4277 1805 4336; x_wconf 88' lang='lat' dir='ltr'><strong>restitui</strong></span> <span class='ocrx_word' id='word_1_712' title='bbox 1836 4293 1904 4335; x_wconf 81' lang='lat' dir='ltr'><strong>ex</strong></span> 
     </span>
    </p>
   </div>
   <div class='ocr_carea' id='block_1_101' title="bbox 1937 4387 1986 4445">
    <p class='ocr_par' dir='ltr' id='par_1_101' title="bbox 1937 4387 1986 4445">
     <span class='ocr_line' id='line_1_103' title="bbox 1937 4387 1986 4445; baseline 0 0"><span class='ocrx_word' id='word_1_713' title='bbox 1937 4387 1986 4445; x_wconf 88' lang='lat' dir='ltr'><strong>D</strong></span> 
     </span>
    </p>
   </div>
   <div class='ocr_carea' id='block_1_102' title="bbox 2544 3760 3068 3819">
    <p class='ocr_par' dir='ltr' id='par_1_102' title="bbox 2544 3760 3068 3819">
     <span class='ocr_line' id='line_1_104' title="bbox 2544 3760 3068 3819; baseline 0.004 -2"><span class='ocrx_word' id='word_1_714' title='bbox 2544 3760 2939 3817; x_wconf 78' lang='grc' dir='ltr'><strong>ΚΕΦΑΛΑΙΟΝ</strong></span> <span class='ocrx_word' id='word_1_715' title='bbox 2968 3761 3068 3819; x_wconf 66' lang='grc' dir='ltr'>[Β.</span> 
     </span>
    </p>
   </div>
   <div class='ocr_carea' id='block_1_103' title="bbox 2084 3853 3616 3932">
    <p class='ocr_par' dir='ltr' id='par_1_103' title="bbox 2084 3853 3616 3932">
     <span class='ocr_line' id='line_1_105' title="bbox 2084 3853 3616 3932; baseline 0 -22"><span class='ocrx_word' id='word_1_716' title='bbox 2084 3857 2252 3911; x_wconf 78' lang='grc' dir='ltr'>Οὗπω</span> <span class='ocrx_word' id='word_1_717' title='bbox 2287 3875 2376 3929; x_wconf 88' lang='grc' dir='ltr'><strong>μοι</strong></span> <span class='ocrx_word' id='word_1_718' title='bbox 2420 3856 2517 3911; x_wconf 80' lang='grc' dir='ltr'>τοῦ</span> <span class='ocrx_word' id='word_1_719' title='bbox 2563 3857 2834 3927; x_wconf 86' lang='grc' dir='ltr'>Πρωτέως</span> <span class='ocrx_word' id='word_1_720' title='bbox 2863 3855 2925 3908; x_wconf 84' lang='grc' dir='ltr'>τὸ</span> <span class='ocrx_word' id='word_1_721' title='bbox 2971 3853 3164 3926; x_wconf 78' lang='grc' dir='ltr'>φάσμα</span> <span class='ocrx_word' id='word_1_722' title='bbox 3211 3855 3616 3932; x_wconf 78' lang='grc' dir='ltr'>πολυπραγμο-</span> 
     </span>
    </p>
   </div>
   <div class='ocr_carea' id='block_1_104' title="bbox 2013 4064 3614 4137">
    <p class='ocr_par' dir='ltr' id='par_1_104' title="bbox 2013 4064 3614 4137">
     <span class='ocr_line' id='line_1_106' title="bbox 2013 4064 3614 4137; baseline 0.004 -15"><span class='ocrx_word' id='word_1_723' title='bbox 2013 4082 2181 4137; x_wconf 83' lang='lat' dir='ltr'><strong>genes</strong></span> <span class='ocrx_word' id='word_1_724' title='bbox 2209 4065 2456 4137; x_wconf 86' lang='lat' dir='ltr'><strong>scripsit.</strong></span> <span class='ocrx_word' id='word_1_725' title='bbox 2479 4064 2829 4137; x_wconf 46' lang='lat' dir='ltr'><strong>Scriptaque</strong></span> <span class='ocrx_word' id='word_1_726' title='bbox 2870 4064 2992 4136; x_wconf 91' lang='lat' dir='ltr'><strong>ejus</strong></span> <span class='ocrx_word' id='word_1_727' title='bbox 3030 4067 3202 4130; x_wconf 86' lang='lat' dir='ltr'><strong>varia,</strong></span> <span class='ocrx_word' id='word_1_728' title='bbox 3239 4067 3308 4121; x_wconf 90' lang='lat' dir='ltr'><strong>ad</strong></span> <span class='ocrx_word' id='word_1_729' title='bbox 3345 4084 3468 4136; x_wconf 72' lang='lat' dir='ltr'><strong>qua:</strong></span> <span class='ocrx_word' id='word_1_730' title='bbox 3515 4071 3614 4130; x_wconf 81' lang='lat' dir='ltr'><strong>hic</strong></span> 
     </span>
    </p>
   </div>
   <div class='ocr_carea' id='block_1_105' title="bbox 2013 4134 3610 4210">
    <p class='ocr_par' dir='ltr' id='par_1_105' title="bbox 2013 4134 3610 4210">
     <span class='ocr_line' id='line_1_107' title="bbox 2013 4134 3610 4210; baseline 0.004 -19"><span class='ocrx_word' id='word_1_731' title='bbox 2013 4134 2244 4210; x_wconf 77' lang='lat' dir='ltr'><strong>digitum</strong></span> <span class='ocrx_word' id='word_1_732' title='bbox 2280 4134 2514 4210; x_wconf 76' lang='lat' dir='ltr'><strong>intendit</strong></span> <span class='ocrx_word' id='word_1_733' title='bbox 2553 4134 2844 4210; x_wconf 69' lang='lat' dir='ltr'><strong>Eusebius,</strong></span> <span class='ocrx_word' id='word_1_734' title='bbox 2896 4134 3066 4210; x_wconf 77' lang='lat' dir='ltr'><strong>habes</strong></span> <span class='ocrx_word' id='word_1_735' title='bbox 3110 4138 3254 4210; x_wconf 87' lang='lat' dir='ltr'><strong>apud</strong></span> <span class='ocrx_word' id='word_1_736' title='bbox 3289 4134 3610 4210; x_wconf 76' lang='lat' dir='ltr'><strong>Ménagium</strong></span> 
     </span>
    </p>
   </div>
   <div class='ocr_carea' id='block_1_106' title="bbox 2011 4205 3612 4278">
    <p class='ocr_par' dir='ltr' id='par_1_106' title="bbox 2011 4205 3612 4278">
     <span class='ocr_line' id='line_1_108' title="bbox 2011 4205 3612 4278; baseline 0.006 -19"><span class='ocrx_word' id='word_1_737' title='bbox 2011 4205 2097 4278; x_wconf 19' lang='lat' dir='ltr'><strong>adi</strong></span> <span class='ocrx_word' id='word_1_738' title='bbox 2117 4207 2339 4277; x_wconf 87' lang='lat' dir='ltr'><strong>Diogen.</strong></span> <span class='ocrx_word' id='word_1_739' title='bbox 2373 4205 2556 4278; x_wconf 74' lang='lat' dir='ltr'><strong>Laert.</strong></span> <span class='ocrx_word' id='word_1_740' title='bbox 2588 4207 2682 4261; x_wconf 88' lang='lat' dir='ltr'><strong>lib.</strong></span> <span class='ocrx_word' id='word_1_741' title='bbox 2709 4222 2838 4278; x_wconf 76' lang='lat' dir='ltr'><strong>vui,</strong></span> <span class='ocrx_word' id='word_1_742' title='bbox 2867 4223 2916 4261; x_wconf 92' lang='lat' dir='ltr'><strong>s.</strong></span> <span class='ocrx_word' id='word_1_743' title='bbox 2943 4208 3035 4278; x_wconf 78' lang='lat'><strong>80.</strong></span> <span class='ocrx_word' id='word_1_744' title='bbox 3067 4205 3291 4278; x_wconf 60' lang='lat' dir='ltr'><strong>quibus</strong></span> <span class='ocrx_word' id='word_1_745' title='bbox 3316 4205 3612 4268; x_wconf 74' lang='lat' dir='ltr'><strong>addendus</strong></span> 
     </span>
    </p>
   </div>
   <div class='ocr_carea' id='block_1_107' title="bbox 2012 4277 3613 4349">
    <p class='ocr_par' dir='ltr' id='par_1_107' title="bbox 2012 4277 3613 4349">
     <span class='ocr_line' id='line_1_109' title="bbox 2012 4277 3613 4349; baseline 0.003 -19"><span class='ocrx_word' id='word_1_746' title='bbox 2012 4277 2228 4333; x_wconf 90' lang='lat' dir='ltr'><strong>videtur</strong></span> <span class='ocrx_word' id='word_1_747' title='bbox 2261 4278 2398 4332; x_wconf 88' lang='lat' dir='ltr'><strong>liber</strong></span> <span class='ocrx_word' id='word_1_748' title='bbox 2423 4277 2816 4349; x_wconf 50' lang='lat' dir='ltr'><strong>Hepljzaldw&#39;r</strong></span> <span class='ocrx_word' id='word_1_749' title='bbox 2836 4277 3093 4349; x_wconf 74' lang='grc' dir='ltr'>ἀγωγῆς,</span> <span class='ocrx_word' id='word_1_750' title='bbox 3125 4279 3229 4349; x_wconf 88' lang='lat' dir='ltr'><strong>ipsi</strong></span> <span class='ocrx_word' id='word_1_751' title='bbox 3265 4277 3613 4339; x_wconf 82' lang='lat' dir='ltr'><strong>Philostrato</strong></span> 
     </span>
    </p>
   </div>
   <div class='ocr_carea' id='block_1_108' title="bbox 2013 4347 3277 4417">
    <p class='ocr_par' dir='ltr' id='par_1_108' title="bbox 2013 4347 3277 4417">
     <span class='ocr_line' id='line_1_110' title="bbox 2013 4347 3277 4417; baseline 0.002 -17"><span class='ocrx_word' id='word_1_752' title='bbox 2013 4349 2298 4417; x_wconf 87' lang='lat' dir='ltr'><strong>allegatus,</strong></span> <span class='ocrx_word' id='word_1_753' title='bbox 2331 4349 2425 4401; x_wconf 93' lang='lat' dir='ltr'><strong>lib.</strong></span> <span class='ocrx_word' id='word_1_754' title='bbox 2458 4363 2512 4402; x_wconf 80' lang='lat' dir='ltr'><strong>vr</strong></span> <span class='ocrx_word' id='word_1_755' title='bbox 2547 4347 2622 4400; x_wconf 88' lang='lat' dir='ltr'><strong>De</strong></span> <span class='ocrx_word' id='word_1_756' title='bbox 2650 4349 2758 4401; x_wconf 81' lang='lat' dir='ltr'><strong>vita</strong></span> <span class='ocrx_word' id='word_1_757' title='bbox 2795 4347 3066 4415; x_wconf 78' lang='lat' dir='ltr'><strong>Apollon.,</strong></span> <span class='ocrx_word' id='word_1_758' title='bbox 3097 4347 3162 4403; x_wconf 52' lang='lat' dir='ltr'><strong>cf</strong></span> <span class='ocrx_word' id='word_1_759' title='bbox 3186 4350 3277 4404; x_wconf 78' lang='lat'><strong>3|.</strong></span> 
     </span>
    </p>
   </div>
   <div class='ocr_carea' id='block_1_109' title="bbox 2085 4417 3612 4488">
    <p class='ocr_par' dir='ltr' id='par_1_109' title="bbox 2085 4417 3612 4488">
     <span class='ocr_line' id='line_1_111' title="bbox 2085 4417 3612 4488; baseline 0.005 -16"><span class='ocrx_word' id='word_1_760' title='bbox 2085 4419 2196 4488; x_wconf 78' lang='lat'>(80)</span> <span class='ocrx_word' id='word_1_761' title='bbox 2218 4417 2428 4486; x_wconf 71' lang='grc' dir='ltr'>Γραφῇ</span> <span class='ocrx_word' id='word_1_762' title='bbox 2450 4417 2754 4488; x_wconf 78' lang='grc' dir='ltr'>παραδοὺς</span> <span class='ocrx_word' id='word_1_763' title='bbox 2766 4422 2922 4488; x_wconf 78' lang='grc' dir='ltr'>ὀμιλ.</span> <span class='ocrx_word' id='word_1_764' title='bbox 2935 4421 3271 4485; x_wconf 76' lang='grc' dir='ltr'>,Φιλόλαος.</span> <span class='ocrx_word' id='word_1_765' title='bbox 3291 4417 3487 4477; x_wconf 84' lang='lat' dir='ltr'><strong>Simile</strong></span> <span class='ocrx_word' id='word_1_766' title='bbox 3501 4423 3612 4480; x_wconf 86' lang='lat' dir='ltr'><strong>hoc</strong></span> 
     </span>
    </p>
   </div>
   <div class='ocr_carea' id='block_1_110' title="bbox 2011 4487 3612 4557">
    <p class='ocr_par' dir='ltr' id='par_1_110' title="bbox 2011 4487 3612 4557">
     <span class='ocr_line' id='line_1_112' title="bbox 2011 4487 3612 4557; baseline 0.004 -15"><span class='ocrx_word' id='word_1_767' title='bbox 2011 4504 2152 4557; x_wconf 91' lang='lat' dir='ltr'><strong>opus</strong></span> <span class='ocrx_word' id='word_1_768' title='bbox 2201 4489 2370 4542; x_wconf 79' lang='lat' dir='ltr'><strong>fuisse</strong></span> <span class='ocrx_word' id='word_1_769' title='bbox 2403 4489 2617 4542; x_wconf 79' lang='lat' dir='ltr'><strong>\idetur</strong></span> <span class='ocrx_word' id='word_1_770' title='bbox 2651 4487 2964 4554; x_wconf 85' lang='lat' dir='ltr'><strong>Epicteticis</strong></span> <span class='ocrx_word' id='word_1_771' title='bbox 2999 4491 3218 4543; x_wconf 84' lang='lat' dir='ltr'><strong>Arriani</strong></span> <span class='ocrx_word' id='word_1_772' title='bbox 3253 4492 3612 4548; x_wconf 83' lang='lat' dir='ltr'><strong>dissertatio-</strong></span> 
     </span>
    </p>
   </div>
   <div class='ocr_carea' id='block_1_111' title="bbox 2011 4557 3614 4634">
    <p class='ocr_par' dir='ltr' id='par_1_111' title="bbox 2011 4557 3614 4634">
     <span class='ocr_line' id='line_1_113' title="bbox 2011 4557 3614 4634; baseline 0.004 -21"><span class='ocrx_word' id='word_1_773' title='bbox 2011 4560 2199 4634; x_wconf 83' lang='lat' dir='ltr'><strong>nibu_s_,</strong></span> <span class='ocrx_word' id='word_1_774' title='bbox 2228 4561 2420 4634; x_wconf 81' lang='lat' dir='ltr'><strong>quales</strong></span> <span class='ocrx_word' id='word_1_775' title='bbox 2442 4557 2764 4634; x_wconf 76' lang='lat' dir='ltr'><strong>Py_t_ba_gor-.e</strong></span> <span class='ocrx_word' id='word_1_776' title='bbox 2785 4561 3203 4634; x_wconf 66' lang='lat' dir='ltr'><strong>dissertationes</strong></span> <span class='ocrx_word' id='word_1_777' title='bbox 3221 4563 3450 4632; x_wconf 86' lang='lat' dir='ltr'><strong>scripsit</strong></span> <span class='ocrx_word' id='word_1_778' title='bbox 3475 4581 3614 4634; x_wconf 59' lang='lat' dir='ltr'><strong>quo.</strong></span> 
     </span>
    </p>
   </div>
   <div class='ocr_carea' id='block_1_112' title="bbox 2012 4628 3605 4707">
    <p class='ocr_par' dir='ltr' id='par_1_112' title="bbox 2012 4628 3605 4707">
     <span class='ocr_line' id='line_1_114' title="bbox 2012 4628 3605 4707; baseline 0.003 -24"><span class='ocrx_word' id='word_1_779' title='bbox 2012 4646 2119 4707; x_wconf 84' lang='lat' dir='ltr'><strong>q_ue</strong></span> <span class='ocrx_word' id='word_1_780' title='bbox 2148 4629 2461 4707; x_wconf 75' lang='lat' dir='ltr'><strong>Moderatus</strong></span> <span class='ocrx_word' id='word_1_781' title='bbox 2493 4628 2855 4707; x_wconf 38' lang='lat' dir='ltr'><strong>;Ga_d_ita_nus._</strong></span> <span class='ocrx_word' id='word_1_782' title='bbox 2887 4629 2952 4686; x_wconf 87' lang='lat' dir='ltr'><strong>V.</strong></span> <span class='ocrx_word' id='word_1_783' title='bbox 2979 4628 3605 4707; x_wconf 64' lang='grc' dir='ltr'>διεριιοῃιιε-Γάδεῐρα·</span> 
     </span>
    </p>
   </div>
   <div class='ocr_carea' id='block_1_113' title="bbox 2010 4698 3606 4786">
    <p class='ocr_par' dir='ltr' id='par_1_113' title="bbox 2010 4698 3606 4786">
     <span class='ocr_line' id='line_1_115' title="bbox 2010 4698 3606 4786; baseline 0.004 -33"><span class='ocrx_word' id='word_1_784' title='bbox 2010 4700 2152 4782; x_wconf 50' lang='grc' dir='ltr'>οθτω</span> <span class='ocrx_word' id='word_1_785' title='bbox 2192 4700 2265 4786; x_wconf 50' lang='grc' dir='ltr'><strong>τά</strong></span> <span class='ocrx_word' id='word_1_786' title='bbox 2289 4701 2458 4786; x_wconf 59' lang='grc' dir='ltr'>πέντε</span> <span class='ocrx_word' id='word_1_787' title='bbox 2471 4698 2669 4786; x_wconf 42' lang='grc' dir='ltr'>θβιϐλία</span> <span class='ocrx_word' id='word_1_788' title='bbox 2699 4698 3119 4786; x_wconf 28' lang='grc' dir='ltr'>ὲππιγέγριαπταξῆ</span> <span class='ocrx_word' id='word_1_789' title='bbox 3147 4701 3256 4786; x_wconf 74' lang='grc' dir='ltr'>τῶν</span> <span class='ocrx_word' id='word_1_790' title='bbox 3287 4698 3606 4784; x_wconf 79' lang='grc' dir='ltr'>Πυθαγορι-</span> 
     </span>
    </p>
   </div>
   <div class='ocr_carea' id='block_1_114' title="bbox 2009 4769 3610 4915">
    <p class='ocr_par' dir='ltr' id='par_1_114' title="bbox 2009 4769 3610 4915">
     <span class='ocr_line' id='line_1_116' title="bbox 2010 4769 3610 4853; baseline 0.005 -29"><span class='ocrx_word' id='word_1_791' title='bbox 2010 4771 2122 4851; x_wconf 79' lang='grc' dir='ltr'>κῶν</span> <span class='ocrx_word' id='word_1_792' title='bbox 2153 4769 2355 4841; x_wconf 75' lang='grc' dir='ltr'>σχολῶν</span> <span class='ocrx_word' id='word_1_793' title='bbox 2381 4769 2703 4852; x_wconf 68' lang='grc' dir='ltr'>Μοδεράτου</span> <span class='ocrx_word' id='word_1_794' title='bbox 2722 4771 2760 4822; x_wconf 88' lang='grc' dir='ltr'><strong>Γ</strong></span> <span class='ocrx_word' id='word_1_795' title='bbox 2764 4772 3039 4852; x_wconf 73' lang='grc' dir='ltr'>αδειρέως.</span> <span class='ocrx_word' id='word_1_796' title='bbox 3080 4771 3352 4852; x_wconf 59' lang='lat' dir='ltr'><strong>caeterum</strong></span> <span class='ocrx_word' id='word_1_797' title='bbox 3390 4769 3610 4853; x_wconf 74' lang='lat' dir='ltr'><strong>primus</strong></span> 
     </span>
     <span class='ocr_line' id='line_1_117' title="bbox 2009 4839 3602 4915; baseline 0.004 -21"><span class='ocrx_word' id='word_1_798' title='bbox 2009 4839 2292 4915; x_wconf 65' lang='lat' dir='ltr'><strong>Philolaus</strong></span> <span class='ocrx_word' id='word_1_799' title='bbox 2321 4841 2441 4915; x_wconf 62' lang='lat' dir='ltr'><strong>fuit,</strong></span> <span class='ocrx_word' id='word_1_800' title='bbox 2472 4840 3315 4915; x_wconf 52' lang='lat' dir='ltr'><strong>quiPythagorica_publtcaVJt:</strong></span> <span class='ocrx_word' id='word_1_801' title='bbox 3347 4842 3602 4915; x_wconf 82' lang='lat' dir='ltr'><strong>Diogen.,</strong></span> 
     </span>
    </p>
   </div>
   <div class='ocr_carea' id='block_1_115' title="bbox 2009 4907 3607 4985">
    <p class='ocr_par' dir='ltr' id='par_1_115' title="bbox 2009 4907 3607 4985">
     <span class='ocr_line' id='line_1_118' title="bbox 2009 4907 3607 4985; baseline 0.005 -20"><span class='ocrx_word' id='word_1_802' title='bbox 2009 4912 2114 4985; x_wconf 86' lang='lat' dir='ltr'><strong>l_&#39;rb._</strong></span> <span class='ocrx_word' id='word_1_803' title='bbox 2136 4926 2258 4985; x_wconf 71' lang='lat' dir='ltr'><strong>vni,</strong></span> <span class='ocrx_word' id='word_1_804' title='bbox 2292 4927 2338 4966; x_wconf 91' lang='lat' dir='ltr'><strong>s.</strong></span> <span class='ocrx_word' id='word_1_805' title='bbox 2368 4911 2458 4985; x_wconf 56' lang='lat'>853,</span> <span class='ocrx_word' id='word_1_806' title='bbox 2490 4907 2670 4984; x_wconf 81' lang='grc' dir='ltr'>Μέχρι</span> <span class='ocrx_word' id='word_1_807' title='bbox 2702 4911 2758 4965; x_wconf 82' lang='grc' dir='ltr'>δὲ</span> <span class='ocrx_word' id='word_1_808' title='bbox 2773 4907 3043 4966; x_wconf 62' lang='grc' dir='ltr'>’Φιλολάου</span> <span class='ocrx_word' id='word_1_809' title='bbox 3071 4914 3174 4966; x_wconf 77' lang='grc' dir='ltr'>οὐκ</span> <span class='ocrx_word' id='word_1_810' title='bbox 3217 4907 3286 4983; x_wconf 84' lang='grc' dir='ltr'><strong>ἧν</strong></span> <span class='ocrx_word' id='word_1_811' title='bbox 3316 4929 3370 4968; x_wconf 90' lang='grc' dir='ltr'><strong>τι</strong></span> <span class='ocrx_word' id='word_1_812' title='bbox 3400 4907 3607 4985; x_wconf 57' lang='grc' dir='ltr'>γνῶναι</span> 
     </span>
    </p>
   </div>
   <div class='ocr_carea' id='block_1_116' title="bbox 2009 4981 2597 5054">
    <p class='ocr_par' dir='ltr' id='par_1_116' title="bbox 2009 4981 2597 5054">
     <span class='ocr_line' id='line_1_119' title="bbox 2009 4981 2597 5054; baseline -0.003 -20"><span class='ocrx_word' id='word_1_813' title='bbox 2009 4982 2373 5054; x_wconf 83' lang='grc' dir='ltr'>Πυθαγόρειον</span> <span class='ocrx_word' id='word_1_814' title='bbox 2401 4981 2597 5054; x_wconf 57' lang='grc' dir='ltr'>δόγμα.</span> 
     </span>
    </p>
   </div>
   <div class='ocr_carea' id='block_1_117' title="bbox 2081 5049 3606 5124">
    <p class='ocr_par' dir='ltr' id='par_1_117' title="bbox 2081 5049 3606 5124">
     <span class='ocr_line' id='line_1_120' title="bbox 2081 5049 3606 5124; baseline 0.006 -19"><span class='ocrx_word' id='word_1_815' title='bbox 2081 5049 2626 5124; x_wconf 14' lang='grc' dir='ltr'>(δυηΜετῆαὺᾶνοῦγ.</span> <span class='ocrx_word' id='word_1_816' title='bbox 2658 5049 2831 5124; x_wconf 68' lang='lat' dir='ltr'><strong>Forte</strong></span> <span class='ocrx_word' id='word_1_817' title='bbox 2861 5051 3150 5122; x_wconf 84' lang='lat' dir='ltr'><strong>legendum</strong></span> <span class='ocrx_word' id='word_1_818' title='bbox 3193 5055 3383 5122; x_wconf 84' lang='grc' dir='ltr'>αὐτόν,</span> <span class='ocrx_word' id='word_1_819' title='bbox 3438 5064 3500 5112; x_wconf 88' lang='lat' dir='ltr'><strong>ut</strong></span> <span class='ocrx_word' id='word_1_820' title='bbox 3547 5065 3606 5116; x_wconf 86' lang='lat' dir='ltr'><strong>et</strong></span> 
     </span>
    </p>
   </div>
   <div class='ocr_carea' id='block_1_118' title="bbox 2009 5121 2953 5194">
    <p class='ocr_par' dir='ltr' id='par_1_118' title="bbox 2009 5121 2953 5194">
     <span class='ocr_line' id='line_1_121' title="bbox 2009 5121 2953 5194; baseline -0.001 -16"><span class='ocrx_word' id='word_1_821' title='bbox 2009 5121 2278 5192; x_wconf 75' lang='lat' dir='ltr'><strong>interpres</strong></span> <span class='ocrx_word' id='word_1_822' title='bbox 2295 5123 2503 5194; x_wconf 50' lang='lat' dir='ltr'><strong>,legisse</strong></span> <span class='ocrx_word' id='word_1_823' title='bbox 2530 5123 2764 5176; x_wconf 81' lang='lat' dir='ltr'><strong>videtur.</strong></span> <span class='ocrx_word' id='word_1_824' title='bbox 2781 5121 2953 5194; x_wconf 25' lang='lat' dir='ltr'><strong>.Entr.</strong></span> 
     </span>
    </p>
   </div>
   <div class='ocr_carea' id='block_1_119' title="bbox 2083 5192 3602 5268">
    <p class='ocr_par' dir='ltr' id='par_1_119' title="bbox 2083 5192 3602 5268">
     <span class='ocr_line' id='line_1_122' title="bbox 2083 5192 3602 5268; baseline 0.005 -21"><span class='ocrx_word' id='word_1_825' title='bbox 2083 5194 2195 5264; x_wconf 85' lang='grc'>(81)</span> <span class='ocrx_word' id='word_1_826' title='bbox 2235 5192 2795 5268; x_wconf 40' lang='grc' dir='ltr'>Τιξψεῦδοςηυιιοεὶ</span> <span class='ocrx_word' id='word_1_827' title='bbox 2845 5207 3041 5264; x_wconf 86' lang='lat' dir='ltr'><strong>nempe</strong></span> <span class='ocrx_word' id='word_1_828' title='bbox 3089 5192 3459 5268; x_wconf 83' lang='lat' dir='ltr'><strong>Pythagorica</strong></span> <span class='ocrx_word' id='word_1_829' title='bbox 3509 5199 3602 5254; x_wconf 88' lang='lat' dir='ltr'><strong>illa</strong></span> 
     </span>
    </p>
   </div>
   <div class='ocr_carea' id='block_1_120' title="bbox 2008 5263 2918 5334">
    <p class='ocr_par' dir='ltr' id='par_1_120' title="bbox 2008 5263 2918 5334">
     <span class='ocr_line' id='line_1_123' title="bbox 2008 5263 2918 5334; baseline -0.007 -13"><span class='ocrx_word' id='word_1_830' title='bbox 2008 5267 2120 5322; x_wconf 86' lang='lat' dir='ltr'><strong>sint</strong></span> <span class='ocrx_word' id='word_1_831' title='bbox 2148 5263 2202 5319; x_wconf 87' lang='lat' dir='ltr'><strong>et</strong></span> <span class='ocrx_word' id='word_1_832' title='bbox 2223 5279 2253 5315; x_wconf 85' lang='lat' dir='ltr'><strong>a</strong></span> <span class='ocrx_word' id='word_1_833' title='bbox 2285 5263 2640 5334; x_wconf 71' lang='lat' dir='ltr'><strong>Pythagoreis</strong></span> <span class='ocrx_word' id='word_1_834' title='bbox 2669 5271 2918 5334; x_wconf 78' lang='lat' dir='ltr'><strong>accepta.</strong></span> 
     </span>
    </p>
   </div>
   <div class='ocr_carea' id='block_1_121' title="bbox 2080 5332 3600 5406">
    <p class='ocr_par' dir='ltr' id='par_1_121' title="bbox 2080 5332 3600 5406">
     <span class='ocr_line' id='line_1_124' title="bbox 2080 5332 3600 5406; baseline -0.004 -16"><span class='ocrx_word' id='word_1_835' title='bbox 2080 5335 2191 5406; x_wconf 70' lang='lat'>(82)</span> <span class='ocrx_word' id='word_1_836' title='bbox 2211 5332 2432 5402; x_wconf 72' lang='grc' dir='ltr'>Λέτων.</span> <span class='ocrx_word' id='word_1_837' title='bbox 2456 5332 2828 5406; x_wconf 68' lang='grc' dir='ltr'>8η1&gt;ἱῐιῐ.εστί,</span> <span class='ocrx_word' id='word_1_838' title='bbox 2847 5333 2901 5406; x_wconf 83' lang='lat' dir='ltr'><strong>h.</strong></span> <span class='ocrx_word' id='word_1_839' title='bbox 2917 5332 3147 5406; x_wconf 57' lang='grc' dir='ltr'>ετλέγει.</span> <span class='ocrx_word' id='word_1_840' title='bbox 3167 5335 3441 5391; x_wconf 58' lang='lat' dir='ltr'><strong>Caeterum</strong></span> <span class='ocrx_word' id='word_1_841' title='bbox 3460 5337 3600 5393; x_wconf 77' lang='grc' dir='ltr'>κατὰ</span> 
     </span>
    </p>
   </div>
   <div class='ocr_carea' id='block_1_122' title="bbox 2006 5404 3598 5478">
    <p class='ocr_par' dir='ltr' id='par_1_122' title="bbox 2006 5404 3598 5478">
     <span class='ocr_line' id='line_1_125' title="bbox 2006 5404 3598 5478; baseline 0.003 -20"><span class='ocrx_word' id='word_1_842' title='bbox 2006 5406 2068 5458; x_wconf 86' lang='grc' dir='ltr'>τὸ</span> <span class='ocrx_word' id='word_1_843' title='bbox 2090 5404 2250 5478; x_wconf 70' lang='grc' dir='ltr'>ῥητόν</span> <span class='ocrx_word' id='word_1_844' title='bbox 2271 5406 2450 5478; x_wconf 81' lang='lat' dir='ltr'><strong>verbis</strong></span> <span class='ocrx_word' id='word_1_845' title='bbox 2465 5420 2630 5478; x_wconf 75' lang='lat' dir='ltr'><strong>supra</strong></span> <span class='ocrx_word' id='word_1_846' title='bbox 2649 5405 2896 5478; x_wconf 74' lang='lat' dir='ltr'><strong>allegatis</strong></span> <span class='ocrx_word' id='word_1_847' title='bbox 2913 5404 3048 5478; x_wconf 78' lang='lat' dir='ltr'><strong>dicit</strong></span> <span class='ocrx_word' id='word_1_848' title='bbox 3072 5409 3400 5478; x_wconf 76' lang='lat' dir='ltr'><strong>Apollonius</strong></span> <span class='ocrx_word' id='word_1_849' title='bbox 3431 5410 3598 5478; x_wconf 68' lang='grc' dir='ltr'>Σοφία</span> 
     </span>
    </p>
   </div>
   <div class='ocr_carea' id='block_1_123' title="bbox 2053 5471 3595 5547">
    <p class='ocr_par' dir='ltr' id='par_1_123' title="bbox 2053 5471 3595 5547">
     <span class='ocr_line' id='line_1_126' title="bbox 2053 5471 3595 5547; baseline 0.003 -19"><span class='ocrx_word' id='word_1_850' title='bbox 2053 5471 2101 5529; x_wconf 84' lang='grc' dir='ltr'>οἰ</span> <span class='ocrx_word' id='word_1_851' title='bbox 2143 5471 2480 5547; x_wconf 85' lang='grc' dir='ltr'>Πυθαγόρου,</span> <span class='ocrx_word' id='word_1_852' title='bbox 2519 5471 2577 5539; x_wconf 73' lang='grc' dir='ltr'>ὃς</span> <span class='ocrx_word' id='word_1_853' title='bbox 2611 5471 2780 5536; x_wconf 71' lang='grc' dir='ltr'>θεοὺξ</span> <span class='ocrx_word' id='word_1_854' title='bbox 2804 5471 3137 5544; x_wconf 63' lang='grc' dir='ltr'>θεραπεύειν</span> <span class='ocrx_word' id='word_1_855' title='bbox 3169 5471 3272 5530; x_wconf 82' lang='grc' dir='ltr'>ὧδέ</span> <span class='ocrx_word' id='word_1_856' title='bbox 3311 5495 3380 5547; x_wconf 88' lang='grc' dir='ltr'><strong>με</strong></span> <span class='ocrx_word' id='word_1_857' title='bbox 3423 5471 3595 5532; x_wconf 67' lang='grc' dir='ltr'>ἐδιδά-</span> 
     </span>
    </p>
   </div>
   <div class='ocr_carea' id='block_1_124' title="bbox 2009 5494 3597 5619">
    <p class='ocr_par' dir='ltr' id='par_1_124' title="bbox 2009 5494 3597 5619">
     <span class='ocr_line' id='line_1_127' title="bbox 2053 5494 3595 5547; baseline 0.002 -18"><span class='ocrx_word' id='word_1_858' title='bbox 2053 5494 2101 5529; x_wconf 89' lang='grc' dir='ltr'><strong>οι</strong></span> <span class='ocrx_word' id='word_1_859' title='bbox 2143 5494 2480 5547; x_wconf 80' lang='grc' dir='ltr'>υυῠαγορου,</span> <span class='ocrx_word' id='word_1_860' title='bbox 2519 5494 2577 5539; x_wconf 91' lang='grc' dir='ltr'><strong>ος</strong></span> <span class='ocrx_word' id='word_1_861' title='bbox 2611 5494 2766 5536; x_wconf 77' lang='grc' dir='ltr'>υεους</span> <span class='ocrx_word' id='word_1_862' title='bbox 2804 5494 3125 5544; x_wconf 82' lang='grc' dir='ltr'>σεραπευειν</span> <span class='ocrx_word' id='word_1_863' title='bbox 3169 5494 3272 5530; x_wconf 82' lang='grc' dir='ltr'><strong>ωοε</strong></span> <span class='ocrx_word' id='word_1_864' title='bbox 3311 5495 3380 5547; x_wconf 88' lang='grc' dir='ltr'><strong>με</strong></span> <span class='ocrx_word' id='word_1_865' title='bbox 3423 5494 3595 5532; x_wconf 73' lang='lat' dir='ltr'><strong>eatea-</strong></span> 
     </span>
     <span class='ocr_line' id='line_1_128' title="bbox 2009 5494 3597 5619; baseline 0.003 -19"><span class='ocrx_word' id='word_1_866' title='bbox 2009 5494 2156 5612; x_wconf 52' lang='grc' dir='ltr'>ξατο,</span> <span class='ocrx_word' id='word_1_867' title='bbox 2189 5560 2310 5619; x_wconf 65' lang='lat' dir='ltr'><strong>quae</strong></span> <span class='ocrx_word' id='word_1_868' title='bbox 2346 5556 2527 5619; x_wconf 81' lang='lat' dir='ltr'><strong>tamen</strong></span> <span class='ocrx_word' id='word_1_869' title='bbox 2555 5560 2623 5598; x_wconf 84' lang='lat' dir='ltr'><strong>an</strong></span> <span class='ocrx_word' id='word_1_870' title='bbox 2649 5549 2788 5619; x_wconf 70' lang='lat' dir='ltr'><strong>satis</strong></span> <span class='ocrx_word' id='word_1_871' title='bbox 2807 5560 2992 5619; x_wconf 30' lang='lat' dir='ltr'><strong>_atque‘</strong></span> <span class='ocrx_word' id='word_1_872' title='bbox 3016 5561 3080 5619; x_wconf 71' lang='lat' dir='ltr'><strong>ac</strong></span> <span class='ocrx_word' id='word_1_873' title='bbox 3118 5547 3309 5602; x_wconf 76' lang='lat' dir='ltr'><strong>dextre</strong></span> <span class='ocrx_word' id='word_1_874' title='bbox 3336 5549 3597 5619; x_wconf 81' lang='lat' dir='ltr'><strong>interpre-</strong></span> 
     </span>
    </p>
   </div>
   <div class='ocr_carea' id='block_1_125' title="bbox 2007 5615 3595 5692">
    <p class='ocr_par' dir='ltr' id='par_1_125' title="bbox 2007 5615 3595 5692">
     <span class='ocr_line' id='line_1_129' title="bbox 2007 5615 3595 5692; baseline 0.003 -21"><span class='ocrx_word' id='word_1_875' title='bbox 2007 5625 2159 5692; x_wconf 72' lang='lat' dir='ltr'><strong>tetur</strong></span> <span class='ocrx_word' id='word_1_876' title='bbox 2188 5615 2489 5692; x_wconf 88' lang='lat' dir='ltr'><strong>_Eusebius,</strong></span> <span class='ocrx_word' id='word_1_877' title='bbox 2521 5624 2579 5670; x_wconf 93' lang='lat' dir='ltr'><strong>ut</strong></span> <span class='ocrx_word' id='word_1_878' title='bbox 2613 5617 2717 5670; x_wconf 89' lang='lat' dir='ltr'><strong>alia</strong></span> <span class='ocrx_word' id='word_1_879' title='bbox 2766 5615 2948 5687; x_wconf 89' lang='lat' dir='ltr'><strong>plura,</strong></span> <span class='ocrx_word' id='word_1_880' title='bbox 2979 5615 3071 5671; x_wconf 86' lang='lat' dir='ltr'><strong>hic</strong></span> <span class='ocrx_word' id='word_1_881' title='bbox 3113 5619 3337 5689; x_wconf 82' lang='lat' dir='ltr'><strong>quidem</strong></span> <span class='ocrx_word' id='word_1_882' title='bbox 3383 5615 3595 5692; x_wconf 64' lang='grc' dir='ltr'><strong>ἀλερώ-</strong></span> 
     </span>
    </p>
   </div>
   <div class='ocr_carea' id='block_1_126' title="bbox 2009 5687 2622 5744">
    <p class='ocr_par' dir='ltr' id='par_1_126' title="bbox 2009 5687 2622 5744">
     <span class='ocr_line' id='line_1_130' title="bbox 2009 5687 2622 5744; baseline 0 -2"><span class='ocrx_word' id='word_1_883' title='bbox 2009 5687 2164 5742; x_wconf 88' lang='lat' dir='ltr'><strong>rendi</strong></span> <span class='ocrx_word' id='word_1_884' title='bbox 2188 5688 2341 5744; x_wconf 86' lang='lat' dir='ltr'><strong>locus</strong></span> <span class='ocrx_word' id='word_1_885' title='bbox 2377 5702 2489 5742; x_wconf 87' lang='lat' dir='ltr'><strong>non</strong></span> <span class='ocrx_word' id='word_1_886' title='bbox 2518 5697 2622 5744; x_wconf 88' lang='lat' dir='ltr'><strong>est.</strong></span> 
     </span>
    </p>
   </div>
  </div>
