3856 6222
199 419 312 477 817
1338 417 1544 473 LIBER
1580 417 1861 475 CONTRA
1899 414 2321 474 HIEROCLEM.
3374 417 3480 475 818

197 540 314 592 νεῖν
341 535 540 598 ἔπεισι,
571 535 666 588 καὶ
699 533 799 606 τὴν
831 533 960 607 περὶ
987 533 1176 589 τούτου
1207 534 1390 590 πίστιν
1435 539 1630 603 αἰτεῖν,
1662 539 1720 592 οὐ

1959 552 2012 592 ro
2049 537 2408 606 "inquirere,
2440 533 2669 604 ejusque
2698 539 3019 605 argumenta
3050 539 3112 589 ut
3136 533 3262 590 edat
3289 545 3482 605 postu-

198 629 311 684 τῶν
355 627 482 699 παρ’
514 626 664 698 αύτῷ
701 626 915 680 κύκνων
946 627 1046 692 τὰς
1087 628 1410 696 ἀποδείξεις,
1441 629 1534 694 οὒς
1562 631 1721 699 γελοία

1960 644 2031 692 re,
2066 636 2124 682 ut
2151 629 2304 692 item,
2336 627 2404 682 de
2425 627 2620 699 cycnis
2642 643 2764 697 quae
2797 626 2962 682 habet
2993 627 3060 693 ὀ,
3087 627 3282 697 probet
3301 669 3315 692 ,
3343 643 3483 696 quos

198 719 491 774 τίκτουσαν
517 719 679 773 αὐτὸν
703 717 801 790 τὴν
830 719 1046 792 μητέρα
1069 721 1164 774 καὶ
1185 722 1513 792 περιστῆσαι
1535 721 1667 793 (85),
1694 741 1721 776 κ

1960 719 2125 774 licule
2157 727 2388 774 matrem
2433 718 2578 788 ejus,
2637 719 2816 788 ipsum
2854 717 2967 788 jam
3016 719 3340 789 parientem,
3371 719 3483 775 cir-

203 811 495 884 μαιοῦσθαι
521 812 744 882 ἱστορεῖ.
789 809 927 864 Ἀλλ’
961 812 1083 865 οὐδὲ
1116 811 1244 884 περὶ
1275 812 1368 866 τοῦ
1401 813 1646 886 σκηπτοῦ
1676 815 1726 882 (8

1956 811 2269 873 lmstetisse,
2293 811 2452 881 eique
2498 810 2874 866 obstetriciam
2911 812 3232 880 praestitisse
3255 826 3479 882 operam

202 902 534 974 μυθολογίας
560 903 652 958 τὸν
689 903 942 974 μάρτυρα
981 902 1245 974 παρέχειν
1289 903 1444 970 ἀξιῶ.
1481 905 1556 959 Ού
1584 906 1691 978 γὰρ
1723 933 1725 950 ι

1955 909 2103 955 irrat.
2160 900 2275 955 lmo
2304 916 2483 972 neque
2536 908 2596 956 ut
2631 901 2828 956 fabulae
2856 902 2900 931 “
2935 901 3003 956 de
3034 903 3260 957 fulmine
3283 909 3478 958 testem

199 991 299 1046 καὶ
329 993 557 1054 τούτων,
591 991 666 1056 ὡς
695 991 820 1063 ἔφη,
857 991 1030 1062 Δάμις
1059 995 1193 1062 ἡμῖν
1240 991 1506 1064 ξυνίστωρ
1533 994 1642 1064 (85)
1687 995 1722 1048 ἀ

1961 991 2165 1045 oducat
2188 1000 2404 1062 expeto.
2447 989 2637 1062 Neque
2679 992 2824 1047 enim
2868 991 3098 1045 istorum
3131 992 3291 1045 etiam
3347 1007 3481 1046 con-

201 1081 395 1152 ίξεται,
427 1081 622 1154 μακρῷ
640 1081 864 1153 ὕστερον
894 1084 951 1134 ἐν
978 1081 1126 1153 Νίνῳ
1151 1082 1248 1154 τῆς
1287 1082 1574 1154 Ἀσσυρίας
1603 1082 1724 1136 τάνδ

1960 1082 2046 1138 ius
2077 1081 2285 1144 Damis,
2316 1081 2382 1136 ad
2428 1097 2590 1152 quem
2647 1083 2988 1152 provocavit,
3022 1081 3183 1137 nobis
3218 1082 3478 1154 prodibit,

201 1173 467 1244 ξυνάψας.
517 1172 659 1243 Ἐγὼ
697 1173 796 1244 μὲν
826 1169 920 1227 οὖν
953 1169 1012 1227 εὖ
1053 1174 1197 1245 μάλα
1243 1173 1540 1246 προθύμως
1569 1178 1684 1238 τοῖς
1715 1194 1724 1226 ε

1957 1174 1988 1228 ii
2019 1174 2114 1230 diu
2163 1183 2288 1247 post
2339 1173 2559 1230 demum
2616 1173 2765 1240 Nini,
2797 1175 3037 1247 Assyriae
3065 1176 3221 1240 urbe,
3273 1176 3394 1230 viro
3419 1191 3480 1232 se

198 1265 324 1320 κόσι
350 1283 410 1320 τε
453 1267 547 1320 καὶ
580 1264 840 1336 ἀληθείας
886 1265 1170 1336 ἐχομένοις
1214 1265 1556 1336 πειθόμενος,
1604 1267 1654 1319 εί
1697 1285 1721 1318 ιι

1958 1267 2168 1336 η]ιιιιχὶι.
2206 1265 2413 1337 Nempe
2454 1282 2556 1338 ego
2579 1265 2797 1336 quidem
2828 1267 3204 1323 lubentissime
3225 1268 3481 1339 probabio

202 1359 431 1430 μείζονά
454 1377 577 1412 τινα
603 1359 726 1413 καθ’
761 1357 1064 1430 ὑπερϐολὴν
1091 1360 1148 1423 ἐς
1175 1358 1396 1412 ἔπαινον
1428 1358 1622 1430 ἀνδρὸς
1657 1361 1725 1429 άγ

1955 1375 2037 1414 )US
2056 1358 2242 1422 rebus,
2263 1367 2318 1414 et
2344 1358 2408 1413 ad
2447 1374 2633 1413 verum
2651 1359 2878 1430 propius
2908 1358 3296 1415 accedentibus
3322 1359 3478 1414 ﬁdem

200 1452 299 1506 θοῦ
357 1453 557 1520 λέγοιτ’
597 1451 684 1519 ἂν,
740 1451 910 1504 πιστὰ
963 1452 1059 1506 καὶ
1119 1451 1465 1522 παραδεκτέα
1511 1447 1649 1505 εἷναί
1705 1470 1723 1522 ι

1958 1450 2126 1514 ὼοιιε,
2156 1450 2285 1504 licet
2330 1449 2493 1504 etiam
2547 1449 2792 1521 quaedam
2843 1450 3130 1520 magniﬁce
3159 1452 3354 1522 magis,
3383 1467 3481 1522 per

197 1543 366 1607 δοκῶ,
397 1543 480 1597 ὅτι
526 1543 602 1615 μὴ
656 1543 790 1614 μὸνα
830 1541 900 1596 τὰ
947 1541 1226 1616 τερατώδη
1273 1543 1368 1598 καὶ
1417 1543 1583 1614 λήρου
1630 1542 1720 1597 πλέ

1957 1541 2400 1612 aggerationem,
2434 1541 2500 1596 ad
2533 1541 3069 1596 commendationem
3106 1543 3205 1596 viri
3242 1543 3369 1598 boni
3397 1542 3480 1598 a1-

199 1634 413 1690 υῦκουν
453 1633 728 1706 φθονείην,
775 1635 828 1689 εἴ
867 1652 1030 1706 φησιν
1077 1635 1106 1687 ὁ
1148 1634 1494 1707 ξυγγραφεὺς
1526 1634 1685 1703 γένος

1954 1642 2166 1694 rantur,
2223 1646 2289 1687 ea
2349 1630 2622 1686 credenda
2657 1647 2780 1686 esse
2829 1631 3314 1702 amplectendaque
3343 1631 3477 1686 mihi

198 1729 449 1798 ἀρχαῖον,
475 1727 567 1780 καὶ
597 1727 707 1782 τῶν
731 1727 987 1781 οἰκιστῶν
1017 1726 1330 1798 ἀνημμένον
1361 1725 1439 1797 τῷ
1460 1726 1614 1799 ἀνδρὶ
1642 1742 1721 1796 γε·

1957 1721 2224 1789 :rsuadeo,
2257 1723 2420 1778 modo
2441 1737 2512 1777 ne
2555 1733 2864 1776 monstrosa
2901 1723 3012 1776 sint
3070 1723 3251 1794 plane,
3284 1733 3337 1778 et
3366 1729 3480 1777 sto-

199 1818 353 1872 νέναι
373 1835 386 1850 ο
415 1819 510 1872 καὶ
536 1818 784 1873 πλουτῶν
808 1819 858 1872 εί
884 1817 1057 1883 οὕτως
1089 1818 1280 1890 ἔτυχεν
1304 1819 1445 1890 ὑπὲρ
1473 1818 1600 1883 τοὺς
1627 1819 1722 1889 ὲγχ

1955 1814 2022 1870 lis
2057 1815 2330 1887 ﬁgmentis
2370 1813 2592 1871 referta.
2628 1813 2814 1885 Neque
2843 1815 2979 1870 adeo
3008 1813 3301 1878 invideam,
3332 1814 3478 1885 quod

200 1911 353 1983 ρίους
384 1911 632 1977 ἅπαντας
655 1929 669 1942 ·
701 1912 1039 1966 διδασκάλων
1073 1929 1153 1979 τε,
1204 1911 1321 1966 νέον
1354 1911 1502 1976 ὄντα,
1541 1910 1601 1964 ού
1634 1911 1723 1982 μό»

1957 1914 2044 1961 cat
2081 1907 2400 1970 historicus,
2457 1922 2630 1978 genus
2689 1922 2812 1962 esse
2858 1907 2978 1960 viro
3005 1908 3287 1976 antiquum
3311 1907 3391 1971 ”,
3424 1915 3479 1960 et

195 2003 310 2057 τῶν
355 2003 742 2076 δεδηλωμένων
796 2007 1000 2074 τυχεῖν,
1048 2003 1184 2067 ἀλλ’,
1230 2005 1279 2057 εί
1321 2003 1487 2068 δοκεῖ,
1519 2003 1616 2057 καὶ
1664 2019 1718 2055 το

1951 1999 2039 2053 10d
2074 1999 2130 2052 in
2176 1997 2385 2067 primos
2443 1998 2760 2054 conditores
2791 1996 3026 2072 [patriae]
3053 1998 3285 2054 desinat.
3318 1997 3474 2065 Quod

197 2112 308 2150 των
337 2095 444 2167 (86)
475 2096 637 2149 αὐτὸν
665 2095 984 2149 διδάσκαλον
1011 2097 1105 2149 καὶ
1139 2094 1458 2168 καθηγητὴν
1486 2093 1720 2164 γεγονέν‹

1954 2104 2027 2144 3m
2057 2088 2259 2143 civium
2295 2089 2539 2143 omnium
2569 2089 2902 2144 ditissimum
2938 2090 3073 2145 iicat
3103 2089 3304 2146 fuisse:
3337 2105 3477 2160 prae-

201 2188 387 2242 Ἐστω
417 2188 464 2242 δ’
496 2190 590 2241 ἐπὶ
624 2187 836 2252 τούτοις
880 2191 1140 2260 ὲντρεχὴς
1165 2189 1259 2242 καλ¹
1289 2187 1358 2242 τὰ
1393 2187 1568 2251 κοινὰ,
1599 2187 1674 2250 ὼς
1698 2204 1724 2239 τ

1959 2190 2254 2252 ptoresque
2283 2182 2329 2214 “
2369 2181 2774 2237 adolescentem
2815 2198 2923 2238 non
2978 2182 3319 2238 clarissimos
3358 2192 3479 2238 tan-

195 2279 260 2344 ἰς
307 2279 634 2352 Ἀσκληπιοῦ
665 2279 962 2354 θεραπείας
995 2281 1156 2352 χάριν
1186 2281 1512 2352 ἀφιγμένον,
1544 2280 1635 2334 διὰ
1649 2297 1718 2349 γνη

1952 2290 2007 2328 ιιι
2057 2289 2180 2329 esse
2234 2282 2482 2337 nactum,
2538 2289 2727 2329 verum
2767 2276 2955 2338 etiam,
3017 2277 3064 2332 si
3113 2276 3189 2330 ita
3242 2277 3475 2348 placeat,

201 2387 315 2442 μης
363 2371 592 2443 ἀρίστης
641 2370 950 2438 ἀπαλλάξαι
999 2371 1102 2440 τῆς
1146 2370 1477 2443 ἀρρωστίας.
1527 2368 1724 2424 Νοσοῦι

1950 2382 2080 2420 ωιτη
2106 2369 2284 2436 ipsum
2309 2367 2633 2438 magistrum
2673 2361 2956 2424 exstitisse
2989 2375 3152 2439 atque
3175 2367 3473 2431 doctorem,

195 2461 390 2532 γάρῖδὴ
425 2461 615 2534 ὑδέρου
663 2461 850 2524 πάθει,
898 2459 1236 2530 κατάλληλον
1284 2461 1612 2532 ἐγκρατείας
1663 2461 1718 2512 ύτ

1953 2471 2024 2518 sto
2047 2473 2226 2517 autem
2258 2471 2543 2532 praeterea,
2579 2464 2742 2519 etiam
2775 2463 2831 2520 in
2868 2465 3031 2519 rebus
3053 2463 3370 2537 [ordinariis
3399 2459 3476 2536 et]

197 2552 388 2608 θέσθαι
427 2553 635 2607 δίαιταν
680 2552 759 2625 τῷ
788 2553 1070 2625 κάμνοντι,
1104 2553 1197 2607 καὶ
1244 2552 1417 2625 ταύτῃ
1459 2553 1622 2607 αὐτὸν
1662 2553 1720 2622 ὑγ

1954 2555 2208 2625 Ilgaribos
2243 2570 2410 2626 sagax
2443 2573 2456 2608 :
2489 2554 2565 2609 ita
2603 2563 2665 2608 ut
2696 2555 2765 2610 ad
2827 2557 3169 2626 Asclepieum
3193 2539 3477 2612 medicina:

196 2646 563 2716 καταστῆσαι,
591 2646 686 2701 καῖ.
725 2645 899 2716 τούτῳ
926 2663 990 2715 γε
1022 2647 1121 2716 τῆς
1152 2647 1465 2717 φρονήσεως
1496 2645 1719 2699 ἀποδεκπ

1964 2663 2063 2702 usa
2097 2647 2445 2702 accedentem
2486 2649 2554 2711 ³⁸,
2582 2647 2792 2717 optimo
2814 2649 3045 2705 consilio
3069 2649 3137 2704 ab
3155 2650 3479 2720 aegritudine

194 2737 260 2795 τὸ
298 2737 604 2812 μειράκιον.
623 2739 733 2794 Καὶ
765 2738 840 2803 ὡς
867 2738 958 2792 τὸν
990 2737 1297 2801 πολυτελῶς
1321 2737 1433 2809 (87)
1479 2737 1627 2792 θύειν
1650 2757 1717 2792 πα

1950 2739 2139 2793 ierarit
2189 2738 2380 2810 (Aqua:
2427 2737 2714 2796 intercutis
2761 2739 2908 2794 enim
2959 2741 3151 2797 morbo
3181 2740 3473 2806 laboranti,

201 2829 610 2902 ισκευασμένον
646 2823 844 2902 εἶρξεν,
875 2825 962 2882 οἷα
995 2828 1140 2892 εἰκὸς
1178 2829 1271 2881 ἐπὶ
1302 2828 1469 2900 κακίᾳ
1509 2828 1724 2882 διαὸεϐο

1954 2829 2311 2884 νηνειιίεηιοιη
2371 2845 2519 2900 aegro
2549 2830 2607 2886 in
2665 2831 2813 2887 victu
2861 2834 3278 2904 temperantiam
3328 2831 3477 2904 quod

201 2923 404 2995 μένον·
464 2922 557 2975 καὶ
608 2921 718 2992 γάρ
762 2921 825 2992 δὴ
880 2923 974 2974 καὶ
1030 2920 1139 2974 τῶν
1194 2920 1478 2991 ἐγχωρίων
1533 2919 1724 2973 ἀπάντα

1954 2921 2232 2989 acceperit,
2285 2938 2521 2994 eumque
2575 2923 2710 2979 adeo
2761 2925 3064 2980 restituerit
3101 2924 3346 2988 sanitati,
3404 2926 3477 2981 ob

197 3008 605 3064 πλουσιώτατόν
629 3009 738 3080 (88)
772 3026 832 3062 τε
865 3009 959 3062 καὶ
992 3008 1457 3080 περιφανέστατον
1482 3009 1644 3062 αὑτὸν
1668 3010 1720 3062 ύι

1952 3027 1997 3068 ic
2049 3029 2268 3083 quoque
2323 3017 2629 3086 prudentiae
2673 3015 3105 3090 [argumentum]
3165 3017 3475 3075 laudandus

194 3099 427 3156 τίθεται.
463 3102 575 3154 Καὶ
614 3102 670 3153 ὲν
711 3100 952 3173 σώφροσι
980 3101 1024 3154 δ’
1059 3100 1221 3153 αὑτὸν
1249 3099 1442 3170 φθόνος
1472 3101 1647 3165 οὐδεὶς
1668 3102 1717 3154 (In

1955 3107 2258 3179 lolescens);
2313 3108 2387 3161 ita
2420 3107 2608 3180 [porro
2656 3109 2714 3163 in
2767 3110 2932 3166 rebus
2961 3111 3280 3182 vulgaribus
3307 3127 3478 3183 sagax

193 3193 455 3266 γράφειν,
483 3193 565 3246 ὅτι
600 3211 658 3247 τε
689 3194 824 3266 πρὸς
855 3193 946 3246 τὸν
971 3191 1226 3264 ἐραστὴν,
1255 3191 1594 3265 πειρώμενον
1623 3193 1716 3246 αὐτ

1950 3197 1986 3271 ι]
2035 3207 2108 3252 vut
2135 3207 2190 3255 et
2235 3200 2522 3270 magnifice
2558 3201 2732 3257 sacris
2778 3210 3094 3272 operantem
3141 3203 3382 3274 abegerit
3403 3203 3473 3270 ³⁸,

191 3287 299 3358 τῆς
328 3285 498 3358 ὧρας,
537 3284 990 3356 διελοιδορήσατο,
1033 3284 1129 3338 καὶ
1152 3285 1469 3354 γυναικείας
1501 3285 1582 3338 δτι
1615 3284 1714 3338 καθ

1951 3267 2094 3365 lippe
2123 3267 2429 3348 all'atim'ob
2446 3295 2579 3350 vitia
2607 3267 2875 3351 famosum
2920 3294 3139 3367 (nempe
3196 3267 3474 3353 hominem

208 3380 303 3452 ρὸν
347 3378 536 3432 ἑαυτὸν
573 3379 772 3450 μίξεως
815 3378 904 3432 διὰ
948 3378 1156 3443 τέλους,
1207 3380 1284 3442 ὡς
1325 3380 1354 3431 ὁ
1399 3379 1556 3447 λόγος
1602 3380 1731 3450 φησὶ

1951 3425 1953 3436 ,
2009 3386 2251 3457 regionis
2302 3386 2450 3442 illius
2512 3387 2749 3442 maxime
2799 3387 3021 3442 divitem
3079 3394 3474 3458 repraesentat,

201 3474 402 3544 ἦγαγε.
429 3471 601 3524 Πιστά
637 3471 683 3524 δ’
723 3471 862 3524 ἔστω
903 3472 999 3524 καὶ
1037 3471 1105 3525 τὰ
1136 3471 1238 3541 τῆς
1283 3470 1611 3536 πενταετοῦς
1648 3490 1724 3527 κα⁴

1956 3477 2238 3547 aximeque
2259 3477 2676 3548 conspicuum);
2704 3493 2882 3549 neque
2899 3477 3172 3534 invideam
3203 3479 3259 3534 in
3281 3479 3479 3536 castis-

198 3562 528 3635 Πυθαγόραν
561 3565 772 3634 σιωπῆς
802 3563 990 3628 αὑτοῦ,
1020 3564 1114 3617 καὶ
1155 3563 1242 3625 τὰ,
1289 3565 1438 3628 ὅπως
1464 3563 1667 3636 ταύτην
1703 3565 1721 3618 ἓ

1949 3569 2047 3625 mis
2075 3585 2201 3625 eum
2242 3569 2481 3634 censeri,
2544 3571 2801 3642 quodque
2857 3578 3128 3627 amantem
3159 3572 3226 3636 ",
3260 3579 3472 3627 aetatem

196 3657 422 3726 ήνυσεν,
454 3654 677 3708 ἐπαίνου
707 3654 853 3720 ἄξια.
888 3653 1074 3708 Ταῦτα
1089 3653 1174 3725 δὴ,
1194 3655 1289 3707 καὶ
1322 3655 1424 3707 ὅσα
1452 3653 1719 3710 τοιαῦταά

1950 3676 2014 3716 us
2042 3675 2400 3732 corrumpere
2429 3668 2756 3729 tentantem,
2795 3661 3149 3732 obiurgatum
3179 3661 3472 3732 repulerit;

197 3745 470 3818 θρώπινα,
505 3747 600 3800 καὶ
622 3747 697 3809 ὡς
720 3746 936 3817 άληθῶς
965 3745 1283 3816 φιλοσοφίας
1314 3747 1407 3800 καὶ
1439 3745 1697 3817 ἀληθείας

1949 3751 2040 3806 iod
2078 3752 2205 3805 item
2236 3765 2268 3804 a
2308 3751 2560 3806 muliebri
2619 3753 2955 3808 commercio
3006 3766 3200 3822 puram
3233 3767 3470 3824 semper,

195 3840 414 3912 πόρῤω,
444 3839 650 3911 δέχοιμ’
678 3839 766 3902 ἂν,
803 3841 934 3912 περὶ
973 3837 1168 3893 πολλοῦ
1201 3839 1262 3892 τὺ
1285 3837 1566 3910 εῦγνωμόν
1593 3857 1654 3892 τε
1697 3857 1718 3892 κ

1950 3879 1954 3890 ,
1982 3840 2215 3896 historia
2239 3840 2409 3895 refert
2433 3841 2500 3903 ³⁷,
2532 3842 2701 3897 vitam
2751 3843 2944 3914 egerit.
2977 3840 3164 3898 Fidem
3186 3843 3352 3898 etiam
3387 3843 3473 3898 in-

197 3931 493 4003 φιλάληθες
525 3933 850 4004 τιμώμενος.
893 3930 965 3984 Τό
990 3931 1054 3998 γέ
1081 3947 1165 3984 τοι
1211 3933 1459 4003 κρεῖττον
1498 3929 1720 4003 ἀνθρώπ

1948 3933 2134 3996 :niant,
2167 3948 2289 4003 qua!
2315 3933 2381 3987 ad
2401 3931 2795 4007 [observatum]
2836 3935 2939 4006 ipsi
2961 3934 3118 4004 juxta
3146 3933 3471 4006 Pythagoras

192 4022 298 4094 τὴν
324 4023 486 4093 φύσιν
525 4023 894 4089 ὑποτίθεσθαι,
928 4025 1021 4077 καὶ
1065 4022 1216 4095 παρὰ
1255 4023 1422 4086 πόδας
1469 4022 1579 4094 (89)
1626 4025 1715 4077 ὲνα

1949 4027 2148 4081 istituta
2171 4027 2546 4098 quinquennio
2579 4028 2852 4082 silentium
2881 4037 3128 4097 spectant
3148 4029 3214 4090 ’⁸,
3237 4034 3292 4082 et
3320 4028 3472 4097 quid-

193 4115 479 4184 τιολογεῖν,
526 4116 626 4184 τῆς
673 4133 733 4169 τε
789 4114 1036 4186 δοθείσης
1075 4116 1408 4186 ἀμνημονεῖν
1453 4114 1716 4169 ὑποθέσεσι

1946 4112 2054 4177 uid,
2086 4113 2215 4168 dum
2247 4114 2375 4168 illud
2400 4115 2590 4180 obivit,
2611 4114 2768 4170 laude
2799 4103 2924 4170 fecit
2944 4116 3189 4188 dignum.
3211 4115 3355 4184 Haec,
3383 4117 3469 4170 in-

193 4207 343 4279 ἒχειν
368 4207 534 4278 ψόγον
566 4209 652 4273 ἂν,
686 4209 781 4263 καὶ
821 4209 1071 4281 διαϐολὴν
1102 4207 1248 4280 αὐτῷ
1288 4226 1349 4262 τε
1387 4209 1466 4281 τῷ
1496 4210 1716 4282 γράφονι

1945 4220 2085 4272 uam,
2103 4211 2159 4260 et
2176 4205 2437 4276 quidquid
2460 4205 2579 4275 ejus
2601 4217 2687 4261 est
2706 4207 2940 4275 generis,
2958 4207 3251 4262 humanam
3269 4218 3468 4264 sortem

194 4299 293 4354 καὶ
326 4299 464 4354 πολὺ
495 4301 761 4372 πρότερον
799 4299 879 4371 τῷ
908 4299 1260 4372 γραφομένῳ,
1297 4299 1585 4371 περιάψειν
1618 4301 1717 4372 ήγο

1951 4313 2009 4354 on
2048 4298 2366 4355 excedentia
2391 4341 2404 4364 ,
2441 4297 2598 4369 521
2648 4307 2703 4353 et
2752 4313 2894 4354 verae
2950 4298 3310 4368 philosophiae
3345 4314 3474 4354 con-

197 4407 324 4461 μαι.
1893 4401 2180 4458 sentanea,
2215 4408 2394 4463 neque
2431 4393 2598 4448 nimis
2630 4392 2700 4448 ab
2728 4391 2844 4464 ipsa
2865 4393 3096 4448 veritate
3125 4393 3323 4458 aliena,
3361 4407 3472 4448 non

194 4482 407 4538 invitus
439 4481 794 4550 admiserim;
831 4482 1014 4554 magni
1050 4497 1183 4539 sane
1217 4481 1510 4538 candorem
1545 4482 1779 4548 faciens,
1820 4493 1876 4541 et
1910 4485 2152 4541 studium
2188 4483 2459 4541 veritatis.
2485 4482 2556 4537 At
2573 4499 2703 4539 vero
2731 4483 2972 4540 hominis
3029 4483 3179 4540 illius
3234 4483 3472 4538 indolem

192 4575 440 4632 humana
482 4579 742 4648 majorem
777 4578 1000 4651 ﬁngere,
1034 4581 1332 4650 statimque
1360 4580 1466 4637 sibi
1496 4579 1602 4652 ipsi
1637 4582 2040 4648 contradicere,
2069 4587 2124 4636 et
2185 4595 2381 4652 parum
2410 4595 2709 4636 memorem
2750 4595 2876 4637 esse
2929 4589 3090 4636 antea
3145 4579 3473 4650 positorum,

265 4730 447 4803 vim.
482 4749 533 4797 ι,
567 4750 618 4788 ρ,
651 4735 705 4789 4.
783 4735 831 4767 ὀ
871 4735 964 4790 lib.
1007 4736 1146 4797 n‘,c.
1185 4735 1238 4790 5.
1317 4734 1511 4790 "ibid.
1589 4737 1634 4770 η
1675 4737 1767 4791 lib.

1948 4736 2047 4790 .4.
2124 4737 2171 4768 ⁸⁸
2209 4736 2303 4792 lib.
2337 4751 2390 4803 ι,
2426 4751 2477 4792 c.
2511 4736 2565 4792 5.
2657 4736 2706 4769 ⁸⁵
2754 4737 2848 4792 lib.
2891 4753 2940 4801 I,
2983 4750 3033 4790 c.
3067 4734 3122 4791 9.
3198 4735 3245 4768 ’⁸
3283 4733 3381 4789 lib.
3417 4745 3471 4800 1,

191 4816 249 4859 c.
286 4800 373 4856 19.
449 4804 496 4834 ³⁸
532 4805 628 4859 lib.
666 4821 719 4870 ι,
753 4820 804 4861 c.
841 4804 928 4860 12.
1006 4807 1050 4838 ³⁷
1090 4807 1183 4862 lib.
1226 4823 1270 4872 1,
1305 4821 1356 4860 c.
1392 4807 1480 4862 1'5.
1555 4806 1601 4838 ⁸⁸
1641 4807 1714 4862 lib

704 4845 719 4870 ,
753 4820 804 4861 c.
841 4804 928 4860 12.
1006 4807 1050 4838 ’τ
1090 4807 1183 4862 lib.
1226 4823 1270 4872 1,
1305 4821 1356 4860 c.
1392 4807 1480 4862 1'5.
1555 4806 1601 4838 ⁸⁸
1641 4807 1735 4862 lib.
1771 4823 1787 4861 1
1823 4800 1853 4873 ,1
1872 4823 1924 4863 c.
1958 4807 2025 4862 14
2050 4815 2105 4862 et
2139 4805 2226 4863 16.

270 4956 385 5035 (85)
421 4958 805 5035 Περιστῇσαι.
826 4957 1192 5035 ΔΒεειίῑιιεξιιᾰιι
1227 4977 1295 5018 ex
1327 4960 1661 5020 Philostrato
1680 4979 1783 5018 vox

1960 4961 2071 5035 (87)
2110 4967 2221 5022 Καὶ
2249 4968 2330 5034 ὡς
2372 4967 2480 5022 τὸν
2521 4968 2733 5020 πολυτ.
2769 4961 3138 5035 Suspenditnr
3167 4960 3355 5035 oratio~
3377 4980 3473 5035 per

192 5006 477 5110 fuijtthuiz
496 5006 786 5110 Excid'erat
820 5031 882 5110 in
912 5006 1192 5110 editisrj“
1229 5006 1258 5018 ν
1328 5006 1427 5110 tu
1453 5006 1538 5020 η’
1571 5006 1668 5110 ﬂ:

2006 5006 2211 5110 ,ic’ulam
2261 5006 2337 5102 Li)";
2387 5054 2418 5093 a
2457 5035 2854 5110 superioribus,
2875 5006 3023 5110 ἔστω
3049 5032 3092 5085 δ’
3126 5006 3473 5110 é-rgt_1odzlotg
3513 5036 3529 5056 ³

267 5099 382 5177 (ii-1)
418 5099 529 5153 Τοῦ
573 5102 868 5177 σκηπτοῦ.
919 5101 1232 5174 Legendum
1263 5102 1378 5177 Δτοῦ
1425 5103 1690 5177 σκηπτοῦ,
1724 5113 1784 5159 ιιι
1888 5099 2145 5177 ἐντρεχὴς
2172 5109 2263 5161 καὶ
2288 5099 2356 5163 τά
2400 5099 2574 5168 κοινά,
2620 5107 2717 5159 ὨΣ
2741 5099 2846 5159 τὸν
2875 5103 3216 5177 Ἀσκληπιοῦ
3233 5099 3473 5177 ἀφιγμέὲ

192 5167 450 5250 ςκῐίεε..
473 5185 577 5250 ιιιὲ
607 5167 1044 5250 etPhilostrat'o
1085 5173 1457 5250 emendaram.
1502 5167 1715 5232 Hocs'ria

1949 5167 1994 5228 ν’
2022 5167 2328 5243 ἀπαλλάξαι
2368 5180 2468 5250 τῆς
2521 5167 2835 5250 άρῤωστίας
2859 5215 2873 5229 .
2893 5214 2906 5225 .
2927 5213 2942 5229 .
2982 5167 3076 5228 καῖ
3121 5175 3219 5226 ὨΣ
3245 5167 3471 5230 τδν’πο-

192 5239 417 5320 Nempe.
438 5239 494 5294 in
535 5239 755 5297 Eusebii
785 5242 949 5299 editis
987 5244 1170 5316 inepte
1211 5246 1477 5316 scriptum
1500 5254 1617 5302 erat
1654 5248 1783 5320 περὶ
1887 5245 2142 5320 lugete.

191 5310 583 5388 cobgngﬁltoug.
778 5383 816 5388 _
892 5383 902 5388 _
1079 5310 1098 5316 ’
1281 5385 1292 5388 _
1323 5310 1341 5316 ”
1463 5384 1499 5388 μγ
1616 5386 1634 5388 Α
1728 5310 1740 5320 ’
1958 5317 2067 5387 (88)
2096 5320 2206 5374 Καὶ
2225 5337 2280 5388 γ.
2299 5317 2353 5374 δ.
2373 5317 2473 5388 καὶ
2510 5335 2562 5388 τ.
2593 5317 2802 5384 ἐγχωρ.
2821 5315 2925 5371 ἀπ.
2953 5316 3176 5370 πλουσ.
3215 5313 3471 5382 Qualinm

266 5380 381 5466 (85.)
415 5380 743 5466 Ξυνζστωρ.
777 5383 1294 5466 ξυνίστωριτεροειιξ
1325 5384 1567 5466 ριόνξὺν.
1610 5386 1781 5466 ἴστρω

1950 5380 2928 5466 εις-πίειίειοὶἸίιιείιι-νιιΙΕυεέιιὶθιιιιτο
2965 5388 3164 5466 solent,
3223 5380 3280 5439 ut
3336 5389 3473 5466 adeo

192 5451 365 5530 (quod
390 5459 508 5530 erat
535 5451 589 5505 in
629 5452 906 5522 prioribus
947 5451 1300 5527 editionibus)
1326 5451 1604 5512 sententia
1634 5451 1784 5530 ﬂa'gi-
1886 5459 2208 5530 Apollonius
2251 5460 2370 5514 sine
2404 5451 2596 5530 divina
2640 5457 2892 5522 scientia,
2922 5473 2990 5530 ex
3037 5456 3203 5530 fatua,
3236 5471 3358 5526 quae
3403 5457 3471 5511 ad

191 5528 376 5598 ιδπερὶ.
403 5520 675 5598 ιζοιετειῆ.
716 5591 765 5598 ___
955 5595 965 5598 Α
1038 5596 1047 5598 4
1708 5520 1737 5530 ⁷
1889 5520 2164 5584 hominem
2199 5531 2362 5585 istum
2395 5526 2738 5598 spectabant,
2769 5520 3008 5598 potuerit
3037 5520 3358 5582 resciscere.

268 5591 672 5672 (86)»?‘023ttmf.
712 5591 804 5672 Sic
828 5595 1052 5672 _resti_tui
1069 5612 1185 5672 pro
1219 5596 1430 5672 τοῦτον,
1471 5599 1783 5672 postulante

1961 5599 2073 5670 (89)
2105 5600 2270 5669 Παρὰ
2293 5591 2498 5672 πόδᾴς.
2532 5591 2788 5672 1ta__Reg.'
2815 5599 2957 5672 cod_._
2977 5613 3076 5668 pro
3097 5599 3263 5672 _edi_to
3294 5614 3472 5670 παρα-

193 5664 494 5739 sententia,
531 5672 587 5718 et
634 5664 752 5739 ipsa
789 5666 1018 5739 historia
1067 5664 1388 5724 Philostrati
1430 5664 1780 5737 concinente,
1888 5664 2070 5736 δόσεις,
2096 5664 2242 5739 quod
2268 5671 2431 5728 nauci
2458 5664 2570 5724 est.
2603 5664 2878 5739 Hotsren.
2912 5664 3067 5724 Hanc
3096 5664 3386 5739 lectionem
3416 5674 3470 5722 et

194 5733 292 5812 gui
325 5730 950 5812 Euxeno,_magistro‘in
981 5735 1343 5812 Pythagorica
1364 5741 1631 5812 sapientia
1656 5730 1779 5805 suo,
1890 5730 2203 5812 ipseiprobo
2230 5757 2244 5804 ;
2269 5742 2585 5812 suspicatus
2631 5738 2762 5795 olim
2804 5740 3036 5810 fueram,
3061 5735 3377 5812 παραδόξως
3403 5739 3470 5794 Ιο-

418 5803 754 5875 superiorem
813 5805 985 5865 fuisse
1028 5803 1375 5880 discipulum
1430 5803 1779 5881 Apollonium
1887 5803 2123 5883 g'endiim
2161 5803 2301 5868 esSe.
