3856 6222
240 370 350 426 821

1387 348 1586 405 LIBER
1621 346 1902 404 CONTRA
1939 339 2356 400 HIEROCLEM.

3391 333 3494 392 82‘]

244 480 496 556 ἡγεμόνα
536 495 595 532 τε
630 476 770 544 ἀξιοῖ
803 475 900 546 τῆς
943 474 1000 537 ὲς
1030 469 1358 544 Βραχμᾶνας
1404 467 1628 539 πορείας
1673 465 1819 534 γενέ-

1931 469 2104 532 rcgat.
2159 459 2363 514 Ducem
2412 456 2542 510 item
2590 453 2827 524 aliquem
2867 451 2969 508 viae
3017 450 3086 508 ad
3124 449 3489 509 Brachmanas

248 577 377 630 σθαι
408 572 511 626 τιν’
543 569 711 639 αὐτῷ.
753 569 862 622 Καὶ
904 563 1104 638 μεταξὺ
1137 564 1166 614 6
1200 562 1296 632 μὲν
1328 559 1435 613 τῶν
1472 557 1646 612 Ἰνδῶν
1673 557 1825 628 βασι-

243 667 403 729 λεὺς,
451 664 546 717 καὶ
585 662 760 715 ταῦτα
808 658 1081 730 βάρϐαρος
1126 653 1202 706 ὢν
1245 652 1342 724 τὴν
1380 650 1561 720 φύσιν,
1595 649 1686 702 τὸν
1729 651 1823 720 έρ-

249 757 429 828 μηνέα
491 753 734 808 ἐκποδὼν
791 747 1294 823 μεταστησάμενος,
1359 743 1568 797 Ἑλλάδι
1629 743 1825 813 χρῆται

246 848 388 920 πρὸς
436 847 598 901 αὐτὸν
644 848 711 916 τῇ
758 841 965 914 ὁμιλίᾳ,
1013 838 1258 893 παιδείαν
1309 835 1402 889 καὶ
1457 833 1825 904 πολυμάθειαν

248 939 689 1009 ἐνδεικνύμενος·
745 939 774 989 6
813 935 870 988 δὲ
906 933 1014 986 οὐδ’
1051 933 1161 998 ὣς,
1186 931 1269 984 ὅτι
1301 928 1365 999 δὴ
1399 928 1492 980 καὶ
1533 927 1695 988 αὐτὸς
1724 924 1826 994 τῆς

247 1036 382 1107 παρ’
415 1035 600 1095 αὐτοῖς
623 1032 721 1084 οὐκ
757 1027 982 1100 ἀμαθῶς
1019 1026 1132 1098 ἔχοι
1166 1024 1369 1094 φωνῆς,
1401 1021 1518 1075 δέον
1551 1017 1827 1089 ἀντεφιλο-

243 1128 525 1198 τιμήσατο
576 1122 705 1195 (96).

744 1229 1140 1286 ΚΕΦΑΛΑΙΟΝ
1194 1227 1294 1282 ΙΕ’.

335 1348 496 1402 Ἀλλά
543 1349 635 1401 καὶ
681 1345 970 1407 λαλοῦντος
1007 1340 1214 1396 Ἐλλάδι
1253 1337 1464 1409 γλώττῃ
1502 1335 1596 1391 τοῦ
1637 1335 1823 1400 Ἰνδοῦ,

246 1440 642 1511 ἐκπλήττεται,
758 1453 920 1508 φησιν
960 1437 988 1488 6
1018 1434 1399 1502 Φιλόστρατος,
1437 1430 1723 1494 ἀκόλουθα,
1752 1431 1827 1492 ὡς

247 1537 448 1599 ἔοικεν,
483 1531 657 1602 ἐαυτῷ
686 1531 935 1602 γράφων.
967 1529 1091 1590 Πῶς
1133 1525 1243 1597 γὰρ
1289 1524 1352 1579 ἂν
1395 1523 1700 1595 ἐξεπλάγη,
1751 1523 1826 1594 μὴ

245 1626 370 1695 οὐχὶ
403 1622 677 1697 βάρϐαρον
719 1620 942 1690 οἰηθεὶς,
977 1620 1068 1672 καὶ
1117 1617 1401 1686 θαυμάσας
1436 1615 1548 1684 (97)
1576 1631 1590 1679 ;
1625 1615 1719 1666 καὶ
1747 1613 1827 1667 ὅτι

246 1715 315 1785 δὴ
340 1712 429 1767 τὸν
461 1712 699 1766 τοιοῦτον
729 1708 789 1762 οὗ
826 1707 941 1760 ποτ’
966 1707 1031 1760 ἂν
1063 1705 1366 1776 Ἑλληνίσαι
1393 1703 1825 1776 προσεδόκησεν;

247 1801 374 1867 εἷθ’,
418 1803 606 1873 ὥσπερ
643 1819 696 1853 τι
732 1797 1024 1869 παραδόντι
1079 1794 1379 1867 παράδοξον
1421 1793 1824 1860 καταπλαγεὶς,

246 1898 343 1950 καὶ
373 1895 433 1947 τὸ
460 1893 650 1947 τούτου
682 1891 762 1944 ἔτι
806 1890 916 1962 (98)
963 1888 1171 1957 ἀγνοῶν
1223 1888 1416 1949 αἴτιον,
1453 1905 1471 1938 ι
1515 1887 1648 1939 Εἰπέ
1696 1903 1820 1956 μοι,

244 1990 352 2060 ἔφη
387 1991 414 2042 6
447 1984 821 2047 Ἀπολλώνιος,
886 1977 931 2036 ὦ
996 1979 1238 2052 βασιλεῦ,
1275 1979 1438 2033 πόθεν
1469 1978 1640 2042 οὕτως
1680 1979 1824 2049 ἔχεις

245 2077 436 2147 φωνῆς
490 2075 776 2139 Ἑλλάδος·;
834 2072 1121 2142 Φιλοσοφία
1174 2089 1235 2124 τε
1293 2073 1326 2142 ή
1371 2071 1498 2142 περὶ
1551 2071 1608 2124 σὲ
1663 2071 1824 2124 πόθεν

247 2167 518 2231 ὲνταῦθα;
554 2166 674 2218 οὐδὲ
706 2165 814 2234 γὰρ
855 2167 914 2224 ἐς
946 2161 1331 2224 διδασκάλους,
1383 2157 1535 2231 οἶμαί
1569 2177 1654 2229 γε,
1697 2163 1825 2215 ἀνα-

244 2257 469 2327 φέρεις,
503 2257 625 2308 ἐπεὶ
659 2258 730 2327 μὴ
763 2251 902 2307 εἶναι
946 2253 1125 2315 Ἰνδοῖς
1156 2251 1302 2314 εἰκὸς
1327 2251 1439 2321 (99)
1477 2251 1825 2315 διδασκάλους

242 2348 460 2402 τούτου.
493 2369 511 2400 ι
560 2343 727 2402 Αὒται
768 2349 823 2400 αἱ
869 2344 1158 2418 παράδοξοι
1191 2343 1285 2397 τοῦ
1316 2342 1492 2396 πάντα
1519 2341 1823 2415 προγνώσει

243 2440 583 2510 διειληφότος
630 2439 824 2509 φωναὶ,
874 2438 940 2502 ἃς
971 2439 1000 2490 6
1035 2435 1286 2507 βασιλεὺς
1321 2434 1697 2505 ἀμειϐόμενος.
1743 2433 1822 2486 ὅτι

244 2547 308 2584 τε
341 2531 494 2601 σχοίη
537 2529 907 2590 διδασκάλους,
946 2528 1039 2580 καὶ
1080 2526 1273 2588 οἵτινες
1323 2521 1488 2590 οὗτοι,
1529 2523 1737 2577 ἕκαστά
1761 2540 1822 2576 τε

244 2619 518 2692 πατρόθεν
547 2619 654 2674 τῶν
689 2621 816 2690 περὶ
853 2619 1013 2674 αὐτὸν
1054 2617 1470 2690 ξυμόεὸηκότων
1499 2617 1712 2689 φράζει.

760 2910 1155 2964 ΚΕΦΑΛΑΙΟΝ
1193 2911 1309 2976 ις’.

317 2985 456 3052 Elea
481 2999 574 3054 καί
599 3017 706 3054 τισι
732 3000 826 3054 τοῦ
857 3001 1018 3054 Ἰνδοῦ
1045 2999 1354 3065 δικάζοντος
1386 2997 1514 3068 περὶ
1546 2997 1820 3068 θησαυροῦ

247 3091 593 3162 φωραθέντος
625 3093 682 3145 ὲν
725 3091 900 3163 ἀγρῷ,
947 3093 1151 3162 πότερα
1182 3089 1259 3161 τῷ
1289 3090 1610 3162 πριαμένῳ,
1660 3088 1693 3159 ἢ
1744 3087 1821 3159 τῷ

1925 551 2032 606 sibi
2061 550 2179 605 dari
2203 563 2313 604 non
2339 545 2521 601 renuit
2546 543 2610 597 “.
2644 541 2855 598 Interea
2885 541 3142 598 Indorum
3166 557 3262 597 rex
3284 542 3350 605 ³³,
3373 540 3494 595 bar~

1931 644 2104 698 barus
2138 641 2267 696 licet
2298 637 2596 698 natalibus,
2639 635 2937 704 interprete
2978 634 3161 690 subito
3217 632 3490 699 submoto,

1925 733 2113 789 Graece
2141 748 2265 787 cum
2293 731 2414 802 ipso
2451 731 2716 801 loquitur,
2743 727 3008 783 doctrinae
3033 734 3198 795 atque
3226 724 3492 779 eruditio-

1925 827 2016 880 nis
2050 825 2220 880 edens
2249 829 2591 894 argumenta.
2646 818 2970 890 Apollonius
3013 831 3142 872 vero
3170 829 3240 870 ne
3265 815 3345 869 sic
3372 813 3494 884 qui-

1924 915 2070 979 dem,
2107 921 2166 968 ut
2194 918 2266 984 [se
2297 927 2514 983 quoque
2545 910 2784 966 vicissim
2827 909 3023 979 lingua:
3055 921 3175 977 quae
3230 903 3371 975 apud
3404 901 3492 956 ln-

1926 1007 2028 1062 dos
2057 1005 2346 1068 obtineret,
2389 1005 2624 1074 peritum
2682 1000 3017 1064 ostenderet,
3048 1005 3262 1064 contra,
3291 1003 3351 1051 ut
3394 1009 3493 1067 par

1925 1102 2064 1161 erat,
2097 1094 2404 1150 contendit.

2425 1200 2586 1271 522
2621 1193 2849 1254 CAPUT
2890 1191 3004 1251 xv.

1997 1317 2097 1373 Ast
2121 1325 2174 1372 et
2204 1315 2338 1371 lndo
2366 1313 2551 1370 Graece
2590 1315 2846 1385 loquente
2888 1311 3192 1384 obstupuit,
3223 1319 3282 1366 ut
3305 1310 3492 1365 Philo-

1927 1413 2132 1462 stratus
2169 1414 2422 1470 testatur,
2455 1405 2663 1460 scilicet
2685 1412 3050 1458 consentanea
3079 1400 3182 1456 sibi
3216 1401 3318 1470 ipsi
3348 1399 3489 1454 scri-

1925 1500 2080 1555 bens.
2116 1499 2255 1565 Quid
2287 1499 2430 1554 enim
2473 1497 2777 1566 obstupuit,
2809 1495 2856 1550 si
2890 1494 3182 1549 barbarum
3227 1506 3335 1544 non
3368 1505 3494 1545 esse

1929 1591 2170 1661 putavit,
2204 1589 2367 1659 idque
2398 1590 2468 1644 ob
2499 1589 2678 1659 ipsum
2707 1583 3085 1656 suSpexit‘tEt
3124 1596 3225 1636 cur
3251 1595 3491 1650 quacun-

1928 1700 2034 1754 que
2068 1698 2126 1738 re
2157 1691 2366 1736 tantum
2394 1682 2572 1737 virum
2598 1679 2816 1735 Graecos
2859 1677 3193 1732 imitaturum
3223 1688 3345 1729 esse
3380 1685 3490 1726 non

1929 1776 2264 1846 exspectavit
2292 1774 2511 1846 potius?
2560 1771 2752 1835 Porro,
2783 1769 2940 1840 quasi
2979 1782 3066 1821 res
3109 1767 3269 1836 plane
3299 1763 3490 1831 singu-

1931 1868 2061 1922 laris
2092 1867 2161 1921 ab
2203 1882 2268 1921 eo
2305 1865 2411 1921 sibi
2453 1864 2636 1918 oblata
2683 1871 2852 1929 esset,
2892 1860 3120 1930 ejusque
3178 1853 3490 1910 adhuedum

1925 1961 2185 2032 ignorans
2218 1967 2439 2013 causam
2459 1975 2508 2024 ι,
2561 1955 2728 2021 Cedo,
2792 1970 2826 2008 ο
2871 1967 2988 2018 rex,
3037 1950 3216 2020 inquit
3267 1947 3492 2018 Apollo-

1924 2052 2132 2116 nius“,
2168 2050 2313 2106 unde
2344 2065 2408 2105 ea
2447 2049 2546 2104 tibi
2595 2049 2668 2102 sit
2718 2044 2920 2101 Graeca:
2967 2045 3164 2114 lingua:
3216 2039 3493 2095 facultas!

1925 2140 2274 2210 Philosophia
2307 2140 2458 2203 item,
2493 2153 2598 2208 qua
2647 2137 2888 2191 imbutus
2917 2151 2998 2199 es,
3027 2133 3170 2188 unde
3200 2131 3285 2186 his
3313 2131 3495 2202 regio-

1925 2234 2090 2288 libus
2132 2231 2323 2286 venit?
2365 2245 2544 2300 neque
2589 2229 2755 2294 enim,
2788 2237 2848 2282 ut
2883 2235 3037 2298 puto,
3067 2225 3347 2296 magistris
3371 2237 3491 2278 eam

1925 2326 1982 2380 in
2009 2325 2248 2394 acceptis
2300 2323 2430 2388 fers,
2467 2337 2592 2376 nam
2641 2321 2920 2392 probabile
2960 2318 3105 2374 haud
3143 2327 3226 2374 est
3263 2317 3383 2388 ejus
3411 2316 3494 2373 rei

1924 2417 2218 2486 magistros
2250 2431 2373 2470 csse
2414 2414 2616 2468 ludis.»
2667 2412 2792 2466 Huic
2818 2411 3068 2466 miranda
3097 2419 3225 2466 sunt
3258 2409 3315 2463 in
3348 2409 3488 2473 viro,

1925 2505 2266 2576 prazscientia
2301 2504 2484 2558 omnia
2542 2503 2847 2572 complexu,
2901 2501 3097 2555 verba:
3143 2499 3346 2569 quibus
3399 2513 3491 2552 rev

1923 2596 2202 2666 spondens
2256 2608 2386 2656 rex,
2414 2591 2558 2661 quod
2607 2599 2661 2646 et
2695 2596 3056 2661 praeceptores
3102 2589 3375 2653 habuerit,
3435 2596 3491 2645 et

1924 2689 2149 2760 quinam
2201 2687 2279 2741 illi
2334 2685 2536 2740 fuerint
2570 2680 2918 2756 [exponens,]
2967 2682 3145 2736 omnia
3188 2681 3488 2751 sigillatim,

1923 2796 2045 2851 quae
2080 2778 2183 2851 ipsi
2224 2793 2254 2832 a
2281 2776 2555 2832 natalibus
2585 2774 2712 2830 inde
2737 2774 3060 2846 obtigerant,
3094 2773 3315 2844 exponit
3335 2773 3406 2830 ³⁷.

2509 2907 2736 2966 CAPUT
2769 2907 2909 2974 XVI,

1995 3005 2124 3062 inde
2151 3019 2314 3076 porro
2335 3017 2472 3081 eum
2501 3002 2593 3071 jus
2652 2999 2981 3072 quibusdam
3025 2996 3233 3053 diceret
3257 2995 3425 3052 Indus
3445 2995 3490 3029 ⁸³

1924 3099 1991 3154 de
2024 3099 2282 3153 thesauro
2322 3095 2377 3150 in
2422 3109 2552 3164 agro
2585 3099 2822 3163 reperto,
2859 3106 2928 3145 an
2961 3090 3194 3160 emptori
3238 3104 3308 3143 an
3357 3104 3491 3145 ven-

243 3179 311 3231 τὺ
346 3181 542 3251 χωρίον
573 3181 907 3252 ἀποδομένῳ,
943 3182 1060 3234 δέον
1088 3177 1239 3252 οἶμαι
1267 3181 1343 3250 (1)
1371 3180 1580 3242 τοῦτον,
1629 3182 1657 3234 6
1685 3179 1819 3234 πάν-

1931 3189 2087 3245 ditori
2126 3189 2243 3260 agri
2290 3201 2414 3242 eum
2455 3184 2684 3240 reddere
2731 3198 2828 3252 par
2880 3182 2994 3249 sit;
3035 3178 3380 3251 Apollonius,
3433 3181 3489 3233 in

241 3282 357 3332 ως
394 3269 698 3338 φιλόσοφος,
735 3271 829 3323 καὶ
861 3271 1003 3334 θεοῖς
1036 3269 1459 3342 κεχαρισμένος,
1505 3267 1817 3340 ἐρωτηθεὶς,

245 3361 518 3432 ἑπικρίνει
546 3361 623 3432 τῷ
657 3362 962 3434 πριαμένῳ,
997 3363 1254 3434 λογισμὸν
1283 3363 1347 3433 δὴ
1373 3363 1552 3425 αὐτοῖς
1587 3363 1822 3434 ῥήμασιν

244 3453 522 3506 ὶπειπών·
557 3474 576 3505 ι
613 3455 699 3518 Ὡς
746 3457 846 3508 οὐκ
888 3455 954 3508 ἂν
995 3457 1044 3508 oi
1079 3455 1189 3508 θεοὶ
1226 3455 1316 3508 τὸν
1347 3455 1442 3525 μὲν
1476 3453 1694 3523 ἀφεῖλον
1728 3455 1823 3508 καὶ

245 3543 393 3598 κατά
423 3544 523 3614 τὴν
565 3544 668 3614 γῆν
710 3545 816 3611 (2),
872 3546 921 3598 εἰ
967 3545 1043 3616 μὴ
1084 3543 1285 3613 φαῦλος
1323 3540 1424 3616 ἦν,
1457 3544 1535 3615 τῷ
1574 3543 1617 3596 δ’
1649 3539 1716 3596 αὖ
1746 3543 1820 3614 (5)

247 3638 344 3690 καὶ
371 3637 441 3689 τά
466 3638 571 3690 ὑπὸ
607 3637 712 3707 γῆν
747 3636 964 3700 δοῦναι,
1001 3640 1049 3690 εί
1085 3639 1159 3708 μὴ
1195 3637 1418 3708 βελτίων
1449 3633 1517 3708 ἦν
1549 3635 1820 3690 τοῦ-ἀπο-

243 3728 474 3797 δομένου
501 3767 514 3779 .
541 3747 560 3778 ι
601 3728 689 3791 Ὠς
728 3729 844 3781 κατ’
877 3728 1038 3781 αὐτὸν
1064 3728 1128 3798 δὴ
1170 3727 1528 3796 ξυνάγεσθαι,
1561 3728 1687 3790 τοὺς
1722 3726 1822 3797 μὲν

245 3817 514 3889 εὐπόρους
549 3818 644 3871 καὶ
673 3817 886 3890 πλούτῳ
919 3819 1270 3890 διαφέροντας
1292 3861 1306 3885 ,
1346 3819 1449 3873 κᾶν
1481 3818 1822 3890 αἰσχρότατοι

247 3908 344 3960 καὶ
389 3908 787 3961 πανωλέστατοι
838 3910 1194 3979 τυγχάνοιεν,
1238 3908 1686 3980 τρισευδαίμονας
1731 3908 1823 3960 καὶ

248 3998 515 4068 θεοφιλεῖς
558 3999 828 4068 ἡγεῖσθαι,
878 3999 1071 4078 μόνους
1103 3999 1147 4051 δ’
1179 3999 1288 4070 ἀρα
1334 3997 1731 4066 κακοδαίμονάς
1762 4015 1822 4051 τε

247 4088 342 4140 καὶ
388 4087 602 4150 ἀθλίους
645 4089 771 4152 τοὺς
808 4090 1200 4152 πενεστάτους,
1235 4088 1336 4142 κᾶν
1360 4088 1677 4159 Σωκράτης,
1719 4089 1822 4142 κᾶν

248 4180 540 4249 Διογένης,
587 4179 690 4232 κᾶν
732 4181 891 4244 αὐτὸς
933 4181 1137 4244 ἐκεῖνος
1174 4180 1498 4251 Πυθαγόρας
1543 4180 1821 4254 τυγχάνῃ,

247 4269 357 4324 κᾶν
390 4270 567 4336 ἄλλος,
610 4271 664 4324 οἱ
703 4273 916 4324 πάντων
936 4272 1145 4342 ἀνδρῶν
1175 4271 1606 4344 σωφρονέστατοι
1637 4288 1697 4324 τε
1729 4273 1824 4325 καὶ

245 4363 663 4416 ἐπιεικέστατοι.
696 4365 852 4417 Εἴποι
895 4363 1001 4434 γὰρ
1037 4363 1102 4417 ἄν
1145 4380 1229 4428 τις
1267 4364 1534 4435 ἑπόμενος
1571 4363 1650 4435 τῷ
1683 4363 1825 4436 λόγῳ

250 4453 328 4522 μὴ
378 4451 444 4505 ἂν
492 4454 612 4506 κατ’
641 4453 802 4506 αὑτὸν
852 4455 978 4516 τοὺς
1028 4453 1183 4517 θεοὺς
1228 4453 1353 4516 τοὺς
1403 4454 1504 4523 μὲν
1563 4453 1820 4524 πένητας,

1924 3277 2179 3334 omnibus
2204 3273 2512 3347 phil050phi
2558 3287 2690 3328 usus
2723 3270 2998 3334 acumine,
3033 3269 3249 3339 diisque
3279 3267 3494 3323 charis-

1923 3372 2116 3436 simus,
2154 3368 2481 3424 sententiam
2521 3365 2612 3420 ubi
2641 3371 2788 3420 esset
2817 3363 3210 3432 interrogatus,
3241 3359 3481 3431 emptori

1923 3478 2047 3518 eum
2073 3461 2302 3524 addixit,
2335 3458 2549 3512 ratione
2573 3455 2639 3510 ad
2673 3454 2898 3510 verbum
2923 3454 3026 3508 hac
3047 3453 3266 3507 addita:
3303 3452 3488 3518 «Quod

1921 3548 1998 3602 dii
2030 3545 2288 3601 vendenti
2357 3543 2778 3614 haudquaquam
2823 3541 3054 3610 agellum
3081 3541 3248 3596 etiam
3284 3541 3492 3595 fuerint

1923 3636 2250 3706 adempturi,
2286 3634 2570 3704 improbus
2612 3633 2718 3688 nisi
2760 3631 2853 3698 sit,
2890 3631 3124 3700 emptori
3150 3646 3284 3686 vero
3314 3632 3482 3687 vicis-

1922 3727 2026 3784 sim
2058 3726 2280 3781 latentia
2314 3725 2478 3780 etiam
2517 3723 2621 3780 sub
2648 3731 2792 3778 terra
2823 3723 2964 3776 bona
2999 3722 3337 3786 concessuri,
3382 3722 3489 3778 nisi

1921 3818 2194 3874 vendente
2226 3817 2298 3872 sit
2329 3817 2488 3887 longe
2513 3816 2759 3870 melior.»
2800 3812 2869 3868 Ut
2898 3813 3054 3881 juxta
3087 3813 3238 3866 illum
3264 3814 3489 3868 conclu-

1923 3910 2167 3966 dendum
2222 3908 2316 3972 sit,
2359 3923 2455 3962 eos
2489 3907 2581 3978 qui
2614 3906 2809 3975 opibus
2838 3903 3088 3970 afﬂuunt,
3123 3911 3491 3974 praestantque

1923 4001 2152 4065 divitiis,
2183 4014 2495 4070 quanquam
2528 3997 2816 4054 fmdissimi
2848 3997 2958 4052 sint
3015 4001 3068 4050 et
3115 3997 3490 4065 perditissimi,

1922 4108 2023 4162 pro
2080 4101 2162 4147 ter
2193 4093 2366 4147 beatis
2413 4101 2618 4157 tamen,
2671 4089 2891 4160 Deoque
2945 4089 3322 4146 dilectissimis
3365 4104 3493 4145 esse

1924 4183 2232 4240 habendos:
2288 4182 2535 4237 infelices
2569 4187 2751 4237 autem
2805 4182 3152 4252 miserosque
3187 4180 3337 4236 solos
3370 4195 3492 4235 esse

1923 4289 2040 4339 eos,
2097 4275 2192 4345 qui
2241 4289 2365 4329 cum
2419 4280 2738 4344 paupertate
2795 4274 3032 4329 maxime
3083 4271 3491 4334 conflictentur,

1925 4366 2052 4420 licet
2087 4363 2371 4420 Socratem
2411 4365 2591 4434 ipsum
2645 4363 2731 4419 vel
2782 4363 3038 4432 maxime,
3076 4378 3140 4418 ac
3174 4361 3492 4433 Diogenem,

1928 4457 2218 4526 ipsumque
2247 4457 2414 4510 etiam
2442 4454 2807 4528 Pythagoram
2833 4455 2888 4508 in
2927 4455 3015 4510 his
3040 4469 3164 4510 esse
3185 4457 3492 4524 contingat,

243 4543 469 4608 τούτους
510 4544 572 4615 δὴ
616 4546 846 4609 αὐτοὺς,
889 4546 938 4598 οἳ
972 4545 1114 4598 κατὰ
1159 4544 1474 4614 φιλοσοφίαν
1511 4545 1819 4615 διήνεγκαν,

1931 4555 1982 4601 et
2026 4561 2410 4616 quemcunque
2456 4562 2668 4612 eorum,
2722 4546 2816 4616 qui
2866 4544 3225 4615 frugalissimi
3258 4544 3386 4609 viri,
3441 4555 3497 4600 et

244 4635 542 4704 ἀφελέσθαι
581 4637 674 4689 καὶ
721 4636 790 4689 τά
832 4637 966 4708 πρὸς
1007 4638 1105 4708 τὴν
1148 4638 1452 4706 ἀναγκαίαν
1481 4637 1707 4708 τροφὴν,
1743 4637 1819 4708 μὴ

1923 4637 2158 4708 egregia
2233 4638 2521 4708 prpbitatzs
2580 4645 2893 4694 censentur.
2946 4637 3101 4693 Dicat
3154 4636 3303 4692 enim
3345 4636 3490 4706 quis.

318 4789 366 4822 “
404 4790 498 4844 lib.
537 4805 610 4855 ιι,
642 4805 694 4844 e.
721 4789 811 4846 4t).
888 4791 934 4823 ⁸⁸
974 4793 1069 4857 lib.
1105 4809 1180 4858 ιι,
1213 4809 1264 4849 c.
1296 4795 1384 4850 i7.
1417 4795 1460 4826 "
1477 4795 1570 4852 lib.
1590 4799 1819 4867 u,cap.i

1931 4796 1966 4838 ιι
2000 4795 2098 4854 lib.
2134 4809 2210 4862 ιι,
2243 4811 2294 4852 c.
2327 4796 2416 4851 δι.
2493 4793 2540 4825 ιε
2580 4793 2675 4850 lib.
2710 4811 2784 4862 ιι,
2817 4810 2870 4853 c.
2900 4775 2991 4850 $9.

319 4942 431 5019 (96)
485 4944 1010 5019 iAwschongijo',
1033 4946 1123 5002 Sic
1160 4963 1224 5019 ex
1268 4950 1585 5019 conjectura
1614 4951 1815 5006 rescri-

241 5015 682 5091 psiLgurllesset
711 5016 762 5091 i_n
788 5016 958 5091 pditis
991 5015 1506 5091 ἀπεφιλοτιμήσατο.

281 5081 430 5164 “(97)
468 5085 565 5164 Mi;
581 5085 740 5164 Δοὐχὶ
764 5085 956 5164 βὰρρξ.
972 5081 1123 5164 cina;
1143 5089 1240 5140 καὶ
1269 5081 1526 5164 θαομάσ.
1549 5089 1626 5164 Eo
1642 5091 1818 5164 respi-

243 5155 342 5238 cit,
381 5155 882 5238 quod_Apollonio_
902 5155 1286 5238 Philostratus“
1309 5155 1618 5238 φιλοσοφεῖν
1666 5155 1817 5238 δόξαι

243 5225 509 5300 Φραώτην
537 5233 792 5300 testatur,
827 5225 923 5300 lib.
969 5242 1031 5300 ιι,
1068 5243 1188 5296 cap.
1217 5225 1521 5293 26,'initio.'
1550 5229 1818 5300 Quodque

244 5294 385 5348 adeo
414 5294 658 5349 moribus
690 5296 871 5351 minus
909 5294 1176 5352 barbarus
1211 5299 1260 5352 ei
1304 5303 1454 5355 viSus
1484 5294 1590 5355 sit.
1616 5294 1817 5355 Vereor

246 5372 463 5437 autem,
499 5379 566 5419 ne
609 5380 770 5437 suum
819 5366 908 5420 hic
947 5365 1241 5437 Eusebium
1269 5369 1533 5434 destituat
1559 5385 1817 5437 acumen;

245 5448 348 5510 cur
380 5433 524 5486 enim
559 5435 749 5510 mirari
783 5450 890 5510 non
931 5439 1169 5506 potuerit
1198 5433 1542 5508 Apollonius,
1579 5433 1818 5510 linguam

196 5528 204 5537 -
245 5502 563 5578 graecorum
593 5506 794 5578 callere
825 5502 1136 5578 Phraotem,
1166 5502 1327 5578 quem
1363 5510 1606 5565 moribus
1638 5502 1819 5565 minus

177 5642 184 5649 _
248 5572 544 5649 barbarum
577 5575 1026 5649 deprehenderat,
1053 5593 1163 5632 non
1183 5572 1363 5635 video.

321 5643 437 5712 (98)
477 5644 618 5697 Ἔτι.
651 5643 729 5698 lta
767 5648 1114 5702 scribendum
1153 5665 1277 5705 esse
1312 5649 1581 5706 sententia
1623 5649 1820 5707 suade-

248 5711 363 5767 bat.
398 5711 539 5766 Editi
572 5715 845 5771 habebant
873 5719 990 5772 εἴτ’.

323 5781 436 5853 (99)
489 5783 698 5854 Ἰνδοῖς
722 5787 898 5854 εἰκός.
927 5785 1130 5846 Saltem
1165 5789 1564 5852 restituendum
1596 5808 1663 5847 ex
1690 5789 1819 5847 Phi-

1920 4951 2151 5007 lostrato
2185 4951 2350 5027 εἰκός,
2377 4952 2524 5022 quod
2554 4952 2833 5027 erciderat
2866 4953 3007 5027 apud
3035 4951 3354 5027 Eusebium.
3387 4951 3497 5027 Gae-

1921 5029 2040 5092 tera
2071 5022 2213 5091 apud
2243 5039 2365 5077 eum
2401 5031 2573 5092 toturn
2601 5023 2702 5076 hoc
2726 5022 3006 5076 xmov‘ita
3037 5024 3201 5078 habet
3229 5043 3242 5077 :
3277 5025 3350 5076 Οὐ
3384 5023 3496 5092 γὰρ

1921 5039 2040 5074 sera
2071 5039 2213 5091 apua
2243 5039 2365 5077 eum
2401 5039 2573 5077 toulm
2602 5039 2702 5076 noc
2726 5039 2900 5076 κωΑον
2931 5039 3006 5076 lla
3038 5039 3201 5078 habet
3229 5043 3242 5077 :
3277 5039 3350 5076 υυ
3425 5039 3496 5092 ap

1921 5093 1976 5154 ἐς
2010 5091 2364 5164 διδασκάλους
2397 5109 2459 5161 γε
2491 5089 2653 5164 οἶμαι
2675 5093 2987 5164 ἀναφέρειν,
3023 5094 3145 5164 ἐπεὶ
3185 5093 3319 5164 μηδὲ
3355 5039 3496 5146 strvat

1920 5178 2072 5225 τινας
2109 5165 2164 5215 έν
2216 5163 2394 5225 Ἰνδοῖς
2421 5163 2564 5226 είκὸς
2586 5163 2935 5227 διδασκάλους
2962 5163 3172 5216 τούτου.

1995 5232 2070 5301 (1)
2115 5229 2302 5300 Οἶμαι.
2342 5231 2543 5302 Parum
2567 5241 2934 5302 Opportunum
2977 5234 3068 5288 isti
3091 5235 3214 5287 loco
3245 5231 3380 5286 mihi
3412 5231 3495 5302 vis

1921 5297 2082 5383 detur
2107 5297 2538 5383 verbum'oipm,
2565 5297 2748 5382 malim
2772 5303 3102 5360 substituere
3121 5303 3326 5368 δοῦναι,
3348 5301 3496 5373 quod

1926 5373 2088 5442 etiam
2125 5373 2180 5424 in
2206 5373 2472 5442 versione
2492 5373 2756 5442 expressi.

1993 5441 2069 5512 (2)
2108 5441 2218 5514 Kal
2255 5441 2372 5509 τὴν
2396 5441 2530 5514 γῆν.
2568 5441 2706 5514 Editi
2733 5442 2829 5514 καὶ
2852 5441 2993 5496 κατά
3018 5441 3117 5514 τὴν
3139 5441 3262 5514 γῆν.
3290 5441 3496 5514 Omisi-

1923 5511 2046 5566 mds
2079 5511 2243 5576 κατά,
2275 5513 2422 5582 quod
2442 5524 2626 5566 natum
2659 5512 2874 5582 videtur
2903 5528 2969 5567 ex
2998 5511 3226 5582 repetito
3249 5512 3362 5573 καί,
3385 5511 3497 5566 for-

1923 5597 2010 5634 ma
2059 5579 2332 5636 scribendi
2367 5583 2698 5638 abbreviata.
2745 5579 3022 5638 Omissum
3060 5579 3210 5637 ’κατά
3237 5583 3401 5637 etiam
3436 5583 3494 5636 in

1921 5657 2072 5706 textu
2104 5650 2439 5707 Philostrati.

1993 5721 2070 5791 ('5)
2117 5721 2200 5786 Τῷ
2227 5721 2278 5775 δ’
2310 5718 2409 5776 αὖ.
2440 5721 2675 5778 Omnino
2700 5737 2768 5776 ex
2797 5720 3056 5778 Philostr.
3083 5723 3486 5782 restituendum

1923 5785 2122 5863 αὖίίιό
2152 5791 2216 5850 ἄν
2246 5793 2391 5865 quod
2421 5801 2537 5850 erat
2565 5793 2620 5849 in
2646 5793 2808 5850 editis
2833 5792 3072 5850 Eusebii.
