3856 6222
3535 335 3639 390 εει

392 361 500 422 825
1033 359 1303 418 EUSEBII
1336 355 1815 416 CESARIENSIS
1846 353 1996 412 OPP.
2031 351 2215 409 PARS
2250 348 2315 405 11.
2356 378 2428 392 --
2467 341 2975 404 APOLOGETICA.

392 481 552 535 istam
597 477 864 532 rationem
904 491 1159 546 sequens,
1231 473 1552 544 neutiquam
1607 470 1765 540 juxta
1831 483 1948 524 eam

2060 467 2175 537 οὐχὶ
2217 466 2434 527 πάντως
2472 461 2706 531 φαύλους
2736 459 2897 522 δντας
2945 455 3038 509 τὸν
3063 455 3326 546 Δτρόπονί
3352 453 3467 546 τοῖς
3499 452 3556 505 δὲ
3584 452 3645 546 τὸ

388 568 844 626 deoshominibus
861 567 966 622 illis
982 541 1350 638 pauper-culis,
1368 541 1456 621 his
1474 563 1630 634 ipsis,
1657 558 1948 634 [inquam,]

2062 552 2194 628 ἦθος
2244 551 2691 622 ἀκολαστοτέροις
2736 547 2942 617 ἄφθονα
2961 633 2972 641 Ι
2993 543 3086 598 καὶ
3133 542 3202 595 τὰ
3249 542 3324 641 μὴ
3369 541 3646 641 ἀναχκαῖα

387 659 480 729 qui
501 659 840 729 philosOphia
858 629 1181 729 pres-tantes
1204 629 1376 719 fuere,
1401 629 1519 724 ipsa
1541 629 1772 724 quoque
1786 649 1852 704 ad
1870 629 1948 704 vi;

2063 647 2387 716 παρασχεῖν,
2423 643 2473 696 εί
2509 641 2582 712 μὴ
2611 637 2850 710 βελτίους
2884 633 3178 705 ἐτύγχανον
3206 629 3314 684 τῶν
3335 629 3643 729 προτέρων.

386 757 535 806 ctum
567 751 873 820 spectantia
914 749 1298 805 subtracturos
1327 746 1518 811 fuisse,
1565 745 1670 800 nisi
1701 741 1948 813 pessimis

2076 738 2167 803 Ἐξ
2200 731 2274 792 ὧν
2309 735 2474 792 παντί
2505 752 2568 804 γε
2608 731 2925 802 καταφανὴς
2967 731 3000 800 ή
3039 727 3132 781 τοῦ
3177 723 3647 797 ξυμπεράσματος

385 839 467 898 iili
492 843 736 896 moribus
757 842 1131 897 exstitissent:
1167 855 1344 911 neque
1363 840 1495 903 illis,
1522 835 1616 909 qui
1636 835 1800 892 soluti
1829 842 1959 888 sunt
2063 831 2282 886 ἀτοπία.
3219 911 3264 918 ῃ
3324 911 3338 918 ⁸
3568 910 3579 918 1
3627 905 3642 918 .

386 934 654 998 moribus,
688 933 894 990 all‘atim
938 938 1102 992 etiam
1125 910 1306 990 minus
1343 933 1650 989 necessaria
1676 930 2040 1004 praestituros,
2069 929 2175 983 nisi
2219 926 2497 998 prioribus
2525 921 2869 979 exstitissent
2911 918 3188 974 meliores.
3219 911 3378 968 Unde
3429 910 3645 964 nemini

386 1027 621 1084 obscura
645 1027 806 1086 istius
835 1029 1208 1084 conclusionis
1240 1035 1324 1083 est
1354 1027 1684 1082 absurditas.

867 1116 1026 1189 523
1066 1115 1294 1177 CAPUT
1335 1113 1494 1170 xvu.

454 1206 618 1264 Hisce
646 1223 714 1264 ex
743 1208 984 1264 secundo
1012 1207 1154 1263 libro
1183 1209 1449 1278 eXpositis
1479 1208 1547 1264 ad
1576 1207 1795 1264 tertium
1831 1218 1958 1274 per-

381 1298 1015 1370 gernus,consideraturi
1064 1313 1186 1368 qua
1236 1298 1304 1352 ad
1354 1297 1760 1361 Brachmanas,
1811 1292 1955 1346 fama

2583 1100 2974 1159 ΚΕΦΑΛΑΙΟΝ
3006 1102 3105 1155 ΙΖ’.

2129 1201 2312 1259 Ταῦτα
2342 1200 2438 1256 καὶ⁵
2467 1199 2576 1254 ἀπὺ
2617 1198 2712 1252 τοῦ
2743 1197 2996 1268 δευτέρου
3045 1190 3432 1264 παραθέμενοι,
3471 1188 3648 1260 ἴωμεν

2059 1297 2154 1351 ἐπὶ
2184 1295 2245 1349 τὸ
2275 1294 2476 1365 τρίτον,
2518 1291 2587 1345 τὰ
2619 1289 2762 1344 κατὰ
2791 1290 2916 1351 τοὺς
2960 1285 3319 1357 βεϐοημένους
3363 1283 3650 1354 ἐποψόμε-

382 1389 520 1446 adeo
542 1391 868 1455 celebratos,
892 1391 1165 1461 pertinent
1196 1391 1239 1422 '°
1269 1410 1281 1446 :
1315 1405 1420 1461 qua
1455 1397 1608 1460 parte
1642 1385 1815 1457 magis
1856 1397 1955 1438 oc-

381 1489 613 1539 currunt
661 1482 1019 1547 incredibilia,
1051 1498 1214 1553 quam
1260 1483 1328 1539 de
1383 1481 1558 1536 Thule
1619 1478 1952 1535 referuntur.

382 1572 498 1629 lmo
533 1575 581 1630 si
615 1575 746 1645 quid
784 1575 932 1629 aliud
989 1590 1228 1646 unquam
1287 1573 1650 1644 scriptoribus
1693 1569 1960 1626 fabulosis

381 1673 756 1723 monstrosum
779 1667 1145 1738 excogitatum
1181 1667 1316 1731 fuit,
1373 1667 1426 1722 id
1460 1681 1622 1722 omne
1649 1663 1954 1721 verisimile

380 1759 561 1824 valde,
594 1760 704 1813 imo
730 1760 1096 1825 verissimum,
1123 1760 1170 1814 si
1191 1773 1314 1813 cum
1334 1759 1455 1814 istis
1481 1773 1788 1829 compares,
1809 1755 1954 1811 vide-

2059 1407 2141 1444 νοι
2174 1389 2542 1460 Βραχμᾶνας·
2592 1383 2724 1437 ἔνθα
2768 1382 2832 1453 δὴ
2859 1379 2929 1433 τὰ
2974 1378 3116 1450 ὑπὲρ
3157 1377 3361 1447 Θούλην
3409 1377 3647 1431 ἄπιστα.

2061 1483 2172 1536 Καὶ
2205 1481 2258 1534 εί
2282 1480 2336 1533 τί
2362 1495 2468 1549 περ
2497 1476 2623 1532 ἄλλο
2650 1472 2954 1547 τερατῶδές
2991 1487 3121 1524 ποτε
3157 1468 3472 1541 μυθολόγοις
3499 1467 3650 1521 τισὶν

2061 1571 2503 1632 ἀναπέπλασται,
2535 1565 2596 1622 εὖ
2647 1565 2789 1638 μάλα
2833 1563 3001 1618 πιστά
3033 1563 3127 1616 καὶ
3171 1561 3534 1632 ἀληθέστατα,
3567 1561 3653 1622 ὡς

2061 1666 2119 1718 έν
2149 1663 2446 1736 παραθέσει
2468 1659 2694 1723 τούτων,
2715 1658 3148 1726 ἀναφανήσεται·
3179 1650 3260 1717 οἷς
3287 1653 3382 1706 καὶ
3405 1652 3500 1705 τὸν
3517 1651 3652 1705 νοῦν

2060 1756 2350 1827 ἐπιστῆσαι
2374 1753 2522 1820 ἄξιον
2549 1752 2648 1823 τῆς
2677 1749 2772 1803 τοῦ
2801 1766 2819 1800 ι
2852 1746 3180 1818 Φιλαλήθους
3211 1764 3229 1794 ι
3265 1745 3449 1798 ἕνεκεν
3476 1743 3653 1798 αύθαο

383 1849 554 1905 bitur.
573 1851 783 1916 Quibus
799 1850 1022 1906 omnino
1037 1858 1268 1906 mentem
1287 1850 1571 1906 advertere
1588 1850 1752 1905 etiam
1770 1861 1948 1916 opera!

2060 1847 2220 1911 Βείας,
2256 1847 2386 1917 ἡμῖν
2427 1845 2525 1916 μὲν
2581 1841 2862 1912 εὐχέρειαν
2907 1839 2982 1911 (4)
3031 1839 3127 1892 καὶ
3167 1837 3476 1908 κουφότητα
3521 1836 3654 1907 τρό-

381 1942 616 2012 pretium
667 1949 753 1998 est
807 1951 1029 2012 propter
1081 1959 1101 1992 ι
1146 1939 1465 1997 Philalethae
1509 1960 1528 1993 ι
1592 1940 1952 2011 jactantiam,

379 2033 541 2090 nobis
568 2031 944 2089 credulitatem
974 2048 1294 2106 morumque
1327 2033 1600 2090 levitatem
1631 2034 1950 2097 tribuentis,

381 2125 486 2182 sibi
516 2141 646 2181 vero
693 2141 758 2182 ac
800 2127 885 2183 sui
928 2127 1200 2184 similibus
1233 2137 1550 2183 accuratum
1585 2127 1952 2196 solidumque,

2057 1956 2160 1992 που
2196 1937 2608 2010 περιάπτοντος,
2643 1932 2792 2004 αὑτῷ
2819 1932 2875 1986 δὲ
2905 1931 2998 1985 καὶ
3025 1933 3138 1994 τοῖς
3171 1929 3318 2000 αύτῷ
3347 1927 3653 2000 παραπλη-

2057 2031 2192 2095 σίοις
2221 2031 2321 2102 τὴν
2353 2027 2553 2099 ἀκριϐῆ
2591 2027 2686 2080 καὶ
2715 2023 2936 2095 βεϐαίαν
2972 2022 3109 2094 μετὰ
3140 2021 3404 2088 ξυνέσεως
3435 2020 3648 2091 κρίσιν.

2057 2124 2200 2195 Ὅρα
2237 2121 2367 2191 γοῦν
2395 2123 2476 2190 ἐφ’
2507 2115 2587 2183 οἷς
2627 2117 2945 2190 σεμνύνεται
2994 2115 3332 2188 παραδόξοις,
3365 2113 3476 2166 τῶν
3507 2114 3652 2183 ἡμεο

2053 2214 2228 2286 τέρων
2261 2213 2419 2269 θείων
2452 2209 2850 2280 εύαγγελιστῶν
2883 2208 3191 2280 προκρίνων
3223 2207 3314 2259 τὸν
3343 2204 3650 2274 Φιλόστρα-

2052 2323 2164 2370 τον,
2193 2305 2269 2370 ὼς
2301 2307 2374 2378 μὴ
2409 2306 2567 2377 μόνον
2598 2303 2848 2367 παιδείας
2869 2303 2962 2356 ἐπὶ
2984 2301 3228 2355 πλεῖστον
3247 2300 3472 2371 ἥκοντα,
3508 2296 3652 2352 ἀλλὰ

2053 2399 2148 2452 καὶ⁵
2175 2398 2430 2471 ἀληθείας
2455 2395 2946 2469 ὲπιμεμελημένον.

379 2229 446 2272 ac
475 2213 706 2270 scientia
741 2214 928 2270 nixum
960 2215 1251 2286 judicium.
1297 2215 1434 2272 Vide
1463 2217 1630 2287 igitur
1657 2216 1858 2285 quibus
1895 2231 1954 2272 se

378 2306 545 2376 jactet
576 2307 866 2378 portentis,
895 2309 1103 2365 sanctis
1133 2308 1484 2380 evangelistis
1529 2308 1734 2364 nostris
1777 2307 1954 2364 Philo-

380 2403 614 2453 stratum
644 2403 1016 2468 anteponens,
1073 2406 1133 2455 ut
1174 2399 1268 2470 qui
1303 2399 1614 2455 eruditione
1645 2413 1757 2454 non
1789 2400 1953 2454 modo

379 2490 672 2560 profecerit
696 2491 950 2558 maxime,
981 2492 1078 2549 sed
1124 2493 1369 2550 veritatis
1392 2493 1560 2550 etiam
1608 2494 1684 2551 sit
1714 2493 1954 2550 maxime

379 2579 682 2638 studiosus.

2573 2693 2967 2749 ΚΕΦΑΛΑῙΟΝ
3006 2693 3106 2747 lH'.

448 2783 695 2842 Primum
738 2785 904 2858 igitur
938 2788 1159 2860 quidem
1193 2788 1250 2843 in
1279 2789 1476 2844 itinere
1509 2789 1782 2860 Apollonii
1812 2789 1858 2822 “
1883 2790 1948 2845 ad

2124 2792 2325 2864 Πρῶτα
2355 2791 2452 2861 μὲν
2482 2785 2576 2844 οὖν
2629 2791 2688 2843 έν
2715 2791 2782 2860 τῇ
2828 2787 2966 2860 πρὸς
3011 2788 3137 2850 τοὺς
3169 2787 3505 2858 Βραχμᾶνας
3546 2804 3646 2840 πο-

379 2872 750 2932 Brachmanas
776 2875 976 2932 femina
1005 2877 1254 2948 quedam
1299 2879 1369 2934 ab
1404 2894 1470 2936 eo
1499 2881 1685 2936 colore
1733 2880 1948 2936 induci-

2060 2885 2180 2958 ρείᾳ
2227 2884 2320 2937 τοῦ
2363 2882 2718 2937 Ἀπολλωνίου
2759 2883 2895 2953 γυνή
2961 2899 3050 2945 τις
3088 2880 3236 2951 αὐτῷ
3279 2882 3378 2950 τὴν
3424 2881 3641 2952 χροιὰν,

379 2976 492 3038 tur,
522 2985 555 3026 a
587 2972 765 3042 capite
793 2971 860 3026 ad
892 2972 1069 3028 femur
1095 2987 1270 3043 usque
1311 2973 1721 3037 candidissima,
1746 2972 1948 3042 reliqua

2060 2979 2330 3047 εἰσάγεται
2366 2977 2476 3030 ἀπὸ
2506 2975 2608 3046 τῆς
2638 2975 2879 3047 κεφαλῆς
2909 2977 2966 3038 ἐς
3001 2975 3171 3044 ὀσφὺν
3202 2974 3505 3044 λευκοτάτη
3541 2973 3640 3044 (5),

380 3077 512 3119 vero
543 3064 788 3134 corporis
810 3071 965 3135 parte
992 3065 1168 3137 nigra.
1203 3063 1414 3121 Montes
1445 3081 1632 3136 porro,
1671 3066 1948 3137 pergenti-

2060 3069 2116 3124 τὸ
2161 3070 2218 3124 δὲ
2255 3070 2438 3141 ἕτερον
2473 3068 2638 3142 μέρος
2666 3067 2762 3122 τοῦ
2809 3067 3061 3140 σώματος
3115 3066 3340 3139 μέλαινα
3362 3083 3375 3097 ο
3432 3066 3505 3119 τὰ
3561 3065 3642 3129 δὲ,

381 3155 486 3212 bus
514 3155 571 3210 in
595 3157 792 3214 itinere
822 3159 888 3214 ad
920 3158 1290 3214 Brachmanas
1321 3157 1560 3232 [oblati],
1602 3159 1788 3230 pipere
1820 3174 1948 3214 con-

2060 3162 2350 3234 προϊόντων
2378 3162 2477 3234 τῆς
2507 3163 2599 3215 ἐπὶ
2628 3162 2756 3226 τοὺς
2786 3161 3117 3234 Βραχμᾶνας
3146 3160 3285 3224 ὀδοῦ,
3311 3160 3437 3230 ὅρη,
3473 3176 3641 3213 καται-

381 3247 474 3305 siti
507 3247 572 3313 δ’,
598 3248 826 3322 ejusque
853 3251 1033 3306 coloni
1079 3252 1251 3309 simiae
1269 3291 1283 3316 ,
1329 3252 1703 3322 draconesque
1729 3250 1948 3322 quidam

2060 3255 2436 3327 πεφυτευμένα
2475 3255 2536 3308 τὸ
2583 3255 2805 3328 πέπερι,
2840 3255 2936 3308 καὶ
2981 3253 3171 3307 τούτου
3214 3252 3436 3324 πίθηκοι
3464 3267 3643 3322 γεωρ-

380 3340 759 3411 magnitudine
787 3343 1052 3412 stupenda
1077 3343 1144 3412 δ’,
1167 3343 1233 3400 de
1255 3359 1488 3414 quorum
1515 3343 1784 3413 capitibus
1811 3341 1948 3414 ignis

2060 3348 2160 3417 γοὶ,
2194 3349 2288 3401 καὶ
2331 3345 2620 3419 παράδοξοι
2648 3362 2796 3408 τινες
2851 3344 2912 3398 τὸ
2945 3344 3170 3416 μέγεθος
3213 3343 3531 3415 δράκοντες,
3566 3335 3644 3396 ὧν

381 3429 612 3488 flammat
639 3433 960 3500 scintillent,
989 3451 1128 3506 quos
1153 3438 1200 3491 si
1233 3437 1360 3508 quis
1391 3438 1642 3507 perimat,
1677 3437 1730 3490 in
1761 3451 1948 3492 eorum

2060 3440 2161 3495 ἀπὸ
2181 3439 2420 3510 κεφαλῆς
2447 3436 2730 3508 λαμπάδες
2757 3435 3222 3508 ἀπορριπτοῦνται
3244 3433 3439 3507 πυρὸς,
3466 3432 3564 3496 οὓς
3594 3432 3647 3485 εἴ

2050 3547 2135 3594 τις
2159 3529 2356 3595 ἀνέλοι,
2375 3529 2524 3602 εὖροι
2545 3529 2634 3593 ἂν,
2663 3530 2814 3602 φησὶ,
2846 3527 3184 3600 παραδόξους
3209 3525 3388 3590 λίθους
3414 3525 3508 3578 ἐπὶ
3540 3525 3643 3596 τῆς

2052 3621 2313 3692 κεφαλῆς,
2334 3621 2410 3693 τῷ
2439 3622 2532 3676 τοῦ
2559 3623 2752 3693 Γύγου,
2773 3620 2867 3674 τοῦ
2885 3620 3037 3691 παρὰ
3061 3619 3140 3689 τῷ
3160 3619 3432 3682 Πλάτωνι,
3462 3635 3620 3688 παρα

2053 3712 2330 3784 πλησίους.
2352 3714 2463 3767 Καὶ
2485 3713 2657 3768 ταῦτα
2689 3712 2787 3784 μὲν
2813 3712 2883 3765 τὰ
2905 3711 3012 3782 πρὸ
3039 3712 3133 3764 τοῦ
3166 3710 3272 3764 τῶν
3295 3710 3645 3780 Βραχμάνων

2051 3805 2238 3876 λόφου.
2279 3804 2368 3870 Ὠς
2397 3806 2455 3860 δὲ
2497 3807 2593 3860 καὶ
2635 3807 2715 3869 εἰς
2746 3806 2906 3859 αὐτὸν
2945 3805 3220 3874 ἀφίκοντο,
3255 3803 3645 3873 Σανδαρίκινον

2051 3898 2286 3953 ἐνταῦθα
2312 3899 2488 3971 φρέαρ
2530 3898 2725 3962 ὓδατος
2791 3898 2919 3952 ἰδεῖν
2975 3896 3301 3968 παραδόξου,
3355 3895 3453 3948 καὶ
3501 3910 3644 3965 κρα-

2050 3988 2194 4059 τῆρα.
2229 3988 2453 4060 πλησίον
2473 3988 2666 4060 πυρὸς,
2689 3981 2751 4040 οὗ
2773 3987 2946 4067 φλόγα
2977 3985 3398 4056 ἀναπέμπεσθαι
3433 3985 3644 4056 μολυϐ-

384 4083 777 4144 continenteni,
807 4097 876 4138 ex
903 4098 1012 4153 quo
1045 4082 1280 4152 plumbei
1311 4082 1513 4139 coloris
1560 4081 1777 4137 ﬂamma
1821 4098 1948 4140 sur-

2060 4079 2213 4150 δώδηο
2244 4079 2340 4134 δύο
2369 4096 2429 4132 τε
2454 4079 2640 4142 πίθους
2663 4078 2810 4132 λίθου
2851 4078 3098 4149 μέλανος
3131 4077 3222 4130 τὸν
3253 4076 3352 4147 μὲν
3386 4074 3644 4147 ὖμὸρων,

385 4187 509 4228 sum
539 4171 745 4228 tendat.
777 4169 917 4228 Tum
945 4179 1000 4228 et
1033 4173 1178 4227 dolia
1219 4172 1328 4227 duo
1363 4173 1561 4243 lapidis
1593 4173 1948 4244 nigricantis,

2060 4170 2141 4225 τὸν
2162 4171 2218 4224 δὲ
2236 4170 2469 4241 ἀνέμων,
2489 4170 2579 4239 ἀφ’
2593 4162 2667 4222 ὧν
2689 4170 2814 4231 τοὺς
2826 4169 3174 4239 Βραχμᾶνας,
3192 4160 3272 4228 οἷς
3298 4164 3364 4218 ἂν
3380 4161 3492 4217 εἶεν
3513 4165 3646 4234 ῐλεῳ

383 4263 614 4318 alterum
664 4262 958 4328 imbrium,
1011 4263 1350 4334 alterumque
1409 4272 1695 4320 ventorum
1724 4304 1740 4329 ,
1808 4264 1948 4321 unde

2060 4263 2148 4333 τῆς
2175 4260 2378 4334 χώρας,
2427 4264 2700 4334 χορηγεῖν.
2749 4260 2911 4314 Ἀλλά
2935 4277 2998 4329 γε
3047 4260 3141 4312 καὶ
3173 4258 3469 4328 ἀγάλματα
3506 4257 3645 4330 παρ’

381 4351 750 4410 Brachmanes
780 4355 849 4410 iis
881 4354 1081 4426 quibus
1109 4353 1327 4412 faveant
1351 4355 1624 4428 indigenis
1652 4355 1866 4430 [ventos
1888 4371 1948 4412 ac

2060 4357 2242 4419 αὐτοῖς
2283 4355 2511 4428 Ἀθηνᾶς
2540 4373 2558 4404 ‹
2591 4353 2856 4418 Πολιάδος
2887 4374 2905 4405 ι
2935 4351 3377 4412 καὶἈπόλλωνος
3409 4349 3642 4416 Πυθίου,

383 4441 645 4516 pluviam]
663 4445 1061 4514 impertiantur.
1078 4445 1218 4513 Quin
1239 4454 1450 4503 statuas
1467 4462 1684 4519 qu0que
1695 4446 1837 4518 apud
1855 4461 1948 4504 eos

2060 4452 2149 4505 καὶ
2177 4449 2426 4503 Διονύσου
2457 4448 2554 4519 (6),
2585 4450 2677 4502 καὶ
2701 4447 2875 4502 ἄλλων
2911 4446 3074 4500 τινῶν
3113 4443 3439 4514 Ἑλληνικῶν
3475 4442 3641 4498 θεῶν.

382 4549 506 4592 esse
540 4554 561 4589 ι
600 4536 838 4593 Poliadis
876 4556 895 4590 ι
935 4536 1210 4605 Minervae,
1239 4537 1528 4612 Pythiique
1566 4540 1865 4611 Apollinis,
1896 4547 1948 4594 et

2065 4543 2278 4616 Ἰάρχαν
2308 4541 2384 4606 δὲ,
2414 4541 2506 4594 τὸν
2549 4542 2642 4595 ὲπὶ
2687 4541 2923 4603 πάντων,
2978 4557 2996 4590 ι
3035 4537 3352 4592 διδάσκαλον
3390 4556 3409 4588 ι
3449 4535 3642 4590 καλεῖ-

382 4622 602 4687 Bacchi,
631 4625 970 4696 aliorumque
985 4627 1345 4700 quorumdam
1375 4629 1625 4695 deorum,
1653 4643 1776 4699 quae
1801 4625 1948 4683 Gran-

2060 4634 2178 4687 σθαι
2201 4650 2215 4665 ο
2245 4633 2305 4687 δν
2343 4633 2439 4686 καὶ
2473 4631 2601 4685 ἰδεῖν
2635 4630 3014 4702 καθεζόμενον,
3047 4627 3241 4682 πολλοῦ
3272 4644 3337 4696 γε
3360 4627 3445 4680 δεῖ
3489 4626 3642 4697 φιλο-

383 4715 432 4770 ci
461 4715 666 4769 colunt.
698 4714 946 4776 larcham
979 4724 1158 4772 autem
1194 4717 1264 4784 “,
1296 4719 1390 4790 qui
1435 4719 1691 4774 omnibus
1721 4721 1905 4789 praesit
1929 4757 1946 4785 ,

2060 4725 2310 4796 πφικῶς,
2347 4724 2667 4796 σατραπικῷ
2699 4722 2777 4793 (7)
2824 4723 2868 4776 δ’
2903 4722 2968 4776 ἂν
3001 4721 3196 4794 μᾶλλον
3241 4721 3506 4792 σχήματι,
3549 4721 3640 4789 ἐφ’

382 4805 642 4875 appellari
667 4824 686 4858 ι
721 4803 1075 4876 magistrum:
1101 4827 1121 4860 ι
1151 4823 1312 4878 quem
1331 4809 1525 4866 viderit
1545 4809 1944 4875 considentem,

2060 4816 2386 4888 ὑψηλοτάτου
2423 4815 2632 4888 δίφρου.
2681 4812 2899 4868 Χαλκοῦ
2948 4813 3006 4866 δὲ
3057 4813 3283 4883 μέλανος
3331 4808 3493 4875 οὗτος
3542 4805 3637 4882 ἦν,

381 4895 572 4952 habitu
629 4897 762 4953 adeo
798 4914 830 4953 a
873 4899 1248 4971 philosophica
1279 4901 1612 4968 dissidente,
1661 4911 1722 4958 ut
1754 4912 1946 4960 satra-

2060 4909 2146 4963 ιιαὶ
2199 4907 2512 4962 πεποίκιλτο
2546 4904 2796 4980 χρυσέοις
2846 4904 3174 4977 ἀγάλμασιν,
3224 4901 3312 4958 οἷα
3353 4904 3420 4975 δὴ
3464 4904 3635 4967 εἰκὸς,

380 5005 508 5063 pani
544 4991 792 5049 retulerit
831 4997 1048 5064 potius,
1084 4994 1143 5050 in
1179 4995 1400 5053 sublimi
1430 4997 1729 5056 collocatus
1783 5000 1943 5057 solio.

2060 5000 2396 5072 τεχνουργῶν
2436 4998 2717 5070 βαναύσων
2747 4997 2967 5072 τρόπον,
2997 4999 3133 5070 πυρὶ
3177 4996 3271 5051 καὶ
3298 4997 3503 5068 σιδήρῳ
3539 5013 3636 5066 μο-

929 2693 1160 2752 CAPUT
1200 2695 1391 2753 XVIII.

383 3525 561 3598 capite
587 3528 866 3583 mirabiles
895 3527 1132 3583 inveniat
1163 3528 1398 3599 lapillos,
1426 3529 1589 3600 Gygze
1619 3529 1819 3598 lapidi,
1853 3544 1953 3583 cu-

379 3620 472 3694 jus
496 3619 638 3692 apud
671 3618 950 3677 Platonem
983 3623 1206 3684 mentio,
1231 3621 1456 3677 similes.
1491 3620 1556 3675 Et
1594 3621 1709 3676 haec
1732 3621 1951 3692 quidem

384 3724 514 3771 sunt
565 3730 728 3785 quin,
767 3721 1060 3786 antequam
1123 3712 1192 3768 ad
1231 3713 1632 3768 Brachmanum
1682 3714 1950 3769 tumulum

384 3807 753 3878 perveniatur,
784 3815 1098 3862 occurrunt.
1136 3805 1207 3861 Ut
1252 3822 1382 3862 vero
1416 3806 1563 3862 hunc
1589 3821 1807 3878 quoque
1835 3806 1953 3860 atti-

383 3907 580 3971 gerunt
610 3897 677 3964 “,
711 3896 1146 3953 Sandaracinum
1194 3897 1307 3954 illic
1356 3907 1578 3969 puteum
1609 3899 1814 3954 vidisse
1840 3899 1950 3965 ait,

384 4005 540 4062 aqua:
586 3990 746 4061 plane
777 3989 1082 4046 mirabilis:
1117 3990 1383 4060 juxtaque
1414 3997 1715 4056 craterem,
1771 3991 1951 4062 ignem

450 5144 498 5177 ”
534 5145 629 5201 lib.
661 5161 744 5202 ιιι.
815 5145 864 5182 ⁸⁸
899 5147 996 5204 lib.
1031 5165 1126 5215 ιιι,
1158 5163 1206 5204 c.
1239 5151 1294 5205 5.
1369 5151 1413 5184 δι
1452 5152 1549 5208 lib.
1583 5167 1677 5218 ιιι,
1711 5167 1762 5210 c.
1793 5153 1850 5210 4.
1924 5151 1948 5188 ⁸

2060 5156 2104 5211 b.
2138 5169 2236 5220 ιιι,
2269 5170 2318 5211 c.
2352 5153 2409 5210 8.
2483 5153 2533 5186 “
2569 5153 2666 5208 lib.
2699 5168 2782 5217 ιιι,
2815 5168 2866 5208 c.
2902 5151 2988 5207 H.
3064 5151 3111 5184 “
3148 5150 3246 5207 lib.
3277 5167 3376 5218 ιιι,
3407 5165 3456 5205 c.
3498 5150 3581 5208 l6.

2051 5321 2352 5379 cognomen
2385 5306 2442 5379 in
2483 5307 2766 5379 Bacchicis
2795 5307 2939 5362 haud
2972 5322 3116 5379 esse.
3163 5305 3303 5379 Puto
3337 5322 3440 5378 ego
3468 5308 3626 5362 docta

2051 5377 2215 5449 manu
2256 5377 2489 5449 quadam
2518 5377 2712 5449 Δηλίου
2743 5378 2796 5432 in
2830 5378 3077 5447 margine
3099 5378 3279 5449 primo
3305 5377 3623 5432 adnotatum

2052 5448 2242 5511 fuisse,
2275 5457 2334 5502 ut
2365 5448 2588 5503 scilicet
2609 5457 2888 5519 notaretur
2916 5451 3058 5519 apud
3094 5448 3492 5519 Philostratum
3527 5463 3624 5519 pro

2063 5519 2394 5590 Ἀπόλλωνος
2424 5519 2628 5590 Πυθίου
2658 5518 2784 5588 legi,
2827 5517 3159 5584 ’Λπόλλωνος
3187 5517 3380 5590 Δηλίου
3417 5538 3431 5573 :
3462 5517 3622 5590 idque

2050 5597 2242 5670 postea
2268 5589 2545 5670 indoctum
2576 5589 2860 5642 librarium
2893 5591 2948 5643 in
2979 5597 3183 5644 textum
3212 5595 3337 5659 post
3364 5589 3616 5644 Διονύσου

2052 5660 2302 5727 imperite
2327 5661 2640 5714 intrusisse.

2123 5730 2200 5801 (7)
2241 5727 2605 5801 Σατραπικῷ.
2643 5727 3026 5801 Italegendum
3048 5729 3272 5786 omnino
3292 5743 3395 5801 pro
3420 5745 3619 5801 σατρα-

2051 5798 2228 5864 πικῶς
2255 5799 2400 5871 quod
2433 5805 2550 5856 erat
2586 5799 2642 5854 in
2676 5798 2858 5856 editis.

451 5296 531 5441 μζ
581 5297 745 5370 Ἡμῖν
767 5300 884 5371 μὲν
907 5301 1236 5372 εὐχέρειαν,
1267 5310 1371 5357 etc.
1415 5303 1545 5361 Vide
1570 5320 1734 5376 supra
1761 5321 1811 5361 ο.
1842 5306 1898 5362 2.

474 5368 508 5423 5
566 5370 699 5425 Ἀπὸ
727 5389 778 5426 τ.
977 5377 1043 5439 ἐς
1075 5374 1214 5441 dego.
1245 5377 1414 5429 λευκ.
1452 5374 1527 5428 Ex
1559 5378 1822 5431 memoria
1851 5394 1898 5433 St

474 5368 531 5443 5)
566 5368 699 5425 Ἀπὸ
727 5368 779 5426 τ.
811 5389 941 5443 ergo.
977 5368 1214 5443 ἐξόσφ.
1245 5377 1414 5429 λευκ.
1452 5374 1527 5428 Ex
1559 5368 1822 5431 memoria
1851 5391 1950 5433 sua

378 5441 565 5508 potius
586 5457 746 5510 quam
770 5457 836 5496 ex
859 5441 1194 5499 Philostrato
1221 5443 1334 5500 haec
1363 5445 1632 5512 depromit
1657 5444 1948 5512 Eusebius,

421 5524 501 5564 ua:
532 5518 854 5586 tamencum
879 5513 969 5569 hic
987 5513 1252 5586 destituit.
1284 5513 1417 5568 Nam
1435 5513 1803 5573 Philostratus
1828 5519 1950 5586 qui-

420 5594 502 5660 em
538 5580 684 5660 illam
718 5581 976 5660 feminam
1023 5598 1054 5637 ο
1097 5585 1274 5654 capite
1319 5601 1494 5660 usque
1543 5580 1946 5660 ad_mamnias,

382 5652 615 5724 nigram,
648 5652 772 5724 inde
803 5655 1011 5724 reliquo
1037 5652 1264 5724 corpore
1295 5652 1583 5709 candidam
1615 5657 1784 5713 fuisse
1814 5660 1908 5712 ait.

454 5719 545 5799 (6)_
702 5719 1013 5799 Διονύσου.
1034 5719 1278 5799 Inc-ditis
1299 5725 1542 5781 additum
1563 5727 1776 5799 Δηλίου,
1799 5728 1946 5799 quod

384 5787 604 5848 Eusebii
632 5808 756 5850 esse
783 5795 994 5866 nequit,
1027 5795 1120 5866 qui
1144 5794 1396 5866 ignorare
1424 5811 1534 5853 non
1564 5787 1778 5866 poterat
1804 5787 1945 5854 Delii
