3856 6222
158 371 272 431 825
1307 370 1514 429 LIBER
1548 371 1830 430 CONTRA
1869 373 2294 435 HIEROCLEM.
3336 383 3440 441 826

157 485 430 562 χθοῦντας
460 485 590 550 τοὺς
625 484 950 555 φιλοσόφους
989 489 1362 560 τεχνουργεῖν,
1392 488 1426 559 ἢ
1469 489 1584 557 καὶ,
1620 489 1743 544 θαυ.

1860 491 1990 547 Erat
2021 500 2200 549 autem
2229 495 2361 550 illud
2389 509 2456 550 ex
2495 507 2603 550 aere
2643 495 2821 566 nigro,
2854 494 3147 568 aureisque
3187 508 3442 556 ornatum

161 578 478 652 ματοποιῶν
508 577 685 650 δίκην,
731 577 1037 649 αὐτόματον
1079 579 1361 633 ἀππελεϊν
1401 582 1463 634 τὸ
1501 581 1743 654 δημιούρ

1861 587 2081 650 statuis,
2123 587 2314 658 quales
2338 587 2570 654 scilicet,
2604 587 2887 644 fabrorum
2930 605 3084 646 more
3132 593 3446 648 verosimile

155 689 338 746 γημα.
374 673 440 726 Oi
485 671 541 725 δὲ
581 671 691 725 τῶν
723 671 900 726 ἄλλων
931 671 1040 724 τῶν
1083 672 1200 743 μετ’
1233 673 1396 727 αὐτὸν
1439 673 1743 728 διδάσκαλοι

1858 679 1932 733 sit
1965 681 2284 751 sapientes,
2326 680 2438 750 igni
2486 679 2744 751 ferroque
2794 681 3076 747 adhibito,
3131 681 3440 750 fabricare;

153 763 339 835 δίφροι
377 764 571 835 χαλκοῖ
603 764 724 836 μὲν,
754 763 942 834 φησιν,
967 763 1171 835 ἄσημοι
1199 765 1244 819 δ’
1275 761 1438 836 ἦσαν,
1466 767 1562 820 καὶ
1594 763 1743 838 ἦττοι

1857 770 1990 840 quin
2013 780 2066 826 et
2091 772 2552 842 praestigiatorum
2595 772 2706 826 ritu
2753 773 2828 826 ita
2855 787 2992 842 opus
3023 773 3330 838 instruere,
3381 781 3445 830 ut

155 853 376 927 ὑψηλοί.
428 855 578 909 Ἐδει
621 856 730 927 γάρ
779 872 880 909 που
930 855 1194 928 τυράννου
1247 857 1466 922 πάντως
1511 860 1743 930 σχήματι

1857 869 2055 931 sponte
2099 878 2198 918 sua
2233 871 2538 920 moveatur.
2571 863 2905 919 Caeterarum
2940 871 3144 928 autem,
3177 866 3270 936 qui
3302 866 3447 923 assi-

155 946 464 1018 προνομίας
486 946 589 1016 τῆς
617 947 674 1000 ὲν
701 946 1000 1016 ἀγάλμασι,
1029 948 1124 1002 καὶ
1149 949 1336 1020 χρυσῷ
1367 950 1458 1002 τὸν
1482 949 1582 1020 τῆς
1601 949 1752 1014 θείας

154 1037 480 1107 φιλοσοφίας
503 1038 820 1093 διδάσκαλον
852 1039 1152 1104 ἀξιοῦσθαι.

1863 951 2069 1008 debant
2097 954 2392 1025 magistro,
2426 955 2607 1018 sedes,
2631 970 2785 1010 terea:
2813 954 3066 1026 quidem,
3099 958 3179 1011 uti
3239 958 3314 1012 ait
3333 997 3348 1020 ,
3367 958 3445 1014 si-

1859 1046 1983 1116 gnis
2013 1053 2196 1102 tamen
2223 1061 2428 1102 ornatae
2479 1063 2589 1102 non
2615 1055 2797 1114 erant,
2836 1049 3130 1119 minusque
3158 1051 3440 1108 sublimes.

152 1127 365 1201 Nempe
391 1139 510 1186 erat
546 1134 879 1189 conveniens
917 1135 1143 1190 omnino
1183 1136 1332 1207 regio
1361 1138 1578 1192 ornatui
1614 1142 2005 1212 praerogativa,
2054 1142 2112 1197 in
2160 1145 2360 1200 statuis
2391 1143 2499 1199 illis
2537 1141 3231 1214 consistens,[conveniens
3264 1144 3416 1221 item]

152 1239 295 1281 auro
323 1226 598 1284 honorare
626 1227 822 1283 divinae
843 1230 1199 1301 philosophiae
1224 1233 1572 1305 magistrum.

685 1327 1082 1382 ΚΕΦΑΛΑΙΟΝ
1123 1328 1222 1382 ΙΘ’.

225 1416 453 1489 Πρῶτον
498 1417 554 1472 δὲ
597 1417 689 1472 τὸν
735 1419 949 1491 Ἰἀρχαν
994 1421 1188 1486 ἰδόντα,
1217 1425 1369 1495 φησὶ,
1419 1425 1511 1479 τὸν
1553 1427 1746 1484 Ἀπολ-

149 1503 367 1572 λώνιον,
414 1507 474 1574 ἐξ
520 1509 783 1580 ὀνόματός
825 1528 886 1564 τε
937 1517 1256 1584 προσειπεῖν
1298 1515 1373 1585 (8)
1421 1517 1631 1573 Ἑλλάδι
1676 1523 1743 1592 τῇ

150 1603 331 1672 φωνῇ,
363 1602 458 1656 καὶ
489 1604 555 1674 ἦν
579 1601 728 1674 αύτῷ
756 1603 909 1674 παρὰ
933 1603 1188 1676 Φραώτου
1215 1608 1429 1679 κομίζει
1455 1611 1744 1684 ἐπιστολὴν

147 1695 398 1766 αἰτῆσαι,
449 1695 592 1748 κατὰ
641 1697 948 1768 πρόγνωσιν
995 1697 1094 1768 ἤδη
1145 1699 1306 1754 τοῦτο
1351 1703 1742 1774 προειληφότα.

162 1783 623 1883 Ἐνδείξασθαίᾼτε
665 1786 726 1840 τὸ
773 1786 954 1883 ἔνθεον
999 1789 1098 1859 τῆς
1131 1791 1510 1862 προγνώσεως,
1560 1812 1746 1866 προει-
1777 1828 1820 1883 Β

151 1877 383 1950 ρηκότα,
411 1877 488 1941 ὡς
529 1877 636 1948 ἀρα
668 1879 747 1932 ἑνὶ
769 1879 1078 1952 γράμματι,
1118 1883 1196 1954 τῷ
1234 1902 1253 1934 ι
1289 1884 1480 1948 Δέλτα,
1522 1905 1540 1938 ι
1575 1885 1746 1941 λείποι

145 1972 182 2040 ὴ
210 1970 508 2042 ἐπιστολή.
551 1971 852 2041 Ἀρξασθαί
900 1991 959 2026 τε
1003 1975 1380 2046 ἀπειροκάλως
1425 1977 1587 2042 εὐθὺς
1639 1979 1749 2033 ἀπὸ

148 2066 382 2136 πρώτης
412 2063 651 2134 ὁμιλίας,
696 2067 1129 2139 ἀπειροπλούτου
1172 2069 1348 2142 δίκην,
1391 2071 1749 2126 ὲνεπιδείκνυ-

149 2154 280 2208 σθαι
313 2155 375 2209 τὺ
417 2156 519 2226 τῆς
571 2158 934 2230 προγνώσεως
980 2161 1381 2234 πλεονέκτημα,
1415 2165 1624 2237 πατέρα
1655 2167 1748 2219 καὶ

149 2247 373 2320 μητέρα
409 2249 778 2318 καταλέγοντα
822 2251 916 2304 τοῦ
957 2253 1337 2317 Ἀπολλωνίου,
1373 2257 1528 2325 γένος
1561 2275 1618 2310 τε
1656 2261 1748 2312 καὶ

145 2340 383 2411 τροφὴν,
417 2341 511 2394 καὶ
538 2343 812 2405 παιδείαν,
854 2343 949 2397 καὶ
975 2345 1075 2409 τὰς
1103 2347 1246 2400 κατά
1283 2347 1510 2419 χρόνους
1541 2350 1746 2422 ἀποδη-

149 2431 309 2502 μίας,
340 2432 436 2486 καλ⁵
465 2432 564 2503 τὴν
604 2435 661 2498 ἐς
703 2435 865 2488 αὑτὸν
913 2437 1158 2507 πορείαν,
1191 2440 1284 2492 καὶ
1327 2439 1398 2492 τά
1430 2443 1550 2494 κατ’
1579 2427 1747 2514 αῦτὴν

145 2523 522 2595 πεπραγμένα
575 2524 722 2596 αὐτῷ
777 2527 872 2580 καὶ
913 2527 1256 2599 ὡμιλημένα.
1292 2525 1426 2583 Εἶτα
1476 2530 1532 2584 δέ
1582 2549 1746 2603 φησιν

143 2607 308 2679 οὗτος
351 2617 380 2668 6
431 2615 736 2687 Θαυμάσιος
794 2621 1165 2691 συγγραφεὺς,
1218 2622 1344 2685 τοὺς
1393 2622 1744 2695 Βραχμᾶνας,

144 2709 272 2780 ἅμα
325 2708 405 2780 τῷ
445 2709 807 2783 Ἀπολλωνίῳ,
857 2713 1224 2784 χρισαμένους
1274 2714 1576 2787 ὴλεκτρίνῳ
1611 2734 1748 2786 φαρ-

147 2801 335 2872 μάκῳ,
363 2801 658 2856 λούσασθαι
681 2818 695 2831 °
729 2805 824 2857 καὶ
869 2806 1233 2875 περιστάντας
1260 2806 1336 2870 ὼς
1369 2808 1428 2859 ἐν
1464 2807 1614 2880 χορῷ
1647 2809 1746 2880 τὴν

142 2892 257 2963 γῆν
289 2893 457 2964 τύψαι
500 2899 620 2960 ταῖς
671 2895 918 2968 ῥάϐδοις·
947 2897 1044 2968 τὴν
1091 2897 1149 2949 δὲ
1198 2899 1571 2970 κυρτωθεῖσαν
1617 2902 1748 2955 ἀνα-

145 2986 372 3058 πέμψαι
405 2988 603 3052 αὐτοὺς
627 2990 687 3054 ὲς
732 2989 932 3060 δίπηχυ
965 2989 1060 3043 τοῦ
1093 2991 1276 3062 ἀέρος,
1306 2992 1528 3045 ἑστάναι
1567 3009 1627 3045 τε
1657 2993 1750 3045 αύ-

142 3081 278 3143 τοὺς
309 3080 618 3153 μετεώρους
645 3084 702 3135 ὲν
723 3082 870 3152 αὐτῷ
892 3082 1011 3154 ἀέρι
1036 3083 1126 3136 ἐπί
1148 3101 1201 3136 τι
1229 3084 1422 3155 χρόνου
1449 3084 1743 3155 διάστημα,

2335 1324 2498 1397 524
2532 1325 2761 1382 CAPUT
2799 1321 2941 1382 XIX.

1925 1419 2176 1477 larcham
2223 1430 2404 1474 autem
2431 1460 2446 1484 ,
2478 1422 2568 1475 ubi
2621 1422 2858 1490 primum
2929 1421 3278 1493 Apollonium
3310 1439 3446 1479 con-

1853 1513 2157 1584 spexisset,
2178 1511 2504 1565 nominatim
2538 1527 2664 1566 eum
2697 1512 2965 1567 salutasse
3019 1514 3095 1567 ait
3125 1512 3310 1569 Grazca
3347 1516 3445 1568 lin-

1851 1619 1979 1676 gua,
2010 1603 2271 1673 reddique
2305 1603 2408 1658 sibi
2439 1602 2725 1672 epistolam
2749 1642 2764 1667 ,
2807 1618 2973 1673 quam
3007 1617 3038 1657 a
3068 1602 3302 1660 Phraota
3337 1607 3442 1676 ipsi

1854 1696 2116 1752 all'erebat
2137 1736 2152 1758 ,
2187 1695 2500 1767 postulasse
2527 1735 2540 1758 ,
2569 1702 2753 1750 mente
2785 1710 3030 1766 praesaga
3064 1712 3128 1750 ea
3157 1697 3224 1752 de
3250 1697 3441 1767 rejam

1855 1798 2014 1844 antea
2037 1787 2315 1844 edoctum.
2372 1785 2577 1857 Nempe
2604 1787 3012 1842 demonstrasse
3039 1787 3302 1844 divinitus
3335 1787 3441 1842 sibi

1849 1897 1939 1935 res
1967 1887 2126 1935 antea
2167 1886 2486 1949 perspectas
2528 1894 2672 1941 esse,
2701 1879 3049 1949 praedicendo
3092 1895 3199 1932 una
3232 1879 3437 1944 littera,

1854 1991 1872 2023 ι
1905 1971 2080 2037 Delta,
2104 1993 2134 2039 ς»
2166 1972 2397 2027 deiicere
2430 1972 2738 2040 epistoiam.
2759 1972 3008 2042 Cocpisse
3033 1983 3213 2026 autem
3248 1987 3439 2043 parum

1847 2067 2096 2122 modeste
2120 2067 2296 2136 prima
2329 2065 2518 2120 statim
2573 2067 2994 2120 conversatione
3014 2106 3027 2127 ,
3068 2081 3223 2121 more
3249 2081 3440 2120 eorum

1848 2160 1938 2229 qui
1975 2160 2144 2215 vastis
2175 2159 2382 2213 divitiis
2410 2157 2716 2220 abundant,
2763 2158 3210 2212 absconditarum
3256 2175 3439 2214 rerum

1843 2253 2055 2321 jactare
2088 2253 2395 2314 scientiam,
2437 2259 2646 2322 patrem
2691 2252 3034 2306 recensendo
3061 2253 3335 2322 Apollonii
3388 2259 3444 2308 et

1847 2352 2099 2410 matrem,
2129 2353 2181 2399 et
2211 2359 2384 2415 genus
2423 2360 2608 2406 omne,
2634 2344 3130 2416 educationemque
3182 2355 3236 2400 et
3284 2345 3442 2401 insti-

1845 2435 2133 2503 tutionem,
2155 2435 2434 2504 variisque
2480 2436 2824 2506 temporibus
2876 2446 3164 2506 susceptas
3194 2435 3442 2508 peregri-

1846 2526 2118 2588 nationes,
2152 2535 2205 2580 et
2235 2527 2381 2596 quod
2412 2527 2477 2580 ad
2504 2526 2684 2596 ipsum
2714 2527 3028 2582 instituerat
3054 2529 3176 2592 iter,
3211 2543 3443 2598 qumque

1846 2619 1950 2687 ipsi
1978 2619 2032 2672 in
2064 2634 2129 2673 eo
2159 2625 2311 2690 gesta
2347 2619 2563 2674 dictave
2613 2618 2850 2674 fuerant.
2895 2619 3026 2674 inde
3068 2635 3232 2688 porro
3287 2635 3442 2689 egre-

1847 2713 1969 2782 gius
1997 2713 2088 2767 ille
2121 2713 2356 2782 scriptor
2384 2719 2577 2766 narrat
2609 2711 2678 2776 ⁸⁸,
2707 2712 2976 2766 electrino
3023 2721 3302 2782 unguento
3333 2729 3439 2766 un-

1846 2815 1967 2862 ctos
1990 2805 2364 2862 Brachmanas
2394 2819 2520 2860 cum
2543 2801 2818 2876 Tyanensi
2841 2847 2855 2871 ,
2888 2805 3088 2860 balneo
3119 2821 3252 2860 usos
3281 2821 3402 2860 esse
3423 2847 3438 2864 .

1845 2913 2079 2965 eumque
2108 2897 2448 2959 ambientes,
2486 2896 2656 2951 choro
2683 2897 2874 2965 quasi,
2933 2903 3138 2951 terram
3185 2899 3445 2967 scipioni-

1845 2988 1949 3042 bus
1972 2986 2218 3051 feriisse;
2251 3001 2372 3040 eam
2406 3001 2538 3041 vero
2569 2985 2624 3039 in
2662 2987 2888 3056 gibbum
2920 2989 3282 3050 resilientem,
3317 2991 3442 3045 alti-

1844 3079 2036 3135 tudine
2067 3079 2351 3134 bicubitali
2382 3094 2477 3134 eos
2504 3081 2558 3132 in
2605 3095 2792 3135 aerem
2852 3081 3138 3146 extulisse,
3171 3084 3439 3152 pensiles-

145 3171 333 3226 ἕλκειν
358 3173 417 3226 δὲ
450 3174 543 3227 καὶ
583 3172 694 3245 πῦρ
729 3173 836 3227 ἀπὸ
863 3174 957 3227 τοῦ
1001 3174 1174 3246 ἡλίου,
1213 3176 1302 3228 ὅτε
1330 3175 1623 3246 βούλοιντο,
1653 3178 1743 3231 αύ-

1857 3187 1952 3243 ;ue
1979 3171 2299 3240 aliquandiu
2331 3171 2387 3226 in
2420 3173 2538 3242 ipso
2583 3187 2710 3227 aere
2751 3172 2874 3228 illos
2902 3174 3238 3230 substitisse.
3286 3174 3443 3232 Deri-

142 3265 422 3334 τομάτως.
454 3264 676 3328 Τούτοις
707 3265 750 3318 δ’
781 3267 1033 3337 ἐπιφέρει
1067 3267 1368 3338 παράδοξον
1397 3271 1425 3322 6
1463 3267 1737 3341 θαυματο-

144 3354 341 3424 λόγος·
374 3357 450 3420 ὡς
481 3356 590 3428 ἄρα
617 3357 870 3429 τρίποδες
903 3359 1130 3412 Πυθικοὶ
1153 3360 1410 3431 τέτταρες
1443 3361 1739 3433 ἐξεκυκλή-

147 3447 329 3520 θησαν
359 3447 456 3519 (9),
490 3449 788 3520 αὐτόματοι
829 3451 1151 3520 φοιτῶντες*
1190 3453 1283 3507 καὶ
1316 3453 1524 3518 εἰκάζει
1551 3453 1614 3524 δὴ
1646 3450 1740 3508 οὖν

147 3541 353 3604 αὐτοὺς
391 3545 508 3606 τοῖς
548 3542 887 3614 Ὀμηρείοιςο
928 3545 1199 3615 οἰνοχόους
1239 3547 1288 3598 τ’
1318 3546 1410 3598 ἐπὶ
1437 3545 1648 3611 τούτοις
1677 3549 1742 3600 ὲκ

147 3633 360 3705 χαλκοῦ
403 3633 684 3698 διακόνους
734 3636 835 3707 τὴν
887 3634 1018 3708 ὓλην
1063 3638 1173 3709 (l0)
1219 3639 1398 3709 ἵστησι
1449 3639 1737 3711 τέτταρας.

161 3725 438 3794 Ἐπιλέγει
459 3726 515 3779 δὲ
547 3726 624 3790 ὡς
656 3727 762 3799 ἄρα
803 3729 898 3781 καὶ
927 3730 960 3800 ὴ
986 3729 1054 3800 γῆ
1077 3730 1398 3801 αὐτομάτως
1428 3731 1742 3802 ὑπεστρών-

147 3837 280 3875 νυτο
319 3820 505 3883 αὐτοῖς
538 3819 693 3884 πόας.
726 3819 848 3874 Τῶν
888 3820 944 3874 δὲ
975 3821 1246 3894 τριπόδων
1284 3823 1333 3875 οί
1370 3823 1466 3893 μὲν
1495 3822 1608 3888 δύο,
1640 3841 1743 3895 φη-

150 3913 264 3976 σὶν,
305 3910 450 3965 οἴνου
481 3909 773 3985 ἀπέρρεον,
819 3915 867 3968 oi
905 3914 963 3967 δὲ
1007 3915 1184 3984 ἒτεροι
1219 3915 1332 3979 δύο,
1362 3917 1391 3968 6
1425 3917 1523 3987 μὲν
1551 3915 1741 3982 ὓδατος

149 4003 360 4076 θερμοῦ
411 4007 610 4078 κρᾶσιν
653 4010 936 4079 παρεῖχεν,
981 4010 1010 4061 6
1051 4008 1097 4062 δ’
1136 4004 1202 4061 αὖ
1241 4007 1468 4080 ψυχροῦ.
1513 4011 1652 4074 Τοὺς
1684 4009 1742 4063 δὲ

145 4098 424 4169 οἰνοχόους
474 4101 601 4163 τοὺς
633 4099 870 4170 χαλκοῦς
921 4095 1184 4172 ἀρύεσθαι
1237 4101 1518 4174 εὐμέτρως
1560 4100 1654 4155 τοῦ
1681 4119 1742 4156 τε

145 4189 300 4244 οἴνου
353 4191 450 4246 καὶ
479 4191 574 4245 τοῦ
627 4191 851 4256 ὓδατοςο
901 4193 1274 4264 περιελαύνειν
1316 4211 1378 4264 γε
1422 4195 1606 4268 κύκλῳ
1646 4195 1744 4260 τὰς

147 4284 406 4350 κύλικας,
436 4284 626 4358 ὥσπερ
646 4287 704 4339 ὲν
726 4289 839 4350 τοῖς
863 4286 1046 4350 πότοις
1074 4286 1208 4362 (li).

690 4554 1088 4608 ΚΕΦᾹΛΑΙΟΝ
1125 4556 1210 4608 Κ’.

223 4640 412 4696 Ταῦτα
457 4643 731 4716 Ἱεροκλεῖ,
759 4644 830 4700 τὰ
851 4646 1114 4700 ἀνωτάτω
1145 4646 1254 4718 (12)
1283 4648 1377 4701 καὶ
1421 4648 1650 4702 καθόλου
1675 4649 1748 4704 δι-

147 4738 429 4809 καστήρια
493 4739 929 4810 πεπιστευμένῳ,
981 4739 1120 4811 μετὰ
1179 4740 1379 4812 πολλῆς
1440 4741 1746 4806 ἀνετάσεως

232 4929 284 4962 ⁸⁸
322 4929 420 4985 lib.
455 4945 540 4995 III,
571 4946 623 4986 c.
659 4931 749 4986 17.
825 4932 871 4965 ⁸⁸
909 4933 1006 4989 lib.
1046 4949 1140 5000 ιιι,
1175 4948 1226 4989 c.
1263 4935 1356 4992 27.

1843 3277 1973 3316 vare
2005 3263 2135 3316 item
2159 3276 2254 3316 eos
2279 3261 2372 3316 ubi
2406 3262 2701 3326 voluerint,
2729 3276 2796 3315 ex
2827 3263 2942 3316 sole
2971 3263 3150 3332 ignem
3175 3304 3190 3328 ,
3246 3273 3441 3334 sponte

1847 3362 2188 3424 sequentem.
2231 3355 2409 3424 Atque
2440 3353 2564 3408 istis
2589 3355 2847 3408 omnibus
2877 3370 2992 3409 rem
3024 3357 3182 3425 plane
3212 3365 3440 3428 stupen-

1845 3445 1969 3500 dam
2006 3455 2360 3516 portentosus
2391 3446 2481 3500 ille
2508 3447 2748 3516 scriptor
2772 3447 2957 3518 jungit
2987 3447 3068 3515 “;
3102 3457 3160 3503 ut
3196 3451 3441 3520 tripodes

1848 3554 2064 3608 nempe,
2089 3537 2302 3610 Pythiis
2335 3539 2574 3602 similes,
2629 3546 2886 3609 quatuor,
2919 3549 3115 3610 sponte
3165 3557 3265 3598 sua
3318 3559 3440 3599 mo.

1847 3639 2060 3696 ventes,
2094 3631 2148 3685 in
2177 3632 2415 3686 medium
2442 3633 2854 3700 processerint;
2889 3648 3095 3702 eosque
3129 3632 3440 3692 Homericis

1849 3725 2057 3780 similes
2082 3739 2207 3779 esse
2257 3725 2351 3777 ait.
2398 3722 2699 3778 Pincernas
2752 3731 2935 3778 autem
2968 3726 3036 3780 iis
3085 3741 3154 3780 ex
3208 3740 3356 3790 aere,
3389 3729 3439 3783 si

1847 3813 2133 3870 materiam
2183 3823 2423 3884 spectes,
2452 3815 2546 3885 qui
2583 3815 2996 3882 ministrarent,
3049 3817 3242 3871 statuit
3298 3835 3439 3890 qua-

1848 3915 1996 3961 tuor.
2029 3905 2195 3961 Addit
2223 3908 2389 3962 etiam
2415 3948 2430 3974 ,
2471 3914 2532 3961 ut
2581 3916 2726 3963 terra
2775 3914 2971 3977 sponte
3014 3908 3264 3978 gramina
3307 3911 3441 3966 sub—

1848 4001 2129 4056 straverit.
2155 3999 2456 4071 Tripodum
2482 4007 2661 4056 autem
2691 3998 2851 4055 binos
2881 4001 2958 4054 ait
2986 4001 3114 4055 vino
3147 4017 3400 4058 manasse
3419 4041 3436 4068 ,

1847 4093 2187 4164 reliquorum
2247 4109 2379 4149 vero
2435 4094 2668 4148 alterum
2716 4094 2908 4149 calidae
2955 4093 3324 4150 admiscenda:
3352 4112 3440 4152 co-

1844 4185 1990 4256 piam
2019 4185 2235 4254 fecisse,
2271 4188 2500 4242 alterum
2545 4186 2791 4258 frigidm;
2835 4204 3116 4258 meosque
3145 4189 3436 4259 pincernas

1843 4279 2033 4333 vinum
2069 4280 2274 4349 pariter
2305 4286 2361 4334 et
2408 4293 2608 4348 aquam
2655 4281 2804 4351 larga
2855 4281 3111 4338 hausisse
3145 4297 3434 4350 mensura;

1844 4372 2046 4426 Calices
2073 4371 2226 4426 enim
2256 4371 2614 4428 circumlatos
2647 4388 2791 4438 esse,
2827 4381 2888 4428 ut
2920 4373 3037 4429 ﬁeri
3071 4375 3129 4428 in
3159 4385 3440 4446 compota-

1844 4463 2090 4518 tionibus
2120 4463 2345 4519 assolet.

2347 4553 2508 4625 525
2544 4556 2774 4612 CAPUT
2810 4555 2929 4610 xx.

1920 4644 2026 4701 lsta
2071 4643 2347 4713 Hierocli,
2396 4646 2671 4717 supremis
2721 4648 2777 4701 in
2829 4647 3129 4716 provinciis
3179 4647 3438 4718 praefecto

1849 4740 2181 4804 dicasteriis,
2220 4744 2390 4795 multa
2408 4739 2670 4795 instituta
2705 4739 3128 4810 disquisitione,
3155 4756 3283 4795 vera
3314 4757 3438 4798 esse

224 5088 305 5164 (8)
345 5089 724 5164 Hpoafeursi'r.
776 5089 858 5164 l_ta
884 5090 1314 5164 eitPhilostrato
1351 5090 1739 5158 scribendum;
1775 5101 1820 5156 1)
1850 5088 2024 5164 invito
2049 5090 2248 5164 lingua!
2268 5093 2450 5161 genio,
2475 5105 2596 5145 eam
2621 5093 2808 5164 itaque
2829 5091 3008 5148 omitti
3033 5089 3197 5162 plane
3222 5091 3434 5160 malim,

146 5163 298 5234 male
322 5161 466 5234 enim
500 5163 554 5216 in
585 5162 748 5234 editis
777 5161 997 5234 Eusebii
1025 5170 1110 5234 est
1140 5164 1443 5234 προειπεῖν.

227 5231 305 5300 (9)
358 5231 912 5301 Ἐξεκυκλήθησαν.
939 5230 1057 5286 Vox
1089 5233 1143 5286 in
1179 5230 1410 5288 theatris
1441 5233 1638 5288 usitata
1675 5233 1745 5290 de

145 5302 286 5366 illis,
314 5317 435 5372 quae
457 5303 726 5358 machinis
759 5303 990 5357 occultis
1017 5304 1072 5358 in
1103 5318 1326 5358 scenam
1363 5305 1744 5372 proveheban-

145 5382 276 5437 tur;
311 5372 486 5426 utitur
511 5373 724 5434 eadem,
759 5373 850 5428 ubi
884 5374 951 5427 de
980 5373 1066 5429 his
1095 5373 1497 5428 Brachmanum
1533 5375 1744 5431 artibus

147 5443 424 5512 loquitur,
443 5441 783 5514 Thespesion
809 5445 1256 5514 gymnosophista
1281 5445 1425 5514 apud
1443 5443 1745 5499 Philostra-

149 5521 288 5584 ttun
309 5513 402 5567 lib.
432 5531 504 5577 vt,
532 5513 605 5569 De
648 5517 755 5568 vita
787 5513 1075 5582 Apollonii,
1112 5531 1233 5584 cap.
1262 5513 1348 5569 10.
1381 5513 1527 5568 Loco
1561 5523 1744 5570 autem

149 5583 396 5658 haec
431 5584 745 5658 reierunlur
782 5585 1006 5656 proprio
1041 5583 1270 5640 verbum
1310 5584 1746 5658 ὲξεπορεύθησαν

148 5649 420 5710 Philostr.
458 5655 729 5710 adhibuit.

230 5724 345 5796 (10)
383 5725 627 5796 Χαλκοῦ
657 5724 977 5793 διακόνους
1021 5725 1138 5796 τὴν
1177 5725 1355 5793 ὕλην.
1406 5723 1576 5796 Ᾰίέετθ
1609 5725 1740 5781 mihi

154 5792 295 5868 facit
327 5792 433 5849 vox
459 5794 742 5868 διακόνους
773 5792 1098 5868 interposita
1142 5792 1604 5868 vocibusinatura
1637 5811 1738 5868 sua

153 5864 580 5938 coniungendis,
613 5881 792 5938 neque
830 5864 938 5924 hac
967 5869 1182 5924 ratione
1227 5867 1578 5936 divellendis‘,
1629 5866 1738 5922 nisi

1848 5161 1984 5215 nihil
2007 5163 2153 5231 enim
2186 5177 2248 5216 ea
2280 5170 2362 5216 est
2390 5177 2550 5231 opus.

1923 5230 2036 5302 (ll)
2075 5232 2306 5298 Πότοις.
2343 5230 2479 5286 Male
2521 5233 2576 5286 in
2611 5234 2777 5290 editis
2807 5231 3114 5288 habebatur
3144 5235 3433 5302 ποταμοῖς,

1888 5303 1993 5374 uod
2021 5317 2216 5374 secure
2241 5304 2404 5359 nimis
2428 5312 2653 5359 secutus
2678 5305 2782 5359 fuit
2809 5305 3091 5365 Acciolus,
3117 5303 3208 5374 qui
3232 5305 3398 5358 vertit
3420 5319 3432 5336 ’

1892 5373 1956 5428 ed
1989 5382 2038 5446 et
2069 5373 2269 5446 calices
2292 5385 2438 5446 actos
2466 5375 2520 5426 in
2542 5391 2731 5444 gyrum
2753 5375 2909 5446 quasi
2932 5373 3192 5446 vorticoso
3217 5374 3438 5443 flumine

1848 5443 2210 5514 impellebant.
2232 5443 2308 5498 Eo
2331 5445 2503 5498 tutius
2527 5443 2707 5500 autem
2733 5443 2920 5508 πότοις
2943 5445 3268 5506 substituas,
3287 5447 3434 5514 quod

1850 5512 1969 5584 ipsa
2009 5516 2097 5568 hic
2141 5512 2460 5569 Philostrati
2517 5517 2682 5569 verba
2723 5517 3016 5571 retinuerit
3051 5512 3345 5576 Eusebius,
3377 5517 3434 5570 in

1852 5589 2013 5654 cujus
2044 5593 2196 5639 textu
2235 5587 2419 5648 πότοις
2469 5586 2719 5641 codicum
2771 5587 3014 5641 omnium
3048 5601 3322 5641 consensu
3357 5586 3436 5641 le-

1854 5656 2020 5726 gitur.
2049 5655 2312 5728 Eamdem
2345 5657 2632 5728 lectionem
2664 5657 2996 5713 Salmasium
3026 5672 3246 5728 quoque
3265 5657 3434 5712 restic

1853 5727 2049 5791 tuisse,
2077 5734 2202 5796 post
2227 5726 2609 5782 animadverti.

1922 5797 2032 5867 (l2)
2078 5795 2154 5852 Τὰ
2185 5796 2484 5869 ἀνωτάτω,
2514 5806 2623 5855 etc.
2663 5797 2863 5869 Eadem
2898 5797 3080 5858 verbis
3113 5796 3308 5857 iisdem
3339 5795 3438 5851 ba-

1847 5866 1945 5924 bes
1981 5882 2168 5939 supra,
2202 5882 2320 5938 cap.
2357 5868 2408 5924 5.
2492 5895 2503 5904 -
