3856 6222
414 358 524 416 επ

1094 346 1364 405 EUSEBII
1405 339 1886 402 CESARIENSIS
1923 336 2076 395 OPP.
2118 335 2300 393 PARS
2340 333 2407 389 II.
2441 364 2514 377 -—-
2551 324 3053 386 APOLOGETICA.

414 474 672 530 videntur
702 473 868 539 atque
893 461 1198 536 explorata,
1223 469 1415 518 nostra
1441 467 1624 515 autem
1646 455 1993 527 simplicitas,

2107 449 2276 523 ἅληθῆ
2311 451 2407 504 καὶ
2435 446 2604 501 πιστὰ
2646 439 2787 499 εἶναι
2816 444 2986 497 δοκεῖ.
3018 439 3130 493 Καὶ
3178 435 3334 508 ἡμῶν
3386 435 3487 505 μὲν
3534 434 3691 505 εὐχέ-

415 566 722 634 levitasque
765 559 934 614 animi
968 558 1145 625 longe
1195 553 1434 608 maxima
1475 551 1544 606 ab
1582 565 1647 606 eo
1685 548 1995 603 damnatur.

415 660 536 727 Ipse
560 664 743 710 autem
769 654 900 706 talia
931 648 1165 705 credens
1202 646 1559 707 Philostrato,
1586 642 1673 697 his
1713 642 1851 712 ipsis
1874 654 2000 694 ver-

414 751 501 806 bis
532 764 592 804 se
613 749 806 817 jactat,
837 744 1094 814 inquiens
1130 763 1145 795 :
1175 758 1195 792 ι
1237 738 1534 793 Videamus
1575 736 1719 791 enim
1741 773 1757 798 ,
1793 740 2000 803 quanto

412 856 518 896 nos
579 840 777 893 melius
832 837 947 891 haec
1010 842 1176 904 atque
1216 830 1544 903 prudentius
1602 826 1995 895 admittamus,

412 940 469 986 et
499 945 619 1001 quae
658 930 725 984 de
757 926 1038 998 praeclaris
1071 924 1278 978 virtute
1306 921 1442 977 viris
1492 918 1767 976 sententia
1807 923 1999 971 nostra

414 1023 506 1080 sit.
547 1040 567 1075 ι

997 1126 1231 1186 CAPUT
1272 1124 1415 1183 XXI.

481 1246 543 1303 In
600 1252 865 1318 apparate
913 1259 1081 1315 porro
1129 1244 1236 1299 hoc
1294 1241 1459 1298 modo
1502 1238 1787 1305 convivio,
1844 1237 2001 1309 juxta

412 1340 593 1411 ipsum
640 1339 1035 1395 Philostratum
1087 1337 1170 1402 ⁸⁷,
1229 1334 1486 1388 Indorum
1536 1332 1818 1387 inducitur
1864 1346 1996 1395 rex,

409 1433 872 1502 compotationem
924 1431 1220 1486 instituens
1261 1442 1387 1481 cum
1429 1423 1792 1496 philosophis.
1843 1420 2002 1477 Hunc

408 1539 541 1579 vero
572 1524 807 1594 superbe
841 1538 899 1577 se
923 1523 1163 1592 gessisse
1192 1529 1246 1575 et
1270 1520 1325 1573 in
1358 1517 1762 1589 philosophiam
1807 1515 2005 1570 debac-

409 1615 632 1670 chatnm
659 1622 868 1680 narrat,
913 1614 1139 1683 crapula
1186 1612 1317 1665 item
1357 1609 1501 1681 apud
1543 1625 1639 1665 eos
1683 1608 1999 1675 incaluisse,

342 1751 349 1756 .
409 1722 648 1783 cumque
678 1707 796 1776 ipso
828 1706 943 1760 sole
984 1705 1052 1759 de
1088 1703 1401 1773 principatu
1445 1701 1799 1758 contendisse
1822 1742 1837 1765 ,
1871 1702 2002 1756 alia-

2104 561 2225 617 ρεια
2244 544 2337 597 καὶ
2360 540 2632 611 κουφότης
2647 537 2757 609 (i5)
2776 535 3000 606 πλείστη
3025 535 3124 604 ὅση
3155 530 3532 598 κατέγνωσται
3558 527 3690 599 παρ’

2099 637 2277 709 αὐτῷ’
2322 636 2485 700 αὐτὸς
2514 632 2593 695 δὲ,
2627 631 2852 685 τοιαῦτα
2889 625 3234 697 Φιλοστράτῳ
3262 620 3560 684 πιστεύων,
3594 621 3689 674 αὐ-

2098 735 2212 796 τοῖς
2255 731 2321 803 δὴ
2382 729 2593 802 ῥήμασι
2647 723 2974 796 σεμνύνεται
3033 719 3229 788 λέγων’
3294 734 3314 768 ι
3350 711 3694 784 Σκεψώμεθά

2099 841 2165 894 γε
2221 823 2327 896 μὴν
2379 823 2490 893 ὅσῳ
2532 820 2738 891 βέλτιον
2798 815 2894 871 καὶ
2927 810 3286 883 ξυνετώτερον
3335 808 3505 878 ⁴ἡμεῖς
3551 805 3694 858 ἐκδε-

2099 917 2309 989 χόμεθα
2330 917 2401 971 τά
2425 912 2674 979 τοιαῦτα,
2696 912 2791 967 καὶ
2805 912 2872 982 ἢν
2897 908 3026 981 περί
3050 905 3159 960 τῶν
3182 902 3455 976 ὲναρέτων
3479 898 3694 970 ἀνδρῶν

2095 1010 2296 1083 ἔχομεν
2324 1008 2569 1081 γνώμην.
2615 1026 2634 1060 ι

2605 1117 2881 1174 ΚΕΦΑΛΔ
2889 1115 3007 1169 ION
3042 1113 3174 1169 KA'.

2184 1241 2310 1298 Ἐπὶ
2339 1238 2565 1308 τοιούτῳ
2593 1236 2658 1307 δὴ
2686 1233 2765 1306 τῷ
2795 1230 3103 1304 συμποσίῳ,
3135 1225 3277 1282 κατά
3300 1225 3393 1278 τὸν
3418 1223 3587 1278 αὐτὸν
3611 1223 3695 1275 Qt-

2100 1340 2411 1410 λόστρατον,
2463 1329 2717 1405 βασιλεὺς
2759 1324 3110 1398 ὲγχωριάζων
3161 1320 3344 1384 Ἰνδοῖς
3385 1316 3695 1410 εἰσάγεται,

2103 1408 2388 1504 συμπίνων
2424 1428 2543 1490 τοῖς
2571 1420 2901 1493 φιλοσόφοις.
2936 1415 3137 1470 Τοῦτον
3177 1412 3234 1467 δὲ
3262 1408 3573 1482 ἐνυϐρίζειν
3603 1408 3699 1460 καὶ

2102 1502 2455 1596 ἐμπαροινεῖν
2489 1515 2798 1589 φιλοσοφίᾳ,
2837 1505 3203 1596 μεθύσκεσθαί
3230 1521 3290 1559 τε
3308 1505 3459 1596 παρ’
3490 1502 3697 1596 αυτοῖς,

2103 1591 2199 1666 καὶ
2259 1591 2716 1678 ἀντιπαρεξάγειν
2760 1600 2839 1672 τῷ
2896 1597 3051 1671 ἡλίῳ,
3119 1595 3213 1651 καὶ
3272 1591 3702 1658 ἀλαζονεύεσθαι

2105 1706 2331 1776 ἱστορεῖ.
2366 1699 2478 1754 Καὶ
2511 1696 2674 1752 πάλιν
2704 1693 2794 1746 τὸν
2836 1687 3191 1765 Ἀπολλώνιον
3214 1685 3282 1739 δι’
3313 1683 3607 1756 ἑρμηνέως
3633 1682 3705 1735 τά

408 1819 518 1876 que
548 1775 694 1857 elato
721 1797 906 1854 animo
938 1795 1240 1868 jactitasse.
1276 1792 1519 1851 Rursum
1545 1801 1726 1851 autem
1766 1808 1864 1865 per
1907 1792 1992 1848 in-

2107 1797 2248 1871 ιιαρὰ
2276 1794 2464 1852 τούτου
2496 1789 2786 1866 μανθάνειν
2808 1804 2823 1819 ο
2852 1785 2947 1841 καὶ
2964 1780 3029 1841 αὖ
3063 1782 3226 1840 πάλιν
3246 1780 3385 1849 πρὸς
3403 1775 3704 1838 att-:va-

408 1906 704 1968 terpretem
740 1897 845 1951 ista
884 1895 953 1949 ab
995 1909 1061 1948 eo
1099 1891 1381 1962 accepisse
1409 1890 1795 1959 Apollonium;
1826 1888 1995 1945 vicis-

411 1991 625 2059 simque
645 2001 826 2058 regem
860 1986 1157 2039 allocutum
1195 2000 1347 2048 esse,
1385 1982 1578 2037 Iarcha
1608 1981 1783 2037 vicem
1829 1980 1999 2035 inter-

411 2082 580 2153 pretis
613 2080 940 2135 sustinente.
982 2076 1086 2143 Qui
1131 2085 1316 2131 autem
1363 2075 1727 2131 admiratione
1772 2073 1997 2144 dignum

410 2170 557 2226 haud
590 2170 991 2230 existimemus,
1033 2166 1178 2236 quod
1205 2166 1505 2237 superbum
1540 2175 1859 2237 tantopere,
1903 2165 1999 2220 ab-

411 2263 581 2318 surde
613 2260 748 2315 adeo
775 2258 1127 2325 debaccbari,
1156 2263 1212 2312 et
1254 2258 1494 2328 crapulae
1540 2257 1823 2328 indulgere
1850 2271 2001 2312 vero.

410 2354 591 2410 simile
649 2360 815 2425 queat
853 2351 1060 2416 videri,
1109 2364 1271 2420 quem
1311 2367 1381 2406 ne
1431 2350 1500 2405 ad
1544 2350 1996 2422 philosophorum

409 2449 651 2519 quidem,
685 2446 886 2501 nedum
911 2446 1032 2501 deis
1063 2445 1328 2502 similium
1359 2445 1606 2499 virorum
1647 2452 1872 2513 penates
1899 2457 1998 2513 par

408 2547 529 2594 erat
571 2537 867 2594 accedere?
897 2536 1041 2603 Quid
1066 2551 1197 2592 vero
1234 2543 1342 2602 est,
1389 2535 1536 2605 quod
1588 2533 1863 2590 semideos
1901 2548 1998 2589 eos

410 2630 644 2702 appello,
667 2637 722 2685 et
751 2629 1005 2702 dignitati
1029 2631 1275 2685 virorum
1296 2627 1467 2682 illudo
1485 2628 1508 2681 ?
1529 2627 1997 2698 quandoquidem,

408 2724 699 2794 Apollonio
733 2723 1104 2793 interrogante
1145 2722 1221 2787 ⁸⁸,
1255 2734 1525 2792 quosnam
1570 2736 1632 2774 se
1676 2736 1799 2774 esse
1840 2727 2001 2790 puta-

410 2816 573 2871 rent?
604 2813 737 2869 deos
772 2830 831 2870 se
861 2830 984 2869 esse
1016 2811 1299 2883 respondit
1333 2810 1577 2865 larchas.
1619 2809 1722 2876 Qui
1761 2810 1925 2864 etiam
1953 2809 1999 2841 "

410 2909 553 2978 apud
592 2907 874 2970 convivas,
926 2915 986 2960 ut
1028 2906 1121 2976 qui
1172 2904 1308 2959 deus
1359 2912 1526 2965 esset,
1578 2900 1741 2955 modo
1777 2901 1998 2970 quidem

410 2998 798 3068 philosOphum
828 2999 1054 3051 minime
1086 2995 1416 3059 addecente,
1457 2993 1631 3047 multo
1656 2992 1839 3047 minus
1866 3008 1999 3047 con-

407 3089 660 3144 veniente
692 3088 800 3152 dei,
828 3101 989 3158 quem
1024 3101 1084 3141 se
1119 3102 1243 3141 esse
1269 3084 1554 3156 professus
1576 3093 1682 3148 est,
1718 3083 1996 3153 dignitati,

2098 1892 2372 1964 λέγεσθαι,
2390 1886 2862 1960 ὑφερμηνεύοντος
2881 1880 2975 1935 τοῦ
2991 1879 3195 1952 Ἰάρχα.
3214 1879 3327 1931 Kal.
3349 1876 3472 1941 πῶς
3489 1876 3557 1930 οὗ
3574 1875 3705 1928 θαυ-

2102 1988 2293 2060 μάζειν
2325 1981 2505 2050 ἇξιον,
2539 1981 2688 2041 ὅπως
2745 1976 2837 2029 τὸν
2887 1971 3149 2046 ὑϐριστὴν
3185 1969 3277 2024 καὶ
3342 1967 3705 2024 ἀτοπώτατον

2098 2059 2380 2151 παροινεῖν
2412 2074 2505 2127 καὶ
2558 2067 2925 2143 μεθύσκεσθαι
2969 2064 3120 2137 παρά
3163 2061 3510 2135 τηλικούτοις
3555 2059 3705 2124 εἰκὸς

2096 2167 2186 2243 ἦν,
2222 2170 2281 2223 ὃν
2327 2167 2448 2241 οὐδὲ
2496 2162 2747 2234 παριέναι
2794 2158 2942 2223 ἄξιον
2986 2159 3044 2210 ὲν
3092 2154 3417 2224 φιλοσόφων,
3453 2154 3592 2225 μήτι
3639 2168 3704 2221 γε

2098 2262 2193 2313 καὶ
2238 2258 2462 2312 ἰσοθέων
2489 2254 2671 2325 tanta};
2707 2252 2772 2307 Τί
2815 2250 2873 2303 δέ
2921 2265 3010 2320 μοι
3045 2246 3284 2310 ἰσοθέους
3324 2247 3558 2308 τούτους
3607 2263 3706 2299 κα-

2098 2351 2231 2414 λεῖν,
2277 2350 2373 2403 καὶ
2409 2348 2511 2418 τῆς
2540 2344 2698 2410 ἀξίας
2730 2339 3033 2412 ἐνυϐρίζειν
3057 2341 3185 2402 τοὺς
3223 2336 3458 2410 ἄνδρας-;
3510 2336 3701 2403 ὁπότε,

2100 2441 2405 2513 πυθομένου
2431 2438 2523 2492 τοῦ
2564 2433 2946 2494 Ἀπολλωνίου,
2973 2430 3126 2492 τίνας
3143 2429 3372 2492 ἑαυτοὺς
3396 2426 3667 2498 ἡγοῦνται
3684 2467 3701 2487 .

2100 2534 2277 2597 θεοὺς,
2310 2531 2416 2602 ἔφη
2447 2532 2476 2584 ό
2514 2528 2760 2598 Ἰάρχαςο
2797 2524 2856 2587 ὃς
2883 2524 2977 2576 καὶ
3008 2522 3121 2584 τοῖς
3154 2519 3485 2589 συμπόταις,
3506 2513 3603 2570 οἷα
3636 2515 3701 2569 δὴ

2101 2626 2222 2689 θεὸς
2244 2621 2475 2695 (Ην-15),
2501 2617 2793 2689 φιλοσόφου
2832 2616 2929 2687 μὲν
2948 2615 3149 2686 ἥκιστα
3174 2611 3385 2683 τρόπῳ,
3411 2607 3620 2661 πολλοῦ
3638 2623 3701 2675 τε

2099 2718 2198 2782 δεῖ,
2242 2718 2373 2787 μήτι
2409 2731 2473 2783 γε
2505 2710 2725 2784 μᾶλλον,
2756 2704 2817 2763 οὗ
2849 2708 3041 2776 ἔφησε,
3074 2703 3197 2785 θεοῦ
3235 2702 3424 2767 ἀξίως,
3453 2701 3562 2772 τὴν
3585 2698 3705 2768 (pai-

2100 2810 2198 2881 λην
2228 2809 2549 2861 ἐπικόπτων
2574 2801 2685 2873 (16)
2716 2801 2967 2871 ἐξῆρχεν.
3007 2796 3073 2849 Ἦ
3094 2795 3171 2884 δὲ,
3197 2795 3363 2864 φησὶν
3396 2795 3426 2845 ὁ

2102 2904 2257 2974 φεὺς,
2301 2901 2377 2964 ὼς
2428 2898 2538 2969 ἄρα
2581 2893 2799 2959 ὲπότιζε
2835 2893 2946 2963 (l7)
2981 2882 3185 2952 ἱκανῶς
3235 2887 3464 2950 πάντας,
3517 2882 3702 2937 ἐπεδί-

2100 2993 2191 3046 δου
2230 2990 2364 3063 (18),
2392 2987 2645 3059 καθάπερ
2690 2987 2745 3038 αί
2789 2983 3093 3055 ἀπόρρητοι
3124 2978 3301 3049 πηγαὶ
3332 2979 3449 3040 τοῖς
3489 2976 3700 3047 ἀνιμω-

2107 3084 2311 3158 μένοις.

406 3182 605 3251 phialae
660 3181 1007 3246 incumbens,
1057 3181 1517 3251 compotationem
1556 3179 1787 3250 incepit.
1822 3178 1899 3234 Ea
1964 3197 2099 3238 vero
2136 3182 2289 3243 dum,
2340 3184 2601 3233 narrante
2635 3173 2903 3231 historico
2924 3212 2938 3235 ,
2971 3169 3228 3226 omnibus
3262 3164 3470 3220 affatim
3505 3170 3696 3234 potum

407 3279 696 3350 praeberet,
735 3279 1041 3334 liberaliter
1098 3276 1336 3355 [latices]
1399 3278 1790 3348 submittebat,
1826 3278 2054 3350 perinde
2091 3294 2157 3335 ac
2220 3277 2401 3333 fontes
2444 3273 2649 3331 occulti
2701 3269 3082 3326 baurientibus
3127 3266 3328 3337 [aquas
3372 3261 3699 3318 submittere

407 3371 633 3446 solent].

980 3466 1217 3523 CAPUT
1260 3467 1421 3522 XXII.

484 3558 801 3616 Succedunt
827 3558 954 3614 inde
977 3560 1154 3614 mutui
1190 3575 1475 3617 sermones
1507 3569 1562 3617 et
1599 3560 1997 3634 philosophica:

409 3651 837 3722 disputationes,
867 3648 1059 3707 Iarclta
1089 3650 1319 3704 docente
1343 3651 1390 3682 ⁵⁰
1422 3659 1481 3705 ut
1518 3668 1616 3707 sua
1647 3654 1777 3706 olim
1815 3651 1997 3707 anima

408 3746 464 3801 in
502 3746 610 3799 alio
652 3744 912 3801 hominis.
949 3743 1043 3818 qui
1084 3759 1179 3799 rex
1208 3743 1393 3809 fuerit,
1425 3744 1701 3800 exstiterit
1743 3760 1996 3817 corpore,

409 3845 575 3906 atque
619 3836 749 3889 talia
795 3835 1045 3909 quaedam
1104 3835 1160 3889 in
1208 3851 1274 3890 eo
1325 3836 1663 3906 patraverit:
1710 3835 1999 3905 Apollonio

409 3929 653 3982 vicissim
682 3928 752 3991 δ’,
797 3937 856 3982 ιιι
895 3927 1053 3983 navis
1100 3926 1374 3999 Egyptia:
1410 3928 1685 3982 exstiterit
1726 3929 2001 3998 guberna—

408 4026 533 4085 tor,
599 4033 828 4088 quaeque
876 4019 980 4073 sibi
1030 4027 1336 4089 gestatum
1398 4017 1644 4086 fuerint,
1710 4026 1992 4073 narrante.

407 4108 754 4176 Quaestiones
775 4126 907 4166 vero
935 4120 988 4166 et
1010 4112 1403 4181 responsiones
1435 4110 1725 4185 utriusque
1756 4117 1884 4165 sunt
1912 4118 1998 4164 ta-

405 4203 508 4269 les,
541 4204 786 4274 qualium
813 4220 882 4259 ne
910 4205 1242 4268 mentionem
1269 4204 1489 4280 quidem
1522 4204 1745 4272 fecisse,
1773 4204 1996 4277 sapien-

405 4296 483 4351 tia
511 4298 749 4353 maxime
782 4306 900 4353 erat
932 4299 1180 4370 dignum.
1226 4281 1601 4370 Interrogasse
1645 4315 1777 4370 ergo
1826 4301 1994 4372 Apol-

404 4388 612 4444 lonium
640 4390 810 4446 refert
838 4391 907 4456 ",
934 4405 1172 4445 aureane
1209 4389 1353 4459 apud
1393 4404 1490 4444 eos
1535 4405 1676 4461 aqua
1722 4392 1996 4448 invenire-

403 4481 588 4538 tur?0
618 4483 832 4553 plenam
870 4482 1187 4553 sapientiae,
1217 4496 1250 4535 ο
1293 4480 1673 4536 admirandam
1721 4484 1982 4553 quaestio-

2617 3454 3016 3511 ΚΕΦΑΛΑΙΟΝ
3066 3453 3195 3506 KB’.

2152 3551 2329 3609 ¹Μετά
2352 3549 2527 3604 ταῦτα
2554 3549 2733 3602 κοιναὶ
2753 3547 2928 3617 λόγων
2960 3543 3189 3616 ὁμιλίαι,
3223 3544 3317 3596 καὶ
3347 3542 3702 3595 σπουοαιολο-

2100 3648 2218 3717 γίαι
2266 3644 2377 3699 τῶν
2422 3643 2752 3714 φιλοσόφων,
2805 3638 2900 3691 τοῦ
2953 3638 3049 3709 μὲν
3094 3636 3279 3707 Ἰάρχα
3328 3634 3704 3696 διδάσκοντος,

2101 3741 2179 3804 ὡς
2208 3740 2316 3811 ἄρα
2344 3736 2476 3791 ποτὲ
2498 3732 2647 3804 αὐτῷ
2678 3734 2711 3804 ἡ
2740 3730 2886 3801 ψυχὴ
2913 3731 2972 3781 ἐν
3007 3729 3200 3800 ἑτέρῳ,
3234 3724 3521 3797 ἀνθρώπου
3549 3724 3707 3794 βασι-

2101 3834 2260 3896 λέως,
2288 3830 2497 3900 γένοιτο
2528 3826 2764 3898 σώματι,
2798 3822 2890 3876 καὶ
2929 3820 3102 3874 τοιάδε
3138 3817 3262 3873 τινὰ
3304 3816 3454 3887 αὐτῷ
3480 3833 3709 3888 πεπρα-

2102 3904 2282 3998 γμένα
2324 3923 2446 3993 εἴη·
2471 3920 2567 3974 τοῦ
2613 3915 2969 3972 Ἀπολλωνίου
3008 3912 3087 3975 δὲ,
3116 3913 3193 3974 ὡς
3215 3911 3342 3981 νηὸς
3388 3910 3707 3979 Αἰγυπτίας

2099 4020 2229 4074 ποτὲ
2264 4018 2475 4087 γένοιτο
2520 4014 2883 4085 κυϐερνήτης,
2915 4009 3010 4063 καὶ
3056 4005 3295 4061 τοσαῦτα
3321 4001 3703 4075 διαπράξοιτο.

2099 4112 2328 4174 Πεύσεις
2353 4127 2413 4161 τε
2443 4108 2537 4162 καὶ
2581 4104 2903 4176 ἀποκρίσεις
2945 4100 3201 4163 ἑκάστου,
3236 4091 3310 4150 ὧν
3338 4096 3436 4150 καὶ
3464 4095 3565 4164 τῆς
3618 4111 3714 4146 σο-

2098 4203 2226 4274 φίας
2254 4202 2404 4267 ἄξιον
2443 4197 2711 4271 μηδαμῶς
2744 4192 3115 4267 παρεκθέσθαι
3143 4190 3240 4260 τὴν
3271 4189 3512 4260 μνήμην.
3553 4186 3713 4257 Ἐρέ-

2100 4299 2224 4352 σθαι
2267 4297 2325 4351 δέ
2348 4313 2481 4367 φησι
2520 4294 2613 4347 τὸν
2678 4289 3055 4353 Ἀπολλώνιον,
3098 4289 3146 4338 εἰ
3189 4287 3305 4338 ἐστι
3348 4284 3479 4354 παρ’
3512 4281 3711 4343 αὐτοῖς

2098 4389 2329 4462 χρύσεον
2368 4387 2551 4457 ὓδωρς
2588 4384 2653 4437 Ὢ
2692 4381 2785 4436 τοῦ
2818 4377 2982 4449 σοφοῦ
3012 4379 3108 4432 καὶ
3141 4372 3445 4447 παραδόξου
3480 4369 3710 4462 πύσμαέ

2100 4461 2227 4546 τοςί
2258 4481 2368 4534 Καὶ
2401 4478 2531 4548 περὶ
2560 4473 2864 4548 ἀνθρώπων
2896 4472 2954 4525 δὲ
2987 4469 3093 4523 ὑπὸ
3119 4468 3222 4539 γῆν
3253 4464 3575 4527 οἰκούντων,
3610 4461 3708 4517 καὶ

471 4598 517 4632 ⁸⁷
557 4598 653 4652 lib.
707 4612 800 4664 ιιι,
836 4612 888 4653 c.
919 4598 1010 4660 25’.
1088 4599 1134 4633 ⁸⁸
1173 4602 1269 4659 lib‘.
1305 4618 1399 4666 ιιι,
1439 4602 1527 4659 18.
1603 4602 1649 4636 ⁴⁹
1681 4602 1776 4657 lib.
1817 4617 1904 4667 ιιι,
1934 4617 1985 4659 c.

2107 4645 2118 4659 .
2191 4603 2242 4635 “
2282 4601 2379 4655 lib.
2410 4616 2510 4665 ιιι,
2542 4614 2595 4652 c.
2630 4596 2713 4658 19,
2732 4597 2814 4651 ιο.
2892 4593 2930 4624 ⁸⁸
2980 4591 3078 4647 lib.
3114 4603 3176 4644 ιιι
3200 4628 3217 4656 ,
3252 4603 3304 4644 c.
3336 4586 3430 4643 23.
3509 4585 3556 4617 "
3603 4586 3700 4642 lib.

406 4686 492 4735 ιιι,
514 4684 564 4726 c.
597 4668 689 4724 45.

477 4824 588 4896 (15)
642 4825 829 4896 Ἠμῶν
853 4824 972 4895 μὲν
997 4825 1127 4893 εὺχ.
1158 4823 1256 4876 καὶ
1280 4825 1528 4891 κσυφότ.
1569 4822 1690 4896 Ipsa
1726 4820 1993 4896 Hieroclis

2107 4820 2558 4896 ειυιι];.υριιετξιιε

401 4893 594 4961 verba,
625 4893 828 5021 quibuis
856 4893 994 4951 leam
1031 4896 1367 4951 Christianis
1400 4894 1791 4965 exprobrabat,
1822 4893 1992 4947 babes

404 4982 593 5021 supra.
626 4984 746 5021 can.
821 5010 832 5021 .

404 4982 593 5031 supra,
626 4984 746 5031 cap.
781 4982 832 5021 1.

503 4985 840 5110 ἶέἐιὲᾗρὸῖἀ
869 5037 945 5106 δὴ
981 5037 1142 5110 θεός.
1158 5035 1339 5092 Verba
1363 5036 1467 5091 ista
1494 5033 1628 5089 mihi
1658 5040 1856 5110 praeter
1876 5048 1992 5089 rem

401 5104 680 5167 videnlur.
710 5110 901 5165 nescio
933 5104 1099 5171 unde,
1133 5109 1188 5162 in
1217 5116 1422 5164 textum
1455 5121 1579 5161 esse
1608 5104 1870 5159 admissa.

504 5180 589 5249 16)
645 5181 1036 5234 Ἐπικύπτων.
1086 5179 1166 5232 Ita
1219 5174 1989 5249 certissime__restituende

403 5245 830 5308 exPhilostrato
865 5271 878 5307 :
916 5248 1054 5305 Vide
1085 5251 1374 5306 observata
1407 5248 1473 5301 ad
1507 5246 1604 5301 lib.
1633 5261 1718 5306 ιιι,
1747 5260 1869 5314 cap.
1899 5245 1991 5308 52,

402 5340 462 5380 n.
502 5323 556 5387 5,
595 5331 649 5377 et
680 5322 769 5377 lib.
799 5338 860 5388 ιι,
890 5336 1012 5392 cap.
1039 5321 1131 5387 28,
1168 5338 1223 5376 n.
1253 5320 1307 5387 6,
1342 5333 1539 5388 nempe
1566 5315 1872 5392 κόπτοντα-ς
1906 5315 1997 5369 πί-

400 5411 512 5448 νειν
543 5386 630 5449 est
660 5386 859 5448 canum
891 5386 1231 5462 aliorumque
1257 5397 1377 5461 ejus
1404 5386 1621 5460 generis
1648 5386 1992 5462 animalium,

403 5475 464 5519 ut
493 5465 666 5534 liquet
695 5482 762 5521 ex
800 5465 1110 5521 observatis
1138 5456 1445 5534 posteriore
1480 5461 1624 5534 loc_o_,
1662 5458 1830 5534 idque
1855 5456 1995 5511 adeo

400 5528 840 5605 viris-gravibus,
872 5528 1461 5604 nedumphilosophis,
1489 5529 1647 5583 valde
1674 5528 1986 5605 indignum,

402 5599 591 5661 bibere
635 5622 699 5662 ex
730 5615 897 5662 tanta:
935 5599 1450 5667 molis'crateribus,
1503 5607 1562 5654 ut
1603 5600 1793 5670 pronis
1823 5599 1991 5653 etiam

401 5691 470 5730 ex
508 5676 575 5730 iis
607 5685 769 5746 potus
795 5685 942 5733 esset
972 5676 1330 5730 hauriendus.

476 5740 916 5816 (17)”Επότιζε.
957 5746 1194 5802 Delenda
1224 5756 1341 5801 erat
1375 5760 1478 5799 vox
1522 5743 1679 5816 nihili
1714 5740 1989 5816 ἐπόντιζε,

401 5825 456 5874 et
474 5813 539 5874 ex
561 5813 895 5877 Philostrato
919 5829 1081 5890 atque
1100 5816 1229 5888 Reg.
1255 5816 1377 5874 eod.
1406 5815 1621 5882 ὲπότιζε
1647 5813 1994 5871 substituen-

2172 4890 2287 4961 (18)
2336 4891 2664 4944 Ἐπεδίδου.
2726 4887 3046 4961 Holstenius
3097 4902 3166 4961 ex
3217 4882 3561 4961 Philostrato
3610 4881 3702 4961 ad-

2102 4953 2282 5017 denda
2325 4968 2447 5031 post
2489 4961 2732 5014 ἐπεδίδου
2782 4960 3008 5029 putabat
3043 4958 3209 5031 verba
3245 4955 3308 5007 τὸ
3338 4957 3491 5031 νᾶμα
3523 4953 3699 5031 ἀφρός

2102 5050 2227 5097 νως,
2248 5022 2369 5087 sine
2397 5031 2596 5100 quibus
2627 5022 2823 5085 caetera
2853 5045 2963 5100 non
2994 5029 3273 5100 cohaerere
3300 5022 3556 5100 putabat.
3589 5022 3698 5078 Sed

2099 5095 2232 5175 pace
2258 5102 2379 5172 ejus
2399 5095 2607 5175 dictum
2634 5101 2737 5175 sit.
2759 5101 2881 5155 sine
2915 5099 3036 5175 istis
3060 5099 3225 5175 etiam
3260 5107 3387 5175 apte
3417 5095 3697 5175 cohaerent

2099 5164 2331 5243 reliqua,
2373 5188 2499 5227 nam
2536 5169 2835 5243 ἐπιδιδόναι
2857 5170 3033 5241 πηγή,
3068 5166 3356 5243 nullaalia
3390 5180 3454 5219 re
3486 5164 3693 5243 addita,

2100 5235 2366 5299 dici-fons
2399 5251 2600 5313 potest.
2632 5240 2724 5295 Sic
2752 5242 2899 5295 enim
2924 5235 3085 5313 apud
3114 5237 3339 5313 _Atticos
3390 5235 3694 5313 scriptores

2100 5304 2820 5385 ipsumque'Philostratum
2847 5304 3054 5380 passim
3079 5309 3260 5377 aliqua
3282 5321 3374 5360 res
3396 5304 3695 5385 ὲπιδιδςζιαι

2100 5331 2116 5369 ι
2161 5331 2394 5385 sumque
2421 5331 2820 5368 rnuosuatum
2847 5331 3054 5380 passuu
3079 5331 3260 5377 aliqua
3282 5331 3374 5360 res
3396 5331 3694 5359 επιοιυυναι

2100 5331 2323 5449 dicitur,
2359 5401 2468 5439 non
2507 5384 2691 5437 addita
2740 5382 2794 5435 in
2837 5389 2991 5435 sexto
3035 5394 3166 5434 casu
3212 5391 3292 5449 re,
3337 5392 3445 5447 qua
3480 5374 3694 5445 proficit

2099 5457 2186 5510 vel
2220 5459 2557 5510 incrementa
2584 5455 2889 5522 capit.ﬁqua2
2909 5451 3045 5522 adeo
3067 5465 3133 5522 ex
3160 5448 3297 5517 ipsis
3321 5449 3694 5522 circumstan-

2099 5528 2193 5583 tiis
2223 5528 2296 5582 sit
2325 5514 2697 5595 intelligenda.
2730 5514 3043 5595 Oinittenda
3081 5514 3266 5588 itaque
3298 5532 3362 5595 ea
3386 5514 3574 5595 _verba‘
3601 5514 3691 5567 hic

2096 5598 2382 5664 duximus,
2410 5587 2537 5651 cum
2572 5609 2750 5664 neque
2780 5592 3087 5664 necessitas
3111 5587 3185 5664 ea
3213 5587 3482 5664 postulet,
3511 5596 3690 5653 neque

2096 5683 2287 5724 eorum
2334 5656 2398 5724 in
2439 5665 2600 5724 codd.
2633 5656 2961 5721 Eusebianis
2991 5656 3278 5732 vestigium
3313 5656 3487 5713 ullum
3522 5667 3689 5726 appr

2092 5747 2231 5801 reat.
