3856 6222
395 342 491 398 851

1076 344 1343 400 EUSEBII
1381 343 1874 401 CESARIENSIS
1914 343 2067 401 OPP.
2105 341 2286 398 PARS
2323 343 2392 396 ll.
2429 371 2496 382 —
2537 337 3043 395 APOLOGET‘CA.

3555 334 3670 391 83!

395 462 628 518 annulos
655 469 884 533 septem,
916 463 1260 534 planetarum
1287 464 1601 519 nominibus
1636 463 1962 534 insignitos:

2082 461 2209 516 ἑπτά
2228 503 2243 526 ,
2267 459 2588 531 ἐπωνύμους
2607 459 2852 530 ἀστέρων
2868 496 2884 520 ,
2903 457 2998 520 οὓς
3018 456 3112 510 καὶ
3135 455 3322 526 φορεῖν
3342 453 3507 508 αὑτὸν
3531 453 3674 506 auﬁ-

393 568 535 623 quos
567 554 732 609 etiam
786 557 1104 626 gestaverit,
1140 571 1309 610 unum
1343 563 1470 627 post
1523 558 1716 621 alium,
1749 571 1850 628 pro
1877 572 1971 611 ra—

393 647 545 699 tione
578 645 864 699 nominum
917 645 1112 701 diebus
1168 647 1573 718 impositorum.
1617 647 1744 703 Haec
1789 658 1971 703 tamen

394 737 502 792 isto
527 737 747 807 quidem
780 738 901 792 loco
949 737 1219 805 referens,
1255 740 1347 810 qui
1398 741 1646 797 veritatis
1690 740 1972 797 studiosus

395 828 709 884 Philaletlm
746 830 954 898 judicio
985 839 1090 896 est,
1129 833 1236 888 alio
1275 834 1462 903 scripti
1490 834 1639 888 illius
1657 834 1973 904 loco,quasi

393 921 664 975 damnans
696 920 1098 976 Brachmanum
1129 924 1558 988 incantamenta,
1604 933 1773 994 utque
1805 923 1875 978 ab
1904 923 1972 978 iis

397 1012 691 1068 immunem
737 1022 959 1083 praeslet
1008 1015 1354 1086 Apollonium
1391 1031 1538 1071 curae
1579 1017 1810 1078 habens,
1842 1015 1974 1069 sub-

391 1102 569 1172 jungit
597 1105 927 1161 verbotenus
958 1108 1058 1162 ista
1092 1109 1176 1164 “z
1214 1128 1234 1160 ‹
1277 1108 1479 1164 Videns
1515 1117 1696 1164 autem
1727 1108 1973 1178 tripodas

395 1194 538 1263 apud
573 1192 754 1260 Indos,
792 1196 1215 1267 pincernasque.
1239 1204 1293 1252 et
1323 1213 1663 1268 quaecunque
1698 1213 1800 1251 suo
1822 1205 1972 1250 motu

396 1295 513 1339 acta
566 1287 866 1356 procedere
915 1289 1048 1352 dixi,
1096 1305 1276 1359 neque
1319 1291 1678 1360 interrogavit
1715 1304 1822 1359 qua
1855 1297 1975 1342 arte

393 1376 641 1431 confecta
670 1377 787 1432 haec
831 1379 965 1444 sint,
1001 1396 1181 1450 neque
1221 1380 1474 1435 discendi
1507 1395 1570 1436 ea
1611 1381 1792 1450 ipsum
1818 1379 1974 1433 volu-

394 1478 516 1539 ptas
550 1471 798 1526 incessit.
845 1469 1046 1526 Verum
1093 1473 1340 1527 laudavit
1373 1473 1617 1543 quidem,
1653 1473 1854 1526 imitari
1889 1479 1974 1525 ta-

393 1576 516 1614 men
561 1560 820 1631 dignatus
857 1562 1002 1617 haud
1049 1561 1172 1616 fuit.
1228 1581 1247 1614 1
1299 1562 1464 1618 lllene
1503 1577 1635 1616 vero
1667 1561 1794 1634 [hoc
1826 1560 1974 1615 fece-

391 1652 526 1724 rit?]
556 1654 649 1722 qui
683 1653 908 1709 Damide
932 1655 1190 1711 submoto
1219 1670 1345 1710 cum
1367 1657 1434 1710 iis
1455 1655 1770 1710 conversari
1791 1653 1973 1724 magni

393 1741 651 1808 faciebat,
703 1750 867 1812 atque
915 1743 1160 1798 sodalem
1209 1746 1459 1811 unicum,
1511 1741 1778 1814 quidquid
1811 1742 1974 1797 etiam

2072 553 2172 606 Eva
2201 552 2336 623 πρὸς
2360 551 2429 604 τὰ
2456 549 2694 621 ὀνόματα
2721 547 2828 602 τῶν
2856 545 3098 618 ἡμερῶν.
3156 543 3342 598 Ταῦτα
3368 543 3426 596 δὲ
3451 541 3556 596 νῦν
3585 541 3667 594 ει-

2072 644 2190 697 πὼν
2214 684 2228 708 ,
2272 644 2300 696 ὃ
2331 645 2378 696 τ’
2408 641 2604 714 ἀληθὲς
2640 641 2804 712 τιμᾷν
2835 638 2987 710 παρὰ
3018 637 3096 708 τῷ
3134 655 3152 687 t
3173 635 3458 706 Φιλαλήθει
3483 653 3504 686 ι
3546 631 3668 704 (24)

2073 734 2456 808 νενομισμένος
2474 774 2489 799 ,
2523 733 2639 804 μεθ’
2664 731 2827 802 ἕτερα
2849 730 2949 801 τῆς
2969 728 3186 800 γραφῆς
3205 766 3220 791 ,
3246 726 3322 789 ὡς
3347 726 3415 780 ἂν
3434 725 3498 796 δὴ
3528 739 3671 793 γοη-

2070 829 2221 882 τείαν
2257 827 2364 880 τῶν
2403 825 2742 898 Βραχμάνων
2771 824 3072 890 καταγνοὺς
3093 862 3108 886 ,
3148 819 3242 874 καὶ
3270 818 3474 887 ταύτης
3503 815 3673 872 ἐλεύ-

2073 921 2230 991 θερον
2259 917 2596 986 καταστῆσαι
2623 914 2716 968 τὸν
2766 911 3118 966 Ἀπολλώνιον
3150 909 3441 980 φροντίσας
3464 946 3480 970 ,
3535 908 3671 958 ἐπι-

2074 1010 2268 1081 φέρει,
2307 1010 2530 1077 φάσκων
2568 1005 2708 1059 κατὰ
2763 1002 2908 1069 λέξιν
2932 1019 2946 1033 ο
3014 1020 3033 1052 ι
3075 998 3218 1053 Ἰδὼν
3254 998 3314 1051 δὲ
3350 997 3505 1070 παρὰ
3546 999 3671 1059 tot;

2087 1101 2266 1163 Ἰνδοῖς
2293 1101 2419 1161 τοὺς
2446 1097 2706 1169 τρίποδας
2727 1137 2742 1160 ,
2782 1096 2877 1148 καὶ
2907 1094 3035 1157 τοὺς
3065 1091 3333 1163 οἰνοχόους
3355 1131 3371 1156 ,
3425 1091 3524 1144 καὶ
3561 1089 3673 1143 ὅσα

2075 1193 2358 1263 αὐτόματα
2411 1191 2668 1260 ἐσφοιτᾷν
2712 1187 2824 1259 (25)
2865 1182 3047 1253 εἷπον,
3130 1183 3243 1238 οὗθ’
3298 1185 3447 1248 ὅπως
3497 1184 3672 1253 σοφί-

2074 1285 2249 1350 ζοιντο
2279 1285 2416 1339 αὐτὰ
2441 1323 2456 1347 ,
2497 1285 2659 1354 ἤρετο
2697 1281 2808 1352 (26)
2835 1321 2849 1344 ,
2890 1279 3013 1333 οὗτε
3048 1279 3243 1350 ἐδεήθη
3275 1277 3495 1350 μαθεῖν·
3541 1278 3670 1332 ἀλλ’

2073 1380 2262 1452 ἐπῄνει
2299 1378 2398 1449 μὲν
2422 1417 2437 1441 ,
2487 1375 2682 1448 ζηλοῦν
2729 1375 2788 1429 δέ
2832 1375 2932 1428 οὐκ
2964 1373 3136 1442 ἠξίου.
3166 1392 3184 1425 1
3276 1374 3387 1426 Καὶ
3420 1372 3543 1435 πῶς
3567 1413 3586 1437 ,
3623 1366 3674 1426 ὦ

2073 1467 2227 1536 οῦτος
2251 1512 2266 1537 ,
2301 1472 2401 1525 οὐκ
2433 1471 2585 1540 ἠξίου
2623 1468 2856 1540 ζηλοῦν;
2890 1469 2918 1521 ὁ
2954 1467 3077 1537 δίχα
3112 1465 3206 1519 τοῦ
3241 1465 3474 1537 Δάμιδος
3501 1481 3672 1517 σπου-

2073 1564 2170 1637 δὴν
2241 1564 2563 1635 ποιούμενος
2631 1560 3054 1632 συμφιλοσοφεῖν
3108 1560 3293 1622 αὐτοῖς
3313 1599 3328 1621 ,
3410 1557 3508 1610 καὶ
3574 1556 3671 1609 τὸν

2079 1658 2272 1729 μόνον,
2336 1657 2364 1710 ὅ
2411 1674 2465 1710 τι
2511 1656 2604 1708 καὶ
2659 1653 2922 1726 πράττοι,
2975 1651 3260 1705 λανθάνειν
3291 1650 3409 1704 δέον
3443 1651 3669 1720 ἑταῖρον

2075 1747 2397 1820 ἡγούμενος.
2455 1746 2581 1809 Πῶς
2626 1744 2683 1798 δὲ
2713 1745 2813 1798 οὐκ
2844 1743 2996 1813 ὴξίου
3046 1741 3283 1814 ζηλοῦν;
3337 1742 3366 1793 ὁ
3392 1741 3526 1804 τοὺς
3557 1739 3670 1793 τῶν

391 1841 499 1897 est,
529 1832 678 1904 [cum
715 1833 806 1905 iis]
833 1835 978 1904 quod
1009 1835 1142 1904 egit,
1191 1836 1448 1905 ignorare
1495 1844 1752 1904 oportere
1783 1848 1975 1888 cense-

2082 1843 2324 1913 ἀστέρων
2355 1839 2676 1909 ἐπωνύμους
2708 1836 3141 1908 καταδεχόμενος
3171 1834 3493 1896 δακτυλίους
3516 1873 3531 1896 ,
3573 1833 3671 1886 καὶ

391 1926 526 1980 hat?
556 1926 660 1993 Qui
690 1943 821 1981 vero
848 1927 1050 1981 imitari
1082 1928 1341 1996 dignatus
1366 1926 1511 1979 haud
1535 1926 1640 1980 sit?
1673 1925 1765 1995 qui
1795 1925 1977 1994 plane-

392 2024 574 2070 tarum
595 2019 910 2073 nominibus
942 2018 1235 2087 insignitas
1259 2017 1495 2072 annulos
1525 2018 1736 2086 accepit
1757 2017 1822 2078 “,
1846 2030 1974 2070 eos-

392 2124 502 2178 que
545 2124 641 2178 per
673 2123 893 2162 omnem
956 2109 1127 2162 vitam
1180 2117 1397 2178 gestare
1446 2107 1817 2162 necessarium
1869 2107 1974 2162 subi

391 2199 567 2263 duxit,
602 2207 766 2270 prout
815 2199 1021 2254 ferrent
1050 2200 1270 2253 nomina
1301 2199 1550 2266 cujusvis
1577 2199 1685 2253 diei
1719 2217 1731 2252 :
1760 2207 1815 2254 et
1846 2200 1972 2269 qui-

392 2293 514 2347 dem
554 2307 619 2348 eo
654 2293 802 2362 quod
835 2307 1057 2356 arcana,
1088 2291 1165 2346 uti
1207 2292 1324 2362 ipse
1360 2291 1466 2353 ais,
1507 2291 1711 2345 virtute
1742 2300 1972 2360 praesta~

393 2393 536 2441 rent.
575 2384 647 2439 Ut
673 2400 803 2440 vero
830 2384 1202 2439 concedamus
1228 2384 1415 2446 etiam,
1453 2384 1656 2437 imitari
1689 2385 1794 2439 ista
1839 2400 1970 2438 eum

392 2477 659 2539 noluisse,
697 2486 986 2547 prepterea
1017 2482 1166 2530 certe
1199 2490 1307 2529 non
1336 2475 1606 2528 imitatum
1640 2491 1763 2530 esse
1795 2474 1972 2528 mani-

394 2567 594 2622 festum
625 2567 752 2629 erit,
784 2565 931 2636 quod
964 2576 1111 2620 recte
1145 2565 1250 2620 sibi
1284 2564 1432 2618 haud
1487 2563 1670 2619 facere
1723 2565 1972 2620 videren-

394 2665 504 2712 tur.
539 2657 824 2724 Quomodo
855 2658 1020 2728 igitur
1051 2657 1121 2711 ob
1150 2671 1215 2710 ea
1243 2655 1509 2717 laudavit.
1560 2671 1682 2725 qua:
1729 2672 1839 2710 non
1885 2658 1971 2712 di-

393 2756 656 2820 gnaretur
704 2747 942 2802 imitari?
969 2747 1056 2810 Et,
1091 2747 1138 2802 si
1187 2755 1445 2816 tanquam
1479 2754 1597 2801 arte
1625 2747 1808 2801 divina
1841 2763 1972 2818 ope-

393 2850 580 2898 rantes
613 2842 965 2902 collaudavit,
1001 2857 1100 2896 cur
1141 2840 1390 2894 imitatus
1426 2839 1570 2894 haud
1600 2847 1704 2902 est,
1755 2842 1972 2896 Iaudem

392 2949 513 3004 qua:
553 2934 934 2990 mererentur?
973 2931 1146 2986 Porro
1195 2946 1324 2985 vero
1375 2937 1497 3000 post
1564 2945 1773 2984 moram
1828 2931 1971 3002 apud

395 3025 495 3080 hos
530 3024 751 3088 factam,
782 3025 1132 3095 Apollonium
1167 3039 1276 3077 una
1311 3037 1437 3076 cum
1467 3021 1586 3077 suis
1607 3031 1970 3078 revertentem

2074 1931 2297 1996 τούτους
2349 1931 2645 1998 ἀναγκαῖον
2683 1926 2967 1998 τιθέμενος
3018 1923 3107 1978 διὰ
3164 1922 3364 1986 παντὸς
3395 1921 3493 1975 τοῦ
3548 1920 3670 1990 βίου

2076 2025 2262 2096 φέρειν
2319 2022 2456 2092 πρὸς
2511 2020 2579 2074 τὰ
2625 2019 2867 2090 ὀνόματα
2914 2018 3024 2072 τῶν
3073 2017 3329 2089 ἡμερῶνο
3390 2015 3667 2082 καίτοιγε,

2076 2116 2429 2188 ἀπόρρητον,
2482 2115 2556 2178 ὡς
2607 2114 2711 2184 φῂς
2765 2111 2960 2173 αὐτὸς,
2997 2109 3216 2180 ἔχοντας
3248 2107 3422 2177 ἰσχύν.
3489 2106 3556 2158 Εἰ
3611 2104 3670 2158 δὲ

2077 2207 2175 2260 καὶ
2228 2205 2408 2277 δοθείη
2444 2205 2504 2258 τὸ
2559 2204 2634 2276 μὴ
2666 2202 2864 2272 ζηλοῦν
2896 2200 3187 2271 ἠξιωκέναι
3220 2199 3382 2252 αὐτὸν
3404 2239 3418 2263 ,
3475 2196 3554 2260 ὡς
3592 2194 3667 2267 μὴ

2076 2294 2134 2352 εῦ
2171 2297 2508 2370 πράττοντας
2549 2297 2647 2349 οὐκ
2691 2294 2881 2366 ἐζήλου
2926 2293 3184 2364 δηλονότι.
3243 2291 3369 2353 Πῶς
3416 2283 3514 2341 οὖν
3569 2291 3670 2340 ἐπ-

2075 2389 2213 2460 ῄνει,
2243 2391 2333 2458 ἐφ’·
2358 2383 2440 2452 οἷς
2473 2388 2547 2459 μὴ
2575 2386 2724 2457 ὴξίου
2760 2383 2956 2458 ζηλοῦν
2980 2401 2995 2447 ;
3053 2384 3116 2436 Εἰ
3144 2383 3189 2436 δ’
3217 2382 3293 2444 ὡς
3320 2381 3484 2443 θείως
3510 2381 3668 2450 ἐνερ-

2075 2481 2306 2552 γοῦντας
2352 2482 2572 2553 ἐπῄνει,
2622 2479 2740 2542 πῶς
2781 2479 2879 2532 οὐκ
2910 2477 3100 2549 ἐζήλου
3131 2475 3199 2528 τά
3225 2475 3466 2528 ἐπαίνων
3494 2472 3623 2537 ἄξια
3649 2490 3664 2536 ;

2089 2572 2250 2625 Ἀλλὰ
2279 2571 2389 2642 γὰρ
2439 2572 2577 2642 μετὰ
2609 2572 2708 2642 τὴν
2739 2569 2890 2641 παρὰ
2921 2568 3130 2630 τούτοις
3180 2565 3466 2637 διατριϐὴν
3488 2606 3503 2630 ,
3560 2581 3668 2617 πα-

2077 2663 2420 2717 λινοστοῦντα
2449 2663 2608 2716 αὑτὸν
2631 2662 2745 2734 ἅμα
2768 2665 2879 2724 τοῖς
2907 2660 3145 2732 ἑταίροις
3162 2700 3176 2724 ,
3200 2657 3522 2730 ἐληλυθέναι
3559 2673 3666 2724 φη-

2080 2757 2164 2810 σὶν
2198 2758 2255 2820 ἐς
2279 2757 2377 2826 τὴν
2405 2756 2512 2810 τῶν
2546 2755 2770 2828 Ὡριτῶν
2794 2754 2904 2825 (27)
2939 2752 3142 2824 χώραν,
3177 2751 3304 2828 ἔνθα
3335 2749 3541 2820 χαλκαῖ
3569 2749 3667 2819 μὲν

2075 2849 2257 2912 αὐτοῖς
2274 2850 2330 2903 αἱ
2352 2848 2570 2920 πέτραι,
2595 2827 2769 2920 χαλκῆ
2789 2848 2843 2901 δὲ
2861 2849 2893 2918 ἡ
2910 2847 3152 2918 ψάμμος,
3172 2827 3374 2915 χαλκοῦ
3394 2843 3451 2895 δὲ
3466 2841 3665 2910 ψῆγμα

2073 2939 2123 2991 οί
2151 2940 2387 3010 ποταμοὶ
2415 2941 2626 3008 ἄγουσι.
2663 2941 2775 2993 Καὶ
2802 2938 3042 2992 τοσαῦτα
3076 2937 3175 3008 μὲν
3202 2936 3272 2990 τὰ
3299 2935 3443 2988 κατὰ
3467 2934 3530 2987 τὸ
3556 2933 3663 3004 τρί-

2072 3045 2164 3083 τον
2200 3030 2561 3104 σύγγραμμα.

395 3117 462 3173 ad
489 3117 766 3173 Oritarum
815 3121 892 3172 ait
915 3119 958 3150 θ’
989 3118 1208 3172 venisse
1259 3116 1558 3186 regionem,
1591 3116 1683 3171 ubi
1723 3133 1864 3172 aerea
1905 3135 2057 3182 saxa,
2097 3137 2373 3195 arenaqne
2398 3143 2559 3191 arrea,
2591 3125 2826 3197 aerisque
2863 3131 3109 3180 ramenta
3140 3121 3288 3177 ﬂuvii
3320 3119 3554 3176 vehunt.
3571 3117 3662 3170 At-

395 3229 503 3284 que
527 3213 634 3269 ista
657 3221 806 3279 sunt,
840 3229 961 3284 quae
992 3213 1047 3267 in
1089 3213 1252 3268 tertio
1286 3213 1427 3266 libro
1456 3214 1827 3269 continentur.

861 3327 1021 3398 527
1055 3323 1286 3381 CAPUT
1324 3322 1513 3380 xxvn.

472 3435 768 3509 Sequentia
798 3437 910 3507 jam
944 3453 1385 3508 percenseamus.
1431 3438 1505 3494 Ex
1554 3438 1706 3494 India
1747 3440 1800 3494 in
1828 3437 1980 3494 Grae-

398 3531 546 3585 ciam
572 3531 832 3586 reduccm
863 3530 908 3562 ⁶³
944 3530 1013 3584 ab
1064 3530 1201 3600 ipsis
1237 3532 1344 3586 diis
1373 3531 1545 3586 refert
1603 3532 1812 3586 socium
1849 3531 1980 3587 deo-

397 3638 522 3679 rum
557 3639 681 3677 eum
709 3638 832 3677 esse
863 3619 1200 3676 declaratum
1231 3622 1357 3692 :qui
1393 3629 1448 3676 et
1473 3627 1707 3691 mgrotos
1737 3621 1802 3674 ad
1827 3635 1976 3683 eum,

399 3715 655 3771 sanitatis
686 3713 1078 3783 recuperanda:
1106 3728 1299 3777 causa,
1344 3713 1697 3767 remiserunt.
1749 3709 1981 3780 Jamque

369 3807 557 3877 -quasi
589 3805 659 3860 ab
708 3805 1002 3868 Arabibus,
1048 3807 1331 3876 magisque
1360 3814 1416 3859 et
1453 3803 1600 3858 Indis
1649 3801 1980 3872 stupendum

398 3899 578 3953 virum
609 3904 663 3953 et
695 3897 851 3968 plane
885 3897 1130 3951 divinum
1163 3895 1459 3960 advehens,
1494 3895 1662 3951 miras
1691 3895 1819 3948 inde
1851 3909 1981 3948 nar-

399 3989 646 4045 rationes
680 3988 943 4044 instituit.
977 3987 1144 4057 Atqui
1191 4003 1301 4042 non
1357 3986 1635 4041 immerito
1681 3987 1828 4042 dicat
1879 3987 1980 4040 ali-

401 4085 546 4153 quis,
603 4083 751 4154 quod
804 4083 850 4137 si
895 4083 1006 4152 jam
1045 4081 1175 4136 olim
1217 4080 1647 4144 excellentioris,
1697 4096 1862 4149 quam
1893 4085 1980 4135 est

402 4176 665 4240 humana,
695 4178 1001 4232 exstitisset
1039 4183 1270 4239 naturae,
1309 4189 1420 4228 non
1463 4174 1575 4243 jam
1605 4173 1849 4240 demum,
1881 4171 1979 4228 sed

400 4267 588 4338 potius
619 4276 910 4336 antequam
963 4268 1199 4321 aliorum
1247 4265 1572 4337 profecisset
1610 4265 1978 4328 institutione,

401 4359 796 4413 miraculorum
828 4358 1222 4428 patrandorum
1257 4357 1474 4412 initium
1506 4373 1633 4412 eum
1668 4355 1848 4411 facere
1879 4371 1979 4426 par

401 4462 536 4505 erat.
569 4449 837 4505 Praeterea
869 4449 1260 4520 superforanea
1314 4448 1494 4503 futura
1551 4447 1769 4512 fuisset,
1814 4463 1980 4517 quam

401 4541 694 4603 Arabibus.
731 4541 1014 4612 magisque
1063 4549 1117 4595 et
1168 4540 1316 4597 Indis
1344 4542 1526 4597 studio
1561 4541 1666 4595 sibi
1700 4539 1983 4608 conquisi-

402 4635 500 4697 vit,
529 4634 805 4696 doctriua,
839 4633 884 4688 si
917 4633 1042 4696 quis
1069 4648 1191 4687 eum
1218 4633 1376 4702 juxta
1405 4649 1491 4698 ea,
1528 4647 1652 4703 quae
1683 4629 1982 4685 Philostra-

2567 3329 2964 3385 ΚΕΦΑΛΑΙΟΝ
3019 3331 3162 3399 Kcr.

2161 3443 2433 3514 Ἐπίωμεν
2464 3443 2508 3496 δ’
2537 3442 2638 3514 ἤδη
2671 3442 2741 3496 τὰ
2774 3441 2924 3513 ἑξῆς.
2995 3441 3422 3506 Ἐπανελθόντα,
3475 3441 3667 3512 φησὶν,

2079 3535 2241 3590 αὐτὸν
2269 3535 2366 3606 τῆς
2409 3533 2584 3590 Ἰνδῶν
2608 3532 2791 3606 χώρας
2817 3535 2910 3587 ἐπὶ
2937 3535 3038 3606 τὴν
3090 3533 3315 3587 Ἑλλάδα
3338 3573 3353 3595 ,
3411 3533 3668 3586 κοινωνὸν

2078 3627 2188 3682 τῶν
2218 3626 2355 3681 θεῶν
2388 3625 2524 3698 πρὸς
2555 3625 2734 3679 αὐτῶν
2762 3626 2870 3678 τῶν
2919 3625 3056 3678 θεῶν
3089 3623 3541 3695 ἀνακεκηρύχθαι
3563 3666 3578 3686 ,
3618 3622 3668 3677 οἶ

2079 3721 2172 3774 καὶ
2202 3721 2330 3782 τοὺς
2356 3718 2663 3790 κάμνοντας
2685 3717 2761 3782 ὡς
2792 3718 2954 3771 αὐτὸν
2984 3719 3068 3786 ἐφ’
3091 3718 3252 3787 ὑγεία
3275 3717 3666 3788 παρέπεμπον.

2079 3812 2190 3866 Καὶ
2237 3811 2372 3882 δῆτα
2411 3811 2487 3874 ὡς
2517 3809 2576 3875 ἐξ
2623 3809 2869 3882 Ἀράϐων
2894 3849 2908 3873 ,
2944 3811 3039 3863 καὶ
3075 3809 3302 3879 μάγων,
3353 3810 3450 3862 καὶ
3492 3809 3670 3863 Ἰνδῶν

2080 3902 2383 3976 παράδοξόν
2409 3919 2533 3957 τινα
2561 3903 2656 3956 καὶ
2686 3902 2828 3955 θεῖον
2846 3901 3006 3955 αὐτὸν
3029 3903 3161 3971 ἡμῖν
3190 3900 3416 3969 ἀγαγὼν
3440 3941 3454 3964 ,
3490 3919 3671 3972 παρα-

2078 3996 2241 4064 δόξων
2266 3994 2513 4049 ὲντεῦθεν
2541 3994 2920 4067 ἀφηγημάτων
2948 3992 3503 4065 κατάρχεται.Καὶτδ
3532 3993 3670 4063 (27')

2079 4088 2144 4143 ἄν
2165 4104 2248 4152 τις
2273 4088 2414 4140 εἴποι
2442 4087 2696 4156 εὐλόγως,
2719 4087 2799 4140 ὅτι
2816 4086 2901 4156 δὴ,
2922 4088 2970 4139 εί
2992 4085 3267 4156 θειοτέρας
3284 4085 3316 4157 ἢ
3333 4086 3673 4157 κατ’άνθρω-

2079 4196 2180 4234 πον
2213 4177 2426 4248 φύσεως
2454 4174 2521 4250 ἦν
2553 4178 2720 4231 πάλαι
2745 4217 2760 4242 ,
2807 4177 2922 4231 ἀλλ’
2950 4177 3011 4230 ού
3039 4174 3135 4230 νῦν
3163 4175 3266 4228 ἔδει
3287 4215 3303 4240 ,
3351 4175 3461 4246 πρὸ
3486 4175 3590 4246 τῆς
3614 4174 3671 4228 δὲ

2079 4270 2282 4342 ἐτέρων
2330 4270 2683 4342 μεταλήψεως
2739 4269 2847 4323 τῶν
2902 4269 3221 4340 θαυμασίων
3268 4267 3668 4339 κατάρχεσθαι.

2079 4362 2317 4433 Περιττὴ
2366 4361 2411 4414 δ’
2441 4361 2507 4414 ἂν
2547 4362 2642 4414 καὶ
2673 4363 2706 4430 ὴ
2758 4360 2818 4427 ἐξ
2862 4359 3106 4431 Ἀράϐων
3135 4356 3284 4428 αὐτῷ
3308 4398 3323 4420 ,
3381 4357 3580 4428 μάγων
3611 4373 3668 4410 τε

2081 4452 2175 4506 καὶ
2214 4450 2411 4515 Ἰνδῶν,
2441 4451 2531 4504 διὰ
2554 4451 2789 4521 σπουδῆς
2814 4453 3153 4523 ἐπεχειρεῖτο
3208 4449 3554 4519 πολυμάθεια
3573 4489 3589 4510 ,
3624 4449 3670 4501 εί

2080 4544 2144 4615 δή
2179 4562 2264 4608 τις
2317 4543 2461 4598 κατὰ
2518 4545 2616 4615 τὴν
2649 4543 2893 4598 δοθεῖσαν
2929 4543 3139 4614 ὑπῆρεν
3199 4541 3482 4596 ὑπόθεσιν.

2081 4629 2257 4701 οὗτος,
2285 4635 2428 4692 κατὰ
2451 4636 2542 4690 τὸν
2565 4635 2740 4708 ἀληθῆ
2768 4636 3091 4708 συγγραφέα
3133 4634 3267 4706 (28),
3287 4634 3384 4688 νῦν
3411 4635 3477 4706 δὴ
3532 4635 3670 4706 πάρ-

403 4733 492 4780 tus
516 4726 686 4794 ponit,
721 4724 1091 4781 extollendum
1117 4731 1287 4794 putet.
1323 4722 1429 4779 Sed
1454 4732 1640 4779 tamen
1670 4724 1781 4786 ille,
1806 4722 1966 4791 juxta

2082 4747 2214 4793 εστι,
2242 4729 2378 4800 μετά
2401 4707 2684 4794 τοσούτους
2695 4728 3048 4793 διδασκάλους
3062 4727 3160 4800 τὴν
3181 4728 3376 4799 σοφίαν
3395 4727 3669 4783 ἐνδεικνύ-

403 4816 816 4871 verncissimum
839 4816 1008 4870 istum
1036 4817 1392 4885 scriptorem,
1411 4815 1518 4884 jam
1545 4816 1766 4872 demum
1797 4814 1974 4879 adest,

403 4907 684 4978 sapientiae
713 4914 1032 4978 argumenta
1070 4907 1285 4976 publice
1310 4907 1596 4963 exhibens.

2087 4841 2267 4897 μενος.

475 5000 520 5033 ⁶⁰
562 4998 655 5053 lib.
691 5015 759 5064 v,
794 5014 846 5056 c.
884 4997 971 5053 ιε.
1049 4999 1092 5031 ⁶¹
1133 4997 1228 5052 lib.
1272 5012 1369 5062 111,
1411 5012 1462 5051 c.
1503 4998 1592 5052 15.
1669 4998 1715 5030 ⁶²
1756 4995 1855 5053 lib.
1898 5012 1960 5053 111

2082 5043 2086 5053 ,
2119 5001 2209 5057 54.
2286 5000 2332 5032 ⁵³
2370 4999 2465 5052 lib.
2499 5014 2587 5061 tv,
2622 5013 2673 5052 c.
2707 4999 2762 5052 Ι.

497 5090 589 5158 ει)
626 5091 792 5160 Παρὰ
823 5089 904 5156 τῷ
933 5087 1277 5160 mxumam.
1308 5087 1484 5158 Supra
1514 5105 1565 5144 c.
1600 5090 1656 5160 2.

499 5163 588 5233 25)
619 5158 979 5233 _’Eo'_<,co¢tgir.
1006 5161 1092 5233 Alta
1122 5158 1356 5233 Philost.
1380 5161 1544 5216 habet
1566 5169 1621 5214 et
1650 5158 1850 5216 Euseb.
1879 5159 1977 5216 inf.

404 5246 455 5289 c.
489 5231 578 5288 50.
619 5231 1202 5302 'Exeotrazivihabebaut
1229 5231 1383 5302 editi.

477 5302 588 5374 (‘26)
623 5299 858 5374 ᾜρὲτοζ
886 5301 1030 5355 Editi
1082 5299 1207 5354 οὔτε
1259 5301 1444 5372 ἦρετο.
1478 5299 1762 5374 Ηορ-οῦτε
1795 5308 1981 5355 tamen

405 5370 766 5427 omittendum
791 5374 1168 5440 putavi;nam,
1202 5370 1519 5426 ut'taceam
1565 5370 1976 5436 Philostratum,

405 5444 604 5514 ipseid
628 5443 838 5514 emittit
870 5441 1144 5514 Eusebius
1175 5440 1301 5504 inf.,
1337 5457 1388 5496 c.
1424 5441 1515 5496 '50.

476 5510 592 5585 (27)
626 5512 882 5585 Ὠριτιῖζν.
921 5513 996 5585 Ita
1035 5511 1232 5585 Indiga:
1258 5514 1437 5585 gentis
1476 5512 1983 5585 nomen_scrihen—

407 5581 537 5654 dum
571 5580 761 5654 'monet
806 5582 1134 5652 Stephanus,
1167 5582 1486 5654 Eustathius
1533 5581 1598 5654 ad
1622 5580 1983 5654 Dionysium.

410 5653 612 5724 aliique
655 5650 786 5724 [non
838 5650 1088 5724 Ὠρειτῶν
1143 5661 1203 5707 ut
1234 5650 1982 5724 _Eu_sAebii_editihabebant].

419 5720 675 5794 Ὠρείτηξ
699 5733 875 5779 autem
900 5720 1124 5776 ἐθνικὺν
1167 5721 1261 5775 τοῦ
1312 5720 1498 5792 Ὠρεοῦ
1534 5722 1740 5792 oppidi,
1766 5723 1822 5778 in
1875 5720 1984 5778 Eti-

2087 5094 2204 5148 boea
2239 5092 2439 5148 insula.
2470 5090 2733 5146 Similiter
2758 5089 2903 5162 apud
2936 5087 3331 5146 Philostratum
3379 5096 3663 5158 peccatum

2087 5172 2190 5216 est.
2228 5163 2501 5216 Ηοιετειι.

2087 5172 2190 5220 ρει.
2228 5172 2501 5218 Ηοιετειι.

2137 5235 2274 5305 (27‘)
2300 5233 2410 5288 Kal
2434 5233 2524 5286 τό.
2553 5231 2715 5305 Forte
2738 5229 3028 5305 legendum
3067 5228 3264 5305 mit-3t.
3283 5225 3453 5282 Eutr.

2159 5298 2272 5376 (28)
2319 5305 2481 5360 Κατὰ
2528 5298 2878 5376 τὸν-λάθῃθῆ
2928 5316 3138 5370 cum.
3181 5298 3393 5376 Dictum
3439 5299 3662 5376 είρςιννι-

2085 5368 2220 5440 κῶς,
2251 5368 2444 5444 nempe
2461 5388 2558 5444 pro
2587 5373 2679 5444 tali
2713 5368 3103 5444 Philo’slratum
3123 5368 3458 5444 vendiderat
3477 5368 3662 5444 Hiero—

2083 5447 2219 5516 cles,
2243 5439 2409 5516 supra
2434 5439 2482 5499 c'.
2510 5443 2728 5516 n.AMale
2758 5443 2921 5511 igitur
2952 5441 3207 5516 Acciolus
3233 5439 3351 5516 haec
3384 5440 3454 5492 ad
3485 5440 3658 5516 ipsum

2091 5508 2394 5572 Hieroclem
2447 5508 2807 5575 retulerat,et
2852 5519 3042 5566 contra
3075 5509 3246 5564 Graeci
3291 5508 3658 5564 textustide

2089 5593 2354 5642 verterat:
2373 5584 2666 5640 Philalethe
2680 5593 2858 5636 tamen
2881 5590 3119 5643 auctore,
3132 5580 3342 5634 nonnisi
3359 5589 3434 5634 tot
3465 5582 3656 5634 exhau-

2089 5659 2183 5712 stis
2212 5656 2481 5727 magistris
2506 5655 2820 5723 sapientiam
2853 5651 3120 5722 patefecit
