3856 6222
143 273 250 330 835

653 392 1048 448 ΚΕΦΔΛΑΙΟΝ
1105 394 1230 447 KZ'.

209 485 322 539 Καὶ
354 485 549 558 πρῶτα
585 487 686 558 μὲν
710 527 726 551 ,
759 481 847 542 οἷα
865 487 923 554 ἐξ
957 487 1202 561 Ἀράϐων
1226 489 1338 561 (29)
1361 489 1577 562 καὶτῆς
1602 491 1732 563 παρ’

135 577 322 640 αὐτοῖς
342 578 688 650 οἰωνιστικῆς
707 577 1026 650 ὁρμώμενος
1050 617 1066 642 ,
1093 579 1187 632 τὸν
1211 579 1467 652 στρουθὸν
1489 581 1517 634 ὅ
1545 598 1596 634 τι
1619 579 1736 650 βού-

133 667 282 723 λοιτο
301 709 316 733 ,
347 670 474 734 τοὺς
502 670 719 741 ἐτέρους
741 671 835 724 ἐπὶ
860 671 1067 743 τροφὴν
1097 673 1434 743 παρακαλῶν
1459 713 1473 735 ,
1497 674 1736 746 ὲφερμη-

134 763 283 816 νεύει
312 765 426 826 τοῖς
449 763 745 834 παροῦσιν·
775 760 890 816 εἶτα
935 763 993 817 δὲ
1013 805 1028 830 ,
1059 763 1247 836 λοιμοῦ
1281 766 1730 840 προαισθόμενος,

136 857 576 927 προμαντεύεται
605 861 713 922 τοῖς
736 860 998 925 πολίταις.
1031 861 1142 934 Τὴν
1161 862 1204 913 δ’
1222 863 1400 918 αἰτίαν
1428 863 1522 916 καὶ
1541 862 1730 915 τούτου

135 949 198 1000 ἐν
227 952 293 1020 τῇ
333 950 466 1022 πρὸς
499 952 827 1022 Δομετιανὸν
857 953 1316 1025 ἀπολογίᾳαύτὸς
1347 954 1729 1026 παρατίθεται.

148 1041 443 1112 Ἐρομένου
459 1043 566 1112 γάρ
577 1061 658 1098 τοι
674 1045 856 1111 αὑτὸν,
876 1046 1072 1100 ὁπόθεν
1092 1046 1409 1119 ὁρμώμενος
1425 1047 1582 1100 τοῦτο
1601 1063 1734 1118 προ-

132 1131 304 1197 είποι,
334 1133 696 1206 «Λεπτοτέρᾳ,
721 1135 846 1207 ἔφη,
871 1136 1171 1209 χρώμενος,
1199 1132 1243 1191 ὦ
1264 1138 1505 1209 βασιλεῦ,
1526 1139 1726 1214 διαίτῃ,

133 1222 354 1294 πρῶτος
384 1223 479 1277 τοῦ
537 1225 710 1280 δεινοῦ
762 1229 1010 1301 ᾐσθόμην
1034 1246 1048 1260 ·
1089 1250 1107 1281 ι
1158 1231 1250 1284 καὶ
1279 1231 1460 1302 τρίτον
1499 1231 1543 1284 δ’
1579 1231 1730 1302 αὐτῷ

133 1313 322 1385 θαῦμα
359 1317 582 1385 γεγονὸς
623 1319 826 1391 ἱστορεῖ
847 1360 862 1384 ,
902 1321 976 1385 ὡς
1009 1321 1072 1393 δὴ
1107 1322 1469 1393 ἀλεξήσαντος
1500 1323 1593 1376 τὸν
1625 1324 1730 1376 λοι-

134 1405 238 1477 μόν
287 1407 416 1479 (50).
472 1411 648 1482 Ὅπερ
701 1413 750 1464 εί
795 1412 862 1466 τά
905 1413 1138 1484 μάλιστα
1181 1416 1239 1468 ἐν
1283 1417 1405 1478 ταῖς
1455 1415 1548 1468 ἐπὶ
1583 1415 1729 1469 τέλει

127 1501 252 1553 κατ’
295 1500 459 1554 αὐτοῦ
517 1505 873 1576 κατηγορίαις
902 1505 964 1558 οὐ
996 1505 1243 1559 τέθεικεν
1285 1507 1314 1560 ὁ
1351 1507 1725 1579 συγγραφεὺς,

125 1590 214 1643 ὅτι
241 1589 316 1662 μὴ
350 1593 553 1665 παρῆν,
589 1595 665 1658 ὡς
693 1595 860 1661 εἰκὸς,
896 1596 1045 1667 αὐτῷ
1078 1597 1148 1650 δι’
1183 1597 1482 1668 ἀπολογίας
1525 1595 1729 1652 ἀπολύ-

127 1681 326 1736 σασθαι
353 1683 462 1754 (51)
489 1683 551 1736 τὸ
584 1684 855 1758 ἔγκλημα,
875 1687 1006 1759 φέρε
1034 1687 1098 1758 δὴ
1129 1683 1220 1741 οὖν
1254 1689 1424 1758 ὅμως,
1448 1689 1601 1742 αὐτοὶ
1625 1688 1726 1760 τὴν

1281 273 1486 330 LIBER
1522 273 1804 332 CONTRA
1843 274 2270 334 HIEROCLEM.

1752 405 1800 464 Δ

3318 263 3426 338 est

2374 395 2608 452 CAPUT
2644 395 2862 455 XXVII.

1907 487 1987 542 Ac
2009 488 2193 558 primo
2221 489 2444 560 quidem
2473 489 2536 555 “,
2561 490 2732 544 veluti
2766 490 2835 545 ab
2861 489 3136 546 Arabibus
3163 496 3220 545 et
3253 504 3426 561 augu-

1835 581 1936 635 rali
1965 596 2156 636 eorum
2187 582 2376 636 schola
2407 581 2735 648 adventans,
2767 583 3126 654 passerculus
3155 582 3288 653 quid
3317 583 3422 638 sibi

1835 673 2020 740 vellet,
2064 673 2134 728 ad
2185 685 2404 744 pastum
2439 685 2668 730 czeteros
2700 675 2796 745 qui
2831 675 3121 740 invitabat,
3152 675 3422 729 auditori-

1833 765 1940 820 bus
1974 765 2390 835 interpretatur.
2422 765 2563 822 Tum
2589 767 2634 799 ⁸⁸
2664 776 3012 838 appetentem
3047 767 3422 837 pestilentiam

1836 865 1963 914 ante
1988 860 2253 922 sentiens,
2311 859 2527 914 civibus
2559 859 2708 913 illam
2741 859 3014 930 praedicit.
3067 858 3312 928 Ejusque
3342 858 3423 913 rei

1832 950 2103 1005 rationem
2154 950 2294 1020 apud
2353 949 2728 1006 Domitianum
2779 953 2897 1022 ipse
2959 966 3178 1021 quoque
3229 949 3419 1008 edidit.

1833 1040 2082 1113 Rogante
2133 1043 2280 1096 enim
2351 1057 2479 1097 eum
2540 1041 2875 1106 Domitiano,
2938 1057 3050 1113 quo
3107 1041 3161 1095 id
3219 1040 3421 1112 praedi-

1832 1133 2007 1189 xisset
2063 1133 2353 1199 instinctu,
2410 1152 2429 1185 ι
2492 1132 2694 1199 Diaeta,
2749 1133 2948 1203 inquit,
3001 1147 3035 1186 o
3088 1133 3418 1202 imperator,

1830 1227 2010 1297 magis
2081 1227 2242 1283 tenui
2306 1241 2486 1291 usus,
2555 1226 2770 1296 primus
2839 1226 3088 1280 omnium
3168 1223 3420 1296 persensi

1830 1323 2058 1376 malum.
2126 1339 2146 1372 ι
2219 1318 2468 1375 Tertium
2525 1319 2657 1376 inde
2729 1327 3076 1390 patratorum
3137 1319 3190 1376 ei
3248 1319 3420 1375 mira-

1829 1413 2080 1466 culorum
2137 1414 2364 1484 exponit
2431 1413 2522 1477 “,
2587 1419 2649 1467 ut
2712 1421 2922 1483 pestem
2995 1427 3192 1482 nempe
3247 1412 3420 1484 depu-

1828 1505 1972 1560 lerit.
1999 1503 2152 1571 Quod
2186 1505 2408 1562 tametsi
2430 1521 2554 1560 eum
2573 1506 2810 1561 maxime
2831 1505 3070 1575 scriptor
3097 1505 3152 1558 in
3181 1505 3269 1569 iis,
3296 1522 3420 1576 qua:

1828 1596 1934 1652 sub
1974 1596 2137 1652 ﬁnem
2182 1597 2478 1663 habentur,
2531 1597 2980 1653 accusationibus
3019 1613 3130 1652 non
3174 1612 3420 1652 comme-

1825 1690 2146 1753 moraverit,
2197 1689 2482 1760 quoniam,
2521 1699 2582 1744 ut
2639 1689 2958 1744 verosimile
2997 1697 3105 1755 est,
3161 1689 3416 1760 apologia

124 1776 372 1848 ἱστορίαν
402 1779 460 1841 ὲς
495 1779 728 1852 φανερὸν
762 1778 1112 1851 ὑποθῶμεθα,
1143 1780 1284 1834 οὕτω
1309 1779 1373 1853 δὴ
1409 1782 1502 1835 καὶ
1525 1781 1707 1852 ταύτηε

1831 1782 1967 1838 illud
1998 1782 2210 1837 crimen
2257 1797 2370 1836 non
2408 1791 2623 1852 poterat
2652 1780 2900 1846 diluere;
2937 1781 3300 1837 nihilominus
3333 1791 3416 1837 ta-

125 1867 466 1932 εὐθύνοντες.
505 1870 572 1923 Εἴ
618 1888 724 1924 τινι
776 1870 886 1942 γὰρ
935 1873 1036 1926 οὐκ
1081 1872 1147 1926 ἂν
1196 1873 1280 1945 εἴη
1322 1873 1508 1942 σαφὲς,
1546 1874 1628 1927 ὃτι
1661 1876 1726 1949 δὴ

121 1957 262 2012 πολὺ
291 1959 355 2012 τὸ
387 1959 632 2031 πλάσμα,
663 1962 757 2015 καὶ
789 1962 1088 2034 ἀπατηλὸν,
1117 1965 1377 2033 γοητείας
1407 1981 1468 2017 τε
1494 1964 1569 2029 ὡς
1595 1965 1727 2038 ἀλη-

118 2050 233 2115 θῶς
254 2051 686 2124 ἕμπλεον,αὐτὸς
716 2056 745 2107 ὁ
773 2055 972 2127 τρόπος
999 2056 1294 2127 ἀπελέγχει
1321 2058 1423 2127 τῆς
1454 2059 1720 2131 ἱστορίας.

118 2143 229 2195 Τὸν
256 2143 364 2214 γάρ
386 2161 468 2196 τοι
500 2144 688 2217 λοιμὸν
723 2147 1036 2201 ὑποτίθεται
1061 2151 1120 2202 ὲν
1153 2149 1282 2202 εἴδει
1317 2148 1710 2220 πτωχεύοντος,

117 2235 216 2288 καὶ
263 2236 486 2307 ῥάκεσιν
532 2239 915 2310 ἠμφιεσμένοι)
968 2240 1278 2311 πρεσϐύτου
1316 2241 1508 2314 ἀνδρὸς
1541 2245 1721 2315 ἑωρᾶ-

119 2327 274 2381 σθαι·
315 2329 376 2382 ὃν
408 2329 728 2384 καταλεύειν
777 2331 1275 2404 ἐπικελευσαμένου
1314 2333 1408 2386 τοῦ
1443 2333 1720 2388 Ἀπολλων

115 2414 254 2478 νίου,
291 2416 554 2488 πρότερον
591 2418 690 2489 μὲν
723 2418 835 2492 πῦρ
877 2419 1093 2491 βάλλειν
1125 2421 1234 2474 τῶν
1269 2421 1587 2494 ὀφθαλμῶν,
1617 2420 1717 2477 εἷθ’

116 2504 346 2577 ὕστερον
398 2507 665 2580 βληθέντα
689 2509 878 2576 λίθοις,
916 2511 1052 2565 κύνα
1106 2514 1586 2586 συντετριμμένον,
1624 2514 1718 2568 καὶ⁸

115 2601 513 2672 παραπτύοντα
556 2603 749 2675 ἀφρὸν,
783 2605 858 2668 ὡς
886 2607 934 2658 οἱ
969 2604 1290 2672 λυττῶντες,
1327 2608 1560 2678 φανῆναι
1587 2625 1600 2638 ⁸
1638 2609 1716 2662 εἰ·

116 2690 351 2762 ρηκέναι
382 2691 426 2744 δ’
458 2692 620 2745 αὑτὸν
655 2694 784 2768 περὶ
817 2693 1009 2748 τούτου
1060 2696 1152 2750 καὶ
1183 2699 1240 2750 ὲν
1274 2699 1341 2769 τῇ
1383 2697 1519 2770 πρὸς
1553 2698 1712 2752 αὐτο-

114 2780 364 2852 κράτορα
416 2782 742 2851 Δομετιανὸν
793 2783 1058 2856 ἀπολογίᾳ
1097 2784 1272 2838 ταῦτα
1305 2786 1528 2858 γράφει·
1573 2807 1591 2836 ι
1639 2787 1712 2846 Τὸ

115 2872 228 2943 γὰρ
258 2873 450 2945 λοιμοῦ
485 2870 645 2939 εἶδος,
684 2875 907 2945 πτωχῷ,
947 2870 1048 2930 ὧδε
1079 2878 1352 2949 ἀγείροντι
1388 2878 1519 2950 (52),
1557 2877 1710 2932 εἴκα-

114 2981 248 3020 στο·
302 2966 396 3019 καὶ
445 2963 604 3031 εἶδον,
639 2968 732 3020 καὶ
788 2967 930 3031 ἰδὼν,
966 2964 1130 3034 εἷλον,
1167 2971 1227 3023 οὺ
1284 2970 1499 3033 παύσας
1533 2970 1706 3034 νόσον,

111 3056 232 3110 ἀλλ’
283 3057 497 3126 ἐξελών.
543 3080 562 3112 ι
601 3062 698 3124 Τίς
731 3061 794 3131 δὴ
829 3057 921 3115 οὖν
955 3061 1046 3115 ἐπὶ
1077 3061 1289 3126 τούτοις
1337 3063 1398 3115 οὐ
1437 3063 1579 3134 μέγα
1608 3061 1707 3134 τὴν

109 3149 210 3204 τοῦ
245 3149 646 3222 θαυματοποιοῦ
676 3154 965 3223 γελάσεται
1009 3153 1503 3227 παραδοξοποιίαν;
1549 3153 1709 3218 ζώων

108 3243 436 3314 ὀφθαλμοῖς,
471 3245 564 3299 καὶ
592 3245 756 3299 λίθων
787 3246 1162 3301 ὑποπίπτοντα
1197 3247 1398 3317 βολαῖς,
1431 3245 1710 3318 ξυντριϐό-

113 3334 279 3399 μενόν
313 3353 371 3388 τε
407 3336 545 3408 πρὸς
591 3335 914 3408 ἀνθρώπων,
951 3339 1043 3393 καὶ
1076 3338 1248 3410 ἀφρὸν
1292 3338 1708 3411 παραπτύοντα,

109 3428 216 3499 τὴν
266 3428 361 3481 τοῦ
416 3429 603 3498 λοιμοῦ
656 3432 815 3501 φύσιν
864 3432 1098 3498 ἀκούων,
1127 3433 1204 3496 ὼς
1236 3433 1346 3486 οὐδ’
1388 3433 1503 3486 ἀλλ’
1531 3433 1711 3490 ὁτιοῦν

110 3520 374 3589 υγχάνει
416 3521 449 3592 ἢ
495 3521 691 3595 φθορὰ,
748 3525 843 3579 καὶ
895 3524 1139 3587 κάκωσις
1186 3524 1370 3596 ἀέρος,
1405 3527 1498 3579 ἐπὶ
1532 3527 1596 3579 τὸ
1621 3544 1711 3580 νο-

111 3608 284 3674 σῶδες
331 3615 687 3684 τρεπομένου,
731 3615 829 3670 τοῦ
861 3615 1227 3690 περιέχοντος,
1263 3618 1328 3670 ἐκ
1358 3617 1609 3691 πονηρῶν
1639 3635 1702 3672 τε

110 3707 210 3757 καὶ
259 3706 478 3776 φαύλων
518 3710 958 3782 ἀναθυμιάσεων,
1044 3709 1200 3778 λόγος
1231 3708 1473 3780 ἰατρικὸς
1518 3727 1702 3783 παρα-

108 3796 318 3864 δίδωσι,
358 3801 772 3872 ξυνισταμένου.
821 3804 931 3856 Καὶ
972 3803 1147 3866 ἄλλως
1178 3801 1289 3874 (55)
1312 3803 1355 3856 δ’
1391 3802 1456 3857 ἂν
1496 3803 1559 3857 τὸ
1603 3806 1709 3875 φά-

110 3912 228 3964 σμα
257 3898 368 3968 (34)
397 3894 750 3967 διευθυνθείη,
771 3895 1003 3967 ἐπείπερ
1034 3895 1173 3968 μόνῃ
1204 3897 1270 3966 τῇ
1306 3894 1413 3947 τῶν
1445 3897 1708 3965 Ἐφεσίων

107 3991 288 4054 πόλει,
318 3989 432 4044 ἀλλ’
465 3989 586 4061 οὐχὶ
615 3987 708 4042 καὶ
737 3991 853 4052 τοῖς
883 3988 1103 4059 ὁμόροις
1125 3987 1216 4040 τὸν
1251 3986 1436 4058 λοιμὸν
1473 3989 1703 4060 ἐπισκῆ-

106 4079 210 4152 ψαί
271 4097 434 4151 φησιν
481 4082 509 4134 ὁ
559 4079 714 4148 λόγος
737 4096 750 4108 ·
787 4080 922 4150 ὅπερ
954 4080 1054 4133 οὐκ
1088 4078 1156 4132 ἂν
1193 4078 1426 4148 γεγόνοι,
1454 4079 1700 4133 κάκωσιν

103 4173 206 4228 τοῦ
239 4173 588 4246 περιέχοντος
644 4171 1004 4235 πεπονθότοςο
1040 4171 1100 4224 οὺ
1144 4171 1253 4240 γὰρ
1296 4171 1380 4243 δὴ,
1409 4170 1701 4224 κατακλει-

107 4265 260 4331 σθὲν,
281 4267 428 4338 μόνῳ
458 4265 524 4321 ἂν
542 4265 843 4338 ὲφήδρευσε
872 4265 950 4337 τῷ
967 4263 1096 4335 περὶ
1114 4263 1213 4337 τὴν
1231 4264 1463 4332 Ἔφεσον
1493 4263 1618 4336 ἀέρι
1640 4263 1702 4317 τὸ

103 4359 345 4431 νόσημα.

1829 1891 1954 1931 men
1985 1890 2111 1939 nos,
2142 1890 2265 1945 age,
2296 1875 2459 1929 istam
2504 1873 2792 1929 historiam
2829 1875 2886 1929 in
2927 1874 3103 1930 lucem
3140 1877 3413 1946 produca-

1825 1977 1971 2026 mus,
1995 1977 2116 2016 eam
2147 1978 2367 2032 quoque
2397 1963 2474 2015 ita
2503 1963 2890 2020 examinaturi.
2922 1962 2979 2018 Si
3009 1964 3099 2018 cui
3132 1967 3278 2020 enim
3310 1967 3414 2021 mi-

1825 2067 1932 2107 nus
1967 2053 2106 2108 alias
2140 2061 2418 2109 constaret
2450 2053 2681 2124 liquido,
2712 2054 2953 2122 spissum
2976 2053 3080 2110 hoc
3105 2072 3231 2113 esse
3258 2073 3413 2112 men-

1832 2145 2140 2210 dacium,et
2172 2146 2380 2215 magica
2419 2161 2602 2200 revera
2632 2145 2796 2215 528
2821 2148 3207 2216 superstitione
3241 2146 3409 2203 refer-

1833 2243 1970 2300 tum,
1996 2238 2110 2306 ipsa
2134 2238 2462 2292 narrationis
2493 2239 2633 2292 ratio
2658 2239 2710 2292 id
2743 2248 2887 2294 esset
2914 2240 3176 2294 evictura.
3196 2238 3408 2294 Pestem

1832 2331 1978 2384 enim
2003 2329 2194 2383 statuit
2227 2330 2486 2394 mendici,
2524 2329 2827 2400 pannisque
2867 2330 3061 2386 laceris
3105 2330 3279 2386 induti
3323 2346 3410 2385 se-

1833 2422 1921 2476 nis
1969 2422 2155 2476 habitu
2203 2423 2542 2490 apparuisse.
2581 2422 2749 2488 Quem
2775 2437 2898 2477 cum
2940 2423 3207 2491 lapidibus
3251 2421 3408 2476 obrui

1811 2509 2076 2579 jussisset
2098 2510 2448 2580 Apollonius,
2485 2510 2722 2580 primum
2750 2510 2826 2563 ait
2857 2507 3131 2563 flammam
3155 2510 3410 2565 emisisse

1816 2603 1993 2656 oculis
2023 2621 2034 2656 :
2066 2610 2181 2655 tum
2212 2617 2344 2656 vero
2374 2602 2648 2672 lapidibus
2693 2602 2950 2656 obrutum
3002 2619 3195 2659 canem
3231 2605 3406 2659 obtri-

1814 2702 1927 2748 tum
1953 2701 2005 2746 et
2033 2710 2128 2749 ore
2163 2702 2532 2763 spumantem,
2565 2693 2882 2748 rabidorum
2916 2709 3088 2758 more,
3120 2697 3408 2765 apparuis-

1813 2799 1895 2838 se.
1927 2782 2112 2853 Ipsum
2165 2792 2346 2838 autem
2395 2783 2463 2838 de
2497 2798 2562 2838 eo
2589 2785 2751 2836 etiam
2800 2784 3174 2854 Apollonium.
3213 2789 3268 2840 in
3304 2803 3404 2842 sua

1813 2877 1879 2930 ad
1913 2875 2282 2930 Domitianum
2316 2876 2702 2946 imperatorem
2753 2878 3026 2947 apologia,
3056 2878 3129 2931 ita
3158 2879 3405 2936 locutum

1809 2983 1934 3024 esse
1966 2968 2160 3023 scribit
2190 2987 2203 3022 :
2248 2986 2265 3018 ι
2302 2966 2639 3022 Pestilentiae
2666 2968 2811 3022 enim
2841 2967 3016 3022 forma
3046 2971 3320 3033 mendico,
3340 2985 3407 3024 eo

1814 3060 2003 3115 habitu
2039 3060 2494 3131 circumvaganti,
2525 3061 2970 3116 assimilabatur:
3003 3077 3237 3132 eamque
3269 3062 3402 3128 vidi,

1812 3154 2098 3224 visamque
2143 3154 2270 3218 vici,
2301 3169 2408 3208 non
2457 3163 2520 3207 ut
2567 3161 2811 3208 cessaret
2857 3154 2975 3208 lues
3014 3153 3274 3219 emciens,
3307 3158 3402 3211 sed

1808 3246 1970 3316 plane
2002 3261 2032 3300 e
2051 3245 2230 3301 medio
2253 3261 2373 3300 eam
2405 3245 2624 3300 tollens.
2651 3263 2667 3296 ι
2689 3245 2827 3310 Quis
2849 3261 3002 3310 vero,
3027 3246 3158 3300 talia
3194 3247 3404 3318 legens,

1807 3339 2230 3410 praestigiatoris
2270 3354 2470 3408 magno
2511 3338 2627 3393 risu
2683 3353 2795 3393 non
2838 3339 3080 3410 excipiat
3112 3341 3408 3409 portenta?

1813 3429 2170 3504 [monstrum]
2209 3431 2387 3486 oculis
2435 3431 2760 3497 viventium,
2806 3437 2861 3486 et
2923 3430 3200 3502 lapidibus
3254 3433 3308 3486 in
3347 3448 3407 3488 se

1810 3523 2077 3592 conjectis
2107 3522 2430 3584 obnoxium,
2465 3522 2532 3576 ab
2579 3521 2898 3577 hominibus
2942 3538 3076 3578 vero
3108 3524 3400 3586 obtritum.

1812 3623 1868 3670 et
1912 3629 2008 3669 ore
2055 3628 2317 3684 spumans
2353 3632 2365 3666 :
2401 3613 2573 3682 pestis
2631 3620 2886 3667 naturam
2923 3614 3015 3684 qui
3051 3615 3212 3680 sciat,
3251 3615 3402 3685 quod

1815 3712 1962 3768 aliud
2014 3713 2087 3769 sit
2135 3713 2272 3767 nihil
2306 3728 2472 3782 quam
2533 3711 2846 3781 corruptela
2895 3717 2952 3766 et
2981 3709 3174 3764 vitium
3232 3707 3400 3772 aeris,

1815 3814 2030 3860 nosmet
2055 3805 2372 3865 ambientis,
2400 3811 2566 3874 atque
2594 3806 2651 3858 in
2684 3804 2907 3857 noxium
2948 3799 3092 3856 versi
3125 3799 3398 3861 habitum,

1816 3901 1871 3950 et
1904 3894 2157 3965 malignis
2185 3909 2250 3948 ac
2281 3893 2594 3962 depravatis
2631 3892 3096 3956 exbalationibus,
3128 3900 3186 3944 ut
3221 3888 3400 3944 medi-

1817 4001 2009 4042 eorum
2057 3986 2220 4042 tradit
2277 3985 2551 4050 doctrina,
2587 3983 2892 4054 inspissati.
2941 3981 3055 4036 lmo
3107 3988 3163 4036 et
3211 3979 3398 4034 habita

1808 4087 2129 4135 ceterarum
2179 4077 2722 4133 circumstantiarum
2755 4075 2969 4129 ratione
3011 4074 3181 4128 hocce
3209 4071 3398 4141 explo-

1809 4172 1940 4227 dere
1992 4171 2154 4226 liceat
2206 4177 2506 4241 spectrum,
2551 4168 2809 4238 quoniam
2857 4180 3056 4234 nempe
3117 4163 3218 4220 soli
3273 4163 3397 4217 urbi

1810 4260 2078 4332 Ephesiae,
2110 4276 2219 4316 non
2260 4275 2389 4315 vero
2438 4258 2688 4312 ﬁnitimis
2720 4257 2887 4312 etiam
2926 4263 3135 4326 pestem
3174 4268 3393 4324 gravem

1810 4353 2133 4410 incubuisse
2163 4360 2353 4406 narrat
2397 4353 2576 4406 oratio
2611 4368 2625 4404 :
2663 4350 2808 4420 quod
2835 4349 3040 4403 factum
3068 4356 3216 4403 certe
3248 4344 3394 4400 haud

103 4463 278 4513 esset,
308 4450 357 4506 si
392 4450 584 4505 vitium
637 4451 706 4506 ab
754 4465 882 4504 aere
945 4448 1224 4502 ambiente
1269 4444 1470 4504 fuisset
1527 4456 1922 4502 contractum:
1960 4446 2187 4502 minime
2251 4445 2421 4509 enim,
2479 4444 2752 4514 angustiis
2807 4443 3142 4507 conclusus,
3213 4440 3391 4496 solum

103 4544 407 4616 Ephesium
440 4559 620 4600 aerem
653 4545 880 4600 morbus
909 4542 1166 4598 obsidere
1194 4542 1488 4612 potuisset.

180 4640 230 4675 “
272 4641 365 4696 lib.
401 4657 487 4704 IV,
520 4656 571 4694 c.
603 4641 658 4696 3.

737 4640 781 4672 ⁸⁵
823 4639 918 4695 lib.
958 4653 1046 4702 iv,
1081 4653 1130 4693 c.
1165 4635 1220 4690 4.
1303 4636 1348 4668 ⁸⁸
1389 4635 1486 4689 lib.
1522 4648 1620 4699 Ill,
1651 4649 1703 4689 c.
1745 4632 1835 4686 lO.

182 4733 298 4803 (29)
334 4728 440 4786 Οἴα
477 4731 547 4797 ἐξ
589 4731 882 4803 Ἀράϐων,
901 4733 1108 4800 Nempe
1140 4728 1447 4788 doctissimi
1483 4727 1562 4783 illi
1597 4728 1694 4803 τῆς

1819 4719 1902 4778 bos
1927 4722 2185 4803 γέροντι,
2231 4720 2323 4776 sed
2375 4716 2899 4803 ιηξῑυεοπτωχῷ
2931 4718 3168 4803 γέροντι.
3193 4717 3391 4803 legitur

103 4799 454 4874 οἱωνιάτικῆς
487 4799 752 4874 magistri.
789 4799 1201 4874 Videnostrum
1234 4814 1404 4874 supra
1437 4814 1556 4869 cap.
1595 4799 1688 4874 μθ.

188 4876 303 4946 (50)
327 4870 601 4946 ίΛὸιμόνξ
629 4873 1088 4946 νιιίυιηίΑιᾱιηω
1117 4870 1403 4946 editionis,
1441 4885 1562 4940 qua:
1595 4870 1694 4922 ha~

105 4941 276 5002 bebat
326 4941 603 5016 λογισμόν,
666 4943 1066 5016 rhlorellianairr
1102 4956 1320 5016 quoque
1360 4941 1688 5016 _invaser_at,

103 5010 498 5090 quainvisﬁel
547 5015 753 5069 Accioli
779 5015 986 5090 _versio
1017 5010 1301 5090 Marianum
1342 5010 1410 5065 de
1440 5025 1576 5090 vera
1599 5011 1690 5064 le-

105 5081 296 5142 ctione
323 5087 617 5142 admonere
641 5086 930 5156 potuisset.
970 5085 1026 5138 In
1058 5081 1416 5138 Holsteniana
1448 5081 1690 5136 editione

102 5159 370 5213 mendum
398 5157 542 5211 istud
574 5155 848 5212 sublatum
874 5155 1130 5210 observo.

181 5229 460 5300 (δη-[Ὁτι
491 5226 578 5297 μὴ
611 5241 752 5300 παρ.
785 5228 866 5300 ᾡς
892 5229 1000 5280 εὶκ.
1038 5227 1172 5300 αυτ.
1197 5223 1295 5300 ,ᾤ’
1323 5224 1520 5300 ἀποαῑ.Δ
1547 5222 1694 5300 ἀπο-

99 5291 508 5356 λύον.’Νεεοὶό
543 5291 612 5352 an
656 5291 951 5352 Eusebium
1003 5297 1146 5350 ratio
1197 5295 1286 5349 hic
1333 5310 1444 5348 nou
1495 5291 1688 5362 fugiat.

101 5373 246 5426 Cum
279 5371 446 5432 enim,
485 5370 629 5438 quod
667 5369 783 5438 ipse
812 5368 976 5438 paulo
1002 5374 1127 5438 post
1155 5366 1432 5438 observat.
1471 5363 1692 5438 Apollo-

101 5449 236 5497 nius
289 5441 433 5510 apud
486 5435 888 5510 Domitianum,
919 5435 1103 5492 ea'de
1155 5452 1214 5510 re
1262 5435 1473 5510 prolixe
1509 5435 1692 5510 egisse

99 5505 385 5574 narretur,
436 5512 623 5566 nescio
671 5527 738 5563 an
771 5509 1107 5564 Philostrato
1158 5505 1269 5562 ista
1309 5505 1478 5560 tribui
1515 5505 1692 5574 possit

101 5583 505 5653 praevaricatio.
534 5581 666 5636 Vide
721 5581 828 5634 huc
861 5581 1189 5650 spectantia,
1253 5577 1347 5633 lib.
1389 5591 1514 5639 vui,
1548 5589 1598 5629 c.
1635 5574 1686 5639 7,

101 5654 518 5794 εϐἳέὲῗὴτωχ.
537 5715 665 5794 ,ὧδε
714 5721 1026 5794 ἀγείροντι.
1062 5716 1381 5794 Holstenius
1408 5730 1475 5771 ex
1502 5714 1690 5769 Philo-

1801 4793 1944 4864 apud
1962 4787 2391 4864 'P'hilostratumi
2425 4789 2539 4864 Nec
2571 4791 2626 4843 in
2672 4787 2900 4864 preclivi
2933 4787 3117 4864 est_ea
3155 4787 3389 4864 lectione

1798 4854 2080 4920 obtinente
2112 4862 2440 4932 particulam
2475 4854 2577 4914 ὦδε
2605 4854 2892 4914 commode
2916 4858 3221 4932 explicare.
3247 4857 3388 4932 H_i_nc

1797 4951 1865 4990 ex
1896 4927 2132 4988 Eusebio
2163 4931 2580 4994 Philostratum,
2613 4946 2778 5000 quam
2813 4945 2880 4984 ex
2912 4927 3248 4984 Philostrato
3276 4929 3386 4985 Eu-

1798 5007 2009 5062 sebium
2041 5005 2150 5057 isto
2183 5005 2302 5057 loco
2334 5004 2518 5055 malim
2542 5001 2846 5056 emendari.

1869 5076 1982 5147 (5.3)
2017 5074 2128 5147 Καὶ
2153 5072 2375 5138 ἄλλως.
2410 5072 2474 5147 il.
2507 5088 2558 5126 e.
2589 5073 2722 5147 licet
2754 5085 2883 5125 vero
2921 5069 3084 5147 etiam
3115 5069 3382 5125 conceda-

1795 5141 1887 5201 tur
1915 5141 2153 5199 fabulam
2186 5159 2310 5198 esse
2341 5144 2540 5197 tradita
2573 5142 2641 5196 de
2665 5149 2817 5210 peste
2849 5141 2997 5196 senis
3033 5141 3208 5194 forma
3253 5155 3356 5196 con

1796 5219 2008 5287 spicua,
2041 5223 2095 5270 et
2125 5222 2320 5287 caetera
2359 5231 2426 5268 eo
2461 5213 2788 5287 pertinentia
2839 5218 3171 5287 nugamenta
3226 5210 3383 5266 fabu-

1795 5281 1911 5343 losa
1937 5301 2094 5352 esse;
2117 5300 2218 5338 nec
2241 5285 2322 5338 sic
2351 5281 2532 5337 tamen
2556 5284 2719 5337 etiam
2743 5281 3233 5352 acquiescendum;
3255 5297 3381 5336 nam

1793 5360 2018 5414 omnino
2059 5367 2266 5426 pestem
2315 5353 2630 5426 Ephesiain,
2662 5354 2826 5426 etiam
2873 5353 2991 5426 sine
3018 5353 3161 5426 istis
3208 5367 3383 5421 nuga-

1793 5432 1994 5484 mentis
2017 5423 2340 5496 spectatam,
2362 5423 2463 5479 καὶ
2488 5424 2684 5496 ἄλλως,
2711 5425 2923 5476 ratione
2946 5423 3126 5496 habita
3156 5431 3384 5496 caetera-

1793 5516 1914 5554 rum
1941 5492 2505 5558 circ-unistantiarum,
2533 5495 2839 5548 fabulosam
2873 5509 2995 5548 esse
3022 5492 3378 5562 deprehendi.

1871 5571 1984 5641 (54)
2019 5567 2252 5636 Φάσμα.
2287 5567 2617 5641 Φάσμα-ὴοο
2650 5567 2770 5619 loco
2815 5563 3076 5641 nil_a|_iud
3109 5564 3382 5641 sigpiﬁcat

1797 5633 1977 5712 quam
2015 5633 2198 5712 fucujn
2249 5633 2426 5712 oculis
2452 5638 2786 5712 obstipatum
2823 5656 2835 5689 :
2870 5636 2950 5712 sic
2975 5634 3164 5712 niuf._c.
3193 5633 3380 5712 55._de

1793 5701 1984 5766 eadem
2020 5725 2098 5774 re,
2132 5709 2252 5762 Ὀτι
2275 5708 2465 5780 φάσμα
2494 5701 2776 5762 καὶόὐδέν
2803 5723 2856 5760 τι
2890 5704 3050 5760 πλέον
3079 5701 3170 5777 ἦν,
3189 5703 3380 5778 προδι-

97 5781 302 5863 strato.
354 5781 721 5867 ὦδεηγέροντι,
752 5781 1039 5863 legendum
1072 5797 1248 5871 putat.
1279 5789 1349 5845 At
1381 5801 1560 5859 neque
1588 5802 1682 5841 πτ.

1819 5781 2048 5856 ξήλωται.
