3856 6222
417 299 524 358 839

1059 286 1332 346 EUSEBII
1371 283 1854 344 CAESARIENS‘S
1890 281 2042 340 OPP.
2079 280 2282 338 PARS.
2315 279 2361 335 ll
2402 311 2472 322 —
2507 277 3024 336 APOLOGETICA.

3601 275 3705 332 διο

418 419 775 495 particularia
814 414 1090 487 Apollonii
1141 414 1288 469 facta
1342 421 1508 482 atque
1557 409 1904 480 specialiura.
1938 408 1999 463 At

2124 405 2268 470 ῐιλλα,
2310 407 2402 458 καὶ
2442 403 2584 458 κατὰ
2632 403 2944 475 πρόγνωσιν
2982 399 3146 454 αὑτὸν
3191 399 3411 468 λέγειν,
3464 414 3708 469 προμανι

421 516 527 570 alia
557 513 722 569 etiam
768 511 1060 566 innumera
1105 520 1351 578 praesaga
1393 512 1578 560 mente
1619 503 1830 560 dixisse
1855 517 2004 568 eum,

420 608 893 675 vaticinatumque
942 617 1065 658 esse
1095 612 1148 656 et
1197 598 1603 671 praececinisse,
1649 597 1860 652 scribit.
1894 595 2008 651 Hoc

420 701 575 766 item,
607 698 909 752 utAthenis
933 695 1137 750 initiari
1167 692 1462 748 Eleusiniis
1492 691 1667 748 sacris
1697 690 2008 761 cupiens",

421 808 454 848 a
484 791 703 847 Cereris
753 789 1038 846 sacerdote
1074 787 1383 859 prohibitus
1431 785 1618 852 fuerit,
1667 785 1814 840 nolle
1862 799 2007 847 sese,

423 887 625 949 aiente,
661 898 878 954 magum
904 882 1145 944 initiare,
1181 878 1530 934 Eleusiniave
1573 892 1733 934 sacra
1768 877 2010 948 pandere

419 978 655 1042 homini,
685 977 868 1030 minus
897 975 1053 1044 puris
1095 973 1317 1027 addicto
1363 973 1559 1027 sacris.
1596 969 1712 1024 Imo
1744 971 1910 1026 etiam
1934 971 2005 1033 ei,

419 1071 515 1140 qui
552 1067 827 1138 impudice
873 1058 1101 1120 Romam
1153 1063 1632 1135 pervagabatur",
1665 1060 2009 1131 Neronisque

421 1159 672 1216 carmina
720 1159 788 1212 ad
819 1158 1088 1212 citharam
1133 1157 1386 1212 mercede
1421 1155 1764 1220 cantillabat,
1795 1169 2009 1209 merce-

421 1254 547 1308 dem
584 1263 644 1307 ut
687 1251 965 1306 solverent
990 1249 1059 1304 ob
1086 1251 1403 1321 praeclaram
1447 1264 1694 1320 operam,
1724 1247 2008 1302 sodalibus

423 1347 540 1402 suis
573 1358 826 1400 summus
877 1342 968 1396 ille
1010 1341 1396 1412 philosophus,
1431 1339 1704 1395 Neronem
1729 1345 2004 1394 metuens.

420 1439 699 1513 praecepit.

984 1525 1216 1583 CAPUT
1252 1523 1448 1581 XXXI.

489 1643 667 1716 Atque
713 1641 835 1696 istis
883 1639 1106 1710 quidem
1154 1644 1355 1708 quarto
1408 1636 1574 1692 etiam
1627 1635 1902 1699 absoluto,
1933 1632 2006 1702 kin

2109 496 2407 553 τεύσασθαί
2460 514 2522 550 τε
2577 496 2670 549 καὶ
2736 494 3122 567 προειρηκέναι
3190 491 3416 564 γράφει.
3474 491 3589 545 Καὶ
3633 491 3706 553 ὡς

2124 590 2378 663 Ἀθήνῃσι
2401 586 2729 659 βουληθέντα
2779 585 3050 658 μυηθῆναι
3091 583 3161 638 τὰ
3194 583 3500 637 Ἐλευσίνια
3525 585 3556 635 6
3582 582 3705 654 τῇδε

2111 679 2288 754 εἷρξεν
2312 683 2341 734 6
2375 679 2572 752 ἱερεὺς,
2601 679 2674 750 μὴ
2704 679 2770 732 ἄν
2797 695 2926 731 ποτε
2958 679 3136 749 φήσας
3181 674 3488 748 μνήσεσθαι
3513 674 3704 745 γόητα,

2113 775 2249 848 μηδὲ
2275 773 2346 829 τὰ
2380 771 2681 827 Ἐλευσίνια
2705 770 2910 837 ἀνοῖξαι
2944 765 3217 840 ἀνθρώπῳ
3264 766 3338 838 μὴ
3377 763 3612 836 καθαρῷ
3643 764 3707 817 τὰ

2109 870 2380 940 δαιμόνια.
2424 864 2586 920 Ἀλλά
2619 864 2714 917 καὶ
2738 862 2816 934 τῷ
2849 860 3094 930 ἀσελγῶς
3124 858 3399 930 ἀγείροντι
3435 856 3582 910 κατά
3611 855 3709 928 τὴν

2122 960 2361 1032 Ῥώμην,
2390 959 2484 1012 καὶ
2515 957 2616 1020 τὰς
2643 954 2897 1026 Νέρωνος
2947 951 3086 1025 μετὰ
3128 949 3361 1022 κιθάρας
3399 949 3500 1002 ἐπϊ
3533 944 3708 1018 μισθῷ

2108 1053 2359 1120 διεξιόντι
2393 1049 2556 1123 ᾠδὰς,
2613 1048 2802 1121 μισθὸν
2847 1045 3123 1100 ἐπιδοῦναι
3163 1046 3278 1106 τοῖς
3324 1040 3569 1112 ἑταίροις
3612 1037 3709 1108 τῆς

2112 1146 2283 1216 σοφῆς
2307 1143 2512 1214 ταύτης
2536 1139 2955 1212 ἐπιτηδεύσεως,
2986 1139 3015 1190 6
3037 1133 3475 1206 φιλοσοφώτατος
3503 1130 3594 1184 διά
3620 1128 3708 1182 του

2109 1238 2363 1310 Νέρωνος
2395 1234 2560 1305 φόϐον
2592 1233 2940 1305 προστάττει.
3723 1237 3729 1244 “

2619 1516 3017 1575 ΚΕΦΑΛΑΙΟΝ
3057 1516 3162 1570 AA'

2191 1644 2280 1697 Ἐν
2310 1643 2521 1704 τούτοις
2553 1634 2761 1694 καὶτοῦ
2790 1634 3053 1704 τετάρτου
3086 1625 3528 1700 περιγραφέντος
3551 1624 3611 1676 ἐν
3634 1639 3713 1694 τῳ

419 1740 616 1811 quinto
665 1737 934 1791 institutae
967 1732 1036 1787 de
1076 1747 1142 1785 eo
1175 1727 1497 1800 scriptionis
1541 1727 1767 1791 libro",
1798 1726 1891 1780 ubi
1937 1725 1999 1780 de

2124 1736 2348 1806 πέμπτῳ
2388 1734 2489 1804 τῆς
2528 1730 2655 1800 περί
2701 1725 2868 1782 αὑτοῦ
2907 1723 3147 1794 γραφῆς,
3193 1716 3362 1773 εἰπών
3411 1733 3540 1769 τινα
3584 1715 3715 1786 περὶ

420 1831 644 1888 fatidica
690 1830 810 1899 ejus
863 1827 1122 1880 facultate
1167 1823 1434 1879 nonnulla
1483 1821 1737 1883 dixisset,
1770 1833 2007 1888 eumque

419 1925 726 1980 admiratus
759 1927 906 1975 esset
937 1919 1196 1988 scriptor,
1247 1915 1352 1970 ista
1393 1914 1460 1968 ad
1517 1912 1743 1967 verbum
1778 1909 2008 1978 subjun-

417 2016 530 2086 git:
565 2033 581 2062 ι
615 2010 768 2076 Quod
803 2016 982 2062 autem
1029 2006 1146 2060 haec
1189 2003 1374 2058 divino
1402 2001 1638 2071 quodam
1669 2005 1821 2052 motu
1854 2010 1990 2063 prae-

419 2105 636 2167 dixerit,
652 2100 907 2172 quodque
926 2112 1113 2167 parum
1137 2109 1267 2149 sana
1291 2099 1516 2148 utantur
1539 2099 1738 2152 mente,
1770 2099 1987 2155 magum

422 2198 591 2254 fuisse
626 2197 778 2250 illum
809 2193 903 2262 qui
939 2192 1263 2262 opinantur,
1297 2187 1478 2258 531,
1516 2183 1649 2240 satis
1683 2187 1897 2234 constat
1921 2191 1989 2230 ex

423 2289 582 2344 dictis
625 2286 927 2353 hucusque.
980 2282 1084 2336 Sed
1132 2291 1310 2335 tamen
1349 2294 1410 2333 ea
1441 2289 1659 2347 quoque
1689 2273 1755 2327 de
1783 2286 1843 2325 re
1875 2284 1993 2323 am-

423 2378 567 2449 plius
585 2375 964 2446 dispiciamus.
991 2373 1384 2435 Incantatores,
1409 2383 1506 2424 eos
1537 2377 1719 2422 autem
1748 2381 1848 2436 ego
1868 2380 2010 2420 mor-

419 2472 610 2526 talium
646 2467 1057 2522 infelicissimos
1119 2471 1250 2534 puto
1284 2477 1429 2528 esse,
1468 2461 1668 2531 partim
1717 2459 2005 2529 spiritibus

419 2559 742 2631 torquendis
778 2573 899 2613 sese
938 2556 1236 2628 applicant,
1264 2555 1464 2623 partim
1512 2553 1762 2607 barbaris
1803 2552 2003 2615 sacris,

418 2653 617 2724 partim
643 2650 980 2705 carminibus
1023 2655 1117 2702 aut
1145 2645 1374 2700 venenis
1422 2643 1658 2698 fatorum
1700 2643 1911 2698 sancita
1946 2658 2007 2698 se

417 2744 640 2814 quidem
695 2751 909 2797 mutare
955 2741 1129 2795 aiunt.
1161 2738 1488 2809 Apollonius
1535 2745 1717 2791 autem
1765 2737 2005 2789 fatorum

417 2835 638 2890 decreta
671 2835 1026 2905 sequebatur,
1083 2832 1347 2902 fatalique
1378 2830 1710 2886 necessitate
1740 2837 2005 2884 eventura

415 2929 747 3001 praedicebat
775 2947 788 2996 ;
822 2927 1152 2999 praedicebat
1182 2933 1363 2980 autem
1390 2939 1500 2979 non
1529 2924 1720 2994 magiae
1755 2937 1878 2993 ope,
1911 2937 2006 2977 ve-

417 3039 540 3078 rum
593 3022 824 3077 deorum
880 3020 1215 3075 revelatione
1267 3019 1517 3073 edoctus.
1565 3015 1811 3084 Cumque
1858 3012 2003 3084 apud

2110 1826 2366 1896 γνώσεως
2400 1824 2508 1895 (42)
2535 1820 2724 1883 αὑτοῦ,
2747 1819 2843 1873 καί
2859 1813 3260 1884 ἀποθαυμάσας
3281 1814 3310 1864 6
3330 1808 3712 1880 συγγραφεὺς,

2109 1918 2352 1986 ἐπιλέγει
2399 1917 2572 1970 ταῦτα
2623 1913 2763 1966 κατὰ
2805 1909 2984 1974 λέξιν⁸
3016 1928 3033 1959 ι
3062 1909 3184 1959 Ὅτι
3237 1905 3334 1974 μὲν
3374 1902 3442 1973 δὴ
3481 1901 3557 1954 τὰ
3601 1899 3712 1970 (45)

2107 2010 2335 2064 τοιαῦτα
2357 2007 2610 2079 δαιμονίᾳ
2636 2007 2845 2075 κινήσει
2879 2001 3140 2073 προέλεγε
3177 1997 3308 2068 (44),
3340 1995 3438 2048 καὶ
3480 1995 3569 2046 ὃτι
3603 1995 3715 2055 cui;

2108 2105 2282 2174 γόητα
2321 2099 2645 2173 ἡγουμένοις
2677 2096 2770 2150 τὸν
2813 2095 2983 2164 ἄνδρα
3032 2091 3130 2162 οὑχ
3169 2089 3407 2158 ὑγιαίνει
3453 2089 3482 2140 6
3531 2087 3712 2154 λόγος,

2106 2197 2257 2267 δηλοῖ
2297 2196 2393 2264 μὲν
2426 2194 2521 2247 καί
2561 2190 2633 2244 τὰ
2663 2189 2929 2262 εἰρημένα
2948 2204 2962 2216 ·
3006 2183 3335 2254 σκεψώμεθα
3367 2181 3426 2233 δὲ
3454 2181 3710 2232 κάκεῖνα.⁸

2109 2290 2172 2342 Οί
2198 2286 2394 2357 γόητες
2441 2282 2705 2354 (ήγοῦμαι
2746 2281 2791 2334 δ’
2823 2279 3019 2340 αὑτοὺς
3051 2274 3161 2344 ἐγὼ
3204 2269 3715 2343 κακοδαιμονεστά-

2106 2397 2233 2443 τους
2273 2375 2622 2450 ἀνθρώπων),
2651 2375 2700 2426 οἱ
2758 2372 2854 2443 μὲν
2920 2372 2978 2432 ἐς
3028 2367 3292 2438 βασάνους
3323 2363 3568 2417 εἰδώλων
3603 2380 3714 2433 χω-

2111 2471 2354 2544 ροῦντες,
2409 2469 2458 2522 οἰ
2506 2467 2564 2520 δὲ
2632 2469 2690 2529 ἐς
2741 2461 2929 2525 θυσίας
2981 2458 3310 2531 βαρϐάρους,
3357 2457 3409 2509 οί
3449 2455 3509 2508 δὲ
3565 2456 3717 2520 ἐςτλ

2107 2564 2308 2636 ἐπᾷσαί
2353 2581 2406 2617 τι
2479 2561 2512 2633 ἢ
2555 2558 2793 2628 ἀλεῖψαι,
2847 2555 3164 2626 μεταποιεῖν
3209 2567 3343 2620 φασι
3393 2548 3465 2600 τά
3516 2550 3716 2619 εἱμαρ-

2111 2660 2247 2734 μένα
2299 2657 2428 2728 (45).
2479 2655 2536 2708 Ὀ
2591 2653 2647 2706 δὲ
2698 2652 2880 2704 εἵπετο
2927 2648 3024 2719 μὲν
3075 2647 3187 2708 τοῖς
3238 2645 3301 2696 ὲκ
3350 2641 3585 2713 μοιρῶν,
3619 2640 3713 2694 καὶ

2109 2751 2403 2824 προέλεγεν
2439 2746 2574 2817 (46),
2611 2746 2686 2809 ὡς
2721 2743 2936 2810 ἀνάγκη
2968 2739 3184 2793 ἔσεσθαι
3226 2737 3336 2807 (47)
3368 2735 3534 2824 αὑτά.
3581 2735 3714 2806 Προ-

2107 2821 2259 2914 έλεγε
2313 2841 2445 2914 (is)
2496 2840 2554 2894 δὲ
2598 2838 2659 2891 ού
2713 2835 3024 2907 γοητεύων,
3084 2830 3197 2885 ἀλλ’
3247 2829 3305 2896 ἐξ
3362 2821 3441 2881 ὧν
3491 2828 3547 2880 οἱ
3600 2825 3712 2878 θεοὶ

2106 2935 2346 3007 ἔφαινον.
2417 2933 2562 2986 Ἰδών
2608 2947 2668 2983 τε
2714 2926 2869 2998 παρά
2925 2927 3039 2987 τοῖς
3105 2923 3285 2984 Ἰνδοῖς
3337 2921 3468 2983 τοὺς
3521 2919 3711 2990 τρίπο-

2105 3027 2222 3090 δας,
2263 3025 2509 3088 καὶτοὺς
2538 3019 2829 3091 οἰνοχόους,
2865 3016 2961 3070 καὶ
2993 3016 3093 3068 ὃσα
3129 3013 3414 3083 αὐτόματα
3449 3010 3708 3079 ἐσφοιτᾷν

415 3113 578 3170 Indos
606 3115 837 3169 vidisset
868 3111 1135 3182 tripodas,
1155 3111 1559 3181 pincernasque
1589 3115 1642 3162 et
1660 3116 1860 3171 cetera,
1881 3121 1999 3177 qua!

2124 3116 2278 3183 εἶπον,
2304 3117 2416 3170 οὑθ*
2442 3119 2589 3180 ὅπως
2625 3112 2927 3183 σοφίζοιντο
2955 3109 3097 3162 αὑτά
3127 3109 3310 3178 ήρετο,
3349 3104 3481 3158 οὔτε
3517 3102 3705 3174 ἐδεήθη

415 3217 723 3278 spontaneo
772 3215 922 3259 motu
976 3208 1030 3259 in
1068 3204 1306 3258 medium
1348 3201 1572 3273 prodire
1613 3199 1852 3265 aiebant,
1904 3215 2003 3255 ne-

415 3315 523 3370 que
579 3313 687 3368 qua
763 3305 1083 3367 comparata
1154 3303 1339 3351 essent
1418 3304 1535 3348 arte
1606 3292 1999 3362 interrogavit,

414 3407 614 3462 neque,
649 3397 710 3444 ut
747 3390 1070 3444 edoceretur
1103 3386 1379 3458 quomodo
1407 3385 1550 3440 facta
1581 3391 1788 3449 essent,
1820 3384 1998 3455 petiit,

414 3500 604 3540 verum
638 3482 877 3537 laudavit
897 3480 1140 3552 quidem,
1165 3480 1368 3534 imitari
1402 3487 1585 3535 tamen
1619 3477 1765 3533 haud
1797 3490 1883 3533 est
1915 3477 2002 3532 di--

415 3585 634 3646 gnatus.
671 3597 690 3627 ι
718 3574 843 3630 Haec
877 3574 1144 3638 referens,
1163 3573 1554 3628 celeberrimos
1583 3573 1710 3628 illos
1740 3571 2000 3627 Indorum

414 3671 770 3743 philosophos
802 3684 993 3740 magos
1023 3665 1314 3722 manifeste
1349 3665 1552 3720 fatetur
1586 3681 1731 3721 esse.
1759 3664 1896 3721 Nam
1931 3665 2000 3720 de

411 3762 588 3834 magis
619 3777 928 3817 sermonem
965 3760 1285 3820 instituens,
1321 3771 1513 3812 eorum
1549 3757 1884 3812 mentionem
1919 3755 1999 3810 fa-

412 3855 489 3910 cit
523 3873 536 3909 :
572 3855 841 3924 stupenda
871 3868 1039 3922 Opera
1069 3867 1166 3906 eos
1207 3857 1326 3905 arte
1358 3865 1459 3906 sua
1490 3850 1792 3921 producere
1820 3851 1996 3916 aiens,

412 3949 643 4018 ejusque
671 3963 860 4001 eorum
885 3945 1043 4012 artis,
1078 3953 1340 4014 tanquam
1382 3959 1576 4014 parum
1603 3943 1868 4006 liberalis,
1894 3944 1998 3996 im-

413 4041 647 4111 peritum
678 4055 826 4101 eum,
861 4038 928 4093 de
958 4053 1068 4108 quo
1099 4037 1406 4093 orationem
1443 4036 1700 4097 instituit,
1736 4051 1859 4091 esse
1883 4045 1998 4090 sta-

415 4139 596 4186 tuens.
633 4129 689 4183 Si
721 4129 890 4200 igitur
934 4129 1221 4183 convictus
1253 4127 1418 4182 fuerit.
1465 4125 1813 4198 Apollonius,
1851 4128 1996 4198 quod

411 4221 545 4277 deos
619 4220 898 4276 vocaverit
935 4220 1038 4276 hos
1088 4220 1269 4290 ipsos,
1323 4226 1378 4274 et
1420 4234 1522 4290 pro
1571 4219 1998 4290 praeceptoribus

413 4317 718 4388 agnoverit,
773 4314 1222 4386 intempestivum
1275 4313 1423 4368 haud
1455 4311 1583 4376 erit,
1638 4312 1742 4376 eis,
1794 4312 1998 4382 quibus

411 4408 662 4480 magistri
687 4408 808 4478 ejus
838 4414 1112 4472 tenentur,
1148 4405 1607 4476 imputationibus
1647 4406 1826 4476 ipsum
1856 4421 1995 4475 quo-

2109 3211 2320 3283 μαθεῖν,
2353 3209 2466 3262 ἀλλ’
2497 3207 2685 3279 ἐπῄνει
2717 3204 2835 3276 μὲν,
2865 3199 3138 3274 ζηλοῦν’δὲ
3160 3199 3260 3251 οὑκ
3287 3196 3502 3267 ἠξίου.»
3524 3194 3706 3248 Ταῦτα

2102 3303 2159 3358 δὲ
2181 3302 2374 3371 λέγων,
2404 3299 2564 3371 δῆλός
2587 3301 2703 3352 ἐστι
2726 3296 2852 3358 τοὺς
2879 3291 3237 3365 περιϐοήτους
3273 3288 3457 3342 Ἰνδῶν
3490 3286 3706 3356 φιλοσό-

2104 3413 2238 3466 φους
2269 3395 2470 3464 γόητας
2505 3391 2842 3460 ἀποφαίνων.
2865 3387 3003 3457 Περὶ
3034 3384 3143 3454 γάρ
3170 3399 3253 3435 τοι
3286 3382 3503 3452 γοήτων
3527 3378 3711 3430 ποιού-

2107 3505 2266 3560 μενος
2289 3487 2380 3540 τὸν
2413 3485 2592 3554 λόγον,
2638 3479 2967 3554 μνημονεύει
2999 3481 3093 3533 καί
3124 3475 3351 3530 τούτων·
3387 3471 3712 3542 σοφίζεσθαι

2102 3557 2170 3634 τὰ
2195 3581 2258 3651 δὴ
2289 3575 2570 3646 παράδοξα
2600 3575 2774 3644 λέγων
2805 3574 3022 3636 αὐτοὺς,
3049 3570 3143 3624 καὶ
3170 3568 3283 3634 τὸν,
3319 3566 3453 3636 περὶ
3477 3557 3542 3616 οὗ
3571 3565 3600 3614 6
3621 3563 3712 3615 λό-

2102 3687 2218 3739 γος,
2240 3668 2341 3738 τῆς
2359 3666 2560 3720 τοιᾶσδ’
2591 3664 2772 3718 αὐτῶν
2802 3659 3134 3732 σοφιστείας,
3165 3657 3241 3721 ὡς
3267 3656 3334 3710 ἂν
3358 3655 3435 3725 μὴ
3458 3654 3710 3715 ἀστείας,

2101 3757 2378 3829 ἀλλότριον
2409 3755 2820 3824 ὑποτιθέμενος.
2866 3749 3077 3805 Οὐκοῦν
3115 3751 3164 3801 εί
3202 3747 3452 3816 φαίνοιτο
3484 3744 3715 3805 τούτους

2101 3846 2256 3912 θεοὺς
2286 3845 2598 3909 ἀποκαλῶν,
2632 3844 2728 3898 καί
2757 3840 3114 3904 διδασκάλους
3141 3836 3595 3910 ἐπιγραφόμενος
3622 3834 3718 3890 αὑ-

2099 3938 2226 4000 τοὺς
2253 3937 2282 3989 6
2315 3934 2692 3997 Ἀπολλώνιος.
2717 3931 2835 4003 ὥρα
2859 3930 2970 4000 (49)
2995 3931 3118 3992 ταῖς
3146 3927 3290 3982 κατά
3311 3925 3427 3981 τῶν
3456 3923 3715 3980 διδασκά-

2099 4028 2208 4082 λων
2247 4028 2343 4081 καὶ
2387 4025 2548 4080 αὑτὸν
2596 4024 2830 4092 ὑπάγειν
2868 4020 3161 4083 διαδολαῖς.
3198 4017 3471 4086 Εἰσῆκται
3513 4015 3584 4088 δὴ
3617 4011 3714 4068 οὖν

2101 4121 2232 4192 παρ’
2273 4113 2354 4182 οἷς
2400 4133 2533 4189 φησι
2578 4116 2810 4186 Γυμνοῖς
2857 4111 3195 4182 Αἰγυπτίων,
3241 4110 3489 4181 ῥήμασιν
3520 4107 3715 4170 αὐτοῖς

2099 4211 2274 4266 ταῦτα
2294 4210 2539 4281 φάσκων·
2565 4226 2583 4258 ι
2610 4207 2723 4260 Οὐκ
2745 4204 2971 4268 ἀπεικός
2990 4221 3045 4257 τι
3065 4202 3261 4256 παθεῖν
3285 4217 3378 4271 μοι
3404 4198 3554 4254 δοκῶ
3573 4197 3712 4268 (50),

2102 4303 2421 4374 φιλοσοφίας
2443 4300 2698 4373 ήττηθεὶς
2723 4295 2784 4352 εὖ
2807 4296 3248 4369 κεκοσμημένης,
3279 4295 3348 4364 ἦν
3372 4296 3432 4357 ἐς
3460 4293 3525 4346 τὸ
3548 4292 3716 4364 πρόσ-

2104 4414 2268 4468 φορον
2290 4395 2400 4466 (51)
2443 4393 2594 4449 Ἰνδοὶ
2626 4392 2957 4454 στείλαντες,
2982 4390 3068 4459 ἐφ’
3096 4388 3308 4459 ὑψηλῆς
3339 4403 3400 4439 τε
3435 4387 3532 4440 καὶ
3555 4385 3714 4447 θείας

413 4517 521 4572 que
553 4500 854 4555 obnoxium
886 4511 1131 4553 censere.
1183 4495 1469 4550 lnducitur
1503 4510 1635 4565 ergo
1686 4494 1832 4564 apud
1882 4494 1998 4548 Nu-

2124 4490 2356 4560 ιηχανῆς
2393 4486 2774 4542 ἐκκυκλοῦσιν.
2825 4485 2914 4548 Ὦς
2956 4485 3021 4555 δὴ
3055 4484 3112 4536 ἐν
3145 4481 3272 4554 δίκῃ
3310 4480 3413 4552 μὲν
3450 4479 3715 4550 ἠγάσθην

412 4592 536 4657 dos,
566 4606 709 4662 quos
761 4595 922 4646 vocat
968 4582 1408 4660 [Philostratus,]
1463 4583 1872 4656 Egyptiorum,
1925 4582 1994 4638 ad

481 4773 526 4808 '"
566 4771 663 4827 lib.
698 4785 787 4837 IV,
819 4782 874 4824 c.
903 4767 995 4824 58.
1071 4767 1116 4798 ⁷⁸
1155 4765 1250 4821 lib.
1286 4779 1340 4818 ιν
1363 4803 1381 4831 ,
1418 4779 1469 4820 c.
1507 4762 1600 4820 39.
1677 4762 1723 4795 "'
1763 4761 1860 4818 lib.
1896 4778 1952 4817 v.

483 4930 594 5000 (42)
627 4927 938 5000 Γνώσεῳς.
963 4924 1156 5000 Malim
1186 4921 1591 5000 προγνώσεως..

504 4945 573 4985 42
627 4945 938 4993 ι’νωσεως.
976 4945 1156 4979 malim
1186 4945 1591 4995 προγνωσεως..

504 4945 596 5072 45)
637 5001 773 5072 Ὅτι
790 4997 908 5068 μὲν
949 4997 1026 5072 δὴ
1064 4995 1156 5072 τά.
1201 4995 1487 5072 Philostr.,
1520 4994 1602 5046 ὅτι
1637 4992 1737 5062 μὲν
1762 4989 1873 5060 γὰρ
1905 4989 1994 5044 τά.

501 5065 592 5140 44)
621 5065 932 5138 Προέλεγε.
962 5068 1247 5140 Philostr.,
1279 5065 1709 5140 nppsyfvaoxe.

481 5132 593 5213 (45)
633 5132 991 5210 Εἱμαρμένα.
1025 5132 1337 5213 Υοτὶεεὶιῐιτί
1353 5136 1536 5200 lectio,
1563 5149 1630 5213 ex
1661 5132 1996 5213 Philostrato

411 5229 442 5268 a
488 5203 650 5267 nobis
692 5203 967 5272 restituta,
995 5210 1399 5278 rejiculumque
1437 5207 1663 5260 omnino
1688 5203 1992 5278 εἰρημένα,

407 5286 556 5354 quod
588 5285 641 5337 in
682 5284 845 5337 editis
876 5290 1017 5345 erat,
1047 5275 1224 5350 neque
1268 5275 1491 5333 turbare
1523 5291 1634 5330 non
1663 5276 1842 5345 potuit
1887 5275 1994 5326 Ac-

409 5359 612 5410 ciolum
649 5355 1022 5420 interpretem.

482 5426 595 5493 (46)
626 5423 738 5478 Καὶ
763 5413 1104 5492 προέλεγεν.
1129 5419 1388 5476 Philostr.
1411 5417 1582 5493 habet
1605 5413 1874 5488 προύλεγε
1906 5413 1986 5468 δέ.

481 5489 596 5565 (Η)
640 5489 951 5547 Ἕσεσθαι.
975 5489 1268 5565 Philostr.,
1299 5489 1574 5565 γενέσθαι.

503 5569 593 5638 48)
631 5566 944 5638 Προέλεγε.
972 5564 1257 5638 Philostr.,
1290 5562 1720 5638 οιιροεγίγνωσκε.⁸

506 5629 594 5710 49)
639 5629 800 5704 Ὦρα.
847 5629 924 5710 ita
954 5651 1033 5710 ex
1083 5629 1401 5710 conjectura
1451 5629 1840 5710 rescripsimus
1885 5639 1990 5694 pro

410 5699 534 5782 ὅρα,
559 5699 1061 5782 ριιαιῖιιβριίεείιηει
1086 5699 1258 5782 lectio
1303 5717 1495 5782 omnes
1543 5701 1722 5782 editos
1744 5699 1990 5782 ainvase-

414 5766 532 5838 rat;
553 5766 646 5838 Sic
666 5766 832 5847 paulo
849 5783 975 5848 post
992 5791 1061 5833 ex
1085 5773 1439 5840 Philostrato,
1466 5770 1542 5837 ὡς
1563 5769 1620 5825 δὲ
1653 5771 1711 5823 ἐν
1739 5768 1866 5839 δίκῃ
1891 5766 1987 5838 μὲν

2103 4581 2238 4653 (52).
2287 4582 2346 4633 ἐν
2388 4579 2513 4652 δίκῃ
2552 4579 2610 4632 δὲ
2644 4576 2883 4650 ἡγοῦμαι
2915 4574 3113 4645 σοφούς
3141 4591 3202 4627 τε
3236 4572 3333 4627 καὶ
3366 4570 3708 4644 μακαρίους,

2102 4916 2372 4987 ἠγάσθην,
2396 4914 2516 4986 ὥρα
2564 4913 2894 4987 μανθάνειν;
2921 4917 2977 4987 et
3013 4907 3174 4987 plane
3222 4905 3393 4987 simili
3424 4903 3704 4987 orationis

2102 4975 2381 5042 structura
2431 4975 2577 5039 intra
2627 4985 2768 5054 apud
2794 4975 3030 5054 Euseb,
3079 4977 3311 5054 sub_fiII.
3351 4991 3404 5054 c_.
3458 4975 3529 5054 σε
3571 4995 3584 5029 :
3640 4978 3701 5054 EE

2098 5058 2208 5140 γὰρ
2235 5055 2585 5140 όΕὑφράτης
2625 5046 2773 5140 παρά
2811 5055 2925 5116 τοῖς
2953 5052 3088 5104 πᾶσι
3131 5046 3422 5140 φξλοσοφξᾳ
3471 5046 3702 5140 διαπρέ-

2096 5116 2194 5198 ᾧαὶ
2248 5116 2637 5198 ὁμολογηθείη,
2681 5116 2800 5196 ὥρα
2857 5116 3268 5196 μεσοπονηρίαν
3320 5116 3422 5187 μὲν
3483 5116 3697 5170 ἐκείνου

2097 5201 2586 5270 κατηγορεῖνηειρ.

2171 5255 2280 5340 (5U)
2310 5255 2500 5323 Ἂοκῶ.
2529 5265 2645 5322 Hoc
2667 5265 2840 5340 magis
2867 5263 3000 5340 mihi
3024 5261 3313 5340 probatur,
3343 5271 3516 5331 quam
3547 5255 3695 5327 quod

2094 5341 2151 5396 in
2179 5334 2510 5394 'Ph'ilostrati
2540 5346 2690 5392 textu
2725 5337 2919 5406 legitur
2947 5334 3112 5406 δοκεῖ.

2169 5412 2281 5482 (51)
2335 5412 2427 5475 Ἐς
2471 5410 2538 5462 τὸ
2566 5401 2801 5477 πρόσφῖ
2828 5404 2920 5482 Sic
2961 5405 3103 5474 apud
3155 5401 3422 5482 Philostr,
3474 5415 3693 5482 quoque

2097 5469 2335 5545 restitui,
2372 5469 2514 5550 apud
2560 5469 2899 5550 quem'male
2943 5469 3104 5529 antea
3145 5469 3507 5528 scribebatur
3543 5469 3693 5523 οίτὺ

2097 5554 2284 5694 πρέξὲ

2097 5683 2218 5750 erat
2246 5683 2339 5757 όῦς
2367 5683 2670 5821 δηὰνδίκῃ
2707 5683 2806 5763 μὲν
2828 5683 3075 5760 ἢγάσθην
3109 5685 3331 5750 αὐτούς.
3367 5683 3496 5740 V'id.
3522 5683 3682 5755 paulo

2097 5773 2245 5836 post,
2277 5770 2392 5821 not.
2497 5803 2510 5818 .

2338 5623 2432 5689 Ὡς
2463 5621 2540 5690 δὴ
2565 5622 2635 5676 ἐν
2662 5618 2801 5687 δίκῃ
3295 5611 3686 5690 Anteeditutn
