3856 6222
460 368 568 425 853

1131 363 1403 419 EUSEBII
1443 361 1931 418 CESARIENSIS
1966 359 2118 419 OPP.
2153 359 2356 416 PARS.
2400 357 2465 415 ll.
2506 388 2577 400 ·-
2613 357 3139 415 APOLOGETICA..

3636 359 3733 415 8H

461 502 796 559 nes.quaaso,
809 486 1034 542 admitte
1050 485 1212 541 etiam
1236 503 1251 551 ;
1275 485 1374 539 viri
1390 486 1533 539 enim
1555 485 1833 555 sapientes
1852 492 1997 540 sunt.
2013 501 2033 535 ι

2149 484 2249 541 νός·
2279 498 2297 529 ι
2321 477 2683 541 Ἀκλείστους,
2707 476 2833 546 ἔφη,
2856 475 3031 548 θύρας
3076 474 3300 546 παρέχω
3322 473 3509 544 σοφοῖς
3545 474 3736 546 ἀνδρα-

459 580 546 636 Ad
572 596 695 652 qua:
730 578 1105 649 Vespasianus
1145 595 1157 629 :
1203 597 1221 630 ι
1256 576 1633 647 Sapientibus,
1665 576 1866 647 inquit,
1909 577 2044 631 viris

461 672 611 727 fores
642 684 859 740 semper
890 669 1135 739 praebere
1165 669 1316 723 soleo
1363 674 1637 738 patentes.
1678 686 1697 718 ›
1728 666 1877 737 Euge
1911 682 2045 722 vero

446 764 735 835 egregiam
764 777 947 818 rerum
980 763 1292 817 futurarum
1323 761 1377 815 in
1409 761 1503 816 illo
1524 760 1690 816 beroe
1720 760 2040 815 scientiam!

459 853 646 910 Bonus
668 853 780 923 jam
803 860 887 910 est
905 859 959 907 et
988 853 1206 923 sapiens
1232 852 1559 923 Euphrates,
1585 852 1713 923 quia
1740 852 1891 906 nulla
1913 851 2043 906 dum

459 948 607 1002 inter
634 962 732 1003 eos
770 954 891 1002 orta
930 948 1231 1003 contentio.
1260 946 1356 1001 Sin
1397 961 1528 1001 vero
1561 946 1744 1015 aliqua
1792 945 2041 1010 oriatur,

457 1055 625 1111 quam
657 1040 839 1110 longe,
871 1039 995 1094 talis
1035 1049 1095 1093 ut
1122 1038 1410 1103 habeatur,
1445 1037 1642 1096 aberit.
1679 1037 1761 1092 En
1795 1038 1895 1093 tibi
1922 1055 2045 1108 quae

457 1131 528 1187 de
570 1131 766 1187 eodem
816 1130 960 1186 idem
1007 1128 1078 1183 ad
1132 1129 1501 1184 Domitianum
1550 1128 1818 1185 scribat”
1860 1148 1928 1181 :1
1978 1129 2044 1183 Ει

459 1232 610 1280 certe
647 1233 884 1295 quantas
910 1238 1233 1294 comparare
1266 1237 1398 1291 opes
1449 1221 1812 1291 philosOphus
1842 1222 2039 1291 possit,

458 1316 864 1390 potentioribus
886 1315 931 1370 si
963 1313 1236 1377 aduletur,
1273 1312 1564 1383 Euphratis
1596 1312 1827 1368 fortuna:
1855 1321 2043 1368 osten-

458 1410 616 1463 dunt.
656 1407 738 1462 llli
789 1423 985 1478 nempe
1025 1407 1177 1472 inde,
1212 1405 1368 1477 (quid
1417 1405 1564 1461 enim
1617 1421 1749 1476 opes
1799 1405 2039 1477 dicam?)

458 1500 772 1559 inexhausti
843 1507 974 1554 sunt
1036 1498 1354 1553 divitiarum
1416 1496 1617 1553 fontes.
1675 1496 1908 1568 Jamque
1972 1497 2041 1553 ad

458 1606 683 1649 mensas
718 1590 1122 1661 disputationes
1173 1590 1359 1654 habet,
1391 1597 1667 1645 mercator
1695 1591 2040 1661 magnarius,

456 1687 586 1743 vilis
635 1685 827 1750 cocio,
876 1684 1206 1755 publicanus
1246 1682 1496 1747 danista,
1554 1684 1670 1753 ipse
1708 1683 1894 1737 omnia
1955 1682 2040 1737 fa-

458 1787 617 1843 ctus,
666 1778 878 1835 venalis
929 1787 984 1833 et
1025 1776 1286 1832 vendens.
1339 1773 1569 1846 Semper
1616 1781 1797 1830 autem
1846 1781 2044 1846 poten-

459 1870 664 1925 tiorum
717 1868 1005 1924 liminibus
1052 1868 1220 1923 haeret
1271 1865 1501 1931 afﬁxus,
1550 1868 1719 1936 inque
1775 1868 1845 1923 iis
1898 1867 2042 1921 ultra
2074 1846 2116 1904 Β

458 1962 624 2017 etiam
681 1975 847 2031 quam
910 1961 1179 2031 janitores
1251 1959 1525 2017 subsistit.
1591 1959 1736 2026 Quin
1808 1974 1953 2030 saepe
2008 1974 2040 2014 a

454 2057 788 2128 ianitoribus
816 2072 943 2111 eum
992 2054 1283 2109 intercludi
1333 2051 1590 2121 contigit,
1624 2060 1686 2105 ut
1732 2063 1897 2104 canes
1934 2060 2032 2118 gu-

464 2148 564 2205 losi
604 2148 893 2204 intercludi
930 2147 1125 2202 solent.
1162 2145 1495 2215 Philosopho
1550 2155 1729 2199 autem
1776 2144 1859 2199 vel
1906 2144 2035 2198 dra-

464 2239 682 2294 chmam
729 2238 1036 2309 impertitus
1069 2251 1347 2306 nunquam
1366 2274 1382 2299 ,
1412 2251 1545 2305 opes
1572 2250 1701 2291 suas
1730 2237 1903 2292 muris
1929 2238 2036 2292 cir-

459 2327 777 2392 cumvallat,
815 2328 1046 2381 extortis
1077 2328 1145 2382 ab
1177 2327 1299 2383 aliis
1335 2327 1552 2382 huncce
1596 2326 1915 2399 Egyptium
1945 2343 2036 2397 pe-

457 2417 640 2473 cuniis
668 2432 923 2487 pascens,
952 2418 1302 2489 linguamque
1331 2418 1384 2472 in
1418 2433 1505 2473 me
1530 2433 1758 2483 acuens,
1789 2419 2038 2473 exscindi

448 2515 782 2563 merentem.
829 2505 901 2560 At
942 2504 1275 2578 Euphratem
1332 2506 1431 2561 tibi
1466 2506 1743 2576 relinquo,
1794 2515 1854 2561 tu
1892 2510 2038 2562 enim

454 2602 563 2657 nisi
592 2600 971 2658 adulatoribus
999 2600 1291 2655 admodum
1322 2598 1634 2665 delecteris,
1667 2601 1842 2655 multo
1872 2615 2039 2671 quam

450 2692 583 2748 dico
642 2692 924 2749 hominem
978 2691 1309 2747 deteriorem
1371 2707 1496 2748 esse
1539 2692 1808 2750 invenies.
1863 2713 1882 2746 ι
1932 2693 2038 2761 Qui

455 2799 588 2856 ergo
632 2784 790 2857 apud
832 2782 1232 2854 Vespasianum
1291 2791 1501 2853 patrem
1565 2784 1869 2855 sapientem
1915 2800 2041 2841 esse

456 2869 812 2940 Euphratem,
859 2882 912 2927 et
944 2872 1178 2942 probum
1232 2881 1317 2926 est
1352 2879 1605 2940 testatus,
1641 2874 1746 2928 ista
1796 2875 1940 2944 apud
1977 2875 2041 2930 ﬁ-

457 2961 590 3016 lium
614 2971 807 3018 autem
837 2963 1066 3033 profert,
1100 2961 1393 3019 manifeste
1419 2964 1669 3033 ejusdem
1699 2966 1803 3021 viri
1832 2975 1886 3022 et
1915 2968 2037 3021 lau-

454 3053 618 3109 dator
651 3069 775 3109 esse
791 3055 1248 3125 deprehenditur,
1278 3065 1334 3112 et
1373 3067 1677 3114 accusator.
1717 3058 1868 3114 Itane
1907 3074 2039 3115 vero

458 3146 551 3215 qui
578 3146 882 3200 futurorum
911 3147 1167 3214 praeditus
1192 3148 1419 3203 scientia
1441 3158 1544 3215 est,
1563 3150 1739 3219 qualis
1772 3151 1864 3217 sit,
1894 3168 2029 3220 qua-

457 3238 593 3293 lisve
624 3239 839 3293 futurus
879 3240 949 3293 sit
984 3238 1287 3309 Euphrates
1323 3240 1743 3312 ignorat?533
1760 3243 1827 3296 At
1854 3259 2030 3314 neque

462 3344 608 3383 nunc
643 3330 900 3399 primum,
936 3333 1029 3385 sed
1072 3333 1244 3401 ipsius
1267 3335 1380 3402 jam
1411 3330 1721 3401 Vespasiani
1761 3351 1875 3389 aevo
1906 3351 2030 3391 car-

460 3436 590 3494 pere
616 3421 970 3493 Euphratem,
1000 3431 1059 3479 ut
1102 3428 1196 3496 qui
1229 3427 1508 3496 perversis
1532 3428 1610 3483 sit
1648 3430 1920 3493 moribus,
1955 3430 2039 3485 in-

458 3514 639 3571 stituit
666 3516 734 3571 ⁹⁶.
778 3515 1064 3582 Quomodo
1108 3518 1273 3572 talem
1313 3519 1481 3591 igitur
1526 3520 1842 3590 imperatori
1886 3537 2039 3578 com-

457 3606 699 3671 mendat,
750 3605 827 3660 ita
868 3616 927 3662 ut
960 3606 1065 3678 ipsi
1106 3622 1324 3678 quoque
1374 3617 1644 3678 patentes,
1688 3612 1838 3669 illius
1894 3628 2039 3670 com-

512 3765 572 3799 ⁸³
613 3767 708 3823 lib.
747 3784 879 3829 vui.
913 3783 963 3823 c.
1000 3768 1050 3823 7.
1126 3768 1172 3802 ⁹⁰
1211 3768 1306 3823 lib.
1341 3782 1405 3832 v,
1442 3782 1495 3822 c.
1534 3768 1627 3825 39.

526 3927 640 3999 (58)
679 3928 921 3999 Γράφει.
952 3931 1157 4001 Nempe
1183 3929 1475 4001 inscripta
1514 3929 1789 4000 Apollonii
1820 3930 1888 3985 ad
1921 3930 2030 3984 Do—

453 4000 743 4073 mitianum
786 4002 1045 4073 Apologia
1088 4003 1205 4073 haec
1253 4000 1629 4073 inveniuntur,
1674 4016 1838 4071 quam
1889 4003 2030 4056 reci-

452 4078 573 4142 tare
597 4072 647 4125 ei
685 4071 872 4125 datum
903 4071 1045 4125 haud
1079 4071 1201 4133 fuit,
1226 4079 1286 4124 ut
1309 4087 1376 4125 ex
1402 4071 1497 4125 lib.
1528 4087 1720 4134 vut,c.
1752 4072 1807 4136 6,
1839 4073 2028 4142 liquet;

454 4139 582 4221 hinc
621 4141 854 4212 γράφειν
902 4158 1026 4197 eum
1062 4157 1194 4221 qua:
1247 4149 1553 4221 sequuntur
1586 4139 2026 4221 Eusebius—ait.

450 4211 635 4284 Aliter
654 4221 939 4284 acceperat
960 4211 1197 4284 verbum
1211 4212 1442 4284 γράφειν
1462 4213 1747 4284 _A_cciolus,
1788 4215 1880 4284 qui
1910 4229 2033 4267 ver-

453 4282 520 4334 tit
541 4300 555 4336 :
574 4280 720 4346 Vide,
736 4280 933 4353 qtiwso.
952 4282 1138 4353 quibus
1159 4281 1310 4335 illum
1332 4281 1472 4351 apud
1489 4280 1850 4338 Domitianum
1864 4284 2030 4337 verbis

451 4360 683 4424 accuset.
730 4352 798 4406 At
841 4352 1030 4408 dubito
1067 4353 1291 4424 verbum
1331 4353 1564 4424 γράφειν
1612 4354 1665 4407 h.
1696 4355 1733 4407 l.
1760 4370 1825 4410 eo
1856 4370 2030 4424 sensu

449 4423 625 4494 accipi
656 4437 835 4491 posse,
866 4438 1042 4491 neque
1070 4423 1253 4494 γραφή
1285 4424 1431 4477 enim
1461 4432 1546 4479 est
1582 4425 1716 4479 illud
1745 4425 1813 4479 ad
1844 4423 2029 4480 Domi-

449 4492 659 4546 tianum
687 4508 845 4615 opus.
878 4494 971 4548 sed
1004 4492 1282 4563 Apologia.

522 4562 635 4615 (59)
681 4567 724 4615 T
771 4563 945 4615 λέγω.
984 4563 1240 4615 Morellus
1281 4564 1335 4615 in
1367 4564 1537 4615 marci

522 4562 635 4633 (59)
681 4562 743 4616 Tt
771 4563 945 4633 λέγω.
984 4562 1240 4618 hlorellus
1281 4564 1335 4616 in
1367 4564 1613 4636 margine
1642 4565 2029 4620 observaverat

450 4631 507 4715 in
535 4648 662 4715 "ms.
697 4647 765 4715 se.
809 4634 1082 4715 invenisse
1136 4634 1189 4715 τί
1236 4633 1398 4715 λέγω,
1427 4651 1565 4715 qua:
1607 4635 1767 4715 lectio
1809 4650 1931 4715 cum
1972 4638 2025 4715 in

448 4699 781 4774 Philostrati
807 4718 1027 4774 quoque
1064 4712 1216 4757 textu
1258 4699 1589 4772 inmeniatur,
1634 4706 1920 4760 retinenda
1954 4707 2029 4759 vi-

449 4773 703 4895 όριίἓιιιτ.
742 4772 887 4828 Editi
927 4772 1106 4829 tamen
1150 4775 1203 4827 h.
1250 4775 1287 4828 ι.
1323 4774 1597 4831 habebant
1635 4775 1888 4848 ἄπληστα
1927 4794 2027 4847 pro

449 4859 480 4895 τ
596 4859 695 4895 mi.

447 4859 502 4895 τι
533 4859 695 4896 Αεγω.

522 4859 855 4984 (ῗῶωὶςάπι.
897 4912 989 4970 Sic
1032 4914 1293 4969 Philostr.
1335 4912 1478 4969 Editi
1511 4916 1567 4969 h.
1602 4916 1640 4971 Ι.
1676 4917 1880 4971 habent
1931 4918 2025 4970 κα).

448 4984 787 5105 περίῖμιιιοιι
824 4987 1008 5042 minus
1047 4985 1343 5041 convenire
1385 4986 1601 5042 videtur
1642 4988 1882 5058 genitivo
1932 5004 2022 5043 se-

448 5068 591 5105 tmen
618 5071 656 5105 l.

487 5071 656 5109 “Bllll.

444 5068 656 5209 quali).
677 5125 777 5209 Ἑν
802 5126 950 5209 ταῖς.
982 5126 1138 5197 Apud
1152 5126 1734 5209 "Philostr.“otnittitur
1760 5131 1838 5209 ὲν.

513 5194 629 5267 (62)
669 5194 1111 5266 ιζροσέστηκέν.
1151 5198 1243 5252 Sic
1278 5214 1403 5253 cum
1435 5197 1695 5255 Philostr.
1729 5200 2018 5264 malebam,

485 5280 607 5346 uam
642 5267 1009 5349 προέστηκεν,
1049 5269 1196 5339 quod
1342 5269 1506 5349 editis
1538 5269 1771 5349 Eusebii
1814 5271 2017 5349 inveni.

480 5337 607 5421 irius
639 5336 773 5391 illud
797 5336 1002 5421 rectius
1025 5336 1281 5421 convenit
1311 5341 1381 5421 ei,
1406 5340 1553 5421 quod
1592 5344 1753 5410 paulo
1779 5348 1905 5409 post
1937 5342 2021 5394 di-

442 5409 613 5479 citur.
643 5409 942 5479 canumiad
969 5410 1143 5464 instar
1168 5426 1311 5479 saepe
1339 5412 1672 5465 interclusus
1696 5427 1837 5466 esse.

514 5476 624 5552 (65)
657 5478 1011 5552 IAM-2.2153611.
1038 5476 1300 5552 Philostr.
1328 5480 1613 5552 ἀπελήφθη
1648 5482 1828 5536 habet.
1858 5479 2019 5532 Prior

440 5547 610 5622 editio
650 5556 705 5603 et
743 5547 1031 5622 msJReg.
1072 5550 1410 5622 ᾀπειλήφθη,
1460 5547 1647 5622 nescio
1678 5566 1788 5621 quo
1827 5567 2013 5604 sensu.

438 5614 705 5672 Putabam
741 5635 843 5690 ego
877 5614 1145 5745 hneilzﬂn
1186 5614 1390 5676 rectius
1424 5622 1549 5692 legi.
1597 5614 1872 5691 lntérpt'es
1914 5623 2015 5675 hoc

439 5688 561 5743 loco
606 5690 803 5743 mirum
853 5690 908 5743 in
957 5706 1046 5745 mo
1088 5706 1177 5745 um
1209 5692 1490 5746 delirarat.
1525 5693 1617 5746 aui
1660 5694 1819 5746 nobis
1848 5707 2014 5746 canes

439 5703 561 5743 ioco
606 5705 803 5743 nurum
853 5705 908 5743 in
957 5703 1177 5745 modum
1209 5703 1490 5757 delirarat,
1525 5703 1617 5761 qui
1660 5703 1819 5746 nobis
1848 5707 2014 5747 canes

438 5759 796 5885 11:68:33?“
824 5760 1185 5831 lucernarios,
1212 5763 1421 5821 foribus
1452 5763 1730 5835 appositos
1761 5761 2010 5817 ﬁnxerat.

559 5845 714 5885 STEN.

2148 587 2251 625 σιν.
2273 590 2291 622 ι
2315 567 2455 639 Εὖγε
2481 570 2579 641 τῆς
2608 568 2973 641 προγνώσεως
2990 566 3084 621 τοῦ
3106 569 3313 639 ἦρωοςῖ
3333 566 3634 639 Ευφράτης
3650 567 3734 619 νῦδ

2145 662 2349 731 ἀγαθός
2376 679 2437 715 τε
2466 662 2561 716 καὶ
2596 662 2781 730 σοφὸς,
2813 661 2935 714 ἐπεὶ
2971 659 3047 731 μὴ
3086 661 3144 723 ἐς
3177 659 3443 730 διαφοράν
3474 677 3567 711 πω
3597 659 3736 729 αὐτῷ

2145 755 2414 827 ἐληλύθει.
2459 756 2523 808 Εἰ
2546 754 2594 808 δ’
2619 752 2783 817 ἔλθοι,
2807 753 2930 806 ὅσον
2955 750 3109 805 οὔπω
3134 753 3193 805 δὲ
3219 751 3363 804 τοῦτ’
3392 751 3573 805 ἔσται.
3604 753 3738 823 ὐρα

2144 841 2232 900 οἶα
2261 848 2388 918 περὶ
2416 844 2579 899 αὐτοῦ
2608 847 2635 899 ό
2662 845 2824 908 αὐτὸς
2847 844 2985 916 πρὸς
3017 843 3344 914 Δομετιανὸν
3364 843 3575 915 γράφει
3598 841 3705 911 (58)
3722 860 3734 871 ·

2151 957 2169 989 ι
2190 939 2297 991 Καὶ
2316 937 2420 1009 μὴν
2446 937 2621 990 ὁπόσα
2645 936 2856 1004 γίνεται
2883 935 3158 1006 φιλοσόφῳ
3178 936 3354 1007 ἀνδρὶ,
3389 933 3738 987 κολακεύοντι

2143 1031 2563 1096 τοὺςδυνατοὺς,
2578 1027 2808 1100 δηλοῖτὰ
2818 1029 3125 1099 Εὐφράτου.
3140 1028 3327 1099 Τούτῳ
3341 1027 3454 1099 γὰρ
3468 1028 3737 1091 ἐντεῦθεν,

2142 1125 2196 1177 τί
2221 1123 2364 1192 λέγω
2388 1123 2501 1193 (59)
2542 1123 2833 1194 χρήματα;
2865 1120 3043 1192 πηγαὶ
3078 1121 3176 1191 μὲν
3212 1115 3307 1173 οὖν
3339 1122 3449 1173 εἱσι
3484 1120 3739 1175 πλούτου.

2145 1215 2301 1269 Κάπὶ
2324 1213 2435 1285 (60)
2465 1214 2572 1267 τῶν
2615 1213 2906 1286 τραπεζῶν
2945 1214 3046 1285 ήδη
3094 1212 3424 1282 διαλέγεται,
3471 1214 3738 1284 κάπηλος,

2144 1306 2495 1378 ὐποκάπηλος
2519 1346 2534 1370 ,
2587 1305 2858 1379 τελώνης,
2908 1305 3304 1376 ὀϐολοστάτης,
3364 1306 3551 1359 πάντα
3601 1306 3741 1375 γινό-
3820 1306 3821 1311 “

2146 1415 2306 1469 μενος
2329 1437 2343 1462 ,
2408 1398 2475 1452 τὰ
2536 1397 2865 1468 πωλούμενα
2920 1414 2982 1449 τε
3035 1398 3129 1450 καὶ
3180 1396 3489 1451 πωλοῦντα.
3562 1399 3738 1451 Ἐντε-

2141 1492 2387 1546 τὺπωται
2432 1492 2490 1546 δὲ
2546 1493 2633 1546 ἀεὶ
2683 1495 2742 1547 ὲν
2781 1492 3027 1565 ταῖς(61)
3076 1492 3184 1548 τῶν
3228 1492 3474 1548 δυνατῶν
3524 1494 3738 1567 Θύραις,

2143 1583 2238 1636 καὶ
2279 1583 2653 1654 προσέστηκεν
2691 1583 2803 1654 (62)
2844 1584 3038 1647 αὑταῖς
3075 1582 3245 1636 πλείω
3281 1584 3474 1656 καιρὸν
3500 1584 3537 1655 ἦ
3568 1587 3622 1638 oi
3649 1585 3740 1639 θυ-

2145 1676 2335 1747 ρωροί.
2375 1676 2687 1747 Ἀπελήφθη
2716 1676 2828 1747 (65)
2852 1675 2911 1729 δὲ
2943 1677 3039 1730 καὶ
3067 1676 3173 1728 ὑπὸ
3196 1674 3304 1729 τῶν
3329 1675 3608 1749 Θυρωρῶν
3634 1676 3739 1749 (64)

2143 1768 2424 1833 πολλάκις,
2457 1767 2647 1840 ὥσπερ
2676 1767 2785 1822 τῶν
2818 1767 2996 1821 κυνῶν
3044 1758 3322 1839 οί’λίχνοι.
3371 1768 3648 1842 Δραχμὴν
3691 1770 3741 1824 δὲ

2143 1861 2265 1914 οὐδὲ
2301 1860 2576 1934 φιλοσόφῳ
2601 1861 2754 1932 ἀνδρί
2775 1879 2904 1915 ποτε
2929 1861 3254 1934 προέμενος,
3285 1863 3620 1933 ἐπιτειχίζει
3637 1863 3740 1935 (65)

2142 1954 2234 2007 τὸν
2267 1954 2459 2008 ἑαυτοῦ
2493 1953 2743 2019 πλοῦτον,
2789 1954 2999 2026 ἑτέροις
3031 1953 3141 2024 (66)
3175 1954 3267 2007 τὸν
3287 1954 3597 2023 Αίγύπτιον
3627 1974 3744 2009 του-

2141 2046 2255 2098 τονὶ
2285 2045 2496 2117 βόσκων
2542 2048 2812 2120 χρήμασι,
2841 2044 2938 2099 καὶ
2976 2043 3180 2111 ὀξύνων
3212 2045 3300 2097 ἐπ’
3333 2045 3436 2116 ἐμὲ
3464 2046 3743 2114 γλῶσσαν.

2141 2136 2303 2204 ἀξίαν
2365 2140 2752 2211 ἐκτετμῆσθαι.
2810 2138 3105 2210 Εὐφράτην
3168 2138 3267 2210 μὲν
3313 2138 3378 2209 δὴ
3423 2137 3745 2192 καταλείπω

2144 2249 2262 2286 σοι’
2304 2233 2369 2286 σὺ
2423 2232 2551 2306 γὰρ,
2584 2233 2650 2304 ἢν
2685 2234 2760 2305 μὴ
2785 2233 3027 2297 κόλακας
3071 2234 3324 2303 ἐπαινῇς,
3359 2234 3629 2304 εὑρήσεις
3658 2231 3745 2286 τὸν

2141 2324 2429 2397 ἄνθρωπον
2461 2324 2647 2378 κακίω
2673 2325 2707 2396 ἢ
2743 2324 3033 2397 ἑρμηνεύω
3063 2323 3198 2395 (67).
3240 2343 3259 2375 ι
3304 2323 3361 2377 Ὀ
3381 2323 3447 2395 δὴ
3478 2323 3627 2394 πρὸς
3658 2323 3745 2375 τὸν

2142 2418 2355 2490 πατέρα
2388 2418 2478 2471 τὸν
2511 2417 2924 2472 Οὐεσπασιανὸν
2953 2418 3117 2486 σοφὸν
3148 2418 3245 2471 καὶ
3272 2416 3475 2485 ἀγαθὸν
3507 2416 3610 2469 τὸν
3636 2415 3742 2469 Εὖ-

2143 2512 2354 2583 φράτην
2410 2512 2842 2584 μαρτυρόμενος,
2879 2512 3018 2583 πρὸς
3047 2510 3104 2564 δὲ
3131 2509 3223 2562 τὸν
3256 2509 3373 2562 υἱὸν
3410 2508 3590 2561 ταῦτα
3616 2506 3744 2581 περὶ
3822 2506 3823 2557 1

2141 2603 2304 2657 αὑτοῦ
2366 2602 2600 2669 διεξιὼν,
2661 2604 2822 2675 δῆλος
2873 2604 2940 2659 ἂν
2970 2604 3054 2675 εἴη
3088 2603 3181 2656 τὸν
3214 2602 3377 2655 αὐτὸν
3404 2600 3659 2654 ἐπαινῶν
3684 2617 3741 2655 τε

2141 2696 2234 2751 καὶ
2253 2696 2459 2768 ψέγων.
2507 2693 2633 2770 'Ap‘
2656 2693 2749 2752 οὖν
2801 2700 2831 2751 ό
2858 2698 2957 2770 τὴν
2988 2697 3096 2751 τῶν
3137 2695 3448 2768 μελλόντων
3476 2695 3742 2766 προειλη-

2141 2786 2257 2858 φὼς
2287 2788 2489 2857 γνῶσιν
2540 2790 2725 2859 ἠγνόει
2753 2788 2813 2853 ὃς
2835 2786 2903 2860 ἦν
2940 2807 3001 2843 τε
3031 2788 3125 2843 καὶ
3167 2786 3320 2840 ἔσται
3348 2788 3377 2839 ὁ
3404 2787 3737 2858 Εὐφράτης

2140 2880 2251 2933 Καὶ
2276 2880 2386 2953 γὰρ
2414 2881 2475 2933 οὗ
2510 2880 2605 2936 νῦν
2628 2880 2867 2950 πρῶτον,
2888 2880 3023 2934 ἀλλὰ
3050 2881 3144 2934 καὶ
3176 2880 3263 2932 ἐπ’
3294 2878 3462 2932 αὑτοῦ
3490 2880 3740 2932 055m-

2144 2972 2326 3026 σιανοῦ
2363 2973 2669 3027 διαϐάλλειν
2702 2973 2888 3036 αὑτὸν,
2939 2972 3014 3036 ὡς
3044 2971 3109 3044 δὴ
3138 2972 3199 3025 τὸ
3216 2967 3353 3043 ἦθος
3389 2971 3735 3042 μοχθηρότα-

2139 3083 2251 3131 τον,
2286 3066 2554 3138 βούλεται.
2582 3065 2706 3129 Πῶς
2728 3065 2793 3137 δὴ
2834 3060 2925 3118 οὖν
2958 3064 3160 3118 τοιόνδε
3216 3064 3444 3135 συνίστη
3505 3064 3731 3133 βασιλεῖ,

2143 3157 2219 3222 ὡς
2250 3159 2343 3212 κα)¹
2377 3158 2696 3220 ἀκλείστους
2751 3156 2900 3229 αὐτῷ
2935 3155 3046 3228 (68)
3096 3156 3184 3210 διὰ
3225 3155 3328 3219 τὰς
3383 3156 3519 3227 παρ’
3572 3153 3733 3208 αὐτοῦ

2145 3250 2431 3314 συστάσεις
2463 3250 2570 3303 τῶν
2600 3249 2885 3321 βασιλείων
2908 3250 3357 3304 ἀναπεπετὰσθαι
3391 3250 3493 3314 τὰς
3524 3251 3734 3314 πύλαςς

2151 3341 2309 3395 Ἀλλὰ
2339 3343 2447 3413 γὰρ
2480 3342 2575 3396 καὶ
2589 3340 2798 3412 τυφλῷ,
2827 3342 2979 3411 φασὶ,
3011 3341 3190 3412 δῆλον,
3227 3343 3305 3405 ὡς
3343 3343 3455 3413 ἄρα
3487 3343 3740 3413 πρόγνω-

2140 3450 2224 3486 σιν
2255 3435 2353 3503 μὲν
2384 3434 2804 3503 συκοφαντεῖται
2840 3435 2976 3505 πρὸς
3029 3434 3125 3487 τοῦ
3161 3435 3533 3506 συγγραφέως
3564 3438 3596 3489 ὁ
3642 3436 3741 3489 ἄνα

2137 3525 2375 3595 θρωπος.
2423 3524 2523 3597 Εἵη
2586 3525 2631 3578 δ’
2660 3525 2727 3579 ἂν
2774 3525 2973 3590 ἄλλως·
2993 3529 3258 3595 γενναῖος.
3305 3526 3443 3579 πολὺ
3479 3524 3593 3595 (69)
3641 3524 3743 3595 μὲν

2136 3616 2441 3688 προπείρας
2497 3616 2609 3689 (70)
2650 3618 2919 3690 ἑταίροις-
2965 3618 3109 3690 ἀτὰρ
3142 3620 3235 3672 καὶ
3263 3617 3343 3689 τῷ
3374 3618 3650 3691 Εὐφράτῃ
3681 3618 3744 3681 ἐς

2203 3929 2354 4009 Pace
2379 3930 2480 4009 _v_i_ri
2513 3930 2678 4009 docti
2698 3947 2893 4009 sanum
2913 3947 3049 4009 esse
3094 3942 3226 4002 puto
3254 3933 3573 4009 ᾁπελήφθη,
3607 3938 3743 4000 vide

2132 4018 2256 4072 quae
2290 4002 2355 4057 ad
2380 4002 2536 4056 illum
2559 4001 2881 4059 Philostrati
2912 4001 3148 4058 locum’a
3182 4006 3342 4060 nobis
3374 4001 3743 4066 fuere'auuo-

2137 4080 2275 4126 tata.

2233 4142 2325 4215 64)
2364 4141 2963 4215 ΘυρίιῳῶνίΡιιίζοεῑτ.
2990 4142 3155 4198 habet
3183 4143 3387 4215 θυρῶν.

2234 4212 2324 4281 £5)
2384 4212 2761 4281 Ἐπιτειχίζει.
2798 4212 3079 4269 Omissum
3110 4228 3140 4266 a
3188 4212 3276 4270 me
3304 4216 3424 4281 νῦν,
3462 4218 3519 4271 in
3561 4218 3741 4276 Euse-

2140 4284 2217 4338 bii
2245 4283 2695 4355 editisiadditum
2726 4296 2853 4355 post
2893 4286 3036 4341 hanc
3085 4298 3298 4355 vocem,
3332 4286 3441 4343 fide
3474 4289 3739 4346 lectionis

2140 4370 2263 4423 quae
2295 4354 2439 4424 apud
2476 4352 2868 4409 Pliilostratum
2907 4356 3169 4411 occurrit.
3215 4354 3329 4413 Nec
3360 4374 3567 4415 sensus
3605 4376 3737 4416 eam

2143 4426 2465 4479 particulam
2497 4424 2640 4479 ferre
2658 4425 2899 4479 videtur.

2215 4442 2465 4479 l‘llClllam
2497 4442 2640 4479 terre
2658 4442 2899 4479 'Vldellll'.

2057 4472 2107 4528 ο
2141 4440 2465 4494 particulam
2497 4440 2640 4479 terre
2658 4440 2899 4479 videtur.

2206 4496 2325 4567 (66)
2375 4492 2645 4567 Ἑτέροις.
2676 4494 2813 4567 hiate
2837 4503 2960 4566 post
2988 4496 3131 4550 hanc
3154 4510 3341 4550 vocem
3376 4497 3563 4567 posita
3597 4503 3737 4556 ὕπο-

2133 4566 2337 4637 στιγμή
2387 4566 2446 4619 in
2488 4565 2942 4637 editistEusebii,
2977 4581 3101 4635 quae
3140 4568 3348 4621 rectius
3380 4565 3525 4624 ante
3576 4573 3735 4625 illam

2131 4634 2459 4712 collocatur,
2494 4647 2551 4712 ut
2568 4636 2635 4712 _in
2661 4634 2981 4712 Philostrati
3000 4634 3161 4689 textu
3181 4650 3204 4712 ;Δ
3220 4652 3356 4712 n_a_m_
3380 4640 3453 4693 ad
3485 4655 3736 4712 sequen-

2130 4708 2204 4760 tia
2231 4706 2464 4776 pertinet
2494 4705 2720 4776 έτέροις.
2755 4704 2890 4776 Vide
2922 4708 3206 4776 notata_ad
3237 4705 3507 4764 Philostr.

2200 4769 2312 4917 (67)
2355 4778 2425 4831 Ἢ
2447 4769 2751 4845 ἐρμήνεύω
2809 4774 3069 4831 Philostr.
3105 4769 3180 4855 thy
3219 4778 3542 4899 ῗμηνεύω.

2222 4848 2312 4917 68)
2363 4847 2456 4911 Ὠς
2498 4845 3193 4917 καὶάκντείστουςιιύτῳ.
3282 4848 3520 4904 lluditur

2222 4845 2312 4917 68)
2363 4847 2456 4911 Ὠς
2498 4845 2595 4899 καὶ
2619 4846 3193 4917 ἀκλῖίστουςιιὺτῷ.
3227 4845 3520 4904 ᾹΙΙιιιΙίιιιι·
3547 4851 3619 4904 ad
3652 4853 3737 4905 al-

2127 4917 2305 5042 liegata
2333 4917 2496 4987 paulo
2518 4924 2646 4969 ante
2675 4933 2742 4971 ex
2763 4917 2801 4969 ι.
2827 4933 2879 4981 v,
2913 4934 2963 4971 c.
2996 4916 3087 4981 51,
3112 4917 3218 4971 sub
3237 4917 3362 4971 init.
3391 4918 3732 4992 Vespasiani

2168 5004 2216 5042 ιο
2245 5003 2295 5041 a.

2168 4998 2295 5042 tcta.

2199 5058 2310 5129 (69)
2350 5056 2655 5132 Hodzi._lta
2685 5056 2841 5132 haud
2889 5056 3057 5113 dubie
3100 5059 3400 5129 legendum
3449 5075 3557 5132 pro
3604 5063 3728 5119 πά-

2123 5127 2233 5189 λαι,
2266 5128 2413 5199 quod
2436 5136 2522 5185 est
2550 5130 2606 5181 in
2636 5127 2817 5199 editis.

2195 5196 2311 5271 (70)
2364 5199 2714 5271 Προπειρας.
2764 5198 2845 5252 Ita
2890 5196 3181 5271 legendum
3224 5203 3439 5271 putavi,
3494 5218 3596 5271 pro
3651 5219 3730 5259 eo

2122 5270 2271 5339 (μιοᾶ
2306 5271 2360 5324 in
2386 5270 2551 5323 editis
2572 5277 2677 5333 est,
2708 5283 2885 5337 neque
2912 5270 3084 5323 ullum
3121 5270 3347 5354 sensum
3373 5270 3573 5336 fundit,
3602 5273 3728 5399 πρὸ

2122 5340 2335 5411 πείρας.
2367 5338 2465 5395 Est
2495 5348 2674 5394 autem
2708 5337 3011 5411 προπείρας
3041 5356 3131 5408 qui
3153 5344 3451 5409 periculum
3474 5362 3569 5411 pro
3596 5362 3637 5398 ο
3665 5349 3724 5400 r'o

2122 5362 2335 5411 πειρας.
2367 5362 2465 5395 [κει
2495 5362 2674 5394 amem
2708 5362 3011 5408 προπειρας
3041 5362 3131 5408 qut
3153 5362 3451 5409 periculum
3474 5362 3569 5414 pro
3596 5362 3724 5400 atro

2120 5412 2287 5472 subit,
2313 5411 2467 5483 quod
2494 5417 2580 5464 est
2608 5410 2843 5483 maxime
2867 5410 3154 5483 γενναίων.
3187 5411 3397 5483 Nempe
3426 5417 3724 5470 derivatur

2120 5494 2151 5532 a
2182 5474 2359 5552 πειρῶ
2386 5478 2691 5552 νει-περῶν,
2734 5474 2892 5548 quod,
2929 5474 3150 5549 proprie
3198 5474 3426 5538 ﬂuvium
3471 5487 3718 5541 transire

2118 5560 2243 5606 est:
2279 5549 2405 5624 inde
2437 5549 2505 5604 ad
2538 5549 2924 5624 quodcunque,
2961 5553 3119 5624 quod
3142 5555 3366 5624 subeas.
3397 5556 3713 5624 periculum

2118 5623 2469 5694 translatum,
2506 5619 2923 5694 οπως-Ἀνδρῶν
2947 5619 3008 5672 τε
3038 5621 3310 5694 πολέμους
3354 5619 3611 5694 ἀλεγεινά
3645 5643 3713 5679 τε

2117 5691 2338 5765 κύματα
2361 5690 2595 5765 πείρων,
2612 5689 2835 5765 Ulysses
2861 5688 3187 5765 Homericus
3207 5693 3409 5765 Odyss.
3441 5688 3530 5752 IX.
3558 5694 3711 5749 Hinc

2116 5771 2171 5816 et
2194 5757 2431 5834 ’ἀπορεεν
2457 5757 2511 5816 et
2546 5757 2800 5834 εὐπορεῖν
2836 5757 3142 5834 destitui-in
3184 5757 3441 5832 transitu,
3476 5775 3527 5823 et
3555 5766 3708 5834 faci-

2124 5834 2221 5888 lem
2258 5830 2550 5887 transitum
2600 5830 2868 5898 invenire,
2916 5830 2986 5886 ad
3024 5847 3115 5889 res
3153 5836 3394 5893 fortuna:
3427 5830 3708 5893 translata

3822 3666 3825 3755 Ὺ
