3856 6222
146 333 259 401 845

1288 329 1491 386 LIBER
1526 329 1806 386 CONTRA
1843 328 2262 386 HIEROCLEM.

3309 328 3416 383 846

146 450 217 506 τὰ
245 450 495 517 βασίλεια
528 449 762 522 παρόδου
809 449 1098 512 κοινωνῶν,
1134 448 1359 521 ὕστερον
1391 451 1448 503 δὲ
1495 451 1595 521 τῆς
1628 451 1729 504 δια-

1852 449 2220 515 mendatione,
2250 448 2436 519 palatii
2458 449 2808 518 imperatoris
2840 445 2986 504 fores
3019 445 3418 518 panderentur?

145 544 326 614 φορᾶς
385 542 547 596 ἕνεκα
601 542 827 596 τοιαῦτα
874 543 1001 611 περὶ
1028 542 1192 596 αὑτοῦ
1228 542 1420 611 λέγων,
1457 542 1609 596 οὔπω
1645 560 1734 613 μοι

142 634 456 688 διαϐάλλειν
500 637 529 687 ό
587 634 744 703 λόγος
801 633 1047 705 βούλεται
1090 633 1182 686 τὸν
1217 634 1405 704 ἄνδρα,
1441 633 1516 697 ὡς
1549 634 1615 687 ἂν
1642 634 1735 687 τὸν

144 726 445 796 Εὐφράτην
479 726 938 794 συκοφαντοῦντα,
991 725 1293 795 φιλοσόφων
1318 726 1426 778 τῶν
1459 725 1578 778 καθ’
1612 727 1737 777 ἐαυ-

141 817 240 870 τὸν
264 816 375 887 (71)
420 816 813 882 ὲπιδοξότατον,
843 815 918 879 ὡς
948 817 1043 869 καὶ
1070 817 1128 879 ὲς
1174 815 1345 886 δεῦρ’,
1382 812 1463 880 οἷς
1515 815 1734 886 μέτεστι

143 907 491 978 φιλοσοφίας,
528 908 783 979 ᾀδεσθαι;
819 910 882 961 Ὃ
915 908 1007 961 καὶ
1050 909 1306 979 μέγιστον
1333 906 1487 959 λάϐοι
1532 908 1597 961 ἄν
1627 923 1731 971 τις,

143 1001 198 1051 εί
229 999 492 1068 βούλοιτο,
540 998 895 1071 παράδειγμα.
933 1000 1032 1070 τῆς
1078 998 1221 1053 κατά
1249 997 1345 1051 τοῦ
1384 997 1734 1050 Ἀπολλωνίου

142 1087 421 1158 διαϐολῆς.
482 1090 545 1141 Εἰ
573 1088 681 1161 γὰρ
711 1091 740 1141 ὁ
779 1090 1073 1161 Εὐφράτης
1100 1088 1251 1161 παρά
1282 1091 1395 1151 τοῖς
1423 1089 1557 1141 πᾶσι
1582 1086 1734 1156 φιλο-

146 1181 318 1253 σοφίᾳ
343 1181 639 1253 διαπρέψαι
665 1182 1049 1255 ὁμολογηθείη,
1071 1182 1189 1254 ὥρα
1217 1181 1606 1252 μισοπονηρίαν
1637 1182 1735 1251 μὲν

143 1272 362 1326 ἐκείνου
410 1275 768 1343 κατηγορεῖν,
823 1272 1130 1336 ἐπεξιόντος
1183 1273 1296 1334 τοῖς
1333 1270 1551 1333 ἀτόπως
1630 1270 1735 1323 ὑπὸ

142 1363 306 1417 τοῦδε
325 1363 654 1434 δρωμένοις;
676 1365 887 1417 τουτονὶ
916 1364 971 1416 δὲ
998 1364 1135 1435 πρὸς
1170 1363 1377 1416 ἐκείνου
1398 1361 1734 1435 κατηγορού-

146 1472 334 1527 μενον,
392 1453 601 1524 φαύλην
660 1453 1083 1525 περιϐάλλεσθαι
1108 1453 1288 1519 δόξαν,
1320 1454 1403 1506 ὅτι
1434 1453 1498 1524 δὴ
1533 1454 1607 1524 μὴ
1638 1453 1732 1508 τὸν

142 1549 453 1622 ἀρέσκοντα
474 1547 554 1619 τῷ
587 1547 860 1619 φιλοσόφῳ
893 1548 1081 1619 μετῄει
1106 1548 1238 1619 βίον.

1841 540 2046 611 Verum
2076 542 2161 596 vel
2198 555 2364 606 caeco,
2396 547 2455 595 ut
2514 541 2569 595 in
2612 541 2905 610 proverbio
2935 541 3112 606 aiunt,
3150 538 3267 611 jam
3296 554 3418 610 per-

1842 636 2094 705 spicuum
2147 633 2254 697 sit,
2300 633 2447 705 quod
2497 635 2554 689 in
2601 633 2883 691 divinandi
2934 642 3054 689 arte
3095 632 3418 689 detrahatur

1841 727 1963 781 viro
2014 727 2084 781 ab
2130 727 2413 781 historico.
2447 726 2825 782 Concedamus
2870 735 3052 782 autem
3098 726 3154 781 in
3202 725 3417 781 caeteris

1842 832 1966 872 eum
2021 832 2346 888 generosum
2398 819 2640 872 animum
2686 818 3120 886 demonstrasse,
3169 817 3416 887 pericula

1841 911 2007 965 etiam
2044 924 2144 979 pro
2200 909 2393 964 amicis
2443 909 2729 964 subeundo
2771 908 3110 981 frequenter.
3149 907 3221 962 At
3266 911 3417 963 certe

1842 990 2197 1070 Euphratem,
2228 1000 2410 1056 aditus
2439 1002 2508 1056 ad
2556 1002 2904 1071 imperatoris
2945 1000 3208 1072 palatium
3237 1001 3413 1071 parti-

1842 1094 2017 1163 cipem
2053 1093 2310 1156 reddens,
2336 1102 2525 1162 postea
2573 1102 2780 1158 tamen,
2814 1094 2885 1149 ob
2918 1092 3265 1149 intercedens
3298 1092 3414 1148 dis-

1843 1183 2066 1249 sidium,
2098 1182 2228 1236 talia
2259 1182 2326 1237 de
2351 1198 2417 1238 eo
2448 1182 2753 1253 proferens,
2778 1199 2980 1248 nonne,
3003 1184 3124 1254 ipsa
3148 1183 3414 1239 suadente

1841 1271 1974 1325 mihi
2007 1273 2239 1337 ratione,
2274 1271 2568 1343 Euphratis
2598 1273 2776 1344 egisse
2805 1273 3198 1345 sycophantam
3228 1273 3414 1344 argui-

1841 1371 1962 1430 tur,
1995 1365 2444 1435 philosOpborum
2474 1380 2587 1421 suae
2624 1367 2799 1422 aetatis
2840 1364 3157 1430 clarissimi,
3184 1364 3279 1435 qui
3310 1364 3415 1419 bo-

1838 1454 1929 1511 die
1957 1457 2121 1511 etiam
2149 1457 2217 1511 ab
2242 1457 2332 1522 iis,
2373 1457 2469 1527 qui
2501 1457 2861 1529 philosophia:
2905 1458 3099 1513 imbuti
3130 1463 3261 1513 sunt
3300 1464 3415 1514 stu-

1836 1546 1965 1612 diis,
1988 1548 2333 1603 celebratur?
2355 1547 2509 1615 Quod
2537 1551 2716 1620 ipsum
2742 1551 2825 1606 vel
2849 1549 3286 1607 illustrissimum
3311 1548 3413 1603 ali-

145 1643 266 1708 cui,
292 1642 340 1698 si
362 1642 520 1707 velit,
588 1640 794 1714 [justas]
824 1643 1099 1713 Apollonii
1160 1642 1609 1714 reprehensionis
1661 1642 1969 1713 exemplum
2013 1636 2281 1713 prebeat.
2323 1642 2381 1698 Si
2430 1644 2734 1716 Euphrates
2781 1647 2925 1701 enim
2988 1645 3231 1701 omnium
3278 1658 3413 1699 con-

142 1753 316 1793 sensu
347 1738 706 1809 philosophiae
741 1739 937 1795 studiis
962 1739 1307 1795 clarissimus
1351 1739 1637 1802 habeatur,
1677 1738 2118 1808 intempestivum
2160 1747 2307 1794 certe
2370 1739 2595 1794 minime
2640 1739 2826 1805 fuerit,
2859 1739 3008 1795 illius
3039 1754 3106 1795 eo
3160 1738 3412 1794 evincere

140 1829 317 1901 534
346 1831 611 1888 adversus
651 1834 1053 1904 improbitatem
1118 1835 1301 1890 odium
1324 1875 1339 1901 ,
1391 1832 1537 1905 quod
1596 1833 1739 1888 mala
1776 1833 2051 1904 Apollonii
2081 1833 2221 1890 facta
2244 1834 2410 1891 fuerit
2440 1837 2761 1892 insectatus.
2798 1834 2955 1890 Hunc
3006 1849 3158 1899 vero,
3185 1832 3280 1906 qui
3343 1833 3412 1888 ab

140 1937 216 1976 eo
249 1921 599 1992 arguebatur,
630 1921 1007 1997 [concludere]
1038 1924 1180 1979 mala
1212 1924 1353 1981 fama
1387 1922 1729 1995 oppressisse
1764 1939 1910 1993 eum,
1952 1925 2111 1996 quasi
2140 1925 2306 1981 vitam
2341 1933 2523 1998 ageret
2554 1926 2912 1997 philosophiae
2975 1924 3202 1981 minime
3271 1938 3411 1979 con-

142 2026 470 2072 sentaneam
479 2058 493 2071 .

673 2117 1069 2171 ΚΕΦΑΛΑΙΟΝ
1093 2118 1213 2171 ΛΔ’.

219 2205 392 2261 Πάλιν
441 2209 499 2261 ὲν
530 2207 609 2278 τῷ
659 2207 821 2278 ἕκτῳ,
889 2208 1332 2279 παραδοξολογῶν
1365 2211 1394 2263 ὁ
1421 2208 1733 2280 μυθολόγος,

139 2298 273 2367 ἄγει
308 2298 406 2368 μὲν
428 2298 586 2351 αὐτὸν
613 2297 728 2369 ἅμα
761 2302 872 2362 τοῖς
894 2299 1128 2371 ἑταίροις
1155 2298 1388 2370 καμήλῳ
1423 2300 1736 2371 ὀχούμενον,

140 2390 233 2459 ἐφ’
256 2389 350 2453 οὖς
373 2407 534 2461 φησιν
567 2391 880 2459 Αἰγυπτίων
902 2391 1166 2462 Γυμνοὺς,
1209 2392 1549 2462 φιλοσόφους.
1569 2392 1738 2445 Ἔνθα

137 2482 207 2553 δὴ
234 2482 640 2554 προστάξαντος
678 2481 772 2536 τοῦ
816 2482 1047 2554 γυμνοῦ,
1084 2483 1302 2549 πτελέα,
1354 2486 1506 2555 φησὶ,
1538 2486 1599 2539 τὸ
1630 2486 1740 2539 δέν-

135 2572 275 2643 δρον
331 2572 726 2643 προσαγορεύει
766 2573 858 2625 τὸν
917 2573 1294 2636 ’Δπολλώνιον,
1351 2575 1598 2647 ὲνάρθρῳ
1641 2577 1735 2629 καὶ

142 2663 345 2735 θηλείᾳ
372 2666 438 2734 τῇ
462 2667 632 2736 φωνῇ.
668 2665 777 2717 Καὶ
796 2664 1006 2727 τούτοις
1032 2682 1093 2733 γε
1117 2667 1266 2736 ἡμᾶς
1285 2669 1313 2719 ό
1333 2685 1353 2717 ι
1382 2666 1684 2738 Φιλαλήθης
1711 2686 1730 2719 ι

141 2755 429 2809 πιστεύειν
463 2755 626 2820 ἀξιοῖ.
660 2753 793 2820 Εἶτα
843 2756 1159 2828 Πυγμαίους
1205 2759 1406 2830 ἄνδρας
1453 2759 1593 2830 ὑπὲρ
1636 2761 1735 2833 τὴν

137 2847 357 2900 τούτων
406 2849 612 2919 ἱστορεῖ
655 2847 874 2918 χώραν,
922 2848 1014 2900 καὶ
1073 2848 1557 2920 Ἀνθρωποφὰγους
1598 2848 1734 2921 (7‘2),

139 2940 246 2994 καὶ
302 2939 627 3003 Σκιάποδας,
685 2939 925 3011 Σάτυρόν
959 2956 1017 2991 τε
1067 2940 1203 3009 πρὸς
1248 2939 1342 2992 τοῦ
1380 2941 1734 2995 Ἀπολλωνίου

143 3031 582 3102 μεθυσκόμενον.
636 3030 726 3094 Ἐξ
772 3031 994 3083 ἐκείνων
1020 3026 1179 3093 αὖθις
1225 3032 1502 3085 ἐπάνεισιν
1524 3033 1616 3084 ἐπὶ
1636 3032 1736 3103 τὴν

153 3125 406 3180 Ἐλλάδα.
473 3127 708 3198 Ὀμιλίαι
764 3145 822 3180 τε
875 3127 1035 3181 πάλιν
1067 3128 1255 3199 αὐτῷ,
1290 3131 1384 3182 καὶ
1402 3128 1736 3199 προγνώσεις

138 3218 557 3273 ἀπρακοινοῦνται
584 3220 720 3290 πρὸς
735 3218 926 3272 Τῖτον.
959 3220 1070 3272 Καὶ
1095 3219 1361 3291 δηχθέντα
1404 3219 1602 3292 ἔφηϐον
1631 3219 1736 3274 ὑπὸ

139 3309 447 3373 λυττῶντος
498 3311 675 3375 κυνὸς,
725 3311 783 3364 ὃν
837 3311 902 3384 δὴ
932 3313 1023 3365 καὶ
1074 3313 1444 3383 ἐμαντεύσατο
1475 3315 1623 3376 ὅστις
1647 3313 1733 3385 εἴη

138 3404 246 3475 τὴν
268 3404 468 3475 ψυχὴν,
501 3405 585 3458 ὅτι
609 3406 637 3457 ό
676 3405 776 3474 τῆς
809 3405 1084 3474 Αἰγύπτου
1109 3407 1237 3458 ποτὲ
1273 3405 1524 3476 βασιλεὺς
1559 3407 1735 3475 ’Ἄμα-

2358 2112 2590 2172 CAPUT
2640 2111 2880 2169 XXXIV.

1909 2207 2151 2265 Rursum
2177 2213 2429 2278 portenta
2456 2207 2511 2261 in
2541 2214 2696 2263 sexto
2720 2207 2862 2263 libro
2891 2206 3121 2280 loquens
3150 2216 3407 2283 nugator,

1838 2301 2063 2355 camelis
2084 2314 2208 2354 eum
2242 2313 2351 2352 una
2382 2313 2507 2353 cum
2541 2299 2707 2355 sociis
2743 2306 2962 2355 vectum
3003 2300 3150 2356 sistit
3190 2302 3258 2357 ad
3286 2302 3411 2374 phi~

1838 2392 2119 2463 losophos,
2170 2405 2308 2461 quos
2353 2389 2541 2445 Nudos
2584 2391 2818 2461 appellat
2863 2390 3265 2463 Egyptiorum.
3306 2392 3409 2451 Ubi

1837 2483 2308 2556 gymnosophista,
2368 2492 2429 2538 ut
2477 2484 2696 2555 quidem
2741 2492 2930 2538 narrat
2949 2486 3016 2548 οι,
3039 2484 3287 2556 jubente,
3333 2489 3412 2541 ul-

1837 2591 1961 2630 mus
1997 2576 2165 2630 arbor
2191 2575 2540 2645 Apollonium
2575 2589 2709 2630 voce
2744 2575 3030 2631 articulata
3069 2585 3124 2632 et
3158 2578 3408 2634 muliebri

1838 2665 1999 2720 aﬂ‘ata
2040 2672 2143 2720 est.
2184 2664 2348 2720 Hisce
2379 2672 2560 2719 autem
2594 2683 2611 2715 ι
2637 2663 2970 2720 Philalethes
3000 2683 3018 2716 ι
3050 2664 3210 2720 ﬁdem
3240 2681 3272 2721 a
3314 2683 3409 2721 no.

1835 2758 1925 2814 bis
1957 2758 2074 2812 vult
2110 2757 2324 2812 haberi.
2364 2755 2569 2812 Deinde
2595 2771 2871 2828 pygmaaos
2893 2757 2960 2821 θ’,
2994 2758 3142 2812 ultra
3176 2773 3409 2830 gymno-

1837 2849 2211 2920 s0phistarum
2255 2850 2488 2919 patriam
2531 2847 2763 2916 positos,
2798 2845 3407 2919 Anthropophagosquc

1836 2950 1894 2997 et
1923 2940 2282 3010 Umbripcdes
2308 2947 2719 3005 commemorat,
2757 2936 3120 3008 Satyrumque
3142 2940 3211 2994 ab
3242 2939 3406 3010 Apol-

1836 3033 1987 3087 lonio
2019 3031 2349 3086 inebriatum
2365 3028 2434 3082 ³³.
2470 3026 2600 3081 Inde
2626 3036 2804 3082 autem
2848 3029 2905 3082 in
2934 3026 3199 3083 Graeciam
3236 3029 3404 3097 redit;

1836 3131 1885 3177 et
1912 3135 2133 3174 rursum
2165 3134 2292 3172 cum
2326 3119 2654 3187 imperatore
2673 3114 2797 3171 Tito
2826 3116 2873 3149 “
2904 3132 3189 3175 sermones
3229 3130 3284 3175 et
3313 3134 3409 3175 va-

1836 3211 2025 3266 ticinia
2052 3208 2440 3265 communicat.
2476 3207 2653 3277 Atque
2690 3206 3114 3274 adolescentem,
3146 3224 3179 3264 a
3211 3209 3411 3265 rabido

1836 3317 2081 3359 m‘orsum
2113 3317 2247 3385 cane
2268 3300 2336 3366 ’⁸,
2377 3301 2535 3369 cujus
2554 3300 2717 3355 etiam
2748 3300 2928 3354 anima
2949 3315 3072 3371 quae
3100 3300 3194 3367 sit,
3221 3299 3413 3373 (Ama-

1837 3394 1914 3449 sis
1943 3408 2139 3462 nempe
2168 3390 2409 3464 Ᾱζςγρῑίἰ
2447 3389 2726 3460 quondam
2764 3389 2934 3460 regis)
2968 3390 3200 3458 divinat,
3244 3390 3313 3445 ab
3343 3407 3410 3447 eo

142 3512 235 3560 σις
263 3496 397 3567 (75),
447 3496 546 3566 τῆς
588 3498 875 3569 συμφορᾶς
932 3497 1284 3561 ἀπαλλάττει,
1313 3498 1472 3569 μέχρι
1505 3499 1599 3550 καὶ
1642 3495 1729 3550 τοῦ

1837 3484 2034 3539 liberat
2072 3483 2304 3538 morbo:
2337 3483 2517 3552 ipsum
2542 3496 2760 3552 quoque
2798 3496 2989 3537 canem
3015 3482 3070 3536 in
3104 3481 3411 3552 benignita-

141 3588 311 3651 κυνὸς
337 3587 609 3650 ἐπιτείνας
632 3588 694 3640 τὸ
731 3587 1109 3661 φιλάνθρωπον
1139 3588 1272 3659 (74).
1315 3590 1483 3642 Ταυτὶ
1514 3589 1612 3661 μὲν
1635 3584 1728 3642 οὖν

140 3681 216 3733 τὰ
240 3680 349 3751 πρὸ
380 3679 480 3749 τῆς
506 3680 836 3751 κατηγορίας
868 3679 1017 3751 αὐτῴ
1045 3680 1432 3753 πεπραγμένα.

654 3879 1047 3933 ΚΕΦΑΛΑΙΟΝ
1098 3879 1222 3935 AE’.

230 3968 557 4038 Ἐπιστῆσαι
604 3967 648 4021 δ’
680 3968 827 4035 ἄξιον
881 3970 949 4022 δι’
999 3970 1125 4041 ὅλης
1164 3971 1264 4040 τῆς
1305 3968 1687 4043 πραγματείας
1712 4008 1727 4034 ,

140 4057 223 4121 ὼς
250 4059 355 4125 ὅτι,
385 4058 487 4112 κᾶν
513 4058 797 4129 ἀληθεύειν
839 4059 966 4131 δοθῇ
1009 4060 1086 4132 τῷ
1120 4061 1517 4134 συγγραφεῖτά
1552 4060 1731 4133 παρά-

138 4147 296 4213 δοξα,
317 4165 439 4202 συνε
449 4151 605 4221 ργείᾳ
630 4150 881 4222 δαίμονος
906 4151 1134 4204 ἕκαστον
1161 4151 1308 4223 αὐτῷ
1328 4151 1728 4224 διαπεπρᾶχθαι

136 4240 354 4293 τούτων
373 4240 560 4309 σαφῶς
581 4240 873 4295 δείκνυται.
897 4242 969 4295 Τό
991 4259 1050 4295 τε
1073 4242 1180 4314 γὰρ
1206 4242 1298 4295 τοῦ
1328 4241 1517 4313 λοιμοῦ
1547 4258 1731 4312 προαι-

141 4330 370 4384 σθέσθαι
416 4331 547 4395 ἴσως
574 4333 672 4403 μὲν
701 4333 802 4386 οὐκ
842 4333 1173 4408 ἀπερίεργον
1200 4333 1423 4400 δόξειεν,
1446 4335 1516 4398 εί,
1545 4330 1729 4396 καθὼς

214 4473 262 4505 ἰ
306 4472 401 4527 lib.
434 4488 527 4538 vt,
560 4487 611 4528 c.
646 4472 735 4530 10.
823 4474 870 4506 ⁸³
908 4473 1003 4529 lib.
1038 4488 1133 4538 vr,
1200 4489 1253 4528 c.
1284 4472 1376 4530 25.
1452 4473 1499 4507 °'
1538 4473 1632 4528 lib.
1668 4489 1723 4530 vt
1748 4515 1763 4541 ,
1797 4487 1848 4528 c.
1883 4472 1974 4527 ‘27.
2052 4471 2099 4505 9‘
2137 4470 2237 4527 lib.
2273 4487 2365 4536 vr,
2426 4485 2478 4525 ε’.
2538 4468 2608 4523 29
2662 4473 2798 4540 seq.‘

138 4543 191 4573 "
234 4541 334 4596 lib.
371 4558 473 4611 ιιι,
506 4557 556 4597 c.
595 4543 650 4597 4.

137 4660 300 4725 sunt.
332 4653 659 4725 Προπείρειν
695 4650 955 4725 vero,'_ut
990 4654 1445 4725 προκινδυνεύειν,
1474 4671 1569 4724 pro
1608 4655 1718 4709 alio

136 4713 454 4805 periculum
495 4713 700 4805 subire.
739 4713 895 4805 Quod
933 4713 1129 4805 fecisse
1160 4713 1509 4805 Apollonium
1552 4741 1721 4795 agno—
1801 4748 1805 4753 ·

136 4792 509 4865 ἐοὶιηνίιὶῳιο
543 4793 701 4865 fortis
727 4803 780 4847 et
802 4796 1047 4865 generosi
1068 4792 1298 4865 gloriam
1326 4796 1431 4850 hoc
1457 4796 1575 4865 ipso
1594 4792 1719 4849 eum

138 4843 320 4932 riga;
334 4843 617 4917 Ἑόἷιὲεξιῖ
637 4843 959 4932 ’ρὸἑέέίεῖῑὶζ
973 4843 1118 4931 at?
1131 4843 1719 4931 ’έίὲἷιίἓρῗῇιτΝὲέιῖεΞξ
1755 4843 1796 4897 θ

137 4931 287 4987 Βυίίἰ
341 4943 394 4987 et
423 4932 579 5017 ortiti
610 4931 1143 5017 imprimisgratiam
1181 4935 1497 5017 προέπειρε.
1528 4935 1597 4988 At
1621 4942 1725 5017 ἰιι-

137 5017 368 5070 cunque
399 5019 458 5060 se
481 5002 715 5073 habeant
738 5005 865 5066 ista,
887 5002 941 5054 in
966 5003 1183 5071 negotio
1211 5002 1356 5073 quod
1382 5002 1430 5058 ei
1463 5021 1589 5058 cum
1620 5004 1729 5059 Eu-

136 5073 343 5144 phrate
371 5072 709 5138 intercessit,
740 5074 982 5140 γενναῖον
1008 5088 1067 5127 se
1096 5072 1358 5143 probasse
1378 5074 1725 5145 Apollonium

137 5148 332 5281 uegit;
373 5208 726 5283 φιλοσόφων
767 5209 906 5283 τῶν.
925 5213 1053 5266 καθ’
1097 5212 1331 5266 ἑαυτόν.
1373 5213 1461 5283 Ita
1486 5213 1724 5283 loquun-

135 5278 235 5334 tur
263 5278 516 5355 puriores
546 5278 845 5355 scriptores
868 5279 1064 5355 Graeci,
1096 5297 1205 5355 non
1223 5291 1294 5355 rut
1320 5284 1374 5355 iu
1404 5278 1574 5355 editis
1592 5285 1719 5355 legi-

136 5348 592 5425 ι-ιιιδίφ-ιλρσόφων
612 5348 915 5425 γενομένων
934 5348 1184 5425 τῶν’καθ’
1215 5353 1422 5407 ἑαυτόν.
1449 5348 1716 5425 Βθιυςειῖι-

133 5422 286 5493 ὀιιιιι
320 5419 613 5489 igitur-fuit
646 5419 973 5493 γενομένων,
1009 5424 1159 5493 quod
1200 5438 1267 5476 ex
1305 5426 1566 5493 margine,
1585 5419 1716 5493 'qua

134 5490 452 5560 ascriptum
524 5500 690 5563 erat,
760 5490 1261 5563 ad‘explicandutn
1327 5490 1505 5563 tyroni
1556 5490 1718 5551 idio-

132 5563 396 5625 tismum,
425 5567 482 5631 _et
523 5560 746 5631 quidem
786 5560 965 5616 alieno
1008 5563 1149 5628 loco,
1190 5563 1247 5616 in
1286 5560 1493 5619 teitum
1532 5563 1713 5619 immi-

133 5632 324 5706 gravit
350 5645 388 5706 :_
418 5628 568 5706 ferri:
586 5633 732 5706 enim
774 5638 1052 5703 utcunque
1089 5640 1296 5704 posset,
1333 5634 1379 5689 si
1429 5642 1552 5706 post
1591 5636 1717 5689 ἐαυ-

131 5700 233 5755 τόν
273 5700 511 5757 nositum
543 5701 758 5757 fuisset.

1833 3574 1905 3630 tis
1936 3589 2050 3630 suae
2071 3582 2280 3643 partem
2313 3574 2626 3628 admittens.
2655 3572 2834 3643 Atque
2858 3571 2973 3626 haec
3002 3571 3223 3642 quidem
3256 3580 3404 3634 sunt,

1832 3680 1956 3736 quae
2013 3671 2305 3734 antequam
2359 3661 2527 3735 [apud
2577 3663 2963 3733 imperatorem
3007 3659 3404 3735 Domitianum]

1834 3755 2164 3818 deferretur,
2195 3763 2346 3824 gesta
2373 3755 2443 3809 ab
2471 3768 2538 3808 eo
2571 3752 2746 3809 fuere.

2375 3864 2606 3921 CAPUT
2643 3864 2864 3923 XXXV.

1902 3962 1963 4018 ld
1994 3975 2128 4017 vero
2155 3958 2212 4013 in
2252 3965 2368 4013 tota
2397 3958 2488 4011 illa
2518 3956 2813 4016 tenendum
2839 3954 3070 4011 historia
3090 3961 3197 4021 est,
3226 3956 3399 4027 quod,

1828 4054 1878 4111 si
1909 4053 2242 4110 concedatur
2265 4051 2347 4106 vel
2369 4049 2623 4115 ,maxime
2667 4048 2949 4119 scriptori,
2994 4060 3123 4103 vera
3167 4062 3292 4103 eum
3323 4049 3407 4103 di-

1831 4162 1975 4213 cere,
2002 4152 2254 4216 portenta
2299 4143 2390 4201 illa
2423 4143 2552 4200 dum
2606 4140 2807 4209 refert;
2856 4139 2985 4195 mali
3026 4139 3289 4197 damonis
3316 4148 3405 4196 ta-
3448 4130 3455 4137 ’

1830 4254 1959 4294 men
1993 4252 2181 4308 opera,
2208 4235 2395 4292 omnia
2436 4234 2545 4290 ista
2577 4239 2793 4305 patrata
2825 4247 2949 4288 esse
2989 4232 3061 4287 ab
3093 4230 3403 4303 Apollonio,

1832 4328 1994 4386 facile
2020 4330 2328 4385 evincatur.
2365 4325 2520 4393 Quod
2558 4327 2706 4382 enim
2731 4335 2937 4396 pestem
2970 4336 3097 4382 ante
3135 4325 3310 4384 sensit
3331 4326 3401 4391 “,

2874 4469 2922 4503 "
2959 4468 3057 4526 lib.
3091 4484 3152 4526 rt
3173 4511 3190 4537 ,
3222 4483 3274 4526 c.
3309 4469 3403 4525 55.

1895 4656 2011 4711 llat.

2055 4727 2157 4780 Ὃν
2196 4724 2275 4798 δὴ
2325 4724 2425 4779 καὶ
2455 4725 2930 4798 ἐμαντεύσατο...
2962 4724 3053 4780 ὅτι
3075 4726 3111 4780 ὁ
3139 4722 3251 4793 τῆς
3267 4730 3399 4798 μγ.

1826 4792 1972 4855 ποτὲ
1991 4792 2204 4860 βασιλ.
2235 4792 2497 4865 Ἅμασιςζ
2526 4792 2687 4850 Fallit
2726 4792 2818 4850 hic
2845 4797 3110 4851 memoria
3150 4809 3249 4851 sua
3291 4792 3401 4853 Eu-

1825 4867 2036 4935 sebium
2063 4884 2078 4931 ;
2109 4866 2327 4935 juvenis
2361 4866 2507 4920 enim
2559 4880 2589 4919 a
2624 4880 2762 4921 cane
2793 4879 3008 4922 morsus
3038 4881 3149 4920 non
3167 4865 3399 4935 Amasis

1826 4952 1951 5007 esse
1997 4934 2319 5007 dicitur_ab
2360 4935 2667 5005 Apollonio,
2713 4936 2809 5007 sed
2862 4935 3134 5007 Telephus
3166 4934 3397 5007 Mysius.

1826 5004 2054 5062 Videtur
2097 5004 2419 5077 confudisse'
2445 5020 2569 5060 cum
2601 5021 2686 5077 ea,
2718 5005 2786 5060 de
2819 5020 2927 5077 qua
2962 5004 3400 5077 agit,_re,'gesta

1820 5075 2165 5132 Alexandria:
2212 5091 2337 5130 cum
2390 5075 2568 5140 leone,
2614 5076 2670 5130 in
2719 5073 2855 5140 quo'
2874 5073 3020 5140 regis
3074 5073 3224 5129 illius
3247 5073 3400 5130 'ani-

1822 5091 2165 5132 Atexanartaa
2212 5091 2337 5130 cum
2390 5091 2568 5140 teone,
2614 5091 2670 5130 tn
2758 5092 2829 5132 uo
2874 5091 2933 5130 re
2972 5092 3020 5131 ιε
3074 5091 3224 5129 unus
3278 5092 3394 5130 ant-

1822 5161 1967 5200 mam
1989 5161 2112 5271 eis;
2144 5146 2322 5202 aiebat
2354 5145 2698 5216 Apollonius.
2719 5091 2882 5201 qVide
2912 5091 3091 5200 latam
3122 5145 3267 5215 ejus,
3295 5146 3394 5204 lib.

1822 5232 1895 5271 vr.
1937 5231 1989 5270 c.
2115 5258 2122 5265 .
2214 5238 2233 5259 η

1819 5232 1895 5282 vr,
1937 5231 1989 5270 c.
2032 5231 2122 5271 42.
2214 5238 2233 5259 η

1891 5286 2006 5356 (74)
2026 5286 2213 5356 Μέχρι
2228 5285 2448 5340 καὶτοῦ
2467 5284 2654 5352 κυνὸς
2667 5283 2965 5350 ἐπιτείνας
2977 5283 3046 5338 τὸ
3065 5284 3398 5355 φιλάνθρω-

1819 5372 1957 5410 πον.
1996 5356 2133 5411 Mire'
2170 5356 2269 5426 hic,
2295 5356 2480 5412 omnia
2522 5356 2804 5426 pervertit,
2847 5370 2960 5426 pro
2986 5368 3159 5426 more,
3194 5356 3397 5411 Accio-

1818 5427 1935 5482 lus:
1960 5425 2117 5482 facile
2143 5424 2275 5495 quid
2297 5441 2385 5481 res
2406 5426 2476 5482 sit
2496 5424 2891 5495 iassecuturus,
2919 5424 2965 5481 si
2999 5425 3180 5494 ipsum
3201 5440 3401 5480 consu-

1818 5497 2014 5552 luisset
2042 5494 2451 5552 Philostratum.
2484 5494 2705 5550 Scilicet
2734 5502 2985 5566 spectant
3012 5495 3117 5549 ista
3138 5495 3207 5551 ad
3225 5495 3395 5566 Apol-

1818 5567 1951 5622 lonii
1972 5568 2054 5638 in
2086 5568 2265 5638 ipsum
2286 5582 2509 5638 quoque
2532 5581 2739 5638 canem_
2755 5565 3167 5638 benignitatem,
3198 5565 3399 5637 nempe

1818 5635 2190 5709 περιώφθτγδὲ
2213 5635 2333 5691 οὐδὲ
2358 5640 2387 5691 ὁ
2419 5635 2586 5709 κύων,
2619 5644 2681 5690 ut
2709 5635 3077 5709 Philostratus
3111 5637 3210 5707 ait;
3233 5635 3394 5695 nali]-

1818 5705 1927 5780 que
1948 5705 2052 5781 ἱροί
2080 5705 2300 5781 quoque
2327 5708 2587 5765 restituta
2616 5708 2823 5766 sanitas
2844 5705 2974 5766 fuit.

206 5769 328 5843 (72)
362 5770 1175 5842 ’Arﬁpwxagcdronghilostr.
1210 5773 1604 5848 ’Δνδροφάγους
1624 5789 1718 5846 ap-
