3856 6222
443 378 619 464 επ,

1118 375 1385 431 EUSEBII
1422 371 1899 429 CAESARIENSIS
1931 371 2082 429 OPP.
2125 370 2305 425 PARS
2341 369 2495 425 li.-
2530 367 3028 425 APOLOGETICA.

3602 366 3703 420 διε

448 501 588 560 forte
616 516 724 556 non
755 499 965 555 carebit
1013 498 1425 568 superstitione.
1468 496 1513 551 si
1546 503 1605 552 ut
1660 497 1777 565 ipse
1809 492 2013 566 [facit,]

2141 493 2297 555 ιὺτδς,
2336 510 2356 542 ι
2386 492 2494 545 ἀπὸ
2525 492 2859 560 λεπτοτάτης
2880 492 2976 543 καὶ
3007 490 3253 562 καθαρᾶς
3278 489 3495 560 διαίτης
3519 508 3539 540 ι
3570 506 3704 542 κατ-

450 610 474 646 ι
501 609 567 649 ex
584 593 735 647 tenui
750 592 896 647 victu
929 610 947 643 ι
985 589 1264 643 derivetur
1290 606 1308 639 ι
1345 595 1398 642 et
1415 601 1574 657 puro,
1608 606 1627 638 ι
1657 592 1820 656 prout
1845 583 2020 638 aPhi-

446 684 680 741 lostrato
711 691 994 737 narratum
1021 700 1034 735 :
1063 678 1204 735 forte
1238 686 1421 733 tamen
1446 693 1512 732 ex
1528 676 1862 731 commercio
1892 675 2020 729 mali

448 777 679 848 spiritus
710 774 833 843 ejus
879 774 957 828 rei
998 770 1259 826 indicium
1289 769 1396 841 ipsi
1436 776 1522 825 est
1559 766 1786 821 factum.
1834 765 2023 819 Enim-

446 885 581 924 vero
618 874 815 922 caetera
854 866 1019 921 etiam
1051 878 1173 934 quae
1217 861 1444 917 fatidica
1474 863 1678 917 virtute
1708 865 2021 913 assecutum

449 967 616 1030 atque
656 956 1039 1027 praedicentem
1092 954 1324 1020 inducit,
1368 954 1454 1009 vel
1508 953 1657 1008 mille
1689 950 2025 1022 argumentis

449 1064 518 1103 ex
547 1047 669 1117 ipso
690 1045 1011 1101 Philostrati
1030 1044 1234 1113 scripto
1262 1058 1492 1113 arguere
1521 1042 1669 1106 licet,
1706 1048 1766 1094 ut
1788 1055 1896 1094 una
1921 1039 2025 1093 hoc

450 1153 671 1210 quoque
702 1136 775 1192 sit
810 1133 1242 1193 concedendum,
1273 1133 1485 1201 magica
1520 1140 1659 1194 arte,
1693 1132 1805 1184 imo
1833 1144 2024 1199 parum

453 1233 608 1287 abest
637 1229 771 1301 quin
799 1228 979 1283 dicam
1001 1243 1095 1297 per
1117 1227 1367 1296 spiritum
1397 1224 1741 1287 familiarem,
1760 1221 2025 1293 quasdam

451 1337 635 1378 rerum
661 1320 992 1385 futurarum,
1017 1333 1124 1372 non
1151 1316 1298 1370 enim
1322 1314 1389 1370 de
1420 1315 1676 1369 omnibus
1700 1314 1916 1383 loquor.
1937 1325 2028 1365 as-

454 1421 704 1469 secutum
736 1424 862 1465 eum
910 1409 1095 1463 fuisse.
1129 1407 1299 1476 quue
1328 1407 1635 1461 luculenter
1661 1418 1727 1459 eo
1757 1402 2023 1464 firmatur,

453 1502 603 1573 quod
661 1514 769 1571 non
833 1513 1050 1567 semper
1102 1506 1157 1552 et
1204 1496 1259 1551 in
1328 1496 1586 1551 omnibus
1646 1491 2025 1548 divinatricem

455 1594 617 1649 istam
650 1592 760 1645 vim
789 1590 1195 1648 conservaverit
1232 1609 1245 1644 :
1281 1604 1469 1643 verum
1525 1586 1725 1643 dubius
1762 1583 1929 1638 fuerit
1971 1581 2028 1634 iu

454 1692 621 1750 quam
651 1674 923 1747 plurimis,
953 1675 1021 1731 de
1040 1673 1246 1734 multis,
1276 1671 1420 1742 quod
1443 1685 1507 1726 ea
1530 1672 1828 1739 ignoraret,
1854 1668 2026 1723 inter—

455 1765 733 1839 rogaverit
765 1784 779 1821 :
817 1764 872 1819 id
900 1765 1048 1834 quod
1078 1761 1151 1825 ei,
1192 1764 1236 1817 si
1270 1761 1455 1816 divina
1483 1761 1689 1814 virtute
1716 1755 2025 1830 polluisset,

2121 585 2365 655 είληπτο,
2423 583 2498 646 ὡς
2553 583 2715 647 αὐτὸς
2756 583 2976 652 ἔφησεν.
3027 584 3187 645 Ἰσως
3214 582 3272 635 δὲ
3324 583 3419 635 καὶ
3480 582 3618 636 αὐτὸ
3651 581 3707 646 ἐξ

2120 672 2336 744 ὁμιλίας
2362 671 2615 744 δαίμονος
2633 671 2782 742 αὐτῷ
2802 688 2935 743 προε
2943 689 3006 743 με
3016 673 3236 743 μήνυτο.
3256 672 3367 726 Καί⁸
3394 672 3509 745 γὰρ
3530 672 3597 743 δὴ
3616 673 3709 725 καὶ

2122 764 2189 817 τὰ
2244 763 2426 825 λοιπὰ,
2480 765 2581 817 ὅσα
2629 763 2773 817 κατὰ
2823 764 3130 835 πρόγνωσιν
3175 763 3467 835 διειληφώς
3511 780 3575 817 τε
3618 764 3710 816 καὶ

2124 854 2470 927 προειρηκὼς
2521 856 2791 927 εἰσῆκται,
2836 858 2886 908 εί
2942 858 3036 909 καὶ
3095 855 3309 927 μυρίοις
3349 856 3603 926 ἐλέγχοις
3655 855 3711 921 ἐξ

2125 949 2295 1019 αὐτῆς
2348 950 2581 1019 πάρεστι
2630 948 2729 1018 τῆς
2788 946 2885 1000 τοῦ
2927 947 3289 1019 Φιλοστράτου
3335 947 3565 1017 γραφῆς
3620 947 3707 999 εὖ-

2126 1039 2326 1104 θύνειν,
2365 1040 2514 1110 ὅμως
2543 1039 2630 1091 ἵνα
2676 1038 3054 1111 συγχωρηθείη
3090 1041 3182 1093 καὶ
3220 1038 3363 1093 τοῦτ’
3391 1035 3536 1092 εἶναι
3579 1040 3709 1110 ἀλη-

2127 1132 2235 1195 θὲς,
2274 1130 2414 1185 κατὰ
2455 1132 2744 1201 περίεργον
2782 1131 3045 1202 μηχανὴν,
3081 1131 3283 1202 εἴποιμ’
3312 1131 3377 1185 ἂν
3405 1131 3550 1203 πρὸς
3599 1134 3713 1187 δαε-

2130 1242 2289 1296 μονος
2337 1224 2485 1295 αὐτῷ
2538 1224 2809 1296 παρέδρου
2876 1225 2999 1277 τινὰ
3050 1224 3158 1278 τῶν
3209 1225 3550 1295 μελλόντων,
3594 1226 3712 1279 οὐδὲ

2126 1315 2237 1386 γὰρ
2287 1316 2485 1378 πάντα,
2528 1314 2905 1385 κατειλῆφθαι.
2957 1315 3128 1369 Τοῦτο
3160 1316 3217 1368 δὲ
3272 1318 3580 1388 παρίστησι
3620 1334 3712 1369 σα-

2129 1408 2248 1477 φὲς,
2301 1407 2364 1460 τὸ
2424 1407 2498 1479 μὴ
2549 1407 2617 1460 δι’
2650 1407 2772 1460 ὅλου
2818 1408 2910 1460 καὶ
2962 1408 3092 1479 περὶ
3145 1410 3363 1462 πάντων
3410 1410 3514 1479 τὴν
3574 1411 3713 1481 πρό⁹

2127 1511 2329 1563 γνωσιν
2360 1496 2522 1549 αὑτὸν
2565 1495 2897 1561 ἀποσώζειν·
2947 1497 3171 1569 ἀπορεῖν
3210 1498 3267 1551 δὲ
3304 1500 3362 1552 ὲν
3410 1498 3712 1564 πλείστοις,

2129 1585 2225 1638 καὶ
2272 1584 2638 1640 πυνθάνεσθαι
2675 1586 2741 1639 δι’
2784 1587 3029 1655 ἄγνοιαν.
3063 1589 3201 1660 ὅπερ
3230 1589 3329 1641 οὐκ
3359 1588 3447 1652 ἂν,
3478 1591 3531 1641 εί
3564 1590 3718 1653 θείας

2129 1679 2331 1750 ἀρετῆς
2361 1679 2530 1749 μετῆν
2561 1679 2729 1750 αὐτῷ,
2749 1680 3023 1734 πεπόνθοι.
3052 1682 3160 1734 Καὶ
3181 1681 3385 1734 αὑτὸδὲ
3414 1681 3476 1733 τὸ
3506 1682 3716 1734 παῦσαι

2127 1771 2221 1825 τὸν
2247 1772 2453 1843 λοιμὸν,
2489 1772 2671 1826 ὁποῖον
2698 1773 2880 1845 εἴληχε
2906 1774 2967 1827 τὸ
2993 1774 3198 1846 δρᾶμα,
3240 1775 3322 1826 ὅτι
3350 1775 3548 1843 φάσμα
3578 1772 3716 1843 (75),

456 1829 777 1929 neutiquam
806 1829 1089 1925 obtingere
1120 1860 1351 1923 poterat.
1401 1851 1582 1921 Ipsum
1612 1866 1739 1907 vero
1763 1850 1930 1905 etiam
1964 1850 2027 1903 [i—

2141 1864 2224 1918 καὶ
2271 1829 2450 1917 οὐδέν.
2479 1882 2530 1918 τι
2588 1864 2749 1917 πλέον
2803 1829 2894 1935 ῆν,
2938 1829 3336 1937 προδεδήλωται
3362 1829 3373 1843 ⁸
3397 1829 3721 1935 (Ἱθ).

457 1966 584 2007 nem
611 1948 755 2021 pesti
801 1946 1119 2016 impositum
1142 1945 1213 2009 ’⁷,
1244 1959 1407 2014 quem
1431 1951 1652 1999 nactum
1678 1942 1813 1997 illud
1838 1942 2030 1996 drama

459 2042 586 2108 fuit,
618 2054 825 2095 meram
856 2038 1239 2109 imposturam,
1265 2046 1637 2105 praetereaque
1665 2035 1800 2088 nihil
1834 2033 2026 2099 fuisse,

455 2135 567 2205 jam
590 2141 751 2188 antea
773 2146 803 2185 a
827 2130 988 2186 nobis
1015 2136 1102 2184 est
1126 2126 1581 2183 demonstratum.
1625 2123 1729 2180 Sed
1772 2131 1826 2180 et
1846 2123 2031 2180 Achil-

459 2227 529 2283 lis
552 2226 761 2281 umbra:
787 2223 835 2255 "
868 2220 1012 2293 apud
1045 2220 1314 2274 tumulum
1348 2217 1521 2288 ipsius
1560 2216 1692 2288 quid
1717 2232 1885 2273 morae
1908 2232 2033 2274 esse

460 2318 658 2390 possit,
686 2314 895 2371 relictis
946 2313 1054 2370 illis
1100 2312 1157 2367 in
1187 2312 1474 2367 beatorum
1509 2310 1728 2371 insulis,
1781 2316 1841 2364 ut
1893 2308 2033 2365 forte

461 2412 587 2483 quis
615 2415 856 2471 censeat,
887 2404 1234 2469 habitaculis,
1265 2403 1371 2459 nisi
1404 2402 1509 2456 hoc
1533 2417 1750 2472 quoque
1790 2416 2031 2472 praesen—

462 2503 535 2559 tis
565 2508 749 2556 actum
779 2498 851 2555 sit
888 2495 1153 2552 daemonis
1203 2493 1587 2565 apparitione?
1615 2491 1788 2547 Porro
1828 2491 2035 2545 daemo-

462 2610 612 2659 nem,
641 2593 735 2664 qui
769 2599 1086 2661 protervum
1140 2587 1295 2641 illum
1350 2584 1648 2640 luculentis
1695 2583 1915 2639 indiciis
1944 2583 2035 2637 ob-

463 2685 678 2743 sidebat
709 2680 1111 2737 adolescentem
1137 2676 1205 2742 9’,
1237 2682 1291 2730 et
1315 2687 1535 2729 rursum
1567 2672 1883 2742 Empusam,
1929 2668 2035 2724 La-

464 2778 722 2841 miamve,
744 2786 907 2843 quam
939 2768 1251 2837 Menippum
1284 2765 1361 2819 ait
1394 2764 1655 2835 agitasse,
1678 2761 1905 2831 majoris
1926 2762 2038 2816 da:-

464 2865 645 2921 monis
693 2877 798 2933 ope
844 2875 969 2915 eum
1006 2856 1282 2928 expulisse
1307 2862 1394 2910 est
1422 2852 1759 2909 verosimile.
1794 2851 2037 2907 Pariter-

465 2972 573 3028 que
599 2954 844 3011 vicissim
869 2958 1049 3006 mente
1074 2955 1281 3004 motum
1311 2945 1712 3002 adolescentem
1742 2943 1921 2999 rabidi
1944 2959 2038 2998 cas

466 3050 553 3105 nis
583 3061 770 3102 morsu
800 3045 843 3110 ¹,
891 3042 1181 3113 ipsumque
1221 3039 1468 3096 daemone
1498 3044 1815 3108 correptum
1847 3050 2061 3093 canem-

466 3140 655 3197 eadem
701 3145 821 3193 arte
864 3135 1095 3191 curavit.
1149 3132 1398 3203 Agnosce
1428 3130 1616 3200 igitur,
1665 3137 1828 3198 prout
1878 3136 2038 3183 antea

468 3232 607 3295 dixi,
642 3228 829 3285 omnia
855 3227 977 3296 ejus
1003 3232 1259 3297 portenta
1294 3224 1562 3277 malorum
1602 3222 1909 3277 daemonum
1939 3236 2039 3292 pa-

469 3334 613 3383 trata
640 3319 945 3378 ministerio
973 3332 1113 3373 esse.
1144 3315 1277 3369 Nam
1300 3314 1446 3384 quod
1470 3313 1538 3368 ad
1569 3313 1804 3384 puellam
1827 3319 2038 3382 spectat

472 3418 543 3475 ab
571 3414 762 3471 inferis
790 3416 1102 3468 revocatam
1132 3408 1177 3472 ²,
1212 3407 1259 3461 si
1287 3408 1542 3478 spiritum
1578 3404 1758 3460 adhuc
1787 3420 1850 3460 ea
1890 3405 2039 3462 intus

470 3507 731 3571 habebat,
761 3502 945 3559 vitalis
975 3514 1122 3555 aura:
1153 3496 1471 3561 scintillam,
1496 3493 1643 3565 quod
1673 3494 1748 3549 ait
1778 3494 2037 3564 scriptor,

2131 1954 2225 2007 καὶ
2252 1955 2285 2025 ὴ
2316 1951 2463 2023 ψυχὴ
2499 1952 2609 2023 (77)
2655 1952 2938 2023 Ἀχιλλέως
2963 1953 3114 2025 παρὰ
3147 1952 3226 2024 τῷ
3259 1952 3424 2006 αὑτοῦ
3470 1954 3719 2024 μνήματι

2130 2043 2184 2096 τί
2223 2044 2289 2097 ἂν
2324 2043 2608 2115 διατρίϐοι,
2643 2043 2741 2107 τὰς
2773 2046 2831 2098 ὲν
2873 2045 3135 2116 μακάρων
3171 2047 3372 2115 νήσοις,
3402 2043 3482 2108 ὡς
3509 2043 3580 2098 ἂν
3616 2045 3721 2115 φή-

2134 2136 2244 2189 σειέ
2278 2154 2363 2200 τις
2394 2135 2525 2208 (78),
2548 2136 2918 2190 ἀωλειποῦσα
2952 2136 3083 2207 (78‘)
3106 2136 3400 2206 διαγωγὰς,
3432 2139 3480 2189 εί
3516 2136 3596 2208 μὴ
3626 2140 3721 2190 καὶ

2129 2226 2287 2281 τοῦτο
2331 2228 2583 2299 δαίμονος
2613 2222 2681 2298 ἦν
2732 2227 3051 2297 ἐπιφανείας
3106 2227 3416 2298 παρουσίας
3464 2229 3581 2281 Καὶ
3628 2226 3719 2280 τοῦ

2132 2315 2396 2384 ἀσελγοῦς
2426 2315 2484 2368 δὲ
2531 2316 2817 2387 μειρακίου
2861 2315 3049 2385 σαφῶς
3101 2314 3306 2370 ἔνοικον
3336 2315 3595 2386 δαίμονα,
3628 2318 3722 2369 καὶ

2133 2406 2294 2461 πάλιν
2332 2407 2400 2477 ἣν
2448 2405 2648 2478 ἔφησεν
2683 2407 3007 2476 Ἔμπουσαν
3034 2424 3094 2460 τε
3138 2408 3232 2461 καὶ
3279 2406 3495 2476 Λαμίαν
3544 2410 3721 2477 ἐμπε-

2134 2496 2521 2568 παρῳνηκέναι
2553 2496 2631 2567 τῷ
2659 2495 2951 2567 Μενίππῳ,
2987 2496 3192 2568 μείζονι
3220 2497 3339 2567 τάχ’
3368 2499 3501 2560 ἴσως
3532 2496 3722 2567 ἐξελή-

2134 2588 2264 2643 λακε
2288 2589 2519 2659 δαίμονι.
2537 2589 2765 2660 Ὁμοίως
2782 2607 2840 2642 τε
2869 2585 2936 2643 αὖ
2959 2590 3161 2643 καὶτὸν
3180 2588 3279 2653 τὰς
3302 2589 3506 2660 φρένας
3543 2606 3725 2661 παρα-

2135 2679 2414 2750 τραπέντα
2456 2678 2669 2733 νεανίαν
2716 2679 2822 2732 ὑπὸ
2873 2677 2969 2732 τοῦ
3015 2678 3313 2742 λυττῶντος
3342 2679 3527 2742 κυνὸς,
3559 2680 3725 2733 αὐτόν

2134 2787 2195 2823 τε
2218 2770 2309 2823 τὸν
2337 2769 2676 2840 δαιμονῶντα
2702 2770 2859 2835 κύνα,
2890 2774 2954 2843 τῇ
2985 2773 3122 2843 αὐτῇ
3160 2771 3460 2843 μετήλλαξε
3485 2771 3721 2842 μεθόδῳ.

2141 2859 2282 2931 Ὅρα
2322 2859 2386 2931 δὴ
2417 2856 2531 2925 οὖν,
2564 2861 2641 2923 ὼς
2672 2859 2828 2931 ἔφην,
2872 2860 2972 2932 τὴν
3015 2863 3194 2915 πᾶσαν
3227 2860 3374 2931 αὑτῷ
3414 2860 3725 2932 παραδοξο-

2140 2950 2339 3014 ποιίαν,
2387 2952 2462 3015 ὠς
2520 2950 2609 3004 διὰ
2661 2951 2982 3021 δαιμονικῆς
3031 2952 3345 3004 ἀπετελεῐτο
3393 2953 3723 3022 ὑπουργίας.

2140 3039 2213 3093 Τὸ
2228 3038 2335 3113 γὰρ
2350 3040 2449 3111 τῆς
2477 3039 2856 3109 ἀναὸιωσάσης
2884 3040 3072 3110 κόρης,
3100 3041 3200 3093 εἴτ’
3219 3040 3461 3110 ἔμπνους
3484 3040 3727 3111 ὑπῆρχε,

2066 3178 2109 3235 C
2142 3131 2414 3204 σπινθῆρα
2445 3131 2643 3203 ψυχῆς,
2683 3131 2824 3186 κατὰ
2864 3132 2954 3185 τὸν
2998 3133 3334 3202 συγγραφέα,
3374 3132 3471 3185 καὶ
3519 3132 3730 3201 ίκμάδα

2144 3223 2238 3277 ἐπὶ
2282 3223 2376 3277 τοῦ
2425 3220 2717 3294 προσώπου
2763 3221 3003 3294 φέρουσα
3040 3221 3175 3293 (79),
3208 3221 3590 3293 περιαιρετέον
3627 3223 3732 3292 τῆς

2144 3313 2588 3386 θαυματοποιίας.
2608 3316 2683 3369 Οὐ
2709 3313 2819 3387 γὰρ
2841 3313 2930 3379 ἂν,
2957 3313 3032 3377 ὡς
3056 3315 3149 3367 καὶ
3172 3314 3405 3385 πρόσθεν
3432 3314 3570 3385 ἔφην
3588 3314 3733 3383 (80),

2148 3409 2323 3477 σιωπῇ
2353 3407 2416 3460 τὸ
2460 3407 2777 3478 τηλικοῦτον
2817 3408 3111 3481 παρεδόθη,
3155 3409 3242 3462 ἐπ’
3283 3407 3457 3480 αὐτῆς
3504 3404 3736 3478 Ῥώμης

2148 3494 2410 3566 βασιλέως
2442 3499 2534 3551 ἐπὶ
2554 3498 2818 3572 παρόντος
2844 3501 3226 3572 γεγενημένον.

474 3601 870 3670 humidumque
907 3607 1165 3667 vaporem
1198 3592 1337 3647 facie
1384 3589 1564 3645 adhuc
1616 3587 1950 3659 praeferens;
1985 3588 2043 3643 id
2078 3589 2300 3660 quidem
2365 3608 2596 3648 numero
2659 3594 3051 3650 miraculorum
3083 3602 3168 3650 est
3196 3592 3571 3648 eximendum.
3624 3589 3737 3646 Ne-

474 3711 584 3771 que
604 3693 772 3758 enim,
838 3690 982 3753 sicut
1006 3694 1062 3743 et
1094 3694 1219 3739 ante
1246 3683 1454 3746 monui,
1489 3688 1600 3734 tam
1631 3679 1838 3750 grande
1895 3678 2114 3735 facinus
2157 3683 2373 3739 silentio
2416 3685 2686 3755 potuisset
2736 3686 2973 3748 involvi,
3006 3688 3065 3740 in
3117 3687 3235 3756 ipsa
3280 3685 3417 3739 urbe
3449 3682 3646 3737 Romae
3675 3684 3733 3737 in

475 3794 772 3860 conspectu
798 3782 958 3856 quasi
987 3777 1334 3851 imperatoris
1364 3782 1661 3846 patratum.

917 3924 1076 4000 535
1114 3920 1346 3980 CAPUT
1385 3914 1629 3975 xxxvr.

550 4046 812 4118 Equidem
845 4042 951 4096 alia
980 4042 1265 4095 innumera
1286 4051 1353 4092 ex
1381 4033 1573 4088 iisdem
1603 4030 1759 4086 libris
1787 4030 2046 4102 colligere

478 4141 687 4203 liceret,
718 4136 919 4208 quibus
941 4146 1104 4203 quam
1138 4128 1298 4183 facile
1328 4123 1603 4181 confutari
1633 4130 1858 4193 queant,
1883 4138 2046 4194 quam

477 4245 673 4304 parum
708 4226 940 4283 invicem
986 4224 1092 4279 sibi
1138 4216 1528 4290 respondentia
1573 4216 1829 4280 habeant,
1883 4229 2048 4286 quam

479 4324 590 4379 sint
614 4320 884 4381 fabulosa,
924 4329 1086 4386 quam
1110 4313 1269 4384 plena
1295 4308 1558 4364 monstris
1585 4308 1923 4363 evincamus.
1952 4304 2050 4360 At-

479 4423 662 4472 tamen
685 4407 1125 4483 quandoquidem
1156 4420 1267 4460 non
1295 4408 1557 4457 accurato
1589 4399 1755 4454 nimis
1785 4398 2049 4453 adversus

478 4505 755 4561 hominem
783 4499 966 4555 studio
991 4496 1150 4551 nobis
1170 4509 1308 4565 opus
1331 4499 1450 4558 est;
1483 4490 1629 4560 quod
1658 4496 1873 4544 tantum
1905 4487 2050 4543 absit

2658 3916 3052 3970 ΚΕΦΑΛΔΙΟΝ
3083 3915 3220 3982 Αςν.

2221 4029 2404 4101 Μυρία
2435 4030 2533 4100 μὲν
2562 4024 2656 4084 οὖν
2687 4029 2780 4083 καὶ
2818 4028 2952 4083 ἄλλα
2996 4030 3259 4100 πάρεστιν
3298 4030 3363 4081 ὲκ
3405 4026 3515 4081 τῶν
3545 4027 3736 4083 αὐτῶν

2154 4120 2513 4187 ἀναλέξασθαι
2559 4121 3027 4192 συγγραμμάτων,
3094 4120 3154 4173 τό
3191 4136 3251 4173 τε
3295 4122 3353 4172 ἐν
3409 4120 3605 4181 αὐτοῖς
3647 4120 3735 4172 eb-

2153 4212 2426 4281 έλεγκτον,
2458 4214 2551 4266 καὶ
2574 4213 2894 4277 ἀσύστατον,
2926 4212 3167 4283 μυθῶδες
3198 4227 3255 4263 τε
3295 4211 3391 4263 καί⁸
3426 4210 3735 4282 τερατῶδες

2154 4303 2500 4358 ἀπευθύνειν*
2539 4303 2687 4376 ὅμως
2723 4303 2844 4357 ἐπεί
2883 4320 2945 4372 γε
2974 4303 3094 4357 οὐδὲ
3130 4300 3328 4372 πολλῆς
3359 4300 3429 4354 τὰ
3468 4300 3617 4356 κατὰ
3644 4302 3733 4355 τὸν

2153 4395 2320 4468 ἄνδρα
2348 4395 2515 4449 δεῖται
2556 4394 3018 4463 σπουδαιολογίας,
3042 4396 3141 4465 οὐχ
3168 4395 3248 4447 ὅτι
3276 4410 3339 4462 γε
3363 4394 3424 4445 ὲν
3445 4392 3613 4457 θεοῖς,
3640 4394 3734 4447 καὶ

2154 4486 2493 4559 παραδόξοις,
2529 4488 2623 4540 καὶ
2662 4486 3001 4557 θαυμασίοις,
3036 4485 3148 4539 ἀλλ’
3190 4484 3297 4538 οὐδ’
3336 4487 3396 4537 ἐν
3423 4484 3732 4554 φιλοσόφοις

481 4607 546 4651 ut
598 4595 741 4648 inter
786 4590 919 4645 deos
967 4586 1334 4657 stupendosve
1398 4584 1546 4638 viros
1592 4588 1648 4636 et
1700 4578 2037 4634 admirandos

2155 4579 2309 4653 παρά
2336 4596 2447 4633 τισι
2475 4578 2583 4631 τῶν
2610 4578 2705 4633 νῦν
2751 4578 2971 4649 μνήμης
3005 4575 3360 4648 ὑπαρχούσης
3397 4574 3589 4641 αὑτοῦ,
3626 4579 3734 4638 τοῖς

484 4681 664 4760 [locus
695 4680 800 4752 ipsi
836 4675 1151 4749 habeatur],
1187 4684 1245 4730 ut
1277 4689 1344 4728 ne
1378 4673 1521 4727 inter
1550 4669 1905 4741 philosophos
1924 4667 2050 4760 qui-

484 4758 611 4832 dem
641 4788 672 4828 a
697 4771 1024 4842 quibusdam
1059 4767 1231 4823 nostri
1257 4766 1357 4820 αινί
1380 4763 1694 4819 hominibus
1712 4759 1917 4815 mentio
1930 4758 2053 4827 ejus

490 4866 616 4933 nat;
650 4864 858 4919 idcirco
886 4862 955 4916 iis
989 4858 1231 4915 contenti
1259 4871 1382 4927 quae
1403 4855 1549 4910 dicta
1580 4858 1731 4917 sunt,
1765 4851 1832 4906 ad
1879 4849 2048 4920 septi-

487 4972 637 5013 mum
664 4969 881 5028 quoque
901 4953 968 5009 de
995 4967 1060 5007 eo
1091 4950 1291 5005 librum
1317 4945 1723 5019 progredimur.

2154 4670 2459 4743 είρημέθοις
2495 4668 2872 4741 ἀρκεσθέντες,
2905 4666 3179 4739 μετίωμεν
3215 4667 3309 4720 καὶ
3346 4667 3445 4721 ἐπὶ
3481 4667 3546 4722 τὺ
3588 4666 3737 4721 ἑϐδο-

2158 4778 2259 4833 μον
2288 4762 2417 4834 περὶ
2445 4759 2610 4814 αὑτοῦ
2642 4759 3001 4833 σύγγραμμα.

554 5069 605 5109 ⁸⁷
642 5072 858 5143 1ἱ1).,ιν,
890 5087 941 5127 c.
974 5070 1063 5125 lo.
1136 5069 1183 5101 ⁸⁸
1223 5066 1318 5122 lib.
1352 5080 1443 5133 ιν,
1475 5078 1528 5120 c.
1559 5062 1648 5118 16.
1721 5062 1767 5093 ⁹⁹
1810 5059 1904 5114 lib.
1939 5072 2028 5122 tv,

2145 5053 2237 5112 20.
2325 5052 2343 5084 ⁸
2383 5050 2480 5109 lib.
2516 5066 2603 5115 vr,
2640 5064 2692 5104 c.
2726 5048 2815 5104 53.
2892 5048 2915 5079 ⁸
2952 5045 3051 5100 lib.
3090 5061 3178 5111 tv,
3210 5059 3262 5100 c.
3289 5043 3382 5099 45.

557 5206 672 5280 (75)
982 5203 1119 5260 Vide
1160 5202 1230 5260 de
1270 5203 1373 5257 hac
1405 5215 1537 5256 voce
1561 5199 1849 5293 observata
1884 5207 2051 5264 supra

489 5278 1178 5419 Ἣῗήἷίέδεδήλωται-
1218 5344 1424 5419 Nempe
1455 5340 1618 5419 Paulo
1643 5345 1769 5419 arte
1807 5351 1928 5419 car-
1950 5330 2049 5419 εεξτ

584 5348 671 5419 76)
712 5348 1178 5417 Προδεδήλωται.
1218 5348 1424 5412 Nempe
1494 5348 1618 5393 aulo
1643 5348 1769 5391 ante
1807 5351 1928 5405 cap.
1956 5348 2049 5387 το.

559 5348 675 5491 (77)
710 5420 819 5474 Καὶ
845 5421 884 5488 ἡ
911 5416 1103 5486 ψυχή.
1144 5418 1253 5471 Καὶ
1280 5415 1416 5484 ὃτιή
1449 5357 1592 5535 ξυχή
1625 5409 1828 5463 editum
1853 5406 2058 5467 fuerat;

559 5507 570 5535 ι
604 5490 958 5535 reﬁciendum
1002 5488 1305 5535 videbatur.
1338 5497 1447 5535 auo
1526 5495 1583 5533 In
1616 5494 1721 5533 ms.
1753 5492 1819 5531 ex
1848 5488 2053 5535 praece-

489 5488 580 5542 ὅτι
604 5488 959 5558 rejiciendum
1002 5488 1309 5558 videbatur,
1338 5488 1486 5558 quod
1526 5488 1590 5558 in.
1616 5494 1721 5558 ms.
1753 5492 1819 5558 ex
1847 5488 2053 5558 praece-

491 5547 819 5615 dente-linea
851 5559 921 5614 ab
944 5558 1214 5612 oscitante
1256 5547 1482 5610 librario
1506 5550 1719 5605 videtur
1746 5547 2050 5601 derivatum

492 5643 677 5767 es$8)
725 5696 819 5761 Ὠς
848 5694 925 5749 ἃν
959 5693 1310 5767 φήσειέτις.
1353 5690 1476 5767 Haec
1527 5684 1909 5767 addita,_q_uod
1969 5682 2054 5762 in-

495 5757 976 5830 sulas'beatorum;
1006 5757 1061 5820 et
1093 5765 1150 5819 in
1183 5764 1250 5819 iis
1268 5757 1614 5818 habitantem
1656 5757 1885 5813 Achillis
1930 5757 2065 5829 ιιιιί-⁸

2156 5204 2322 5252 mam,
2345 5202 2452 5242 non
2484 5187 2599 5257 ipse
2625 5183 2847 5256 quidem
2877 5189 3145 5252 agnoscat
3172 5177 3585 5257 Eusebius,sed
3612 5175 3731 5257 κατ’

2156 5249 2440 5330 ἄνθρωπον
2470 5249 2745 5330 lciquat'ur,
2775 5269 2846 5309 ex
2873 5249 3054 5330 mente
3077 5253 3399 5330 gentilium,
3421 5251 3640 5330 heroem
3667 5249 3731 5299 il-

2160 5320 2274 5383 luni
2309 5330 2362 5382 in
2396 5320 2593 5382 insulis
2627 5328 2909 5380 beatorum
2945 5320 3206 5378 felicitate
3238 5322 3345 5375 frui
3378 5323 3542 5390 juxta
3577 5320 3728 5372 theo-

2154 5401 2310 5471 logia;
2338 5413 2451 5471 suae
2483 5400 2679 5467 placita
2710 5396 3175 5471 esistimantium.
3288 5459 3317 5470 η

2228 5457 2361 5539 (78‘)
2396 5457 2862 5539 Ἀσὶολειποῇσω
2889 5464 3031 5539 Lege
3050 5457 3671 5539 ἀπολιίιιο-ὖσα.ιᾷιηιικἱ

2228 5526 2355 5610 (7θῖ
2379 5537 2670 5610 Φέρουσα.
2708 5535 2815 5591 Pro
2830 5526 3112 5610 ’φέρουσαν
3129 5531 3295 5601 (quod
3319 5537 3441 5583 erat
3467 5531 3523 5583 in
3546 5526 3719 5594 editis)

2155 5602 2749 5681 legendum'putabant
2775 5602 3035 5681 φέρου-σα.
3070 5602 3340 5681 Ηοξετεισ.

2228 5667 2339 5753 (80)
2389 5667 2609 5746 Ὠς-’καί
2635 5667 2901 5747 πρόόθὲν
2919 5674 3096 5744 ἔφην.
3141 5670 3318 5742 Sttpra
3346 5684 3472 5740 cap.
3497 5667 3587 5725 39.
