  <div class='ocr_page' id='page_1' title='image "/cluster/home/n/w/nwhite01/storage/ocr_20150623/22/nnc1.0046978372/468.png"; bbox 0 0 3856 6222; ppageno 0'>
   <div class='ocr_carea' id='block_1_1' title="bbox 103 344 219 409">
    <p class='ocr_par' dir='ltr' id='par_1_1' title="bbox 103 344 219 409">
     <span class='ocr_line' id='line_1_1' title="bbox 103 344 219 409; baseline 0.017 -2"><span class='ocrx_word' id='word_1_1' title='bbox 103 344 219 409; x_wconf 63' lang='grc' dir='ltr'><strong>ειε</strong></span> 
     </span>
    </p>
   </div>
   <div class='ocr_carea' id='block_1_2' title="bbox 628 469 1186 525">
    <p class='ocr_par' dir='ltr' id='par_1_2' title="bbox 628 469 1186 525">
     <span class='ocr_line' id='line_1_2' title="bbox 628 469 1186 525; baseline -0.002 -1"><span class='ocrx_word' id='word_1_2' title='bbox 628 469 1029 524; x_wconf 80' lang='grc' dir='ltr'><strong>ΚΕΦΑΛΑΙοΝ</strong></span> <span class='ocrx_word' id='word_1_3' title='bbox 1067 470 1186 525; x_wconf 87' lang='grc' dir='ltr'><strong>ΛΖ’.</strong></span> 
     </span>
    </p>
   </div>
   <div class='ocr_carea' id='block_1_3' title="bbox 178 554 1699 633">
    <p class='ocr_par' dir='ltr' id='par_1_3' title="bbox 178 554 1699 633">
     <span class='ocr_line' id='line_1_3' title="bbox 178 554 1699 633; baseline 0.004 -25"><span class='ocrx_word' id='word_1_4' title='bbox 178 554 584 628; x_wconf 78' lang='grc' dir='ltr'>Κατηγορεῖται</span> <span class='ocrx_word' id='word_1_5' title='bbox 619 559 756 631; x_wconf 84' lang='grc' dir='ltr'>δῆτα</span> <span class='ocrx_word' id='word_1_6' title='bbox 794 561 1052 633; x_wconf 78' lang='grc' dir='ltr'><strong>γοητείαν</strong></span> <span class='ocrx_word' id='word_1_7' title='bbox 1095 563 1123 615; x_wconf 87' lang='grc' dir='ltr'><strong>ό</strong></span> <span class='ocrx_word' id='word_1_8' title='bbox 1156 562 1313 633; x_wconf 83' lang='grc' dir='ltr'>ἁνήρ.</span> <span class='ocrx_word' id='word_1_9' title='bbox 1349 555 1484 614; x_wconf 72' lang='grc' dir='ltr'>Εἶτα</span> <span class='ocrx_word' id='word_1_10' title='bbox 1515 560 1699 632; x_wconf 86' lang='grc' dir='ltr'>Δημη-</span> 
     </span>
    </p>
   </div>
   <div class='ocr_carea' id='block_1_4' title="bbox 101 645 1698 724">
    <p class='ocr_par' dir='ltr' id='par_1_4' title="bbox 101 645 1698 724">
     <span class='ocr_line' id='line_1_4' title="bbox 101 645 1698 724; baseline 0.004 -26"><span class='ocrx_word' id='word_1_11' title='bbox 101 645 246 716; x_wconf 85' lang='grc' dir='ltr'>τρίῳ</span> <span class='ocrx_word' id='word_1_12' title='bbox 269 646 564 720; x_wconf 84' lang='grc' dir='ltr'>φιλοσόφῳ,</span> <span class='ocrx_word' id='word_1_13' title='bbox 601 650 966 723; x_wconf 81' lang='grc' dir='ltr'><strong>ἀποτρέποντι</strong></span> <span class='ocrx_word' id='word_1_14' title='bbox 999 651 1162 707; x_wconf 80' lang='grc' dir='ltr'>αὑτὸν</span> <span class='ocrx_word' id='word_1_15' title='bbox 1187 652 1287 724; x_wconf 86' lang='grc' dir='ltr'><strong>τῆς</strong></span> <span class='ocrx_word' id='word_1_16' title='bbox 1315 652 1409 705; x_wconf 78' lang='grc' dir='ltr'>ἐπὶ</span> <span class='ocrx_word' id='word_1_17' title='bbox 1430 651 1531 724; x_wconf 81' lang='grc' dir='ltr'>τὴν</span> <span class='ocrx_word' id='word_1_18' title='bbox 1564 650 1698 705; x_wconf 85' lang='grc' dir='ltr'><strong>Ῥώ-</strong></span> 
     </span>
    </p>
   </div>
   <div class='ocr_carea' id='block_1_5' title="bbox 104 740 1699 815">
    <p class='ocr_par' dir='ltr' id='par_1_5' title="bbox 104 740 1699 815">
     <span class='ocr_line' id='line_1_5' title="bbox 104 740 1699 815; baseline 0.005 -24"><span class='ocrx_word' id='word_1_19' title='bbox 104 753 219 808; x_wconf 83' lang='grc' dir='ltr'><strong>μην</strong></span> <span class='ocrx_word' id='word_1_20' title='bbox 258 740 517 810; x_wconf 80' lang='grc' dir='ltr'><strong>παρόδου,</strong></span> <span class='ocrx_word' id='word_1_21' title='bbox 551 743 628 814; x_wconf 87' lang='grc' dir='ltr'>μὴ</span> <span class='ocrx_word' id='word_1_22' title='bbox 662 743 1001 815; x_wconf 82' lang='grc' dir='ltr'><strong>πειθόμενος,</strong></span> <span class='ocrx_word' id='word_1_23' title='bbox 1027 744 1239 815; x_wconf 73' lang='grc' dir='ltr'>ἐπαχθῆ</span> <span class='ocrx_word' id='word_1_24' title='bbox 1266 761 1409 809; x_wconf 89' lang='grc' dir='ltr'>τινα,</span> <span class='ocrx_word' id='word_1_25' title='bbox 1451 745 1547 798; x_wconf 76' lang='grc' dir='ltr'><strong>καὶ</strong></span> <span class='ocrx_word' id='word_1_26' title='bbox 1569 761 1699 815; x_wconf 85' lang='grc' dir='ltr'>φορ-</span> 
     </span>
    </p>
   </div>
   <div class='ocr_carea' id='block_1_6' title="bbox 98 828 1697 905">
    <p class='ocr_par' dir='ltr' id='par_1_6' title="bbox 98 828 1697 905">
     <span class='ocr_line' id='line_1_6' title="bbox 98 828 1697 905; baseline 0.006 -25"><span class='ocrx_word' id='word_1_27' title='bbox 98 828 237 882; x_wconf 79' lang='grc' dir='ltr'>τικὰ</span> <span class='ocrx_word' id='word_1_28' title='bbox 269 832 399 903; x_wconf 77' lang='grc' dir='ltr'>περὶ</span> <span class='ocrx_word' id='word_1_29' title='bbox 424 833 617 888; x_wconf 79' lang='grc' dir='ltr'>ἑαυτοῦ</span> <span class='ocrx_word' id='word_1_30' title='bbox 647 828 751 891; x_wconf 83' lang='grc' dir='ltr'>ὧδέ</span> <span class='ocrx_word' id='word_1_31' title='bbox 785 854 901 901; x_wconf 85' lang='grc' dir='ltr'><strong>πως</strong></span> <span class='ocrx_word' id='word_1_32' title='bbox 928 836 1114 905; x_wconf 85' lang='grc' dir='ltr'>λέγει·</span> <span class='ocrx_word' id='word_1_33' title='bbox 1149 855 1168 888; x_wconf 81' lang='grc' dir='ltr'><strong>ι</strong></span> <span class='ocrx_word' id='word_1_34' title='bbox 1192 834 1334 905; x_wconf 87' lang='grc' dir='ltr'><strong>Ἐγὼ</strong></span> <span class='ocrx_word' id='word_1_35' title='bbox 1355 835 1414 888; x_wconf 86' lang='grc' dir='ltr'>δὲ</span> <span class='ocrx_word' id='word_1_36' title='bbox 1443 835 1697 905; x_wconf 82' lang='grc' dir='ltr'><strong>γινώσκω</strong></span> 
     </span>
    </p>
   </div>
   <div class='ocr_carea' id='block_1_7' title="bbox 103 919 1692 1000">
    <p class='ocr_par' dir='ltr' id='par_1_7' title="bbox 103 919 1692 1000">
     <span class='ocr_line' id='line_1_7' title="bbox 103 919 1692 1000; baseline 0.006 -27"><span class='ocrx_word' id='word_1_37' title='bbox 103 919 213 991; x_wconf 83' lang='grc' dir='ltr'>μὲν</span> <span class='ocrx_word' id='word_1_38' title='bbox 247 923 473 978; x_wconf 86' lang='grc' dir='ltr'>πλεῖστα</span> <span class='ocrx_word' id='word_1_39' title='bbox 505 926 832 999; x_wconf 82' lang='grc' dir='ltr'>ἀνθρώπων,</span> <span class='ocrx_word' id='word_1_40' title='bbox 881 928 975 983; x_wconf 72' lang='grc' dir='ltr'>ἅτε</span> <span class='ocrx_word' id='word_1_41' title='bbox 1018 928 1083 1000; x_wconf 77' lang='grc' dir='ltr'><strong>δὴ</strong></span> <span class='ocrx_word' id='word_1_42' title='bbox 1118 928 1227 1000; x_wconf 78' lang='lat' dir='ltr'><strong>(8i)</strong></span> <span class='ocrx_word' id='word_1_43' title='bbox 1278 927 1435 992; x_wconf 77' lang='grc' dir='ltr'>εἰδὼς</span> <span class='ocrx_word' id='word_1_44' title='bbox 1477 929 1655 983; x_wconf 88' lang='grc' dir='ltr'>πάντα</span> <span class='ocrx_word' id='word_1_45' title='bbox 1678 946 1692 959; x_wconf 90' lang='grc'><strong>·</strong></span> 
     </span>
    </p>
   </div>
   <div class='ocr_carea' id='block_1_8' title="bbox 99 1008 1697 1091">
    <p class='ocr_par' dir='ltr' id='par_1_8' title="bbox 99 1008 1697 1091">
     <span class='ocr_line' id='line_1_8' title="bbox 99 1008 1697 1091; baseline 0.006 -27"><span class='ocrx_word' id='word_1_46' title='bbox 99 1008 225 1066; x_wconf 81' lang='grc' dir='ltr'>οἶδα</span> <span class='ocrx_word' id='word_1_47' title='bbox 248 1014 307 1068; x_wconf 80' lang='grc' dir='ltr'>δὲ</span> <span class='ocrx_word' id='word_1_48' title='bbox 337 1009 413 1070; x_wconf 82' lang='grc' dir='ltr'>ὧν</span> <span class='ocrx_word' id='word_1_49' title='bbox 442 1014 561 1072; x_wconf 77' lang='grc' dir='ltr'>οἶδα</span> <span class='ocrx_word' id='word_1_50' title='bbox 590 1018 661 1072; x_wconf 85' lang='grc' dir='ltr'>τὰ</span> <span class='ocrx_word' id='word_1_51' title='bbox 704 1021 803 1090; x_wconf 84' lang='grc' dir='ltr'>μὲν</span> <span class='ocrx_word' id='word_1_52' title='bbox 832 1020 1164 1085; x_wconf 81' lang='grc' dir='ltr'><strong>σπουδαίοις,</strong></span> <span class='ocrx_word' id='word_1_53' title='bbox 1195 1021 1263 1075; x_wconf 85' lang='grc' dir='ltr'><strong>τὰ</strong></span> <span class='ocrx_word' id='word_1_54' title='bbox 1289 1021 1346 1074; x_wconf 84' lang='grc' dir='ltr'>δὲ</span> <span class='ocrx_word' id='word_1_55' title='bbox 1391 1023 1594 1091; x_wconf 82' lang='grc' dir='ltr'>σοφοῖς,</span> <span class='ocrx_word' id='word_1_56' title='bbox 1628 1019 1697 1074; x_wconf 83' lang='grc' dir='ltr'>τὰ</span> 
     </span>
    </p>
   </div>
   <div class='ocr_carea' id='block_1_9' title="bbox 97 1103 1697 1183">
    <p class='ocr_par' dir='ltr' id='par_1_9' title="bbox 97 1103 1697 1183">
     <span class='ocr_line' id='line_1_9' title="bbox 97 1103 1697 1183; baseline 0.006 -27"><span class='ocrx_word' id='word_1_57' title='bbox 97 1103 158 1156; x_wconf 86' lang='grc' dir='ltr'>δὲ</span> <span class='ocrx_word' id='word_1_58' title='bbox 187 1106 440 1177; x_wconf 79' lang='grc' dir='ltr'>ἐμαυτῷ,</span> <span class='ocrx_word' id='word_1_59' title='bbox 473 1108 621 1163; x_wconf 80' lang='grc' dir='ltr'>τὰδὲ</span> <span class='ocrx_word' id='word_1_60' title='bbox 644 1109 805 1175; x_wconf 83' lang='grc' dir='ltr'><strong>θεοῖς.</strong></span> <span class='ocrx_word' id='word_1_61' title='bbox 843 1131 863 1163; x_wconf 74' lang='grc' dir='ltr'><strong>ι</strong></span> <span class='ocrx_word' id='word_1_62' title='bbox 901 1113 1011 1166; x_wconf 75' lang='grc' dir='ltr'><strong>Καὶ</strong></span> <span class='ocrx_word' id='word_1_63' title='bbox 1033 1112 1096 1183; x_wconf 86' lang='grc' dir='ltr'>δὴ</span> <span class='ocrx_word' id='word_1_64' title='bbox 1125 1114 1153 1166; x_wconf 87' lang='grc' dir='ltr'>ὁ</span> <span class='ocrx_word' id='word_1_65' title='bbox 1180 1114 1238 1165; x_wconf 84' lang='grc' dir='ltr'>ὲν</span> <span class='ocrx_word' id='word_1_66' title='bbox 1274 1112 1484 1177; x_wconf 84' lang='grc' dir='ltr'>τούτοις</span> <span class='ocrx_word' id='word_1_67' title='bbox 1519 1113 1697 1167; x_wconf 87' lang='grc' dir='ltr'>πάντα</span> 
     </span>
    </p>
   </div>
   <div class='ocr_carea' id='block_1_10' title="bbox 98 1192 1696 1278">
    <p class='ocr_par' dir='ltr' id='par_1_10' title="bbox 98 1192 1696 1278">
     <span class='ocr_line' id='line_1_10' title="bbox 98 1192 1696 1278; baseline 0.009 -35"><span class='ocrx_word' id='word_1_68' title='bbox 98 1192 308 1248; x_wconf 81' lang='grc' dir='ltr'>εἰδέναι</span> <span class='ocrx_word' id='word_1_69' title='bbox 336 1197 679 1270; x_wconf 71' lang='grc' dir='ltr'>μεγαλμυχού</span> <span class='ocrx_word' id='word_1_70' title='bbox 689 1217 866 1271; x_wconf 83' lang='grc' dir='ltr'>μενος,</span> <span class='ocrx_word' id='word_1_71' title='bbox 891 1201 1118 1273; x_wconf 86' lang='grc' dir='ltr'>προῖὼν,</span> <span class='ocrx_word' id='word_1_72' title='bbox 1134 1203 1353 1272; x_wconf 83' lang='grc' dir='ltr'>ἄγνοιάν</span> <span class='ocrx_word' id='word_1_73' title='bbox 1372 1220 1534 1257; x_wconf 88' lang='grc' dir='ltr'>τινων</span> <span class='ocrx_word' id='word_1_74' title='bbox 1558 1204 1696 1278; x_wconf 76' lang='grc' dir='ltr'>πρὸς</span> 
     </span>
    </p>
   </div>
   <div class='ocr_carea' id='block_1_11' title="bbox 96 1283 1698 1365">
    <p class='ocr_par' dir='ltr' id='par_1_11' title="bbox 96 1283 1698 1365">
     <span class='ocr_line' id='line_1_11' title="bbox 96 1283 1698 1365; baseline 0.009 -30"><span class='ocrx_word' id='word_1_75' title='bbox 96 1283 195 1336; x_wconf 78' lang='grc' dir='ltr'>τοῦ</span> <span class='ocrx_word' id='word_1_76' title='bbox 226 1285 388 1354; x_wconf 80' lang='grc' dir='ltr'>λόγου</span> <span class='ocrx_word' id='word_1_77' title='bbox 415 1294 822 1362; x_wconf 83' lang='grc' dir='ltr'>κατηγορεῖται.</span> <span class='ocrx_word' id='word_1_78' title='bbox 852 1288 988 1346; x_wconf 83' lang='grc' dir='ltr'>Εἶτα</span> <span class='ocrx_word' id='word_1_79' title='bbox 1012 1293 1188 1365; x_wconf 84' lang='grc' dir='ltr'>Δάμις</span> <span class='ocrx_word' id='word_1_80' title='bbox 1211 1294 1360 1365; x_wconf 82' lang='grc' dir='ltr'>αὐτῷ</span> <span class='ocrx_word' id='word_1_81' title='bbox 1391 1294 1698 1365; x_wconf 83' lang='grc' dir='ltr'>μεταπλάτ-</span> 
     </span>
    </p>
   </div>
   <div class='ocr_carea' id='block_1_12' title="bbox 95 1378 1694 1459">
    <p class='ocr_par' dir='ltr' id='par_1_12' title="bbox 95 1378 1694 1459">
     <span class='ocr_line' id='line_1_12' title="bbox 95 1378 1694 1459; baseline 0.009 -32"><span class='ocrx_word' id='word_1_82' title='bbox 95 1391 279 1439; x_wconf 82' lang='grc' dir='ltr'>τεται,</span> <span class='ocrx_word' id='word_1_83' title='bbox 314 1378 404 1431; x_wconf 77' lang='grc' dir='ltr'>διὰ</span> <span class='ocrx_word' id='word_1_84' title='bbox 430 1378 657 1435; x_wconf 87' lang='grc' dir='ltr'>θανάτου</span> <span class='ocrx_word' id='word_1_85' title='bbox 706 1383 876 1451; x_wconf 76' lang='grc' dir='ltr'>φόϐον</span> <span class='ocrx_word' id='word_1_86' title='bbox 912 1384 1004 1438; x_wconf 82' lang='grc' dir='ltr'><strong>τὸν</strong></span> <span class='ocrx_word' id='word_1_87' title='bbox 1039 1385 1326 1456; x_wconf 86' lang='grc' dir='ltr'>φιλόσοφον</span> <span class='ocrx_word' id='word_1_88' title='bbox 1355 1388 1694 1459; x_wconf 78' lang='grc' dir='ltr'>ἐπικρυπτό-</span> 
     </span>
    </p>
   </div>
   <div class='ocr_carea' id='block_1_13' title="bbox 99 1471 1691 1552">
    <p class='ocr_par' dir='ltr' id='par_1_13' title="bbox 99 1471 1691 1552">
     <span class='ocr_line' id='line_1_13' title="bbox 99 1471 1691 1552; baseline 0.009 -31"><span class='ocrx_word' id='word_1_89' title='bbox 99 1485 289 1539; x_wconf 80' lang='grc' dir='ltr'>μενος.</span> <span class='ocrx_word' id='word_1_90' title='bbox 324 1472 521 1526; x_wconf 81' lang='grc' dir='ltr'>Ἀκουε</span> <span class='ocrx_word' id='word_1_91' title='bbox 552 1474 598 1528; x_wconf 81' lang='grc' dir='ltr'>δ’</span> <span class='ocrx_word' id='word_1_92' title='bbox 630 1471 722 1529; x_wconf 80' lang='grc' dir='ltr'><strong>οὖν</strong></span> <span class='ocrx_word' id='word_1_93' title='bbox 765 1476 857 1529; x_wconf 82' lang='grc' dir='ltr'><strong>τοῦ</strong></span> <span class='ocrx_word' id='word_1_94' title='bbox 899 1479 1278 1550; x_wconf 79' lang='grc' dir='ltr'><strong>συγγραφέως,</strong></span> <span class='ocrx_word' id='word_1_95' title='bbox 1307 1480 1343 1534; x_wconf 77' lang='grc' dir='ltr'>ἃ.</span> <span class='ocrx_word' id='word_1_96' title='bbox 1371 1480 1501 1552; x_wconf 77' lang='grc' dir='ltr'>περὶ</span> <span class='ocrx_word' id='word_1_97' title='bbox 1527 1481 1691 1535; x_wconf 76' lang='grc' dir='ltr'>αὐτοῦ</span> 
     </span>
    </p>
   </div>
   <div class='ocr_carea' id='block_1_14' title="bbox 98 1563 1695 1644">
    <p class='ocr_par' dir='ltr' id='par_1_14' title="bbox 98 1563 1695 1644">
     <span class='ocr_line' id='line_1_14' title="bbox 98 1563 1695 1644; baseline 0.008 -30"><span class='ocrx_word' id='word_1_98' title='bbox 98 1578 271 1633; x_wconf 84' lang='grc' dir='ltr'>φησιν</span> <span class='ocrx_word' id='word_1_99' title='bbox 308 1563 779 1637; x_wconf 74' lang='grc' dir='ltr'>ἀπολογούμενοςο</span> <span class='ocrx_word' id='word_1_100' title='bbox 819 1589 836 1620; x_wconf 79' lang='grc' dir='ltr'><strong>ι</strong></span> <span class='ocrx_word' id='word_1_101' title='bbox 882 1570 1040 1623; x_wconf 65' lang='lat' dir='ltr'><strong>Atria</strong></span> <span class='ocrx_word' id='word_1_102' title='bbox 1071 1572 1170 1642; x_wconf 83' lang='grc' dir='ltr'>μὲν</span> <span class='ocrx_word' id='word_1_103' title='bbox 1200 1572 1295 1643; x_wconf 77' lang='grc' dir='ltr'>ἥδε</span> <span class='ocrx_word' id='word_1_104' title='bbox 1329 1572 1442 1644; x_wconf 74' lang='grc'><strong>(82)</strong></span> <span class='ocrx_word' id='word_1_105' title='bbox 1471 1572 1564 1626; x_wconf 82' lang='grc' dir='ltr'>τοῦ</span> <span class='ocrx_word' id='word_1_106' title='bbox 1600 1589 1695 1643; x_wconf 87' lang='grc' dir='ltr'>με-</span> 
     </span>
    </p>
   </div>
   <div class='ocr_carea' id='block_1_15' title="bbox 1255 348 2224 409">
    <p class='ocr_par' dir='ltr' id='par_1_15' title="bbox 1255 348 2224 409">
     <span class='ocr_line' id='line_1_15' title="bbox 1255 348 2224 409; baseline 0.002 -3"><span class='ocrx_word' id='word_1_107' title='bbox 1255 351 1460 407; x_wconf 85' lang='lat' dir='ltr'><strong>LIBER</strong></span> <span class='ocrx_word' id='word_1_108' title='bbox 1488 350 1770 408; x_wconf 74' lang='lat' dir='ltr'><strong>CONTRA</strong></span> <span class='ocrx_word' id='word_1_109' title='bbox 1805 348 2224 409; x_wconf 76' lang='lat' dir='ltr'><strong>HIEBOCLEM.</strong></span> 
     </span>
    </p>
   </div>
   <div class='ocr_carea' id='block_1_16' title="bbox 1733 475 1782 531">
    <p class='ocr_par' dir='ltr' id='par_1_16' title="bbox 1733 475 1782 531">
     <span class='ocr_line' id='line_1_16' title="bbox 1733 475 1782 531; baseline 0 0"><span class='ocrx_word' id='word_1_110' title='bbox 1733 475 1782 531; x_wconf 77' lang='grc' dir='ltr'><strong>Α</strong></span> 
     </span>
    </p>
   </div>
   <div class='ocr_carea' id='block_1_17' title="bbox 3283 351 3387 408">
    <p class='ocr_par' dir='ltr' id='par_1_17' title="bbox 3283 351 3387 408">
     <span class='ocr_line' id='line_1_17' title="bbox 3283 351 3387 408; baseline 0.019 -2"><span class='ocrx_word' id='word_1_111' title='bbox 3283 351 3387 408; x_wconf 81' lang='lat'><strong>850</strong></span> 
     </span>
    </p>
   </div>
   <div class='ocr_carea' id='block_1_18' title="bbox 2338 466 2867 526">
    <p class='ocr_par' dir='ltr' id='par_1_18' title="bbox 2338 466 2867 526">
     <span class='ocr_line' id='line_1_18' title="bbox 2338 466 2867 526; baseline -0.006 0"><span class='ocrx_word' id='word_1_112' title='bbox 2338 468 2568 526; x_wconf 76' lang='lat' dir='ltr'><strong>CAPUT</strong></span> <span class='ocrx_word' id='word_1_113' title='bbox 2609 466 2867 525; x_wconf 79' lang='lat' dir='ltr'><strong>XXXVII.</strong></span> 
     </span>
    </p>
   </div>
   <div class='ocr_carea' id='block_1_19' title="bbox 1881 558 3384 635">
    <p class='ocr_par' dir='ltr' id='par_1_19' title="bbox 1881 558 3384 635">
     <span class='ocr_line' id='line_1_19' title="bbox 1881 558 3384 635; baseline -0.004 -16"><span class='ocrx_word' id='word_1_114' title='bbox 1881 563 2070 634; x_wconf 69' lang='lat' dir='ltr'><strong>Magia:</strong></span> <span class='ocrx_word' id='word_1_115' title='bbox 2107 563 2276 634; x_wconf 86' lang='lat' dir='ltr'><strong>igitur</strong></span> <span class='ocrx_word' id='word_1_116' title='bbox 2330 563 2452 620; x_wconf 87' lang='lat' dir='ltr'><strong>dica</strong></span> <span class='ocrx_word' id='word_1_117' title='bbox 2485 564 2779 635; x_wconf 80' lang='lat' dir='ltr'><strong>Apolldnio</strong></span> <span class='ocrx_word' id='word_1_118' title='bbox 2811 558 3093 619; x_wconf 79' lang='lat' dir='ltr'><strong>scribitur.</strong></span> <span class='ocrx_word' id='word_1_119' title='bbox 3125 560 3256 617; x_wconf 82' lang='lat' dir='ltr'><strong>Inde</strong></span> <span class='ocrx_word' id='word_1_120' title='bbox 3283 575 3384 614; x_wconf 56' lang='lat' dir='ltr'><strong>an-</strong></span> 
     </span>
    </p>
   </div>
   <div class='ocr_carea' id='block_1_20' title="bbox 1805 654 3386 727">
    <p class='ocr_par' dir='ltr' id='par_1_20' title="bbox 1805 654 3386 727">
     <span class='ocr_line' id='line_1_20' title="bbox 1805 654 3386 727; baseline 0 -17"><span class='ocrx_word' id='word_1_121' title='bbox 1805 662 1915 710; x_wconf 89' lang='lat' dir='ltr'><strong>tem</strong></span> <span class='ocrx_word' id='word_1_122' title='bbox 1947 654 2225 711; x_wconf 79' lang='lat' dir='ltr'><strong>Demetrio</strong></span> <span class='ocrx_word' id='word_1_123' title='bbox 2252 655 2607 727; x_wconf 85' lang='lat' dir='ltr'><strong>philosopho.</strong></span> <span class='ocrx_word' id='word_1_124' title='bbox 2629 656 2941 712; x_wconf 89' lang='lat' dir='ltr'><strong>debortanti</strong></span> <span class='ocrx_word' id='word_1_125' title='bbox 2962 669 3088 711; x_wconf 88' lang='lat' dir='ltr'><strong>eum</strong></span> <span class='ocrx_word' id='word_1_126' title='bbox 3108 654 3176 708; x_wconf 88' lang='lat' dir='ltr'><strong>ab</strong></span> <span class='ocrx_word' id='word_1_127' title='bbox 3191 654 3386 710; x_wconf 77' lang='lat' dir='ltr'><strong>itinere</strong></span> 
     </span>
    </p>
   </div>
   <div class='ocr_carea' id='block_1_21' title="bbox 1806 746 3375 815">
    <p class='ocr_par' dir='ltr' id='par_1_21' title="bbox 1806 746 3375 815">
     <span class='ocr_line' id='line_1_21' title="bbox 1806 746 3375 815; baseline -0.001 -13"><span class='ocrx_word' id='word_1_128' title='bbox 1806 746 2035 803; x_wconf 82' lang='lat' dir='ltr'><strong>Romam</strong></span> <span class='ocrx_word' id='word_1_129' title='bbox 2066 748 2469 815; x_wconf 87' lang='lat' dir='ltr'><strong>continuando,</strong></span> <span class='ocrx_word' id='word_1_130' title='bbox 2528 749 2752 803; x_wconf 89' lang='lat' dir='ltr'><strong>minime</strong></span> <span class='ocrx_word' id='word_1_131' title='bbox 2780 747 3104 811; x_wconf 87' lang='lat' dir='ltr'><strong>obaudiens,</strong></span> <span class='ocrx_word' id='word_1_132' title='bbox 3135 746 3375 800; x_wconf 87' lang='lat' dir='ltr'><strong>insolen-</strong></span> 
     </span>
    </p>
   </div>
   <div class='ocr_carea' id='block_1_22' title="bbox 1808 837 3382 911">
    <p class='ocr_par' dir='ltr' id='par_1_22' title="bbox 1808 837 3382 911">
     <span class='ocr_line' id='line_1_22' title="bbox 1808 837 3382 911; baseline 0 -17"><span class='ocrx_word' id='word_1_133' title='bbox 1808 848 1893 894; x_wconf 90' lang='lat' dir='ltr'><strong>ter</strong></span> <span class='ocrx_word' id='word_1_134' title='bbox 1926 840 2195 909; x_wconf 77' lang='lat' dir='ltr'><strong>quaedam,</strong></span> <span class='ocrx_word' id='word_1_135' title='bbox 2229 856 2295 897; x_wconf 91' lang='lat' dir='ltr'><strong>ac</strong></span> <span class='ocrx_word' id='word_1_136' title='bbox 2324 840 2562 911; x_wconf 86' lang='lat' dir='ltr'><strong>superbe</strong></span> <span class='ocrx_word' id='word_1_137' title='bbox 2594 839 2662 895; x_wconf 92' lang='lat' dir='ltr'><strong>de</strong></span> <span class='ocrx_word' id='word_1_138' title='bbox 2700 854 2761 895; x_wconf 90' lang='lat' dir='ltr'><strong>se</strong></span> <span class='ocrx_word' id='word_1_139' title='bbox 2792 840 2913 910; x_wconf 89' lang='lat' dir='ltr'><strong>ipso</strong></span> <span class='ocrx_word' id='word_1_140' title='bbox 2944 838 3029 894; x_wconf 89' lang='lat' dir='ltr'><strong>bis</strong></span> <span class='ocrx_word' id='word_1_141' title='bbox 3062 837 3175 893; x_wconf 78' lang='lat' dir='ltr'><strong>fere</strong></span> <span class='ocrx_word' id='word_1_142' title='bbox 3200 837 3382 894; x_wconf 81' lang='lat' dir='ltr'><strong>verbis</strong></span> 
     </span>
    </p>
   </div>
   <div class='ocr_carea' id='block_1_23' title="bbox 1808 928 3381 1001">
    <p class='ocr_par' dir='ltr' id='par_1_23' title="bbox 1808 928 3381 1001">
     <span class='ocr_line' id='line_1_23' title="bbox 1808 928 3381 1001; baseline 0.001 -20"><span class='ocrx_word' id='word_1_143' title='bbox 1808 928 2094 998; x_wconf 77' lang='lat' dir='ltr'><strong>profert&#39;:</strong></span> <span class='ocrx_word' id='word_1_144' title='bbox 2130 950 2149 983; x_wconf 77' lang='grc' dir='ltr'><strong>ι</strong></span> <span class='ocrx_word' id='word_1_145' title='bbox 2179 929 2294 1001; x_wconf 84' lang='lat' dir='ltr'><strong>Ego</strong></span> <span class='ocrx_word' id='word_1_146' title='bbox 2342 932 2651 986; x_wconf 81' lang='lat' dir='ltr'><strong>mortalium</strong></span> <span class='ocrx_word' id='word_1_147' title='bbox 2702 940 3024 986; x_wconf 89' lang='lat' dir='ltr'><strong>cunctorum</strong></span> <span class='ocrx_word' id='word_1_148' title='bbox 3057 930 3170 985; x_wconf 90' lang='lat' dir='ltr'><strong>scio</strong></span> <span class='ocrx_word' id='word_1_149' title='bbox 3208 930 3381 1000; x_wconf 87' lang='lat' dir='ltr'><strong>pluri-</strong></span> 
     </span>
    </p>
   </div>
   <div class='ocr_carea' id='block_1_24' title="bbox 1811 1021 3382 1092">
    <p class='ocr_par' dir='ltr' id='par_1_24' title="bbox 1811 1021 3382 1092">
     <span class='ocr_line' id='line_1_24' title="bbox 1811 1021 3382 1092; baseline 0.001 -17"><span class='ocrx_word' id='word_1_150' title='bbox 1811 1029 1958 1075; x_wconf 88' lang='lat' dir='ltr'><strong>mum</strong></span> <span class='ocrx_word' id='word_1_151' title='bbox 1990 1041 2004 1078; x_wconf 90' lang='lat'>:</span> <span class='ocrx_word' id='word_1_152' title='bbox 2037 1022 2154 1079; x_wconf 91' lang='lat' dir='ltr'><strong>scio</strong></span> <span class='ocrx_word' id='word_1_153' title='bbox 2196 1024 2342 1078; x_wconf 90' lang='lat' dir='ltr'><strong>enim</strong></span> <span class='ocrx_word' id='word_1_154' title='bbox 2383 1022 2588 1078; x_wconf 83' lang='lat' dir='ltr'><strong>omnia.</strong></span> <span class='ocrx_word' id='word_1_155' title='bbox 2626 1021 2758 1090; x_wconf 85' lang='lat' dir='ltr'><strong>Quae</strong></span> <span class='ocrx_word' id='word_1_156' title='bbox 2804 1023 2920 1079; x_wconf 82' lang='lat' dir='ltr'><strong>scio</strong></span> <span class='ocrx_word' id='word_1_157' title='bbox 2964 1030 3145 1077; x_wconf 87' lang='lat' dir='ltr'><strong>autem</strong></span> <span class='ocrx_word' id='word_1_158' title='bbox 3184 1023 3382 1092; x_wconf 83' lang='lat' dir='ltr'><strong>partim</strong></span> 
     </span>
    </p>
   </div>
   <div class='ocr_carea' id='block_1_25' title="bbox 1802 1110 3377 1183">
    <p class='ocr_par' dir='ltr' id='par_1_25' title="bbox 1802 1110 3377 1183">
     <span class='ocr_line' id='line_1_25' title="bbox 1802 1110 3377 1183; baseline -0.001 -18"><span class='ocrx_word' id='word_1_159' title='bbox 1802 1112 1919 1165; x_wconf 91' lang='lat' dir='ltr'><strong>scio</strong></span> <span class='ocrx_word' id='word_1_160' title='bbox 1969 1112 2131 1167; x_wconf 84' lang='lat' dir='ltr'><strong>bonis</strong></span> <span class='ocrx_word' id='word_1_161' title='bbox 2183 1114 2342 1177; x_wconf 87' lang='lat' dir='ltr'><strong>viris,</strong></span> <span class='ocrx_word' id='word_1_162' title='bbox 2378 1111 2575 1182; x_wconf 84' lang='lat' dir='ltr'><strong>partim</strong></span> <span class='ocrx_word' id='word_1_163' title='bbox 2612 1111 2977 1183; x_wconf 85' lang='lat' dir='ltr'><strong>sapientibus,</strong></span> <span class='ocrx_word' id='word_1_164' title='bbox 3025 1111 3222 1181; x_wconf 91' lang='lat' dir='ltr'><strong>partim</strong></span> <span class='ocrx_word' id='word_1_165' title='bbox 3269 1110 3377 1181; x_wconf 85' lang='lat' dir='ltr'><strong>ipsi</strong></span> 
     </span>
    </p>
   </div>
   <div class='ocr_carea' id='block_1_26' title="bbox 1802 1201 3377 1273">
    <p class='ocr_par' dir='ltr' id='par_1_26' title="bbox 1802 1201 3377 1273">
     <span class='ocr_line' id='line_1_26' title="bbox 1802 1201 3377 1273; baseline -0.001 -17"><span class='ocrx_word' id='word_1_166' title='bbox 1802 1203 1957 1267; x_wconf 91' lang='lat' dir='ltr'><strong>mihi,</strong></span> <span class='ocrx_word' id='word_1_167' title='bbox 1981 1203 2185 1273; x_wconf 85' lang='lat' dir='ltr'><strong>partim</strong></span> <span class='ocrx_word' id='word_1_168' title='bbox 2207 1203 2333 1258; x_wconf 81' lang='lat' dir='ltr'><strong>diis.</strong></span> <span class='ocrx_word' id='word_1_169' title='bbox 2374 1223 2393 1255; x_wconf 74' lang='grc' dir='ltr'><strong>ι</strong></span> <span class='ocrx_word' id='word_1_170' title='bbox 2433 1201 2539 1257; x_wconf 79' lang='lat' dir='ltr'><strong>Sed</strong></span> <span class='ocrx_word' id='word_1_171' title='bbox 2561 1204 2705 1258; x_wconf 91' lang='lat' dir='ltr'><strong>enim</strong></span> <span class='ocrx_word' id='word_1_172' title='bbox 2731 1205 2825 1273; x_wconf 87' lang='lat' dir='ltr'><strong>qui</strong></span> <span class='ocrx_word' id='word_1_173' title='bbox 2850 1201 3035 1259; x_wconf 85' lang='lat' dir='ltr'><strong>verbis</strong></span> <span class='ocrx_word' id='word_1_174' title='bbox 3054 1202 3175 1258; x_wconf 84' lang='lat' dir='ltr'><strong>istis</strong></span> <span class='ocrx_word' id='word_1_175' title='bbox 3194 1201 3377 1257; x_wconf 87' lang='lat' dir='ltr'><strong>omnia</strong></span> 
     </span>
    </p>
   </div>
   <div class='ocr_carea' id='block_1_27' title="bbox 1802 1293 3378 1366">
    <p class='ocr_par' dir='ltr' id='par_1_27' title="bbox 1802 1293 3378 1366">
     <span class='ocr_line' id='line_1_27' title="bbox 1802 1293 3378 1366; baseline -0.002 -17"><span class='ocrx_word' id='word_1_176' title='bbox 1802 1309 1862 1349; x_wconf 90' lang='lat' dir='ltr'><strong>se</strong></span> <span class='ocrx_word' id='word_1_177' title='bbox 1895 1309 2062 1350; x_wconf 88' lang='lat' dir='ltr'><strong>nosse</strong></span> <span class='ocrx_word' id='word_1_178' title='bbox 2089 1294 2383 1366; x_wconf 78' lang='lat' dir='ltr'><strong>magnifice</strong></span> <span class='ocrx_word' id='word_1_179' title='bbox 2414 1295 2703 1363; x_wconf 82' lang='lat' dir='ltr'><strong>gloriatur,</strong></span> <span class='ocrx_word' id='word_1_180' title='bbox 2738 1295 2903 1363; x_wconf 80' lang='lat' dir='ltr'><strong>paulo</strong></span> <span class='ocrx_word' id='word_1_181' title='bbox 2950 1300 3074 1365; x_wconf 88' lang='lat' dir='ltr'><strong>post</strong></span> <span class='ocrx_word' id='word_1_182' title='bbox 3128 1293 3378 1366; x_wconf 84' lang='lat' dir='ltr'><strong>ignoran-</strong></span> 
     </span>
    </p>
   </div>
   <div class='ocr_carea' id='block_1_28' title="bbox 1800 1385 3373 1458">
    <p class='ocr_par' dir='ltr' id='par_1_28' title="bbox 1800 1385 3373 1458">
     <span class='ocr_line' id='line_1_28' title="bbox 1800 1385 3373 1458; baseline 0 -19"><span class='ocrx_word' id='word_1_183' title='bbox 1800 1386 1891 1441; x_wconf 76' lang='lat' dir='ltr'><strong>tiae</strong></span> <span class='ocrx_word' id='word_1_184' title='bbox 1932 1386 1989 1441; x_wconf 91' lang='lat' dir='ltr'><strong>in</strong></span> <span class='ocrx_word' id='word_1_185' title='bbox 2031 1387 2364 1458; x_wconf 89' lang='lat' dir='ltr'><strong>quibusdam</strong></span> <span class='ocrx_word' id='word_1_186' title='bbox 2422 1387 2478 1441; x_wconf 91' lang='lat' dir='ltr'><strong>in</strong></span> <span class='ocrx_word' id='word_1_187' title='bbox 2525 1387 2643 1456; x_wconf 86' lang='lat' dir='ltr'><strong>ipsa</strong></span> <span class='ocrx_word' id='word_1_188' title='bbox 2686 1387 2777 1441; x_wconf 85' lang='lat' dir='ltr'><strong>illa</strong></span> <span class='ocrx_word' id='word_1_189' title='bbox 2822 1387 3058 1441; x_wconf 84' lang='lat' dir='ltr'><strong>historia</strong></span> <span class='ocrx_word' id='word_1_190' title='bbox 3101 1385 3373 1456; x_wconf 82' lang='lat' dir='ltr'><strong>arguitur.</strong></span> 
     </span>
    </p>
   </div>
   <div class='ocr_carea' id='block_1_29' title="bbox 1800 1475 3374 1550">
    <p class='ocr_par' dir='ltr' id='par_1_29' title="bbox 1800 1475 3374 1550">
     <span class='ocr_line' id='line_1_29' title="bbox 1800 1475 3374 1550; baseline 0 -19"><span class='ocrx_word' id='word_1_191' title='bbox 1800 1479 1932 1534; x_wconf 87' lang='lat' dir='ltr'><strong>Inde</strong></span> <span class='ocrx_word' id='word_1_192' title='bbox 1970 1494 2134 1550; x_wconf 89' lang='lat' dir='ltr'><strong>porro</strong></span> <span class='ocrx_word' id='word_1_193' title='bbox 2178 1478 2366 1535; x_wconf 89' lang='lat' dir='ltr'><strong>Damis</strong></span> <span class='ocrx_word' id='word_1_194' title='bbox 2405 1477 2832 1534; x_wconf 84' lang='lat' dir='ltr'><strong>transformatur</strong></span> <span class='ocrx_word' id='word_1_195' title='bbox 2864 1478 2934 1533; x_wconf 89' lang='lat' dir='ltr'><strong>ab</strong></span> <span class='ocrx_word' id='word_1_196' title='bbox 2955 1492 3043 1543; x_wconf 91' lang='lat' dir='ltr'><strong>eo,</strong></span> <span class='ocrx_word' id='word_1_197' title='bbox 3079 1477 3150 1532; x_wconf 91' lang='lat' dir='ltr'><strong>ob</strong></span> <span class='ocrx_word' id='word_1_198' title='bbox 3180 1475 3374 1531; x_wconf 85' lang='lat' dir='ltr'><strong>mortis</strong></span> 
     </span>
    </p>
   </div>
   <div class='ocr_carea' id='block_1_30' title="bbox 1798 1565 3376 1643">
    <p class='ocr_par' dir='ltr' id='par_1_30' title="bbox 1798 1565 3376 1643">
     <span class='ocr_line' id='line_1_30' title="bbox 1798 1565 3376 1643; baseline -0.002 -16"><span class='ocrx_word' id='word_1_199' title='bbox 1798 1579 2004 1627; x_wconf 89' lang='lat' dir='ltr'><strong>metum</strong></span> <span class='ocrx_word' id='word_1_200' title='bbox 2038 1572 2423 1643; x_wconf 87' lang='lat' dir='ltr'><strong>philosophum</strong></span> <span class='ocrx_word' id='word_1_201' title='bbox 2472 1570 2841 1627; x_wconf 87' lang='lat' dir='ltr'><strong>abscondens.</strong></span> <span class='ocrx_word' id='word_1_202' title='bbox 2892 1568 3000 1626; x_wconf 90' lang='lat' dir='ltr'><strong>Sed</strong></span> <span class='ocrx_word' id='word_1_203' title='bbox 3038 1565 3376 1624; x_wconf 87' lang='lat' dir='ltr'><strong>audinilo—</strong></span> 
     </span>
    </p>
   </div>
   <div class='ocr_carea' id='block_1_31' title="bbox 94 1652 1680 1736">
    <p class='ocr_par' dir='ltr' id='par_1_31' title="bbox 94 1652 1680 1736">
     <span class='ocr_line' id='line_1_31' title="bbox 94 1652 1680 1736; baseline 0.008 -32"><span class='ocrx_word' id='word_1_204' title='bbox 94 1652 358 1707; x_wconf 78' lang='grc' dir='ltr'>ταὸαλεῖν</span> <span class='ocrx_word' id='word_1_205' title='bbox 383 1655 557 1726; x_wconf 87' lang='grc' dir='ltr'>Δάμιν</span> <span class='ocrx_word' id='word_1_206' title='bbox 584 1658 646 1711; x_wconf 85' lang='grc' dir='ltr'><strong>τὸ</strong></span> <span class='ocrx_word' id='word_1_207' title='bbox 671 1658 782 1712; x_wconf 82' lang='grc' dir='ltr'><strong>τῶν</strong></span> <span class='ocrx_word' id='word_1_208' title='bbox 815 1659 1198 1733; x_wconf 77' lang='grc' dir='ltr'>Πυθαγορείων</span> <span class='ocrx_word' id='word_1_209' title='bbox 1232 1662 1438 1734; x_wconf 87' lang='grc' dir='ltr'>σχῆμα.</span> <span class='ocrx_word' id='word_1_210' title='bbox 1476 1664 1551 1716; x_wconf 79' lang='grc' dir='ltr'>Ού</span> <span class='ocrx_word' id='word_1_211' title='bbox 1584 1663 1680 1736; x_wconf 66' lang='grc' dir='ltr'>γὰρ</span> 
     </span>
    </p>
   </div>
   <div class='ocr_carea' id='block_1_32' title="bbox 1793 1652 3368 1736">
    <p class='ocr_par' dir='ltr' id='par_1_32' title="bbox 1800 1660 3368 1733">
     <span class='ocr_line' id='line_1_32' title="bbox 1800 1660 3368 1733; baseline 0.001 -17"><span class='ocrx_word' id='word_1_212' title='bbox 1800 1669 2009 1717; x_wconf 87' lang='lat' dir='ltr'><strong>stratus</strong></span> <span class='ocrx_word' id='word_1_213' title='bbox 2041 1677 2164 1733; x_wconf 63' lang='lat' dir='ltr'><strong>quae</strong></span> <span class='ocrx_word' id='word_1_214' title='bbox 2215 1662 2366 1717; x_wconf 88' lang='lat' dir='ltr'><strong>dicat</strong></span> <span class='ocrx_word' id='word_1_215' title='bbox 2408 1661 2451 1725; x_wconf 69' lang='grc'>⁸,</span> <span class='ocrx_word' id='word_1_216' title='bbox 2502 1661 2557 1716; x_wconf 90' lang='lat' dir='ltr'><strong>id</strong></span> <span class='ocrx_word' id='word_1_217' title='bbox 2604 1661 2811 1717; x_wconf 78' lang='lat' dir='ltr'><strong>factum</strong></span> <span class='ocrx_word' id='word_1_218' title='bbox 2856 1661 2978 1732; x_wconf 86' lang='lat' dir='ltr'><strong>ejus</strong></span> <span class='ocrx_word' id='word_1_219' title='bbox 3021 1660 3368 1717; x_wconf 78' lang='lat' dir='ltr'><strong>defendens:</strong></span> 
     </span>
    </p>
   </div>
   <div class='ocr_carea' id='block_1_33' title="bbox 94 1744 1680 1827">
    <p class='ocr_par' dir='ltr' id='par_1_33' title="bbox 94 1744 1680 1827">
     <span class='ocr_line' id='line_1_33' title="bbox 94 1744 1680 1827; baseline 0.009 -31"><span class='ocrx_word' id='word_1_220' title='bbox 94 1744 173 1808; x_wconf 83' lang='grc' dir='ltr'>ὡς</span> <span class='ocrx_word' id='word_1_221' title='bbox 224 1747 406 1801; x_wconf 80' lang='grc' dir='ltr'>κακίω</span> <span class='ocrx_word' id='word_1_222' title='bbox 450 1748 558 1820; x_wconf 79' lang='grc'><strong>(85)</strong></span> <span class='ocrx_word' id='word_1_223' title='bbox 610 1767 675 1819; x_wconf 88' lang='grc' dir='ltr'><strong>γε</strong></span> <span class='ocrx_word' id='word_1_224' title='bbox 731 1755 862 1808; x_wconf 76' lang='grc' dir='ltr'>αὐτὸ</span> <span class='ocrx_word' id='word_1_225' title='bbox 909 1756 1018 1826; x_wconf 64' lang='grc'><strong>(84)</strong></span> <span class='ocrx_word' id='word_1_226' title='bbox 1058 1756 1295 1827; x_wconf 86' lang='grc' dir='ltr'>μετεῖναί</span> <span class='ocrx_word' id='word_1_227' title='bbox 1340 1773 1525 1826; x_wconf 86' lang='grc' dir='ltr'>φησιν,</span> <span class='ocrx_word' id='word_1_228' title='bbox 1572 1758 1680 1811; x_wconf 77' lang='grc' dir='ltr'>οὐδὲ</span> 
     </span>
    </p>
   </div>
   <div class='ocr_carea' id='block_1_34' title="bbox 1793 1744 3371 1827">
    <p class='ocr_par' dir='ltr' id='par_1_34' title="bbox 1805 1751 3371 1825">
     <span class='ocr_line' id='line_1_34' title="bbox 1805 1751 3371 1825; baseline 0.003 -22"><span class='ocrx_word' id='word_1_229' title='bbox 1805 1770 1823 1803; x_wconf 86' lang='grc'><em>‹</em></span> <span class='ocrx_word' id='word_1_230' title='bbox 1869 1752 1934 1807; x_wconf 87' lang='lat' dir='ltr'><strong>Et</strong></span> <span class='ocrx_word' id='word_1_231' title='bbox 1956 1767 2127 1809; x_wconf 89' lang='lat' dir='ltr'><strong>causa</strong></span> <span class='ocrx_word' id='word_1_232' title='bbox 2154 1753 2377 1824; x_wconf 87' lang='lat' dir='ltr'><strong>quidem</strong></span> <span class='ocrx_word' id='word_1_233' title='bbox 2424 1754 2636 1810; x_wconf 83' lang='lat' dir='ltr'><strong>exstitit</strong></span> <span class='ocrx_word' id='word_1_234' title='bbox 2671 1753 2797 1819; x_wconf 88' lang='lat' dir='ltr'><strong>ista,</strong></span> <span class='ocrx_word' id='word_1_235' title='bbox 2827 1768 2930 1808; x_wconf 91' lang='lat' dir='ltr'><strong>cur</strong></span> <span class='ocrx_word' id='word_1_236' title='bbox 2973 1751 3371 1825; x_wconf 83' lang='lat' dir='ltr'><strong>Pythagoreum</strong></span> 
     </span>
    </p>
   </div>
   <div class='ocr_carea' id='block_1_35' title="bbox 98 1838 1680 1917">
    <p class='ocr_par' dir='ltr' id='par_1_35' title="bbox 98 1838 1680 1917">
     <span class='ocr_line' id='line_1_35' title="bbox 98 1838 1680 1917; baseline 0.009 -32"><span class='ocrx_word' id='word_1_237' title='bbox 98 1838 411 1904; x_wconf 83' lang='grc' dir='ltr'>μεταγνοὺς</span> <span class='ocrx_word' id='word_1_238' title='bbox 439 1839 590 1905; x_wconf 79' lang='grc' dir='ltr'>αὐτὸ,</span> <span class='ocrx_word' id='word_1_239' title='bbox 617 1841 811 1915; x_wconf 80' lang='grc' dir='ltr'>τέχνην</span> <span class='ocrx_word' id='word_1_240' title='bbox 832 1844 890 1897; x_wconf 85' lang='grc' dir='ltr'>δὲ</span> <span class='ocrx_word' id='word_1_241' title='bbox 921 1846 1238 1910; x_wconf 75' lang='grc' dir='ltr'>ἐπαινέσας,</span> <span class='ocrx_word' id='word_1_242' title='bbox 1272 1846 1338 1915; x_wconf 83' lang='grc' dir='ltr'>ἢν</span> <span class='ocrx_word' id='word_1_243' title='bbox 1370 1845 1609 1917; x_wconf 78' lang='grc' dir='ltr'>ὑπῆλθεν</span> <span class='ocrx_word' id='word_1_244' title='bbox 1637 1848 1680 1910; x_wconf 79' lang='grc' dir='ltr'><strong>ἐς</strong></span> 
     </span>
    </p>
   </div>
   <div class='ocr_carea' id='block_1_36' title="bbox 1793 1838 3374 1917">
    <p class='ocr_par' dir='ltr' id='par_1_36' title="bbox 1795 1844 3374 1917">
     <span class='ocr_line' id='line_1_36' title="bbox 1795 1844 3374 1917; baseline 0.001 -17"><span class='ocrx_word' id='word_1_245' title='bbox 1795 1845 1979 1901; x_wconf 89' lang='lat' dir='ltr'><strong>Damis</strong></span> <span class='ocrx_word' id='word_1_246' title='bbox 2004 1846 2251 1900; x_wconf 91' lang='lat' dir='ltr'><strong>habitum</strong></span> <span class='ocrx_word' id='word_1_247' title='bbox 2299 1854 2565 1902; x_wconf 87' lang='lat' dir='ltr'><strong>mutaret.</strong></span> <span class='ocrx_word' id='word_1_248' title='bbox 2597 1844 2788 1917; x_wconf 84' lang='lat' dir='ltr'><strong>Neque</strong></span> <span class='ocrx_word' id='word_1_249' title='bbox 2832 1847 2981 1901; x_wconf 87' lang='lat' dir='ltr'><strong>enim</strong></span> <span class='ocrx_word' id='word_1_250' title='bbox 3014 1846 3281 1917; x_wconf 87' lang='lat' dir='ltr'><strong>abjecisse</strong></span> <span class='ocrx_word' id='word_1_251' title='bbox 3312 1861 3374 1902; x_wconf 87' lang='lat' dir='ltr'><strong>se</strong></span> 
     </span>
    </p>
   </div>
   <div class='ocr_carea' id='block_1_37' title="bbox 92 1925 1680 2009">
    <p class='ocr_par' dir='ltr' id='par_1_37' title="bbox 92 1925 901 2007">
     <span class='ocr_line' id='line_1_37' title="bbox 92 1925 901 2007; baseline 0.017 -30"><span class='ocrx_word' id='word_1_252' title='bbox 92 1926 155 1979; x_wconf 81' lang='grc' dir='ltr'>τὺ</span> <span class='ocrx_word' id='word_1_253' title='bbox 180 1925 463 2001; x_wconf 80' lang='grc' dir='ltr'>ξυμφέρον</span> <span class='ocrx_word' id='word_1_254' title='bbox 491 1931 585 1985; x_wconf 81' lang='grc' dir='ltr'>τοῦ</span> <span class='ocrx_word' id='word_1_255' title='bbox 623 1935 837 2007; x_wconf 73' lang='grc' dir='ltr'>καιροῦ.</span> <span class='ocrx_word' id='word_1_256' title='bbox 882 1956 901 1990; x_wconf 71' lang='grc' dir='ltr'><strong>ι</strong></span> 
     </span>
    </p>
   </div>
   <div class='ocr_carea' id='block_1_38' title="bbox 1793 1925 3372 2009">
    <p class='ocr_par' dir='ltr' id='par_1_38' title="bbox 1794 1939 3372 2009">
     <span class='ocr_line' id='line_1_38' title="bbox 1794 1939 3372 2009; baseline 0.003 -18"><span class='ocrx_word' id='word_1_257' title='bbox 1794 1939 1872 1991; x_wconf 88' lang='lat' dir='ltr'><strong>ait</strong></span> <span class='ocrx_word' id='word_1_258' title='bbox 1901 1952 2050 2001; x_wconf 86' lang='lat' dir='ltr'><strong>eum,</strong></span> <span class='ocrx_word' id='word_1_259' title='bbox 2082 1945 2143 1992; x_wconf 93' lang='lat' dir='ltr'><strong>ut</strong></span> <span class='ocrx_word' id='word_1_260' title='bbox 2181 1939 2275 2009; x_wconf 90' lang='lat' dir='ltr'><strong>qui</strong></span> <span class='ocrx_word' id='word_1_261' title='bbox 2303 1940 2428 1994; x_wconf 81' lang='lat' dir='ltr'><strong>vitae</strong></span> <span class='ocrx_word' id='word_1_262' title='bbox 2474 1939 2788 1994; x_wconf 88' lang='lat' dir='ltr'><strong>institutum</strong></span> <span class='ocrx_word' id='word_1_263' title='bbox 2835 1947 3105 1996; x_wconf 88' lang='lat' dir='ltr'><strong>mutasset</strong></span> <span class='ocrx_word' id='word_1_264' title='bbox 3135 1940 3191 1994; x_wconf 93' lang='lat' dir='ltr'><strong>in</strong></span> <span class='ocrx_word' id='word_1_265' title='bbox 3220 1940 3372 1995; x_wconf 84' lang='lat' dir='ltr'><strong>dete-</strong></span> 
     </span>
    </p>
   </div>
   <div class='ocr_carea' id='block_1_39' title="bbox 91 2022 3371 2105">
    <p class='ocr_par' dir='ltr' id='par_1_39' title="bbox 91 2022 3371 2105">
     <span class='ocr_line' id='line_1_39' title="bbox 91 2022 3371 2105; baseline 0.004 -31"><span class='ocrx_word' id='word_1_266' title='bbox 91 2022 241 2086; x_wconf 88' lang='lat' dir='ltr'><strong>rius,</strong></span> <span class='ocrx_word' id='word_1_267' title='bbox 310 2040 489 2094; x_wconf 86' lang='lat' dir='ltr'><strong>neque</strong></span> <span class='ocrx_word' id='word_1_268' title='bbox 555 2029 705 2098; x_wconf 91' lang='lat' dir='ltr'><strong>quod</strong></span> <span class='ocrx_word' id='word_1_269' title='bbox 758 2031 882 2102; x_wconf 89' lang='lat' dir='ltr'><strong>ejus</strong></span> <span class='ocrx_word' id='word_1_270' title='bbox 920 2034 1099 2104; x_wconf 90' lang='lat' dir='ltr'><strong>ipsum</strong></span> <span class='ocrx_word' id='word_1_271' title='bbox 1141 2033 1455 2104; x_wconf 78' lang='lat' dir='ltr'><strong>pmniteret,</strong></span> <span class='ocrx_word' id='word_1_272' title='bbox 1491 2032 1586 2089; x_wconf 82' lang='lat' dir='ltr'><strong>sed</strong></span> <span class='ocrx_word' id='word_1_273' title='bbox 1610 2030 1756 2102; x_wconf 90' lang='lat' dir='ltr'><strong>quod</strong></span> <span class='ocrx_word' id='word_1_274' title='bbox 1796 2040 1976 2088; x_wconf 90' lang='lat' dir='ltr'><strong>astum</strong></span> <span class='ocrx_word' id='word_1_275' title='bbox 2019 2033 2298 2105; x_wconf 88' lang='lat' dir='ltr'><strong>probaret,</strong></span> <span class='ocrx_word' id='word_1_276' title='bbox 2332 2033 2423 2088; x_wconf 88' lang='lat' dir='ltr'><strong>cui</strong></span> <span class='ocrx_word' id='word_1_277' title='bbox 2469 2047 2529 2089; x_wconf 91' lang='lat' dir='ltr'><strong>se</strong></span> <span class='ocrx_word' id='word_1_278' title='bbox 2574 2033 3094 2099; x_wconf 88' lang='lat' dir='ltr'><strong>accommodaverit,</strong></span> <span class='ocrx_word' id='word_1_279' title='bbox 3142 2033 3371 2104; x_wconf 84' lang='lat' dir='ltr'><strong>tempori</strong></span> 
     </span>
    </p>
   </div>
   <div class='ocr_carea' id='block_1_40' title="bbox 93 2118 557 2176">
    <p class='ocr_par' dir='ltr' id='par_1_40' title="bbox 93 2118 557 2176">
     <span class='ocr_line' id='line_1_40' title="bbox 93 2118 557 2176; baseline 0.006 -5"><span class='ocrx_word' id='word_1_280' title='bbox 93 2118 491 2176; x_wconf 76' lang='lat' dir='ltr'><strong>inservituros.</strong></span> <span class='ocrx_word' id='word_1_281' title='bbox 537 2142 557 2174; x_wconf 72' lang='grc' dir='ltr'><strong>ι</strong></span> 
     </span>
    </p>
   </div>
   <div class='ocr_carea' id='block_1_41' title="bbox 612 2218 1186 2280">
    <p class='ocr_par' dir='ltr' id='par_1_41' title="bbox 612 2218 1186 2280">
     <span class='ocr_line' id='line_1_41' title="bbox 612 2218 1186 2280; baseline 0.009 -8"><span class='ocrx_word' id='word_1_282' title='bbox 612 2218 1012 2280; x_wconf 79' lang='grc' dir='ltr'><strong>ΚΕΦΑΛΑΙΟΝ</strong></span> <span class='ocrx_word' id='word_1_283' title='bbox 1052 2223 1186 2277; x_wconf 79' lang='lat' dir='ltr'><strong>Aﬂ&#39;.</strong></span> 
     </span>
    </p>
   </div>
   <div class='ocr_carea' id='block_1_42' title="bbox 174 2306 1692 2387">
    <p class='ocr_par' dir='ltr' id='par_1_42' title="bbox 174 2306 1692 2387">
     <span class='ocr_line' id='line_1_42' title="bbox 174 2306 1692 2387; baseline 0.007 -28"><span class='ocrx_word' id='word_1_284' title='bbox 174 2306 309 2360; x_wconf 73' lang='grc' dir='ltr'><strong>Ἐπὶ</strong></span> <span class='ocrx_word' id='word_1_285' title='bbox 347 2307 560 2374; x_wconf 81' lang='grc' dir='ltr'>τούτοις</span> <span class='ocrx_word' id='word_1_286' title='bbox 591 2312 620 2364; x_wconf 89' lang='grc' dir='ltr'>ὁ</span> <span class='ocrx_word' id='word_1_287' title='bbox 658 2312 1017 2385; x_wconf 82' lang='grc' dir='ltr'>Φιλόστρατος</span> <span class='ocrx_word' id='word_1_288' title='bbox 1046 2315 1322 2387; x_wconf 85' lang='grc' dir='ltr'>τέσσαρας</span> <span class='ocrx_word' id='word_1_289' title='bbox 1358 2316 1556 2381; x_wconf 84' lang='grc' dir='ltr'>αίτίας,</span> <span class='ocrx_word' id='word_1_290' title='bbox 1590 2315 1692 2379; x_wconf 81' lang='grc' dir='ltr'><strong>τὰς</strong></span> 
     </span>
    </p>
   </div>
   <div class='ocr_carea' id='block_1_43' title="bbox 91 2397 1694 2478">
    <p class='ocr_par' dir='ltr' id='par_1_43' title="bbox 91 2397 1694 2478">
     <span class='ocr_line' id='line_1_43' title="bbox 91 2397 1694 2478; baseline 0.008 -29"><span class='ocrx_word' id='word_1_291' title='bbox 91 2397 157 2470; x_wconf 81' lang='grc' dir='ltr'>δὴ</span> <span class='ocrx_word' id='word_1_292' title='bbox 195 2398 452 2471; x_wconf 81' lang='grc' dir='ltr'>εὐχερεῖς</span> <span class='ocrx_word' id='word_1_293' title='bbox 486 2402 636 2475; x_wconf 81' lang='grc' dir='ltr'>αὐτῷ</span> <span class='ocrx_word' id='word_1_294' title='bbox 673 2405 810 2478; x_wconf 85' lang='grc' dir='ltr'>πρὸς</span> <span class='ocrx_word' id='word_1_295' title='bbox 839 2405 1133 2475; x_wconf 85' lang='grc' dir='ltr'>ἀπολογίαν</span> <span class='ocrx_word' id='word_1_296' title='bbox 1164 2406 1514 2478; x_wconf 86' lang='grc' dir='ltr'>νομισθείσας</span> <span class='ocrx_word' id='word_1_297' title='bbox 1546 2410 1694 2462; x_wconf 78' lang='grc' dir='ltr'>ἐκτί-</span> 
     </span>
    </p>
   </div>
   <div class='ocr_carea' id='block_1_44' title="bbox 94 2489 1691 2570">
    <p class='ocr_par' dir='ltr' id='par_1_44' title="bbox 94 2489 1691 2570">
     <span class='ocr_line' id='line_1_44' title="bbox 94 2489 1691 2570; baseline 0.009 -29"><span class='ocrx_word' id='word_1_298' title='bbox 94 2489 281 2562; x_wconf 78' lang='grc' dir='ltr'>θησιν,</span> <span class='ocrx_word' id='word_1_299' title='bbox 335 2494 445 2547; x_wconf 88' lang='grc' dir='ltr'><strong>ἀπὸ</strong></span> <span class='ocrx_word' id='word_1_300' title='bbox 497 2494 766 2551; x_wconf 81' lang='grc' dir='ltr'>πλείστων</span> <span class='ocrx_word' id='word_1_301' title='bbox 818 2498 1099 2570; x_wconf 82' lang='grc' dir='ltr'>ὁμολογῶν</span> <span class='ocrx_word' id='word_1_302' title='bbox 1147 2501 1242 2554; x_wconf 78' lang='grc' dir='ltr'>καὶ</span> <span class='ocrx_word' id='word_1_303' title='bbox 1293 2500 1467 2555; x_wconf 83' lang='grc' dir='ltr'>ἄλλων</span> <span class='ocrx_word' id='word_1_304' title='bbox 1520 2501 1691 2565; x_wconf 79' lang='grc' dir='ltr'>αὐτὰς</span> 
     </span>
    </p>
   </div>
   <div class='ocr_carea' id='block_1_45' title="bbox 92 2577 1687 2659">
    <p class='ocr_par' dir='ltr' id='par_1_45' title="bbox 92 2577 1687 2659">
     <span class='ocr_line' id='line_1_45' title="bbox 92 2577 1687 2659; baseline 0.004 -27"><span class='ocrx_word' id='word_1_305' title='bbox 92 2580 428 2651; x_wconf 80' lang='grc' dir='ltr'>ἀνειλέχθαι.</span> <span class='ocrx_word' id='word_1_306' title='bbox 460 2577 560 2638; x_wconf 86' lang='grc' dir='ltr'>Ὦν</span> <span class='ocrx_word' id='word_1_307' title='bbox 597 2587 631 2657; x_wconf 80' lang='grc' dir='ltr'>ἡ</span> <span class='ocrx_word' id='word_1_308' title='bbox 671 2584 771 2656; x_wconf 86' lang='grc' dir='ltr'><strong>μέν</strong></span> <span class='ocrx_word' id='word_1_309' title='bbox 807 2603 892 2649; x_wconf 90' lang='grc' dir='ltr'><strong>τις</strong></span> <span class='ocrx_word' id='word_1_310' title='bbox 923 2583 1013 2658; x_wconf 80' lang='grc' dir='ltr'><strong>ἦν’</strong></span> <span class='ocrx_word' id='word_1_311' title='bbox 1053 2607 1072 2639; x_wconf 77' lang='grc' dir='ltr'><strong>ι</strong></span> <span class='ocrx_word' id='word_1_312' title='bbox 1111 2588 1176 2640; x_wconf 92' lang='grc' dir='ltr'><strong>Τί</strong></span> <span class='ocrx_word' id='word_1_313' title='bbox 1221 2588 1356 2659; x_wconf 88' lang='grc' dir='ltr'>δῆτα</span> <span class='ocrx_word' id='word_1_314' title='bbox 1407 2586 1595 2658; x_wconf 87' lang='grc' dir='ltr'>μαθὼν</span> <span class='ocrx_word' id='word_1_315' title='bbox 1626 2588 1687 2639; x_wconf 79' lang='grc' dir='ltr'><strong>οὐ</strong></span> 
     </span>
    </p>
   </div>
   <div class='ocr_carea' id='block_1_46' title="bbox 91 2674 1686 2752">
    <p class='ocr_par' dir='ltr' id='par_1_46' title="bbox 91 2674 1686 2752">
     <span class='ocr_line' id='line_1_46' title="bbox 91 2674 1686 2752; baseline 0.004 -25"><span class='ocrx_word' id='word_1_316' title='bbox 91 2674 192 2745; x_wconf 79' lang='grc' dir='ltr'>τὴν</span> <span class='ocrx_word' id='word_1_317' title='bbox 226 2674 403 2747; x_wconf 73' lang='grc' dir='ltr'>αὐτὴν</span> <span class='ocrx_word' id='word_1_318' title='bbox 433 2676 638 2730; x_wconf 86' lang='grc' dir='ltr'>ἆπασιν</span> <span class='ocrx_word' id='word_1_319' title='bbox 681 2677 794 2749; x_wconf 77' lang='grc' dir='ltr'>ἔχοι</span> <span class='ocrx_word' id='word_1_320' title='bbox 822 2679 1048 2751; x_wconf 81' lang='grc' dir='ltr'>στολήν;</span> <span class='ocrx_word' id='word_1_321' title='bbox 1082 2699 1101 2731; x_wconf 72' lang='grc' dir='ltr'><strong>ι</strong></span> <span class='ocrx_word' id='word_1_322' title='bbox 1146 2682 1179 2752; x_wconf 78' lang='grc' dir='ltr'><strong>ἡ</strong></span> <span class='ocrx_word' id='word_1_323' title='bbox 1209 2680 1289 2734; x_wconf 87' lang='grc' dir='ltr'>δέ·</span> <span class='ocrx_word' id='word_1_324' title='bbox 1325 2700 1343 2732; x_wconf 78' lang='grc' dir='ltr'><strong>ι</strong></span> <span class='ocrx_word' id='word_1_325' title='bbox 1377 2679 1483 2733; x_wconf 83' lang='grc' dir='ltr'>Τοῦ</span> <span class='ocrx_word' id='word_1_326' title='bbox 1526 2679 1686 2751; x_wconf 84' lang='grc' dir='ltr'>χάριν</span> 
     </span>
    </p>
   </div>
   <div class='ocr_carea' id='block_1_47' title="bbox 90 2765 1682 2845">
    <p class='ocr_par' dir='ltr' id='par_1_47' title="bbox 90 2765 1682 2845">
     <span class='ocr_line' id='line_1_47' title="bbox 90 2765 1682 2845; baseline 0.005 -26"><span class='ocrx_word' id='word_1_327' title='bbox 90 2767 141 2819; x_wconf 71' lang='lat' dir='ltr'><strong>oi</strong></span> <span class='ocrx_word' id='word_1_328' title='bbox 174 2765 460 2838; x_wconf 84' lang='grc' dir='ltr'>ἄνθρωποι</span> <span class='ocrx_word' id='word_1_329' title='bbox 488 2768 620 2822; x_wconf 82' lang='grc' dir='ltr'>Θεὸν</span> <span class='ocrx_word' id='word_1_330' title='bbox 652 2771 815 2826; x_wconf 85' lang='grc' dir='ltr'>αὐτὸν</span> <span class='ocrx_word' id='word_1_331' title='bbox 838 2771 1186 2843; x_wconf 84' lang='grc' dir='ltr'>νενομίκασι;</span> <span class='ocrx_word' id='word_1_332' title='bbox 1226 2791 1243 2824; x_wconf 76' lang='grc' dir='ltr'><strong>ι</strong></span> <span class='ocrx_word' id='word_1_333' title='bbox 1273 2773 1431 2845; x_wconf 83' lang='grc' dir='ltr'>τρίτη</span> <span class='ocrx_word' id='word_1_334' title='bbox 1463 2789 1476 2802; x_wconf 92' lang='grc'><strong>·</strong></span> <span class='ocrx_word' id='word_1_335' title='bbox 1518 2791 1536 2824; x_wconf 85' lang='grc' dir='ltr'><strong>ι</strong></span> <span class='ocrx_word' id='word_1_336' title='bbox 1574 2773 1682 2827; x_wconf 89' lang='grc' dir='ltr'><strong>Πό-</strong></span> 
     </span>
    </p>
   </div>
   <div class='ocr_carea' id='block_1_48' title="bbox 92 2858 1678 2938">
    <p class='ocr_par' dir='ltr' id='par_1_48' title="bbox 92 2858 1678 2938">
     <span class='ocr_line' id='line_1_48' title="bbox 92 2858 1678 2938; baseline 0.004 -25"><span class='ocrx_word' id='word_1_337' title='bbox 92 2858 188 2914; x_wconf 88' lang='grc' dir='ltr'><strong>θεν</strong></span> <span class='ocrx_word' id='word_1_338' title='bbox 246 2864 499 2935; x_wconf 81' lang='grc' dir='ltr'>προείποι</span> <span class='ocrx_word' id='word_1_339' title='bbox 535 2865 803 2933; x_wconf 80' lang='grc' dir='ltr'>Ἐφεσίοις</span> <span class='ocrx_word' id='word_1_340' title='bbox 849 2866 940 2920; x_wconf 82' lang='grc' dir='ltr'><strong>τὸν</strong></span> <span class='ocrx_word' id='word_1_341' title='bbox 983 2866 1203 2938; x_wconf 84' lang='grc' dir='ltr'>λοι’μόν;</span> <span class='ocrx_word' id='word_1_342' title='bbox 1240 2886 1258 2918; x_wconf 76' lang='grc' dir='ltr'><strong>ι</strong></span> <span class='ocrx_word' id='word_1_343' title='bbox 1295 2868 1388 2921; x_wconf 76' lang='grc' dir='ltr'>ἐπὶ</span> <span class='ocrx_word' id='word_1_344' title='bbox 1430 2866 1678 2930; x_wconf 87' lang='grc' dir='ltr'>ταύταις·</span> 
     </span>
    </p>
   </div>
   <div class='ocr_carea' id='block_1_49' title="bbox 95 2952 1683 3029">
    <p class='ocr_par' dir='ltr' id='par_1_49' title="bbox 95 2952 1683 3029">
     <span class='ocr_line' id='line_1_49' title="bbox 95 2952 1683 3029; baseline 0.005 -26"><span class='ocrx_word' id='word_1_345' title='bbox 95 2969 116 3002; x_wconf 73' lang='grc' dir='ltr'><strong>ι</strong></span> <span class='ocrx_word' id='word_1_346' title='bbox 155 2952 282 3006; x_wconf 88' lang='grc' dir='ltr'>Τίνι</span> <span class='ocrx_word' id='word_1_347' title='bbox 331 2952 441 3025; x_wconf 78' lang='grc'><strong>(85)</strong></span> <span class='ocrx_word' id='word_1_348' title='bbox 492 2954 714 3025; x_wconf 81' lang='grc' dir='ltr'>βαδίσας</span> <span class='ocrx_word' id='word_1_349' title='bbox 748 2956 806 3022; x_wconf 85' lang='grc' dir='ltr'>ὲς</span> <span class='ocrx_word' id='word_1_350' title='bbox 852 2957 1020 3029; x_wconf 77' lang='grc' dir='ltr'>ἀγρὸν</span> <span class='ocrx_word' id='word_1_351' title='bbox 1064 2956 1355 3029; x_wconf 84' lang='grc' dir='ltr'>ἁνάτέμνει</span> <span class='ocrx_word' id='word_1_352' title='bbox 1395 2959 1485 3011; x_wconf 85' lang='grc' dir='ltr'><strong>τὸν</strong></span> <span class='ocrx_word' id='word_1_353' title='bbox 1517 2958 1683 3012; x_wconf 89' lang='grc' dir='ltr'>παῖδα</span> 
     </span>
    </p>
   </div>
   <div class='ocr_carea' id='block_1_50' title="bbox 88 3047 1683 3123">
    <p class='ocr_par' dir='ltr' id='par_1_50' title="bbox 88 3047 1683 3123">
     <span class='ocr_line' id='line_1_50' title="bbox 88 3047 1683 3123; baseline 0.004 -24"><span class='ocrx_word' id='word_1_354' title='bbox 88 3047 185 3100; x_wconf 83' lang='grc' dir='ltr'><strong>τδν</strong></span> <span class='ocrx_word' id='word_1_355' title='bbox 234 3047 503 3118; x_wconf 82' lang='grc' dir='ltr'>’Δρκάδα;</span> <span class='ocrx_word' id='word_1_356' title='bbox 544 3070 564 3102; x_wconf 74' lang='grc' dir='ltr'><strong>ι</strong></span> <span class='ocrx_word' id='word_1_357' title='bbox 600 3050 748 3123; x_wconf 78' lang='grc' dir='ltr'>Πρὸς</span> <span class='ocrx_word' id='word_1_358' title='bbox 778 3052 981 3117; x_wconf 86' lang='grc' dir='ltr'>ταύτας</span> <span class='ocrx_word' id='word_1_359' title='bbox 1015 3052 1073 3106; x_wconf 89' lang='grc' dir='ltr'><strong>δέ</strong></span> <span class='ocrx_word' id='word_1_360' title='bbox 1110 3069 1243 3123; x_wconf 82' lang='grc' dir='ltr'>φησι</span> <span class='ocrx_word' id='word_1_361' title='bbox 1274 3055 1369 3106; x_wconf 75' lang='grc' dir='ltr'><strong>καὶ</strong></span> <span class='ocrx_word' id='word_1_362' title='bbox 1408 3053 1507 3123; x_wconf 86' lang='grc' dir='ltr'><strong>τὴν</strong></span> <span class='ocrx_word' id='word_1_363' title='bbox 1549 3053 1683 3106; x_wconf 83' lang='grc' dir='ltr'>ἀπο-</span> 
     </span>
    </p>
   </div>
   <div class='ocr_carea' id='block_1_51' title="bbox 89 3137 1755 3233">
    <p class='ocr_par' dir='ltr' id='par_1_51' title="bbox 89 3137 1755 3233">
     <span class='ocr_line' id='line_1_51' title="bbox 89 3137 1755 3233; baseline 0.004 -42"><span class='ocrx_word' id='word_1_364' title='bbox 89 3137 285 3208; x_wconf 79' lang='grc' dir='ltr'>λογίαν</span> <span class='ocrx_word' id='word_1_365' title='bbox 326 3141 490 3195; x_wconf 79' lang='grc' dir='ltr'>αὑτὸν</span> <span class='ocrx_word' id='word_1_366' title='bbox 529 3145 884 3215; x_wconf 85' lang='grc' dir='ltr'>γεγραφέναι.</span> <span class='ocrx_word' id='word_1_367' title='bbox 938 3144 1212 3217; x_wconf 89' lang='grc' dir='ltr'>Πρότερον</span> <span class='ocrx_word' id='word_1_368' title='bbox 1251 3144 1295 3198; x_wconf 88' lang='grc' dir='ltr'>δ’</span> <span class='ocrx_word' id='word_1_369' title='bbox 1344 3145 1546 3217; x_wconf 76' lang='grc' dir='ltr'>ἱστορεῖ</span> <span class='ocrx_word' id='word_1_370' title='bbox 1595 3144 1684 3197; x_wconf 82' lang='grc' dir='ltr'>δε·</span> <span class='ocrx_word' id='word_1_371' title='bbox 1715 3178 1755 3233; x_wconf 80' lang='lat' dir='ltr'><strong>C</strong></span> 
     </span>
    </p>
   </div>
   <div class='ocr_carea' id='block_1_52' title="bbox 92 3236 1685 3310">
    <p class='ocr_par' dir='ltr' id='par_1_52' title="bbox 92 3236 1685 3310">
     <span class='ocr_line' id='line_1_52' title="bbox 92 3236 1685 3310; baseline 0.003 -24"><span class='ocrx_word' id='word_1_372' title='bbox 92 3237 259 3305; x_wconf 82' lang='grc' dir='ltr'>σμοῖς</span> <span class='ocrx_word' id='word_1_373' title='bbox 292 3236 455 3290; x_wconf 67' lang='grc' dir='ltr'>αὐτὸν</span> <span class='ocrx_word' id='word_1_374' title='bbox 482 3239 875 3310; x_wconf 78' lang='grc' dir='ltr'>παραδοθῆναι,</span> <span class='ocrx_word' id='word_1_375' title='bbox 910 3237 1002 3292; x_wconf 87' lang='grc' dir='ltr'><strong>καί</strong></span> <span class='ocrx_word' id='word_1_376' title='bbox 1027 3254 1081 3290; x_wconf 89' lang='grc' dir='ltr'><strong>τι</strong></span> <span class='ocrx_word' id='word_1_377' title='bbox 1111 3236 1424 3307; x_wconf 83' lang='grc' dir='ltr'>θαυμαστὸν</span> <span class='ocrx_word' id='word_1_378' title='bbox 1449 3236 1685 3290; x_wconf 79' lang='grc' dir='ltr'>ἐνταῦθα</span> 
     </span>
    </p>
   </div>
   <div class='ocr_carea' id='block_1_53' title="bbox 90 3326 1680 3402">
    <p class='ocr_par' dir='ltr' id='par_1_53' title="bbox 90 3326 1680 3402">
     <span class='ocr_line' id='line_1_53' title="bbox 90 3326 1680 3402; baseline 0.007 -26"><span class='ocrx_word' id='word_1_379' title='bbox 90 3326 565 3395; x_wconf 84' lang='grc' dir='ltr'>κατεργάσασθαι.</span> <span class='ocrx_word' id='word_1_380' title='bbox 611 3330 701 3402; x_wconf 80' lang='grc' dir='ltr'>Τῷ</span> <span class='ocrx_word' id='word_1_381' title='bbox 727 3328 836 3398; x_wconf 79' lang='grc' dir='ltr'><strong>γάρ</strong></span> <span class='ocrx_word' id='word_1_382' title='bbox 869 3348 949 3383; x_wconf 90' lang='grc' dir='ltr'><strong>τοι</strong></span> <span class='ocrx_word' id='word_1_383' title='bbox 989 3329 1182 3399; x_wconf 87' lang='grc' dir='ltr'>Δάμιδι</span> <span class='ocrx_word' id='word_1_384' title='bbox 1218 3328 1362 3400; x_wconf 78' lang='grc' dir='ltr'>μάλα</span> <span class='ocrx_word' id='word_1_385' title='bbox 1401 3327 1680 3399; x_wconf 79' lang='grc' dir='ltr'>λυπηρῶς.</span> 
     </span>
    </p>
   </div>
   <div class='ocr_carea' id='block_1_54' title="bbox 89 3416 1686 3493">
    <p class='ocr_par' dir='ltr' id='par_1_54' title="bbox 89 3416 1686 3493">
     <span class='ocr_line' id='line_1_54' title="bbox 89 3416 1686 3493; baseline 0.002 -25"><span class='ocrx_word' id='word_1_386' title='bbox 89 3416 167 3480; x_wconf 80' lang='grc' dir='ltr'><strong>ὡς</strong></span> <span class='ocrx_word' id='word_1_387' title='bbox 200 3416 274 3471; x_wconf 82' lang='grc' dir='ltr'><strong>ἂν</strong></span> <span class='ocrx_word' id='word_1_388' title='bbox 306 3419 401 3471; x_wconf 75' lang='grc' dir='ltr'><strong>ἐπὶ</strong></span> <span class='ocrx_word' id='word_1_389' title='bbox 441 3423 696 3493; x_wconf 87' lang='grc' dir='ltr'>συμφορᾷ</span> <span class='ocrx_word' id='word_1_390' title='bbox 736 3421 831 3476; x_wconf 77' lang='grc' dir='ltr'>τοῦ</span> <span class='ocrx_word' id='word_1_391' title='bbox 862 3421 1182 3475; x_wconf 81' lang='grc' dir='ltr'>διδασκάλου</span> <span class='ocrx_word' id='word_1_392' title='bbox 1213 3421 1560 3491; x_wconf 82' lang='grc' dir='ltr'>διακειμένῳ,</span> <span class='ocrx_word' id='word_1_393' title='bbox 1589 3420 1686 3472; x_wconf 78' lang='grc' dir='ltr'>αύ-</span> 
     </span>
    </p>
   </div>
   <div class='ocr_carea' id='block_1_55' title="bbox 85 3508 1677 3583">
    <p class='ocr_par' dir='ltr' id='par_1_55' title="bbox 85 3508 1677 3583">
     <span class='ocr_line' id='line_1_55' title="bbox 85 3508 1677 3583; baseline 0.001 -24"><span class='ocrx_word' id='word_1_394' title='bbox 85 3509 336 3579; x_wconf 84' lang='grc' dir='ltr'>τόματον</span> <span class='ocrx_word' id='word_1_395' title='bbox 360 3509 624 3575; x_wconf 75' lang='grc' dir='ltr'>ἐπιδεῖξαι</span> <span class='ocrx_word' id='word_1_396' title='bbox 666 3509 956 3582; x_wconf 74' lang='grc' dir='ltr'>λελυμένον</span> <span class='ocrx_word' id='word_1_397' title='bbox 1000 3511 1095 3565; x_wconf 82' lang='grc' dir='ltr'>τοῦ</span> <span class='ocrx_word' id='word_1_398' title='bbox 1131 3511 1331 3583; x_wconf 78' lang='grc' dir='ltr'>δεσμοῦ</span> <span class='ocrx_word' id='word_1_399' title='bbox 1377 3511 1440 3564; x_wconf 84' lang='grc' dir='ltr'><strong>τὸ</strong></span> <span class='ocrx_word' id='word_1_400' title='bbox 1469 3508 1677 3572; x_wconf 82' lang='grc' dir='ltr'>σκέλος·</span> 
     </span>
    </p>
   </div>
   <div class='ocr_carea' id='block_1_56' title="bbox 90 3596 1683 3674">
    <p class='ocr_par' dir='ltr' id='par_1_56' title="bbox 90 3596 1683 3674">
     <span class='ocr_line' id='line_1_56' title="bbox 90 3596 1683 3674; baseline 0.001 -21"><span class='ocrx_word' id='word_1_401' title='bbox 90 3596 216 3654; x_wconf 76' lang='grc' dir='ltr'>εἶτα</span> <span class='ocrx_word' id='word_1_402' title='bbox 253 3600 417 3654; x_wconf 86' lang='grc' dir='ltr'>πάλιν</span> <span class='ocrx_word' id='word_1_403' title='bbox 450 3599 767 3655; x_wconf 75' lang='grc' dir='ltr'>ἀναλαϐόντ’</span> <span class='ocrx_word' id='word_1_404' title='bbox 803 3602 964 3656; x_wconf 74' lang='grc' dir='ltr'>αὐτὸν</span> <span class='ocrx_word' id='word_1_405' title='bbox 1000 3603 1100 3674; x_wconf 87' lang='grc' dir='ltr'><strong>τῆς</strong></span> <span class='ocrx_word' id='word_1_406' title='bbox 1132 3602 1327 3672; x_wconf 83' lang='grc' dir='ltr'>λύπης,</span> <span class='ocrx_word' id='word_1_407' title='bbox 1357 3601 1587 3656; x_wconf 78' lang='grc' dir='ltr'>ἐνθεῖναι</span> <span class='ocrx_word' id='word_1_408' title='bbox 1625 3604 1683 3665; x_wconf 84' lang='grc' dir='ltr'>ὲς</span> 
     </span>
    </p>
   </div>
   <div class='ocr_carea' id='block_1_57' title="bbox 88 3692 1683 3768">
    <p class='ocr_par' dir='ltr' id='par_1_57' title="bbox 88 3692 1683 3768">
     <span class='ocr_line' id='line_1_57' title="bbox 88 3692 1683 3768; baseline 0.002 -23"><span class='ocrx_word' id='word_1_409' title='bbox 88 3692 152 3745; x_wconf 80' lang='grc' dir='ltr'><strong>τδ</strong></span> <span class='ocrx_word' id='word_1_410' title='bbox 180 3693 450 3766; x_wconf 87' lang='grc' dir='ltr'>πρότερον</span> <span class='ocrx_word' id='word_1_411' title='bbox 484 3695 670 3767; x_wconf 88' lang='grc' dir='ltr'>σχῆμα</span> <span class='ocrx_word' id='word_1_412' title='bbox 714 3694 807 3749; x_wconf 77' lang='grc' dir='ltr'><strong>τὸν</strong></span> <span class='ocrx_word' id='word_1_413' title='bbox 850 3696 1004 3750; x_wconf 88' lang='grc' dir='ltr'>πόδα.</span> <span class='ocrx_word' id='word_1_414' title='bbox 1038 3695 1190 3750; x_wconf 83' lang='grc' dir='ltr'>Μετὰ</span> <span class='ocrx_word' id='word_1_415' title='bbox 1222 3695 1401 3760; x_wconf 81' lang='grc' dir='ltr'>τοῦτο,</span> <span class='ocrx_word' id='word_1_416' title='bbox 1427 3695 1683 3768; x_wconf 87' lang='grc' dir='ltr'>κρινόμε-</span> 
     </span>
    </p>
   </div>
   <div class='ocr_carea' id='block_1_58' title="bbox 90 3783 1682 3861">
    <p class='ocr_par' dir='ltr' id='par_1_58' title="bbox 90 3783 1682 3861">
     <span class='ocr_line' id='line_1_58' title="bbox 90 3783 1682 3861; baseline 0.003 -24"><span class='ocrx_word' id='word_1_417' title='bbox 90 3803 183 3838; x_wconf 88' lang='grc' dir='ltr'><strong>νον</strong></span> <span class='ocrx_word' id='word_1_418' title='bbox 216 3787 384 3840; x_wconf 83' lang='grc' dir='ltr'>αύτδν</span> <span class='ocrx_word' id='word_1_419' title='bbox 426 3789 521 3841; x_wconf 74' lang='grc' dir='ltr'><strong>ἐπὶ</strong></span> <span class='ocrx_word' id='word_1_420' title='bbox 565 3788 830 3858; x_wconf 83' lang='grc' dir='ltr'>βασιλέως</span> <span class='ocrx_word' id='word_1_421' title='bbox 862 3788 1214 3861; x_wconf 78' lang='grc' dir='ltr'>Δομετιανοῦ,</span> <span class='ocrx_word' id='word_1_422' title='bbox 1242 3788 1449 3859; x_wconf 84' lang='grc' dir='ltr'>γράφει</span> <span class='ocrx_word' id='word_1_423' title='bbox 1473 3783 1593 3841; x_wconf 78' lang='grc' dir='ltr'>εἶτα</span> <span class='ocrx_word' id='word_1_424' title='bbox 1617 3787 1682 3858; x_wconf 85' lang='grc' dir='ltr'>δὴ</span> 
     </span>
    </p>
   </div>
   <div class='ocr_carea' id='block_1_59' title="bbox 85 3878 1683 3951">
    <p class='ocr_par' dir='ltr' id='par_1_59' title="bbox 85 3878 1683 3951">
     <span class='ocr_line' id='line_1_59' title="bbox 85 3878 1683 3951; baseline 0.001 -20"><span class='ocrx_word' id='word_1_425' title='bbox 85 3879 200 3931; x_wconf 77' lang='grc' dir='ltr'><strong>τῶν</strong></span> <span class='ocrx_word' id='word_1_426' title='bbox 263 3879 629 3951; x_wconf 77' lang='grc' dir='ltr'>ἐγκλημάτων</span> <span class='ocrx_word' id='word_1_427' title='bbox 685 3879 1043 3951; x_wconf 86' lang='grc' dir='ltr'>ἀπολυθῆναι,</span> <span class='ocrx_word' id='word_1_428' title='bbox 1096 3881 1190 3934; x_wconf 59' lang='grc' dir='ltr'><strong>καί¹</strong></span> <span class='ocrx_word' id='word_1_429' title='bbox 1243 3880 1380 3951; x_wconf 78' lang='grc' dir='ltr'>μετὰ</span> <span class='ocrx_word' id='word_1_430' title='bbox 1426 3879 1524 3950; x_wconf 84' lang='grc' dir='ltr'><strong>τὴν</strong></span> <span class='ocrx_word' id='word_1_431' title='bbox 1572 3878 1683 3932; x_wconf 83' lang='grc' dir='ltr'>τῶν</span> 
     </span>
    </p>
   </div>
   <div class='ocr_carea' id='block_1_60' title="bbox 89 3969 1682 4047">
    <p class='ocr_par' dir='ltr' id='par_1_60' title="bbox 89 3969 1682 4047">
     <span class='ocr_line' id='line_1_60' title="bbox 89 3969 1682 4047; baseline 0.001 -24"><span class='ocrx_word' id='word_1_432' title='bbox 89 3970 458 4042; x_wconf 75' lang='grc' dir='ltr'>ἐγκλημάτων</span> <span class='ocrx_word' id='word_1_433' title='bbox 488 3972 662 4040; x_wconf 87' lang='grc' dir='ltr'>λύσιν,</span> <span class='ocrx_word' id='word_1_434' title='bbox 699 3974 801 4026; x_wconf 85' lang='grc' dir='ltr'><strong>ούκ</strong></span> <span class='ocrx_word' id='word_1_435' title='bbox 846 3969 942 4047; x_wconf 83' lang='grc' dir='ltr'>οἷδ’</span> <span class='ocrx_word' id='word_1_436' title='bbox 981 3973 1129 4037; x_wconf 84' lang='grc' dir='ltr'>ὅπως</span> <span class='ocrx_word' id='word_1_437' title='bbox 1164 3972 1427 4045; x_wconf 82' lang='grc' dir='ltr'>ἀκαίρως,</span> <span class='ocrx_word' id='word_1_438' title='bbox 1467 3972 1559 4044; x_wconf 74' lang='grc' dir='ltr'><strong>μοὶ</strong></span> <span class='ocrx_word' id='word_1_439' title='bbox 1598 3971 1682 4024; x_wconf 86' lang='grc' dir='ltr'>δο-</span> 
     </span>
    </p>
   </div>
   <div class='ocr_carea' id='block_1_61' title="bbox 89 4062 1674 4138">
    <p class='ocr_par' dir='ltr' id='par_1_61' title="bbox 89 4062 1674 4138">
     <span class='ocr_line' id='line_1_61' title="bbox 89 4062 1674 4138; baseline 0.003 -24"><span class='ocrx_word' id='word_1_440' title='bbox 89 4065 199 4124; x_wconf 86' lang='grc' dir='ltr'>κεῖ,</span> <span class='ocrx_word' id='word_1_441' title='bbox 226 4063 285 4115; x_wconf 83' lang='grc' dir='ltr'>ὲν</span> <span class='ocrx_word' id='word_1_442' title='bbox 324 4062 404 4132; x_wconf 83' lang='grc' dir='ltr'>τῷ</span> <span class='ocrx_word' id='word_1_443' title='bbox 431 4064 772 4136; x_wconf 86' lang='grc' dir='ltr'>δικαστηρίῳ</span> <span class='ocrx_word' id='word_1_444' title='bbox 802 4063 939 4120; x_wconf 83' lang='grc' dir='ltr'>αὐτὰ</span> <span class='ocrx_word' id='word_1_445' title='bbox 981 4065 1044 4136; x_wconf 85' lang='grc' dir='ltr'>δὴ</span> <span class='ocrx_word' id='word_1_446' title='bbox 1083 4064 1255 4118; x_wconf 82' lang='grc' dir='ltr'>ταῦτα</span> <span class='ocrx_word' id='word_1_447' title='bbox 1285 4067 1636 4138; x_wconf 75' lang='grc' dir='ltr'>ἀναφωνῆσαι</span> <span class='ocrx_word' id='word_1_448' title='bbox 1661 4082 1674 4095; x_wconf 78' lang='grc' dir='ltr'><strong>ο</strong></span> 
     </span>
    </p>
   </div>
   <div class='ocr_carea' id='block_1_62' title="bbox 93 4150 1678 4227">
    <p class='ocr_par' dir='ltr' id='par_1_62' title="bbox 93 4150 1678 4227">
     <span class='ocr_line' id='line_1_62' title="bbox 93 4150 1678 4227; baseline 0.005 -26"><span class='ocrx_word' id='word_1_449' title='bbox 93 4167 114 4201; x_wconf 77' lang='grc' dir='ltr'><strong>σ</strong></span> <span class='ocrx_word' id='word_1_450' title='bbox 155 4150 279 4213; x_wconf 80' lang='grc' dir='ltr'>Δὸς,</span> <span class='ocrx_word' id='word_1_451' title='bbox 314 4153 363 4204; x_wconf 85' lang='grc' dir='ltr'><strong>εί</strong></span> <span class='ocrx_word' id='word_1_452' title='bbox 387 4150 579 4222; x_wconf 84' lang='grc' dir='ltr'>βούλει</span> <span class='ocrx_word' id='word_1_453' title='bbox 601 4152 733 4225; x_wconf 83' lang='grc'>(86),</span> <span class='ocrx_word' id='word_1_454' title='bbox 760 4154 929 4225; x_wconf 62' lang='grc' dir='ltr'><strong>κάμοὶ⁸</strong></span> <span class='ocrx_word' id='word_1_455' title='bbox 963 4156 1147 4208; x_wconf 85' lang='grc' dir='ltr'>τόπον.</span> <span class='ocrx_word' id='word_1_456' title='bbox 1174 4155 1237 4208; x_wconf 88' lang='grc' dir='ltr'><strong>Εἰ</strong></span> <span class='ocrx_word' id='word_1_457' title='bbox 1269 4153 1326 4208; x_wconf 79' lang='grc' dir='ltr'><strong>δὲ</strong></span> <span class='ocrx_word' id='word_1_458' title='bbox 1360 4156 1457 4227; x_wconf 83' lang='grc' dir='ltr'><strong>μὴ,</strong></span> <span class='ocrx_word' id='word_1_459' title='bbox 1492 4156 1678 4227; x_wconf 86' lang='grc' dir='ltr'>πέμπε</span> 
     </span>
    </p>
   </div>
   <div class='ocr_carea' id='block_1_63' title="bbox 85 4240 1677 4319">
    <p class='ocr_par' dir='ltr' id='par_1_63' title="bbox 85 4240 1677 4319">
     <span class='ocr_line' id='line_1_63' title="bbox 85 4240 1677 4319; baseline 0.006 -27"><span class='ocrx_word' id='word_1_460' title='bbox 85 4241 182 4294; x_wconf 78' lang='grc' dir='ltr'><strong>τὸν</strong></span> <span class='ocrx_word' id='word_1_461' title='bbox 218 4240 527 4313; x_wconf 68' lang='grc' dir='ltr'>ληψόμενόν</span> <span class='ocrx_word' id='word_1_462' title='bbox 560 4262 662 4316; x_wconf 89' lang='grc' dir='ltr'><strong>μου</strong></span> <span class='ocrx_word' id='word_1_463' title='bbox 691 4244 971 4317; x_wconf 24' lang='grc' dir='ltr'>τδθσῶμαο</span> <span class='ocrx_word' id='word_1_464' title='bbox 1002 4246 1105 4318; x_wconf 79' lang='grc' dir='ltr'>τὴν</span> <span class='ocrx_word' id='word_1_465' title='bbox 1137 4245 1247 4317; x_wconf 86' lang='grc' dir='ltr'>γὰρ</span> <span class='ocrx_word' id='word_1_466' title='bbox 1277 4247 1454 4319; x_wconf 79' lang='grc' dir='ltr'>ψυχὴν</span> <span class='ocrx_word' id='word_1_467' title='bbox 1481 4246 1677 4301; x_wconf 84' lang='grc' dir='ltr'>ἀδύνα-</span> 
     </span>
    </p>
   </div>
   <div class='ocr_carea' id='block_1_64' title="bbox 84 4332 1601 4416">
    <p class='ocr_par' dir='ltr' id='par_1_64' title="bbox 84 4332 1601 4416">
     <span class='ocr_line' id='line_1_64' title="bbox 84 4332 1601 4416; baseline 0.004 -31"><span class='ocrx_word' id='word_1_468' title='bbox 84 4349 204 4398; x_wconf 84' lang='grc' dir='ltr'>τον,</span> <span class='ocrx_word' id='word_1_469' title='bbox 238 4334 444 4405; x_wconf 80' lang='grc' dir='ltr'>μᾶλλον</span> <span class='ocrx_word' id='word_1_470' title='bbox 481 4335 526 4389; x_wconf 88' lang='grc' dir='ltr'>δ’</span> <span class='ocrx_word' id='word_1_471' title='bbox 566 4336 675 4390; x_wconf 75' lang='grc' dir='ltr'>οὐδ’</span> <span class='ocrx_word' id='word_1_472' title='bbox 705 4335 772 4391; x_wconf 83' lang='grc' dir='ltr'><strong>ἂν</strong></span> <span class='ocrx_word' id='word_1_473' title='bbox 806 4332 866 4391; x_wconf 79' lang='grc' dir='ltr'>τὸ</span> <span class='ocrx_word' id='word_1_474' title='bbox 909 4333 1070 4416; x_wconf 68' lang='grc' dir='ltr'>σῶμα</span> <span class='ocrx_word' id='word_1_475' title='bbox 1097 4338 1298 4411; x_wconf 79' lang='grc' dir='ltr'>τούμὸν</span> <span class='ocrx_word' id='word_1_476' title='bbox 1333 4338 1536 4403; x_wconf 80' lang='grc' dir='ltr'>λάϐοις.</span> <span class='ocrx_word' id='word_1_477' title='bbox 1582 4358 1601 4391; x_wconf 70' lang='grc' dir='ltr'><strong>ι</strong></span> 
     </span>
    </p>
   </div>
   <div class='ocr_carea' id='block_1_65' title="bbox 163 4624 1667 4701">
    <p class='ocr_par' dir='ltr' id='par_1_65' title="bbox 163 4624 1667 4701">
     <span class='ocr_line' id='line_1_65' title="bbox 163 4624 1667 4701; baseline 0.003 -21"><span class='ocrx_word' id='word_1_478' title='bbox 163 4627 250 4680; x_wconf 82' lang='grc' dir='ltr'><strong>Οὐ</strong></span> <span class='ocrx_word' id='word_1_479' title='bbox 282 4624 391 4696; x_wconf 71' lang='grc' dir='ltr'><strong>γάρ</strong></span> <span class='ocrx_word' id='word_1_480' title='bbox 423 4644 500 4696; x_wconf 82' lang='grc' dir='ltr'><strong>με</strong></span> <span class='ocrx_word' id='word_1_481' title='bbox 525 4627 800 4696; x_wconf 74' lang='grc' dir='ltr'>κτενέεις,</span> <span class='ocrx_word' id='word_1_482' title='bbox 833 4630 960 4684; x_wconf 80' lang='grc' dir='ltr'>ἐπεὶ</span> <span class='ocrx_word' id='word_1_483' title='bbox 1000 4631 1165 4686; x_wconf 81' lang='grc' dir='ltr'>οὗτοι</span> <span class='ocrx_word' id='word_1_484' title='bbox 1200 4631 1496 4701; x_wconf 80' lang='grc' dir='ltr'>μόρσιμός</span> <span class='ocrx_word' id='word_1_485' title='bbox 1531 4633 1667 4700; x_wconf 78' lang='grc' dir='ltr'>ειμι.</span> 
     </span>
    </p>
   </div>
   <div class='ocr_carea' id='block_1_66' title="bbox 156 4734 1675 4813">
    <p class='ocr_par' dir='ltr' id='par_1_66' title="bbox 156 4734 1675 4813">
     <span class='ocr_line' id='line_1_66' title="bbox 156 4734 1675 4813; baseline 0.003 -23"><span class='ocrx_word' id='word_1_486' title='bbox 156 4734 277 4790; x_wconf 73' lang='grc' dir='ltr'><strong>Καὶ</strong></span> <span class='ocrx_word' id='word_1_487' title='bbox 307 4736 372 4808; x_wconf 86' lang='grc' dir='ltr'>δὴ</span> <span class='ocrx_word' id='word_1_488' title='bbox 416 4737 509 4790; x_wconf 70' lang='grc' dir='ltr'><strong>ἐπὶ</strong></span> <span class='ocrx_word' id='word_1_489' title='bbox 546 4738 720 4811; x_wconf 88' lang='grc' dir='ltr'>τούτῳ</span> <span class='ocrx_word' id='word_1_490' title='bbox 750 4739 831 4813; x_wconf 79' lang='grc' dir='ltr'>τῷ</span> <span class='ocrx_word' id='word_1_491' title='bbox 874 4740 1185 4813; x_wconf 77' lang='grc' dir='ltr'>περιϐοήτῳ</span> <span class='ocrx_word' id='word_1_492' title='bbox 1230 4743 1437 4811; x_wconf 79' lang='grc' dir='ltr'>ῥήματι</span> <span class='ocrx_word' id='word_1_493' title='bbox 1484 4743 1675 4810; x_wconf 83' lang='grc' dir='ltr'>ἀφανι-</span> 
     </span>
    </p>
   </div>
   <div class='ocr_carea' id='block_1_67' title="bbox 85 4823 1673 4901">
    <p class='ocr_par' dir='ltr' id='par_1_67' title="bbox 85 4823 1673 4901">
     <span class='ocr_line' id='line_1_67' title="bbox 85 4823 1673 4901; baseline 0.005 -25"><span class='ocrx_word' id='word_1_494' title='bbox 85 4823 288 4893; x_wconf 81' lang='grc' dir='ltr'>σθῆναι</span> <span class='ocrx_word' id='word_1_495' title='bbox 312 4825 407 4878; x_wconf 79' lang='grc' dir='ltr'><strong>τοῦ</strong></span> <span class='ocrx_word' id='word_1_496' title='bbox 438 4826 788 4900; x_wconf 86' lang='grc' dir='ltr'>δικαστηρίου</span> <span class='ocrx_word' id='word_1_497' title='bbox 825 4831 990 4901; x_wconf 84' lang='grc' dir='ltr'>φησὶν</span> <span class='ocrx_word' id='word_1_498' title='bbox 1018 4831 1202 4885; x_wconf 80' lang='grc' dir='ltr'>αὐτόν.</span> <span class='ocrx_word' id='word_1_499' title='bbox 1227 4832 1337 4885; x_wconf 81' lang='grc' dir='ltr'>Καὶ</span> <span class='ocrx_word' id='word_1_500' title='bbox 1359 4834 1417 4885; x_wconf 78' lang='grc' dir='ltr'>ὲν</span> <span class='ocrx_word' id='word_1_501' title='bbox 1442 4832 1673 4896; x_wconf 87' lang='grc' dir='ltr'>τούτοις,</span> 
     </span>
    </p>
   </div>
   <div class='ocr_carea' id='block_1_68' title="bbox 82 4916 1139 4995">
    <p class='ocr_par' dir='ltr' id='par_1_68' title="bbox 82 4916 1139 4995">
     <span class='ocr_line' id='line_1_68' title="bbox 82 4916 1139 4995; baseline 0.007 -24"><span class='ocrx_word' id='word_1_502' title='bbox 82 4917 144 4971; x_wconf 75' lang='grc' dir='ltr'>τὲ</span> <span class='ocrx_word' id='word_1_503' title='bbox 182 4916 315 4989; x_wconf 77' lang='grc' dir='ltr'>περὶ</span> <span class='ocrx_word' id='word_1_504' title='bbox 346 4918 511 4973; x_wconf 79' lang='grc' dir='ltr'>αὐτοῦ</span> <span class='ocrx_word' id='word_1_505' title='bbox 544 4921 914 4994; x_wconf 82' lang='grc' dir='ltr'>καταστρέφει</span> <span class='ocrx_word' id='word_1_506' title='bbox 936 4922 1139 4995; x_wconf 82' lang='grc' dir='ltr'>δρᾶμα.</span> 
     </span>
    </p>
   </div>
   <div class='ocr_carea' id='block_1_69' title="bbox 2305 2214 2848 2274">
    <p class='ocr_par' dir='ltr' id='par_1_69' title="bbox 2305 2214 2848 2274">
     <span class='ocr_line' id='line_1_69' title="bbox 2305 2214 2848 2274; baseline 0.004 -2"><span class='ocrx_word' id='word_1_507' title='bbox 2305 2214 2541 2272; x_wconf 81' lang='lat' dir='ltr'><strong>CAPUT</strong></span> <span class='ocrx_word' id='word_1_508' title='bbox 2579 2216 2848 2274; x_wconf 80' lang='lat' dir='ltr'><strong>XXXVIII</strong></span> 
     </span>
    </p>
   </div>
   <div class='ocr_carea' id='block_1_70' title="bbox 1866 2305 3370 2385">
    <p class='ocr_par' dir='ltr' id='par_1_70' title="bbox 1866 2305 3370 2385">
     <span class='ocr_line' id='line_1_70' title="bbox 1866 2305 3370 2385; baseline 0.006 -25"><span class='ocrx_word' id='word_1_509' title='bbox 1866 2305 1998 2362; x_wconf 90' lang='lat' dir='ltr'><strong>Post</strong></span> <span class='ocrx_word' id='word_1_510' title='bbox 2029 2307 2145 2362; x_wconf 75' lang='lat' dir='ltr'><strong>haec</strong></span> <span class='ocrx_word' id='word_1_511' title='bbox 2164 2306 2535 2365; x_wconf 85' lang='lat' dir='ltr'><strong>Philostratus</strong></span> <span class='ocrx_word' id='word_1_512' title='bbox 2559 2320 2795 2380; x_wconf 88' lang='lat' dir='ltr'><strong>quatuor</strong></span> <span class='ocrx_word' id='word_1_513' title='bbox 2820 2311 3190 2370; x_wconf 86' lang='lat' dir='ltr'><strong>accusationis</strong></span> <span class='ocrx_word' id='word_1_514' title='bbox 3219 2314 3370 2385; x_wconf 88' lang='lat' dir='ltr'><strong>capi-</strong></span> 
     </span>
    </p>
   </div>
   <div class='ocr_carea' id='block_1_71' title="bbox 1792 2398 3365 2474">
    <p class='ocr_par' dir='ltr' id='par_1_71' title="bbox 1792 2398 3365 2474">
     <span class='ocr_line' id='line_1_71' title="bbox 1792 2398 3365 2474; baseline 0.004 -22"><span class='ocrx_word' id='word_1_515' title='bbox 1792 2405 1869 2463; x_wconf 90' lang='lat' dir='ltr'><strong>ta,</strong></span> <span class='ocrx_word' id='word_1_516' title='bbox 1925 2414 2049 2470; x_wconf 70' lang='lat' dir='ltr'><strong>quae</strong></span> <span class='ocrx_word' id='word_1_517' title='bbox 2097 2398 2259 2455; x_wconf 79' lang='lat' dir='ltr'><strong>facile</strong></span> <span class='ocrx_word' id='word_1_518' title='bbox 2301 2414 2360 2455; x_wconf 89' lang='lat' dir='ltr'><strong>se</strong></span> <span class='ocrx_word' id='word_1_519' title='bbox 2406 2401 2655 2471; x_wconf 85' lang='lat' dir='ltr'><strong>apologia</strong></span> <span class='ocrx_word' id='word_1_520' title='bbox 2693 2402 2904 2457; x_wconf 84' lang='lat' dir='ltr'><strong>diluere</strong></span> <span class='ocrx_word' id='word_1_521' title='bbox 2935 2417 3097 2473; x_wconf 87' lang='lat' dir='ltr'><strong>posse</strong></span> <span class='ocrx_word' id='word_1_522' title='bbox 3127 2414 3365 2474; x_wconf 84' lang='lat' dir='ltr'><strong>putaret,</strong></span> 
     </span>
    </p>
   </div>
   <div class='ocr_carea' id='block_1_72' title="bbox 1793 2491 3367 2561">
    <p class='ocr_par' dir='ltr' id='par_1_72' title="bbox 1793 2491 3367 2561">
     <span class='ocr_line' id='line_1_72' title="bbox 1793 2491 3367 2561; baseline 0.002 -16"><span class='ocrx_word' id='word_1_523' title='bbox 1793 2491 2022 2560; x_wconf 83' lang='lat' dir='ltr'><strong>exponit</strong></span> <span class='ocrx_word' id='word_1_524' title='bbox 2049 2491 2070 2522; x_wconf 82' lang='grc'>⁸</span> <span class='ocrx_word' id='word_1_525' title='bbox 2095 2509 2109 2546; x_wconf 90' lang='lat'><strong>:</strong></span> <span class='ocrx_word' id='word_1_526' title='bbox 2142 2506 2208 2546; x_wconf 86' lang='lat' dir='ltr'><strong>ex</strong></span> <span class='ocrx_word' id='word_1_527' title='bbox 2236 2491 2489 2561; x_wconf 90' lang='lat' dir='ltr'><strong>pluribus</strong></span> <span class='ocrx_word' id='word_1_528' title='bbox 2517 2492 2642 2548; x_wconf 89' lang='lat' dir='ltr'><strong>aliis</strong></span> <span class='ocrx_word' id='word_1_529' title='bbox 2677 2508 2871 2548; x_wconf 90' lang='lat' dir='ltr'><strong>eorum</strong></span> <span class='ocrx_word' id='word_1_530' title='bbox 2901 2492 3175 2549; x_wconf 88' lang='lat' dir='ltr'><strong>delectum</strong></span> <span class='ocrx_word' id='word_1_531' title='bbox 3206 2494 3367 2550; x_wconf 88' lang='lat' dir='ltr'><strong>habi-</strong></span> 
     </span>
    </p>
   </div>
   <div class='ocr_carea' id='block_1_73' title="bbox 1791 2582 3368 2656">
    <p class='ocr_par' dir='ltr' id='par_1_73' title="bbox 1791 2582 3368 2656">
     <span class='ocr_line' id='line_1_73' title="bbox 1791 2582 3368 2656; baseline 0.006 -22"><span class='ocrx_word' id='word_1_532' title='bbox 1791 2590 1907 2636; x_wconf 92' lang='lat' dir='ltr'><strong>tum</strong></span> <span class='ocrx_word' id='word_1_533' title='bbox 1929 2597 2054 2638; x_wconf 90' lang='lat' dir='ltr'><strong>esse</strong></span> <span class='ocrx_word' id='word_1_534' title='bbox 2084 2583 2358 2654; x_wconf 84' lang='lat' dir='ltr'><strong>inquiens.</strong></span> <span class='ocrx_word' id='word_1_535' title='bbox 2385 2582 2593 2639; x_wconf 85' lang='lat' dir='ltr'><strong>Horum</strong></span> <span class='ocrx_word' id='word_1_536' title='bbox 2626 2586 2860 2656; x_wconf 89' lang='lat' dir='ltr'><strong>primum</strong></span> <span class='ocrx_word' id='word_1_537' title='bbox 2895 2593 3052 2642; x_wconf 90' lang='lat' dir='ltr'><strong>erat:</strong></span> <span class='ocrx_word' id='word_1_538' title='bbox 3097 2605 3115 2638; x_wconf 79' lang='grc' dir='ltr'><strong>ι</strong></span> <span class='ocrx_word' id='word_1_539' title='bbox 3154 2587 3273 2654; x_wconf 84' lang='lat' dir='ltr'><strong>Qua</strong></span> <span class='ocrx_word' id='word_1_540' title='bbox 3299 2587 3368 2644; x_wconf 86' lang='lat' dir='ltr'><strong>de</strong></span> 
     </span>
    </p>
   </div>
   <div class='ocr_carea' id='block_1_74' title="bbox 1794 2675 3368 2748">
    <p class='ocr_par' dir='ltr' id='par_1_74' title="bbox 1794 2675 3368 2748">
     <span class='ocr_line' id='line_1_74' title="bbox 1794 2675 3368 2748; baseline 0.005 -19"><span class='ocrx_word' id='word_1_541' title='bbox 1794 2689 1963 2730; x_wconf 89' lang='lat' dir='ltr'><strong>causa</strong></span> <span class='ocrx_word' id='word_1_542' title='bbox 1985 2675 2175 2732; x_wconf 89' lang='lat' dir='ltr'><strong>eodem</strong></span> <span class='ocrx_word' id='word_1_543' title='bbox 2209 2692 2317 2748; x_wconf 90' lang='lat' dir='ltr'><strong>quo</strong></span> <span class='ocrx_word' id='word_1_544' title='bbox 2339 2679 2524 2733; x_wconf 73' lang='lat' dir='ltr'><strong>caeteri</strong></span> <span class='ocrx_word' id='word_1_545' title='bbox 2548 2679 2736 2734; x_wconf 91' lang='lat' dir='ltr'><strong>habitu</strong></span> <span class='ocrx_word' id='word_1_546' title='bbox 2774 2695 2884 2734; x_wconf 92' lang='lat' dir='ltr'><strong>non</strong></span> <span class='ocrx_word' id='word_1_547' title='bbox 2914 2682 3135 2736; x_wconf 83' lang='lat' dir='ltr'><strong>utatur?</strong></span> <span class='ocrx_word' id='word_1_548' title='bbox 3165 2701 3184 2734; x_wconf 76' lang='grc' dir='ltr'><strong>ι</strong></span> <span class='ocrx_word' id='word_1_549' title='bbox 3217 2682 3368 2737; x_wconf 58' lang='lat' dir='ltr'><strong>Alte.</strong></span> 
     </span>
    </p>
   </div>
   <div class='ocr_carea' id='block_1_75' title="bbox 1792 2769 3364 2844">
    <p class='ocr_par' dir='ltr' id='par_1_75' title="bbox 1792 2769 3364 2844">
     <span class='ocr_line' id='line_1_75' title="bbox 1792 2769 3364 2844; baseline 0.003 -21"><span class='ocrx_word' id='word_1_550' title='bbox 1792 2784 1917 2824; x_wconf 90' lang='lat' dir='ltr'><strong>rum</strong></span> <span class='ocrx_word' id='word_1_551' title='bbox 1947 2784 2114 2840; x_wconf 89' lang='lat' dir='ltr'><strong>porro</strong></span> <span class='ocrx_word' id='word_1_552' title='bbox 2145 2787 2158 2824; x_wconf 92' lang='lat'><strong>:</strong></span> <span class='ocrx_word' id='word_1_553' title='bbox 2189 2788 2210 2821; x_wconf 77' lang='grc' dir='ltr'><strong>ι</strong></span> <span class='ocrx_word' id='word_1_554' title='bbox 2247 2769 2428 2834; x_wconf 85' lang='lat' dir='ltr'><strong>Ouare</strong></span> <span class='ocrx_word' id='word_1_555' title='bbox 2467 2772 2629 2827; x_wconf 90' lang='lat' dir='ltr'><strong>deum</strong></span> <span class='ocrx_word' id='word_1_556' title='bbox 2684 2772 2864 2842; x_wconf 89' lang='lat' dir='ltr'><strong>ipsum</strong></span> <span class='ocrx_word' id='word_1_557' title='bbox 2896 2773 3146 2830; x_wconf 88' lang='lat' dir='ltr'><strong>homines</strong></span> <span class='ocrx_word' id='word_1_558' title='bbox 3175 2782 3364 2844; x_wconf 88' lang='lat' dir='ltr'><strong>putent</strong></span> 
     </span>
    </p>
   </div>
   <div class='ocr_carea' id='block_1_76' title="bbox 1790 2861 3363 2937">
    <p class='ocr_par' dir='ltr' id='par_1_76' title="bbox 1790 2861 3363 2937">
     <span class='ocr_line' id='line_1_76' title="bbox 1790 2861 3363 2937; baseline 0.004 -21"><span class='ocrx_word' id='word_1_559' title='bbox 1790 2862 1947 2917; x_wconf 89' lang='lat' dir='ltr'><strong>esse?</strong></span> <span class='ocrx_word' id='word_1_560' title='bbox 1975 2883 1993 2915; x_wconf 73' lang='grc' dir='ltr'><strong>ι</strong></span> <span class='ocrx_word' id='word_1_561' title='bbox 2016 2861 2291 2919; x_wconf 90' lang='lat' dir='ltr'><strong>Tertium:</strong></span> <span class='ocrx_word' id='word_1_562' title='bbox 2314 2881 2333 2914; x_wconf 86' lang='grc'><strong>‹</strong></span> <span class='ocrx_word' id='word_1_563' title='bbox 2355 2862 2600 2930; x_wconf 83' lang='lat' dir='ltr'><strong>Quanam</strong></span> <span class='ocrx_word' id='word_1_564' title='bbox 2630 2864 2845 2920; x_wconf 86' lang='lat' dir='ltr'><strong>ratione</strong></span> <span class='ocrx_word' id='word_1_565' title='bbox 2877 2872 3087 2936; x_wconf 89' lang='lat' dir='ltr'><strong>pestem</strong></span> <span class='ocrx_word' id='word_1_566' title='bbox 3114 2864 3363 2937; x_wconf 83' lang='lat' dir='ltr'><strong>Ephesiis</strong></span> 
     </span>
    </p>
   </div>
   <div class='ocr_carea' id='block_1_77' title="bbox 1790 2954 3363 3029">
    <p class='ocr_par' dir='ltr' id='par_1_77' title="bbox 1790 2954 3363 3029">
     <span class='ocr_line' id='line_1_77' title="bbox 1790 2954 3363 3029; baseline 0.004 -21"><span class='ocrx_word' id='word_1_567' title='bbox 1790 2954 2167 3010; x_wconf 84' lang='lat' dir='ltr'><strong>imminentem</strong></span> <span class='ocrx_word' id='word_1_568' title='bbox 2217 2956 2569 3026; x_wconf 62' lang='lat' dir='ltr'><strong>praedixerit?</strong></span> <span class='ocrx_word' id='word_1_569' title='bbox 2606 2977 2625 3010; x_wconf 81' lang='grc'><strong>›</strong></span> <span class='ocrx_word' id='word_1_570' title='bbox 2660 2956 2929 3013; x_wconf 63' lang='lat' dir='ltr'><strong>Praeterea</strong></span> <span class='ocrx_word' id='word_1_571' title='bbox 2964 2976 2978 3012; x_wconf 91' lang='lat'><strong>:</strong></span> <span class='ocrx_word' id='word_1_572' title='bbox 3014 2975 3034 3009; x_wconf 81' lang='grc' dir='ltr'><strong>ι</strong></span> <span class='ocrx_word' id='word_1_573' title='bbox 3087 2957 3148 3013; x_wconf 90' lang='lat' dir='ltr'><strong>In</strong></span> <span class='ocrx_word' id='word_1_574' title='bbox 3203 2958 3363 3029; x_wconf 86' lang='lat' dir='ltr'><strong>cujus</strong></span> 
     </span>
    </p>
   </div>
   <div class='ocr_carea' id='block_1_78' title="bbox 1789 3046 3362 3120">
    <p class='ocr_par' dir='ltr' id='par_1_78' title="bbox 1789 3046 3362 3120">
     <span class='ocr_line' id='line_1_78' title="bbox 1789 3046 3362 3120; baseline 0.005 -22"><span class='ocrx_word' id='word_1_575' title='bbox 1789 3046 2023 3117; x_wconf 77' lang='lat' dir='ltr'><strong>gratiam</strong></span> <span class='ocrx_word' id='word_1_576' title='bbox 2057 3047 2113 3100; x_wconf 94' lang='lat' dir='ltr'><strong>in</strong></span> <span class='ocrx_word' id='word_1_577' title='bbox 2148 3061 2340 3118; x_wconf 68' lang='lat' dir='ltr'><strong>agnum</strong></span> <span class='ocrx_word' id='word_1_578' title='bbox 2364 3047 2664 3118; x_wconf 81' lang='lat' dir='ltr'><strong>profectus,</strong></span> <span class='ocrx_word' id='word_1_579' title='bbox 2693 3048 2961 3105; x_wconf 80' lang='lat' dir='ltr'><strong>Arcadem</strong></span> <span class='ocrx_word' id='word_1_580' title='bbox 2982 3065 3212 3120; x_wconf 88' lang='lat' dir='ltr'><strong>puerum</strong></span> <span class='ocrx_word' id='word_1_581' title='bbox 3242 3050 3362 3106; x_wconf 85' lang='lat' dir='ltr'><strong>dis-</strong></span> 
     </span>
    </p>
   </div>
   <div class='ocr_carea' id='block_1_79' title="bbox 1791 3139 3359 3214">
    <p class='ocr_par' dir='ltr' id='par_1_79' title="bbox 1791 3139 3359 3214">
     <span class='ocr_line' id='line_1_79' title="bbox 1791 3139 3359 3214; baseline 0.001 -19"><span class='ocrx_word' id='word_1_582' title='bbox 1791 3139 2101 3209; x_wconf 87' lang='lat' dir='ltr'><strong>cerpserit?</strong></span> <span class='ocrx_word' id='word_1_583' title='bbox 2138 3159 2158 3192; x_wconf 73' lang='grc' dir='ltr'><strong>ι</strong></span> <span class='ocrx_word' id='word_1_584' title='bbox 2192 3140 2371 3210; x_wconf 85' lang='lat' dir='ltr'><strong>Atque</strong></span> <span class='ocrx_word' id='word_1_585' title='bbox 2412 3140 2482 3196; x_wconf 87' lang='lat' dir='ltr'><strong>ad</strong></span> <span class='ocrx_word' id='word_1_586' title='bbox 2535 3140 2857 3211; x_wconf 90' lang='lat' dir='ltr'><strong>depellenda</strong></span> <span class='ocrx_word' id='word_1_587' title='bbox 2900 3141 3004 3197; x_wconf 83' lang='lat' dir='ltr'><strong>ista</strong></span> <span class='ocrx_word' id='word_1_588' title='bbox 3054 3142 3359 3214; x_wconf 86' lang='lat' dir='ltr'><strong>apologiam</strong></span> 
     </span>
    </p>
   </div>
   <div class='ocr_carea' id='block_1_80' title="bbox 1788 3233 3361 3302">
    <p class='ocr_par' dir='ltr' id='par_1_80' title="bbox 1788 3233 3361 3302">
     <span class='ocr_line' id='line_1_80' title="bbox 1788 3233 3361 3302; baseline 0.003 -17"><span class='ocrx_word' id='word_1_589' title='bbox 1788 3246 2010 3302; x_wconf 88' lang='lat' dir='ltr'><strong>quoque</strong></span> <span class='ocrx_word' id='word_1_590' title='bbox 2041 3246 2168 3287; x_wconf 88' lang='lat' dir='ltr'><strong>eum</strong></span> <span class='ocrx_word' id='word_1_591' title='bbox 2199 3233 2491 3302; x_wconf 88' lang='lat' dir='ltr'><strong>scripsisse</strong></span> <span class='ocrx_word' id='word_1_592' title='bbox 2520 3233 2597 3287; x_wconf 87' lang='lat' dir='ltr'><strong>ait</strong></span> <span class='ocrx_word' id='word_1_593' title='bbox 2626 3234 2667 3289; x_wconf 79' lang='grc'>⁸.</span> <span class='ocrx_word' id='word_1_594' title='bbox 2699 3233 2841 3289; x_wconf 85' lang='lat' dir='ltr'><strong>Ante</strong></span> <span class='ocrx_word' id='word_1_595' title='bbox 2869 3248 2999 3289; x_wconf 89' lang='lat' dir='ltr'><strong>vero</strong></span> <span class='ocrx_word' id='word_1_596' title='bbox 3041 3233 3096 3299; x_wconf 85' lang='lat' dir='ltr'><strong>in</strong></span> <span class='ocrx_word' id='word_1_597' title='bbox 3140 3234 3361 3289; x_wconf 88' lang='lat' dir='ltr'><strong>vincula</strong></span> 
     </span>
    </p>
   </div>
   <div class='ocr_carea' id='block_1_81' title="bbox 1787 3323 3361 3395">
    <p class='ocr_par' dir='ltr' id='par_1_81' title="bbox 1787 3323 3361 3395">
     <span class='ocr_line' id='line_1_81' title="bbox 1787 3323 3361 3395; baseline 0.002 -18"><span class='ocrx_word' id='word_1_598' title='bbox 1787 3338 1914 3378; x_wconf 90' lang='lat' dir='ltr'><strong>eum</strong></span> <span class='ocrx_word' id='word_1_599' title='bbox 1944 3323 2257 3393; x_wconf 84' lang='lat' dir='ltr'><strong>conjectum</strong></span> <span class='ocrx_word' id='word_1_600' title='bbox 2289 3331 2575 3388; x_wconf 89' lang='lat' dir='ltr'><strong>memorat,</strong></span> <span class='ocrx_word' id='word_1_601' title='bbox 2618 3332 2782 3395; x_wconf 87' lang='lat' dir='ltr'><strong>atque</strong></span> <span class='ocrx_word' id='word_1_602' title='bbox 2803 3325 2861 3379; x_wconf 89' lang='lat' dir='ltr'><strong>in</strong></span> <span class='ocrx_word' id='word_1_603' title='bbox 2895 3325 2964 3381; x_wconf 91' lang='lat' dir='ltr'><strong>iis</strong></span> <span class='ocrx_word' id='word_1_604' title='bbox 2989 3325 3155 3380; x_wconf 89' lang='lat' dir='ltr'><strong>etiam</strong></span> <span class='ocrx_word' id='word_1_605' title='bbox 3184 3326 3361 3380; x_wconf 82' lang='lat' dir='ltr'><strong>admi—</strong></span> 
     </span>
    </p>
   </div>
   <div class='ocr_carea' id='block_1_82' title="bbox 1787 3414 3360 3485">
    <p class='ocr_par' dir='ltr' id='par_1_82' title="bbox 1787 3414 3360 3485">
     <span class='ocr_line' id='line_1_82' title="bbox 1787 3414 3360 3485; baseline 0.003 -18"><span class='ocrx_word' id='word_1_606' title='bbox 1787 3414 1961 3468; x_wconf 89' lang='lat' dir='ltr'><strong>randa</strong></span> <span class='ocrx_word' id='word_1_607' title='bbox 2017 3414 2263 3483; x_wconf 82' lang='lat' dir='ltr'><strong>quaedam</strong></span> <span class='ocrx_word' id='word_1_608' title='bbox 2324 3414 2668 3485; x_wconf 82' lang='lat' dir='ltr'><strong>praestitisse.</strong></span> <span class='ocrx_word' id='word_1_609' title='bbox 2719 3415 2929 3471; x_wconf 90' lang='lat' dir='ltr'><strong>Damidi</strong></span> <span class='ocrx_word' id='word_1_610' title='bbox 2978 3418 3125 3471; x_wconf 89' lang='lat' dir='ltr'><strong>enim</strong></span> <span class='ocrx_word' id='word_1_611' title='bbox 3175 3418 3360 3473; x_wconf 86' lang='lat' dir='ltr'><strong>animo</strong></span> 
     </span>
    </p>
   </div>
   <div class='ocr_carea' id='block_1_83' title="bbox 1786 3507 3356 3578">
    <p class='ocr_par' dir='ltr' id='par_1_83' title="bbox 1786 3507 3356 3578">
     <span class='ocr_line' id='line_1_83' title="bbox 1786 3507 3356 3578; baseline 0.003 -19"><span class='ocrx_word' id='word_1_612' title='bbox 1786 3507 1944 3561; x_wconf 89' lang='lat' dir='ltr'><strong>valde</strong></span> <span class='ocrx_word' id='word_1_613' title='bbox 1982 3507 2203 3573; x_wconf 88' lang='lat' dir='ltr'><strong>atllicto,</strong></span> <span class='ocrx_word' id='word_1_614' title='bbox 2239 3513 2298 3561; x_wconf 91' lang='lat' dir='ltr'><strong>ut</strong></span> <span class='ocrx_word' id='word_1_615' title='bbox 2331 3522 2431 3578; x_wconf 89' lang='lat' dir='ltr'><strong>par</strong></span> <span class='ocrx_word' id='word_1_616' title='bbox 2457 3514 2578 3563; x_wconf 88' lang='lat' dir='ltr'><strong>erat</strong></span> <span class='ocrx_word' id='word_1_617' title='bbox 2627 3507 2682 3561; x_wconf 92' lang='lat' dir='ltr'><strong>in</strong></span> <span class='ocrx_word' id='word_1_618' title='bbox 2735 3507 2840 3563; x_wconf 91' lang='lat' dir='ltr'><strong>ista</strong></span> <span class='ocrx_word' id='word_1_619' title='bbox 2886 3508 3237 3578; x_wconf 86' lang='lat' dir='ltr'><strong>praeceptoris</strong></span> <span class='ocrx_word' id='word_1_620' title='bbox 3269 3508 3356 3565; x_wconf 86' lang='lat' dir='ltr'><strong>sui</strong></span> 
     </span>
    </p>
   </div>
   <div class='ocr_carea' id='block_1_84' title="bbox 1786 3592 3358 3665">
    <p class='ocr_par' dir='ltr' id='par_1_84' title="bbox 1786 3592 3358 3665">
     <span class='ocr_line' id='line_1_84' title="bbox 1786 3592 3358 3665; baseline -0.001 -18"><span class='ocrx_word' id='word_1_621' title='bbox 1786 3592 2030 3660; x_wconf 76' lang='lat' dir='ltr'><strong>fortuna,</strong></span> <span class='ocrx_word' id='word_1_622' title='bbox 2080 3603 2273 3665; x_wconf 87' lang='lat' dir='ltr'><strong>sponte</strong></span> <span class='ocrx_word' id='word_1_623' title='bbox 2314 3595 2451 3665; x_wconf 90' lang='lat' dir='ltr'><strong>pede</strong></span> <span class='ocrx_word' id='word_1_624' title='bbox 2493 3594 2717 3664; x_wconf 90' lang='lat' dir='ltr'><strong>delapsa</strong></span> <span class='ocrx_word' id='word_1_625' title='bbox 2763 3595 2977 3650; x_wconf 87' lang='lat' dir='ltr'><strong>vincula</strong></span> <span class='ocrx_word' id='word_1_626' title='bbox 3030 3609 3155 3649; x_wconf 92' lang='lat' dir='ltr'><strong>eum</strong></span> <span class='ocrx_word' id='word_1_627' title='bbox 3196 3608 3358 3649; x_wconf 87' lang='lat' dir='ltr'><strong>mon-</strong></span> 
     </span>
    </p>
   </div>
   <div class='ocr_carea' id='block_1_85' title="bbox 1786 3683 3354 3758">
    <p class='ocr_par' dir='ltr' id='par_1_85' title="bbox 1786 3683 3354 3758">
     <span class='ocr_line' id='line_1_85' title="bbox 1786 3683 3354 3758; baseline -0.003 -16"><span class='ocrx_word' id='word_1_628' title='bbox 1786 3693 1993 3742; x_wconf 86' lang='lat' dir='ltr'><strong>strasse</strong></span> <span class='ocrx_word' id='word_1_629' title='bbox 2022 3687 2066 3751; x_wconf 87' lang='grc'>⁷,</span> <span class='ocrx_word' id='word_1_630' title='bbox 2104 3687 2232 3742; x_wconf 91' lang='lat' dir='ltr'><strong>inde</strong></span> <span class='ocrx_word' id='word_1_631' title='bbox 2258 3702 2411 3753; x_wconf 88' lang='lat' dir='ltr'><strong>vero,</strong></span> <span class='ocrx_word' id='word_1_632' title='bbox 2448 3687 2542 3742; x_wconf 90' lang='lat' dir='ltr'><strong>ubi</strong></span> <span class='ocrx_word' id='word_1_633' title='bbox 2569 3687 2690 3758; x_wconf 87' lang='lat' dir='ltr'><strong>ejus</strong></span> <span class='ocrx_word' id='word_1_634' title='bbox 2721 3685 3005 3742; x_wconf 88' lang='lat' dir='ltr'><strong>tristitiam</strong></span> <span class='ocrx_word' id='word_1_635' title='bbox 3028 3692 3173 3741; x_wconf 88' lang='lat' dir='ltr'><strong>esset</strong></span> <span class='ocrx_word' id='word_1_636' title='bbox 3203 3683 3354 3739; x_wconf 84' lang='lat' dir='ltr'><strong>sola-</strong></span> 
     </span>
    </p>
   </div>
   <div class='ocr_carea' id='block_1_86' title="bbox 1784 3777 3355 3851">
    <p class='ocr_par' dir='ltr' id='par_1_86' title="bbox 1784 3777 3355 3851">
     <span class='ocr_line' id='line_1_86' title="bbox 1784 3777 3355 3851; baseline -0.001 -18"><span class='ocrx_word' id='word_1_637' title='bbox 1784 3786 1896 3841; x_wconf 88' lang='lat' dir='ltr'><strong>tus.</strong></span> <span class='ocrx_word' id='word_1_638' title='bbox 1934 3780 2104 3849; x_wconf 85' lang='lat' dir='ltr'><strong>priori</strong></span> <span class='ocrx_word' id='word_1_639' title='bbox 2145 3780 2315 3836; x_wconf 86' lang='lat' dir='ltr'><strong>statui</strong></span> <span class='ocrx_word' id='word_1_640' title='bbox 2348 3780 2538 3851; x_wconf 88' lang='lat' dir='ltr'><strong>pedem</strong></span> <span class='ocrx_word' id='word_1_641' title='bbox 2576 3779 2908 3837; x_wconf 86' lang='lat' dir='ltr'><strong>restituisse.</strong></span> <span class='ocrx_word' id='word_1_642' title='bbox 2939 3777 3073 3833; x_wconf 86' lang='lat' dir='ltr'><strong>Post</strong></span> <span class='ocrx_word' id='word_1_643' title='bbox 3119 3777 3234 3832; x_wconf 77' lang='lat' dir='ltr'><strong>haec</strong></span> <span class='ocrx_word' id='word_1_644' title='bbox 3259 3790 3355 3832; x_wconf 87' lang='lat' dir='ltr'><strong>co-</strong></span> 
     </span>
    </p>
   </div>
   <div class='ocr_carea' id='block_1_87' title="bbox 1785 3869 3352 3941">
    <p class='ocr_par' dir='ltr' id='par_1_87' title="bbox 1785 3869 3352 3941">
     <span class='ocr_line' id='line_1_87' title="bbox 1785 3869 3352 3941; baseline -0.003 -15"><span class='ocrx_word' id='word_1_645' title='bbox 1785 3885 1901 3926; x_wconf 89' lang='lat' dir='ltr'><strong>ram</strong></span> <span class='ocrx_word' id='word_1_646' title='bbox 1934 3869 2245 3926; x_wconf 90' lang='lat' dir='ltr'><strong>Domitiano</strong></span> <span class='ocrx_word' id='word_1_647' title='bbox 2279 3871 2610 3941; x_wconf 90' lang='lat' dir='ltr'><strong>imperatore</strong></span> <span class='ocrx_word' id='word_1_648' title='bbox 2645 3885 2868 3927; x_wconf 84' lang='lat' dir='ltr'><strong>causam</strong></span> <span class='ocrx_word' id='word_1_649' title='bbox 2900 3869 3193 3933; x_wconf 86' lang='lat' dir='ltr'><strong>dicentem,</strong></span> <span class='ocrx_word' id='word_1_650' title='bbox 3223 3883 3352 3923; x_wconf 78' lang='lat' dir='ltr'><strong>mox</strong></span> 
     </span>
    </p>
   </div>
   <div class='ocr_carea' id='block_1_88' title="bbox 1781 3959 3352 4032">
    <p class='ocr_par' dir='ltr' id='par_1_88' title="bbox 1781 3959 3352 4032">
     <span class='ocr_line' id='line_1_88' title="bbox 1781 3959 3352 4032; baseline -0.004 -13"><span class='ocrx_word' id='word_1_651' title='bbox 1781 3964 2012 4019; x_wconf 89' lang='lat' dir='ltr'><strong>crimine</strong></span> <span class='ocrx_word' id='word_1_652' title='bbox 2061 3964 2372 4021; x_wconf 85' lang='lat' dir='ltr'><strong>absolutum</strong></span> <span class='ocrx_word' id='word_1_653' title='bbox 2419 3964 2632 4028; x_wconf 90' lang='lat' dir='ltr'><strong>scribit,</strong></span> <span class='ocrx_word' id='word_1_654' title='bbox 2662 3962 2959 4031; x_wconf 91' lang='lat' dir='ltr'><strong>dilutisque</strong></span> <span class='ocrx_word' id='word_1_655' title='bbox 2989 3975 3110 4032; x_wconf 57' lang='lat' dir='ltr'><strong>qua;</strong></span> <span class='ocrx_word' id='word_1_656' title='bbox 3137 3959 3352 4030; x_wconf 81' lang='lat' dir='ltr'><strong>objecta</strong></span> 
     </span>
    </p>
   </div>
   <div class='ocr_carea' id='block_1_89' title="bbox 1784 4053 3351 4123">
    <p class='ocr_par' dir='ltr' id='par_1_89' title="bbox 1784 4053 3351 4123">
     <span class='ocr_line' id='line_1_89' title="bbox 1784 4053 3351 4123; baseline -0.002 -15"><span class='ocrx_word' id='word_1_657' title='bbox 1784 4054 2000 4109; x_wconf 81' lang='lat' dir='ltr'><strong>fuerant</strong></span> <span class='ocrx_word' id='word_1_658' title='bbox 2029 4055 2376 4120; x_wconf 85' lang='lat' dir='ltr'><strong>criminibus,</strong></span> <span class='ocrx_word' id='word_1_659' title='bbox 2407 4056 2595 4111; x_wconf 91' lang='lat' dir='ltr'><strong>nescio</strong></span> <span class='ocrx_word' id='word_1_660' title='bbox 2627 4053 2900 4123; x_wconf 90' lang='lat' dir='ltr'><strong>quomodo</strong></span> <span class='ocrx_word' id='word_1_661' title='bbox 2927 4068 3117 4123; x_wconf 89' lang='lat' dir='ltr'><strong>parum</strong></span> <span class='ocrx_word' id='word_1_662' title='bbox 3152 4065 3351 4122; x_wconf 87' lang='lat' dir='ltr'><strong>oppor-</strong></span> 
     </span>
    </p>
   </div>
   <div class='ocr_carea' id='block_1_90' title="bbox 1781 4143 3351 4217">
    <p class='ocr_par' dir='ltr' id='par_1_90' title="bbox 1781 4143 3351 4217">
     <span class='ocr_line' id='line_1_90' title="bbox 1781 4143 3351 4217; baseline -0.003 -18"><span class='ocrx_word' id='word_1_663' title='bbox 1781 4156 1913 4202; x_wconf 88' lang='lat' dir='ltr'><strong>tune</strong></span> <span class='ocrx_word' id='word_1_664' title='bbox 1944 4147 2252 4217; x_wconf 78' lang='lat' dir='ltr'><strong>sequentia,</strong></span> <span class='ocrx_word' id='word_1_665' title='bbox 2302 4146 2440 4217; x_wconf 89' lang='lat' dir='ltr'><strong>ipsis</strong></span> <span class='ocrx_word' id='word_1_666' title='bbox 2488 4145 2690 4208; x_wconf 80' lang='lat' dir='ltr'><strong>verbis,</strong></span> <span class='ocrx_word' id='word_1_667' title='bbox 2739 4145 2794 4199; x_wconf 93' lang='lat' dir='ltr'><strong>in</strong></span> <span class='ocrx_word' id='word_1_668' title='bbox 2834 4143 3127 4199; x_wconf 89' lang='lat' dir='ltr'><strong>dicasterio</strong></span> <span class='ocrx_word' id='word_1_669' title='bbox 3154 4157 3351 4214; x_wconf 82' lang='lat' dir='ltr'><strong>magno</strong></span> 
     </span>
    </p>
   </div>
   <div class='ocr_carea' id='block_1_91' title="bbox 1780 4234 3371 4311">
    <p class='ocr_par' dir='ltr' id='par_1_91' title="bbox 1780 4234 3371 4311">
     <span class='ocr_line' id='line_1_91' title="bbox 1780 4234 3371 4311; baseline -0.003 -17"><span class='ocrx_word' id='word_1_670' title='bbox 1780 4240 2020 4296; x_wconf 89' lang='lat' dir='ltr'><strong>clamore</strong></span> <span class='ocrx_word' id='word_1_671' title='bbox 2044 4241 2337 4311; x_wconf 84' lang='lat' dir='ltr'><strong>protulisse</strong></span> <span class='ocrx_word' id='word_1_672' title='bbox 2356 4240 2379 4271; x_wconf 80' lang='grc'>⁸</span> <span class='ocrx_word' id='word_1_673' title='bbox 2415 4258 2429 4294; x_wconf 89' lang='lat'><strong>:</strong></span> <span class='ocrx_word' id='word_1_674' title='bbox 2471 4256 2491 4289; x_wconf 87' lang='grc' dir='ltr'><strong>ι</strong></span> <span class='ocrx_word' id='word_1_675' title='bbox 2527 4237 2636 4294; x_wconf 87' lang='lat' dir='ltr'><strong>Fac</strong></span> <span class='ocrx_word' id='word_1_676' title='bbox 2659 4245 2715 4293; x_wconf 88' lang='lat' dir='ltr'><strong>et</strong></span> <span class='ocrx_word' id='word_1_677' title='bbox 2737 4237 2871 4293; x_wconf 91' lang='lat' dir='ltr'><strong>mihi</strong></span> <span class='ocrx_word' id='word_1_678' title='bbox 2895 4234 3138 4309; x_wconf 90' lang='lat' dir='ltr'><strong>[dicenti]</strong></span> <span class='ocrx_word' id='word_1_679' title='bbox 3164 4249 3371 4307; x_wconf 77' lang='lat' dir='ltr'><strong>quaeso.</strong></span> 
     </span>
    </p>
   </div>
   <div class='ocr_carea' id='block_1_92' title="bbox 1779 4324 3351 4399">
    <p class='ocr_par' dir='ltr' id='par_1_92' title="bbox 1779 4324 3351 4399">
     <span class='ocr_line' id='line_1_92' title="bbox 1779 4324 3351 4399; baseline -0.005 -14"><span class='ocrx_word' id='word_1_680' title='bbox 1779 4331 1982 4385; x_wconf 91' lang='lat' dir='ltr'><strong>locum.</strong></span> <span class='ocrx_word' id='word_1_681' title='bbox 2042 4330 2139 4385; x_wconf 92' lang='lat' dir='ltr'><strong>Sin</strong></span> <span class='ocrx_word' id='word_1_682' title='bbox 2192 4331 2397 4392; x_wconf 90' lang='lat' dir='ltr'><strong>minus,</strong></span> <span class='ocrx_word' id='word_1_683' title='bbox 2456 4329 2688 4384; x_wconf 88' lang='lat' dir='ltr'><strong>immitte</strong></span> <span class='ocrx_word' id='word_1_684' title='bbox 2742 4327 2838 4399; x_wconf 90' lang='lat' dir='ltr'><strong>qui</strong></span> <span class='ocrx_word' id='word_1_685' title='bbox 2892 4340 3096 4397; x_wconf 89' lang='lat' dir='ltr'><strong>corpus</strong></span> <span class='ocrx_word' id='word_1_686' title='bbox 3145 4324 3351 4380; x_wconf 88' lang='lat' dir='ltr'><strong>vinciat</strong></span> 
     </span>
    </p>
   </div>
   <div class='ocr_carea' id='block_1_93' title="bbox 1778 4414 3350 4492">
    <p class='ocr_par' dir='ltr' id='par_1_93' title="bbox 1778 4414 3350 4492">
     <span class='ocr_line' id='line_1_93' title="bbox 1778 4414 3350 4492; baseline -0.004 -16"><span class='ocrx_word' id='word_1_687' title='bbox 1778 4436 2000 4490; x_wconf 91' lang='lat' dir='ltr'><strong>meum;</strong></span> <span class='ocrx_word' id='word_1_688' title='bbox 2057 4420 2501 4492; x_wconf 88' lang='lat' dir='ltr'><strong>quandoquidem</strong></span> <span class='ocrx_word' id='word_1_689' title='bbox 2548 4418 2706 4490; x_wconf 90' lang='lat' dir='ltr'><strong>ligari</strong></span> <span class='ocrx_word' id='word_1_690' title='bbox 2749 4418 2932 4473; x_wconf 85' lang='lat' dir='ltr'><strong>anima</strong></span> <span class='ocrx_word' id='word_1_691' title='bbox 2975 4416 3185 4488; x_wconf 88' lang='lat' dir='ltr'><strong>nequit.</strong></span> <span class='ocrx_word' id='word_1_692' title='bbox 3234 4414 3350 4470; x_wconf 89' lang='lat' dir='ltr'><strong>Imo</strong></span> 
     </span>
    </p>
   </div>
   <div class='ocr_carea' id='block_1_94' title="bbox 1711 4511 3067 4585">
    <p class='ocr_par' dir='ltr' id='par_1_94' title="bbox 1711 4511 3067 4585">
     <span class='ocr_line' id='line_1_94' title="bbox 1711 4511 3067 4585; baseline -0.004 -17"><span class='ocrx_word' id='word_1_693' title='bbox 1711 4525 1755 4579; x_wconf 85' lang='grc' dir='ltr'><strong>Ῑ)</strong></span> <span class='ocrx_word' id='word_1_694' title='bbox 1784 4514 1966 4585; x_wconf 88' lang='lat' dir='ltr'><strong>potius</strong></span> <span class='ocrx_word' id='word_1_695' title='bbox 1988 4529 2057 4569; x_wconf 89' lang='lat' dir='ltr'><strong>ne</strong></span> <span class='ocrx_word' id='word_1_696' title='bbox 2085 4529 2285 4584; x_wconf 89' lang='lat' dir='ltr'><strong>corpus</strong></span> <span class='ocrx_word' id='word_1_697' title='bbox 2313 4512 2532 4584; x_wconf 88' lang='lat' dir='ltr'><strong>quidem</strong></span> <span class='ocrx_word' id='word_1_698' title='bbox 2557 4526 2740 4569; x_wconf 91' lang='lat' dir='ltr'><strong>meum</strong></span> <span class='ocrx_word' id='word_1_699' title='bbox 2768 4511 2999 4567; x_wconf 81' lang='lat' dir='ltr'><strong>vincias.</strong></span> <span class='ocrx_word' id='word_1_700' title='bbox 3045 4527 3067 4563; x_wconf 70' lang='grc' dir='ltr'><strong>ι</strong></span> 
     </span>
    </p>
   </div>
   <div class='ocr_carea' id='block_1_95' title="bbox 1782 4622 3343 4693">
    <p class='ocr_par' dir='ltr' id='par_1_95' title="bbox 1782 4622 3343 4693">
     <span class='ocr_line' id='line_1_95' title="bbox 1782 4622 3343 4693; baseline -0.003 -14"><span class='ocrx_word' id='word_1_701' title='bbox 1782 4624 1895 4680; x_wconf 85' lang='lat' dir='ltr'><strong>Nec</strong></span> <span class='ocrx_word' id='word_1_702' title='bbox 1924 4642 2005 4680; x_wconf 89' lang='lat' dir='ltr'><strong>me</strong></span> <span class='ocrx_word' id='word_1_703' title='bbox 2031 4626 2170 4681; x_wconf 80' lang='lat' dir='ltr'><strong>enim</strong></span> <span class='ocrx_word' id='word_1_704' title='bbox 2215 4625 2440 4689; x_wconf 79' lang='lat' dir='ltr'><strong>occides,</strong></span> <span class='ocrx_word' id='word_1_705' title='bbox 2494 4623 2685 4679; x_wconf 81' lang='lat' dir='ltr'><strong>Parcis</strong></span> <span class='ocrx_word' id='word_1_706' title='bbox 2718 4640 2798 4679; x_wconf 86' lang='lat' dir='ltr'><strong>me</strong></span> <span class='ocrx_word' id='word_1_707' title='bbox 2830 4622 3041 4693; x_wconf 80' lang='lat' dir='ltr'><strong>auferre</strong></span> <span class='ocrx_word' id='word_1_708' title='bbox 3080 4630 3343 4693; x_wconf 76' lang='lat' dir='ltr'><strong>negatum.</strong></span> 
     </span>
    </p>
   </div>
   <div class='ocr_carea' id='block_1_96' title="bbox 1778 4732 3354 4811">
    <p class='ocr_par' dir='ltr' id='par_1_96' title="bbox 1778 4732 3354 4811">
     <span class='ocr_line' id='line_1_96' title="bbox 1778 4732 3354 4811; baseline -0.001 -16"><span class='ocrx_word' id='word_1_709' title='bbox 1778 4739 2026 4811; x_wconf 87' lang='lat' dir='ltr'><strong>Dumque</strong></span> <span class='ocrx_word' id='word_1_710' title='bbox 2066 4741 2211 4797; x_wconf 89' lang='lat' dir='ltr'><strong>istud</strong></span> <span class='ocrx_word' id='word_1_711' title='bbox 2239 4751 2347 4796; x_wconf 89' lang='lat' dir='ltr'><strong>tam</strong></span> <span class='ocrx_word' id='word_1_712' title='bbox 2386 4742 2601 4798; x_wconf 90' lang='lat' dir='ltr'><strong>celebre</strong></span> <span class='ocrx_word' id='word_1_713' title='bbox 2624 4741 2829 4796; x_wconf 91' lang='lat' dir='ltr'><strong>dictum</strong></span> <span class='ocrx_word' id='word_1_714' title='bbox 2861 4737 3149 4810; x_wconf 81' lang='lat' dir='ltr'><strong>proferret,</strong></span> <span class='ocrx_word' id='word_1_715' title='bbox 3190 4732 3354 4806; x_wconf 76' lang='lat'><strong>536</strong></span> 
     </span>
    </p>
   </div>
   <div class='ocr_carea' id='block_1_97' title="bbox 1778 4828 3348 4906">
    <p class='ocr_par' dir='ltr' id='par_1_97' title="bbox 1778 4828 3348 4906">
     <span class='ocr_line' id='line_1_97' title="bbox 1778 4828 3348 4906; baseline -0.003 -19"><span class='ocrx_word' id='word_1_716' title='bbox 1778 4848 1809 4887; x_wconf 90' lang='lat' dir='ltr'><strong>e</strong></span> <span class='ocrx_word' id='word_1_717' title='bbox 1833 4833 2132 4888; x_wconf 88' lang='lat' dir='ltr'><strong>dicasterio</strong></span> <span class='ocrx_word' id='word_1_718' title='bbox 2161 4848 2288 4889; x_wconf 90' lang='lat' dir='ltr'><strong>eum</strong></span> <span class='ocrx_word' id='word_1_719' title='bbox 2320 4833 2657 4906; x_wconf 88' lang='lat' dir='ltr'><strong>disparuisse</strong></span> <span class='ocrx_word' id='word_1_720' title='bbox 2684 4831 2782 4886; x_wconf 88' lang='lat' dir='ltr'><strong>ait.</strong></span> <span class='ocrx_word' id='word_1_721' title='bbox 2812 4829 2989 4901; x_wconf 84' lang='lat' dir='ltr'><strong>Atque</strong></span> <span class='ocrx_word' id='word_1_722' title='bbox 3008 4829 3125 4884; x_wconf 63' lang='lat' dir='ltr'><strong>haec</strong></span> <span class='ocrx_word' id='word_1_723' title='bbox 3145 4837 3231 4885; x_wconf 75' lang='lat' dir='ltr'><strong>est</strong></span> <span class='ocrx_word' id='word_1_724' title='bbox 3265 4828 3348 4883; x_wconf 79' lang='lat' dir='ltr'><strong>fa-</strong></span> 
     </span>
    </p>
   </div>
   <div class='ocr_carea' id='block_1_98' title="bbox 1782 4923 2468 4995">
    <p class='ocr_par' dir='ltr' id='par_1_98' title="bbox 1782 4923 2468 4995">
     <span class='ocr_line' id='line_1_98' title="bbox 1782 4923 2468 4995; baseline 0 -18"><span class='ocrx_word' id='word_1_725' title='bbox 1782 4923 1927 4978; x_wconf 74' lang='lat' dir='ltr'><strong>bulae</strong></span> <span class='ocrx_word' id='word_1_726' title='bbox 1952 4924 2074 4994; x_wconf 89' lang='lat' dir='ltr'><strong>ejus</strong></span> <span class='ocrx_word' id='word_1_727' title='bbox 2101 4925 2468 4995; x_wconf 90' lang='lat' dir='ltr'><strong>catastrophe.</strong></span> 
     </span>
    </p>
   </div>
   <div class='ocr_carea' id='block_1_99' title="bbox 158 5069 3341 5148">
    <p class='ocr_par' dir='ltr' id='par_1_99' title="bbox 158 5069 3341 5148">
     <span class='ocr_line' id='line_1_99' title="bbox 158 5069 3341 5148; baseline 0.003 -24"><span class='ocrx_word' id='word_1_728' title='bbox 158 5071 182 5103; x_wconf 83' lang='grc'><strong><em>³</em></strong></span> <span class='ocrx_word' id='word_1_729' title='bbox 223 5069 321 5148; x_wconf 81' lang='lat' dir='ltr'><strong>lib.</strong></span> <span class='ocrx_word' id='word_1_730' title='bbox 356 5085 472 5133; x_wconf 84' lang='lat' dir='ltr'><strong>vn,</strong></span> <span class='ocrx_word' id='word_1_731' title='bbox 507 5070 680 5148; x_wconf 24' lang='lat' dir='ltr'><strong>ea”.</strong></span> <span class='ocrx_word' id='word_1_732' title='bbox 758 5070 781 5103; x_wconf 64' lang='grc'><strong><em>⁵</em></strong></span> <span class='ocrx_word' id='word_1_733' title='bbox 813 5071 1018 5148; x_wconf 42' lang='grc' dir='ltr'>Ιίβιηνιι</span> <span class='ocrx_word' id='word_1_734' title='bbox 1041 5115 1055 5138; x_wconf 88' lang='grc'><strong>,</strong></span> <span class='ocrx_word' id='word_1_735' title='bbox 1091 5088 1143 5129; x_wconf 92' lang='lat' dir='ltr'><strong>c.</strong></span> <span class='ocrx_word' id='word_1_736' title='bbox 1178 5073 1265 5128; x_wconf 89' lang='lat' dir='ltr'><strong>I6.</strong></span> <span class='ocrx_word' id='word_1_737' title='bbox 1303 5144 1318 5148; x_wconf 29' lang='grc' dir='ltr'><strong>Δ</strong></span> <span class='ocrx_word' id='word_1_738' title='bbox 1343 5075 1366 5108; x_wconf 83' lang='grc'><strong><em>³</em></strong></span> <span class='ocrx_word' id='word_1_739' title='bbox 1403 5075 1636 5148; x_wconf 69' lang='lat' dir='ltr'><strong>lib._vn,</strong></span> <span class='ocrx_word' id='word_1_740' title='bbox 1670 5092 1723 5133; x_wconf 92' lang='lat' dir='ltr'><strong>c.</strong></span> <span class='ocrx_word' id='word_1_741' title='bbox 1756 5077 1866 5140; x_wconf 75' lang='lat'><strong>20;</strong></span> <span class='ocrx_word' id='word_1_742' title='bbox 1904 5076 2043 5133; x_wconf 90' lang='lat' dir='ltr'><strong>adde</strong></span> <span class='ocrx_word' id='word_1_743' title='bbox 2071 5092 2123 5132; x_wconf 90' lang='lat' dir='ltr'><strong>c.</strong></span> <span class='ocrx_word' id='word_1_744' title='bbox 2155 5078 2242 5132; x_wconf 88' lang='lat' dir='ltr'><strong>II.</strong></span> <span class='ocrx_word' id='word_1_745' title='bbox 2274 5086 2330 5134; x_wconf 91' lang='lat' dir='ltr'><strong>et</strong></span> <span class='ocrx_word' id='word_1_746' title='bbox 2358 5079 2456 5134; x_wconf 94' lang='lat' dir='ltr'><strong>lib.</strong></span> <span class='ocrx_word' id='word_1_747' title='bbox 2490 5095 2624 5145; x_wconf 79' lang='lat' dir='ltr'><strong>VIII,</strong></span> <span class='ocrx_word' id='word_1_748' title='bbox 2659 5094 2710 5135; x_wconf 90' lang='lat' dir='ltr'><strong>c.</strong></span> <span class='ocrx_word' id='word_1_749' title='bbox 2741 5078 2811 5144; x_wconf 82' lang='lat'><strong>5,</strong></span> <span class='ocrx_word' id='word_1_750' title='bbox 2844 5091 3006 5148; x_wconf 90' lang='lat' dir='ltr'><strong>quem</strong></span> <span class='ocrx_word' id='word_1_751' title='bbox 3042 5076 3224 5132; x_wconf 87' lang='lat' dir='ltr'><strong>locum</strong></span> <span class='ocrx_word' id='word_1_752' title='bbox 3252 5075 3341 5132; x_wconf 88' lang='lat' dir='ltr'><strong>hic</strong></span> 
     </span>
    </p>
   </div>
   <div class='ocr_carea' id='block_1_100' title="bbox 82 5140 2522 5214">
    <p class='ocr_par' dir='ltr' id='par_1_100' title="bbox 82 5140 2522 5214">
     <span class='ocr_line' id='line_1_100' title="bbox 82 5140 2522 5214; baseline 0.004 -19"><span class='ocrx_word' id='word_1_753' title='bbox 82 5142 332 5196; x_wconf 78' lang='lat' dir='ltr'><strong>maxime</strong></span> <span class='ocrx_word' id='word_1_754' title='bbox 383 5140 583 5212; x_wconf 86' lang='lat' dir='ltr'><strong>respici</strong></span> <span class='ocrx_word' id='word_1_755' title='bbox 616 5147 770 5211; x_wconf 93' lang='lat' dir='ltr'><strong>puto.</strong></span> <span class='ocrx_word' id='word_1_756' title='bbox 847 5144 868 5175; x_wconf 80' lang='grc'>⁸</span> <span class='ocrx_word' id='word_1_757' title='bbox 905 5143 1001 5197; x_wconf 92' lang='lat' dir='ltr'><strong>Iib.</strong></span> <span class='ocrx_word' id='word_1_758' title='bbox 1038 5160 1137 5199; x_wconf 87' lang='lat' dir='ltr'><strong>vm</strong></span> <span class='ocrx_word' id='word_1_759' title='bbox 1160 5183 1175 5209; x_wconf 89' lang='lat'><strong>,</strong></span> <span class='ocrx_word' id='word_1_760' title='bbox 1208 5160 1261 5199; x_wconf 94' lang='lat' dir='ltr'><strong>c.</strong></span> <span class='ocrx_word' id='word_1_761' title='bbox 1291 5144 1345 5200; x_wconf 88' lang='lat'><strong>6.</strong></span> <span class='ocrx_word' id='word_1_762' title='bbox 1419 5154 1443 5186; x_wconf 72' lang='grc' dir='ltr'><strong>ν</strong></span> <span class='ocrx_word' id='word_1_763' title='bbox 1484 5146 1580 5202; x_wconf 87' lang='lat' dir='ltr'><strong>lib.</strong></span> <span class='ocrx_word' id='word_1_764' title='bbox 1616 5166 1725 5213; x_wconf 87' lang='lat' dir='ltr'><strong>vn,</strong></span> <span class='ocrx_word' id='word_1_765' title='bbox 1760 5163 1810 5203; x_wconf 92' lang='lat' dir='ltr'><strong>c.</strong></span> <span class='ocrx_word' id='word_1_766' title='bbox 1847 5149 1937 5203; x_wconf 79' lang='lat'><strong>&#39;59.</strong></span> <span class='ocrx_word' id='word_1_767' title='bbox 2014 5148 2038 5180; x_wconf 76' lang='grc'>⁸</span> <span class='ocrx_word' id='word_1_768' title='bbox 2079 5149 2173 5203; x_wconf 75' lang='lat' dir='ltr'><strong>lib.</strong></span> <span class='ocrx_word' id='word_1_769' title='bbox 2206 5164 2343 5214; x_wconf 87' lang='lat' dir='ltr'><strong>vm,</strong></span> <span class='ocrx_word' id='word_1_770' title='bbox 2381 5165 2431 5204; x_wconf 91' lang='lat' dir='ltr'><strong>c.</strong></span> <span class='ocrx_word' id='word_1_771' title='bbox 2469 5150 2522 5205; x_wconf 84' lang='lat'><strong>5.</strong></span> 
     </span>
    </p>
   </div>
   <div class='ocr_carea' id='block_1_101' title="bbox 160 5256 1589 5332">
    <p class='ocr_par' dir='ltr' id='par_1_101' title="bbox 160 5256 1589 5332">
     <span class='ocr_line' id='line_1_101' title="bbox 160 5256 1589 5332; baseline 0.007 -23"><span class='ocrx_word' id='word_1_772' title='bbox 160 5256 277 5332; x_wconf 59' lang='lat' dir='ltr'><strong>(Si)</strong></span> <span class='ocrx_word' id='word_1_773' title='bbox 319 5257 449 5332; x_wconf 55' lang='grc' dir='ltr'><strong>’ζᾼςςε</strong></span> <span class='ocrx_word' id='word_1_774' title='bbox 469 5257 565 5332; x_wconf 38' lang='grc' dir='ltr'><strong>δή)</strong></span> <span class='ocrx_word' id='word_1_775' title='bbox 607 5259 891 5316; x_wconf 87' lang='lat' dir='ltr'><strong>Omittitur</strong></span> <span class='ocrx_word' id='word_1_776' title='bbox 917 5259 980 5332; x_wconf 81' lang='grc' dir='ltr'>δή</span> <span class='ocrx_word' id='word_1_777' title='bbox 1010 5260 1153 5330; x_wconf 88' lang='lat' dir='ltr'><strong>apud</strong></span> <span class='ocrx_word' id='word_1_778' title='bbox 1179 5259 1589 5332; x_wconf 88' lang='lat' dir='ltr'><strong>Philostratum.</strong></span> 
     </span>
    </p>
   </div>
   <div class='ocr_carea' id='block_1_102' title="bbox 157 5326 1663 5403">
    <p class='ocr_par' dir='ltr' id='par_1_102' title="bbox 157 5326 1663 5403">
     <span class='ocr_line' id='line_1_102' title="bbox 157 5326 1663 5403; baseline 0.005 -22"><span class='ocrx_word' id='word_1_779' title='bbox 157 5326 278 5403; x_wconf 50' lang='lat'><strong>£82)</strong></span> <span class='ocrx_word' id='word_1_780' title='bbox 320 5326 757 5403; x_wconf 46' lang='lat' dir='ltr'><strong>&quot;Edamomnino</strong></span> <span class='ocrx_word' id='word_1_781' title='bbox 780 5326 1066 5403; x_wconf 79' lang='lat' dir='ltr'><strong>legendum</strong></span> <span class='ocrx_word' id='word_1_782' title='bbox 1096 5332 1189 5402; x_wconf 80' lang='grc' dir='ltr'>ἥδε</span> <span class='ocrx_word' id='word_1_783' title='bbox 1218 5347 1284 5386; x_wconf 84' lang='lat' dir='ltr'><strong>ex</strong></span> <span class='ocrx_word' id='word_1_784' title='bbox 1309 5331 1663 5403; x_wconf 77' lang='lat' dir='ltr'><strong>Philostrato,</strong></span> 
     </span>
    </p>
   </div>
   <div class='ocr_carea' id='block_1_103' title="bbox 81 5397 1667 5477">
    <p class='ocr_par' dir='ltr' id='par_1_103' title="bbox 81 5397 1667 5477">
     <span class='ocr_line' id='line_1_103' title="bbox 81 5397 1667 5477; baseline 0.008 -29"><span class='ocrx_word' id='word_1_785' title='bbox 81 5397 604 5477; x_wconf 69' lang='lat' dir='ltr'><strong>referturqueillud</strong></span> <span class='ocrx_word' id='word_1_786' title='bbox 632 5401 725 5472; x_wconf 75' lang='grc' dir='ltr'>ἥδε</span> <span class='ocrx_word' id='word_1_787' title='bbox 746 5397 921 5477; x_wconf 48' lang='lat' dir='ltr'><strong>ad&#39;ea</strong></span> <span class='ocrx_word' id='word_1_788' title='bbox 958 5416 1079 5472; x_wconf 77' lang='lat' dir='ltr'><strong>quae</strong></span> <span class='ocrx_word' id='word_1_789' title='bbox 1111 5397 1491 5477; x_wconf 59' lang='lat' dir='ltr'><strong>precedebant</strong></span> <span class='ocrx_word' id='word_1_790' title='bbox 1523 5397 1667 5477; x_wconf 84' lang='lat' dir='ltr'><strong>apud</strong></span> 
     </span>
    </p>
   </div>
   <div class='ocr_carea' id='block_1_104' title="bbox 81 5468 1669 5541">
    <p class='ocr_par' dir='ltr' id='par_1_104' title="bbox 81 5468 1669 5541">
     <span class='ocr_line' id='line_1_104' title="bbox 81 5468 1669 5541; baseline 0.005 -19"><span class='ocrx_word' id='word_1_791' title='bbox 81 5468 259 5541; x_wconf 73' lang='lat' dir='ltr'><strong>istum</strong></span> <span class='ocrx_word' id='word_1_792' title='bbox 295 5468 869 5541; x_wconf 63' lang='lat' dir='ltr'><strong>scriptorem,&#39;quibus</strong></span> <span class='ocrx_word' id='word_1_793' title='bbox 897 5468 1074 5528; x_wconf 70' lang='lat' dir='ltr'><strong>causae</strong></span> <span class='ocrx_word' id='word_1_794' title='bbox 1102 5468 1299 5527; x_wconf 78' lang='lat' dir='ltr'><strong>mutati</strong></span> <span class='ocrx_word' id='word_1_795' title='bbox 1326 5487 1359 5526; x_wconf 90' lang='lat' dir='ltr'><strong>a</strong></span> <span class='ocrx_word' id='word_1_796' title='bbox 1386 5474 1540 5530; x_wconf 90' lang='lat' dir='ltr'><strong>Dami</strong></span> <span class='ocrx_word' id='word_1_797' title='bbox 1559 5468 1669 5529; x_wconf 50' lang='lat' dir='ltr'><strong>&quot;ba-</strong></span> 
     </span>
    </p>
   </div>
   <div class='ocr_carea' id='block_1_105' title="bbox 81 5537 717 5597">
    <p class='ocr_par' dir='ltr' id='par_1_105' title="bbox 81 5537 717 5597">
     <span class='ocr_line' id='line_1_105' title="bbox 81 5537 717 5597; baseline 0.009 -6"><span class='ocrx_word' id='word_1_798' title='bbox 81 5537 240 5591; x_wconf 81' lang='lat' dir='ltr'><strong>bitus</strong></span> <span class='ocrx_word' id='word_1_799' title='bbox 273 5537 717 5597; x_wconf 78' lang='lat' dir='ltr'><strong>continebantur.</strong></span> 
     </span>
    </p>
   </div>
   <div class='ocr_carea' id='block_1_106' title="bbox 161 5605 1668 5677">
    <p class='ocr_par' dir='ltr' id='par_1_106' title="bbox 161 5605 1668 5677">
     <span class='ocr_line' id='line_1_106' title="bbox 161 5605 1668 5677; baseline 0.007 -18"><span class='ocrx_word' id='word_1_800' title='bbox 161 5605 276 5677; x_wconf 77' lang='lat'><strong>(83)</strong></span> <span class='ocrx_word' id='word_1_801' title='bbox 327 5607 421 5672; x_wconf 83' lang='grc' dir='ltr'>Ὠς</span> <span class='ocrx_word' id='word_1_802' title='bbox 439 5610 645 5666; x_wconf 82' lang='grc' dir='ltr'>κακίω.</span> <span class='ocrx_word' id='word_1_803' title='bbox 683 5611 870 5667; x_wconf 91' lang='lat' dir='ltr'><strong>Lectio</strong></span> <span class='ocrx_word' id='word_1_804' title='bbox 901 5610 1204 5667; x_wconf 88' lang='lat' dir='ltr'><strong>indubitate</strong></span> <span class='ocrx_word' id='word_1_805' title='bbox 1240 5627 1384 5676; x_wconf 88' lang='lat' dir='ltr'><strong>vera,</strong></span> <span class='ocrx_word' id='word_1_806' title='bbox 1416 5622 1478 5667; x_wconf 87' lang='lat' dir='ltr'><strong>ut</strong></span> <span class='ocrx_word' id='word_1_807' title='bbox 1514 5628 1668 5669; x_wconf 84' lang='lat' dir='ltr'><strong>naevo</strong></span> 
     </span>
    </p>
   </div>
   <div class='ocr_carea' id='block_1_107' title="bbox 83 5677 1664 5749">
    <p class='ocr_par' dir='ltr' id='par_1_107' title="bbox 83 5677 1664 5749">
     <span class='ocr_line' id='line_1_107' title="bbox 83 5677 1664 5749; baseline 0.004 -17"><span class='ocrx_word' id='word_1_808' title='bbox 83 5677 348 5749; x_wconf 73' lang='lat' dir='ltr'><strong>laborent</strong></span> <span class='ocrx_word' id='word_1_809' title='bbox 392 5679 527 5749; x_wconf 87' lang='lat' dir='ltr'><strong>editi</strong></span> <span class='ocrx_word' id='word_1_810' title='bbox 559 5683 674 5749; x_wconf 85' lang='lat' dir='ltr'><strong>qui.</strong></span> <span class='ocrx_word' id='word_1_811' title='bbox 708 5683 914 5736; x_wconf 87' lang='lat' dir='ltr'><strong>omisso</strong></span> <span class='ocrx_word' id='word_1_812' title='bbox 940 5682 1036 5746; x_wconf 83' lang='grc' dir='ltr'>ὡς,</span> <span class='ocrx_word' id='word_1_813' title='bbox 1066 5683 1267 5738; x_wconf 89' lang='lat' dir='ltr'><strong>habent</strong></span> <span class='ocrx_word' id='word_1_814' title='bbox 1295 5683 1515 5749; x_wconf 85' lang='grc' dir='ltr'>κακίας.</span> <span class='ocrx_word' id='word_1_815' title='bbox 1547 5683 1664 5739; x_wconf 81' lang='lat' dir='ltr'><strong>Me-</strong></span> 
     </span>
    </p>
   </div>
   <div class='ocr_carea' id='block_1_108' title="bbox 82 5747 1485 5809">
    <p class='ocr_par' dir='ltr' id='par_1_108' title="bbox 82 5747 1485 5809">
     <span class='ocr_line' id='line_1_108' title="bbox 82 5747 1485 5809; baseline 0.004 -6"><span class='ocrx_word' id='word_1_816' title='bbox 82 5747 287 5803; x_wconf 84' lang='lat' dir='ltr'><strong>liorem</strong></span> <span class='ocrx_word' id='word_1_817' title='bbox 316 5747 604 5804; x_wconf 83' lang='lat' dir='ltr'><strong>lectionem</strong></span> <span class='ocrx_word' id='word_1_818' title='bbox 631 5767 698 5806; x_wconf 81' lang='lat' dir='ltr'><strong>ex</strong></span> <span class='ocrx_word' id='word_1_819' title='bbox 731 5750 1061 5807; x_wconf 87' lang='lat' dir='ltr'><strong>Philostrato</strong></span> <span class='ocrx_word' id='word_1_820' title='bbox 1088 5747 1485 5809; x_wconf 75' lang='lat' dir='ltr'><strong>revocavimus.</strong></span> 
     </span>
    </p>
   </div>
   <div class='ocr_carea' id='block_1_109' title="bbox 162 5816 1661 5890">
    <p class='ocr_par' dir='ltr' id='par_1_109' title="bbox 162 5816 1661 5890">
     <span class='ocr_line' id='line_1_109' title="bbox 162 5816 1661 5890; baseline 0.005 -17"><span class='ocrx_word' id='word_1_821' title='bbox 162 5816 283 5890; x_wconf 62' lang='lat'><strong>(84)</strong></span> <span class='ocrx_word' id='word_1_822' title='bbox 320 5819 499 5876; x_wconf 75' lang='grc' dir='ltr'>Λύτό.</span> <span class='ocrx_word' id='word_1_823' title='bbox 541 5819 847 5880; x_wconf 88' lang='lat' dir='ltr'><strong>Pronomen</strong></span> <span class='ocrx_word' id='word_1_824' title='bbox 895 5823 998 5879; x_wconf 88' lang='lat' dir='ltr'><strong>hoc</strong></span> <span class='ocrx_word' id='word_1_825' title='bbox 1047 5822 1357 5881; x_wconf 87' lang='lat' dir='ltr'><strong>addidimus</strong></span> <span class='ocrx_word' id='word_1_826' title='bbox 1382 5840 1451 5881; x_wconf 79' lang='lat' dir='ltr'><strong>ex</strong></span> <span class='ocrx_word' id='word_1_827' title='bbox 1479 5823 1661 5880; x_wconf 74' lang='lat' dir='ltr'><strong>Philo-</strong></span> 
     </span>
    </p>
   </div>
   <div class='ocr_carea' id='block_1_110' title="bbox 1766 5271 1962 5322">
    <p class='ocr_par' dir='ltr' id='par_1_110' title="bbox 1766 5271 1962 5322">
     <span class='ocr_line' id='line_1_110' title="bbox 1766 5271 1962 5322; baseline -0.01 0"><span class='ocrx_word' id='word_1_828' title='bbox 1766 5271 1962 5322; x_wconf 88' lang='lat' dir='ltr'><strong>strato.</strong></span> 
     </span>
    </p>
   </div>
   <div class='ocr_carea' id='block_1_111' title="bbox 1841 5329 3334 5404">
    <p class='ocr_par' dir='ltr' id='par_1_111' title="bbox 1841 5329 3334 5404">
     <span class='ocr_line' id='line_1_111' title="bbox 1841 5329 3334 5404; baseline -0.001 -17"><span class='ocrx_word' id='word_1_829' title='bbox 1841 5334 1953 5403; x_wconf 76' lang='lat'><strong>(85)</strong></span> <span class='ocrx_word' id='word_1_830' title='bbox 1995 5334 2135 5388; x_wconf 82' lang='grc' dir='ltr'>Τίνι.</span> <span class='ocrx_word' id='word_1_831' title='bbox 2179 5331 2378 5388; x_wconf 86' lang='lat' dir='ltr'><strong>Notum</strong></span> <span class='ocrx_word' id='word_1_832' title='bbox 2408 5341 2493 5388; x_wconf 89' lang='lat' dir='ltr'><strong>est</strong></span> <span class='ocrx_word' id='word_1_833' title='bbox 2516 5333 2660 5404; x_wconf 90' lang='lat' dir='ltr'><strong>apud</strong></span> <span class='ocrx_word' id='word_1_834' title='bbox 2682 5333 2899 5404; x_wconf 82' lang='lat' dir='ltr'><strong>Graecos</strong></span> <span class='ocrx_word' id='word_1_835' title='bbox 2924 5333 3130 5404; x_wconf 84' lang='lat' dir='ltr'><strong>pariter</strong></span> <span class='ocrx_word' id='word_1_836' title='bbox 3149 5347 3213 5387; x_wconf 91' lang='lat' dir='ltr'><strong>ac</strong></span> <span class='ocrx_word' id='word_1_837' title='bbox 3233 5329 3334 5404; x_wconf 78' lang='lat' dir='ltr'><strong>La-</strong></span> 
     </span>
    </p>
   </div>
   <div class='ocr_carea' id='block_1_112' title="bbox 1766 5402 3339 5474">
    <p class='ocr_par' dir='ltr' id='par_1_112' title="bbox 1766 5402 3339 5474">
     <span class='ocr_line' id='line_1_112' title="bbox 1766 5402 3339 5474; baseline -0.001 -16"><span class='ocrx_word' id='word_1_838' title='bbox 1766 5402 1914 5459; x_wconf 74' lang='lat' dir='ltr'><strong>tinus</strong></span> <span class='ocrx_word' id='word_1_839' title='bbox 1936 5405 2120 5474; x_wconf 84' lang='lat' dir='ltr'><strong>dativo</strong></span> <span class='ocrx_word' id='word_1_840' title='bbox 2139 5402 2684 5474; x_wconf 70' lang='lat' dir='ltr'><strong>exprimipersoham</strong></span> <span class='ocrx_word' id='word_1_841' title='bbox 2711 5404 2768 5459; x_wconf 92' lang='lat' dir='ltr'><strong>in</strong></span> <span class='ocrx_word' id='word_1_842' title='bbox 2798 5402 2959 5473; x_wconf 75' lang='lat' dir='ltr'><strong>cujus</strong></span> <span class='ocrx_word' id='word_1_843' title='bbox 2982 5403 3211 5474; x_wconf 77' lang='lat' dir='ltr'><strong>gratiam</strong></span> <span class='ocrx_word' id='word_1_844' title='bbox 3234 5403 3339 5474; x_wconf 86' lang='lat' dir='ltr'><strong>ali-</strong></span> 
     </span>
    </p>
   </div>
   <div class='ocr_carea' id='block_1_113' title="bbox 1768 5471 3337 5545">
    <p class='ocr_par' dir='ltr' id='par_1_113' title="bbox 1768 5471 3337 5545">
     <span class='ocr_line' id='line_1_113' title="bbox 1768 5471 3337 5545; baseline -0.001 -17"><span class='ocrx_word' id='word_1_845' title='bbox 1768 5474 1901 5545; x_wconf 87' lang='lat' dir='ltr'><strong>quid</strong></span> <span class='ocrx_word' id='word_1_846' title='bbox 1931 5475 2009 5528; x_wconf 89' lang='lat' dir='ltr'><strong>lit.</strong></span> <span class='ocrx_word' id='word_1_847' title='bbox 2044 5471 2335 5545; x_wconf 69' lang='lat' dir='ltr'><strong>Nempein</strong></span> <span class='ocrx_word' id='word_1_848' title='bbox 2364 5471 2554 5545; x_wconf 67' lang='lat' dir='ltr'><strong>Nervae</strong></span> <span class='ocrx_word' id='word_1_849' title='bbox 2574 5474 2804 5545; x_wconf 77' lang='lat' dir='ltr'><strong>gratiam</strong></span> <span class='ocrx_word' id='word_1_850' title='bbox 2835 5471 3198 5545; x_wconf 78' lang='lat' dir='ltr'><strong>abominanda</strong></span> <span class='ocrx_word' id='word_1_851' title='bbox 3230 5473 3337 5527; x_wconf 88' lang='lat' dir='ltr'><strong>ista</strong></span> 
     </span>
    </p>
   </div>
   <div class='ocr_carea' id='block_1_114' title="bbox 1770 5542 3337 5613">
    <p class='ocr_par' dir='ltr' id='par_1_114' title="bbox 1770 5542 3337 5613">
     <span class='ocr_line' id='line_1_114' title="bbox 1770 5542 3337 5613; baseline -0.004 -12"><span class='ocrx_word' id='word_1_852' title='bbox 1770 5542 1930 5601; x_wconf 77' lang='lat' dir='ltr'><strong>sacra</strong></span> <span class='ocrx_word' id='word_1_853' title='bbox 1980 5542 2201 5613; x_wconf 77' lang='lat' dir='ltr'><strong>peracta</strong></span> <span class='ocrx_word' id='word_1_854' title='bbox 2252 5542 2425 5597; x_wconf 83' lang='lat' dir='ltr'><strong>fuisse</strong></span> <span class='ocrx_word' id='word_1_855' title='bbox 2474 5542 2815 5598; x_wconf 83' lang='lat' dir='ltr'><strong>Domitianus</strong></span> <span class='ocrx_word' id='word_1_856' title='bbox 2847 5543 3257 5613; x_wconf 64' lang='lat' dir='ltr'><strong>suspicabatur,</strong></span> <span class='ocrx_word' id='word_1_857' title='bbox 3276 5548 3337 5613; x_wconf 80' lang='lat' dir='ltr'><strong>ut</strong></span> 
     </span>
    </p>
   </div>
   <div class='ocr_carea' id='block_1_115' title="bbox 1770 5610 3335 5670">
    <p class='ocr_par' dir='ltr' id='par_1_115' title="bbox 1770 5610 3335 5670">
     <span class='ocr_line' id='line_1_115' title="bbox 1770 5610 3335 5670; baseline -0.002 -2"><span class='ocrx_word' id='word_1_858' title='bbox 1770 5630 1838 5669; x_wconf 84' lang='lat' dir='ltr'><strong>ex</strong></span> <span class='ocrx_word' id='word_1_859' title='bbox 1868 5610 2185 5668; x_wconf 79' lang='lat' dir='ltr'><strong>Philostrati</strong></span> <span class='ocrx_word' id='word_1_860' title='bbox 2227 5613 2534 5669; x_wconf 91' lang='lat' dir='ltr'><strong>clarissime</strong></span> <span class='ocrx_word' id='word_1_861' title='bbox 2572 5622 2788 5670; x_wconf 87' lang='lat' dir='ltr'><strong>constat</strong></span> <span class='ocrx_word' id='word_1_862' title='bbox 2823 5610 3070 5669; x_wconf 81' lang='lat' dir='ltr'><strong>historia.</strong></span> <span class='ocrx_word' id='word_1_863' title='bbox 3101 5610 3208 5668; x_wconf 89' lang='lat' dir='ltr'><strong>Sed</strong></span> <span class='ocrx_word' id='word_1_864' title='bbox 3246 5610 3335 5666; x_wconf 84' lang='lat' dir='ltr'><strong>hic</strong></span> 
     </span>
    </p>
   </div>
   <div class='ocr_carea' id='block_1_116' title="bbox 1767 5682 3333 5786">
    <p class='ocr_par' dir='ltr' id='par_1_116' title="bbox 1767 5682 3333 5786">
     <span class='ocr_line' id='line_1_116' title="bbox 1767 5682 3333 5786; baseline -0.001 -48"><span class='ocrx_word' id='word_1_865' title='bbox 1767 5685 2143 5786; x_wconf 48' lang='lat' dir='ltr'><strong>tamepoe’tiam</strong></span> <span class='ocrx_word' id='word_1_866' title='bbox 2172 5683 2429 5740; x_wconf 88' lang='lat' dir='ltr'><strong>Acciolus</strong></span> <span class='ocrx_word' id='word_1_867' title='bbox 2462 5684 2702 5756; x_wconf 78' lang='lat' dir='ltr'><strong>impegit.</strong></span> <span class='ocrx_word' id='word_1_868' title='bbox 2732 5682 2838 5740; x_wconf 88' lang='lat' dir='ltr'><strong>Ubi</strong></span> <span class='ocrx_word' id='word_1_869' title='bbox 2869 5699 3000 5742; x_wconf 82' lang='lat' dir='ltr'><strong>vero</strong></span> <span class='ocrx_word' id='word_1_870' title='bbox 3021 5698 3132 5740; x_wconf 81' lang='lat' dir='ltr'><strong>non</strong></span> <span class='ocrx_word' id='word_1_871' title='bbox 3164 5682 3333 5755; x_wconf 81' lang='lat' dir='ltr'><strong>Impe-</strong></span> 
     </span>
    </p>
   </div>
   <div class='ocr_carea' id='block_1_117' title="bbox 1806 5754 2477 5808">
    <p class='ocr_par' dir='ltr' id='par_1_117' title="bbox 1806 5754 2477 5808">
     <span class='ocr_line' id='line_1_117' title="bbox 1806 5754 2477 5808; baseline -0.009 -3"><span class='ocrx_word' id='word_1_872' title='bbox 1806 5754 1845 5806; x_wconf 92' lang='lat' dir='ltr'><strong>it</strong></span> <span class='ocrx_word' id='word_1_873' title='bbox 1872 5754 2012 5808; x_wconf 88' lang='lat' dir='ltr'><strong>iste?</strong></span> <span class='ocrx_word' id='word_1_874' title='bbox 2474 5794 2477 5799; x_wconf 85' lang='lat'><strong>.</strong></span> 
     </span>
    </p>
   </div>
   <div class='ocr_carea' id='block_1_118' title="bbox 1767 5768 2795 5899">
    <p class='ocr_par' dir='ltr' id='par_1_118' title="bbox 1767 5768 2795 5899">
     <span class='ocr_line' id='line_1_118' title="bbox 1767 5768 2795 5899; baseline 0.009 -23"><span class='ocrx_word' id='word_1_875' title='bbox 1767 5768 2217 5894; x_wconf 55' lang='grc' dir='ltr'><strong>⁸¹ιίὲἓῖθὲούλει</strong></span> <span class='ocrx_word' id='word_1_876' title='bbox 2258 5794 2543 5894; x_wconf 61' lang='lat' dir='ltr'><strong>Philostin,</strong></span> <span class='ocrx_word' id='word_1_877' title='bbox 2577 5825 2795 5899; x_wconf 80' lang='grc' dir='ltr'>βούλοιο.</span> 
     </span>
    </p>
   </div>
  </div>
