3856 6222
468 292 567 350 851

1006 404 1238 461 CAPUT
1276 405 1519 462 XXXIX.

543 516 801 576 Historiae
831 525 1011 573 autem
1048 517 1223 588 ipsius
1259 519 1519 589 scriptor,
1554 517 1681 573 dum
1715 518 2040 573 miraculum

466 610 521 665 in
572 625 797 666 carcere
845 617 1120 680 patratum
1165 611 1423 682 exponit,
1470 611 1615 681 quod
1649 609 1776 665 fuco
1806 611 2038 681 phanta-

471 703 601 767 siae,
634 710 695 757 ut
727 702 951 757 credere
981 717 1082 772 par
1113 715 1227 771 est,
1270 703 1452 769 facto,
1492 703 1778 759 familiaris
1812 703 2039 774 spiritus

467 809 570 864 ope
600 793 785 850 Damis
817 795 1062 860 viderat,
1093 795 1209 851 haec
1236 798 1406 852 verba
1438 797 1719 868 subjungit
1749 797 1770 828 ⁸
1802 813 1815 847 :
1845 814 1863 846 ι
1899 794 2038 851 Tum

467 885 702 954 primum
745 884 932 940 Damis
974 885 1048 939 ait
1091 893 1345 940 naturam
1388 886 1659 957 Apollonii
1721 885 2038 941 accuratius

1082 275 1372 347 'EUSEBll
1405 286 1882 345 CASSARIENSIS
1914 286 2066 345 opp.
2101 284 2283 342 PARS
2321 286 2388 342 ιι.
2426 317 2501 329 -
2535 286 3039 345 APOLOGETICA.
3624 291 3719 345 352

2074 411 2122 466 A

2661 407 3059 461 ΚΕΦΑΛΑῙΟΝ
3095 407 3222 461 AG’.

2226 519 2284 573 Ὁ
2316 519 2413 590 μὲν
2441 515 2534 573 οὖν
2572 522 2920 591 συγγραφεὺς
2941 522 3036 573 ἐπὶ
3066 521 3161 574 τοῦ
3194 521 3336 575 κατὰ
3360 520 3424 574 τὸ
3446 521 3727 593 δεσμωτη-

2144 630 2259 684 ριον
2284 612 2579 684 θαύματος,
2614 613 2756 666 κατά
2789 614 3117 682 φαντασίαν,
3144 614 3220 678 ὡς
3244 614 3443 679 ἔοικεν,
3486 614 3596 667 ὑπὸ
3632 616 3728 666 τοῦ

2142 703 2412 775 παρέδρου
2440 704 2693 774 δαίμονος
2736 703 2813 774 τῷ
2853 703 3046 775 Δάμιδι
3085 706 3404 776 ἑωραμένον
3427 743 3443 769 ,
3473 706 3723 775 ἐπιφέρει

2139 794 2310 862 λέγων
2329 812 2342 824 ·
2369 814 2388 846 ι
2417 795 2551 847 Τότε
2597 794 2812 865 πρῶτον
2842 797 2871 846 6
2898 796 3072 865 Δάμις
3111 797 3274 864 φησὶν
3312 795 3561 867 ἀκριϐῶς
3609 793 3724 859 ξυνα

2137 892 2277 942 εἶναι
2314 889 2413 959 τῆς
2448 887 2803 940 Ἀπολλωνίου
2847 886 3089 957 φύσεως,
3136 888 3217 940 ὃτι
3258 887 3377 940 θεία
3409 904 3470 940 τε
3515 887 3603 957 εἴη
3634 889 3725 939 καὶ

2140 983 2402 1053 κρείττων
2432 980 2738 1052 ἀνθρώπου.
2771 980 2856 1051 Μὴ
2884 982 2992 1051 γὰρ
3032 980 3271 1033 θύσαντά
3318 996 3373 1032 τι
3414 979 3526 1047 (87)
3581 979 3724 1048 (m3;

2139 1073 2248 1143 γὰρ
2272 1074 2328 1124 έν
2355 1072 2712 1143 δεσμωτηρίῳ
2730 1072 2791 1143 ;),
2824 1071 2958 1142 μηδὲ
2990 1071 3310 1141 εὐξάμενον,
3338 1071 3475 1141 μηδὲ
3498 1070 3725 1122 εἰτώντα

2138 1181 2211 1230 τι,
2240 1163 2607 1232 καταγελάσαι
2632 1163 2726 1215 τοῦ
2765 1162 2964 1234 δεσμοῦ
2985 1202 2999 1226 ,
3034 1164 3129 1215 καὶ
3161 1162 3545 1234 ἐναρμόσαντα
3576 1161 3725 1230 αὐτῷ

2135 1255 2197 1307 τὸ
2226 1256 2419 1318 σκέλος
2450 1253 2520 1307 τὰ
2552 1254 2647 1307 τοῦ
2692 1254 2970 1323 δεδεμένου
3001 1254 3278 1324 πράττειν.
3311 1272 3328 1303 ι
3368 1251 3514 1320 Ἐγὼ
3548 1253 3607 1306 δὲ
3631 1251 3720 1305 οὗ·

2139 1347 2255 1397 ποτ’
2282 1344 2347 1398 ἂν
2381 1344 2711 1414 καταγνοίην
2754 1343 3059 1415 βραδύτητα
3088 1342 3182 1394 τοῦ
3230 1342 3510 1412 φοιτητοῦ,
3542 1343 3590 1393 εἰ
3634 1340 3727 1394 τὸν

2138 1436 2317 1488 πάντα
2358 1435 2471 1505 βίον
2521 1434 2693 1488 συνὼν
2726 1434 2904 1505 αὐτῷ,
2945 1434 3038 1486 καὶ
3077 1433 3166 1486 διά
3207 1449 3370 1485 τινων
3409 1433 3727 1503 περιέργων

2135 1525 2276 1597 ὁρῶν
2304 1527 2467 1579 αὐτὸν
2505 1526 2868 1579 ἀποτελοῦντα
2896 1527 2963 1579 τὰ
3006 1523 3304 1596 παράδοξα,
3338 1525 3491 1577 οὐδέν
3528 1542 3580 1576 τι
3614 1525 3731 1577 διασ-
3814 1532 3815 1539 ‘

2137 1615 2322 1685 φέρειν
2377 1616 2542 1670 αὑτὸν
2577 1618 2760 1687 ἡγεῖτο
2790 1618 2886 1686 τῆς
2928 1615 3126 1686 θνητῆς
3170 1615 3401 1685 φύσεως.
3457 1613 3601 1665 Ἀλλ’
3646 1615 3730 1667 ἔτι

2137 1707 2232 1760 καὶ
2260 1706 2356 1761 νῦν
2386 1707 2524 1778 μετὰ
2558 1708 2826 1778 τοσαύτην
2855 1708 3297 1778 θαυματουργίαν
3322 1705 3390 1758 τὰ
3414 1708 3540 1758 κατ’
3565 1707 3730 1759 αὐτον

2134 1797 2350 1865 ἀγνοεῖ·
2392 1799 2617 1862 εἰκότως
2643 1799 2698 1851 δὲ
2737 1799 2945 1869 ἀγωνιᾷ
2987 1797 3082 1851 καὶ
3121 1798 3259 1850 δέδιε
3288 1796 3420 1867 (88),
3464 1798 3544 1859 ὡς
3586 1797 3732 1867 ὑπὲρ
3814 1866 3815 1869 η

460 1887 676 1942 mortali
710 1897 973 1957 praestare
999 1894 1197 1941 natura
1235 1885 1584 1939 existimarit.
1615 1886 1683 1938 At
1712 1899 1841 1938 vero
1870 1884 2028 1937 etiam

2145 1888 2443 1960 Ξινθρώπου,
2482 1893 2552 1962 μή
2591 1909 2641 1944 τι
2690 1890 2851 1945 πάθοι
2898 1891 3048 1962 παρὰ
3090 1890 3429 1961 προαίρεσιν.
3460 1891 3527 1941 Εἰ
3561 1888 3622 1941 δὲ
3668 1889 3733 1960 δὴ

458 1988 584 2051 post
637 1987 847 2034 tantum
895 1995 1034 2050 opus
1077 1986 1388 2048 patratum,
1436 1979 1617 2047 qualis
1662 1977 1754 2031 ille
1798 1977 2028 2040 existat,

2145 1980 2348 2050 πρῶτον
2378 1981 2501 2051 ἄρτι
2541 1981 2681 2051 μετὰ
2720 1983 2819 2052 τὴν
2852 1982 3120 2050 τοσαύτην
3160 1980 3440 2051 διατριϐὴν
3465 2020 3482 2044 ,
3528 1981 3615 2032 ὅτι
3667 1980 3731 2051 δὴ

460 2074 714 2145 ignorat:
745 2081 835 2139 et,
881 2085 939 2129 ut
984 2072 1065 2128 fas
1114 2072 1185 2127 sit
1230 2070 1538 2141 ignoranti,
1569 2071 1639 2125 ob
1670 2071 1848 2140 ipsum
1880 2070 2028 2139 angi-

2145 2068 2275 2132 )si’o;
2301 2069 2384 2140 εἴη
2429 2071 2522 2122 καὶ
2568 2071 2879 2141 κρείττονος
2909 2071 3196 2142 ἀνθρώπου
3234 2071 3472 2139 φύσεως,
3511 2070 3732 2141 ξυνίησι

460 2176 568 2232 tur,
600 2176 761 2239 atque
786 2169 975 2236 timet,
1005 2167 1229 2239 perinde
1257 2182 1321 2221 ac
1350 2167 1395 2221 si
1425 2169 1589 2219 homo
1616 2165 1687 2219 sit
1717 2163 1897 2219 nudus
1918 2203 1932 2227 ,
1963 2178 2028 2217 ne

2145 2162 2226 2234 τὴν
2253 2163 2441 2216 τούτου
2466 2164 2692 2230 ξυνιδεῖν
2717 2165 2864 2230 ἄξιον
2902 2167 3103 2229 αἰτίαν,
3127 2170 3193 2239 ἣν
3222 2168 3380 2229 αὐτὸς
3417 2170 3447 2220 ό
3482 2184 3733 2238 συγγραο

458 2261 587 2331 quid
615 2263 664 2316 ei
687 2303 702 2326 ,
732 2260 877 2331 quod
907 2261 1132 2315 minime
1157 2259 1323 2324 velit,
1354 2258 1594 2313 eveniat.
1625 2254 1800 2310 Porro
1825 2256 1872 2311 si
1906 2262 2028 2322 post

2145 2258 2263 2324 ρευς
2289 2257 2440 2328 δηλοῖ
2467 2258 2669 2326 λέγων’
2706 2278 2725 2309 ί
2750 2259 2841 2330 Μὴ
2876 2260 2984 2333 γὰρ
3014 2260 3252 2314 θύσαντα
3275 2278 3350 2323 τι,
3382 2261 3524 2331 μηδὲ
3565 2263 3731 2313 ἐπευ-

458 2355 672 2422 longam
709 2351 844 2406 adeo
874 2349 1349 2421 conversationem
1377 2347 1597 2402 demum
1628 2346 1873 2400 divinum
1904 2360 2027 2398 eum

2145 2349 2392 2418 ξάμενον,
2444 2349 2576 2419 μηδέ
2622 2368 2674 2403 τι
2721 2350 2830 2403 τῶν
2877 2352 3202 2423 ἀπορρήτων
3248 2352 3549 2423 είῇκότα,
3602 2372 3623 2403 ι
3672 2353 3731 2404 τὸ

456 2459 579 2499 esse
598 2483 614 2507 ,
643 2449 699 2497 et
725 2441 1159 2503 excellentioris,
1192 2455 1356 2511 quam
1388 2439 1624 2492 humana
1653 2436 1757 2500 sit,
1791 2435 2025 2499 indolis,

2145 2441 2429 2511 παράδοξον
2463 2444 2592 2497 ἰδεῖν
2617 2445 2779 2499 αὑτὸν
2822 2446 3180 2515 πεποιηκότα.
3224 2446 3435 2499 υύκούν
3478 2446 3555 2498 τὰ
3600 2446 3731 2516 πρό-

457 2534 723 2589 intellexit
750 2552 764 2600 ;
797 2533 915 2603 ejus
947 2533 1024 2588 rei
1056 2532 1194 2588 ratio
1221 2539 1462 2586 meretur
1491 2528 1833 2591 examinari,
1864 2541 2028 2597 quam

2145 2550 2283 2604 τερον
2305 2533 2393 2586 διὰ
2435 2537 2731 2607 περιέργου
2767 2537 3017 2607 μηχανῆς
3040 2537 3274 2590 ἐτελεῖτο
3297 2536 3375 2607 τῷ
3412 2538 3611 2608 ἀνδρί·
3654 2536 3731 2589 διὸ

456 2629 574 2696 ipse
623 2625 860 2695 scriptor
912 2625 1003 2679 ille
1054 2623 1265 2678 indicat
1317 2623 1505 2678 dicens
1537 2640 1550 2677 :
1582 2640 1601 2672 ι
1634 2619 1820 2690 Neque
1872 2632 2028 2672 sacra

2145 2624 2265 2694 ιηδὲ
2295 2624 2769 2695 καταπλήττεσθαι
2804 2626 2944 2679 αύτὰ
2978 2627 3113 2697 μηδὲ
3150 2626 3457 2698 θαυμάζειν
3492 2629 3592 2680 τὸν
3628 2628 3731 2679 Δά-

454 2720 746 2774 obeunlem
787 2733 911 2772 eum
960 2717 1106 2780 ulla,
1153 2730 1331 2785 neque
1370 2712 1783 2784 precationibus
1823 2725 1982 2765 usum
2007 2747 2024 2772 ,

2145 2734 2244 2768 ιιν.
2267 2717 2508 2781 Εἰκότως
2536 2717 2589 2769 δὲ
2614 2717 2707 2771 νῦν
2732 2717 2891 2771 τοῦτο
2913 2719 3131 2790 πρῶτον
3154 2719 3543 2783 πέπωθεν,ὼς
3575 2720 3729 2783 ξένου
3814 2728 3815 2733 ‘

456 2826 631 2881 neque
667 2809 855 2865 arcani
893 2808 1188 2879 quidquam
1227 2808 1604 2863 mussitantem
1637 2827 1655 2859 ι
1685 2804 1878 2858 Damin
1916 2803 2021 2856 mi-

2145 2805 2267 2869 τινὸς
2283 2806 2553 2859 ὑπἀὐτοῦ
2576 2808 2724 2878 παρὰ
2740 2807 2808 2860 τὰ
2831 2809 3032 2879 συνήθη
3055 2809 3566 2881 διαπεπραγμένου.
3581 2810 3729 2880 Πρὸς

454 2905 699 2959 raculum
732 2903 878 2960 istud
913 2912 1129 2973 patrare
1156 2901 1382 2956 vidisse.
1411 2900 1583 2954 Antea
1614 2900 1780 2968 igitur
1810 2906 2025 2967 patrata

2145 2897 2184 2949 ;ὸ
2202 2898 2408 2968 δειχθὲν
2435 2899 2492 2952 δὲ
2506 2899 2599 2952 τοῦ
2622 2900 2822 2971 δεσμοῦ
2847 2902 3060 2971 φάσμα,
3079 2904 3171 2954 καὶ
3192 2903 3288 2974 τὴν
3315 2903 3423 2955 ἀπὸ
3442 2901 3543 2954 τοῦ
3572 2902 3728 2954 δικα-

453 3012 554 3068 per
593 2997 835 3068 magicas
882 3002 1028 3051 artes
1070 2994 1336 3064 quasdam
1377 2993 1444 3046 ab
1481 2992 1771 3062 Apollonio
1799 2999 2023 3060 peracta

2145 2993 2349 3061 ςτηρίου
2378 2992 2746 3065 ἀναχώρησιν,
2779 2995 2878 3058 τὰς
2908 2996 3044 3066 πρὸς
3075 2993 3401 3066 Δομετιανὸν
3430 2994 3605 3047 αὑτοῦ
3632 2993 3725 3047 τοῦ

454 3091 635 3154 fuere,
670 3098 1072 3160 proptereaque
1112 3101 1294 3155 neque
1332 3084 1684 3153 obstupuisse
1711 3099 1806 3146 ea,
1842 3098 2023 3152 neque

2145 3082 2493 3136 Ἀπολλωνίου
2520 3085 2703 3152 φωνὰς
2730 3085 3082 3157 παραθείμην
3128 3087 3212 3140 ἄν.
3250 3088 3480 3156 Δεσμοῖς
3527 3087 3728 3156 γάρτοι

452 3182 781 3239 admiratum
812 3195 933 3235 esse
959 3178 1155 3232 Damin
1185 3176 1330 3249 [ait].
1378 3176 1571 3231 Merito
1602 3186 1783 3229 autem
1818 3173 1901 3246 [ut
1929 3173 2021 3227 ad-

2145 3175 2291 3227 ιύτὸν
2313 3176 2681 3247 παραδοθῆναι
2713 3178 3115 3250 προστάξαντος
3155 3177 3443 3247 βασιλέως,
3482 3178 3633 3231 πάνυ
3663 3195 3727 3245 γε
3814 3174 3815 3179 “

452 3270 766 3342 miraretur]
799 3286 943 3325 nunc
969 3270 1203 3340 primum
1238 3271 1288 3324 ei
1318 3269 1535 3333 evenit,
1563 3266 1710 3336 quod
1737 3266 2019 3320 insolitum

2145 3265 2436 3329 ὶκολούθως
2462 3268 2491 3318 ό
2524 3268 2877 3332 Ἀπολλώνιος
2906 3269 3287 3336 συνελογίσατο
3306 3268 3402 3321 ὡδί
3432 3286 3556 3331 πως
3579 3286 3594 3298 ·
3619 3288 3639 3318 ι
3665 3270 3731 3321 El

453 3362 585 3430 quid
635 3361 704 3416 ab
745 3360 1036 3431 Apollonio
1083 3368 1138 3415 et
1186 3368 1386 3430 praeter
1429 3373 1639 3413 morem
1688 3356 2015 3413 efﬁceretur.

2145 3358 2231 3412 ιὲν
2254 3359 2427 3429 γόητά
2453 3377 2519 3429 με
2561 3362 2692 3431 ἡγῇ,
2736 3362 2853 3426 πῶς
2890 3363 3107 3433 δήσεις;
3150 3362 3196 3413 εξ
3238 3360 3295 3413 δὲ
3334 3360 3551 3432 δήσεις,
3607 3359 3731 3422 πῶς
3814 3372 3815 3419 ἲ

451 3454 607 3519 Quod
655 3460 836 3507 autem
872 3452 1183 3525 [obiectum
1214 3450 1463 3523 Damidi]
1498 3449 1704 3521 pedicae
1731 3457 2020 3519 spectacu-

2145 3451 2299 3521 (ὁητα
2344 3449 2482 3506 εἶναι
2526 3454 2755 3525 φήσεις;
2786 3474 2804 3507 ι
2863 3453 3232 3525 Ἀντικρούσει
3264 3452 3393 3521 γοῦν
3442 3451 3603 3521 αύτῷ
3643 3469 3731 3513 τις
3814 3462 3815 3505 1

453 3549 561 3601 lum
612 3546 839 3607 attinet,
876 3524 1306 3612 discessumque
1347 3557 1413 3596 ex
1461 3540 1791 3603 dicasterio,
1842 3539 2019 3608 ipsius

2145 3542 2223 3596 ὒδί
2270 3562 2406 3609 πως,
2449 3546 2513 3598 ἐκ
2545 3524 2749 3599 τούτων
2796 3524 3143 3617 ὁρμώμενος·
3196 3545 3261 3597 Εἰ
3300 3544 3397 3614 μὲν
3442 3543 3506 3594 οὐ
3564 3542 3731 3610 γόης.
3814 3524 3815 3555 1

448 3653 518 3691 ca
551 3638 619 3693 de
657 3651 717 3691 re
753 3633 1023 3704 Apollonii
1061 3633 1125 3688 ad
1158 3632 1524 3687 Domitianum
1556 3646 1840 3687 sermones
1868 3628 2017 3684 haud

2145 3631 2247 3695 τῶς
2278 3632 2495 3686 λέλυταί
2539 3651 2635 3688 σου
2667 3635 2729 3688 τὸ
2759 3635 2982 3700 σκέλος;
3024 3636 3071 3686 εἰ
3098 3634 3156 3687 δὲ
3198 3632 3449 3695 λέλυται,
3491 3630 3621 3692 πῶς
3665 3632 3731 3682 οὐ

450 3729 654 3783 invitus
685 3740 975 3797 apponam.
1003 3722 1255 3779 Vinculis
1299 3723 1448 3779 enim
1496 3738 1621 3777 cum
1673 3723 1825 3776 illum
1860 3720 2016 3791 ligari

2145 3724 2287 3796 ζόης
2329 3726 2439 3780 Καὶ
2476 3728 2525 3779 εἰ
2559 3727 2637 3797 τῷ
2665 3727 2956 3798 ὑπομεῖναι
2994 3726 3085 3779 τὸν
3114 3725 3311 3795 δεσμὸν
3344 3723 3405 3776 ού
3441 3721 3611 3792 γόης,
3648 3722 3733 3791 τῷ

448 3823 744 3890 imperator
765 3817 1056 3887 iussisset,
1085 3816 1293 3886 optimo
1322 3814 1742 3883 argumentandi
1769 3829 1909 3868 nexu
1943 3813 2019 3866 ita

2145 3815 2204 3887 ιὴ
2251 3818 2576 3888 ὑπομεῖναι,
2611 3819 2731 3871 κατ’
2769 3819 2960 3883 αὑτὸν,
3020 3818 3367 3888 ὡμολόγηται
3402 3817 3567 3888 γόης.
3616 3818 3733 3870 Καὶ

446 3911 768 3983 Apollonius
790 3916 1077 3979 argutatus
1124 3909 1226 3962 fuit
1256 3909 1299 3941 ¹⁰
1326 3926 1340 3962 :
1375 3925 1393 3958 ι
1426 3906 1484 3962 Si
1530 3922 1748 3977 magum
1778 3922 1863 3961 me
1895 3920 2018 3961 esse

2145 3904 2190 3963 ιῦ
2236 3909 2438 3974 πάλιν,
2485 3911 2534 3963 εί
2583 3910 2887 3981 ὑπομείνας
2948 3910 3009 3963 τὸ
3045 3910 3393 3981 δικαστήριον
3445 3910 3508 3961 οὐ
3562 3909 3733 3980 γόης,
3814 3906 3815 3909 “

445 4004 769 4069 arbitraris,
820 4015 1057 4070 quanam
1109 4002 1322 4055 ratione
1369 3999 1624 4054 vincies?
1664 3996 1760 4053 Sin
1806 3998 2017 4052 vincire

2145 3998 2201 4070 τῷ
2226 4000 2283 4053 δὲ
2309 4000 2591 4072 διαδρᾶναι
2617 4000 2796 4065 τοῦτο,
2823 4003 2917 4055 καὶ
2951 4003 3077 4065 τοὺς
3105 4003 3242 4071 ἀμφ’
3269 4000 3432 4053 αὑτὸν
3462 3999 3732 4071 βασιλέα,
3814 4048 3815 4083 ἶ

446 4113 531 4152 me
561 4097 765 4168 poteris
785 4137 800 4161 ,
832 4094 1104 4167 quomodo
1146 4109 1268 4149 esse
1311 4107 1527 4163 magum
1567 4090 1828 4161 putabis?
1859 4109 1876 4139 ›
1910 4088 2016 4143 Sed

2145 4091 2264 4158 ,ἐγω
2294 4091 2388 4144 καὶ
2420 4092 2546 4154 τοὺς
2583 4092 2640 4145 ὲν
2667 4090 2853 4161 κύκλῳ
2889 4088 3249 4161 δορυφόρους,
3290 4086 3479 4157 σαφῶς
3521 4088 3736 4140 ἑναττέ-
3814 4088 3815 4103 ³

443 4203 718 4259 opponere
758 4188 864 4258 ipsi
897 4188 1000 4241 hoc
1046 4186 1206 4240 modo
1237 4184 1437 4254 aliquis
1476 4192 1682 4253 posset,
1727 4182 2016 4237 occasione

2145 4200 2291 4253 mvev
2325 4183 2460 4253 (88⁸)
2490 4184 2519 4235 6
2540 4183 2691 4254 γόης.
2715 4182 2897 4246 Ὅθεν,
2941 4185 3029 4252 μοι
3052 4180 3216 4243 δοκῶ,
3243 4178 3484 4251 συνησθη
3495 4180 3673 4248 μένος
3700 4181 3732 4231 ό

441 4297 507 4335 ex
537 4281 657 4336 istis
682 4287 904 4349 accepta
931 4299 942 4332 :
977 4277 1033 4332 Si
1064 4283 1125 4331 tu
1154 4292 1345 4347 magus
1370 4292 1479 4329 non
1505 4291 1585 4340 es,
1615 4274 1889 4345 quomodo
1916 4273 2013 4326 tibi

2145 4275 2295 4343 .όγος,
2327 4274 2619 4348 θεραπεύει
2657 4277 2719 4329 τὸ
2746 4278 3000 4346 γεγονὸς,
3028 4275 3104 4338 ὡς
3136 4274 3200 4345 δὴ
3225 4274 3353 4327 ἄνευ
3383 4273 3601 4326 θυσιῶν
3627 4274 3733 4325 καὶ

443 4383 572 4423 crus
599 4378 683 4425 est
708 4368 948 4423 solutum
971 4368 994 4419 ?
1014 4367 1083 4419 At
1113 4366 1159 4421 si
1191 4367 1427 4421 solutum
1452 4374 1567 4430 est,
1600 4363 1876 4435 quomodo
1904 4377 2013 4417 non

2152 4367 2345 4437 πῳδῶν
2365 4369 2586 4439 ἀρρήτῳ
2615 4370 2723 4421 τινὶ
2756 4370 2849 4422 καὶ
2877 4370 3015 4441 ὑπὲρ
3034 4368 3319 4437 ἄνθρωπον
3351 4368 3588 4437 δυνάμει
3623 4365 3729 4419 τοῦ

441 4478 500 4517 es
528 4461 759 4532 magus?
787 4459 955 4530 Sique
978 4460 1115 4514 adeo
1139 4476 1204 4514 eo
1231 4459 1377 4530 quod
1404 4458 1457 4513 in
1485 4458 1700 4512 vincula
1729 4473 1787 4511 se
1813 4455 2013 4525 conjici

2145 4457 2423 4528 παραδόξου
2448 4458 2763 4529 πεφηνότος.

442 4555 516 4610 sit
559 4571 781 4625 passus,
826 4570 1018 4626 magus
1059 4570 1168 4610 non
1211 4569 1335 4608 esse
1376 4552 1666 4615 evincitur,
1692 4545 1849 4618 537
1876 4556 1977 4604 hoc
2015 4548 2135 4619 ipso
2172 4553 2317 4621 quod
2358 4553 2574 4607 vincula
2622 4555 2774 4608 exuit
2795 4594 2825 4633 ,ξ
2854 4540 3070 4624 magum
3118 4570 3241 4609 eum
3271 4553 3499 4623 proprio
3552 4552 3732 4608 etiam
3814 4548 3815 4603 ἐ

439 4664 592 4715 esse,
625 4649 685 4704 in
712 4648 970 4705 confesso
997 4649 1122 4705 erit.
1156 4648 1222 4703 Et
1248 4649 1491 4705 vicissim
1514 4688 1528 4713 ,
1561 4648 1606 4703 si
1635 4663 1698 4701 ex
1729 4661 1815 4711 eo,
1849 4646 1995 4716 quod
2028 4647 2240 4716 judicio
2266 4663 2326 4704 se
2368 4649 2653 4713 submisit,
2684 4665 2900 4719 magum
2927 4666 3035 4704 non
3087 4666 3211 4705 esse
3272 4658 3459 4719 patet;
3486 4650 3548 4702 in
3610 4650 3731 4703 hoc
3814 4660 3815 4719 ἦ

439 4747 562 4815 ipso
593 4753 742 4802 certe
770 4747 917 4817 quod
951 4763 1018 4802 ex
1052 4761 1118 4802 eo
1149 4761 1268 4802 sese
1296 4744 1599 4815 surripuit,
1635 4743 1846 4813 ipsique
1880 4742 2195 4812 imperatori
2258 4759 2320 4799 se
2382 4744 2676 4811 subduxit,
2742 4744 2883 4799 addo
2914 4754 2968 4799 et
2995 4745 3327 4814 stipantibus
3389 4759 3520 4798 eum
3588 4757 3732 4797 cor-

438 4840 590 4911 poris
624 4841 945 4897 custodibus
968 4882 983 4906 ,
1019 4841 1329 4896 luculenter
1361 4855 1482 4895 sese
1509 4837 1752 4908 prodidit
1782 4852 1993 4908 magus.
2036 4837 2404 4903 Quamobrem
2424 4880 2438 4903 ,
2470 4848 2532 4894 ut
2565 4840 2697 4893 mihi
2732 4840 2971 4905 videtur,
3002 4841 3121 4910 ipsa
3186 4838 3513 4894 Philostrati
3581 4853 3727 4892 ora-

466 976 856 1045 perspexisse,
899 975 1085 1031 divina
1128 977 1275 1046 quod
1325 979 1431 1042 sit,
1467 986 1522 1032 et
1556 978 1792 1032 humana
1838 977 2034 1047 major.

471 1062 659 1133 Neque
700 1065 845 1119 enim
889 1078 1048 1120 sacra
1091 1065 1203 1119 ulla
1248 1067 1540 1121 obeuntem
1625 1064 1748 1136 (qui
1792 1063 1937 1119 enim
1979 1063 2037 1116 in

467 1170 694 1210 carcere
746 1156 1131 1227 potuisset?),
1160 1171 1336 1226 neque
1383 1156 1790 1227 precationibus
1839 1171 2033 1222 usum,

463 1263 640 1319 neque
689 1250 918 1304 verbum
970 1247 1337 1319 proferentem
1383 1249 1592 1313 ullum,
1634 1246 1858 1317 pedicas
1901 1262 2038 1302 con-

463 1342 693 1412 temptui
737 1340 1041 1397 habuisse:
1085 1355 1394 1411 rursusque
1438 1355 1600 1394 crure
1636 1339 1745 1394 illis
1775 1340 2024 1404 inserto,

462 1438 523 1484 ut
566 1430 805 1485 vinculis
846 1430 941 1500 qui
976 1437 1123 1486 esset
1157 1430 1492 1484 constrictus
1514 1469 1528 1492 ,
1562 1444 1685 1484 sese
1715 1427 1971 1498 gessisse.
2008 1444 2029 1478 ι

461 1519 577 1590 Ego
633 1535 765 1576 vero
812 1520 949 1577 vitio
1004 1527 1215 1575 vertere
1261 1518 1482 1588 quidem
1536 1517 1809 1587 discipulo
1863 1516 2034 1571 nolim

461 1611 772 1667 tarditatem
820 1627 1011 1679 suam,
1058 1611 1207 1681 quod
1238 1625 1399 1665 omne
1428 1625 1552 1664 eum
1592 1625 1659 1664 eo
1703 1622 2033 1664 consumens

460 1719 664 1768 aavum,
694 1710 748 1759 et
779 1703 1287 1773 superstitiosorum
1316 1701 1682 1772 quorumdam
1714 1700 1916 1754 rituum
1946 1699 2031 1751 in-

463 1803 711 1850 terventu
751 1795 1024 1849 mirabilia
1057 1810 1182 1849 eum
1221 1802 1437 1864 patrare
1470 1792 1665 1848 videns
1686 1830 1701 1855 ,
1738 1792 1874 1845 nihil
1907 1806 2030 1845 eum

439 4930 551 4995 tio,
582 4929 711 4984 dum
739 4945 859 4985 eam
925 4946 1039 4987 rem
1109 4930 1525 4992 animadvertit,
1579 4927 1723 4983 facto
1790 4928 1867 4982 illi
1901 4928 2226 4983 medicinam
2268 4937 2466 4999 parat,
2518 4929 2834 5003 [referens]
2889 4931 3036 5001 quod
3085 4932 3253 4987 nullis
3303 4931 3473 4985 obitis
3528 4931 3728 4986 sacris

439 5023 933 5094 incantamentisve
999 5022 1295 5088 adhibitis,
1348 5022 1561 5078 occulta
1593 5020 1828 5091 quadam
1889 5028 1945 5076 et
1992 5020 2286 5076 humanam
2353 5022 2589 5078 indolem
2620 5031 2914 5093 superante
2939 5024 3141 5078 virtute
3162 5064 3175 5088 ,
3210 5022 3541 5077 miraculum
3574 5022 3730 5077 hoc-

434 5130 499 5172 ce
526 5122 803 5186 patratum
835 5116 1021 5171 fuerit.

503 5233 524 5267 ’
560 5232 656 5289 lib.
692 5247 797 5296 vn,
831 5246 882 5287 c.
918 5231 1007 5292 58.
1086 5232 1132 5264 ¹⁶
1172 5231 1270 5286 lib.
1313 5246 1430 5297 vn,
1466 5246 1516 5285 c.
1551 5231 1641 5284 54.

502 5323 613 5398 (87)
651 5323 932 5398 Otium-td
964 5341 1038 5378 τι.
1080 5323 1181 5394 Ap.
1216 5322 1477 5398 Philostr.
1514 5322 1637 5398 hoc_
1669 5321 1791 5398 loco
1839 5317 2007 5374 omis-

2145 5309 2375 5398 lamlidis,
2404 5308 2509 5363 ista
2553 5310 2844 5398 occasione
2897 5310 3322 5398 natavminime
3371 5314 3717 5376 convenire.
3814 5308 3815 5369 Ϊ

434 5379 556 5448 sum
588 5379 673 5465 est
700 5395 774 5465 τί,
807 5404 866 5448 ιιι
896 5400 951 5450 et
981 5409 1108 5449 mox
1129 5379 1280 5465 ‘post
1328 5392 1569 5447 εἰπόντα.
1603 5392 1832 5446 Ponitur
1878 5405 2008 5444 vero

2152 5381 2257 5461 uod
2291 5386 2478 5465 postea
2498 5382 2640 5465 apud
2674 5379 3028 5465 Demetrium,
3064 5380 3302 5465 lib.vm,_
3327 5396 3451 5465 cap.
3483 5384 3569 5445 ll,
3608 5386 3717 5447 12,

434 5450 909 5535 ροειᾹεῡξάμξενοο,
1071 5533 1082 5535 _
1114 5450 1175 5535 μ’
1288 5533 1314 5535 _
1495 5533 1507 5535 _
1598 5534 1603 5535 γ
1690 5533 1699 5535 ξ
1927 5533 1936 5535 ξ
2109 5450 2469 5535 ipsiuscapiti
2497 5450 2981 5535 metuathperinde
3014 5466 3078 5502 ac
3112 5450 3160 5504 si
3191 5451 3376 5506 nudus
3400 5450 3574 5535 homo
3606 5472 3719 5511 es-

504 5533 615 5604 (88)
668 5533 905 5603 Ἀγωνιᾷ
931 5534 1030 5589 καὶ
1058 5533 1233 5588 δέδιε.
1275 5533 1737 5589 Contradictionis
1781 5533 2009 5589 convin-

433 5617 559 5675 cere
586 5604 982 5675 Philostratum
1029 5607 1182 5675 cupit
1207 5604 1312 5671 hoc
1339 5612 1680 5675 argumento,
1718 5606 1861 5673 quod
1897 5604 2006 5659 Da-

433 5671 633 5746 midem
689 5674 836 5746 dicat
879 5671 1142 5746 indicium
1192 5671 1498 5746 divinitatis
1529 5671 1765 5744 Apollini
1792 5676 2007 5746 cepisse

434 5756 501 5801 ex
528 5741 662 5812 pede
690 5745 923 5798 vinculis
953 5752 1146 5815 sponte
1180 5745 1378 5804 soluto.
1412 5742 1549 5803 Nam
1577 5741 1714 5800 huic
1760 5741 2005 5818 opinioni

2108 5599 2321 5646 naturae
2349 5591 2687 5659 opinionem.

2180 5661 2312 5734 (88')
2347 5661 2776 5730 Ἐναπὲφην-εν.
2810 5660 2971 5717 Forte
2996 5663 3233 5733 ἀναπνέῃ.
3267 5663 3434 5724 Eutr.

2111 5529 2215 5585 set,
2248 5520 2315 5574 de
2348 5535 2458 5592 quo
2492 5522 2696 5574 nullam
2733 5520 2957 5576 haberet
3003 5535 3235 5592 prorsus
3287 5522 3715 5589 excellentioris
