3856 6222
154 257 281 315 853

701 372 1094 428 ΚΕΦΑΛΑΙΟΝ
1130 376 1220 429 Μ’.

248 468 414 523 ’Δλλά
455 468 565 541 γὰρ
605 468 708 522 οὐκ
760 470 818 531 ἐς
865 467 1084 539 μακρὰν
1127 462 1283 532 αὖθις
1332 469 1360 520 6
1401 468 1501 539 τῆς
1549 467 1761 537 φύσεως

166 560 553 633 ωαραθήσεται
598 559 842 631 ἔλεγχος.
879 561 1089 615 Αὐτίκα
1119 562 1230 633 γάρ
1266 577 1411 624 τινος
1442 560 1762 625 ἐπιστάντος

150 652 352 725 αὐτῷ,
393 652 488 706 καὶ
534 653 807 724 φήσαντος
829 669 844 685 ·
893 672 912 704 ι
950 653 1167 724 Ἀφίησί
1201 670 1289 719 σε,
1332 648 1377 706 ὦ
1415 652 1759 718 Ἀπολλώνιε,

146 747 398 800 τουτωνὶ
449 745 561 801 τῶν
625 745 840 817 δεσμῶν
882 748 912 800 6
963 747 1217 818 βασιλεὺς
1243 788 1258 813 ,
1314 749 1410 800 καὶ
1477 747 1760 819 ἐλεύθερον

150 838 543 911 δεσμωτήριον
572 841 848 910 συγχωρεῖ
866 841 1054 905 οίκεϊν,
1093 858 1111 890 ι
1138 841 1166 893 6
1191 840 1455 910 κρείττων
1483 839 1517 911 ἢ
1547 839 1758 911 ἀνθρω-

166 945 293 995 πος,
322 930 416 985 καὶ
443 930 550 984 τῶν
580 930 880 1003 μελλόντων
906 930 1296 1002 προγνὼστης,

166 1108 387 1178 Κωφοῦ
412 1125 477 1162 τε
501 1107 730 1175 ξυνιεὶς
752 1108 887 1180 (89),
909 1109 1007 1163 καὶ
1042 1111 1114 1163 οὐ
1140 1109 1474 1177 λαλέοντος
1499 1109 1755 1173 ἀκούων,

164 1217 280 1271 ὑπὸ
308 1218 410 1288 τῆς
435 1217 595 1287 ἄγαν,
622 1218 700 1282 ὡς
741 1219 911 1282 εἰκὸς,
953 1218 1309 1290 περιχαρείας
1336 1217 1627 1272 ἀποπεσὼν
1658 1221 1758 1291 τῆς

164 1310 538 1382 προγνώσεως
557 1352 572 1376 ,
619 1312 944 1367 πυνθάνεται
977 1311 1152 1381 λέγων
1171 1330 1185 1344 ο
1217 1333 1236 1365 ι
1276 1311 1370 1376 Τίς
1409 1308 1502 1366 οὖν
1532 1314 1562 1366 6
1595 1329 1759 1383 μετα-

164 1403 461 1456 σκευάσων
503 1404 557 1475 μ’
593 1403 875 1469 ὲντεῦθεν;
912 1423 930 1455 ι
978 1404 1035 1457 '0
1077 1403 1167 1458 δέ·
1210 1422 1229 1455 ι
1287 1403 1460 1473 Ἐγὼ,
1499 1404 1625 1476 ἔφη,
1663 1407 1758 1460 καὶ

163 1490 335 1549 ιπου.
364 1512 383 1546 ι

676 1608 1072 1662 ΚΕΦΑΛΑΙΟΝ
1112 1608 1247 1661 MA’.

1302 220 1506 311 LIBER
1537 254 1818 313 CONTRA
1855 253 2272 312 HIEROCLEM.

1779 383 1826 439 A

3328 248 3434 307 856

2449 368 2680 427 CAPUT
2719 365 2835 424 XL;
2913 415 2916 419 .

1935 462 2138 518 Verum
2177 476 2373 517 rursus
2420 476 2533 515 non
2577 459 2655 513 ita
2695 459 2868 514 multo
2909 468 3035 529 post
3064 464 3279 513 natura:
3311 456 3433 529 ejus

1861 555 2024 610 nobis
2078 552 2518 624 suppeditabitur
2557 557 2938 622 argumentum
2974 551 3042 605 ι’.
3075 550 3213 607 Cum
3246 569 3313 607 ex
3348 553 3437 606 in~

1861 653 2081 717 sperato
2096 644 2244 699 enim
2274 643 2339 699 ad
2369 658 2494 698 eum
2528 641 2816 697 accederet
2846 656 3164 706 nonnemo,
3197 642 3435 696 diceret-

1861 755 1966 810 que
1999 758 2012 794 :
2049 755 2069 790 ι
2094 736 2258 792 Hisce
2287 743 2340 788 te
2372 734 2639 801 vinculis,
2681 747 2715 788 o
2740 731 3030 804 Apolloni,
3071 733 3238 789 eximi
3276 733 3435 803 jubet

1858 816 2177 900 imperator,
2232 834 2402 897 utque
2460 825 2518 880 in
2549 825 2804 880 liberiore
2830 838 3053 880 carcere
3092 824 3258 894 degas
3297 838 3427 894 per-

1858 923 2060 990 mittit;
2087 941 2104 974 ι
2137 928 2253 975 tum
2296 921 2439 975 ultra
2478 918 2761 972 hominum
2805 925 3009 975 sortem
3053 919 3268 989 positus
3309 916 3426 982 ille,

1858 1014 2274 1082 futurorumque
2304 1018 2463 1065 antea
2499 1024 2728 1102 gnarus,

1927 1122 2070 1178 Muli
2103 1122 2400 1193 concipiens
2435 1119 2707 1185 animum,
2745 1135 3030 1191 sensusque
3065 1120 3308 1184 tacentis,

1859 1255 1971 1311 pra:
2019 1238 2225 1304 nimio,
2272 1245 2333 1292 ut
2376 1236 2613 1299 videtur,
2660 1234 2863 1306 gaudio
2905 1235 3130 1290 fatidica
3178 1234 3437 1290 excidens

1855 1331 2058 1386 virtute
2079 1369 2091 1393 ,
2132 1330 2383 1383 nuntium
2426 1336 2614 1400 rogat:
2644 1346 2663 1380 ι
2694 1327 2829 1393 Quis
2861 1335 2993 1383 Vero
3025 1342 3113 1382 me
3147 1326 3325 1382 isthac
3352 1332 3439 1381 est

1856 1422 2252 1477 traducturus?
2291 1440 2311 1469 ι
2346 1418 2442 1476 Ille
2494 1431 2675 1475 autem
2716 1439 2729 1475 :
2761 1439 2780 1472 ι
2818 1417 2962 1491 Ego,
3020 1418 3335 1490 respondit,
3377 1427 3439 1477 tu

1857 1515 2021 1571 modo
2059 1528 2311 1585 sequere.
2344 1531 2365 1565 ι

2448 1622 2679 1681 CAPUT
2725 1622 2862 1678 XLI.

242 1716 379 1775 Εἶτα
407 1721 501 1774 καὶ
522 1720 678 1790 λόγον
700 1721 992 1791 ἀπολογίας
1011 1722 1040 1773 6
1064 1719 1339 1784 θειότατος
1369 1721 1513 1793 μάλα
1539 1738 1603 1790 γε
1640 1738 1758 1774 συν-

1936 1718 2221 1775 Postremo
2280 1717 2324 1749 ¹²
2382 1716 2687 1770 orationem
2747 1713 3145 1786 apologeticam
3221 1728 3439 1785 quoque

164 1814 360 1867 τάττει
387 1814 897 1885 πεφροντισμένως,
928 1815 1158 1884 ἀγνοῶν,
1191 1817 1271 1869 ὅτι
1311 1808 1464 1886 δῆτα
1493 1816 1551 1879 ἐς
1585 1814 1759 1885 μάτην

166 1905 327 1977 αὐτῷ
353 1906 823 1977 σπουδασθήσεται
844 1909 877 1979 ἡ
899 1910 1107 1981 γραφή.
1139 1908 1324 1962 Οἴεται
1351 1909 1449 1980 μὲν
1469 1907 1578 1981 γὰρ
1599 1910 1763 1961 ἀκου-

168 1996 475 2069 σθήσεσθαι
521 1997 687 2051 αὐτοῦ
736 2000 1176 2072 ἀπολογουμένου
1212 1999 1503 2071 βασιλέως*
1539 2000 1651 2061 καὶ,
1684 1997 1760 2061 ὡς

165 2087 545 2156 ἁκουσομένου
587 2105 652 2158 γε
715 2089 920 2162 σφόδρα
988 2091 1229 2154 πιθανῶς
1281 2088 1760 2162 παρασκευάζεται

164 2178 274 2249 τὴν
306 2176 599 2243 ἀπολογίαν
619 2197 631 2208 ·
662 2182 690 2233 6
713 2180 792 2244 δὲ,
826 2181 1030 2253 ταύτην
1062 2180 1135 2253 μὴ
1164 2180 1479 2251 ἀναμείνας,
1517 2181 1576 2242 ὲς
1608 2179 1760 2233 οὐδὲν

167 2272 343 2325 αὐτοῦ
369 2274 467 2345 τὴν
509 2273 742 2346 σπουδὴν
775 2276 1166 2345 κατεστήσατο.
1216 2275 1415 2327 Ἀκουε
1452 2273 1517 2346 δὴ
1546 2268 1637 2328 οὗν
1665 2274 1760 2328 καὶ

167 2365 308 2435 περὶ
344 2365 553 2419 τούτων
580 2361 670 2421 οἷά
705 2384 868 2439 φησιν
898 2368 926 2419 6
966 2366 1219 2436 ἔλεγχος·
1253 2384 1271 2417 ‹
1309 2365 1526 2439 Ἐπειδὴ
1569 2366 1626 2420 δὲ
1667 2367 1760 2419 καὶ

166 2454 337 2523 λόγος
379 2455 529 2528 αὐτῷ
565 2457 878 2529 συνεγράφη
911 2474 1030 2521 τις,
1060 2457 1136 2519 ὡς
1176 2455 1314 2529 πρὸς
1360 2454 1504 2528 ὕδωρ
1526 2455 1634 2527 (90)
1661 2457 1760 2527 τὴν

166 2548 472 2617 ἀπολογίαν
503 2550 767 2621 ἀφήσοντι
785 2548 916 2620 (91),
950 2546 1152 2613 ξυνεῖλε
1178 2547 1234 2600 δὲ
1267 2547 1427 2601 αὐτὸν
1450 2550 1479 2601 6
1500 2547 1760 2619 τύραννος

166 2643 236 2705 ἐς
258 2642 327 2707 ἃς
348 2642 545 2715 εἴρηκα
577 2646 895 2716 ἐρωτήσεις,
929 2641 1331 2714 ἀναγεγράφθω
1362 2643 1454 2695 καὶ
1476 2645 1504 2696 ὁ
1529 2641 1704 2711 λόγος.
1734 2661 1752 2693 ι

171 2734 325 2805 Ὅρα
366 2734 430 2804 δὴ
466 2734 585 2798 πῶς
624 2734 720 2787 τοῦ
768 2734 1053 2806 μέλλοντος
1101 2733 1435 2805 πορρωτάτω
1476 2733 1760 2803 τυγχάνων

165 2822 201 2874 6
238 2820 417 2873 πάντα
456 2820 730 2886 θειότατος
753 2861 769 2887 ,
819 2823 956 2893 μετά
990 2820 1250 2892 πλείστης
1291 2823 1423 2892 ὅσης
1462 2822 1756 2894 φροντίδος,

169 2910 256 2974 ὡς
301 2912 438 2984 πρὸς
485 2913 631 2988 ὕδωρ
670 2915 772 2987 τὴν
817 2916 1112 2983 ἀπολογίαν
1164 2915 1524 2987 ποιησόμενος
1565 2914 1763 2969 ὲσπούηπ

168 3000 359 3068 δαζεν.

677 3271 1079 3343 ΚΕΦΑΛΑΙΟΝ
1124 3273 1256 3327 MB’.

261 3358 424 3413 Ἀλλά
456 3361 566 3432 γάρ
592 3361 917 3434 διεξιτητέον
946 3364 1041 3417 καὶ
1062 3363 1160 3434 τὴν
1197 3366 1255 3428 ὲς
1283 3364 1458 3435 μάτην
1493 3362 1642 3434 αὐτῷ
1669 3379 1760 3416 πε-

172 3448 487 3519 ποιημένην
515 3449 828 3518 ἀπολογίαν,
852 3450 907 3513 ἃ,
943 3451 1019 3517 ὡς
1056 3452 1228 3506 πολλὰ
1268 3452 1362 3506 καὶ
1384 3452 1496 3525 (92)
1532 3453 1665 3508 ἄλλα
1699 3457 1758 3508 ὲν

171 3537 352 3611 ταύτῃ
377 3540 689 3611 Δομετιανῷ
721 3542 1076 3613 προσφωνῶν,
1108 3544 1532 3610 ἀπαυθαδίζεται
1561 3545 1754 3613 λέγων·

178 3649 199 3681 ι
224 3631 314 3693 Ὠς
346 3631 455 3702 ἄρα
493 3632 898 3696 Οὐεσπασιανὸς
947 3635 1007 3687 σὲ
1056 3634 1154 3705 μὲν
1201 3634 1426 3705 βασιλέα
1480 3636 1757 3705 ἐποίησεν,

174 3715 272 3768 ὑπ’
304 3715 525 3793 ὲμοῠςδὲ
547 3719 782 3787 ἐγένετο.
815 3738 833 3771 ι
859 3719 1031 3774 Βαὸαὶ
1053 3723 1150 3794 τῆς
1179 3722 1526 3788 ἀλαζονείαςί
1553 3724 1618 3793 ἢν
1640 3723 1758 3778 οὔτι

172 3826 244 3878 γε
272 3810 302 3861 6
325 3809 524 3880 τυχὼν,
557 3810 673 3864 ἀλλ’
705 3812 823 3865 οὐδὲ
871 3815 920 3866 εί
973 3813 1261 3884 φιλόσοφός
1290 3833 1376 3879 τις
1399 3816 1634 3888 ἀληθῶς,
1667 3818 1761 3871 καὶ

174 3900 323 3952 κατά
356 3900 699 3972 ἀνθρωπείαν
731 3903 1041 3975 ὑπεραίρων
1078 3906 1317 3974 ἐγεγόνει
1353 3907 1532 3977 φύσιν,
1566 3910 1759 3980 ἐτερα-

172 3990 411 4044 τεύσατο
436 3991 523 4057 ἂν,
562 3991 635 4063 μὴ
663 3994 785 4063 οὐχὶ
822 3993 979 4065 δίκην
1013 3995 1199 4059 ἀνοίας
1231 3996 1382 4069 παρὰ
1418 4000 1531 4061 τοῖς
1557 3997 1762 4070 ἔμφρο-

177 4098 265 4135 σιν
294 4083 563 4152 ὐποσχὼν.
596 4080 729 4138 Εἶτα
751 4085 809 4138 δὲ
839 4086 937 4156 τῆς
962 4088 1085 4140 κατ’
1116 4086 1276 4141 αὐτὸν
1308 4088 1545 4157 ὑποψίας
1569 4090 1760 4143 ἑαυτὸν

173 4173 547 4244 ἀπολυόμενος
574 4173 707 4245 (9'5),
736 4175 908 4229 ταῦτα
941 4178 1069 4250 περὶ
1102 4181 1312 4250 γοήτων
1330 4180 1492 4250 φησίν
1511 4195 1525 4211 ·
1560 4199 1578 4232 ι
1603 4180 1762 4235 Ἀλλά

171 4265 308 4328 τοὺς
333 4265 535 4336 γόητας
559 4267 921 4339 ψευδοσόφους
949 4270 1112 4341 φημί.
1145 4270 1226 4324 Τὰ
1257 4271 1368 4342 γὰρ
1397 4273 1501 4327 οὐκ
1526 4271 1654 4330 ὅντα
1685 4268 1762 4326 εἷ-

174 4370 270 4410 ναι
304 4359 435 4428 παρ’
460 4358 661 4423 αὐτοῖς,
689 4360 782 4423 καὶ
803 4360 873 4413 τὰ
900 4360 1049 4425 ὄντα,
1081 4362 1423 4416 ἀπιστεῖσθαι
1445 4361 1575 4434 (94).
1602 4386 1622 4419 δ
1647 4363 1761 4418 Κα-

1867 1810 2175 1880 composuit
2222 1807 2404 1864 studio
2450 1805 2664 1877 ingenti
2708 1806 2794 1860 vir
2839 1806 2933 1861 ille
2977 1805 3142 1876 plane
3181 1805 3435 1870 divinus,

1868 1906 2092 1975 ignarus
2137 1916 2333 1968 nempe
2374 1900 2595 1953 inanem
2644 1912 2867 1970 operam
2910 1898 2966 1951 in
3016 1912 3083 1953 eo
3131 1913 3190 1953 se
3232 1898 3439 1967 scripto

1867 2000 2345 2065 consumpturum.
2375 1990 2615 2046 Putabat
2644 1993 2789 2044 enim
2824 2005 2884 2046 se
2921 1990 2988 2045 ab
3013 1990 3343 2059 imperatore
3369 1990 3438 2043 iri

1867 2086 2115 2141 auditum
2150 2085 2474 2139 recitantem
2509 2081 2814 2152 apologiam
2843 2099 2860 2138 :
2892 2096 3066 2152 eoque
3100 2081 3245 2152 quod
3282 2081 3441 2137 audi-

1867 2185 2050 2232 turum
2084 2190 2207 2232 eum
2241 2180 2519 2245 speraret,
2563 2172 2633 2227 ad
2677 2172 3116 2243 persuadendum
3160 2188 3285 2228 cum
3324 2188 3441 2228 ma-

1868 2267 2017 2322 xime
2054 2267 2361 2320 orationem
2400 2265 2703 2335 componit.
2739 2263 2926 2321 Caasar
2958 2275 3138 2321 tamen
3174 2280 3295 2320 eam
3329 2280 3441 2322 non

1865 2358 2048 2414 ferens
2077 2358 2294 2412 irritum
2330 2356 2450 2425 ejus
2497 2354 2740 2411 studium
2794 2355 3049 2413 reddidit.
3092 2356 3234 2412 Audi
3273 2356 3443 2428 igitur

1865 2451 1932 2507 de
1961 2451 2046 2505 his
2076 2451 2238 2506 etiam
2271 2448 2402 2519 quid
2436 2448 2584 2504 dicat
2612 2448 2715 2505 sibi
2747 2448 2852 2518 ipsi
2883 2448 3212 2505 adversante
3239 2451 3444 2505 oratio-

1866 2556 1935 2596 ne
1965 2536 2054 2594 ηε
2086 2559 2104 2592 ι
2136 2539 2410 2606 Quoniam
2459 2554 2592 2594 vero
2636 2539 2814 2593 oratio
2851 2538 3017 2594 etiam
3047 2539 3096 2594 ei
3127 2541 3441 2611 conscripta

1865 2638 1981 2695 est,
2018 2637 2079 2685 ut
2111 2631 2206 2700 qui
2236 2630 2304 2684 ad
2341 2629 2685 2701 clepsydram
2717 2644 2937 2686 causam
2969 2637 3115 2686 esset
3143 2631 3397 2687 dicturus
3421 2673 3437 2697 ,

1865 2739 1990 2780 eum
2056 2731 2237 2779 autem
2295 2730 2561 2795 tyrannus
2624 2723 2768 2776 intra
2832 2722 3238 2791 quaestionum,
3301 2738 3441 2794 quas

1865 2816 2018 2880 dixi,
2053 2816 2335 2886 angustias
2379 2816 2686 2880 conclusit,
2717 2814 2895 2869 oratio
2923 2829 3139 2884 quoque
3162 2814 3292 2870 huic
3324 2815 3443 2871 his-

1864 2908 2019 2963 toria:
2048 2908 2372 2963 inseratur.»
2405 2906 2539 2962 Vide
2568 2907 2734 2977 igitur
2755 2912 2816 2959 ut
2843 2921 2872 2959 a
2896 2904 3097 2961 futuris
3124 2906 3440 2976 longissime

1866 3001 2163 3066 aberrans,
2208 3000 2291 3055 vir
2335 3000 2429 3055 ille
2474 2999 2639 3070 plane
2679 2996 2936 3062 divinus,
2991 3011 3159 3067 quam
3202 2997 3441 3053 maxima

1792 3085 1837 3148 C
1868 3091 2045 3161 potuit
2073 3104 2206 3145 cura
2228 3128 2244 3156 ,
2271 3089 2422 3145 velut
2450 3088 2519 3144 ad
2550 3088 2898 3160 clepsydram
2927 3086 3180 3143 dicturus
3204 3128 3219 3154 ,
3250 3089 3440 3145 elabo-

1857 3183 2081 3239 raverit.

2415 3270 2648 3327 CAPUT
2684 3271 2851 3330 XLII.

1930 3367 1999 3421 At
2027 3375 2082 3423 et
2108 3369 2227 3438 ipsa
2248 3365 2624 3436 percensenda
2642 3371 2728 3421 est
2748 3364 2954 3420 frustra
2978 3363 3046 3419 ab
3072 3377 3138 3418 eo
3160 3362 3446 3419 elaborata

1859 3460 2142 3530 apologis,
2187 3465 2243 3514 et
2275 3472 2429 3528 quae,
2463 3457 2633 3512 multa
2684 3456 2792 3512 alia
2838 3457 2999 3523 inter,
3048 3450 3213 3523 538
3239 3457 3442 3528 quibus

1860 3551 2235 3607 Domitianum
2261 3547 2588 3618 compellat,
2640 3553 2963 3618 arroganter
3009 3545 3203 3616 jactat,
3236 3545 3444 3602 diserte

1859 3639 2112 3709 inquiens
2142 3638 2233 3705 ,ίδε
2274 3654 2293 3689 ι
2328 3635 2406 3692 Te
2455 3636 2623 3708 igitur
2650 3636 3037 3707 imperatorem
3068 3633 3442 3706 Vespasianus

1860 3729 2007 3796 fecit,
2040 3730 2158 3800 ipse
2189 3744 2219 3784 a
2261 3743 2353 3785 me
2407 3736 2493 3785 est
2548 3729 2751 3785 factus.
2811 3747 2831 3782 ι
2871 3726 2990 3782 Vah
3039 3727 3436 3799 arrOgantiaml

1860 3838 1965 3893 qua
1993 3838 2061 3878 ne
2106 3838 2173 3877 ex
2224 3823 2389 3893 vulgo
2420 3821 2642 3892 quidem
2697 3819 3007 3890 quispiam,
3062 3819 3261 3874 nedum
3311 3834 3443 3875 vere

1860 3912 2218 3982 philosophus
2247 3951 2262 3975 ,
2327 3910 2677 3979 humanaque
2722 3908 3084 3963 excellentior
3129 3915 3327 3963 natura
3381 3923 3442 3964 se

1856 4003 2088 4073 jactitet,
2120 4003 2229 4057 nisi
2264 4003 2494 4058 insania:
2522 4002 2701 4057 dicam
2747 4016 2778 4056 a
2830 4001 3284 4072 prudentioribus
3332 4001 3440 4058 sibi

1861 4094 2027 4150 scribi
2084 4091 2481 4148 velit..Deinde
2525 4107 2654 4147 vero
2706 4105 2738 4146 a
2793 4089 3141 4161 suspicione,
3177 4104 3284 4160 qua
3324 4104 3443 4159 pree

1861 4186 2145 4249 mebatur,
2187 4199 2248 4240 se
2278 4184 2456 4254 ipsum
2488 4197 2762 4254 purgans,
2806 4183 3090 4252 sequentia
3132 4181 3342 4253 profert
3372 4182 3442 4239 de

1860 4271 2035 4342 magis
2063 4271 2146 4326 “z
2182 4289 2201 4322 ι
2243 4268 2508 4341 Equidem
2554 4285 2746 4340 magos
2796 4270 2948 4326 falsae
2978 4270 3260 4342 sapientiae
3308 4280 3441 4343 puto

1862 4362 2113 4417 alumnos
2146 4376 2287 4418 esse.
2321 4360 2458 4416 Nam
2487 4376 2610 4431 quae
2636 4377 2750 4417 non
2782 4370 2934 4428 sunt,
2962 4368 3023 4416 ut
3050 4377 3176 4418 esse
3215 4362 3442 4418 videan-

172 4426 417 4514 ταμάθοι
447 4447 491 4499 δ’
520 4443 614 4501 οὖν
640 4466 723 4512 τις
756 4447 819 4502 ἔκ
846 4466 905 4501 τε
932 4450 1030 4521 τῆς
1070 4451 1196 4521 ὅλης
1235 4426 1636 4523 πραγματείας,
1665 4453 1758 4506 καὶ

1867 4460 1971 4517 tur,
1995 4459 2049 4507 et
2072 4467 2194 4524 quae
2223 4460 2370 4519 sunt,
2407 4459 2469 4507 ut
2496 4426 2607 4507 non
2653 4467 2779 4508 esse
2824 4426 3114 4508 videantur
3144 4438 3374 4508 faciunt.
3410 4471 3434 4507 ι

174 4539 290 4592 τῶν
320 4542 376 4592 ὲν
405 4539 560 4612 μέρει
597 4539 1000 4612 δεδηλωμένων,
1032 4544 1235 4614 πότερα
1260 4545 1318 4599 ὲν
1351 4544 1516 4609 Θείοις
1544 4546 1637 4598 καὶ
1668 4563 1759 4614 φιο

175 4628 448 4698 λοσὸφοις,
487 4630 519 4701 ἢ
549 4632 607 4684 ἐν
630 4631 819 4703 γόησιν
851 4633 1014 4686 αὐτὸν
1044 4636 1433 4700 κατατακτέον,
1462 4636 1758 4701 πιστεύσας

175 4717 262 4784 οἷς
295 4740 351 4776 τε
384 4722 547 4786 αὐτὸς
588 4716 718 4793 περὶ
762 4726 973 4797 γοήτων
1018 4727 1110 4778 καὶ
1162 4726 1507 4797 ψευδοσόφων
1545 4728 1754 4800 εἴρηκε,

177 4813 277 4871 καὶ
327 4810 407 4878 οἷς
454 4816 753 4887 δεδήλωκεν
804 4820 837 4888 ἡ
891 4820 1011 4871 κατ’
1037 4819 1195 4873 αὑτὸν
1243 4822 1469 4893 ἱστορία.
1498 4821 1667 4893 Δρῦές
1699 4838 1759 4874 τε

177 4903 311 4976 γὰρ,
343 4906 436 4959 καὶ
463 4906 706 4969 πτελέαι,
737 4907 985 4979 ἐνάρθρῳ
1020 4909 1114 4963 καὶ
1159 4909 1345 4983 θηλείᾳ
1376 4916 1527 4985 φωνῇ
1560 4912 1752 4966 λαλοῦ-

177 5011 296 5059 σαι,
329 4995 424 5048 καὶ
460 4995 708 5067 τρίποδες
739 4997 1031 5068 αὐτόματοι
1077 4999 1387 5068 φοιτῶντες,
1420 5002 1513 5055 καὶ
1537 5001 1753 5073 χάλκεοι

257 5148 299 5180 ¹¹
342 5147 438 5205 lib.
512 5165 627 5215 vn,
660 5167 711 5206 c.
741 5152 831 5209 40.

178 5218 227 5252 “
265 5218 364 5273 lib.
404 5235 495 5284 vr,
531 5237 583 5277 c.
620 5222 706 5276 10.

404 5335 873 5411 ῌωφοῦ-τεέξρν.
916 5326 1052 5411 [ide
1078 5355 1244 5411 supra
1281 5354 1330 5394 c.
1368 5339 1453 5411 14.

275 5402 367 5475 90)
422 5402 514 5471 Ὡςῖ
542 5407 690 5474 πρὸς
717 5407 893 5475 ὕδωρ.
937 5406 1030 5462 Sic
1081 5402 1165 5465 ex'
1201 5425 1303 5464 ms.
1333 5418 1388 5465 et
1420 5410 1754 5467 Philostrato

183 5475 398 5553 restitui
430 5495 449 5553 _:
484 5487 642 5531 antea
659 5478 994 5553 __legebatur,
1018 5478 1206 5551 ὥσπερ
1254 5479 1399 5552 ὕδωρ
1430 5483 1529 5553 τὴν
1561 5483 1757 5536 ἀπολο-

179 5541 307 5616 γίαν
337 5547 448 5616 ἀφή
458 5563 621 5616 σοντι.
657 5541 934 5604 Ηοίετειη.

412 5615 762 5693 ξᾼφήρ-οντιη
791 5617 1049 5693 ῌιίιοεῑτ.
1082 5618 1245 5693 habet
1275 5621 1641 5693 ἀφηγήσαντι.

412 5684 507 5763 'A_,
537 5688 616 5755 ὠς
648 5688 849 5763 πολλὰ
877 5689 996 5763 καί,
1023 5696 1132 5745 etc.
1155 5684 1566 5748 Distin'cti'onem
1594 5692 1750 5763 posui

180 5752 308 5823 poSt
337 5752 391 5822 ἆ,
431 5757 550 5813 sine
578 5752 685 5823 qua
722 5752 1011 5821 obscurior
1051 5775 1266 5817 sensus.

937 5155 981 5186 "
1020 5154 1118 5209 lib.
1150 5172 1248 5211 vm
1273 5195 1289 5222 ,
1324 5172 1375 5212 c.
1412 5157 1464 5212 7.

1564 5158 1609 5191 ¹³
1647 5158 1741 5213 lib.
1778 5174 1904 5222 vm,
1970 5174 2021 5215 c.
2085 5158 2140 5215 6.

1859 4542 1938 4598 Ex
1963 4551 2078 4598 tota
2106 4544 2273 4615 igitur
2300 4544 2406 4600 ista
2439 4544 2792 4608 tractatione,
2825 4551 2880 4600 et
2913 4544 3192 4614 sigillatim
3221 4543 3441 4615 exposi-

1859 4639 1930 4694 tis
1955 4638 2232 4704 omnibus,
2257 4638 2442 4693 discas
2472 4637 2620 4701 licet,
2653 4653 2722 4692 an
2764 4636 2820 4690 in
2849 4635 2975 4703 diis,
3006 4651 3078 4692 an
3108 4636 3162 4691 in
3206 4635 3441 4707 philoso-

1859 4729 2004 4798 phis,
2040 4744 2110 4783 an
2142 4729 2198 4782 in
2223 4728 2397 4800 magis
2423 4727 2733 4782 censendus
2760 4726 2866 4793 sit,
2922 4726 2990 4782 iis
3041 4724 3298 4781 admissis
3320 4740 3440 4797 quae

1859 4819 1975 4888 ipse
1997 4818 2065 4875 de
2096 4819 2271 4890 magis
2309 4827 2362 4875 et
2390 4820 2589 4889 spuria:
2620 4817 2906 4888 sapientia:
2937 4815 3247 4872 cultoribus
3276 4816 3436 4882 dixit,

1859 4919 2062 4981 et-quaa
2093 4912 2322 4967 historia
2379 4911 2501 4979 ejus
2528 4910 2596 4965 de
2625 4911 2745 4980 ipso
2773 4907 2984 4964 retulit.
3021 4906 3159 4962 Nam
3202 4923 3438 4978 quercus

1860 5011 1915 5056 et
1944 5003 2075 5056 ulmi
2100 5003 2142 5035 ¹⁶
2170 5001 2460 5057 articulata
2493 5015 2557 5055 ac
2582 5001 2837 5056 muliebri
2862 5014 2996 5054 voce
3032 4999 3247 5065 locutaa,
3276 5000 3439 5070 tripo-

2241 5158 2288 5189 "
2325 5157 2421 5212 lib.
2462 5173 2601 5222 νιη,
2643 5172 2695 5213 e.
2739 5157 2789 5209 7.
2892 5157 2934 5189 ¹⁵
2974 5156 3068 5211 lib.
3110 5171 3244 5220 vm,
3287 5169 3338 5210 c.
3382 5152 3436 5210 7.

1898 5342 2045 5425 _(95)
2090 5343 2546 5425 ζΑπρλγόμενος.
2591 5338 2684 5425 Sic.
2734 5339 3056 5425 rescribere-
3074 5354 3185 5394 non
3221 5336 3441 5391 dubita-

1858 5410 2054 5483 vi,'pro
2084 5410 2473 5483 ἀπολυόμενον,
2492 5411 2642 5483 quod
2671 5413 2725 5465 in
2748 5410 2914 5483 editis
2945 5418 3081 5465 erat.

1932 5478 2043 5556 (94)
2097 5478 2525 5556 Ἁπιᾳτεῖσθαιξ
2556 5479 2629 5556 l_t_a
2659 5496 2726 5556 ex_
2749 5480 3081 5556 Philostrato
3100 5478 3313 5556 restitui
3336 5488 3436 5547 pro

1858 5545 2084 5621 ἄπιστα,
2111 5552 2258 5622 quod
2297 5560 2414 5607 erat
2460 5555 2516 5605 in
2561 5550 2786 5622 Eusebii
2815 5551 3011 5622 editis;
3044 5545 3309 5622 rationem
3336 5545 3436 5619 cur

1859 5617 2095 5748 priorem
2130 5617 2421 5695 pmeferam
2451 5620 2739 5678 lectionem
2774 5620 2987 5677 reddidi
3035 5617 3441 5684 ad‘Philostra's

1887 5710 1997 5748 um.
2740 5720 2750 5726 η

1887 5710 1997 5750 um.
2740 5720 2750 5726 ‘
