  <div class='ocr_page' id='page_1' title='image "/cluster/home/n/w/nwhite01/storage/ocr_20150623/22/nnc1.0046978372/471.png"; bbox 0 0 3856 6222; ppageno 0'>
   <div class='ocr_carea' id='block_1_1' title="bbox 405 275 516 335">
    <p class='ocr_par' dir='ltr' id='par_1_1' title="bbox 405 275 516 335">
     <span class='ocr_line' id='line_1_1' title="bbox 405 275 516 335; baseline -0.018 0"><span class='ocrx_word' id='word_1_1' title='bbox 405 275 516 335; x_wconf 73' lang='lat'><strong>855</strong></span> 
     </span>
    </p>
   </div>
   <div class='ocr_carea' id='block_1_2' title="bbox 1018 268 2971 330">
    <p class='ocr_par' dir='ltr' id='par_1_2' title="bbox 1018 268 2971 330">
     <span class='ocr_line' id='line_1_2' title="bbox 1018 268 2971 330; baseline -0.002 0"><span class='ocrx_word' id='word_1_2' title='bbox 1018 272 1293 330; x_wconf 83' lang='lat' dir='ltr'>EIJSEBII</span> <span class='ocrx_word' id='word_1_3' title='bbox 1332 269 1820 329; x_wconf 61' lang='lat' dir='ltr'><strong>CJESARIENSIS</strong></span> <span class='ocrx_word' id='word_1_4' title='bbox 1850 272 2003 329; x_wconf 84' lang='lat' dir='ltr'><strong>OPP.</strong></span> <span class='ocrx_word' id='word_1_5' title='bbox 2040 272 2223 329; x_wconf 83' lang='lat' dir='ltr'><strong>PARS</strong></span> <span class='ocrx_word' id='word_1_6' title='bbox 2263 272 2325 327; x_wconf 93' lang='lat' dir='ltr'>II.</span> <span class='ocrx_word' id='word_1_7' title='bbox 2365 302 2437 314; x_wconf 93' lang='lat'>—</span> <span class='ocrx_word' id='word_1_8' title='bbox 2471 268 2971 329; x_wconf 80' lang='lat' dir='ltr'><strong>APOLOGETICA.</strong></span> 
     </span>
    </p>
   </div>
   <div class='ocr_carea' id='block_1_3' title="bbox 3578 268 3684 324">
    <p class='ocr_par' dir='ltr' id='par_1_3' title="bbox 3578 268 3684 324">
     <span class='ocr_line' id='line_1_3' title="bbox 3578 268 3684 324; baseline -0.019 0"><span class='ocrx_word' id='word_1_9' title='bbox 3578 268 3684 324; x_wconf 74' lang='lat'><strong>858</strong></span> 
     </span>
    </p>
   </div>
   <div class='ocr_carea' id='block_1_4' title="bbox 403 381 1994 462">
    <p class='ocr_par' dir='ltr' id='par_1_4' title="bbox 403 387 1994 462">
     <span class='ocr_line' id='line_1_4' title="bbox 403 387 1994 462; baseline -0.006 -9"><span class='ocrx_word' id='word_1_10' title='bbox 403 396 502 452; x_wconf 77' lang='lat' dir='ltr'><strong>des</strong></span> <span class='ocrx_word' id='word_1_11' title='bbox 522 390 690 450; x_wconf 80' lang='lat' dir='ltr'><strong>etiam</strong></span> <span class='ocrx_word' id='word_1_12' title='bbox 720 389 765 423; x_wconf 82' lang='grc'><strong>¹¹¹¹</strong></span> <span class='ocrx_word' id='word_1_13' title='bbox 800 396 1107 462; x_wconf 70' lang='lat' dir='ltr'><strong>spontaneo</strong></span> <span class='ocrx_word' id='word_1_14' title='bbox 1148 397 1300 443; x_wconf 90' lang='lat' dir='ltr'><strong>motu</strong></span> <span class='ocrx_word' id='word_1_15' title='bbox 1361 387 1711 454; x_wconf 78' lang='lat' dir='ltr'><strong>incedentes,</strong></span> <span class='ocrx_word' id='word_1_16' title='bbox 1762 387 1994 459; x_wconf 73' lang='lat' dir='ltr'><strong>aereique</strong></span> 
     </span>
    </p>
   </div>
   <div class='ocr_carea' id='block_1_5' title="bbox 2109 381 3687 462">
    <p class='ocr_par' dir='ltr' id='par_1_5' title="bbox 2109 381 3687 459">
     <span class='ocr_line' id='line_1_5' title="bbox 2109 381 3687 459; baseline -0.004 -18"><span class='ocrx_word' id='word_1_17' title='bbox 2109 386 2431 459; x_wconf 79' lang='grc' dir='ltr'>θεράποντες</span> <span class='ocrx_word' id='word_1_18' title='bbox 2458 386 2887 458; x_wconf 80' lang='grc' dir='ltr'><strong>διακονούμενοι,</strong></span> <span class='ocrx_word' id='word_1_19' title='bbox 2920 384 3081 439; x_wconf 77' lang='grc' dir='ltr'>πίθοι·</span> <span class='ocrx_word' id='word_1_20' title='bbox 3096 398 3157 437; x_wconf 84' lang='grc' dir='ltr'><strong>τε</strong></span> <span class='ocrx_word' id='word_1_21' title='bbox 3186 382 3408 454; x_wconf 71' lang='grc' dir='ltr'>ὄμϐρων</span> <span class='ocrx_word' id='word_1_22' title='bbox 3435 381 3532 435; x_wconf 76' lang='grc' dir='ltr'>καὶ</span> <span class='ocrx_word' id='word_1_23' title='bbox 3557 384 3687 436; x_wconf 71' lang='lat' dir='ltr'><strong>dvi-</strong></span> 
     </span>
    </p>
   </div>
   <div class='ocr_carea' id='block_1_6' title="bbox 401 479 1987 544">
    <p class='ocr_par' dir='ltr' id='par_1_6' title="bbox 401 479 1987 544">
     <span class='ocr_line' id='line_1_6' title="bbox 401 479 1987 544; baseline -0.006 -1"><span class='ocrx_word' id='word_1_24' title='bbox 401 486 546 543; x_wconf 80' lang='lat' dir='ltr'><strong>servi</strong></span> <span class='ocrx_word' id='word_1_25' title='bbox 579 481 1055 542; x_wconf 84' lang='lat' dir='ltr'><strong>discumbentibus</strong></span> <span class='ocrx_word' id='word_1_26' title='bbox 1094 479 1471 537; x_wconf 69' lang='lat' dir='ltr'><strong>ministrantes</strong></span> <span class='ocrx_word' id='word_1_27' title='bbox 1492 520 1510 544; x_wconf 87' lang='lat'><strong>,</strong></span> <span class='ocrx_word' id='word_1_28' title='bbox 1564 480 1824 536; x_wconf 86' lang='lat' dir='ltr'><strong>imbrium</strong></span> <span class='ocrx_word' id='word_1_29' title='bbox 1856 481 1987 535; x_wconf 88' lang='lat' dir='ltr'><strong>item</strong></span> 
     </span>
    </p>
   </div>
   <div class='ocr_carea' id='block_1_7' title="bbox 401 572 1989 644">
    <p class='ocr_par' dir='ltr' id='par_1_7' title="bbox 401 572 1989 644">
     <span class='ocr_line' id='line_1_7' title="bbox 401 572 1989 644; baseline -0.004 -9"><span class='ocrx_word' id='word_1_30' title='bbox 401 579 551 635; x_wconf 88' lang='lat' dir='ltr'><strong>dolia</strong></span> <span class='ocrx_word' id='word_1_31' title='bbox 580 577 627 610; x_wconf 79' lang='lat'>&quot;</span> <span class='ocrx_word' id='word_1_32' title='bbox 658 590 724 632; x_wconf 90' lang='lat' dir='ltr'><strong>ac</strong></span> <span class='ocrx_word' id='word_1_33' title='bbox 749 584 1059 638; x_wconf 81' lang='lat' dir='ltr'><strong>ventorum,</strong></span> <span class='ocrx_word' id='word_1_34' title='bbox 1098 581 1153 629; x_wconf 90' lang='lat' dir='ltr'><strong>et</strong></span> <span class='ocrx_word' id='word_1_35' title='bbox 1186 572 1548 629; x_wconf 85' lang='lat' dir='ltr'><strong>sandaracina</strong></span> <span class='ocrx_word' id='word_1_36' title='bbox 1577 588 1740 644; x_wconf 89' lang='lat' dir='ltr'><strong>aqua,</strong></span> <span class='ocrx_word' id='word_1_37' title='bbox 1769 581 1825 628; x_wconf 90' lang='lat' dir='ltr'><strong>et</strong></span> <span class='ocrx_word' id='word_1_38' title='bbox 1866 588 1989 643; x_wconf 69' lang='lat' dir='ltr'><strong>qua:</strong></span> 
     </span>
    </p>
   </div>
   <div class='ocr_carea' id='block_1_8' title="bbox 401 663 1989 739">
    <p class='ocr_par' dir='ltr' id='par_1_8' title="bbox 401 663 1989 739">
     <span class='ocr_line' id='line_1_8' title="bbox 401 663 1989 739; baseline -0.005 -14"><span class='ocrx_word' id='word_1_39' title='bbox 401 671 506 725; x_wconf 88' lang='lat' dir='ltr'><strong>alia</strong></span> <span class='ocrx_word' id='word_1_40' title='bbox 541 673 1001 739; x_wconf 64' lang='lat' dir='ltr'><strong>repraesentantur</strong></span> <span class='ocrx_word' id='word_1_41' title='bbox 1031 664 1217 728; x_wconf 89' lang='lat' dir='ltr'><strong>abiis,</strong></span> <span class='ocrx_word' id='word_1_42' title='bbox 1250 679 1391 734; x_wconf 92' lang='lat' dir='ltr'><strong>quos</strong></span> <span class='ocrx_word' id='word_1_43' title='bbox 1440 663 1575 719; x_wconf 89' lang='lat' dir='ltr'><strong>deos</strong></span> <span class='ocrx_word' id='word_1_44' title='bbox 1619 674 1704 721; x_wconf 91' lang='lat' dir='ltr'><strong>est</strong></span> <span class='ocrx_word' id='word_1_45' title='bbox 1751 663 1989 719; x_wconf 85' lang='lat' dir='ltr'><strong>arbitra-</strong></span> 
     </span>
    </p>
   </div>
   <div class='ocr_carea' id='block_1_9' title="bbox 401 755 1990 827">
    <p class='ocr_par' dir='ltr' id='par_1_9' title="bbox 401 755 1990 827">
     <span class='ocr_line' id='line_1_9' title="bbox 401 755 1990 827; baseline -0.002 -11"><span class='ocrx_word' id='word_1_46' title='bbox 401 768 492 816; x_wconf 94' lang='lat' dir='ltr'><strong>tus</strong></span> <span class='ocrx_word' id='word_1_47' title='bbox 523 760 589 823; x_wconf 84' lang='lat'><strong>“,</strong></span> <span class='ocrx_word' id='word_1_48' title='bbox 614 767 670 814; x_wconf 90' lang='lat' dir='ltr'><strong>et</strong></span> <span class='ocrx_word' id='word_1_49' title='bbox 704 773 843 827; x_wconf 89' lang='lat' dir='ltr'><strong>quos</strong></span> <span class='ocrx_word' id='word_1_50' title='bbox 884 772 956 813; x_wconf 91' lang='lat' dir='ltr'><strong>ne</strong></span> <span class='ocrx_word' id='word_1_51' title='bbox 1002 763 1365 827; x_wconf 61' lang='lat' dir='ltr'><strong>praceptores</strong></span> <span class='ocrx_word' id='word_1_52' title='bbox 1408 755 1628 827; x_wconf 87' lang='lat' dir='ltr'><strong>quidem</strong></span> <span class='ocrx_word' id='word_1_53' title='bbox 1689 771 1990 827; x_wconf 78' lang='lat' dir='ltr'><strong>agnoscere</strong></span> 
     </span>
    </p>
   </div>
   <div class='ocr_carea' id='block_1_10' title="bbox 400 848 1993 921">
    <p class='ocr_par' dir='ltr' id='par_1_10' title="bbox 400 848 1993 921">
     <span class='ocr_line' id='line_1_10' title="bbox 400 848 1993 921; baseline -0.001 -15"><span class='ocrx_word' id='word_1_54' title='bbox 400 859 486 906; x_wconf 88' lang='lat' dir='ltr'><strong>est</strong></span> <span class='ocrx_word' id='word_1_55' title='bbox 517 850 844 921; x_wconf 75' lang='lat' dir='ltr'><strong>dedignatus</strong></span> <span class='ocrx_word' id='word_1_56' title='bbox 868 889 884 914; x_wconf 93' lang='lat'><strong>,</strong></span> <span class='ocrx_word' id='word_1_57' title='bbox 932 848 987 903; x_wconf 90' lang='lat' dir='ltr'><strong>in</strong></span> <span class='ocrx_word' id='word_1_58' title='bbox 1025 862 1188 918; x_wconf 86' lang='lat' dir='ltr'><strong>quem</strong></span> <span class='ocrx_word' id='word_1_59' title='bbox 1225 848 1391 902; x_wconf 86' lang='lat' dir='ltr'><strong>alium</strong></span> <span class='ocrx_word' id='word_1_60' title='bbox 1446 855 1759 919; x_wconf 85' lang='lat' dir='ltr'><strong>competere</strong></span> <span class='ocrx_word' id='word_1_61' title='bbox 1798 855 1993 918; x_wconf 90' lang='lat' dir='ltr'><strong>putes,</strong></span> 
     </span>
    </p>
   </div>
   <div class='ocr_carea' id='block_1_11' title="bbox 400 923 1996 1011">
    <p class='ocr_par' dir='ltr' id='par_1_11' title="bbox 400 923 1996 1011">
     <span class='ocr_line' id='line_1_11' title="bbox 400 923 1996 1011; baseline -0.004 -14"><span class='ocrx_word' id='word_1_62' title='bbox 400 943 510 998; x_wconf 87' lang='lat' dir='ltr'><strong>nisi</strong></span> <span class='ocrx_word' id='word_1_63' title='bbox 539 942 597 995; x_wconf 90' lang='lat' dir='ltr'><strong>in</strong></span> <span class='ocrx_word' id='word_1_64' title='bbox 628 955 725 996; x_wconf 91' lang='lat' dir='ltr'><strong>eos</strong></span> <span class='ocrx_word' id='word_1_65' title='bbox 756 939 850 1011; x_wconf 90' lang='lat' dir='ltr'><strong>qui</strong></span> <span class='ocrx_word' id='word_1_66' title='bbox 890 957 910 991; x_wconf 75' lang='grc' dir='ltr'><strong>ι</strong></span> <span class='ocrx_word' id='word_1_67' title='bbox 940 954 1062 1009; x_wconf 70' lang='lat' dir='ltr'><strong>qua:</strong></span> <span class='ocrx_word' id='word_1_68' title='bbox 1081 953 1192 993; x_wconf 91' lang='lat' dir='ltr'><strong>non</strong></span> <span class='ocrx_word' id='word_1_69' title='bbox 1215 923 1360 993; x_wconf 79' lang='lat' dir='ltr'><strong>sunt</strong></span> <span class='ocrx_word' id='word_1_70' title='bbox 1396 937 1441 968; x_wconf 82' lang='lat'><strong>&quot;</strong></span> <span class='ocrx_word' id='word_1_71' title='bbox 1466 977 1489 1003; x_wconf 57' lang='grc' dir='ltr'><strong>ι</strong></span> <span class='ocrx_word' id='word_1_72' title='bbox 1532 945 1590 991; x_wconf 85' lang='grc' dir='ltr'><strong>ιιι</strong></span> <span class='ocrx_word' id='word_1_73' title='bbox 1620 952 1745 993; x_wconf 84' lang='lat' dir='ltr'><strong>esse</strong></span> <span class='ocrx_word' id='word_1_74' title='bbox 1772 937 1996 993; x_wconf 82' lang='lat' dir='ltr'><strong>videan-</strong></span> 
     </span>
    </p>
   </div>
   <div class='ocr_carea' id='block_1_12' title="bbox 400 1028 1993 1103">
    <p class='ocr_par' dir='ltr' id='par_1_12' title="bbox 400 1028 1993 1103">
     <span class='ocr_line' id='line_1_12' title="bbox 400 1028 1993 1103; baseline -0.004 -14"><span class='ocrx_word' id='word_1_75' title='bbox 400 1038 512 1095; x_wconf 89' lang='lat' dir='ltr'><strong>tur,</strong></span> <span class='ocrx_word' id='word_1_76' title='bbox 537 1042 591 1088; x_wconf 92' lang='lat' dir='ltr'><strong>et</strong></span> <span class='ocrx_word' id='word_1_77' title='bbox 623 1047 746 1103; x_wconf 75' lang='lat' dir='ltr'><strong>quae</strong></span> <span class='ocrx_word' id='word_1_78' title='bbox 766 1040 914 1095; x_wconf 91' lang='lat' dir='ltr'><strong>sunt,</strong></span> <span class='ocrx_word' id='word_1_79' title='bbox 946 1036 1006 1084; x_wconf 89' lang='lat' dir='ltr'><strong>ut</strong></span> <span class='ocrx_word' id='word_1_80' title='bbox 1037 1028 1323 1085; x_wconf 89' lang='lat' dir='ltr'><strong>videantur</strong></span> <span class='ocrx_word' id='word_1_81' title='bbox 1352 1043 1463 1084; x_wconf 93' lang='lat' dir='ltr'><strong>non</strong></span> <span class='ocrx_word' id='word_1_82' title='bbox 1491 1044 1635 1095; x_wconf 89' lang='lat' dir='ltr'><strong>esse,</strong></span> <span class='ocrx_word' id='word_1_83' title='bbox 1668 1028 1952 1085; x_wconf 76' lang='lat' dir='ltr'><strong>efﬁciunt?</strong></span> <span class='ocrx_word' id='word_1_84' title='bbox 1973 1048 1993 1082; x_wconf 71' lang='grc' dir='ltr'><strong>ι</strong></span> 
     </span>
    </p>
   </div>
   <div class='ocr_carea' id='block_1_13' title="bbox 399 1120 1994 1196">
    <p class='ocr_par' dir='ltr' id='par_1_13' title="bbox 399 1120 1994 1196">
     <span class='ocr_line' id='line_1_13' title="bbox 399 1120 1994 1196; baseline -0.005 -15"><span class='ocrx_word' id='word_1_85' title='bbox 399 1140 538 1196; x_wconf 85' lang='lat' dir='ltr'><strong>quos</strong></span> <span class='ocrx_word' id='word_1_86' title='bbox 576 1124 693 1195; x_wconf 91' lang='lat' dir='ltr'><strong>ipse</strong></span> <span class='ocrx_word' id='word_1_87' title='bbox 724 1137 917 1194; x_wconf 88' lang='lat' dir='ltr'><strong>magos</strong></span> <span class='ocrx_word' id='word_1_88' title='bbox 963 1122 1242 1192; x_wconf 85' lang='lat' dir='ltr'><strong>appellans</strong></span> <span class='ocrx_word' id='word_1_89' title='bbox 1267 1161 1284 1185; x_wconf 94' lang='lat'><strong>,</strong></span> <span class='ocrx_word' id='word_1_90' title='bbox 1335 1120 1538 1190; x_wconf 69' lang='lat' dir='ltr'><strong>spuriaa</strong></span> <span class='ocrx_word' id='word_1_91' title='bbox 1569 1120 1855 1191; x_wconf 75' lang='lat' dir='ltr'><strong>sapientia:</strong></span> <span class='ocrx_word' id='word_1_92' title='bbox 1883 1120 1994 1175; x_wconf 89' lang='lat' dir='ltr'><strong>cul-</strong></span> 
     </span>
    </p>
   </div>
   <div class='ocr_carea' id='block_1_14' title="bbox 399 1213 1991 1286">
    <p class='ocr_par' dir='ltr' id='par_1_14' title="bbox 399 1213 1991 1286">
     <span class='ocr_line' id='line_1_14' title="bbox 399 1213 1991 1286; baseline -0.003 -11"><span class='ocrx_word' id='word_1_93' title='bbox 399 1227 547 1276; x_wconf 84' lang='lat' dir='ltr'><strong>tores</strong></span> <span class='ocrx_word' id='word_1_94' title='bbox 568 1233 692 1274; x_wconf 85' lang='lat' dir='ltr'><strong>esse</strong></span> <span class='ocrx_word' id='word_1_95' title='bbox 716 1218 1081 1274; x_wconf 83' lang='lat' dir='ltr'><strong>demonstrat.</strong></span> <span class='ocrx_word' id='word_1_96' title='bbox 1110 1213 1251 1270; x_wconf 89' lang='lat' dir='ltr'><strong>Num</strong></span> <span class='ocrx_word' id='word_1_97' title='bbox 1284 1214 1453 1286; x_wconf 83' lang='lat' dir='ltr'><strong>igitur</strong></span> <span class='ocrx_word' id='word_1_98' title='bbox 1487 1215 1610 1269; x_wconf 84' lang='lat' dir='ltr'><strong>istis</strong></span> <span class='ocrx_word' id='word_1_99' title='bbox 1650 1216 1991 1285; x_wconf 78' lang='lat' dir='ltr'><strong>argumentis</strong></span> 
     </span>
    </p>
   </div>
   <div class='ocr_carea' id='block_1_15' title="bbox 399 1306 1991 1377">
    <p class='ocr_par' dir='ltr' id='par_1_15' title="bbox 399 1306 1991 1377">
     <span class='ocr_line' id='line_1_15' title="bbox 399 1306 1991 1377; baseline -0.005 -8"><span class='ocrx_word' id='word_1_100' title='bbox 399 1313 617 1369; x_wconf 85' lang='lat' dir='ltr'><strong>divinus</strong></span> <span class='ocrx_word' id='word_1_101' title='bbox 643 1310 754 1375; x_wconf 87' lang='lat' dir='ltr'><strong>hic,</strong></span> <span class='ocrx_word' id='word_1_102' title='bbox 786 1310 1050 1376; x_wconf 88' lang='lat' dir='ltr'><strong>omnique</strong></span> <span class='ocrx_word' id='word_1_103' title='bbox 1079 1308 1282 1363; x_wconf 88' lang='lat' dir='ltr'><strong>virtute</strong></span> <span class='ocrx_word' id='word_1_104' title='bbox 1312 1308 1591 1370; x_wconf 76' lang='lat' dir='ltr'><strong>excultus,</strong></span> <span class='ocrx_word' id='word_1_105' title='bbox 1616 1306 1860 1377; x_wconf 89' lang='lat' dir='ltr'><strong>ipsisque</strong></span> <span class='ocrx_word' id='word_1_106' title='bbox 1883 1307 1991 1361; x_wconf 90' lang='lat' dir='ltr'><strong>diis</strong></span> 
     </span>
    </p>
   </div>
   <div class='ocr_carea' id='block_1_16' title="bbox 399 1398 1994 1475">
    <p class='ocr_par' dir='ltr' id='par_1_16' title="bbox 399 1398 1994 1475">
     <span class='ocr_line' id='line_1_16' title="bbox 399 1398 1994 1475; baseline -0.004 -16"><span class='ocrx_word' id='word_1_107' title='bbox 399 1402 770 1475; x_wconf 86' lang='lat' dir='ltr'><strong>gratissimus,</strong></span> <span class='ocrx_word' id='word_1_108' title='bbox 804 1400 1088 1472; x_wconf 75' lang='lat' dir='ltr'><strong>sapientiae</strong></span> <span class='ocrx_word' id='word_1_109' title='bbox 1123 1407 1425 1456; x_wconf 87' lang='lat' dir='ltr'><strong>coronatus</strong></span> <span class='ocrx_word' id='word_1_110' title='bbox 1468 1399 1691 1463; x_wconf 80' lang='lat' dir='ltr'><strong>bravio,</strong></span> <span class='ocrx_word' id='word_1_111' title='bbox 1750 1401 1872 1469; x_wconf 90' lang='lat' dir='ltr'><strong>ipso</strong></span> <span class='ocrx_word' id='word_1_112' title='bbox 1915 1398 1994 1454; x_wconf 91' lang='lat' dir='ltr'><strong>di-</strong></span> 
     </span>
    </p>
   </div>
   <div class='ocr_carea' id='block_1_17' title="bbox 2099 475 3680 552">
    <p class='ocr_par' dir='ltr' id='par_1_17' title="bbox 2099 475 3680 552">
     <span class='ocr_line' id='line_1_17' title="bbox 2099 475 3680 552; baseline -0.004 -19"><span class='ocrx_word' id='word_1_113' title='bbox 2099 496 2236 550; x_wconf 82' lang='grc' dir='ltr'>μων,</span> <span class='ocrx_word' id='word_1_114' title='bbox 2269 481 2363 534; x_wconf 75' lang='grc' dir='ltr'>καὶ</span> <span class='ocrx_word' id='word_1_115' title='bbox 2396 480 2787 552; x_wconf 87' lang='grc' dir='ltr'>σανδαράκινον</span> <span class='ocrx_word' id='word_1_116' title='bbox 2813 479 2977 551; x_wconf 76' lang='grc' dir='ltr'>ὕδωρ,</span> <span class='ocrx_word' id='word_1_117' title='bbox 3003 478 3097 531; x_wconf 77' lang='grc' dir='ltr'><strong>καὶ</strong></span> <span class='ocrx_word' id='word_1_118' title='bbox 3123 478 3225 531; x_wconf 86' lang='grc' dir='ltr'>ὅσα</span> <span class='ocrx_word' id='word_1_119' title='bbox 3248 476 3384 531; x_wconf 79' lang='grc' dir='ltr'>ἄλλα</span> <span class='ocrx_word' id='word_1_120' title='bbox 3408 475 3680 544; x_wconf 73' lang='grc' dir='ltr'><strong>εἰσῆκται,</strong></span> 
     </span>
    </p>
   </div>
   <div class='ocr_carea' id='block_1_18' title="bbox 2096 565 3683 642">
    <p class='ocr_par' dir='ltr' id='par_1_18' title="bbox 2096 565 3683 642">
     <span class='ocr_line' id='line_1_18' title="bbox 2096 565 3683 642; baseline -0.004 -18"><span class='ocrx_word' id='word_1_121' title='bbox 2096 572 2225 641; x_wconf 81' lang='grc' dir='ltr'>παρ’</span> <span class='ocrx_word' id='word_1_122' title='bbox 2257 565 2339 634; x_wconf 76' lang='grc' dir='ltr'>οἷς</span> <span class='ocrx_word' id='word_1_123' title='bbox 2370 571 2559 642; x_wconf 83' lang='grc' dir='ltr'>ἡγεῖτο</span> <span class='ocrx_word' id='word_1_124' title='bbox 2588 569 2751 634; x_wconf 86' lang='grc' dir='ltr'>θεοῖς,</span> <span class='ocrx_word' id='word_1_125' title='bbox 2771 568 2865 633; x_wconf 80' lang='grc' dir='ltr'>οὓς</span> <span class='ocrx_word' id='word_1_126' title='bbox 2898 570 2993 622; x_wconf 71' lang='grc' dir='ltr'>καὶ</span> <span class='ocrx_word' id='word_1_127' title='bbox 3013 568 3113 621; x_wconf 76' lang='grc' dir='ltr'>οὐκ</span> <span class='ocrx_word' id='word_1_128' title='bbox 3140 567 3304 620; x_wconf 74' lang='grc' dir='ltr'>ὤκνει</span> <span class='ocrx_word' id='word_1_129' title='bbox 3327 566 3683 629; x_wconf 68' lang='grc' dir='ltr'><strong>διδασκάλους</strong></span> 
     </span>
    </p>
   </div>
   <div class='ocr_carea' id='block_1_19' title="bbox 2096 657 3682 735">
    <p class='ocr_par' dir='ltr' id='par_1_19' title="bbox 2096 657 3682 735">
     <span class='ocr_line' id='line_1_19' title="bbox 2096 657 3682 735; baseline -0.005 -18"><span class='ocrx_word' id='word_1_130' title='bbox 2096 661 2520 735; x_wconf 78' lang='grc' dir='ltr'>ἐπιγράφεσθαι,</span> <span class='ocrx_word' id='word_1_131' title='bbox 2557 662 2700 726; x_wconf 79' lang='grc' dir='ltr'>τίνος</span> <span class='ocrx_word' id='word_1_132' title='bbox 2730 661 2797 716; x_wconf 82' lang='grc' dir='ltr'>ἂν</span> <span class='ocrx_word' id='word_1_133' title='bbox 2825 658 2932 716; x_wconf 77' lang='grc' dir='ltr'>εἶεν</span> <span class='ocrx_word' id='word_1_134' title='bbox 2956 659 3336 732; x_wconf 81' lang='grc' dir='ltr'>παραστατικά</span> <span class='ocrx_word' id='word_1_135' title='bbox 3366 659 3400 729; x_wconf 81' lang='grc' dir='ltr'>ἦ</span> <span class='ocrx_word' id='word_1_136' title='bbox 3424 659 3538 711; x_wconf 85' lang='grc' dir='ltr'><strong>τῶν</strong></span> <span class='ocrx_word' id='word_1_137' title='bbox 3572 677 3595 709; x_wconf 83' lang='grc'><strong>‹</strong></span> <span class='ocrx_word' id='word_1_138' title='bbox 3616 657 3682 710; x_wconf 72' lang='grc' dir='ltr'>τὰ</span> 
     </span>
    </p>
   </div>
   <div class='ocr_carea' id='block_1_20' title="bbox 2097 750 3684 823">
    <p class='ocr_par' dir='ltr' id='par_1_20' title="bbox 2097 750 3684 823">
     <span class='ocr_line' id='line_1_20' title="bbox 2097 750 3684 823; baseline -0.004 -14"><span class='ocrx_word' id='word_1_139' title='bbox 2097 757 2198 810; x_wconf 79' lang='grc' dir='ltr'>οὐκ</span> <span class='ocrx_word' id='word_1_140' title='bbox 2240 756 2371 809; x_wconf 79' lang='grc' dir='ltr'>ὄντα</span> <span class='ocrx_word' id='word_1_141' title='bbox 2421 750 2579 820; x_wconf 82' lang='grc' dir='ltr'>εἶναι,</span> <span class='ocrx_word' id='word_1_142' title='bbox 2616 755 2713 810; x_wconf 79' lang='grc' dir='ltr'>καὶ</span> <span class='ocrx_word' id='word_1_143' title='bbox 2743 755 2810 809; x_wconf 87' lang='grc' dir='ltr'><strong>τά</strong></span> <span class='ocrx_word' id='word_1_144' title='bbox 2841 755 2971 808; x_wconf 76' lang='grc' dir='ltr'>ὄντα</span> <span class='ocrx_word' id='word_1_145' title='bbox 2998 754 3203 808; x_wconf 82' lang='grc' dir='ltr'><strong>ἄπιστα</strong></span> <span class='ocrx_word' id='word_1_146' title='bbox 3232 773 3249 805; x_wconf 75' lang='grc' dir='ltr'><strong>ι</strong></span> <span class='ocrx_word' id='word_1_147' title='bbox 3289 750 3684 823; x_wconf 80' lang='grc' dir='ltr'>παραδεικνύν-</span> 
     </span>
    </p>
   </div>
   <div class='ocr_carea' id='block_1_21' title="bbox 2096 843 3684 918">
    <p class='ocr_par' dir='ltr' id='par_1_21' title="bbox 2096 843 3684 918">
     <span class='ocr_line' id='line_1_21' title="bbox 2096 843 3684 918; baseline -0.003 -17"><span class='ocrx_word' id='word_1_148' title='bbox 2096 865 2206 901; x_wconf 91' lang='grc' dir='ltr'><strong>των</strong></span> <span class='ocrx_word' id='word_1_149' title='bbox 2225 865 2240 913; x_wconf 89' lang='grc'>;</span> <span class='ocrx_word' id='word_1_150' title='bbox 2267 846 2361 912; x_wconf 79' lang='grc' dir='ltr'>οὓς</span> <span class='ocrx_word' id='word_1_151' title='bbox 2379 847 2543 912; x_wconf 78' lang='grc' dir='ltr'>αὐτὸς</span> <span class='ocrx_word' id='word_1_152' title='bbox 2566 848 2770 918; x_wconf 84' lang='grc' dir='ltr'><strong>γόητας</strong></span> <span class='ocrx_word' id='word_1_153' title='bbox 2793 845 3095 917; x_wconf 82' lang='grc' dir='ltr'><strong>ὀνομάζων,</strong></span> <span class='ocrx_word' id='word_1_154' title='bbox 3117 845 3482 915; x_wconf 79' lang='grc' dir='ltr'>ψευδοσόφους</span> <span class='ocrx_word' id='word_1_155' title='bbox 3511 843 3684 913; x_wconf 72' lang='grc' dir='ltr'>ὑπάρ-</span> 
     </span>
    </p>
   </div>
   <div class='ocr_carea' id='block_1_22' title="bbox 2096 936 3684 1013">
    <p class='ocr_par' dir='ltr' id='par_1_22' title="bbox 2096 936 3684 1013">
     <span class='ocr_line' id='line_1_22' title="bbox 2096 936 3684 1013; baseline -0.006 -17"><span class='ocrx_word' id='word_1_156' title='bbox 2096 960 2213 1013; x_wconf 89' lang='grc' dir='ltr'>χειν</span> <span class='ocrx_word' id='word_1_157' title='bbox 2253 942 2803 1012; x_wconf 76' lang='grc' dir='ltr'>ἀποφαίνεται.¹Ἠτοι</span> <span class='ocrx_word' id='word_1_158' title='bbox 2834 936 2928 993; x_wconf 78' lang='grc' dir='ltr'>οὖν</span> <span class='ocrx_word' id='word_1_159' title='bbox 2956 938 3049 992; x_wconf 73' lang='grc' dir='ltr'>ἐπὶ</span> <span class='ocrx_word' id='word_1_160' title='bbox 3088 938 3300 1000; x_wconf 78' lang='grc' dir='ltr'>τούτοις</span> <span class='ocrx_word' id='word_1_161' title='bbox 3327 939 3357 990; x_wconf 87' lang='grc' dir='ltr'>ὁ</span> <span class='ocrx_word' id='word_1_162' title='bbox 3389 936 3558 999; x_wconf 87' lang='grc' dir='ltr'>θεῖος,</span> <span class='ocrx_word' id='word_1_163' title='bbox 3594 936 3684 989; x_wconf 70' lang='grc' dir='ltr'>καὶ</span> 
     </span>
    </p>
   </div>
   <div class='ocr_carea' id='block_1_23' title="bbox 2097 1029 3683 1107">
    <p class='ocr_par' dir='ltr' id='par_1_23' title="bbox 2097 1029 3683 1107">
     <span class='ocr_line' id='line_1_23' title="bbox 2097 1029 3683 1107; baseline -0.006 -17"><span class='ocrx_word' id='word_1_164' title='bbox 2097 1036 2374 1107; x_wconf 76' lang='grc' dir='ltr'><strong>ἐνάρετος,</strong></span> <span class='ocrx_word' id='word_1_165' title='bbox 2409 1036 2503 1089; x_wconf 78' lang='grc' dir='ltr'>καὶ</span> <span class='ocrx_word' id='word_1_166' title='bbox 2534 1034 2678 1098; x_wconf 85' lang='grc' dir='ltr'>Θεοῖς</span> <span class='ocrx_word' id='word_1_167' title='bbox 2718 1031 3134 1105; x_wconf 81' lang='grc' dir='ltr'><strong>κεχαρισμένος,</strong></span> <span class='ocrx_word' id='word_1_168' title='bbox 3167 1030 3229 1084; x_wconf 80' lang='grc' dir='ltr'>τὸ</span> <span class='ocrx_word' id='word_1_169' title='bbox 3265 1029 3457 1099; x_wconf 65' lang='grc' dir='ltr'>σοφίας</span> <span class='ocrx_word' id='word_1_170' title='bbox 3487 1030 3683 1099; x_wconf 79' lang='grc' dir='ltr'>ἀναδηο</span> 
     </span>
    </p>
   </div>
   <div class='ocr_carea' id='block_1_24' title="bbox 2099 1121 3685 1201">
    <p class='ocr_par' dir='ltr' id='par_1_24' title="bbox 2099 1121 3685 1201">
     <span class='ocr_line' id='line_1_24' title="bbox 2099 1121 3685 1201; baseline -0.006 -20"><span class='ocrx_word' id='word_1_171' title='bbox 2099 1130 2332 1199; x_wconf 84' lang='grc' dir='ltr'>σάμενος</span> <span class='ocrx_word' id='word_1_172' title='bbox 2384 1127 2659 1201; x_wconf 73' lang='grc' dir='ltr'>βραϐεῖον,</span> <span class='ocrx_word' id='word_1_173' title='bbox 2691 1125 2857 1180; x_wconf 80' lang='grc' dir='ltr'>αὐτοῦ</span> <span class='ocrx_word' id='word_1_174' title='bbox 2904 1123 3221 1196; x_wconf 82' lang='grc' dir='ltr'>Πυθαγόρου</span> <span class='ocrx_word' id='word_1_175' title='bbox 3270 1122 3365 1175; x_wconf 70' lang='grc' dir='ltr'>καὶ</span> <span class='ocrx_word' id='word_1_176' title='bbox 3414 1121 3529 1174; x_wconf 81' lang='grc' dir='ltr'><strong>τῶν</strong></span> <span class='ocrx_word' id='word_1_177' title='bbox 3573 1121 3685 1173; x_wconf 78' lang='grc' dir='ltr'>ὅσοι</span> 
     </span>
    </p>
   </div>
   <div class='ocr_carea' id='block_1_25' title="bbox 2101 1214 3687 1292">
    <p class='ocr_par' dir='ltr' id='par_1_25' title="bbox 2101 1214 3687 1292">
     <span class='ocr_line' id='line_1_25' title="bbox 2101 1214 3687 1292; baseline -0.007 -16"><span class='ocrx_word' id='word_1_178' title='bbox 2101 1222 2216 1292; x_wconf 80' lang='grc' dir='ltr'>μετ’</span> <span class='ocrx_word' id='word_1_179' title='bbox 2240 1224 2447 1275; x_wconf 85' lang='grc' dir='ltr'>ἐκεῖνον</span> <span class='ocrx_word' id='word_1_180' title='bbox 2477 1221 2751 1292; x_wconf 89' lang='grc' dir='ltr'>θειότερος</span> <span class='ocrx_word' id='word_1_181' title='bbox 2782 1217 2998 1290; x_wconf 89' lang='grc' dir='ltr'>ἀληθῶς</span> <span class='ocrx_word' id='word_1_182' title='bbox 3028 1217 3123 1270; x_wconf 70' lang='grc' dir='ltr'>καὶ</span> <span class='ocrx_word' id='word_1_183' title='bbox 3149 1214 3345 1288; x_wconf 80' lang='grc' dir='ltr'>μακρῷ</span> <span class='ocrx_word' id='word_1_184' title='bbox 3368 1214 3687 1284; x_wconf 79' lang='grc' dir='ltr'>εὐδαιμονέ-</span> 
     </span>
    </p>
   </div>
   <div class='ocr_carea' id='block_1_26' title="bbox 2098 1306 3686 1385">
    <p class='ocr_par' dir='ltr' id='par_1_26' title="bbox 2098 1306 3686 1385">
     <span class='ocr_line' id='line_1_26' title="bbox 2098 1306 3686 1385; baseline -0.005 -19"><span class='ocrx_word' id='word_1_185' title='bbox 2098 1329 2289 1385; x_wconf 90' lang='grc' dir='ltr'>στερος</span> <span class='ocrx_word' id='word_1_186' title='bbox 2308 1313 2524 1384; x_wconf 82' lang='grc' dir='ltr'>κριθείη</span> <span class='ocrx_word' id='word_1_187' title='bbox 2543 1312 2609 1383; x_wconf 75' lang='grc' dir='ltr'><strong>σὴ</strong></span> <span class='ocrx_word' id='word_1_188' title='bbox 2641 1309 2897 1380; x_wconf 79' lang='grc' dir='ltr'>ἔμπαλιν,</span> <span class='ocrx_word' id='word_1_189' title='bbox 2926 1308 3287 1379; x_wconf 81' lang='grc' dir='ltr'>ψευδοσοφίας</span> <span class='ocrx_word' id='word_1_190' title='bbox 3310 1306 3495 1370; x_wconf 70' lang='grc' dir='ltr'>ἁλοὺς,</span> <span class='ocrx_word' id='word_1_191' title='bbox 3514 1321 3686 1359; x_wconf 59' lang='lat' dir='ltr'><strong>me</strong></span> 
     </span>
    </p>
   </div>
   <div class='ocr_carea' id='block_1_27' title="bbox 2098 1400 3220 1476">
    <p class='ocr_par' dir='ltr' id='par_1_27' title="bbox 2098 1400 3220 1476">
     <span class='ocr_line' id='line_1_27' title="bbox 2098 1400 3220 1476; baseline -0.005 -18"><span class='ocrx_word' id='word_1_192' title='bbox 2098 1403 2369 1476; x_wconf 86' lang='grc' dir='ltr'>δαιμόνων</span> <span class='ocrx_word' id='word_1_193' title='bbox 2405 1405 2514 1476; x_wconf 82' lang='lat'>(95)</span> <span class='ocrx_word' id='word_1_194' title='bbox 2546 1403 2831 1457; x_wconf 82' lang='grc' dir='ltr'>ἀποίσεται</span> <span class='ocrx_word' id='word_1_195' title='bbox 2862 1400 2931 1454; x_wconf 87' lang='grc' dir='ltr'><strong>τά</strong></span> <span class='ocrx_word' id='word_1_196' title='bbox 2958 1402 3220 1473; x_wconf 87' lang='grc' dir='ltr'>πρωτεῖα.</span> 
     </span>
    </p>
   </div>
   <div class='ocr_carea' id='block_1_28' title="bbox 400 1489 3691 1568">
    <p class='ocr_par' dir='ltr' id='par_1_28' title="bbox 400 1489 3691 1568">
     <span class='ocr_line' id='line_1_28' title="bbox 400 1489 3691 1568; baseline -0.004 -12"><span class='ocrx_word' id='word_1_197' title='bbox 400 1498 578 1556; x_wconf 88' lang='lat' dir='ltr'><strong>vinior</strong></span> <span class='ocrx_word' id='word_1_198' title='bbox 622 1493 930 1568; x_wconf 87' lang='lat' dir='ltr'><strong>Pythagora</strong></span> <span class='ocrx_word' id='word_1_199' title='bbox 987 1492 1217 1562; x_wconf 85' lang='lat' dir='ltr'><strong>ejusque</strong></span> <span class='ocrx_word' id='word_1_200' title='bbox 1282 1491 1608 1561; x_wconf 90' lang='lat' dir='ltr'><strong>discipulis,</strong></span> <span class='ocrx_word' id='word_1_201' title='bbox 1663 1492 1983 1562; x_wconf 88' lang='lat' dir='ltr'><strong>beatiorque</strong></span> <span class='ocrx_word' id='word_1_202' title='bbox 2018 1497 2328 1553; x_wconf 87' lang='lat' dir='ltr'><strong>censendus</strong></span> <span class='ocrx_word' id='word_1_203' title='bbox 2365 1497 2504 1553; x_wconf 83' lang='lat' dir='ltr'><strong>erit?</strong></span> <span class='ocrx_word' id='word_1_204' title='bbox 2540 1510 2610 1550; x_wconf 90' lang='lat' dir='ltr'><strong>an</strong></span> <span class='ocrx_word' id='word_1_205' title='bbox 2663 1502 2858 1549; x_wconf 82' lang='lat' dir='ltr'><strong>contra</strong></span> <span class='ocrx_word' id='word_1_206' title='bbox 2905 1494 3105 1564; x_wconf 73' lang='lat' dir='ltr'><strong>spuria:</strong></span> <span class='ocrx_word' id='word_1_207' title='bbox 3142 1492 3425 1563; x_wconf 65' lang='lat' dir='ltr'><strong>sapientia:</strong></span> <span class='ocrx_word' id='word_1_208' title='bbox 3453 1489 3691 1544; x_wconf 77' lang='lat' dir='ltr'><strong>damna-</strong></span> 
     </span>
    </p>
   </div>
   <div class='ocr_carea' id='block_1_29' title="bbox 399 1587 1808 1661">
    <p class='ocr_par' dir='ltr' id='par_1_29' title="bbox 399 1587 1808 1661">
     <span class='ocr_line' id='line_1_29' title="bbox 399 1587 1808 1661; baseline -0.007 -9"><span class='ocrx_word' id='word_1_209' title='bbox 399 1606 485 1652; x_wconf 87' lang='lat' dir='ltr'><strong>tus</strong></span> <span class='ocrx_word' id='word_1_210' title='bbox 505 1634 520 1661; x_wconf 87' lang='lat'><strong>,</strong></span> <span class='ocrx_word' id='word_1_211' title='bbox 556 1593 699 1649; x_wconf 87' lang='lat' dir='ltr'><strong>inter</strong></span> <span class='ocrx_word' id='word_1_212' title='bbox 723 1590 1133 1647; x_wconf 79' lang='lat' dir='ltr'><strong>infelicissimos</strong></span> <span class='ocrx_word' id='word_1_213' title='bbox 1162 1589 1370 1658; x_wconf 88' lang='lat' dir='ltr'><strong>primas</strong></span> <span class='ocrx_word' id='word_1_214' title='bbox 1405 1587 1543 1644; x_wconf 78' lang='lat' dir='ltr'><strong>feret</strong></span> <span class='ocrx_word' id='word_1_215' title='bbox 1582 1588 1808 1660; x_wconf 62' lang='lat' dir='ltr'><strong>potita?</strong></span> 
     </span>
    </p>
   </div>
   <div class='ocr_carea' id='block_1_30' title="bbox 962 1700 1423 1759">
    <p class='ocr_par' dir='ltr' id='par_1_30' title="bbox 962 1700 1423 1759">
     <span class='ocr_line' id='line_1_30' title="bbox 962 1700 1423 1759; baseline -0.009 0"><span class='ocrx_word' id='word_1_216' title='bbox 962 1700 1195 1759; x_wconf 75' lang='lat' dir='ltr'><strong>CAPUT</strong></span> <span class='ocrx_word' id='word_1_217' title='bbox 1235 1700 1423 1756; x_wconf 77' lang='lat' dir='ltr'>XLIII.</span> 
     </span>
    </p>
   </div>
   <div class='ocr_carea' id='block_1_31' title="bbox 469 1792 1994 1866">
    <p class='ocr_par' dir='ltr' id='par_1_31' title="bbox 469 1792 1994 1866">
     <span class='ocr_line' id='line_1_31' title="bbox 469 1792 1994 1866; baseline -0.003 -13"><span class='ocrx_word' id='word_1_218' title='bbox 469 1799 707 1855; x_wconf 82' lang='lat' dir='ltr'><strong>Rursum</strong></span> <span class='ocrx_word' id='word_1_219' title='bbox 740 1798 796 1852; x_wconf 92' lang='lat' dir='ltr'><strong>in</strong></span> <span class='ocrx_word' id='word_1_220' title='bbox 823 1795 1160 1866; x_wconf 86' lang='lat' dir='ltr'><strong>apologetico</strong></span> <span class='ocrx_word' id='word_1_221' title='bbox 1186 1793 1279 1847; x_wconf 91' lang='lat' dir='ltr'><strong>illo</strong></span> <span class='ocrx_word' id='word_1_222' title='bbox 1310 1795 1519 1862; x_wconf 89' lang='lat' dir='ltr'><strong>scripto</strong></span> <span class='ocrx_word' id='word_1_223' title='bbox 1556 1807 1616 1848; x_wconf 93' lang='lat' dir='ltr'><strong>se</strong></span> <span class='ocrx_word' id='word_1_224' title='bbox 1650 1792 1706 1848; x_wconf 90' lang='lat' dir='ltr'><strong>in</strong></span> <span class='ocrx_word' id='word_1_225' title='bbox 1749 1793 1898 1848; x_wconf 91' lang='lat' dir='ltr'><strong>Ionia</strong></span> <span class='ocrx_word' id='word_1_226' title='bbox 1925 1793 1994 1850; x_wconf 94' lang='lat' dir='ltr'><strong>de</strong></span> 
     </span>
    </p>
   </div>
   <div class='ocr_carea' id='block_1_32' title="bbox 400 1883 1989 1957">
    <p class='ocr_par' dir='ltr' id='par_1_32' title="bbox 400 1883 1989 1957">
     <span class='ocr_line' id='line_1_32' title="bbox 400 1883 1989 1957; baseline -0.004 -11"><span class='ocrx_word' id='word_1_227' title='bbox 400 1890 638 1947; x_wconf 77' lang='lat' dir='ltr'><strong>fatorum</strong></span> <span class='ocrx_word' id='word_1_228' title='bbox 658 1890 712 1944; x_wconf 87' lang='lat' dir='ltr'><strong>vi</strong></span> <span class='ocrx_word' id='word_1_229' title='bbox 744 1888 821 1943; x_wconf 89' lang='lat' dir='ltr'><strong>ait</strong></span> <span class='ocrx_word' id='word_1_230' title='bbox 842 1887 1156 1957; x_wconf 84' lang='lat' dir='ltr'><strong>disputasse</strong></span> <span class='ocrx_word' id='word_1_231' title='bbox 1172 1885 1266 1947; x_wconf 84' lang='grc'><strong>²⁰’,</strong></span> <span class='ocrx_word' id='word_1_232' title='bbox 1288 1883 1426 1939; x_wconf 88' lang='lat' dir='ltr'><strong>adeo</strong></span> <span class='ocrx_word' id='word_1_233' title='bbox 1449 1885 1649 1939; x_wconf 90' lang='lat' dir='ltr'><strong>mutari</strong></span> <span class='ocrx_word' id='word_1_234' title='bbox 1670 1899 1782 1939; x_wconf 91' lang='lat' dir='ltr'><strong>non</strong></span> <span class='ocrx_word' id='word_1_235' title='bbox 1807 1901 1989 1956; x_wconf 87' lang='lat' dir='ltr'><strong>posse,</strong></span> 
     </span>
    </p>
   </div>
   <div class='ocr_carea' id='block_1_33' title="bbox 400 1976 1993 2052">
    <p class='ocr_par' dir='ltr' id='par_1_33' title="bbox 400 1976 1993 2052">
     <span class='ocr_line' id='line_1_33' title="bbox 400 1976 1993 2052; baseline -0.004 -15"><span class='ocrx_word' id='word_1_236' title='bbox 400 1997 523 2052; x_wconf 66' lang='lat' dir='ltr'><strong>qua:</strong></span> <span class='ocrx_word' id='word_1_237' title='bbox 548 1987 743 2036; x_wconf 83' lang='lat' dir='ltr'><strong>texunt</strong></span> <span class='ocrx_word' id='word_1_238' title='bbox 797 1979 937 2044; x_wconf 90' lang='lat' dir='ltr'><strong>ista,</strong></span> <span class='ocrx_word' id='word_1_239' title='bbox 969 1977 1288 2042; x_wconf 85' lang='lat' dir='ltr'><strong>docentem,</strong></span> <span class='ocrx_word' id='word_1_240' title='bbox 1321 1982 1405 2040; x_wconf 92' lang='lat' dir='ltr'><strong>ut,</strong></span> <span class='ocrx_word' id='word_1_241' title='bbox 1439 1976 1486 2030; x_wconf 89' lang='lat' dir='ltr'><strong>si</strong></span> <span class='ocrx_word' id='word_1_242' title='bbox 1519 1976 1811 2045; x_wconf 88' lang='lat' dir='ltr'><strong>imperium</strong></span> <span class='ocrx_word' id='word_1_243' title='bbox 1864 1976 1993 2032; x_wconf 86' lang='lat' dir='ltr'><strong>huic</strong></span> 
     </span>
    </p>
   </div>
   <div class='ocr_carea' id='block_1_34' title="bbox 400 2065 1993 2139">
    <p class='ocr_par' dir='ltr' id='par_1_34' title="bbox 400 2065 1993 2139">
     <span class='ocr_line' id='line_1_34' title="bbox 400 2065 1993 2139; baseline -0.004 -12"><span class='ocrx_word' id='word_1_244' title='bbox 400 2072 721 2135; x_wconf 89' lang='lat' dir='ltr'><strong>decernant,</strong></span> <span class='ocrx_word' id='word_1_245' title='bbox 747 2068 892 2139; x_wconf 89' lang='lat' dir='ltr'><strong>quod</strong></span> <span class='ocrx_word' id='word_1_246' title='bbox 912 2069 967 2123; x_wconf 93' lang='lat' dir='ltr'><strong>in</strong></span> <span class='ocrx_word' id='word_1_247' title='bbox 994 2068 1225 2121; x_wconf 87' lang='lat' dir='ltr'><strong>alterius</strong></span> <span class='ocrx_word' id='word_1_248' title='bbox 1250 2080 1398 2120; x_wconf 88' lang='lat' dir='ltr'><strong>nunc</strong></span> <span class='ocrx_word' id='word_1_249' title='bbox 1424 2065 1643 2135; x_wconf 88' lang='lat' dir='ltr'><strong>quidem</strong></span> <span class='ocrx_word' id='word_1_250' title='bbox 1669 2066 1739 2121; x_wconf 91' lang='lat' dir='ltr'><strong>sit</strong></span> <span class='ocrx_word' id='word_1_251' title='bbox 1754 2074 1993 2137; x_wconf 82' lang='lat' dir='ltr'><strong>potesta-</strong></span> 
     </span>
    </p>
   </div>
   <div class='ocr_carea' id='block_1_35' title="bbox 400 2158 1995 2229">
    <p class='ocr_par' dir='ltr' id='par_1_35' title="bbox 400 2158 1995 2229">
     <span class='ocr_line' id='line_1_35' title="bbox 400 2158 1995 2229; baseline -0.005 -9"><span class='ocrx_word' id='word_1_252' title='bbox 400 2173 478 2229; x_wconf 89' lang='lat' dir='ltr'><strong>te,</strong></span> <span class='ocrx_word' id='word_1_253' title='bbox 507 2170 669 2218; x_wconf 88' lang='lat' dir='ltr'><strong>nemo</strong></span> <span class='ocrx_word' id='word_1_254' title='bbox 694 2162 849 2216; x_wconf 86' lang='lat' dir='ltr'><strong>illum</strong></span> <span class='ocrx_word' id='word_1_255' title='bbox 882 2160 1199 2216; x_wconf 87' lang='lat' dir='ltr'><strong>interimere</strong></span> <span class='ocrx_word' id='word_1_256' title='bbox 1221 2158 1416 2229; x_wconf 85' lang='lat' dir='ltr'><strong>possit,</strong></span> <span class='ocrx_word' id='word_1_257' title='bbox 1442 2173 1511 2213; x_wconf 91' lang='lat' dir='ltr'><strong>ne</strong></span> <span class='ocrx_word' id='word_1_258' title='bbox 1536 2158 1605 2213; x_wconf 90' lang='lat' dir='ltr'><strong>ab</strong></span> <span class='ocrx_word' id='word_1_259' title='bbox 1634 2159 1730 2213; x_wconf 91' lang='lat' dir='ltr'><strong>illo</strong></span> <span class='ocrx_word' id='word_1_260' title='bbox 1753 2160 1859 2214; x_wconf 85' lang='lat' dir='ltr'><strong>sibi</strong></span> <span class='ocrx_word' id='word_1_261' title='bbox 1890 2159 1995 2213; x_wconf 88' lang='lat' dir='ltr'><strong>im-</strong></span> 
     </span>
    </p>
   </div>
   <div class='ocr_carea' id='block_1_36' title="bbox 401 2250 1989 2327">
    <p class='ocr_par' dir='ltr' id='par_1_36' title="bbox 401 2250 1989 2327">
     <span class='ocr_line' id='line_1_36' title="bbox 401 2250 1989 2327; baseline -0.003 -18"><span class='ocrx_word' id='word_1_262' title='bbox 401 2255 615 2327; x_wconf 88' lang='lat' dir='ltr'><strong>perium</strong></span> <span class='ocrx_word' id='word_1_263' title='bbox 659 2252 960 2324; x_wconf 86' lang='lat' dir='ltr'><strong>eripiatur:</strong></span> <span class='ocrx_word' id='word_1_264' title='bbox 993 2252 1106 2307; x_wconf 89' lang='lat' dir='ltr'><strong>imo</strong></span> <span class='ocrx_word' id='word_1_265' title='bbox 1165 2252 1210 2307; x_wconf 89' lang='lat' dir='ltr'><strong>si</strong></span> <span class='ocrx_word' id='word_1_266' title='bbox 1258 2251 1343 2305; x_wconf 92' lang='lat' dir='ltr'><strong>vel</strong></span> <span class='ocrx_word' id='word_1_267' title='bbox 1389 2252 1751 2321; x_wconf 85' lang='lat' dir='ltr'><strong>interemptus</strong></span> <span class='ocrx_word' id='word_1_268' title='bbox 1802 2250 1989 2313; x_wconf 79' lang='lat' dir='ltr'><strong>fuerit.</strong></span> 
     </span>
    </p>
   </div>
   <div class='ocr_carea' id='block_1_37' title="bbox 400 2340 1991 2409">
    <p class='ocr_par' dir='ltr' id='par_1_37' title="bbox 400 2340 1991 2409">
     <span class='ocr_line' id='line_1_37' title="bbox 400 2340 1991 2409; baseline -0.003 -8"><span class='ocrx_word' id='word_1_269' title='bbox 400 2347 743 2403; x_wconf 88' lang='lat' dir='ltr'><strong>revicturum</strong></span> <span class='ocrx_word' id='word_1_270' title='bbox 771 2352 954 2399; x_wconf 89' lang='lat' dir='ltr'><strong>tamen</strong></span> <span class='ocrx_word' id='word_1_271' title='bbox 988 2359 1147 2409; x_wconf 89' lang='lat' dir='ltr'><strong>eum,</strong></span> <span class='ocrx_word' id='word_1_272' title='bbox 1184 2352 1244 2397; x_wconf 89' lang='lat' dir='ltr'><strong>ut</strong></span> <span class='ocrx_word' id='word_1_273' title='bbox 1283 2340 1411 2397; x_wconf 82' lang='lat' dir='ltr'><strong>fatis</strong></span> <span class='ocrx_word' id='word_1_274' title='bbox 1449 2341 1671 2397; x_wconf 87' lang='lat' dir='ltr'><strong>decreta</strong></span> <span class='ocrx_word' id='word_1_275' title='bbox 1713 2344 1991 2398; x_wconf 87' lang='lat' dir='ltr'><strong>eveniant.</strong></span> 
     </span>
    </p>
   </div>
   <div class='ocr_carea' id='block_1_38' title="bbox 402 2430 1985 2504">
    <p class='ocr_par' dir='ltr' id='par_1_38' title="bbox 402 2430 1985 2504">
     <span class='ocr_line' id='line_1_38' title="bbox 402 2430 1985 2504; baseline -0.002 -14"><span class='ocrx_word' id='word_1_276' title='bbox 402 2436 617 2502; x_wconf 81' lang='lat' dir='ltr'><strong>Quibus</strong></span> <span class='ocrx_word' id='word_1_277' title='bbox 662 2433 951 2504; x_wconf 87' lang='lat' dir='ltr'><strong>sequentia</strong></span> <span class='ocrx_word' id='word_1_278' title='bbox 987 2434 1125 2504; x_wconf 91' lang='lat' dir='ltr'><strong>ipsis</strong></span> <span class='ocrx_word' id='word_1_279' title='bbox 1157 2432 1354 2487; x_wconf 86' lang='lat' dir='ltr'><strong>iisdem</strong></span> <span class='ocrx_word' id='word_1_280' title='bbox 1396 2431 1621 2503; x_wconf 85' lang='lat' dir='ltr'><strong>syllabis</strong></span> <span class='ocrx_word' id='word_1_281' title='bbox 1651 2430 1935 2501; x_wconf 82' lang='lat' dir='ltr'><strong>subjungit</strong></span> <span class='ocrx_word' id='word_1_282' title='bbox 1969 2449 1985 2487; x_wconf 89' lang='lat'><strong>:</strong></span> 
     </span>
    </p>
   </div>
   <div class='ocr_carea' id='block_1_39' title="bbox 408 2521 1997 2598">
    <p class='ocr_par' dir='ltr' id='par_1_39' title="bbox 408 2521 1997 2598">
     <span class='ocr_line' id='line_1_39' title="bbox 408 2521 1997 2598; baseline -0.004 -17"><span class='ocrx_word' id='word_1_283' title='bbox 408 2547 428 2581; x_wconf 74' lang='grc' dir='ltr'><strong>ι</strong></span> <span class='ocrx_word' id='word_1_284' title='bbox 456 2527 778 2598; x_wconf 74' lang='lat' dir='ltr'><strong>Cuicunque</strong></span> <span class='ocrx_word' id='word_1_285' title='bbox 807 2525 918 2581; x_wconf 81' lang='lat' dir='ltr'><strong>fato</strong></span> <span class='ocrx_word' id='word_1_286' title='bbox 949 2526 1229 2583; x_wconf 88' lang='lat' dir='ltr'><strong>decretum</strong></span> <span class='ocrx_word' id='word_1_287' title='bbox 1262 2524 1426 2579; x_wconf 77' lang='lat' dir='ltr'><strong>fuerit</strong></span> <span class='ocrx_word' id='word_1_288' title='bbox 1453 2524 1719 2594; x_wconf 88' lang='lat' dir='ltr'><strong>lignarius</strong></span> <span class='ocrx_word' id='word_1_289' title='bbox 1738 2532 1801 2578; x_wconf 93' lang='lat' dir='ltr'><strong>ut</strong></span> <span class='ocrx_word' id='word_1_290' title='bbox 1831 2521 1997 2595; x_wconf 80' lang='lat'><strong>539</strong></span> 
     </span>
    </p>
   </div>
   <div class='ocr_carea' id='block_1_40' title="bbox 402 2613 1995 2684">
    <p class='ocr_par' dir='ltr' id='par_1_40' title="bbox 402 2613 1995 2684">
     <span class='ocr_line' id='line_1_40' title="bbox 402 2613 1995 2684; baseline -0.001 -14"><span class='ocrx_word' id='word_1_291' title='bbox 402 2619 498 2679; x_wconf 80' lang='lat' dir='ltr'><strong>sit,</strong></span> <span class='ocrx_word' id='word_1_292' title='bbox 530 2617 580 2671; x_wconf 87' lang='lat' dir='ltr'><strong>is</strong></span> <span class='ocrx_word' id='word_1_293' title='bbox 610 2616 866 2671; x_wconf 87' lang='lat' dir='ltr'><strong>manibus</strong></span> <span class='ocrx_word' id='word_1_294' title='bbox 894 2623 1186 2671; x_wconf 88' lang='lat' dir='ltr'><strong>truncetur</strong></span> <span class='ocrx_word' id='word_1_295' title='bbox 1221 2615 1391 2679; x_wconf 89' lang='lat' dir='ltr'><strong>licet,</strong></span> <span class='ocrx_word' id='word_1_296' title='bbox 1442 2614 1496 2668; x_wconf 94' lang='lat' dir='ltr'><strong>in</strong></span> <span class='ocrx_word' id='word_1_297' title='bbox 1537 2613 1829 2684; x_wconf 84' lang='lat' dir='ltr'><strong>lignarium</strong></span> <span class='ocrx_word' id='word_1_298' title='bbox 1865 2630 1995 2671; x_wconf 65' lang='lat' dir='ltr'><strong>eva~</strong></span> 
     </span>
    </p>
   </div>
   <div class='ocr_carea' id='block_1_41' title="bbox 402 2703 1995 2777">
    <p class='ocr_par' dir='ltr' id='par_1_41' title="bbox 402 2703 1995 2777">
     <span class='ocr_line' id='line_1_41' title="bbox 402 2703 1995 2777; baseline -0.003 -12"><span class='ocrx_word' id='word_1_299' title='bbox 402 2707 517 2765; x_wconf 84' lang='lat' dir='ltr'><strong>det.</strong></span> <span class='ocrx_word' id='word_1_300' title='bbox 554 2706 621 2761; x_wconf 92' lang='lat' dir='ltr'><strong>Et</strong></span> <span class='ocrx_word' id='word_1_301' title='bbox 650 2708 739 2763; x_wconf 89' lang='lat' dir='ltr'><strong>cui</strong></span> <span class='ocrx_word' id='word_1_302' title='bbox 771 2722 942 2763; x_wconf 91' lang='lat' dir='ltr'><strong>cursu</strong></span> <span class='ocrx_word' id='word_1_303' title='bbox 974 2708 1194 2763; x_wconf 87' lang='lat' dir='ltr'><strong>vincere</strong></span> <span class='ocrx_word' id='word_1_304' title='bbox 1238 2707 1295 2761; x_wconf 87' lang='lat' dir='ltr'><strong>in</strong></span> <span class='ocrx_word' id='word_1_305' title='bbox 1329 2703 1577 2777; x_wconf 83' lang='lat' dir='ltr'><strong>Olympia</strong></span> <span class='ocrx_word' id='word_1_306' title='bbox 1628 2703 1995 2777; x_wconf 74' lang='lat' dir='ltr'><strong>[destinatum</strong></span> 
     </span>
    </p>
   </div>
   <div class='ocr_carea' id='block_1_42' title="bbox 402 2797 1992 2872">
    <p class='ocr_par' dir='ltr' id='par_1_42' title="bbox 402 2797 1992 2872">
     <span class='ocr_line' id='line_1_42' title="bbox 402 2797 1992 2872; baseline 0 -16"><span class='ocrx_word' id='word_1_307' title='bbox 402 2797 544 2870; x_wconf 88' lang='lat' dir='ltr'><strong>est.]</strong></span> <span class='ocrx_word' id='word_1_308' title='bbox 575 2800 665 2854; x_wconf 86' lang='lat' dir='ltr'><strong>hic</strong></span> <span class='ocrx_word' id='word_1_309' title='bbox 690 2839 706 2864; x_wconf 94' lang='lat'><strong>,</strong></span> <span class='ocrx_word' id='word_1_310' title='bbox 752 2816 823 2856; x_wconf 89' lang='lat' dir='ltr'><strong>ne</strong></span> <span class='ocrx_word' id='word_1_311' title='bbox 850 2801 1098 2856; x_wconf 89' lang='lat' dir='ltr'><strong>abscisso</strong></span> <span class='ocrx_word' id='word_1_312' title='bbox 1134 2802 1356 2872; x_wconf 91' lang='lat' dir='ltr'><strong>quidem</strong></span> <span class='ocrx_word' id='word_1_313' title='bbox 1401 2802 1449 2858; x_wconf 90' lang='lat' dir='ltr'><strong>si</strong></span> <span class='ocrx_word' id='word_1_314' title='bbox 1484 2801 1755 2856; x_wconf 89' lang='lat' dir='ltr'><strong>claudicet</strong></span> <span class='ocrx_word' id='word_1_315' title='bbox 1793 2815 1992 2867; x_wconf 90' lang='lat' dir='ltr'><strong>crure,</strong></span> 
     </span>
    </p>
   </div>
   <div class='ocr_carea' id='block_1_43' title="bbox 403 2891 1994 2965">
    <p class='ocr_par' dir='ltr' id='par_1_43' title="bbox 403 2891 1994 2965">
     <span class='ocr_line' id='line_1_43' title="bbox 403 2891 1994 2965; baseline 0.001 -18"><span class='ocrx_word' id='word_1_316' title='bbox 403 2894 634 2949; x_wconf 85' lang='lat' dir='ltr'><strong>victoria</strong></span> <span class='ocrx_word' id='word_1_317' title='bbox 657 2891 1025 2949; x_wconf 82' lang='lat' dir='ltr'><strong>fraudabitur.</strong></span> <span class='ocrx_word' id='word_1_318' title='bbox 1061 2892 1129 2947; x_wconf 87' lang='lat' dir='ltr'><strong>Et</strong></span> <span class='ocrx_word' id='word_1_319' title='bbox 1155 2894 1246 2949; x_wconf 90' lang='lat' dir='ltr'><strong>cui</strong></span> <span class='ocrx_word' id='word_1_320' title='bbox 1272 2901 1334 2949; x_wconf 90' lang='lat' dir='ltr'><strong>ut</strong></span> <span class='ocrx_word' id='word_1_321' title='bbox 1363 2893 1658 2965; x_wconf 88' lang='lat' dir='ltr'><strong>sagittandi</strong></span> <span class='ocrx_word' id='word_1_322' title='bbox 1678 2894 1858 2949; x_wconf 86' lang='lat' dir='ltr'><strong>valeat</strong></span> <span class='ocrx_word' id='word_1_323' title='bbox 1877 2901 1994 2949; x_wconf 89' lang='lat' dir='ltr'><strong>arte</strong></span> 
     </span>
    </p>
   </div>
   <div class='ocr_carea' id='block_1_44' title="bbox 405 2981 1993 3055">
    <p class='ocr_par' dir='ltr' id='par_1_44' title="bbox 405 2981 1993 3055">
     <span class='ocr_line' id='line_1_44' title="bbox 405 2981 1993 3055; baseline 0.002 -18"><span class='ocrx_word' id='word_1_324' title='bbox 405 2981 591 3038; x_wconf 68' lang='lat' dir='ltr'><strong>Parcae</strong></span> <span class='ocrx_word' id='word_1_325' title='bbox 613 2982 993 3049; x_wconf 86' lang='lat' dir='ltr'><strong>decreverint,</strong></span> <span class='ocrx_word' id='word_1_326' title='bbox 1035 2985 1125 3039; x_wconf 91' lang='lat' dir='ltr'><strong>hic</strong></span> <span class='ocrx_word' id='word_1_327' title='bbox 1167 2985 1251 3039; x_wconf 86' lang='lat' dir='ltr'><strong>vel</strong></span> <span class='ocrx_word' id='word_1_328' title='bbox 1276 2993 1469 3054; x_wconf 89' lang='lat' dir='ltr'><strong>captus</strong></span> <span class='ocrx_word' id='word_1_329' title='bbox 1506 2984 1685 3039; x_wconf 87' lang='lat' dir='ltr'><strong>oculis</strong></span> <span class='ocrx_word' id='word_1_330' title='bbox 1729 2985 1927 3055; x_wconf 82' lang='lat' dir='ltr'><strong>sagitta</strong></span> <span class='ocrx_word' id='word_1_331' title='bbox 1960 2999 1993 3040; x_wconf 87' lang='lat' dir='ltr'><strong>a</strong></span> 
     </span>
    </p>
   </div>
   <div class='ocr_carea' id='block_1_45' title="bbox 2600 1698 3167 1755">
    <p class='ocr_par' dir='ltr' id='par_1_45' title="bbox 2600 1698 3167 1755">
     <span class='ocr_line' id='line_1_45' title="bbox 2600 1698 3167 1755; baseline -0.005 0"><span class='ocrx_word' id='word_1_332' title='bbox 2600 1699 3000 1755; x_wconf 81' lang='grc' dir='ltr'><strong>ΚΕΦΑΛᾹῙΟΝ</strong></span> <span class='ocrx_word' id='word_1_333' title='bbox 3037 1698 3167 1752; x_wconf 71' lang='grc' dir='ltr'><strong>ΜΓ.</strong></span> 
     </span>
    </p>
   </div>
   <div class='ocr_carea' id='block_1_46' title="bbox 2131 1787 3691 1863">
    <p class='ocr_par' dir='ltr' id='par_1_46' title="bbox 2131 1787 3691 1863">
     <span class='ocr_line' id='line_1_46' title="bbox 2131 1787 3691 1863; baseline -0.006 -15"><span class='ocrx_word' id='word_1_334' title='bbox 2131 1792 2337 1848; x_wconf 76' lang='grc' dir='ltr'>’Πάλιν</span> <span class='ocrx_word' id='word_1_335' title='bbox 2363 1792 2419 1846; x_wconf 80' lang='grc' dir='ltr'>δὲ</span> <span class='ocrx_word' id='word_1_336' title='bbox 2446 1793 2511 1863; x_wconf 78' lang='grc' dir='ltr'>τῇ</span> <span class='ocrx_word' id='word_1_337' title='bbox 2543 1793 2728 1863; x_wconf 77' lang='grc' dir='ltr'>γραφῇ</span> <span class='ocrx_word' id='word_1_338' title='bbox 2772 1790 2901 1862; x_wconf 76' lang='grc' dir='ltr'>περὶ</span> <span class='ocrx_word' id='word_1_339' title='bbox 2936 1789 3140 1862; x_wconf 85' lang='grc' dir='ltr'>μοιρῶν</span> <span class='ocrx_word' id='word_1_340' title='bbox 3173 1787 3356 1858; x_wconf 80' lang='grc' dir='ltr'>ἰσχύος</span> <span class='ocrx_word' id='word_1_341' title='bbox 3387 1788 3691 1860; x_wconf 78' lang='grc' dir='ltr'>φιλοσοφῆ-</span> 
     </span>
    </p>
   </div>
   <div class='ocr_carea' id='block_1_47' title="bbox 2095 1879 3693 1955">
    <p class='ocr_par' dir='ltr' id='par_1_47' title="bbox 2095 1879 3693 1955">
     <span class='ocr_line' id='line_1_47' title="bbox 2095 1879 3693 1955; baseline -0.004 -15"><span class='ocrx_word' id='word_1_342' title='bbox 2095 1904 2186 1940; x_wconf 86' lang='grc' dir='ltr'><strong>σαι</strong></span> <span class='ocrx_word' id='word_1_343' title='bbox 2220 1886 2384 1939; x_wconf 76' lang='grc' dir='ltr'>αὑτὸν</span> <span class='ocrx_word' id='word_1_344' title='bbox 2413 1886 2469 1938; x_wconf 82' lang='grc' dir='ltr'><strong>ἐν</strong></span> <span class='ocrx_word' id='word_1_345' title='bbox 2511 1883 2687 1955; x_wconf 79' lang='grc' dir='ltr'>Ἰωνία</span> <span class='ocrx_word' id='word_1_346' title='bbox 2716 1882 2871 1953; x_wconf 77' lang='grc' dir='ltr'>φησὶ,</span> <span class='ocrx_word' id='word_1_347' title='bbox 2893 1881 3212 1935; x_wconf 78' lang='grc' dir='ltr'>διδάσκοντα</span> <span class='ocrx_word' id='word_1_348' title='bbox 3239 1879 3412 1943; x_wconf 72' lang='grc' dir='ltr'>οὕτως</span> <span class='ocrx_word' id='word_1_349' title='bbox 3439 1882 3693 1953; x_wconf 76' lang='grc' dir='ltr'>ἄτρεπτα</span> 
     </span>
    </p>
   </div>
   <div class='ocr_carea' id='block_1_48' title="bbox 2093 1971 3692 2045">
    <p class='ocr_par' dir='ltr' id='par_1_48' title="bbox 2093 1971 3692 2045">
     <span class='ocr_line' id='line_1_48' title="bbox 2093 1971 3692 2045; baseline -0.003 -12"><span class='ocrx_word' id='word_1_350' title='bbox 2093 1975 2253 2043; x_wconf 80' lang='grc' dir='ltr'>εἶναι,</span> <span class='ocrx_word' id='word_1_351' title='bbox 2284 1978 2320 2033; x_wconf 78' lang='grc' dir='ltr'>ἃ</span> <span class='ocrx_word' id='word_1_352' title='bbox 2352 1977 2675 2039; x_wconf 83' lang='grc' dir='ltr'>κλώθουσιν,</span> <span class='ocrx_word' id='word_1_353' title='bbox 2700 1975 2796 2039; x_wconf 88' lang='grc' dir='ltr'>ὼς,</span> <span class='ocrx_word' id='word_1_354' title='bbox 2830 1977 2879 2028; x_wconf 78' lang='grc' dir='ltr'>εἰ</span> <span class='ocrx_word' id='word_1_355' title='bbox 2922 1975 3016 2027; x_wconf 71' lang='grc' dir='ltr'><strong>καὶ</strong></span> <span class='ocrx_word' id='word_1_356' title='bbox 3059 1973 3332 2045; x_wconf 78' lang='grc' dir='ltr'>βασιλείαν</span> <span class='ocrx_word' id='word_1_357' title='bbox 3368 1971 3549 2044; x_wconf 86' lang='grc' dir='ltr'>τούτῳ</span> <span class='ocrx_word' id='word_1_358' title='bbox 3575 1973 3692 2043; x_wconf 86' lang='grc'>(96)</span> 
     </span>
    </p>
   </div>
   <div class='ocr_carea' id='block_1_49' title="bbox 2091 2064 3695 2143">
    <p class='ocr_par' dir='ltr' id='par_1_49' title="bbox 2091 2064 3695 2143">
     <span class='ocr_line' id='line_1_49' title="bbox 2091 2064 3695 2143; baseline -0.002 -21"><span class='ocrx_word' id='word_1_359' title='bbox 2091 2070 2444 2143; x_wconf 79' lang='grc' dir='ltr'>ψηφίσαιντο,</span> <span class='ocrx_word' id='word_1_360' title='bbox 2476 2070 2647 2141; x_wconf 83' lang='grc' dir='ltr'>ἐτὲρῳ</span> <span class='ocrx_word' id='word_1_361' title='bbox 2674 2067 2774 2138; x_wconf 74' lang='grc' dir='ltr'><strong>ἤδη</strong></span> <span class='ocrx_word' id='word_1_362' title='bbox 2817 2066 3304 2138; x_wconf 76' lang='grc' dir='ltr'>ὑπάρχουσαν,ούκ</span> <span class='ocrx_word' id='word_1_363' title='bbox 3337 2064 3404 2119; x_wconf 80' lang='grc' dir='ltr'>ἂν</span> <span class='ocrx_word' id='word_1_364' title='bbox 3430 2066 3695 2119; x_wconf 68' lang='grc' dir='ltr'>ἀποκτεῑο</span> 
     </span>
    </p>
   </div>
   <div class='ocr_carea' id='block_1_50' title="bbox 2092 2158 3695 2231">
    <p class='ocr_par' dir='ltr' id='par_1_50' title="bbox 2092 2158 3695 2231">
     <span class='ocr_line' id='line_1_50' title="bbox 2092 2158 3695 2231; baseline -0.004 -12"><span class='ocrx_word' id='word_1_365' title='bbox 2092 2166 2203 2219; x_wconf 81' lang='grc' dir='ltr'>νειὲ</span> <span class='ocrx_word' id='word_1_366' title='bbox 2232 2182 2317 2229; x_wconf 91' lang='grc' dir='ltr'><strong>τις</strong></span> <span class='ocrx_word' id='word_1_367' title='bbox 2341 2162 2550 2225; x_wconf 77' lang='grc' dir='ltr'>τοῦτον,</span> <span class='ocrx_word' id='word_1_368' title='bbox 2582 2162 2659 2225; x_wconf 87' lang='grc' dir='ltr'>ὡς</span> <span class='ocrx_word' id='word_1_369' title='bbox 2693 2159 2767 2231; x_wconf 87' lang='grc' dir='ltr'>μὴ</span> <span class='ocrx_word' id='word_1_370' title='bbox 2796 2159 3121 2229; x_wconf 74' lang='grc' dir='ltr'>ἀφαιρεθείη</span> <span class='ocrx_word' id='word_1_371' title='bbox 3151 2158 3280 2213; x_wconf 85' lang='grc' dir='ltr'><strong>ποτέ</strong></span> <span class='ocrx_word' id='word_1_372' title='bbox 3308 2159 3400 2212; x_wconf 74' lang='grc' dir='ltr'><strong>ὑπ’</strong></span> <span class='ocrx_word' id='word_1_373' title='bbox 3435 2158 3695 2213; x_wconf 61' lang='grc' dir='ltr'>αὐτοῦτὸ</span> 
     </span>
    </p>
   </div>
   <div class='ocr_carea' id='block_1_51' title="bbox 2093 2248 3695 2329">
    <p class='ocr_par' dir='ltr' id='par_1_51' title="bbox 2093 2248 3695 2329">
     <span class='ocr_line' id='line_1_51' title="bbox 2093 2248 3695 2329; baseline -0.004 -18"><span class='ocrx_word' id='word_1_374' title='bbox 2093 2256 2282 2329; x_wconf 82' lang='grc' dir='ltr'>ἄρχειν</span> <span class='ocrx_word' id='word_1_375' title='bbox 2302 2271 2317 2289; x_wconf 73' lang='grc' dir='ltr'><strong>ο</strong></span> <span class='ocrx_word' id='word_1_376' title='bbox 2349 2252 2487 2308; x_wconf 83' lang='grc' dir='ltr'>ἀλλὰ</span> <span class='ocrx_word' id='word_1_377' title='bbox 2518 2253 2613 2308; x_wconf 76' lang='grc' dir='ltr'>καὶ</span> <span class='ocrx_word' id='word_1_378' title='bbox 2647 2250 2944 2306; x_wconf 78' lang='grc' dir='ltr'>ἀναϐιῶναι</span> <span class='ocrx_word' id='word_1_379' title='bbox 2973 2248 3261 2305; x_wconf 85' lang='grc' dir='ltr'>ἀποθανὼν</span> <span class='ocrx_word' id='word_1_380' title='bbox 3292 2250 3437 2322; x_wconf 82' lang='grc' dir='ltr'>ὑπὲρ</span> <span class='ocrx_word' id='word_1_381' title='bbox 3457 2250 3572 2303; x_wconf 88' lang='grc' dir='ltr'><strong>τῶν</strong></span> <span class='ocrx_word' id='word_1_382' title='bbox 3609 2250 3695 2304; x_wconf 81' lang='grc' dir='ltr'>δο-</span> 
     </span>
    </p>
   </div>
   <div class='ocr_carea' id='block_1_52' title="bbox 2095 2342 3693 2417">
    <p class='ocr_par' dir='ltr' id='par_1_52' title="bbox 2095 2342 3693 2417">
     <span class='ocr_line' id='line_1_52' title="bbox 2095 2342 3693 2417; baseline -0.005 -12"><span class='ocrx_word' id='word_1_383' title='bbox 2095 2348 2303 2414; x_wconf 76' lang='grc' dir='ltr'>ξάντων</span> <span class='ocrx_word' id='word_1_384' title='bbox 2349 2349 2472 2410; x_wconf 84' lang='grc' dir='ltr'>ταῖς</span> <span class='ocrx_word' id='word_1_385' title='bbox 2530 2344 2767 2417; x_wconf 85' lang='grc' dir='ltr'>μοίραις.</span> <span class='ocrx_word' id='word_1_386' title='bbox 2822 2344 2933 2397; x_wconf 78' lang='grc' dir='ltr'><strong>Καὶ</strong></span> <span class='ocrx_word' id='word_1_387' title='bbox 2974 2342 3185 2406; x_wconf 76' lang='grc' dir='ltr'>τούτοις</span> <span class='ocrx_word' id='word_1_388' title='bbox 3215 2342 3461 2411; x_wconf 77' lang='grc' dir='ltr'>ἐπιλέγει</span> <span class='ocrx_word' id='word_1_389' title='bbox 3499 2344 3693 2409; x_wconf 76' lang='grc' dir='ltr'>αὐταῖς</span> 
     </span>
    </p>
   </div>
   <div class='ocr_carea' id='block_1_53' title="bbox 2095 2433 3693 2507">
    <p class='ocr_par' dir='ltr' id='par_1_53' title="bbox 2095 2433 3693 2507">
     <span class='ocr_line' id='line_1_53' title="bbox 2095 2433 3693 2507; baseline -0.004 -13"><span class='ocrx_word' id='word_1_390' title='bbox 2095 2438 2415 2503; x_wconf 77' lang='grc' dir='ltr'><strong>συλλαϐαῖς⁸</strong></span> <span class='ocrx_word' id='word_1_391' title='bbox 2472 2456 2491 2488; x_wconf 86' lang='grc'><strong><em>‹</em></strong></span> <span class='ocrx_word' id='word_1_392' title='bbox 2518 2438 2668 2507; x_wconf 86' lang='grc' dir='ltr'><strong>Ὅτῳ</strong></span> <span class='ocrx_word' id='word_1_393' title='bbox 2712 2434 3000 2506; x_wconf 82' lang='grc' dir='ltr'>πέπρωται</span> <span class='ocrx_word' id='word_1_394' title='bbox 3040 2433 3294 2503; x_wconf 79' lang='grc' dir='ltr'>γενέσθαι</span> <span class='ocrx_word' id='word_1_395' title='bbox 3346 2435 3693 2506; x_wconf 82' lang='grc' dir='ltr'>τεκτονικῷ,</span> 
     </span>
    </p>
   </div>
   <div class='ocr_carea' id='block_1_54' title="bbox 2092 2525 3695 2599">
    <p class='ocr_par' dir='ltr' id='par_1_54' title="bbox 2092 2525 3695 2599">
     <span class='ocr_line' id='line_1_54' title="bbox 2092 2525 3695 2599; baseline -0.004 -12"><span class='ocrx_word' id='word_1_396' title='bbox 2092 2525 2249 2597; x_wconf 70' lang='grc' dir='ltr'>οὗτος</span> <span class='ocrx_word' id='word_1_397' title='bbox 2292 2530 2397 2585; x_wconf 81' lang='grc' dir='ltr'>κᾶν</span> <span class='ocrx_word' id='word_1_398' title='bbox 2446 2530 2698 2599; x_wconf 83' lang='grc' dir='ltr'>ἀποκοπῇ</span> <span class='ocrx_word' id='word_1_399' title='bbox 2729 2526 2806 2581; x_wconf 86' lang='grc' dir='ltr'>τὼ</span> <span class='ocrx_word' id='word_1_400' title='bbox 2835 2529 3005 2599; x_wconf 84' lang='grc' dir='ltr'>χεῖρε,</span> <span class='ocrx_word' id='word_1_401' title='bbox 3029 2528 3342 2590; x_wconf 73' lang='grc' dir='ltr'>τεκτονικὸς</span> <span class='ocrx_word' id='word_1_402' title='bbox 3368 2526 3548 2581; x_wconf 82' lang='grc' dir='ltr'>ἔσται.</span> <span class='ocrx_word' id='word_1_403' title='bbox 3586 2528 3695 2580; x_wconf 82' lang='grc' dir='ltr'><strong>Καὶ</strong></span> 
     </span>
    </p>
   </div>
   <div class='ocr_carea' id='block_1_55' title="bbox 2095 2613 3691 2695">
    <p class='ocr_par' dir='ltr' id='par_1_55' title="bbox 2095 2613 3691 2695">
     <span class='ocr_line' id='line_1_55' title="bbox 2095 2613 3691 2695; baseline -0.003 -18"><span class='ocrx_word' id='word_1_404' title='bbox 2095 2625 2201 2695; x_wconf 73' lang='grc' dir='ltr'>’ίτῳ</span> <span class='ocrx_word' id='word_1_405' title='bbox 2241 2623 2399 2694; x_wconf 81' lang='grc' dir='ltr'>νίκην</span> <span class='ocrx_word' id='word_1_406' title='bbox 2451 2624 2509 2673; x_wconf 81' lang='grc' dir='ltr'><strong>ἐν</strong></span> <span class='ocrx_word' id='word_1_407' title='bbox 2548 2619 2823 2691; x_wconf 76' lang='grc' dir='ltr'>Ὀλυμπίᾳ</span> <span class='ocrx_word' id='word_1_408' title='bbox 2866 2619 3069 2691; x_wconf 83' lang='grc' dir='ltr'>δρόμου</span> <span class='ocrx_word' id='word_1_409' title='bbox 3121 2618 3378 2691; x_wconf 76' lang='grc' dir='ltr'>ἄρασθαι,</span> <span class='ocrx_word' id='word_1_410' title='bbox 3412 2613 3577 2684; x_wconf 71' lang='grc' dir='ltr'>οὗτος</span> <span class='ocrx_word' id='word_1_411' title='bbox 3624 2619 3691 2683; x_wconf 80' lang='grc' dir='ltr'><strong>δ’,</strong></span> 
     </span>
    </p>
   </div>
   <div class='ocr_carea' id='block_1_56' title="bbox 2093 2710 3690 2787">
    <p class='ocr_par' dir='ltr' id='par_1_56' title="bbox 2093 2710 3690 2787">
     <span class='ocr_line' id='line_1_56' title="bbox 2093 2710 3690 2787; baseline -0.004 -18"><span class='ocrx_word' id='word_1_412' title='bbox 2093 2716 2201 2770; x_wconf 75' lang='grc' dir='ltr'>οὐδ’</span> <span class='ocrx_word' id='word_1_413' title='bbox 2228 2717 2276 2768; x_wconf 74' lang='grc' dir='ltr'>εἰ</span> <span class='ocrx_word' id='word_1_414' title='bbox 2317 2733 2392 2787; x_wconf 75' lang='grc' dir='ltr'>πη</span> <span class='ocrx_word' id='word_1_415' title='bbox 2404 2713 2601 2787; x_wconf 79' lang='grc' dir='ltr'>ρωθείη</span> <span class='ocrx_word' id='word_1_416' title='bbox 2632 2713 2692 2766; x_wconf 85' lang='grc' dir='ltr'>τὸ</span> <span class='ocrx_word' id='word_1_417' title='bbox 2722 2710 2932 2773; x_wconf 79' lang='grc' dir='ltr'>σκέλος,</span> <span class='ocrx_word' id='word_1_418' title='bbox 2962 2712 3340 2783; x_wconf 87' lang='grc' dir='ltr'>ἁμαρτήσεται</span> <span class='ocrx_word' id='word_1_419' title='bbox 3371 2711 3475 2781; x_wconf 72' lang='grc' dir='ltr'>τῆς</span> <span class='ocrx_word' id='word_1_420' title='bbox 3509 2712 3690 2782; x_wconf 70' lang='grc' dir='ltr'>νίκης.</span> 
     </span>
    </p>
   </div>
   <div class='ocr_carea' id='block_1_57' title="bbox 2094 2799 3691 2880">
    <p class='ocr_par' dir='ltr' id='par_1_57' title="bbox 2094 2799 3691 2880">
     <span class='ocr_line' id='line_1_57' title="bbox 2094 2799 3691 2880; baseline -0.006 -16"><span class='ocrx_word' id='word_1_421' title='bbox 2094 2810 2206 2865; x_wconf 70' lang='grc' dir='ltr'><strong>Καὶ</strong></span> <span class='ocrx_word' id='word_1_422' title='bbox 2253 2811 2361 2880; x_wconf 84' lang='grc' dir='ltr'>ὅτῳ</span> <span class='ocrx_word' id='word_1_423' title='bbox 2404 2808 2629 2861; x_wconf 82' lang='grc' dir='ltr'>ἕνευσαν</span> <span class='ocrx_word' id='word_1_424' title='bbox 2660 2808 2846 2877; x_wconf 85' lang='grc' dir='ltr'>μοῖραι</span> <span class='ocrx_word' id='word_1_425' title='bbox 2871 2804 2933 2858; x_wconf 84' lang='grc' dir='ltr'><strong>τὸ</strong></span> <span class='ocrx_word' id='word_1_426' title='bbox 2955 2805 3012 2857; x_wconf 78' lang='grc' dir='ltr'><strong>ἐν</strong></span> <span class='ocrx_word' id='word_1_427' title='bbox 3035 2803 3222 2874; x_wconf 78' lang='grc' dir='ltr'>τοξικῇ</span> <span class='ocrx_word' id='word_1_428' title='bbox 3256 2803 3483 2874; x_wconf 74' lang='grc' dir='ltr'>κράτος,</span> <span class='ocrx_word' id='word_1_429' title='bbox 3513 2799 3691 2867; x_wconf 76' lang='grc' dir='ltr'>οὗτος,</span> 
     </span>
    </p>
   </div>
   <div class='ocr_carea' id='block_1_58' title="bbox 2092 2895 3693 2970">
    <p class='ocr_par' dir='ltr' id='par_1_58' title="bbox 2092 2895 3693 2970">
     <span class='ocr_line' id='line_1_58' title="bbox 2092 2895 3693 2970; baseline -0.005 -13"><span class='ocrx_word' id='word_1_430' title='bbox 2092 2903 2202 2957; x_wconf 76' lang='grc' dir='ltr'>οὐδ’</span> <span class='ocrx_word' id='word_1_431' title='bbox 2231 2902 2279 2955; x_wconf 79' lang='grc' dir='ltr'>εἰ</span> <span class='ocrx_word' id='word_1_432' title='bbox 2312 2900 2574 2955; x_wconf 79' lang='grc' dir='ltr'>ἀποϐάλοι</span> <span class='ocrx_word' id='word_1_433' title='bbox 2608 2899 2719 2970; x_wconf 86' lang='grc'>(97)</span> <span class='ocrx_word' id='word_1_434' title='bbox 2751 2901 2850 2961; x_wconf 67' lang='grc' dir='ltr'><strong>τὰς</strong></span> <span class='ocrx_word' id='word_1_435' title='bbox 2872 2896 3043 2966; x_wconf 67' lang='grc' dir='ltr'>ὄψεις,</span> <span class='ocrx_word' id='word_1_436' title='bbox 3072 2898 3388 2949; x_wconf 82' lang='grc' dir='ltr'>ἐκπεσεῖται</span> <span class='ocrx_word' id='word_1_437' title='bbox 3414 2895 3515 2948; x_wconf 80' lang='grc' dir='ltr'>τοῦ</span> <span class='ocrx_word' id='word_1_438' title='bbox 3564 2912 3693 2949; x_wconf 80' lang='grc' dir='ltr'>σκο-</span> 
     </span>
    </p>
   </div>
   <div class='ocr_carea' id='block_1_59' title="bbox 2094 2974 3696 3065">
    <p class='ocr_par' dir='ltr' id='par_1_59' title="bbox 2094 2974 3696 3065">
     <span class='ocr_line' id='line_1_59' title="bbox 2094 2974 3696 3065; baseline -0.006 -15"><span class='ocrx_word' id='word_1_439' title='bbox 2094 2994 2197 3049; x_wconf 74' lang='grc' dir='ltr'><strong>ποῦ</strong></span> <span class='ocrx_word' id='word_1_440' title='bbox 2229 2993 2361 3065; x_wconf 84' lang='lat'>(98).</span> <span class='ocrx_word' id='word_1_441' title='bbox 2396 3013 2414 3044; x_wconf 76' lang='grc' dir='ltr'><strong>ι</strong></span> <span class='ocrx_word' id='word_1_442' title='bbox 2449 2992 2689 3056; x_wconf 86' lang='grc' dir='ltr'>Τούτοις,</span> <span class='ocrx_word' id='word_1_443' title='bbox 2715 2990 2806 3043; x_wconf 79' lang='grc' dir='ltr'>τὸν</span> <span class='ocrx_word' id='word_1_444' title='bbox 2850 2989 3084 3060; x_wconf 84' lang='grc' dir='ltr'>ἄρχοντα</span> <span class='ocrx_word' id='word_1_445' title='bbox 3124 2974 3457 3051; x_wconf 81' lang='grc' dir='ltr'>κολακεύων,</span> <span class='ocrx_word' id='word_1_446' title='bbox 3502 2989 3696 3056; x_wconf 70' lang='grc' dir='ltr'>ἐπιφέ-</span> 
     </span>
    </p>
   </div>
   <div class='ocr_carea' id='block_1_60' title="bbox 406 3073 1994 3158">
    <p class='ocr_par' dir='ltr' id='par_1_60' title="bbox 406 3073 1991 3148">
     <span class='ocr_line' id='line_1_60' title="bbox 406 3073 1991 3148; baseline 0 -18"><span class='ocrx_word' id='word_1_447' title='bbox 406 3089 576 3146; x_wconf 80' lang='lat' dir='ltr'><strong>scopo</strong></span> <span class='ocrx_word' id='word_1_448' title='bbox 605 3089 718 3129; x_wconf 92' lang='lat' dir='ltr'><strong>non</strong></span> <span class='ocrx_word' id='word_1_449' title='bbox 755 3075 1052 3129; x_wconf 88' lang='lat' dir='ltr'><strong>aberrabit.</strong></span> <span class='ocrx_word' id='word_1_450' title='bbox 1084 3094 1102 3127; x_wconf 77' lang='grc' dir='ltr'><strong>ι</strong></span> <span class='ocrx_word' id='word_1_451' title='bbox 1144 3073 1240 3129; x_wconf 86' lang='lat' dir='ltr'><strong>His</strong></span> <span class='ocrx_word' id='word_1_452' title='bbox 1269 3090 1424 3140; x_wconf 88' lang='lat' dir='ltr'><strong>vero,</strong></span> <span class='ocrx_word' id='word_1_453' title='bbox 1459 3075 1782 3133; x_wconf 85' lang='lat' dir='ltr'><strong>adulaturus</strong></span> <span class='ocrx_word' id='word_1_454' title='bbox 1816 3076 1991 3148; x_wconf 88' lang='lat' dir='ltr'><strong>impe-</strong></span> 
     </span>
    </p>
   </div>
   <div class='ocr_carea' id='block_1_61' title="bbox 2109 3073 3696 3158">
    <p class='ocr_par' dir='ltr' id='par_1_61' title="bbox 2109 3078 3696 3156">
     <span class='ocr_line' id='line_1_61' title="bbox 2109 3078 3696 3156; baseline -0.004 -18"><span class='ocrx_word' id='word_1_455' title='bbox 2109 3103 2182 3156; x_wconf 79' lang='grc' dir='ltr'><strong>οει</strong></span> <span class='ocrx_word' id='word_1_456' title='bbox 2227 3085 2433 3153; x_wconf 79' lang='grc' dir='ltr'>λέγων’</span> <span class='ocrx_word' id='word_1_457' title='bbox 2477 3103 2495 3134; x_wconf 86' lang='grc'><strong>‹</strong></span> <span class='ocrx_word' id='word_1_458' title='bbox 2529 3082 2611 3136; x_wconf 81' lang='grc' dir='ltr'><strong>Τὰ</strong></span> <span class='ocrx_word' id='word_1_459' title='bbox 2651 3080 2708 3135; x_wconf 81' lang='grc' dir='ltr'>δὲ</span> <span class='ocrx_word' id='word_1_460' title='bbox 2753 3080 2862 3135; x_wconf 89' lang='grc' dir='ltr'><strong>τῶν</strong></span> <span class='ocrx_word' id='word_1_461' title='bbox 2898 3078 3162 3149; x_wconf 80' lang='grc' dir='ltr'>βασιλέων</span> <span class='ocrx_word' id='word_1_462' title='bbox 3215 3079 3421 3147; x_wconf 78' lang='grc' dir='ltr'>ἔλεγον,</span> <span class='ocrx_word' id='word_1_463' title='bbox 3460 3080 3522 3142; x_wconf 81' lang='grc' dir='ltr'><strong>ἐς</strong></span> <span class='ocrx_word' id='word_1_464' title='bbox 3568 3080 3696 3142; x_wconf 67' lang='grc' dir='ltr'>τοὺς</span> 
     </span>
    </p>
   </div>
   <div class='ocr_carea' id='block_1_62' title="bbox 407 3165 1993 3240">
    <p class='ocr_par' dir='ltr' id='par_1_62' title="bbox 407 3165 1993 3240">
     <span class='ocr_line' id='line_1_62' title="bbox 407 3165 1993 3240; baseline 0.002 -20"><span class='ocrx_word' id='word_1_465' title='bbox 407 3166 600 3230; x_wconf 84' lang='lat' dir='ltr'><strong>ratori,</strong></span> <span class='ocrx_word' id='word_1_466' title='bbox 635 3166 913 3221; x_wconf 89' lang='lat' dir='ltr'><strong>subnectit</strong></span> <span class='ocrx_word' id='word_1_467' title='bbox 938 3173 994 3221; x_wconf 91' lang='lat' dir='ltr'><strong>et</strong></span> <span class='ocrx_word' id='word_1_468' title='bbox 1024 3166 1172 3221; x_wconf 83' lang='lat' dir='ltr'><strong>ista:</strong></span> <span class='ocrx_word' id='word_1_469' title='bbox 1211 3185 1230 3217; x_wconf 80' lang='grc' dir='ltr'><strong>ι</strong></span> <span class='ocrx_word' id='word_1_470' title='bbox 1274 3165 1484 3238; x_wconf 81' lang='lat' dir='ltr'><strong>Regum</strong></span> <span class='ocrx_word' id='word_1_471' title='bbox 1511 3175 1698 3222; x_wconf 89' lang='lat' dir='ltr'><strong>autem</strong></span> <span class='ocrx_word' id='word_1_472' title='bbox 1741 3170 1993 3240; x_wconf 80' lang='lat' dir='ltr'><strong>exemplo</strong></span> 
     </span>
    </p>
   </div>
   <div class='ocr_carea' id='block_1_63' title="bbox 406 3256 1996 3331">
    <p class='ocr_par' dir='ltr' id='par_1_63' title="bbox 406 3256 1996 3331">
     <span class='ocr_line' id='line_1_63' title="bbox 406 3256 1996 3331; baseline 0.001 -18"><span class='ocrx_word' id='word_1_473' title='bbox 406 3272 543 3314; x_wconf 84' lang='lat' dir='ltr'><strong>usus</strong></span> <span class='ocrx_word' id='word_1_474' title='bbox 567 3272 711 3324; x_wconf 90' lang='lat' dir='ltr'><strong>sum,</strong></span> <span class='ocrx_word' id='word_1_475' title='bbox 741 3256 811 3311; x_wconf 90' lang='lat' dir='ltr'><strong>ad</strong></span> <span class='ocrx_word' id='word_1_476' title='bbox 842 3256 1091 3313; x_wconf 83' lang='lat' dir='ltr'><strong>Acrisios</strong></span> <span class='ocrx_word' id='word_1_477' title='bbox 1137 3259 1441 3329; x_wconf 89' lang='lat' dir='ltr'><strong>respiciens</strong></span> <span class='ocrx_word' id='word_1_478' title='bbox 1466 3269 1522 3316; x_wconf 92' lang='lat' dir='ltr'><strong>et</strong></span> <span class='ocrx_word' id='word_1_479' title='bbox 1558 3259 1720 3315; x_wconf 89' lang='lat' dir='ltr'><strong>Laios</strong></span> <span class='ocrx_word' id='word_1_480' title='bbox 1741 3300 1756 3325; x_wconf 89' lang='lat'><strong>,</strong></span> <span class='ocrx_word' id='word_1_481' title='bbox 1794 3259 1996 3331; x_wconf 80' lang='lat' dir='ltr'><strong>Astya-</strong></span> 
     </span>
    </p>
   </div>
   <div class='ocr_carea' id='block_1_64' title="bbox 408 3347 1994 3421">
    <p class='ocr_par' dir='ltr' id='par_1_64' title="bbox 408 3347 1994 3421">
     <span class='ocr_line' id='line_1_64' title="bbox 408 3347 1994 3421; baseline 0.003 -18"><span class='ocrx_word' id='word_1_482' title='bbox 408 3364 638 3420; x_wconf 91' lang='lat' dir='ltr'><strong>gemque</strong></span> <span class='ocrx_word' id='word_1_483' title='bbox 666 3347 902 3413; x_wconf 76' lang='lat' dir='ltr'><strong>Medum,</strong></span> <span class='ocrx_word' id='word_1_484' title='bbox 930 3356 984 3403; x_wconf 88' lang='lat' dir='ltr'><strong>et</strong></span> <span class='ocrx_word' id='word_1_485' title='bbox 1009 3351 1319 3419; x_wconf 87' lang='lat' dir='ltr'><strong>complures</strong></span> <span class='ocrx_word' id='word_1_486' title='bbox 1335 3352 1497 3412; x_wconf 88' lang='lat' dir='ltr'><strong>alios,</strong></span> <span class='ocrx_word' id='word_1_487' title='bbox 1516 3352 1610 3421; x_wconf 90' lang='lat' dir='ltr'><strong>qui</strong></span> <span class='ocrx_word' id='word_1_488' title='bbox 1638 3352 1776 3407; x_wconf 89' lang='lat' dir='ltr'><strong>bene</strong></span> <span class='ocrx_word' id='word_1_489' title='bbox 1803 3352 1906 3408; x_wconf 88' lang='lat' dir='ltr'><strong>sibi</strong></span> <span class='ocrx_word' id='word_1_490' title='bbox 1938 3352 1994 3407; x_wconf 87' lang='lat' dir='ltr'><strong>in</strong></span> 
     </span>
    </p>
   </div>
   <div class='ocr_carea' id='block_1_65' title="bbox 408 3439 1993 3510">
    <p class='ocr_par' dir='ltr' id='par_1_65' title="bbox 408 3439 1993 3510">
     <span class='ocr_line' id='line_1_65' title="bbox 408 3439 1993 3510; baseline 0.001 -15"><span class='ocrx_word' id='word_1_491' title='bbox 408 3439 727 3510; x_wconf 87' lang='lat' dir='ltr'><strong>bujusmodi</strong></span> <span class='ocrx_word' id='word_1_492' title='bbox 757 3440 923 3495; x_wconf 91' lang='lat' dir='ltr'><strong>rebus</strong></span> <span class='ocrx_word' id='word_1_493' title='bbox 947 3442 1292 3497; x_wconf 88' lang='lat' dir='ltr'><strong>consuluisse</strong></span> <span class='ocrx_word' id='word_1_494' title='bbox 1321 3441 1427 3498; x_wconf 89' lang='lat' dir='ltr'><strong>sibi</strong></span> <span class='ocrx_word' id='word_1_495' title='bbox 1455 3443 1805 3498; x_wconf 86' lang='lat' dir='ltr'><strong>videbantur.</strong></span> <span class='ocrx_word' id='word_1_496' title='bbox 1839 3443 1993 3509; x_wconf 82' lang='lat' dir='ltr'><strong>Quo-</strong></span> 
     </span>
    </p>
   </div>
   <div class='ocr_carea' id='block_1_66' title="bbox 407 3531 1994 3602">
    <p class='ocr_par' dir='ltr' id='par_1_66' title="bbox 407 3531 1994 3602">
     <span class='ocr_line' id='line_1_66' title="bbox 407 3531 1994 3602; baseline 0 -13"><span class='ocrx_word' id='word_1_497' title='bbox 407 3548 533 3589; x_wconf 87' lang='lat' dir='ltr'><strong>rum</strong></span> <span class='ocrx_word' id='word_1_498' title='bbox 561 3533 653 3587; x_wconf 89' lang='lat' dir='ltr'><strong>alii</strong></span> <span class='ocrx_word' id='word_1_499' title='bbox 689 3531 855 3597; x_wconf 82' lang='lat' dir='ltr'><strong>ﬁlios,</strong></span> <span class='ocrx_word' id='word_1_500' title='bbox 890 3540 1119 3602; x_wconf 87' lang='lat' dir='ltr'><strong>nepotes</strong></span> <span class='ocrx_word' id='word_1_501' title='bbox 1148 3533 1241 3587; x_wconf 90' lang='lat' dir='ltr'><strong>alii</strong></span> <span class='ocrx_word' id='word_1_502' title='bbox 1283 3548 1315 3588; x_wconf 93' lang='lat' dir='ltr'><strong>e</strong></span> <span class='ocrx_word' id='word_1_503' title='bbox 1357 3533 1539 3589; x_wconf 85' lang='lat' dir='ltr'><strong>medio</strong></span> <span class='ocrx_word' id='word_1_504' title='bbox 1578 3535 1829 3590; x_wconf 89' lang='lat' dir='ltr'><strong>sublatos</strong></span> <span class='ocrx_word' id='word_1_505' title='bbox 1869 3550 1994 3589; x_wconf 90' lang='lat' dir='ltr'><strong>esse</strong></span> 
     </span>
    </p>
   </div>
   <div class='ocr_carea' id='block_1_67' title="bbox 408 3623 1995 3697">
    <p class='ocr_par' dir='ltr' id='par_1_67' title="bbox 408 3623 1995 3697">
     <span class='ocr_line' id='line_1_67' title="bbox 408 3623 1995 3697; baseline 0.003 -19"><span class='ocrx_word' id='word_1_506' title='bbox 408 3632 688 3695; x_wconf 87' lang='lat' dir='ltr'><strong>putantes,</strong></span> <span class='ocrx_word' id='word_1_507' title='bbox 717 3623 788 3681; x_wconf 88' lang='lat' dir='ltr'><strong>ab</strong></span> <span class='ocrx_word' id='word_1_508' title='bbox 827 3624 1021 3680; x_wconf 88' lang='lat' dir='ltr'><strong>iisdem</strong></span> <span class='ocrx_word' id='word_1_509' title='bbox 1066 3624 1177 3680; x_wconf 86' lang='lat' dir='ltr'><strong>illis</strong></span> <span class='ocrx_word' id='word_1_510' title='bbox 1204 3624 1423 3694; x_wconf 91' lang='lat' dir='ltr'><strong>spoliati</strong></span> <span class='ocrx_word' id='word_1_511' title='bbox 1453 3634 1583 3682; x_wconf 88' lang='lat' dir='ltr'><strong>sunt</strong></span> <span class='ocrx_word' id='word_1_512' title='bbox 1622 3628 1875 3697; x_wconf 87' lang='lat' dir='ltr'><strong>imperio,</strong></span> <span class='ocrx_word' id='word_1_513' title='bbox 1906 3643 1995 3682; x_wconf 89' lang='lat' dir='ltr'><strong>re-</strong></span> 
     </span>
    </p>
   </div>
   <div class='ocr_carea' id='block_1_68' title="bbox 408 3715 1995 3788">
    <p class='ocr_par' dir='ltr' id='par_1_68' title="bbox 408 3715 1995 3788">
     <span class='ocr_line' id='line_1_68' title="bbox 408 3715 1995 3788; baseline 0.002 -18"><span class='ocrx_word' id='word_1_514' title='bbox 408 3716 807 3773; x_wconf 84' lang='lat' dir='ltr'><strong>viviscentibus</strong></span> <span class='ocrx_word' id='word_1_515' title='bbox 837 3716 1018 3787; x_wconf 88' lang='lat' dir='ltr'><strong>quasi,</strong></span> <span class='ocrx_word' id='word_1_516' title='bbox 1046 3722 1107 3770; x_wconf 90' lang='lat' dir='ltr'><strong>ut</strong></span> <span class='ocrx_word' id='word_1_517' title='bbox 1136 3715 1189 3770; x_wconf 90' lang='lat' dir='ltr'><strong>in</strong></span> <span class='ocrx_word' id='word_1_518' title='bbox 1213 3715 1365 3786; x_wconf 87' lang='lat' dir='ltr'><strong>ipsos</strong></span> <span class='ocrx_word' id='word_1_519' title='bbox 1403 3717 1699 3785; x_wconf 81' lang='lat' dir='ltr'><strong>insilirent,</strong></span> <span class='ocrx_word' id='word_1_520' title='bbox 1730 3719 1995 3788; x_wconf 76' lang='lat' dir='ltr'><strong>adjuvan-</strong></span> 
     </span>
    </p>
   </div>
   <div class='ocr_carea' id='block_1_69' title="bbox 411 3805 1996 3873">
    <p class='ocr_par' dir='ltr' id='par_1_69' title="bbox 411 3805 1996 3873">
     <span class='ocr_line' id='line_1_69' title="bbox 411 3805 1996 3873; baseline 0.002 -12"><span class='ocrx_word' id='word_1_521' title='bbox 411 3806 557 3862; x_wconf 90' lang='lat' dir='ltr'><strong>tibus</strong></span> <span class='ocrx_word' id='word_1_522' title='bbox 582 3805 730 3863; x_wconf 85' lang='lat' dir='ltr'><strong>fatis.</strong></span> <span class='ocrx_word' id='word_1_523' title='bbox 775 3805 933 3873; x_wconf 86' lang='lat' dir='ltr'><strong>Quod</strong></span> <span class='ocrx_word' id='word_1_524' title='bbox 968 3807 1017 3861; x_wconf 91' lang='lat' dir='ltr'><strong>si</strong></span> <span class='ocrx_word' id='word_1_525' title='bbox 1052 3805 1310 3861; x_wconf 89' lang='lat' dir='ltr'><strong>adulandi</strong></span> <span class='ocrx_word' id='word_1_526' title='bbox 1341 3807 1522 3862; x_wconf 86' lang='lat' dir='ltr'><strong>studio</strong></span> <span class='ocrx_word' id='word_1_527' title='bbox 1548 3815 1783 3872; x_wconf 89' lang='lat' dir='ltr'><strong>tenerer,</strong></span> <span class='ocrx_word' id='word_1_528' title='bbox 1808 3809 1996 3865; x_wconf 81' lang='lat' dir='ltr'><strong>dicere</strong></span> 
     </span>
    </p>
   </div>
   <div class='ocr_carea' id='block_1_70' title="bbox 413 3900 1990 3969">
    <p class='ocr_par' dir='ltr' id='par_1_70' title="bbox 413 3900 1990 3969">
     <span class='ocr_line' id='line_1_70' title="bbox 413 3900 1990 3969; baseline 0.001 -15"><span class='ocrx_word' id='word_1_529' title='bbox 413 3912 634 3969; x_wconf 89' lang='lat' dir='ltr'><strong>possem</strong></span> <span class='ocrx_word' id='word_1_530' title='bbox 655 3900 820 3955; x_wconf 89' lang='lat' dir='ltr'><strong>etiam</strong></span> <span class='ocrx_word' id='word_1_531' title='bbox 857 3908 980 3955; x_wconf 90' lang='lat' dir='ltr'><strong>tuas</strong></span> <span class='ocrx_word' id='word_1_532' title='bbox 1006 3900 1191 3956; x_wconf 90' lang='lat' dir='ltr'><strong>animo</strong></span> <span class='ocrx_word' id='word_1_533' title='bbox 1233 3914 1357 3955; x_wconf 90' lang='lat' dir='ltr'><strong>meo</strong></span> <span class='ocrx_word' id='word_1_534' title='bbox 1382 3915 1471 3955; x_wconf 85' lang='lat' dir='ltr'><strong>res</strong></span> <span class='ocrx_word' id='word_1_535' title='bbox 1494 3915 1618 3956; x_wconf 87' lang='lat' dir='ltr'><strong>esse</strong></span> <span class='ocrx_word' id='word_1_536' title='bbox 1650 3901 1990 3966; x_wconf 85' lang='lat' dir='ltr'><strong>obversatas,</strong></span> 
     </span>
    </p>
   </div>
   <div class='ocr_carea' id='block_1_71' title="bbox 412 3989 1995 4066">
    <p class='ocr_par' dir='ltr' id='par_1_71' title="bbox 412 3989 1995 4066">
     <span class='ocr_line' id='line_1_71' title="bbox 412 3989 1995 4066; baseline 0.004 -22"><span class='ocrx_word' id='word_1_537' title='bbox 412 3989 677 4060; x_wconf 86' lang='lat' dir='ltr'><strong>quandoa</strong></span> <span class='ocrx_word' id='word_1_538' title='bbox 696 3989 916 4047; x_wconf 77' lang='lat' dir='ltr'><strong>Vitellio</strong></span> <span class='ocrx_word' id='word_1_539' title='bbox 932 3992 1293 4057; x_wconf 88' lang='lat' dir='ltr'><strong>obsidebaris,</strong></span> <span class='ocrx_word' id='word_1_540' title='bbox 1314 3992 1686 4063; x_wconf 84' lang='lat' dir='ltr'><strong>templumque</strong></span> <span class='ocrx_word' id='word_1_541' title='bbox 1719 3992 1870 4051; x_wconf 80' lang='lat' dir='ltr'><strong>Jovis</strong></span> <span class='ocrx_word' id='word_1_542' title='bbox 1893 4011 1995 4066; x_wconf 88' lang='lat' dir='ltr'><strong>op-</strong></span> 
     </span>
    </p>
   </div>
   <div class='ocr_carea' id='block_1_72' title="bbox 413 4082 1997 4143">
    <p class='ocr_par' dir='ltr' id='par_1_72' title="bbox 413 4082 1997 4143">
     <span class='ocr_line' id='line_1_72' title="bbox 413 4082 1997 4143; baseline 0.003 -6"><span class='ocrx_word' id='word_1_543' title='bbox 413 4082 534 4138; x_wconf 89' lang='lat' dir='ltr'><strong>timi</strong></span> <span class='ocrx_word' id='word_1_544' title='bbox 561 4082 967 4139; x_wconf 80' lang='lat' dir='ltr'><strong>accendebatur</strong></span> <span class='ocrx_word' id='word_1_545' title='bbox 995 4083 1050 4137; x_wconf 94' lang='lat' dir='ltr'><strong>in</strong></span> <span class='ocrx_word' id='word_1_546' title='bbox 1081 4098 1295 4139; x_wconf 89' lang='lat' dir='ltr'><strong>summo</strong></span> <span class='ocrx_word' id='word_1_547' title='bbox 1310 4084 1467 4140; x_wconf 93' lang='lat' dir='ltr'><strong>urbis</strong></span> <span class='ocrx_word' id='word_1_548' title='bbox 1491 4085 1716 4140; x_wconf 86' lang='lat' dir='ltr'><strong>vertice.</strong></span> <span class='ocrx_word' id='word_1_549' title='bbox 1750 4084 1844 4143; x_wconf 89' lang='lat' dir='ltr'><strong>Ille</strong></span> <span class='ocrx_word' id='word_1_550' title='bbox 1864 4102 1997 4142; x_wconf 87' lang='lat' dir='ltr'><strong>vero</strong></span> 
     </span>
    </p>
   </div>
   <div class='ocr_carea' id='block_1_73' title="bbox 413 4174 1995 4249">
    <p class='ocr_par' dir='ltr' id='par_1_73' title="bbox 413 4174 1995 4249">
     <span class='ocr_line' id='line_1_73' title="bbox 413 4174 1995 4249; baseline 0.003 -19"><span class='ocrx_word' id='word_1_551' title='bbox 413 4174 556 4230; x_wconf 87' lang='lat' dir='ltr'><strong>bene</strong></span> <span class='ocrx_word' id='word_1_552' title='bbox 578 4189 639 4230; x_wconf 87' lang='lat' dir='ltr'><strong>se</strong></span> <span class='ocrx_word' id='word_1_553' title='bbox 665 4189 755 4231; x_wconf 88' lang='lat' dir='ltr'><strong>res</strong></span> <span class='ocrx_word' id='word_1_554' title='bbox 787 4189 918 4231; x_wconf 89' lang='lat' dir='ltr'><strong>suas</strong></span> <span class='ocrx_word' id='word_1_555' title='bbox 967 4174 1252 4233; x_wconf 88' lang='lat' dir='ltr'><strong>habituras</strong></span> <span class='ocrx_word' id='word_1_556' title='bbox 1295 4177 1552 4247; x_wconf 86' lang='lat' dir='ltr'><strong>putabat,</strong></span> <span class='ocrx_word' id='word_1_557' title='bbox 1585 4178 1751 4232; x_wconf 89' lang='lat' dir='ltr'><strong>modo</strong></span> <span class='ocrx_word' id='word_1_558' title='bbox 1778 4185 1837 4233; x_wconf 93' lang='lat' dir='ltr'><strong>tu</strong></span> <span class='ocrx_word' id='word_1_559' title='bbox 1873 4179 1995 4249; x_wconf 89' lang='lat' dir='ltr'><strong>ejus</strong></span> 
     </span>
    </p>
   </div>
   <div class='ocr_carea' id='block_1_74' title="bbox 414 4266 1996 4342">
    <p class='ocr_par' dir='ltr' id='par_1_74' title="bbox 414 4266 1996 4342">
     <span class='ocr_line' id='line_1_74' title="bbox 414 4266 1996 4342; baseline 0.003 -19"><span class='ocrx_word' id='word_1_560' title='bbox 414 4283 487 4324; x_wconf 90' lang='lat' dir='ltr'><strong>ne</strong></span> <span class='ocrx_word' id='word_1_561' title='bbox 515 4266 775 4324; x_wconf 82' lang='lat' dir='ltr'><strong>evaderes</strong></span> <span class='ocrx_word' id='word_1_562' title='bbox 806 4282 1023 4323; x_wconf 86' lang='lat' dir='ltr'><strong>manus.</strong></span> <span class='ocrx_word' id='word_1_563' title='bbox 1081 4267 1258 4340; x_wconf 84' lang='lat' dir='ltr'><strong>Atque</strong></span> <span class='ocrx_word' id='word_1_564' title='bbox 1289 4269 1613 4326; x_wconf 86' lang='lat' dir='ltr'><strong>adolescens</strong></span> <span class='ocrx_word' id='word_1_565' title='bbox 1661 4280 1793 4326; x_wconf 90' lang='lat' dir='ltr'><strong>tunc</strong></span> <span class='ocrx_word' id='word_1_566' title='bbox 1834 4273 1996 4342; x_wconf 90' lang='lat' dir='ltr'><strong>plane</strong></span> 
     </span>
    </p>
   </div>
   <div class='ocr_carea' id='block_1_75' title="bbox 415 4360 1991 4432">
    <p class='ocr_par' dir='ltr' id='par_1_75' title="bbox 415 4360 1991 4432">
     <span class='ocr_line' id='line_1_75' title="bbox 415 4360 1991 4432; baseline 0.003 -16"><span class='ocrx_word' id='word_1_567' title='bbox 415 4375 576 4425; x_wconf 88' lang='lat' dir='ltr'><strong>eras,</strong></span> <span class='ocrx_word' id='word_1_568' title='bbox 606 4375 785 4431; x_wconf 89' lang='lat' dir='ltr'><strong>neque</strong></span> <span class='ocrx_word' id='word_1_569' title='bbox 832 4360 961 4415; x_wconf 91' lang='lat' dir='ltr'><strong>dum</strong></span> <span class='ocrx_word' id='word_1_570' title='bbox 1003 4360 1183 4431; x_wconf 90' lang='lat' dir='ltr'><strong>qualis</strong></span> <span class='ocrx_word' id='word_1_571' title='bbox 1239 4378 1386 4417; x_wconf 85' lang='lat' dir='ltr'><strong>nunc</strong></span> <span class='ocrx_word' id='word_1_572' title='bbox 1437 4377 1518 4419; x_wconf 88' lang='lat' dir='ltr'><strong>es.</strong></span> <span class='ocrx_word' id='word_1_573' title='bbox 1566 4360 1991 4432; x_wconf 81' lang='lat' dir='ltr'><strong>Verumtamen,</strong></span> 
     </span>
    </p>
   </div>
   <div class='ocr_carea' id='block_1_76' title="bbox 2110 3170 3697 3248">
    <p class='ocr_par' dir='ltr' id='par_1_76' title="bbox 2110 3170 3697 3248">
     <span class='ocr_line' id='line_1_76' title="bbox 2110 3170 3697 3248; baseline -0.005 -19"><span class='ocrx_word' id='word_1_574' title='bbox 2110 3177 2415 3248; x_wconf 80' lang='grc' dir='ltr'>Ἀκρισίους</span> <span class='ocrx_word' id='word_1_575' title='bbox 2454 3175 2626 3246; x_wconf 84' lang='grc' dir='ltr'>δήπου</span> <span class='ocrx_word' id='word_1_576' title='bbox 2670 3173 2833 3245; x_wconf 84' lang='grc' dir='ltr'>ὀρῶν,</span> <span class='ocrx_word' id='word_1_577' title='bbox 2869 3174 2964 3225; x_wconf 75' lang='grc' dir='ltr'>κα).</span> <span class='ocrx_word' id='word_1_578' title='bbox 2985 3172 3112 3234; x_wconf 77' lang='grc' dir='ltr'>τοὺς</span> <span class='ocrx_word' id='word_1_579' title='bbox 3140 3171 3361 3233; x_wconf 71' lang='grc' dir='ltr'>Λαΐους,</span> <span class='ocrx_word' id='word_1_580' title='bbox 3380 3170 3697 3241; x_wconf 72' lang='grc' dir='ltr'>Ἀστυάγην</span> 
     </span>
    </p>
   </div>
   <div class='ocr_carea' id='block_1_77' title="bbox 2094 3257 3697 3337">
    <p class='ocr_par' dir='ltr' id='par_1_77' title="bbox 2094 3257 3697 3337">
     <span class='ocr_line' id='line_1_77' title="bbox 2094 3257 3697 3337; baseline -0.004 -15"><span class='ocrx_word' id='word_1_581' title='bbox 2094 3287 2156 3323; x_wconf 85' lang='grc' dir='ltr'><strong>τε</strong></span> <span class='ocrx_word' id='word_1_582' title='bbox 2184 3269 2273 3322; x_wconf 88' lang='grc' dir='ltr'>τὸν</span> <span class='ocrx_word' id='word_1_583' title='bbox 2313 3266 2518 3337; x_wconf 75' lang='grc' dir='ltr'>Μῆδον,</span> <span class='ocrx_word' id='word_1_584' title='bbox 2556 3265 2652 3319; x_wconf 73' lang='grc' dir='ltr'>καὶ</span> <span class='ocrx_word' id='word_1_585' title='bbox 2686 3264 2915 3327; x_wconf 73' lang='grc' dir='ltr'>πολλοὺς</span> <span class='ocrx_word' id='word_1_586' title='bbox 2948 3263 3140 3327; x_wconf 80' lang='grc' dir='ltr'>ἄλλους</span> <span class='ocrx_word' id='word_1_587' title='bbox 3175 3262 3307 3333; x_wconf 84' lang='lat'>(99),</span> <span class='ocrx_word' id='word_1_588' title='bbox 3350 3257 3409 3315; x_wconf 81' lang='grc' dir='ltr'>εὖ</span> <span class='ocrx_word' id='word_1_589' title='bbox 3442 3261 3697 3315; x_wconf 78' lang='grc' dir='ltr'>τίθεσθαι</span> 
     </span>
    </p>
   </div>
   <div class='ocr_carea' id='block_1_78' title="bbox 2095 3352 3697 3428">
    <p class='ocr_par' dir='ltr' id='par_1_78' title="bbox 2095 3352 3697 3428">
     <span class='ocr_line' id='line_1_78' title="bbox 2095 3352 3697 3428; baseline -0.005 -13"><span class='ocrx_word' id='word_1_590' title='bbox 2095 3363 2163 3415; x_wconf 80' lang='grc' dir='ltr'><strong>τὰ</strong></span> <span class='ocrx_word' id='word_1_591' title='bbox 2193 3361 2418 3414; x_wconf 78' lang='grc' dir='ltr'>τοιαῦτα</span> <span class='ocrx_word' id='word_1_592' title='bbox 2445 3359 2703 3426; x_wconf 80' lang='grc' dir='ltr'>δόξαντας</span> <span class='ocrx_word' id='word_1_593' title='bbox 2733 3357 2841 3428; x_wconf 90' lang='grc'>(1)·</span> <span class='ocrx_word' id='word_1_594' title='bbox 2874 3352 2949 3410; x_wconf 85' lang='grc' dir='ltr'>ὧν</span> <span class='ocrx_word' id='word_1_595' title='bbox 2978 3358 3028 3409; x_wconf 78' lang='grc' dir='ltr'>οἱ</span> <span class='ocrx_word' id='word_1_596' title='bbox 3059 3358 3157 3426; x_wconf 77' lang='grc' dir='ltr'>μὲν</span> <span class='ocrx_word' id='word_1_597' title='bbox 3188 3355 3403 3419; x_wconf 82' lang='grc' dir='ltr'>παῖδας,</span> <span class='ocrx_word' id='word_1_598' title='bbox 3432 3358 3484 3408; x_wconf 85' lang='grc' dir='ltr'>οἱ</span> <span class='ocrx_word' id='word_1_599' title='bbox 3516 3355 3577 3408; x_wconf 80' lang='grc' dir='ltr'>δὲ</span> <span class='ocrx_word' id='word_1_600' title='bbox 3606 3357 3697 3423; x_wconf 80' lang='grc' dir='ltr'><strong>ἐτ-</strong></span> 
     </span>
    </p>
   </div>
   <div class='ocr_carea' id='block_1_79' title="bbox 2094 3446 3696 3523">
    <p class='ocr_par' dir='ltr' id='par_1_79' title="bbox 2094 3446 3696 3523">
     <span class='ocr_line' id='line_1_79' title="bbox 2094 3446 3696 3523; baseline -0.004 -17"><span class='ocrx_word' id='word_1_601' title='bbox 2094 3454 2287 3523; x_wconf 86' lang='grc' dir='ltr'>γόνους</span> <span class='ocrx_word' id='word_1_602' title='bbox 2338 3450 2679 3505; x_wconf 79' lang='grc' dir='ltr'>ἀποκτείνειν</span> <span class='ocrx_word' id='word_1_603' title='bbox 2733 3448 3029 3519; x_wconf 73' lang='grc' dir='ltr'>οἰηθέντες,</span> <span class='ocrx_word' id='word_1_604' title='bbox 3061 3446 3420 3519; x_wconf 69' lang='grc' dir='ltr'>ἀφῃρέθησαν</span> <span class='ocrx_word' id='word_1_605' title='bbox 3468 3447 3566 3499; x_wconf 78' lang='grc' dir='ltr'>ὑπ’</span> <span class='ocrx_word' id='word_1_606' title='bbox 3593 3446 3696 3499; x_wconf 76' lang='grc' dir='ltr'><strong>αὐο</strong></span> 
     </span>
    </p>
   </div>
   <div class='ocr_carea' id='block_1_80' title="bbox 2094 3535 3698 3613">
    <p class='ocr_par' dir='ltr' id='par_1_80' title="bbox 2094 3535 3698 3613">
     <span class='ocr_line' id='line_1_80' title="bbox 2094 3535 3698 3613; baseline -0.006 -15"><span class='ocrx_word' id='word_1_607' title='bbox 2094 3544 2203 3598; x_wconf 87' lang='grc' dir='ltr'><strong>τῶν</strong></span> <span class='ocrx_word' id='word_1_608' title='bbox 2231 3542 2292 3596; x_wconf 76' lang='grc' dir='ltr'><strong>τὸ</strong></span> <span class='ocrx_word' id='word_1_609' title='bbox 2327 3539 2648 3613; x_wconf 86' lang='grc' dir='ltr'>βασιλεύειν,</span> <span class='ocrx_word' id='word_1_610' title='bbox 2680 3540 2995 3608; x_wconf 70' lang='grc' dir='ltr'>ἀναφύντων</span> <span class='ocrx_word' id='word_1_611' title='bbox 3018 3540 3103 3592; x_wconf 82' lang='grc' dir='ltr'><strong>ἐπ’</strong></span> <span class='ocrx_word' id='word_1_612' title='bbox 3136 3538 3332 3599; x_wconf 80' lang='grc' dir='ltr'>αὐτοὺς</span> <span class='ocrx_word' id='word_1_613' title='bbox 3357 3536 3417 3600; x_wconf 81' lang='grc' dir='ltr'>ἐξ</span> <span class='ocrx_word' id='word_1_614' title='bbox 3449 3535 3698 3605; x_wconf 67' lang='grc' dir='ltr'>ἀφανοῦς</span> 
     </span>
    </p>
   </div>
   <div class='ocr_carea' id='block_1_81' title="bbox 2096 3625 3695 3703">
    <p class='ocr_par' dir='ltr' id='par_1_81' title="bbox 2096 3625 3695 3703">
     <span class='ocr_line' id='line_1_81' title="bbox 2096 3625 3695 3703; baseline -0.006 -15"><span class='ocrx_word' id='word_1_615' title='bbox 2096 3636 2194 3688; x_wconf 83' lang='grc' dir='ltr'>σὺν</span> <span class='ocrx_word' id='word_1_616' title='bbox 2225 3632 2302 3703; x_wconf 83' lang='grc' dir='ltr'><strong>τῷ</strong></span> <span class='ocrx_word' id='word_1_617' title='bbox 2335 3631 2706 3702; x_wconf 75' lang='grc' dir='ltr'>πεπρωμένῳ.</span> <span class='ocrx_word' id='word_1_618' title='bbox 2738 3630 2847 3683; x_wconf 76' lang='grc' dir='ltr'><strong>Καὶ</strong></span> <span class='ocrx_word' id='word_1_619' title='bbox 2882 3631 2931 3682; x_wconf 73' lang='grc' dir='ltr'>εἰ</span> <span class='ocrx_word' id='word_1_620' title='bbox 2966 3628 3066 3699; x_wconf 82' lang='grc' dir='ltr'>μὲν</span> <span class='ocrx_word' id='word_1_621' title='bbox 3089 3627 3321 3696; x_wconf 77' lang='grc' dir='ltr'>ἠγάπων</span> <span class='ocrx_word' id='word_1_622' title='bbox 3361 3625 3695 3679; x_wconf 80' lang='grc' dir='ltr'>κολακευτι·</span> 
     </span>
    </p>
   </div>
   <div class='ocr_carea' id='block_1_82' title="bbox 2096 3717 3701 3796">
    <p class='ocr_par' dir='ltr' id='par_1_82' title="bbox 2096 3717 3701 3796">
     <span class='ocr_line' id='line_1_82' title="bbox 2096 3717 3701 3796; baseline -0.005 -18"><span class='ocrx_word' id='word_1_623' title='bbox 2096 3724 2197 3796; x_wconf 79' lang='grc' dir='ltr'>κὴν</span> <span class='ocrx_word' id='word_1_624' title='bbox 2227 3721 2323 3795; x_wconf 68' lang='lat'>(‘2),</span> <span class='ocrx_word' id='word_1_625' title='bbox 2350 3719 2502 3776; x_wconf 83' lang='grc' dir='ltr'>εἷπον</span> <span class='ocrx_word' id='word_1_626' title='bbox 2548 3721 2614 3775; x_wconf 88' lang='grc' dir='ltr'>ἂν</span> <span class='ocrx_word' id='word_1_627' title='bbox 2647 3721 2743 3779; x_wconf 70' lang='grc' dir='ltr'>καὶ</span> <span class='ocrx_word' id='word_1_628' title='bbox 2794 3720 2862 3774; x_wconf 78' lang='grc' dir='ltr'>τὰ</span> <span class='ocrx_word' id='word_1_629' title='bbox 2913 3720 2980 3774; x_wconf 74' lang='grc' dir='ltr'><strong>σὰ</strong></span> <span class='ocrx_word' id='word_1_630' title='bbox 3020 3718 3095 3791; x_wconf 83' lang='lat'>(5)</span> <span class='ocrx_word' id='word_1_631' title='bbox 3143 3717 3570 3789; x_wconf 78' lang='grc' dir='ltr'>ἐντεθυμῆσθαι,</span> <span class='ocrx_word' id='word_1_632' title='bbox 3605 3719 3701 3775; x_wconf 81' lang='grc' dir='ltr'>ὅτε</span> 
     </span>
    </p>
   </div>
   <div class='ocr_carea' id='block_1_83' title="bbox 2095 3810 3701 3885">
    <p class='ocr_par' dir='ltr' id='par_1_83' title="bbox 2095 3810 3701 3885">
     <span class='ocr_line' id='line_1_83' title="bbox 2095 3810 3701 3885; baseline -0.003 -15"><span class='ocrx_word' id='word_1_633' title='bbox 2095 3816 2365 3885; x_wconf 68' lang='grc' dir='ltr'>ἀπείληψο</span> <span class='ocrx_word' id='word_1_634' title='bbox 2402 3813 2500 3885; x_wconf 86' lang='grc' dir='ltr'>μὲν</span> <span class='ocrx_word' id='word_1_635' title='bbox 2535 3813 2642 3867; x_wconf 80' lang='grc' dir='ltr'><strong>ὑπὸ</strong></span> <span class='ocrx_word' id='word_1_636' title='bbox 2681 3811 2954 3867; x_wconf 82' lang='grc' dir='ltr'>Βιτελλιου</span> <span class='ocrx_word' id='word_1_637' title='bbox 2992 3811 3090 3882; x_wconf 72' lang='grc'>(4),</span> <span class='ocrx_word' id='word_1_638' title='bbox 3120 3810 3550 3883; x_wconf 75' lang='grc' dir='ltr'>κατεπίμπρατο</span> <span class='ocrx_word' id='word_1_639' title='bbox 3582 3811 3642 3867; x_wconf 70' lang='grc' dir='ltr'><strong>δέ</strong></span> <span class='ocrx_word' id='word_1_640' title='bbox 3665 3812 3701 3865; x_wconf 73' lang='grc' dir='ltr'><strong><em>ὁ</em></strong></span> 
     </span>
    </p>
   </div>
   <div class='ocr_carea' id='block_1_84' title="bbox 2096 3901 3699 3979">
    <p class='ocr_par' dir='ltr' id='par_1_84' title="bbox 2096 3901 3699 3979">
     <span class='ocr_line' id='line_1_84' title="bbox 2096 3901 3699 3979; baseline -0.003 -17"><span class='ocrx_word' id='word_1_641' title='bbox 2096 3908 2229 3973; x_wconf 83' lang='grc' dir='ltr'>νεὼς</span> <span class='ocrx_word' id='word_1_642' title='bbox 2257 3908 2349 3962; x_wconf 80' lang='grc' dir='ltr'>τοῦ</span> <span class='ocrx_word' id='word_1_643' title='bbox 2377 3908 2497 3971; x_wconf 73' lang='grc' dir='ltr'>Διὸς</span> <span class='ocrx_word' id='word_1_644' title='bbox 2523 3906 2652 3979; x_wconf 69' lang='grc' dir='ltr'>περ).</span> <span class='ocrx_word' id='word_1_645' title='bbox 2681 3906 2780 3970; x_wconf 82' lang='grc' dir='ltr'>τὰς</span> <span class='ocrx_word' id='word_1_646' title='bbox 2804 3906 2974 3977; x_wconf 79' lang='grc' dir='ltr'>ὀφρῦς</span> <span class='ocrx_word' id='word_1_647' title='bbox 2996 3905 3093 3959; x_wconf 78' lang='grc' dir='ltr'>τοῦ</span> <span class='ocrx_word' id='word_1_648' title='bbox 3117 3905 3455 3967; x_wconf 74' lang='grc' dir='ltr'>ἄστεος.Ὄδ’</span> <span class='ocrx_word' id='word_1_649' title='bbox 3486 3901 3547 3958; x_wconf 76' lang='grc' dir='ltr'>εὖ</span> <span class='ocrx_word' id='word_1_650' title='bbox 3574 3905 3699 3959; x_wconf 78' lang='grc' dir='ltr'>κει-</span> 
     </span>
    </p>
   </div>
   <div class='ocr_carea' id='block_1_85' title="bbox 2098 3992 3695 4064">
    <p class='ocr_par' dir='ltr' id='par_1_85' title="bbox 2098 3992 3695 4064">
     <span class='ocr_line' id='line_1_85' title="bbox 2098 3992 3695 4064; baseline -0.001 -16"><span class='ocrx_word' id='word_1_651' title='bbox 2098 3995 2286 4049; x_wconf 89' lang='grc' dir='ltr'>σεσθαι</span> <span class='ocrx_word' id='word_1_652' title='bbox 2330 3995 2398 4048; x_wconf 83' lang='grc' dir='ltr'><strong>τὰ</strong></span> <span class='ocrx_word' id='word_1_653' title='bbox 2452 3996 2647 4048; x_wconf 77' lang='grc' dir='ltr'>ἑαυτοῦ</span> <span class='ocrx_word' id='word_1_654' title='bbox 2691 3994 2947 4063; x_wconf 75' lang='grc' dir='ltr'>ἔφασκεν,</span> <span class='ocrx_word' id='word_1_655' title='bbox 2977 3995 3025 4046; x_wconf 80' lang='grc' dir='ltr'>εἰ</span> <span class='ocrx_word' id='word_1_656' title='bbox 3073 3992 3147 4064; x_wconf 84' lang='grc' dir='ltr'>μὴ</span> <span class='ocrx_word' id='word_1_657' title='bbox 3185 3993 3474 4062; x_wconf 75' lang='grc' dir='ltr'>διαφύγοις</span> <span class='ocrx_word' id='word_1_658' title='bbox 3502 3994 3695 4047; x_wconf 78' lang='grc' dir='ltr'>αὐτόν.</span> 
     </span>
    </p>
   </div>
   <div class='ocr_carea' id='block_1_86' title="bbox 2096 4078 3698 4157">
    <p class='ocr_par' dir='ltr' id='par_1_86' title="bbox 2096 4078 3698 4157">
     <span class='ocr_line' id='line_1_86' title="bbox 2096 4078 3698 4157; baseline 0 -19"><span class='ocrx_word' id='word_1_659' title='bbox 2096 4086 2291 4139; x_wconf 81' lang='grc' dir='ltr'>Καίτοι</span> <span class='ocrx_word' id='word_1_660' title='bbox 2322 4085 2604 4157; x_wconf 85' lang='grc' dir='ltr'>μειράκιον</span> <span class='ocrx_word' id='word_1_661' title='bbox 2641 4084 2842 4147; x_wconf 83' lang='grc' dir='ltr'>ἱκανῶς</span> <span class='ocrx_word' id='word_1_662' title='bbox 2862 4080 3028 4155; x_wconf 80' lang='grc' dir='ltr'>ἦσθα,</span> <span class='ocrx_word' id='word_1_663' title='bbox 3057 4085 3152 4137; x_wconf 80' lang='grc' dir='ltr'>καὶ</span> <span class='ocrx_word' id='word_1_664' title='bbox 3178 4082 3331 4137; x_wconf 71' lang='grc' dir='ltr'>οὔπω</span> <span class='ocrx_word' id='word_1_665' title='bbox 3353 4078 3528 4148; x_wconf 69' lang='grc' dir='ltr'>οὗτος.</span> <span class='ocrx_word' id='word_1_666' title='bbox 3549 4085 3698 4138; x_wconf 79' lang='grc' dir='ltr'>Ἀλλ’</span> 
     </span>
    </p>
   </div>
   <div class='ocr_carea' id='block_1_87' title="bbox 2096 4180 3699 4253">
    <p class='ocr_par' dir='ltr' id='par_1_87' title="bbox 2096 4180 3699 4253">
     <span class='ocr_line' id='line_1_87' title="bbox 2096 4180 3699 4253; baseline 0 -18"><span class='ocrx_word' id='word_1_667' title='bbox 2096 4182 2245 4253; x_wconf 80' lang='grc' dir='ltr'>ὅμως</span> <span class='ocrx_word' id='word_1_668' title='bbox 2278 4183 2370 4234; x_wconf 77' lang='grc' dir='ltr'>ἐπὶ</span> <span class='ocrx_word' id='word_1_669' title='bbox 2398 4181 2615 4253; x_wconf 75' lang='grc' dir='ltr'>μοίραις</span> <span class='ocrx_word' id='word_1_670' title='bbox 2637 4180 2811 4234; x_wconf 81' lang='grc' dir='ltr'>ἐδόκει</span> <span class='ocrx_word' id='word_1_671' title='bbox 2841 4180 3025 4251; x_wconf 82' lang='grc' dir='ltr'>ἐτερα·</span> <span class='ocrx_word' id='word_1_672' title='bbox 3053 4182 3081 4233; x_wconf 86' lang='grc' dir='ltr'><strong>ό</strong></span> <span class='ocrx_word' id='word_1_673' title='bbox 3106 4180 3203 4251; x_wconf 78' lang='grc' dir='ltr'>μὲν</span> <span class='ocrx_word' id='word_1_674' title='bbox 3228 4180 3480 4234; x_wconf 76' lang='grc' dir='ltr'>ἀπώλετο</span> <span class='ocrx_word' id='word_1_675' title='bbox 3498 4182 3699 4246; x_wconf 74' lang='grc' dir='ltr'>αὑταῖς</span> 
     </span>
    </p>
   </div>
   <div class='ocr_carea' id='block_1_88' title="bbox 2100 4270 3699 4345">
    <p class='ocr_par' dir='ltr' id='par_1_88' title="bbox 2100 4270 3699 4345">
     <span class='ocr_line' id='line_1_88' title="bbox 2100 4270 3699 4345; baseline 0.001 -18"><span class='ocrx_word' id='word_1_676' title='bbox 2100 4274 2337 4344; x_wconf 88' lang='grc' dir='ltr'>βουλαῖς,</span> <span class='ocrx_word' id='word_1_677' title='bbox 2371 4273 2435 4325; x_wconf 79' lang='grc' dir='ltr'>σὺ</span> <span class='ocrx_word' id='word_1_678' title='bbox 2468 4272 2525 4325; x_wconf 85' lang='grc' dir='ltr'>δὲ</span> <span class='ocrx_word' id='word_1_679' title='bbox 2556 4270 2627 4325; x_wconf 79' lang='grc' dir='ltr'>τὰ</span> <span class='ocrx_word' id='word_1_680' title='bbox 2653 4271 2862 4325; x_wconf 80' lang='grc' dir='ltr'>ἐκείνου</span> <span class='ocrx_word' id='word_1_681' title='bbox 2890 4270 2986 4324; x_wconf 75' lang='grc' dir='ltr'>νῦν</span> <span class='ocrx_word' id='word_1_682' title='bbox 3006 4270 3166 4341; x_wconf 80' lang='grc' dir='ltr'>ἔχεις.</span> <span class='ocrx_word' id='word_1_683' title='bbox 3187 4272 3341 4325; x_wconf 77' lang='grc' dir='ltr'>Ἐπεὶ</span> <span class='ocrx_word' id='word_1_684' title='bbox 3371 4272 3431 4325; x_wconf 82' lang='grc' dir='ltr'>δὲ</span> <span class='ocrx_word' id='word_1_685' title='bbox 3454 4274 3699 4345; x_wconf 73' lang='grc' dir='ltr'>ἁρμονία</span> 
     </span>
    </p>
   </div>
   <div class='ocr_carea' id='block_1_89' title="bbox 2098 4360 3698 4434">
    <p class='ocr_par' dir='ltr' id='par_1_89' title="bbox 2098 4360 3698 4434">
     <span class='ocr_line' id='line_1_89' title="bbox 2098 4360 3698 4434; baseline -0.001 -15"><span class='ocrx_word' id='word_1_686' title='bbox 2098 4364 2458 4434; x_wconf 82' lang='grc' dir='ltr'>κολακευτικῇ</span> <span class='ocrx_word' id='word_1_687' title='bbox 2494 4361 2729 4433; x_wconf 78' lang='grc' dir='ltr'>ἄχθομαι</span> <span class='ocrx_word' id='word_1_688' title='bbox 2772 4361 2955 4432; x_wconf 86' lang='grc' dir='ltr'>(δοκεῖ</span> <span class='ocrx_word' id='word_1_689' title='bbox 2994 4360 3104 4433; x_wconf 85' lang='grc' dir='ltr'><strong>γάρ</strong></span> <span class='ocrx_word' id='word_1_690' title='bbox 3136 4378 3225 4432; x_wconf 88' lang='grc' dir='ltr'><strong>μοι</strong></span> <span class='ocrx_word' id='word_1_691' title='bbox 3255 4361 3364 4415; x_wconf 91' lang='grc' dir='ltr'><strong>τῶν</strong></span> <span class='ocrx_word' id='word_1_692' title='bbox 3392 4362 3698 4434; x_wconf 83' lang='grc' dir='ltr'>ἐκρύθμων</span> 
     </span>
    </p>
   </div>
   <div class='ocr_carea' id='block_1_90' title="bbox 416 4446 1994 4528">
    <p class='ocr_par' dir='ltr' id='par_1_90' title="bbox 416 4449 1991 4528">
     <span class='ocr_line' id='line_1_90' title="bbox 416 4449 1991 4528; baseline 0.004 -24"><span class='ocrx_word' id='word_1_693' title='bbox 416 4451 543 4522; x_wconf 87' lang='lat' dir='ltr'><strong>quia</strong></span> <span class='ocrx_word' id='word_1_694' title='bbox 574 4449 763 4506; x_wconf 86' lang='lat' dir='ltr'><strong>Parcis</strong></span> <span class='ocrx_word' id='word_1_695' title='bbox 815 4452 976 4507; x_wconf 85' lang='lat' dir='ltr'><strong>aliter</strong></span> <span class='ocrx_word' id='word_1_696' title='bbox 1026 4460 1111 4507; x_wconf 92' lang='lat' dir='ltr'><strong>est</strong></span> <span class='ocrx_word' id='word_1_697' title='bbox 1158 4452 1378 4518; x_wconf 84' lang='lat' dir='ltr'><strong>visum,</strong></span> <span class='ocrx_word' id='word_1_698' title='bbox 1429 4454 1681 4513; x_wconf 85' lang='lat' dir='ltr'><strong>Vitellius</strong></span> <span class='ocrx_word' id='word_1_699' title='bbox 1735 4457 1991 4528; x_wconf 90' lang='lat' dir='ltr'><strong>quidem,</strong></span> 
     </span>
    </p>
   </div>
   <div class='ocr_carea' id='block_1_91' title="bbox 2109 4446 3694 4528">
    <p class='ocr_par' dir='ltr' id='par_1_91' title="bbox 2109 4451 3694 4527">
     <span class='ocr_line' id='line_1_91' title="bbox 2109 4451 3694 4527; baseline 0 -19"><span class='ocrx_word' id='word_1_700' title='bbox 2109 4474 2159 4510; x_wconf 79' lang='lat' dir='ltr'><strong>re</strong></span> <span class='ocrx_word' id='word_1_701' title='bbox 2195 4456 2288 4509; x_wconf 68' lang='grc' dir='ltr'>καὶ</span> <span class='ocrx_word' id='word_1_702' title='bbox 2320 4456 2421 4509; x_wconf 77' lang='grc' dir='ltr'>οὐκ</span> <span class='ocrx_word' id='word_1_703' title='bbox 2455 4454 2771 4524; x_wconf 78' lang='grc' dir='ltr'>εὐφθόγγων</span> <span class='ocrx_word' id='word_1_704' title='bbox 2790 4454 2865 4525; x_wconf 80' lang='grc'>(5)</span> <span class='ocrx_word' id='word_1_705' title='bbox 2895 4451 3079 4527; x_wconf 86' lang='grc' dir='ltr'>εἶναι),</span> <span class='ocrx_word' id='word_1_706' title='bbox 3097 4453 3388 4524; x_wconf 74' lang='grc' dir='ltr'>τετμήσθω</span> <span class='ocrx_word' id='word_1_707' title='bbox 3416 4471 3510 4525; x_wconf 88' lang='grc' dir='ltr'><strong>μοι</strong></span> <span class='ocrx_word' id='word_1_708' title='bbox 3537 4455 3694 4527; x_wconf 78' lang='grc' dir='ltr'>ἧδεὴ</span> 
     </span>
    </p>
   </div>
   <div class='ocr_carea' id='block_1_92' title="bbox 490 4664 1994 4747">
    <p class='ocr_par' dir='ltr' id='par_1_92' title="bbox 490 4664 1973 4747">
     <span class='ocr_line' id='line_1_92' title="bbox 490 4664 1973 4747; baseline 0.011 -31"><span class='ocrx_word' id='word_1_709' title='bbox 490 4664 531 4694; x_wconf 86' lang='grc'><strong>¹⁷</strong></span> <span class='ocrx_word' id='word_1_710' title='bbox 572 4664 766 4747; x_wconf 87' lang='lat' dir='ltr'><strong>lib._ul</strong></span> <span class='ocrx_word' id='word_1_711' title='bbox 790 4664 1023 4747; x_wconf 43' lang='lat'><strong>23.37.</strong></span> <span class='ocrx_word' id='word_1_712' title='bbox 1101 4665 1146 4697; x_wconf 78' lang='grc'>¹⁸</span> <span class='ocrx_word' id='word_1_713' title='bbox 1184 4666 1410 4747; x_wconf 86' lang='lat' dir='ltr'><strong>lib._m,</strong></span> <span class='ocrx_word' id='word_1_714' title='bbox 1446 4686 1497 4727; x_wconf 92' lang='lat' dir='ltr'><strong>c.</strong></span> <span class='ocrx_word' id='word_1_715' title='bbox 1538 4672 1625 4737; x_wconf 74' lang='lat' dir='ltr'><strong>M.</strong></span> <span class='ocrx_word' id='word_1_716' title='bbox 1706 4675 1747 4707; x_wconf 83' lang='grc'><strong>¹⁹</strong></span> <span class='ocrx_word' id='word_1_717' title='bbox 1786 4675 1880 4731; x_wconf 91' lang='lat' dir='ltr'><strong>lib.</strong></span> <span class='ocrx_word' id='word_1_718' title='bbox 1919 4695 1973 4733; x_wconf 70' lang='grc' dir='ltr'>γι</span> 
     </span>
    </p>
   </div>
   <div class='ocr_carea' id='block_1_93' title="bbox 2109 4664 3397 4747">
    <p class='ocr_par' dir='ltr' id='par_1_93' title="bbox 2139 4678 3397 4747">
     <span class='ocr_line' id='line_1_93' title="bbox 2139 4678 3397 4747; baseline 0.002 -13"><span class='ocrx_word' id='word_1_719' title='bbox 2139 4681 2196 4734; x_wconf 85' lang='grc'><strong>11</strong></span> <span class='ocrx_word' id='word_1_720' title='bbox 2232 4696 2247 4747; x_wconf 88' lang='lat'><strong>;</strong></span> <span class='ocrx_word' id='word_1_721' title='bbox 2279 4687 2333 4735; x_wconf 88' lang='lat' dir='ltr'><strong>et</strong></span> <span class='ocrx_word' id='word_1_722' title='bbox 2364 4680 2457 4735; x_wconf 90' lang='lat' dir='ltr'><strong>lib.</strong></span> <span class='ocrx_word' id='word_1_723' title='bbox 2493 4694 2570 4734; x_wconf 85' lang='lat' dir='ltr'><strong>vu</strong></span> <span class='ocrx_word' id='word_1_724' title='bbox 2604 4696 2656 4735; x_wconf 91' lang='lat' dir='ltr'><strong>c.</strong></span> <span class='ocrx_word' id='word_1_725' title='bbox 2690 4679 2760 4734; x_wconf 74' lang='lat'><strong>59.</strong></span> <span class='ocrx_word' id='word_1_726' title='bbox 2824 4678 2971 4736; x_wconf 82' lang='lat' dir='ltr'><strong>conf.</strong></span> <span class='ocrx_word' id='word_1_727' title='bbox 3022 4688 3078 4735; x_wconf 88' lang='lat' dir='ltr'><strong>et</strong></span> <span class='ocrx_word' id='word_1_728' title='bbox 3133 4695 3181 4736; x_wconf 80' lang='grc' dir='ltr'><strong>ε.</strong></span> <span class='ocrx_word' id='word_1_729' title='bbox 3217 4696 3269 4735; x_wconf 91' lang='lat' dir='ltr'><strong>c.</strong></span> <span class='ocrx_word' id='word_1_730' title='bbox 3304 4680 3397 4737; x_wconf 80' lang='grc'><strong>51.</strong></span> 
     </span>
    </p>
   </div>
   <div class='ocr_carea' id='block_1_94' title="bbox 415 4734 1337 4801">
    <p class='ocr_par' dir='ltr' id='par_1_94' title="bbox 415 4734 1337 4801">
     <span class='ocr_line' id='line_1_94' title="bbox 415 4734 1337 4801; baseline 0.002 -12"><span class='ocrx_word' id='word_1_731' title='bbox 415 4747 544 4801; x_wconf 78' lang='lat' dir='ltr'><strong>vui,</strong></span> <span class='ocrx_word' id='word_1_732' title='bbox 576 4749 626 4789; x_wconf 93' lang='lat' dir='ltr'><strong>c.</strong></span> <span class='ocrx_word' id='word_1_733' title='bbox 664 4734 715 4788; x_wconf 89' lang='grc'><strong>7.</strong></span> <span class='ocrx_word' id='word_1_734' title='bbox 790 4734 861 4767; x_wconf 71' lang='grc' dir='ltr'><strong>’θ’</strong></span> <span class='ocrx_word' id='word_1_735' title='bbox 897 4734 993 4790; x_wconf 91' lang='lat' dir='ltr'><strong>lib.</strong></span> <span class='ocrx_word' id='word_1_736' title='bbox 1026 4751 1161 4801; x_wconf 84' lang='lat' dir='ltr'><strong>vni,</strong></span> <span class='ocrx_word' id='word_1_737' title='bbox 1196 4751 1249 4791; x_wconf 93' lang='lat' dir='ltr'><strong>c.</strong></span> <span class='ocrx_word' id='word_1_738' title='bbox 1287 4737 1337 4792; x_wconf 89' lang='lat'><strong>7.</strong></span> 
     </span>
    </p>
   </div>
   <div class='ocr_carea' id='block_1_95' title="bbox 489 4913 2031 5005">
    <p class='ocr_par' dir='ltr' id='par_1_95' title="bbox 489 4913 2031 5005">
     <span class='ocr_line' id='line_1_95' title="bbox 489 4913 2031 5005; baseline 0 0"><span class='ocrx_word' id='word_1_739' title='bbox 489 4913 617 5005; x_wconf 59' lang='grc' dir='ltr'>(ἓξ),</span> <span class='ocrx_word' id='word_1_740' title='bbox 633 4915 1118 5005; x_wconf 38' lang='lat' dir='ltr'><strong>Eadem-4’:-</strong></span> <span class='ocrx_word' id='word_1_741' title='bbox 1147 4916 1392 5005; x_wconf 66' lang='grc' dir='ltr'>ιηῑειίεεξ</span> <span class='ocrx_word' id='word_1_742' title='bbox 1412 4917 1644 5005; x_wconf 44' lang='lat' dir='ltr'><strong>Remel</strong></span> <span class='ocrx_word' id='word_1_743' title='bbox 1667 4932 1886 5005; x_wconf 70' lang='grc' dir='ltr'>«ιιιοξιιῑε</span> <span class='ocrx_word' id='word_1_744' title='bbox 1912 4934 1996 4974; x_wconf 59' lang='grc' dir='ltr'><strong>ετ»</strong></span> <span class='ocrx_word' id='word_1_745' title='bbox 2028 5002 2031 5005; x_wconf 91' lang='lat'><em>_</em></span> 
     </span>
    </p>
   </div>
   <div class='ocr_carea' id='block_1_96' title="bbox 415 4988 1998 5059">
    <p class='ocr_par' dir='ltr' id='par_1_96' title="bbox 415 4988 1998 5059">
     <span class='ocr_line' id='line_1_96' title="bbox 415 4988 1998 5059; baseline 0.001 -18"><span class='ocrx_word' id='word_1_746' title='bbox 415 4989 531 5042; x_wconf 85' lang='lat' dir='ltr'><strong>ient</strong></span> <span class='ocrx_word' id='word_1_747' title='bbox 553 5001 754 5041; x_wconf 85' lang='lat' dir='ltr'><strong>vocare</strong></span> <span class='ocrx_word' id='word_1_748' title='bbox 772 5002 889 5059; x_wconf 88' lang='lat' dir='ltr'><strong>eos,</strong></span> <span class='ocrx_word' id='word_1_749' title='bbox 907 4988 1108 5059; x_wconf 82' lang='lat' dir='ltr'><strong>quibus</strong></span> <span class='ocrx_word' id='word_1_750' title='bbox 1130 5005 1288 5043; x_wconf 88' lang='lat' dir='ltr'><strong>mcns</strong></span> <span class='ocrx_word' id='word_1_751' title='bbox 1310 4997 1396 5043; x_wconf 90' lang='lat' dir='ltr'><strong>est</strong></span> <span class='ocrx_word' id='word_1_752' title='bbox 1439 4990 1607 5059; x_wconf 65' lang='lat' dir='ltr'><strong>laeva;</strong></span> <span class='ocrx_word' id='word_1_753' title='bbox 1629 4988 1998 5059; x_wconf 79' lang='grc' dir='ltr'>κακοδαίμονα</span> 
     </span>
    </p>
   </div>
   <div class='ocr_carea' id='block_1_97' title="bbox 416 5057 1999 5130">
    <p class='ocr_par' dir='ltr' id='par_1_97' title="bbox 416 5057 1999 5130">
     <span class='ocr_line' id='line_1_97' title="bbox 416 5057 1999 5130; baseline 0.001 -17"><span class='ocrx_word' id='word_1_754' title='bbox 416 5062 600 5113; x_wconf 81' lang='lat' dir='ltr'><strong>autem</strong></span> <span class='ocrx_word' id='word_1_755' title='bbox 642 5065 698 5110; x_wconf 93' lang='lat' dir='ltr'><strong>et</strong></span> <span class='ocrx_word' id='word_1_756' title='bbox 746 5057 1037 5130; x_wconf 66' lang='grc' dir='ltr'>εὐδαίμονα</span> <span class='ocrx_word' id='word_1_757' title='bbox 1070 5058 1447 5130; x_wconf 66' lang='grc' dir='ltr'>ϐταιοὶεεεερ.</span> <span class='ocrx_word' id='word_1_758' title='bbox 1480 5058 1684 5128; x_wconf 91' lang='lat' dir='ltr'><strong>quibus</strong></span> <span class='ocrx_word' id='word_1_759' title='bbox 1731 5057 1999 5130; x_wconf 22' lang='lat' dir='ltr'><strong>beneuvel</strong></span> 
     </span>
    </p>
   </div>
   <div class='ocr_carea' id='block_1_98' title="bbox 419 5128 1998 5251">
    <p class='ocr_par' dir='ltr' id='par_1_98' title="bbox 419 5128 1998 5251">
     <span class='ocr_line' id='line_1_98' title="bbox 419 5128 1998 5251; baseline 0.002 -68"><span class='ocrx_word' id='word_1_760' title='bbox 419 5142 579 5251; x_wconf 44' lang='lat' dir='ltr'><strong>secis</strong></span> <span class='ocrx_word' id='word_1_761' title='bbox 596 5128 912 5250; x_wconf 42' lang='lat' dir='ltr'><strong>lconstituta‘</strong></span> <span class='ocrx_word' id='word_1_762' title='bbox 928 5143 1084 5185; x_wconf 90' lang='lat' dir='ltr'><strong>mens</strong></span> <span class='ocrx_word' id='word_1_763' title='bbox 1103 5138 1209 5196; x_wconf 90' lang='lat' dir='ltr'><strong>est,</strong></span> <span class='ocrx_word' id='word_1_764' title='bbox 1242 5129 1309 5184; x_wconf 89' lang='lat' dir='ltr'><strong>ad</strong></span> <span class='ocrx_word' id='word_1_765' title='bbox 1330 5128 1719 5185; x_wconf 87' lang='lat' dir='ltr'><strong>Philostratum</strong></span> <span class='ocrx_word' id='word_1_766' title='bbox 1749 5128 1998 5198; x_wconf 86' lang='lat' dir='ltr'><strong>pluribus</strong></span> 
     </span>
     <span class='ocr_line' id='line_1_99' title="bbox 419 5212 733 5251; baseline 0 0"><span class='ocrx_word' id='word_1_767' title='bbox 419 5212 518 5251; x_wconf 79' lang='lat' dir='ltr'><strong>pro</strong></span> <span class='ocrx_word' id='word_1_768' title='bbox 562 5212 589 5250; x_wconf 87' lang='lat' dir='ltr'><strong>a</strong></span> <span class='ocrx_word' id='word_1_769' title='bbox 621 5213 733 5251; x_wconf 87' lang='lat' dir='ltr'><strong>um.</strong></span> 
     </span>
    </p>
   </div>
   <div class='ocr_carea' id='block_1_99' title="bbox 457 5204 733 5251">
    <p class='ocr_par' dir='ltr' id='par_1_99' title="bbox 457 5204 733 5251">
     <span class='ocr_line' id='line_1_100' title="bbox 457 5204 733 5251; baseline 0.004 -1"><span class='ocrx_word' id='word_1_770' title='bbox 457 5204 733 5251; x_wconf 86' lang='lat' dir='ltr'><strong>robatum.</strong></span> 
     </span>
    </p>
   </div>
   <div class='ocr_carea' id='block_1_100' title="bbox 418 5212 2001 5340">
    <p class='ocr_par' dir='ltr' id='par_1_100' title="bbox 418 5212 2001 5340">
     <span class='ocr_line' id='line_1_101' title="bbox 418 5212 2001 5340; baseline -0.011 0"><span class='ocrx_word' id='word_1_771' title='bbox 418 5212 975 5340; x_wconf 47' lang='grc' dir='ltr'><strong>Ρΐῖἕὲἶιὲηάσιλείαν</strong></span> <span class='ocrx_word' id='word_1_772' title='bbox 1000 5271 1209 5337; x_wconf 82' lang='grc' dir='ltr'>τούτῳ.</span> <span class='ocrx_word' id='word_1_773' title='bbox 1250 5270 1394 5340; x_wconf 1' lang='lat' dir='ltr'><strong>(Ante</strong></span> <span class='ocrx_word' id='word_1_774' title='bbox 1423 5269 1688 5339; x_wconf 89' lang='lat' dir='ltr'><strong>scriptum</strong></span> <span class='ocrx_word' id='word_1_775' title='bbox 1712 5275 1830 5324; x_wconf 87' lang='lat' dir='ltr'><strong>erat</strong></span> <span class='ocrx_word' id='word_1_776' title='bbox 1850 5268 2001 5339; x_wconf 87' lang='grc' dir='ltr'>βασι-</span> 
     </span>
    </p>
   </div>
   <div class='ocr_carea' id='block_1_101' title="bbox 415 5337 1523 5411">
    <p class='ocr_par' dir='ltr' id='par_1_101' title="bbox 415 5337 1523 5411">
     <span class='ocr_line' id='line_1_102' title="bbox 415 5337 1523 5411; baseline 0.003 -20"><span class='ocrx_word' id='word_1_777' title='bbox 415 5337 592 5411; x_wconf 63' lang='grc' dir='ltr'>λείας.</span> <span class='ocrx_word' id='word_1_778' title='bbox 623 5337 895 5411; x_wconf 83' lang='lat' dir='ltr'><strong>Eusebius</strong></span> <span class='ocrx_word' id='word_1_779' title='bbox 926 5340 1087 5411; x_wconf 60' lang='lat' dir='ltr'><strong>habet</strong></span> <span class='ocrx_word' id='word_1_780' title='bbox 1119 5339 1393 5411; x_wconf 83' lang='grc' dir='ltr'>βασιλείαν</span> <span class='ocrx_word' id='word_1_781' title='bbox 1426 5356 1523 5409; x_wconf 87' lang='grc' dir='ltr'><strong>τῳ.</strong></span> 
     </span>
    </p>
   </div>
   <div class='ocr_carea' id='block_1_102' title="bbox 492 5408 2001 5481">
    <p class='ocr_par' dir='ltr' id='par_1_102' title="bbox 492 5408 2001 5481">
     <span class='ocr_line' id='line_1_103' title="bbox 492 5408 2001 5481; baseline 0.001 -18"><span class='ocrx_word' id='word_1_782' title='bbox 492 5410 631 5481; x_wconf 54' lang='grc'>(127)</span> <span class='ocrx_word' id='word_1_783' title='bbox 653 5409 984 5466; x_wconf 61' lang='lat' dir='ltr'><strong>Mosam.</strong></span> <span class='ocrx_word' id='word_1_784' title='bbox 1025 5408 1219 5466; x_wconf 80' lang='lat' dir='ltr'><strong>Verior</strong></span> <span class='ocrx_word' id='word_1_785' title='bbox 1244 5411 1392 5465; x_wconf 89' lang='lat' dir='ltr'><strong>baud</strong></span> <span class='ocrx_word' id='word_1_786' title='bbox 1416 5408 1582 5481; x_wconf 86' lang='lat' dir='ltr'><strong>dubie</strong></span> <span class='ocrx_word' id='word_1_787' title='bbox 1625 5408 1810 5481; x_wconf 83' lang='lat' dir='ltr'><strong>lectio,</strong></span> <span class='ocrx_word' id='word_1_788' title='bbox 1835 5425 2001 5481; x_wconf 88' lang='lat' dir='ltr'><strong>quam</strong></span> 
     </span>
    </p>
   </div>
   <div class='ocr_carea' id='block_1_103' title="bbox 417 5477 2001 5545">
    <p class='ocr_par' dir='ltr' id='par_1_103' title="bbox 417 5477 2001 5545">
     <span class='ocr_line' id='line_1_104' title="bbox 417 5477 2001 5545; baseline 0.001 -14"><span class='ocrx_word' id='word_1_789' title='bbox 417 5488 471 5532; x_wconf 90' lang='lat' dir='ltr'><strong>et</strong></span> <span class='ocrx_word' id='word_1_790' title='bbox 516 5477 775 5533; x_wconf 86' lang='lat' dir='ltr'><strong>Philostr.</strong></span> <span class='ocrx_word' id='word_1_791' title='bbox 809 5482 1079 5545; x_wconf 85' lang='lat' dir='ltr'><strong>agnoscit,</strong></span> <span class='ocrx_word' id='word_1_792' title='bbox 1112 5489 1167 5536; x_wconf 91' lang='lat' dir='ltr'><strong>et</strong></span> <span class='ocrx_word' id='word_1_793' title='bbox 1215 5495 1320 5536; x_wconf 91' lang='lat' dir='ltr'><strong>ms.</strong></span> <span class='ocrx_word' id='word_1_794' title='bbox 1356 5480 1581 5536; x_wconf 82' lang='lat' dir='ltr'><strong>Morello</strong></span> <span class='ocrx_word' id='word_1_795' title='bbox 1628 5479 1828 5534; x_wconf 87' lang='lat' dir='ltr'><strong>visum.</strong></span> <span class='ocrx_word' id='word_1_796' title='bbox 1854 5477 2001 5545; x_wconf 84' lang='lat' dir='ltr'><strong>Editi</strong></span> 
     </span>
    </p>
   </div>
   <div class='ocr_carea' id='block_1_104' title="bbox 418 5546 1027 5604">
    <p class='ocr_par' dir='ltr' id='par_1_104' title="bbox 418 5546 1027 5604">
     <span class='ocr_line' id='line_1_105' title="bbox 418 5546 1027 5604; baseline 0.005 -3"><span class='ocrx_word' id='word_1_797' title='bbox 418 5546 692 5603; x_wconf 77' lang='lat' dir='ltr'><strong>habebant</strong></span> <span class='ocrx_word' id='word_1_798' title='bbox 716 5546 1027 5604; x_wconf 69' lang='grc' dir='ltr'>ἀποϐάλλει.</span> 
     </span>
    </p>
   </div>
   <div class='ocr_carea' id='block_1_105' title="bbox 493 5617 1820 5686">
    <p class='ocr_par' dir='ltr' id='par_1_105' title="bbox 493 5617 1820 5686">
     <span class='ocr_line' id='line_1_106' title="bbox 493 5617 1820 5686; baseline 0.005 -15"><span class='ocrx_word' id='word_1_799' title='bbox 493 5617 606 5676; x_wconf 78' lang='grc'>(98)</span> <span class='ocrx_word' id='word_1_800' title='bbox 647 5618 904 5672; x_wconf 80' lang='grc' dir='ltr'>Σκοποῦ.</span> <span class='ocrx_word' id='word_1_801' title='bbox 949 5620 1024 5673; x_wconf 88' lang='lat' dir='ltr'><strong>Ita</strong></span> <span class='ocrx_word' id='word_1_802' title='bbox 1056 5617 1315 5674; x_wconf 87' lang='lat' dir='ltr'><strong>Philostr.</strong></span> <span class='ocrx_word' id='word_1_803' title='bbox 1348 5619 1820 5686; x_wconf 74' lang='grc' dir='ltr'>Ειιίιί,εὐσκόπου.</span> 
     </span>
    </p>
   </div>
   <div class='ocr_carea' id='block_1_106' title="bbox 492 5687 1995 5761">
    <p class='ocr_par' dir='ltr' id='par_1_106' title="bbox 492 5687 1995 5761">
     <span class='ocr_line' id='line_1_107' title="bbox 492 5687 1995 5761; baseline 0.006 -22"><span class='ocrx_word' id='word_1_804' title='bbox 492 5687 603 5761; x_wconf 77' lang='lat'>(99)</span> <span class='ocrx_word' id='word_1_805' title='bbox 648 5689 920 5761; x_wconf 72' lang='grc' dir='ltr'>Ἄλλους.</span> <span class='ocrx_word' id='word_1_806' title='bbox 963 5689 1717 5761; x_wconf 35' lang='grc' dir='ltr'>ΡΙιίΙοειτ.,ἐτέρουςμηυσηι</span> <span class='ocrx_word' id='word_1_807' title='bbox 1753 5694 1808 5747; x_wconf 92' lang='lat' dir='ltr'><strong>in</strong></span> <span class='ocrx_word' id='word_1_808' title='bbox 1850 5706 1995 5747; x_wconf 61' lang='lat' dir='ltr'><strong>maro</strong></span> 
     </span>
    </p>
   </div>
   <div class='ocr_carea' id='block_1_107' title="bbox 420 5757 1719 5837">
    <p class='ocr_par' dir='ltr' id='par_1_107' title="bbox 420 5757 1719 5837">
     <span class='ocr_line' id='line_1_108' title="bbox 420 5757 1719 5837; baseline 0.003 -25"><span class='ocrx_word' id='word_1_809' title='bbox 420 5757 546 5832; x_wconf 71' lang='lat' dir='ltr'><strong>giae</strong></span> <span class='ocrx_word' id='word_1_810' title='bbox 571 5759 856 5819; x_wconf 84' lang='lat' dir='ltr'><strong>lectionem</strong></span> <span class='ocrx_word' id='word_1_811' title='bbox 893 5762 1225 5835; x_wconf 85' lang='lat' dir='ltr'><strong>ascripscrat</strong></span> <span class='ocrx_word' id='word_1_812' title='bbox 1255 5757 1472 5837; x_wconf 82' lang='lat' dir='ltr'><strong>quoque</strong></span> <span class='ocrx_word' id='word_1_813' title='bbox 1511 5757 1719 5824; x_wconf 75' lang='lat' dir='ltr'><strong>Mercii.</strong></span> 
     </span>
    </p>
   </div>
   <div class='ocr_carea' id='block_1_108' title="bbox 3502 4680 3690 4738">
    <p class='ocr_par' dir='ltr' id='par_1_108' title="bbox 3502 4680 3690 4738">
     <span class='ocr_line' id='line_1_109' title="bbox 3502 4680 3690 4738; baseline 0.021 -4"><span class='ocrx_word' id='word_1_814' title='bbox 3502 4680 3550 4713; x_wconf 79' lang='grc'><strong>²⁹</strong></span> <span class='ocrx_word' id='word_1_815' title='bbox 3593 4681 3690 4738; x_wconf 84' lang='lat' dir='ltr'><strong>lib.</strong></span> 
     </span>
    </p>
   </div>
   <div class='ocr_carea' id='block_1_109' title="bbox 2176 4921 3693 4993">
    <p class='ocr_par' dir='ltr' id='par_1_109' title="bbox 2176 4921 3693 4993">
     <span class='ocr_line' id='line_1_110' title="bbox 2176 4921 3693 4993; baseline 0.005 -17"><span class='ocrx_word' id='word_1_816' title='bbox 2176 4921 2253 4991; x_wconf 93' lang='grc'>(1)</span> <span class='ocrx_word' id='word_1_817' title='bbox 2301 4924 2378 4978; x_wconf 85' lang='grc' dir='ltr'><strong>Τὰ</strong></span> <span class='ocrx_word' id='word_1_818' title='bbox 2401 4925 2647 4980; x_wconf 82' lang='grc' dir='ltr'>τοιαῦτα</span> <span class='ocrx_word' id='word_1_819' title='bbox 2676 4926 2806 4991; x_wconf 76' lang='grc' dir='ltr'>δόξ’.</span> <span class='ocrx_word' id='word_1_820' title='bbox 2849 4925 3136 4993; x_wconf 88' lang='lat' dir='ltr'><strong>Pbilostr.,</strong></span> <span class='ocrx_word' id='word_1_821' title='bbox 3159 4932 3227 4983; x_wconf 75' lang='grc' dir='ltr'><strong>τα</strong></span> <span class='ocrx_word' id='word_1_822' title='bbox 3254 4929 3435 4983; x_wconf 85' lang='grc' dir='ltr'>αὐτῶν</span> <span class='ocrx_word' id='word_1_823' title='bbox 3460 4931 3693 4984; x_wconf 77' lang='grc' dir='ltr'>τοιαῦτα</span> 
     </span>
    </p>
   </div>
   <div class='ocr_carea' id='block_1_110' title="bbox 2103 4993 2620 5065">
    <p class='ocr_par' dir='ltr' id='par_1_110' title="bbox 2103 4993 2620 5065">
     <span class='ocr_line' id='line_1_111' title="bbox 2103 4993 2620 5065; baseline -0.014 0"><span class='ocrx_word' id='word_1_824' title='bbox 2103 4994 2161 5047; x_wconf 63' lang='grc' dir='ltr'>ἓν</span> <span class='ocrx_word' id='word_1_825' title='bbox 2182 4995 2323 5065; x_wconf 66' lang='grc' dir='ltr'><strong>ἀρχῇ</strong></span> <span class='ocrx_word' id='word_1_826' title='bbox 2348 4993 2620 5059; x_wconf 74' lang='grc' dir='ltr'>δόξαντας.</span> 
     </span>
    </p>
   </div>
   <div class='ocr_carea' id='block_1_111' title="bbox 2175 5062 3688 5139">
    <p class='ocr_par' dir='ltr' id='par_1_111' title="bbox 2175 5062 3688 5139">
     <span class='ocr_line' id='line_1_112' title="bbox 2175 5062 3688 5139; baseline 0.004 -21"><span class='ocrx_word' id='word_1_827' title='bbox 2175 5062 2399 5139; x_wconf 51' lang='grc' dir='ltr'><strong>(ἣςᾟαὶ</strong></span> <span class='ocrx_word' id='word_1_828' title='bbox 2449 5069 2501 5120; x_wconf 84' lang='grc' dir='ltr'>εὶ</span> <span class='ocrx_word' id='word_1_829' title='bbox 2545 5068 2664 5139; x_wconf 60' lang='grc' dir='ltr'>μὲν(</span> <span class='ocrx_word' id='word_1_830' title='bbox 2709 5065 2957 5136; x_wconf 62' lang='grc' dir='ltr'><strong>ἠγάπων</strong></span> <span class='ocrx_word' id='word_1_831' title='bbox 3009 5068 3471 5139; x_wconf 68' lang='grc' dir='ltr'>κολακευτικὴν.</span> <span class='ocrx_word' id='word_1_832' title='bbox 3526 5068 3688 5139; x_wconf 81' lang='lat' dir='ltr'><strong>Apud</strong></span> 
     </span>
    </p>
   </div>
   <div class='ocr_carea' id='block_1_112' title="bbox 2101 5132 3693 5209">
    <p class='ocr_par' dir='ltr' id='par_1_112' title="bbox 2101 5132 3693 5209">
     <span class='ocr_line' id='line_1_113' title="bbox 2101 5132 3693 5209; baseline 0.004 -22"><span class='ocrx_word' id='word_1_833' title='bbox 2101 5132 2397 5190; x_wconf 76' lang='lat' dir='ltr'><strong>Eusebium</strong></span> <span class='ocrx_word' id='word_1_834' title='bbox 2432 5132 2553 5191; x_wconf 83' lang='lat' dir='ltr'><strong>erat</strong></span> <span class='ocrx_word' id='word_1_835' title='bbox 2589 5132 2989 5209; x_wconf 78' lang='grc' dir='ltr'>κολακευτικόν,</span> <span class='ocrx_word' id='word_1_836' title='bbox 3025 5142 3165 5195; x_wconf 84' lang='lat' dir='ltr'><strong>male</strong></span> <span class='ocrx_word' id='word_1_837' title='bbox 3203 5142 3366 5195; x_wconf 86' lang='lat' dir='ltr'><strong>etiam</strong></span> <span class='ocrx_word' id='word_1_838' title='bbox 3391 5132 3519 5209; x_wconf 76' lang='lat' dir='ltr'><strong>post</strong></span> <span class='ocrx_word' id='word_1_839' title='bbox 3548 5132 3693 5209; x_wconf 53' lang='lat' dir='ltr'><strong>ﬂvit-</strong></span> 
     </span>
    </p>
   </div>
   <div class='ocr_carea' id='block_1_113' title="bbox 2104 5208 3689 5281">
    <p class='ocr_par' dir='ltr' id='par_1_113' title="bbox 2104 5208 3689 5281">
     <span class='ocr_line' id='line_1_114' title="bbox 2104 5208 3689 5281; baseline 0.005 -23"><span class='ocrx_word' id='word_1_840' title='bbox 2104 5221 2221 5258; x_wconf 86' lang='grc' dir='ltr'><strong>πων</strong></span> <span class='ocrx_word' id='word_1_841' title='bbox 2268 5220 2482 5281; x_wconf 66' lang='lat' dir='ltr'><strong>comma</strong></span> <span class='ocrx_word' id='word_1_842' title='bbox 2524 5208 3190 5281; x_wconf 72' lang='lat' dir='ltr'><strong>ponebatur._l}trumque</strong></span> <span class='ocrx_word' id='word_1_843' title='bbox 3239 5208 3501 5265; x_wconf 80' lang='lat' dir='ltr'><strong>mendum</strong></span> <span class='ocrx_word' id='word_1_844' title='bbox 3546 5208 3689 5281; x_wconf 73' lang='lat' dir='ltr'><strong>prte-</strong></span> 
     </span>
    </p>
   </div>
   <div class='ocr_carea' id='block_1_114' title="bbox 2103 5276 2887 5332">
    <p class='ocr_par' dir='ltr' id='par_1_114' title="bbox 2103 5276 2887 5332">
     <span class='ocr_line' id='line_1_115' title="bbox 2103 5276 2887 5332; baseline 0.001 -1"><span class='ocrx_word' id='word_1_845' title='bbox 2103 5285 2266 5331; x_wconf 87' lang='lat' dir='ltr'><strong>eunte</strong></span> <span class='ocrx_word' id='word_1_846' title='bbox 2298 5276 2634 5332; x_wconf 88' lang='lat' dir='ltr'><strong>Philostrato</strong></span> <span class='ocrx_word' id='word_1_847' title='bbox 2667 5278 2887 5332; x_wconf 88' lang='lat' dir='ltr'><strong>sustuli.</strong></span> 
     </span>
    </p>
   </div>
   <div class='ocr_carea' id='block_1_115' title="bbox 2180 5345 3684 5415">
    <p class='ocr_par' dir='ltr' id='par_1_115' title="bbox 2180 5345 3684 5415">
     <span class='ocr_line' id='line_1_116' title="bbox 2180 5345 3684 5415; baseline 0.003 -16"><span class='ocrx_word' id='word_1_848' title='bbox 2180 5347 2255 5415; x_wconf 77' lang='lat'>(5)</span> <span class='ocrx_word' id='word_1_849' title='bbox 2302 5350 2380 5401; x_wconf 82' lang='grc' dir='ltr'><strong>Τὰ</strong></span> <span class='ocrx_word' id='word_1_850' title='bbox 2404 5345 2505 5402; x_wconf 84' lang='grc' dir='ltr'>σά.</span> <span class='ocrx_word' id='word_1_851' title='bbox 2548 5346 2739 5401; x_wconf 86' lang='lat' dir='ltr'><strong>Melior</strong></span> <span class='ocrx_word' id='word_1_852' title='bbox 2768 5347 2913 5402; x_wconf 86' lang='lat' dir='ltr'><strong>haud</strong></span> <span class='ocrx_word' id='word_1_853' title='bbox 2942 5349 3106 5404; x_wconf 88' lang='lat' dir='ltr'><strong>dubie</strong></span> <span class='ocrx_word' id='word_1_854' title='bbox 3130 5355 3217 5403; x_wconf 88' lang='lat' dir='ltr'><strong>est</strong></span> <span class='ocrx_word' id='word_1_855' title='bbox 3243 5348 3412 5404; x_wconf 91' lang='lat' dir='ltr'><strong>lectio</strong></span> <span class='ocrx_word' id='word_1_856' title='bbox 3447 5350 3585 5412; x_wconf 58' lang='lat' dir='ltr'><strong>hare,</strong></span> <span class='ocrx_word' id='word_1_857' title='bbox 3616 5368 3684 5405; x_wconf 73' lang='lat' dir='ltr'><strong>ex</strong></span> 
     </span>
    </p>
   </div>
   <div class='ocr_carea' id='block_1_116' title="bbox 2108 5413 3683 5487">
    <p class='ocr_par' dir='ltr' id='par_1_116' title="bbox 2108 5413 3683 5487">
     <span class='ocr_line' id='line_1_117' title="bbox 2108 5413 3683 5487; baseline 0.004 -19"><span class='ocrx_word' id='word_1_858' title='bbox 2108 5413 2445 5471; x_wconf 80' lang='lat' dir='ltr'><strong>Philestrato</strong></span> <span class='ocrx_word' id='word_1_859' title='bbox 2494 5424 2769 5481; x_wconf 82' lang='lat' dir='ltr'><strong>revocata,</strong></span> <span class='ocrx_word' id='word_1_860' title='bbox 2803 5433 2967 5487; x_wconf 85' lang='lat' dir='ltr'><strong>quam</strong></span> <span class='ocrx_word' id='word_1_861' title='bbox 3000 5419 3143 5487; x_wconf 90' lang='lat' dir='ltr'><strong>quod</strong></span> <span class='ocrx_word' id='word_1_862' title='bbox 3182 5418 3239 5471; x_wconf 89' lang='lat' dir='ltr'><strong>in</strong></span> <span class='ocrx_word' id='word_1_863' title='bbox 3266 5420 3433 5476; x_wconf 88' lang='lat' dir='ltr'><strong>editis</strong></span> <span class='ocrx_word' id='word_1_864' title='bbox 3463 5420 3683 5478; x_wconf 86' lang='lat' dir='ltr'><strong>Eusebii</strong></span> 
     </span>
    </p>
   </div>
   <div class='ocr_carea' id='block_1_117' title="bbox 2108 5487 3507 5557">
    <p class='ocr_par' dir='ltr' id='par_1_117' title="bbox 2108 5487 3507 5557">
     <span class='ocr_line' id='line_1_118' title="bbox 2108 5487 3507 5557; baseline 0.004 -18"><span class='ocrx_word' id='word_1_865' title='bbox 2108 5494 2190 5540; x_wconf 87' lang='lat' dir='ltr'><strong>est</strong></span> <span class='ocrx_word' id='word_1_866' title='bbox 2218 5487 2365 5553; x_wconf 83' lang='grc' dir='ltr'>τάδε,</span> <span class='ocrx_word' id='word_1_867' title='bbox 2403 5489 2483 5542; x_wconf 90' lang='lat' dir='ltr'><strong>sic</strong></span> <span class='ocrx_word' id='word_1_868' title='bbox 2514 5488 2660 5541; x_wconf 86' lang='lat' dir='ltr'><strong>enim</strong></span> <span class='ocrx_word' id='word_1_869' title='bbox 2686 5488 2965 5556; x_wconf 88' lang='lat' dir='ltr'><strong>sequentia</strong></span> <span class='ocrx_word' id='word_1_870' title='bbox 3002 5490 3181 5557; x_wconf 87' lang='lat' dir='ltr'><strong>aptius</strong></span> <span class='ocrx_word' id='word_1_871' title='bbox 3207 5489 3507 5545; x_wconf 70' lang='lat' dir='ltr'><strong>cohaerent.</strong></span> 
     </span>
    </p>
   </div>
   <div class='ocr_carea' id='block_1_118' title="bbox 2178 5556 3397 5625">
    <p class='ocr_par' dir='ltr' id='par_1_118' title="bbox 2178 5556 3397 5625">
     <span class='ocr_line' id='line_1_119' title="bbox 2178 5556 3397 5625; baseline 0.003 -14"><span class='ocrx_word' id='word_1_872' title='bbox 2178 5556 2255 5625; x_wconf 69' lang='grc'>(4)</span> <span class='ocrx_word' id='word_1_873' title='bbox 2293 5559 2631 5613; x_wconf 76' lang='grc' dir='ltr'>Βιτελλίου.</span> <span class='ocrx_word' id='word_1_874' title='bbox 2674 5557 2935 5613; x_wconf 86' lang='lat' dir='ltr'><strong>Philostr.</strong></span> <span class='ocrx_word' id='word_1_875' title='bbox 2965 5556 3113 5613; x_wconf 78' lang='lat' dir='ltr'><strong>addit</strong></span> <span class='ocrx_word' id='word_1_876' title='bbox 3141 5559 3397 5615; x_wconf 82' lang='grc' dir='ltr'>ἐνταῦθα.</span> 
     </span>
    </p>
   </div>
   <div class='ocr_carea' id='block_1_119' title="bbox 2176 5628 3670 5698">
    <p class='ocr_par' dir='ltr' id='par_1_119' title="bbox 2176 5628 3670 5698">
     <span class='ocr_line' id='line_1_120' title="bbox 2176 5628 3670 5698; baseline 0.003 -17"><span class='ocrx_word' id='word_1_877' title='bbox 2176 5628 2251 5697; x_wconf 86' lang='lat'>(5)</span> <span class='ocrx_word' id='word_1_878' title='bbox 2292 5629 2873 5698; x_wconf 43' lang='lat' dir='ltr'><strong>Ei’rgpodrrtoﬁAntea</strong></span> <span class='ocrx_word' id='word_1_879' title='bbox 2895 5629 3179 5698; x_wconf 70' lang='grc' dir='ltr'>ἀφθόγγων</span> <span class='ocrx_word' id='word_1_880' title='bbox 3212 5630 3375 5691; x_wconf 86' lang='lat' dir='ltr'><strong>male,</strong></span> <span class='ocrx_word' id='word_1_881' title='bbox 3404 5629 3670 5686; x_wconf 63' lang='grc' dir='ltr'>Βοιετει</span> 
     </span>
    </p>
   </div>
   <div class='ocr_carea' id='block_1_120' title="bbox 2102 5694 3676 5774">
    <p class='ocr_par' dir='ltr' id='par_1_120' title="bbox 2102 5694 3676 5774">
     <span class='ocr_line' id='line_1_121' title="bbox 2102 5694 3676 5774; baseline 0.001 -21"><span class='ocrx_word' id='word_1_882' title='bbox 2102 5694 2304 5774; x_wconf 80' lang='lat' dir='ltr'><strong>Nempe</strong></span> <span class='ocrx_word' id='word_1_883' title='bbox 2324 5694 2638 5773; x_wconf 51' lang='grc' dir='ltr'>εύφθόῇων</span> <span class='ocrx_word' id='word_1_884' title='bbox 2665 5694 2980 5757; x_wconf 83' lang='lat' dir='ltr'><strong>Philostrati</strong></span> <span class='ocrx_word' id='word_1_885' title='bbox 3012 5694 3172 5754; x_wconf 77' lang='lat' dir='ltr'><strong>etiam</strong></span> <span class='ocrx_word' id='word_1_886' title='bbox 3198 5698 3425 5761; x_wconf 74' lang='lat' dir='ltr'><strong>codices</strong></span> <span class='ocrx_word' id='word_1_887' title='bbox 3458 5703 3676 5757; x_wconf 83' lang='lat' dir='ltr'><strong>habent.</strong></span> 
     </span>
    </p>
   </div>
  </div>
