3856 6222
170 267 283 325 857

1308 276 1512 332 LIBER
1551 276 1827 334 CONTRA
1866 276 2287 335 HlEROCLEM.

3343 277 3451 335 858

171 387 366 461 σευρά,
393 388 488 444 καὶ
534 389 701 461 μηδὲν
727 389 865 463 ἡγοῦ
894 393 1004 447 τῶν
1039 394 1148 449 σῶν
1178 397 1577 469 ὲντεθυμῆσθαί
1610 419 1698 471 με.
1742 420 1761 453 ι

1871 401 1998 455 dum
2033 399 2135 456 ista
2164 405 2349 469 ageret
2380 396 2609 453 consilia
2634 437 2650 463 ,
2702 396 2845 451 male
2872 395 3055 467 periit,
3081 402 3142 451 tu
3163 409 3296 450 vero
3333 411 3455 457 quae

170 476 277 531 Διά
305 477 512 533 τούτων
552 480 610 535 δὲ
634 481 770 552 ὁμοῦ
796 483 887 537 τὸν
919 483 1087 558 ἄνδρα
1116 487 1346 553 κόλακα,
1380 491 1475 544 καὶ
1501 489 1761 562 ψεύστην,

170 568 271 623 καὶ
302 569 481 625 πάντα
511 571 711 643 μᾶλλον
736 574 769 646 ἢ
806 576 1112 646 φιλόσοφον,
1142 582 1172 634 ὁ
1207 582 1349 655 ὑπὲρ
1376 583 1475 653 τῆς
1504 583 1765 656 ἀληθείας

169 660 476 734 παρίστησι
522 662 679 734 λόγος
703 665 801 737 (6).
833 668 1083 725 Τοσαῦτα
1130 671 1240 743 γάρ
1286 674 1550 747 πρότερον
1594 675 1765 730 εἰπὼν

170 754 320 807 κατὰ
347 753 442 808 τοῦ
471 756 822 827 Δομετιανοῦ,
866 762 1151 817 κολακεύει
1187 764 1282 818 νῦν
1302 768 1331 818 ὁ
1355 767 1635 835 γεννάδας,
1670 769 1765 822 καὶ

168 845 661 920 καθυποκρίνεται,
696 851 773 914 ὡς
820 853 976 909 οὐδέν
1015 872 1068 909 τι
1106 859 1226 910 κατ’
1254 858 1442 923 αὑτοῦ,
1480 860 1676 930 μᾶλλον
1707 860 1765 914 δὲ

169 936 322 1009 ὑπὲρ
353 938 541 1005 αὐτοῦ,
577 940 684 995 τῶν
723 943 852 1016 περὶ
885 945 1091 1017 μοιρῶν
1123 947 1272 1019 αὐτῷ
1302 950 1396 1002 καὶ
1428 950 1674 1022 ἀνάγκης
1706 956 1764 1007 ὲν

183 1029 367 1102 Ἰωνίᾳ
402 1033 796 1105 κεκινημένων.
817 1037 1074 1092 Ἀνάλαϐε
1113 1040 1253 1111 δῆτα
1291 1042 1391 1114 τὴν
1426 1043 1687 1116 ἱστορίαν,
1718 1040 1764 1099 ὦ

172 1124 537 1194 συγγραφεῦ,
586 1127 680 1180 καὶ
734 1128 836 1199 τῆς
883 1130 1140 1202 ἀληθείας
1194 1133 1460 1207 διανήψας
1514 1135 1641 1208 (7)
1694 1138 1765 1192 τά

172 1216 448 1288 πρότερόν
522 1235 605 1272 σοι
660 1221 941 1293 γραφέντα
1008 1222 1239 1298 λαμπρᾷ
1303 1227 1397 1280 καὶ
1482 1227 1763 1299 φιλαλήθει

169 1307 350 1362 δίελθε
408 1308 483 1381 (8)
540 1314 606 1383 τῇ
656 1314 807 1384 φωνῇ
830 1354 845 1377 ,
893 1315 1061 1387 μηδὲν
1113 1317 1604 1390 ὑποστειλάμενος*
1652 1321 1760 1386 Ὡς,

172 1404 236 1456 ὲν
303 1404 513 1475 Ἐφέσῳ
579 1406 965 1477 διατρίϐων,οι
1027 1409 1232 1482 ἀφίστη
1291 1411 1621 1483 Δομετιανοῦ
1675 1413 1765 1468 ἄν·

170 1490 311 1564 δρας
343 1493 440 1565 (9),
468 1496 564 1548 καὶ
593 1497 734 1568 ὑπὲρ
769 1498 1022 1552 ἁπάντων
1047 1500 1315 1573 ὲρρὠνυε
1347 1503 1643 1575 σωτηρίας·
1668 1506 1763 1560 καὶ

168 1584 276 1648 τὰς
325 1585 426 1656 μὲν
467 1587 916 1659 επιστολιμαίους
948 1591 1165 1663 ὁμιλίας
1207 1593 1318 1665 (10)
1351 1595 1452 1647 οὐκ
1496 1595 1762 1664 ἀσφαλεῖς

169 1677 364 1743 αὐτοῖς
390 1677 559 1750 ᾤετο,
594 1681 702 1735 τῶν
734 1681 791 1735 δὲ
824 1684 1058 1755 ἑταίρων
1087 1688 1213 1749 τοὺς
1250 1686 1758 1758 σωφρονεστάτους,

1869 493 2018 546 illius
2042 497 2198 546 erant
2226 505 2374 545 nunc
2430 489 2704 560 possides.
2759 487 2864 543 Sed
2904 490 3162 559 quoniam
3204 487 3454 542 adulato-

1868 599 1990 638 rum
2027 591 2224 638 cantus
2262 597 2349 638 me
2380 582 2628 647 offendit,
2664 579 2904 644 (videtur
2925 579 3071 637 enim
3105 580 3240 635 mihi
3271 580 3452 637 disso-

1866 689 1972 730 nus
1997 688 2122 730 esse
2150 689 2214 728 ac
2242 673 2501 744 discors.)
2537 672 2842 743 rumpenda
2880 672 3011 726 mihi
3046 672 3151 727 ista
3179 677 3264 726 est
3290 670 3452 725 chor-

1865 767 1956 822 da.
2011 765 2199 838 Neque
2242 767 2406 822 velim
2454 774 2510 821 ut
2557 766 2843 821 arbitreris
2898 766 2966 820 de
3006 764 3119 820 tuis
3151 764 3317 819 rebus
3362 778 3451 819 me

1867 857 2164 926 cogitasse.
2232 873 2253 908 ι
2308 854 2407 912 His
2463 863 2646 910 autem
2696 855 3040 924 Apollonium
3111 853 3449 908 adulatorem

1860 949 2019 1019 juxta
2072 956 2123 1002 et
2157 948 2496 1012 mendacem,
2528 954 2583 1003 et
2607 947 2823 1018 quidvis
2855 947 3037 1017 potius
3073 960 3236 1015 quam
3273 944 3451 1014 philo-

1866 1042 2122 1111 sophum,
2157 1042 2318 1096 nobis
2361 1040 2510 1096 sistit
2561 1040 2791 1095 historia
2841 1041 2981 1104 ista,
3036 1038 3284 1095 veritatis
3313 1035 3450 1091 adeo

1865 1134 2135 1190 studiosa.
2165 1133 2412 1205 Namque
2438 1133 2582 1189 idem
2602 1173 2618 1199 ,
2651 1132 2746 1204 qui
2775 1133 3013 1203 graviter
3042 1132 3177 1187 adeo
3203 1132 3357 1202 prius
3391 1131 3450 1187 in

1868 1225 2237 1282 Domitianum
2290 1227 2471 1283 fuerat
2526 1227 2811 1290 invectus,
2866 1240 3015 1280 nunc
3065 1225 3318 1280 adulatur
3365 1225 3452 1279 vir

1865 1326 2147 1383 strenuus,
2176 1321 2507 1391 simulatque
2543 1336 2607 1377 ac
2648 1321 2695 1377 si
2730 1336 2840 1375 non
2872 1329 3065 1376 contra
3112 1320 3289 1391 ipsum
3340 1318 3452 1374 ullo

1864 1413 2050 1477 modo,
2089 1412 2185 1468 sed
2212 1428 2312 1482 pro
2344 1413 2465 1484 ipso
2507 1414 2692 1484 potius
2738 1411 2972 1476 faciant,
3010 1427 3150 1483 quos
3203 1411 3262 1464 in
3299 1408 3453 1464 Ionia

1862 1504 1980 1573 ipse
2025 1505 2093 1560 de
2113 1504 2241 1561 fatis
2285 1513 2449 1576 atque
2490 1508 2819 1563 necessitate
2855 1515 3100 1565 moverat
3141 1507 3451 1563 discursus.

1866 1594 2032 1651 Sume
2065 1596 2236 1667 igitur
2262 1596 2319 1651 in
2346 1612 2542 1653 manus
2571 1607 2742 1663 tuam,
2777 1614 2813 1653 o
2848 1599 3105 1669 scriptor,
3129 1598 3450 1661 historiam,

1863 1694 1919 1743 et
1974 1688 2191 1743 veritati
2234 1690 2579 1760 pervigilium
2627 1706 2815 1761 agens,
2877 1700 3036 1747 antea
3098 1691 3198 1744 tibi
3254 1689 3310 1744 in
3363 1689 3453 1743 lit-

169 1769 362 1825 ἄλλοτε
393 1771 550 1826 ἄλλον
582 1773 1006 1844 ἀπολαμϐάνων,
1041 1778 1319 1842 Διάκονον,
1346 1779 1496 1848 ἔλεγε
1522 1818 1537 1845 ,
1578 1779 1761 1833 ποιοῦ-

1871 1783 2015 1831 teras
2051 1776 2224 1830 relata
2266 1777 2413 1831 clara
2464 1793 2597 1833 voce
2646 1787 2702 1833 et
2747 1779 2996 1836 veritatis
3037 1780 3277 1835 studium
3316 1793 3456 1849 prae-

171 1864 275 1933 μαί
328 1880 390 1917 σε
422 1866 737 1937 ἀπορρήτου
784 1866 1059 1940 λαμπροῦ.
1102 1867 1325 1922 Βαδίσαι
1370 1869 1429 1922 δέ
1463 1886 1523 1922 σε
1556 1869 1662 1943 χρὴ
1703 1870 1761 1936 ἐς

181 1953 406 2027 Ῥώμην
440 1957 592 2030 παρὰ
629 1957 720 2011 τὸν
755 1958 930 2024 δεῖνα,
969 1960 1065 2015 καὶ
1111 1961 1456 2033 διαλεχθῆναί
1488 1965 1557 2016 oi.
1593 1983 1611 2014 ι
1649 1964 1761 2018 Καὶ

165 2045 443 2115 διελέγετο
476 2048 576 2119 μὲν
631 2050 773 2121 ὑπὲρ
811 2050 1015 2122 μοιρῶν
1067 2052 1162 2106 καὶ
1202 2053 1481 2122 ἀνάγκης,
1538 2055 1633 2108 καὶ
1668 2054 1760 2108 τὸν

164 2138 329 2209 λόγον
352 2139 511 2212 διῄει,
538 2141 620 2194 ὃτι
652 2142 786 2215 μηδὲ
818 2145 867 2197 oi
897 2135 1151 2217 τύραννοι
1177 2144 1246 2199 τά
1276 2145 1480 2218 μοιρῶν
1511 2140 1615 2200 οἷοι
1645 2146 1761 2218 βιά-

166 2232 382 2296 ζεσθαι.
418 2236 528 2288 Καὶ
560 2234 636 2298 ὡς
671 2235 877 2307 χαλκῆς
922 2237 1129 2301 εἰκόνος
1173 2238 1465 2310 ἱδρυμένης
1500 2241 1761 2310 Δομετια-

166 2325 264 2380 νοῦ
295 2326 433 2397 πρὸς
455 2327 534 2399 τῷ
565 2328 795 2400 Μέλητι,
816 2330 1149 2403 ἐπιστρέψας
1178 2333 1236 2395 ἐς
1266 2331 1436 2402 αὐτὴν
1467 2334 1594 2395 τοὺς
1615 2350 1758 2404 παρ-

165 2418 353 2482 όντας-ο
387 2439 405 2470 ι
431 2420 646 2493 Ἀνόητε
672 2460 688 2485 ,
721 2416 894 2487 εἶπεν,
923 2422 999 2486 ὡς
1035 2422 1167 2477 πολὺ
1195 2423 1587 2496 διαμαρτάνεις
1639 2442 1758 2495 μοι·

169 2511 286 2585 ρῶν
317 2513 411 2565 καὶ
456 2513 720 2586 ἀνάγκης.
751 2506 822 2584 ᾯ
855 2513 966 2586 γὰρ
1002 2514 1138 2586 μετὰ
1177 2515 1238 2568 σὲ
1268 2515 1626 2588 τυραννεῦσαι
1661 2517 1759 2570 πέ-

166 2620 388 2675 πρωται
408 2645 422 2667 ,
455 2605 644 2659 τοῦτον
691 2605 786 2659 καὶ
818 2607 867 2659 εί
900 2607 1300 2674 ἀποκτείνεἰας,
1336 2607 1753 2663 ἀναϐιώσεται.»

179 2697 242 2749 Ὅ
271 2696 337 2769 δὴ
366 2698 505 2769 μετὰ
535 2701 660 2764 τοὺς
688 2701 864 2765 τοίους
889 2700 1169 2769 διαλόγους
1209 2700 1523 2756 κολακεύων
1553 2701 1646 2755 τὸν
1667 2701 1760 2754 τύ-

170 2808 391 2864 ραννον,
416 2793 509 2846 καὶ
542 2794 709 2864 μηδέν
741 2810 793 2846 τι
819 2793 1023 2847 τούτων
1052 2793 1128 2857 ὡς
1158 2793 1296 2865 πρὸς
1320 2792 1485 2847 αὐτὸν
1509 2792 1760 2869 εἰρῆσθαι

170 2883 325 2955 αὐτῷ
360 2887 889 2957 κατειρωνευόμενος
911 2927 925 2951 ,
962 2886 1078 2951 πῶς
1103 2888 1164 2940 οὐ
1196 2887 1500 2959 μοχθηρίας
1537 2887 1759 2958 ἀπάσης

172 2979 267 3031 καὶ
295 2977 673 3050 ἀνελευθερίας
695 2978 941 3051 κριθείη;
972 2982 1020 3033 εί
1052 2981 1125 3052 μὴ
1150 2960 1259 3053 ἄρα
1290 2981 1659 3054 ψευδηγόρους
1686 2998 1761 3034 τι-

170 3069 269 3131 νάς
313 3070 409 3122 καὶ
456 3071 797 3141 κατηγόρους
850 3069 945 3125 τοῦ
993 3072 1214 3143 ἀνδρὸς,
1264 3072 1384 3143 οὐχὶ
1429 3072 1486 3126 δὲ
1539 3073 1760 3144 ἀληθεῖς

1861 1876 2027 1924 eunte
2058 1866 2221 1939 540
2243 1871 2441 1939 relege,
2474 1887 2573 1926 nec
2604 1880 2656 1926 te
2678 1871 2957 1927 subducas
2984 1872 3111 1927 huic
3143 1871 3299 1927 oneri
3331 1886 3344 1920 :
3379 1869 3451 1926 Ut

1862 1977 2060 2031 nempe
2093 1975 2475 2019 commoratus
2499 1962 2697 2034 Ephesi
2735 1964 2804 2029 “,
2837 1981 2857 2016 ι
2896 1979 2927 2018 a
2962 1962 3275 2018 Domitiano
3306 1963 3455 2018 viros

1864 2053 2279 2120 abalienaverit,
2345 2061 2399 2109 et
2431 2061 2491 2109 ut
2513 2069 2870 2110 communem
2920 2060 3206 2109 tuerentur
3232 2052 3457 2108 liberta-

1865 2153 1974 2200 tem
2025 2145 2475 2201 conﬁrmaverit:
2511 2155 2678 2216 atque
2716 2145 3051 2201 commercia
3093 2144 3312 2215 quidem
3360 2157 3459 2214 per

1860 2239 2127 2309 epistolas
2161 2240 2349 2295 minus
2386 2248 2498 2293 tuta
2548 2239 2686 2309 ipsis
2718 2254 2841 2294 esse
2875 2238 3172 2311 putaverit,
3212 2236 3460 2308 adeoque

1864 2333 2133 2388 sodalium
2185 2332 2658 2404 prudentissimis,
2715 2331 2879 2387 modo
2903 2333 3008 2387 hoc
3058 2329 3225 2386 modo
3274 2329 3383 2386 alio
3422 2342 3460 2386 a

1868 2425 2030 2479 turba
2067 2424 2318 2488 seducto,
2343 2424 2548 2480 dixerit
2574 2441 2587 2477 :
2620 2424 2800 2495 Magni
2833 2432 2886 2480 te
2911 2422 3053 2480 facio
3079 2422 3263 2479 arcani
3293 2421 3455 2476 mini-

1862 2524 2059 2573 strum.
2111 2514 2340 2586 Oportet
2373 2524 2556 2572 autem
2587 2516 2815 2569 Romam
2844 2523 2898 2571 te
2927 2516 3078 2571 abire
3106 2515 3343 2569 adhunc
3364 2516 3454 2569 vel

1866 2609 2045 2671 illum,
2079 2615 2244 2677 atque
2277 2623 2404 2662 cum
2451 2623 2518 2664 eo
2575 2608 2870 2663 disserere.
2903 2626 2923 2659 ι
2962 2605 3035 2662 Ut
3068 2608 3197 2661 item
3233 2605 3301 2662 de
3331 2606 3459 2664 fatis

1860 2710 1915 2756 et
1938 2702 2266 2757 necessitate
2283 2701 2499 2755 locutus
2513 2701 2583 2756 sit
2596 2703 2663 2766 ",
2681 2710 2843 2771 atque
2865 2698 3168 2755 ostenderit
3183 2698 3456 2763 oratione,

1862 2792 2009 2864 quod
2047 2809 2117 2849 ne
2162 2794 2382 2865 tyranni
2431 2792 2651 2863 quidem
2705 2791 2942 2847 fatorum
2986 2799 3203 2845 mutare
3240 2790 3458 2845 decreta

1862 2887 2102 2941 valeant.
2134 2884 2206 2940 Ut
2254 2900 2423 2956 porro
2466 2899 2619 2939 tenea
2673 2899 2798 2939 cum
2830 2888 2979 2939 esset
3026 2880 3341 2938 Domitiano
3389 2880 3458 2934 ad

1863 2977 2116 3034 Melelem
2144 2975 2371 3032 ﬂuvium
2405 2978 2586 3048 posita
2627 2982 2833 3038 statua,
2861 2975 2916 3028 in
2939 2988 3060 3029 eam
3092 2981 3153 3028 ut
3177 2975 3459 3028 intueren-

1860 3078 1955 3124 tur
1990 3110 2006 3136 ,
2064 3081 2367 3141 praesentes
2431 3085 2625 3124 omnes
2662 3066 2997 3138 permoverit
3027 3106 3043 3131 ,
3112 3065 3453 3136 dixeritque:

173 3161 561 3233 συγγραφέας,
598 3162 717 3234 θείη
753 3181 838 3227 τις
871 3164 997 3227 τοὺς
1021 3162 1195 3217 ταῦτα
1227 3165 1413 3236 μνήμῃ
1443 3164 1759 3234 παραδεδω-

1871 3185 1889 3216 ι
1914 3163 1958 3219 Ο
1976 3166 2162 3229 stulte,
2176 3178 2340 3234 quam
2354 3162 2590 3217 fatorum
2609 3163 2831 3233 ignoras
2846 3161 3084 3217 indolem
3103 3171 3265 3232 atque
3275 3175 3462 3215 neces-

173 3250 360 3314 κότας.
407 3252 516 3305 Καὶ
560 3252 663 3306 ποῦ
713 3254 805 3307 τοῦ
860 3252 1239 3321 Φιλαλήθους
1278 3274 1296 3305 ι
1327 3257 1377 3308 οἱ
1425 3254 1760 3319 παιδεύσεως

174 3342 279 3411 μὲν
318 3341 410 3395 ἐπὶ
460 3343 714 3398 πλεῖστον
759 3345 1020 3415 ἥκοντες,
1055 3347 1116 3399 τὸ
1166 3346 1210 3399 δ’
1250 3347 1448 3419 ἀληθὲς
1493 3346 1761 3418 τιμῶντες

173 3437 544 3505 συγγραφεῖς;
581 3455 599 3487 ι
633 3437 809 3509 Δάμις
846 3455 906 3490 τε
935 3440 963 3491 ὁ
997 3438 1322 3509 φιλόσοφος,
1358 3442 1387 3493 ὁ
1419 3441 1513 3493 καὶ
1547 3440 1762 3493 συνδια-

168 3525 372 3597 τρίψας
405 3526 483 3598 τῷ
510 3527 843 3599 δηλουμένῳ,
880 3530 974 3583 καὶ
1002 3530 1360 3602 Φιλόστρατος
1392 3533 1420 3584 ὁ
1458 3530 1758 3602 Ἀθηναῖος,

170 3619 268 3691 ἀφ’
300 3614 377 3676 ὧν
418 3621 593 3675 ταῦτα
630 3623 991 3693 παρατίθεται
1012 3640 1025 3654 ⁸
1061 3622 1154 3688 οὓς
1186 3624 1373 3693 σαφῶς
1406 3624 1579 3688 οὕτως
1613 3626 1768 3678 ἐναν-

170 3713 574 3782 τιολογοῦντας,
610 3713 997 3786 κομπάζοντὰς
1027 3733 1089 3770 τε
1123 3716 1361 3788 ἀληθῶς,
1392 3717 1486 3769 καὶ
1520 3720 1633 3781 τοῖς
1670 3735 1768 3788 μα-

171 3804 426 3877 χομένοις
503 3808 946 3879 παρισταμένους
1004 3807 1247 3879 ψεύστας
1312 3808 1592 3880 ἐναργῶς,
1672 3810 1766 3861 καὶ

171 3898 567 3968 ἀπαιδεύτους,
620 3902 716 3955 καὶ
758 3901 961 3973 γόητας
1003 3901 1105 3973 τῆς
1156 3900 1413 3975 ἀληθείας
1454 3903 1516 3954 τὸ
1566 3901 1767 3971 φέγγος

170 3992 475 4063 διήλεγξεν.

172 4084 378 4138 rimum
452 4082 736 4154 profecere
767 4124 782 4148 ,

1870 3257 2070 3312 sitatis.
2098 3255 2199 3310 Cui
2234 3257 2381 3310 enim
2415 3256 2484 3312 ab
2508 3256 2609 3319 eis,
2636 3261 2839 3324 utpost
2860 3261 2914 3309 te
2946 3254 3198 3323 imperet,
3235 3252 3340 3308 fuit
3368 3251 3459 3310 de-

1865 3355 2100 3411 cretum,
2122 3347 2235 3411 ille,
2261 3348 2308 3403 si
2330 3350 2567 3417 perimas
2587 3348 2772 3411 etiam,
2791 3345 3096 3402 reviviscet.
3112 3366 3131 3400 ι
3164 3345 3283 3401 Jam
3301 3361 3453 3419 ergo,

1871 3441 1966 3511 qui
2009 3449 2133 3511 post
2166 3456 2452 3496 sermones
2474 3440 2745 3510 ejusmodi
2777 3439 3036 3494 adulatur
3084 3447 3341 3511 tyranno,
3374 3451 3457 3494 at-

1870 3548 1978 3603 que
2010 3532 2149 3586 nihil
2206 3548 2397 3588 eorum
2456 3532 2513 3586 in
2566 3533 2744 3603 ipsum
2799 3532 3008 3586 dictum
3043 3546 3166 3587 esse
3211 3532 3454 3599 simulat,
3540 3538 3547 3541 ’

1868 3623 2143 3694 quomodo
2200 3624 2381 3679 omnis
2417 3624 2465 3679 is
2513 3623 2773 3692 nequitiae
2818 3622 3101 3692 animique
3165 3622 3457 3679 illiberalis

1868 3732 1997 3771 reus
2016 3730 2124 3769 non
2162 3715 2393 3785 agatur?
2424 3714 2538 3771 Nisi
2588 3715 2729 3772 forte
2766 3715 3058 3771 mendaces
3110 3715 3378 3785 quosdam
3401 3726 3456 3772 et

1869 3808 2300 3865 calumniatores
2328 3808 2605 3878 Apollonii
2669 3824 2792 3864 esse
2826 3814 3051 3871 statuat,
3091 3822 3202 3862 non
3233 3822 3457 3864 veraces

1870 3910 2144 3963 auctores,
2178 3901 2294 3955 haec
2338 3901 2433 3971 qui
2468 3901 2745 3956 memoria:
2784 3900 3168 3971 prodiderunt.
3207 3899 3310 3955 Ubi
3337 3901 3457 3971 jam

1869 3992 2036 4062 igitur
2064 3993 2140 4047 illi
2165 3992 2479 4047 Philaletliis
2515 3998 2788 4057 auctores,
2826 4010 2845 4043 ‹
2869 3994 2962 4062 qui
3004 3992 3312 4049 eruditione
3335 3994 3455 4064 plu-

857 4085 1212 4155 veritatisque
1245 4104 1265 4137 ι
1331 4082 1765 4140 studiosissimi?
1802 4081 2010 4150 Damis,
2046 4083 2292 4155 inquam,
2347 4084 2727 4155 philosophus,
2746 4084 2838 4153 qui
2866 4091 2921 4139 et
2982 4099 3167 4140 comes
3197 4085 3455 4143 assiduus

170 4180 247 4242 ei,
308 4178 379 4235 de
410 4195 522 4251 quo
552 4180 756 4250 agitur,
787 4178 911 4243 fuit,
954 4180 1418 4250 Atheniensisque
1450 4177 1837 4243 Philostratus,
1883 4193 1914 4233 a
1946 4179 2148 4250 quibus
2200 4180 2304 4235 ista
2335 4179 2494 4235 nobis
2524 4188 2941 4252 proponuntur:
2975 4195 3113 4249 quos
3150 4179 3463 4235 luculenter

172 4277 314 4334 adeo
346 4278 452 4333 sibi
512 4292 819 4348 repugnare
884 4277 1042 4346 ipsis,
1078 4278 1383 4346 jactatores
1432 4286 1583 4332 certe
1609 4277 1962 4344 vanissimas,
2022 4284 2077 4331 et
2139 4276 2672 4333 contradictionibus
2705 4276 2822 4332 suis
2858 4275 3164 4347 spissorum
3220 4273 3456 4330 menda~

171 4374 389 4428 ciorum
423 4371 729 4437 convictos,
761 4371 1015 4427 indoctos
1050 4372 1179 4426 item
1214 4378 1270 4427 et
1319 4374 1512 4442 magns
1549 4371 1640 4424 lux
1670 4371 1923 4427 veritatis
1954 4372 2373 4427 demonstravit.

676 4490 1075 4545 ΚΕΦΑΛΑῙΟΝ
1133 4491 1264 4545 MA'.

2443 4487 2676 4544 CAPUT
2737 4486 2920 4543 XLIV.

254 4606 381 4659 Ἐπὶ
432 4606 568 4660 πᾶσι
599 4604 693 4659 τὸν
739 4603 1117 4669 Ἀπολλώνιον,
1150 4604 1534 4674 ἀπαλλαγέντα
1557 4602 1652 4658 τοῦ
1686 4606 1761 4658 δι-

1946 4604 2232 4662 Postremo
2253 4603 2606 4676 Apollonium
2646 4604 2859 4674 judicio
2901 4602 3217 4657 absolutum
3250 4603 3462 4662 sesein

171 4698 476 4772 καπηρίου
497 4738 512 4763 ,
548 4700 607 4752 ἐν
639 4696 910 4770 Λεϐαδείᾳ
947 4696 1122 4752 ἐλθεῖν
1161 4698 1387 4769 ἱστορεῖ.
1434 4696 1767 4768 Βουλόμενόν

1878 4697 2179 4753 Lebadeam
2232 4695 2507 4768 recepisse
2557 4705 2828 4751 memorat
2849 4694 2916 4752 ”.
2943 4692 3193 4767 Cumque
3242 4694 3297 4749 in
3327 4693 3457 4750 Tro»

246 4882 290 4915 ⁸⁸
332 4881 429 4938 lib.
464 4899 580 4949 vn,
607 4896 656 4938 c.
693 4881 750 4942 8.
825 4883 873 4917 ³³
913 4881 1010 4937 lib.
1047 4898 1161 4949 vn,
1193 4897 1244 4938 c.
1272 4881 1326 4939 9.
1404 4882 1451 4915 ”
1492 4880 1588 4938 lib.
1626 4897 1758 4947 vm,
1789 4895 1841 4938 c.
1879 4879 1970 4937 l9.

249 5036 328 5108 (6)
377 5038 435 5090 Ὀ
487 5038 636 5108 ὑπὲρ
683 5035 795 5108 τῆς
837 5037 1126 5105 ἀληθείας
1178 5036 1759 5108 «aplatnqt_.1droc.

175 5106 392 5164 ironice
415 5106 647 5163 dictum.
682 5107 890 5177 Nempe
925 5123 954 5161 a
986 5110 1234 5164 veritatis
1270 5107 1452 5163 studio
1473 5106 1767 5161 Philostra»

173 5190 314 5248 tum,
340 5189 504 5250 atque
548 5179 692 5234 istud
741 5177 1083 5251 σύγγραμμα
1132 5180 1254 5248 ejus
1281 5178 1764 5251 commendaverat

173 5248 482 5313 Hierocles,
516 5260 578 5305 ut
608 5251 795 5305 videre
825 5248 910 5305 est
941 5248 1106 5320 supra
1139 5265 1258 5319 cap.
1295 5248 1351 5302 2.

248 5321 301 5389 (7
312 5332 326 5385 )
366 5321 697 5390 Διανήψας.
738 5319 1022 5375 Acciolum
1058 5320 1111 5374 in
1138 5323 1255 5376 suis
1284 5319 1530 5390 διανίψας
1560 5319 1760 5390 legisse

174 5403 388 5447 certum
418 5399 502 5446 est
532 5411 545 5446 :
581 5407 705 5446 nam
730 5391 1007 5462 quomodo
1036 5400 1249 5446 vertere
1283 5391 1419 5445 alias
1438 5391 1752 5462 potuisset:

174 5464 285 5532 Age
315 5462 556 5516 veritatis
592 5461 994 5531 fonte’dilutam
1023 5471 1194 5532 repete
1225 5462 1360 5515 hanc
1394 5461 1547 5515 clara
1590 5470 1639 5515 et
1685 5463 1761 5516 in-

173 5530 347 5598 qénua
396 5535 557 5588 race?
587 5530 657 5586 At
709 5534 814 5587 ista
869 5530 1123 5599 lectione,
1168 5530 1449 5587 fatendum
1500 5533 1756 5601 ingenue,

176 5619 289 5658 non
335 5605 565 5658 multum
606 5603 749 5660 lucis
783 5603 990 5659 accedit
1026 5604 1144 5659 loco
1175 5603 1432 5658 obscuro.
1466 5600 1612 5656 Nihil
1660 5618 1762 5673 ego

177 5674 401 5744 invenio
447 5675 622 5738 magis
667 5674 968 5743 probabile,
994 5689 1158 5744 quam
1187 5673 1474 5743 legendum
1509 5688 1633 5729 esse
1664 5674 1761 5744 καὶ

174 5746 245 5815 τῇ
279 5743 505 5817 mea;
540 5745 825 5816 διανήψας.
857 5746 937 5802 sic
985 5746 1129 5803 enim
1176 5745 1313 5802 satis
1354 5745 1518 5824 plana
1552 5743 1758 5811 omnia,

1872 5052 2180 5108 sensusque
2230 5035 2462 5106 emergit
2504 5051 2615 5091 non
2664 5036 2847 5092 clarus
2898 5042 3135 5100 tantum,
3168 5051 3359 5091 verum
3402 5045 3462 5108 et

1872 5107 2116 5177 elegans,
2154 5124 2315 5178 quem
2349 5108 2600 5177 proinde,
2630 5121 2756 5162 cum
2787 5108 2954 5161 alium
2987 5122 3098 5162 non
3128 5121 3371 5178 possem,
3400 5107 3463 5160 in

1870 5180 2127 5233 versione
2154 5180 2318 5233 etiam
2349 5178 2618 5248 expressi.

1944 5250 2023 5319 (δ)
2063 5248 2379 5319 Γραμένζα
2402 5243 2646 5318 λαμπρᾷ
2672 5246 2774 5303 καὶ
2789 5247 3109 5317 φιλαλήθει
3130 5246 3348 5319 δίελθε.
3376 5243 3420 5300 Ε
3434 5259 3464 5319 ξε

1870 5315 1975 5373 ωε.
2022 5315 2260 5389 reposui.
2316 5315 2706 5381 Prior—editio,
2766 5315 3048 5389 γραφέντα
3103 5316 3334 5389 λαμπρά
3362 5315 3464 5375 καὶ

1868 5387 2136 5461 φιλαλήθη
2174 5389 2370 5454 δίελθε,
2399 5391 2625 5445 alteram
2657 5387 2838 5444 autem
2876 5390 3163 5461 lectionem
3183 5395 3238 5442 et
3259 5387 3461 5443 distin-

1867 5459 2104 5516 ctionem
2126 5459 2412 5531 interpres
2440 5461 2960 5531 quoquesequitur.
2995 5459 3273 5531 ῌοιετειι.

1939 5531 2016 5599 (9)
2061 5527 2330 5599 Ἄνδραξτ.
2370 5527 2625 5594 Nervam,
2671 5527 2892 5585 Rullum
2922 5539 2977 5585 et
3004 5527 3256 5594 Orﬁtum,
3288 5527 3357 5583 de
3383 5527 3464 5588 ita

1867 5600 2023 5673 enim
2046 5603 2225 5671 agitur
2254 5617 2320 5656 eo
2346 5617 2507 5673 quem
2548 5601 2774 5673 respicit
2800 5600 3117 5673 Philostrati
3153 5601 3292 5673 loco.

1942 5671 2056 5752 till)
2109 5671 2387 5752 Ὀμιλίαςζ
2432 5671 2692 5730 Philostr.
2729 5671 3058 5750 ξυμϐουλίας
3084 5672 3269 5739 habet,
3307 5679 3449 5752 quod

1866 5743 2041 5817 magis
2062 5743 2311 5818 probem.
