3856 6222
1087 243 1361 302 EUSEBII
1397 245 1881 305 CASSARIENSIS
1917 249 2070 307 OPP.
2111 250 2296 308 PARS
2327 251 2398 310 Il.
2429 281 2498 294 -—
2535 248 3038 307 APOLOGETICA.

409 352 601 423 phonii
648 370 874 426 specum
923 357 1259 418 descendere
1308 359 1610 430 aliectaret,
1656 366 1980 423 prohibitum

2096 386 2156 422 τε
2203 370 2261 433 ές
2309 367 2621 440 Τροφωνίου
2655 365 2957 431 κατελθεῖν,
3012 365 3086 438 μὴ
3123 362 3511 436 ἐπιτρέπεσθαι
3543 366 3682 435 πρὸς

408 445 479 501 ab
508 446 705 503 incolis
725 464 868 515 esse,
909 450 995 506 his
1028 468 1247 522 quoque
1304 468 1522 524 magum
1545 471 1671 510 eum
1695 471 1818 512 esse
1861 471 1993 512 cen-

407 538 676 595 sentibus.
709 540 873 611 Atqui
903 544 1100 599 merito
1152 544 1272 612 ejus
1316 547 1394 600 rei
1431 546 1675 618 suspicio
1724 549 1989 613 obtineat,

406 630 454 685 si
485 631 610 702 quis
640 634 940 688 contulerit
969 636 1040 691 ab
1066 637 1223 690 initio
1246 636 1586 694 Philostrato
1618 638 1767 696 dicta
1804 641 1872 709 “,
1897 642 1991 697 ubi

404 738 550 794 aegre
572 722 773 787 ferens,
820 726 1191 796 suspicionem
1235 729 1564 799 quibusdam
1615 747 1739 787 esse
1788 742 1989 798 ortam,

404 831 598 887 magus
621 817 766 886 quod
797 819 888 885 sit,
916 819 971 874 id
1004 820 1183 890 ipsum
1227 823 1532 879 admiratus
1562 826 1775 895 inquit:
1818 844 1837 878 ι
1859 826 1989 881 Em-

403 908 683 978 pedoclem
732 918 897 979 atque
956 910 1322 983 Pythagoram
1352 914 1859 988 Democritumque,
1894 919 1991 988 qui

402 1000 721 1055 earumdem
743 1016 1024 1071 magorum
1048 1004 1362 1059 exstiterint
1388 1006 1667 1076 discipuli,
1706 1024 1989 1079 nunquam

402 1100 582 1147 tamen
605 1092 659 1146 in
677 1093 813 1148 artis
832 1095 980 1150 illius
1003 1096 1377 1165 suspicionem
1412 1099 1660 1166 venisse;
1684 1097 1841 1169 541
1869 1100 1991 1154 Pla-

401 1190 583 1237 tonem
600 1198 838 1253 quoque,
859 1187 1078 1241 tametsi
1098 1187 1167 1241 ab
1183 1185 1455 1259 Egyptiis
1471 1188 1847 1243 sacerdotibus
1862 1205 1989 1259 pro-

401 1275 689 1346 plietisque
718 1276 890 1330 multa
921 1278 1250 1348 accepisset,
1276 1295 1450 1350 caque
1478 1280 1596 1335 suis
1627 1280 1783 1335 libris
1810 1281 1991 1337 inser-

399 1369 594 1433 uisset,
619 1384 963 1439 nequaquam
990 1378 1170 1427 tamen
1194 1374 1453 1443 cuiquam
1477 1374 1670 1445 magia:
1702 1375 1984 1431 addictum

396 1461 577 1515 visum
619 1476 760 1516 esse.
793 1460 869 1516 De
899 1462 1193 1532 Apollonio
1222 1475 1406 1522 autem
1438 1467 1686 1522 nondum
1724 1469 1859 1524 satis
1888 1469 1988 1523 ho-

397 1551 639 1606 minibus
679 1552 1009 1618 innotuisse,
1051 1556 1199 1625 quod
1247 1557 1499 1628 ingenuae
1535 1560 1819 1630 sapientiae
1851 1577 1987 1617 usus

399 1647 471 1701 sit
493 1646 844 1715 adjumentis,
882 1664 1211 1721 magumque
1240 1651 1506 1706 creditum
1530 1668 1655 1707 esse
1671 1667 1818 1714 eum,
1838 1652 1987 1723 quod

2092 460 2207 514 τῶν
2234 460 2567 533 ἐπιχωρίων,
2590 460 2762 530 γόητα
2789 459 2885 512 καὶ⁵
2914 457 3119 511 τούτων
3144 455 3459 528 ἡγουμένων
3493 456 3677 509 αὐτόν.

2092 551 2287 606 Καίτοι
2321 551 2470 617 ἄξιον
2514 550 2826 622 ἀπορῆσαι,
2875 548 3255 620 παραθέμενον
3286 546 3387 610 τὰς
3427 547 3486 598 ὲν
3538 548 3677 617 ἀρχῇ

2090 642 2185 696 τοῦ
2220 641 2589 712 Φιλοστράτου
2618 638 2811 705 λέξεις,
2839 639 2897 691 ὲν
2926 633 3014 701 αἷς
3034 637 3255 709 ἀπορῶν
3280 637 3309 690 ὅ
3332 654 3384 689 τι
3409 636 3475 707 δὴ
3509 636 3678 707 γόητα

2092 733 2252 787 αὐτὸν
2279 734 2661 804 ὑπειλήφασιν,
2693 732 2831 786 αὐτὰ
2862 730 2925 803 δὴ
2950 730 3123 785 ταῦτα
3154 729 3425 801 θαυμάζει
3463 728 3641 796 λέγων
3661 747 3676 760 ο

2100 845 2119 878 ι
2162 824 2532 896 Ἐμπεδοκλέα
2569 824 2667 894 μὲν
2694 824 2787 876 καὶ
2819 822 3164 893 Πυθαγόραν,
3193 823 3289 875 καὶ
3314 821 3677 893 Δημόκριτον,

2092 921 2208 981 τοῖς
2234 919 2421 981 αὐτοῖς
2447 917 2642 987 μάγοις
2666 913 3033 985 ὡμιληκότας,
3049 912 3202 966 οὔπω
3222 912 3467 983 ὑπῆχθαι
3489 911 3674 985 τέχνῃ.

2093 1008 2359 1061 Πλάτωνά
2389 1024 2448 1060 τε
2472 1048 2486 1071 ,
2523 1005 2675 1076 παρὰ
2705 1006 2815 1057 τῶν
2866 1006 2925 1058 ὲν
2959 1004 3219 1073 Αἰγύπτῳ
3252 1004 3443 1075 ἱερέων
3479 1020 3544 1055 τε
3588 1002 3678 1056 καὶ

2095 1100 2394 1171 προφητῶν
2428 1098 2597 1152 πολλὰ
2625 1096 3021 1169 παρειληφότα,
3055 1097 3151 1149 καὶ
3176 1095 3352 1149 ταῦτα
3380 1097 3497 1158 τοῖς
3531 1094 3678 1158 ίδίοις

2090 1192 2434 1263 ἁναμίξαντα
2478 1192 2691 1259 λόγοις,
2738 1188 2989 1260 οὐδαμῶς
3036 1188 3184 1254 δόξαι
3227 1188 3337 1241 τισὶ
3392 1187 3675 1259 μαγεύειν.

2093 1284 2321 1338 Τουτονὶ
2355 1284 2412 1337 δὲ
2444 1283 2597 1338 οῡπω
2625 1282 2991 1352 γινώσκεσθαι
3037 1282 3168 1353 παρ’
3212 1280 3524 1353 ἀνθρώποις
3547 1323 3563 1347 ,
3595 1281 3678 1334 an

2090 1377 2156 1449 δὴ
2190 1377 2299 1431 ἀπὸ
2331 1376 2433 1446 τῆς
2485 1376 2748 1446 ἀληθινῆς
2774 1375 3001 1448 ὡρμᾶτο
3033 1375 3253 1444 σοφίας,
3292 1375 3467 1445 μάγον
3498 1374 3557 1427 δὲ
3580 1372 3681 1427 αύ-

2091 1469 2181 1522 τὸν
2230 1468 2582 1538 νενομίσθαι,
2628 1466 2708 1538 τῷ
2744 1467 2937 1538 μάγοις
2970 1466 3355 1531 Βαϐυλωνίων,
3408 1465 3588 1519 Ἰνδῶν
3617 1481 3686 1518 τε

2090 1560 2381 1631 Βραχμᾶσι
2417 1559 2511 1613 καὶ
2542 1561 2657 1623 τοῖς
2685 1558 2999 1628 Αἰγυπτίων
3020 1559 3250 1629 Γυμνοῖς
3280 1556 3683 1628 ὠμιληκέναι.›

2090 1652 2155 1705 Τί
2201 1652 2337 1722 δῆτα
2387 1648 2482 1706 οὖν
2513 1654 2795 1724 εἰρήσεται
2828 1650 2966 1722 πρὸς
3000 1650 3192 1714 αὐτὸν,
3220 1644 3266 1703 ὦ
3307 1644 3494 1713 οὗτος
3529 1649 3687 1718 Τῷδε

396 1739 819 1812 Babyloniorum
845 1746 1018 1817 magis
1048 1744 1594 1816 Brachmanibusque
1616 1720 1895 1812 Indorum,
1920 1764 1980 1803 ac

2088 1742 2170 1814 τῷ
2216 1744 2371 1816 ἀνδρὶ
2403 1744 2721 1816 τηλικοῦτον
2765 1746 3099 1815 ἐπεχειρεῖτο
3123 1782 3136 1806 ,
3182 1742 3257 1805 ὡς
3301 1742 3464 1812 μόνον
3505 1742 3687 1810 γόητα.

396 1828 672 1901 Ᾱζεγριίἰε
703 1830 877 1887 Nudis
900 1848 958 1888 se
1010 1834 1065 1887 in
1119 1833 1468 1904 disciplinam
1510 1834 1771 1891 dedisset.
1793 1856 1812 1887 ι
1842 1835 1981 1902 Quid

395 1922 562 1993 igitur
610 1922 945 1979 Philostrato
1003 1926 1363 1997 responderi,
1421 1927 1617 1992 amice,
1682 1929 1986 1983 convenit?

393 2013 599 2087 Nempe
625 2016 708 2070 vir
734 2017 840 2072 istc
887 2018 1009 2087 ejus
1034 2020 1250 2089 generis
1275 2034 1365 2075 res
1388 2020 1610 2075 molitus
1652 2019 1776 2086 fuit,
1811 2029 1871 2075 ut
1894 2038 1986 2077 so-

394 2106 482 2162 lus
515 2115 569 2162 et
586 2108 715 2161 olim
751 2117 805 2163 et
830 2119 1023 2164 nostra
1084 2119 1241 2165 aetate
1300 2109 1463 2165 fuerit
1494 2111 1715 2167 habitus
1764 2128 1979 2184 magus,

395 2212 506 2267 prae
534 2198 866 2267 ejuscemodi
928 2200 1082 2265 viris,
1137 2201 1230 2271 qui
1274 2201 1400 2256 licet
1448 2203 1693 2267 eosdem,
1731 2204 1877 2274 quod
1921 2213 1980 2259 tu

395 2288 617 2359 quidem
643 2292 747 2354 ais,
780 2293 991 2362 experti
1038 2291 1275 2348 fuissent
1318 2295 1634 2365 magistros,
1670 2302 1725 2351 et
1746 2312 1847 2351 suo
1898 2306 1984 2352 ta-

396 2396 520 2437 men
540 2397 656 2436 aevo
684 2383 827 2438 bona
861 2384 1004 2439 fama
1031 2386 1204 2455 gavisi
1230 2393 1380 2449 sunt,
1408 2394 1462 2441 et
1502 2388 1740 2457 posteris
1763 2405 1985 2460 quoque

392 2475 736 2544 temporibus
755 2475 1113 2545 philosophia:
1153 2492 1267 2532 suae
1316 2478 1571 2533 virtutem
1624 2482 1981 2535 commenda-

390 2568 664 2624 tissimam
693 2570 984 2638 reliquere.
1019 2571 1217 2625 Annon
1246 2570 1415 2641 igitur
1444 2572 1586 2626 ultra
1615 2588 1779 2642 quam
1811 2573 1894 2629 fas
1911 2575 1983 2629 sit

391 2676 516 2716 eum
577 2661 953 2718 molitionibus
1005 2663 1122 2719 suis
1174 2664 1537 2733 processisse,
1601 2666 1801 2736 quibus
1848 2682 1981 2722 sana

391 2771 548 2811 mens
578 2764 664 2811 est
692 2757 950 2813 omnibus
979 2756 1334 2813 manifestum
1358 2758 1468 2813 sit?
1512 2756 1760 2829 Suntque
1786 2762 1982 2815 etiam-

390 2862 523 2900 num
557 2847 720 2903 hodie
750 2849 844 2919 qui
904 2849 1146 2919 magicas
1198 2849 1510 2913 machinas,
1547 2866 1669 2921 quae
1698 2851 1804 2905 viri
1834 2852 1983 2906 illius

388 2953 515 2995 esse
550 2940 828 3003 dicantur,
866 2956 991 2996 sese
1019 2942 1206 2996 dicant
1262 2942 1556 3012 reperisse.
1607 2943 1677 2996 At
1710 2943 1831 3000 istis
1862 2946 1983 2997 ani-

391 3046 540 3085 mum
570 3032 853 3088 advertere
878 3048 1026 3088 nunc
1047 3033 1269 3105 quidem
1305 3034 1448 3088 haud
1479 3035 1676 3105 placet.
1698 3034 1771 3090 De
1808 3047 1980 3091 morte

392 3131 575 3177 autem
607 3124 771 3179 etiam
806 3124 910 3179 viri
943 3125 1223 3196 prioribus
1267 3133 1639 3181 consentanea
1681 3126 1811 3180 dum
1844 3143 1978 3182 coa-

392 3214 604 3278 cinnat,
663 3215 812 3269 nulla
870 3225 1023 3285 parte
1070 3218 1356 3271 veritatem
1410 3217 1490 3273 rei
1520 3217 1627 3273 sibi
1671 3217 1979 3275 innotuisse

392 3303 653 3358 ostendit.
684 3304 835 3360 Alios
865 3306 1012 3360 enim
1047 3305 1245 3376 Ephesi
1271 3308 1477 3361 exitum
1530 3309 1655 3377 ejus
1679 3310 1978 3381 contigisse

394 3394 470 3447 ait
507 3393 712 3449 referre
741 3395 811 3459 ’⁸,
843 3394 980 3448 alios
1014 3403 1195 3449 autem
1224 3394 1451 3449 Lindiin
1479 3395 1731 3451 Minervae
1755 3398 1977 3465 templo,
2030 3457 2040 3467 _

393 3485 534 3540 alios
565 3484 619 3538 in
654 3483 815 3540 Creta
837 3485 1038 3540 insula.
1071 3484 1134 3538 Et
1160 3500 1284 3539 cum
1312 3493 1525 3540 tantum
1555 3487 1807 3557 caliginis
1829 3487 1978 3541 illius

393 3578 557 3631 morti
586 3576 847 3643 olIundat,
884 3578 1000 3632 vult
1026 3587 1210 3633 tamen
1245 3578 1497 3633 eumdem
1541 3594 1669 3632 cum
1705 3580 1827 3648 ipso
1853 3594 1977 3633 cor-

393 3684 526 3737 pore
551 3670 616 3723 ad
652 3685 881 3739 superos
896 3671 1163 3725 evolasse.
1190 3667 1324 3722 Nam
1360 3685 1484 3724 cum
1517 3671 1981 3739 templum,prout

392 3758 484 3812 ille
514 3760 612 3823 ait,
647 3760 930 3830 ingressus
982 3770 1151 3825 esset,
1208 3762 1396 3817 valvas
1441 3772 1666 3831 repente
1705 3761 1977 3826 occlusas,

392 3848 938 3922 inexspectatumque
973 3851 1247 3922 virginum
1287 3862 1510 3907 cantum
1552 3868 1618 3907 ex
1643 3867 1709 3907 eo
1733 3852 1979 3908 auditum

391 3959 533 3999 esse.
563 3943 907 4017 Cantumque
947 3946 1117 4004 fuisse
1144 3949 1347 4003 istum:
1388 3967 1406 4000 ι
1444 3946 1601 4013 Veni,
1629 3949 1752 4004 veni
1775 3949 1829 4002 in
1860 3964 1979 4002 caa-

390 4035 525 4098 lutn,
549 4040 691 4094 veni.
717 4059 736 4089 ι
772 4039 936 4094 Addit
961 4042 1109 4111 quod
1146 4058 1214 4097 ne
1247 4042 1304 4095 in
1333 4042 1717 4112 cenotaphium
1749 4042 1972 4113 quidem

388 4129 509 4197 ejus
540 4130 811 4197 inciderit,
847 4147 972 4187 cum
1019 4143 1201 4190 tamen
1232 4134 1350 4204 ipse
1382 4133 1702 4189 universum
1753 4134 1968 4195 orbem,

387 4235 495 4288 qua
544 4220 651 4275 late
683 4229 848 4290 patet,
892 4231 1260 4294 peragrasset.
1306 4222 1538 4295 Vultque
1582 4225 1685 4279 hoc
1716 4225 1821 4294 ipsi
1851 4214 1972 4278 ani-

386 4326 531 4374 ntus,
586 4314 810 4368 omnino
862 4322 1091 4369 mortem
1132 4315 1311 4369 virum
1340 4315 1490 4369 illum
1521 4331 1631 4370 non
1679 4318 1965 4386 attingere.

384 4398 521 4455 Cum
554 4404 700 4457 enim
729 4404 885 4458 initio
905 4405 1119 4460 dubitet
1167 4406 1236 4460 de
1270 4407 1434 4462 modo
1467 4424 1576 4479 quo
1606 4407 1743 4462 vivis
1778 4423 1972 4462 exces-

2091 1833 2260 1887 πάλαι
2283 1852 2339 1887 τε
2357 1834 2450 1887 καὶ
2468 1833 2561 1888 νῦν
2585 1834 2898 1904 νενομίσθαι
2929 1834 3095 1886 εἰσέτι
3116 1831 3265 1903 παρὰ
3286 1831 3411 1893 τοὺς
3428 1829 3686 1901 τηλικού-

2087 1945 2213 1991 τους
2230 1927 2449 1997 ἄνδρας,
2468 1928 2517 1980 οἳ
2535 1926 2645 1979 τῶν
2661 1924 2862 1989 αὐτῶν,
2881 1924 2954 1987 ὡς
2978 1925 3104 1995 φῂς,
3121 1921 3453 1976 διδασκάλων
3486 1938 3684 1974 πεπει-

2089 2020 2348 2091 ρασμένοι
2379 2018 2535 2089 (10⁸),
2582 2017 2878 2089 διέπρεψαν
2915 2017 3013 2087 μὲν
3042 2017 3134 2069 καὶ
3171 2014 3295 2068 καθ’
3325 2014 3419 2078 οὒς
3452 2014 3689 2085 ἐγνωρί-

2088 2110 2242 2176 ζοντο
2269 2110 2528 2182 χῴνους,
2576 2111 2672 2164 καὶ
2714 2112 2773 2174 ἐς
2814 2109 2939 2172 τοὺς
2986 2108 3279 2178 μετέπειτα
3310 2106 3367 2160 δὲ
3398 2108 3501 2177 τῆς
3533 2106 3684 2176 σφῶν

2088 2204 2409 2273 φιλοσοφίας
2442 2204 2685 2273 ἀοίδιμον
2738 2201 3159 2257 καταλελοίπασι
3200 2199 3298 2270 τὴν
3347 2200 3555 2271 ἀρετήν
3580 2216 3594 2229 ⁸
3634 2202 3683 2252 εί

2091 2294 2166 2366 μὴ
2210 2294 2319 2365 ἄρα
2366 2294 2509 2364 πέρα
2556 2294 2663 2348 τῶν
2712 2292 3101 2363 προσηκόντων
3142 2289 3412 2361 ἐγχειρῶν
3458 2291 3578 2352 τοῖς
3622 2284 3680 2342 εὖ

2087 2383 2343 2455 φρονοῦσι
2378 2384 2609 2455 φανερὸς
2657 2382 3044 2452 καθειστήκει;
3086 2379 3295 2433 Αὐτίκα
3338 2379 3451 2432 τῶν
3476 2378 3576 2432 νῦν
3611 2382 3685 2431 εί-

2088 2492 2194 2539 σιν,
2216 2475 2265 2527 οἳ
2293 2473 2619 2546 περιέργους
2655 2472 2903 2545 μηχανὰς
2935 2473 3068 2543 (il),
3098 2474 3162 2542 τῇ
3194 2470 3291 2524 τοῦ
3330 2470 3532 2541 ἀνδρὸς
3560 2472 3685 2523 ἀνα-

2088 2567 2345 2639 κειμένας
2379 2565 2751 2638 προσηγορίᾳ,
2802 2564 3189 2634 κατειληφέναι
3220 2562 3496 2631 λέγουσιν.
3542 2561 3682 2615 Ἀλλ’

2087 2660 2187 2713 οὐκ
2231 2660 2419 2730 ἔμοιγε
2462 2657 2614 2727 φίλον
2658 2657 2870 2720 τούτοις
2911 2657 3199 2729 προσέχειν
3228 2655 3320 2707 τὸν
3349 2654 3512 2708 νοῦν*
3546 2654 3683 2707 ἀλλὰ

2085 2752 2198 2824 γὰρ
2227 2751 2321 2805 κα)⁵
2348 2752 2477 2823 περὶ
2504 2750 2606 2820 τῆς
2637 2749 2898 2816 τελευτῆς
2930 2748 3023 2803 τοῦ
3052 2748 3245 2819 ἀνδρὸς
3274 2746 3550 2801 ἀκόλουθα
3572 2749 3684 2810 τοίς

2087 2842 2372 2913 προτέροις
2415 2841 2753 2904 συντάττων,
2801 2839 2952 2892 οὐδὲν
2986 2838 3183 2910 ἀληθὲς
3232 2837 3499 2907 ἐξέφηνεν
3544 2836 3682 2892 εἰδέ-

2084 2951 2192 2988 ναι.
2231 2933 2370 2996 Τοὺς
2406 2933 2504 3003 μὲν
2529 2930 2637 3003 γὰρ
2664 2932 2722 2983 ὲν
2756 2930 2968 2999 Ἐφέσῳ
2996 2928 3320 2999 τελευτῆσαι
3353 2928 3516 2981 αὐτὸν
3540 2930 3685 2980 ἱστο-

2088 3029 2190 3099 ρεῖ,
2220 3026 2345 3089 τοὺς
2375 3025 2431 3078 δὲ
2459 3028 2517 3078 ὲν
2543 3023 2718 3092 Λίνδῳ
2747 3025 2806 3087 ὲς
2829 3022 2889 3076 τὸ
2916 3022 3059 3094 ἱερὸν
3076 3021 3178 3092 τῆς
3215 3018 3683 3093 Ἀθηνᾶς,ἆλλους

2083 3120 2140 3173 δὲ
2170 3121 2227 3173 ὲν
2268 3120 2483 3191 Κρήτῃ.
2529 3117 2641 3171 Καὶ
2670 3115 2940 3187 τοσαύτην
2972 3117 3194 3183 ἄγνοιαν
3218 3113 3312 3168 τοῦ
3343 3114 3476 3185 περὶ
3515 3113 3684 3168 αύτῦν

2081 3211 2267 3273 τέλους
2286 3209 2719 3271 κατασκεδάσας,
2741 3208 2991 3278 βούλεται
3010 3208 3174 3262 αὐτὸν
3190 3209 3246 3272 ὲς
3275 3208 3505 3280 οὐρανὸν
3527 3207 3684 3278 αὐτῷ

2087 3300 2297 3371 σώματι
2340 3298 2609 3371 χωρῆσαι.
2663 3298 3059 3370 Ἐσδραμόντος
3098 3296 3208 3369 γὰρ
3248 3299 3305 3361 ὲς
3341 3298 3510 3369 ἱερὸν,
3544 3299 3685 3368 φησι

2085 3391 2402 3461 κλεισθῆναι
2432 3389 2529 3453 τὰς
2555 3390 2748 3453 πύλας,
2785 3389 2879 3443 καί
2904 3408 3024 3443 τινα
3055 3389 3199 3461 ᾠδὴν
3234 3388 3499 3459 ἀδόκητον
3527 3407 3683 3461 παρ·

2086 3484 2256 3537 θένων
2286 3486 2557 3536 ἐκπεσεῖν.
2590 3483 2662 3536 Τὸ
2690 3482 2747 3536 δὲ
2790 3477 2943 3554 ᾇσμα
2975 3477 3145 3535 εἶναι·
3189 3500 3207 3533 ι
3233 3483 3453 3551 Στείχε,
3498 3483 3683 3552 στεῖχε

2086 3578 2143 3640 ἐς
2170 3576 2418 3648 οὐρανὸν,
2463 3576 2661 3646 στεῖχε.
2695 3593 2714 3626 ι
2750 3574 2915 3643 Λέγει
2954 3573 3047 3639 δὲ,
3094 3574 3171 3637 ὡς
3202 3574 3337 3645 μήτε
3371 3573 3684 3644 κενοταφίῳ

2083 3669 2178 3723 τοῦ
2200 3669 2389 3740 ἀνδρός
2416 3686 2502 3721 πω
2523 3666 2827 3738 περιτύχοι,
2844 3665 3023 3719 καίτοι
3049 3664 3151 3735 τῆς
3176 3665 3281 3735 γῆς
3303 3666 3480 3734 ὁπόση
3502 3666 3680 3726 ἐστὶν,

2086 3761 2277 3815 ἑαυτὸν
2308 3760 2622 3814 ἐπελθόντα.
2652 3758 2758 3812 Καὶ
2792 3757 3043 3829 βούλεται
3067 3757 3216 3828 αὐτῷ
3244 3759 3277 3827 ἡ
3302 3757 3510 3811 διάνοια
3537 3756 3683 3827 μηδὲ

2084 3852 2222 3915 ὅλως
2262 3852 2490 3906 θανάτου
2526 3851 2618 3904 τὸν
2661 3849 2828 3921 ἄνδρα
2863 3849 3059 3917 θίγειν.
3111 3848 3385 3921 Πρότερον
3424 3848 3520 3918 μὲν
3566 3848 3684 3919 γὰρ

2088 3945 2442 4017 ἀμφιϐάλλων
2498 3946 2627 4017 περὶ
2674 3943 2767 3998 τοῦ
2812 3944 3048 4014 τρόπου,
3099 3941 3217 3996 καθ’
3265 3941 3325 3995 ὃν
3379 3940 3639 3995 ἐτελεύτα
3664 3980 3681 4003 ,

2083 4038 2310 4109 ὕστερον
2341 4038 2397 4090 δὲ
2425 4036 2721 4109 διαρρήδην
2755 4036 2851 4089 καὶ
2892 4037 2951 4099 ὲς
2980 4033 3210 4106 οὐρανὸν
3240 4034 3401 4087 αὐτὸν
3427 4033 3683 4106 χωρῆσαι

2080 4131 2299 4200 φάσκει.
2324 4129 2507 4188 Ὅθεν,
2535 4129 2611 4192 ὡς
2635 4128 2699 4199 δὴ
2729 4127 2971 4181 τοιοῦτον
2995 4128 3146 4191 ὄντα,
3165 4128 3257 4180 καὶ
3286 4127 3431 4179 κατὰ
3458 4127 3519 4179 τὸ
3544 4144 3684 4197 προ-

2076 4222 2251 4292 οίμιον
2276 4260 2290 4284 ,
2336 4222 2430 4274 καὶ
2473 4220 2593 4274 καθ’
2631 4220 2759 4290 ὃλην
2791 4220 2895 4293 τὴν
2937 4219 3192 4291 γραφὴν,
3224 4219 3547 4291 Πυθαγόρου
3583 4221 3683 4273 καὶ

2089 4309 2515 4384 Ἐμπεδοκλέους
2559 4311 2827 4385 θειότερόν
2878 4328 3047 4383 φησι,
3101 4313 3195 4365 καὶ
3238 4310 3681 4384 παρεληλυθέναι

2080 4406 2389 4479 φιλοσοφίᾳ.

383 4495 478 4560 sit,
503 4494 703 4549 diserte
728 4494 924 4551 deinde
972 4495 1107 4550 dicit
1145 4496 1198 4550 in
1241 4498 1439 4552 caelum
1500 4499 1817 4555 ascendisse
1877 4512 2025 4553 eum.
2073 4497 2446 4565 Quamobrem
2481 4513 2641 4564 eum,
2678 4502 2866 4551 tantus
2890 4494 2982 4565 qui
3007 4496 3101 4561 sit,
3134 4507 3189 4551 et
3222 4484 3276 4549 in
3303 4497 3579 4568 prooemio
3607 4498 3676 4562 ",

455 4608 504 4641 ἰ
543 4609 638 4664 lib.
674 4627 715 4674 ι,
759 4625 809 4663 c.
842 4609 897 4665 ε.
976 4612 1023 4643 η
1064 4611 1157 4667 lib.
1188 4588 1325 4677 vm,
1364 4628 1413 4668 c.
1448 4613 1540 4669 29.
1614 4616 1661 4646 ιο
1703 4614 1797 4669 lib.
1837 4632 1888 4679 ι,
1944 4616 2085 4671 (1.2.

454 4727 590 4795 (10⁸)
631 4727 1125 4803 ρεξτειρασμένοι.
1167 4728 1307 4801 Lege
1348 4731 1758 4803 πεπειραμένοι,
1794 4746 1826 4786 a
1852 4749 1973 4784 πει-ο

2088 4732 2305 4803 lesmata
2328 4729 2593 4803 adversus
2626 4729 2891 4803 ciconias.
2912 4727 3040 4803 Lyci
3076 4728 3673 4803 ilu_vii_exund.-.tiones.

386 4797 1051 4943 ρὰῗῆῗιδῗὲἒέριέργους
1075 4868 1377 4943 μηχανάς.
1403 4868 1800 4943 intelliguntur
1822 4873 1970 4926 τελε-

382 4939 567 5021 στικά,
589 4954 711 5009 qua:
729 4942 933 5021 passim
965 4939 1464 5021 itt__urb_ibus_Asi:_e
1491 4951 1544 4996 et
1566 4940 1797 5021 ﬁrmius
1825 4944 1973 4999 inve-

380 5011 697 5071 niebantur,
730 5026 853 5079 qua:
900 5011 1172 5080 Apollonii
1217 5014 1381 5082 vulgo
1421 5013 1641 5069 Eusebii
1692 5030 1807 5068 aevo
1849 5031 1973 5070 esse

380 5080 771 5139 credebantur.
811 5082 1041 5139 eiusaue
1096 5085 1232 5138 adeo
1290 5081 1617 5137 di'cebantur
1668 5100 1831 5139 esse:
1869 5086 1972 5138 hoc

380 5096 771 5146 credebantur,
811 5098 1041 5151 ejusque
1096 5096 1232 5138 adeo
1290 5096 1617 5137 dicebantur
1668 5100 1831 5149 esse;
1870 5096 1972 5138 hoc

380 5152 525 5206 enim
584 5154 1175 5234 est'qugdnaddiotqﬁ
1230 5153 1325 5234 τρῦ
1380 5153 1974 5234 άνδρὸςβνρικειμένας

382 5222 744 5305 προσηγορίᾳ.
782 5221 994 5305 Talith
1028 5224 1082 5277 in
1118 5221 1219 5305 hac
1259 5224 1375 5305 ipsa
1400 5221 1629 5305 historia
1661 5225 1719 5278 iit
1743 5221 1974 5305 mentio,

381 5292 596 5373 nun,
637 5292 760 5363 cap.
798 5294 885 5373 ιο.
919 5293 1081 5373 Plura
1126 5304 1307 5349 autem
1339 5296 1406 5349 de
1423 5295 1701 5373 _ii_sAbabet
1735 5294 1977 5373 Joannes

381 5362 758 5418 Antiochenus
812 5365 866 5418 in
913 5364 1230 5434 Chronogr.,
1265 5380 1389 5436 pag.
1422 5364 1549 5429 542,
1580 5381 1741 5436 quem
1788 5366 1970 5421 locum

382 5435 733 5493 transcripsit
782 5435 943 5489 etiam
980 5444 1172 5489 auctor
1203 5434 1451 5490 Chronici
1490 5437 1646 5491 Alex.
1680 5436 1760 5489 En
1807 5438 1973 5493 verba

383 5451 733 5502 transcripsu
782 5451 943 5489 etiam
980 5451 1172 5489 auctor
1203 5451 1451 5490 enromca
1490 5451 1646 5491 Alex.
1681 5451 1760 5489 Ian
1807 5451 1971 5493 verba

383 5503 506 5578 ejus
540 5500 759 5578 :‘Hvﬁé
790 5507 903 5578 τοῖς
935 5505 1148 5576 χρόνοις
1173 5505 1436 5577 βασιλέως
1469 5510 1798 5578 Δομετιανοῦ
1830 5512 1858 5561 ὁ
1882 5525 1971 5560 σο-

386 5570 632 5642 φὼτατος
674 5570 1031 5639 Ἀπολλώνιος
1060 5578 1088 5628 ὁ
1118 5570 1381 5641 Τυανεὺς,
1412 5579 1509 5631 καὶ
1544 5570 1771 5649 ’ῆκμαζε
1819 5596 1976 5650 περι-

386 5642 627 5698 πολεύων
656 5646 750 5698 καὶ
781 5645 1057 5712 πανταχοῦ
1086 5647 1256 5701 ποιῶν
1298 5648 1602 5712 τελέσματα
1635 5651 1714 5712 είς
1746 5647 1847 5712 τὰς
1878 5649 1977 5700 πό-

386 5664 627 5698 πολευων
656 5664 750 5698 και
781 5664 1057 5716 πανταχου
1086 5664 1256 5701 ποιων
1298 5664 1453 5702 τελεσ
1535 5665 1602 5700 τα
1635 5664 1714 5712 εις
1746 5664 1847 5712 τας
1878 5665 1975 5700 πο-

385 5712 499 5778 λεις
517 5714 704 5780 καιρίς
727 5715 825 5781 τὰς
852 5715 1055 5791 χώρας.
1079 5718 1208 5775 lude
1234 5728 1421 5775 narrat
1450 5664 1694 5790 igneum
1732 5734 1855 5776 cum
1895 5727 1975 5775 te-

2077 4801 2381 4857 testudines
2394 4802 2783 4868 itetn,etequos
2799 4800 3124 4855 ferocientes
3140 4800 3355 4855 fecisse.
3373 4802 3677 4856 Antiochia:

2079 4874 2145 4926 ad
2181 4882 2392 4942 portam
2425 4872 2577 4926 urbis
2607 4870 2932 4942 orientzﬂem
2974 4872 3199 4925 telesma
3228 4878 3425 4925 contra
3451 4881 3674 4926 ventum

2081 4939 2453 5013 aqu'ilonarem
2496 4939 3007 5013 posuissanusum
3056 4942 3183 4994 item
3224 4957 3289 4994 ex
3335 4957 3465 4997 aere
3516 4958 3674 4998 scor-

2080 5010 2228 5084 pium
2261 5014 2315 5066 in
2349 5012 2480 5084 urbe
2500 5010 2681 5067 inedia
2709 5010 3005 5084 defodisse,
3029 5013 3455 5084 columnamque
3482 5015 3531 5067 ei
3550 5029 3673 5083 par-

2080 5082 2201 5137 vam
2242 5082 2592 5152 imposuisse,
2624 5082 2768 5153 quod
2799 5098 2993 5137 omnes
3018 5082 3267 5151 scorpios
3295 5084 3566 5152 fugaverit
3594 5091 3671 5138 te-

2084 5154 2275 5210 lesma.
2315 5154 2475 5205 Aliud
2525 5152 2655 5207 item
2705 5153 2969 5209 adversus
3011 5152 3219 5207 culices
3247 5168 3494 5221 parasse,
3527 5154 3667 5223 quod

2125 5224 2354 5279 rolixius
2381 5223 2734 5287 describitur,
2762 5239 2928 5293 qttam
2983 5231 3043 5276 ut
3093 5223 3182 5276 hic
3216 5234 3467 5291 repetere
3493 5233 3663 5277 vacet.

2132 5295 2288 5350 adem
2349 5309 2482 5347 vero
2525 5295 2683 5363 juxta
2728 5310 2851 5348 cum
2905 5294 3029 5348 aliis
3060 5293 3335 5362 Apollonii
3369 5293 3666 5363 τελέσμασι

2079 5367 2243 5420 etiam
2294 5363 2522 5420 Tzetzes
2568 5371 2817 5420 recenset
2850 5363 3085 5419 Chiliad.
3122 5380 3181 5423 ιι.
3224 5364 3358 5420 bist.
3395 5364 3486 5419 60.
3518 5363 3667 5418 Adde

2077 5435 2564 5505 Joan.Gregorium
2588 5435 2643 5489 in
2670 5435 2885 5491 Observ.
2910 5434 2994 5500 S.,
3020 5451 3071 5488 c.
3090 5450 3214 5489 viti.
3232 5433 3333 5488 Hic
3355 5437 3543 5505 itaque
3566 5451 3664 5505 μη·-

2078 5508 2243 5577 χαναὶ
2269 5509 2335 5578 τῇ
2363 5506 2456 5559 τοῦ
2491 5506 2683 5577 ἀνδρὸς
2702 5506 3068 5578 άνακείμεναι
3092 5505 3461 5578 προσηγορίᾳ.
3477 5506 3662 5578 Accio-

2080 5575 2167 5632 lus
2199 5575 2340 5631 male
2368 5575 2607 5631 verterat
2639 5596 2652 5631 :
2692 5575 2873 5647 Neque
2900 5575 3015 5631 uero
3049 5575 3202 5629 hodie
3227 5575 3440 5638 desunt,
3463 5576 3554 5647 qui
3572 5589 3659 5629 ea:-

2080 5657 2255 5709 uertos
2284 5664 2341 5702 se
2370 5648 2552 5700 dicunt
2585 5648 2698 5717 ejus
2728 5647 2928 5700 nomini
2951 5650 3192 5701 invocato
3231 5648 3473 5717 magicas
3499 5648 3665 5701 illam

2082 5722 2319 5786 virtutes,
2351 5720 2421 5772 ad
2451 5719 2821 5788 superstitiosa
2847 5719 3105 5789 qua'piam
3134 5716 3455 5789 peragenda.
