3856 6222
245 296 352 352 861

1390 301 1595 359 LIBER
1631 299 1913 359 CONTRA
1948 299 2369 358 HIEROCLEM.

3411 293 3518 350 862

246 421 307 467 et
331 415 385 468 in
421 422 537 471 toto
566 430 751 487 opere,
774 417 950 491 magis
971 414 1133 491 542
1152 435 1315 496 quam
1338 410 1423 479 vel
1448 421 1835 496 Pythagoram,
1865 422 1950 479 vel
1974 420 2351 492 Empedoclem
2376 417 2452 472 ait
2473 392 2642 473 fuisse
2667 415 2935 479 divinum,
2963 411 3271 484 studiisque
3300 425 3517 481 sapzett-

247 509 343 562 tiae
375 511 725 571 excelluisse.

750 628 1150 683 ΚΕΦΔΛΔῘΟΝ
1203 631 1336 685 ME'.

338 716 498 771 Ἀλλά
526 715 637 790 γάρ
658 721 717 772 ἐν
747 719 961 784 τούτοις
986 723 1464 795 περιγραφομένου
1508 722 1604 778 τοῦ
1651 725 1832 794 λόγου,

252 806 441 880 βραχέ’
476 810 612 865 ἄττα
646 812 775 885 περὶ
809 812 1015 885 μοιρῶν
1062 815 1156 869 καὶ
1188 816 1529 887 εἱμαρμένης
1563 816 1694 888 φέρε
1717 817 1835 870 δια-

248 900 508 973 λάϐωμεν
530 920 544 934 ·
571 904 600 957 ὃ
624 922 679 957 τι
711 904 806 958 καὶ
841 904 1084 975 βούλοιτο
1123 906 1191 960 δι’
1221 907 1350 979 ὅλης
1384 907 1533 979 αὐτῷ
1563 909 1664 979 τῆς
1698 910 1834 962 ὑπο-

248 995 465 1060 θέσεως
523 997 553 1049 ὁ
604 996 763 1066 λόγος
805 996 940 1069 (12),
1000 999 1063 1053 τὸ
1121 999 1220 1071 μὲν
1275 1001 1361 1070 ἐφ’
1412 1003 1543 1073 ἡμῖν
1572 1000 1832 1073 ἀναιρῶν,

248 1088 502 1160 ἀνάγκην
536 1089 591 1143 δὲ
642 1090 898 1159 εἰσάγων,
932 1093 1027 1145 καὶ
1080 1092 1450 1165 εἱμαρμένην,
1488 1096 1583 1148 καὶ
1617 1094 1835 1166 μοίρας,

246 1179 600 1251 διαθροῦντες
625 1199 640 1213 ο
693 1183 867 1256 ταύτῃ
916 1184 1027 1256 γὰρ
1081 1184 1212 1255 ἡμῖν
1254 1184 1482 1249 ἐντελῶς
1533 1185 1627 1239 καὶ
1680 1188 1713 1257 ἡ
1778 1188 1837 1240 ἐν

245 1273 488 1344 δόγμασι
545 1274 858 1345 ψευδοδοξία
897 1276 1122 1349 τάνδρὸς
1163 1276 1623 1350 διευουνθήσεται.
1680 1280 1741 1332 Εἰ
1770 1279 1835 1350 δὴ

246 1364 371 1431 οὖν,
405 1368 548 1422 κατά
571 1368 661 1422 τὸν
692 1367 927 1439 ἀληθοῦς
972 1369 1287 1440 φιλοσοφίας
1310 1371 1488 1440 λόγον,
1691 1374 1836 1425 πᾶσα

247 1461 519 1525 ἀθάνατος
585 1462 665 1534 (τὺ
717 1465 827 1535 γὰρ
870 1462 1176 1533 ἀεικίνητον
1226 1463 1337 1534 (15)
1383 1463 1670 1529 ἀθάνατον,
1701 1466 1761 1519 τὸ
1793 1465 1835 1519 δ’

248 1552 555 1624 ὕφ’έτέρου
590 1552 929 1624 κινούμενον,
960 1552 1172 1607 παῦλαν
1203 1553 1324 1624 ἕχον
1372 1555 1659 1626 κινήσεως,
1697 1557 1838 1609 παῦ-

245 1643 351 1698 λαν
384 1644 498 1716 ἔχει
528 1644 728 1715 ζωῆς),
757 1645 851 1698 καὶ
893 1646 1040 1698 αίτία
1071 1645 1348 1717 ἑλομένου,
1378 1646 1512 1711 Θεὸς
1556 1650 1797 1712 ἀναίτιος
1819 1667 1835 1681 ·

246 1736 339 1799 τίς
368 1737 573 1817 αἱροίτο
598 1735 755 1805 λόγος
783 1735 1041 1801 ἄκουσαν,
1088 1737 1207 1807 οὐχὶ
1241 1737 1300 1790 δὲ
1328 1738 1466 1792 κατά
1499 1739 1834 1811 προαίρεσιν,

246 1828 464 1898 ἀψύχου
511 1827 668 1898 δίκην
732 1825 988 1897 σώματος
1039 1826 1239 1892 ἔξωθέν
1290 1829 1452 1884 ποθεν
1487 1832 1833 1902 κινουμένην,

247 1920 348 1973 καὶ
382 1919 626 1991 ὡσπερεὶ
678 1920 1260 1991 νευροσπαστουμένην
1296 1920 1428 1991 (14),
1458 1915 1559 1975 ὦδε
1612 1925 1835 1976 κάκεῖσε

245 2016 351 2083 τὴν
408 2012 713 2083 ἀεικίνητον
755 2012 984 2080 ἄγεσθαι
1023 2011 1208 2081 φύσιν,
1265 2014 1430 2083 μηδὲν
1475 2014 1736 2085 μηδαμῶς
1774 2014 1835 2080 ἐξ
1865 1991 1908 2047 Β

251 2106 394 2169 ἰδίας
428 2105 606 2177 ὁρμῆς
635 2104 729 2158 καὶ
764 2106 1031 2175 κινήσεως
1067 2103 1417 2175 ἐνεργοῦσαν,
1458 2106 1589 2176 μηδὲ
1612 2109 1669 2169 ἐς
1704 2108 1831 2159 ἑαυ-

245 2198 352 2269 τὴν
378 2197 477 2266 τὴν
497 2194 606 2248 τῶν
666 2195 960 2267 δρωμένων
991 2195 1366 2267 ἀναφέρουσαν
1400 2197 1578 2249 αἰτίαν
1601 2214 1613 2227 ⁸
1661 2198 1832 2270 ταύτῃ

244 2307 312 2343 τε
348 2294 484 2360 μήτε
530 2286 924 2358 φιλοσοφοῦσαν
965 2288 1284 2340 ὲπαινετέαν
1349 2288 1660 2358 τυγχάνειν,
1709 2290 1832 2360 μήτ’

248 2377 319 2435 αὖ
349 2380 555 2451 ψεκτὴν
596 2379 790 2442 κακίας
829 2369 1078 2449 ἔμπλεων
1134 2380 1229 2432 καὶ¹
1267 2380 1570 2451 πονηρίας;
1602 2381 1666 2433 Τί
1701 2381 1834 2452 δῆτα

246 2469 344 2527 οὖν
399 2471 659 2545 Εὐφράτῃ
693 2470 1100 2542 λοιδορούμενος
1152 2473 1505 2545 καταμέμφῃ,
1537 2467 1581 2525 ὦ
1617 2475 1755 2537 ’τᾶν,
1786 2476 1834 2527 εί

251 2568 330 2639 μὴ
368 2566 496 2637 παρ’
551 2563 763 2626 ἑαυτοῦ,
801 2564 914 2617 ἀλλ’
952 2562 1012 2629 ἐξ
1042 2564 1384 2637 εἱμαρμένης
1411 2567 1502 2618 ἐπὶ
1543 2564 1602 2618 τὸ
1646 2565 1834 2635 κέρδος

247 2655 461 2719 ἐκδοὺς,
504 2655 580 2719 ὡς
605 2655 767 2718 αὐτὸς
799 2654 987 2719 ἀξιοῖς,
1026 2655 1295 2727 ὠλιγώρει
1322 2656 1641 2726 φιλοσοφίας
1676 2657 1786 2727 (15)
1817 2674 1831 2722 ;

249 2750 317 2802 Τί
352 2749 410 2803 δὲ
435 2749 627 2818 γόησιν
657 2747 981 2819 ὲνυϐρίξεις,
1008 2747 1371 2817 ψευδοσόφους
1398 2748 1706 2814 ἀποκαλῶν,
1730 2749 1835 2802 ὑπὸ

254 2841 483 2915 μοιρῶν,
511 2842 587 2905 ὡς
622 2843 753 2911 ἡγῇ,
776 2839 1205 2910 καθελκομένους
1229 2842 1320 2892 ἐπὶ
1342 2840 1433 2893 τὸν
1466 2841 1835 2913 κακοδαίμονα

252 2936 402 3006 βίον;
428 2935 493 2988 Τί
532 2934 589 2987 δὲ
646 2932 844 2988 κακίαν
876 2932 1060 2996 ἁπλῶς
1105 2930 1424 3003 ὀνομάζεις
1458 2936 1570 2988 Καὶ
1601 2936 1834 3008 πονηρός

249 3045 336 3091 τις
363 3026 667 3097 ἀνθρώπων
696 3026 796 3079 οὐκ
824 3027 881 3078 ἐν
912 3023 1034 3098 δίκῃ
1073 3025 1315 3096 κρίνεται
1340 3024 1490 3096 παρά
1522 3026 1625 3089 σοὶ,
1651 3026 1743 3079 τὸν
1776 3026 1834 3093 ἐξ

247 3119 496 3189 ἀνάγκης
519 3118 849 3189 εἱμαρμένον
889 3117 1222 3188 ἀποπληρῶν
1265 3118 1409 3189 ὅρον.
1460 3117 1546 3182 Ὠς
1576 3118 1831 3189 ἔμπαλιν,

247 3211 358 3262 τίνι
403 3209 548 3280 λόγῳ
596 3208 920 3279 Πυθαγόραν
958 3207 1299 3279 σεμνολογῶν
1361 3207 1670 3280 θαυμαστὸν
1711 3212 1833 3262 ἐπι-

1863 646 1912 705 Α

2498 618 2728 680 CAPUT
2785 617 2948 677 XLV.

2010 735 2117 793 Sed
2172 735 2374 791 limites
2428 733 2695 789 orationis
2744 730 3145 786 constituentes
3198 729 3375 796 istos,
3417 742 3517 799 age

1934 830 2126 900 paucis
2185 828 2365 882 adhuc
2415 826 2486 882 de
2550 824 2691 889 fato,
2723 831 2887 894 atque
2943 821 3134 878 Parcis
3164 829 3511 877 tractemus:

1935 921 2067 994 quid
2091 921 2218 977 velit
2240 915 2541 991 [scriptori]
2562 931 2659 987 per
2689 924 2861 971 totum
2895 928 3035 984 opus
3059 912 3207 966 istud
3239 912 3513 978 doctrina,

1937 1011 2147 1067 arbitrii
2171 1011 2369 1066 tollens
2398 1009 2728 1073 libertatem,
2748 1015 2803 1062 et
2834 1006 3218 1062 necessitatem
3249 1004 3517 1062 inducens

1936 1104 2193 1173 legesque
2234 1101 2449 1166 fatales,
2484 1110 2539 1155 et
2591 1098 2784 1161 fatum,
2823 1097 3124 1169 dispecturi
3163 1116 3176 1152 :
3220 1097 3321 1150 hac
3367 1096 3517 1152 enim

1936 1194 2150 1247 ratione
2173 1199 2429 1248 accurate
2481 1206 2513 1245 a
2557 1190 2717 1245 nobis
2750 1190 3025 1260 Apollonii
3056 1190 3112 1244 in
3141 1188 3393 1243 doctrina
3426 1203 3519 1243 er-

1936 1302 2092 1342 rores
2146 1286 2309 1339 etiam
2340 1284 2758 1354 redarguentur.
2812 1281 2870 1336 Si
2921 1290 3006 1337 est
3046 1282 3210 1353 igitur
3256 1280 3339 1352 (ut
3373 1296 3519 1336 verre

1937 1377 2293 1448 philosophiae
2312 1375 2564 1430 doctrina
2582 1373 2794 1445 tradit.)
2821 1374 3004 1427 anima
3024 1374 3351 1429 immortalis
3418 1373 3519 1443 (si-

1937 1469 2158 1540 quidem
2192 1468 2336 1539 quod
2360 1483 2575 1537 semper
2596 1474 2866 1529 movetur,
2896 1475 2980 1520 est
3010 1465 3336 1530 immortale,
3369 1465 3518 1537 quod

1938 1569 2122 1615 autem
2174 1566 2422 1614 movetur
2476 1557 2715 1620 aliunde,
2774 1557 2866 1611 ubi
2929 1564 3109 1611 motus
3149 1556 3517 1612 cessationem

1937 1651 2242 1714 admiserit,
2262 1650 2443 1704 vivere
2459 1644 2704 1715 desinit);
2724 1648 2770 1702 si
2783 1647 2910 1701 item
2932 1654 3016 1702 est
3032 1661 3196 1702 causa
3211 1647 3515 1712 electionis,

1937 1755 1990 1801 et
2015 1745 2155 1800 Deus
2180 1744 2355 1814 culpa
2384 1751 2468 1798 est
2497 1741 2788 1807 immunis;
2838 1755 2961 1810 quae
2988 1746 3129 1794 ratio
3156 1739 3258 1795 sibi
3290 1755 3521 1809 persua-

1939 1836 2071 1891 serit
2122 1836 2377 1901 invitam,
2408 1849 2517 1888 non
2554 1840 2747 1902 sponte
2805 1846 2939 1895 sua,
2993 1830 3161 1887 veluti
3213 1830 3518 1883 inanimum

1937 1940 2159 1997 corpus,
2178 1926 2245 1979 ab
2273 1932 2501 1979 externo
2533 1923 2714 1991 aliquo
2743 1920 3020 1991 agitatam,
3052 1930 3106 1975 et
3135 1920 3301 1974 veluti
3324 1920 3517 1973 alienis

1936 2020 2119 2074 nervis
2145 2018 2421 2080 mobilem,
2441 2016 2548 2070 huc
2563 2022 2617 2069 et
2635 2015 2763 2067 il'luc
2787 2021 3047 2083 perpetuo
3068 2022 3218 2072 motu
3246 2012 3515 2082 vigentem

1936 2119 2188 2167 naturam
2243 2109 2394 2174 duci,
2441 2107 2578 2162 nihil
2611 2121 2849 2175 unquam
2880 2105 2932 2160 vi
2978 2105 3200 2175 propria
3257 2112 3519 2175 motuque

1937 2209 2207 2274 agentem,
2235 2215 2415 2270 neque
2466 2197 2534 2253 ad
2585 2199 2824 2268 seipsam
2864 2195 3134 2250 factorum
3165 2210 3195 2248 a
3226 2210 3285 2250 se
3318 2210 3518 2251 causas

1935 2295 2259 2350 referentem
2295 2311 2309 2348 :
2341 2301 2505 2362 atque
2532 2292 2603 2347 ob
2635 2291 2689 2344 id
2715 2290 2892 2362 ipsum
2927 2305 3104 2359 neque
3129 2288 3519 2359 philosophan-

1935 2393 2045 2440 tem
2076 2383 2292 2438 laudem
2318 2382 2537 2445 mereri,
2568 2397 2747 2450 neque
2776 2380 3253 2449 reprehensionem
3283 2380 3330 2435 si
3361 2380 3519 2451 mali-

1936 2478 2025 2531 tia:
2066 2491 2128 2529 ac
2150 2474 2475 2530 delictorum
2512 2473 2672 2543 plena
2704 2471 3061 2538 fuerit?Quid
3104 2471 3290 2541 igitur,
3320 2472 3516 2538 amice,

1935 2567 2263 2641 Euphratem
2291 2567 2555 2621 conviciis
2591 2574 2754 2635 atque
2787 2564 3353 2618 animadversionibus
3391 2578 3524 2633 pro-

1937 2662 2185 2732 sequeris
2214 2662 2279 2728 ²⁷,
2307 2660 2351 2716 si
2386 2676 2493 2715 non
2523 2675 2623 2715 suo
2675 2656 2925 2720 arbitrio,
2952 2656 3048 2710 sed
3079 2654 3225 2708 fatali
3276 2655 3519 2710 necessi-

1937 2763 2049 2811 tate
2079 2757 2231 2809 lucro
2253 2754 2491 2817 deditus,
2518 2752 2838 2823 ignominia,
2875 2756 3040 2822 prout
3074 2758 3129 2801 tu
3155 2763 3368 2813 censes,
3396 2747 3521 2817 phi-

1937 2848 2241 2919 losophiam
2275 2846 2471 2901 allicit?
2496 2845 2639 2912 Quid
2662 2859 2850 2915 magos
2878 2843 3005 2897 item
3030 2840 3248 2910 probris
3283 2840 3521 2895 insecta-

1936 2941 2015 2996 ris
2047 2942 2112 3004 ’⁸,
2142 2940 2343 3011 spuria:
2372 2936 2652 3008 sapientiae
2682 2936 2923 2989 cultores
2954 2932 3255 3003 appellans,
3287 2932 3378 3001 qui
3408 2929 3519 2985 fato

1935 3040 2138 3094 tamen,
2170 3033 2326 3101 juxta
2359 3040 2505 3085 tuam
2537 3029 2874 3099 opinionem,
2918 3024 2986 3080 ad
3035 3024 3227 3079 infelix
3257 3022 3406 3079 istud
3440 3024 3521 3077 vi-

1934 3127 2094 3182 vendi
2146 3142 2319 3196 genus
2379 3120 2713 3177 trahuntur?
2769 3118 2883 3174 lmo
2911 3117 3041 3188 quid
3071 3117 3265 3172 vitium
3295 3116 3522 3172 omnino

1935 3217 2114 3271 adhuc
2148 3215 2441 3269 nominas?
2477 3212 2663 3281 Neque
2712 3212 2891 3265 malus
2926 3209 3218 3279 quisquam
3248 3208 3374 3279 jure
3403 3223 3434 3263 a
3466 3217 3522 3263 te

248 3302 440 3376 γράφῃ
500 3301 840 3365 διδάσκαλον,
897 3301 991 3353 καὶ
1040 3300 1242 3371 μοιρῶν
1288 3301 1558 3369 παίγνιον,
1592 3301 1706 3354 ἀλλ’
1735 3303 1834 3355 οὐκ

1945 3309 2250 3375 damnatur,
2281 3306 2655 3377 praescriptam
2705 3303 2809 3358 sibi
2841 3318 2872 3357 a
2901 3302 3012 3357 fato
3044 3302 3411 3357 necessariam
3441 3301 3523 3357 le-

250 3394 489 3466 ἐραστὴν
521 3393 649 3446 ὄντα
686 3391 1021 3462 φιλοσοφίας,
1059 3390 1159 3442 οὐκ
1197 3390 1516 3454 ἀπολείπεις
1560 3391 1832 3457 ἐπαινῶν;

248 3483 515 3558 Φραώτης
550 3485 607 3538 δὲ
636 3485 729 3537 καὶ
765 3484 1000 3554 Ἷάρχας,
1070 3482 1245 3536 Ἰνδῶν
1285 3483 1581 3551 φιλόσοφοι,
1616 3484 1670 3536 τί
1704 3483 1839 3553 μᾶλ-

249 3580 344 3633 λον
373 3578 523 3650 παρά
558 3580 641 3631 σοὶ
661 3577 798 3630 Θεῶν
831 3576 1218 3647 ἀπηνέγκαντο
1247 3574 1357 3645 (16)
1386 3574 1564 3640 δόξαν,
1598 3575 1763 3645 μηδέν
1782 3591 1835 3627 τι

254 3672 505 3735 παιδείας
524 3669 653 3723 ἴδιον
671 3669 805 3739 (17),
833 3668 954 3740 μηδ’
979 3667 1179 3739 ἀρετῆς
1200 3666 1635 3736 ἀπενεγκάμενοι
1658 3666 1833 3731 κλέος;

250 3765 507 3834 Νέρωνος
532 3762 577 3815 δ’
613 3760 872 3823 ὡσαύτως
901 3760 994 3813 καὶ
1025 3758 1365 3830 Δομετιανοῦ·
1384 3758 1436 3810 τί
1466 3759 1587 3827 οὐχὶ
1620 3759 1836 3829 μοίραις

253 3856 351 3910 καὶ
402 3856 617 3927 ἀνάγκῃ
668 3854 768 3925 τὴν
796 3852 1095 3906 ἀκόλαστον
1129 3851 1454 3923 περιάπτεις
1486 3849 1797 3920 ἀγερωχίαν
1823 3888 1837 3908 .

255 3948 439 4019 πάσης
472 3946 650 4008 αἰτίας
672 3946 765 3999 καὶ
790 3944 990 4007 παντὸς
1013 3942 1354 4013 ἐγκλήματος
1384 3942 1684 4014 ἐλευθερῶν
1714 3942 1840 4006 τοὺς

253 4040 485 4110 ἀνδρας;
527 4037 688 4090 Ἀλλά
730 4038 823 4090 καὶ
856 4038 907 4090 εί
929 4054 1007 4107 τῳ
1040 4036 1349 4107 πέπρωται,
1381 4035 1457 4098 ὡς
1488 4036 1612 4105 φῂς,
1649 4034 1838 4104 δρομι-

252 4131 358 4203 κῷ,
382 4134 476 4185 καὶ
503 4130 719 4202 τοξικῷ,
745 4132 838 4183 καὶ
857 4128 1152 4198 τεκτονικῷ
1176 4126 1426 4196 γενέσθαι
1447 4126 1581 4196 (18)·
1599 4125 1741 4179 οὕτω
1773 4126 1838 4197 δὴ

252 4226 367 4298 γὰρ
387 4225 541 4296 γόητι
566 4224 656 4278 τὸν
685 4224 884 4293 τρόπον
910 4222 1044 4285 ὄντι,
1076 4221 1248 4291 μάγον
1281 4219 1619 4289 ἀναφανῆναι
1644 4236 1657 4248 ·
1689 4236 1835 4289 μιαι-

255 4318 402 4388 φόνῳ
424 4333 483 4369 τε
521 4316 616 4368 καὶ
665 4314 905 4386 πονηρῷ,
940 4316 1033 4367 καὶ
1071 4313 1354 4383 ἀκολάστῳ
1391 4311 1610 4373 πάντως
1640 4328 1742 4363 που
1775 4309 1834 4377 ἐξ

252 4408 501 4478 ἀνάγκης
522 4406 729 4459 τοιόσδε
768 4422 851 4468 τις
892 4404 1246 4476 ἀποϐήσεται.
1282 4403 1346 4455 Τί
1381 4402 1517 4472 δῆτα
1560 4397 1653 4455 οὖν
1680 4418 1836 4472 περι-

1942 3416 2061 3469 gem
2111 3399 2237 3453 dum
2272 3398 2479 3467 implet.
2541 3394 2633 3450 Sic
2662 3410 2818 3450 versa
2879 3395 2997 3449 vice
3019 3434 3033 3458 ,
3083 3410 3189 3464 qua
3220 3403 3276 3448 tu
3310 3392 3525 3449 ratione

1940 3490 2303 3562 Pythagoram
2343 3496 2637 3543 veneratus
2691 3486 3066 3541 admirabilem
3103 3502 3269 3542 vocas
3318 3474 3541 3557 prece-7

1941 3592 2149 3652 ptorem
2182 3583 2246 3647 ²⁹,
2277 3580 2688 3651 Parcarumque
2741 3582 3035 3636 ludibrium
3090 3579 3181 3650 qui
3243 3579 3358 3643 sit,
3410 3593 3522 3632 non

1940 3672 2222 3741 sapientiae
2279 3680 2509 3737 amator,
2565 3670 2791 3726 laudare
2831 3687 2945 3725 non
3000 3672 3225 3725 cessas?
3254 3667 3523 3724 Phraotes

1939 3780 2104 3835 porro
2135 3772 2190 3819 et
2217 3762 2440 3819 larchas
2474 3779 2575 3817 cur
2609 3764 2790 3833 potius
2815 3778 2978 3832 quam
3002 3762 3092 3815 alii
3126 3762 3377 3815 homines
3404 3774 3434 3813 a
3468 3770 3524 3815 te

1939 3870 2039 3924 pro
2067 3853 2174 3910 diis
2194 3854 2686 3921 habentur’°,cum
2710 3855 2986 3924 propriam
3015 3868 3123 3907 non
3153 3852 3329 3906 ferant
3362 3850 3525 3906 insti-

1938 3946 2171 4001 tutionis
2202 3953 2367 4014 atque
2419 3946 2640 4001 virtutis
2682 3946 2941 4000 laudem?
2989 3943 3277 4014 Similique
3309 3944 3524 3998 ratione

1939 4036 2172 4092 Neronis
2202 4032 2360 4107 543
2393 4043 2446 4091 et
2482 4035 2773 4089 Domitiani
2823 4050 2924 4090 cur
2968 4034 3082 4089 fato
3117 4043 3171 4088 et
3205 4033 3522 4089 necessitati

1941 4129 2260 4184 infrunitam
2291 4128 2433 4182 baud
2453 4129 2649 4183 tribuis
2675 4127 3007 4197 superbiam,
3029 4127 3095 4180 ab
3112 4127 3260 4181 omni
3291 4126 3523 4180 crimine

1942 4227 1995 4275 et
2018 4222 2177 4290 culpa
2210 4236 2306 4275 cos
2337 4220 2665 4275 absolvens?
2686 4219 2885 4274 Verum
2918 4220 2963 4274 si
2988 4219 3077 4273 cui
3110 4217 3221 4273 fato
3254 4217 3520 4271 tributum

1942 4319 2047 4375 est,
2072 4320 2151 4376 ut,
2184 4310 2642 4380 quemadmodum
2670 4312 2750 4365 ais
2768 4312 2832 4376 ",
2862 4327 3057 4365 cursor
3084 4311 3176 4376 sit,
3206 4317 3265 4362 ut
3296 4309 3523 4378 sagitta-

1940 4402 2081 4464 rius,
2114 4409 2171 4455 ut
2198 4403 2563 4471 architectus;
2597 4403 2820 4473 perinde
2847 4405 3010 4458 etiam
3042 4403 3114 4468 ei,
3146 4401 3239 4465 qui
3271 4402 3521 4455 incanta-

326 4568 372 4600 "’
411 4566 503 4621 lib.
543 4582 632 4629 vt,
668 4580 719 4620 c.
749 4562 859 4629 29;
903 4562 999 4615 lib.
1035 4526 1161 4628 vui,
1198 4577 1245 4616 c.
1289 4561 1339 4614 7.
1416 4560 1462 4592 ³⁸
1503 4560 1598 4615 lib.
1635 4575 1767 4623 vm,
1803 4574 1852 4614 c.
1896 4557 1948 4615 7.
2024 4561 2070 4592 ²⁹
2111 4560 2205 4617 lib.
2261 4576 2393 4626 vm,
2428 4574 2478 4614 c.
2518 4560 2549 4613 7
2580 4577 2697 4633 seq.
2734 4569 2787 4615 et
2855 4561 3083 4630 passim.
3160 4558 3205 4589 ’°
3249 4558 3343 4614 lib.
3410 4572 3516 4621 vn,

250 4651 309 4697 c.
340 4638 429 4697 52.
506 4637 551 4668 "
590 4638 686 4691 lib.
719 4650 851 4699 vm,
892 4649 942 4688 c.
975 4634 1028 4689 7.

326 4800 440 4872 (12)
471 4799 549 4853 Δι’
577 4799 726 4872 ὅλης
752 4797 916 4872 αὑτῴ
938 4795 1042 4872 τῆς
1064 4797 1238 4872 ὐποᾷ.
1270 4795 1545 4872 ό-λόγος,
1568 4802 1673 4872 εις.
1707 4791 1830 4872 Hgnc
1863 4797 1910 4853 D

253 4883 311 4928 et
336 4864 623 4941 sequentia
654 4864 1125 4941 si'lectafuissent
1164 4866 1278 4941 viro
1298 4865 1479 4931 docto,
1500 4865 1584 4919 ιιι).
1616 4864 1827 4941 Jonsio,

254 4945 314 4998 iu
346 4935 484 4997 libro
518 4941 592 4995 De
626 4939 971 5009 scriptoribus
1012 4938 1137 4990 hist.
1165 4936 1381 5009 phjlosq
1415 4952 1525 4989 non
1546 4935 1833 5009 potuisset

256 5017 313 5070 in
344 5029 467 5072 eum
508 5006 1020 5082 prolabi'errprem,
1053 5023 1164 5082 quo
1187 5007 1445 5082 abreptus
1473 5006 1831 5082 existimavit,

257 5076 614 5139 Hierocli'de
671 5080 781 5135 fato
828 5079 1104 5148 disputata
1150 5077 1239 5131 hic
1273 5076 1567 5148 confutari,
1598 5090 1833 5148 quorum

257 5155 562 5223 fragmenta
617 5152 870 5206 Stobaeus
918 5144 1081 5223 nobis
1141 5148 1395 5223 servavit.
1436 5146 1591 5223 _Unde
1617 5144 1836 5223 deinde

258 5216 637 5295 arg'umentum
670 5223 773 5276 sibi
802 5219 956 5295 nasci
989 5216 1837 5295 putavit,_C:esariensem_Euse-

257 5286 411 5350 bium
462 5310 569 5347 non
613 5307 734 5347 esse
779 5291 871 5361 qui
901 5286 1016 5343 hac
1050 5289 1292 5361 scripsit,
1326 5304 1450 5361 eum
1488 5288 1592 5361 qui
1618 5287 1686 5361 de
1720 5286 1831 5361 fato

257 5364 482 5432 scripsit
539 5357 837 5425 Hierocles,
872 5368 1031 5432 aetate
1077 5357 1263 5413 eo’sit
1306 5359 1537 5432 multum
1581 5357 1828 5432 inferior.

256 5428 444 5560 Pl()5)
460 5433 536 5517 ,Τὸ
553 5432 664 5504 γὰρ
687 5433 901 5488 ἀεικίν.
927 5429 1219 5500 Desumpta
1242 5436 1371 5484 sunt
1392 5429 1497 5483 ista
1519 5444 1586 5483 ex
1609 5428 1837 5483 Phaedro

327 5524 354 5559 1|
383 5521 527 5559 01118.

306 5507 527 5559 latonis.

332 5576 986 5647 (14)Νευροσπαστουμ.
1020 5568 1387 5647 Hunclocum
1422 5568 1691 5647 interpres
1736 5569 1839 5623 mi-

259 5640 383 5703 sere
412 5640 719 5714 exceperat,
750 5640 1121 5714 quem_7_paulo
1154 5640 1373 5714 planius
1404 5640 1716 5710 rectiusque
1751 5655 1837 5697 me

258 5708 604 5786 expressisse
625 5708 884 5786 arbitror.
907 5708 1179 5767 [161.5er2
1216 5708 1833 5786 Holstentanam'autem

260 5781 768 5853 interpretationem
797 5784 885 5840 hic
921 5798 1021 5841 nos
1046 5797 1262 5854 quoque
1296 5781 1656 5839 servavimus.

2007 4788 2118 4862 (15)
2135 4786 2427 4862 Ὠλιτὼρει
2449 4782 2837 4862 φιῖῖοεοξίὰς.
2859 4780 3017 4862 ῌαρά
3046 4779 3108 4833 τὸ
3139 4781 3349 4862 πρέπον
3371 4776 3523 4849 φιλο-

1938 4831 2393 4932 σοφίξίπρόιέτεῖν
2429 4831 2562 4910 dicit
2586 4831 2914 4932 PhilostrLI.
2949 4831 3029 4915 λιι,
3060 4866 3109 4905 c.
3144 4831 3234 4905 '59.

2039 4920 2120 4998 l6)
2152 4920 2405 4983 Μᾶλλον
2443 4943 2507 4980 π.
2535 4927 2654 4989 σοί,
2691 4923 3033 4998 ριοηΝοηψθ
3055 4937 3165 4998 eos
3200 4921 3394 4998 μόνους
3420 4920 3517 4973 ἀν-

1937 4993 2170 5074 θρὼπων
2204 5017 2261 5055 se
2282 5016 2382 5070 pro
2416 4998 2523 5053 diis
2554 4998 2754 5052 habere
2782 4996 2986 5050 diserte
3017 4993 3094 5046 ait
3116 4993 3239 5046 loco
3261 4993 3315 5046 in
3341 5006 3515 5061 tnarg.

1936 5075 2126 5128 citato.

2011 5144 2121 5214 (l7)
2152 5140 2366 5214 Μηδέν⁸
2396 5138 2751 5214 τιμξτιζιδείᾳς
2781 5136 2973 5214 ἴδιον..
3017 5132 3295 5214 Ipsorum.
3322 5147 3520 5212 nempe

1937 5202 2049 5269 non
2105 5202 2190 5268 est
2233 5202 2505 5282 quidquid
2554 5210 2613 5282 in_
2661 5202 2741 5263 eis
2787 5202 3163 5282 virtutisfsed
3202 5202 3322 5267 fati,
3358 5202 3521 5270 cujus

1937 5275 2281 5340 necessitans
2312 5275 2517 5337 vis'eos
2551 5280 2616 5334 ad
2650 5281 2909 5334 virtutem
2934 5275 3286 5331 determinat.

2010 5355 2120 5426 (l8)
2156 5352 2469 5407 Γενέσθαι.
2504 5350 2657 5426 Hanc
2686 5364 2877 5426 vocem
2915 5347 3118 5426 addere
3159 5358 3329 5426 ausus
3375 5358 3518 5401 sum.

1942 5413 2062 5481 sine
2103 5413 2217 5495 'qua
2270 5437 2499 5495 mancus
2556 5420 2645 5475 hic
2698 5420 2852 5474 locus
2908 5416 3215 5495 videbatur.
3262 5413 3338 5495 Ea
3388 5427 3522 5467 vero

1941 5485 2144 5551 addita'
2185 5495 2369 5548 omnia
2419 5494 2581 5562 plana
2641 5498 2791 5562 sunt,
2835 5487 2999 5543 modo
3045 5485 3363 5562 memineris
3398 5492 3522 5562 post

1939 5565 2276 5637 ἀναφανῆναι
2328 5553 2556 5637 ver-bum
2612 5560 2901 5632 πέπρωται
2954 5566 3203 5637 repetere
3247 5555 3364 5637 dub
3400 5553 3523 5637 mg

1938 5624 2143 5709 κοινοῦ,
2175 5624 2250 5709 :et
2300 5634 2551 5709 similiter
2594 5624 2742 5709 post"
2779 5624 3143 5709 ptattptSthﬁs
3177 5628 3272 5682 καὶ

1939 5697 2381 5831 καὶέάὂιολὰστῳ,
2417 5697 2941 5775 ειὼὶηῐοιιὶεθίιιίυιὴ
3002 5697 3293 5772 πέπρωται
3350 5697 3527 5754 ταῦτα

1939 5794 2034 5831 γεν
2072 5793 2102 5830 σ
2140 5794 2216 5831 αι.

1938 5793 2216 5847 γενεσυαι.
