3856 6222
452 375 560 432 διδ

1122 370 1395 426 EUSEBII
1434 369 1922 426 CASSARIENSIS
1958 366 2111 426 OPP.
2146 366 2348 423 PARS.
2392 365 2456 423 ll.
2497 396 2568 409 —-
2606 366 3131 424 APOLOGETICA..

3627 368 3731 425 ΒΗ

453 509 786 565 nes,qua‘,so,
801 492 1026 549 admitte
1041 492 1204 547 etiam
1228 510 1243 558 ;
1267 492 1366 546 viri
1382 492 1525 547 enim
1547 492 1824 562 sapientes
1844 499 1989 547 sunt.
2005 508 2022 542 ι

2138 492 2241 549 vd:
2270 506 2288 538 ι
2313 485 2675 550 Ἀκλεεστους,
2698 485 2823 555 ἔφη,
2848 484 3022 557 θύρας
3067 483 3293 555 παρέχω
3315 482 3499 554 σοφοῖς
3534 483 3734 555 ἀνδρα·

451 586 538 642 Ad
564 602 687 658 quae
722 585 1097 655 Vespasianus
1136 601 1149 636 :
1195 604 1213 637 ι
1248 582 1625 654 Sapientibus,
1657 584 1856 655 inquit,
1901 584 2036 638 viris

453 678 603 733 iores
633 690 850 747 semper
882 675 1126 745 praebere
1157 675 1308 730 soleo
1355 681 1629 745 patentes.
1669 693 1688 725 ι
1719 674 1868 745 Euge
1903 690 2036 730 vero

438 770 726 841 egregiam
755 784 939 825 rerum
972 769 1284 824 futurarum
1315 767 1369 822 in
1401 768 1494 822 illo
1516 767 1681 823 heroe
1711 767 2031 822 scientiam!

451 860 637 916 Bonus
659 860 771 929 jam
794 866 879 916 est
896 866 950 914 et
980 860 1198 931 sapiens
1223 858 1550 930 Euphrates,
1576 859 1705 930 quia
1732 859 1882 913 nulla
1904 859 2034 913 dum

451 954 599 1009 inter
625 969 723 1009 eos
761 960 882 1009 orta
921 954 1223 1010 contentio.
1251 953 1348 1007 Sin
1389 968 1520 1008 vero
1553 953 1735 1023 aliqua
1783 952 2032 1018 oriatur,

448 1062 616 1117 quam
648 1047 830 1117 longe,
862 1046 986 1101 talis
1026 1056 1086 1100 ut
1113 1045 1401 1110 habeatur,
1436 1044 1633 1104 aberit.
1670 1044 1752 1099 En
1786 1046 1887 1100 tibi
1913 1063 2037 1117 quae

448 1138 519 1194 de
561 1138 756 1194 eodem
806 1137 950 1193 idem
998 1134 1069 1190 ad
1122 1136 1491 1191 Domitianum
1542 1135 1809 1192 scribat”
1851 1155 1864 1188 :
1900 1156 1919 1189 (
1969 1137 2035 1192 Et

449 1238 601 1287 certe
638 1240 875 1301 quantas
901 1245 1223 1301 comparare
1256 1244 1389 1298 opes
1440 1228 1803 1299 philosophus
1834 1230 2030 1300 possit,

448 1323 855 1396 potentioribus
876 1322 922 1377 si
954 1320 1227 1385 aduletur,
1264 1320 1555 1390 Euphratis
1587 1319 1819 1376 fortunae
1846 1329 2034 1377 osten-

449 1416 606 1470 dunt.
647 1413 729 1470 llli
780 1430 975 1485 nempe
1015 1414 1168 1479 inde,
1203 1412 1358 1484 (quid
1408 1413 1555 1468 enim
1608 1428 1740 1484 Opes
1790 1413 2030 1486 dicam?)

448 1506 764 1567 inexhausti
834 1514 965 1561 sunt
1026 1504 1344 1560 divitiarum
1407 1504 1608 1561 fontes.
1666 1505 1899 1576 Jamque
1963 1505 2032 1562 ad

449 1613 673 1656 mensas
709 1597 1113 1669 disputationes
1163 1596 1350 1661 habet,
1382 1605 1658 1653 mercator
1686 1599 2030 1669 magnarius,

446 1694 575 1749 vilis
625 1692 817 1757 cocio,
866 1691 1196 1762 publicanus
1236 1690 1487 1755 danista,
1544 1692 1661 1761 ipse
1699 1691 1884 1745 omnia
1946 1691 2031 1746 fa-

448 1793 606 1851 ctus,
656 1785 868 1842 venalis
919 1794 974 1840 et
1014 1783 1277 1839 vendens.
1330 1781 1560 1854 Semper
1607 1789 1788 1839 autem
1836 1790 2035 1854 poten-

2139 595 2243 633 σιν.
2264 598 2283 630 ι
2306 575 2447 647 Εὖγε
2472 578 2570 650 τῆς
2599 577 2965 650 προγνώσεως
2981 575 3074 630 τοῦ
3098 578 3306 648 ἦρωοςῑ
3326 575 3621 648 Ευφράτης
3639 576 3730 629 νῦδ

2137 669 2340 739 ἀγαθός
2368 687 2428 723 τε
2457 670 2551 724 καὶ
2588 670 2771 739 σοφὸς,
2804 670 2926 723 ἐπεὶ
2962 669 3039 741 μὴ
3077 671 3135 732 ἐς
3168 669 3432 740 διαφοράν
3464 686 3553 721 πω
3583 668 3731 738 αὐτῷ

2136 763 2406 835 ἐληλύθει.
2450 764 2513 816 Εἰ
2538 762 2585 816 δ’
2610 761 2773 826 ἔλθοι,
2798 762 2921 815 ὅσον
2946 760 3101 815 οὔπω
3125 762 3185 815 δὲ
3210 760 3355 814 τοῦτ’
3384 760 3559 815 ἔσται.
3591 762 3731 832 ὐρα

2136 849 2223 908 οἷα
2252 856 2380 926 περὶ
2407 852 2570 908 αὐτοῦ
2599 856 2627 907 ὁ
2652 854 2815 917 αὐτὸς
2839 852 2977 925 πρὸς
3008 852 3336 924 Δομετιανὸν
3355 852 3560 924 γράφει
3583 850 3694 921 (58)
3715 869 3727 881 ·

2142 965 2160 998 σ
2181 946 2289 999 Καὶ
2307 945 2412 1018 μὴν
2438 945 2612 999 ὁπόσα
2637 944 2848 1013 γίνεται
2874 944 3149 1015 φιλοσόφῳ
3169 944 3345 1016 ἀνδρὶ,
3380 942 3730 997 κολακεύοντι

2134 1039 2554 1104 τοὺς¹δυνατοὺς,
2569 1036 2800 1108 δηλοῖτὰ
2809 1038 3116 1109 Εὐφράτου.
3131 1038 3318 1109 Τούτῳ
3331 1036 3441 1108 γὰρ
3456 1037 3728 1101 ἐντεῦθεν,

2134 1133 2187 1185 τι
2212 1131 2355 1201 λέγω
2379 1131 2493 1202 (59)
2533 1131 2824 1203 χρήματα;
2856 1129 3033 1202 πηγαὶ
3069 1130 3167 1200 μὲν
3203 1124 3297 1183 οὖν
3330 1131 3437 1182 εἱσι
3471 1129 3729 1184 πλούτου.

2136 1223 2291 1277 Κάπ),
2316 1222 2426 1294 (60)
2456 1223 2563 1276 τῶν
2606 1222 2897 1296 τραπεζῶν
2936 1223 3037 1294 ήδη
3083 1222 3413 1292 διαλέγεται,
3458 1223 3729 1294 κάπηλος,

2135 1315 2486 1387 ὑποκάπηλος
2510 1355 2524 1379 ,
2579 1314 2848 1388 τελώνης,
2898 1314 3295 1386 ὀϐολοστάτης,
3354 1315 3535 1369 πάντα
3583 1316 3732 1384 γινὸ-

2137 1424 2334 1478 μενος,
2398 1408 2466 1461 τὰ
2528 1406 2855 1478 πωλούμενα
2911 1423 2972 1459 τε
3025 1407 3120 1459 καὶ
3170 1406 3475 1460 πωλοῦντα.
3546 1408 3729 1460 Ἐντε-

2132 1501 2377 1555 τύπωται
2423 1501 2481 1555 δὲ
2536 1502 2623 1555 ἀεὶ
2674 1504 2732 1556 ὲν
2772 1501 3016 1575 ταῖς(61)
3067 1502 3174 1557 τῶν
3218 1502 3462 1557 δυνατῶν
3509 1502 3729 1576 (λύραις,

2134 1592 2228 1645 καὶ
2269 1592 2643 1663 προσέστηκεν
2682 1592 2793 1663 (62)
2835 1593 3029 1656 αὑταῖς
3066 1592 3234 1646 πλείω
3270 1592 3520 1665 καιρὸνῆ
3551 1594 3602 1647 οἱ
3631 1594 3730 1648 θυ-

2136 1685 2325 1756 ρωροί.
2364 1684 2677 1757 Ἀπελήφθη
2707 1685 2818 1756 (65)
2843 1684 2901 1739 δὲ
2933 1686 3029 1739 καὶ
3057 1685 3164 1738 ὑπὸ
3186 1684 3294 1737 τῶν
3319 1685 3588 1758 Θυρωρῶν
3615 1686 3729 1759 (64)

2133 1776 2415 1841 πολλάκις,
2447 1776 2637 1849 ὥσπερ
2666 1776 2775 1830 τῶν
2808 1776 2985 1831 κυνῶν
3035 1768 3312 1848 οἱ’λίχνοι.
3361 1778 3629 1850 Δραχμὴν
3674 1778 3731 1834 δὲ

449 1876 653 1931 tiorum
707 1875 995 1931 liminibus
1042 1876 1211 1931 haeret
1261 1873 1491 1939 amxus,
1541 1875 1710 1944 inque
1766 1875 1836 1931 iis
1888 1875 2022 1930 ultra

2138 1869 2255 1924 οὐδὲ
2291 1869 2566 1942 φιλοσόφῳ
2591 1870 2744 1941 ἀνδρί
2765 1887 2894 1923 ποτε
2919 1870 3244 1942 προέμενος,
3275 1872 3600 1942 ἐπιτειχίζει
3618 1872 3730 1943 (65)

448 1968 613 2023 etiam
671 1982 837 2038 quam
900 1968 1170 2038 ianitores
1241 1967 1516 2024 subsistit.
1582 1967 1727 2034 Quin
1799 1983 1943 2038 saepe
1998 1984 2030 2022 a

444 2064 778 2134 ianitoribus
806 2078 932 2118 eum
982 2061 1274 2116 intercludi
1324 2059 1580 2129 contigit,
1616 2068 1676 2113 ut
1723 2072 1887 2112 canes
1924 2069 2022 2126 gu-

454 2155 553 2211 losi
594 2155 883 2211 intercludi
919 2154 1115 2210 solent.
1153 2152 1486 2223 Philosopho
1540 2163 1719 2207 autem
1766 2152 1849 2207 vel
1896 2152 2025 2206 dra-

454 2246 673 2300 chmam
719 2246 1025 2317 impertitus
1058 2259 1337 2314 nunquam
1356 2282 1373 2307 ,
1402 2258 1535 2313 opes
1562 2258 1691 2299 suas
1720 2245 1893 2301 muris
1919 2246 2026 2300 cir-

448 2333 766 2399 cumvallat,
804 2335 1035 2389 extortis
1066 2335 1134 2390 ab
1166 2335 1290 2391 aliis
1326 2334 1543 2390 huncce
1586 2334 1904 2406 Egyptium
1935 2351 2026 2405 pe-

446 2424 629 2480 cuniis
658 2439 912 2494 pascens,
941 2425 1292 2496 linguamque
1321 2425 1373 2480 in
1408 2440 1495 2480 me
1520 2440 1747 2490 acuens,
1779 2427 2028 2482 exscindi

438 2520 771 2570 merentem.
818 2513 890 2567 At
931 2511 1265 2585 Euphratem
1321 2514 1421 2568 tibi
1457 2514 1733 2584 relinquo,
1785 2522 1843 2568 tu
1882 2519 2027 2569 enim

444 2608 552 2663 nisi
581 2606 960 2665 adulatoribus
988 2607 1280 2662 admodum
1313 2605 1624 2672 delecteris,
1656 2609 1831 2662 multo
1862 2622 2028 2679 quam

439 2697 573 2754 dico
631 2699 913 2756 hominem
967 2698 1298 2755 deteriorem
1360 2715 1486 2755 esse
1529 2699 1798 2757 invenies.
1852 2720 1871 2754 »
1921 2701 2028 2768 Qui

445 2805 578 2862 ergo
620 2791 779 2863 apud
820 2789 1221 2862 Vespasianum
1280 2798 1490 2861 patrem
1555 2792 1858 2862 sapientem
1904 2808 2029 2848 esse

445 2875 801 2947 Euphratem,
848 2888 901 2933 et
933 2879 1166 2949 probum
1221 2888 1306 2934 est
1342 2886 1594 2948 testatus,
1631 2882 1735 2936 ista
1785 2883 1930 2952 apud
1966 2883 2030 2937 ﬁ-

446 2966 579 3022 lium
604 2978 795 3025 autem
825 2969 1054 3040 profert,
1088 2969 1382 3027 manifeste
1408 2971 1658 3040 ejusdem
1688 2973 1792 3029 viri
1821 2982 1874 3029 et
1904 2975 2026 3029 lau-

446 3059 606 3115 dator
640 3075 764 3116 esse
788 3062 1236 3132 deprehenditur,
1266 3072 1322 3120 et
1362 3074 1666 3121 accusator.
1705 3066 1856 3122 Itane
1895 3081 2027 3123 vero

446 3152 541 3222 qui
567 3152 870 3207 futurorum
899 3154 1155 3221 praeditus
1180 3156 1408 3210 scientia
1430 3166 1533 3221 est,
1552 3158 1728 3227 qualis
1761 3158 1853 3225 sit,
1883 3175 2017 3228 qua.

446 3244 582 3300 lisve
613 3245 828 3299 futurus
867 3247 937 3300 sit
972 3245 1275 3315 Euphrates
1312 3247 1730 3319 ignorat?533
1747 3250 1815 3304 At
1843 3266 2018 3320 neque

449 3351 597 3389 nunc
631 3336 888 3405 primum,
924 3340 1017 3392 scd
1059 3339 1232 3408 ipsius
1255 3342 1368 3408 jam
1399 3338 1709 3408 Vespasiani
1749 3357 1863 3396 aevo
1894 3358 2019 3398 ear-

448 3444 578 3500 pere
604 3428 957 3499 Euphratem,
987 3439 1047 3486 ut
1089 3434 1183 3503 qui
1217 3434 1495 3503 perversis
1520 3434 1598 3490 sit
1636 3437 1908 3501 moribus,
1943 3438 2028 3493 in-

446 3521 627 3577 stituit
653 3524 722 3578 ⁹⁰.
766 3522 1051 3589 Quomodo
1095 3525 1261 3579 talem
1302 3526 1469 3597 igitur
1513 3526 1830 3597 imperatori
1875 3545 2028 3586 com-

444 3613 687 3679 mendat,
737 3612 814 3667 ita
854 3622 914 3669 ut
947 3613 1052 3685 ipsi
1093 3629 1312 3685 quoque
1362 3624 1632 3686 patentes,
1677 3619 1826 3676 illius
1883 3636 2027 3679 com-

498 3772 559 3806 ³³
600 3773 695 3829 lib.
734 3791 866 3836 vm.
899 3790 950 3831 c.
987 3776 1037 3831 7.
1113 3777 1159 3811 ’°
1198 3775 1293 3832 lib.
1328 3790 1393 3840 v,
1430 3790 1482 3831 c.
1522 3776 1615 3833 59.

666 3935 908 4017 Γράφειἶ
939 3938 1144 4017 Nempe
1170 3938 1462 4017 in_scrip_ta
1501 3937 1776 4017 Apollonii
1808 3938 1877 3993 ad
1910 3938 2017 4017 Do-

439 4009 730 4080 mitianum
773 4009 1031 4080 Apologia
1076 4011 1191 4080 haec
1240 4009 1617 4074 inveniuntur,
1662 4025 1826 4079 quam
1877 4011 2017 4064 reci—

439 4083 559 4150 tare
584 4077 634 4131 ei
672 4077 859 4150 datum
890 4077 1031 4133 haud
1065 4079 1187 4141 fuit,
1212 4087 1273 4132 ut
1296 4096 1362 4134 ex
1389 4080 1484 4133 lib.
1515 4077 1707 4142 vnt,c.
1739 4080 1795 4143 6,
1826 4081 2017 4150 liquet;

439 4146 568 4200 hinc
607 4148 841 4218 γράφειν
889 4165 1012 4205 eum
1058 4164 1181 4220 quae
1234 4158 1541 4219 sequuntur
1598 4146 2014 4207 Eusebius—ait.

436 4217 613 4271 Aliter
640 4229 925 4276 acceperat
946 4221 1174 4275 verbum
1200 4220 1429 4276 γράφειν
1458 4221 1735 4276 Acciolus.
1775 4222 1868 4276 uui
1898 4237 2022 4275 ver-

438 4235 613 4271 nnter
640 4235 925 4289 acceperat
946 4235 1174 4275 vernum
1200 4236 1429 4288 γραφειν
1458 4235 1735 4283 Αοειοιυε,
1775 4237 1868 4292 qui
1898 4237 2019 4275 ver-

438 4289 506 4341 tit
527 4306 541 4343 :
560 4287 707 4372 Vide,
723 4305 919 4372 quaso,
938 4290 1124 4372 quibus
1146 4290 1297 4372 illum
1319 4289 1459 4372 apud
1476 4290 1837 4372 Domitianum
1852 4291 2019 4345 verbis

437 4367 669 4412 accuset.
716 4359 784 4413 At
827 4359 1016 4416 dubito
1052 4361 1278 4416 verbum
1318 4361 1551 4431 γράφειν
1598 4362 1651 4415 h.
1683 4363 1720 4414 l.
1747 4378 1813 4417 eo
1852 4378 2019 4417 sensu

435 4430 611 4502 accipi
642 4444 821 4499 posse,
852 4446 1027 4500 neque
1055 4431 1240 4502 γραφή
1271 4433 1418 4485 enim
1449 4439 1534 4486 est
1569 4432 1702 4487 illud
1732 4433 1801 4487 ad
1833 4431 2018 4488 Domi-

435 4499 645 4553 tianum
673 4516 706 4553 o
747 4517 832 4561 us,
864 4499 957 4556 sed
990 4499 1268 4571 Apologia.

479 4569 621 4624 ~(59l
667 4516 930 4624 Τῖλέγω.
970 4571 1226 4624 Morellus
1267 4571 1321 4624 in
1353 4571 1524 4624 marci

437 4637 451 4650 ο
479 4597 482 4600 ~
508 4569 621 4640 (59)
667 4569 729 4624 Tt
756 4571 930 4650 λέγω.
960 4569 1236 4650 _Morellus
1266 4571 1321 4650 _in
1353 4571 1606 4650 margine
1628 4572 2017 4650 observaverat

436 4641 493 4725 in
521 4656 648 4725 με.
683 4655 751 4722 se.
794 4642 1068 4697 invenisse
1122 4642 1175 4695 τί
1221 4641 1384 4724 λέγω,
1414 4641 1552 4724 .qute
1594 4643 1755 4725 lectio
1796 4658 1918 4725 cum
1960 4645 2013 4725 in

434 4706 765 4781 Philostrati
793 4726 1013 4781 quoque
1049 4720 1201 4766 textu
1244 4706 1576 4780 inueniatur,
1621 4714 1908 4768 retinenda
1942 4715 2017 4767 vi-

435 4780 689 4903 dflﬁtur.
727 4780 873 4835 Editi
913 4780 1092 4837 tamen
1134 4783 1189 4835 h.
1236 4783 1272 4836 l.
1309 4782 1584 4839 habebant
1622 4784 1876 4857 ἄπληστα
1914 4802 2014 4855 pro

433 4865 465 4901 τ
581 4867 681 4904 γω.

443 4867 842 4991 ἰἕῶωὶίἀπῶ
883 4920 975 4978 Sic
1017 4922 1279 4977 Philostr.
1322 4921 1465 4977 Editi
1498 4924 1554 4977 h.
1588 4924 1627 4979 l.
1663 4925 1867 4979 habent
1917 4925 2012 4978 καὶ

433 4991 773 5074 περεςοιιυοα
810 4995 994 5050 minus
1033 4994 1329 5049 convenire
1372 4995 1589 5050 videtur
1629 4996 1869 5065 genitivo
1919 5012 2009 5050 se-

431 5072 642 5275 qufé‘il)‘.
666 5133 763 5186 Ἐν
788 5134 936 5201 ταῖς.
967 5133 1124 5204 Apud
1162 5134 1419 5191 Philostr.
1448 5135 1720 5191 omittitur
1746 5138 1825 5189 ἐν.

523 5203 615 5274 62)
654 5205 1097 5275 Ιιροσέστηκεν.
1137 5204 1229 5259 Sic
1263 5221 1389 5260 cum
1421 5204 1681 5263 Philostr.
1716 5208 1822 5261 mal

499 5203 615 5275 (62)
654 5203 1097 5273 ιιροσέστηκὲν.
1137 5204 1229 5259 Sic
1263 5221 1389 5260 cum
1421 5204 1681 5263 Philostr.
1716 5206 2006 5273 malebam,

429 5287 593 5395 gnam
627 5274 995 5358 προέστηκεν,
1035 5276 1182 5346 quod
1226 5276 1282 5357 in
1328 5276 1492 5358 editis
1539 5276 1757 5333 Eusebii
1800 5278 2004 5359 inveni.

478 5359 593 5395 rtus
625 5344 760 5395 illud
782 5353 987 5395 rectius
1010 5354 1267 5395 convenit
1297 5362 1367 5395 οι.
1394 5348 1538 5395 niiod
1579 5352 1740 5395 mullo
1765 5356 1891 5395 nnst
1924 5350 2006 5395 dn-

466 5344 593 5446 :fius
625 5344 760 5398 illud
782 5344 987 5446 recti'us
1010 5344 1267 5401 convenit
1297 5348 1367 5408 ci,
1394 5348 1540 5446 quod
1579 5352 1740 5418 paulo
1765 5356 1891 5417 post
1924 5350 2008 5402 di-

467 5431 477 5446 Ι
508 5429 572 5446 ιη·
631 5430 828 5446 non-nm
860 5430 905 5446 σι.
955 5426 1129 5446 ηιοισιη
1154 5433 1297 5446 pruna
1326 5419 1497 5446 :nlnnn
1526 5435 1655 5446 ..ιη-η
1685 5435 1803 5446 Ληηι.

428 5416 592 5473 citur.
629 5430 828 5468 canum
859 5416 928 5469 ad
954 5416 1129 5471 instar
1154 5433 1297 5487 saepe
1326 5416 1658 5474 interclusus
1682 5416 1824 5474 esse.

643 5484 996 5559 Ἀπελήεοθη.
1024 5486 1286 5543 Ρὴίιοεῑΐο
1315 5488 1600 5559 ἀπελήφθη
1635 5490 1815 5544 habet.
1846 5487 2006 5541 Prior

643 5484 996 5555 Ἀπελήςοθη.
1024 5484 1286 5543 Philostr.
1315 5488 1600 5570 ἁπελήφθη
1635 5490 1815 5544 habet.
1846 5487 2000 5541 Prior

425 5554 596 5630 (_edttlo
636 5561 691 5610 et
730 5571 833 5611 ms.
872 5557 1016 5630 ‘Bcg.
1058 5559 1396 5630 ᾁπειλήφθη,
1446 5574 1634 5630 ποδοιο
1665 5575 1774 5630 quo
1814 5575 2000 5613 sensu.

424 5620 692 5701 _Putabam
728 5620 1131 5701 egejna'tmen
1173 5620 1535 5701 rectius-legi.
1584 5620 1859 5700 lntérpres
1900 5631 2002 5683 hoc

425 5694 572 5770 loco_
593 5694 895 5770 mirumin
942 5694 1163 5770 modum
1195 5694 1489 5765 delirarat:
1511 5702 1604 5770 qui
1646 5694 1805 5755 nobis
1834 5715 2001 5756 canes

424 5765 613 5886 rlifscio
644 5780 782 5832 quos
810 5767 1171 5838 lucernarios,
1198 5770 1407 5828 foribus
1438 5765 1716 5842 appositos
1747 5771 1997 5826 ﬁnxerat.

475 5848 701 5886 oLs'rsn.

475 5848 701 5889 οιετειι.

2133 1962 2225 2016 τὸν
2257 1962 2449 2017 ἑαυτοῦ
2483 1962 2732 2028 πλοῦτον,
2779 1964 2989 2035 ἑτέροις
3020 1962 3131 2033 (66)
3166 1964 3257 2016 τὸν
3276 1964 3579 2032 Αἰγύπτιον
3607 1982 3735 2019 του-

2131 2054 2245 2107 τονὶ
2275 2054 2486 2125 βόσκων
2531 2058 2802 2129 χρήμασι,
2831 2053 2928 2108 καὶ
2966 2052 3170 2120 ὀξύνων
3202 2054 3289 2107 ἐπ’
3323 2055 3425 2125 ἐμὲ
3451 2054 3732 2123 γλῶσσαν.

2131 2145 2292 2212 ἀξίαν
2355 2148 2741 2219 ἐκτετμῆσθαι.
2800 2147 3093 2219 Εὐφράτην
3158 2147 3257 2219 μὲν
3303 2147 3368 2219 δὴ
3411 2146 3735 2201 καταλείπω

2134 2257 2251 2295 σοι·
2293 2241 2358 2294 σὺ
2412 2241 2541 2315 γὰρ,
2573 2242 2639 2312 ἢν
2675 2242 2750 2314 μὴ
2774 2242 3017 2307 κόλακας
3060 2243 3313 2313 ἐπαινῇς,
3348 2242 3611 2313 εὑρήσεις
3640 2240 3734 2295 τὸν

2130 2333 2418 2405 ἄνθρωπον
2451 2333 2636 2387 κακίω
2664 2334 2697 2405 ἢ
2733 2334 3022 2406 ὲρμηνεὺω
3051 2332 3187 2404 (67).
3229 2352 3247 2384 ι
3293 2333 3350 2385 '0
3371 2332 3436 2404 δὴ
3467 2332 3609 2403 πρὸς
3640 2332 3734 2385 τὸν

2131 2427 2345 2498 πατέρα
2378 2426 2467 2479 τὸν
2501 2426 2914 2482 Οὐεσπασιανὸν
2942 2427 3105 2497 σοφὸν
3137 2426 3233 2480 καὶ
3260 2425 3464 2494 ἀγαθὸν
3495 2425 3594 2478 τὸν
3620 2423 3731 2477 Εὐ-

2132 2521 2343 2592 φράτην
2400 2520 2831 2593 μαρτυρόμενος,
2868 2521 3006 2592 πρὸς
3036 2519 3093 2573 δὲ
3119 2518 3211 2571 τὸν
3245 2518 3361 2571 υἱὸν
3399 2517 3575 2571 ταῦτα
3600 2514 3733 2590 περὶ

2130 2612 2293 2665 αὑτοῦ
2355 2611 2589 2678 διεξιὼν,
2650 2613 2811 2683 δῆλος
2862 2612 2929 2668 ἂν
2958 2613 3042 2685 εἴη
3076 2612 3169 2666 τὸν
3202 2612 3364 2665 αὑτὸν
3392 2609 3642 2664 ἐπαινῶν
3669 2626 3731 2665 τε

2129 2705 2224 2758 καὶ
2242 2704 2448 2776 ψέγων.
2496 2701 2623 2779 Ἆρ’
2645 2702 2739 2760 οὖν
2790 2708 2819 2760 ὁ
2846 2707 2945 2779 τὴν
2977 2705 3084 2760 τῶν
3125 2705 3434 2777 μελλόντων
3464 2704 3732 2775 προειλη-

2130 2794 2246 2865 φὼς
2276 2796 2478 2865 γνῶσιν
2530 2799 2714 2868 ἠγνόει
2741 2798 2801 2862 ὃς
2823 2795 2892 2869 ἦν
2928 2816 2989 2851 τε
3019 2798 3115 2851 καὶ
3156 2795 3308 2850 ἔσται
3336 2798 3364 2849 ὁ
3391 2797 3727 2867 Εὑφράτηςς

2129 2887 2240 2940 Καὶ
2266 2888 2375 2960 γὰρ
2403 2889 2464 2941 οὐ
2499 2888 2595 2944 νῦν
2617 2888 2855 2959 πρῶτον,
2876 2889 3011 2943 ἀλλὰ
3039 2890 3134 2943 καὶ
3165 2890 3252 2942 ἐπ’
3283 2888 3449 2942 αὑτοῦ
3477 2889 3729 2942 Οὐεσπα-

2132 2980 2314 3034 σιανοῦ
2353 2981 2659 3036 διαϐάλλειν
2692 2982 2876 3046 αὑτὸν,
2927 2981 3003 3045 ὡς
3032 2981 3097 3053 δὴ
3127 2981 3188 3035 τὸ
3206 2977 3341 3053 ἦθος
3377 2981 3725 3052 μοχθηρότα-

2128 3090 2239 3138 τον,
2275 3074 2544 3145 βούλεται.
2571 3074 2695 3138 Πῶς
2717 3052 2787 3145 δὴ)
2821 3069 2914 3127 οὖν
2946 3052 3149 3128 τοιόνδε
3205 3052 3431 3144 συνίστη
3491 3073 3722 3142 βασιλεῖ,

2132 3164 2207 3230 ὡς
2239 3167 2333 3219 καὶ
2366 3167 2684 3229 ἀκλείστους
2739 3165 2888 3237 αὐτῷ
2924 3164 3034 3237 (68)
3084 3165 3173 3220 διὰ
3214 3165 3315 3229 τὰς
3369 3166 3504 3235 παρ’
3557 3163 3725 3218 αὑτοῦ

2134 3258 2421 3322 συστάσεις
2452 3258 2559 3312 τῶν
2589 3257 2874 3329 βασιλείων
2896 3259 3344 3313 ἀναπεπετάσθαι
3377 3259 3478 3323 τὰς
3508 3260 3724 3323 πύλαςς

2140 3349 2298 3403 Ἀλλὰ
2328 3351 2436 3422 γὰρ
2469 3351 2565 3405 καὶ
2578 3349 2786 3422 τυφλῷ,
2816 3352 2967 3419 φασὶ,
3000 3350 3179 3422 δῆλον,
3216 3351 3294 3414 ὡς
3331 3351 3441 3423 ἄρα
3472 3352 3730 3421 πρόγνω-

2129 3458 2213 3494 σιν
2244 3444 2342 3511 μὲν
2373 3443 2792 3512 συκοφαντεῖται
2828 3444 2965 3514 πρὸς
3018 3443 3113 3497 τοῦ
3150 3442 3520 3515 συγγραφέως
3551 3448 3582 3499 ὁ
3628 3445 3731 3498 ἄν·

2125 3533 2364 3604 θρωπος.
2412 3533 2512 3605 Εἵη
2575 3535 2620 3587 δ’
2649 3534 2715 3588 ἂν
2762 3534 2961 3599 ἄλλως·
2982 3538 3246 3604 γενναῖος.
3292 3534 3429 3588 πολὺ
3465 3533 3579 3605 (69)
3625 3534 3734 3605 μὲν

2125 3624 2430 3696 προπειρας
2486 3626 2598 3698 (70)
2639 3627 2907 3699 ἑταίροις·
2954 3627 3097 3699 ἀτὰρ
3130 3629 3223 3681 καὶ
3250 3626 3331 3698 τῷ
3360 3627 3635 3701 Εὐφράτῃ
3667 3628 3736 3691 ἐς

2192 3938 2343 4019 Pace_
2367 3938 2468 4019 _v_iri
2502 3938 2666 4019 docti
2686 3956 2881 4019 sanum
2901 3956 3037 4019 _esse
3082 3951 3214 4010 puto
3241 3942 3561 4019 ᾁῖτελήφθη,
3594 3948 3734 4009 vide

2121 4026 2243 4080 quae
2278 4011 2344 4067 ad
2368 4011 2524 4065 illum
2547 4010 2868 4067 Philostrati
2899 4012 3081 4067 locum
3106 4028 3137 4066 a
3170 4014 3330 4070 nobis
3361 4010 3735 4076 fuere'anno-

2125 4089 2263 4135 tata.

2221 4150 2312 4225 et)
2352 4150 2952 4225 ορρωρῶηριλίιοειν.
2977 4151 3144 4207 habet
3171 4152 3374 4225 θυρῶν.

2222 4220 2311 4291 65)
2371 4221 2748 4290 Ἐπιτειχίζει.
2785 4220 3067 4278 Omissum
3099 4237 3129 4276 a
3176 4220 3264 4279 me
3292 4225 3412 4291 νῦν,
3449 4227 3507 4281 iu
3551 4228 3733 4287 Euse-

2128 4291 2682 4364 biieditisgadditum
2714 4304 2840 4364 post
2880 4294 3025 4350 hanc
3073 4307 3285 4364 vocem,
3320 4295 3429 4351 (ide
3461 4298 3730 4356 lectionis

2128 4378 2250 4432 quze
2282 4362 2426 4432 apud
2464 4360 2855 4418 Philostratum
2895 4365 3158 4420 occurrit.
3203 4363 3317 4421 Nec
3348 4383 3557 4425 sensus
3595 4385 3727 4426 eam

2131 4433 2452 4488 particulam
2484 4432 2628 4488 ferre
2645 4434 2886 4488 videtur.

2202 4450 2452 4487 ruentam
2484 4450 2628 4488 terre
2645 4450 2886 4488 ινιυοιιιιν.

2046 4480 2096 4536 D
2129 4448 2452 4502 particulam
2484 4448 2628 4488 terre
2645 4448 2886 4488 ⁸νιοοιιιιν.

2194 4504 2315 4576 (66)
2362 4501 2633 4576 Ἑτέροις.
2663 4503 2799 4576 M_ale
2824 4513 2948 4575 post
2976 4505 3119 4559 hanc
3141 4520 3329 4559 vocem
3363 4507 3551 4576 posita
3587 4512 3727 4565 ὐπο-

2121 4574 2324 4645 στιγμή
2374 4575 2433 4628 in
2475 4574 2640 4629 editis
2685 4574 2929 4638 Eusebii,
2965 4590 3089 4644 qua:
3130 4577 3335 4630 rectius
3366 4574 3512 4633 ante
3565 4582 3726 4635 illam

2119 4646 2446 4724 collocatur,
2481 4645 2622 4724 utin
2648 4643 2968 4724 Philostrati
3001 4653 3149 4724 textu
3169 4660 3344 4724 illam
3368 4648 3440 4702 ad
3472 4665 3727 4721 sequen—

2117 4715 2192 4768 tia
2218 4714 2459 4785 pertinet
2481 4714 2707 4785 ἑτέροις.
2742 4713 2877 4785 Ἦρο
2910 4717 3194 4785 notata_ad
3225 4714 3493 4772 Philostr.

2187 4735 2192 4768 l
2255 4731 2451 4769 erunet
2481 4731 2707 4785 ετεροις.
2749 4731 2877 4769 νιαο
2910 4731 3096 4769 [tutata
3120 4731 3194 4768 au
3225 4731 3493 4772 rnuostr.

2187 4731 2299 4857 (g7)
2434 4784 2739 4857 ἑρμηνεύω
2775 4783 3056 4857 Philostr.
3091 4778 3168 4857 ὧν
3207 4787 3527 4857 ἑρμηνεύω.

2188 4853 2299 4925 (68)
2350 4855 2444 4920 ’.Ως
2485 4853 2584 4908 καὶ
2607 4855 2975 4921 ἀκλῖείστους
3000 4854 3180 4920 αὐτῷ.
3215 4853 3504 4912 Ᾱῐιυὶιίιω·
3533 4860 3607 4914 ad
3636 4862 3728 4915 al-

2114 4925 2292 5050 ligata
2320 4925 2484 4996 paulo
2506 4932 2634 4978 ante
2662 4941 2729 4980 ex
2751 4925 2788 4978 ι.
2814 4942 2866 4989 v,
2900 4942 2950 4979 c.
2983 4925 3075 4988 51,
3100 4926 3205 4981 sub
3225 4926 3348 4980 init.
3376 4927 3723 5001 Vespasiani

2154 5012 2203 5050 ιο
2231 5012 2282 5049 a.

2154 5006 2282 5050 tcta.

2185 5066 2297 5137 (69)
2338 5064 2642 5141 Πολύηιιε
2672 5064 2828 5141 haud
2877 5064 3044 5122 dubie
3089 5067 3384 5138 legendum
3434 5083 3541 5141 pro
3594 5073 3719 5128 sui-

2110 5135 2220 5199 λαι,
2253 5135 2400 5207 quod
2422 5145 2508 5193 est
2537 5138 2592 5191 in
2623 5136 2803 5192 editis.

2182 5205 2301 5280 (70)
2350 5209 2701 5280 Προπείρας.
2751 5207 2831 5261 Ita
2878 5205 3168 5280 legendum
3212 5212 3423 5280 putavi,
3477 5226 3587 5280 pro
3635 5228 3721 5269 eo

2110 5279 2258 5364 qnpd
2292 5279 2347 5333 in
2358 5279 2537 5364 'editis
2557 5287 2664 5364 est,
2694 5279 3070 5364 neque'ullum
3108 5279 3564 5364 sensum'fundiit.
3591 5303 3637 5338 π

2109 5348 2322 5430 πείρας.
2354 5347 2452 5403 Est
2482 5358 2660 5403 autem
2694 5346 2998 5428 προπείρας
3029 5351 3121 5418 qui
3141 5353 3435 5419 periculum
3459 5371 3560 5423 pro
3588 5346 3715 5410 alio

2106 5420 2273 5497 subat,
2300 5420 2456 5497 quod
2480 5427 2566 5474 est
2594 5433 2830 5497 mantne
2853 5420 3142 5497 γενναίων.
3175 5420 3381 5497 ῌοιηρε
3409 5426 3715 5480 derivatur

2107 5503 2138 5540 a
2169 5488 2345 5560 πειρῶ
2374 5488 2677 5560 νειᾷπερὼ,
2719 5488 2864 5558 quod
2916 5488 3137 5559 proprie
3186 5488 3410 5547 ﬂuvium
3456 5497 3711 5552 transire

2105 5567 2191 5613 est
2217 5579 2229 5613 :
2265 5558 2392 5633 inde
2424 5558 2492 5613 ad
2525 5558 3103 5633 quodcnn_qu_e,’quod
3130 5564 3351 5625 subeas,
3382 5566 3705 5633 perieulum

2104 5631 2456 5705 translatum,
2493 5629 2909 5705 und_e_’Av69ti_Jy
2935 5629 2995 5682 τε
3025 5632 3295 5705 πτολέμους
3341 5629 3599 5705 ἀλεγεινά
3629 5653 3705 5690 τε

2104 5700 2325 5775 κύματα
2348 5700 2581 5775 πείρων,Δ
2599 5698 2821 5775 Ulysses
2847 5697 3174 5775 _Hotnericus
3194 5703 3394 5775 Odyss.
3428 5697 3517 5762 IX.
3550 5706 3701 5761 Hinc

2102 5780 2158 5846 et
2181 5767 2420 5846 ἀπορεῖν
2444 5767 2497 5825 et
2532 5767 2786 5846 ευπορεῖν
2823 5767 3129 5846 destituiin
3171 5767 3426 5842 trarisitu,
3462 5786 3516 5833 et
3548 5778 3699 5846 fact“-

2111 5843 2208 5897 lem
2246 5839 2537 5896 transitum
2586 5839 2854 5907 invenire,
2903 5839 2973 5895 ad
3011 5856 3103 5899 res
3141 5846 3378 5903 fortuna
3411 5839 3697 5904 translata
