3856 6222
171 310 285 366 845

1311 307 1515 363 LIBER
1550 307 1831 363 CONTRA
1868 305 2286 363 HIEROCLEM.

3310 305 3439 360 ⁷8ιῦ

172 428 243 484 τὰ
272 426 519 495 βασίλεια
551 427 797 499 παρόδου
832 427 1122 489 κοινωνῶν,
1158 425 1383 498 ὕστερον
1414 428 1472 480 δὲ
1518 429 1619 498 τῆς
1652 428 1753 481 δια-

1876 426 2244 493 mendatione,
2274 426 2460 496 palatii
2482 426 2831 495 imperatoris
2864 422 3010 481 fores
3042 423 3441 495 panderentur?

170 521 350 591 φορᾶς
410 520 571 573 ἕνεκα
625 518 851 573 τοιαῦτα
897 520 1025 588 περὶ
1052 519 1216 573 αὑτοῦ
1252 519 1444 588 λέγων,
1481 519 1633 573 οῦπω
1669 537 1757 590 μοι

167 611 480 666 διαϐάλλειν
524 614 553 665 6
611 612 768 681 λόγος
825 611 1070 682 βούλεται
1114 611 1205 664 τὸν
1240 611 1429 681 ἄνδρα,
1464 610 1540 674 ὡς
1573 611 1638 665 ἂν
1666 611 1759 664 τὸν

169 702 469 773 Εὐφράτην
503 703 962 772 συκοφαντοῦντα,
1015 703 1317 772 φιλοσόφων
1342 703 1450 755 τῶν
1483 702 1601 755 καθ’
1636 704 1761 754 ἑαυ-

167 794 266 847 τὸν
290 794 400 864 (71)
445 793 837 861 ὲπιδοξότατον,
866 792 942 856 ὡς
972 795 1066 846 καὶ⁸
1093 794 1151 856 ἐς
1199 793 1369 864 δεῦρ’,
1406 789 1487 857 οἷς
1539 792 1758 864 μέτεστι

170 884 515 955 φιλοσοφίας,
551 884 808 957 ᾇδεσθαι;
841 887 905 937 Ὃ
938 885 1031 938 καὶ
1074 886 1329 956 μέγιστον
1356 882 1510 937 λάϐοι
1556 886 1621 938 ἄν
1650 901 1755 948 τις,

169 978 226 1028 εί
253 976 516 1046 βούλοιτο,
563 976 918 1048 παράδειγμα
956 977 1056 1047 τῆς
1102 976 1244 1030 κατά
1273 975 1373 1053 τοῦ¹
1407 974 1758 1027 Ἀπολλωνίου

169 1065 445 1134 διαϐολῆς.
507 1067 568 1118 Εί
596 1066 706 1139 γὰρ
735 1069 763 1118 6
803 1068 1097 1138 Εὐφράτης
1123 1065 1275 1138 παρὰ
1306 1068 1419 1129 τοῖς
1446 1067 1580 1118 πᾶσι
1606 1063 1758 1134 φιλο-

173 1159 341 1230 σοφίᾳ
367 1158 662 1230 διαπρέψαι
689 1159 1072 1232 ὁμολογηθείη,
1094 1159 1213 1231 ὥρα
1241 1158 1630 1230 μισοπονηρίαν
1660 1159 1758 1228 μὲν

170 1249 387 1303 ἐκείνου
434 1252 758 1320 κατηγορεῖν
778 1290 793 1314 ,
847 1249 1154 1314 ἐπεξιόντος
1206 1251 1319 1311 τοῖς
1357 1248 1574 1310 ἀτόπως
1653 1248 1758 1300 ὑπὸ

168 1341 331 1394 τοῦδε
348 1339 646 1412 δρωμένοις
664 1357 678 1405 ;
699 1341 911 1393 τουτονὶ
939 1341 995 1393 δὲ
1022 1341 1159 1412 πρὸς
1194 1340 1399 1394 ἐκείνου
1420 1338 1757 1412 κατηγορού-

172 1448 359 1503 μενον,
415 1430 624 1501 φαύλην
683 1430 1106 1502 περιδάλλεσθαι
1132 1430 1312 1497 δόξαν,
1344 1432 1426 1484 ὃτι
1458 1430 1522 1501 δὴ
1556 1431 1630 1501 μὴ
1662 1430 1756 1485 τὸν

168 1526 478 1598 ἀρέσκοντα
498 1524 577 1596 τῷ
611 1525 883 1597 φιλοσόφῳ
916 1525 1104 1596 μετῄει
1130 1525 1260 1596 βίον.

1864 517 2070 574 Verum
2100 519 2186 574 vel
2222 532 2388 583 caeo,
2419 524 2479 572 ut
2538 519 2593 572 in
2636 518 2929 587 proverbio
2959 519 3136 583 aiunt,
3173 515 3290 588 jam
3318 531 3441 587 per-

1866 613 2118 682 spicuum
2171 611 2278 675 sit,
2324 610 2471 682 quod
2521 612 2578 666 in
2625 611 2908 667 divinandi
2958 618 3078 667 arte
3119 609 3441 666 detrahatur

1865 704 1986 758 viro
2038 704 2108 758 ab
2154 704 2437 758 historico.
2471 703 2849 759 Concedamus
2894 712 3076 759 autem
3121 702 3177 758 in
3225 702 3440 758 caeteris

1865 809 1990 849 eum
2044 810 2369 865 generosum
2422 796 2664 850 animum
2710 796 3143 863 demonstrasse,
3192 793 3439 864 pericula

1864 887 2031 942 etiam
2068 902 2168 957 pro
2223 886 2417 941 amicis
2467 886 2753 941 subeundo
2795 886 3132 958 frequenter.
3172 884 3244 938 At
3288 888 3439 939 certe

1865 968 2220 1048 Euphratem,
2252 977 2433 1034 aditus
2464 979 2531 1033 ad
2580 978 2928 1048 imperatoris
2968 978 3231 1049 palatium
3259 978 3436 1047 parti-

1865 1071 2041 1140 cipem
2076 1069 2333 1133 reddens,
2359 1080 2550 1140 postea
2598 1079 2804 1135 tamen,
2838 1071 2909 1126 ob
2941 1069 3289 1125 intercedens
3321 1069 3437 1124 dis-

1867 1160 2090 1226 sidium,
2121 1160 2251 1213 talia
2283 1160 2349 1214 de
2374 1176 2441 1215 eo
2472 1160 2777 1230 proferens,
2802 1176 3004 1225 nonne,
3027 1161 3147 1231 ipsa
3172 1160 3437 1216 suadente

1865 1250 1998 1303 mihi
2030 1249 2262 1313 ratione,
2297 1248 2592 1320 Euphratis
2622 1250 2800 1321 egisse
2829 1250 3221 1322 sycophantam
3251 1250 3437 1321 argui.

1865 1349 1985 1407 tur,
2019 1342 2468 1413 philosophorum
2498 1358 2610 1398 suae
2648 1344 2823 1399 atatis
2864 1341 3180 1407 clarissimi,
3207 1341 3302 1412 qui
3334 1340 3438 1396 ho-

1862 1432 1952 1488 die
1981 1435 2144 1488 etiam
2172 1434 2240 1488 ab
2266 1434 2356 1499 iis,
2397 1435 2492 1505 qui
2525 1435 2885 1507 philosophia
2929 1435 3122 1490 imbuti
3153 1440 3284 1489 sunt
3322 1440 3438 1491 stu-

1859 1523 1989 1589 diis,
2012 1526 2356 1580 celebratur?
2379 1524 2534 1592 Quod
2561 1528 2740 1598 ipsum
2766 1528 2849 1583 vel
2873 1526 3309 1584 illustrissimum
3334 1525 3436 1580 ali-

171 1620 290 1686 cui,
317 1620 365 1675 si
387 1620 545 1684 velit,
612 1617 818 1691 [justa]
848 1620 1123 1690 Apollonii
1184 1618 1632 1691 reprehensionis
1685 1620 1992 1690 exemplum
2036 1612 2304 1691 prabeat.‘
2347 1619 2405 1676 Si
2453 1621 2758 1693 Euphrates
2805 1623 2949 1679 enim
3011 1622 3254 1678 omnium
3301 1636 3437 1676 con—

169 1730 341 1770 sensu
372 1715 729 1786 philosophia
765 1716 961 1772 studiis
986 1716 1329 1772 clarissimus
1374 1716 1660 1779 habeatur,
1700 1716 2142 1786 intempestivum
2183 1724 2331 1771 certe
2394 1717 2618 1771 minime
2663 1716 2849 1782 fuerit,
2883 1716 3032 1773 illius
3062 1731 3129 1772 eo
3183 1715 3435 1771 evincere

167 1806 341 1879 534
371 1808 635 1865 adversus
675 1811 1077 1881 improbitatem
1142 1813 1324 1867 odium
1347 1853 1362 1879 ,
1414 1810 1561 1882 quod
1619 1811 1762 1865 mala
1799 1810 2074 1882 Apollonii
2104 1811 2245 1867 facta
2268 1811 2434 1869 fuerit
2464 1814 2785 1870 insectatus.
2821 1812 2979 1868 Hunc
3030 1825 3181 1876 vero,
3208 1810 3302 1882 qui
3366 1810 3435 1864 ab

167 1914 242 1953 eo
273 1899 623 1969 arguebatur,
654 1899 1030 1974 [concludere]
1061 1902 1204 1957 mala
1235 1901 1377 1958 fama
1411 1900 1752 1973 oppressisse
1787 1917 1934 1970 eum,
1976 1902 2134 1973 quasi
2163 1903 2330 1959 vitam
2364 1911 2547 1975 ageret
2578 1903 2936 1974 philosophiae
2998 1901 3226 1958 minime
3294 1914 3434 1956 con-

169 2004 517 2049 sentaneam.

696 2094 1092 2148 ΚΕΦΑΛΑΙΟΝ
1117 2096 1236 2148 AA’.

246 2183 417 2239 Πάλιν
465 2186 523 2238 ὲν
553 2184 633 2256 τῷ
683 2185 845 2255 ἕκτῳ,
913 2185 1356 2256 παραδοξολογῶν
1389 2189 1417 2240 6
1445 2186 1756 2258 μυθολόγος,

168 2276 297 2344 ἄγει
333 2276 429 2345 μὲν
452 2275 610 2329 αὑτὸν
637 2274 752 2346 ἅμα
786 2279 896 2339 τοῖς
917 2276 1151 2348 ἑταίροις
1178 2275 1411 2348 καμήλῳ
1447 2277 1759 2348 ὀχούμενον,

168 2367 259 2435 ἐφ’
280 2366 374 2430 οῦς
397 2384 557 2438 φησιν
590 2368 904 2437 Αἰγυπτίων
925 2369 965 2419 Γ
968 2387 997 2420 υ
1005 2369 1189 2439 μνοὺς,
1233 2369 1573 2439 φιλοσόφους.
1592 2369 1761 2423 Ἔνθα

165 2458 236 2530 δὴ
261 2459 664 2530 προστάξαντος
702 2459 796 2513 τοῦ
840 2460 1070 2530 γυμνοῦ,
1108 2461 1326 2527 πτελέα,
1377 2464 1530 2533 φησὶ,
1562 2463 1623 2516 τὸ
1653 2463 1763 2517 δέν-

164 2549 298 2621 δρον
355 2550 750 2621 προσαγορεύει
790 2550 882 2603 τὸν
941 2550 1318 2614 Ἀπολλώνιον,
1374 2552 1622 2624 ὲνάρθρῳ
1665 2554 1759 2607 κα)⁸

170 2640 367 2712 θηλείᾳ
396 2643 461 2712 τῇ
486 2644 656 2712 φωνῇ.
691 2642 801 2694 Καὶ
820 2641 1029 2704 τούτοις
1056 2659 1115 2710 γε
1140 2644 1290 2713 ἡμᾶς
1309 2646 1336 2697 6
1358 2663 1376 2695 ι
1405 2644 1707 2715 Φιλαλήθης
1735 2664 1753 2696 ι

168 2732 453 2787 πιστεύειν
487 2733 650 2798 ἀξιοῖ.
683 2730 817 2797 Εἶτα
867 2733 1183 2805 Πυγμαίους
1229 2736 1429 2807 ἄνδρας
1477 2736 1617 2808 ὑπὲρ
1661 2739 1759 2810 τὴν

167 2824 380 2877 τούτων
430 2827 636 2896 ἱστορεῖ
679 2824 898 2896 χώραν,
945 2826 1039 2878 καὶ
1097 2825 1581 2897 Ἀνθρωποφάγους
1622 2826 1757 2899 (72),

168 2918 271 2970 καὶ
327 2916 651 2981 Σκιάποδας,
709 2916 948 2988 Σάτυρόν
982 2934 1041 2969 τε
1091 2917 1227 2987 πρὸς
1272 2916 1366 2969 τοῦ
1404 2917 1758 2973 Ἀπολλωνίου

172 3007 606 3079 μεθυσκόμενον.
659 3007 751 3072 Ἐξ
796 3008 1018 3061 ἐκείνων
1044 3003 1203 3071 αὖθις
1249 3008 1526 3062 ἐπάνεισιν
1547 3010 1639 3062 ἐπὶ
1659 3010 1760 3081 τὴν

180 3103 429 3157 Ἑλλάδα.
498 3104 733 3175 Ὀμιλίαι
788 3122 846 3158 τε
899 3104 1058 3158 πάλιν
1090 3105 1240 3176 αὑτῷ
1264 3147 1279 3170 ,
1313 3108 1408 3159 καὶ
1426 3105 1760 3177 προγνώσεις

166 3195 580 3249 ἀνακοινοῦνται
608 3195 949 3268 πρὺςἸξτον.
983 3197 1094 3250 Καὶ
1119 3197 1385 3268 δηχθέντα
1429 3197 1626 3269 ἔφηϐον
1655 3196 1759 3251 ὑπὸ

168 3286 472 3350 λυττῶντος
522 3289 699 3353 κυνὸς,
749 3288 807 3341 ὂν
861 3288 925 3361 δὴ
955 3290 1047 3342 καὶ
1097 3290 1469 3360 ἐμαντεύσατο
1499 3292 1647 3353 ὅστις
1670 3290 1757 3361 εἴη

167 3380 271 3452 τὴν
292 3381 493 3453 ψυχὴν,
525 3383 609 3435 ὅτι
633 3383 661 3434 6
700 3382 801 3451 τῆς
833 3381 1107 3451 Αίγύπτου
1132 3383 1261 3435 ποτὲ
1297 3382 1547 3453 βασιλεὺς
1582 3384 1758 3452 ’Ἄμα-

2382 2090 2613 2149 CAPUT
2663 2089 2904 2146 XXXIV.

1932 2184 2174 2242 Rursum
2200 2190 2452 2256 portenta
2479 2184 2535 2239 in
2565 2193 2720 2241 sexto
2742 2184 2885 2240 libro
2914 2184 3144 2256 loquens
3174 2193 3430 2260 nugator,

1862 2278 2086 2333 camelis
2108 2292 2232 2332 eum
2266 2291 2374 2330 una
2406 2291 2530 2330 cum
2564 2276 2730 2331 sociis
2766 2284 2985 2332 vectum
3027 2277 3173 2334 sistit
3213 2279 3281 2334 ad
3309 2279 3434 2351 phi-

1862 2369 2142 2440 losophos,
2193 2383 2332 2439 quos
2377 2366 2564 2421 Nudos
2607 2367 2841 2438 appellat
2886 2367 3289 2440 Egyptiorum.
3329 2369 3433 2428 Ubi

1861 2461 2331 2534 gymnosophista,
2392 2468 2452 2515 ut
2500 2461 2719 2532 quidem
2764 2470 2953 2515 narrat
2972 2463 3039 2525 “,
3062 2462 3310 2533 iubente,
3356 2465 3435 2518 ul-

1861 2568 1984 2607 mus
2020 2553 2188 2607 arbor
2214 2552 2563 2623 Apollonium
2598 2567 2731 2607 voce
2767 2552 3053 2608 articulate
3093 2562 3147 2609 et
3180 2555 3431 2610 muliebri

1862 2642 2021 2698 atl‘ata
2063 2649 2167 2697 est.
2208 2641 2371 2697 Hisce
2402 2649 2583 2696 autem
2617 2660 2635 2693 ς
2660 2640 2994 2697 Philalethes
3023 2660 3042 2694 ι
3073 2640 3233 2697 ﬁdem
3263 2658 3295 2697 a
3337 2660 3432 2698 no-

1860 2735 1949 2792 bis
1980 2736 2098 2789 vult
2134 2734 2348 2789 haberi.
2386 2732 2592 2790 Deinde
2618 2749 2894 2805 pygmaos
2916 2734 2983 2799 ",
3018 2735 3164 2789 ultra
3200 2750 3433 2808 gymno-

1861 2827 2234 2897 sophistarum
2278 2826 2511 2896 patriam
2555 2825 2787 2893 positos,
2821 2823 3430 2897 AnthropOphagosque

1860 2927 1916 2974 et
1946 2917 2306 2987 Umbripedes
2331 2924 2743 2982 commemorat,
2781 2913 3144 2986 Satyrumque
3165 2917 3234 2971 ab
3266 2917 3430 2987 Apol-

1859 3010 2010 3063 lonio
2043 3008 2372 3063 inebriatum
2388 3005 2457 3059 ⁸³.
2494 3004 2623 3059 Inde
2649 3014 2827 3059 autem
2872 3006 2929 3060 in
2957 3004 3223 3061 Graciam
3259 3006 3427 3075 redit;

1859 3107 1909 3154 et
1935 3112 2156 3151 rursum
2189 3111 2315 3150 cum
2349 3097 2677 3165 imperatore
2696 3092 2821 3148 Tito
2850 3094 2897 3127 ’δ
2928 3110 3212 3153 sermones
3251 3107 3307 3152 et
3337 3111 3432 3152 va-

1859 3188 2048 3243 ticinia
2076 3186 2464 3241 communicat.
2499 3184 2677 3254 Atque
2713 3183 3137 3251 adolescentem,
3169 3202 3203 3241 a
3235 3186 3433 3242 rabido

1859 3294 2105 3336 morsum
2137 3294 2271 3361 cpne
2291 3277 2360 3343 ",
2400 3278 2558 3346 cujus
2577 3277 2741 3333 etiam
2772 3278 2951 3331 anima
2973 3292 3095 3348 qua
3123 3277 3217 3344 sit,
3244 3277 3435 3350 (Ama-

1860 3372 1938 3425 sis
1966 3385 2162 3440 nempe
2191 3367 2432 3441 Egyptii
2470 3367 2749 3437 quondam
2787 3367 2957 3438 regis)
2991 3367 3223 3434 divinat,
3267 3368 3336 3423 ab
3365 3384 3432 3424 eo

170 3490 261 3537 σις
287 3474 422 3545 ('75),
472 3474 571 3543 τῆς
612 3475 899 3546 συμφορᾶς
956 3474 1308 3539 ἀπαλλάττει,
1336 3474 1496 3545 μέχρι
1529 3476 1623 3527 καὶ
1666 3472 1753 3527 τοῦ

1861 3461 2058 3517 liberat
2095 3460 2328 3515 morbo:
2361 3461 2540 3529 ipsum
2565 3473 2784 3529 quoque
2821 3473 3012 3514 canem
3039 3459 3094 3514 in
3128 3458 3433 3530 benignita-

170 3564 336 3628 κυνὸς
361 3565 633 3627 ἐπιτείνας
656 3566 718 3617 τὺ
755 3564 1132 3637 φιλάνθρωπον
1163 3565 1296 3636 (Μ).
1339 3566 1507 3619 Ταυτὶ
1539 3566 1636 3638 μὲν
1659 3561 1751 3619 οὖν

168 3658 244 3710 τὰ
267 3657 373 3728 πρὸ
404 3656 504 3727 τῆς
530 3657 860 3728 κατηγορίας
892 3656 1041 3728 αὐτῷ
1069 3657 1455 3729 πεπραγμένα.

677 3856 1071 3909 ΚΕΦΑΛΑΙΟΝ
1121 3856 1245 3912 AE’.

256 3944 581 4015 Ἐπιστῆσαι
628 3944 672 3997 δ’
703 3945 851 4013 ἀξιον
905 3948 973 4000 δι’
1022 3947 1150 4018 ὅλης
1188 3947 1288 4017 τῆς
1328 3945 1710 4019 πραγματείας
1736 3986 1751 4010 ,

168 4033 251 4098 ὡς
276 4035 379 4101 ὅτι,
410 4035 510 4088 κᾶν
537 4034 821 4105 ἀληθεύειν
863 4036 990 4108 δοθῇ
1032 4037 1109 4109 τῷ
1144 4037 1541 4110 συγγραφεῖιτά
1576 4037 1755 4110 παρά-

165 4124 321 4190 δοξα,
341 4142 464 4179 συνε
474 4127 629 4199 ργείᾳ
654 4127 905 4199 δαίμονος
929 4128 1157 4181 ἕκαστον
1184 4128 1332 4199 αὐτῷ
1351 4127 1751 4201 διαπεπρᾶχθαι

164 4216 379 4269 τούτων
396 4217 584 4286 σαφῶς
605 4217 897 4272 δείκνυται.
921 4219 993 4272 Τό
1014 4236 1073 4272 τε
1097 4219 1204 4291 γὰρ
1230 4218 1322 4272 τοῦ
1352 4218 1541 4290 λοιμοῦ
1571 4235 1755 4288 προαι-

168 4307 395 4362 σθέσθαι
441 4308 571 4373 ἴσως
598 4310 696 4381 μὲν
725 4311 826 4364 οὐκ
867 4311 1196 4385 ἀπερίεργον
1224 4310 1446 4378 δόξειεν,
1470 4312 1539 4375 εί,
1569 4307 1752 4373 καθὼς

242 4450 288 4481 ’³
330 4449 425 4504 lib.
458 4465 550 4515 v1,
584 4464 634 4505 c.
671 4450 758 4507 10.
847 4451 895 4483 ³³
932 4450 1026 4506 lib.
1062 4465 1117 4503 vr
1140 4491 1156 4516 ,
1224 4466 1277 4505 c.
1309 4450 1400 4507 25.
1475 4450 1523 4484 ⁸³
1561 4451 1656 4505 lib.
1693 4466 1787 4518 vt,
1821 4465 1872 4505 c.
1907 4449 1998 4504 ‘27.
2076 4447 2124 4482 ’δ
2160 4447 2261 4504 lib.
2296 4464 2389 4513 vr,
2451 4461 2502 4501 ρ.
2562 4445 2631 4499 29
2685 4450 2821 4518 seq.‘

166 4520 218 4550 "
262 4518 359 4573 lib.
396 4535 498 4589 ιιι,
530 4535 580 4575 c.
619 4520 674 4574 4.

165 4637 325 4688 sunt.
357 4630 683 4702 Προπείρειν
720 4626 980 4702 vero,'_ut
1014 4631 1468 4702 προκινδυνεύειν,
1498 4647 1593 4701 pro
1632 4632 1742 4686 alio

165 4689 479 4783 periculum
519 4689 724 4783 stibire.
763 4689 921 4783 Quod
957 4689 1153 4783 fecisse
1184 4689 1533 4783 Apollonium
1576 4718 1745 4771 agno-
1826 4724 1829 4729 λ

166 4770 533 4842 ἐθίμνὶι-ἰηιιε
566 4770 725 4842 fortis
751 4780 804 4825 et
825 4773 1071 4842 generosi
1093 4770 1322 4840 gloriam
1350 4773 1454 4827 hoc
1479 4772 1599 4842 ipso
1619 4770 1743 4826 eum

166 4819 341 4909 tueri,
395 4819 623 4895 concedi
671 4819 857 4909 posse0
886 4841 983 4903 ait,
1023 4819 1125 4909 qui
1167 4819 1378 4896 scilicet
1393 4819 1475 4896 vi‘ll
1501 4819 1741 4908 rNerva,
1778 4819 1819 4875 θ

166 4908 312 4964 Rulli
365 4921 418 4965 et
448 4910 604 4994 Grilli
633 4908 1167 4994 imprimisgratiam
1205 4912 1521 4994 προὲπειρε.
1551 4911 1621 4964 At
1645 4919 1749 4994 ,ξιι-

166 4994 392 5050 cunque
423 4997 482 5037 se
504 4980 740 5050 habeant
762 4982 889 5043 ista,
912 4980 965 5032 in
990 4980 1206 5048 negotio
1235 4980 1381 5050 Quod
1405 4980 1453 5036 ci
1486 4998 1612 5036 cum
1643 4980 1753 5036 Eu-

164 5046 368 5120 phrate
396 5049 734 5114 intercessit,
764 5051 1006 5118 γενναῖον
1032 5046 1091 5105 se
1119 5046 1382 5120 probasse
1401 5052 1749 5122 Apollonium

165 5125 357 5174 negat.

264 5189 357 5255 ’11)
396 5185 750 5261 φιλοσόφων
791 5186 930 5261 ad»:
949 5190 1077 5261 καθ’
1121 5189 1355 5244 ἑαυτόν.
1396 5190 1488 5261 Ita
1508 5190 1747 5261 loquun-

163 5255 263 5311 tur
288 5255 541 5332 purior-es
571 5255 869 5332 scriptores
891 5255 1088 5332 Graeci,
1121 5274 1229 5332 non
1248 5268 1317 5332 ut
1344 5261 1398 5332 in
1429 5255 1598 5332 editis
1616 5262 1742 5331 legi-

165 5325 616 5402 1υῐίφ-ιλρσόφων
636 5325 939 5402 γενομένων
958 5325 1208 5402 τῶν’καθ’
1238 5331 1445 5385 ἑαυτὸν.
1472 5325 1740 5402 Βθιυεειῖι·

162 5399 311 5470 dum
344 5396 510 5467 igitur
537 5399 639 5452 fuit
671 5396 1183 5470 ysvouévwv,quod
1224 5415 1290 5453 ex
1329 5404 1590 5470 margine,
1609 5396 1740 5470 'qua

164 5468 477 5540 ascriptum
549 5478 715 5540 erat,
783 5467 1286 5540 ad_explicandum
1351 5467 1529 5540 tyroni
1580 5467 1742 5527 idio-

162 5539 420 5602 tismum,
450 5544 507 5607 et
548 5537 768 5607 quidem
809 5537 989 5593 alieno
1032 5540 1173 5605 loco,
1214 5540 1271 5593 in
1311 5537 1517 5595 teitum
1557 5540 1737 5596 immi-

163 5608 347 5682 gravit
374 5622 413 5682 :_
443 5606 592 5682 ferri:
611 5609 756 5682 enim
798 5615 1076 5680 utcunque
1112 5617 1320 5681 posset,
1357 5611 1403 5666 si
1452 5619 1576 5682 post
1615 5613 1740 5665 ἑαυ-

161 5676 257 5731 τόν
296 5677 535 5733 oositum
568 5677 781 5733 fuisset.

1857 3552 1929 3607 tis
1960 3566 2073 3607 sua
2095 3559 2303 3620 partem
2335 3551 2650 3605 admittens.
2679 3549 2858 3620 Atque
2882 3549 2997 3604 haec
3026 3549 3246 3619 quidem
3279 3558 3427 3612 sunt,

1856 3657 1980 3713 qua
2037 3648 2328 3711 antequam
2382 3639 2551 3713 [apud
2601 3640 2986 3710 imperatorem
3030 3637 3427 3712 Domitianum]

1857 3732 2187 3796 deferretur,
2218 3741 2370 3802 gesta
2396 3733 2467 3786 ab
2494 3745 2562 3786 eo
2594 3730 2769 3786 fuere.

2399 3842 2629 3899 CAPUT
2668 3842 2888 3900 XXXV.

1926 3939 1986 3996 ld
2019 3953 2152 3995 vero
2179 3935 2235 3991 in
2276 3943 2392 3990 tota
2421 3935 2511 3989 illa
2541 3934 2836 3993 tenendum
2863 3932 3094 3989 historia
3114 3939 3220 3999 est,
3249 3933 3422 4005 quod,

1853 4032 1901 4088 si
1933 4030 2266 4086 concedatur
2288 4028 2371 4084 vel
2393 4027 2647 4092 ,maxime
2690 4026 2972 4096 scriptori,
3018 4038 3147 4080 vera
3191 4040 3316 4081 eum
3346 4026 3430 4081 di-

1855 4140 1999 4191 cere,
2026 4130 2278 4194 portenta
2323 4120 2413 4178 illa
2446 4120 2575 4178 dum
2629 4117 2830 4186 refert;
2880 4116 3008 4172 mali
3050 4116 3313 4174 damonis
3339 4125 3429 4173 ta-
3472 4108 3477 4115 ’

1855 4231 1983 4271 men
2017 4229 2205 4286 opera,
2231 4212 2418 4269 omnia
2460 4211 2567 4267 ista
2601 4216 2817 4283 patrata
2848 4224 2972 4265 esse
3012 4210 3084 4265 ab
3116 4208 3426 4281 Apollonio,

1855 4306 2018 4363 facile
2045 4306 2352 4363 evincatur.
2390 4302 2544 4370 Quod
2581 4304 2728 4359 enim
2754 4313 2961 4374 pestem
2993 4313 3121 4360 ante
3158 4302 3334 4363 sensit
3354 4303 3425 4368 ’°,

2898 4446 2945 4481 ’³
2982 4444 3082 4504 lib.
3115 4461 3175 4503 vr
3197 4487 3213 4514 ,
3246 4461 3298 4504 c.
3332 4445 3426 4502 53.

1919 4633 2035 4687 llat.

1849 4649 2035 4774 μὲἨῶ
2078 4704 2180 4755 Ὃν
2220 4700 2298 4771 δὴ
2349 4700 2448 4755 καὶ
2478 4702 2953 4774 ἐμαντεύσατο...
2985 4701 3077 4757 ὅτι
3098 4699 3422 4774 dam-Atr.

1850 4770 1995 4831 ποι-ὲ
2015 4770 2228 4837 βασιλ.
2259 4770 2521 4842 Ἀμασιςζ
2549 4770 2711 4827 Fallit
2749 4770 2841 4828 hic
2869 4774 3132 4828 memoria
3173 4786 3273 4828 sua
3313 4770 3424 4829 Eu—

1849 4844 2060 4898 sebium
2086 4861 2101 4909 ;
2132 4843 2350 4911 juvenis
2384 4842 2531 4897 enim
2582 4857 2613 4896 a
2647 4857 2785 4898 cane
2816 4855 3031 4899 morsus
3061 4858 3173 4897 non
3202 4843 3423 4911 Amasis

1850 4928 1974 4984 esse
2021 4910 2342 4984 dicitur_ab
2384 4911 2690 4982 Apollonio,
2736 4913 2833 4984 sed
2885 4912 3157 4984 Telephus
3189 4910 3420 4984 Mysius.

1849 4981 2086 5054 Videtur
2120 4981 2443 5054 confudisse’
2468 4997 2593 5037 cum
2624 4998 2710 5054 ea,
2741 4982 2810 5037 de
2843 4998 2951 5054 qua
2986 4981 3423 5054 a’git,i_re,'gesta

1844 5052 2189 5108 Alexandria
2236 5068 2361 5107 cum
2414 5052 2591 5117 leone,
2637 5052 2693 5107 in
2743 5051 3043 5117 quo'regis
3098 5051 3423 5106 illius'ani-

1845 5069 2189 5108 Alexandria
2236 5069 2361 5107 cum
2414 5069 2591 5117 teone,
2637 5069 2693 5107 ιη
2780 5069 2852 5109 UO
2898 5069 2957 5106 re
2996 5069 3043 5108 IS
3098 5069 3247 5106 unus
3302 5069 3417 5106 am-

1845 5137 2135 5247 3131ῐέ8ῗὲ
2167 5123 2346 5179 aiebat
2379 5122 2721 5193 Apollonius.
2743 5069 2905 5179 qVide
2936 5069 3114 5177 latam
3145 5122 3291 5193 ejus,
3318 5123 3417 5181 lib.

1842 5209 1919 5258 v1,
1961 5208 2012 5247 c.
2054 5208 2145 5247 az.
2238 5216 2255 5235 ο

1914 5262 2029 5334 (74)
2049 5263 2237 5334 Μέχρι
2251 5262 2471 5317 καὶτοῦ
2490 5261 2677 5329 κυνὸς
2690 5260 2988 5334 ἐπιτείνας
3001 5260 3070 5315 τὸ
3089 5262 3422 5334 φιλάνθρω-

1842 5332 1981 5388 πον.
2020 5332 2167 5388 Mire‘
2194 5333 2283 5387 hic
2319 5334 2503 5389 omnia
2546 5333 2828 5402 pervertit,
2871 5346 2982 5402 pro
3009 5346 3183 5395 more,
3217 5333 3421 5387 Accio-

1842 5405 1959 5459 lus:
1984 5403 2142 5459 facile
2167 5402 2298 5473 quid
2320 5418 2409 5458 res
2430 5403 2499 5458 sit
2516 5401 2914 5473 Lassecuturus,
2942 5401 2987 5458 si
3023 5402 3204 5473 ipsum
3216 5417 3423 5473 consu-

1841 5474 2037 5529 luisset
2066 5470 2475 5529 Philostratum.
2507 5470 2728 5528 Scilicet
2758 5479 3009 5543 spectant
3035 5472 3140 5526 ista
3161 5472 3230 5528 ad
3249 5472 3419 5543 Apol-

1841 5544 1975 5599 lonii
1996 5545 2077 5615 in
2109 5544 2289 5615 ipsum
2310 5559 2533 5615 quoque
2555 5558 2761 5615 canem_
2779 5542 3191 5615 bianignitatem,
3220 5542 3423 5613 nempe

1842 5612 2214 5687 περιώφθηδὲ
2237 5612 2356 5668 οὐδὲ
2381 5617 2411 5668 6
2442 5612 2609 5687 κύων,
2643 5621 2704 5667 ut
2732 5612 3100 5687 Philostratus
3135 5614 3233 5684 ait;
3257 5612 3417 5671 mm-

1842 5682 1951 5757 que
1972 5682 2076 5759 ipsi
2104 5682 2323 5758 quoque
2351 5685 2610 5743 restituta
2639 5685 2846 5743 sanitas
2868 5682 2998 5742 fuit.

232 5746 351 5819 (Η)
385 5747 1199 5819 Ἀνθρωποφάγουςᾚὶιίιοειικ
1234 5750 1628 5826 ’Δνδροφάγους
1648 5766 1742 5822 ap-
