3856 6222
458 361 633 446 sar

1133 359 1398 414 EUSEBll
1437 357 1913 414 CxESARiENSIS
1946 357 2096 414 OPP.
2140 356 2319 410 PARS
2357 355 2508 411 ll.—
2545 354 3042 412 APOLOGETICA.

3622 355 3719 408 848

462 484 602 541 forte
631 498 738 538 non
770 483 978 537 carebit
1028 483 1438 551 superstitione,
1481 481 1526 536 si
1561 489 1619 535 ut
1674 482 1790 549 ipse
1823 477 2026 550 [facit,]

2150 479 2310 540 ιὺτδς.
2351 497 2369 528 ι
2401 479 2507 530 ἀπὸ
2539 479 2872 546 λεπτοτάτης
2894 481 2989 530 καὶ
3021 478 3266 550 καθαρᾶς
3293 478 3510 548 διαίτης
3534 497 3552 528 ι
3588 495 3718 530 κατ-

465 594 487 628 ι
515 591 581 632 ex
598 575 909 629 tenuivictu
942 594 959 626 ι
999 573 1277 627 derivetur
1304 591 1321 623 ι
1359 580 1587 641 etpuro,
1622 591 1640 623 ι
1671 578 1834 640 prout
1859 569 2034 622 aPhi-

461 667 693 723 lostrato
725 675 1006 719 narratum
1035 683 1047 718 :
1077 662 1216 718 forte
1251 671 1434 716 tamen
1460 678 1524 716 ex
1542 661 1874 715 commercio
1905 661 2032 713 mali

462 760 692 830 spiritus
724 757 846 825 ejus
893 757 969 811 rei
1012 755 1271 809 indicium
1303 753 1409 824 ipsi
1449 760 1534 808 est
1574 752 1798 806 factum.
1847 750 2036 803 Enim-

460 868 593 906 vero
631 859 827 904 ctetera
867 849 1031 903 etiam
1064 862 1185 917 quae
1231 845 1455 899 fatidica
1488 847 1691 900 virtute
1721 852 2034 898 assecutum

463 950 627 1012 atque
669 939 1051 1009 praedicentem
1106 937 1336 1003 inducit,
1382 938 1466 991 vel
1522 938 1669 992 mille
1702 935 2037 1006 argumentis

462 1047 529 1085 ex
560 1030 681 1100 ipso
703 1028 1022 1083 Philostrati
1043 1027 1246 1096 scripto
1275 1042 1504 1097 arguere
1534 1027 1680 1090 licet,
1719 1034 1777 1078 ut
1801 1040 1908 1079 una
1934 1025 2037 1078 hoc

463 1136 682 1192 quoque
715 1119 786 1174 sit
822 1117 1254 1177 concedendum,
1286 1117 1496 1185 magica
1533 1126 1671 1178 arte,
1706 1117 1816 1168 imo
1846 1129 2036 1183 parum

465 1216 619 1269 abest
650 1212 782 1283 quin
811 1211 990 1266 dicam
1013 1227 1107 1280 per
1130 1212 1378 1279 spiritum
1411 1208 1753 1271 familiarem,
1773 1207 2037 1277 quasdam

464 1320 647 1360 rerum
673 1303 1003 1368 futurarum,
1030 1317 1135 1355 non
1163 1300 1309 1354 enim
1334 1299 1401 1353 de
1433 1299 1688 1354 omnibus
1712 1299 1928 1367 loquor,
1949 1311 2040 1350 as-

467 1404 714 1451 secutum
749 1407 872 1448 eum
922 1392 1106 1446 fuisse.
1141 1391 1310 1460 quue
1340 1391 1647 1444 luculenter
1673 1404 1738 1444 eo
1769 1388 2035 1449 firmatur,

465 1485 613 1555 quod
673 1498 780 1537 non
845 1497 1061 1551 semper
1114 1491 1168 1535 et
1216 1481 1270 1536 in
1340 1481 1597 1536 omnibus
1659 1475 2036 1532 divinatricem

467 1577 628 1631 istam
661 1575 771 1628 vim
801 1575 1206 1630 conservaverit
1243 1594 1255 1628 :
1293 1589 1480 1627 verum
1537 1572 1736 1628 dubius
1775 1569 1940 1623 fuerit
1984 1567 2039 1619 in

466 1675 632 1732 quam
662 1658 934 1729 plurimis,
965 1659 1032 1713 de
1052 1657 1256 1718 multis,
1287 1657 1431 1725 quod
1454 1670 1517 1710 ea
1542 1657 1838 1724 ignoraret,
1866 1655 2037 1708 inter-

467 1749 742 1822 rogaverit
776 1767 788 1802 :
829 1747 882 1801 id
912 1749 1058 1817 quod
1089 1746 1161 1807 ei,
1203 1748 1246 1800 si
1282 1746 1465 1800 divina
1496 1746 1699 1799 virtute
1728 1742 2036 1814 polluisset,

467 1815 788 1911 neutiquam
817 1815 1099 1908 obtingere
1132 1845 1361 1907 poterat.
1413 1837 1593 1905 Ipsum
1623 1852 1750 1891 vero
1775 1836 1941 1890 etiam
1975 1836 2037 1889 Ωιι
2073 1815 2111 1870 Β

467 1949 593 1988 nem
622 1931 764 2003 pesti
812 1930 1130 1999 impositum
1154 1929 1223 1992 ’7,
1255 1943 1416 1997 quem
1444 1936 1662 1983 nactum
1689 1927 1822 1982 illud
1849 1928 2040 1981 drama

470 2025 596 2089 fuit,
629 2037 834 2077 meram
867 2021 1250 2091 imposturant,
1277 2031 1647 2089 praetereaque
1676 2020 1810 2073 nihil
1844 2019 2036 2084 fuisse,

465 2117 577 2186 jam
601 2124 761 2170 antea
784 2129 812 2167 a
837 2113 998 2168 nobis
1026 2120 1112 2167 est
1137 2110 1591 2166 denmnstratunt.
1635 2109 1739 2165 Sed
1782 2117 1836 2164 et
1857 2109 2040 2164 Achil-

469 2209 538 2265 lis
563 2209 770 2263 umbrae
797 2206 845 2238 ⁸⁸
879 2204 1020 2276 apud
1056 2204 1323 2258 tumulum
1359 2202 1531 2272 ipsius
1571 2201 1701 2272 quid
1728 2217 1894 2257 more:
1919 2218 2043 2258 esse

470 2301 667 2372 possit,
696 2298 905 2354 relictis
957 2297 1064 2354 illis
1111 2296 1167 2350 in
1197 2297 1484 2350 beatorum
1520 2295 1738 2356 insulis,
1792 2302 1850 2348 ut
1904 2293 2043 2350 forte

471 2394 597 2465 quis
625 2399 866 2454 censeat,
897 2389 1243 2452 habitaculis,
1276 2388 1380 2442 nisi
1416 2387 1518 2440 hoc
1543 2402 1759 2456 quoque
1799 2401 2040 2456 praesen-

471 2485 544 2540 tis
575 2491 757 2538 actum
789 2481 860 2538 sit
899 2479 1162 2534 dazmonis
1213 2477 1596 2548 apparitione?
1625 2476 1797 2530 Porro
1838 2477 2044 2530 daemo-

472 2593 620 2641 nem,
651 2576 744 2646 qui
779 2583 1095 2644 protervum
1150 2571 1303 2624 illum
1361 2569 1656 2624 luculentis
1706 2569 1924 2624 indiciis
1954 2569 2044 2622 ob—

473 2667 688 2724 sidebat
719 2664 1120 2718 adolescentem
1147 2660 1214 2725 9’,
1247 2666 1300 2714 et
1325 2672 1544 2712 rursum
1578 2657 1892 2726 Empusam,
1939 2654 2044 2709 La-

473 2761 730 2824 miamve,
753 2770 916 2826 quam
949 2751 1258 2821 Menippum
1293 2750 1370 2802 ait
1404 2749 1663 2819 agitasse,
1688 2747 1913 2816 majoris
1936 2748 2046 2801 dae-

473 2848 654 2903 monis
703 2861 806 2915 ope
854 2859 977 2898 eum
1015 2840 1290 2911 expulisse
1316 2846 1402 2894 est
1431 2837 1766 2893 verosimile.
1804 2836 2045 2891 Pariter-

475 2955 582 3010 que
610 2937 852 2993 vicissim
879 2943 1058 2989 mente
1083 2939 1289 2987 motum
1320 2929 1720 2985 adolescentem
1751 2929 1929 2984 rabidi
1953 2944 2046 2982 ca-

475 3033 562 3087 nis
592 3044 778 3084 morsu
810 3029 850 3092 ⁸,
900 3026 1188 3096 ipsumque
1230 3023 1475 3078 daemone
1507 3029 1823 3092 correptum
1856 3035 2069 3077 canem

476 3123 663 3179 eadem
710 3129 829 3175 arte
873 3119 1102 3173 curavit.
1158 3116 1405 3186 Agnosce
1437 3114 1624 3184 igitur,
1674 3123 1836 3183 prout
1887 3122 2045 3168 antea

477 3215 615 3277 dixi,
651 3211 835 3267 omnia
864 3210 984 3279 ejus
1011 3216 1266 3280 portenta
1303 3207 1570 3261 malorum
1611 3207 1917 3261 daemonum
1947 3222 2045 3276 pa-

478 3317 621 3365 trata
649 3304 953 3360 ministerio
980 3316 1120 3356 esse.
1152 3299 1284 3352 Nam
1309 3298 1453 3368 quod
1478 3298 1545 3352 ad
1577 3299 1811 3368 puellam
1835 3305 2045 3368 spectat

480 3401 550 3457 ab
579 3397 769 3453 inferis
798 3400 1108 3451 revocatam
1140 3393 1184 3455 ³,
1220 3391 1265 3444 si
1295 3392 1549 3461 spiritum
1585 3389 1765 3444 adhuc
1795 3405 1856 3445 ea
1898 3391 2046 3447 intus

479 3490 738 3553 habebat,
768 3485 951 3542 vitalis
983 3498 1128 3538 aura
1161 3481 1478 3544 scintillam,
1503 3478 1650 3548 quod
1681 3480 1756 3534 ait
1787 3479 2044 3550 scriptor,

2135 571 2378 640 είληπτο,
2437 569 2511 632 ὡς
2567 571 2728 633 αὐτὸς
2770 570 2989 638 ἔφησεν.
3041 573 3198 632 Ἴσως
3228 571 3285 622 δὲ
3339 571 3432 622 καὶ
3496 571 3633 623 αὐτὸ
3666 571 3718 634 ἐξ

2135 659 2349 730 ὁμιλίας
2376 658 2627 729 δαίμονος
2647 659 2794 729 αὐτῷ
2816 676 2947 730 προε
2957 677 3019 730 με
3031 662 3248 730 μήνυτο.
3270 661 3380 713 Καὶ
3409 661 3522 732 γὰρ
3542 662 3609 731 δὴ
3631 663 3718 714 καὶ

2135 750 2203 802 τὰ
2258 749 2439 810 λοιπὰ,
2493 751 2593 803 ὅσα
2643 751 2785 803 κατά
2837 751 3142 821 πρόγνωσιν
3188 751 3482 822 διειληφώς
3524 769 3586 805 τε
3632 753 3718 804 καὶ

2139 840 2483 912 προειρηκὼς
2534 844 2803 912 εἰσῆκται,
2850 845 2898 895 εἰ
2956 845 3048 896 καὶ
3108 843 3321 915 μυρίοις
3363 844 3613 914 ἐλέγχοις
3665 845 3716 909 ἐξ

2139 935 2308 1005 αὐτῆς
2362 936 2593 1005 πάρεστι
2643 935 2741 1004 τῆς
2801 934 2897 986 τοῦ
2941 936 3302 1006 Φιλοστράτου
3348 936 3574 1005 γραφῆς
3630 936 3713 987 εύ-

2140 1025 2339 1090 θύνειν,
2379 1027 2526 1096 ὅμως
2556 1027 2642 1078 ἵνα
2690 1027 3066 1098 συγχωρηθείη
3103 1029 3194 1081 καὶ
3232 1027 3375 1081 τοῦτ’
3404 1024 3544 1080 εἶναι
3589 1029 3715 1098 ἀληο

2140 1119 2248 1180 θὲς,
2287 1117 2427 1171 κατὰ
2469 1119 2756 1188 περίεργον
2795 1119 3057 1190 μηχανὴν,
3094 1121 3295 1190 εἴποιμ’
3323 1120 3389 1174 ἂν
3417 1120 3557 1192 πρὸς
3609 1123 3718 1175 δαί-

2143 1229 2301 1281 μονος
2351 1211 2498 1282 αὐτῷ
2551 1212 2821 1282 παρέδρου
2889 1213 3010 1264 τινὰ
3063 1213 3169 1265 τῶν
3221 1214 3556 1282 μελλόντων,
3603 1215 3718 1267 οὐδὲ

2139 1302 2249 1371 γὰρ
2301 1303 2498 1364 πάντα,
2541 1301 2916 1372 κατειλῆφθαι.
2970 1303 3140 1356 Τοῦτο
3173 1305 3228 1356 δὲ
3285 1307 3587 1376 παρίστησι
3629 1323 3718 1358 σα-

2141 1394 2260 1462 φὲς,
2314 1394 2376 1446 τὸ
2436 1395 2509 1464 μὴ
2562 1394 2629 1446 δι’
2663 1395 2784 1446 ὅλου
2830 1396 2922 1448 καὶ
2975 1397 3103 1467 περὶ
3157 1398 3374 1450 πάντων
3421 1399 3522 1466 τὴν
3583 1401 3718 1469 πρό-

2141 1498 2340 1548 γνωσιν
2373 1483 2532 1536 αὑτὸν
2577 1483 2909 1547 ἀποσώζειν·
2959 1485 3182 1556 ἀπορεῖν
3222 1487 3277 1539 δὲ
3315 1489 3373 1540 ὲν
3422 1488 3717 1551 πλείστοις,

2142 1572 2237 1624 καὶ
2284 1571 2649 1627 πυνθάνεσθαι
2687 1575 2752 1626 δι’
2796 1575 3040 1642 ἄγνοιαν,
3075 1577 3212 1647 ὅπερ
3242 1577 3339 1628 οὐκ
3371 1577 3456 1638 ἂν,
3489 1580 3535 1629 εί
3571 1579 3722 1640 θείας

2141 1666 2342 1736 ἀρετῆς
2374 1667 2541 1736 μετῆν
2573 1666 2739 1736 αὐτῷ,
2761 1668 3033 1721 πεπόνθοι.
3064 1671 3171 1721 Καὶ
3192 1670 3322 1722 αὐτὸ
3340 1669 3396 1722 δὲ
3423 1669 3483 1721 τὸ
3513 1671 3721 1722 παῦσαι

2139 1757 2233 1810 τὸν
2260 1759 2464 1829 λοιμὸν,
2501 1759 2682 1813 ὁποῖον
2710 1760 2892 1831 εἴληχε
2918 1762 2978 1814 τὸ
3005 1761 3208 1833 δρᾶμα,
3251 1763 3333 1814 ὅτι
3361 1763 3550 1831 φάσμα
3585 1761 3720 1831 (75),

2142 1851 2234 1904 καὶ
2283 1851 2432 1903 οὐδέν
2490 1869 2542 1904 τι
2599 1852 2759 1904 πλέον
2816 1849 2904 1922 ἦν,
2950 1853 3346 1924 προδεδήλωται
3407 1853 3724 1923 (76).“Αλλά

2143 1941 2236 1992 καὶ
2263 1942 2296 2010 ἠ
2328 1938 2473 2009 ψυχὴ
2509 1939 2620 2008 (77)
2666 1939 2948 2009 Ἀχιλλέως
2975 1942 3124 2012 παρὰ
3158 1940 3237 2011 τῷ
3271 1941 3432 1994 αὐτοῦ
3479 1943 3722 2013 μνήματι

2141 2029 2194 2081 τί
2234 2031 2300 2083 ἂν
2335 2030 2618 2100 διατρίϐοι,
2653 2032 2751 2094 τὰς
2784 2034 2841 2084 ὲν
2883 2033 3145 2103 μακάρων
3181 2034 3382 2102 νήσοις,
3413 2032 3489 2095 ὼς
3515 2032 3584 2086 ἂν
3623 2034 3724 2102 φὴ-

2145 2122 2254 2175 σειέ
2289 2140 2373 2186 τις
2405 2122 2535 2194 (78),
2559 2123 2928 2177 ἀπολειπούσα
2961 2124 3093 2194 (ἷ8⁹)
3116 2124 3409 2193 διαγωγὰς,
3440 2127 3487 2177 εί
3523 2125 3601 2196 μὴ
3633 2128 3723 2178 καὶ

2139 2211 2298 2266 ’τοῦτο
2343 2214 2593 2284 δαίμονος
2624 2209 2690 2284 ἦν
2743 2215 3060 2283 ἐπιφανείας
3116 2215 3424 2286 παρουσίας
3472 2218 3584 2268 Καὶ
3635 2214 3721 2268 τοῦ

2143 2301 2405 2369 ἀσελγοῦς
2436 2302 2493 2354 δὲ
2541 2303 2826 2373 μειρακίου
2871 2303 3057 2372 σαφῶς
3110 2303 3315 2356 ἕνοικον
3346 2304 3599 2374 δαίμονα,
3634 2306 3724 2357 καὶ

2144 2393 2303 2447 πάλιν
2342 2394 2410 2463 ῆν
2458 2392 2658 2464 ἔφησεν
2694 2395 3015 2463 Ἐμπουσάν
3043 2412 3101 2447 τε
3147 2396 3241 2447 καὶ
3289 2395 3502 2464 Λαμίαν
3549 2399 3723 2464 ὲμπε-

2145 2483 2530 2554 παρῳνηκέναι
2563 2484 2640 2553 τῷ
2669 2483 2959 2554 Μενίππῳ,
2996 2484 3200 2555 μείζονι
3230 2485 3348 2554 τάχ’
3377 2486 3508 2547 ἴσως
3538 2485 3724 2554 ἐξελή-

2145 2575 2274 2629 λακε
2298 2576 2528 2646 δαίμονι.
2547 2577 2773 2646 Ὁμοίως
2792 2593 2848 2628 τε
2879 2573 2943 2629 αὖ
2968 2578 3169 2629 καὶτὸν
3189 2576 3287 2640 τὰς
3311 2578 3512 2646 φρένας
3548 2594 3725 2648 παρα-

2145 2665 2423 2735 τραπέντα
2467 2665 2678 2719 νεανίαν
2725 2667 2829 2718 ὑπὸ
2882 2665 2976 2718 τοῦ
3023 2666 3322 2729 λυττῶντος
3352 2667 3533 2730 κυνὸς,
3564 2669 3725 2720 αὐτόν

2143 2773 2203 2808 τε
2228 2756 2318 2808 τὸν
2347 2756 2683 2826 δαιμονῶντα
2711 2757 2866 2821 κύνα,
2899 2761 2962 2830 τῇ
2993 2760 3129 2829 αὐτῇ
3169 2759 3464 2830 μετήλλαξε
3493 2759 3722 2830 μεθόδῳ.

2150 2846 2290 2916 Ὅρα
2332 2845 2395 2917 δὴ
2427 2843 2540 2911 οὖν,
2574 2848 2649 2909 ὼς
2681 2847 2835 2917 ἔφην,
2881 2848 2979 2918 τὴν
3022 2851 3200 2902 πᾶσαν
3235 2848 3382 2918 αὑτῷ
3423 2848 3724 2920 παραδοξο-

2148 2935 2348 2999 ποιίαν,
2397 2938 2471 3000 ῶς
2530 2937 2616 2990 διὰ
2670 2937 2988 3008 δαιμονικῆς
3039 2939 3352 2991 ἀπετελεῐτο
3402 2941 3722 3010 ὑπουργίας.

2149 3025 2220 3078 Τὸ
2237 3025 2343 3098 γὰρ
2359 3026 2457 3096 τῆς
2486 3025 2864 3096 ἀναϐιωσάσης
2891 3027 3078 3097 κόρης,
3107 3029 3206 3080 εἴτ’
3227 3028 3466 3097 ἔμπνους
3491 3029 3727 3099 ὑπῆρχεν

2151 3117 2422 3190 σπινθῆρα
2454 3117 2650 3188 ψυχῆς,
2691 3118 2830 3172 κατά
2872 3119 2961 3171 τὸν
3005 3121 3341 3189 συγγραφέα,
3381 3121 3476 3172 καὶ
3528 3121 3729 3189 ἰκμάδα

2152 3209 2245 3262 ἐπὶ
2291 3209 2384 3262 τοῦ
2433 3207 2725 3280 προσώπου
2771 3209 3009 3280 φέρουσα
3049 3209 3181 3280 (79),
3217 3211 3593 3280 περιαιρετέον
3635 3211 3730 3279 τῆς

2152 3299 2596 3371 θαυματοποιίας.
2617 3303 2691 3356 Οὐ
2717 3300 2825 3374 γὰρ
2849 3301 2936 3366 ἂν,
2964 3301 3038 3364 ὡς
3063 3303 3156 3354 καὶ
3179 3302 3412 3373 πρόσθεν
3439 3303 3574 3373 ἔφην
3593 3303 3729 3370 (80),

2155 3395 2330 3463 σιωπῇ
2361 3394 2423 3446 τὸ
2469 3395 2784 3464 τηλικοῦτον
2824 3396 3117 3468 παρεδόθη,
3163 3397 3249 3450 ἐπ’
3291 3396 3463 3468 αὐτῆς
3513 3393 3731 3466 Ῥώμης

2156 3481 2417 3552 βασιλέως
2449 3486 2540 3538 ἐπὶ
2561 3485 2825 3558 παρόντος
2851 3489 3233 3560 γεγενημένον.

483 3585 877 3652 humidumque
915 3592 1170 3650 vaporem
1206 3576 1344 3630 facie
1391 3573 1572 3629 adhuc
1624 3572 1956 3643 praeferens;
1993 3573 2048 3628 id
2085 3576 2306 3646 quidem
2373 3595 2602 3634 numero
2667 3581 3057 3636 miraculorum
3089 3590 3174 3637 est
3203 3582 3574 3636 eximendum.
3627 3579 3731 3634 Ne-

482 3695 590 3754 que
611 3676 778 3741 enim,
846 3673 988 3734 sicut
1013 3678 1068 3726 et
1101 3679 1226 3722 ante
1253 3667 1461 3730 monui,
1496 3673 1606 3718 tam
1639 3665 1844 3735 grande
1902 3664 2120 3720 facinus
2164 3669 2380 3725 silentio
2423 3672 2692 3741 potuisset
2744 3674 2979 3734 involvi,
3013 3676 3070 3727 in
3124 3675 3242 3743 ipsa
3286 3674 3423 3728 urbe
3457 3671 3647 3726 Romae
3677 3672 3728 3724 iu

482 3777 779 3842 conspectu
805 3766 964 3838 quasi
995 3761 1340 3834 imperatoris
1371 3767 1668 3830 patratum.

923 3907 1082 3983 535
1121 3905 1352 3964 CAPUT
1393 3899 1635 3959 xxxvr.

555 4029 818 4100 Equidem
851 4026 957 4079 alia
987 4027 1270 4078 innumera
1293 4035 1359 4076 ex
1388 4019 1579 4073 iisdem
1611 4016 1764 4072 libris
1794 4016 2052 4087 colligere

484 4123 692 4185 liceret,
724 4120 924 4190 quibus
947 4130 1109 4187 quam
1144 4113 1304 4167 facile
1334 4109 1609 4166 confutari
1640 4117 1863 4179 queant,
1889 4124 2051 4178 quam

483 4229 678 4286 parum
714 4210 945 4266 invicem
991 4209 1096 4264 sibi
1145 4203 1533 4274 respondentia
1580 4201 1834 4264 habeant,
1889 4215 2052 4270 quam

485 4306 596 4360 sint
621 4304 888 4365 fabulosa,
929 4314 1091 4370 quam
1116 4299 1274 4368 plena
1302 4295 1563 4350 monstris
1591 4294 1928 4348 evincamus.
1958 4291 2055 4345 At-

485 4405 666 4454 tamen
691 4392 1130 4466 quandoquidem
1161 4406 1272 4445 non
1301 4395 1562 4442 accurato
1595 4384 1760 4438 nimis
1791 4384 2053 4438 adversus

484 4487 760 4544 hominem
789 4484 970 4538 studio
997 4482 1155 4536 nobis
1175 4495 1313 4550 opus
1337 4485 1455 4543 est;
1488 4475 1634 4545 quod
1662 4481 1876 4528 tantum
1911 4472 2054 4528 absit

2665 3904 3057 3957 ΚΕΦΑΛΑΙΟΝ
3090 3903 3226 3970 Λσι.

2227 4015 2409 4087 Μυρία
2442 4017 2538 4086 μὲν
2569 4011 2662 4070 οὖν
2694 4017 2786 4070 καὶ
2823 4016 2958 4070 ἄλλα
3003 4018 3265 4087 πάρεστιν
3304 4019 3368 4068 ὲκ
3411 4016 3522 4070 τῶν
3555 4016 3731 4071 αὐτῶν

2160 4107 2519 4172 ἀναλέξασθαι
2565 4110 3032 4180 συγγραμμάτων,
3100 4109 3160 4160 τό
3198 4125 3256 4160 τε
3301 4110 3360 4160 ἐν
3416 4109 3609 4170 αὐτοῖς
3651 4108 3730 4160 εύ·

2159 4199 2431 4267 ἐλεγκτον,
2464 4202 2556 4253 καί
2581 4200 2899 4263 ἀσύστατον,
2931 4199 3172 4270 μυθῶδες
3204 4216 3261 4251 τε
3302 4199 3396 4252 καὶ
3434 4200 3730 4270 τερατῶδες

2159 4290 2505 4343 ἀπευθύνειν·
2545 4291 2693 4362 ὅμως
2728 4290 2849 4344 ἐπεί
2889 4308 2949 4359 γε
2980 4291 3099 4344 οὐδὲ
3135 4289 3335 4360 πολλῆς
3366 4289 3436 4342 τὰ
3475 4289 3622 4344 κατά
3650 4291 3729 4342 τὶν

2159 4381 2325 4454 ἄνδρα
2354 4383 2520 4436 δεῖται
2562 4382 3022 4450 σπουδαιολογίας,
3047 4383 3146 4452 οὐχ
3174 4383 3254 4434 ὅτι
3283 4399 3344 4450 γε
3370 4383 3429 4433 ὲν
3452 4381 3619 4446 Θεοῖς,
3645 4382 3729 4434 καὶ

2159 4473 2498 4545 παραδόξοις,
2534 4475 2628 4526 καὶ
2668 4474 3005 4544 θαυμασίοις,
3041 4473 3152 4526 ἀλλ’
3195 4473 3302 4526 οὐδ’
3343 4476 3400 4525 ὲν
3429 4473 3729 4542 φιλοσόφοις

486 4589 549 4633 ut
603 4577 745 4630 inter
791 4574 922 4629 deos
971 4571 1339 4641 stupendosve
1404 4568 1550 4622 viros
1598 4573 1652 4620 et
1706 4563 2045 4619 admirandos

2161 4567 2313 4638 ποιρά
2341 4583 2451 4618 τισι
2481 4565 2587 4618 τῶν
2616 4566 2710 4619 νῦν
2757 4567 2975 4637 μνήμης
3010 4564 3366 4636 ὑπαρχούσης
3402 4565 3596 4629 αὑτοῦ,
3632 4569 3729 4626 τοῖς

489 4664 668 4742 [locus
701 4665 804 4735 ipsi
841 4660 1154 4733 habeatur],
1192 4670 1249 4715 ut
1282 4674 1348 4712 ne
1383 4657 1525 4711 inter
1557 4655 1908 4726 philosophos
1929 4653 2054 4722 qui-

488 4759 614 4814 dem
645 4772 675 4811 a
701 4755 1028 4825 quibusdam
1065 4752 1234 4806 nostri
1261 4751 1360 4804 αινί
1385 4748 1699 4803 hominibus
1717 4746 1921 4800 mentio
1935 4744 2057 4812 ejus

493 4850 618 4916 fiat;
654 4848 861 4903 idcirco
890 4846 958 4900 iis
993 4843 1234 4899 contenti
1263 4856 1386 4910 qua:
1407 4839 1553 4894 dicta
1585 4844 1736 4900 sunt,
1770 4836 1837 4890 ad
1884 4835 2052 4904 septi-

491 4956 640 4996 mum
668 4954 884 5011 quoque
905 4938 972 4992 de
999 4952 1064 4991 eo
1097 4935 1294 4989 librum
1323 4930 1727 5003 progredimur.

2159 4657 2464 4728 είρημὲιιοις
2500 4656 2876 4727 ἀρκεσθέντες,
2911 4655 3183 4727 μετίωμεν
3219 4656 3314 4708 καὶ
3353 4657 3449 4709 ἐπὶ
3488 4657 3552 4710 τὸ
3597 4655 3732 4710 ἑϐδο-

2163 4765 2263 4818 μον
2294 4750 2422 4820 περὶ
2450 4747 2615 4800 αὑτοῦ
2647 4747 3004 4820 σύγγραμμα.

558 5053 607 5093 ⁸⁷
645 5057 862 5126 ιὶῦηιν,
895 5071 945 5111 c.
979 5055 1067 5108 10.
1141 5053 1186 5085 ³³
1227 5051 1322 5106 lib.
1357 5065 1446 5117 tv,
1479 5063 1532 5104 c.
1564 5047 1652 5102 16.
1726 5047 1772 5077 ⁹⁹
1815 5045 1908 5098 lib.
1944 5058 2032 5107 tv,

2150 5039 2241 5098 20.
2331 5039 2346 5070 ⁸
2388 5037 2484 5094 lib.
2521 5053 2607 5101 vt,
2645 5052 2696 5091 c.
2731 5037 2819 5092 53.
2897 5037 2918 5066 ¹
2957 5034 3052 5088 lib.
3092 5050 3180 5098 tv,
3213 5047 3266 5088 c.
3295 5033 3387 5088 45.

560 5191 674 5264 (75)
714 5191 946 5278 digit-ma.
987 5187 1122 5243 Vide
1165 5187 1234 5244 dc
1274 5187 1376 5241 hac
1409 5200 1540 5240 voce
1566 5184 1854 5278 observata
1889 5193 2054 5250 supra

493 5262 560 5317 ad
589 5261 1182 5401 igf'n:%aesn.that.
1222 5328 1427 5396 Nempe
1497 5325 1621 5378 aulo
1647 5330 1773 5377 ante
1811 5337 1931 5391 cap.
1961 5317 2052 5372 26.

564 5331 678 5472 (⁵77)
715 5403 823 5455 Καὶ
849 5404 887 5470 ἡ
916 5400 1106 5469 ψυχή.
1148 5402 1256 5454 Καὶ
1284 5400 1419 5468 ὅτιή
1453 5342 1595 5472 lium
1629 5395 1831 5448 editum
1857 5394 2052 5452 fuerat;

592 5394 678 5472 77)
715 5394 823 5455 Καὶ
849 5404 887 5470 ἡ
916 5394 1106 5469 ψυχή.
1148 5402 1256 5454 Καὶ
1284 5394 1419 5468 ὁτιή
1453 5394 1595 5472 ψυχή
1629 5395 1831 5448 editum
1857 5394 2062 5452 fuerat;

493 5467 584 5522 ὅτι
609 5467 961 5539 rejicienduut
1006 5467 1308 5530 videbatur,
1342 5467 1489 5537 quod
1531 5469 1592 5539 i_n_
1620 5480 1723 5518 ms.
1756 5478 1822 5539 ex
1851 5475 2056 5539 przecc-

495 5533 823 5596 dente'linea
856 5542 924 5596 ab
948 5541 1216 5595 oscitante
1260 5533 1486 5594 librario
1509 5536 1722 5589 videtur
1749 5533 2054 5586 derivatum

496 5625 680 5748 εεῖξὲ)
730 5678 822 5743 Ὡς
851 5677 928 5732 ἂν
963 5677 1176 5747 φήσειέ
1207 5695 1313 5743 τίς.
1357 5675 1479 5730 Haec
1531 5671 1912 5748 additatquod
1973 5669 2056 5748 in-

498 5739 980 5812 sulas'beatorum:
1010 5739 1064 5802 et
1097 5749 1152 5802 in
1187 5739 1617 5802 iis-habitantem
1660 5739 1887 5798 Achillis
1935 5739 2066 5814 ani-_

2161 5191 2326 5239 mam,
2350 5190 2456 5228 non
2488 5174 2602 5244 ipse
2629 5173 2849 5243 quidem
2881 5179 3146 5239 agnoscat
3175 5167 3588 5244 E‘usebius,sed
3616 5165 3726 5244 κατ’

2161 5238 2444 5316 ἄνθρωπον
2474 5238 2749 5316 ιόιιιιοίιιιι,
2780 5258 2849 5296 ex
2878 5238 3056 5316 mente
3078 5241 3402 5316 gentilium,
3424 5240 3642 5316 heroem
3669 5238 3725 5288 il-

2165 5310 2278 5369 luni
2313 5316 2366 5368 in
2401 5310 2596 5368 insulis
2631 5315 2911 5367 beatorum
2949 5312 3208 5366 felicitate
3241 5311 3348 5363 frui
3383 5312 3544 5378 juxta
3581 5310 3722 5361 theo-

2157 5387 2314 5456 logia:
2343 5400 2454 5438 suae
2487 5387 2683 5454 placita
2714 5384 3167 5456 existimantium.

2232 5447 2364 5525 (78‘)
2401 5447 2864 5525 Ἀσὶολειπορσω
2893 5453 3033 5525 Lege
3053 5448 3417 5525 ἀπολιποῦσα.
3445 5447 3604 5525 Enn.

2231 5515 2358 5596 (79f
2383 5525 2673 5594 Φέρουσα.
2713 5523 2817 5578 Pro
2833 5515 3113 5596 φέρουσαν
3132 5519 3296 5590 (quod
3322 5526 3444 5572 erat
3471 5520 3526 5572 in
3550 5515 3714 5583 editis)

2158 5591 2468 5667 legendum
2488 5596 2751 5667 putabant
2779 5591 3037 5667 φέρουσα.
3072 5591 3342 5667 Ηυμτειι.

2232 5657 2342 5739 (80)
2393 5657 2610 5732 iac-zeal
2638 5657 2902 5734 πρόσίθέν
2922 5662 3098 5732 ἔφην.
3143 5659 3319 5731 SUpra
3349 5674 3474 5730 cap.
3501 5657 3588 5714 29.
