3856 6222
102 321 225 387 869

635 446 1034 501 ΚΕΦΑΛΑΙΟΝ
1073 447 1193 502 ΛΖ’.

185 531 591 606 Κατηγορεῖται
626 536 762 608 δῆτα
801 538 1058 610 γοητείαν
1101 541 1129 592 ὁ
1162 539 1319 611 ἀνήρ.
1354 533 1490 591 Εἶτα
1520 539 1704 610 Δημη-

98 623 253 694 τρίῳ
277 624 571 697 φιλοσόφῳ,
607 627 972 700 ἀποτρέποντι
1005 629 1167 684 αὑτὸν
1193 629 1293 701 τῆς
1321 629 1415 682 ἐπὶ
1436 629 1537 700 τὴν
1570 629 1704 682 Ῥώ-

104 731 227 785 μην
265 717 523 788 παρόδου,
558 720 635 791 μὴ
668 720 1006 792 πειθόμενος,
1034 721 1245 793 ἐπαχθῆ
1272 739 1415 787 τινα,
1456 723 1553 775 καὶ
1574 738 1705 792 φορ-

97 806 243 859 τικὰ
277 809 405 880 περὶ
431 811 624 865 ἑαυτοῦ
653 805 757 868 ὧδέ
791 830 907 878 πως
934 814 1120 883 λέγει·
1155 833 1174 865 ι
1198 812 1340 883 Ἐγὼ
1361 813 1420 866 δὲ
1449 812 1703 883 γινώσκω

104 896 220 969 μὲν
254 901 478 956 πλεῖστα
512 904 838 977 ἀνθρώπων,
887 905 981 961 ἅτε
1024 905 1089 978 δὴ
1125 906 1233 977 (81)
1283 904 1441 969 εἰδὼς
1482 907 1660 961 πάντα
1683 924 1697 937 ·

98 986 230 1044 οἴδα
255 991 314 1044 δὲ
343 987 419 1047 ὧν
448 990 568 1048 οἶδα
597 995 667 1050 τὰ
710 998 809 1068 μὲν
838 998 1170 1062 σπουδαίοις,
1201 999 1269 1052 τὰ
1295 998 1352 1052 δὲ
1397 1000 1599 1068 σοφοῖς,
1633 996 1703 1052 τὰ

97 1080 165 1133 δὲ
197 1083 445 1155 ἐμαυτῷ,
478 1084 548 1139 τὰ
568 1086 628 1140 δὲ
651 1086 811 1153 θεοῖς.
850 1108 868 1141 ι
906 1090 1017 1144 Καὶ
1039 1090 1102 1161 δὴ
1131 1092 1159 1142 ὁ
1186 1092 1244 1143 ὲν
1279 1089 1490 1154 τούτοις
1525 1089 1702 1144 πάντα

99 1169 315 1225 εἰδέναι
342 1174 686 1249 μεγαλαυχού
696 1195 873 1248 μενος,
898 1179 1123 1251 προῖὼν,
1140 1180 1359 1249 ἄγνοιάν
1378 1198 1539 1235 τινων
1564 1182 1702 1255 πρὸς

96 1259 203 1313 τοῦ
230 1262 393 1332 λόγου
421 1271 828 1339 κατηγορεῖται.
859 1265 995 1323 Εἶτα
1018 1270 1194 1343 Δάμις
1216 1271 1366 1342 αύτῷ
1397 1272 1703 1343 μεταπλάτ-

97 1368 286 1417 τεται,
319 1354 409 1409 διὰ
436 1355 665 1412 θανάτου
712 1360 882 1430 φόϐον
919 1362 1011 1415 τὸν
1045 1362 1332 1433 φιλόσοφον
1361 1366 1699 1437 ἐπικρυπτό-

102 1462 296 1516 μενος.
330 1449 526 1503 Ἄκουε
558 1452 604 1505 δ’
636 1448 729 1506 οὖν
771 1453 863 1507 τοῦ
905 1456 1284 1528 συγγραφέως,
1312 1456 1349 1511 ἃ
1377 1458 1507 1529 περὶ
1533 1458 1697 1513 αὐτοῦ

100 1556 278 1611 φησιν
315 1541 785 1615 ἀπολογούμενοςο
824 1566 842 1598 ε
888 1547 1047 1601 Αίτία
1077 1549 1176 1620 μὲν
1207 1549 1301 1621 ἥδε
1335 1549 1447 1621 (82)
1477 1549 1570 1603 τοῦ
1605 1567 1701 1621 με-

95 1629 364 1684 ταϐαλεῖν
389 1632 563 1704 Δάμιν
590 1635 652 1688 τὸ
677 1635 788 1689 τῶν
820 1636 1204 1711 Πυθαγορείων
1238 1639 1444 1711 σχῆμα.
1482 1642 1556 1693 Οὐ
1590 1641 1700 1713 γὰρ
1741 1667 1751 1677 ·

95 1722 181 1785 ὡς
230 1724 411 1778 κακίω
455 1726 564 1797 (85)
615 1744 680 1797 γε
736 1732 868 1786 αὐτὸ
915 1733 1024 1803 (84)
1064 1733 1301 1804 μετεῖναί
1346 1751 1531 1804 φησιν,
1578 1735 1697 1788 οὐδὲ

1261 328 1465 385 LIBER
1494 328 1775 386 CONTRA
1810 326 2230 387 HIEROCLEM.

1739 452 1787 509 Α

3288 329 3393 386 850

2344 446 2574 504 CAPUT
2615 444 2872 503 XXXVII.

1886 541 2076 612 Magiae
2113 541 2283 612 igitur
2335 541 2457 598 dica
2491 542 2785 613 Apolldnio
2817 535 3098 597 scribitur.
3131 538 3261 595 Inde
3288 553 3390 592 au-

1811 640 1921 689 tem
1952 632 2231 689 Demetrio
2257 633 2613 705 philosopho.
2635 633 2946 690 dehortanti
2968 647 3094 689 eum
3114 632 3181 687 ab
3196 632 3390 689 itinere

1811 724 2040 781 Romam
2071 725 2475 792 continuando,
2534 727 2757 782 minime
2785 725 3109 789 obaudiens,
3139 724 3380 779 insolen-

1814 826 1899 873 ter
1932 817 2201 887 quaedam,
2234 833 2301 874 ac
2330 818 2567 889 superbe
2600 817 2668 873 de
2706 832 2766 873 se
2798 817 2918 888 ipso
2950 816 3036 872 bis
3068 816 3180 871 fere
3205 815 3388 872 verbis

1814 906 2100 976 profert‘:
2135 927 2154 961 ι
2186 907 2299 979 Ego
2348 910 2657 965 mortalium
2708 918 3029 964 cunctorum
3063 908 3176 964 scio
3213 908 3386 978 pluri-

1817 1007 1963 1053 mum
1995 1018 2009 1055 :
2042 1000 2158 1057 scio
2202 1002 2348 1056 enim
2389 1000 2595 1056 omnia.
2631 999 2763 1067 Quae
2809 1001 2926 1057 scio
2969 1009 3150 1056 autem
3189 1001 3387 1069 partim

1808 1089 1924 1143 scio
1974 1089 2137 1145 bonis
2188 1091 2347 1155 viris,
2385 1089 2579 1160 partim
2617 1089 2982 1161 sapientibus,
3030 1088 3228 1159 partim
3274 1088 3382 1159 ipsi

1807 1180 1962 1246 mihi,
1987 1180 2190 1251 partim
2211 1181 2338 1236 diis.
2379 1200 2398 1233 ι
2438 1178 2545 1235 Sed
2566 1182 2710 1236 enim
2737 1183 2830 1251 qui
2856 1180 3040 1237 verbis
3059 1180 3180 1236 istis
3199 1179 3382 1235 omnia

1808 1286 1867 1326 se
1901 1287 2068 1328 nosse
2094 1273 2388 1343 magniﬁce
2419 1272 2709 1341 gloriatur,
2744 1273 2908 1341 paulo
2956 1278 3080 1343 post
3133 1271 3383 1343 ignoran-

1805 1364 1896 1418 tiae
1937 1364 1995 1418 in
2037 1365 2369 1434 quibusdam
2428 1365 2483 1419 in
2530 1364 2649 1434 ipsa
2692 1365 2782 1419 illa
2826 1364 3063 1419 historia
3107 1362 3378 1434 arguitur.

1805 1456 1937 1511 Inde
1974 1472 2139 1527 porro
2184 1456 2372 1514 Damis
2410 1455 2837 1511 transformatur
2870 1456 2940 1510 ab
2961 1470 3048 1521 eo,
3084 1454 3155 1510 ob
3186 1453 3380 1509 mortis

1804 1556 2009 1604 metum
2043 1549 2429 1620 philosophum
2478 1547 2846 1605 abscondens.
2898 1546 3005 1603 Sed
3043 1547 3171 1602 audi
3196 1543 3382 1601 Pbilo-

1806 1646 2014 1694 stratus
2046 1654 2169 1710 quze
2221 1640 2371 1695 dicat
2414 1639 2457 1703 ⁸,
2507 1639 2563 1694 id
2609 1639 2816 1694 factum
2861 1638 2984 1710 ejus
3027 1638 3373 1695 defendens:

1810 1748 1829 1781 ι
1875 1729 1939 1785 Et
1962 1744 2133 1786 causa
2159 1731 2382 1801 quidem
2430 1732 2641 1787 exstitit
2676 1731 2803 1796 ista,
2833 1746 2935 1786 cur
2979 1729 3375 1803 Pythagoreum

99 1815 416 1882 μεταγνοὺς
444 1816 596 1883 αὐτὸ,
622 1818 817 1892 τέχνην
838 1822 896 1875 δὲ
926 1823 1245 1888 ἐπαινέσας,
1278 1823 1344 1893 ἢν
1375 1823 1615 1894 ὑπῆλθεν
1642 1826 1682 1887 ἐς

1801 1822 1984 1878 Darnis
2009 1823 2257 1878 habitum
2305 1832 2570 1880 mutaret.
2602 1822 2793 1895 Neque
2837 1824 2986 1878 enim
3019 1824 3287 1894 abjecisse
3318 1838 3379 1879 se

94 1904 162 1956 τὸ
189 1902 469 1978 ξυμφέρον
497 1908 591 1962 τοῦ
628 1913 842 1984 καιροῦ.
887 1933 906 1966 ι

1800 1915 1877 1969 ait
1906 1930 2055 1979 eum,
2087 1922 2148 1969 ut
2186 1916 2280 1987 qui
2308 1917 2433 1971 vitae
2479 1916 2794 1972 institutum
2841 1925 3111 1973 mutasset
3139 1917 3197 1972 in
3225 1918 3377 1973 dete-

93 1999 244 2063 rius,
317 2017 495 2072 neque
560 2007 710 2076 quod
763 2009 887 2079 ejus
926 2012 1105 2081 ipsum
1147 2010 1461 2082 pmniteret,
1497 2009 1592 2067 sed
1617 2007 1761 2081 quod
1802 2017 1981 2066 astum
2024 2011 2303 2082 probaret,
2337 2011 2428 2065 cui
2474 2025 2535 2066 se
2579 2011 3099 2076 accommodaverit,
3148 2011 3377 2081 tempori

96 2095 496 2154 inserviturus.
542 2119 562 2152 ι

618 2196 1017 2257 ΚΕΦΑΛΑΙΟΝ
1058 2201 1192 2254 Aﬂ'.

182 2283 316 2338 Ἐπὶ
353 2285 565 2352 τούτοις
596 2290 626 2341 ὁ
663 2290 1022 2362 Φιλόστρατος
1051 2293 1329 2364 τέσσαρας
1364 2292 1562 2358 αἰτίας,
1596 2292 1698 2356 τὰς

93 2374 164 2447 δὴ
204 2376 458 2448 εὐχερεῖς
491 2380 641 2452 αὐτῷ
678 2382 815 2455 πρὸς
844 2383 1139 2453 ἀπολογίαν
1169 2384 1520 2456 νομισθείσας
1551 2387 1699 2439 ἐκτί-

96 2466 288 2538 θησιν,
340 2471 450 2524 ἀπὸ
501 2472 771 2528 πλείστων
824 2475 1104 2546 ὁμολογῶν
1152 2479 1247 2532 καὶ
1299 2477 1473 2532 ἄλλων
1526 2478 1697 2542 αὐτὰς

94 2557 433 2628 ἁνειλέχθαι.
464 2554 565 2615 Ὦν
602 2564 635 2634 ἡ
677 2562 777 2634 μέν
813 2580 898 2627 τις
929 2560 1018 2636 ἦν’
1059 2584 1078 2616 ι
1116 2565 1181 2618 Τί
1227 2565 1361 2637 δῆτα
1412 2564 1600 2636 μαθὼν
1632 2565 1692 2617 ού

94 2651 200 2722 τὴν
234 2651 409 2724 αὐτὴν
438 2653 643 2707 ἅπασιν
686 2655 799 2726 ἔχοι
827 2656 1054 2729 στολήν;
1088 2677 1106 2709 ι
1151 2660 1184 2729 ὴ
1215 2657 1294 2712 δέ·
1331 2677 1349 2710 ι
1382 2656 1489 2711 Τοῦ
1532 2656 1692 2729 χάριν

93 2744 146 2797 οἱ
182 2742 466 2815 ἅνθρωποι
493 2745 625 2800 Θεὸν
657 2748 821 2803 αὑτὸν
844 2748 1191 2820 νενομίκασι;
1230 2769 1248 2802 ι
1277 2750 1437 2822 τρίτη
1468 2765 1482 2779 ο
1524 2769 1542 2801 ι
1579 2752 1688 2804 Πό-

95 2836 196 2891 θεν
251 2841 504 2913 προείποι
541 2842 808 2911 Ἐφεσίοις
855 2843 946 2897 τὸν
989 2844 1209 2915 λοι’μόν;
1246 2863 1264 2896 ›
1300 2845 1394 2898 ἐπὶ
1437 2844 1683 2908 ταύταις·

99 2946 121 2979 ι
161 2929 288 2983 Τίνι
336 2930 447 3002 (85)
497 2931 719 3002 βαδίσας
753 2934 812 2999 ὲς
857 2934 1026 3006 ἀγρὸν
1070 2932 1360 3005 ἀνάτέμνει
1400 2936 1491 2989 τὸν
1522 2936 1688 2989 παῖδα

92 3024 193 3077 τδν
240 3025 509 3095 ’Δρκάδα;
549 3047 569 3080 ι
606 3027 753 3100 Πρὸς
784 3029 986 3094 ταύτας
1021 3030 1078 3083 δέ
1115 3046 1248 3100 φησι
1280 3032 1375 3084 καὶ
1413 3029 1513 3100 τὴν
1554 3030 1689 3083 ἁπο-

94 3115 291 3186 λογίαν
332 3118 496 3173 αὑτὸν
534 3123 889 3192 γεγραφέναι.
944 3122 1217 3194 Πρότερον
1257 3122 1301 3175 δ’
1350 3122 1552 3193 ἱστορεῖ
1600 3121 1689 3174 δε-
1720 3155 1761 3210 C

97 3214 262 3282 σμοῖς
297 3213 460 3267 αὐτὸν
487 3217 881 3288 παραδοθῆναι,
916 3214 1009 3269 καί
1032 3232 1087 3267 τι
1117 3212 1431 3284 θαυμαστὸν
1456 3213 1691 3267 ἐνταῦθα

96 3303 569 3372 κατεργάσασθαι.
616 3308 707 3379 Τῷ
733 3305 841 3375 γάρ
875 3325 955 3360 τοι
994 3306 1187 3377 Δάμιδι
1224 3306 1367 3377 μάλα
1406 3304 1686 3376 λυπηρῶς.

95 3393 175 3457 ὡς
208 3394 279 3448 ἂν
312 3396 406 3449 ἐπὶ
446 3401 701 3470 συμφορᾷ
742 3398 837 3453 τοῦ
867 3399 1188 3452 διδασκάλου
1219 3398 1566 3468 διακειμένῳ,
1594 3397 1692 3449 αύ-

90 3486 342 3556 τόματον
366 3487 630 3553 ἐπιδεῖξαι
671 3487 962 3560 λελυμένον
1006 3488 1101 3542 τοῦ
1136 3489 1336 3560 δεσμοῦ
1382 3488 1445 3542 τὸ
1474 3486 1683 3549 σκέλος

97 3573 222 3630 εἶτα
257 3576 423 3631 πάλιν
456 3577 772 3633 ἀναλαϐόντ’
808 3580 969 3633 αὐτὸν
1005 3580 1105 3652 τῆς
1137 3579 1333 3649 λύπης,
1362 3579 1593 3634 ἐνθεῖναι
1631 3582 1689 3642 ὲς

94 3668 158 3723 τὸ
187 3671 456 3743 πρότερον
490 3673 676 3744 σχῆμα
720 3671 812 3726 τὸν
856 3673 1011 3727 πόδα.
1043 3672 1196 3727 Μετὰ
1228 3672 1406 3737 τοῦτο,
1433 3672 1689 3745 κρινόμε-

96 3780 190 3815 νον
222 3764 391 3817 αὐτὸν
432 3766 527 3818 ἐπὶ
571 3765 836 3836 βασιλέως
868 3765 1220 3838 Δομετιανοῦ,
1246 3765 1453 3836 γράφει
1479 3760 1598 3818 εἶτα
1623 3764 1687 3835 δὴ

92 3856 207 3908 τῶν
268 3856 635 3928 ἐγκλημάτων
691 3857 1047 3928 ἀπολυθῆναι,
1101 3859 1196 3912 καὶ
1248 3857 1385 3929 μετὰ
1431 3856 1530 3928 τὴν
1578 3855 1688 3910 τῶν

96 3948 464 4020 ἐγκλημάτων
495 3949 667 4017 λύσιν,
705 3951 807 4004 οὐκ
852 3946 948 4004 οἷδ’
986 3951 1134 4015 ὅπως
1168 3949 1433 4022 ἀκαίρως,
1473 3949 1564 4021 μοὶ
1603 3948 1688 4002 δο-

95 4042 204 4102 κεῖ,
231 4041 290 4092 ὲν
330 4039 410 4110 τῷ
436 4041 778 4114 δικαστηρίῳ
807 4040 945 4096 αὐτὰ
986 4043 1050 4114 δὴ
1089 4041 1260 4096 ταῦτα
1290 4044 1641 4115 ἀναφωνῆσαι
1666 4060 1679 4072 ·

99 4145 121 4178 ι
162 4128 285 4191 Δὸς,
320 4131 368 4181 εί
393 4127 573 4199 βούλει
607 4130 738 4201 (86),
765 4131 934 4203 κάμοὶ
969 4132 1152 4185 τόπον.
1179 4132 1243 4186 Εἰ
1274 4131 1331 4186 δὲ
1365 4133 1463 4204 μὴ,
1497 4133 1683 4204 πέμπε

92 4218 189 4272 τὸν
225 4218 532 4291 ληψόμενόν
552 4208 668 4293 μου
696 4222 977 4295 τὸνσῶμαο
1008 4223 1110 4295 τὴν
1143 4222 1252 4295 γὰρ
1282 4224 1460 4297 ψυχὴν
1487 4223 1683 4278 ἀδύνα-

92 4327 210 4375 τον,
244 4311 449 4383 μᾶλλον
486 4313 531 4367 δ’
572 4313 681 4368 οὐδ’
711 4313 778 4368 ἂν
811 4309 872 4368 τὸ
914 4311 1075 4394 σῶμα
1102 4315 1303 4388 τούμὸν
1339 4316 1542 4380 λάϐοις.
1587 4335 1606 4368 ι

168 4604 256 4657 Οὐ
288 4602 397 4673 γάρ
428 4621 505 4674 με
530 4605 806 4674 κτενέεις,
838 4608 966 4662 ἐπεὶ
1006 4609 1171 4663 οὗτοι
1206 4608 1501 4679 μόρσιμός
1536 4610 1672 4677 ειμι.

162 4712 281 4767 Καὶ
312 4712 377 4785 δὴ
422 4715 514 4768 ἐπὶ
550 4715 725 4788 τούτῳ
756 4717 835 4790 τῷ
880 4718 1190 4791 περιϐοήτῳ
1236 4720 1442 4789 ῥήματι
1489 4720 1680 4787 ἀφανι-

94 4801 293 4870 σθῆναι
317 4803 412 4856 τοῦ
443 4804 793 4877 δικαστηρίου
831 4808 994 4879 φησὶν
1024 4808 1208 4862 αὐτόν.
1232 4809 1343 4862 Καὶ
1364 4811 1422 4863 ἐν
1447 4809 1678 4874 τούτοις,

90 4894 149 4947 τὲ
186 4894 320 4966 περὶ
350 4896 516 4950 αὐτοῦ
549 4899 920 4971 καταστρέφει
941 4899 1145 4972 δρᾶμα.

2311 2192 2547 2250 CAPUT
2584 2194 2852 2251 XXXVIII

1871 2283 2003 2340 Post
2034 2284 2151 2340 haec
2169 2284 2540 2342 Philostratus
2565 2298 2800 2357 quatuor
2825 2288 3195 2347 accusationis
3224 2292 3375 2363 capi-

1798 2383 1875 2440 ta,
1930 2392 2055 2447 quae
2103 2375 2265 2433 facile
2306 2391 2366 2433 se
2411 2378 2660 2449 apologia
2699 2379 2910 2435 diluere
2940 2396 3102 2451 posse
3133 2392 3370 2451 putaret,

1798 2469 2027 2538 exponit
2055 2468 2114 2524 δι
2147 2483 2213 2524 ex
2242 2468 2495 2539 pluribus
2521 2469 2647 2525 aliis
2682 2485 2875 2526 eorum
2907 2470 3179 2527 delectum
3211 2472 3371 2527 habi-

1796 2568 1913 2614 tum
1935 2574 2059 2616 esse
2088 2560 2363 2631 inquiens.
2391 2560 2598 2617 Horum
2631 2565 2865 2634 primum
2901 2571 3057 2620 erat:
3102 2582 3121 2616 ι
3159 2565 3278 2631 Qua
3305 2565 3372 2622 de

1800 2666 1969 2708 causa
1990 2653 2180 2709 eodem
2214 2670 2322 2725 quo
2345 2658 2528 2711 caeteri
2553 2656 2741 2712 habitu
2778 2672 2890 2712 non
2919 2659 3140 2714 utatur?
3170 2678 3190 2711 ι
3222 2659 3372 2714 Alte-

1797 2762 1922 2801 rum
1951 2762 2119 2818 porro
2150 2765 2163 2801 :
2195 2765 2214 2799 ι
2252 2747 2433 2811 Ouare
2473 2749 2634 2804 deum
2689 2750 2870 2820 ipsum
2901 2750 3151 2807 homines
3180 2760 3369 2821 putent

1795 2839 1951 2895 esse?
1979 2860 1998 2893 ι
2021 2838 2296 2896 Tertium:
2319 2860 2338 2891 ι
2360 2840 2605 2908 Quanam
2636 2841 2851 2897 ratione
2882 2850 3093 2913 pestem
3119 2842 3368 2914 Ephesiis

1795 2931 2172 2987 imminentem
2222 2934 2575 3003 praedixerit?
2612 2955 2631 2987 ›
2665 2934 2935 2990 Praeterea
2969 2953 2983 2990 :
3019 2953 3040 2987 ι
3092 2935 3153 2991 In
3207 2935 3367 3006 cujus

1794 3023 2029 3093 gratiam
2063 3024 2120 3078 in
2153 3039 2346 3095 agrum
2369 3024 2669 3096 profectus,
2698 3025 2966 3082 Arcadem
2987 3043 3218 3097 puerum
3247 3027 3368 3083 dis-

1796 3117 2107 3186 cerpserit?
2144 3136 2163 3169 ι
2198 3118 2376 3188 Atque
2417 3118 2488 3173 ad
2540 3118 2861 3189 depellenda
2905 3118 3008 3174 ista
3060 3119 3364 3192 apologiam

1794 3223 2015 3280 quoque
2046 3224 2173 3264 eum
2204 3210 2495 3280 scripsisse
2525 3211 2602 3263 ait
2631 3211 2672 3266 ⁵.
2704 3211 2846 3266 Ante
2873 3225 3004 3266 vero
3046 3210 3101 3265 in
3145 3211 3366 3267 vincula

1792 3315 1920 3355 eum
1950 3300 2263 3371 conjectum
2294 3307 2580 3365 memorat,
2623 3310 2787 3372 atque
2808 3302 2866 3357 in
2899 3302 2969 3358 iis
2993 3303 3161 3357 etiam
3188 3303 3365 3358 admi-

1792 3391 1966 3446 randa
2022 3391 2269 3460 quaedam
2330 3392 2673 3462 praestitisse.
2724 3392 2934 3448 Damidi
2983 3395 3130 3448 enim
3179 3395 3365 3450 animo

1792 3483 1949 3538 valde
1987 3484 2208 3549 afﬂicto,
2243 3490 2303 3539 ut
2336 3500 2436 3555 par
2462 3491 2583 3540 erat
2632 3485 2688 3538 in
2740 3484 2846 3541 ista
2891 3485 3243 3556 praeceptoris
3274 3485 3361 3542 sui

1792 3570 2036 3638 fortuna,
2084 3580 2279 3643 sponte
2320 3572 2456 3642 pede
2498 3571 2722 3641 delapsa
2768 3571 2982 3626 vincula
3034 3586 3160 3626 eum
3202 3585 3363 3625 mon-

1791 3670 1998 3719 strasse
2027 3664 2072 3728 ⁷,
2109 3664 2237 3719 inde
2263 3679 2416 3731 vero,
2453 3664 2546 3719 ubi
2574 3664 2695 3736 ejus
2726 3662 3009 3719 tristitiam
3033 3669 3178 3718 esset
3209 3660 3359 3716 sola-

1789 3764 1902 3818 tus.
1939 3756 2110 3826 priori
2150 3757 2321 3812 statui
2354 3757 2543 3828 pedem
2580 3756 2913 3814 restituisse.
2944 3755 3078 3811 Post
3124 3755 3239 3809 haec
3264 3768 3360 3809 co-

1790 3863 1907 3903 ram
1940 3847 2251 3904 Domitiano
2284 3848 2616 3919 imperatore
2650 3863 2874 3904 causam
2905 3847 3198 3911 dicentem,
3229 3861 3357 3901 mox

1787 3940 2018 3997 crimine
2066 3941 2379 3998 absolutum
2424 3941 2638 4005 scribit,
2667 3940 2964 4009 dilutisque
2994 3953 3116 4009 qua:
3143 3937 3357 4007 objecta

1789 4031 2006 4086 fuerant
2034 4032 2381 4097 criminibus,
2412 4032 2600 4088 nescio
2632 4030 2905 4101 quomodo
2932 4044 3123 4100 parum
3158 4042 3356 4099 oppor-

1787 4133 1919 4179 tune
1949 4125 2257 4195 sequentia,
2308 4124 2446 4194 ipsis
2494 4122 2695 4186 verbis,
2744 4122 2799 4176 in
2838 4121 3133 4176 dicasterio
3159 4134 3356 4191 magno

1785 4217 2025 4273 clamore
2049 4218 2343 4288 protulisse
2362 4218 2384 4249 ⁸
2420 4235 2434 4272 :
2477 4234 2496 4266 ι
2532 4214 2642 4271 Fac
2664 4222 2720 4270 et
2742 4215 2875 4270 mihi
2899 4211 3144 4287 [dicenti]
3169 4226 3377 4284 quaeso.

1784 4308 1987 4362 locum.
2047 4302 2145 4363 Sin
2198 4308 2403 4371 minus,
2461 4306 2694 4361 immitte
2747 4304 2843 4376 qui
2898 4318 3101 4375 corpus
3150 4300 3356 4357 vinciat

1784 4413 2005 4466 meum;
2062 4398 2506 4469 quandoquidem
2553 4396 2712 4467 ligari
2754 4395 2938 4451 anima
2980 4394 3191 4465 nequit.
3239 4391 3356 4447 lmo

1717 4502 1761 4556 Ι)
1790 4491 1971 4562 potius
1994 4505 2063 4546 ne
2090 4506 2291 4561 corpus
2319 4490 2538 4561 quidem
2562 4504 2746 4546 meum
2773 4488 3005 4545 vincias.
3050 4505 3073 4541 ι

1788 4601 1900 4657 Nec
1929 4619 2010 4657 me
2037 4603 2176 4658 enim
2221 4602 2446 4667 occides,
2499 4600 2691 4657 Parcis
2723 4618 2803 4656 me
2835 4599 3047 4670 auferre
3086 4606 3348 4670 negatum.

1783 4716 2032 4788 Dumque
2071 4718 2218 4775 istud
2245 4729 2353 4774 tam
2392 4719 2606 4775 celebre
2630 4718 2834 4773 dictum
2867 4714 3154 4788 proferret,
3195 4709 3359 4783 536

1783 4825 1815 4865 e
1839 4810 2137 4865 dicasterio
2168 4826 2293 4866 eum
2325 4810 2663 4883 disparuisse
2690 4808 2787 4864 ait.
2817 4807 2994 4879 Atque
3013 4806 3131 4862 haec
3151 4814 3236 4862 est
3270 4805 3353 4860 fa-

1787 4899 1932 4955 bulae
1959 4901 2080 4971 ejus
2107 4902 2473 4972 catastrophe.

164 5049 187 5080 ³
229 5047 326 5126 lib.
361 5063 438 5102 vn
464 5087 478 5110 ,
512 5047 686 5126 c._M.
764 5048 786 5080 ⁸
817 5049 1023 5126 lib.__vn
1046 5092 1061 5115 ,
1097 5065 1149 5106 c.
1184 5050 1271 5106 l6.
1307 5122 1324 5126 Α
1348 5053 1370 5085 ⁵
1409 5052 1641 5126 lib._vn,
1675 5070 1728 5110 c.
1762 5055 1872 5117 20;
1910 5054 2049 5126 adde
2077 5070 2129 5109 c.
2162 5056 2248 5109 Η.
2281 5063 2337 5111 et
2364 5056 2461 5111 lib.
2496 5072 2630 5122 vut,
2664 5071 2716 5113 c.
2747 5056 2817 5121 5,
2850 5069 3011 5126 quem
3047 5053 3229 5110 locum
3257 5051 3347 5109 hic

92 5120 338 5174 maxime
387 5118 588 5189 respici
622 5125 775 5189 puto.
852 5121 873 5151 °
910 5120 1006 5175 lib.
1044 5137 1142 5175 vin
1165 5160 1181 5186 ,
1213 5137 1266 5176 c.
1297 5122 1350 5178 6.
1425 5131 1448 5164 ν
1488 5124 1585 5179 lib.
1620 5143 1730 5189 vn,
1766 5141 1815 5180 c.
1852 5126 1942 5181 59.
2020 5125 2044 5158 ⁸
2086 5127 2179 5180 lib.
2213 5142 2349 5191 νιιι,
2386 5142 2437 5181 c.
2475 5127 2528 5181 5.

165 5234 283 5309 (Si)
325 5234 454 5309 Elge
475 5234 570 5309 δή.
612 5236 896 5293 Omittitur
923 5236 985 5309 δή
1017 5237 1158 5308 apud
1185 5237 1594 5297 Pbilostralum.

162 5304 283 5380 £89.)
324 5304 1072 5380 “Has.”Omnino-legendum
1102 5309 1194 5378 ἥδε
1223 5325 1289 5364 ex
1313 5309 1668 5380 Philostrato,

91 5375 443 5451 referturque
477 5377 609 5433 illud
637 5379 731 5450 ἥδε
754 5375 927 5451 ad'ea
964 5394 1086 5449 qua;
1117 5375 1496 5450 praecedebant
1529 5375 1673 5451 apud

92 5445 264 5519 istum
299 5445 874 5519 scriptorem,'quibus
902 5445 1080 5506 causae
1108 5445 1304 5505 mutati
1331 5464 1363 5504 a
1391 5452 1546 5507 Dami
1564 5445 1675 5507 'ha-

92 5514 247 5569 bitus
278 5514 722 5575 continebantur.

1771 5383 1920 5437 tinos
1942 5382 2126 5452 dativo
2145 5381 2374 5452 exprimi

1774 5452 1907 5522 quid
1937 5453 2014 5506 lit.
2049 5451 2340 5522 Nempein

1776 5519 1935 5578 sacra
1986 5519 2208 5590 peracta
2258 5520 2431 5575 fuisse
2480 5519 2820 5576 Domitianus
2853 5520 3344 5591 suspicabatu_r,_t_tt

1771 5248 1967 5299 strato.

1846 5311 1958 5381 (85)
2001 5313 2142 5366 Τίνι.
2185 5309 2383 5382 Notum
2413 5318 2499 5366 est
2522 5311 2666 5382 apud
2688 5311 2905 5382 Graecos
2929 5310 3135 5382 pariter
3154 5324 3219 5364 ac
3239 5306 3340 5382 La-

2470 5379 2689 5436 rsonam
2717 5382 2773 5436 in
2804 5379 2964 5451 cujus
2986 5379 3216 5451 gratiam
3238 5379 3345 5451 ali-

2418 5465 2560 5521 ervae
2580 5451 2809 5521 gratiam
2840 5448 3202 5521 abominanda
3236 5449 3343 5504 ista

167 5584 280 5655 (85)
332 5585 425 5650 Ὠς
442 5588 650 5644 κακίω.
688 5589 875 5645 Lectio
907 5588 1210 5644 indubitate
1245 5604 1388 5654 vera,
1421 5599 1483 5644 ut
1519 5605 1674 5647 naevo
1775 5608 1845 5647 ex
1874 5584 2191 5647 Philostrati
2233 5591 2539 5645 clarissime
2578 5598 2793 5647 constat
2828 5584 3074 5646 historia.
3106 5587 3213 5645 Sed
3250 5586 3340 5643 hic

94 5654 352 5733 laborent
397 5657 532 5733 editi
565 5661 679 5728 qui.
712 5660 919 5733 omisso
945 5660 1041 5724 ὡς,
1071 5660 1273 5716 habent
1300 5661 1520 5733 κακίας.
1553 5661 1677 5717 Me-
1773 5673 1954 5733 tamen
1985 5663 2149 5733 etiam
2178 5660 2434 5717 Acciolus
2467 5662 2708 5733 impegit.
2738 5659 2843 5716 Ubi
2874 5676 3004 5718 vero
3026 5674 3137 5717 non
3169 5658 3339 5732 impo-

95 5723 291 5779 liorem
321 5723 608 5782 lectionem
636 5746 703 5784 ex
734 5728 1067 5785 Philostrato
1094 5723 1490 5786 revocavimus.

168 5794 287 5868 (84)
324 5796 504 5854 Αὐτό.
546 5796 853 5857 Pronomen
900 5800 1004 5856 hoc
1052 5799 1362 5858 addidimus
1387 5817 1457 5858 ex
1484 5801 1666 5859 Philo.-

1773 5732 2017 5803 sitiam?

1994 5773 2223 5858 haudet.
2263 5800 2549 5871 Philostr.,
2582 5802 2800 5876 βούλοιο.
