3856 6222
479 287 577 345 851

1016 399 1248 456 CAPUT
1286 401 1529 457 XXXIX.

553 512 811 571 Historiae
841 519 1021 568 autem
1057 513 1233 584 ipsius
1270 515 1529 585 scriptor,
1563 513 1691 569 dum
1725 514 2050 568 miraculum

477 605 532 661 in
582 620 807 661 carcere
855 612 1131 676 patratum
1176 607 1433 677 exponit,
1480 607 1625 676 quod
1658 605 1786 662 fuco
1816 607 2049 676 phanta-

481 699 612 762 site,
645 706 705 752 ut
737 697 962 753 credere
991 712 1092 768 par
1123 710 1237 766 est,
1281 698 1462 765 iacto,
1502 699 1788 756 familiaris
1822 699 2049 770 Spiritus

476 805 580 860 ope
609 788 795 845 Darnis
827 790 1072 856 viderat,
1103 790 1219 846 haec
1246 793 1417 847 verba
1448 793 1729 864 subjungit
1759 793 1780 824 °
1812 809 1825 843 :
1855 810 1873 842 ι
1909 791 2048 847 Tum

477 881 712 949 primum
754 879 942 936 Damis
984 881 1059 935 ait
1101 889 1356 936 naturam
1398 882 1669 953 Apollonii
1731 881 2049 937 accuratius

476 971 866 1041 perspexisse,
910 970 1095 1026 divina
1138 973 1286 1042 quod
1335 974 1441 1037 sit,
1477 981 1532 1029 et
1566 974 1802 1028 humana
1849 973 2043 1042 major.

480 1057 669 1129 Neque
710 1060 856 1114 enim
899 1074 1058 1116 sacra
1101 1061 1213 1115 ulla
1258 1063 1550 1116 obeuntem
1635 1059 1759 1132 (qui
1802 1059 1947 1114 enim
1990 1058 2046 1112 in

478 1166 704 1206 carcere
757 1151 1142 1223 potuisset?),
1171 1167 1347 1221 neque
1393 1152 1800 1222 precationibus
1848 1166 2043 1217 usum,

473 1258 650 1314 neque
699 1245 928 1299 verbum
980 1242 1347 1315 proferentem
1395 1244 1602 1307 ullum,
1644 1242 1868 1312 pedicas
1912 1257 2048 1297 con-

474 1338 703 1408 temptui
747 1336 1051 1392 habuisse:
1095 1350 1405 1406 rursusque
1448 1350 1611 1389 crure
1646 1335 1756 1389 illis
1785 1335 2034 1399 inserto,

473 1434 533 1479 ut
577 1425 815 1480 vinculis
856 1425 952 1495 qui
987 1431 1133 1481 esset
1167 1425 1539 1488 constrictus,
1572 1439 1694 1479 sese
1726 1423 1982 1493 gessisse.
2018 1438 2038 1473 ι

471 1514 587 1585 Ego
643 1530 776 1571 vero
824 1515 959 1572 vitio
1015 1522 1224 1570 vertere
1272 1513 1492 1583 quidem
1547 1513 1818 1582 discipulo
1873 1511 2044 1566 nolim

471 1606 782 1663 tarditatem
830 1622 1021 1673 suam,
1069 1606 1217 1677 quod
1248 1620 1410 1660 omne
1438 1620 1562 1659 cum
1603 1620 1670 1659 eo
1713 1618 2044 1659 consumens

470 1714 674 1764 azvum,
704 1706 758 1755 et
789 1698 1297 1769 superstitiosorum
1326 1696 1693 1767 quorumdam
1725 1696 1926 1749 rituum
1957 1694 2042 1747 in-

472 1798 721 1846 terventu
761 1791 1035 1845 mirabilia
1068 1806 1192 1845 eum
1231 1798 1448 1860 patrare
1481 1788 1675 1843 videns
1696 1826 1711 1850 ,
1747 1787 1885 1841 nihil
1917 1802 2040 1841 eum

470 1883 687 1938 mortali
720 1893 984 1953 praestare
1008 1889 1206 1936 natura
1245 1880 1594 1935 existimarit.
1624 1882 1693 1933 At
1722 1894 1850 1933 vero
1880 1880 2042 1933 etiam

468 1983 595 2046 post
648 1983 857 2030 tantum
906 1990 1044 2046 opus
1087 1981 1399 2044 patratum,
1447 1974 1627 2043 qualis
1672 1972 2039 2035 illecexistat,

470 2070 686 2140 ignorat
712 2089 724 2124 :
755 2076 810 2125 et
831 2109 845 2134 ,
890 2079 949 2123 ut
993 2068 1075 2123 fas
1124 2068 1195 2122 sit
1241 2066 1548 2137 ignoranti,
1579 2067 1649 2120 ob
1680 2066 1858 2136 ipsum
1890 2065 2044 2134 angi-

470 2171 578 2227 tur,
610 2172 772 2234 atque
795 2164 985 2231 timet,
1014 2163 1239 2234 perinde
1267 2178 1330 2216 ac
1360 2162 1407 2216 si
1435 2164 1598 2215 homo
1625 2161 1697 2215 sit
1726 2158 1907 2214 nudus
1929 2199 1943 2223 ,
1974 2174 2043 2213 ne

468 2256 596 2325 quid
626 2257 675 2311 ei
697 2298 712 2320 ,
741 2255 887 2326 quod
916 2255 1142 2310 minime
1168 2254 1333 2319 velit,
1365 2253 1604 2308 eveniat.
1635 2249 1810 2305 Porro
1834 2251 1882 2306 si
1917 2257 2041 2317 post

469 2349 682 2416 longam
718 2345 854 2400 adeo
884 2344 1359 2416 conversationem
1388 2343 1607 2397 demum
1638 2340 1883 2395 divinum
1914 2355 2037 2394 eum

467 2453 589 2493 esse
608 2478 624 2501 ,
652 2444 708 2492 et
735 2436 1169 2498 excellentioris,
1202 2450 1366 2505 quam
1398 2434 1634 2487 humana
1663 2432 1766 2495 sit,
1801 2431 2035 2494 indolis,

467 2529 733 2584 intellexit
760 2547 774 2594 ;
806 2528 926 2597 ejus
956 2528 1035 2583 rei
1066 2527 1204 2582 ratio
1231 2534 1473 2581 meretur
1501 2523 1843 2587 examinari,
1875 2536 2039 2592 quam

466 2623 584 2692 ipse
634 2621 870 2690 scriptor
922 2620 1013 2674 ille
1064 2617 1276 2673 indicat
1326 2618 1515 2673 dicens
1548 2636 1561 2672 :
1593 2635 1611 2667 ι
1644 2614 1830 2685 Neque
1883 2628 2039 2667 sacra

464 2715 755 2769 obeuntem
796 2728 920 2767 eum
970 2712 1116 2775 ulla,
1163 2726 1341 2780 neque
1380 2708 1793 2779 precationibus
1833 2720 1993 2761 usum
2017 2743 2034 2768 ,

466 2822 641 2877 neque
678 2805 865 2860 arcani
903 2804 1198 2875 quidquam
1237 2804 1615 2858 mussitantem
1648 2822 1665 2853 ›
1695 2799 1888 2853 Damin
1926 2798 2030 2852 mi-

465 2901 709 2954 raculum
741 2899 889 2955 istud
923 2908 1139 2969 patrare
1167 2896 1393 2951 vidisse.
1421 2895 1593 2949 Antea
1624 2895 1790 2964 igitur
1820 2900 2035 2962 patrata

463 3008 564 3063 per
604 2993 845 3063 magicas
891 2997 1038 3047 artes
1080 2989 1346 3059 quasdam
1386 2988 1455 3042 ab
1492 2988 1781 3057 Apollonio
1808 2995 2033 3056 peracta

465 3086 646 3149 fuere,
681 3093 1082 3155 proptereaque
1122 3097 1304 3150 neque
1343 3080 1694 3149 obstupuisse
1720 3094 1816 3141 ea,
1851 3094 2033 3148 neque

462 3178 791 3235 admiratum
822 3190 944 3231 esse
969 3174 1166 3228 Damin
1195 3172 1340 3245 [ait].
1388 3172 1582 3227 Merito
1612 3182 1793 3225 autem
1827 3169 1910 3241 [ut
1939 3169 2032 3223 ad-

463 3266 776 3339 miraretur]
809 3282 952 3320 nunc
979 3265 1213 3337 primum
1248 3268 1298 3321 ei
1328 3265 1544 3330 evenit,
1573 3261 1720 3333 quod
1746 3261 2030 3316 insolitum

463 3358 596 3427 quid
645 3357 714 3412 ab
755 3356 1045 3426 Apollonio
1093 3365 1148 3411 et
1196 3363 1396 3426 praeter
1439 3369 1649 3409 morem
1698 3352 2025 3408 eﬂiceretur.

462 3449 617 3515 Quod
666 3456 846 3503 autem
882 3447 1193 3520 [objectum
1224 3446 1473 3519 Damidi]
1509 3445 1714 3516 pedica:
1740 3452 2031 3515 spectacu-

463 3545 571 3596 lum
621 3542 850 3602 attinet,
895 3539 1316 3608 discessumque
1357 3554 1423 3592 ex
1471 3537 1800 3598 dicasterio,
1850 3534 2029 3604 ipsius

458 3649 523 3687 ea
561 3633 629 3688 de
668 3647 728 3687 re
763 3628 1034 3700 Apollonii
1072 3629 1135 3683 ad
1169 3628 1533 3683 Domitianum
1566 3641 1849 3682 sermones
1878 3624 2026 3679 haud

460 3724 664 3779 invitus
695 3736 986 3793 apponam.
1014 3717 1265 3774 Vinculis
1309 3719 1456 3774 enim
1504 3733 1630 3773 cum
1682 3718 1835 3772 illum
1868 3716 2026 3786 ligari

458 3818 754 3886 imperator
774 3812 1066 3884 jussisset,
1095 3812 1302 3881 optimo
1332 3810 1752 3879 argumentandi
1779 3825 1919 3864 nexu
1952 3809 2029 3862 ita

456 3907 778 3978 Apollonius
800 3912 1087 3976 argutatus
1133 3904 1235 3958 fuit
1266 3904 1309 3936 ¹⁰
1335 3922 1349 3957 :
1384 3921 1403 3953 ι
1436 3901 1494 3957 Si
1539 3917 1758 3972 magum
1788 3917 1873 3956 me
1904 3916 2028 3955 esse

455 3999 778 4066 arbitraris,
830 4011 1067 4067 quanam
1118 3997 1331 4051 ratione
1377 3994 1634 4049 vincies?
1673 3992 1769 4047 Sin
1816 3992 2027 4046 vincire

457 4108 541 4148 me
570 4093 775 4164 poteris
795 4133 810 4158 ,
841 4091 1112 4164 quomodo
1155 4105 1277 4146 esse
1321 4103 1537 4159 magum
1576 4085 1838 4156 putabis?
1868 4103 1886 4134 ι
1920 4082 2025 4137 Sed

453 4199 727 4254 opponere
767 4185 873 4254 ipsi
907 4185 1009 4238 hoc
1055 4182 1214 4237 modo
1246 4179 1447 4250 aliquis
1487 4187 1691 4248 posset,
1737 4176 2025 4231 occasione

451 4293 518 4330 ex
547 4276 667 4332 istis
691 4284 912 4346 accepta
939 4296 951 4331 :
986 4274 1042 4329 Si
1074 4280 1135 4327 tu
1163 4289 1353 4343 magus
1380 4286 1489 4325 non
1515 4286 1595 4335 es,
1625 4269 1899 4340 quomodo
1926 4267 2023 4321 tibi

453 4379 582 4418 crus
608 4375 692 4421 est
718 4365 957 4419 solutum
980 4365 1003 4417 ?
1023 4363 1091 4416 At
1123 4363 1168 4417 si
1199 4363 1437 4417 solutum
1462 4370 1545 4416 est
1562 4401 1577 4424 ,
1610 4358 1885 4430 quomodo
1913 4372 2023 4411 non

450 4473 510 4512 es
538 4458 768 4528 magus?
797 4456 964 4528 Sique
986 4457 1123 4511 adeo
1147 4471 1213 4511 eo
1240 4454 1386 4526 quod
1412 4454 1467 4508 in
1494 4453 1709 4508 vincula
1738 4468 1796 4506 se
1822 4450 2023 4519 conjici

1091 270 1382 342 'EUSEBII
1414 282 1893 343 CESARIENSIS
1925 282 2076 341 OPP.
2111 280 2293 339 PARS
2331 282 2397 339 ll.
2436 314 2510 326 -
2544 283 3048 342 APOLOGETICA.
3633 287 3719 342 852

2084 407 2132 462 A

2671 404 3070 457 ΚΕΦΑΛΑῙΟΝ
3105 404 3232 458 AO'.

2236 515 2294 569 Ὁ
2325 515 2423 586 μὲν
2451 512 2543 569 οὖν
2582 519 2930 588 συγγραφεὺς
2951 518 3046 570 ἐπὶ
3076 517 3170 571 τοῦ
3204 518 3345 571 κατά
3370 517 3433 570 τὸ
3456 517 3721 588 δεσμωτη-

2155 626 2268 679 ριον
2294 609 2588 680 θαύματος,
2625 610 2765 663 κατὰ
2798 610 3127 678 φαντασίαν,
3154 611 3229 674 ὼς
3253 610 3451 674 ἔοικεν,
3498 610 3604 663 ὑπὸ
3637 612 3722 661 τοῦ

2153 699 2422 771 παρέδρου
2450 700 2703 770 δαίμονος
2745 700 2823 770 τῷ
2862 700 3057 771 Δάμιδι
3095 701 3414 772 ὲωραμένου
3437 740 3452 765 ,
3483 701 3717 770 ἐπιφέρει

2149 789 2321 859 λέγων
2339 808 2352 820 ’
2380 809 2398 842 ι
2428 791 2561 843 Τότε
2607 790 2822 861 πρῶτον
2852 793 2881 843 ὁ
2908 792 3082 861 Δάμις
3121 793 3284 860 φησιν
3322 790 3571 863 ἀκριϐῶς
3615 789 3717 854 ξυν-

2147 889 2287 938 εῖναι
2325 884 2423 954 τῆς
2458 883 2813 936 Ἀπολλωνίου
2857 882 3099 952 φύσεως,
3146 884 3226 935 ὅτι
3268 883 3387 936 θεία
3419 900 3481 935 τε
3524 883 3609 952 εἴη
3637 884 3718 934 καὶ

2150 979 2412 1048 κρείττων
2441 976 2748 1048 ἀνθρώπου.
2780 976 2866 1047 Μὴ
2893 978 3002 1047 γὰρ
3042 975 3280 1028 θύσαντά
3327 992 3382 1027 τι
3423 974 3535 1042 (87)
3588 974 3717 1044 (πῶς

2149 1068 2258 1138 γὰρ
2282 1070 2339 1121 ὲν
2365 1067 2721 1138 δεσμωτηρίῳ
2740 1067 2801 1137 ;),
2834 1067 2967 1137 μηδὲ
3000 1066 3319 1137 εὐξάμενον,
3347 1066 3485 1136 μηδὲ
3509 1065 3718 1117 εἰπόντα

2148 1176 2221 1225 τι,
2250 1159 2617 1227 καταγελάσαι
2641 1159 2735 1211 τοῦ
2774 1157 2973 1228 δεσμοῦ
2995 1198 3010 1221 ,
3044 1159 3139 1211 καὶ
3171 1157 3552 1229 ὲναρμόσαντα
3584 1155 3718 1225 αὐτῷ

2146 1250 2206 1303 τὸ
2236 1250 2428 1313 σκέλος
2460 1249 2529 1303 τὰ
2562 1249 2657 1302 τοῦ
2701 1250 2980 1319 δεδεμένου
3011 1250 3288 1320 πράττειν.
3320 1268 3337 1298 ι
3378 1246 3523 1315 Ἐγὼ
3556 1248 3614 1301 δὲ
3636 1246 3714 1299 οὖ-

2148 1342 2265 1392 ποτ’
2293 1339 2357 1393 ἂν
2392 1340 2721 1410 καταγνοίην
2764 1338 3069 1409 βραδύτητα
3098 1337 3192 1390 τοῦ
3240 1337 3520 1407 φοιτητοῦ,
3549 1338 3598 1388 εἰ
3639 1334 3720 1389 τὸν

2148 1431 2327 1483 πάντα
2368 1430 2481 1501 βίον
2530 1429 2702 1483 συνὼν
2735 1429 2913 1500 αὐτῷ,
2955 1430 3048 1482 καὶ
3087 1428 3175 1481 διά
3218 1444 3380 1480 τινων
3419 1428 3720 1498 περιέργων
3812 1452 3813 1457 η

2144 1521 2285 1592 ὀρῶν
2315 1523 2476 1575 αὐτὸν
2514 1521 2878 1575 ἀποτελοῦντα
2907 1522 2974 1574 τὰ
3015 1519 3313 1592 παράδοξα,
3347 1520 3501 1573 οὐδέν
3535 1538 3589 1572 τι
3621 1520 3725 1572 δια-
3812 1510 3813 1523 “

2147 1611 2332 1681 φέρειν
2387 1612 2551 1665 αὑτὸν
2587 1613 2770 1683 ἡγεῖτο
2799 1613 2897 1682 τῆς
2938 1611 3136 1682 θνητῆς
3180 1611 3411 1680 φύσεως.
3466 1609 3609 1661 Ἀλλ’
3649 1610 3724 1661 ἔτι
3812 1616 3813 1619 “

2148 1703 2242 1755 καὶ
2270 1702 2365 1756 νῦν
2396 1703 2534 1774 μετά
2567 1704 2836 1774 τοσαύτην
2865 1703 3307 1773 θαυματουργίαν
3331 1701 3400 1754 τὰ
3423 1703 3546 1754 κατ’
3574 1703 3724 1754 αὑτὸν
3812 1688 3813 1691 η

2144 1793 2360 1861 ἀγνοεῖ·
2401 1795 2626 1857 εἰκότως
2652 1794 2707 1847 δὲ
2748 1795 2955 1864 ἀγωνιᾷ
2997 1793 3091 1846 καὶ
3131 1794 3269 1846 δέδιε
3298 1792 3429 1863 (88),
3473 1794 3551 1855 ὡς
3593 1792 3726 1861 ὑπὲρ
3812 1812 3813 1864 γ

2143 1884 2453 1955 ἀνθρώπου,
2492 1888 2562 1958 μή
2600 1905 2651 1939 τι
2700 1886 2861 1941 πάθοι
2908 1887 3058 1958 παρά
3100 1885 3437 1956 προαίρεσιν.
3469 1886 3533 1937 Εἰ
3567 1884 3626 1936 δὲ
3668 1883 3727 1954 δὴ
3812 1894 3813 1958 ᾖ

2143 1976 2357 2046 πρῶτον
2388 1977 2510 2047 ἄρτι
2550 1976 2690 2047 μετά
2730 1978 2829 2047 τὴν
2862 1977 3130 2046 τοσαύτην
3170 1975 3449 2046 διατριϐὴν
3474 2016 3491 2038 ,
3534 1976 3621 2027 ὅτι
3666 1974 3725 2044 δὴ

2143 2063 2284 2127 θεῖος
2310 2065 2393 2135 εἴη
2438 2067 2532 2118 καὶ
2577 2066 2889 2137 κρείττονος
2919 2066 3206 2137 ἀνθρώπου
3243 2067 3480 2133 φύσεως,
3517 2065 3726 2136 ξυνίησι

2139 2158 2236 2229 τὴν
2263 2159 2451 2212 τούτου
2475 2160 2701 2225 ξυνιδεῖν
2727 2160 2874 2225 ἄξιον
2911 2162 3113 2225 αἰτίαν,
3137 2164 3203 2233 ἦν
3232 2164 3391 2225 αὐτὸς
3426 2166 3454 2215 ό
3491 2179 3726 2232 συγγρα-

2140 2255 2273 2320 φεὺς
2299 2253 2449 2325 δηλοῖ
2476 2254 2648 2322 λέγων
2666 2271 2679 2283 ’
2716 2273 2734 2305 ‹
2760 2255 2851 2325 Μὴ
2886 2255 2993 2328 γὰρ
3024 2255 3262 2310 θύσαντα
3285 2274 3358 2319 τι,
3391 2256 3527 2326 μηδὲ
3566 2258 3727 2307 ἐπευ-

2139 2342 2401 2414 ξάμενον,
2453 2345 2585 2415 μηδέ
2631 2364 2684 2398 τι
2731 2346 2839 2399 τῶν
2886 2347 3213 2418 ἀπορρήτων
3257 2348 3550 2419 εἰρηκότα,
3603 2366 3623 2398 ι
3670 2346 3726 2398 τὸ

2139 2436 2438 2507 ’παράδοξον
2473 2439 2601 2494 ἰδεῖν
2626 2440 2789 2495 αὑτὸν
2831 2442 3190 2511 πεποιηκότα.
3234 2441 3441 2494 υὺκοῦν
3485 2441 3556 2494 τά
3602 2440 3728 2510 πρό-

2137 2545 2293 2600 τερον
2315 2529 2403 2582 διά
2444 2532 2741 2602 περιέργου
2777 2534 3025 2604 μηχανῆς
3049 2533 3284 2585 ἐτελεῖτο
3307 2532 3384 2603 τῷ
3419 2533 3612 2604 ἀνδρί·
3653 2532 3727 2583 διὸ
3812 2522 3813 2547 ⁵

2141 2619 2275 2690 μηδὲ
2305 2620 2779 2691 καταπλήττεσθαι
2814 2622 2954 2674 αύτά
2987 2623 3121 2693 μηδὲ
3159 2622 3463 2693 θαυμάζειν
3498 2624 3593 2676 τὸν
3628 2623 3726 2674 Δά-

2141 2728 2254 2781 μιν.
2278 2712 2531 2777 Εἰκότως
2546 2713 2599 2765 δὲ
2623 2713 2717 2767 νῦν
2741 2712 2900 2767 τοῦτο
2922 2714 3140 2785 πρῶτον
3162 2715 3453 2777 πέπονθεν,
3468 2716 3544 2778 ὡς
3575 2715 3725 2779 ξένου

2134 2800 2278 2864 τινὸς
2294 2802 2562 2854 ὑπἀὐτοῦ
2586 2804 2732 2874 παρά
2749 2803 2817 2856 τὰ
2840 2804 3042 2875 συνήθη
3064 2804 3724 2877 διαπεπραγμένου.Πρδς

2134 2893 2194 2945 τὸ
2213 2894 2419 2964 δειχθὲν
2445 2895 2501 2947 δὲ
2516 2894 2609 2948 τοῦ
2632 2896 2831 2967 δεσμοῦ
2856 2898 3068 2967 φάσμα,
3088 2898 3181 2950 καὶ
3202 2898 3298 2969 τὴν
3324 2898 3431 2951 ἀπὸ
3448 2896 3545 2950 τοῦ
3573 2897 3724 2950 δικα-

2138 3002 2235 3057 στη
2245 2988 2359 3057 ρίου
2388 2987 2755 3060 ἀναχώρησιν,
2788 2991 2887 3053 τὰς
2915 2991 3053 3061 πρὸς
3084 2989 3410 3061 Δομετιανὸν
3437 2989 3606 3042 αὐτοῦ
3632 2987 3720 3041 τοῦ

2058 3105 2105 3166 c
2149 3077 2503 3132 Ἀπολλωνίου
2531 3080 2712 3148 φωνάς
2740 3081 3091 3152 παραθείμην
3136 3082 3221 3135 ἄν.
3260 3084 3491 3151 Δεσμοῖς
3532 3082 3723 3150 γάρτοι

2139 3171 2301 3223 αὑτὸν
2323 3172 2690 3243 παραδοθῆναι
2723 3173 3125 3245 προστάξαντος
3164 3172 3451 3243 βασιλέως,
3490 3174 3635 3225 πάνυ
3661 3189 3722 3239 γε
3812 3208 3813 3217 η

2139 3261 2445 3325 ἀκολούθως
2472 3264 2501 3314 ὁ
2533 3264 2886 3327 Ἀπολλώνιος
2914 3264 3296 3331 συνελογίσατο
3314 3263 3411 3315 ὡδί
3441 3281 3559 3326 πως
3582 3280 3597 3293 ·
3621 3283 3639 3312 ι
3664 3264 3724 3315 ΕΞ
3812 3328 3813 3339 γ

2143 3354 2241 3425 μὲν
2264 3355 2437 3425 γόητά
2463 3372 2529 3425 με
2571 3358 2701 3427 ἡγῇ,
2745 3358 2861 3421 πῶς
2899 3358 3117 3428 δήσεις;
3158 3356 3205 3409 εξ
3245 3355 3303 3407 δὲ
3344 3354 3554 3426 δήσεις,
3608 3354 3725 3416 πῶς

2138 3447 2309 3517 γόητα
2354 3444 2491 3501 εἶναι
2536 3450 2765 3520 φήσεις;
2796 3470 2813 3501 ι
2872 3448 3241 3521 Ἀντικρούσει
3272 3446 3403 3516 γοῦν
3452 3445 3605 3516 αὐτῷ
3644 3464 3725 3506 tt;

2136 3538 2233 3592 ὡδί
2280 3557 2416 3604 πως,
2458 3541 2523 3594 ὲκ
2554 3540 2759 3594 τούτων
2806 3540 3152 3612 ὁρμώμενος·
3206 3540 3269 3592 ΕΞ
3310 3539 3408 3610 μὲν
3451 3538 3515 3590 οὐ
3566 3536 3726 3606 γόης,

2138 3627 2257 3691 πῶς
2288 3627 2505 3682 λέλυται
2548 3646 2643 3683 σου
2676 3630 2738 3683 τὸ
2768 3630 2991 3695 σκέλος;
3033 3631 3080 3682 εξ
3108 3629 3165 3682 δὲ
3207 3627 3459 3689 λέλυται,
3502 3624 3622 3687 πῶς
3663 3625 3725 3677 οὗ
3812 3618 3813 3655 ῖ

2135 3720 2296 3792 γόης;
2338 3722 2448 3776 Καὶ
2485 3724 2534 3775 εἰ
2568 3722 2647 3793 τῷ
2674 3722 2965 3794 ὑπομεῖναι
3004 3721 3095 3774 τὸν
3123 3721 3320 3791 δεσμὸν
3354 3719 3416 3772 οὐ
3452 3717 3608 3787 γόης,
3646 3716 3727 3785 τῷ
3812 3732 3813 3735 ‘

2140 3811 2213 3882 μὴ
2261 3813 2586 3883 ὑπομεῖναι,
2620 3815 2740 3867 κατ’
2777 3815 2970 3879 αὐτὸν,
3030 3813 3377 3885 ὡμολόγηται
3412 3813 3567 3884 γόης.
3614 3814 3727 3865 Καὶ

2134 3900 2200 3957 αὖ
2244 3903 2447 3969 πάλιν,
2495 3907 2543 3958 εξ
2593 3905 2897 3977 ὑπομείνας
2958 3906 3019 3959 τὸ
3054 3906 3404 3977 δικαστήριον
3456 3905 3517 3957 οὐ
3564 3905 3724 3975 γόης,

2131 3993 2211 4065 τῷ
2236 3995 2291 4048 δὲ
2318 3996 2601 4067 διαδρᾶναι
2626 3996 2806 4060 τοῦτο,
2832 3999 2925 4050 καὶ
2960 3999 3086 4061 τοὺς
3114 3998 3252 4068 ἀμφ’
3279 3996 3442 4049 αὐτὸν
3473 3996 3723 4066 βασιλέα,

2131 4084 2274 4152 λέγω
2303 4086 2397 4139 καὶ
2429 4087 2555 4149 τοὺς
2593 4087 2649 4140 ὲν
2677 4085 2862 4156 κύκλῳ
2899 4083 3256 4158 δορυφόρους,
3300 4082 3491 4153 σαφῶς
3530 4082 3726 4135 ἐναπέ-

2132 4194 2300 4248 φηνεν
2335 4178 2469 4249 (85‘)
2500 4179 2528 4230 6
2550 4178 2701 4250 γόης.
2725 4178 2907 4241 Ὅθεν,
2950 4181 3039 4248 μοι
3062 4176 3225 4239 δοκῶ,
3251 4175 3667 4246 συνῃσθημένος
3692 4176 3721 4225 ό

2129 4269 2305 4338 λόγος,
2336 4270 2629 4343 θεραπεύει
2667 4273 2729 4325 τὸ
2757 4274 3010 4342 γεγονὸς,
3038 4271 3114 4333 ὡς
3145 4270 3210 4341 δὴ
3233 4270 3365 4323 ἄνευ
3394 4268 3601 4322 θυσιῶν
3624 4268 3723 4319 καὶ

2129 4362 2354 4432 ἐπῳδῶν
2375 4364 2596 4434 ἀρρήτῳ
2625 4365 2733 4417 τινὶ
2766 4365 2859 4418 καὶ
2886 4365 3025 4436 ὑπὲρ
3043 4363 3328 4433 ἄνθρωπον
3361 4363 3590 4432 δυνάμει
3622 4358 3719 4414 τοῦ

2130 4452 2432 4524 παραδόξου
2457 4454 2773 4524 πεφηνότος.

451 4550 525 4606 sit
569 4567 790 4621 passus,
835 4567 1027 4623 magus
1068 4567 1177 4605 non
1220 4564 1344 4604 esse
1385 4548 1675 4610 evincitur,
1701 4540 1858 4612 537
1885 4550 1987 4599 hoc
2026 4543 2146 4614 ipso
2181 4548 2326 4616 quod
2367 4548 2584 4602 vincula
2633 4551 2834 4628 exuit,_
2864 4536 3079 4619 magum
3127 4565 3251 4604 eum
3283 4549 3511 4619 proprio
3559 4545 3720 4603 eﬂato

449 4660 602 4712 esse,
636 4646 694 4701 in
722 4644 978 4701 confesso
1006 4645 1131 4701 erit.
1164 4643 1231 4698 Et
1257 4644 1501 4700 vicissim
1523 4683 1537 4708 ,
1570 4642 1614 4699 si
1643 4658 1707 4696 ex
1738 4656 1824 4706 eo,
1859 4641 2005 4710 quod
2039 4642 2250 4711 judicio
2275 4659 2335 4699 se
2378 4645 2664 4709 submisit,
2693 4660 2909 4714 magum
2936 4661 3044 4700 non
3096 4661 3220 4701 esse
3282 4653 3469 4715 patet;
3501 4646 3555 4698 in
3610 4643 3719 4695 hoc

450 4744 571 4812 ipso
603 4750 751 4799 certe
779 4743 926 4814 quod
960 4758 1028 4797 ex
1061 4756 1127 4796 eo
1157 4756 1277 4797 sese
1306 4739 1608 4810 surripuit,
1643 4739 1857 4809 ipsique
1890 4737 2207 4808 imperatori
2268 4754 2329 4794 se
2392 4740 2686 4807 subduxit,
2752 4740 2892 4794 addo
2924 4750 2977 4794 et
3005 4740 3337 4810 stipantibus
3401 4754 3530 4793 eum
3592 4749 3719 4790 cor-

448 4837 600 4907 poris
633 4838 954 4894 custodibus
978 4877 993 4901 ,
1027 4836 1338 4891 luculenter
1370 4850 1491 4891 sese
1519 4832 1761 4905 prodidit
1792 4848 2003 4904 magus.
2046 4833 2413 4899 Quamobrem
2434 4875 2448 4899 ,
2479 4844 2541 4889 ut
2574 4835 2708 4889 mihi
2741 4836 2980 4899 videtur,
3011 4836 3130 4905 ipsa
3196 4834 3525 4889 Philostrati
3587 4844 3713 4885 ora-

449 4927 561 4992 tio,
592 4926 720 4981 dum
748 4941 869 4980 eam
934 4941 1049 4982 rem
1119 4926 1534 4989 animadvertit,
1587 4923 1733 4978 facto
1799 4924 1876 4978 illi
1911 4924 2237 4978 medicinam
2277 4932 2475 4994 parat,
2528 4924 2844 4998 [referens]
2899 4926 3045 4996 quod
3095 4927 3263 4982 nullis
3314 4927 3486 4981 obitis
3537 4923 3712 4978 sacris
3812 4934 3813 4998 γ

449 5019 942 5089 incantamentisve
1009 5018 1305 5084 adhibitis,
1358 5018 1571 5073 occulta
1603 5016 1839 5087 quadam
1899 5023 1955 5071 et
2002 5016 2297 5071 humanam
2362 5017 2598 5073 indolem
2629 5026 2923 5089 superante
2949 5019 3185 5082 virtute,
3220 5017 3549 5072 miraculum
3581 5015 3713 5069 hoc-

444 5126 510 5168 ce
536 5117 813 5183 patratum
845 5110 1031 5166 fuerit.

513 5229 535 5262 ⁹
571 5228 667 5284 lib.
702 5241 807 5291 vu,
842 5240 892 5281 c.
929 5226 1018 5287 58,
1096 5227 1142 5258 ¹⁶
1183 5226 1281 5281 lib.
1322 5241 1397 5279 vn
1425 5267 1440 5293 ,
1475 5241 1526 5280 c.
1560 5226 1650 5280 54.

512 5319 624 5393 (87)
662 5318 943 5393 Θύσαντά
975 5336 1049 5373 τι.
1089 5317 1190 5389 Ap.
1227 5316 1486 5393 Philostr.
1523 5317 1646 5393 hoc_
1679 5317 1801 5393 loco
1848 5312 2017 5369 omis-

2144 5303 2533 5393 )amlidis,‘ista'
2563 5306 2854 5393 occasione
2906 5305 3331 5393 natavminime
3382 5308 3695 5393 convenire.

444 5374 566 5444 sum
710 5390 784 5461 τί,
818 5399 877 5443 ut
907 5396 962 5445 et
992 5404 1118 5445 mox
1138 5374 1291 5461 ipost
1339 5387 1579 5442 εἰπόντα.
1612 5387 1841 5441 Ponitur
1887 5400 2017 5439 vero
2120 5375 2266 5459 Quod
2301 5377 2651 5461 posteaapud
2683 5374 3037 5461 perimendum,
3074 5376 3312 5461 lib.vm,_
3336 5391 3461 5461 cap.
3492 5379 3573 5439 tl,
3606 5376 3691 5436 1-3,

444 5446 919 5531 ψει-εὐξάμενονί
1081 5528 1094 5531 Α
1123 5446 1186 5531 μ’
1298 5528 1325 5531 _
1504 5528 1538 5531 __
1606 5528 1615 5531 Δ
2118 5447 2293 5531 ipsius
2316 5446 2480 5513 capiti
2507 5446 2989 5531 metuatnpcrind‘e
3023 5461 3087 5498 ac
3122 5446 3169 5500 si
3202 5446 3387 5502 nudus
3414 5446 3577 5531 'hpmo
3603 5461 3693 5527 es-

514 5529 626 5598 (88)
677 5515 915 5598 Ἆξοωνιᾷ
941 5531 1041 5584 καὶ
1068 5528 1243 5583 δέδιε.
1285 5528 1746 5585 Contradictionis
1791 5529 2018 5584 convin-
2121 5524 2225 5598 set,
2258 5516 2325 5569 de
2358 5530 2468 5597 (ιιιρ
2495 5517 2707 5596 pullam
2743 5515 2965 5571 haberet
3011 5530 3244 5587 prorsus
3297 5516 3686 5576 θιοθιιθιιιλοτὶε

443 5587 569 5670 cere
597 5587 992 5670 Philostratum
1040 5602 1191 5670 cupit
1218 5600 1321 5666 hpc
1349 5606 1690 5670 argumento,
1728 5600 1871 5667 quod
1907 5598 2017 5654 Da-
2118 5594 2332 5670 nam]?
2357 5587 2697 5670 ρρίηίοᾳθιηο

444 5667 644 5753 midcm
699 5655 1152 5753 dicat'indicium
1202 5655 1507 5753 dininitays
1538 5655 1775 5753 Apollini
1802 5672 2016 5753 cepisse

2190 5656 2322 5729 (88')
2357 5656 2785 5725 Ἑπηπέφηνεν.
2819 5655 2979 5712 Forte
3004 5657 3242 5729 ἀναπέφ.
3275 5658 3442 5719 Enn.

444 5752 512 5796 ex
538 5738 672 5806 pede
700 5739 933 5794 vinculis
963 5748 1156 5809 sponte
1190 5740 1389 5798 soluto.
1422 5737 1558 5798 Nam
1587 5737 1723 5795 'huic
1769 5737 2014 5812 opinioni
