3856 6222
149 267 275 324 855
924 288 930 295 ·
1295 260 1499 317 LIBER
1530 259 1810 318 CONTRA
1848 254 2265 315 HIEROCLEM.
3321 246 3426 305 856

695 379 1088 436 ΚΕΦΑΛΑΙΟΝ
1124 383 1214 435 Μ’.
1773 386 1820 442 Α

1773 386 1820 442 Α
2442 368 2673 427 CAPUT
2712 365 2827 424 XL;

241 477 408 532 Ἀλλά
449 476 559 549 γὰρ
600 476 701 530 οὐκ
754 478 812 538 ἐς
859 475 1078 546 μακρὰν
1121 468 1277 538 αὖθις
1326 474 1354 526 6
1395 474 1495 544 τῆς
1542 472 1755 542 φύσεως

1929 466 2132 522 Verum
2171 478 2368 519 rursus
2414 477 2526 517 non
2571 460 2648 514 ita
2689 459 2862 514 multo
2902 467 3028 529 post
3058 463 3273 512 natura:
3305 454 3426 526 ejus

162 569 547 643 παραϐήσεται
593 568 836 639 ἔλεγχος.
873 568 1083 622 Αὐτίκα
1114 568 1225 639 γάρ
1260 583 1405 630 τινος
1437 566 1685 620 ὲπιστάντ

1907 558 2019 613 obis
2072 554 2512 627 suppeditabitur
2552 557 2932 622 argumentum
2967 550 3036 605 “.
3068 549 3207 607 Cum
3240 567 3306 605 ex
3344 551 3430 605 in-

147 640 348 735 αὐτῷ,
376 640 483 715 (καὶ
529 661 802 733 φήσαντος
824 677 839 693 ο
888 679 907 712 ι
945 660 1162 731 ’Δφίησί
1196 676 1284 725 σε,
1326 653 1372 712 ὦ
1410 657 1670 711 Ἀπολλώι

1905 656 2076 706 ierato
2092 647 2239 702 enim
2269 645 2334 701 ad
2364 660 2489 699 eum
2523 642 2811 698 accederet
2840 655 2952 696 non
2973 656 3159 705 nemo,
3191 640 3428 694 diceret-

141 731 393 810 τουτωνὶ
446 753 557 809 τῶν
593 731 835 825 (δεσμῶν
877 756 907 807 6
958 754 1213 824 βασιλεὺς
1238 794 1254 819 ,
1310 754 1405 806 καὶ
1472 752 1664 819 ὲλεύθεγ

1906 759 1961 798 ιε
1994 761 2008 797 :
2044 758 2064 793 ι
2089 739 2253 795 Hisce
2282 745 2335 790 te
2367 735 2635 802 vinculis,
2676 748 2709 788 ο
2734 732 3025 804 Apolloni,
3066 732 3232 788 eximi
3271 731 3429 801 jubet

147 847 539 920 δεσμωτήριον
567 823 843 918 συγχωρεῖ
860 823 1050 911 οἰκεῖν,
1088 865 1107 897 ι
1133 848 1162 899 6
1187 846 1451 917 κρείττων
1479 844 1512 916 ἢ
1543 844 1670 915 ἄνθρ

1898 842 2174 904 nperator,
2228 837 2398 899 utque
2456 827 2513 881 in
2545 825 2800 880 liberiore
2825 837 3049 879 carcere
3087 823 3253 893 degas
3293 838 3421 893 per-

165 955 290 1006 ηος,
317 940 413 994 καὶ
438 939 545 993 τῶν
576 939 876 1011 μελλόντων
902 936 1293 1009 προγνὼστης,

1898 927 2056 993 ιίιιίι;
2083 944 2100 976 ι
2133 931 2248 977 tum
2292 923 2435 977 ultra
2474 919 2757 974 hominum
2801 925 3005 975 sortem
3049 918 3264 988 positus
3304 915 3421 980 ille,

1855 1018 2270 1085 futurorumque
2301 1020 2460 1066 antea
2496 1024 2724 1101 gnarus,

164 1117 384 1187 ngeoi}
410 1134 473 1171 τε
497 1116 726 1184 ξυνιεὶς
748 1116 884 1188 (89),
906 1115 1004 1170 καὶ
1038 1117 1110 1170 οὐ
1137 1114 1470 1181 λαλέοντος
1495 1114 1687 1168 ἀκούω

1924 1126 2067 1181 Muli
2100 1124 2397 1194 concipiens
2431 1120 2704 1185 animum,
2741 1136 3027 1190 sensusque
3062 1119 3303 1183 tacentis,

163 1227 279 1281 ὑπὸ
306 1226 407 1298 τῆς
431 1226 592 1296 ἀγαν,
619 1226 697 1290 ὡς
738 1226 908 1289 εἰκὸς,
951 1224 1306 1296 περιχαρείας
1333 1221 1624 1278 ἀποπεσὼν
1655 1241 1686 1276 τ

1910 1258 1969 1297 'aa
2016 1242 2222 1307 nimio,
2270 1247 2330 1294 ut
2374 1237 2610 1300 videtur,
2658 1235 2860 1307 gaudio
2903 1234 3126 1289 fatidica
3174 1232 3433 1290 excidens

163 1319 569 1392 προγνώσεως,
616 1321 942 1374 πυνθάνεται
975 1319 1182 1388 λέγων·
1214 1339 1233 1371 ι
1274 1316 1367 1381 Τίς
1406 1313 1499 1371 οὖν
1530 1319 1559 1371 6
1593 1334 1686 1388 μετ

1913 1342 2088 1396 rtute,
2130 1332 2380 1386 nuntium
2423 1337 2611 1401 rogat:
2641 1347 2660 1381 ι
2691 1327 2827 1394 Quis
2858 1335 2990 1383 Vero
3023 1341 3110 1381 me
3144 1325 3322 1381 isthac
3349 1330 3434 1379 est

162 1412 458 1466 σκευάσων
500 1412 554 1484 μ’
590 1411 873 1477 ὲντεῦθεν;
910 1430 928 1462 ι
975 1412 1033 1464 '0
1074 1410 1165 1465 δέ’
1208 1428 1227 1462 ι
1284 1408 1458 1478 Ἐγὼ,
1497 1409 1623 1481 ἐφη,
1661 1427 1685 1462 κ

1912 1424 2249 1480 aducturus?
2289 1442 2309 1471 ι
2345 1420 2440 1477 llle
2492 1432 2672 1476 autem
2713 1440 2726 1474 :
2759 1438 2778 1472 ι
2816 1417 2960 1491 Ego,
3017 1417 3332 1489 respondit,
3374 1425 3435 1474 tu

162 1501 333 1558 Imm
363 1521 381 1555 ι
1012 1540 1015 1541 ν
1855 1518 2020 1575 modo
2057 1531 2308 1587 sequere.
2342 1533 2363 1567 ι

674 1615 1072 1670 ΚΕΦΑΛΛΙΟΝ
1111 1614 1245 1668 MA'.

2447 1623 2677 1681 CAPUT
2724 1622 2860 1678 XLI.

242 1725 379 1784 Εἶτα
406 1730 500 1782 καὶ
520 1728 676 1798 λόγον
699 1728 993 1798 ἀπολογίας
1011 1729 1039 1780 6
1063 1726 1337 1789 θειότατος
1368 1726 1511 1798 μάλα
1538 1742 1602 1795 γε
1638 1742 1761 1778 συν-

1935 1722 2220 1778 Postremo
2279 1718 2323 1751 ι’
2380 1717 2686 1771 orationem
2746 1713 3143 1785 apologeticam
3220 1725 3436 1782 quoque

163 1824 361 1877 τάττει
386 1822 897 1893 πεφροντισμένως,
928 1821 1158 1890 ἀγνοῶν,
1191 1822 1271 1875 ὅτι
1310 1819 1446 1891 δῆτα
1492 1821 1550 1883 ἐς
1584 1819 1686 1890 μάτ

1910 1812 2174 1882 amposuit
2221 1808 2403 1865 studio
2449 1805 2663 1878 ingenti
2707 1805 2793 1860 vir
2838 1806 2932 1861 ille
2976 1804 3141 1875 plane
3180 1803 3433 1867 divinus,

166 1915 328 1986 αὐτῴ
354 1914 823 1986 σπουδασθήσεται
844 1917 876 1987 ή
899 1917 1107 1988 γραφή.
1139 1914 1324 1968 Οἴεται
1351 1914 1448 1985 μὲν
1468 1912 1577 1986 γὰρ
1599 1914 1689 1965 ἀκι

1915 1921 2093 1972 ;narus
2137 1918 2333 1970 nempe
2375 1901 2594 1955 inanem
2644 1912 2866 1970 operam
2908 1897 2966 1951 in
3015 1911 3082 1952 eo
3130 1912 3189 1951 se
3231 1896 3438 1965 scripto

170 2006 474 2078 σθήσεσθαι
522 2005 687 2059 αὑτοῦ
737 1987 1177 2078 ἀπολογουμένου
1212 2004 1503 2076 βασιλέως*
1539 2004 1651 2065 καὶ,
1684 2020 1693 2052 ι

1913 2003 2345 2067 )nsumpturum.
2375 1991 2615 2047 Putabat
2644 1993 2789 2044 enim
2824 2005 2883 2045 se
2920 1989 2988 2044 ab
3012 1989 3343 2058 imperatore
3369 1987 3436 2041 iri

165 2096 546 2166 ἁκουσομένου
588 2113 652 2165 γε
715 2097 921 2169 σφόδρα
988 2097 1230 2160 πιθανῶς
1281 2093 1688 2167 παρασκευάζει

1916 2089 2115 2144 iditum
2150 2086 2474 2141 recitantem
2509 2081 2815 2153 apologiam
2843 2098 2860 2137 :
2891 2095 3066 2151 eoque
3100 2079 3244 2152 quod
3282 2079 3439 2135 audi-

165 2188 277 2258 τὴν
309 2186 599 2251 ἀπολογίαν
619 2205 631 2218 ·
662 2189 691 2241 6
714 2188 793 2251 δὲ,
828 2187 1030 2260 ταύτην
1063 2186 1136 2258 μὴ
1165 2185 1479 2257 ἀναμείνας,
1518 2185 1576 2247 ἐς
1608 2183 1688 2237 οὐὶ

1917 2195 2052 2235 lrum
2085 2193 2208 2234 eum
2242 2180 2519 2247 speraret,
2564 2173 2633 2227 ad
2678 2171 3116 2243 persuadendum
3161 2186 3285 2226 cum
3325 2186 3440 2226 ma-

169 2281 345 2334 αὒτοῦ
370 2282 469 2354 τὴν
510 2281 743 2354 σπουδὴν
776 2282 1167 2351 κατεστήσατο.
1216 2281 1416 2332 ’Ἄκουε
1453 2277 1518 2350 δὴ
1547 2272 1638 2333 οὖν
1666 2296 1692 2332 κ

1918 2271 2018 2325 ime
2055 2269 2362 2323 orationem
2401 2266 2704 2336 componit.
2739 2262 2927 2321 Caesar
2959 2274 3138 2319 tamen
3174 2278 3295 2319 eam
3329 2278 3441 2320 non

170 2374 312 2444 περὶ
347 2374 554 2427 τούτων
581 2370 671 2429 οἷά
706 2391 870 2446 φησιν
900 2375 928 2426 6
968 2373 1220 2443 ἐλεγχος·
1254 2390 1273 2422 ι
1310 2371 1527 2443 Ἐπειδὴ
1570 2371 1627 2424 δὲ
1668 2388 1693 2423 κ

1922 2376 2049 2417 rens
2079 2359 2296 2415 irritum
2331 2357 2451 2427 ejus
2498 2354 2741 2411 studium
2795 2354 3051 2412 reddidit.
3093 2354 3235 2410 Audi
3275 2354 3443 2426 igitur

168 2464 340 2533 λόγος
381 2464 531 2537 αὐτῷ
567 2465 881 2537 συνεγράφη
914 2481 1032 2527 τις,
1062 2463 1137 2525 ὡς
1178 2461 1316 2534 πρὸς
1362 2460 1505 2533 ὕδωρ
1528 2459 1636 2531 (90)
1663 2478 1691 2512 τ

1921 2470 1934 2509 ξ
1964 2453 2049 2508 his
2078 2454 2239 2508 etiam
2272 2450 2405 2521 quid
2437 2449 2585 2505 dicat
2614 2448 2717 2505 sibi
2747 2448 2853 2518 ipsi
2885 2448 3213 2504 adversante
3240 2449 3444 2503 oratio-

169 2558 474 2626 ἀπολογίαν
505 2558 769 2629 ἀφήσοντι
788 2556 918 2627 (9|),
952 2553 1154 2619 ξυνεῖλε
1180 2553 1236 2606 δὲ
1269 2552 1429 2606 αὑτὸν
1452 2555 1481 2606 6
1503 2551 1692 2623 1:59am

1919 2560 1937 2599 ε
1967 2544 2014 2575 ¹³
2043 2562 2056 2597 :
2088 2561 2106 2594 ι
2138 2541 2411 2608 Quoniam
2461 2555 2593 2595 vero
2637 2539 2816 2594 oratio
2852 2538 3018 2593 etiam
3048 2538 3098 2593 ei
3129 2538 3442 2609 conscripta

170 2654 238 2714 ἐς
262 2652 331 2717 ἃς
351 2651 548 2725 εἴρηκα
580 2654 898 2724 ἐρωτήσεις,
931 2647 1334 2719 ἀναγεγράφθω
1365 2648 1456 2700 καὶ
1479 2650 1507 2701 6
1531 2646 1687 2715 λόγος

1916 2641 1983 2698 st,
2020 2639 2081 2686 ut
2113 2633 2208 2702 qui
2239 2632 2306 2686 ad
2343 2630 2687 2702 clepsydram
2719 2644 2940 2685 causam
2972 2636 3118 2685 esset
3145 2629 3399 2685 dicturus
3422 2670 3439 2694 ,

175 2743 327 2814 Ὅρα
370 2721 433 2813 δή
463 2721 588 2806 πῶς
613 2721 722 2796 *τοῦ
747 2721 1056 2813 ⁷μέλλοντος
1104 2739 1439 2812 πορρωτάτω
1479 2737 1698 2808 τυγχάνι

1920 2743 1993 2781 un
2059 2732 2239 2780 autem
2297 2731 2563 2797 tyrannus
2627 2724 2771 2777 intra
2834 2721 3240 2791 quastionum,
3304 2736 3443 2792 quas

170 2832 208 2884 ὁ
240 2812 430 2883 ⁸πάντα
459 2829 733 2894 θειότατος
756 2812 783 2893 ,ί
822 2829 959 2900 μετά
993 2827 1254 2898 πλείστης
1294 2828 1426 2897 ὅσης
1466 2826 1693 2898 φροντίδι

1926 2820 1982 2873 xi
2006 2858 2022 2883 ,
2057 2818 2337 2888 angustias
2382 2816 2689 2881 conclusit,
2720 2814 2898 2869 oratio
2925 2828 3142 2883 quoque
3166 2812 3295 2868 huic
3327 2813 3445 2869 his-

174 2920 260 2984 ὡς
306 2921 441 2992 πρὸς
489 2921 634 2996 ὓδωρ
673 2923 775 2995 τὴν
820 2922 1116 2989 ἀπολογίαν
1168 2920 1527 2992 ποιησόμενος
1569 2921 1697 2973 ὲσπο

1920 2912 2023 2966 .riae
2051 2911 2376 2965 inseratur.»
2408 2907 2543 2963 Vide
2572 2908 2738 2977 igitur
2758 2912 2820 2959 ut
2845 2921 2875 2959 a
2899 2904 3100 2960 futuris
3127 2905 3443 2974 longissime

173 3010 364 3078 δαζεν.
1870 3004 2166 3068 aberrans,
2212 3001 2295 3057 vir
2339 3001 2432 3056 ille
2478 3000 2643 3071 plane
2683 2997 2939 3061 divinus,
2995 3010 3163 3066 quam
3206 2996 3445 3051 maxima

1796 3089 1841 3152 C
1872 3094 2050 3165 potuit
2077 3106 2209 3147 cura
2232 3130 2248 3158 ,
2275 3091 2426 3147 velut
2454 3089 2523 3145 ad
2554 3088 2902 3161 clepsydram
2931 3086 3184 3142 dicturus
3208 3126 3223 3152 ,
3255 3086 3444 3143 elabo-

1862 3186 2086 3243 raverit.
2308 3186 2317 3193 '

682 3278 1084 3349 ΚΕΦΑΛΑΙΟΝ
1129 3279 1261 3333 MB’.

2420 3270 2653 3328 CAPUT
2689 3271 2855 3329 XLII.

266 3367 430 3422 Ἀλλά
462 3370 571 3441 γὰρ
597 3369 922 3442 διεξιτητέον
952 3371 1047 3423 καὶ¹
1067 3370 1166 3440 τὴν
1202 3372 1260 3434 ἐς
1288 3370 1464 3441 μάτην
1498 3366 1647 3438 αὐτῷ
1674 3383 1765 3420 πε-

1935 3370 2004 3424 Αι
2033 3378 2087 3426 et
2113 3371 2232 3440 ipsa
2254 3365 2628 3438 percensenda
2648 3372 2734 3422 est
2754 3364 2959 3419 frustra
2982 3362 3052 3418 ab
3077 3376 3142 3417 eo
3165 3360 3450 3417 elaborata

178 3457 493 3528 ποιημένην
521 3457 833 3526 ἀπολογίαν,
857 3457 913 3520 ἃ,
949 3459 1024 3523 ὡς
1062 3458 1233 3512 πολλά
1273 3458 1368 3512 καὶ
1390 3459 1502 3530 (92)
1537 3458 1671 3513 ἄλλα

1924 3462 2148 3532 tologia,
2193 3467 2248 3517 et
2280 3474 2434 3530 quae,
2468 3458 2639 3513 multa
2690 3457 2798 3512 alia
2842 3457 3005 3522 inter,
3054 3449 3218 3522 538
3244 3455 3447 3526 quibus

178 3547 358 3620 ταύτῃ
384 3548 695 3620 Δομετιανῷ
727 3549 1082 3621 προσφωνῶν,
1114 3549 1538 3615 ἀπαυθαδίζεται
1567 3549 1701 3617 λέγω

1926 3554 2240 3610 )mitianum
2266 3548 2594 3621 compellat,
2645 3553 2969 3619 arroganter
3016 3545 3208 3616 iactat,
3242 3544 3449 3600 diserte

187 3659 209 3691 ι
231 3641 320 3703 Ὠς
353 3640 461 3711 ἄρα
500 3640 904 3704 Οὐεσπασιανὸς
953 3642 1012 3694 σὲ
1063 3640 1161 3711 μὲν
1207 3640 1432 3711 βασιλέα
1486 3641 1710 3710 ἐποίησε

1925 3642 2119 3713 quiens
2150 3640 2198 3707 _"
2225 3658 2240 3694 :
2280 3656 2300 3690 ι
2334 3637 2412 3694 Te
2461 3638 2629 3709 igitur
2656 3637 3043 3708 imperatorem
3073 3633 3447 3705 Vespasianus

181 3725 280 3778 ὑπ’
312 3724 532 3803 ὲμοῦοδὲ
554 3727 789 3796 ἐγένετο.
821 3746 839 3779 ι
865 3727 1038 3782 Βαὸαὶ
1059 3729 1157 3800 τῆς
1185 3728 1533 3793 ἀλαζονείαςῑ
1560 3729 1624 3798 ἢν
1647 3727 1704 3781 οὗ

1921 3735 2014 3799 cit,
2046 3733 2164 3803 ipse
2195 3747 2227 3787 a
2268 3745 2359 3786 me
2413 3737 2500 3786 est
2554 3729 2757 3786 factus.
2818 3747 2838 3782 ι
2878 3726 2996 3782 Vah
3045 3725 3442 3797 arrogantiam!

179 3835 250 3888 γε
281 3820 311 3870 6
333 3817 531 3889 τυχὼν,
564 3818 680 3872 ἀλλ’
712 3820 830 3873 οὐδὲ
877 3822 927 3874 εί
980 3820 1268 3890 φιλόσοφός
1297 3838 1382 3885 τις
1405 3821 1641 3894 ἀληθῶς,
1674 3839 1702 3875 κ

1926 3841 1972 3879 Ia
2000 3841 2068 3881 ne
2112 3840 2181 3879 ex
2231 3825 2396 3895 vulgo
2427 3823 2649 3894 quidem
2704 3820 3013 3891 quispiam,
3068 3817 3268 3872 nedum
3318 3832 3449 3873 vere

183 3909 331 3963 κατὰ
364 3909 707 3981 ἀνθρωπείαν
737 3910 1048 3982 ὑπεραίρων
1084 3912 1324 3981 ἐγεγόνει
1360 3912 1539 3982 φύσιν,
1573 3915 1706 3985 ὲτερ‹

1925 3914 2226 3984 ιίΙοεορίιυε
2254 3953 2269 3976 ,
2333 3912 2684 3979 humanaque
2730 3908 3091 3963 excellentior
3136 3914 3335 3962 natura
3388 3921 3448 3962 se

181 3999 419 4054 τεύσατο
445 4000 531 4065 ἂν,
570 4000 643 4071 μὴ
672 4002 793 4071 οὐχ).
829 4001 986 4072 δίκην
1021 4002 1206 4065 ἀνοίας
1238 4002 1390 4074 παρά
1426 4005 1538 4066 τοῖς
1565 4001 1704 4075 ἔμφρ

1924 4006 2096 4069 ctitet,
2127 4006 2237 4060 nisi
2272 4003 2502 4059 insaniae
2529 4002 2709 4057 dicam
2754 4017 2786 4056 a
2838 3999 3291 4072 prudentioribus
3340 3999 3447 4056 sibi

187 4108 274 4145 σιν
303 4091 571 4161 ὑποσχών.
604 4088 737 4146 Εἶτα
759 4092 817 4146 δὲ
846 4093 944 4164 τῆς
970 4095 1093 4146 κατ’
1124 4093 1283 4148 αὐτὸν
1316 4093 1552 4162 ὑποψίας
1577 4095 1710 4147 ἑαυτη

1934 4098 2034 4153 ribi
2091 4092 2489 4151 vclit..Deinde
2532 4107 2662 4148 vero
2714 4106 2747 4146 a
2801 4089 3149 4160 suspicione,
3186 4103 3293 4158 qua
3332 4101 3451 4157 pres

183 4182 557 4252 ἀπολυόμενος
583 4181 716 4253 (95),
744 4183 916 4237 ταῦτα
948 4185 1077 4256 περὶ
1110 4186 1321 4256 γοήτων
1338 4185 1501 4256 φησίν
1519 4201 1534 4216 θ
1568 4204 1586 4236 ι
1611 4185 1706 4238 Ἀλξ

1927 4190 2154 4251 ebatur,
2195 4202 2256 4243 se
2286 4186 2464 4257 ipsum
2496 4198 2770 4255 purgans,
2814 4182 3098 4252 sequentia
3141 4179 3350 4252 profert
3381 4180 3450 4236 de

180 4274 317 4338 τοὺς
342 4274 544 4345 γόητας
568 4275 929 4347 ψευδοσόφους
958 4276 1120 4348 φημί.
1154 4277 1234 4330 Td:
1266 4277 1377 4347 γάρ
1406 4278 1509 4333 οὐκ
1534 4276 1663 4334 ὄντα
1694 4297 1703 4329 ι

1926 4274 2044 4345 agis
2072 4274 2155 4329 ":
2190 4292 2209 4324 ι
2252 4270 2517 4343 Equidem
2562 4286 2755 4341 magos
2804 4270 2956 4325 falsae
2986 4269 3269 4341 sapientiae
3317 4277 3449 4341 puto

182 4380 280 4420 ναι
312 4368 443 4437 παρ’
469 4367 670 4431 αὐτοῖς,
699 4368 792 4420 καὶ
812 4367 882 4421 τά
909 4368 1057 4433 ὄντα,
1090 4367 1433 4422 ἀπιστεῖσθαι
1454 4367 1585 4440 (94).
1611 4390 1631 4424 δ
1656 4368 1700 4421 Κ

1927 4379 2122 4420 umnos
2155 4377 2295 4420 esse.
2330 4362 2467 4418 Nam
2496 4376 2619 4431 qua:
2646 4377 2758 4417 non
2791 4369 2942 4427 sunt,
2970 4368 3032 4415 ut
3059 4375 3193 4440 esse.
3225 4360 3450 4416 videan-

181 4430 426 4524 ταμάθόι
457 4456 501 4508 δ’
531 4451 623 4509 οὖν
650 4474 732 4519 τις
765 4455 829 4510 ἔκ
855 4474 915 4509 τε
940 4430 1051 4528 τῆς⁷
1079 4458 1205 4527 ὅλης
1244 4430 1645 4529 πραγματείας,
1674 4474 1704 4511 κ

1919 4471 1981 4520 ll‘,
2004 4462 2058 4510 et
2081 4469 2203 4527 qua:
2231 4462 2379 4521 sunt,
2416 4460 2477 4509 ut
2506 4430 2616 4508 non
2661 4467 2787 4508 esse
2833 4450 3124 4507 videantur
3153 4436 3384 4506 faciunt.
3420 4469 3442 4505 ι

84 4618 93 4623 ι
184 4548 300 4602 τῶν
329 4551 387 4602 ὲν
415 4548 570 4620 μέρει
608 4546 1009 4619 δεδηλωμένων,
1041 4551 1245 4621 πότερα
1270 4551 1328 4604 ἐν
1360 4550 1525 4613 θείοις
1553 4567 1607 4603 κε

1928 4564 1948 4602 ι
1972 4554 2088 4601 tota
2115 4547 2282 4617 igitur
2310 4546 2416 4602 ista
2448 4545 2802 4608 tractatione,
2834 4551 2889 4599 et
2922 4542 3203 4613 sigillatim
3231 4541 3451 4613 exposi-

185 4639 459 4708 λοσόφοις,
497 4638 530 4710 ἢ
560 4640 617 4693 ὲν
640 4639 830 4711 γόησιν
862 4640 1024 4693 αὐτὸν
1052 4641 1443 4706 κατατακτέον,
1472 4640 1708 4695 πιστεύσ.

1928 4659 1939 4698 .=
1964 4641 2241 4706 omnibus,
2267 4640 2451 4696 discas
2481 4638 2631 4702 licet,
2662 4653 2732 4691 an
2774 4636 2830 4690 in
2858 4635 2985 4703 diis,
3016 4651 3088 4691 an
3118 4635 3173 4689 in
3216 4633 3451 4705 philoso-

184 4726 272 4794 οἷς
306 4749 363 4785 τε
395 4731 557 4794 αὐτὸς
599 4732 728 4801 περὶ
772 4733 983 4804 γοήτων
1028 4733 1121 4785 καὶ
1173 4733 1517 4803 ψευδοσόφων
1555 4733 1707 4804 είρηκ

1927 4732 2014 4799 iis,
2050 4746 2121 4786 an
2153 4731 2209 4785 in
2234 4729 2408 4801 magis
2433 4728 2743 4783 censendus
2770 4726 2877 4793 sit,
2933 4726 3001 4781 iis
3051 4722 3309 4780 admissis
3331 4739 3450 4795 qua:

186 4823 288 4881 καὶ
338 4819 419 4887 οἷς
465 4823 764 4895 δεδήλωκεν
815 4827 848 4896 ἡ
902 4828 1021 4877 κατ’
1047 4826 1206 4880 αὐτὸν
1254 4827 1480 4899 ἱστορία.
1509 4826 1677 4898 Δρῦές

1922 4838 1986 4877 se
2008 4821 2076 4878 de
2106 4821 2281 4893 magis
2319 4828 2372 4876 et
2401 4821 2600 4890 spuriae
2631 4817 2917 4888 sapientia:
2948 4815 3257 4871 cultoribus
3286 4814 3445 4880 dixit,

186 4913 322 4986 γὰρ,
354 4915 447 4967 καὶ
475 4914 717 4977 πτελέαι,
749 4914 996 4986 ὲνάρθρῳ
1032 4916 1125 4970 καὶ
1170 4915 1356 4989 θηλείᾳ
1387 4921 1538 4991 φωνῇ
1571 4917 1709 4971 λαλοὶ

1924 4930 2073 4984 ηυδε
2104 4914 2333 4970 historia
2389 4912 2511 4981 ejus
2539 4911 2606 4967 de
2637 4911 2756 4981 ipso
2785 4906 2995 4964 retulit.
3032 4906 3169 4961 Nam
3213 4921 3447 4977 quercus

186 5020 307 5069 σαι,
340 5005 435 5058 καὶ
472 5004 719 5076 τρίποδες
752 5005 1043 5075 αὐτόματοι
1088 5006 1398 5075 φοιτῶντες,
1431 5007 1525 5060 καὶ
1549 5005 1709 5077 χάλκε

1955 5006 2086 5059 ulmi
2111 5006 2154 5037 ⁸⁸
2181 5003 2471 5059 articulata
2504 5016 2568 5056 ac
2593 5001 2848 5056 muliebri
2874 5013 3007 5054 voce
3044 4998 3258 5063 locutae,
3288 4998 3450 5068 tripu-

268 5159 310 5190 “
354 5158 451 5214 lib.
525 5175 639 5224 vn,
673 5176 724 5215 c.
753 5161 843 5218 40.
949 5162 993 5193 ¹²
1032 5161 1130 5216 lib.
1161 5178 1301 5228 vm,
1336 5177 1386 5217 c.
1424 5162 1475 5216 7.
1576 5162 1620 5195 ¹³
1658 5162 1753 5217 lib.
1790 5177 1916 5225 vm,
1982 5177 2033 5217 c.
2096 5161 2152 5217 6.
2253 5160 2300 5191 "
2336 5159 2432 5214 lib.
2474 5174 2613 5224 vm,
2655 5173 2707 5214 c.
2750 5157 2802 5209 7.
2903 5157 2946 5188 ¹⁶
2986 5155 3080 5210 lib.
3122 5168 3256 5218 rm,
3299 5167 3350 5207 c.
3394 5150 3447 5208 7.

188 5229 238 5263 “
277 5228 375 5283 lib.
416 5244 507 5294 VI,
542 5246 595 5286 c.
632 5231 719 5285 i0.

262 5340 378 5483 (89)
418 5344 631 5413 κωφοῦ
660 5362 721 5399 τε
751 5344 886 5408 Evr.
928 5333 1065 5400 Vide
1090 5361 1256 5417 supra
1293 5360 1342 5400 c.
1380 5345 1465 5402 14.

287 5412 380 5483 90)
435 5415 527 5480 Ὡς
554 5415 703 5482 πρὸς
730 5416 906 5482 ὕδωρ.
950 5413 1043 5469 Sic
1094 5432 1161 5471 ex
1214 5432 1316 5469 ms.
1346 5423 1401 5471 et
1432 5415 1768 5472 Philostrato

1945 5345 2058 5417 (93)
2102 5346 2559 5413 Ἀπολυόμενος.
2604 5339 2697 5396 Sic
2747 5339 3052 5395 rescribere
3087 5352 3198 5393 non
3234 5334 3452 5389 dubita-

1933 5458 1947 5480 ,
1967 5433 2067 5483 pro
2096 5415 2486 5483 ἀπολυόμενον,
2505 5412 2654 5483 quod
2685 5413 2739 5466 in
2762 5410 2928 5483 editis
2958 5417 3095 5464 erat.
3229 5476 3240 5483 _
3311 5475 3322 5483 _

287 5410 407 5486 90),
435 5410 527 5480 Ὡςῖ
554 5415 703 5482 πρὸς
730 5416 906 5482 ὕδωρ.
950 5413 1062 5486 Sic,
1094 5410 1176 5471 εί
1214 5432 1316 5469 ms.
1346 5423 1401 5471 et
1432 5415 1768 5472 Philostrato

1571 5423 1768 5472 )strato
1870 5410 2067 5486 vi,‘pro
2096 5410 2486 5486 ἀπολυόμενον,
2505 5412 2654 5486 quod
2685 5413 2739 5466 in
2762 5410 2928 5486 editis
2958 5417 3094 5464 erat.

194 5475 411 5557 restitui
451 5504 463 5539 :
498 5475 656 5540 antea
674 5475 1007 5557 :_legebatur,
1030 5485 1219 5557 ὥσπερ
1268 5485 1412 5557 ὕδωρ
1443 5487 1542 5557 τὴν
1574 5487 1717 5540 amem

1936 5475 2056 5557 ’(94)
2110 5475 2538 5557 Ἁπιστεῗσθαιξ
2570 5480 2642 5557 l_t_a
2672 5497 2739 5557 ex_
2762 5480 3093 5557 Philostrato
3114 5475 3325 5557 restitui
3350 5485 3449 5545 pro

188 5551 320 5619 γίαν
350 5557 635 5625 ἀφήσοντι.
671 5549 947 5625 Hoisfrsu.
1187 5549 1199 5557 ’
1380 5549 1391 5557 ’
1499 5549 1510 5557 ’

1926 5549 2098 5624 τιστά,
2124 5555 2281 5625 quod
2310 5562 2427 5609 erat
2466 5556 2529 5625 in
2574 5550 2800 5625 Eusebii
2828 5550 3025 5625 editis;
3056 5549 3449 5625 rationem‘cur

265 5616 763 5698 (9!)'}5\pﬁqmc.
805 5624 1062 5698 Philostr.
1095 5624 1259 5698 habet
1288 5625 1654 5698 ἀφηγήσαντι.
1749 5696 1759 5698 _

1931 5616 2109 5683 iorem
2144 5616 2434 5697 praeferam
2465 5621 2752 5679 lectionem
2786 5620 3000 5676 reddidi
3048 5616 3454 5682 ad'Philostran

264 5694 383 5777 (92)
427 5696 519 5777 ᾌ,
550 5696 630 5763 ὡς
662 5696 863 5777 ποῆλὰ
891 5696 1010 5777 καί,
1037 5703 1146 5751 etc.
1170 5694 1579 5753 Distinctionem
1608 5696 1764 5767 posui

1241 5694 1579 5753 stinctionem
1608 5696 1764 5767 posui
1872 5694 2011 5754 tum.
2150 5694 2167 5697 “
2758 5720 2764 5726 -

192 5772 321 5834 post
352 5766 407 5832 ἆ,
446 5766 564 5822 sine
592 5780 699 5832 qua
736 5766 1026 5828 obscurior
1065 5781 1279 5823 sensus.
