3846 6220
397 257 507 316 855

1008 254 1283 312 EUSEBII
1323 250 1811 311 CJESABIENSIS
1841 252 1995 310 OPP.
2032 253 2215 310 PARS
2255 252 2317 308 II.
2357 282 2428 295 —
2462 249 2963 309 APOLOGETICA.

3573 247 3680 303 856

394 378 494 434 des
514 372 682 432 etiam
712 371 756 405 ι’
791 376 1097 444 spontaneo
1139 378 1291 425 motu
1353 368 1703 435 incedentes,
1753 369 1987 440 meique

2104 366 2422 439 θεράποντες
2450 366 2879 438 διακονούμενοι,
2911 364 3148 419 πίθοι’τε
3177 363 3400 434 ὄμϐρων
3426 361 3524 415 καὶ
3552 362 3683 415 ἀνέ-

392 468 538 526 seni
571 463 1046 524 discumbentibus
1085 461 1462 518 ministnantes
1484 501 1502 525 ,
1556 461 1816 518 imbrium
1847 462 1979 516 item

393 560 542 617 dolia
572 558 619 591 “
650 573 716 614 ac
740 566 1050 619 ventorum,
1088 562 1143 611 et
1177 554 1541 610 sandaracina
1569 569 1732 626 aqua,
1761 562 1816 610 et
1858 569 1980 625 qua!

394 652 497 707 alia
533 655 992 721 repraesentantur
1022 645 1092 700 ab
1115 645 1208 709 iis,
1241 660 1382 716 quos
1432 644 1567 701 deos
1611 655 1695 702 est
1742 644 1981 700 arbitra-

393 750 484 798 tus
515 742 581 804 ",
606 749 661 796 et
696 754 835 809 quos
875 754 947 794 ne
993 744 1357 809 praeceptores
1400 736 1621 808 quidem
1681 752 1982 809 agnoscere

392 840 478 889 est
509 831 836 902 dedignatus
860 871 876 895 ,
923 830 979 884 in
1017 843 1179 899 quem
1207 829 1384 911 alium
1438 836 1751 900 competere
1790 836 1984 900 putes,

391 924 501 980 nisi
531 923 588 977 in
620 936 718 977 eos
748 920 842 993 qui
882 938 901 972 ι
931 934 1054 990 quae
1072 934 1184 973 non
1223 926 1352 974 sunt
1388 918 1433 949 “
1459 958 1481 983 ι
1523 926 1583 972 ut
1613 933 1737 974 esse
1763 919 1988 974 videan-

392 1020 504 1077 tur,
529 1023 583 1069 et
615 1029 737 1084 qua:
758 1021 905 1077 sunt,
937 1017 997 1065 ut
1028 1010 1315 1067 videantur
1344 1024 1455 1065 non
1484 1025 1627 1076 esse,
1660 1008 1943 1067 efﬁciunt?
1966 1028 1985 1063 ι

391 1121 530 1178 quos
568 1105 685 1176 ipse
716 1118 908 1175 magos
955 1102 1234 1173 appellans
1259 1142 1275 1166 ,
1327 1102 1531 1171 spuria:
1561 1102 1846 1171 sapientiae
1875 1101 1986 1156 cul-

391 1209 539 1258 tores
561 1214 684 1255 esse
708 1198 1073 1255 demonstrat.
1102 1194 1242 1251 Num
1276 1195 1446 1267 igitur
1479 1196 1603 1250 istis
1642 1197 1983 1266 argumentis

391 1294 609 1350 divinus
635 1291 747 1356 hic,
778 1291 1042 1358 omnique
1071 1290 1275 1344 virtute
1304 1288 1584 1351 excultus,
1609 1288 1852 1358 ipsisque
1875 1288 1982 1342 diis

391 1384 762 1457 gratissimus,
796 1381 1080 1453 sapientiae
1116 1388 1418 1437 coronatus
1461 1380 1684 1444 bravio,
1743 1382 1864 1451 ipso
1907 1380 1986 1435 di-

2091 477 2228 531 μων,
2260 461 2355 514 καὶ
2388 461 2778 532 σανδαράκινον
2804 459 2968 531 ὕδωρ.
2994 457 3089 512 καὶ
3115 458 3216 511 ὅσα
3240 456 3376 511 ἀλλα
3399 454 3677 524 εἰσῆκται,

2087 553 2217 622 παρ’
2249 546 2331 615 οἷς
2361 552 2550 622 ἡγεῖτο
2580 550 2742 614 θεοῖς,
2763 548 2857 613 οὓς
2889 549 2984 602 καὶ
3004 549 3104 602 οὐκ
3131 546 3295 601 ὤκνει
3319 545 3680 608 διδασκάλους

2088 642 2512 715 ἐπιγράφεσθαι,
2548 642 2691 706 τίνος
2721 641 2789 696 ἂν
2816 639 2923 696 εἶεν
2947 639 3328 712 παραστατικά
3358 639 3391 709 ἢ
3416 639 3528 691 τῶν
3565 657 3587 688 ι
3610 636 3678 689 τά

2088 738 2189 790 ούκ
2231 737 2363 790 ὅντα
2412 731 2571 801 εἶναι,
2607 735 2704 790 καὶ
2733 735 2802 789 τὰ
2832 735 2963 789 ὅντα
2990 734 3195 789 ἄπιστα
3223 753 3241 785 ι
3281 730 3681 803 παραδεικνύν-

2088 846 2198 883 των
2217 846 2232 894 ;
2258 827 2353 893 οὓς
2371 828 2534 893 αὐτὸς
2557 829 2761 899 γόητας
2785 825 3087 898 ὀνομάζων,
3108 825 3473 896 ψευδοσόφους
3501 823 3680 893 ὑπάρ-

2088 941 2205 994 χειν
2244 922 2795 993 ἁποφαίνεται.Ἤτοι
2826 916 2920 974 οὖν
2948 918 3041 972 ἐπὶ
3080 917 3291 980 τούτοις
3319 919 3349 970 ὁ
3380 915 3547 979 θεῖος,
3585 915 3679 968 καὶ

2089 1016 2365 1088 ἐνάρετος,
2401 1017 2495 1070 καὶ
2525 1014 2669 1079 θεοῖς
2710 1012 3127 1085 κεχαρισμένος,
3159 1011 3221 1064 τὸ
3256 1009 3451 1078 σοφίας
3479 1009 3679 1079 ἀναδη-

2090 1111 2324 1180 σάμενος
2376 1108 2650 1182 βραϐεῖον,
2684 1105 2849 1161 αὐτοῦ
2895 1104 3213 1175 Πυθαγόρου
3263 1102 3358 1155 καὶ
3406 1099 3519 1154 τῶν
3562 1101 3679 1153 ὅσοι

2093 1203 2208 1273 μετ’
2232 1205 2439 1255 ἐκεῖνον
2469 1202 2742 1273 θειότερος
2774 1197 2990 1270 ἀληθῶς
3021 1197 3116 1250 καὶ
3141 1194 3337 1268 μακρῷ
3361 1194 3682 1264 εὐδαιμονέ-

2090 1310 2281 1365 στερος
2300 1294 2515 1365 κριθείη
2535 1292 2601 1364 ’ἢ
2633 1289 2889 1361 ἔμπαλιν,
2918 1288 3280 1359 ψευδοσοφίας
3302 1286 3485 1350 ἁλοὺς,
3503 1300 3679 1339 κακο-

2091 1384 2361 1457 δαιμόνων
2397 1386 2505 1457 (95)
2538 1383 2822 1438 ἀποίσεται
2853 1380 2924 1435 τὰ
2950 1383 3212 1453 πρωτεῖα.

393 1479 570 1538 vinior
615 1475 922 1549 Pythagora
980 1473 1210 1544 ejusque
1275 1472 1601 1544 discipulis,
1656 1473 1976 1543 beatiorque
2010 1477 2321 1534 censendus
2357 1478 2495 1535 erit?
2532 1491 2602 1531 an
2655 1483 2850 1530 contra
2897 1475 3098 1544 spuriae
3135 1473 3416 1543 sapientiae
3444 1469 3683 1524 damna.

391 1588 478 1635 tus
498 1616 513 1643 ,
549 1575 691 1631 inter
715 1571 1125 1629 infelicissimos
1155 1570 1363 1639 primas
1398 1568 1536 1626 feret
1575 1570 1800 1641 potita?

955 1682 1187 1741 CAPUT
1228 1682 1416 1737 XLIII.

461 1781 701 1837 Rursum
732 1781 789 1834 in
816 1777 1153 1848 apologetico
1178 1775 1272 1830 illo
1302 1776 1512 1845 scripto
1549 1790 1609 1829 se
1643 1773 1699 1830 in
1741 1774 1890 1830 lonia
1917 1775 1986 1830 de

393 1872 630 1929 fatorum
650 1872 704 1926 vi
737 1870 814 1925 ait
834 1868 1149 1939 disputasse
1165 1867 1259 1929 ²⁰⁶,
1281 1864 1419 1921 adeo
1442 1867 1642 1920 mutari
1663 1881 1775 1921 non
1800 1882 1982 1937 posse,

393 1979 515 2035 qua:
541 1969 735 2019 texunt
790 1961 930 2026 ista,
962 1959 1282 2024 docentem,
1315 1963 1398 2021 ut,
1433 1957 1479 2011 si
1513 1957 1804 2027 imperium
1856 1957 1986 2013 huic

393 2054 714 2117 decernant,
739 2050 885 2122 quod
905 2051 960 2105 in
987 2050 1219 2103 alterius
1243 2061 1392 2102 nunc
1417 2046 1637 2117 quidem
1662 2048 1985 2118 sitpotcsta.

392 2154 471 2212 te,
500 2160 662 2200 nemo
687 2144 842 2198 illum
874 2142 1192 2198 interimere
1215 2141 1409 2211 possit,
1436 2154 1505 2195 ne
1530 2140 1600 2195 ab
1628 2139 1724 2195 illo
1747 2141 1852 2196 sibi
1883 2140 1987 2194 im-

394 2237 608 2308 perium
652 2234 953 2306 eripiatur:
985 2234 1099 2289 imo
1158 2235 1203 2288 si
1252 2233 1336 2287 vel
1383 2233 1745 2301 interemptus
1794 2232 1982 2295 fuerit,

394 2328 737 2385 revicturum
764 2334 947 2381 tamen
980 2340 1141 2390 eum,
1178 2333 1238 2379 ut
1276 2322 1405 2379 fatis
1442 2322 1664 2378 decreta
1707 2324 1983 2379 eveniant.

396 2418 611 2485 Quibus
656 2415 944 2486 sequentia
980 2416 1118 2486 ipsis
1150 2414 1348 2469 iisdem
1390 2412 1616 2484 syllabis
1644 2411 1928 2482 subiungit
1962 2431 1977 2468 :

402 2528 422 2563 ι
450 2509 772 2580 Cuicunque
800 2507 910 2563 fato
942 2507 1223 2564 decretum
1256 2505 1420 2560 fuerit
1446 2505 1713 2576 lignarius
1732 2513 1794 2559 ut
1824 2502 1989 2575 539

396 2601 492 2662 sit,
525 2599 574 2654 is
604 2598 858 2653 manibus
888 2604 1179 2653 truncetur
1215 2596 1384 2661 licet,
1435 2596 1490 2650 in
1530 2595 1822 2665 lignarium
1858 2611 1987 2652 eva.

396 2689 511 2748 det.
548 2688 614 2743 Et
644 2690 733 2744 cui
765 2704 935 2745 cursu
966 2689 1187 2745 vincere
1232 2688 1288 2742 in
1323 2685 1571 2758 Olympia
1623 2685 1987 2758 [destinatum

397 2779 537 2852 est.]
569 2782 658 2836 hic
683 2821 699 2846 ,
746 2797 816 2837 ne
843 2782 1091 2837 abscisso
1127 2783 1350 2853 quidem
1395 2783 1443 2839 si
1478 2783 1749 2837 claudicet
1786 2796 1985 2848 crure,

398 2875 627 2931 victoria
650 2873 1019 2931 fraudabitur.
1054 2874 1122 2928 Et
1149 2876 1240 2930 cui
1266 2882 1329 2930 ut
1356 2874 1652 2946 sagittandi
1672 2875 1851 2930 valeat
1870 2881 1987 2929 arte

399 2963 584 3020 Parcae
606 2964 986 3030 decreverint,
1028 2966 1119 3020 hic
1160 2966 1245 3021 vel
1270 2974 1464 3035 captus
1501 2965 1679 3021 oculis
1723 2965 1920 3036 sagitta
1952 2980 1986 3021 a

2592 1680 2992 1736 ΚΕΦΔΛΑῙΟΝ
3030 1678 3160 1732 M1".

2124 1774 2329 1829 ’Πάλιν
2354 1772 2411 1827 δὲ
2438 1773 2503 1844 τῇ
2534 1773 2721 1844 γραφῇ
2764 1771 2893 1842 περὶ
2929 1768 3133 1843 μοιρῶν
3166 1766 3347 1839 ἰσχύος
3379 1768 3683 1840 φιλοσοφῆ-

2087 1885 2179 1921 σαι
2212 1866 2376 1920 αύτὸν
2406 1866 2462 1918 ἐν
2503 1862 2679 1935 Ἰωνίᾳ
2708 1862 2863 1933 φησὶ,
2885 1861 3205 1915 διδάσκοντα
3231 1859 3404 1923 οὕτως
3432 1861 3685 1932 ἄτρεπτα

2086 1957 2245 2024 εἶναι,
2276 1959 2313 2013 ἃ
2345 1957 2667 2020 κλώθουσιν,
2692 1955 2788 2020 ὡς,
2822 1957 2871 2008 εί
2914 1955 3008 2007 καὶ
3051 1953 3325 2025 βασιλείαν
3360 1951 3538 2024 τούτῳ
3561 1953 3683 2024 (96)

2084 2051 2437 2123 ψηφίσαιντο,
2469 2050 2639 2121 ἑτέρῳ
2666 2047 2767 2119 ἤδη
2809 2045 3297 2119 ὑπάρχουσαν,ούκ
3329 2044 3396 2098 ἂν
3422 2046 3686 2099 ἀποκτεί-

2085 2147 2196 2200 νειέ
2224 2163 2310 2210 τις
2333 2143 2543 2206 τοῦτον,
2575 2142 2652 2206 ὡς
2685 2140 2759 2212 μὴ
2789 2139 3114 2209 ἀφαιρεθείη
3144 2138 3273 2192 ποτὲ
3301 2138 3393 2191 ὑπ’
3428 2137 3686 2192 αὐτοῦτὸ

2086 2237 2275 2309 ἄρχειν
2294 2253 2310 2269 ο
2341 2234 2479 2289 ἀλλὰ
2510 2232 2606 2288 καὶ
2640 2231 2937 2286 ἀναϐιῶναι
2966 2227 3255 2285 ἀποθανὼν
3286 2230 3429 2301 ὑπὲρ
3448 2229 3559 2283 τῶν
3598 2229 3686 2283 δο-

2088 2328 2295 2395 ξάντων
2341 2330 2463 2391 ταῖς
2522 2326 2760 2398 μοίραις.
2814 2324 2925 2378 Kal
2966 2322 3178 2386 τούτοις
3209 2322 3453 2391 ἐπιλέγει
3490 2323 3684 2387 αὐταῖς

2088 2419 2407 2483 συλλαϐαῖς·
2464 2437 2483 2469 ι
2511 2418 2661 2488 Ὅτῳ
2705 2416 2992 2486 πέπρωται
3032 2413 3288 2483 γενέσθαι
3339 2414 3642 2484 τεκτονικῷ
3666 2454 3683 2479 ,

2085 2506 2242 2577 οὗτος
2285 2511 2389 2566 κᾶν
2439 2510 2690 2580 ἀποκοπῇ
2721 2507 2799 2562 τὼ
2827 2510 2998 2579 χεῖρε,
3021 2507 3335 2570 τεκτονικὸς
3360 2505 3535 2559 ἔσται.
3570 2507 3687 2559 Καὶ

2088 2606 2194 2676 ’(τῳ
2235 2604 2392 2675 νίκην
2444 2604 2502 2654 ἐν
2541 2599 2815 2671 Ὀλυμπίᾳ
2858 2599 3061 2671 δρόμου
3113 2598 3370 2670 ἄρασθαι,
3405 2591 3563 2662 οὗτος
3611 2599 3682 2662 δ’,

2086 2696 2194 2751 οὐδ’
2221 2697 2269 2749 εἱ
2310 2714 2385 2767 πη
2397 2694 2594 2767 ρωθείη
2624 2693 2685 2746 τὸ
2715 2690 2925 2753 σκέλος,
2956 2692 3332 2763 ἁμαρτήσεται
3363 2691 3464 2760 τῆς
3498 2691 3680 2761 νίκης.

2087 2791 2199 2845 Kal
2246 2792 2353 2861 ὅτῳ
2397 2788 2622 2841 ἓνευσαν
2653 2788 2838 2857 μοῖραι
2864 2785 2927 2838 τὸ
2949 2785 3005 2837 ἐν
3027 2783 3215 2855 τοξικῇ
3249 2783 3473 2854 κράτος,
3503 2778 3682 2846 οὗτος,

2086 2883 2195 2938 οὐδ’
2224 2884 2273 2936 εί
2305 2880 2567 2935 ἀποϐάλοι
2601 2878 2712 2951 (97)
2744 2881 2843 2941 τὰς
2865 2877 3036 2946 ὄψεις,
3064 2878 3380 2929 ἐκπεσεῖται
3406 2875 3504 2928 τοῦ
3550 2891 3683 2928 axo-

2087 2976 2190 3030 ποῦ
2221 2974 2354 3046 (98).
2389 2993 2407 3025 ι
2442 2972 2683 3037 Τούτοις,
2709 2970 2799 3024 τὸν
2843 2969 3077 3040 ἄρχοντα
3117 2966 3448 3031 κολακεύων,
3492 2967 3687 3035 ἐπιφά-

401 3070 570 3127 scopo
599 3070 712 3110 non
749 3056 1046 3111 aberrabit.
1078 3076 1096 3109 ι
1138 3055 1234 3110 His
1263 3071 1419 3121 vero,
1453 3056 1776 3114 adulaturus
1810 3057 1983 3128 impe-

2104 3084 2174 3119 οει
2221 3066 2426 3134 λέγων’
2470 3082 2488 3115 ι
2523 3062 2604 3116 Τὰ
2644 3061 2701 3115 δὲ
2748 3060 2856 3115 τῶν
2891 3059 3154 3129 βασιλέων
3208 3059 3415 3127 ἔλεγον,
3451 3060 3511 3122 ἐς
3554 3060 3685 3122 τοὺς

400 3147 594 3211 ratori,
629 3147 907 3203 subnectit
932 3154 988 3202 et
1018 3147 1166 3203 ista:
1205 3166 1224 3199 ι
1268 3146 1478 3219 Regum
1505 3156 1692 3203 autem
1736 3150 1986 3221 exemplo

401 3253 537 3294 usus
561 3253 705 3305 sum,
735 3238 805 3292 ad
835 3238 1085 3294 Acrisios
1131 3240 1435 3310 respiciens
1461 3249 1516 3296 et
1553 3240 1715 3296 Laios
1736 3281 1751 3306 ,
1789 3240 1990 3312 Astya-

402 3345 633 3401 gemque
660 3329 896 3394 Medum,
923 3338 977 3385 et
1003 3332 1314 3400 complures
1330 3332 1491 3393 alios,
1510 3332 1605 3401 qui
1631 3332 1770 3387 bene
1797 3333 1900 3388 sibi
1932 3333 1988 3388 in

401 3421 721 3491 hujusmodi
751 3422 917 3477 rebus
940 3422 1286 3478 consuluisse
1315 3422 1421 3479 sibi
1450 3423 1799 3479 videbantur.
1833 3423 1987 3489 Quo-

401 3529 528 3570 rum
555 3514 647 3569 alii
683 3512 849 3578 ﬁlios,
885 3521 1113 3583 nepotes
1142 3514 1235 3568 alii
1277 3529 1309 3569 e
1352 3514 1533 3570 medio
1572 3516 1824 3571 sublatos
1864 3529 1988 3570 esse

402 3613 682 3677 putantes,
711 3605 782 3662 ab
821 3605 1015 3661 iisdem
1060 3605 1170 3662 illis
1198 3606 1418 3675 spoliati
1447 3615 1577 3663 sunt
1617 3608 1869 3678 imperio,
1900 3623 1989 3662 re-

403 3697 802 3755 viviscentibus
831 3697 1012 3767 quasi,
1039 3703 1100 3751 ut
1130 3696 1183 3751 in
1207 3696 1359 3768 ipsos
1398 3698 1693 3765 insilirent,
1724 3699 1989 3768 adjuvan-

404 3787 551 3844 tibus
576 3786 725 3844 fatis.
769 3786 928 3854 Quod
962 3787 1012 3842 si
1045 3787 1305 3842 adulandi
1335 3788 1516 3843 studio
1542 3797 1778 3853 tenerer,
1802 3789 1990 3845 dicere

408 3893 628 3951 possem
650 3882 814 3936 etiam
850 3888 974 3937 tuas
1000 3881 1185 3937 animo
1228 3896 1351 3937 meo
1376 3897 1465 3936 res
1488 3896 1611 3937 esse
1643 3882 1985 3947 obversatas,

406 3970 671 4042 quandoa
691 3970 910 4028 Vitellio
927 3973 1287 4038 obsidebaris,
1308 3974 1680 4044 templumque
1713 3972 1864 4031 Iovis
1888 3991 1990 4046 op-

407 4064 529 4119 timi
556 4063 961 4120 accendebatur
989 4064 1044 4119 in
1074 4080 1290 4120 summo
1304 4065 1461 4121 urbis
1486 4066 1710 4120 vertice.
1744 4064 1838 4123 Ille
1859 4082 1991 4123 vero

407 4155 551 4212 bene
572 4171 633 4212 se
659 4171 750 4212 res
780 4171 913 4212 suas
962 4156 1247 4213 habituras
1289 4158 1547 4228 putabat,
1579 4158 1744 4213 modo
1772 4165 1832 4213 tu
1868 4160 1991 4229 ejus

409 4264 481 4305 ne
509 4247 769 4305 evaderes
800 4264 1018 4305 manus.
1075 4249 1252 4322 Atque
1284 4250 1607 4307 adolescens
1655 4261 1787 4307 tunc
1829 4253 1992 4322 plane

409 4355 570 4405 eras,
600 4356 779 4412 neque
826 4342 956 4397 dum
997 4341 1177 4413 qualis
1233 4359 1381 4399 nunc
1432 4358 1513 4399 es.
1561 4342 1986 4412 Verumtamen,

2103 3158 2408 3228 Ἀκρισίους
2448 3155 2619 3226 δήπου
2663 3153 2827 3224 ὁρῶν,
2863 3152 3105 3213 καὶτοὺς
3133 3151 3354 3214 Λαΐους,
3373 3149 3686 3220 Ἀστυάγην

2087 3267 2150 3303 τε
2177 3250 2267 3302 τὸν
2305 3247 2511 3317 Μῆδον,
2550 3246 2646 3299 καὶ
2680 3244 2909 3307 πολλοὺς
2942 3243 3134 3307 ἄλλους
3168 3242 3301 3313 (99),
3343 3237 3403 3295 εὖ
3434 3240 3685 3294 τίθεσθαι

2088 3343 2155 3396 τὰ
2187 3341 2411 3394 τοιαῦτα
2438 3338 2696 3406 δόξαντας
2727 3337 2802 3409 (ι)
2821 3355 2835 3368 ’
2868 3332 2943 3390 ὧν
2973 3337 3021 3389 οί
3053 3337 3151 3405 μὲν
3182 3335 3395 3399 παῖδας,
3425 3337 3475 3387 οἱ
3507 3333 3566 3387 δὲ
3593 3335 3685 3402 ἐγ-

2088 3434 2281 3503 γόνους
2332 3430 2673 3485 ἀποκτείνειν
2727 3428 3023 3498 οἰηθέντες,
3055 3426 3413 3498 ἀφῃρέθησαν
3460 3425 3686 3478 ὑπἀὐ-

2088 3524 2196 3578 τῶν
2225 3523 2286 3576 τὸ
2320 3520 2642 3593 βασιλεύειν,
2674 3520 2989 3589 ἀναφύντων
3012 3520 3097 3571 ἐπ’
3130 3517 3326 3579 αὐτοὺς
3350 3515 3410 3579 ἐξ
3443 3513 3688 3584 ἀφανοῦς

2090 3616 2188 3668 σὺν
2219 3612 2295 3683 τῷ
2329 3612 2700 3683 πεπρωμένῳ.
2730 3610 2841 3663 Καὶ
2876 3611 2924 3662 εξ
2960 3608 3060 3679 μὲν
3082 3607 3316 3676 ἠγάπων
3355 3604 3684 3658 κολακευτι-

2090 3704 2191 3777 κὴν
2220 3702 2317 3775 (2),
2344 3700 2496 3757 εἷπον
2542 3702 2607 3756 ἂν
2640 3701 2737 3759 καὶ
2787 3700 2856 3754 τὰ
2906 3700 2974 3754 σὰ
3014 3699 3089 3770 (5)
3137 3696 3562 3768 ἐντεθυμῆσθαι,
3596 3698 3689 3753 ὅτε

2090 3796 2360 3866 ἀπείληψο
2396 3795 2494 3866 μὲν
2530 3794 2635 3848 ὑπὸ
2674 3792 2948 3846 Βιτελλίου
2986 3791 3084 3862 (4),
3114 3790 3543 3861 κατεπίμπρατο
3574 3790 3632 3846 δὲ
3657 3791 3690 3844 ὀ

2090 3889 2224 3953 νεὼς
2252 3890 2343 3943 τοῦ
2371 3889 2491 3953 Διὸς
2517 3887 2645 3960 περὶ
2674 3886 2774 3952 τὰς
2798 3886 2969 3957 ὀφρῦς
2991 3885 3086 3938 τοῦ
3111 3883 3449 3947 ἄστεος.’οδ“
3479 3879 3541 3937 εὖ
3568 3883 3687 3937 κεί-

2093 3976 2280 4030 σεσθαι
2324 3976 2393 4029 τὰ
2446 3976 2640 4029 ἑαυτοῦ
2684 3975 2941 4044 ἔφασκεν,
2971 3975 3019 4027 εἰ
3066 3972 3140 4044 μὴ
3178 3972 3467 4041 διαφύγοις
3497 3973 3684 4027 αὐτόν.

2091 4067 2285 4120 Καίτοι
2317 4066 2598 4138 μειράκιον
2635 4065 2835 4127 ἱκανῶς
2856 4060 3021 4135 ἦσθα,
3050 4065 3145 4117 καὶ
3171 4062 3325 4116 οὔπω
3348 4057 3523 4127 οὗτος.
3546 4063 3687 4117 Ἀλλ’

2092 4162 2240 4233 ὅμως
2272 4163 2364 4215 ἐπὶ
2393 4162 2607 4234 μοίραις
2631 4160 2805 4214 ἐδόκει
2835 4160 3019 4232 ἐτερα-
3045 4162 3074 4213 ό
3099 4160 3196 4231 μὲν
3222 4159 3474 4213 ἀπώλετο
3494 4161 3689 4225 αὐταῖς

2095 4254 2332 4325 βουλαῖς,
2366 4254 2429 4307 σὺ
2463 4253 2519 4306 δὲ
2550 4251 2620 4305 τὰ
2647 4251 2856 4305 ἐκείνου
2884 4251 2979 4304 νῦν
2999 4250 3159 4321 ἔχεις.
3179 4251 3334 4305 Ἐπεὶ
3366 4251 3425 4304 δὲ
3450 4253 3688 4324 ἁρμονία

2094 4345 2452 4414 κολακευτικῇ
2489 4341 2723 4413 ἄχθομαι
2766 4341 2948 4411 (δοκεῖ
2987 4340 3096 4412 γάρ
3128 4358 3217 4411 μοι
3248 4340 3358 4395 τῶν
3386 4342 3688 4413 ἐκρύθμων

411 4432 537 4502 quia
568 4430 757 4487 Parcis
809 4434 970 4489 aliter
1020 4441 1106 4488 est
1153 4435 1373 4499 visum,
1424 4435 1675 4493 Vitellius
1729 4438 1987 4508 quidem,

2104 4454 2155 4490 τε
2190 4436 2283 4489 καὶ
2315 4437 2415 4488 οὐκ
2450 4434 2765 4503 εὐφθόγγων
2784 4434 2859 4505 (5)
2889 4430 3071 4506 εἶναι),
3089 4432 3382 4503 τετμήσθω
3411 4450 3506 4504 μοι
3534 4434 3685 4506 ῆδεή

484 4646 525 4676 ¹⁷
567 4645 1017 4726 lib._ul,_c.__?7.
1096 4647 1142 4679 ¹⁸
1180 4647 1405 4726 lib._m,
1441 4667 1491 4706 c.
1533 4652 1620 4718 ιι.
1700 4656 1742 4688 ⁸⁸
1780 4656 1875 4712 lib.
1914 4676 1969 4714 vr

2135 4661 2191 4714 ll
2227 4676 2243 4726 ;
2274 4667 2328 4715 et
2359 4660 2453 4714 lib.
2488 4674 2565 4714 νη
2599 4675 2650 4714 c.
2685 4659 2754 4714 52
2818 4656 2965 4715 conf.
3016 4667 3071 4714 et
3125 4674 3172 4715 ε.
3209 4675 3262 4714 c.
3299 4659 3392 4715 5i.

409 4729 538 4784 νιιι,
570 4732 620 4772 c.
658 4717 711 4771 7.
785 4717 855 4750 '°'
891 4716 988 4773 lib.
1021 4734 1156 4783 vm,
1192 4733 1245 4773 c.
1283 4718 1333 4773 7.

483 4896 595 4970 (95)
634 4898 1113 4969 Κακοδαιμόνων.
1142 4898 1387 4968 Infelices
1407 4898 1639 4953 Romani
1663 4913 1882 4970 quoque
1907 4914 1991 4954 so-

410 4970 526 5025 lent
548 4984 748 5025 vocare
767 4985 884 5041 eos.
903 4971 1103 5041 quibus
1125 4986 1283 5024 mens
1305 4978 1390 5024 est
1435 4971 1601 5041 laeva;
1625 4969 1993 5041 κακοδαίμονα

411 5046 595 5095 autem
638 5048 693 5093 et
742 5038 1033 5112 εὐδαίμονα
1066 5039 1443 5112 ϐταεοὶεεξεε,
1476 5039 1679 5109 quibus
1726 5038 1994 5112 benehvel

414 5125 574 5234 sectas
591 5109 908 5232 ιοοιιειὶιιιιιι
923 5124 1079 5166 mens
1099 5119 1205 5176 est,
1238 5110 1304 5165 ad
1325 5109 1715 5166 Philostratum
1744 5109 1993 5179 pluribus

414 5194 513 5234 ι)το
557 5195 584 5233 a
616 5195 729 5233 um.

452 5187 729 5233 robatum.

414 5196 971 5322 Irﬁgf'g‘émmr
996 5252 1205 5322 τούτῳ.
1244 5251 1390 5322 Ante
1419 5251 1683 5321 scriptum
1708 5256 1825 5305 erat
1845 5249 1996 5320 βασι-

411 5319 586 5381 λείαςζ
621 5319 892 5391 Eusebius
922 5321 1084 5391 habet
1115 5320 1389 5391 βασιλείαν
1422 5338 1520 5391 τῳ.

488 5391 597 5461 (97)
650 5390 981 5446 Ἀποσάλοι.
1021 5390 1214 5447 Verior
1241 5392 1388 5446 haud
1411 5390 1578 5445 dubie
1621 5390 1805 5454 lectio,
1830 5405 1995 5461 quam

413 5469 468 5513 et
512 5458 772 5515 Philostr.
806 5463 1075 5526 agnoscit,
1108 5470 1163 5518 et
1211 5477 1316 5517 ms.
1352 5462 1577 5517 Morello
1624 5460 1823 5515 visum.
1848 5458 1996 5523 Editi

414 5529 689 5585 habebant
713 5529 1024 5586 ἀποϐάλλει.

488 5600 601 5658 (98)
643 5600 901 5655 Σκοποῦ.
945 5602 1020 5655 Ita
1052 5599 1310 5655 Philostr.
1344 5599 1815 5667 Ειιίιί,εὐσκόπου.

488 5670 598 5738 (99)
643 5672 916 5736 Ἄλλους.
959 5671 1507 5741 ΡΙιίΙοειι-.,ἐτέρους,
1550 5686 1712 5739 quam
1748 5675 1804 5728 in
1846 5687 1991 5728 marv

417 5739 541 5814 giae
566 5742 852 5803 lectionem
889 5743 1221 5816 ascripserat
1250 5739 1469 5818 quoque
1507 5741 1714 5804 Morell.

3500 4659 3548 4692 ²⁶
3590 4659 3683 4716 lib.

2171 4902 2248 4972 (l)
2296 4904 2374 4958 Τὰ
2397 4905 2641 4960 τοιαῦτα
2670 4905 2800 4971 δόξ.
2842 4904 3128 4972 Philostr.,
3151 4908 3220 4961 τὰ
3247 4908 3431 4961 αὐτῶν
3456 4910 3685 4963 τοιαῦτα

2099 4975 2157 5028 ἐν
2178 4976 2318 5046 ἀρχῇ
2342 4973 2614 5039 δόξαντας.

2171 5043 2394 5119 (ἑλᾘαὶ
2444 5048 2496 5100 εὶ
2540 5047 2659 5119 μὲιζ
2704 5045 2951 5119 ἠγάπων
3003 5047 3468 5118 κολακευτικὴν.
3524 5048 3681 5119 Apud

2097 5112 2392 5170 Eusebium
2427 5112 2554 5171 erat
2583 5112 2983 5182 κολακευτικόν,
3019 5120 3160 5175 male
3198 5120 3363 5174 etiam
3388 5112 3518 5188 post
3546 5112 3684 5188 ἠγά-

2099 5201 2217 5238 πων
2263 5201 2477 5260 comma
2521 5188 3184 5260 ponebatur.l)trumque
3234 5188 3497 5245 mendum
3544 5206 3681 5260 pne-

2098 5265 2262 5311 eunte
2294 5255 2629 5312 Philostrato
2662 5257 2881 5312 sustuli.

2176 5326 2250 5395 ('5)
2298 5330 2375 5381 Τὰ
2398 5325 2501 5382 σά.
2543 5327 2733 5382 Melior
2762 5327 2908 5382 haud
2936 5328 3101 5384 dubie
3126 5335 3213 5383 est
3239 5327 3409 5383 lectio
3442 5330 3581 5391 haec.
3612 5346 3676 5384 ex

2103 5393 2440 5468 Philostrato
2489 5404 2764 5461 revocata,
2798 5413 2962 5467 quam
2995 5399 3139 5468 quod
3178 5399 3235 5452 in
3263 5400 3429 5455 editis
3458 5399 3674 5457 Eusebii

2103 5474 2185 5521 est
2214 5467 2360 5533 τάδε,
2398 5469 2478 5522 sic
2510 5468 2960 5538 enimsequentia
2997 5467 3178 5538 aptius
3204 5469 3503 5525 cohaerent.

2174 5537 2250 5605 (4)
2289 5539 2626 5592 Βιτελλίου.
2670 5537 2929 5593 Philostr.
2959 5537 3110 5593 addit
3138 5539 3393 5594 ἐνταῦθα.

2171 5609 2247 5677 (5)
2288 5610 2687 5678 Εὐφθόγγωῃ
2697 5609 2869 5662 Antea
2890 5609 3177 5678 deosne».
3210 5610 3372 5672 male,
3400 5608 3661 5665 Ηοιετεκ

2097 5674 2299 5753 Nempe
2318 5674 2633 5751 εὐφθόγγων
2660 5674 2977 5735 Philostrati
3008 5674 3171 5735 etiam
3198 5679 3421 5736 codices
3454 5683 3664 5736 habent.
