3846 6220
174 272 283 330 88⁸1

1311 281 1514 338 LIBER
1552 282 1829 340 CONTRA
1868 282 2289 342 HIEROCLEM.

3346 283 3454 341 858

176 392 367 466 nupti,
394 393 490 450 καὶ
535 395 702 466 μηδὲν
729 394 867 469 ἡγοῦ
896 398 1006 453 τῶν
1041 399 1150 455 σῶν
1180 402 1578 475 ὲντεθυμῆσθαί
1612 424 1700 477 με.
1744 426 1762 459 ι

1873 407 2000 460 dum
2034 405 2137 461 ista
2166 411 2351 475 ageret
2381 402 2611 459 consilia
2636 442 2652 469 ,
2705 401 2847 457 male
2875 400 3058 473 periit,
3084 408 3144 456 tu
3165 415 3298 456 vero
3335 416 3457 462 (ιιιω

175 481 279 536 Διά
304 482 512 539 τούτων
554 486 611 541 δὲ
634 486 772 558 όμοῦ
798 488 889 542 τὸν
921 488 1088 563 ἄνδρα
1118 492 1348 558 κόλακα,
1382 496 1477 549 καὶ
1503 496 1764 567 ψεύστην,

175 574 272 628 καὶ
303 574 483 631 πάντα
513 577 713 648 μᾶλλον
738 579 770 651 ἢ
807 581 1114 652 φιλόσοφον,
1143 587 1173 639 ὁ
1209 587 1351 659 ὑπὲρ
1378 588 1477 658 τῆς
1506 589 1767 661 ἀληθείας

174 665 478 739 παρίστησι
523 668 680 739 λόγος
705 671 803 743 (6).
834 674 1085 730 Τοσαῦτα
1132 676 1243 749 γὰρ
1289 678 1552 752 πρότερον
1596 681 1767 735 εἰπὼν

173 758 321 813 κατά
349 759 443 813 τοῦ
473 762 823 832 Δομετιανοῦ,
868 767 1153 822 κολακεύει
1189 770 1283 824 νῦν
1304 773 1333 824 ὁ
1358 772 1637 840 γεννάδας,
1672 774 1767 827 xal

172 849 662 925 καθυποκρίνεται,
697 856 775 919 ὡς
822 858 978 914 οὐδέν
1017 878 1070 914 τι
1108 865 1227 916 κατ’
1256 863 1444 929 αὑτοῦ,
1482 865 1678 935 μᾶλλον
1709 865 1766 919 δὲ

173 940 323 1014 ὑπὲρ
354 943 542 1010 αὑτοῦ,
578 945 686 1000 τῶν
724 948 854 1022 περὶ
888 951 1092 1022 μοιρῶν
1124 953 1273 1025 αύτῷ
1304 955 1398 1008 καὶ
1430 955 1675 1027 ἀνάγκης
1707 961 1766 1012 ἐν

185 1034 368 1107 Ἰωνίᾳ
403 1039 798 1110 κεκινημένων.
818 1042 1075 1098 Ἀνάλαὸε
1113 1046 1255 1117 δῆτα
1293 1048 1393 1120 τὴν
1428 1048 1689 1121 ἱστορίαν,
1720 1045 1766 1105 ὧ

174 1130 538 1199 συγγραφεῦ,
587 1132 682 1185 καὶ
735 1134 838 1205 τῆς
885 1135 1141 1207 ἀληθείας
1196 1139 1461 1212 διανήψας
1515 1140 1643 1214 (7)
1697 1144 1766 1198 τὰ

174 1221 450 1293 πρότερόν
524 1239 607 1277 σοι
662 1226 942 1298 γραφέντα
1010 1227 1241 1303 λαμπρᾷ
1304 1233 1399 1285 καὶ
1483 1232 1765 1305 φιλαλήθει

171 1311 352 1368 δίελθε
409 1314 485 1387 (8)
542 1319 607 1388 τῇ
658 1321 808 1389 φωνῇ
832 1359 846 1383 ,
895 1320 1062 1392 μηδὲν
1115 1322 1606 1396 ὑποστειλάμενος·
1654 1327 1762 1392 Ὡς,

172 1410 237 1462 ὲν
304 1409 515 1480 Ἐφέσῳ
581 1411 967 1482 διατρίϐωνπι
1028 1415 1233 1488 ἀφίστη
1292 1417 1623 1489 Δομετιανοῦ
1676 1418 1767 1473 ἄν·

172 1496 312 1569 δρας
343 1498 442 1570 (9),
470 1501 566 1553 καὶ
595 1501 736 1573 ὑπὲρ
770 1502 1024 1557 ἁπάντων
1048 1505 1317 1579 ὲρρὡνυε
1349 1509 1645 1581 σωτηρίας
1669 1512 1765 1565 καὶ

170 1589 279 1653 τάς
326 1591 427 1661 μὲν
468 1592 917 1664 επιστολιμαίους
949 1596 1167 1667 ὁμιλίας
1208 1598 1320 1670 (10)
1352 1600 1454 1653 οὐκ
1498 1601 1764 1670 ἀσφαλεῖς

172 1683 365 1748 αὐτοῖς
390 1682 527 1754 ᾤετο
545 1726 561 1750 ,
596 1686 704 1739 τῶν
735 1687 793 1740 δὲ
826 1688 1059 1760 ἑταίρων
1088 1692 1215 1754 τοὺς
1251 1692 1727 1763 σωφρονεστάτους
1745 1735 1760 1759 ,

1871 499 2020 553 illius
2044 503 2200 552 erant
2228 510 2376 550 nunc
2432 494 2706 565 possides.
2760 492 2866 549 Sed
2907 495 3164 564 quoniam
3206 492 3456 547 adulato—

1870 605 1992 643 rum
2029 597 2226 643 cantus
2264 603 2351 644 me
2381 588 2630 652 offendit,
2666 585 2906 649 (videtur
2928 585 3074 643 enim
3107 585 3242 640 mihi
3274 585 3454 642 disso-

1868 695 1974 735 nus
1998 694 2124 735 esse
2152 694 2216 735 ac
2244 678 2502 750 discors.)
2540 678 2844 749 rumpenda
2881 678 3013 732 mihi
3048 678 3153 733 ista
3181 683 3266 732 est
3292 676 3455 730 chor-

1867 772 1957 827 da.
2012 770 2201 843 Neque
2244 773 2407 828 velim
2455 779 2512 827 ut
2559 772 2845 827 arbitreris
2900 772 2969 826 de
3008 770 3121 825 tuis
3153 770 3319 825 rebus
3364 783 3453 825 me

1869 862 2166 932 cogitasse.
2234 879 2255 913 ι
2310 860 2409 917 His
2465 868 2648 916 autem
2698 860 3042 930 Apollonium
3113 859 3451 913 adulatorem

1861 953 2022 1024 juxta
2073 962 2125 1008 et
2158 953 2498 1018 mendacem,
2530 960 2584 1009 et
2608 952 2825 1023 quidvis
2857 951 3039 1022 potius
3075 965 3238 1020 quam
3275 950 3453 1020 philo-

1867 1048 2124 1117 sophum,
2158 1047 2319 1101 nobis
2362 1046 2511 1102 sistit
2562 1045 2793 1101 historia
2843 1045 2983 1109 ista,
3038 1043 3286 1099 veritatis
3315 1040 3452 1096 adeo

1866 1139 2136 1196 studiosa.
2167 1139 2413 1210 Namque
2440 1139 2583 1195 idem
2604 1179 2619 1205 ,
2653 1138 2747 1210 qui
2777 1139 3015 1209 graviter
3044 1137 3180 1191 adeo
3206 1138 3360 1207 prius
3394 1137 3452 1193 in

1870 1231 2239 1288 Domitianum
2292 1232 2473 1288 fuerat
2528 1233 2813 1296 invectus,
2868 1245 3017 1285 nunc
3066 1230 3322 1285 adulatur
3367 1230 3455 1284 vir

1867 1332 2148 1388 strenuus,
2178 1326 2509 1397 simulatque
2545 1342 2609 1382 ac
2649 1327 2696 1383 si
2732 1342 2841 1381 non
2873 1334 3067 1381 contra
3114 1326 3290 1397 ipsum
3342 1324 3455 1379 ullo

1866 1419 2051 1482 modo,
2090 1418 2187 1474 sed
2213 1434 2314 1488 pro
2346 1419 2467 1490 ipso
2510 1420 2693 1490 potius
2740 1416 2974 1482 faciant,
3012 1432 3152 1489 quos
3205 1417 3263 1470 in
3301 1414 3455 1470 lonia

1864 1510 1982 1579 ipse
2026 1510 2094 1566 de
2114 1510 2242 1567 fatis
2286 1519 2450 1582 atque
2492 1513 2821 1569 necessitate
2857 1521 3101 1571 moverat
3142 1513 3452 1569 discursus.

1867 1599 2034 1656 Sume
2067 1602 2238 1673 igitur
2263 1602 2320 1657 in
2347 1618 2542 1659 manus
2572 1612 2743 1669 tuam,
2779 1620 2814 1660 o
2850 1605 3107 1675 scriptor,
3131 1604 3452 1667 historiam,

1864 1700 1920 1748 et
1975 1694 2192 1749 veritati
2235 1696 2580 1766 pervigilium
2629 1712 2817 1767 agens,
2879 1706 3038 1752 antea
3100 1696 3200 1751 tibi
3256 1695 3312 1750 in
3365 1695 3455 1749 lit-

171 1774 364 1830 ἄλλοτε
394 1776 552 1831 ἄλλον
584 1779 1007 1850 ἀπολαμϐάνων,
1043 1783 1319 1847 Διάκονον,
1348 1784 1497 1853 ἔλεγε
1524 1824 1539 1849 ,
1579 1785 1762 1838 ποιοῦ-

1873 1790 2016 1837 teras
2052 1782 2226 1835 relata
2267 1783 2415 1836 clara
2465 1799 2599 1839 voce
2648 1793 2703 1839 et
2749 1785 2998 1842 veritatis
3038 1787 3278 1841 studium
3318 1800 3457 1856 prae-

174 1869 278 1938 μαί
331 1886 391 1922 σε
424 1870 739 1943 ἀπορρήτου
785 1872 1060 1945 λαμπροῦ.
1103 1872 1327 1928 Βαδίσαι
1372 1874 1430 1928 δέ
1465 1891 1525 1928 σε
1558 1875 1664 1948 χρὴ
1703 1876 1763 1941 ὲς

185 1958 407 2032 Ῥώμην
442 1962 594 2035 παρά
630 1963 722 2017 τὸν
756 1964 932 2030 δεῖνα,
971 1966 1066 2020 καὶ
1113 1966 1457 2039 διαλεχθῆναί
1489 1970 1558 2022 oi.
1595 1988 1613 2020 ι
1651 1969 1762 2023 Kal

167 2050 446 2121 διελέγετο
478 2054 579 2124 μὲν
632 2056 775 2127 ὑπὲρ
812 2055 1018 2127 μοιρῶν
1068 2058 1164 2111 καὶ
1204 2059 1483 2128 ἀνάγκης,
1539 2060 1633 2114 καὶ
1670 2060 1762 2113 τὸν

167 2144 330 2214 λόγον
354 2145 513 2218 διῄει,
539 2147 622 2200 ὅτι
653 2148 787 2220 μηδὲ
819 2152 868 2202 οξ
899 2141 1152 2223 τύραννοι
1178 2150 1248 2204 τά
1277 2151 1482 2223 μοιρῶν
1512 2146 1616 2205 οἶοι
1647 2151 1763 2223 βιά-

169 2237 384 2302 ζεσθαι.
420 2240 530 2294 Kal
562 2240 637 2304 ὡς
672 2240 878 2313 χαλκῆς
923 2243 1130 2307 είκόνος
1174 2243 1466 2315 ἱδρυμένης
1501 2247 1763 2315 Δομετια-

168 2330 268 2386 νοῦ
297 2332 434 2403 πρὸς
456 2332 535 2405 τῷ
567 2334 796 2406 Μέλητι,
818 2336 1150 2409 ἐπιστρέψας
1179 2339 1237 2400 ἐς
1267 2337 1437 2407 αὐτὴν
1469 2340 1595 2401 τοὺς
1616 2355 1759 2409 παρ-

168 2424 354 2488 όνταςο
387 2444 406 2476 ι
432 2426 647 2498 Ἀνόητε
673 2466 690 2490 ,
723 2422 896 2493 εἶπεν,
925 2428 1000 2491 ὡς
1036 2428 1169 2482 πολὺ
1195 2429 1589 2501 διαμαρτάνεις
1640 2448 1759 2501 μοι·

172 2516 288 2590 ρῶν
318 2519 412 2570 καὶ
457 2519 722 2591 ἀνάγκης.
752 2512 823 2590 ’ᾯ
856 2518 967 2591 γὰρ
1003 2519 1140 2592 μετά
1178 2521 1239 2573 σὲ
1269 2521 1627 2594 τυραννεῦσαι
1662 2523 1760 2575 πέ-

168 2625 389 2681 πρωται
410 2651 423 2673 ,
457 2610 645 2665 τοῦτον
692 2611 787 2664 καὶ
820 2613 869 2664 εί
902 2613 1301 2679 ἀποκτείνειας,
1336 2613 1755 2669 ἀναϐιώσεται.»

183 2701 243 2755 ὐ
274 2701 338 2774 δὴ
368 2703 506 2775 μετά
537 2706 662 2769 τοὺς
690 2707 865 2771 τοίους
891 2705 1169 2774 διαλόγους
1211 2705 1524 2761 κολακεύων
1555 2706 1647 2760 τὸν
1668 2706 1762 2760 τύ-

172 2812 392 2870 ραννον,
417 2798 512 2851 καὶ
544 2799 711 2868 μηδέν
742 2816 795 2851 τι
821 2798 1024 2852 τούτων
1053 2798 1129 2862 ὡς
1158 2799 1297 2871 πρὸς
1321 2798 1486 2852 αὑτὸν
1511 2798 1761 2874 εἰρῆσθαι

168 2888 327 2959 αὐτῷ
361 2892 890 2962 κατειρωνευόμενος
912 2932 926 2955 ,
963 2891 1079 2956 πῶς
1104 2893 1165 2945 ού
1197 2893 1501 2965 μοχθηρίας
1539 2892 1760 2964 ἀπάσης

170 2984 269 3036 καὶ
297 2982 675 3056 ἀνελευθερίας
697 2983 942 3056 κριθείης
974 2986 1021 3038 εί
1053 2985 1126 3057 μὴ
1151 2966 1261 3058 ἄρα
1291 2986 1659 3059 ψευδηγόρους
1687 3003 1762 3039 τι-

169 3073 272 3137 νάς
314 3075 410 3127 καὶ
458 3076 799 3146 κατηγόρους
852 3074 946 3130 τοῦ
993 3077 1214 3148 ἀνδρὸς,
1265 3077 1385 3149 οὐχὶ
1430 3078 1487 3131 δὲ
1541 3079 1761 3149 ἀληθεῖς

1863 1881 2029 1930 eunte
2060 1872 2222 1945 540
2245 1877 2443 1945 relege,
2475 1893 2574 1931 nec
2606 1886 2657 1933 te
2679 1878 2958 1934 subducas
2985 1879 3113 1933 huic
3146 1877 3300 1933 oneri
3332 1892 3345 1927 :
3380 1875 3452 1932 Ut

1864 1983 2061 2035 nempe
2094 1980 2477 2025 commoratus
2500 1968 2699 2040 Ephesi
2736 1970 2806 2035 “,
2839 1988 2858 2022 ι
2898 1986 2929 2024 a
2963 1968 3277 2024 Domitiano
3307 1968 3456 2023 viros

1865 2058 2280 2125 abalienaverit,
2346 2068 2400 2115 et
2433 2068 2492 2114 ut
2515 2075 2872 2116 communem
2921 2067 3208 2115 tuerentur
3234 2058 3458 2113 liberta-

1866 2158 1975 2205 tem
2026 2150 2477 2206 confirmaverit:
2513 2161 2679 2222 atque
2719 2151 3053 2207 commercia
3095 2150 3313 2221 quidem
3360 2164 3459 2220 per

1862 2245 2128 2314 epistolas
2163 2245 2351 2300 minus
2387 2254 2499 2299 tuta
2549 2244 2688 2315 ipsis
2720 2260 2843 2300 esse
2877 2244 3173 2317 putaverit.
3214 2242 3461 2313 adeoque

1865 2337 2134 2393 sodalium
2186 2338 2659 2409 prudentissimis,
2717 2337 2881 2392 modo
2904 2338 3010 2393 hoc
3059 2335 3226 2392 modo
3274 2334 3384 2392 alio
3422 2348 3460 2391 tt

1869 2431 2032 2485 turba
2068 2429 2319 2493 seducto,
2344 2430 2589 2486 dixerit:
2622 2429 2801 2500 Magni
2835 2437 2887 2485 te
2912 2428 3055 2485 facio
3080 2428 3264 2484 arcani
3294 2426 3456 2481 mini—

1864 2530 2061 2578 strum.
2112 2520 2342 2592 Oportet
2374 2530 2557 2578 autem
2587 2521 2816 2575 Romam
2845 2528 2900 2577 te
2928 2521 3080 2577 abire
3108 2520 3175 2574 ad
3197 2521 3344 2575 hunc
3364 2521 3454 2575 vel

1867 2614 2046 2676 illum,
2080 2621 2245 2683 atque
2279 2629 2405 2668 cum
2452 2629 2519 2670 eo
2576 2613 2871 2670 disserere.
2906 2633 2924 2666 ι
2963 2611 3037 2667 Ut
3069 2613 3199 2667 item
3234 2611 3302 2667 de
3332 2612 3459 2670 fatis

1861 2716 1916 2762 et
1939 2708 2268 2763 necessitate
2284 2707 2500 2761 loeutus
2515 2706 2584 2762 sit
2597 2709 2665 2773 ”,
2683 2715 2845 2777 atque
2866 2704 3170 2761 ostenderit
3184 2704 3456 2769 oratione,

1863 2798 2010 2870 quod
2048 2816 2119 2855 ne
2165 2800 2383 2871 tyranni
2433 2798 2653 2869 quidem
2706 2797 2942 2854 fatorum
2987 2804 3205 2851 mutare
3241 2796 3459 2851 decreta

1863 2893 2104 2947 valeant.
2135 2890 2208 2946 Ut
2256 2906 2424 2962 porro
2468 2905 2620 2946 amca
2675 2905 2800 2944 cum
2831 2894 2980 2945 esset
3028 2886 3342 2944 Domitiano
3390 2886 3458 2940 ad

1864 2983 2117 3040 Meletem
2146 2982 2373 3038 ﬂuvium
2407 2983 2587 3054 posita
2629 2988 2834 3044 statua,
2862 2980 2917 3034 in
2940 2994 3060 3035 eam
3093 2987 3154 3034 ut
3178 2980 3461 3034 intueren-

1862 3084 1956 3130 tur
1992 3116 2007 3142 ,
2066 3087 2368 3147 praesentes
2432 3090 2626 3130 omnes
2664 3072 2997 3144 permoverit
3028 3112 3044 3136 ,
3112 3071 3455 3142 dixeritque:

172 3167 563 3238 συγγραφέας,
600 3167 719 3240 θείη
755 3186 839 3232 τις
873 3169 998 3233 τοὺς
1022 3168 1195 3222 ταῦτα
1228 3171 1414 3241 μνήμη
1444 3170 1760 3239 παραδεδω-

1873 3192 1890 3222 ι
1916 3169 1960 3226 Ο
1977 3172 2164 3235 stulte,
2178 3184 2341 3240 quam
2356 3168 2592 3223 fatorum
2610 3169 2831 3239 ignoras
2847 3167 3085 3222 indolem
3104 3178 3265 3239 atque
3276 3181 3464 3222 neces-

173 3255 363 3320 κότας.
407 3258 518 3310 Καὶ
562 3258 665 3311 ποῦ
715 3258 807 3312 τοῦ
862 3259 1240 3327 Φιλαλήθους
1279 3280 1297 3311 ι
1328 3263 1378 3313 oi
1427 3261 1762 3325 παιδεύσεως

174 3348 281 3417 μὲν
320 3347 411 3401 ἐπὶ
462 3349 715 3402 πλεῖστον
761 3350 1021 3421 ἥκοντες,
1056 3353 1117 3404 τὸ
1167 3352 1212 3404 δ’
1252 3353 1450 3425 ἀληθὲς
1494 3352 1763 3424 τιμῶντες

173 3442 545 3510 συγγραφεῖς
582 3460 600 3492 ι
635 3442 810 3515 Δάμις
847 3460 908 3496 τε
936 3445 964 3497 ὀ
998 3444 1323 3515 φιλόσοφος,
1360 3448 1389 3499 ὁ
1420 3447 1514 3499 καὶ
1548 3446 1764 3499 συνδια-

168 3531 375 3602 τρίψας
406 3531 485 3603 τῷ
511 3532 844 3604 δηλουμένῳ,
880 3536 975 3588 καὶ
1004 3535 1361 3608 Φιλόστρατος
1393 3540 1421 3590 ὁ
1460 3536 1759 3608 Ἀθηναῖος,

170 3625 269 3695 ἀφ’
302 3620 378 3680 ὧν
420 3626 594 3681 ταῦτα
632 3629 993 3699 παρατίθεται
1014 3646 1027 3660 ’
1062 3629 1155 3694 οὓς
1187 3629 1374 3699 σαφῶς
1407 3630 1580 3694 οὕτως
1614 3632 1769 3684 ἐναν-

170 3718 575 3787 τιολογοῦντας,
611 3719 998 3791 κομπάζοντάς
1028 3739 1090 3775 τε
1125 3722 1363 3794 ἀληθῶς,
1393 3722 1487 3775 καὶ
1521 3726 1634 3786 τοῖς
1671 3740 1769 3794 μα-

172 3809 427 3882 χομένοις
504 3814 947 3884 παρισταμένους
1006 3812 1248 3884 ψεύστας
1313 3814 1594 3886 ἐναργῶς,
1673 3815 1767 3867 καὶ

171 3904 568 3973 ἀπαιδεύτους,
621 3907 718 3959 καὶ
760 3907 963 3977 γόητας
1005 3907 1106 3978 τῆς
1157 3906 1414 3980 ἀληθείας
1456 3908 1517 3960 τὸ
1567 3906 1768 3976 φέγγος

172 3997 477 4068 διήλεγξεν.

1871 3263 2071 3318 sitatis.
2099 3261 2200 3316 Cui
2236 3263 2383 3316 enim
2417 3262 2485 3318 ab
2509 3262 2611 3324 eis,
2638 3268 2840 3330 utpost
2861 3267 2915 3315 te
2947 3260 3199 3329 imperet,
3236 3259 3341 3315 fuit
3369 3258 3461 3316 de-

1867 3361 2102 3417 cretum,
2124 3353 2236 3418 ille,
2263 3354 2310 3409 si
2331 3356 2568 3423 perimas
2588 3353 2773 3417 etiam,
2793 3352 3133 3409 reviviscet.»
3165 3352 3285 3408 .lam
3302 3368 3454 3425 ergo,

1872 3447 1968 3517 qui
2010 3454 2133 3517 post
2168 3461 2453 3502 sermones
2475 3446 2746 3516 ejusmodi
2779 3445 3037 3500 adulatur
3085 3454 3342 3518 tyranno,
3374 3457 3457 3500 at-

1871 3554 1978 3609 que
2011 3538 2150 3592 nihil
2207 3554 2399 3594 eorum
2458 3538 2514 3592 in
2568 3540 2745 3609 ipsum
2800 3537 3009 3592 dictum
3044 3553 3167 3594 esse
3211 3538 3455 3605 simulat,

1869 3629 2144 3700 quomodo
2202 3630 2383 3685 omnis
2420 3630 2467 3685 is
2515 3629 2774 3699 nequitia;
2819 3628 3102 3698 animique
3166 3629 3458 3685 illiberalis

1869 3738 1998 3777 reus
2018 3737 2125 3775 non
2163 3721 2395 3792 agatur?
2426 3721 2540 3777 Nisi
2589 3721 2729 3777 forte
2767 3721 3060 3777 mendaces
3111 3721 3378 3791 quosdam
3401 3732 3456 3778 et

1870 3815 2301 3871 calumniatores
2329 3814 2606 3885 Apollonii
2670 3830 2793 3870 esse
2828 3821 3052 3877 statuat,
3092 3828 3202 3868 non
3234 3828 3457 3871 veraces

1871 3916 2145 3968 auctores.
2180 3907 2295 3961 haec
2339 3907 2433 3977 qui
2470 3908 2746 3962 memoriae
2785 3906 3169 3977 prodiderunt.
3207 3905 3310 3961 Ubi
3338 3908 3457 3977 jam

1871 3997 2037 4067 igitur
2066 3999 2142 4052 illi
2166 3998 2480 4052 Philalelhis
2516 4005 2789 4063 auctores,
2827 4015 2846 4048 ι
2870 4000 2963 4068 qui
3004 3998 3313 4055 eruditione
3335 4000 3456 4070 plu-

173 4090 380 4143 rimum
452 4087 739 4159 profecere
768 4129 784 4153 ,
858 4090 1213 4160 veritatisque
1247 4109 1266 4143 ι
1332 4088 1766 4145 studiosissimi?
1804 4086 2011 4155 Damis,
2047 4089 2293 4159 inquam,
2348 4090 2838 4160 philosophus,qui
2866 4097 2922 4144 et
2983 4105 3169 4146 comes
3199 4091 3456 4148 assiduus

171 4185 247 4247 ei,
309 4184 380 4240 de
410 4200 522 4255 quo
554 4184 758 4255 agitur,
789 4184 913 4248 fuit,
956 4185 1420 4255 Atheniensisque
1452 4182 1838 4248 Philostratus,
1885 4198 1915 4238 a
1947 4184 2149 4255 quibus
2202 4185 2306 4240 ista
2336 4185 2495 4240 nobis
2524 4193 2942 4256 proponuntur:
2975 4200 3114 4255 quos
3152 4185 3465 4240 luculenter

173 4283 314 4340 adeo
346 4283 454 4338 sibi
512 4297 821 4353 repugnare
885 4282 1043 4351 ipsis,
1079 4283 1384 4351 jactatores
1433 4292 1583 4337 certe
1610 4282 1963 4349 vanissimos,
2023 4289 2078 4336 et
2141 4281 2673 4339 contradictionibus
2706 4281 2824 4337 suis
2860 4281 3165 4353 spissorum
3221 4279 3457 4336 menda-

172 4379 391 4433 ciorum
424 4377 731 4441 convictos,
763 4376 1017 4432 indoctos
1052 4377 1180 4431 item
1215 4383 1271 4432 et
1320 4380 1513 4447 magos
1549 4377 1641 4430 lux
1672 4377 1924 4432 veritatis
1955 4377 2374 4432 demonstravit.

678 4495 1077 4550 ΚΕΦΑΛΑΙΟΝ
1134 4497 1265 4551 MA'.

2444 4492 2678 4549 CAPUT
2738 4492 2920 4548 XLIV.

254 4611 383 4664 Ἐπὶ
434 4610 569 4664 πᾶσι
601 4609 694 4664 τὸν
741 4608 1119 4675 Ἀπολλώνιον,
1151 4610 1535 4679 ἀπαλλαγέντα
1559 4608 1653 4664 τοῦ
1688 4611 1762 4664 δι-

1948 4610 2232 4668 Postremo
2254 4609 2607 4681 Apollonium
2647 4609 2860 4680 judicio
2902 4607 3216 4663 absolutum
3251 4607 3463 4667 sesein

172 4681 477 4777 καστηρίου
498 4743 513 4768 ,
548 4705 609 4758 ὲν
640 4700 911 4775 Λεϐαδείᾳ.
948 4700 1124 4757 ἐλθεῖν
1162 4704 1388 4775 ἱστορεῖ.
1435 4702 1768 4774 Βουλόμενόν

1879 4703 2180 4759 Lebadeam
2233 4700 2508 4773 recepisse
2558 4710 2829 4757 memorat
2850 4699 2917 4757 ³³.
2944 4697 3194 4772 Cumque
3243 4699 3298 4754 in
3328 4697 3457 4754 Tro

245 4888 290 4921 ἰ
332 4887 430 4943 lib.
465 4904 582 4954 vn,
609 4901 658 4943 c.
695 4886 751 4946 8.
826 4888 875 4921 ³⁸
914 4886 1012 4943 lib.
1048 4903 1163 4954 vn,
1194 4902 1245 4943 c.
1273 4886 1327 4945 9.
1406 4888 1452 4920 ⁸³
1493 4887 1589 4943 lib.
1627 4902 1760 4952 vni,
1791 4901 1842 4943 c.
1880 4885 1971 4943 l9.

248 5042 327 5113 (6)
379 5043 435 5094 '0
489 5043 636 5113 ὑπὲρ
684 5040 797 5113 τῆς
838 5042 1128 5110 ἀληθείας
1180 5042 1527 5113 παρίστησι
1559 5043 1760 5111 λόγος.

174 5112 393 5170 ιτοιιίςθ
416 5112 649 5167 dictum.
684 5112 892 5182 Nempe
926 5127 956 5166 a
988 5115 1235 5169 veritatis
1272 5113 1454 5168 studio
1474 5112 1768 5167 Philostra»

172 5195 315 5257 tum,
340 5194 504 5255 atque
549 5184 694 5257 istud
743 5182 1085 5257 σύγγραμμα
1134 5185 1255 5253 ejus
1282 5184 1766 5257 commendaverat

172 5254 483 5317 Hierocles,
517 5266 579 5310 ut
609 5256 796 5310 videre
826 5254 911 5309 est
943 5254 1108 5324 supra
1141 5270 1260 5324 cap.
1297 5254 1352 5308 2.

248 5327 326 5395 (7)
367 5326 698 5396 Διανήψας.
739 5326 1024 5380 Acc‘olum
1059 5326 1114 5379 in
1140 5329 1257 5381 suis
1285 5325 1532 5396 διανίψας
1561 5325 1762 5396 legisse

173 5408 389 5453 certum
419 5405 503 5452 est
533 5416 547 5451 :
582 5412 705 5451 nam
731 5397 1009 5467 quomodo
1040 5405 1251 5451 vertere
1284 5396 1420 5451 alias
1451 5397 1754 5467 potuisset:

173 5470 286 5538 Age
317 5468 557 5522 veritatis
593 5468 737 5537 fonte
768 5467 996 5521 dilatam
1025 5477 1195 5538 repete
1226 5467 1362 5521 hanc
1396 5467 1548 5521 clara
1590 5477 1641 5522 et
1686 5469 1763 5521 in-

173 5536 348 5603 qénua
398 5540 558 5594 voce?
588 5536 658 5592 At
710 5539 816 5593 ista
870 5539 1125 5604 lectione,
1170 5536 1758 5608 fatendumgingenue,

177 5625 290 5663 non
336 5611 566 5663 multum
608 5609 749 5665 lucis
783 5608 992 5665 accedit
1027 5610 1147 5664 loco
1177 5609 1434 5664 obscuro.
1468 5606 1613 5663 Nihil
1661 5623 1764 5679 ego

178 5679 402 5734 invenio
448 5679 623 5743 magis
668 5679 969 5748 probabile,
996 5694 1160 5749 quam
1189 5680 1475 5749 legendum
1511 5695 1633 5735 esse
1666 5680 1762 5733 καὶ

177 5751 246 5821 τῇ
280 5749 506 5822 ἀληοειᾳ
541 5750 825 5821 διανήψας,
858 5751 939 5807 sic
987 5750 1132 5808 enim
1177 5751 1315 5808 satis
1356 5751 1519 5831 plana
1553 5750 1759 5817 omnia,

1873 5057 2181 5114 sensusque
2230 5041 2462 5112 emergit
2504 5057 2615 5096 non
2664 5042 2851 5114 clarus
2899 5047 3135 5105 tantum,
3169 5056 3360 5097 verum
3403 5050 3463 5114 et

1873 5112 2117 5183 elegans,
2155 5129 2316 5183 quem
2349 5114 2600 5183 proinde,
2630 5127 2757 5168 cum
2788 5113 2954 5167 alium
2988 5127 3098 5167 non
3129 5127 3371 5183 possem,
3402 5112 3464 5166 iu

1871 5186 2127 5239 versione
2155 5186 2318 5239 etiam
2350 5183 2617 5254 expressi.

1946 5257 2025 5325 (δ)
2064 5254 2380 5325 Γραφένζα
2402 5248 2646 5324 λαμπρᾷ
2672 5252 2774 5310 καὶ
2790 5253 3109 5325 φιλαλήθει
3131 5251 3349 5325 δίελθε.
3377 5248 3465 5325 Et:

1871 5320 1976 5396 ms.
2003 5320 2264 5396 reposui.
2298 5320 2495 5396 ίΡτίοιδ
2516 5320 2707 5387 editio,
2767 5320 3048 5396 γραφέντα
3102 5320 3335 5396 λαμπρά
3363 5321 3464 5379 καὶ

1869 5392 2137 5466 φιλαλήθη
2175 5395 2371 5459 δίελθε,
2399 5397 2625 5450 alteram
2657 5392 2838 5449 autem
2876 5392 3163 5466 lectionem
3182 5392 3238 5447 et
3259 5392 3461 5447 distin-

1868 5464 2105 5521 ctionem
2127 5464 2412 5536 interpres
2440 5481 2658 5535 quoque
2692 5466 2960 5534 sequitur.
2995 5464 3274 5536 HOLsruu.

1940 5535 2017 5603 (9)
2062 5532 2331 5604 Ἀνδραζ.
2372 5532 2625 5599 Nervam,
2671 5532 2892 5591 Rullum
2922 5544 2977 5590 et
3004 5533 3256 5598 Orﬁtum,
3288 5532 3357 5588 de
3382 5532 3465 5593 iis.

1868 5606 2021 5677 enim
2046 5608 2227 5677 agitur
2255 5622 2320 5661 eo
2347 5622 2506 5677 quem
2548 5607 2774 5677 respicit
2800 5605 3118 5677 Philostrati
3154 5606 3292 5659 loco.

1943 5676 2056 5757 (19)
2089 5675 2387 5757 ⁷Ὀέλιλιίιςζ
2433 5675 2692 5735 Philostr.
2729 5676 3058 5755 ξυμϐουλίας
3085 5677 3269 5744 habet,
3307 5684 3450 5757 qum

1867 5748 2042 5823 magis
2063 5749 2313 5825 probem.
