3846 6220
365 242 475 305 859

1042 250 1316 309 EUSEBII
1352 251 1836 311 CASSARIENSIS
1873 255 2025 313 OPP.
2066 256 2251 314 PARS
2282 257 2352 315 ll.
2384 287 2453 299 —
2489 253 2993 313 APOLOGETICA.

364 360 558 431 phonii
604 377 830 434 specum
879 365 1214 424 descendere
1262 365 1565 437 affectaret,
1611 373 1937 430 prohibitum

2051 391 2112 428 τε
2157 376 2215 439 ἐς
2264 373 2576 446 Τροφωνίου
2610 371 2911 437 κατελθεῖν,
2967 370 3041 443 μὴ
3078 367 3467 441 ἐπιτρέπεσθαι
3498 370 3640 440 πρὸς

364 452 435 509 ab
464 453 661 510 incolis
682 472 824 522 esse,
865 457 951 513 his
983 475 1203 529 quoque
1258 474 1477 531 magum
1500 478 1626 516 eum
1649 478 1772 518 esse
1816 478 1947 518 cen-

362 546 632 602 sentibus.
666 547 829 619 Atqui
859 551 1055 605 merito
1107 551 1228 619 ejus
1270 553 1350 606 rei
1386 553 1630 623 suspicio
1679 555 1943 619 obtineat,

362 637 410 693 si
440 639 567 709 quis
595 641 896 695 contulerit
926 643 995 698 ab
1021 643 1178 697 initio
1202 642 1540 700 Philostrato
1574 645 1722 703 dicta
1760 646 1827 716 “,
1852 648 1946 704 ubi

360 746 506 801 agre
528 730 729 794 ferens.
776 733 1147 803 suspicionem
1190 735 1519 805 quibusdam
1571 753 1694 793 esse
1743 748 1945 805 ortam,

359 838 554 895 magus
577 824 722 893 quod
753 825 845 891 sit,
872 826 927 881 id
959 827 1138 896 ipsum
1182 829 1488 885 admiratus
1517 831 1731 901 inquit:
1773 851 1792 884 ι
1814 831 1945 887 Em-

360 915 640 985 pedoclem
688 924 853 986 atque
912 916 1277 989 Pythagoram
1308 920 1814 994 Democritumque,
1850 925 1947 994 qui

358 1008 677 1062 eorumdem
699 1023 980 1078 magorum
1005 1010 1318 1065 exstiterint
1344 1012 1623 1082 discipuli,
1661 1030 1944 1084 nunquam

358 1108 539 1154 tamen
561 1099 615 1153 in
633 1100 769 1155 artis
788 1101 936 1157 illius
960 1102 1333 1172 suspicionem
1368 1105 1616 1172 venisse;
1640 1103 1797 1175 541
1825 1107 1947 1159 Pla-

357 1197 539 1244 tonem
556 1205 795 1260 quoque,
816 1193 1033 1248 tametsi
1053 1194 1122 1248 ab
1139 1192 1411 1266 Egyptiis
1427 1194 1803 1250 sacerdotibus
1819 1212 1944 1265 pro-

358 1282 645 1352 phetisque
675 1284 845 1337 multa
877 1285 1206 1355 accepisset,
1232 1301 1406 1357 eaque
1435 1286 1552 1342 suis
1582 1287 1738 1341 libris
1767 1288 1947 1343 inser-

356 1375 551 1439 uisset,
576 1392 920 1447 nequaquam
947 1385 1126 1434 tamen
1150 1380 1410 1450 cuiquam
1433 1381 1626 1451 magia
1659 1382 1939 1437 addictum

353 1468 533 1521 visum
575 1483 717 1523 esse.
750 1467 826 1523 De
856 1469 1149 1539 Apollonio
1178 1482 1362 1528 autem
1394 1474 1642 1528 nondum
1680 1476 1815 1530 satis
1844 1476 1944 1529 ho-

353 1557 595 1614 minibus
635 1558 965 1625 innotuisse,
1007 1562 1156 1631 quod
1204 1564 1455 1634 ingenua
1492 1566 1775 1636 sapientia
1807 1583 1942 1622 usus

356 1655 428 1708 sit
449 1653 800 1722 adjumeutis,
839 1671 1168 1728 magumque
1196 1658 1463 1712 creditum
1487 1674 1611 1713 esse
1628 1674 1774 1719 eum,
1795 1659 1942 1729 quod

2047 466 2162 520 τῶν
2189 466 2522 538 ἐπιχωρίων,
2544 465 2717 535 γόητα
2744 464 2839 518 καὶ
2868 463 3074 516 τούτων
3099 460 3416 533 ἡγουμένων
3449 460 3634 513 αὐτόν.

2047 557 2242 613 Καίτοι
2275 557 2425 623 ἄξιον
2469 556 2781 627 ἀπορῆσαι,
2830 552 3210 625 παραθέμενον
3241 552 3341 615 τὰς
3383 552 3442 603 ἐν
3491 552 3633 622 ἀρχῇ

2045 648 2140 702 τοῦ
2175 646 2543 717 Φιλοστράτου
2573 644 2766 710 λέξεις,
2794 644 2852 696 ἐν
2881 638 2968 707 αἷς
2989 642 3208 713 ἀπορῶν
3234 642 3264 695 ὅ
3286 658 3339 694 τι
3364 641 3429 713 δὴ
3463 640 3635 711 γόητα

2047 739 2207 793 αὐτὸν
2234 740 2615 810 ὑπειλήφασιν,
2647 737 2786 791 αὐτὰ
2816 735 2880 807 δὴ
2905 735 3078 789 ταῦτα
3109 733 3379 805 θαυμάζει
3417 733 3594 801 λέγων
3616 752 3632 764 ·

2055 850 2074 884 ι
2117 830 2487 902 Ἐμπεδοκλέα
2524 830 2622 900 μὲν
2648 829 2742 881 καὶ
2773 827 3118 898 Πυθαγόραν,
3148 828 3245 880 καὶ
3269 826 3636 897 Δημόκριτον,

2047 927 2164 987 τοῖς
2190 925 2376 986 αὐτοῖς
2402 922 2596 993 μάγοις
2621 918 2988 991 ὡμιληκότας,
3005 916 3156 971 οὔπω
3177 916 3420 988 ὑπῆχθαι
3443 916 3632 989 τέχντγ

2048 1014 2313 1067 Πλάτωνά
2344 1030 2403 1065 τε
2427 1053 2442 1077 ,
2479 1010 2630 1081 παρὰ
2660 1011 2770 1063 τῶν
2822 1011 2880 1063 ὲν
2914 1008 3174 1078 Αἰγύπτῳ
3208 1008 3397 1079 ἱερέων
3433 1024 3497 1059 τε
3540 1006 3635 1060 καὶ

2050 1106 2349 1177 προφητῶν
2383 1104 2552 1157 πολλὰ
2581 1102 2975 1175 παρειληφότα,
3010 1102 3106 1155 καὶ⁵
3131 1099 3307 1153 ταῦτα
3335 1101 3452 1164 τοῖς
3482 1099 3635 1163 ίδίοις

2046 1198 2389 1269 ἁναμίξαντα
2433 1197 2646 1265 λόγοις,
2693 1193 2944 1265 οὐδαμῶς
2991 1193 3139 1259 δόξαι
3181 1192 3292 1246 τισὶ
3346 1190 3632 1264 μαγεύειν.

2049 1291 2276 1344 Τουτονὶ
2310 1290 2366 1342 δὲ
2399 1288 2552 1343 οὔπω
2581 1287 2946 1358 γινώσκεσθαι
2993 1287 3123 1358 παρ’
3167 1284 3478 1358 ἀνθρώποις
3499 1327 3517 1352 ,
3547 1285 3636 1339 Gtt

2046 1383 2111 1454 δὴ
2146 1383 2254 1436 ἀπὸ
2286 1382 2388 1451 τῆς
2441 1382 2703 1451 ἀληθινῆς
2729 1380 2957 1453 ὡρμᾶτο
2988 1380 3209 1450 σοφίας,
3248 1379 3421 1450 μάγον
3451 1378 3511 1431 δὲ
3534 1375 3643 1432 αὖ⁸

2047 1475 2137 1527 τὸν
2187 1473 2537 1543 νενομίσθαι,
2584 1472 2662 1543 τῷ
2698 1472 2892 1542 μάγοις
2926 1470 3311 1536 Βαϐυλωνίων,
3363 1469 3542 1524 Ἰνδῶν
3570 1485 3645 1523 τε»

2046 1566 2336 1636 Βραχμᾶσι
2373 1565 2467 1618 καὶ
2498 1567 2612 1627 τοῖς
2641 1562 2954 1632 Αἰγυπτίων
2976 1564 3207 1634 Γυμνοῖς
3235 1560 3645 1633 ὡμιληκέναι.)

2047 1658 2111 1710 Τί
2156 1658 2293 1728 δῆτα
2344 1654 2437 1711 οὖν
2469 1659 2750 1729 εἰρήσεται
2784 1656 2921 1727 πρὸς
2955 1655 3147 1720 αὑτὸν,
3175 1648 3223 1708 ὦ
3263 1648 3447 1719 οὗτοςς
3482 1652 3647 1724 Τῷδε.

352 1746 776 1820 Babyloniorum
802 1725 974 1824 magis
1004 1725 1551 1823 Brachmanibusque
1573 1725 1852 1816 Indorum,
1876 1770 1937 1808 ac

2046 1748 2125 1819 τῷ
2172 1725 2326 1821 ἀνδρὶ
2359 1725 2676 1821 τηλικοῦ-τον
2720 1725 3093 1819 ἐπεχειρεῖτο,
3137 1746 3213 1811 ὼς
3257 1746 3419 1817 μόνον
3458 1745 3643 1816 γόητα.

354 1836 629 1909 Egyptiis
660 1837 834 1895 Nudis
857 1856 915 1895 se
967 1841 1022 1895 in
1075 1840 1424 1911 disciplinam
1466 1841 1768 1896 dedisset.»
1799 1840 1937 1907 Quid

353 1931 519 2001 igitur
567 1930 902 1987 Philostrato
959 1933 1319 2004 responderi,
1377 1934 1573 1998 amice,
1639 1935 1941 1988 convenit?

351 2021 555 2094 Nempe
581 2024 665 2078 vir
691 2024 796 2079 iste
844 2024 965 2093 ejus
990 2026 1207 2096 generis
1231 2041 1321 2081 res
1344 2026 1566 2081 molitus
1608 2025 1733 2091 fuit,
1768 2034 1827 2080 ut
1851 2044 1942 2082 so-

351 2113 440 2170 lus
472 2122 526 2169 et
542 2115 671 2168 olim
708 2124 763 2170 et
788 2125 980 2170 nostra
1041 2126 1197 2172 atate
1256 2116 1420 2172 fuerit
1450 2117 1672 2173 habitus
1720 2134 1934 2189 magus,

352 2219 463 2274 pra
490 2205 824 2274 ejuscemodi
885 2206 1039 2272 viris,
1094 2207 1187 2277 qui
1230 2209 1357 2263 licet
1404 2210 1649 2273 eosdem,
1687 2211 1833 2280 quod
1878 2219 1936 2264 tu

352 2295 574 2366 quidem
600 2298 704 2361 ais,
737 2299 948 2368 experti
995 2298 1231 2354 fuissent
1274 2302 1591 2371 magistros,
1627 2309 1681 2357 et
1702 2319 1803 2358 suo
1854 2312 1939 2357 ta-

353 2402 477 2443 men
497 2403 613 2442 avo
642 2390 783 2444 bona
818 2390 960 2444 fama
988 2391 1161 2460 gavisi
1186 2399 1337 2455 sunt,
1364 2400 1419 2447 et
1460 2395 1696 2464 posteris
1719 2412 1940 2465 quoque

349 2481 693 2549 temporibus
712 2481 1070 2551 philosophia
1110 2499 1223 2537 sua
1272 2484 1528 2539 virtutem
1580 2488 1937 2541 commenda-

348 2574 621 2630 tissimam
650 2575 941 2644 reliquere.
976 2577 1175 2630 Annon
1203 2577 1372 2647 igitur
1401 2578 1543 2631 ultra
1571 2594 1735 2648 quam
1768 2579 1849 2635 fas
1867 2581 1939 2634 sit

348 2682 473 2723 eum
534 2666 911 2724 molitionibus
963 2668 1080 2724 suis
1130 2670 1493 2739 processisse,
1558 2672 1757 2741 quibus
1804 2688 1937 2727 sana

349 2778 505 2818 mens
535 2770 621 2817 est
649 2762 908 2819 omnibus
936 2762 1291 2819 manifestum
1316 2764 1425 2819 sit?
1469 2762 1717 2835 Suntque
1742 2768 1938 2821 etiam-

347 2868 481 2907 num
514 2853 678 2910 hodie
707 2855 801 2925 qui
861 2855 1104 2925 magicas
1155 2856 1467 2919 machinas,
1504 2872 1625 2927 qua
1654 2857 1760 2911 viri
1790 2858 1939 2911 illius

346 2960 472 3002 esse
508 2946 786 3009 dicantur,
824 2962 948 3002 sese
977 2948 1163 3002 dicant
1220 2949 1513 3018 reperisse.
1563 2949 1633 3002 At
1666 2949 1787 3006 istis
1819 2952 1939 3003 ani-

348 3053 498 3093 mum
528 3039 811 3095 advertere
836 3055 984 3094 nunc
1004 3040 1227 3111 quidem
1262 3040 1405 3095 haud
1437 3041 1632 3111 placet.
1655 3039 1728 3096 De
1765 3053 1937 3096 morte

349 3139 533 3185 autem
565 3130 729 3185 etiam
764 3131 868 3185 viri
901 3131 1181 3202 prioribus
1225 3139 1596 3187 consentanea
1638 3132 1767 3187 dum
1801 3149 1935 3187 coa-

350 3221 562 3285 cinnat,
620 3222 769 3276 nulla
828 3232 981 3292 parte
1027 3224 1314 3277 veritatem
1369 3224 1447 3278 rei
1478 3223 1584 3278 sibi
1627 3223 1935 3280 innotuisse

349 3311 611 3366 ostendit.
641 3311 792 3367 Alios
823 3312 970 3367 enim
1004 3312 1203 3382 Ephesi
1228 3314 1435 3367 exitum
1488 3314 1612 3383 ejus
1636 3316 1935 3386 contigisse

351 3401 427 3455 ait
464 3400 669 3456 referre
699 3402 768 3466 ’⁸,
801 3401 937 3455 alios
972 3409 1152 3455 autem
1183 3400 1409 3455 Lindiiu
1436 3400 1688 3456 Minerva
1711 3404 1933 3471 templo,
1988 3463 1996 3472 ,

351 3492 492 3547 alios
522 3492 576 3545 iu
611 3490 771 3547 Creta
794 3492 996 3546 insula.
1028 3490 1092 3544 Et
1117 3506 1241 3546 cum
1270 3499 1483 3545 tantum
1513 3492 1764 3563 caliginis
1787 3493 1935 3546 illius

350 3586 515 3637 morti
544 3582 805 3649 oliuudat,
841 3585 958 3638 vult
984 3593 1167 3639 tamen
1202 3585 1455 3639 eumdem
1498 3600 1626 3639 cum
1662 3585 1783 3654 ipso
1810 3601 1934 3639 cor—

352 3691 483 3745 pore
508 3676 574 3730 ad
610 3691 838 3745 superos
854 3677 1121 3730 evolasse.
1148 3673 1281 3729 Nam
1318 3691 1442 3730 cum
1474 3676 1937 3746 templum,prout

350 3765 442 3819 ille
471 3766 570 3827 ait,
605 3766 888 3836 ingressus
940 3775 1108 3832 esset,
1166 3768 1354 3822 valvas
1398 3778 1623 3837 repente
1662 3768 1933 3831 occlusas,

350 3854 896 3927 inexspectatumque
930 3857 1204 3928 virginum
1244 3869 1467 3913 cantum
1510 3874 1576 3912 ex
1601 3873 1667 3912 eo
1691 3858 1936 3912 auditum

348 3966 490 4005 esse.
520 3949 866 4022 Cantumque
904 3953 1075 4011 fuisse
1102 3955 1264 4009 istum
1291 3969 1305 4007 :
1345 3974 1363 4006 ι
1401 3952 1559 4018 Veni,
1587 3954 1710 4009 veni
1733 3955 1787 4007 in
1817 3969 1936 4007 ca-

347 4041 483 4105 lum,
506 4045 649 4099 veni.
675 4064 694 4095 )
730 4045 894 4100 Addit
919 4048 1066 4117 quod
1103 4064 1172 4104 ne
1204 4048 1261 4102 in
1290 4048 1675 4117 cenotaphium
1708 4048 1929 4118 quidem

346 4135 466 4203 ejus
497 4135 769 4203 inciderit,
805 4153 930 4193 cum
977 4150 1158 4196 tamen
1188 4140 1307 4211 ipse
1339 4139 1661 4194 universum
1712 4139 1925 4199 orbem,

344 4240 452 4294 qua
501 4225 609 4280 late
640 4235 807 4296 patet,
850 4238 1217 4301 peragrasset.
1263 4228 1495 4301 Vultque
1540 4230 1644 4284 hoc
1674 4230 1779 4299 ipsi
1809 4220 1929 4283 ani-

344 4332 488 4380 mus,
543 4320 769 4375 omnino
819 4330 1048 4376 mortem
1090 4322 1267 4375 virum
1296 4321 1448 4375 illum
1479 4336 1590 4375 non
1638 4323 1922 4391 attingere.

341 4405 478 4461 Cum
511 4411 657 4463 enim
687 4412 843 4467 initio
863 4412 1076 4467 dubitet
1125 4412 1193 4467 de
1227 4413 1392 4468 modo
1425 4430 1534 4484 quo
1564 4412 1702 4468 vivis
1737 4428 1929 4467 exces-

2048 1839 2215 1892 πάλαι
2239 1858 2295 1892 τε
2314 1840 2405 1892 καὶ
2424 1838 2518 1893 νῦν
2541 1839 2854 1909 νενομίσθαι
2885 1838 3051 1891 εἰσέτι
3071 1836 3222 1908 παρὰ
3241 1835 3368 1899 τοὺς
3382 1833 3646 1907 τηλικοῦ-

2044 1950 2169 1995 τους
2187 1932 2405 2002 ἄνδρας,
2425 1934 2473 1985 οἳ
2491 1931 2600 1984 τῶν
2618 1929 2818 1993 αὐτῶν,
2837 1929 2909 1993 ὡς
2934 1930 3061 2000 φῂς,
3077 1926 3409 1981 διδασκάλων
3439 1942 3643 1980 πεπει-

2046 2025 2304 2096 ρασμένοι
2335 2024 2491 2095 (10⁸),
2538 2022 2834 2095 διέπρεψαν
2871 2022 2969 2093 μὲν
2997 2022 3091 2075 καὶ
3127 2018 3251 2073 καθ’
3281 2019 3375 2083 οὓς
3406 2018 3648 2091 ἐγνωρί-

2044 2116 2198 2181 ζοντο
2225 2116 2450 2187 χρόνους
2470 2158 2484 2180 ,
2532 2116 2627 2169 καὶ
2671 2117 2729 2179 ὲς
2770 2114 2896 2177 τοὺς
2942 2113 3235 2184 μετέπειτα
3265 2111 3324 2165 δὲ
3353 2112 3455 2183 τῆς
3484 2109 3643 2182 σφῶν

2044 2210 2365 2279 φιλοσοφίας
2398 2209 2642 2278 ἀοίδιμον
2694 2206 3116 2262 καταλελοίπασι
3156 2204 3255 2276 τὴν
3303 2204 3544 2276 ἀρετήν·
3584 2205 3641 2257 εί

2047 2300 2122 2371 μὴ
2167 2300 2275 2371 ἄρα
2323 2300 2465 2370 πέρα
2513 2298 2620 2353 τῶν
2669 2298 3057 2368 προσηκόντων
3098 2293 3369 2367 ἐγχειρῶν
3411 2295 3529 2358 τοῖς
3570 2288 3637 2347 εὖ

2044 2389 2299 2460 φρονοῦσι
2334 2389 2565 2461 φανερὸς
2614 2388 3001 2458 καθειστήκει;
3044 2384 3263 2439 Αὐτίκα
3293 2383 3404 2438 τῶν
3429 2381 3528 2437 νῦν
3558 2385 3644 2436 εί-

2045 2498 2149 2544 σιν,
2172 2480 2221 2533 οἳ
2248 2479 2576 2551 περιέργους
2612 2477 2860 2550 μηχανάς
2891 2477 3025 2547 (Η),
3055 2479 3119 2547 τῇ
3151 2473 3248 2530 τοῦ
3286 2473 3485 2546 ἀνδρὸς
3511 2475 3643 2528 ἀνα-

2045 2573 2301 2644 κειμένας
2335 2570 2708 2644 προσηγορίᾳ,
2760 2569 3145 2639 κατειληφέναι
3177 2566 3451 2636 λέγουσιν.
3494 2564 3640 2619 Ἀλλ’

2044 2666 2143 2718 οὐκ
2188 2665 2374 2735 ἔμοιγε
2418 2663 2571 2732 φίλον
2615 2662 2827 2725 τούτοις
2868 2661 3156 2733 προσέχειν
3184 2659 3277 2712 τὸν
3304 2657 3467 2712 νοῦν·
3498 2656 3641 2712 ἀλλὰ

2041 2758 2154 2829 γάρ
2184 2756 2277 2811 καὶ
2305 2757 2432 2829 περὶ
2460 2756 2563 2825 τῆς
2594 2754 2854 2821 τελευτῆς
2886 2753 2981 2807 τοῦ
3009 2752 3202 2824 ἀνδρὸς
3229 2749 3507 2805 ἀκόλουθα
3526 2753 3642 2815 τοῖς

2044 2847 2329 2919 προτέροις
2372 2846 2709 2908 συντάττων,
2758 2844 2909 2897 οὐδὲν
2944 2843 3140 2914 ἀληθὲς
3188 2841 3456 2912 ἐξέφηνεν
3499 2841 3640 2897 εἰδέ-

2041 2957 2148 2993 ναι.
2188 2938 2326 3001 Τοὺς
2363 2938 2459 3008 μὲν
2486 2936 2593 3007 γὰρ
2621 2937 2679 2987 ὲν
2713 2935 2925 3004 Ἐφέσῳ
2953 2933 3277 3004 τελευτῆσαι
3308 2931 3476 2986 αὐτὸν
3497 2933 3643 2985 ἱστο-

2044 3035 2147 3104 ρεῖ,
2177 3032 2301 3094 τοὺς
2332 3030 2387 3082 δὲ
2416 3033 2473 3083 ὲν
2500 3029 2675 3096 Λίνδῳ
2705 3030 2762 3091 ἐς
2786 3027 2846 3080 τὸ
2873 3026 3016 3099 ἱερὸν
3033 3025 3134 3097 τῆς
3170 3022 3641 3097 Ἀθηνᾶς,ἇλλους

2040 3126 2097 3178 δὲ
2128 3127 2183 3178 ὲν
2225 3126 2439 3195 Κρήτῃ.
2486 3123 2597 3176 Καὶ
2626 3120 2897 3191 τοσαύτην
2928 3121 3151 3188 ἄγνοιαν
3173 3117 3269 3172 τοῦ
3299 3118 3435 3190 περὶ
3474 3116 3642 3173 autin

2038 3218 2223 3279 τέλους
2243 3215 2676 3276 κατασκεδάσας,
2698 3213 2948 3284 βούλεται
2967 3212 3131 3266 αὐτὸν
3146 3213 3203 3276 ές
3230 3212 3467 3284 οὐρανὸν
3488 3211 3643 3283 αὐτῷ

2045 3306 2253 3377 σώματι
2297 3304 2565 3376 χωρῆσαι.
2620 3303 3016 3375 Ἐσδραμόντος
3054 3300 3165 3374 γὰρ
3203 3303 3262 3365 ές
3296 3301 3472 3372 ἱερὸν,
3504 3302 3643 3373 φησι

2043 3396 2358 3466 κλεισθῆναι
2389 3395 2485 3458 τὰς
2511 3394 2705 3458 πύλας,
2742 3394 2835 3448 καί
2861 3411 2981 3448 τινα
3011 3393 3157 3465 ᾠδὴν
3190 3392 3460 3463 ἀδόκητον
3488 3409 3640 3466 παρ-

2044 3490 2212 3542 θένων
2243 3492 2513 3541 ἐκπεσεῖν.
2546 3488 2619 3540 Τὸ
2647 3488 2703 3541 δὲ
2747 3482 2899 3559 ᾆσμα
2932 3481 3102 3540 εἶναι·
3144 3504 3164 3538 ι
3189 3486 3413 3557 Στείχε,
3456 3487 3641 3557 στεῖχε

2043 3584 2099 3645 ἐς
2127 3581 2374 3653 οὐρανὸν,
2420 3582 2618 3651 στεῖχε.
2652 3598 2670 3631 ι
2707 3579 2872 3647 Λέγει
2911 3577 3003 3643 δὲ,
3050 3578 3127 3643 ὡς
3158 3577 3297 3650 μήτε
3325 3576 3642 3648 κενοταφίῳ

2041 3675 2134 3728 τοῦ
2157 3674 2346 3745 ἀνδρός
2374 3692 2458 3726 πω
2480 3670 2784 3743 περιτύχοι,
2800 3670 2979 3723 καίτοι
3005 3667 3108 3740 τῆς
3132 3668 3239 3741 γῆς
3258 3668 3441 3740 ὁπόση
3460 3668 3637 3731 ἐστὶν,

2043 3767 2233 3820 ἑαυτὸν
2266 3766 2579 3819 ἐπελθόντα.
2608 3762 2715 3817 Kal
2749 3761 3000 3834 βούλεται
3024 3760 3174 3833 αὐτῷ
3200 3761 3234 3832 ἡ
3257 3760 3471 3816 διάνοια
3498 3759 3641 3832 μηδὲ

2042 3858 2178 3921 ὅλως
2220 3858 2447 3911 θανάτου
2483 3856 2575 3908 τὸν
2617 3854 2785 3925 ἄνδρα
2820 3854 3017 3922 θίγειν.
3068 3851 3342 3926 Πρότερον
3378 3852 3483 3923 μὲν
3526 3851 3641 3923 γὰρ

2045 3950 2398 4023 άμφιΰάλλων
2455 3952 2583 4021 περὶ
2632 3948 2724 4002 τοῦ
2768 3948 3003 4018 τρόπου,
3055 3945 3175 4001 καθ’
3221 3945 3283 3999 ὃν
3333 3944 3595 4000 ἐτελεύτα
3617 3983 3635 4008 ,

2040 4044 2267 4114 ὕστερον
2298 4043 2353 4095 δὲ
2383 4041 2678 4114 διαρρήδην
2713 4041 2809 4094 καὶ⁸
2849 4042 2909 4103 ές
2938 4038 3169 4111 οὐρανὸν
3196 4038 3359 4092 αὐτὸν
3381 4037 3640 4111 χωρῆσαι

2038 4137 2256 4205 φάσκει.
2281 4134 2464 4193 Ὅθεν,
2492 4134 2567 4197 ὡς
2592 4134 2656 4204 δὴ
2687 4131 2929 4186 τοιοῦτον
2953 4133 3104 4196 ὄντα,
3122 4132 3215 4185 καὶ
3243 4131 3388 4185 κατὰ
3413 4130 3480 4184 τὸ
3504 4147 3640 4202 προ-

2034 4228 2209 4297 οίμιον
2234 4266 2247 4289 ,
2294 4227 2387 4278 καὶ
2430 4225 2549 4279 καθ’
2588 4225 2716 4294 ὃλην
2749 4224 2852 4297 τὴν
2895 4223 3150 4296 γραφὴν,
3182 4222 3509 4296 Πυθαγόρου
3540 4223 3638 4278 καὶ

2047 4314 2472 4389 Ἐμπεδοκλέους
2517 4316 2785 4389 θειότερόν
2835 4333 3004 4388 φησι,
3057 4317 3154 4370 καὶ
3195 4313 3637 4389 παρεληλυθέναι

2038 4412 2346 4484 φιλοσοφίᾳ.

341 4501 435 4567 sit,
460 4501 661 4557 diserte
686 4503 881 4558 deinde
930 4503 1065 4558 dicit
1102 4504 1156 4557 in
1198 4504 1397 4558 calum
1458 4505 1775 4560 ascendisse
1835 4518 1983 4558 eum.
2031 4503 2404 4569 Quamobrem
2439 4518 2562 4558 eum
2584 4544 2598 4568 ,
2637 4507 2824 4555 tantus
2847 4498 2940 4570 qui
2964 4499 3059 4565 sit,
3092 4510 3147 4555 et
3179 4486 3235 4554 in
3259 4499 3538 4571 proamio
3562 4500 3635 4568 “,

412 4615 462 4647 “
500 4617 596 4671 lib.
632 4634 672 4682 ι,
717 4633 766 4671 c.
799 4618 854 4673 2.
933 4620 981 4650 ’⁸
1022 4619 1115 4673 lib.
1154 4635 1281 4683 vm,
1320 4634 1370 4674 c.
1405 4618 1499 4674 29.
1574 4621 1619 4652 ³⁸
1661 4620 1756 4675 lib.
1796 4637 1847 4684 ι,
1902 4637 1955 4676 c.
1986 4620 2043 4676 2.

411 4735 547 4804 (10⁸)
587 4734 1082 4808 Πεπειρασμένοι.
1125 4734 1264 4807 Lege
1305 4736 1717 4808 πεπειραμένοι,
1752 4751 1784 4791 a
1811 4753 1931 4789 πει--

2046 4737 2264 4808 lesmata
2286 4734 2551 4808 adversus
2584 4733 2848 4808 ciconias.
2869 4732 2997 4808 Lyci
3033 4732 3636 4808 ﬂu_vii_exun_d..t_iones.

342 4805 440 4947 ράῗ
440 4805 1009 4948 ίθῗι’01ἕιὲἔριέργους
1032 4874 1335 4948 μηχανάς.
1361 4874 1759 4948 intelliguntur
1780 4878 1929 4932 τελε-

340 4946 525 5011 στικά,
546 4962 668 5017 qua
687 4950 891 5016 passim
923 4948 975 5000 in
1014 4946 1245 5003 urbibus
1278 4947 1422 5002 Asia
1449 4957 1502 5002 et
1534 4946 1755 5003 Gracia
1784 4950 1931 5004 inve-

339 5019 654 5077 niebantur,
688 5033 811 5086 qua
858 5018 1129 5086 Apollonii
1175 5019 1339 5087 vulgo
1380 5018 1598 5074 Eusebii
1650 5035 1765 5074 avo
1808 5036 1931 5075 esse

337 5088 729 5152 credebantur,
770 5088 999 5157 ejusque
1054 5090 1190 5144 adeo
1249 5087 1575 5143 dicebantur
1626 5106 1790 5154 esse;
1828 5091 1931 5143 hoc

338 5159 483 5213 enim
542 5159 1133 5231 est‘qugdradditgtﬁ
1188 5158 1284 5212 τοῦ
1339 5158 1933 5231 ἀνδρὸςγάνακειμένας

340 5228 703 5352 προσηγορίᾳ.
741 5227 953 5283 Talium
986 5230 1040 5283 in
1076 5227 1178 5283 hac
1217 5230 1333 5298 ipsa
1359 5227 1587 5312 historia
1619 5231 1677 5283 [it
1706 5227 1932 5293 mentio,

340 5299 377 5352 ll
427 5340 439 5352 .
477 5315 551 5356 tv.
599 5315 719 5356 can.
757 5300 844 5354 10.
877 5299 1039 5354 Plura
1084 5310 1265 5356 autem
1297 5301 1365 5355 de
1394 5317 1462 5354 IIS
1496 5300 1659 5354 habet
1694 5300 1936 5356 Joannes

341 5315 439 5352 Ill).
477 5315 551 5359 tv,
599 5315 719 5369 cap.
757 5315 844 5354 ιυ.
877 5315 1039 5354 l’llll‘a
1084 5315 1265 5356 autem
1297 5315 1365 5355 ue
1394 5317 1462 5354 ns
1496 5315 1659 5354 habet
1694 5315 1928 5356 Joannes

339 5368 718 5442 Antiochenus
771 5372 825 5424 in
872 5370 1197 5442 Chronogr.,
1224 5386 1347 5442 pag.
1381 5370 1508 5435 542,
1538 5386 1701 5442 quem
1747 5372 1928 5426 locum

341 5441 693 5509 transcripsit
742 5443 902 5495 etiam
938 5451 1130 5496 auctor
1161 5441 1410 5496 Chronici
1448 5442 1604 5496 Alex.
1639 5441 1718 5494 En
1766 5443 1932 5498 verba

342 5510 465 5583 ejus
500 5507 627 5565 τἾΙν
660 5511 718 5565 δὲ
749 5514 862 5583 τοῖς
894 5513 1105 5583 χρόνοις
1131 5512 1394 5583 βασιλέως
1427 5515 1757 5583 Δομετιανοῦ
1789 5516 1817 5567 ὁ
1841 5530 1931 5565 σο-

345 5578 591 5649 φώτατος
633 5578 989 5646 Ἀπολλώνιος
1018 5584 1046 5635 ὁ
1076 5578 1339 5647 Τυανεὺς,
1371 5585 1467 5637 καὶ
1503 5578 1730 5655 ’ἤκμαζε
1779 5600 1935 5655 περι-

345 5650 587 5705 πολεύων
615 5653 709 5706 καὶ
740 5652 1016 5707 πανταγοῦ
1044 5653 1214 5707 ποιῶν
1256 5654 1561 5707 τελέσαατα
1594 5656 1673 5707 είς
1706 5653 1806 5707 τὰς
1838 5654 1936 5706 πό-

345 5671 587 5705 πυιιευων
615 5671 709 5706 και
740 5671 1016 5722 πανταχου
1044 5671 1214 5707 ποιων
1256 5671 1411 5709 τεΑεσ
1493 5671 1561 5707 τα
1594 5671 1673 5718 εις
1706 5671 1806 5717 τας
1838 5671 1935 5706 πο-

345 5718 459 5785 λεις
477 5722 663 5787 καὶρίς
686 5722 784 5786 τὰς
810 5722 1013 5797 χώρας.
1038 5725 1166 5781 Inde
1191 5734 1379 5781 narrat
1409 5671 1653 5797 ίῖῗιοιιιιὶ
1690 5740 1815 5782 eum
1854 5732 1935 5780 te-

2034 4805 2339 4862 testudines
2352 4807 2741 4874 item,etequos
2756 4803 3081 4859 ferocientes
3097 4803 3313 4859 fecisse.
3330 4805 3639 4861 Antiochia

2038 4879 2104 4931 ad
2140 4886 2350 4947 portam
2383 4876 2535 4931 urbis
2565 4875 2890 4947 orienttﬂem
2930 4876 3155 4947 telesma
3186 4882 3382 4928 contra
3408 4885 3637 4930 ventum

2039 4943 2411 5018 aquilonarem
2454 4947 2725 5018 posuisse.
2746 4943 2964 5018 _Fusum
3014 4946 3141 5018 item
3182 4960 3246 4998 ex
3294 4961 3422 5000 aere
3473 4962 3637 5001 scor-

2038 5016 2187 5089 pium
2219 5019 2273 5071 in
2307 5017 2438 5089 urbe
2462 5017 2639 5071 media
2667 5016 2962 5089 defodisse,
2987 5017 3412 5089 columnamque
3438 5018 3487 5071 ei
3508 5033 3637 5086 par-

2039 5086 2160 5143 vam
2201 5088 2550 5157 imposuisse,
2581 5087 2726 5157 quod
2757 5103 2951 5141 omnes
2976 5086 3225 5155 scorpios
3253 5088 3524 5156 fugaverit
3553 5094 3637 5143 te-

2043 5160 2233 5215 lesma.
2274 5158 2432 5211 Aliud
2483 5160 2610 5211 item
2663 5157 2926 5212 adversus
2969 5157 3177 5212 culices
3206 5172 3450 5226 parasse,
3484 5159 3633 5227 quod

2083 5229 2312 5283 rolixius
2338 5228 2693 5293 describitur,
2720 5243 2885 5298 quam
2940 5235 3000 5281 ut
3051 5228 3141 5281 hic
3174 5238 3423 5298 repetere
3441 5238 3630 5298 vacet.

2083 5246 2312 5283 ronxnus
2338 5246 2693 5293 deseruntur,
2720 5246 2885 5298 quam
2940 5246 3000 5281 ut
3051 5246 3141 5281 llic
3174 5246 3423 5295 repetere
3450 5246 3630 5282 vacet.

2043 5246 2247 5355 Eadem
2308 5314 2439 5351 vero
2483 5299 2641 5368 juxta
2687 5314 2810 5352 cum
2862 5299 2987 5353 aliis
3017 5298 3292 5367 Apollonii
3326 5296 3631 5367 τελέσμασι

2038 5372 2202 5425 etiam
2254 5368 2480 5425 Tzetzes
2525 5376 2775 5425 recenset
2808 5368 3043 5424 Chiliad.
3080 5385 3140 5427 ιι.
3183 5369 3315 5424 hist.
3351 5368 3441 5423 60.
3474 5369 3633 5424 Adde

2036 5440 2522 5510 Joan.Gregorium
2546 5441 2600 5494 in
2628 5440 2842 5495 Observ.
2866 5439 2952 5505 S.,
2979 5454 3030 5493 c.
3050 5438 3291 5493 vm.Hic
3313 5441 3499 5510 itaque
3524 5457 3630 5510 μη-

2038 5513 2201 5582 χαναί
2228 5514 2293 5582 τῇ
2321 5509 2414 5564 τοῦ
2449 5510 2641 5582 ἀνδρὸς
2660 5510 3027 5582 άνακείμεναι
3051 5509 3630 5582 προσηγορίᾳ.Δςείο-

2039 5580 2126 5637 lus
2158 5580 2298 5636 male
2327 5580 2566 5636 verterat
2598 5601 2609 5636 :
2650 5580 2831 5652 Neque
2857 5580 2974 5634 uero
3008 5580 3160 5634 hodie
3185 5580 3397 5652 desunt,
3419 5580 3512 5652 qui
3532 5593 3626 5633 ea:-

2039 5662 2214 5714 pertos
2243 5669 2299 5706 se
2327 5652 2510 5704 dicant
2542 5653 2656 5721 ejus
2687 5651 2886 5705 nemini
2910 5654 3151 5705 invocato
3190 5651 3428 5721 magicas
3454 5651 3635 5706 ima

2041 5726 2277 5791 virtutes,
2310 5724 2379 5776 ad
2409 5720 2779 5793 superstitiosa
2806 5724 3065 5793 qua'piam
3093 5720 3411 5794 peragenda.
