3846 6220
275 281 386 338 861

1422 286 1628 344 LIBER
1664 285 1946 344 CONTRA
1981 285 2401 344 HIEROCLEM.

3443 279 3551 337 862

277 406 341 452 et
365 400 419 454 in
456 407 571 457 toto
599 415 784 473 opere,
807 402 984 477 magis
1005 400 1165 477 542
1185 421 1348 481 quam
1370 408 1456 464 vel
1481 406 1869 481 Pythagoram,
1898 407 1983 464 vel
2006 405 2384 477 Empedoclem
2408 402 2484 458 ait
2506 400 2675 459 fuisse
2699 401 2968 465 divinum,
2996 397 3303 470 studiisque
3332 411 3550 467 sap:en-

278 495 376 548 tiae
408 497 758 556 excelluisse.

784 613 1183 669 ΚΕΦΔΛΔΙΟΝ
1236 616 1369 670 ME'.

372 702 531 757 Ἀλλά
558 700 670 775 γὰρ
691 706 750 758 ὲν
780 705 993 770 τούτοις
1018 709 1497 780 περιγραφομένου
1541 708 1636 763 τοῦ
1684 710 1865 779 λόγου,

287 792 474 865 βραχέ’
509 796 645 851 ἄττα
678 797 807 870 περ)¹
842 799 1047 871 μοιρῶν
1094 800 1189 854 καὶ
1221 801 1562 872 εἱμαρμένης
1595 801 1727 874 φέρε
1750 802 1867 855 δια-

283 886 541 958 λάϐωμεν
563 906 578 919 ο
604 890 632 943 ὃ
656 907 711 943 τι
743 890 839 944 καὶ
874 890 1116 960 βούλοιτο
1156 891 1224 945 δι’
1254 893 1383 965 ὅλης
1417 893 1566 964 αὐτῷ
1595 894 1696 964 τῆς
1731 895 1866 947 ὑπο-

285 980 498 1045 Θέσεως
556 982 585 1034 ὁ
637 982 795 1051 λόγος
837 982 973 1055 (12),
1033 985 1096 1038 τὸ
1153 984 1252 1056 μὲν
1308 986 1394 1055 ἐφ’
1445 988 1576 1058 ἡμῖν
1605 986 1864 1059 ἀναιρῶν,

284 1073 535 1145 ἀνάγκην
569 1074 624 1128 δὲ
675 1076 930 1145 εἰσάγων,
965 1078 1059 1131 καὶ
1112 1078 1483 1151 εἱμαρμένην,
1520 1081 1616 1133 καὶ
1650 1080 1867 1152 μοίρας,

282 1164 633 1236 διαθροῦντες
658 1184 673 1198 ο
726 1168 900 1241 ταύτῃ
948 1169 1059 1241 γὰρ
1112 1170 1245 1241 ἡμῖν
1287 1170 1515 1235 ἐντελῶς
1566 1171 1659 1224 καὶ
1713 1174 1746 1242 ἡ
1811 1173 1869 1225 ἐν

283 1257 521 1329 δόγμασι
578 1260 890 1330 ψευδοδοξία
930 1262 1155 1335 τάνδρὸς
1195 1262 1656 1335 διευθυνοήσεται.
1712 1266 1775 1317 Εἰ
1803 1264 1868 1336 δὴ

282 1350 404 1416 οὖν,
439 1353 581 1407 κατά
604 1354 694 1407 τὸν
725 1353 959 1424 ἀληθοῦς
1004 1355 1320 1426 φιλοσοφίας
1342 1356 1520 1426 λόγον,
1554 1357 1697 1429 ψυχὴ
1723 1359 1869 1411 πᾶσα

283 1446 553 1511 ἀθάνατος
618 1447 698 1520 (τὸ
750 1450 860 1520 γάρ
903 1448 1209 1518 ἀεικίνητον
1258 1448 1370 1520 (15)
1415 1449 1702 1515 ἀθάνατον,
1733 1452 1794 1504 τὸ
1825 1450 1868 1505 δ’

285 1537 380 1606 ὑφ’
400 1537 588 1610 ἑτέρου
623 1537 962 1608 κινούμενον,
992 1537 1204 1592 παῦλαν
1235 1538 1356 1609 ἕχον
1404 1541 1691 1612 κινήσεως,
1730 1542 1871 1595 παῦ-

282 1629 385 1683 λαν
418 1629 530 1701 ἔχει
560 1630 761 1701 ζωῆς),
790 1630 883 1683 καὶ
926 1630 1073 1684 αίτία
1103 1631 1381 1703 ἑλομένου,
1411 1632 1545 1696 Θεὸς
1589 1635 1829 1697 ἀναίτιος
1851 1652 1867 1666 ·

283 1721 373 1785 τίς
401 1723 606 1793 αἱροῖτο
630 1721 787 1790 λόγος
816 1721 1074 1787 ἄκουσαν,
1121 1722 1240 1792 οὐχ).
1274 1722 1332 1775 δὲ
1361 1723 1498 1777 κατά
1532 1724 1867 1797 προαίρεσιν,

284 1813 497 1884 ἀψύχου
544 1812 701 1883 δίκην
765 1811 1020 1883 σώματος
1072 1812 1272 1877 ἔξωθέν
1323 1815 1484 1870 ποθεν
1520 1817 1866 1888 κινουμένην,

283 1907 382 1959 καὶ
415 1905 659 1977 ὡσπερεὶ
711 1905 1292 1976 νευροσπαστουμένην
1329 1906 1460 1977 (14),
1490 1901 1591 1960 ὧδε
1645 1911 1867 1961 κάκεῖσε

281 2000 385 2069 τὴν
440 1997 746 2069 ἀεικίνητον
787 1997 1017 2066 ἄγεσθαι
1056 1996 1241 2067 φύσιν,
1298 1999 1462 2068 μηδὲν
1508 1999 1769 2071 μηδαμῶς
1806 1999 1867 2065 ἐξ
1898 1977 1941 2032 Β

287 2091 427 2153 ιδίας
461 2090 639 2162 ὁρμῆς
669 2089 762 2143 καὶ
797 2091 1064 2161 κινήσεως
1100 2089 1449 2160 ἐνεργοῦσαν,
1490 2091 1622 2161 μηδὲ
1645 2094 1700 2155 ἐς
1736 2094 1864 2144 ἐαυ-

281 2183 385 2255 τὴν
410 2182 509 2251 τὴν
530 2180 638 2234 τῶν
699 2181 992 2253 δρωμένων
1024 2180 1399 2252 ἀναφέρουσαν
1433 2182 1611 2234 αἰτίαν
1633 2200 1646 2212 ο
1694 2183 1864 2256 ταύτῃ

280 2292 344 2327 τε
380 2279 517 2345 μήτε
562 2272 956 2343 φιλοσοφοῦσαν
997 2273 1316 2326 ὲπαινετέαν
1382 2274 1692 2343 τυγχάνειν,
1741 2276 1864 2346 μήτ’

283 2362 351 2420 αὖ
381 2365 588 2436 ψεκτὴν
629 2364 823 2428 κακίας
861 2354 1110 2434 ἔμπλεων
1166 2366 1261 2417 καὶ¹
1300 2365 1602 2437 πονηρίας;
1635 2366 1699 2419 Τί
1734 2366 1866 2437 δῆτα

282 2454 376 2512 οὖν
431 2456 691 2530 Εὐφράτῃ
725 2456 1132 2528 λοιδορούμενος
1184 2459 1538 2530 καταμέμφη,
1570 2453 1613 2511 ὦ
1650 2460 1788 2522 ’τᾶν,
1818 2461 1867 2512 εἰ

286 2553 362 2624 μὴ
401 2552 529 2622 παρ’
584 2549 796 2612 ἑαυτοῦ,
833 2549 947 2602 ἀλλ’
984 2548 1044 2614 ἐξ
1074 2550 1416 2622 εἱμαρμένης
1443 2552 1535 2604 ἐπὶ
1575 2550 1635 2604 τὸ
1678 2551 1867 2620 κέρδος

283 2640 494 2705 ἐκδοὺς,
537 2640 612 2704 ὡς
638 2640 800 2703 αὐτὸς
832 2639 1020 2705 ἀξιοῖς,
1058 2640 1328 2712 ὠλιγώρει
1355 2643 1674 2711 φιλοσοφίας
1708 2642 1818 2712 (15)
1849 2659 1864 2708 ;

283 2735 349 2787 Τί
385 2735 443 2788 δὲ
469 2734 659 2804 γόησιν
690 2732 1014 2804 ένυϐρίζεις,
1040 2733 1404 2802 ψευδοσόφους
1430 2734 1738 2800 ἀποκαλῶν,
1762 2734 1867 2788 ὑπὸ

289 2826 517 2900 μοιρῶν,
545 2827 620 2891 ὡς
655 2828 785 2897 ἡγῇ,
809 2825 1238 2896 καοελκομένους
1262 2827 1353 2878 ἐπὶ
1374 2826 1465 2879 τὸν
1498 2826 1868 2899 κακοδαίμονα

287 2921 434 2991 βίον;
462 2919 527 2973 Τί
565 2919 623 2973 δὲ
680 2917 876 2973 κακίαν
908 2917 1094 2982 ἁπλῶς
1137 2916 1456 2989 ὀνομάζεις;
1490 2921 1603 2973 Καὶ
1633 2922 1867 2994 πονηρός

284 3031 368 3076 τις
397 3010 700 3082 ἀνθρώπων
730 3011 829 3065 οὐκ
856 3012 914 3063 ὲν
944 3009 1066 3083 δίκῃ
1105 3010 1348 3081 κρίνεται
1372 3009 1524 3081 παρά
1555 3011 1657 3074 σοὶ,
1684 3011 1776 3064 τὸν
1808 3012 1867 3079 ἐξ

283 3104 530 3174 ἀνάγκης
552 3103 881 3175 εἱμαρμένον
922 3102 1255 3173 ἀποπληρῶν
1298 3103 1441 3174 ὅρον.
1493 3103 1579 3167 Ὡς
1609 3103 1863 3174 ἔμπαλιν,

283 3196 391 3248 τίνι
437 3194 581 3265 λόγῳ
629 3194 953 3264 Πυθαγόραν
991 3192 1331 3264 σεμνολογῶν
1393 3193 1703 3265 θαυμαστὸν
1744 3198 1865 3248 ἐπι-

1895 632 1945 691 Α

2530 604 2760 666 CAPUT
2817 603 2981 663 XLV.

2043 721 2151 778 Sed
2204 721 2406 776 limites
2461 718 2727 775 orationis
2777 716 3177 773 constituentes
3230 714 3407 782 istos,
3449 729 3549 785 age

1967 815 2158 885 paucis
2218 813 2398 867 adhuc
2448 812 2518 867 de
2582 810 2723 876 fato,
2756 816 2920 880 atque
2976 807 3166 863 Parcis
3196 814 3542 863 tractemus:

1968 906 2100 979 quid
2123 906 2250 962 velit
2273 900 2573 976 [scriptori]
2594 917 2691 972 per
2722 910 2893 957 totum
2928 914 3067 969 Opus
3092 897 3239 952 istud
3271 898 3545 964 doctrina,

1969 997 2180 1053 arbitrii
2204 997 2401 1052 tollens
2430 995 2761 1058 libertatem,
2780 1001 2835 1047 et
2866 991 3250 1047 necessitatem
3281 990 3561 1059 inducens

1968 1089 2225 1159 legesque
2267 1086 2481 1152 fatales,
2517 1095 2572 1141 et
2623 1084 2817 1147 fatum,
2856 1083 3157 1154 dispecturi
3195 1102 3208 1137 :
3253 1083 3353 1136 hac
3399 1082 3550 1137 enim

1968 1180 2182 1233 ratione
2206 1184 2462 1232 accurate
2513 1191 2544 1230 a
2589 1177 2750 1231 nobis
2783 1175 3057 1245 Apollonii
3089 1175 3144 1229 in
3174 1174 3426 1229 doctrina
3459 1188 3551 1228 er-

1969 1287 2125 1328 rores
2178 1272 2341 1325 etiam
2373 1270 2790 1339 redarguentur.
2845 1267 2903 1322 Si
2954 1275 3038 1323 est
3079 1267 3242 1338 igitur
3289 1266 3371 1338 (ut
3405 1282 3551 1321 vera:

1970 1363 2326 1434 philosophia
2345 1360 2596 1415 doctrina
2615 1358 2826 1431 tradit.)
2854 1360 3035 1413 anima
3056 1359 3382 1415 immortalis
3450 1358 3551 1428 (si-

1969 1454 2190 1526 quidem
2224 1454 2369 1524 quod
2392 1468 2608 1522 semper
2628 1460 2899 1516 movetur,
2929 1460 3012 1506 est
3042 1450 3367 1515 immortale,
3401 1451 3551 1521 quod

1970 1554 2155 1601 autem
2207 1552 2455 1600 movetur
2508 1542 2747 1606 aliunde,
2806 1542 2899 1597 ubi
2961 1549 3141 1597 motus
3181 1542 3550 1597 cessationem

1970 1637 2274 1699 admiserit,
2294 1635 2475 1690 vivere
2492 1630 2737 1700 desinit);
2757 1633 2802 1688 si
2816 1633 2943 1687 item
2965 1640 3048 1687 est
3064 1647 3228 1687 causa
3243 1633 3548 1698 electionis,

1969 1740 2023 1786 et
2047 1731 2188 1785 Deus
2213 1730 2388 1800 culpa
2417 1736 2501 1783 est
2530 1727 2820 1793 immunis;
2871 1741 2993 1796 qua:
3020 1733 3161 1780 ratio
3189 1725 3290 1780 sibi
3322 1740 3553 1794 persua-

1971 1822 2104 1876 serit
2155 1821 2410 1886 invitam,
2441 1834 2549 1873 non
2586 1826 2779 1888 sponte
2838 1831 2971 1881 sua,
3025 1816 3193 1873 veluti
3245 1815 3550 1869 inanimum

1970 1926 2191 1982 corpus,
2210 1911 2277 1964 ab
2306 1918 2533 1965 externo
2565 1909 2746 1976 aliquo
2775 1906 3052 1976 agitatam,
3085 1915 3138 1960 et
3167 1905 3333 1960 veluti
3356 1906 3549 1960 alienis

1968 2005 2152 2059 nervis
2178 2004 2454 2066 mobilem,
2472 2001 2580 2055 huc
2596 2008 2649 2055 et
2668 2000 2795 2053 il‘luc
2819 2006 3080 2068 perpetuo
3100 2006 3250 2058 motu
3278 1998 3549 2067 vigentem

1968 2104 2221 2153 naturam
2276 2095 2426 2158 duci,
2474 2093 2611 2147 nihil
2643 2107 2881 2161 unquam
2912 2091 2964 2146 vi
3010 2091 3232 2160 propria
3289 2097 3551 2160 motuque

1970 2195 2239 2259 agentem,
2267 2200 2447 2255 neque
2499 2183 2566 2238 ad
2618 2184 2856 2253 seipsam
2897 2181 3167 2236 factorum
3198 2195 3227 2234 a
3258 2196 3318 2235 se
3350 2195 3550 2237 causas

1968 2280 2291 2336 referentem
2328 2297 2341 2333 :
2374 2286 2538 2347 atque
2564 2277 2635 2331 ob
2668 2276 2721 2330 id
2747 2275 2924 2347 ipsum
2959 2290 3136 2345 neque
3161 2274 3551 2345 philosophan-

1968 2378 2077 2425 tem
2109 2369 2324 2424 laudem
2349 2367 2570 2432 mereri,
2600 2382 2779 2436 neque
2807 2366 3285 2435 reprehensionem
3315 2366 3362 2421 si
3393 2366 3551 2437 mali-

1968 2464 2057 2517 tiae
2098 2477 2160 2515 ac
2182 2460 2508 2515 delictorum
2546 2459 2704 2528 plena
2736 2457 2933 2513 fuerit?
2953 2457 3093 2523 Quid
3135 2457 3322 2527 igitur,
3353 2458 3548 2523 amice,

1968 2553 2295 2626 Euphratem
2325 2552 2587 2607 conviciis
2623 2560 2786 2621 atque
2819 2549 3386 2603 animadversionibus
3423 2563 3556 2618 pro—

1970 2647 2217 2718 sequeris
2246 2647 2312 2714 ³⁷,
2339 2646 2384 2702 si
2419 2662 2526 2700 non
2556 2660 2656 2699 suo
2706 2642 2957 2706 arbitrio,
2984 2641 3080 2695 sed
3111 2640 3257 2693 fatali
3309 2641 3550 2695 necessi-

1970 2749 2081 2796 tate
2110 2742 2264 2795 lucro
2286 2740 2524 2802 deditus,
2550 2737 2870 2808 ignominia,
2907 2741 3071 2808 prout
3105 2743 3161 2787 tu
3186 2748 3400 2798 censes,
3428 2733 3552 2802 phi-

1969 2834 2273 2904 1050phiam
2307 2832 2504 2887 allicit?
2529 2830 2671 2898 Quid
2693 2845 2882 2900 magos
2909 2828 3037 2882 item
3062 2825 3280 2896 probris
3315 2826 3553 2881 insecta-

1968 2927 2047 2982 ris
2079 2927 2145 2991 ’⁸,
2175 2926 2376 2996 spuria:
2404 2922 2685 2994 sapientiae
2714 2921 2955 2975 cultores
2986 2918 3287 2988 appellans,
3319 2918 3411 2987 qui
3440 2915 3551 2970 fato

1968 3025 2171 3080 tamen,
2202 3018 2358 3087 juxta
2391 3026 2537 3070 luam
2569 3014 2906 3084 opinionem,
2949 3010 3018 3065 ad
3067 3009 3259 3064 infelix
3290 3008 3438 3065 istud
3472 3010 3553 3063 vi-

1967 3112 2126 3168 vendi
2179 3127 2350 3181 genus
2411 3104 2746 3162 trahuntur?
2800 3103 2915 3159 lmo
2943 3102 3074 3173 quid
3103 3102 3296 3158 vitium
3327 3102 3553 3157 omnino

1968 3202 2146 3257 adhuc
2179 3200 2473 3254 nominas?
2509 3198 2694 3267 Neque
2744 3197 2924 3251 malus
2959 3195 3250 3264 quisquam
3281 3193 3407 3263 jure
3434 3208 3464 3248 a
3497 3202 3554 3249 te

284 3288 474 3361 γράφῃ
534 3285 873 3350 διδάσκαλον,
929 3286 1023 3338 καὶ
1072 3285 1274 3356 μοιρῶν
1320 3287 1590 3355 παίγνιον,
1625 3286 1739 3340 ἀλλ’
1767 3289 1867 3340 οὐκ

1977 3294 2283 3360 damnatur,
2312 3292 2687 3362 przescriptam
2737 3288 2841 3343 sibi
2873 3303 2905 3342 a
2933 3286 3044 3343 fato
3075 3287 3443 3343 necessariam
3474 3286 3555 3342 le-

285 3380 523 3451 ἐραστὴν
554 3378 682 3431 ὄντα
719 3376 1053 3447 φιλοσοφίας,
1092 3376 1192 3428 οὐκ
1229 3375 1549 3440 ἀπολείπεις
1592 3377 1865 3441 suav/(13v;

284 3468 548 3543 Φραώτης
583 3470 639 3523 δὲ
670 3470 762 3522 καὶ
798 3469 1032 3539 ’ῐάρχας,
1103 3467 1277 3522 Ἰνδῶν
1318 3468 1614 3537 φιλόσοφοι,
1649 3469 1702 3521 τί
1736 3469 1871 3539 μᾶλ-

284 3565 376 3618 λον
405 3563 556 3635 παρά
591 3564 673 3615 σοὶ
694 3562 830 3616 θεῶν
864 3561 1250 3631 ἀπηνέγκαντο
1279 3559 1389 3631 (16)
1418 3560 1597 3625 δόξαν,
1630 3560 1796 3631 μηδέν
1815 3576 1868 3612 τι

288 3656 538 3720 παιδείας
558 3654 686 3709 ἴδιον
704 3654 837 3724 (17),
866 3653 987 3724 μηδ’
1012 3653 1212 3724 ἀρετῆς
1232 3651 1668 3722 ἀπενεγκάμενοι
1690 3651 1866 3717 κλέος;

286 3750 541 3819 Νέρωνος
564 3747 609 3800 δ’
645 3745 905 3809 ὡσαύτως
934 3745 1027 3798 καὶ
1057 3742 1469 3815 Δομετιανοῦτί
1498 3744 1619 3812 οὐχὶ
1652 3743 1868 3814 μοίραις

288 3841 383 3895 καὶ
434 3841 650 3912 ἀνάγκῃ
701 3838 800 3909 τὴν
829 3837 1127 3891 ἀκόλαστον
1161 3836 1486 3908 περιάπτεις
1518 3834 1829 3905 ἀγερωχίαν
1855 3874 1870 3893 .

290 3932 472 4004 πάσης
505 3931 682 3993 αἰτίας
705 3931 798 3983 καὶ
823 3929 1022 3992 παντὸς
1045 3927 1386 3999 ἐγκλήματος
1417 3928 1715 3999 ἐλευθερῶν
1747 3927 1872 3991 τοὺς

289 4025 517 4095 ἄνδρας
560 4022 721 4075 Ἀλλὰ
762 4023 857 4074 καὶ
888 4023 939 4074 εῑ
961 4039 1039 4093 τῳ
1074 4021 1382 4093 πέπρωται,
1414 4020 1490 4082 ὡς
1520 4021 1644 4091 φῂς,
1681 4019 1870 4089 δρομι-

287 4116 390 4188 κῷ,
414 4118 508 4170 καὶ
536 4115 753 4186 τοξικῷ,
777 4116 871 4168 καὶ
889 4113 1184 4183 τεκτονικῷ
1208 4112 1459 4181 γενέσθαι
1479 4111 1614 4182 (18)⁹
1631 4111 1773 4164 οὕτω
1805 4111 1870 4182 δὴ

287 4211 399 4283 γὰρ
418 4210 573 4281 γόητι
599 4209 689 4262 τὸν
718 4208 916 4279 τρόπον
943 4207 1077 4270 ὄντι,
1109 4206 1281 4276 μάγον
1313 4204 1652 4275 ἀναφανῆναι
1676 4221 1689 4233 ·
1721 4221 1868 4274 μιαι-

291 4302 435 4373 φόνῳ
456 4318 515 4354 τε
553 4300 649 4354 κα)⁹
698 4299 938 4371 πονηρῷ,
972 4300 1067 4352 καὶ
1103 4298 1386 4368 ἀκολάστῳ
1423 4296 1642 4358 πάντως
1672 4313 1773 4348 που
1808 4294 1867 4363 ἐξ

288 4393 533 4463 ἀνάγκης
555 4390 761 4444 τοιόσδε
801 4407 884 4452 τις
925 4390 1278 4460 ἀποϐήσεται.
1314 4388 1378 4440 Τί
1413 4387 1550 4458 δῆτα
1593 4382 1685 4439 οὖν
1712 4404 1868 4457 περι-

1974 3401 2093 3455 gem
2143 3384 2270 3437 dum
2304 3383 2511 3453 implet.
2573 3379 2665 3436 Sic
2694 3395 2851 3434 versa
2911 3380 3029 3434 vice
3050 3418 3065 3443 ,
3115 3395 3222 3449 qua
3252 3388 3307 3433 tu
3342 3378 3556 3434 ratione

1974 3474 2335 3547 Pythagoram
2376 3481 2669 3528 veneratus
2723 3472 3098 3527 admirabilem
3134 3487 3302 3527 vocas
3350 3453 3574 3542 praece?

1973 3577 2181 3637 ptorem
2213 3568 2278 3632 ”,
2310 3566 2720 3636 Parcarumque
2773 3567 3067 3621 ludibrium
3122 3565 3213 3635 qui
3274 3565 3390 3628 sit,
3442 3579 3554 3618 non

1944 3648 2255 3725 sapientiae
2311 3666 2541 3721 amator,
2597 3655 2823 3710 laudare
2864 3672 2977 3710 non
3032 3657 3257 3710 cessas?
3285 3652 3555 3709 Phraotes

1971 3765 2136 3820 porro
2167 3758 2221 3804 et
2250 3748 2472 3804 larchas
2506 3764 2607 3803 cur
2641 3749 2822 3818 potius
2847 3762 3010 3817 quam
3034 3747 3124 3800 alii
3158 3747 3409 3801 homines
3436 3759 3467 3798 a
3500 3755 3556 3800 te

1971 3855 2071 3909 pro
2099 3839 2206 3895 diis
2227 3839 2718 3906 hahentur”,cnm
2743 3840 3018 3909 propriam
3046 3853 3155 3891 non
3186 3837 3362 3892 ferant
3394 3836 3557 3891 insti-

1970 3932 2203 3986 tutionis
2234 3938 2400 3999 atque
2450 3931 2672 3987 virtutis
2715 3931 2973 3985 laudem?
3021 3928 3309 3999 Similique
3342 3930 3556 3985 ratione

1972 4022 2205 4077 Neronis
2234 4017 2392 4091 543
2425 4028 2478 4077 et
2514 4020 2806 4074 Domitiani
2855 4036 2955 4074 cnr
2999 4019 3114 4075 fato
3149 4027 3203 4073 et
3237 4019 3554 4074 necessitati

1973 4114 2292 4168 infrunitam
2323 4113 2465 4167 haud
2485 4114 2681 4168 tribuis
2706 4112 3038 4182 superbiam,
3061 4112 3128 4165 ab
3144 4112 3292 4166 onmi
3324 4111 3555 4165 crimine

1974 4213 2028 4260 et
2051 4206 2210 4274 culpa
2242 4221 2337 4260 eos
2369 4205 2697 4261 absolvens?
2718 4204 2917 4260 Verum
2950 4205 3108 4260 sicui
3141 4203 3253 4258 fato
3285 4203 3552 4257 tributum

1974 4305 2080 4359 est,
2104 4305 2184 4360 ut,
2216 4295 2674 4366 quemadmodum
2702 4297 2782 4351 ais
2800 4297 2864 4361 δι,
2894 4311 3090 4351 cursor
3116 4296 3208 4361 sit,
3238 4302 3297 4348 ut
3328 4294 3555 4364 sagitta-

1972 4387 2113 4451 rius,
2146 4394 2204 4441 ut
2230 4388 2596 4457 architectus;
2629 4389 2851 4458 perinde
2880 4390 3042 4444 etiam
3074 4389 3146 4454 ei,
3178 4387 3271 4450 qui
3304 4387 3554 4441 incanta-

359 4553 405 4585 "’
444 4551 536 4606 lib.
575 4567 665 4613 vi,
701 4565 752 4604 c.
782 4547 892 4614 29;
936 4546 1032 4600 lib.
1067 4510 1194 4613 vni,
1230 4561 1277 4601 c.
1322 4546 1372 4599 7.
1449 4546 1494 4577 ³⁸
1536 4545 1630 4600 lib.
1668 4561 1798 4608 vtu,
1835 4559 1886 4599 c.
1929 4543 1980 4600 7.
2056 4547 2102 4578 ³³
2143 4545 2237 4602 lib.
2292 4562 2426 4611 vin,
2460 4560 2511 4599 c.
2551 4545 2582 4598 7
2612 4562 2729 4618 seq.
2766 4554 2820 4601 et
2886 4546 3115 4615 passim.
3192 4543 3238 4575 ⁹⁰
3281 4543 3374 4600 lib.
3441 4557 3548 4607 vn,

285 4636 341 4681 c.
373 4622 462 4681 52.
539 4622 583 4653 ³¹
622 4622 719 4676 lib.
751 4635 883 4684 vm,
926 4634 976 4673 c.
1008 4619 1061 4674 7.

359 4785 472 4857 (12)
503 4784 581 4837 Δι’
608 4784 759 4857 ὅλης
785 4782 949 4857 αὐτῷ
971 4779 1075 4857 τῆς
1096 4782 1270 4857 dated.
1303 4780 1577 4857 ἀλόγως,
1600 4787 1705 4857 etc.
1740 4776 1863 4857 Haec
1895 4782 1942 4838 ι)

288 4867 344 4913 et
370 4849 655 4925 sequentia
686 4849 1158 4925 silectafuiss‘ent
1196 4851 1311 4925 viro
1331 4850 1511 4916 docto,
1532 4850 1616 4904 δυ.
1649 4849 1860 4925 Jonsio,

288 4929 347 4983 in
379 4920 517 4982 libro
550 4926 624 4979 De
659 4924 1003 4994 scriptoribus
1045 4923 1170 4975 hist.
1198 4922 1414 4994 philos”
1449 4936 1558 4974 non
1578 4920 1866 4994 potuisset

290 5001 346 5053 in
377 5013 500 5056 eum
542 4991 1053 5067 prolahi'errorem,
1086 5009 1197 5067 quo
1220 4992 1478 5067 abreptus
1506 4991 1863 5067 existimavit,

291 5061 647 5124 Hierocli'de
702 5066 813 5120 fato
860 5061 1137 5133 disputata
1184 5061 1271 5116 hic
1306 5062 1599 5133 confutari,
1631 5076 1865 5133 quorum

290 5140 595 5208 fragmenta
649 5137 903 5192 Stobaeus
952 5130 1113 5208 nobis
1172 5133 1428 5208 servavit.
1468 5131 1623 5208 _Unde
1652 5130 1868 5208 deinde

291 5202 670 5280 argumentum
702 5207 806 5261 sibi
835 5205 988 5280 nasci
1022 5202 1681 5280 putavit,_Ca3sariensem_
1698 5202 1870 5280 Euse-

291 5271 443 5335 hinm
494 5295 601 5333 non
646 5293 766 5332 esse
811 5277 903 5346 qui
933 5271 1049 5328 haec
1083 5274 1325 5346 scripsit,
1358 5289 1482 5346 cum
1521 5273 1625 5346 qui
1651 5272 1719 5346 de
1753 5271 1864 5346 fato

290 5349 514 5417 scripsit
572 5342 870 5412 Hierocles,
904 5353 1064 5417 aetate
1110 5359 1176 5398 eo
1197 5342 1296 5399 dsit
1339 5344 1569 5417 multum
1614 5342 1860 5417 inferior.

289 5412 476 5544 Pl(1'5)
492 5419 569 5503 ,Τὸ
585 5417 696 5490 γὰρ
719 5418 933 5473 ἀεικιν.
959 5415 1251 5485 Desumpta
1274 5422 1403 5469 sunt
1424 5414 1529 5468 ista
1552 5429 1619 5467 ex
1641 5412 1869 5468 Phaedro

360 5509 386 5544 1|
415 5506 559 5544 ()IIIS.

338 5492 559 5545 latonis.

365 5561 1018 5633 (14)Νευροσπαστουμ.
1052 5553 1420 5633 Hnncloeum
1455 5553 1724 5633 interpres
1769 5555 1872 5608 mi-

292 5624 415 5688 sere
444 5624 751 5700 exceperat,
782 5624 1153 5700 quem_'_paulo
1186 5625 1406 5700 planius
1435 5624 1749 5695 rectiusque
1783 5640 1870 5681 me

291 5693 635 5771 expressisse
657 5693 916 5771 arbitror.
939 5693 1210 5753 Hotsren'.
1249 5693 1866 5771 Holstenianam‘autem

292 5766 801 5838 interpretationem
828 5770 917 5825 hic
953 5784 1054 5827 nos
1078 5783 1295 5840 quoque
1328 5766 1689 5825 servavimus.

2040 4773 2150 4845 (15)
2168 4771 2459 4841 Ὠλιγὼρει
2486 4768 2869 4845 φιᾷοεοὲίάς.
2891 4765 3050 4845 ῌαρά
3078 4764 3140 4818 τὸ
3171 4765 3381 4845 πρέπον
3403 4761 3554 4834 φιλο-

1970 4836 2144 4916 σοφία
2166 4836 2424 4916 πράττειν
2461 4836 2594 4896 dicit
2619 4836 2946 4916 P_hilostr:_l.
2982 4836 3062 4900 vt,
3092 4851 3141 4889 c.
3177 4836 3266 4890 59.

2066 4904 2152 4983 -1ίί)
2184 4904 2437 4969 Μᾶλλον
2475 4928 2538 4965 π.
2566 4912 2686 4974 σοι,
2723 4909 3064 4983 οιοηΝοιιιρθ
3087 4922 3197 4983 eos
3232 4905 3426 4983 μόνους
3452 4904 3550 4958 ἀν-

1970 4977 2202 5059 θρῶπῶν
2236 5001 2294 5040 se
2313 5001 2414 5055 pro
2448 4983 2555 5037 diis
2586 4983 2787 5037 habere
2815 4981 3018 5035 diserte
3049 4978 3126 5031 ait
3149 4978 3271 5031 loco
3294 4977 3347 5031 in
3374 4991 3547 5046 marg.

1969 5060 2158 5113 citato.

2044 5129 2154 5199 (17)
2185 5125 2399 5199 Μηδέν⁸
2428 5123 2783 5199 ’τι-παιδείας
2813 5121 3005 5199 ἴδιον..
3049 5117 3303 5199 Ipsorum
3317 5188 3327 5198 -
3354 5131 3552 5197 nempe

1970 5187 2082 5254 non
2137 5187 2223 5253 est
2265 5187 2536 5267 quidquid
2586 5196 2645 5267 in
2693 5187 2774 5267 eis
2820 5187 3195 5267 virtut_is,—sed_
3234 5187 3354 5252 fati,
3390 5187 3553 5254 cujus

1969 5260 2314 5324 necessitans
2345 5260 2548 5322 vis—eos
2582 5265 2648 5319 ad
2682 5266 2942 5318 virtutem
2967 5260 3318 5315 determinat.

2043 5339 2153 5411 (18)
2189 5338 2502 5392 Γενέσθαι.
2535 5335 2689 5411 Hanc
2718 5349 2908 5411 vocem
2948 5332 3150 5411 addere
3192 5343 3361 5411 ausus
3407 5343 3550 5384 sum.

1974 5398 2094 5467 sine
2135 5398 2250 5479 'qua
2302 5422 2531 5461 mancus
2588 5406 2677 5460 hie
2729 5405 2884 5459 locus
2940 5401 3247 5479 videbatur:
3294 5398 3370 5479 Ea
3420 5412 3554 5479 vero

1973 5470 2176 5536 addita'
2217 5480 2401 5533 omnia
2451 5479 2613 5547 plana
2674 5483 2824 5547 sunt,
2868 5472 3032 5527 modo
3079 5470 3395 5547 memineris
3430 5476 3555 5547 post

1972 5550 2308 5621 ἀναφανῆναι
2360 5537 2588 5621 verbm]:
2644 5537 2933 5618 πέπρωται
2987 5551 3235 5621 repetere
3280 5539 3396 5621 ἀπὸ
3431 5537 3555 5621 ire?

1971 5609 2176 5684 κοινοῦ,
2208 5609 2283 5693 iet
2332 5619 2584 5693 similiter
2628 5609 2774 5693 post'
2811 5609 3175 5693 ptattpévqiﬁs
3210 5613 3304 5667 καὶ

1971 5690 2413 5817 καὶέάὂιολάστῳ,
2449 5683 2973 5760 subintelligendum
3035 5683 3326 5757 πέπρωται
3383 5683 3559 5739 ταῦτα

1971 5779 2067 5817 γεν
2104 5779 2135 5815 σ
2173 5778 2249 5817 αι.

1970 5778 2249 5833 γενεσυαι.
